3980 6140
347 295 416 362 13
891 333 897 339 -
1822 301 2133 362 NOTITIA
2449 364 2458 370 _
3535 291 3602 356 14

348 429 676 485 Iluml'rcdus
717 423 901 500 llody,
929 438 987 483 ut
1025 431 1224 485 dictum
1255 445 1284 485 a
1313 445 1400 485 me
1439 438 1523 486 est
1554 429 1650 485 lib.
1686 441 1759 495 tv,
1793 443 1914 496 cap.
1939 427 1994 493 5,
2027 441 2148 496 pag.
2189 423 2316 480 225.
2347 423 2424 478 De
2459 422 2649 479 codice
2693 422 2786 478 illo
2829 421 3078 490 Ienensi,
3127 439 3236 494 quo
3292 423 3422 479 olim
3461 440 3595 480 usus

361 505 737 579 Cana-rarius,
772 517 896 570 vide
930 514 1015 570 Jo.
1051 516 1281 572 Andreae
1311 518 1457 572 Bosii
1485 519 1551 570 ad
1578 515 1890 572 Reinesium
1920 513 2178 584 epistolas
2203 528 2336 584 pag.
2365 511 2495 575 561,
2528 509 2654 566 562.

415 604 469 658 5.
513 603 785 670 Confessio
825 603 951 670 ﬁdei
984 603 1053 655 ad
1090 602 1310 657 Leonem
1336 602 1432 658 III
1468 620 1677 671 papam,
1732 602 1921 657 Latine
1949 615 2016 654 ex
2074 599 2244 654 veteri
2287 597 2774 665 interpretatione,
2805 612 2926 666 qum
2965 597 3244 652 Anastasii
3303 596 3604 650 Bibliothe-

348 688 479 745 carii
509 703 630 742 esse:
656 697 872 756 putatur
897 727 912 750 ,
935 689 1147 755 vulgata
1175 703 1202 739 a
1237 687 1472 742 Barouio
1501 689 1552 741 in
1588 687 1778 740 Annal.
1817 687 1882 740 ad
1911 700 2002 741 an.
2038 685 2102 740 C.
2127 685 2254 748 811,
2287 699 2342 738 ιι.
2371 683 2562 739 20-45.
2598 683 2703 738 Sed
2730 683 2910 738 versio
2946 687 2998 736 in
3031 684 3162 739 edit.
3195 682 3602 738 Grtcco-Lat'tua

347 774 782 829 Cotnmeliuiana
823 773 967 826 inter
1004 775 1137 826 Acta
1165 775 1360 844 synodi
1393 773 1686 842 Ephesium
1720 781 1804 827 est
1832 771 2102 826 Theodori
2144 771 2351 826 Peltani
2385 770 2442 824 S.
2471 771 2523 824 .l.
2556 770 2900 834 Heidelberg.
2945 770 3118 836 1591,
3147 766 3258 825 Tol.
3289 785 3404 840 pag.
3447 771 3553 825 542
3585 787 3601 835 ;

363 861 486 914 Lat.
523 872 576 916 et
607 861 782 915 Graec.
818 876 870 926 ρ.
901 861 1028 922 505,
1063 861 1196 914 ibid.
1235 861 1395 922 1604⁴
1427 860 1521 914 fol.
1551 859 1685 914 Cum
1721 860 1908 913 eadem
1935 857 2144 912 Peltani
2179 858 2427 912 versione
2459 857 2658 926 legitur
2687 867 2810 927 post
2841 855 2938 912 Jo.
2969 855 3196 911 Zonara:
3233 857 3602 910 Commentar.

352 949 406 1002 in
454 963 692 1002 canones
739 947 1022 1002 con‘cihor.
1073 947 1248 1002 Paris.
1302 948 1437 1001 1618
1458 987 1473 1012 ,
1521 947 1617 1000 fol.
1669 963 1792 1014 pag.
1825 945 1928 999 760
1955 963 1972 1000 :
1999 956 2052 999 et
2081 946 2132 1000 in
2161 947 2497 1001 Collectione
2518 946 2803 999 concilior.
2829 943 3141 1008 Labbeana.
3170 955 3304 1000 tom.
3337 943 3446 1008 VII,
3478 961 3604 1015 pag.

354 1035 515 1088 1205.
553 1034 728 1088 Facit.
769 1045 824 1087 et
854 1032 1116 1086 Ilardnini
1163 1043 1290 1086 tom.
1336 1034 1424 1098 IV,
1465 1049 1517 1102 p.
1567 1033 1694 1094 978,
1740 1031 1944 1086 Graecis
1987 1033 2274 1102 utrobique
2326 1047 2390 1087 ex
2419 1031 2680 1102 praeclaro
2718 1033 2840 1086 cod.
2892 1033 3250 1100 Seguicriauo
3303 1029 3607 1100 castigatis.

353 1121 606 1175 Veterem
643 1119 760 1173 Lat.
813 1120 1120 1173 versionem
1159 1121 1225 1172 ad
1255 1119 1553 1174 Baronium
1609 1119 1759 1172 misit
1805 1119 2006 1173 Fronto
2033 1121 2290 1185 Daca-rus,
2337 1121 2664 1188 descriptam
2694 1134 2762 1172 ex
2791 1133 2987 1190 magno
3030 1121 3216 1174 codice
3251 1121 3608 1174 conciliorum

355 1227 487 1264 mss.
525 1209 652 1262 bibl.
683 1208 1072 1261 canonis-orum
1109 1210 1364 1262 Ecclesiae
1391 1209 1750 1263 Virdunensis
1795 1209 1847 1260 in
1893 1207 2281 1275 Lotbaringia,
2325 1221 2558 1275 eamque
2611 1207 2756 1259 dedit
2809 1205 3076 1260 Baronius
3123 1207 3176 1259 in
3208 1207 3406 1259 Annal.
3447 1208 3484 1260 I.
3521 1225 3572 1262 c.

422 1295 476 1348 6.
511 1294 832 1364 Νικηφόρον
866 1294 1204 1364 ὁμολογητοῦ
1241 1295 1478 1348 Canones
1535 1294 1885 1347 ecclesiastici
1918 1291 1965 1346 Χ

2070 1291 2092 1344 1
2129 1295 2188 1346 in
2221 1293 2356 1348 libro
2407 1293 2650 1346 secundo
2685 1290 2833 1346 Juris
2865 1291 3156 1346 Orientalis
3185 1293 3253 1346 ab
3306 1293 3613 1347 Euimundo

355 1381 635 1434 Boiielidio
664 1379 838 1434 Puris.
879 1380 1037 1440 1585,
1069 1383 1123 1445 8,
1159 1381 1314 1445 editi,
1340 1397 1458 1448 pag.
1499 1382 1582 1446 18,
1618 1381 1792 1435 Grato.
1824 1392 1878 1435 et
1912 1381 2056 1446 Lat.,
2086 1398 2138 1451 p.
2171 1383 2298 1438 105.
2358 1385 2534 1450 Atque
2570 1383 2621 1434 iu
2659 1381 3070 1436 Graeco-Latina
3141 1382 3315 1451 Marq.
3385 1383 3609 1437 Freberi

356 1471 598 1522 editione
634 1465 885 1521 Francol‘.
921 1465 1080 1532 1596,
1120 1468 1212 1520 fol.
1245 1483 1303 1535 p.
1337 1469 1436 1523 I95
1465 1483 1581 1536 seq.
1620 1479 1730 1520 tum
1763 1479 1896 1522 tom.
1936 1466 2025 1521 VII
2060 1471 2352 1524 Concilior.
2407 1469 2605 1523 Labbei
2644 1485 2698 1536 p.
2733 1469 2868 1524 1297
2899 1481 2955 1522 et
2985 1469 3177 1524 Latine
3211 1471 3263 1522 in
3301 1471 3610 1539 Appendice

358 1560 423 1608 ad
457 1555 598 1608 bibl.
642 1553 866 1608 l’atrum
897 1555 1076 1609 Paris.
1115 1555 1288 1620 1579;
1312 1565 1366 1610 et
1395 1564 1540 1609 tomo
1585 1555 1652 1609 Vl
1685 1557 1816 1611 edit.
1853 1555 2026 1611 Paris.
2061 1557 2220 1610 1654.
2257 1553 2432 1627 [ΑιΙιΙ.
2459 1555 2578 1608 Cat.
2611 1555 2671 1608 B.
2701 1555 2851 1608 Leid.
2883 1572 2934 1624 ιι.
2965 1556 3074 1620 59;
3104 1563 3286 1608 exstat
3315 1571 3531 1624 quoque
3561 1558 3612 1608 in

358 1645 559 1696 concil.
592 1645 681 1696 ed.
718 1643 852 1709 Reg.
889 1651 1019 1696 tom.
1055 1641 1176 1706 XX,
1211 1643 1407 1696 Labbei
1463 1654 1596 1697 tom.
1628 1641 1742 1704 VII,
1773 1653 1824 1696 et
1855 1643 2120 1698 Harduini
2166 1653 2296 1697 tom.
2333 1641 2422 1696 IV.
2471 1641 2532 1694 V.
2572 1643 2712 1696 inira
2745 1641 2841 1696 lib.
2878 1641 2968 1708 Vl,
3005 1660 3058 1712 p.
3091 1643 3218 1708 519,
3249 1644 3354 1697 vol.
3396 1643 3489 1708 ΧΙ,
3523 1645 3611 1698 ed.

361 1739 470 1783 vet.
507 1730 595 1782 ubi
630 1745 844 1798 quoque
880 1731 946 1782 de
979 1729 1177 1783 concil.
1223 1729 1385 1786 CPol.
1413 1745 1440 1780 a
1476 1727 1594 1783 Nic.
1643 1729 1800 1783 CPoI.
1841 1738 2176 1798 congregato
2203 1737 2256 1783 et
2286 1729 2498 1799 synodo
2529 1727 2687 1782 CPol.
2721 1729 2773 1780 iu
2803 1743 2908 1796 qua
2941 1727 3231 1796 Nicephor.
3269 1740 3353 1782 est
3398 1729 3617 1797 deposi-

367 1829 472 1870 tus.
509 1816 620 1887 --‘|
665 1816 938 1870 Caeterum
993 1816 1134 1884 apud
1183 1817 1476 1878 Zonaram,
1521 1819 1609 1871 tibi
1649 1818 1768 1870 illos
1809 1829 2030 1871 exstare
2069 1817 2259 1870 scribit
2302 1818 2534 1880 Caveus,
2569 1827 2624 1870 et
2651 1817 2740 1885 qui
2775 1815 3092 1884 Catalogum
3137 1815 3268 1869 bibl.
3306 1813 3616 1869 Barbcrinae

367 1905 746 1968 (oncinuavit,
805 1903 1044 1970 reperire
1075 1903 1216 1956 hattd
1247 1905 1416 1972 potui.
1449 1904 1525 1956 Ex
1561 1906 1642 1956 his
1668 1903 1726 1963 2,
1757 1905 1809 1964 5,
1838 1905 1892 1970 4,
1921 1904 1974 1967 9,
2011 1903 2078 1956 12
2107 1913 2160 1956 et
2194 1903 2276 1964 I6,
2310 1916 2414 1955 non
2448 1911 2762 1971 comparent
2792 1901 2936 1953 inter
2970 1914 3208 1954 canones
3237 1900 3358 1954 illos
3385 1901 3454 1954 57
3479 1914 3614 1968 quos

364 1993 552 2045 Grzcce
583 2003 639 2043 ct
681 1990 872 2044 Latine
909 1991 1079 2043 edidit
1127 1990 1452 2051 Cotelerins,
1497 2001 1626 2044 tom.
1677 1989 1738 2042 III
1773 1990 2100 2045 Monumeut.
2140 1990 2342 2044 Eccles.
2390 1988 2611 2051 σταται,
2643 2004 2761 2058 pag.
2803 1988 2909 2042 445
2957 2003 3109 2057 scq.;
3139 2005 3168 2041 ει
3199 2004 3307 2058 quo
3357 2005 3477 2058 pag.
3507 1989 3607 2043 451

366 2095 483 2146 seq.
521 2078 662 2130 alius
717 2080 894 2130 adhuc
933 2092 1124 2129 novem
1171 2077 1442 2140 διατάξεις
1489 2077 1957 2147 ἐκκλησιαστικὰς

2070 2077 2294 2130 blicatas
2333 2077 2502 2130 habes
2532 2091 2599 2129 ex
2627 2076 2966 2136 collectione,
3003 2091 3124 2143 quae
3156 2074 3618 2144 complectebatur

367 2181 608 2218 rationes
643 2164 728 2215 76.
777 2163 914 2214 Nam
951 2173 1004 2236 et
1036 2163 1268 2216 Michael
1307 2163 1526 2232 Clycas,
1580 2180 1700 2232 pag.
1745 2165 1873 2230 294,
1909 2164 2420 2234 quinquagesimum
2454 2165 2688 2232 primum
2743 2162 2948 2226 laudat,
2985 2172 3039 2216 et
3069 2161 3364 2227 Cotelerio,
3401 2178 3452 2230 p.
3486 2163 3614 2222 652.

367 2253 724 2309 observante,
751 2250 818 2302 ab
849 2249 970 2302 aliis
997 2249 1200 2317 plures,
1228 2251 1294 2301 ab
1323 2251 1448 2304 aliis
1481 2253 1767 2320 pauciores
1799 2252 1932 2305 clari
1972 2251 2114 2305 illius
2139 2249 2466 2318 patriarcha.-
2497 2264 2560 2302 ac
2591 2248 2944 2312 confessoris,
2969 2263 3087 2317 quo
3120 2249 3252 2320 ipsis
3285 2251 3458 2304 visum
3496 2250 3618 2316 fuit,

369 2340 564 2390 ordine
594 2352 658 2388 ac
691 2336 852 2388 modo
881 2335 1062 2405 colligi
1098 2351 1337 2389 canones
1381 2340 1629 2408 contigit.
1663 2339 2043 2394 Eidcm’etiam
2083 2336 2354 2393 Cotelerio
2398 2337 2658 2392 debemus
2689 2352 2743 2404 p.
2785 2335 3033 2390 455-465
3073 2354 3086 2388 :
3122 2335 3417 2404 Epistulam
3463 2336 3623 2391 Nice-

374 2425 554 2494 pbori,
589 2422 965 2489 Responsiones
997 2425 1064 2476 ad
1111 2424 1175 2477 i7
1209 2427 1406 2491 capita,
1439 2427 1506 2480 ab
1539 2426 1748 2480 Ililario
1777 2439 1831 2480 et
1862 2427 2137 2482 Eustratio
2171 2426 2472 2496 proposita,
2509 2425 2872 2494 complexam.
2917 2421 3310 2492 Expositionem
3354 2423 3478 2485 ﬁdei
3518 2440 3620 2480 ms.

371 2521 636 2566 memorat
665 2509 911 2564 Labbeus
945 2509 1084 2566 Bibl.
1115 2527 1234 2565 nov.
1263 2528 1386 2566 mss.
1413 2528 1536 2581 pag.
1565 2513 1652 2569 88.
1682 2512 1848 2568 FABR.
1875 2542 1945 2554 -—
1979 2513 2252 2582 Expositio
2279 2513 2404 2581 ﬁdei
2431 2521 2511 2566 est
2541 2515 2594 2565 in
2624 2512 2743 2566 cod.
2773 2509 2900 2576 887,
2936 2526 2990 2566 n.
3020 2509 3073 2566 6.
3102 2509 3232 2566 bibl.
3266 2511 3414 2580 pubi.
3449 2509 3623 2566 Paris.

368 2631 441 2644 υ-
475 2601 596 2654 Nic.
636 2599 874 2668 Epistola
907 2600 974 2651 ad
1021 2597 1258 2654 Leonem
1293 2615 1482 2670 papam
1516 2603 1671 2657 liam.
1712 2603 1767 2656 in
1809 2605 1930 2658 cod.
1963 2600 2032 2656 52
2057 2599 2283 2655 Coisliu.
2333 2609 2498 2667 atque
2537 2597 2905 2652 Montl'aucon.
2945 2597 2997 2650 in
3030 2596 3170 2650 Bibl.
3221 2596 3412 2662 CaiaL,
3445 2599 3624 2677 p.‘85,

373 2691 620 2752 adnotat,
649 2697 925 2757 postremo
953 2687 1098 2740 illam
1121 2702 1185 2741 ex
1217 2689 1320 2743 hoc
1335 2689 1526 2744 codice
1554 2693 1898 2745 emendatam
1925 2703 2048 2744 esse
2071 2697 2126 2743 et
2153 2686 2481 2742 illustratam
2517 2687 2570 2740 in
2603 2683 2934 2740 Collectione
2967 2685 3343 2750 conciliorum,
3378 2694 3629 2740 monente

374 2775 614 2840 L'abheo,
647 2786 778 2828 tom.
807 2774 920 2837 VII,
953 2792 1006 2844 p.
1036 2775 1195 2830 1205.
1221 2806 1291 2817 -
1319 2775 1378 2830 In
1411 2778 1532 2830 cod.
1565 2776 1792 2831 Coislin.
1827 2771 1920 2830 56.
1951 2775 2045 2830 l‘ol.
2077 2776 2174 2828 ult.
2203 2786 2291 2830 est
2325 2788 2500 2830 canon
2533 2773 2760 2843 Niceph.
2799 2773 2871 2827 De
2894 2761 3104 2842 jej'uuio
3131 2773 3530 2827 monac/torum.
3554 2791 3628 2814 -ι-

377 2863 433 2917 lu
463 2866 587 2919 cod.
620 2863 719 2916 211
763 2863 856 2916 fol.
883 2865 988 2917 512
1049 2879 1166 2932 seq.
1213 2862 1442 2934 Niceph.
1477 2863 1573 2918 Ἐκ
1611 2864 1718 2917 τῶν
1747 2865 1965 2932 ἐκκλησι

2070 2861 2222 2914 πικῶν
2271 2860 2440 2914 αὐτοῦ
2499 2859 2810 2923 συντάξεων
2853 2860 2950 2912 καὶ
2988 2859 3097 2912 τῶν
3135 2861 3232 2912 σὺν
3275 2858 3424 2929 αὐτῷ
3457 2859 3630 2928 ἁγίων

381 2952 672 3022 Πατὲρων,
715 2949 834 3003 XVI
875 2951 1174 3004 absolvitur
1223 2951 1489 3006 articulis.
1522 2981 1592 2992 -—-
1623 2951 1874 3018 Ejusdem
1907 2951 1965 3004 Σι

2070 2950 2188 3002 ολον
2225 2947 2460 3012 πίστεως
2488 2947 2578 3000 διὰ
2614 2947 2929 3015 κεφαλαίων
2967 2945 3052 3016 ιβ’.
3088 2977 3156 2986 —
3188 2947 3442 3016 Ejusdem
3472 2948 3632 3001 bilic-

381 3040 558 3092 rentia
597 3039 742 3090 inter
795 3037 1084 3106 imaginem
1115 3047 1169 3091 et
1195 3053 1414 3092 crucem
1445 3037 1672 3102 Christi,
1712 3037 2035 3108 syllogismis
2075 3037 2285 3090 decem.
2318 3063 2390 3074 —
2421 3035 2498 3088 Ex
2531 3033 2762 3102 epistola
2806 3033 3035 3104 Nicepb.
3066 3035 3132 3088 ad
3167 3033 3400 3088 Leonem
3439 3051 3629 3103 papam

384 3125 542 3179 Itoni.
579 3155 651 3166 —
683 3124 738 3177 In
771 3124 896 3178 cod.
937 3125 1070 3178 565.
1110 3127 1200 3194 qui
1234 3127 1478 3179 continet
1530 3124 1917 3179 Collectionem
1971 3121 2326 3175 conciliorum
2382 3119 2781 3182 brevissimam,
2833 3121 2934 3176 sub
2993 3119 3154 3173 (litem
3211 3119 3516 3189 fragmenta
3564 3135 3630 3174 ex

296 3274 302 3283 ι
385 3213 695 3280 Nicephoro
739 3213 1070 3282 patriarcha,
1115 3221 1253 3267 teSIe
1283 3212 1580 3267 Montl'auc.
1609 3213 1645 3265 I.
1677 3228 1730 3266 c.
1761 3227 1883 3282 pag.
1923 3209 2046 3272 I05,
2078 3205 2184 3261 269
2208 3216 2262 3262 et
2289 3205 2414 3262 565.
2444 3233 2513 3246 --
2537 3205 2596 3259 In
2621 3204 2748 3260 cod.
2778 3205 2848 3265 52
2879 3207 3078 3280 synod.
3113 3205 3425 3275 Mos-quens.
3449 3223 3505 3260 ιι.
3539 3207 3630 3268 55,

383 3298 610 3368 Niceplt.
669 3313 906 3353 canones
945 3299 1042 3350 Ἐκ
1083 3297 1190 3351 τῶν
1239 3299 1718 3366 ἐκκλησιαστεκῶν
1749 3299 1940 3352 τούτου
1994 3293 2302 3360 συντάξεων
2355 3295 2451 3348 καὶ
2488 3294 2595 3348 τῶν
2646 3295 2745 3348 σὺν
2791 3293 2943 3364 αὐτῷ
2987 3294 3158 3362 ἁγίων
3207 3295 3466 3365 Πατέρων
3507 3298 3636 3365 περὶ

383 3386 660 3456 διαφόρων
707 3385 1019 3452 κεφαλαίων
1039 3399 1055 3413 ο
1087 3396 1143 3440 et
1168 3401 1224 3440 n.
1259 3386 1348 3450 56,
1377 3401 1444 3441 ex
1474 3386 1595 3439 aliis
1625 3385 1865 3450 ejusdem
1894 3399 1965 3438 cai

2073 3383 2214 3448 ibus,
2253 3383 2416 3436 Ἤτοι
2452 3382 2532 3447 εἰς
2567 3381 2666 3445 τὰς
2706 3382 3159 3453 ἐπιγραφομένας
3193 3383 3434 3450 διατάξει
3447 3402 3464 3447 ;
3523 3385 3634 3436 τῶν

385 3471 554 3539 ἁγίων
589 3471 906 3523 ἀποστόλων
931 3485 947 3502 ·
983 3479 1122 3524 teste
1167 3470 1270 3526 cel.
1303 3470 1539 3525 Matthazi
1573 3472 1624 3524 in
1661 3469 1862 3525 Notitia
1909 3485 1965 3524 co

2107 3484 2242 3524 mss.
2303 3468 2399 3524 Gr.
2441 3469 2688 3525 biblioth.
2740 3469 3056 3538 Mosquens.
3089 3471 3147 3524 S.
3182 3475 3397 3541 synodi,
3435 3486 3487 3540 p.
3534 3472 3624 3526 54.

320 3608 328 3616 ,
387 3585 454 3596 -
479 3557 538 3611 In
575 3557 734 3610 codd.
768 3557 902 3612 bibl.
955 3558 1104 3625 publ.
1154 3557 1332 3612 Paris.
1371 3567 1502 3610 sunt
1555 3558 1798 3611 Canones
1831 3554 2058 3624 Niceph.
2091 3556 2146 3610 in
2177 3557 2299 3612 eod.
2336 3553 2496 3610 1151.
2551 3572 2609 3610 n.
2639 3556 2708 3623 2;
2741 3557 2903 3620 1259,
2943 3573 2998 3610 n.
3029 3557 3132 3622 II;
3179 3573 3372 3611 canon.
3425 3559 3634 3613 Eccles.

391 3648 611 3715 triginta
645 3654 874 3712 septem.
908 3673 976 3684 --
1009 3643 1064 3698 In
1095 3647 1216 3699 cod.
1243 3645 1406 3712 1557,
1437 3644 1559 3699 Nic.
1589 3645 1923 3702 confessoris
1945 3659 2182 3698 canones
2206 3643 2299 3697 27.
2327 3671 2401 3684 --
2428 3641 2486 3697 lu
2513 3644 2638 3698 cod.
2665 3645 2828 3708 1559,
2855 3659 2910 3696 ιι.
2938 3644 2992 3707 5,
3031 3659 3155 3698 can.
3188 3644 3277 3698 56.
3313 3673 3383 3685 —-
3415 3645 3474 3698 lu
3507 3647 3632 3701 cod.

391 3732 551 3797 1542,
593 3748 646 3784 n.
679 3732 996 3794 4,cauones
1023 3727 1087 3785 ex
1117 3732 1262 3786 illius
1289 3732 1779 3787 Constitutionibus
1811 3730 2186 3799 excerpti;--
2227 3730 2279 3784 in
2306 3731 2428 3786 cod.
2479 3729 2642 3794 1574,
2696 3747 2750 3784 n.
2793 3731 2848 3792 4,
2890 3745 3148 3794 canones,
3175 3742 3231 3784 ct
3271 3732 3324 3784 in
3373 3733 3496 3787 cod.
3547 3747 3637 3785 se-

390 3819 577 3888 quenti
632 3835 684 3871 n.
722 3817 777 3882 8,
826 3833 1068 3870 canones
1099 3818 1190 3872 55.
1227 3847 1293 3857 —
1324 3818 1380 3870 In
1417 3821 1538 3872 eod.
1599 3817 1701 3872 165
1739 3815 1879 3870 Bibl.
1914 3815 2074 3872 elect.
2125 3815 2321 3870 Bavar.
2351 3815 2578 3884 Nicepb.
2617 3831 2851 3871 canones
2904 3832 3016 3872 sec.
3042 3817 3215 3871 Catal.
3252 3819 3410 3873 codd.
3448 3819 3544 3872 Gr.
3576 3818 3636 3872 P.

389 3905 479 3960 65.
505 3904 656 3957 —Iu
685 3907 807 3960 cod.
837 3904 1037 3959 Caesar.
1085 3903 1317 3959 Vindob.
1356 3905 1502 3970 285,
1555 3921 1608 3958 ιι.
1643 3906 1712 3972 5f,
1759 3911 2010 3972 excerpta
2059 3917 2122 3957 ex
2154 3901 2440 3970 Nicephori
2480 3911 2534 3957 et
2577 3903 2798 3956 Patrum
2851 3919 2975 3958 cum
3024 3904 3140 3972 ipso
3190 3916 3638 3975 congregatarum

387 3991 887 4048 Constitutionibus
931 3993 1236 4048 ecclesiast.
1289 3992 1566 4064 (Lambec.
1613 3993 1825 4048 Comm.
1857 3992 1968 4048 vol.
2007 3986 2070 4054 V,
2107 4003 2162 4057 p.
2206 3986 2354 4058 475).
2390 4017 2461 4028 —-
2513 3988 2570 4040 In
2611 3991 2732 4044 cod.
2776 3989 2868 4054 45,
2909 4005 2964 4044 n.
3024 3991 3114 4053 66,
3175 4005 3350 4045 canon
3410 3995 3636 4062 quintus

395 4080 461 4134 de
524 4078 870 4132 hebdomade
924 4079 1400 4148 quinquagesima.
1459 4079 1739 4149 (Lambec.
1789 4076 1926 4144 VIII,
1986 4093 2038 4146 p.
2089 4074 2238 4146 948.)
2277 4104 2342 4116 ——
2374 4072 2434 4150 lin
2485 4075 2608 4130 cod.
2657 4077 2748 4136 5|.
2815 4093 2870 4130 ιι.
2919 4077 3009 4142 15.
3056 4092 3292 4132 0300003
3343 4080 3414 4132 36
3466 4081 3637 4143 0118.

393 4165 622 4232 Niceph.
659 4163 947 4218 Observat.
981 4175 1036 4218 et
1067 4167 1503 4220 Constitutioues
1545 4168 1823 4220 canonica:
1852 4167 1918 4218 de
1940 4163 2106 4216 variis
2143 4163 2498 4232 argumentis.
2531 4162 2744 4230 (Lamb.
2778 4163 2910 4218 ibid.
2941 4163 3024 4218 col
3057 4162 3161 4216 989
3190 4175 3245 4216 et
3278 4165 3429 4232 995).
3465 4195 3536 4206 -—
3584 4169 3640 4220 lu

393 4253 513 4305 cod.
545 4251 636 4313 52,
665 4267 722 4304 n.
759 4251 812 4310 5,
842 4263 896 4304 et
925 4252 1046 4306 cod.
1079 4252 1168 4318 55,
1201 4270 1254 4306 ιι.
1289 4253 1340 4316 5,
1372 4268 1610 4307 canones
1659 4253 1792 4306 cccl.
1829 4251 1900 4304 56
1923 4249 1965 4319 (l

2070 4250 2201 4302 ibec.
2235 4249 2364 4304 ibid.
2400 4251 2504 4303 col.
2534 4248 2666 4302 1001
2698 4259 2752 4302 et
2777 4249 2960 4320 1006).
2985 4279 3054 4291 -
3084 4247 3140 4302 In
3179 4253 3368 4318 primis
3421 4253 3644 4306 laudau-

395 4340 492 4390 dus
519 4347 604 4390 est
634 4337 755 4390 cod.
797 4335 1102 4392 Vindobon.
1132 4338 1222 4400 45,
1259 4340 1309 4392 iu
1341 4355 1448 4408 quo
1471 4351 1597 4394 sunt
1633 4339 1750 4392 Nic.
1779 4337 2026 4392 Canones
2066 4337 2201 4392 eccl.
2234 4351 2326 4392 sex
2355 4347 2409 4392 et
2442 4339 2746 4408 sexaginta,
2796 4350 2851 4394 et
2896 4353 3057 4408 quem
3109 4341 3214 4394 late
3243 4342 3642 4414 diligenterque

394 4422 652 4478 describit
701 4423 978 4478 Kollarius
1009 4427 1060 4478 iu
1093 4424 1370 4496 Supplem.
1430 4428 1452 4480 I
1491 4428 1557 4480 ad
1592 4425 1864 4481 Lambecii
1913 4422 2123 4479 Comm.
2169 4438 2294 4491 pag.
2336 4425 2434 4480 521
2484 4440 2641 4494 seqq.
2698 4425 2790 4480 Ille.
2851 4427 2918 4479 de
2959 4426 3270 4496 Nicephoro
3335 4433 3644 4498 patriarcha

396 4514 1156 4603 nograpbia’compentliaria
1207 4538 1441 4597 ab_orbe
1492 4539 1733 4603 condito,
1774 4547 1966 4603 eaque,

2066 4530 2148 4610 sit
2177 4535 2490 4610 hnjnsinodi
2515 4537 2858 4602 opusculum,
2894 4537 3158 4610 incertum
3185 4555 3410 4610 quoque
3430 4544 3646 4597 videtur

396 4606 512 4656 sive
547 4605 732 4663 verba,
767 4606 880 4658 sive
926 4621 1277 4660 numerorum
1311 4619 1491 4671 notas,
1534 4613 1649 4662 sive
1683 4610 1846 4661 etiam
1883 4619 1970 4657 re-

2075 4606 2267 4659 Iriarto
2301 4621 2356 4673 p.
2387 4606 2512 4672 485,
2541 4616 2703 4674 atque
2728 4609 2978 4661 tuonetin
3011 4606 3336 4664 Nesseli'auo'
3359 4615 3486 4666 bibl.
3523 4613 3646 4666 Vin-

399 4688 516 4723 rum
570 4673 818 4728 ordinem
853 4682 1089 4743 spectes,
1117 4677 1185 4728 ab
1210 4678 1368 4732 editis
1399 4689 1481 4731 est
1521 4679 1721 4738 alicubi
1759 4679 1968 4730 disere-

397 4755 559 4814 paus.
579 4751 633 4794 et
661 4744 907 4814 plurimis
938 4744 1071 4797 locis
1099 4747 1266 4799 multo
1289 4748 1502 4812 plenior
1527 4763 1590 4802 ac
1614 4747 1963 4814 locupletior;

398 4812 630 4886 accedit,
673 4813 1101 4886 qti_od_maxima
1155 4831 1341 4886 eo[um
1391 4832 1539 4884 pars,
1575 4832 1691 4886 quas
1725 4812 1790 4869 ex
1820 4817 1966 4868 Aua-

398 4881 565 4932 stasio
597 4879 890 4954 suppletP.
919 4879 1084 4954 Guar,
1115 4898 1182 4938 ex
1214 4879 1806 4954 Grmcolitijus'codicis
1838 4900 1968 4938 con-

402 4959 545 5025 textu
579 4952 786 5025 pariter
828 4951 1149 5025 restituitur.
1203 4951 1644 5025 Cbronographia
1677 4957 1878 5010 desinit
1911 4956 1961 5008 in

401 5017 599 5088 Basilio
658 5017 983 5074 Macedone.
1026 5017 1451 5077 Constantiuus'
1477 5017 1655 5079 autem
1708 5025 1960 5079 Lascaris

399 5089 632 5139 attexuit
668 5088 844 5141 Itasilii
897 5104 1272 5146 successorum
1319 5095 1514 5146 seriem
1546 5099 1610 5148 ad
1640 5095 1956 5148 Constanti-

402 5171 526 5206 num
587 5172 758 5231 usque
788 5157 874 5220 IlI,
921 5173 1050 5231 cum
1099 5163 1246 5215 brevi
1319 5167 1740 5231 expugnationis
1801 5167 1953 5217 urbis

401 5240 618 5291 suasque
651 5230 820 5293 ipsius
853 5228 1185 5293 captivitatis
1219 5228 1553 5287 narratione.
1591 5235 1844 5288 Ultimum
1885 5235 1964 5285 lo-

401 5309 519 5373 cum
543 5308 782 5372 occupat
810 5297 1154 5373 Constantini
1186 5299 1408 5354 fratrum
1429 5319 1735 5373 eorumque
1765 5305 1967 5362 subth

403 5364 792 5441 notitia,qua_m
817 5364 1077 5441 Iriartein
1099 5368 1220 5441 Cat.
1239 5373 1393 5424 codd.
1415 5371 1509 5425 Gr.
1534 5364 1734 5426 Matrit.
1760 5390 1812 5440 p.
1835 5375 1964 5441 481,

401 5431 585 5510 Cnet-6
619 5431 913 5510 evolgavit.
964 5437 1176 5510 aliaque
1203 5439 1339 5510 bene
1386 5445 1612 5505 notavit,
1647 5453 1701 5495 et
1733 5431 1971 5510 reliquos

309 5523 312 5525 λ
402 5503 454 5580 in
490 5503 578 5580 illo
609 5505 799 5580 codice
827 5503 1132 5580 complures
1159 5509 1434 5579 catalogos
1463 5503 1706 5565 recenset
1738 5503 1972 5565 chrono—

401 5568 626 5642 I_ogicos.
655 5573 784 5640 Pag.
815 5575 904 5636 4ο,
937 5568 1186 5642 sequitur
1212 5568 1474 5634 narratio.
1506 5583 1666 5634 Ὅσαι
1693 5585 1800 5634 εἰσι
1827 5585 1972 5638 θεῖαι

403 5638 616 5719 Γρᾳφαὶ
641 5638 1143 5724 ἐκκλησιαζρμὲνᾳι
1173 5650 1266 5700 καὶ
1292 5654 1742 5720 κεκανονισμέναι
1767 5669 1782 5682 ·
1816 5659 1904 5704 καὶ
1937 5660 1970 5724 ἡ

399 5715 606 5764 τούτων
656 5715 1033 5785 στιχομετρέα.
1072 5717 1162 5781 .At,
1215 5734 1344 5772 num
1381 5721 1548 5788 ipsius
1582 5715 1640 5774 S.
1683 5715 1968 5791 Nicepltori

2075 4675 2271 4730 dobon.
2319 4676 2490 4730 Catal.
2543 4683 2680 4742 part.
2723 4691 2762 4741 ι,
2794 4692 2912 4746 pag.
2960 4677 3084 4743 250,
3133 4682 3254 4733 cod.
3305 4682 3428 4741 155.
3463 4698 3515 4734 ιι.
3555 4685 3642 4744 ll,

2072 4759 2375 4821 occurrere
2407 4759 2623 4821 quoque
2667 4746 2896 4821 similem
2939 4751 3192 4820 anuuymi
3234 4753 3640 4821 στιχομετρέαν.

2073 4815 2292 4883 Singula
2327 4815 2809 4884 uberiusexplicat
2839 4817 3006 4878 idem,
3035 4815 3109 4880 et',
3142 4835 3260 4884 qua:
3291 4815 3545 4874 uilici-aut
3575 4826 3642 4872 ab

2073 4885 2315 4957 editione
2363 4886 2509 4957 regia
2554 4883 2738 4957 Paris.
2793 4887 3034 4957 adnotat.
3083 4883 3221 4941 Add.
3257 4893 3321 4944 de
3355 4893 3640 4957 Nicephm-i

2071 4954 2412 5022 aliorumque
2445 4955 2834 5008 sticbometriis
2869 4955 3102 5011 Nathau.
3134 4957 3377 5012 Larduer
3407 4965 3457 5012 in
3489 4954 3508 5013 Ξ
3538 4959 3644 5012 The

2069 5024 2362 5092 credibilin
2389 5025 2444 5092 of
2473 5025 2556 5076 tlte
2592 5023 2784 5092 Gospel
2812 5023 3080 5090 Historia,
3109 5041 3214 5080 etc.
3247 5030 3352 5082 vol.
3383 5029 3472 5086 XI.
3504 5029 3644 5082 Lnn-

2067 5097 2179 5146 ditt.
2240 5095 2398 5158 1754,
2437 5110 2492 5146 n.
2537 5093 2604 5158 8;
2657 5105 2748 5144 aut
2797 5097 3089 5148 secundum
3155 5101 3456 5150 versionem
3507 5101 3640 5150 Dan.

2066 5163 2484 5239 [intiba-Germ.
2515 5162 2611 5214 Die
2671 5163 3176 5239 Glaudtoitrdigkeiti
3195 5185 3226 5239 it
3254 5173 3346 5219 der
3375 5187 3429 5220 μιν
3453 5173 3640 5239 ίιιθρίὶ-

2065 5236 2220 5304 scim:
2249 5233 2571 5304 Geschichte,
2598 5241 2705 5304 etc.
2738 5237 2840 5304 Vol.
2874 5232 2965 5293 Xl,
2997 5232 3115 5302 cap.
3156 5236 3268 5293 147.
3300 5254 3349 5304 p.
3377 5232 3639 5291 255-261.

2065 5303 2200 5376 (.ioll.
2259 5303 2572 5376 Bauutgart.
2626 5300 2957 5376 NilChl'lt'hl.
2985 5300 3080 5376 uoti
3118 5300 3484 5376 merkw'urdtg.
3529 5309 3644 5361 Bit-

2068 5373 2246 5431 chern,
2280 5385 2411 5424 tom.
2447 5373 2510 5433 Χ,
2545 5389 2597 5440 p.
2625 5372 2751 5424 555.
2791 5375 2862 5424 De
2893 5374 3266 5428 stichutttetria
3298 5393 3345 5429 Β.
3393 5372 3642 5432 ιιῖειιδιιῖίι

2067 5457 2322 5493 Versuunt
2377 5456 2752 5492 universorum
2803 5456 3025 5508 operum
3071 5443 3134 5495 γ.
3173 5461 3236 5498 ac
3279 5446 3446 5500 Ν.,Τ.
3499 5467 3643 5501 vara

2069 5527 2256 5566 eorum
2289 5512 2657 5567 distinctione.
2687 5519 2740 5561 et
2772 5509 2822 5561 iu
2852 5514 3136 5565 moliendis
3168 5519 3414 5569 versibus
3438 5519 3648 5572 (Ibem-—

2080 5584 2163 5632 dia
2201 5583 2252 5632 in
2292 5583 2569 5632 veteribus
2595 5581 2768 5640 libris,
2797 5583 2956 5632 docte
2983 5585 3094 5650 agit
3119 5585 3414 5639 Saluum“,-
3446 5607 3494 5640 ιιι
3523 5591 3648 5643 ιιι-ιι-

2084 5653 2378 5718 legouteuis
2427 5652 2478 5700 in
2535 5650 2774 5700 Soliuum
2827 5666 2918 5700 seu
2978 5651 3250 5710 l-‘tinianas
3329 5660 3642 5710 Exercitui.

2061 5724 2223 5774 .stetl.
2256 5721 2308 5783 4,
2342 5721 2480 5788 plag.
2509 5719 2542 5770 4
2568 5733 2766 5781 avers,
2795 5729 2847 5772 et
2871 5720 3010 5774 stcll.
3041 5723 3094 5776 5.
3299 5725 3468 5782 ΗΑῑιι..
