3980 6140
358 308 429 397 15
1359 325 1420 386 s.
1461 323 1950 382 Nicsruouus
1990 298 2476 386 PATRIARCHA
2515 328 2622 388 cr.
3548 314 3613 383 16
3721 285 3725 288 ’

354 444 643 503 consulere
675 438 853 509 jubet,
880 445 1083 506 praeter
1118 440 1365 488 nostrum
1397 427 1634 485 Fabricii
1666 431 1867 497 locum,
1898 432 2160 486 Mans-inm
2191 436 2242 488 in
2268 434 2675 504 Supplemcittis
2706 437 2770 488 ad
2804 432 3045 489 ceiicilia
3082 447 3109 484 a
3146 430 3363 485 Labbeo
3388 438 3443 483 et
3489 430 3614 484 Cos.

357 533 527 587 sartio
555 529 723 591 edita,
771 534 903 579 tom.
939 521 980 586 I,
1013 519 1199 591 p.775
1234 528 1287 574 ct
1346 516 1475 584 806,
1531 532 1748 573 necnon
1790 520 1842 572 in
1875 520 2170 574 novissima
2211 523 2655 591 amplissimaque
2690 521 3050 577 conciliorum
3105 519 3354 575 editione
3404 517 3613 572 Veneta

358 632 489 674 tom.
537 613 677 678 XIV,
709 627 762 681 p.
798 610 901 666 119
946 622 1099 677 seqq.
1127 618 1211 669 et,
1252 622 1271 657 ι
1316 606 1382 659 ab
1427 606 1492 659 iis
1542 605 1968 672 eruditissimis,
2019 606 2131 671 ait,
2173 607 2477 662 duumviris
2504 648 2520 672 ,
2581 608 2881 672 discimus,
2923 609 3077 672 ‘hos,
3124 606 3190 660 de
3225 604 3432 674 quibus
3468 619 3613 658 nunc

358 721 459 777 ago
483 746 497 772 ,
532 715 769 757 canones
799 711 1064 766 nusquam
1103 695 1276 748 adhuc
1302 708 1332 746 a
1366 706 1636 761 quoquam
1670 705 1735 747 ea
1762 693 1905 746 serie
1936 700 2102 761 alque
2145 692 2218 746 ita
2247 693 2426 763 plene,
2467 704 2527 748 ut
2552 695 2605 748 in
2642 696 2743 750 hoc
2778 704 2967 749 nostro
2995 694 3185 748 codice
3226 692 3515 755 habentur,
3557 692 3609 744 in

358 795 535 849 lucem
566 805 684 846 esse
712 793 1041 859 protractos.
1069 801 1086 834 ι
1122 781 1258 835 Tum
1289 778 1704 843 animadvertit,
1740 780 1792 832 in
1822 779 1944 834 cod.
1981 778 2090 832 285
2114 778 2271 833 Vind.
2306 792 2462 835 antea
2507 781 2617 850 jam
2650 789 3205 847 memorato,exstare
3227 793 3291 833 ex
3318 777 3607 847 Nicephori

356 880 658 937 rationibus
691 884 983 943 excerptos
1008 883 1248 925 canones
1292 866 1654 938 quadraginta
1686 865 1857 918 multo
1893 867 2081 936 utique
2106 868 2315 937 plures,
2355 884 2519 938 quam
2553 885 2617 923 ex
2647 869 2917 924 Cotelerio
2947 867 3178 922 ediderit
3211 865 3456 920 Mansius
3480 880 3612 919 con-

358 970 607 1023 ciliorum
650 963 784 1017 edit.
820 960 1024 1014 noviss.
1076 954 1293 1010 Veneta:
1342 965 1474 1008 tom.
1508 950 1646 1018 XIV,
1674 967 1726 1022 p.
1766 952 1907 1018 1‘29;
1948 954 2120 1008 codd.
2171 963 2352 1009 autem
2385 954 2473 1019 51,
2518 954 2610 1020 52,
2638 954 2728 1021 55,
2773 953 3003 1008 Vindob.
3046 953 3239 1005 citatos
3287 963 3612 1003 conservare

358 1055 576 1109 eosdem
608 1051 754 1119 ipsos
789 1044 1180 1117 septemdecim
1229 1055 1489 1103 canones,
1521 1054 1661 1108 quos
1695 1052 1763 1093 ex
1792 1038 1923 1094 Jnre
1963 1040 2431 1097 Grazco-Romauo
2472 1043 2700 1113 reliquis
2747 1042 3039 1111 praeposuit
3073 1038 3334 1106 Mausius,
3384 1037 3612 1089 laudatae

356 1139 726 1195 Conciliorum
759 1132 1019 1189 editionis
1050 1140 1198 1200 ,tom.
1246 1126 1388 1190 XIV,
1421 1141 1474 1195 p.
1509 1126 1610 1180 119
1641 1141 1655 1181 :
1691 1137 1856 1194 atque
1905 1136 2146 1194 quatuor
2182 1128 2304 1183 illos
2336 1129 2495 1183 codd.
2541 1129 2742 1183 Caesar.
2791 1129 2971 1181 futuro
3004 1124 3295 1195 Nicepliori
3345 1137 3610 1178 canonum

356 1226 548 1284 editori
583 1227 638 1280 in
666 1224 855 1293 primis
888 1218 1253 1275 commendat.
1305 1214 1513 1270 Novam
1549 1227 1682 1268 vero
1713 1213 2011 1269 editionem
2040 1229 2309 1269 canonum
2344 1228 2466 1269 cum
2501 1230 2677 1285 neque
2704 1230 2798 1269 sua
2823 1215 2964 1270 serie
2994 1228 3174 1282 neque
3199 1212 3346 1282 justo
3387 1223 3612 1263 numero

358 1319 833 1386 circumferuntur,
870 1310 1237 1369 necessariam
1270 1323 1393 1364 esse
1427 1307 1659 1378 judicat.
1690 1305 1932 1376 Denique
1971 1309 2251 1373 observat,
2288 1308 2557 1363 Mansium
2589 1323 2656 1363 ex
2688 1308 2919 1363 diversis
2966 1306 3225 1374 operibus
3260 1304 3613 1371 depromptos

358 1408 648 1478 protulisse
673 1406 742 1460 69
776 1417 965 1467 cann.;
1003 1400 1127 1465 sed,
1159 1399 1206 1453 si
1234 1396 1407 1452 semel
1448 1406 1617 1465 atque
1650 1396 1848 1450 iterum
1893 1395 2108 1466 repetiti
2157 1399 2468 1460 demantur,
2520 1395 2819 1467 legitimum
2848 1409 2970 1448 cum
3004 1394 3108 1446 hoc
3140 1390 3330 1446 codice
3377 1386 3608 1441 Viudoh.

360 1474 641 1551 numerum
676 1491 993 1547 convenire.
1024 1516 1096 1528 -—
1126 1487 1331 1542 Eodem
1368 1484 1612 1540 Kollario
1646 1499 1771 1555 pag.
1807 1483 1912 1539 770
1942 1485 1979 1538 Ι.
2018 1500 2069 1539 c.
2114 1485 2403 1553 prodente,
2437 1484 2490 1538 in
2525 1485 2648 1539 cod.
2684 1483 2811 1547 157,
2845 1497 2899 1538 n.
2935 1482 2970 1536 5
2996 1492 3048 1536 et
3073 1482 3128 1545 6,
3159 1487 3284 1532 sunt
3317 1476 3419 1530 tria
3452 1474 3614 1527 Nice-

358 1585 518 1652 phori
572 1580 860 1637 Vaticinia.
901 1575 1229 1645 —Niceph.
1282 1588 1523 1630 canones
1577 1574 1785 1628 Eccles.
1835 1575 2070 1627 citantur
2115 1572 2168 1625 in
2205 1572 2324 1627 cod.
2378 1570 2544 1625 Laur.
2602 1569 2795 1625 Medic.
2832 1568 2891 1630 ι.
2932 1568 2983 1622 in
3016 1566 3366 1635 Expositione
3403 1576 3635 1638 sacror.

358 1647 677 1741 praceptor.
714 1675 771 1721 et
807 1667 859 1719 in
884 1664 1007 1719 cod.
1039 1662 1134 1729 25,
1164 1662 1304 1732 plut.
1340 1666 1395 1727 9,
1432 1663 1545 1715 sive
1597 1658 1753 1714 Thes.
1787 1659 1998 1713 orthod.
2033 1658 2177 1727 fidei.
2213 1657 2353 1712 V.——
2372 1657 2597 1711 Bandin.
2637 1656 2812 1710 Catal.
2847 1655 3004 1710 codd.
3030 1653 3125 1707 Gr.
3167 1650 3274 1704 vol.
3306 1650 3348 1713 I,
3372 1647 3615 1741 pagus!)

368 1735 422 1813 et
452 1735 575 1813 451».
619 1784 686 1797 --
724 1750 1201 1825 Κυριακοδρόμιον
1231 1748 1327 1802 τοῦ
1380 1748 1815 1820 ἀρχιεπισκόπου
1861 1746 1940 1800 Ni:

2040 1747 2198 1817 ~6poo.
2244 1743 2483 1814 Mosqute
2512 1759 2575 1798 ex
2606 1743 2745 1798 oilic.
2800 1741 3039 1810 Bidigeri
3084 1749 3139 1794 et
3167 1738 3417 1825 Claudii.

356 1847 412 1911 2,
442 1845 545 1899 vol.
573 1843 626 1896 4.
660 1870 731 1883 -
761 1821 986 1908 Niceph.
1013 1821 1091 1889 De
1127 1837 1232 1904 ﬁde
1264 1835 1575 1889 Christiana
1597 1831 1657 1888 'et
1702 1834 1808 1887 alia
1840 1833 1981 1903 Opp.
2033 1834 2084 1886 in
2119 1832 2285 1887 variis
2333 1832 2465 1886 bibl.
2513 1831 2697 1896 obvia,
2727 1845 2849 1898 quae
2884 1826 3074 1881 Montf.
3111 1829 3164 1879 in
3198 1823 3340 1911 Biiil.
3371 1821 3609 1911 biblioth.

358 1950 483 1988 mss.
523 1928 798 1992 indicarit,
831 1943 894 1983 ea
929 1928 980 1981 in
1013 1925 1181 1979 Indic.
1221 1940 1270 1975 v.
1324 1921 1607 1990 Nicephor.
1644 1918 1707 1976 P.
1740 1919 1905 1977 CPol.
1956 1935 2168 1989 quaeras
2228 1919 2412 1974 velim.
2443 1917 2755 1971 -—Fahric.
2807 1916 2948 1968 inira
2994 1914 3047 1967 in
3095 1913 3199 1965 vol.
3251 1910 3337 1969 XI.
3382 1910 3504 1962 libr.
3540 1924 3612 1973 vi,

357 2034 479 2088 cap.
512 2009 564 2083 3,
592 2032 719 2087 pag.
753 2016 859 2069 166
887 2028 1041 2081 seqq.
1071 2012 1307 2066 reddidit
1332 2008 1426 2064 Gr.
1467 2024 1531 2062 ac
1557 2007 1677 2062 Lat.
1711 2022 1775 2062 ex
1806 2005 2096 2076 Nicephori
2133 2006 2340 2061 CPolit.
2379 2006 2611 2074 epistola
2640 2003 2896 2074 synodica
2928 2001 2993 2055 ad
3030 2000 3264 2088 Leonem
3293 1995 3361 2088 III
3396 2010 3611 2088 pii-pain,

359 2080 567 2175 partem
591 2080 733 2167 eam,
768 2103 820 2155 in
851 2080 1195 2170 qiialsicpteni
1230 2097 1420 2167 synodi
1466 2096 1705 2150 breviter
1739 2095 2128 2150 describuntur
2157 2102 2209 2147 et
2236 2093 2558 2162 probantur.
2587 2121 2655 2131 —-
2683 2089 3011 2157 Nicephoro,
3050 2084 3375 2155 patriarcha:
3399 2080 3611 2136 CPoiit.

360 2172 413 2245 in
443 2193 562 2245 cod.
602 2189 733 2243 bibl.
782 2186 928 2256 pubi.
982 2185 1157 2238 Paris.
1198 2183 1358 2249 1575,
1397 2199 1449 2235 n.
1482 2181 1537 2245 8,
1571 2182 1833 2236 tribuitur
1867 2179 2097 2234 Carmen
2131 2182 2197 2234 de
2237 2181 2465 2257 jejuniis
2501 2179 2806 2234 Great-orum
2835 2176 2900 2229 ad
2941 2174 3216 2229 Meletium
3255 2172 3610 2257 monachum,

359 2289 412 2332 et
441 2278 725 2332 confector
752 2274 930 2330 Catal.
964 2271 1027 2336 Il,
1059 2287 1112 2341 p.
1139 2272 1269 2333 5l0,
1295 2271 1562 2324 inedituin
1595 2271 1697 2333 ait,
1732 2277 1790 2321 ut
1847 2269 1931 2339 opi

2040 2285 2044 2297 ’
2074 2286 2087 2321 :
2114 2269 2306 2336 incipit
2337 2285 2350 2319 :
2386 2266 2610 2338 Πρῶτος
2648 2262 3024 2334 Σεπτέμϐριος
3054 2259 3198 2332 ἁρχὴ
3231 2259 3491 2329 τυγχάνε.
3521 2256 3612 2310 τοῦ

361 2365 618 2419 ινδικτου.
647 2392 719 2403 ——
749 2361 936 2415 Eidem
985 2361 1037 2413 in
1071 2358 1194 2412 cod.
1235 2356 1440 2410 Veneto
1488 2355 1656 2409 Marc.
1715 2354 1844 2419 498,
1890 2355 2183 2409 ascribitur
2232 2369 2420 2424 opusc.
2463 2352 2530 2406 In
2578 2352 2935 2407 Herodiadem
2967 2358 3018 2401 et
3064 2348 3296 2415 reliquas
3348 2346 3612 2415 improbas

357 2449 625 2517 mulieres,
664 2449 849 2501 forsan
880 2459 949 2499 ex
975 2445 1085 2498 alio
1115 2458 1282 2513 opere
1311 2450 1655 2509 excerptum.
1688 2438 1864 2495 Hann.

432 2542 572 2595 Idem
603 2551 820 2609 quoque
850 2534 1017 2590 fuerit
1055 2550 1178 2589 cum
1212 2541 1403 2587 nostro
1443 2530 1810 2602 Nicephorus,
1837 2532 2232 2603 chartophylax
2279 2531 2487 2601 Magna:
2546 2529 2795 2587 ecclesiae
2832 2528 3022 2589 CPol..
3051 2531 3097 2584 si
3133 2544 3322 2583 verum
3355 2536 3440 2582 est
3473 2526 3613 2595 quod

358 2635 578 2683 notatur
616 2626 671 2678 in
699 2619 1266 2690 Orthodoxograpliis,
1298 2634 1328 2672 a
1357 2619 1793 2689 cliartophylacis
1826 2634 2052 2675 munere
2075 2621 2396 2689 pervenisse
2415 2620 2483 2672 ad
2509 2620 2882 2688 episcOpatum
2906 2617 3157 2671 ecclesia:
3187 2614 3514 2670 CPolitanau
3545 2615 3614 2667 At

359 2719 504 2769 circa
533 2728 586 2765 a.
620 2710 686 2766 C.
721 2708 827 2763 560
858 2709 1063 2762 vixisse
1108 2717 1239 2760 tunc
1275 2719 1381 2759 non
1427 2715 1647 2775 potest:
1687 2706 1867 2759 nullus
1898 2707 2043 2760 enim
2087 2707 2193 2761 illis
2243 2705 2580 2775 temporibus
2629 2706 2916 2775 episcopus
2961 2703 3078 2758 sive
3108 2703 3415 2772 patriarcha
3451 2700 3609 2755 CI’oi.

361 2799 653 2870 Nicephori
710 2796 950 2851 nomine.
991 2782 1191 2848 Verum
1239 2793 1463 2863 pulchre
1496 2808 1619 2846 cum
1669 2793 1759 2847 illa
1793 2794 2063 2849 sententia
2093 2793 2370 2864 congruit,
2412 2792 2557 2863 quod
2602 2791 2781 2847 Caveo
2828 2791 3169 2859 Nicephorns
3209 2789 3613 2860 chartophylax

359 2889 579 2943 videtur
614 2885 877 2941 claruisse
925 2882 1073 2936 circa
1103 2896 1155 2935 a.
1183 2879 1246 2935 C.
1279 2880 1406 2935 80I.
1463 2879 1843 2934 Patriarcham
1887 2882 2030 2935 enim
2082 2887 2329 2936 creatum
2366 2893 2417 2936 a.
2448 2878 2512 2935 ε.
2544 2878 2671 2941 800,
2699 2879 2811 2947 jam
2843 2893 2873 2931 a
2904 2893 2989 2931 me
3020 2880 3335 2930 adnotatum
3364 2886 3472 2931 est.
3507 2877 3614 2929 Sed

359 2974 598 3028 vicissim
625 2970 933 3025 exstantad
967 2965 1332 3036 Nicephorum
1387 2966 1871 3036 chartophylacem
1927 2969 2387 3036 interrogationes
2423 2982 2554 3022 mss.
2591 2965 2812 3020 Maximi
2855 2963 3129 3018 monachi.
3164 2962 3302 3017 Vide
3358 2962 3613 3016 Lambec.

360 3065 453 3117 1ι1).
480 3078 555 3126 Vl,
592 3075 648 3129 p.
676 3059 766 3113 56.
800 3057 906 3123 Qui
946 3054 1238 3117 Maximus,
1269 3057 1313 3109 si
1339 3054 1479 3107 idem
1515 3054 1732 3109 sitcum
1766 3054 2078 3109 confessore
2106 3072 2157 3112 a.
2189 3058 2252 3112 C.
2294 3054 2401 3109 672
2434 3055 2712 3118 defuncto,
2762 3055 2927 3109 etiam
2976 3051 3343 3121 Nicephorum
3372 3052 3513 3106 hunc
3548 3052 3614 3104 ad

360 3148 615 3204 saeculum
650 3146 937 3213 septinmm
972 3139 1163 3194 referri
1197 3151 1358 3208 atque
1392 3154 1421 3191 a
1464 3139 1773 3207 patriarcha
1801 3141 2311 3212 distinguioportet.
2345 3142 2418 3198 Ut
2444 3155 2501 3197 ut
2550 3143 2639 3209 sit,
2684 3142 2968 3211 Nicepliori
2993 3141 3451 3209 Chartophylacis
3472 3138 3612 3191 Fra-

360 3243 623 3306 gmentum
657 3246 721 3283 ea:
745 3227 969 3297 epistola
997 3226 1065 3279 ad
1091 3225 1463 3291 Theodosium,
1491 3230 1819 3279 monachum
1847 3228 2214 3306 Corinthium,
2242 3230 2315 3284 De
2349 3230 2554 3300 ligandi
2578 3230 2913 3299 solvendique
2939 3238 3222 3298 potestate,
3262 3226 3454 3279 Latine
3483 3227 3615 3294 legi-

364 3304 451 3375 tur
481 3321 533 3373 in
570 3314 1118 3382 O'rtliodoxographis
1161 3327 1213 3367 a.
1257 3312 1419 3378 1555,
1464 3326 1515 3381 p.
1556 3312 1700 3378 956;
1734 3323 1790 3367 et
1823 3329 1874 3367 a.
1906 3314 2065 3380 1569,
2099 3304 2222 3385 pag:
2266 3315 2372 3382 ’τις
2406 3326 2463 3371 et
2513 3316 2583 3370 ad
2633 3316 2841 3370 calcem
2886 3314 3192 3368 Philastrii.
3244 3312 3407 3365 Basil.
3454 3313 3612 3377 1559,

362 3408 417 3467 8.
460 3422 582 3476 pag.
616 3403 723 3456 401
764 3417 880 3469 seq.
918 3417 932 3454 :
972 3411 1134 3468 atque
1174 3399 1229 3454 in
1281 3400 1608 3466 quibusdam
1661 3398 1799 3453 Bibl.
1838 3399 2061 3457 Patrum
2092 3403 2269 3467 editt.,
2310 3414 2368 3458 ut
2400 3403 2569 3475 Lugd.
2621 3411 2753 3457 tom.
2799 3401 2932 3465 XII,
2987 3417 3111 3469 pag.
3154 3400 3295 3465 5417;
3327 3407 3379 3452 rt
3424 3399 3610 3452 Colon.

367 3508 495 3548 tom.
534 3489 641 3554 VII,
667 3501 723 3544 et
750 3488 929 3542 Paris.
959 3488 1123 3552 1589,
1160 3486 1318 3551 1654,
1352 3494 1486 3542 tom.
1517 3484 1587 3542 III
1616 3486 1718 3557 (g).
1747 3485 2007 3558 Epistolas
2033 3490 2155 3543 dum.
2183 3492 2251 3544 ad
2286 3490 2536 3545 eumdem
2565 3489 2933 3545 Theodosium
2963 3491 3029 3544 de
3060 3488 3461 3557 quaestionibus
3492 3489 3613 3556 qui-

366 3584 615 3645 busdam,
640 3578 833 3634 Graece
861 3588 915 3631 et
946 3575 1143 3629 Latine
1188 3582 1406 3630 exstant
1435 3574 1487 3627 in
1518 3571 1652 3628 lure
1696 3571 1881 3629 erco
1917 3573 2151 3631 Romano
2188 3576 2414 3635 Frelieri
2453 3587 2587 3631 tom.
2621 3576 2662 3641 I,
2697 3592 2820 3647 pag.
2871 3577 3136 3640 Sil-5M,
3177 3585 3233 3631 et
3279 3576 3330 3628 in
3373 3576 3614 3629 editione

361 3668 711 3723 Boiielldiana
742 3664 917 3719 Graac.
945 3679 998 3732 p.
1036 3663 1157 3727 197,
1180 3670 1233 3716 et
1263 3661 1383 3715 Lat.
1411 3675 1465 3730 p.
1492 3658 1621 3718 2'55.
1649 3659 1902 3717 Occurrit
1925 3661 2089 3717 etiam
2109 3662 2301 3719 Latine
2325 3667 2377 3718 in
2401 3664 2712 3734 Appendice
2738 3665 2803 3717 ad
2833 3662 2973 3716 Bibl.
3009 3662 3232 3717 Patrum
3266 3662 3610 3731 Bigneaimm.

364 3774 414 3811 a.
449 3754 611 3816 1579,
641 3762 697 3806 et
729 3754 782 3805 in
811 3750 1048 3814 caeteris,
1083 3764 1218 3818 quas
1260 3748 1371 3816 iam
1407 3748 1729 3813 memoravi,
1765 3746 2113 3805 Bibliotheca
2138 3749 2361 3805 Patrum
2407 3751 2757 3809 editionibus.
2796 3765 2851 3803 ni
2893 3750 3064 3819 Lugd.
3103 3760 3233 3803 tom.
3267 3748 3383 3808 XII,
3423 3766 3475 3817 p.
3508 3748 3613 3799 516

363 3859 478 3913 seq.
516 3840 682 3895 Risu.
732 3838 950 3891 Maximi
1000 3837 1254 3891 monachi
1282 3837 1607 3902 Question“
1642 3851 1808 3891 sacra:
1840 3835 1935 3891 Mil

2035 3837 2067 3894 1.
2093 3839 2162 3892 ad
2218 3836 2809 3907 Nicephorurlimtoiili.
2856 3849 2980 3892 sunt
3014 3838 3066 3891 in
3100 3838 3222 3892 cod.
3259 3837 3488 3891 Vindob.
3524 3836 3607 3899 17,

363 3934 415 3986 ὅ.
465 3929 523 3983 ν.
557 3929 810 3982 Lambec.
844 3924 1056 3980 Comm.
1090 3923 1350 3995 V|,,part.
1384 3938 1424 3990 ι,
1453 3940 1507 3995 p.
1540 3922 1664 3979 125.
1701 3923 1756 3978 In
1785 3927 1907 3980 cod.
1938 3923 2078 3980 Bibl.
2108 3924 2342 3981 Vindoh.
2378 3925 2465 3992 12,
2499 3941 2554 3978 n.
2591 3924 2654 3977 17
2706 3934 2761 3978 et
2800 3925 2889 3987 18,
2925 3935 3051 3978 Suttl
3085 3927 3205 3978 dna:
3246 3923 3348 3977 illa:
3374 3924 3612 3992 cpistola:

366 4018 590 4085 Nicepli.
618 4014 962 4083 chartophyl.
1016 4013 1081 4064 ad
1117 4012 1476 4067 Theodosium
1527 4013 1887 4075 monachum,
1922 4015 2231 4079 canonicae;
2265 4023 2429 4083 atque
2473 4013 2676 4067 Kollar.
2720 4013 2773 4067 in
2805 4012 3086 4082 Supplem.
3118 4013 3184 4065 ad
3222 4011 3411 4068 Lamb.
3451 4011 3611 4064 Com-

367 4113 533 4158 ment.
564 4103 671 4158 col.
708 4101 808 4155 117
835 4114 950 4167 seq.
993 4114 1101 4153 non
1141 4100 1319 4153 solum
1350 4099 1682 4167 suspicatur,
1702 4099 2082 4168 Nicephorum
2121 4099 2625 4171 citartopliylacem‘
2661 4099 2913 4153 ﬂoruisse
2945 4101 3165 4152 ineunte
3191 4100 3390 4152 sarculo
3434 4114 3608 4160 nouo;

368 4200 461 4245 sed
500 4192 664 4244 etiam
698 4190 945 4251 adnotat,
978 4187 1099 4239 cod.
1135 4184 1340 4239 Caisar.
1381 4193 1436 4239 ct
1469 4185 1752 4253 aliquanto
1798 4186 2159 4255 copiosiorem
2190 4201 2314 4240 esse
2350 4186 2601 4256 exemplo
2646 4184 3003 4251 Frelieriano,
3033 4192 3089 4237 et
3112 4186 3248 4237 adeo
3291 4184 3512 4237 diil'erre
3545 4188 3611 4238 ab

366 4295 452 4340 eo,
491 4287 548 4330 ut
571 4278 636 4329 ad
666 4289 784 4328 eam
833 4273 1207 4326 diversitatem
1251 4273 1785 4326 commonstrandam
1821 4287 1956 4326 nova
1986 4272 2127 4327 illius
2158 4273 2397 4327 editione
2426 4287 2564 4342 Opus
2592 4273 2683 4325 sit.
2723 4272 2773 4324 lit
2800 4273 2968 4325 altera
2999 4285 3238 4339 quoque.
3271 4285 3394 4324 cum
3432 4274 3614 4339 priore

316 4354 319 4357 ’
367 4365 628 4419 continuo
661 4360 887 4426 scripta,
916 4357 1149 4425 epistola
1184 4356 1334 4410 locus
1364 4356 1433 4410 de
1469 4355 1697 4411 Joannis
1735 4356 2008 4411 Nesteuta:
2036 4357 2216 4412 libello
2251 4359 2638 4424 Ptnnitentiali,
2670 4369 2729 4410 ut
2759 4359 3068 4426 suspicatur
3102 4356 3395 4419 Kollarius,
3423 4367 3476 4409 et
3505 4359 3609 4409 alia

368 4449 766 4521 quamplurima
795 4446 1133 4498 emendatius
1186 4456 1240 4497 et
1287 4445 1499 4513 plenius
1527 4446 1579 4499 in
1604 4446 1729 4500 cod.
1764 4443 1996 4500 Vindob.
2017 4445 2217 4514 scripta
2262 4456 2590 4511 sunt,quam
2623 4460 2653 4497 a
2683 4440 2925 4498 Frehero
2957 4444 3173 4497 luerunt
3202 4445 3341 4513 typis
3374 4446 3614 4498 edita.—

373 4541 445 4591 Iis
479 4533 726 4605 epistolis
767 4531 992 4599 Nicepli.
1027 4531 1374 4599 chartopbyl.
1406 4533 1472 4584 ad
1508 4530 1892 4595 Theodosium,
1925 4536 2245 4585 monachum
2274 4532 2638 4596 Corinthium,
2668 4531 3074 4586 continentibus
3118 4530 3446 4587 solutionem
3476 4548 3613 4600 qua-

371 4624 617 4679 rumdam
646 4620 1033 4688 quaestionum,
1056 4626 1313 4684 excerpta
1337 4619 1534 4670 suntin
1560 4620 1680 4673 cod.
1712 4617 1874 4674 Laur.
1911 4618 2101 4674 Medic.
2131 4619 2196 4683 II,
2224 4635 2281 4673 n.
2302 4619 2392 4693 82,
2423 4620 2556 4689 plut.
2588 4619 2642 4683 5,
2666 4628 2719 4673 et
2749 4618 2986 4673 Bandin.
3018 4621 3069 4673 in
3096 4620 3214 4674 Cat.
3242 4621 3400 4675 codd.
3424 4619 3518 4675 Gr.
3546 4621 3610 4684 It,

372 4727 495 4782 pag.
524 4710 579 4772 9,
615 4709 767 4778 plura
797 4707 885 4760 hic
914 4718 1034 4759 esse
1063 4714 1342 4773 excerpta,
1378 4721 1539 4776 quam
1575 4706 1627 4759 in
1655 4696 1965 4763 Leun‘clavii
1997 4709 2129 4765 Jitre
2157 4708 2253 4765 Gr.
2286 4710 2439 4766 Rom.
2482 4712 2577 4767 lib.
2605 4727 2656 4774 v,
2685 4728 2736 4780 p.
2763 4710 2853 4772 34,
2882 4694 3158 4765 observat.
3191 4741 3257 4751 —
3286 4710 3344 4763 In
3374 4710 3610 4778 Deereto,

369 4807 516 4853 edito
552 4796 703 4851 circa
733 4794 986 4846 unionem
1019 4791 1212 4862 synodi
1249 4807 1372 4846 cum
1399 4790 1583 4847 Leone
1611 4794 2042 4851 Chalcedonensi
2070 4808 2125 4851 et
2157 4800 2303 4853 circa
2330 4799 2473 4867 piam
2502 4799 2825 4851 sententiam
2854 4799 2918 4849 de
2945 4796 3263 4849 adoratione
3293 4796 3610 4864 imaginum,

371 4891 439 4940 ah
478 4887 803 4952 imperatore
860 4880 1050 4932 Alexio
1097 4877 1377 4931 Conincno
1423 4880 1589 4948 (quod
1647 4881 1924 4935 decretum
1970 4882 2265 4938 Montl'auc.
2315 4885 2368 4937 in
2416 4883 2672 4937 Biblioth.
2719 4880 2889 4937 Coisl.
2940 4900 2991 4950 p.
3034 4881 3137 4936 105
3189 4899 3346 4952 seqq.
3391 4898 3456 4936 ex
3490 4886 3615 4936 cod.

371 4972 597 5026 Coislin.
629 4966 720 5032 56,
765 4967 952 5021 (ἶτωω
983 4980 1105 5019 cum
1140 4963 1260 5017 Lat.
1293 4965 1547 5021 versione
1581 4966 1867 5038 vulgavit),
1903 4971 2047 5023 inter
2088 4981 2449 5041 congregatos
2485 4979 2781 5025 occurrunt
2811 4968 3177 5038 Nicephorius,
3227 4968 3458 5039 Gangia:
3500 4971 3613 5039 cpi-

373 5071 594 5124 scopus,
629 5063 685 5108 et
712 5051 1051 5119 Nicephorius
1078 5050 1362 5115 diaconus,
1390 5052 1519 5104 olim
1569 5055 1984 5125 ehartophylax.
2010 5085 2081 5095 —-
2110 5058 2164 5110 In
2189 5062 2289 5112 cod
2307 5056 2532 5112 Coislin.
2553 5056 2647 5128 (V.
2678 5056 2974 5110 Montfauc.
3008 5055 3148 5109 Bibl.
3183 5054 3350 5110 Coisl.
3378 5072 3433 5124 p.
3462 5058 3613 5126 325),

374 5144 610 5211 Epistola
648 5142 713 5194 ad
747 5137 1100 5198 Methodium,
1126 5153 1272 5192 mou.
1296 5140 1679 5205 responsiones
1695 5142 1761 5193 ad
1786 5142 1846 5194 17
1884 5142 2216 5213 interrogata
2268 5146 2757 5211 comprehenderis,
2806 5144 3068 5196 tribuitur
3112 5143 3421 5207 Theodoro,
3454 5159 3614 5210 quam

372 5236 471 5285 sub
501 5228 725 5297 Niceph.
756 5225 915 5280 CPol.
960 5223 1181 5279 nomine
1207 5221 1303 5278 Gr.
1330 5224 1537 5279 et‘Lat.
1566 5227 1805 5296 vulgavit
1832 5227 2067 5283 Coteler.
2112 5242 2243 5286 tom.
2285 5230 2329 5283 Il
2361 5230 2750 5285 Monumentor.
2791 5228 3043 5284 Ecclesia:
3069 5229 3164 5284 Gr.
3204 5247 3257 5301 p.
3286 5230 3411 5285 453.
3446 5230 3615 5287 Ilaun.

452 5315 570 5369 Vita
600 5314 844 5385 Dionysii
906 5314 1266 5381 Areopagila',
1303 5326 1424 5381 quae
1457 5313 1764 5383 Nicepiioro
1812 5315 2104 5371 Cl’olitano
2152 5319 2409 5371 tribuitur
2462 5318 2513 5370 in
2546 5317 2808 5387 Calalugo
2846 5316 3160 5371 Barbcrina:
3190 5318 3317 5372 bibl.
3353 5333 3408 5372 et
3440 5328 3619 5373 cits-tat

374 5410 426 5458 in
460 5405 595 5459 edit.
628 5404 867 5473 Dionysii
896 5400 1233 5456 Corderiana
1262 5411 1391 5456 tom.
1422 5400 1485 5467 II,
1513 5416 1639 5473 pag.
1661 5402 1784 5468 201,
1818 5406 1982 5472 petita
2006 5415 2178 5459 estex
2206 5406 2344 5459 libro
2372 5421 2408 5459 ιι
2445 5403 2732 5472 Nicephori
2756 5404 2965 5459 Callisti
3002 5403 3148 5459 llist.
3171 5407 3353 5459 ecclei.
3378 5420 3499 5476 cap.
3527 5410 3616 5460 :10.

379 5489 847 5560 Quemadmodum
883 5487 1102 5543 Scholia
1139 5490 1193 5542 in
1226 5486 1543 5557 Synesium,
1582 5492 1759 5546 eidem
1791 5492 2100 5562 Nicephoro
2154 5493 2451 5547 CPolitano
2502 5495 2739 5561 ascripta
2772 5494 2824 5544 in
2857 5491 3048 5546 eodem
3079 5490 3367 5560 Catalogo,
3409 5510 3559 5548 ευιιδι
3603 5504 3621 5546 t

443 5625 519 5696 (ῃ)
554 5624 698 5707 Alias
730 5625 852 5707 edd.
881 5623 1410 5707 v.nin‘_Calai:_bilii.
1444 5626 1746 5707 Leidensis,
1774 5627 1937 5707 p._58.

2050 5630 2175 5707 data
2205 5644 2259 5707 ν.
2291 5627 2508 5707 52).‘e‘st
2546 5628 3173 5707 ’Erftoro}i;_Ntxncpd_pou
3208 5630 3620 5707 χαρςαφύὶικος

395 5694 530 5750 ..⁷1η
572 5698 675 5752 toti.
745 5694 832 5754 5:2.
868 5710 921 5750 u.
952 5694 984 5750 9
1022 5696 1183 5755 (teste
1223 5694 1456 5751 Maltiia'i
1494 5698 1544 5750 in
1582 5694 1783 5754 Notitia
1825 5701 1941 5754 lau-

1886 5718 1941 5754 u-
2056 5700 2126 5751 Τὸ
2158 5694 2305 5752 λύειν
2335 5694 2429 5752 καὶ
2449 5700 2669 5767 δεσμεῖν
2698 5701 2810 5762 τοῖς
2825 5694 3172 5769 ἂρχιερεῦσι.
3209 5694 3237 5699 ’⁷
3282 5694 3458 5753 Hann.
