3980 6140
225 307 297 371 37
1777 309 1817 368 V
1829 309 1967 368 [ΤΑ.
2655 313 2664 321 ’
3421 313 3496 371 ου’

231 339 290 371 ,η
1786 339 1806 368 γ
1833 339 1967 368 un.

231 419 425 496 studio
459 415 939 496 Dionysiijfetavii
990 432 1019 470 c
1049 415 1310 472 societate
1340 415 1487 480 Jesu,
1530 432 1651 470 cum
1682 417 1920 480 ejusdem
1974 417 2116 472 netis
2151 417 2570 487 chronologicis.
2605 418 2829 474 Parisiia
2891 420 3069 485 mlh;
3110 431 3163 474 ct
3220 438 3284 477 ex
3339 434 3493 496 typo-

234 488 462 557 grapllia
499 489 644 558 regia
677 488 837 542 1618.

1122 577 1332 656 Opera
1365 577 1560 639 dubia
1601 579 1668 638 S.
1709 578 2055 656 Nicephori
2095 578 2475 656 patriarcha:
2502 579 2616 663 Cp.

235 677 724 753 Interpremmenta
753 682 1082 753 somniorum
1114 681 1414 753 secundum
1461 679 1700 753 ordinem
1731 674 2027 753 {tlpjla‘lielh
2061 681 2296 753 versibus
2323 681 2584 753 iambiris.
2621 680 2784 753 Edita
2806 701 2838 753 ρ
2866 681 3091 736 Nicolno
3117 678 3354 752 Iiiguitio
3381 693 3496 753 post

307 750 734 824 Oileit'ocriticon
760 750 1404 824 Asti-antpsychi,_eodem
1452 765 1557 817 quo
1605 749 2025 802 Oueirocriticou
2079 751 2404 804 Artemidori
2453 750 2734 805 volumine.
2793 751 2859 806 1η
2909 765 3096 824 quarto
3149 749 3396 816 Lutetia',
3433 769 3498 807 ea:

311 819 520 887 olﬁcinu
555 817 773 872 Claudii
808 817 1051 881 Morelli,
1082 820 1242 873 1603.

235 887 522 941 Maturius
589 889 830 956 Magnes,
867 905 958 940 seu
1008 888 1072 942 de
1107 888 1349 941 Macario
1392 887 1654 956 Magnete,
1711 898 1924 940 auctore
1982 889 2352 948 vetustissimo,
2388 897 2617 941 veterum
2667 907 2728 942 ac
2785 894 3131 944 recentiorum
3169 893 3495 947 testimonia.

307 956 454 1012 Item
481 953 780 1026 fragrrtcnta
807 973 874 1011 ea.
907 961 1145 1026 ejusdem
1175 959 1321 1010 libris
1344 953 1611 1024 excerpta}
1647 957 1894 1026 pleraque
1922 973 2059 1010 nunc
2090 959 2316 1023 primum
2341 974 2366 1010 e
2389 959 2764 1026 manuscriptia
2795 963 3062 1014 codicibus
3090 964 3423 1031 deprompta.
3521 956 3535 969 ’

1136 1044 1342 1106 Index
1377 1063 1611 1117 eorum,
1641 1062 1774 1123 qua:
1805 1047 1920 1108 hoc
1957 1044 2166 1107 libello
2200 1047 2624 1108 continentur.

307 1148 352 1196 1.
393 1143 650 1198 l’rarl'atio
691 1143 914 1197 Joannis
951 1143 1206 1206 Boivinii,
1238 1144 1304 1198 (le
1327 1143 1564 1196 Macario
1599 1143 1847 1212 Magnete
1893 1152 1949 1197 et
1981 1145 2047 1198 de
2081 1143 2201 1208 ejus
2231 1145 2508 1212 operibus.
2542 1173 2612 1186 -
2645 1147 2708 1200 ll.
2752 1147 3148 1203 Testimonium
3201 1151 3378 1208 Photii
3428 1156 3498 1210 de

233 1215 501 1276 Marario,
559 1215 866 1292 Magnetum
919 1215 1286 1292 episcopo.—
1323 1213 1408 1292 lli.
1466 1212 1542 1292 ρο
1588 1212 2036 1292 verbis-Macarii
2103 1213 2410 1282 Magnetis,
2444 1230 2580 1292 quae
2625 1213 2964 1292 lcouomarhi
3019 1231 3204 1292 contra
3239 1225 3498 1292 imagines

235 1299 432 1338 sacras
464 1355 472 1356 ί
504 1286 875 1350 protulerant.
923 1283 1240 1356 .‘\__ntis_titut_u
1283 1283 1708 1356 orthodoxorum
1767 1282 2122 1356 disputatio;
2155 1298 2260 1351 qua
2315 1282 2677 1356 continentur,
2715 1290 2878 1341 Inttlta
2925 1305 2987 1342 ex
3046 1290 3282 1356 ejusdem
3338 1282 3493 1347 libris

233 1355 562 1420 aporriticis
593 1363 873 1420 excerpta.
923 1350 1009 1406 IV.
1061 1351 1396 1405 TeStimonia
1453 1355 1842 1406 recentiorum.
1901 1353 2031 1405 Item
2083 1350 2408 1419 Fragmenta
2455 1355 2890 1420 apocriticorum,
2929 1376 2956 1410 a
2992 1350 3260 1412 Turriano
3285 1371 3336 1416 et
3374 1364 3498 1418 aliis

229 1425 562 1494 qmlmsdam
591 1423 986 1494 recentioribus
1009 1423 1182 1494 e_dita_._
1205 1421 1266 1475 V.
1303 1420 1628 1494 Fragmenta
1657 1421 2038 1475 commentarii
2073 1421 2317 1491 ejusdem
2353 1421 2573 1476 Macarii
2611 1423 2874 1493 Magnetis
2909 1427 2960 1480 iu
2993 1427 3270 1494 chesim,
3302 1446 3366 1484 ex
3391 1448 3494 1488 ms.

227 1494 428 1546 codice
457 1493 885 1548 etuineutissimi
919 1491 1217 1544 cardinalis
1239 1491 1496 1544 Ultoboui
1521 1490 1829 1558 desumpta.
2107 1490 2127 1508 ⁷

454 1585 727 1640 Hactenus
753 1596 1059 1654 conspectus
1082 1601 1300 1654 operum
1329 1583 1392 1638 S.
1428 1583 1718 1653 Nicepltori
1757 1582 1938 1638 CPoi.
1981 1585 2046 1638 ab
2086 1585 2331 1640 Anselmo
2365 1585 2638 1640 Bandurio
2657 1586 2884 1655 junctim
2940 1588 3283 1644 edendorum.

525 1723 1666 1961 sulcantem
1757 1825 1995 1954 GP.
2067 1766 3141 1960 PATRIARCH/E

1661 2041 2062 2157 VITA.

903 2217 1045 2277 (Acta
1085 2217 1376 2270 Sanctorum
1421 2215 1668 2276 Bolland.,
1713 2213 1852 2266 Marti

1924 2221 2040 2266 tom.
2081 2219 2146 2280 ῐῙ,
2189 2219 2270 2270 die
2311 2221 2388 2283 15,
2419 2237 2466 2284 p.
2501 2223 2595 2272 294
2615 2231 2662 2272 et
2700 2224 2832 2285 70L)

1051 2361 2007 2504 COMMENTARIUS
2093 2409 2692 2509 anvws.

297 2633 350 2688 1.
389 2631 637 2686 Celebris
666 2637 748 2684 est
787 2629 875 2682 hic
915 2629 1029 2683 dies
1058 2631 1409 2686 veneratione
1448 2633 1620 2687 sancti
1650 2631 1813 2689 Nice-
1841 2643 1890 2698 Α
1914 2630 2194 2686 Februarii
2222 2628 2290 2684 ad
2322 2628 2505 2683 Vitam
2555 2629 2732 2684 sancti
2782 2628 3016 2698 Tarasii,
3066 2633 3118 2686 in
3153 2647 3256 2704 qua
3287 2637 3486 2692 asserit

255 1719 522 1734 *-

637 1721 911 1733 "—0—

3212 1723 3460 1746 um“

221 2725 384 2794 phori
405 2723 732 2792 patriarchm
753 2720 1337 2790 ConstantinOpolitani
1361 2723 1497 2791 apud
1520 2722 1744 2779 Latinos
1757 2735 1812 2779 et

230 2811 464 2867 (ἑταῖρος
499 2831 513 2864 :
550 2813 618 2866 de
647 2826 756 2880 quo
779 2808 998 2863 Tabulm
1035 2807 1409 2882 Martyrologii
1450 2811 1677 2867 Romani
1708 2815 1810 2868 ista

226 2904 470 2956 habent:
495 2919 514 2952 ι
539 2900 1003 2968 Contantiuopoli,
1025 2901 1208 2955 Sancti
1239 2901 1528 2970 Nicephori
1549 2905 1809 2974 episc0pi,

223 2997 344 3064 qui,
369 3008 721 3065 paternarum
745 2995 1092 3048 traditionem
1111 3005 1477 3064 propugnator
1489 2997 1808 3064 acerrimus,

225 3087 400 3143 Leoni
457 3089 697 3142 Armeno
751 3087 1066 3158 imperatori
1117 3087 1469 3142 lconoclasta:
1515 3103 1612 3157 pro
1662 3089 1811 3145 cultu

224 3189 550 3236 sanctarum
584 3181 878 3249 imaginum
913 3195 972 3235 se
999 3189 1316 3235 constanter
1343 3182 1615 3250 opposuit,
1646 3196 1674 3234 a
1702 3197 1812 3250 quo

228 3273 499 3326 ntultatus
543 3271 759 3338 exsilio,
797 3273 996 3326 ibidem
1047 3272 1455 3340 quatuordecim
1505 3273 1663 3325 anuis
1696 3272 1812 3326 lon-

223 3380 359 3435 gum
410 3365 618 3419 ducens
658 3364 1006 3434 martyrium,
1042 3363 1296 3432 migravit
1327 3363 1394 3417 ad
1436 3363 1744 3418 Dominum.
1784 3382 1803 3415 ι

220 3459 416 3527 Agunt
443 3457 512 3510 de
541 3459 731 3511 eodem
765 3454 1032 3520 Molanus,
1067 3454 1324 3520 Felicius,
1371 3453 1644 3519 Canisius,
1679 3451 1812 3508 Ghi-

225 3551 358 3604 nius
395 3550 620 3618 aliique.
667 3547 762 3600 Est
799 3556 977 3602 autem
1017 3547 1104 3601 hic
1133 3547 1269 3612 dies,
1303 3556 1367 3602 ut
1404 3547 1540 3602 infra
1572 3547 1623 3600 in
1658 3548 1811 3600 Actis

223 3642 632 3711 posterioribus
664 3639 881 3708 legitur,
907 3657 923 3688 ι
955 3639 1152 3707 duplici
1175 3654 1232 3693 re
1253 3639 1644 3704 memorabilis,
1667 3639 1808 3707 quod

227 3747 366 3788 tunc
399 3733 451 3786 in
476 3717 726 3786 exsilium
755 3730 960 3799 ejectus
983 3731 1164 3795 fuerit,
1191 3739 1246 3784 at
1269 3731 1634 3799 potissimum,
1667 3729 1807 3798 quod

223 3839 452 3878 sacrum
489 3823 607 3890 ejus
636 3837 832 3890 corpus
851 3822 1372 3892 Constantinopolim
1405 3823 1658 3885 relatum,
1693 3802 1809 3876 ina-

224 3917 398 3970 nibus
429 3914 602 3967 saacti
641 3911 924 3974 Methodii,
950 3913 1002 3966 in
1033 3913 1388 3967 celeberrimo
1426 3896 1806 3980 Apostolorum

225 4006 458 4073 templo,
493 4003 546 4056 iu
575 4003 820 4072 sepulcro
847 4019 1039 4058 recens
1067 4014 1344 4058 exstructo
1364 4005 1461 4059 hoc
1494 4006 1654 4060 tertio
1684 4007 1808 4060 ldus

225 4097 418 4152 Martii
456 4097 822 4164 compositum
855 4095 1038 4151 fuerit.
1081 4113 1099 4146 ι
1138 4095 1310 4150 Οτωεῑ
1347 4097 1398 4148 in
1435 4097 1551 4151 suis
1587 4095 1809 4152 Mentcis

219 4187 452 4243 excusis
493 4201 555 4238 ac
586 4200 751 4238 manu
793 4187 1034 4238 exaratis
1083 4185 1362 4240 celebrant
1406 4186 1509 4240 hoe
1540 4187 1627 4240 die
1657 4201 1807 4239 eam-

221 4281 352 4334 dem
399 4276 648 4345 corporis
699 4260 1161 4342 translationem,‘
1201 4277 1448 4331 encomio
1493 4293 1559 4332 ex
1601 4278 1805 4332 eisdem

219 4372 387 4426 Actis
415 4370 730 4436 desumpta.
761 4370 830 4420 At
871 4368 1128 4436 primaria
1159 4365 1275 4433 ejus
1308 4366 1621 4421 solemnitas
1651 4383 1806 4436 pera-

215 4465 376 4530 gitur
405 4460 491 4514 die
519 4459 758 4512 secundo
799 4455 968 4522 Junii,
1001 4474 1108 4526 quo
1137 4458 1292 4527 exsul
1327 4459 1426 4512 hac
1455 4460 1665 4512 mortali
1697 4461 1804 4512 vita

219 4567 454 4612 exutus,
489 4550 555 4604 ad
593 4550 952 4604 immortalem
1004 4560 1374 4618 (etet-namque
1418 4551 1802 4604 beatitudinem

217 4644 501 4711 tioriosus
542 4641 818 4710 migravit.
845 4640 1104 4706 Qutetnm
1134 4641 1305 4694 Graeci
1343 4640 1502 4710 longo
1520 4650 1570 4695 et
1603 4641 1802 4696 illustri

218 4715 493 4786 lirieomio
519 4730 822 4800 proferunt,
853 4747 916 4785 ac
949 4733 1112 4786 variis
1138 4733 1260 4785 odis‘
1281 4740 1334 4786 et
1364 4732 1580 4802 hymnis
1609 4735 1806 4787 decan-

219 4835 364 4890 tant,
413 4825 466 4876 in
518 4823 791 4892 prioribus
839 4823 990 4877 Actis
1063 4823 1428 4876 cautinentur.
1491 4823 1802 4879 Grtecorum

217 4916 478 4984 taxeitiplo
524 4915 592 4968 ad
644 4915 894 4978 eumdem
945 4913 1086 4967 diem
1145 4917 1380 4968 refertur
1424 4929 1454 4968 a
1495 4913 1704 4970 Molano
1750 4917 1802 4970 in

220 5007 489 5058 Auctario
532 5003 765 5059 Usuardi
797 5011 852 5056 et
887 5001 1141 5056 Ferrario
1167 5005 1219 5056 in
1247 5003 1506 5074 Catalogo
1539 5007 1802 5073 generali.

291 5097 348 5148 2.
382 5097 542 5155 Acta,
573 5102 630 5147 ut
663 5093 922 5155 diximus,
955 5093 1187 5158 duplicia
1215 5095 1424 5159 damus,
1463 5095 1640 5161 priora
1677 5099 1805 5150 hae-

215 5198 382 5241 tenus
437 5185 645 5238 inedita
705 5183 926 5252 scripsit
988 5183 1258 5252 lgnatius,
1293 5194 1428 5238 teste
1459 5183 1646 5251 Suida,
1687 5187 1800 5240 dia-

210 5290 392 5330 conus
439 5285 494 5326 et
531 5286 783 5326 vasorum
817 5279 998 5325 custos
1028 5271 1228 5340 Magna:
1250 5269 1503 5326 Ecclesiae
1530 5271 1798 5326 Constan-

212 5365 620 5436 tinopolitante,
669 5361 795 5416 dein
845 5361 1018 5416 factus
1063 5360 1295 5414 NiCtEﬂiB
1365 5361 1799 5428 metropolitanze

209 5457 645 5514 Grammaticus.
683 5454 801 5521 llic,
845 5453 996 5508 addit
1046 5453 1186 5507 idem
1243 5453 1439 5506 Suidas
1471 5492 1486 5518 ,
1523 5471 1542 5504 ι
1582 5455 1800 5522 scripsit

209 5550 364 5604 Vitas
406 5547 628 5602 Tarasii
662 5556 712 5600 et
742 5545 1054 5614 Nicephori,
1081 5553 1393 5598 sanctorum
1429 5553 1483 5598 et
1513 5546 1794 5600 beatorum

207 5637 677 5710 patriarcharum,
739 5654 758 5687 ›
825 5644 880 5690 et
935 5635 1036 5688 alia
1091 5633 1242 5703 plura
1267 5673 1292 5701 ,λ
1339 5644 1396 5688 ut
1441 5635 1673 5689 diximus
1725 5638 1796 5688 ‘25

1913 2737 1972 2777 se
2001 2720 2158 2789 hujus
2196 2720 2521 2790 discipulum
2565 2719 2732 2776 fuisse
2790 2721 2842 2775 in
2888 2733 3006 2778 arte
3049 2726 3258 2792 poetica
3289 2739 3342 2781 et
3369 2743 3493 2782 Car-

1915 2812 2149 2866 minibus
2177 2795 2479 2881 pangendis
2503 2810 2885 2876 exercitatum,
2915 2827 3100 2867 sacras
3125 2815 3242 2884 ejus
3271 2820 3492 2871 concio-

1915 2921 2011 2960 nes
2040 2906 2202 2959 celeri
2235 2903 2446 2958 calamo
2469 2911 2756 2971 excerptas
2783 2903 2832 2956 iu
2865 2904 3105 2959 codicem
3134 2908 3404 2974 retulisse,
3429 2925 3492 2965 ac

1914 2998 2132 3051 demum
2161 2981 2418 3050 morienti
2450 2997 2714 3050 astitisse.
2744 2993 3016 3050 Successit
3046 3009 3234 3053 saneto
3267 2999 3493 3056 Tarasio

1914 3087 2272 3157 Nlccphorus,
2309 3101 2468 3156 quem
2513 3095 2723 3154 patrem
2760 3103 2916 3140 suum
2947 3089 3180 3157 appellat
3228 3091 3490 3159 lgnatius,

1915 3194 2082 3247 seque
2111 3179 2224 3248 ejus
2255 3179 2419 3232 lilium
2455 3177 2704 3248 agnoscit
2731 3179 2832 3232 sub
2864 3180 3077 3234 initium
3115 3181 3272 3247 Viue,
3304 3196 3358 3236 et
3395 3187 3494 3240 ite-

1915 3285 2032 3322 rum
2083 3273 2185 3322 sub
2234 3271 2395 3323 linem
2447 3284 2514 3324 ex
2558 3269 2819 3340 singulari
2882 3273 3234 3326 veneratione
3299 3289 3492 3328 omnes

1915 3360 2192 3413 interioris
2227 3360 2392 3414 animi
2429 3375 2624 3416 sensus
2657 3360 2908 3427 eﬂ'undit,
2937 3369 2993 3416 et
3020 3364 3163 3432 quod
3197 3365 3493 3435 aliquando

1913 3451 1966 3505 in
2002 3452 2272 3506 haereseos
2299 3467 2544 3507 errorem
2604 3461 2876 3508 attractus
2939 3452 3142 3520 fuerit,
3206 3459 3490 3525 deplorat,
3562 3443 3574 3450 ’

1911 3545 2134 3614 ejuSque
2201 3541 2504 3612 patrocinio
2576 3552 2736 3613 atque
2809 3547 3060 3616 exemplo
3112 3563 3170 3602 se
3219 3549 3287 3602 ad
3348 3553 3489 3605 viam

1913 3637 2158 3724 veritatis
2191 3638 2472 3690 reductum
2526 3637 2748 3691 indicat.
2780 3635 3046 3692 Nonnulla
3089 3641 3157 3694 de
3189 3656 3254 3696 eo
3302 3643 3352 3696 in
3385 3643 3500 3714 epi-

1911 3728 2044 3781 Slolu
2080 3727 2393 3795 interpretis
2427 3743 2548 3782 mox
2572 3727 2771 3782 sdanda
2809 3729 3176 3782 continentur.
3217 3729 3487 3786 Cmter‘um

1911 3819 2096 3872 eadem
2130 3821 2259 3897 Acta
2315 3820 2690 3881 damusmore
2731 3827 2916 3872 nostro
2956 3820 3006 3872 in
3063 3821 3236 3888 capita
3273 3831 3326 3874 et
3385 3837 3487 3876 nu-

1913 3925 2093 3965 rueros
2129 3911 2425 3971 distincta,
2482 3919 2538 3963 et
2589 3911 2930 3964 uberioribus
2993 3915 3357 3966 natationibus
3416 3929 3485 3967 ex

1845 3987 1884 4042 Β
1909 3999 2147 4068 antiquis
2190 3999 2550 4066 scriptoribus
2585 3999 2944 4054 illustramus.
2981 3999 3290 4056 Posteriora
3347 4004 3483 4058 Acta

1910 4091 2235 4158 conscripsit
2264 4089 2620 4158 Theophanes
2651 4092 2934 4160 presbyter
2972 4099 3026 4145 et
3061 4094 3483 4161 pr°:rposittts,_in

1909 4181 2103 4250 quibus
2139 4181 2322 4250 paucis
2355 4181 2794 4249 perstringuntur
2843 4195 2904 4235 ea
2961 4198 3082 4252 quin
3117 4185 3182 4238 ad
3214 4185 3376 4238 vitam
3429 4196 3485 4241 et

1907 4274 2158 4326 ersilium
2200 4283 2471 4343 spectant,
2521 4273 2666 4343 quod
2691 4288 2751 4328 ea
2801 4285 2990 4328 essent
3027 4291 3054 4327 a
3093 4276 3236 4330 dicto
3275 4277 3482 4346 lguatio

1909 4373 2166 4417 accurate
2197 4349 2419 4417 narrata
2455 4383 2468 4418 :
2499 4373 2552 4418 at
2589 4379 2709 4434 qua:
2761 4367 3104 4434 postmodum
3155 4367 3206 4420 in
3249 4369 3479 4422 solemni

1910 4455 2261 4510 translatione
2317 4457 2562 4524 corporis
2598 4469 2816 4524 peracta
2873 4469 3021 4526 sunt,
3084 4459 3249 4512 tradit
3289 4470 3480 4514 auctor

1907 4557 2141 4609 cernvus,
2180 4546 2254 4598 uti
2283 4559 2347 4599 ex
2377 4546 2589 4616 epilogo
2635 4547 2978 4616 colligimus,
3033 4550 3119 4603 ubi
3175 4551 3242 4605 ad
3286 4568 3470 4606 arcam

1909 4633 2150 4707 translati
2183 4637 2429 4705 corporis
2465 4653 2587 4692 cum
2643 4639 2913 4693 desiderio
2954 4643 3182 4704 accedit,
3235 4654 3289 4696 et
3319 4660 3474 4712 Opem

1905 4723 2148 4791 ejusdem
2177 4725 2414 4791 invocat,
2464 4736 2522 4779 ut
2568 4725 2808 4782 Ecclesia
2841 4737 3028 4784 sancta
3083 4732 3134 4784 in
3171 4735 3478 4802 tranquilli-
3545 4743 3554 4750 '

1905 4813 2038 4874 tate,
2072 4830 2236 4882 quam
2269 4825 2395 4869 tunc
2429 4817 2531 4870 sub
2588 4827 2776 4872 sancto
2813 4817 3084 4874 Methodio
3123 4831 3280 4876 nacta
3333 4835 3474 4888 erat,

1907 4904 2076 4972 possit
2112 4919 2484 4973 perseverare.
2530 4909 2784 4964 Dedimus
2821 4909 2888 4962 12
2916 4910 3094 4966 Martii
3137 4915 3272 4968 Acta
3303 4918 3479 4973 Sancti

1909 4992 2274 5064 Theophanis,
2315 5000 2616 5069 presbyteri
2643 5001 2808 5054 etiam
2857 5011 2912 5055 et
2958 5007 3253 5073 pravpositi,
3289 5008 3392 5059 imo
3423 5018 3477 5062 et

1907 5086 2136 5141 illustris
2181 5090 2488 5157 scriptoris.
2529 5093 2621 5145 sed
2677 5107 2838 5162 quem
2895 5096 3041 5148 circa
3089 5111 3289 5148 annum
3349 5097 3476 5164 720,

1905 5193 2013 5248 quo
2057 5191 2296 5250 tempore
2349 5181 2686 5250 Nicephorus
2734 5185 2786 5236 in
2843 5185 3035 5239 exsilio
3092 5197 3334 5254 superat,
3369 5189 3477 5243 vita

1907 5267 2147 5323 functura
2179 5269 2343 5324 fuisse
2363 5270 2624 5325 diximus.
2655 5270 2806 5324 Alius
2825 5285 2954 5340 ergo
2979 5273 3067 5325 hic
3095 5283 3279 5326 noster
3305 5273 3478 5330 Theo-

1907 5360 2110 5428 phanes
2163 5369 2244 5413 est
2289 5372 2344 5415 et
2383 5361 2660 5430 aliquanto
2690 5361 2879 5430 junior
2931 5363 3134 5431 :cujus
3185 5365 3476 5420 elucubra-

1911 5455 2108 5507 tioucm
2141 5451 2383 5506 Graecam
2419 5453 2486 5507 de
2515 5463 2704 5508 sancto
2737 5453 3042 5524 Nicephoro
3076 5461 3278 5524 reperit
3305 5459 3356 5513 in
3391 5461 3478 5515 bi-

1907 5545 2173 5597 bliotbeca
2209 5543 2410 5598 Veneta
2443 5545 2695 5616 Aloysins
2725 5543 3077 5616 Lipomanus,
3114 5561 3272 5618 atque
3307 5568 3336 5605 a
3373 5552 3478 5607 Pe-

1905 5646 1989 5688 tro
2030 5635 2316 5690 Francisco
2349 5637 2482 5691 Zino
2507 5636 2698 5692 Latine
2723 5640 2987 5696 redditam
3018 5643 3183 5695 edidit
3215 5641 3295 5696 \ll
3330 5656 3475 5700 tonio
