3980 6140
476 285 548 347 δε)
1474 277 1535 334 s.
1575 255 1993 333 NlCEPlIOlti
2033 263 2546 329 rartttitncnat
2597 262 2704 320 cr.
3449 268 3459 282 ι
3670 261 3738 324 to

482 400 724 452 \‘itarnm
771 405 1086 448 sanctorum
1127 391 1348 446 Patrum
1377 393 1441 442 ad
1477 390 1622 442 hunc
1658 387 1722 440 13
1755 386 1970 449 illartii;
2001 393 2056 437 et
2085 389 2128 444 Α
2157 382 2284 450 quia
2315 382 2429 433 inec
2470 393 2535 432 ex
2591 391 2778 430 amore
2809 390 2973 430 ausus
3003 391 3148 435 sum.
3200 391 3322 445 qua:
3351 376 3485 442 dixi,
3546 391 3739 430 sacras

479 507 544 546 ex
582 505 648 542 eo
681 487 900 569 Suirius,
939 498 1102 552 quam
1135 498 1233 536 nos
1278 495 1418 535 novo
1451 479 1637 533 labore
1665 489 2013 531 exornamns.

551 583 608 637 5.
648 564 821 635 Natus
850 583 934 630 est
972 585 1196 628 sanctus
1241 570 1579 647 Nicephorius
1625 575 1744 637 post
1797 564 2063 620 concilia:

484 671 668 726 bulum
699 665 1026 736 Copronymi
1060 666 1206 720 circa
1235 675 1436 716 annum
1483 659 1608 723 758,
1638 657 1925 712 ordinatus
1957 669 2054 722 pa-

487 763 725 818 triarcha
763 761 830 812 l2
881 759 1103 829 Aprilis,
1138 758 1258 826 ipso
1279 754 1378 807 die
1407 750 1698 806 Paschalis
1729 764 1874 803 anno
1903 745 2007 800 806
2038 763 2052 810 ;

484 851 700 922 pra-luit
737 849 993 905 Ecclesia:
1026 861 1136 900 sua:
1171 859 1348 898 annos
1379 856 1602 904 novem,
1651 841 1870 906 dempto
1896 835 2056 890 unico

485 958 692 1004 mense,
712 942 767 995 in
789 941 1042 993 exsilium
1065 937 1348 1006 ablegatus
1367 948 1510 988 anno
1531 931 1636 986 8l5
1651 931 1741 984 die
1765 931 1830 984 l5
1845 927 2052 982 Martii:

488 1035 539 1086 in
557 1031 750 1086 exsilio
769 1029 904 1084 vixit
925 1028 1085 1082 annis
1111 1026 1400 1090 tredecim,
1426 1023 1638 1079 decimo
1664 1029 1858 1091 quarto
1879 1017 2057 1072 exsilii

486 1131 673 1175 sancte
708 1118 956 1173 m‘ortuus
987 1117 1080 1172 die
1118 1115 1362 1172 secundo
1384 1111 1528 1168 Junii
1557 1109 1682 1164 anni
1718 1106 1824 1164 828
1852 1120 1868 1159 :
1901 1105 2060 1174 cujus

485 1228 684 1280 corpus
709 1216 778 1265 ab
808 1210 1004 1265 exsilio
1031 1207 1262 1262 relatmn
1289 1214 1371 1260 est
1395 1215 1540 1256 anno
1564 1199 1688 1255 846.
1722 1197 1852 1263 Quae
1875 1193 2057 1249 omnia

487 1301 624 1357 infra
651 1317 716 1358 ex
776 1301 908 1370 ipsis
969 1299 1120 1354 Actis
1182 1299 1454 1350 constant.
1509 1289 1704 1344 Libros
1733 1286 1802 1339 ab
1830 1297 1898 1338 eo
1923 1297 2057 1336 con-

486 1395 720 1463 scriptos
750 1401 873 1461 post
903 1389 1040 1442 alios
1073 1395 1298 1442 enarrat
1327 1383 1612 1452 Philippus
1640 1379 1824 1434 Labbe
1854 1375 1909 1429 in
1941 1373 2060 1428 Dis-

487 1484 786 1537 sertatione
817 1479 882 1534 de
925 1476 1284 1544 scriptoribus
1333 1467 1738 1528 ecclesiasticis,
1773 1479 1931 1534 quem
1961 1477 2058 1516 cn-

493 1575 674 1627 riosns
695 1573 866 1626 lector
887 1569 1170 1623 consulat:
1204 1565 1434 1633 plurima
1464 1575 1530 1614 ex
1555 1557 1910 1613 Confessione
1937 1552 2057 1605 lldei

491 1669 556 1722 ad
621 1665 856 1720 Leonem
889 1676 1082 1732 papam
1118 1659 1308 1719 missa,
1339 1655 1415 1707 uti
1448 1661 1503 1707 et
1541 1666 1609 1704 ex
1639 1647 1916 1718 Opnsculis
1941 1645 2060 1710 ejus

2158 487 2348 542 preces
2377 481 2496 524 tuas
2527 468 2843 536 impertiens
2875 485 2886 520 :
2916 477 2971 518 ιιι
2997 467 3255 521 minimus
3280 467 3424 520 ﬁlius
3459 476 3587 521 tuus
3617 481 3740 522 esse

2158 576 2265 614 non
2300 562 2568 624 desinam,
2629 559 2721 628 qui
2767 557 3010 611 omnium
3060 557 3296 610 maxime
3351 557 3562 612 inutilis
3617 573 3739 612 sum

2155 661 2380 722 propter
2423 661 2668 721 peccata.
2731 668 2750 700 ι
2808 649 2931 704 Ιιιεο
2977 649 3043 702 ad
3095 646 3461 718 Nicephorum
3515 661 3741 705 sanctus

2160 744 2486 799 Theodorus
2523 743 2764 796 Studita.
2808 741 2958 796 Hanc
2985 742 3052 794 ad
3086 743 3222 795 Acta
3247 743 3420 794 sancti
3445 741 3737 810 Nicephori

2168 835 2510 904 progressnri
2543 833 2906 903 pra-ponimus
2929 833 3209 898 epistolam
3242 832 3524 884 reverendi
3561 831 3741 887 Patris

2159 920 2432 979 Francisci
2451 922 2789 984 Comhefisii,
2804 921 3026 976 Ordinis
3043 921 3297 975 Fratrum
3317 922 3736 975 l'rredicatorum

2160 1017 2386 1070 Parisiis
2429 1015 2496 1068 ad
2541 1024 2743 1068 sanctae
2777 1013 2960 1066 Mariae
3011 1014 3356 1066 Annnntiata:
3413 1013 3572 1067 nobis
3607 1017 3741 1066 mis-

2159 1123 2296 1162 sam.

2231 1199 2286 1253 5.
2323 1197 2645 1252 Provocavit
2678 1195 2876 1251 vestris
2906 1195 3188 1248 laboribus
3221 1195 3540 1262 productus.
3574 1193 3740 1244 mihi-

2161 1307 2268 1361 que
2306 1300 2563 1360 aspectus
2595 1289 2792 1358 triplici
2841 1287 3033 1357 grandi
3068 1287 3339 1342 volumine
3381 1287 3736 1344 Februarius,

2159 1391 2219 1434 ut
2270 1393 2326 1433 et
2379 1389 2693 1448 exspectato
2727 1377 2924 1430 Martio
2975 1376 3185 1444 aliquid
3240 1378 3527 1445 adjntricis
3559 1392 3741 1446 Opera:

2155 1469 2409 1526 conferre
2442 1469 2754 1536 studerent;
2807 1483 2871 1523 ac
2898 1469 2942 1522 si
3002 1468 3132 1539 quid
3177 1469 3306 1522 mihi
3343 1485 3374 1523 e
3417 1476 3739 1523 sanctorum

2161 1563 2336 1624 Actis,
2361 1575 2482 1630 qua:
2509 1576 2606 1614 vos
2628 1561 2950 1623 deficerent,
2974 1561 3272 1631 repositum
3298 1569 3467 1624 esset,
3489 1561 3541 1613 id
3573 1561 3628 1614 in
3659 1561 3737 1613 rei

2161 1652 2490 1708 Christianae
2519 1651 2891 1716 commodum,
2941 1651 3254 1721 Christique
3307 1667 3370 1705 ac
3419 1664 3739 1705 sanctorum

493 1762 756 1812 adversus
791 1754 1206 1816 lconomachos,
1249 1749 1388 1802 infra
1436 1747 1490 1798 in
1545 1743 1692 1798 Actis
1727 1737 2056 1794 referuntur.
2092 1725 2130 1777 Β
2165 1744 2390 1814 gloriam
2437 1743 2822 1812 evulgandum,
2863 1743 3217 1812 propensiore
3259 1743 3440 1797 animo
3474 1743 3742 1796 summa-

492 1849 802 1904 Familiaris
835 1854 1024 1899 sancto
1071 1841 1376 1908 Nicephoro
1413 1837 1516 1890 fuit
1549 1845 1782 1906 magnus
1810 1828 2064 1882 Theodo-

499 1957 587 1994 rus
616 1940 852 2002 Sindita,
885 1935 1038 2004 cujus
1067 1933 1353 2002 epistolam
1389 1929 1514 1982 huic
1541 1929 1594 1978 in
1621 1923 1813 1979 exsilio
1843 1921 2063 1974 missam

493 2033 581 2084 hic
607 2037 798 2082 damus
825 2047 838 2083 :
870 2040 924 2083 et
943 2039 1028 2082 est
1050 2023 1313 2094 ejusmodi
1340 2039 1355 2076 :

563 2121 613 2174 4.
645 2139 663 2171 ι
686 2121 818 2174 Cum
851 2129 1228 2186 saepenumero
1251 2116 1316 2166 ad
1340 2127 1555 2167 sacrum
1587 2105 1938 2164 beatitudinis
1963 2112 2068 2157 tua!

495 2213 756 2266 verticem
788 2211 1036 2264 scribere
1060 2206 1443 2266 instituissem,
1491 2201 1676 2257 destiti
1709 2201 1778 2254 ab
1831 2200 2067 2264 incepto,

496 2308 696 2380 partim
726 2303 1066 2374 indignitatis
1091 2316 1224 2380 mea:
1263 2297 1726 2355 consideratione,
1762 2291 1959 2360 partim
2001 2304 2067 2340 ex

497 2399 818 2464 infirmitate
837 2413 904 2453 ex
927 2373 1330 2450 azrumnis‘nata
1355 2389 1704 2460 praepeditus.
1735 2384 1892 2438 Nunc
1916 2399 2068 2439 vero.

500 2505 792 2560 utrumque
827 2487 1248 2560 parvipendens,
1281 2495 1334 2538 et
1375 2480 1646 2534 Trinitate
1678 2477 1872 2538 fretus,
1906 2473 2070 2526 miser

498 2587 614 2639 inec
644 2586 766 2636 tl-ico
801 2596 815 2632 :
851 2580 1059 2645 Gaude,
1093 2591 1221 2633 vere
1244 2575 1420 2628 victor
1450 2569 1746 2641 impietatis
1776 2567 1868 2636 qni
1899 2565 2071 2617 virtu-

500 2687 610 2728 tum
673 2672 950 2742 quadrigis
997 2671 1118 2724 Iidci
1173 2681 1394 2722 cursum
1449 2674 1826 2716 consummas.
1886 2655 2068 2714 Salve,

501 2755 693 2834 magne.
731 2764 808 2816 sul
833 2759 1099 2814 doctrinm
1139 2753 1479 2816 orthodoxa),
1531 2749 1684 2817 cujus
1711 2744 2073 2801 confessionis

499 2859 672 2912 ra-lii's
699 2853 985 2908 universus
1011 2850 1161 2904 orbis
1193 2847 1518 2900 illustratur.
1543 2840 1729 2902 Salve,
1765 2850 2074 2908 prepugna-

503 2959 586 3000 tor
639 2945 908 3006 veritatis,
961 2949 1208 2995 veterum
1263 2945 1576 2990 sanctorum
1621 2933 1798 2985 instar
1855 2926 2072 2980 virtutis

2165 1848 2422 1889 strarem.
2441 1831 2892 1890 Occurritantem
2911 1835 3225 1904 cumprimis
3253 1837 3584 1890 sanctissimi
3617 1851 3744 1890 con-

2169 1925 2418 1986 fessoris,
2457 1925 3077 1996 Constantinopolitanae
3125 1929 3276 1981 urbis
3341 1929 3740 1997 arch‘episcopi

2169 2029 2231 2067 ac
2264 2017 2592 2082 patriarchze
2613 2015 2904 2084 Nicephori
2934 2018 3042 2069 vita
3074 2027 3238 2086 atque
3259 2026 3556 2081 certamen,
3581 2019 3746 2088 lgna-

2171 2109 2246 2162 tio
2268 2107 2522 2161 Ecclesiae
2554 2106 2774 2174 majoris
2821 2107 3052 2162 diacono
3086 2121 3150 2161 ac
3197 2121 3450 2162 vasorum
3489 2116 3742 2174 custode,

2167 2199 2454 2265 eidemque
2482 2198 2788 2268 Nicephoro
2807 2197 3022 2266 aequali,
3060 2214 3166 2253 non
3198 2199 3400 2253 inculto
3440 2208 3535 2254 aut
3566 2203 3748 2254 minus

2169 2299 2426 2342 accurato
2445 2301 2702 2343 auctore:
2736 2304 2930 2342 munus
2949 2290 3161 2343 scilicet
3181 2289 3378 2345 Leonis
3403 2291 3606 2356 Allatii,
3636 2292 3747 2346 viri

2171 2380 2470 2434 doctissimi
2502 2394 2568 2434 ac
2621 2381 2963 2446 amicissimi,
3016 2380 3274 2436 Ruinauis
3324 2398 3390 2436 ex
3439 2385 3741 2448 codicibus,

2171 2477 2297 2528 dum
2340 2476 2385 2529 is
2413 2477 2696 2530 meditanti
2720 2490 2900 2544 ιιιιι-ιιω
2933 2476 3136 2546 aliquid
3165 2478 3218 2532 in
3249 2475 3578 2546 Nicephoro,
3607 2480 3750 2547 ejus-

2173 2583 2277 2636 que
2305 2567 2426 2621 luce
2459 2567 2784 2620 clarioribus
2831 2568 3220 2634 monumentis,
3263 2570 3436 2622 vicem
3501 2570 3748 2638 aliquam

2171 2667 2511 2724 acceptorum
2561 2672 2589 2707 a
2633 2673 2717 2709 me
2755 2655 2952 2726 inclyti
3009 2655 3362 2712 nihilominus
3417 2657 3751 2714 confessoris

2171 2746 2389 2826 Ceorgii
2407 2745 2712 2800 Metochita'
2735 2744 2997 2799 librorum
3021 2749 3282 2818 quinque,
3305 2750 3510 2818 quibus
3539 2761 3747 2806 tomum

2174 2837 2403 2889 alterum
2433 2834 2655 2889 Graecia:
2709 2849 2822 2889 suat
2853 2837 3170 2891 orthodoxae
3220 2838 3404 2908 Regiis
3453 2853 3518 2894 ex
3547 2841 3753 2895 codici-

2177 2923 2275 2978 bus
2299 2924 2562 2994 praeclare
2585 2924 2806 2984 ditaret,
2842 2925 3108 2992 rependit.
3147 2925 3332 2980 Graeca
3358 2926 3551 2997 Ignatii
3579 2944 3748 2999 quam

503 3036 908 3109 pulchritudine
939 3033 1238 3088 collucens.
1267 3027 1554 3095 Reliquisti
1605 3022 1882 3078 excelsum
1913 3019 2069 3072 thro-
2099 3060 2144 3111 η
2179 3012 2330 3066 licuit
2353 3011 2520 3073 clare,
2549 3012 2762 3079 lidaque
2787 3012 3105 3080 interpretis
3136 3029 3301 3084 opera
3337 3017 3564 3072 reddidi.
3595 3017 3754 3072 Haud

503 3145 629 3183 num
661 3129 779 3196 ejus
805 3137 995 3187 causa,
1044 3122 1134 3190 qui
1170 3120 1525 3186 semetipsum
1571 3111 1878 3169 lmmiliavit
1904 3121 2073 3176 usque
2100 3099 2144 3117 ”
2173 3103 2406 3158 obscure
2441 3105 2554 3174 ipse
2591 3118 2650 3157 se
2684 3103 2976 3172 aliquando
3015 3106 3122 3158 vim
3150 3120 3373 3175 passum
3403 3117 3455 3162 et
3478 3108 3756 3164 haereticis

502 3221 568 3273 ad
598 3227 852 3275 mortem,
879 3221 1108 3267 mortem
1132 3218 1314 3264 autem
1345 3206 1550 3260 crucis.
1591 3200 1876 3269 lleliqttisti
1909 3196 2073 3250 mini-

504 3311 672 3366 steria
702 3315 758 3364 et
787 3306 1182 3361 oblectamenta
1237 3295 1750 3368 archiepiscopalia,
1802 3299 1856 3345 et
1909 3289 2076 3342 variis

507 3399 867 3458 incommodis
907 3397 1287 3452 confessorum
1348 3401 1500 3443 more
1537 3382 1782 3442 exerceri
1817 3377 2076 3438 maluisti,

509 3511 672 3565 quam
692 3489 1038 3561 tetnporariis
1054 3487 1156 3540 frui
1183 3483 1392 3538 deliciis
1414 3479 1640 3550 peccati.
1661 3475 1737 3532 Ac
1760 3483 1908 3530 certe
1938 3486 2076 3540 quo-

508 3590 652 3638 niam
689 3601 792 3636 non
823 3597 888 3635 ex
916 3580 1048 3652 illis,
1072 3577 1174 3631 etsi
1213 3577 1265 3628 in
1308 3573 1414 3627 illis
1444 3570 1682 3633 vivebas,
1713 3565 1951 3620 membra
1983 3575 2080 3629 per

510 3680 676 3730 vitam
704 3676 758 3727 in
799 3673 1018 3728 Christo
1047 3678 1226 3722 actam
1259 3662 1615 3720 mortiiicans.
1657 3667 1859 3712 sanctae
1891 3654 2080 3706 matris

510 3765 868 3838 privationem
901 3759 1211 3831 pertulisti,
1249 3756 1452 3809 chartis
1487 3750 1746 3804 fratribus
1799 3744 2077 3803 omnibus,

507 3837 670 3910 simul
728 3855 982 3909 omnibus
1044 3850 1327 3920 spoliatus.
1372 3843 1608 3900 Necdum
1645 3837 1936 3911 opprobria
1989 3845 2079 3886 tua

511 3950 716 4008 Christi
747 3943 1056 4013 opprobriis
1080 3940 1281 3997 similia
1300 3946 1690 3999 commemoro,
1719 3929 1993 3984 immissas
2015 3925 2083 3978 ab

515 4038 943 4110 imperatoribus
969 4031 1418 4103 Oppugnationes,
1442 4024 1781 4085 vexationes,
1804 4015 2083 4086 angustias

510 4109 781 4188 acivelnti
811 4126 1216 4184 sulfocationes.
1261 4119 1436 4174 Noctu
1484 4131 1607 4170 cttm
1648 4112 1868 4179 Christo
1906 4109 2082 4163 abdu-

511 4239 630 4279 ctus
660 4238 720 4277 es
749 4239 764 4273 :
797 4219 1000 4273 etenim
1045 4212 1294 4280 proditus
1337 4207 1501 4260 etiam
1535 4205 1648 4271 ipse
1699 4201 1970 4269 relegatus
2003 4210 2082 4255 es,

514 4319 567 4370 itt
595 4315 752 4369 collis
786 4307 1080 4362 conlininm
1112 4304 1366 4357 redactus
1383 4313 1466 4361 es,
1491 4306 1696 4364 martyr
1725 4291 1948 4346 Christi.
1978 4287 2084 4341 Sed

2177 3197 2472 3264 imaginum
2518 3193 2898 3249 ell’ractorihus
2957 3198 3394 3254 communicasse
3431 3201 3634 3269 prodit,
3669 3212 3756 3256 ta-

2179 3289 2332 3343 metsi
2379 3305 2410 3341 a
2470 3287 2592 3341 lidei
2633 3287 2862 3342 veritate
2901 3303 3147 3358 sanoque
3188 3287 3444 3344 Ecclesia:
3483 3305 3646 3346 sensu
3685 3293 3755 3346 de

2177 3393 2364 3433 earum
2422 3393 2696 3444 nunquam
2753 3379 2936 3433 animo
2987 3380 3295 3434 recesserit.
3347 3379 3522 3436 Tanta
3554 3381 3756 3438 Leonis

2177 3469 2514 3536 subindeque
2540 3469 2826 3536 Theophili
2873 3470 2954 3522 vis
2992 3469 3094 3524 fuit
3121 3444 3466 3540 exagitandis
3495 3473 3599 3540 piis
3629 3474 3757 3530 litie-

2180 3561 2344 3622 libus,
2373 3569 2432 3613 ut
2478 3561 2561 3612 vel
2597 3561 2764 3628 ipsos,
2802 3562 2893 3629 qui
2945 3560 3210 3615 columnae
3248 3562 3422 3630 videri
3475 3575 3753 3634 poterant,

2179 3665 2315 3718 pene
2355 3651 2710 3718 prostraverit
2746 3665 2760 3702 :
2803 3664 2902 3703 nec
2955 3650 3026 3704 ita
3069 3651 3224 3704 mttltt
3260 3650 3482 3706 fuerunt
3534 3669 3643 3724 qua
3695 3671 3758 3711 se

2181 3739 2410 3793 [tornani
2443 3754 2539 3806 per
2572 3738 2848 3792 Orientem
2875 3738 3085 3807 imperii
3132 3741 3392 3810 majesta's
3444 3745 3761 3811 proferebat

2181 3847 2246 3885 ac
2288 3833 2438 3895 ditio,
2477 3845 2608 3900 quos
2640 3830 2728 3882 illa
2768 3830 3022 3884 immanis
3063 3831 3222 3886 ruina
3271 3848 3376 3886 non
3433 3833 3750 3889 involverit.

2181 3922 2379 3990 Quanti
2423 3937 2508 3976 res
2545 3921 2744 3990 negotii
2781 3921 2967 3986 fuerit,
2991 3921 3094 3990 piae
3135 3921 3436 3978 'l‘heodora:
3468 3926 3584 3979 viro
3619 3929 3764 3982 male

2184 4016 2272 4083 pio
2307 4029 2480 4083 eoque
2523 4014 2688 4080 impio
2725 4013 3018 4076 exstincto,
3053 4015 3088 4082 ή
3125 4013 3236 4067 τῶν
3265 4015 3490 4067 εἰκόνων
3518 4017 3763 4086 ἀναστή-

2183 4106 2368 4168 ὶωσις,
2401 4105 2646 4158 delarant
2681 4103 2816 4156 Acta
2846 4105 2911 4156 ad
2954 4104 3288 4158 Dominicam
3323 4105 3422 4174 τῆς
3451 4107 3764 4176 ὀρθοδοξία,

2184 4198 2500 4251 Grzecorum
2534 4195 2928 4250 ecclesiasticis
2954 4195 3108 4249 libris
3133 4195 3360 4261 inserta,
3386 4197 3628 4260 mihique
3654 4202 3768 4262 pri-

2187 4289 2308 4340 dem
2343 4301 2408 4339 ex
2441 4285 2631 4338 iisdem
2661 4285 2956 4352 producta;
2984 4293 3094 4336 tttm
3133 4299 3258 4338 cum
3295 4294 3350 4338 et
3375 4285 3768 4339 sanctissimus

515 4420 674 4474 euge,
702 4415 867 4471 quam
901 4399 952 4451 in
987 4397 1185 4448 bonum
1211 4391 1306 4444 tibi
1339 4386 1555 4442 omnia!
1589 4383 1788 4474 Attolle
1815 4381 1866 4434 in
1895 4383 2082 4433 orbem
2121 4390 2158 4441 ι)
2189 4379 2472 4432 confessor
2507 4376 2830 4439 Methodius,
2870 4390 3008 4429 nova
3039 4373 3328 4445 aliulgeute
3363 4377 3480 4429 luce
3511 4377 3768 4445 depulsa-

522 4495 712 4548 oculos
743 4506 810 4546 ex
842 4486 1061 4558 specula
1094 4485 1308 4544 mentis,
1347 4490 1401 4534 et
1425 4477 1609 4547 aspice
1639 4465 1778 4527 ﬁlios
1811 4481 1950 4534 tuos,
1995 4483 2086 4522 seu

521 4585 717 4642 mavis,
748 4593 902 4641 oves,
933 4586 1121 4645 pastor
1160 4573 1318 4642 bone,
1346 4569 1594 4640 quamvis
1623 4578 1850 4632 corpore
1882 4563 2090 4629 disper-

439 4722 460 4738 .
520 4690 631 4740 sas,
679 4671 860 4726 animo
909 4677 1085 4720 tamen
1127 4662 1466 4732 c0njunctas,
1509 4668 1675 4712 totam
1720 4667 1856 4723 pene
1907 4650 2090 4704 Eccle-

519 4771 658 4824 siam
690 4775 838 4818 tuam
874 4761 1040 4812 variis
1078 4755 1211 4812 locis
1237 4761 1591 4821 occupantes,
1631 4757 1686 4801 et
1734 4742 2092 4800 confessionis

524 4873 629 4913 tute
658 4856 886 4924 fulgore,
913 4849 1192 4904 stellarum
1221 4847 1412 4907 instar,
1441 4843 1508 4896 iis
1559 4842 1649 4908 qui
1699 4839 1753 4894 in
1807 4832 2092 4891 nocturnis

523 4955 794 5007 liam-scus
819 4943 1054 4997 tenebris
1077 4948 1386 5000 versantur,
1418 4933 1732 4990 orthodoxae
1763 4929 1887 4983 fidei
1911 4927 2090 4979 lumen

523 5047 878 5100 ostendentes
927 5054 942 5088 :
1003 5035 1140 5086 alias
1194 5030 1414 5098 quidem
1473 5026 1582 5079 Deo
1635 5019 1946 5076 immolatas
1997 5032 2094 5085 per

527 5131 839 5186 athleticam
869 5121 1396 5180 consummationem
1419 5135 1434 5182 ;
1461 5116 1598 5170 alias
1620 5114 1962 5166 decertantes
1979 5109 2096 5159 sine

525 5222 635 5277 ullo
661 5217 1007 5288 prmsentinm
1049 5229 1228 5269 rerum
1269 5222 1436 5271 metu,
1485 5206 1582 5259 sed
1621 5205 1786 5257 Deum
1827 5199 2093 5254 ﬂectenti-

527 5315 630 5368 bus
654 5311 904 5382 precibus
929 5308 1043 5359 luis
1079 5304 1482 5360 corroboratas.
1521 5297 1642 5352 llrcc
1673 5304 1754 5348 est
1788 5294 1956 5362 gloria
1992 5291 2094 5344 Ec-

525 5406 706 5460 clesia:
740 5413 842 5453 ttnc
887 5417 900 5452 :
933 5400 1034 5452 hoc
1091 5397 1298 5464 insigne
1327 5409 1389 5445 ac
1451 5386 1756 5458 symbolum
1812 5382 2091 5452 martyrii,

527 5495 671 5561 quod
703 5507 935 5560 sequens
959 5499 1092 5544 tetas
1120 5487 1422 5556 excipiens,
1456 5481 1619 5533 Deum
1651 5481 1702 5530 in
1735 5485 1807 5538 te,
1835 5475 1908 5525 uti
1933 5489 2094 5534 tmnc,

529 5585 876 5656 glorificabit.
906 5581 1068 5636 Multa
1095 5582 1190 5635 tibi
1224 5597 1320 5648 pro
1346 5575 1544 5631 Christi
1577 5568 1811 5637 imagine
1839 5561 2102 5633 pugnanti

525 5674 777 5736 encomia
807 5673 1078 5728 dicentur.
1122 5669 1226 5724 Sed
1258 5669 1478 5738 ignosce
1521 5660 1678 5724 mihi,
1714 5657 1806 5710 Dei
1838 5656 2094 5718 imitator,

2191 4484 2296 4538 que
2326 4479 2472 4522 terra
2506 4468 2730 4522 haeresis
2771 4467 3023 4536 caligine,
3074 4468 3124 4518 in
3157 4468 3768 4534 Constantinopolitana

2191 4563 2318 4616 sede
2350 4561 2549 4630 dignus
2579 4568 2765 4628 pastor
2803 4569 2858 4612 et
2890 4557 3184 4626 Nicephori
3221 4571 3528 4619 Successor,
3560 4558 3772 4612 abactis

2193 4655 2262 4708 ah
2289 4669 2350 4709 ea
2395 4653 2536 4721 lupis
2563 4667 2627 4705 ac
2680 4650 3113 4714 incubatoribus,
3157 4649 3454 4703 collocatus
3495 4658 3581 4702 est
3614 4667 3628 4702 :
3662 4665 3774 4716 quo

2193 4746 2356 4798 etiam
2397 4749 2652 4810 tempore
2696 4740 2936 4810 lgnatius
2999 4738 3340 4808 pamitudinc
3375 4739 3594 4802 ductus,
3635 4755 3775 4805 tme-

2193 4835 2400 4888 clarum
2454 4833 2557 4886 hoc
2607 4829 2934 4900 Nicephoro,
2989 4832 3137 4884 velut
3167 4828 3597 4900 στηλητευτικδν
3659 4845 3776 4882 mo-

2197 4933 2516 4978 nomentum
2549 4924 2814 4991 reposuit.
2855 4920 3036 4974 Laudo
3075 4921 3332 4988 judicium
3359 4919 3479 4987 ejus
3503 4919 3576 4973 de
3611 4917 3778 4973 Nice-

2197 5016 2352 5085 phori
2385 5013 2644 5083 operibus
2679 5027 2910 5081 quorum
2939 5011 3058 5064 luce
3087 5011 3364 5066 ominatur
3391 5011 3679 5078 depulsum
3707 5011 3774 5063 iri

2198 5107 2343 5158 illaut
2378 5104 2583 5158 erroris
2614 5103 2925 5172 caliginem.
2957 5101 3069 5156 Nec
3109 5101 3330 5154 dubium
3372 5101 3502 5170 quin
3544 5103 3777 5155 multum

2198 5196 2534 5250 contulerint
2561 5193 2735 5248 eidem
2760 5192 3113 5261 depellemlm,
3137 5200 3426 5260 postquam
3455 5189 3687 5247 facultas
3711 5206 3780 5245 ea

2203 5287 2412 5354 legendi
2445 5285 2810 5354 Augustorum
2857 5282 3146 5336 clementia
3189 5297 3251 5335 ac
3288 5281 3490 5350 pietate
3525 5281 3782 5333 veritatis

2201 5379 2512 5432 amantibus
2545 5376 2645 5430 fuit
2697 5377 2947 5428 indulta:
2991 5388 3167 5442 neque
3220 5387 3363 5425 nunc
3416 5373 3596 5425 minus
3625 5373 3782 5424 utilia

2201 5471 2378 5522 futura
2409 5481 2534 5522 reor
2572 5465 2842 5519 dimandis
2877 5465 3114 5528 nebulis,
3150 5477 3286 5531 quas
3312 5462 3436 5516 novi
3489 5462 3778 5516 tenebric-

2203 5575 2296 5614 ncs
2328 5560 2518 5614 eadem
2561 5560 2614 5612 in
2653 5573 2818 5611 causa
2851 5571 2918 5611 ex
2953 5569 3084 5609 orco
3110 5563 3460 5614 revocarunt,
3492 5553 3535 5606 si
3561 5553 3782 5618 quando

2206 5650 2298 5704 Dei
2331 5648 2739 5704 clementissimi
2771 5649 2822 5701 in
2863 5645 3046 5702 fideles
3070 5660 3198 5701 suos
3222 5659 3286 5698 ac
3317 5642 3622 5698 Ecclcsiam
3661 5657 3785 5698 mu-
