3980 6140
424 306 453 368 4
463 305 494 369 3
1416 296 1474 356 S.
1521 295 1935 357 NICEPHORI
1975 296 2015 355 P

2120 294 2479 363 liIARCHzE
2514 298 2622 357 CP.

3631 292 3708 363 ιι

424 429 529 473 teni
568 414 633 469 ad
665 413 1035 468 laudationem
1086 410 1324 481 linguam
1380 410 1583 467 effccit.
1639 411 1718 465 Ea
1770 426 1854 467 res
1894 419 2000 479 est,

2120 410 2240 481 μίαν
2261 411 2500 483 ὴκόνησε
2528 452 2543 475 ,
2575 409 2737 465 τοῦτο
2765 410 2844 483 τῷ
2874 412 3021 483 λόγῳ
3055 411 3153 483 τὴν
3179 411 3421 481 ἀφασίαν
3451 410 3701 481 ἐκίνησε,

421 523 542 578 qua:
585 505 852 560 orationis
886 504 992 557 vim
1030 488 1257 555 'niutam
1310 500 1543 555 reddidit
1577 518 1590 554 :
1620 514 1681 555 ea
1715 503 1781 555 ad
1816 501 2002 555 naeniae

425 602 701 671 planctum
749 598 1038 661 absonum,
1098 586 1347 647 animum
1394 590 1705 647 devocavit.
1767 593 2001 662 idcirco,

425 695 531 749 nisi
571 709 655 747 me
689 684 915 761 ingrata:
959 687 1157 742 indolis
1185 688 1393 741 crimen
1440 687 1767 751 deterreret,
1803 702 1867 742 ea
1904 687 2008 741 sei-

424 787 554 843 licet
594 785 825 845 ratione,
866 782 1008 850 quod
1052 778 1311 835 defuncto
1341 786 1497 849 patre
1536 778 1679 832 filius
1727 779 2004 833 silentium

424 879 806 949 amplectatur,
859 887 1226 944 magnumque
1275 875 1411 926 adeo
1467 869 1811 932 miraculum,
1861 870 2005 938 quod

428 966 578 1022 nullo
608 964 902 1020 oblivionis
935 961 1116 1015 modio
1140 960 1533 1031 obtegipossit,
1559 960 1844 1029 ncglecdm
1871 975 2008 1029 prat-

427 1065 635 1122 tereat;
667 1056 768 1109 hoc
800 1052 987 1121 utique
1017 1050 1145 1104 inihi
1180 1049 1295 1118 ipse
1342 1048 1589 1103 consulto
1642 1048 2008 1117 imperaturus

425 1165 598 1213 cram,
632 1155 689 1199 ιιι
715 1161 876 1216 quem
908 1144 1227 1214 ignorantiae
1260 1148 1428 1195 nubes
1454 1150 1712 1209 contegat
1772 1144 2009 1208 longius-

424 1256 529 1311 que
561 1237 707 1294 velut
748 1236 1033 1305 antiquum
1066 1233 1213 1286 illum
1242 1232 1497 1301 populum
1523 1232 1735 1301 peccati
1773 1233 2006 1302 procella

424 1340 632 1396 arceat,
667 1330 733 1383 ad
764 1329 865 1381 viri
916 1328 1175 1380 virtutem
1210 1323 1630 1394 haudquaquam
1666 1325 2004 1390 accederem,

423 1425 610 1494 ejusve
636 1419 837 1488 aliquid
865 1417 1238 1484 contingerem
1267 1431 1281 1467 :
1316 1429 1406 1479 nc,
1439 1415 1530 1483 qui
1561 1415 1779 1485 indigno
1806 1425 2006 1469 conatu

423 1514 654 1568 bestiam
695 1507 919 1563 audacia
984 1506 1336 1577 prmferrcm,
1376 1505 1645 1574 lapidibus
1705 1496 2035 1576 iaculisque

424 1605 750 1660 confoderer
784 1618 847 1656 ac
885 1601 1170 1655 obruerer.
1209 1597 1387 1652 Semel
1423 1606 1604 1652 tamen
1649 1599 1814 1653 animi
1843 1600 2004 1654 exili—

427 1710 539 1754 tate
580 1698 829 1759 detecta,
877 1690 1132 1762 intusque
1185 1689 1450 1760 ﬂagrante
1494 1690 1662 1744 animi
1713 1690 2005 1757 desiderio,

425 1807 548 1844 cum
580 1789 690 1842 Deo
708 1793 1001 1856 acceptum
1023 1785 1216 1845 sciam,
1248 1782 1390 1852 quod
1412 1796 1439 1834 e
1463 1782 1603 1835 virili
1634 1781 1723 1847 sit,
1754 1796 1838 1837 ine
1870 1783 2007 1852 ipse,
2045 1774 2084 1828 Β

426 1883 601 1951 quoad
637 1879 814 1942 licuit,
844 1877 897 1931 in
934 1875 1350 1931 celebratissimi
1388 1874 1567 1928 Patris
1596 1873 1809 1937 laudes,
1867 1873 2012 1926 velut.

428 1977 481 2027 in
514 1972 840 2043 profundum
872 1967 1064 2024 demisi
1104 1968 1397 2035 gurgitem.
1447 1966 1605 2021 Faxit
1652 1981 1781 2019 vero
1820 1965 2014 2019 vestris

428 2067 494 2120 ad
521 2065 694 2136 ipsum
728 2060 1217 2131 supplicationibus
1243 2058 1484 2112 divinum
1526 2072 1747 2124 numen,
1780 2065 1838 2110 ut
1863 2058 1914 2109 in
1946 2071 2012 2111 eo

430 2160 689 2214 latentem
760 2153 1112 2224 margaritam
1166 2165 1384 2221 capere.
1453 2150 1745 2220 animoque
1809 2146 2013 2217 sospite

432 2265 713 2321 emergere
744 2249 926 2311 liceat,
975 2260 1039 2299 ac
1095 2245 1250 2299 nobis
1292 2243 1731 2297 desiderantibus
1760 2243 2013 2297 incorru-

432 2358 552 2414 ptas
576 2341 791 2397 divitias
827 2348 1187 2393 commutare.
1226 2334 1354 2388 Mihi
1392 2334 1507 2409 ipse
1544 2334 1761 2405 iniquus
1792 2332 2009 2397 fuerint,

434 2437 534 2490 nisi
564 2436 631 2489 ab
658 2450 723 2489 eo
749 2440 1029 2501 assumpto
1082 2428 1298 2484 dicendi
1345 2438 1687 2497 argumento,
1722 2441 1865 2492 eam,
1893 2442 2013 2496 qua:

432 2527 645 2582 dicendi
677 2537 796 2580 arte
826 2532 1063 2589 constat,
1092 2522 1266 2576 viceni
1298 2519 1346 2573 ei
1377 2519 1744 2587 rependeritn.

502 2623 558 2677 2.
597 2620 690 2674 Eia
731 2618 919 2688 igitur,
951 2615 1156 2669 omisso
1206 2610 1473 2679 tantisper
1517 2610 1665 2663 luctu
1707 2609 2013 2677 naeniaque,

432 2716 500 2771 ad
532 2709 837 2767 orationem
869 2705 1222 2766 accedamus,
1273 2698 1556 2768 divinique
1594 2699 1698 2753 viri
1729 2708 1879 2769 gesta
1918 2714 2015 2767 per

432 2811 625 2873 vitam,
662 2803 812 2859 velut
844 2810 1189 2856 communem
1241 2795 1532 2865 quamdam
1588 2793 1807 2848 virtutis
1843 2791 2016 2873 tabel-

433 2903 568 2969 lam,
601 2897 741 2969 :rqui
780 2892 1106 2961 honestique
1152 2889 1416 2947 studiosis
1459 2902 1849 2959 proponamus.
1878 2888 2018 2943 Cun-

429 2996 533 3051 ctis
556 2993 701 3046 enim
738 3003 861 3044 cum
888 2982 1156 3051 voluptati
1188 2993 1299 3036 tum
1340 2981 1626 3041 commodo
1656 2979 1839 3036 futura
1868 2990 2016 3043 sunt,

431 3088 630 3158 quibus
664 3082 788 3137 boui
829 3092 984 3135 amor
1027 3075 1349 3146 cumprimis
1380 3090 1525 3130 cura:
1551 3086 1658 3140 est,
1692 3089 1756 3129 ac
1785 3074 2015 3128 sinceri».
2043 3113 2086 3171 ο

432 3179 557 3234 lidci
591 3174 837 3230 doctrina
870 3168 1075 3224 arridet
1118 3186 1131 3222 :
1174 3165 1298 3236 quia
1340 3165 1552 3221 scilicet
1604 3165 1856 3219 veritatis
1904 3163 2012 3216 vim

432 3288 494 3327 ac
528 3271 693 3325 robur
719 3267 899 3337 palam
924 3261 1266 3334 praetendunt
1290 3277 1304 3326 ;
1330 3259 1527 3328 iisque,
1550 3260 1640 3329 qui
1667 3258 1845 3312 minus
1872 3266 2016 3311 recte

432 3367 499 3419 ad
527 3378 647 3419 eam
698 3360 1015 3418 collineant,
1051 3367 1250 3409 nervos
1292 3352 1639 3407 exscinduut.
1673 3348 2014 3418 Complecte-

435 3469 521 3511 tur
550 3454 695 3509 enim
725 3466 790 3507 ac
825 3447 1069 3504 collectis
1102 3445 1343 3514 undique
1388 3443 1756 3497 monumentis
1793 3440 2012 3503 referet,

435 3563 541 3604 non
588 3555 798 3600 tantum
833 3553 1037 3612 quanta
1075 3540 1121 3595 is
1166 3537 1445 3609 praeclaris
1499 3534 1741 3590 moribus
1794 3536 2015 3601 vitaque

434 3640 537 3695 rite
566 3636 813 3692 inatituta
837 3632 1132 3703 peregerit,
1164 3630 1259 3685 sed
1291 3629 1457 3707 etiam
1493 3635 1753 3697 quantum
1800 3626 2016 3679 tuenda:

435 3728 682 3788 veritatis
704 3740 865 3782 causa
887 3725 951 3779 ad
979 3723 1299 3795 sanguinem
1327 3736 1495 3788 usque
1517 3719 1817 3773 desudarit.
1843 3712 2014 3797 Velim

432 3830 634 3884 autem,
686 3824 1006 3888 summeque
1049 3825 1264 3885 gratum
1318 3814 1569 3874 habeam,
1606 3821 1665 3865 ut
1696 3798 2017 3865 orthodoxae

436 3914 1064 3989 ﬂdeialumnas'omnes
1111 3906 1393 3961 auditores
1445 3904 1699 3970 habeant,
1747 3914 2017 3974 quotquot

434 4010 557 4066 suo“
586 4008 826 4063 Ecclesia
863 4005 1051 4067 ubere,
1109 4001 1407 4071 potiorum,
1459 3997 1702 4070 inquam,
1768 3985 2015 4079 dot'lt'ina

433 4101 785 4163 exercitatos,
817 4090 1051 4169 spiritali
1085 4109 1149 4148 ae
1178 4092 1355 4167 solido
1397 4091 1543 4154 cibo,
1577 4090 1644 4144 ad
1682 4090 1808 4143 boni
1858 4088 2017 4143 mali-

432 4209 541 4265 que
576 4191 962 4248 discrctioncr‘u
996 4184 1264 4254 implevit.
1301 4182 1431 4236 Illos
1460 4196 1590 4236 vero
1625 4181 1815 4251 procul
1860 4171 2020 4261 abigo

434 4302 501 4340 ac
545 4285 863 4342 Submoveo.
899 4284 1167 4348 quotquot
1206 4274 1444 4329 sinislra:
1498 4272 1741 4342 opinioni
1792 4274 2019 4340 addicti,

436 4374 614 4438 aliter,
655 4380 721 4426 ac
771 4369 951 4433 l‘ater,
1010 4372 1336 4429 senserunt;
1404 4361 1548 4416 velut
1613 4363 1870 4417 nimirum
1927 4366 2019 4435 qui

2106 504 2265 557 τοῦτο
2306 506 2440 576 πρὸς
2478 505 2540 558 τὸ
2575 505 2672 575 τῆς
2709 504 2977 576 μονῳδίας
3007 504 3272 574 ἁτόπημα
3310 503 3402 556 τὸν
3436 501 3704 574 λογισμὸν

2108 598 2411 662 ἐξεκύλισε.
2431 599 2533 652 Διὰ
2556 597 2715 652 τοῦτο
2738 599 2811 669 (εί
2834 599 2911 669 μὴ
2932 597 3043 651 τῶν
3069 597 3407 667 ἀγνωμόνων
3429 594 3654 648 ἐδεδίειν
3671 592 3704 636 δ

2107 692 2168 745 τὸ
2188 690 2463 762 ἔγκλημα,
2490 691 2703 761 [ἰατρὸς
2732 692 3101 762 ἀποιχομένου
3127 689 3294 743 παῖδα
3326 688 3485 758 σιγᾷν
3508 703 3705 758 προαι-

2110 783 2395 854 ρούμενον,
2418 789 2511 837 καί
2540 784 2935 855 παραπέμπειν
2959 782 3102 836 οὕτω
3127 782 3270 852 μέγα
3294 780 3496 849 θαῦμα.
3531 779 3707 849 μηδα-

2110 871 2229 945 μῶς
2249 874 2326 944 τῷ
2351 866 2518 946 μοδίῳ
2538 874 2639 944 τῆς
2661 874 2833 945 λήθης
2864 870 3481 942 κρυϐῆναιδυνέίμενον)
3503 869 3703 921 ἔπεισα

2110 965 2176 1020 ἂν
2204 968 2442 1037 ἐμαυτὸν
2474 967 2553 1037 τῷ
2594 967 2691 1037 τῆς
2726 965 2966 1036 ἀμαθίας
2999 965 3153 1034 νέφει
3198 961 3698 1033 ἐγκαλυπτόμενον,

2108 1054 2206 1113 καὶ
2235 1058 2302 1131 τῇ
2336 1059 2532 1131 θυέλλῃ
2563 1063 2663 1131 τῆς
2708 1059 3007 1129 ἁμαρτίας,
3046 1059 3122 1120 ὼς
3155 1059 3183 1111 ὁ
3222 1055 3453 1119 παλαιὸς
3489 1056 3703 1117 ἐκεῖνος

2108 1151 2237 1216 λαὸς
2274 1153 2686 1225 ἀνειργόμενον,
2721 1152 2796 1224 μὴ
2826 1151 3136 1222 προσϐῆναι
3160 1148 3239 1219 τῷ
3269 1148 3387 1217 ὄρει
3419 1147 3530 1201 τῶν
3566 1146 3701 1217 ἀρε-

2108 1243 2218 1296 τῶν
2262 1243 2357 1295 τοῦ
2401 1242 2628 1314 ἀνδρὸς,
2674 1242 2811 1313 μηδὲ
2851 1241 3028 1309 θίγειν
3080 1258 3133 1293 τι
3171 1238 3340 1292 αὑτοῦ
3382 1236 3461 1307 τῷ
3495 1234 3705 1306 ἀναξίῳ

2109 1335 2204 1388 τοῦ
2234 1336 2638 1406 ἐγχειρήματος
2657 1377 2672 1402 ,
2709 1333 2984 1405 θηριώδης
3023 1335 3088 1404 τῇ
3119 1332 3298 1403 τόλμῃ
3325 1331 3703 1401 δεικνύμενος,

2110 1428 2206 1481 καὶ
2230 1428 2398 1491 λίθοις
2433 1428 2465 1498 ἢ
2506 1428 2678 1497 βολίσι
2705 1424 3251 1496 καταλευστούμενος
3282 1424 3317 1496 ἦ
3348 1423 3702 1495 βαλλόμενος.

2113 1520 2304 1590 Ὅμως
2333 1519 2378 1573 δ’
2411 1516 2505 1574 οὖν
2532 1520 2592 1573 τὸ
2616 1520 2717 1590 τῆς
2757 1521 3142 1591 προαιρέσεως
3181 1516 3399 1579 εὐτελὲς
3426 1513 3705 1568 ἐνδεικνύ-

2115 1628 2302 1681 μενος,
2333 1611 2431 1665 καὶ
2463 1610 2562 1681 τὴν
2590 1609 2825 1680 καρδίαν
2856 1610 3010 1672 ἐντὸς
3044 1608 3148 1661 ὑπὸ
3177 1606 3273 1660 τοῦ
3304 1607 3472 1660 πόθου
3503 1606 3704 1676 φλεγόο

2117 1719 2302 1773 μενος,
2327 1703 2423 1755 καὶ
2446 1702 2679 1771 ream
2707 1701 2939 1771 δύναμιν
2963 1700 3117 1770 φίλον
3143 1698 3203 1754 ὃν
3228 1697 3348 1769 Θεῴ
3378 1698 3708 1766 παιδευόμε-

2113 1802 2223 1857 νος,
2243 1794 2460 1858 ἑαυτὸν,
2493 1778 2707 1857 ὡςόἷόν
2737 1811 2817 1857 τε,
2843 1793 2916 1856 ὡς
2947 1793 3039 1846 τὸν
3069 1791 3179 1845 τῶν
3211 1790 3507 1860 ἐγκωμίων
3542 1788 3708 1859 βυθὸν

2114 1884 2210 1953 τοῦ
2239 1886 2604 1955 πανευφήμου
2637 1882 2858 1953 καθῆκα
2882 1882 3117 1954 Πατρός.
3164 1880 3332 1934 Ἀλλά
3364 1897 3456 1949 μοι
3478 1880 3585 1950 εἴη,
3617 1879 3709 1932 διὰ

2113 1975 2222 2028 τῶν
2261 1975 2545 2047 ὑμετέρων
2582 1974 2721 2045 πρὸς
2755 1974 2818 2027 τὸ
2848 1976 3099 2045 κρεῖττον
3140 1969 3458 2036 ἐντεύξεων,
3490 1972 3583 2024 τὶν
3614 1986 3708 2023 κεο

2114 2067 2432 2140 κρυμμένον
2461 2068 2519 2120 ἐν
2555 2066 2703 2137 αὐτῴ
2743 2065 3095 2136 μαργαρίτην
3116 2065 3279 2129 ἐλείν,
3311 2063 3404 2116 καὶ
3435 2061 3709 2131 ἀκινδύνῳ

2114 2159 2195 2213 νεῖ
2247 2156 2622 2235 ἁνανήξεισθαι
2677 2140 3052 2227 κα1’π>.οὖτον
3092 2159 3209 2219 τοῖς
3262 2155 3525 2209 ποθοῦσιν
3571 2156 3708 2226 ἡμῖν

2114 2254 2511 2323 ἀπεμπολῆσαι
2573 2252 2876 2322 ἀκήρατον.
2926 2250 3196 2319 Ἀδικοίην
3227 2250 3337 2320 γὰρ
3378 2247 3608 2311 ἑαυτὸν,
3655 2248 3707 2302 εί

2118 2345 2249 2416 παρ’
2295 2344 2464 2399 αὑτοῦ
2510 2345 2609 2416 τὴν
2657 2344 2915 2415 ἀφορμὴν
2954 2342 3047 2396 τοῦ
3096 2342 3277 2410 λέγειν
3327 2340 3707 2414 δρεψάμενος,

2120 2441 2194 2509 μὴ
2227 2440 2325 2511 τὴν
2357 2439 2421 2492 ἐκ
2452 2440 2626 2506 λόγων
2655 2440 2923 2492 anisum
2952 2436 3346 2507 εἰσενέγκοιμι.

2192 2620 2257 2691 β’.
2305 2618 2477 2690 Δεῦρο
2524 2617 2590 2689 δὴ
2641 2613 2759 2679 οὖν,
2801 2616 2891 2669 τὸν
2935 2615 3135 2687 θρῆνον
3169 2614 3402 2684 ἀφέντες
3430 2613 3511 2686 τῷ
3563 2613 3712 2685 λόγῳ

2119 2728 2458 2784 προσίωμεν,
2503 2713 2598 2765 καὶ
2629 2709 2698 2763 τά
2731 2708 2809 2779 τῷ
2848 2707 3093 2779 θεοφόρῳ
3137 2706 3472 2778 βεϐιωμένα,
3519 2705 3713 2778 ῶσπερ

2118 2805 2244 2859 τινὰ
2272 2803 2452 2857 κοινὸν
2477 2800 2681 2872 ἀρετῆς
2703 2800 2931 2863 πίνακα,
2974 2801 3087 2861 τοῖς
3117 2797 3432 2867 φιλοκάλοις
3464 2800 3712 2868 προστή-

2122 2915 2327 2967 σωμεν.
2364 2898 2508 2950 Πᾶσι
2545 2876 2656 2967 γὰρ
2682 2874 2853 2947 ¹ἔσται
2885 2891 3022 2962 πρὸς
3053 2891 3249 2962 ἡδονῆς
3275 2890 3369 2944 καὶ
3397 2889 3669 2959 ὠφελείας
3690 2928 3718 2954 ,

2120 2989 2202 3056 οἷς
2249 2993 2307 3044 ἐν
2338 2989 2504 3059 ἔρωτι
2546 2988 2609 3041 τὸ
2645 2986 2849 3057 ἀγαθὸν
2879 2983 3306 3039 διεσπούδασται
3357 2984 3451 3037 καὶ
3494 2982 3564 3035 τὰ
3609 2982 3719 3052 τῆς

2120 3081 2465 3155 ἀκραιφνοῦς
2505 3080 2746 3142 πίστεως
2774 3077 3069 3148 στέργεται
3092 3077 3364 3146 δόγματα,
3395 3075 3459 3129 τὸ
3485 3074 3719 3146 ἰσχυρὸν

2118 3178 2219 3247 τῆς
2246 3175 2508 3246 ἀληθείας
2539 3156 2850 3243 καταφανὲς
2882 3170 3300 3243 προδεικνύντα,
3328 3170 3426 3224 καὶ
3452 3169 3519 3223 τὰ
3541 3168 3716 3239 νεῦρα

2118 3270 2227 3323 τῶν
2259 3270 2361 3323 οὐκ
2389 3266 2567 3342 ὀρθῶς
2599 3267 2737 3339 πρὸς
2780 3265 2987 3336 ταύτην
3034 3262 3290 3336 ὁρώντων
3337 3262 3711 3316 ἐκκόπτοντα.

2118 3360 2371 3431 Περιέξει
2409 3361 2519 3428 γὰρ
2550 3358 2644 3413 καὶ
2677 3357 2754 3428 (1)
2785 3356 3054 3428 ἀμηγέπη
3107 3355 3374 3425 μνήσεται
3400 3395 3415 3419 ,
3444 3355 3510 3407 οὺ
3549 3353 3723 3424 μόνον

2116 3456 2218 3507 ὅσα
2246 3457 2305 3509 ἐν
2334 3452 2491 3524 ἤθεσι
2522 3452 2620 3506 καὶ
2647 3450 2873 3522 τρόποις
2902 3449 3051 3519 αὐτῷ
3101 3450 3451 3518 σεμνοτέροις
3489 3446 3715 3517 κατώρο

2119 3542 2329 3606 θωται,
2363 3540 2501 3595 ἀλλὰ
2548 3540 2643 3594 καὶ
2674 3541 2778 3593 ὃσα
2823 3538 2965 3608 ὑπὲρ
3011 3536 3185 3608 αὐτῆς
3216 3536 3480 3607 ἀληθείας
3516 3536 3719 3607 μέχρις

2118 3637 2352 3706 αἵματος
2381 3630 2819 3703 κατηγὼνισται.
2858 3628 3163 3693 Πάνταςδὲ
3191 3629 3321 3693 τοὺς
3350 3631 3452 3700 τῆς
3483 3627 3717 3699 ὀρθοδο-

2121 3724 2243 3792 ξίας
2273 3724 2583 3797 τροφίμους
2611 3725 2693 3786 εἰς
2721 3721 2989 3793 ἀκρόασιν
3024 3718 3169 3790 ἔχειν
3191 3718 3360 3773 ἐθέλω
3384 3718 3481 3773 καὶ
3509 3718 3721 3788 ἥδομαι

2116 3816 2212 3881 οὓς
2241 3816 2279 3887 ἡ
2318 3812 2639 3884 Ἐκκλησία,
2668 3812 2769 3883 τὴν
2803 3811 3007 3879 ἑαυτῆς
3043 3808 3239 3881 θηλὴν,
3286 3808 3390 3878 τὴν
3445 3806 3717 3861 διδασκα-

2120 3911 2267 3976 λίαν,
2290 3908 2456 3979 φημὶ,
2486 3906 2595 3960 τῶν
2610 3905 2939 3977 κρειττόνων
2953 3904 3030 3976 (2)
3050 3901 3413 3973 γυμνώσασα,
3428 3902 3528 3973 τῆς
3549 3916 3721 3954 πνευ-

2126 4002 2366 4075 ματικῆς
2402 4002 2497 4056 καὶ
2530 4000 2747 4062 τελείας
2771 3998 2985 4070 τροφῆς
3016 3996 3152 4068 πρὸς
3179 3997 3460 4067 διάκρισιν
3485 3994 3582 4048 τοῦ
3614 4012 3728 4049 κα-

2120 4093 2214 4148 λοῦ
2250 4110 2308 4148 τε
2334 4091 2430 4147 καὶ
2457 4092 2703 4163 χείρονος
2730 4088 3082 4159 ἐνεφόρησεν.
3101 4085 3376 4149 Ἐκείνους
3398 4085 3457 4138 δὲ
3487 4083 3721 4138 διωθοῦο

2125 4204 2225 4257 μαι
2249 4185 2348 4238 καὶ
2371 4164 2800 4254 ἀποπέμπομαι,
2850 4181 2968 4234 ὅσοι
3011 4178 3139 4250 δόξῃ
3186 4176 3445 4248 μοχθηρᾷ
3477 4193 3721 4248 προκατο

2123 4277 2472 4350 ειλημμένοι,
2521 4274 2857 4336 ἁπεναντίας
2902 4270 2982 4340 τῷ
3038 4271 3217 4342 Πατρῖ
3264 4269 3727 4341 παρεφρόνησαν,

2124 4370 2316 4441 ὥσπερ
2350 4368 2549 4439 ἀμέλει
2595 4368 2689 4421 τὸν
2721 4364 2975 4436 θεμέλιον
3005 4363 3107 4433 τῆς
3157 4360 3490 4432 Ἐκκλησίας
3541 4361 3725 4425 ἄλλως

437 4463 696 4521 Ecclesiae
737 4462 909 4517 basim
943 4457 1142 4513 frustra
1179 4466 1447 4510 conentur
1478 4465 1794 4521 concutere,
1816 4446 2015 4514 'suani-

2126 4459 2537 4533 παρασα),εύειν
2573 4458 2945 4530 πειρώμενοι,
2979 4455 3076 4509 καὶ
3107 4453 3473 4528 προφητικῶς
3516 4455 3731 4516 εἰπεῖν,

437 4574 546 4630 que
583 4557 826 4627 ipsorum
884 4558 1056 4624 spem,
1088 4560 1141 4603 ut
1179 4548 1365 4604 verbis
1421 4549 1700 4619 prophetae
1752 4552 1943 4622 loquar
1977 4557 2019 4621 ί,

439 4646 787 4704 vendiderint
843 4641 1130 4696 mendacio
1159 4657 1174 4697 :
1206 4653 1383 4711 neque
1442 4643 1588 4694 enim
1635 4640 1728 4709 qui
1784 4643 1927 4698 male
1969 4645 2022 4699 iit

443 4743 615 4796 virum
659 4736 839 4793 affecti
886 4735 1020 4799 sint,
1065 4730 1232 4802 inque
1280 4730 1430 4787 illum
1471 4726 1688 4802 quidvis
1738 4735 2024 4792 sinistrum

442 4833 793 4894 meditemur,
820 4826 939 4898 ejus
968 4826 1203 4881 libenter
1226 4820 1413 4878 laudes
1431 4824 1674 4891 audient,
1707 4825 1857 4881 eisve
1883 4841 2025 4894 ιιι-ω·
2075 4822 2087 4828 ’

440 4930 661 4983 stabunt
707 4937 1020 4978 assensum.
1062 4916 1386 4974 Exsecratio
1426 4917 1570 4989 enim
1617 4919 2023 4987 peccatoribus,

442 5035 499 5077 ut
547 5016 829 5075 Salomoni
874 5015 1053 5087 placet
1084 5014 1104 5044 ¹
1143 5027 1207 5067 ac
1263 5002 1479 5066 veritati
1523 5013 1773 5079 videtur,
1807 5014 2021 5070 cultura

516 5178 529 5208 '
568 5176 681 5231 Isai.
707 5189 887 5234 uvttt,
913 5172 1001 5227 15.
1047 5171 1068 5203 ¹
1103 5167 1331 5236 Ectli.t,
1358 5164 1451 5226 3‘2.

513 5315 542 5355 δ
579 5330 675 5368 ius.
728 5310 1021 5382 ἐδαιδείην.
1284 5270 1287 5275 θ

513 5473 590 5543 (1)
625 5469 1029 5543 ΜΒηἊμιγίση
1059 5466 1411 5543 μιμνῄσεται.
1442 5462 2024 5543 .§_lla‘tittsfullio-alio-

444 5530 531 5597 ιιΞέ
562 5530 725 5598 causa
752 5542 805 5594 in
834 5530 1079 5605 margine
1102 5530 1422 5604 scripserat,
1454 5530 2022 5605 Καθαροὺςζάδόλους

440 5613 634 5683 λόγους
667 5610 1074 5683 μνησθήσεταιο
1110 5619 1184 5683 ut_
1203 5609 1342 5661 forte
1367 5607 1655 5683 legendum
1680 5607 1748 5658 sit
1770 5607 2019 5683 ἁμιγέσι,

442 5675 791 5752 sithiutcllige
816 5675 1019 5749 λόγοις,
1048 5678 1295 5752 oratione
1329 5678 1549 5752 ‘sincera
1583 5686 1637 5729 et
1675 5692 1777 5728 non
1812 5675 2015 5752 fucata.

440 5753 518 5810 ει
548 5746 940 5811 ιιιειιιείιιιιιόιι
973 5749 1284 5819 interpretis
1318 5746 1584 5818 ἀμηγέπη
1618 5747 1853 5801 correxi.

2119 4555 2221 4625 τὴν
2270 4554 2483 4607 ἑαυτῶν
2531 4553 2725 4608 ἐλπίδα
2769 4551 2851 4622 τῷ
2898 4549 3090 4622 ψεύδει
3128 4547 3563 4612 πιστεύσαντεςο
3595 4548 3725 4601 οὐδὲ

2121 4644 2233 4715 γὰρ
2279 4645 2411 4717 περὶ
2441 4644 2607 4698 αὑτὸν
2655 4642 2912 4715 πονηρῶς
2938 4640 3305 4713 διακείμενοι,
3331 4639 3426 4694 καὶ
3458 4641 3568 4693 πᾶν
3599 4640 3629 4693 ὅ
3666 4656 3725 4692 τι

2122 4733 2218 4791 οὖν
2247 4737 2369 4791 κατ’
2402 4736 2583 4791 αὐτοῦ
2614 4736 2789 4793 δεινὸν
2826 4734 3225 4806 μελετήσαντες
3248 4772 3264 4798 ,
3293 4734 3408 4795 τοῖς
3440 4731 3521 4795 είς
3551 4732 3727 4785 αὐτὸν

2126 4830 2376 4892 ἐπαίνοις
2392 4827 2695 4900 ἡσθείησαν
2715 4828 2801 4891 ἂν,
2820 4826 2855 4897 ἢ
2876 4823 3312 4895 συγκατάθοιντο
3328 4821 3575 4875 πώποτε.
3590 4820 3727 4873 Βδέ-

2128 4924 2318 4994 λυγμα
2345 4921 2454 4992 γὰρ
2485 4920 2840 4994 ἁμαρτωλοῖς
2860 4960 2876 4985 ,
2909 4918 2985 4983 ὡς
3006 4916 3318 4989 Σολομῶντι
3362 4915 3459 4971 καὶ
3491 4916 3559 4986 τῇ
3589 4913 3727 4983 ἀλη-

2133 5017 2258 5089 θείᾳ
2289 5016 2470 5082 δοκεῖ,
2510 5014 2825 5070 θεοσέϐεια.
2872 5014 3008 5077 Ταῖς
3048 5010 3164 5083 γὰρ
3202 5011 3405 5082 ἄρκυσι
3433 5008 3544 5063 τῶν
3577 5006 3729 5077 ἀφύ-

3470 5119 3543 5151 κδ

2205 5464 2283 5535 (Ξ)
2323 5464 2549 5521 Videtur
2582 5466 2854 5533 interpres
2892 5481 2989 5534 pro
3014 5464 3356 5535 γυμνώσασα
3388 5463 3589 5531 legisse
3619 5478 3720 5533 γν-

2134 5537 2410 5606 μνάσασα.
2440 5538 2533 5591 sed
2568 5547 2778 5591 retenta
2800 5537 3057 5606 originali
3083 5537 3378 5605 scriptione
3409 5535 3498 5588 hic
3520 5548 3725 5606 sensus

2130 5604 2214 5661 est
2240 5623 2252 5657 :
2287 5620 2426 5689 quos
2447 5606 2702 5669 ecclesia,
2722 5622 2834 5686 .sua
2862 5604 2943 5661 eis
2971 5604 3255 5663 denudaus
3296 5604 3487 5675 ubera,
3513 5604 3725 5661 doctri-

2130 5693 2287 5745 nam,
2324 5687 2543 5747 inquam
2569 5716 2583 5745 ,
2618 5691 2918 5744 saniorem,
2946 5687 3055 5735 etc.
