3948 6154
374 274 445 342 ιτ
1366 280 1427 341 s.
1471 277 1890 339 NlCEPIIORI
1932 276 2444 338 PATRIARCILE
2489 246 2599 338 Cr.
3577 274 3650 340 is

372 399 487 441 uno
525 388 591 439 ad
625 386 841 454 imperii
892 387 1257 457 gubernacula
1306 401 1608 459 assumpto,
1641 390 1835 445 scribae
1862 404 1947 445 seu

2062 389 2193 461 τίνῳ
2213 388 2311 460 τῆς
2348 387 2639 458 βασιλικῆς
2661 386 2836 459 ἀρχῆς
2863 386 3252 458 ἐπειλημμένῳ
3272 387 3402 451 τοὺς
3432 386 3648 453 οτακας,

377 480 574 532 notarii
609 488 791 548 partes
831 479 1077 548 impleret
1110 483 1386 553 regiisque
1412 483 1641 537 secretis
1673 480 1954 535 ministra-

379 579 460 622 ιιι
486 567 806 625 Theodorus
837 588 851 623 :
883 572 974 638 qui
1007 571 1133 625 dum
1174 574 1465 642 purissima
1508 583 1670 628 reetze
1699 574 1750 626 iu
1785 573 1953 626 Deum

374 658 737 714 confessionis
787 642 952 727 atque
1001 659 1122 715 ﬁdei
1155 662 1294 727 luce,
1346 662 1490 715 haud
1538 677 1699 716 secus
1725 676 1789 716 ac
1819 660 1956 715 alter

375 752 651 805 Abraham
708 754 980 821 pra-nitet,
1033 754 1183 820 gravi
1233 754 1373 821 apud
1429 753 1547 823 ejus
1592 753 1951 807 saevissimum

376 848 587 898 hostem
633 843 878 912 pulsatus
906 855 991 898 est
1020 844 1319 910 calumnia,
1365 860 1431 900 eo
1463 846 1674 900 scilicet
1708 845 1951 907 nomine,

370 937 514 1005 quod
542 934 824 990 Christum
872 936 922 989 in
959 936 1193 1006 imagine
1241 937 1731 1008 intemeratamqne
1758 952 1945 1007 paren-

376 1039 481 1081 tem
509 1044 571 1082 ac
605 1039 828 1082 sanctos
858 1030 1416 1084 omnesweueratioui
1456 1032 1702 1085 haberet.
1740 1030 1954 1101 Tyran-

369 1138 476 1176 nus
518 1123 720 1190 itaquc,
762 1130 814 1175 ut
857 1122 950 1190 qui
998 1123 1284 1175 veritatem
1333 1123 1455 1175 odio
1486 1123 1717 1188 habens,
1762 1122 1954 1176 audire

372 1213 497 1265 talia
533 1228 637 1266 non
675 1213 1000 1276 sustinebat,
1044 1213 1307 1266 intumuit
1354 1214 1655 1277 iracundia,
1691 1222 1744 1267 et
1775 1213 1950 1267 virum

369 1306 562 1358 adesse
616 1306 946 1372 quantocius
1002 1305 1182 1372 iussit,
1228 1315 1285 1360 et
1329 1320 1514 1359 eorum
1563 1305 1783 1359 nomine
1833 1319 1953 1374 quze

371 1397 522 1447 fatua
552 1397 864 1465 vulgaverat
906 1412 1126 1450 causam
1184 1397 1387 1450 dicere.
1420 1395 1515 1450 Ille
1565 1396 1705 1449 velut
1733 1398 1798 1450 ad
1822 1411 1956 1466 epu-

368 1490 444 1540 las
479 1503 728 1553 vocatus,
780 1506 899 1543 non,
922 1498 980 1543 ut
1016 1505 1240 1543 causam
1274 1489 1545 1543 obnoxius
1596 1489 1826 1550 diceret.
1858 1503 1954 1543 os-

368 1583 538 1636 tetulit
570 1583 747 1649 palam
775 1584 858 1635 sic
886 1596 946 1635 se
972 1597 1089 1635 rem
1117 1582 1334 1645 habere,
1365 1590 1526 1651 atque
1552 1581 1598 1635 is
1629 1581 1956 1634 iuaudierat.

366 1673 443 1725 Ite
492 1673 547 1725 in
588 1674 730 1726 hunc
777 1673 1002 1727 modum
1046 1683 1197 1726 certo
1242 1671 1604 1741 deprehensa,
1656 1671 1956 1739 imperator

2059 483 2160 552 τὴν
2190 480 2286 535 τοῦ
2324 481 2691 553 ύπογραφέως
2729 479 3084 550 ἀποπληροῦν
3125 482 3317 551 χρείαν
3340 521 3354 544 ,
3396 483 3490 535 καὶ
3537 486 3653 546 τοῖς

2062 572 2358 645 βασιλείοις
2382 572 2703 644 μυστηρίοις
2728 570 3148 643 ὑπηρετεῖσθαι,
3173 571 3234 634 ὃς
3252 572 3316 641 δὴ
3349 570 3427 642 τῷ
3449 573 3649 644 ἀκραι-

2058 665 2342 736 φνεστάτῳ
2374 665 2516 734 φωτὶ
2552 665 2652 735 τῆς
2683 663 2837 737 παρὰ
2865 663 2999 716 Θεὸν
3027 662 3193 734 ὀρθῆς
3226 662 3520 731 ὁμολογίας
3551 664 3648 715 καὶ

2057 758 2323 822 πίστεως,
2351 757 2427 820 ὡς
2461 756 2619 822 ἄλλος
2662 755 2918 827 Ἀϐραάμ
2943 757 2973 808 ὁ
3000 755 3382 826 πατριάρχης,
3418 754 3653 825 κοσμού-

2060 868 2251 920 μενος,
2292 850 2427 921 πρὸς
2469 850 2559 902 τὸν
2609 851 2817 921 ταύτην
2863 849 3235 920 τυραννοῦντα
3271 847 3486 918 πικρῶς
3530 847 3653 901 δια-

2056 940 2312 994 ϐάλλεται
2334 980 2348 1002 ,
2380 940 2456 1003 ὡς
2490 939 2726 1012 Χριστὸν
2757 942 2815 992 ὲν
2857 941 3029 993 εἰκόνι
3058 941 3154 993 καὶ¹
3183 938 3283 1011 τὴν
3320 937 3489 992 αὑτοῦ
3521 938 3647 1008 Μη-

2055 1035 2189 1104 τέρα
2218 1035 2318 1104 τὴν
2350 1034 2641 1104 ἄχραντον,
2678 1032 2771 1086 καὶ
2804 1033 3018 1095 πάντας
3045 1033 3172 1094 τοὺς
3197 1031 3387 1100 ἁγίους
3417 1030 3648 1095 σεῦάζεο

2055 1142 2163 1179 ται.
2211 1125 2269 1177 '0
2297 1123 2355 1177 δὲ
2377 1118 2465 1175 οἷα
2496 1122 2598 1192 τῆς
2627 1121 2890 1192 ἀληθείας
2912 1120 3106 1192 ἐχθρὸς
3131 1118 3209 1190 τῷ
3229 1117 3523 1189 παραλόγῳ
3547 1116 3650 1185 τῆς

2056 1216 2228 1286 ἀκοῆς
2275 1214 2607 1282 ὲξογκωθεὶς
2649 1215 2750 1286 τὴν
2798 1215 3042 1268 διάνοιαν
3081 1212 3423 1283 παρέσεσθαι
3455 1210 3651 1264 τοῦτον

2054 1310 2129 1373 ὡς
2164 1309 2328 1362 αὑτὸν
2371 1305 2661 1379 [κελεύει]
2701 1308 2796 1359 καὶ
2841 1306 2972 1377 περὶ
3017 1304 3127 1358 τῶν
3169 1303 3530 1374 ἠκουσμένων
3571 1300 3649 1364 ὡς

2054 1403 2287 1472 τάχιστα
2308 1398 2708 1455 διευθύνεσθαι.
2740 1401 2837 1461 Ὃς
2861 1398 2954 1451 καὶ
2984 1397 3190 1466 παρῆν,
3209 1395 3282 1459 ὡς
3306 1398 3387 1459 εἰς
3412 1393 3652 1464 εὐωχίαν

2055 1497 2114 1550 ού
2163 1495 2321 1566 δίκην
2375 1492 2729 1561 καλούμενος,
2782 1492 2875 1545 καὶ
2922 1490 3021 1561 τὴν
3075 1488 3244 1560 ἀκοὴν
3293 1487 3535 1541 ἐδείκνυε
3589 1485 3652 1551 ἐξ

2037 1588 2296 1651 σάπαντος
2342 1585 2736 1656 ἀληθεύουσαν.
2787 1583 2900 1637 Καὶ
2943 1581 3133 1652 ἐπειδὴ
3169 1579 3480 1652 βασιλεῖτά
3519 1580 3650 1647 περὶ

2058 1679 2221 1733 αὐτὸν
2254 1677 2556 1749 κατάφωρα
2589 1675 2801 1744 γέγονε,
2831 1674 2925 1728 καὶ
2951 1675 2983 1744 ἡ
3017 1673 3114 1726 τοῦ
3146 1671 3340 1743 ἀνδρὸς
3365 1671 3651 1732 ἀνένδοτος

369 1781 491 1817 ι-ιιιιι
545 1766 641 1818 viri
698 1766 985 1818 ohlirmata
1036 1766 1362 1829 constantia,
1418 1764 1567 1818 velut
1626 1763 1947 1827 fomentum,

2057 1771 2303 1833 ἔνστασις
2321 1770 2418 1838 τὴν
2441 1768 2653 1821 ἐκείνου
2679 1766 3079 1837 ὑποσμύχουσα
3106 1764 3307 1836 ἐξῆπτε
3330 1764 3645 1824 κακόνοιαν,

372 1856 672 1922 nequitiam
729 1855 893 1907 animi
941 1854 1060 1923 ejus
1096 1856 1476 1918 succenderet,
1517 1854 1679 1907 minis
1716 1853 1952 1909 insolitis

372 1954 637 1997 tentatum
674 1942 1021 1997 Theodorum
1070 1943 1390 1996 verberibus
1426 1958 1641 2011 quoque
1672 1958 1767 1998 ceu
1801 1959 1949 1997 reum

370 2035 573 2089 addicit
612 2038 854 2103 :quibus
886 2035 1025 2090 nihil
1073 2034 1372 2090 emollitum
1425 2036 1698 2088 hominem
1750 2035 1949 2089 adver-

372 2138 515 2191 lens,
551 2127 801 2196 peuulam
837 2143 899 2181 ac
924 2124 1208 2196 dignitatis
1254 2124 1486 2196 insignia
1523 2125 1736 2191 adimit,
1767 2126 1949 2195 gravi-

369 2234 475 2287 que
506 2234 730 2287 prorsus
763 2219 957 2273 exsilio
990 2221 1201 2272 multat.

441 2310 495 2362 6.
538 2309 915 2372 l‘ostmodum,
950 2309 1232 2377 aliquanto
1275 2308 1534 2377 temporis
1576 2322 1799 2361 emenso
1826 2322 1948 2377 spa-

373 2402 512 2467 tio,e
542 2400 815 2454 i’emoliua
837 2402 965 2469 (hoc
981 2400 1124 2454 enim
1144 2399 1217 2453 illi
1243 2412 1482 2454 castrum
1514 2400 1785 2454 addictum
1807 2401 1950 2454 exsi-

372 2494 469 2561 lio)
500 2494 687 2547 reduci
737 2493 937 2558 virum,
968 2494 1132 2561 inque
1165 2492 1310 2562 regia
1343 2507 1563 2546 rursum
1590 2493 1794 2546 versari
1817 2506 1949 2559 prte-

369 2585 552 2652 ('t‘pil;
607 2598 854 2654 sperans,
887 2595 941 2636 ut
972 2595 1126 2654 puto,
1181 2585 1297 2638 dira
1342 2584 1589 2636 attritum
1631 2583 1945 2648 vexatione,

292 2681 307 2691 ‘
373 2677 631 2730 didicisse
666 2677 808 2745 quod
847 2676 935 2731 ille
973 2677 1089 2745 ipse
1122 2692 1301 2744 opera:
1330 2678 1560 2746 pretium
1608 2691 1728 2730 esse
1757 2676 1947 2730 existi-

371 2772 577 2824 mabat.
620 2769 825 2823 Revera
868 2780 1048 2823 tamen
1085 2771 1378 2824 adamante
1429 2768 1630 2823 fortius
1677 2770 1946 2823 resisten-

373 2876 505 2926 tem,
552 2861 825 2931 minisqiie
859 2876 922 2915 ac
956 2862 1183 2915 audacia
1218 2862 1269 2914 in
1303 2876 1425 2914 eum
1454 2875 1553 2914 sua
1583 2860 1946 2929 superiorem,

371 2964 532 3023 atque
565 2955 632 3007 ad
670 2953 771 3006 alia
827 2966 1168 3022 qurecuuque
1224 2952 1443 3006 duriora
1496 2950 1660 3002 animi
1714 2952 1796 3004 sui
1864 2951 1948 3002 in.

373 3056 551 3105 \‘t‘uta,
574 3044 617 3096 si
638 3058 724 3096 res
744 3040 936 3105 ferret,
955 3042 1273 3095 sustinenda
1298 3050 1547 3111 paratqu
1569 3041 1795 3094 invenit.
1824 3040 1948 3094 llzec

2053 1863 2307 1925 ἀπειλαῖς
2366 1861 2653 1933 ἀδοκήτοις
2711 1862 2804 1913 καὶ
2867 1857 3123 1930 μάστιξιν
3181 1856 3257 1921 ὡς
3315 1856 3651 1926 κατάκριτος

2053 1954 2418 2009 ὑπεῦάλλετο·
2457 1954 2532 2016 ὡς
2576 1953 2635 2006 δὲ
2689 1952 2766 2022 μὴ
2815 1948 3377 2020 καταμαλακισοὲντα
3403 1950 3528 2011 ταῖς
3559 1948 3649 2000 αἰ-

2053 2047 2201 2109 κίαις
2233 2047 2261 2098 ό
2289 2042 2525 2108 δικάζων
2560 2042 2859 2103 ύπέϐλεπε,
2896 2040 3131 2111 καθῄρει
3176 2038 3277 2106 τῆς
3321 2036 3648 2108 περικειμέσ

2052 2155 2150 2208 νης
2175 2137 2400 2208 χλαίνης
2421 2138 2511 2188 καὶ
2534 2134 2711 2199 ἀξίας,
2737 2134 2833 2187 καὶ
2855 2132 3128 2203 ὑπερορίᾳ
3151 2129 3410 2193 ἐπιεικῶς
3432 2128 3646 2199 χαλεπῇ

2052 2227 2430 2290 κατεδίκαζεν.

2126 2318 2200 2385 ς’.
2254 2320 2364 2373 Καὶ
2397 2314 2514 2371 εἶτα
2565 2316 2757 2388 χρόνου
2806 2314 2951 2380 τινὸς
2997 2314 3418 2376 διιππεύσαντος
3473 2311 3538 2365 ὲκ
3564 2310 3645 2380 (ί)

2051 2410 2367 2481 Πημολίνης
2404 2409 2801 2478 μετάπεμπτον
2844 2406 2967 2475 ἄγει
3000 2404 3202 2477 (τοῦτο
3231 2404 3340 2474 γάρ
3369 2399 3438 2474 ῆν
3471 2419 3645 2454 κατα-

2051 2500 2267 2569 κριθεὶς
2303 2500 2441 2572 πρὸς
2477 2499 2776 2568 φυγαδείαν
2808 2498 2867 2551 τὸ
2897 2495 3229 2569 φρούριον),
3264 2494 3360 2547 καὶ
3400 2493 3508 2547 τῶν
3548 2491 3646 2564 βα-

2053 2596 2268 2650 σιλείων
2301 2597 2433 2648 εἴσω
2464 2593 2719 2662 γενέσθαι
2754 2591 3093 2663 προσέταττε
3141 2585 3500 2660 τεθαρρηκὼς
3521 2627 3536 2649 ,
3567 2584 3648 2648 ὼς

2050 2681 2298 2758 ἐγῷμαι,
2340 2676 2405 2755 τῇ
2454 2684 2555 2753 τῆς
2595 2683 2895 2744 κακώσεως
2943 2680 3218 2750 αὐστηρία
3279 2675 3644 2749 μεταμαθεῖν,

2047 2781 2123 2845 ὡς
2156 2782 2364 2842 ἐκεῖνος
2388 2778 2448 2830 τὺ
2478 2776 2683 2846 ἀγαθὸν
2714 2774 3080 2839 ὑπετόπαζεν.
3118 2771 3369 2843 Ἐνέτυχε
3397 2770 3452 2823 δὲ
3471 2769 3645 2833 ὅντως

2049 2871 2360 2938 ἀδάμαντος
2407 2867 2546 2939 πρὸς
2594 2865 2918 2920 ἀντιτυπίαν
2954 2863 3343 2935 στερρότερον,
3393 2862 3488 2914 καὶ
3529 2860 3644 2914 τῶν

2048 2963 2294 3016 ἀπειλῶν
2319 2960 2517 3014 ἑαυτοῦ
2547 2959 2645 3012 καὶ
2667 2958 2760 3011 τοῦ
2792 2957 3026 3029 θράσους
3058 2955 3355 3026 ἀνώτερον,
3382 2953 3479 3007 καὶ
3503 2951 3646 3024 πρὸς

2050 3056 2281 3125 ἐτέρας,
2315 3056 2363 3106 εί
2395 3052 2583 3121 τύχοι,
2632 3050 2945 3117 δεινοτέρας
2983 3047 3228 3109 ἐπινοίας
3265 3044 3643 3115 ἑτοιμότερον.

374 3150 607 3204 iramque
651 3134 876 3187 inuitato
924 3135 1107 3187 animo
1139 3133 1609 3201 persequebatur,
1641 3147 1704 3188 ac
1742 3131 1946 3189 Christi

2057 3147 2241 3213 Ταῦτα
2273 3146 2381 3218 γὰρ
2423 3145 2809 3216 προτροπάδην
2838 3143 3061 3196 ἐδίωκεν
3082 3182 3096 3204 ,
3127 3141 3220 3194 καὶ
3256 3138 3344 3192 διὰ
3371 3138 3481 3191 τῶν
3527 3153 3647 3190 στιο

372 3225 629 3281 exornari
678 3223 848 3294 plagis
881 3225 1062 3292 potius
1102 3224 1356 3288 ducebat,
1396 3238 1558 3292 quam
1589 3234 1646 3278 ιιι
1678 3223 1746 3279 ab
1771 3224 1948 3278 eccle-

372 3318 599 3371 siastica
652 3317 770 3384 lege
821 3314 1230 3384 apostolicaque
1255 3330 1317 3368 ac
1349 3312 1571 3368 Patrum
1624 3315 1944 3377 traditione.

372 3424 610 3479 congrue
660 3410 950 3461 admodum
1019 3406 1230 3475 riteque
1290 3406 1606 3469 saneiente,
1665 3405 1944 3462 Christum

371 3517 559 3554 verum
596 3500 762 3553 Deum
807 3509 1052 3553 nostrum
1099 3512 1159 3551 ea
1195 3498 1432 3565 ratione,
1480 3514 1590 3569 qua
1631 3499 1794 3554 homo
1838 3509 1945 3566 est,

373 3594 534 3662 pletis
569 3606 892 3661 expressum
929 3590 1204 3644 coloribus
1243 3591 1579 3645 adorandqu
1609 3605 1751 3657 esse,
1788 3592 1947 3660 quid-

371 3700 532 3752 quam
588 3684 889 3737 aberraret.
937 3680 1037 3736 Ubi
1095 3691 1276 3735 autem
1334 3682 1419 3735 vir
1470 3692 1696 3738 sanctus
1742 3697 1839 3738 ore
1881 3684 1946 3737 ad

370 3779 599 3831 salutem
631 3775 916 3829 confessus
951 3780 1117 3838 esset,
1168 3789 1337 3843 seque
1369 3784 1602 3846 tyranno
1640 3775 1947 3832 adversanti

372 3871 513 3940 parti
560 3868 781 3922 studere
811 3868 1026 3921 abunde
1074 3867 1435 3933 declarasset,
1474 3868 1542 3922 ad
1569 3868 1672 3922 alia
1723 3877 1949 3923 vocatus

369 3975 453 4018 est
504 3970 898 4016 tormentorum
946 3974 1193 4029 genera:
1228 3960 1425 4029 quibus
1479 3960 1649 4016 animi
1710 3961 1948 4016 maximo

372 4057 569 4111 iobore
622 4051 979 4123 perfunctus,
1037 4050 1275 4107 Niczeam
1322 4052 1375 4109 in
1415 4051 1666 4124 Bithynia
1715 4052 1950 4108 extorris

371 4146 606 4212 ejicitur.
639 4144 757 4210 Quo
784 4142 837 4197 in
875 4142 1015 4204 loco,
1046 4140 1193 4211 quod
1220 4151 1339 4196 erat
1367 4141 1633 4210 reliquum
1667 4141 1790 4196 vitae
1814 4152 1949 4196 tem-

373 4255 498 4307 pus,
534 4238 792 4309 religiose
838 4245 1109 4301 versatus,
1150 4250 1214 4288 ac
1248 4234 1404 4289 fortis
1458 4235 1627 4288 animi
1663 4234 1715 4288 in
1749 4234 1947 4290 tuenda

370 4347 498 4385 Vera
527 4330 629 4383 [ide
657 4342 846 4383 norma
872 4326 1100 4381 eiicctus
1130 4325 1423 4391 universis,
1455 4327 1521 4379 ad
1554 4326 1770 4380 beatam
1798 4325 1947 4381 illam

372 4420 615 4490 requiem
664 4416 1069 4485 comiuigravit,
1108 4417 1385 4485 vitamque
1431 4415 1483 4470 in
1538 4415 1698 4487 longa
1744 4416 1945 4471 saecula

2053 3241 2281 3311 γμᾶτων
2306 3236 2548 3310 Χριστοῦ
2574 3236 2765 3289 ἑαυτὸν
2788 3233 3160 3300 καλλωπίζειν
3183 3231 3454 3294 ἐϐούλετο,
3484 3229 3518 3301 ἢ
3545 3229 3647 3298 τῆς

2056 3330 2521 3404 ὲκκλησιαστικῆς
2569 3328 2933 3398 θεσμοθεσίας
2974 3323 3486 3399 διαμαρτήσεσθαι,
3542 3321 3645 3388 τῆς

2055 3424 2290 3496 Χριστὸν
2332 3423 2425 3476 τὴν
2456 3420 2709 3491 ἀληθινὸν
2761 3420 2895 3474 Θεὸν
2943 3418 3100 3490 ἡμῶν
3155 3413 3503 3484 ἀποστολικῷ
3545 3413 3647 3467 καὶ

2057 3513 2310 3585 πατρικῷ
2356 3512 2469 3566 ἔθει
2518 3509 2662 3565 κατὰ
2702 3512 2762 3564 τὸ
2812 3509 3157 3580 ἀνθρώπινον
3203 3502 3645 3575 ἀναστηλοῦσθαι

2055 3607 2149 3661 καὶ
2196 3603 2624 3677 πρὸσκυνεῖσθαι
2660 3602 3070 3673 δικαιωσάσης,
3122 3599 3508 3667 εὐκαιρότατα.
3550 3594 3643 3661 Ὠς

2054 3699 2110 3751 δὲ
2162 3697 2391 3768 στόματι
2428 3696 2527 3768 τὴν
2568 3694 2845 3766 σωτηρίαν
2881 3694 2910 3746 ό
2954 3692 3110 3761 ἅγιος
3154 3690 3503 3762 ὡμολόγησε,
3545 3689 3644 3741 καὶ
3738 3710 3742 3713 ·

2055 3791 2135 3853 εἰς
2174 3788 2467 3842 ἀντίπαλον
2510 3788 2709 3858 μοῖραν
2738 3784 2928 3838 ἑαυτὸν
2959 3783 3052 3838 τοῦ
3084 3780 3480 3856 τυραννοῦντος
3534 3779 3644 3833 ἀπ-

2056 3879 2274 3951 έκρινε·
2309 3878 2446 3949 πρὸς
2492 3874 2687 3948 ἑτέρας
2730 3876 2904 3930 ἐκίνει
2950 3874 3141 3929 τοῦτον
3174 3873 3425 3945 βασάνων
3471 3868 3639 3932 ἰδέας.

2055 3966 2129 4025 ὧν
2158 3974 2259 4041 τὴν
2297 3972 2511 4041 πληγὴν
2543 3969 2788 4031 ὑποστὰς
2830 3969 2906 4031 ὡς
2943 3968 3175 4039 μάλιστα
3208 3963 3638 4037 καρτερώτατα,

2056 4063 2196 4117 κατά
2217 4062 2315 4133 τὴν
2331 4059 2582 4114 Βιθυνίδα
2604 4060 2696 4114 ὑπ’
2721 4059 2888 4113 αὐτοῦ
2910 4056 3360 4127 ὲξοστρακίξεται
3381 4053 3639 4115 Νίκαιαν,

2055 4159 2114 4209 ἐν
2194 4155 2255 4208 τὸ
2280 4154 2374 4208 τοῦ
2404 4152 2519 4224 βίου
2552 4152 2835 4206 ἐπίλοιπον
2866 4149 3133 4213 θεοσεϐῶς
3161 4143 3640 4217 ὲμπολιτευσάμε-

2055 4265 2165 4311 νος,
2200 4248 2295 4301 καὶ
2324 4248 2458 4299 πᾶσι
2489 4244 2661 4299 τύπον
2685 4244 2809 4307 δοὺς
2841 4242 2940 4312 τῆς
2964 4240 3094 4311 περὶ⁸
3121 4239 3217 4310 τὴν
3245 4236 3422 4309 ἀληθῆ
3453 4234 3642 4287 πίστιν

2055 4339 2389 4401 ὲνστάσεως,
2435 4336 2570 4407 πρὸς
2615 4337 2714 4406 τὴν
2759 4336 2943 4389 ὲκεῖσε
2977 4330 3129 4405 λῆξιν
3175 4332 3273 4385 καὶ
3310 4327 3640 4401 μακραίωνα

2059 4431 2392 4499 μετετάξατο
2427 4428 2636 4500 βίωσιν,
2667 4429 2738 4480 τὰ
2772 4427 2909 4497 γέρα
2937 4425 3046 4479 τῶν
3095 4423 3444 4494 πονηθέντων
3473 4421 3532 4474 ὲν
3568 4423 3638 4492 τῇ

371 4489 725 4581 productam,
798 4508 1042 4563 laborum
1102 4509 1323 4577 praemia
1396 4516 1506 4561 tum
1594 4518 1947 4578 recepturus,

2057 4489 2165 4574 τῶν
2196 4489 2542 4592 βεδιωμένων
2575 4489 2863 4588 διαγνώσει
2895 4514 3222 4586 ληψόμενος.

370 4621 491 4660 cum
533 4619 630 4674 per
664 4602 787 4657 vita:
826 4600 1208 4671 compendium
1259 4608 1410 4669 gesta
1444 4598 1858 4667 iudicabuntur.

445 4697 495 4750 7.
526 4697 658 4763 Qute
682 4704 861 4749 autem
894 4709 959 4748 ex
988 4692 1186 4747 divinae
1215 4692 1353 4763 legis
1383 4692 1703 4764 praescripto
1732 4692 1806 4748 illi
1829 4706 1954 4748 con-

363 4788 461 4857 jux
498 4789 824 4853 adhmserat,
874 4795 931 4839 ut
978 4800 1099 4855 qua:
1156 4785 1436 4852 religiosa,
1487 4784 1694 4855 Deique
1738 4801 1802 4839 ac
1847 4786 1947 4839 viri

368 4896 560 4935 amans
592 4881 885 4936 exsisteret
916 4881 968 4933 in
998 4880 1234 4944 cunctis,
1273 4879 1530 4933 maritum
1564 4885 1750 4933 secuta
1782 4886 1867 4933 est
1893 4877 1947 4933 iu

370 4974 650 5041 periculis,
701 4975 757 5027 in
807 4972 1035 5035 exsiliis,
1083 4970 1138 5025 in
1179 4971 1464 5035 arumnis,
1510 4969 1820 5040 injustitite
1867 4970 1951 5040 (ut

366 5066 658 5136 Apostolus
694 5066 935 5135 loquitur
970 5065 1013 5138 ³)
1048 5065 1258 5121 dextris
1287 5076 1451 5133 atque
1485 5063 1768 5128 sinistris;
1801 5063 1951 5118 scili-

366 5171 453 5212 eet
488 5160 539 5212 in
576 5158 823 5213 tristibus
865 5174 1020 5228 azque
1067 5172 1153 5225 ac,
1183 5157 1236 5211 in
1300 5157 1456 5212 la-tis.
1488 5156 1621 5211 Cum
1653 5156 1800 5211 enim
1852 5170 1950 5225 par

367 5252 639 5322 quoddam
677 5262 861 5306 essent
885 5251 951 5305 ad
978 5250 1190 5319 potiora
1215 5259 1381 5318 atque
1406 5248 1473 5303 ad
1505 5248 1722 5303 virtutis
1744 5262 1947 5317 agones

369 5358 490 5398 sese
524 5344 891 5409 incitautium,
931 5360 1035 5398 non
1089 5343 1270 5396 minus
1311 5340 1506 5410 Spiritu
1543 5354 1707 5408 quam
1750 5355 1943 5410 corpo-

439 5501 461 5534 ²
484 5500 529 5555 ll
549 5500 674 5556 Cor.
707 5517 782 5566 vr,
803 5502 856 5556 '7.

440 5616 518 5689 (Α)
555 5616 779 5689 Videtur
814 5617 903 5672 hic
946 5617 1218 5689 designari
1270 5614 1590 5689 Πημόλισσα
1608 5653 1639 5689 ,_
1660 5611 1942 5689 castellum

367 5682 723 5761 Cappadociae
759 5686 911 5757 jux:a
944 5682 1148 5759 imi.“
1176 5682 1395 5741 ﬂuvium
1428 5688 1571 5754 apud
1600 5682 1941 5748 Cedrcnum;

2127 4698 2193 4762 ζ’.
2235 4698 2300 4752 Ἦ
2326 4696 2381 4751 δὲ
2409 4697 2559 4768 νόμῳ
2586 4696 2718 4768 θείῳ
2748 4696 2927 4767 τούτῳ
2959 4692 3411 4765 προσομιλήσασα
3441 4689 3639 4743 σύνευ-

2055 4809 2165 4855 νος,
2208 4791 2303 4845 ἆτε
2349 4790 2596 4858 φιλόθεος
2629 4787 3015 4859 ἀποδειχθεῖσα
3065 4786 3158 4838 καὶ
3205 4782 3529 4853 φίλανδρος,
3577 4782 3640 4835 ἐν

2055 4883 2190 4935 πᾶσι
2214 4881 2292 4951 τῷ
2324 4881 2544 4951 συζύγῳ
2580 4880 2867 4935 συνείπετο
2898 4920 2912 4942 ,
2952 4881 3010 4931 ὲν
3039 4875 3327 4940 κινδύνοις,
3360 4875 3420 4928 ὲν
3459 4873 3633 4944 ὑπερ.

2054 4974 2252 5045 ορίαις,
2276 4975 2333 5027 ὲν
2349 4973 2615 5043 θλίψεσιν,
2643 4975 2701 5026 ἐν
2720 4975 2832 5035 τοῖς
2859 4971 2961 5040 τῆς
2984 4968 3356 5037 δικαιοσύνης,
3376 4964 3520 5020 κατά
3543 4964 3637 5018 τὸν

2054 5063 2197 5117 θεῖον
2234 5065 2589 5127 Ἀπόστολον,
2619 5063 2814 5131 δεξιοῖς
2853 5063 2949 5117 καὶ
2992 5063 3339 5134 ἀριστεροῖς,
3370 5059 3639 5131 λυπηροῖς

2053 5174 2137 5218 τε,
2167 5158 2342 5227 φημὶ,
2370 5157 2465 5211 καὶ
2497 5159 2609 5220 τοῖς
2639 5156 2844 5229 ᾑδέσιν.
2874 5155 3121 5227 Ξυνωρὶς
3151 5156 3261 5225 γὰρ
3291 5153 3449 5215 ὄντες
3494 5153 3635 5223 πρὸς

2053 5250 2119 5303 τὰ
2167 5249 2403 5321 κρείττω
2452 5249 2683 5312 ἑαυτοὺς
2734 5247 3187 5319 παραθήγοντες,
3222 5245 3321 5314 οὐχ
3350 5240 3515 5315 ἦττον
3558 5244 3639 5314 τῷ

2052 5341 2323 5412 πνεύματι
2357 5343 2794 5413 συνεκράθησαν,
2831 5342 2863 5412 ῆ
2898 5344 2964 5395 τά
3006 5341 3255 5412 σώματα.
3308 5338 3459 5410 Δῦτη
3497 5341 3638 5409 μετὰ

2059 5611 2336 5680 Stephano
2367 5622 2437 5683 et
2470 5612 2728 5669 Straboni
2772 5612 3097 5683 Πιμωλίσα,
3129 5623 3180 5668 et
3220 5612 3368 5683 regio
3396 5611 3637 5668 circum-
3730 5622 3751 5663 .’

2049 5683 2237 5755 iacetis
2267 5682 2643 5754 Πιμωλισηνή.
2854 5682 2857 5683 ⁷
3296 5682 3303 5683 ’
3336 5701 3361 5715 κ
