3948 6154
249 404 312 466 49
1783 394 1849 455 ι’]

1956 441 1982 455 ..
3445 400 3513 461 50

248 520 345 585 qv
368 508 460 566 τοῦ
494 509 755 564 συνοίκου
786 508 1059 581 μακαρίαν
1083 507 1366 564 τελείωσιν
1386 508 1471 579 ἐφ’
1503 508 1687 563 ἱκανὸν
1713 507 1841 579 χρόα

1956 520 2064 559 rmn
2098 506 2352 563 mistlone
2389 516 2803 564 concreverant.
2857 509 3000 579 llmc,
3032 512 3150 567 rlro
3176 510 3334 567 beata
3366 524 3515 569 sorte

248 621 337 658 νον
367 603 446 674 τῷ
473 601 636 656 παιδὶ
660 600 1023 672 συμϐιώσασα
1049 642 1066 668 ,
1108 601 1239 671 ἀρτι
1270 601 1388 654 τότε
1416 600 1519 671 τῆς
1543 598 1836 670 ἐγκυκλίου

249 694 502 758 παιδείας
537 691 941 763 ἐφαπτομένῳ,
982 693 1077 745 καὶ
1106 691 1205 762 τὴν
1252 690 1341 744 διὰ
1377 690 1579 761 χειρῶν
1609 692 1703 743 καὶ
1742 689 1839 761 μέ-

250 789 407 852 λανος
437 786 645 858 τέχνην
687 786 1029 856 πονουμένῳ.
1065 785 1273 858 ᾛρέθη
1322 784 1433 855 γὰρ
1485 784 1841 855 ὑπογραφεὺς

250 882 366 942 τοῖς
407 878 521 932 τῶν
574 878 924 950 κρατούντων
967 876 1291 948 μυστηρίοις
1348 874 1838 948 ὑπηρετούμενος,

251 970 399 1024 ρῦτω
430 970 542 1040 γὰρ
588 971 742 1039 παρὰ
776 972 844 1041 τῇ
875 968 1124 1023 Αὑσονίδι
1154 968 1425 1038 διαλέκτῳ
1468 967 1531 1021 τὸ
1561 967 1843 1037 Ἀσηκρῆ··

250 1077 339 1122 τις
362 1060 436 1132 (5)
463 1061 661 1132 ὄνομα,
684 1062 711 1114 ὁ
744 1061 838 1113 ἐπὶ
860 1059 971 1113 τῶν
990 1060 1310 1131 μυστηρίων
1333 1059 1840 1131 μεθερμηνεύεσθαι

256 1150 531 1222 βούλεται.
581 1152 747 1205 Ἀλλά
787 1152 897 1221 μὴν
947 1152 1043 1206 καὶ
1087 1153 1147 1205 ἐν
1194 1154 1262 1223 τῇ
1294 1151 1396 1223 τῆς
1427 1151 1843 1224 ἀρχιερωσύνης

190 1288 195 1293 ,
253 1242 453 1315 λυχνίᾳ
484 1244 578 1297 τὸν
604 1245 804 1315 ἐαυτῆς
848 1242 1112 1316 δᾳδοῦχον
1163 1243 1428 1314 φωστῆρα
1479 1242 1843 1309 ἐπιτεθέντα,

256 1335 354 1387 καὶ
384 1333 504 1401 φῶς
548 1335 672 1397 ταῖς
708 1334 913 1403 τρίϐοις
955 1335 1114 1405 ἡμῶν
1145 1334 1405 1402 ἀειφανές
1448 1333 1844 1404 ἀναλάμψαντα

254 1423 546 1486 τεθέαται,
576 1426 673 1478 καὶ
703 1425 802 1495 τῆς
830 1424 1083 1492 γονεῦσιν
1125 1424 1488 1495 ὀφειλομένης
1517 1426 1647 1496 παρ’
1676 1422 1842 1478 αὑτοῦ

258 1514 403 1585 μετά
432 1514 570 1568 Θεὸν
602 1515 771 1585 τιμῆς
799 1515 905 1576 ἓως
937 1516 1124 1586 γήρως
1170 1517 1265 1570 καὶ
1306 1515 1631 1588 πρεσϐείου,
1665 1516 1742 1579 ὼς
1784 1517 1845 1570 τὸ

257 1607 427 1669 six-5;,
462 1606 863 1662 ἐναπέλαυσεν.
909 1607 1072 1671 Ἥτις
1114 1607 1176 1661 τδ
1208 1608 1283 1678 μὴ
1327 1608 1548 1679 βέϐαιον
1585 1608 1682 1663 τοῦ
1727 1608 1844 1680 βίου

253 1698 331 1762 ὥς
352 1698 632 1769 ἀραχνίων
661 1698 924 1769 νημάτων
951 1699 1278 1771 ἡγησαμένη
1310 1700 1636 1771 μηρύματα,
1665 1702 1758 1756 ἐπὶ
1785 1702 1845 1756 ea

261 1791 357 1860 τῆς
383 1790 697 1861 ἀσκητικῆς
729 1791 1071 1862 παλαίστρας
1096 1792 1300 1862 ἐαυτὴν
1319 1793 1584 1846 ἐκδέδωκε
1605 1794 1840 1857 στάδιον,

259 1882 403 1935 κατά
432 1881 529 1934 τοῦ
559 1882 967 1950 ἀνταγωνιστοῦ
1002 1884 1364 1955 κονισαμένη,
1403 1886 1500 1938 καὶ
1526 1885 1717 1940 τοῦτον
1749 1889 1846 1958 ἡτ-

258 1973 511 2041 τὴσασα,
558 1973 654 2026 καὶ
683 1972 780 2026 τοῦ
824 1973 1247 2045 ἐπαγγέλματος
1292 1977 1384 2030 τδν
1419 1976 1621 2048 δρόμον
1675 1977 1845 2043 ἀξίως

259 2063 552 2125 τελέσασα,
582 2065 678 2117 τὸν
706 2066 805 2136 τῆς
834 2065 1140 2130 ἀθανασίας
1166 2067 1254 2121 διὰ
1285 2067 1517 2122 θανάτου
1548 2069 1848 2140 ἀνεδήσατο

262 2157 554 2223 στέφανον’
593 2158 714 2211 ἐκεῖ
748 2158 888 2228 μετά
915 2158 1024 2212 τῶν
1055 2162 1114 2213 ἐν
1157 2160 1238 2231 τῷ
1266 2162 1521 2232 νυμφῶνι
1561 2163 1847 2234 παρθένων

263 2247 574 2316 χορεύουσα
603 2248 701 2301 καὶ
716 2248 817 2318 τὴν
835 2249 1036 2320 ἑαυτῆς
1052 2249 1313 2320 λαμπάδα
1330 2270 1396 2324 τη
1409 2252 1575 2323 ροῦσα
1585 2256 1662 2326 τῷ
1684 2256 1848 2323 ἐλαίῳ

263 2336 361 2406 τῆς
401 2338 653 2402 εὐποιίας
699 2338 1022 2409 ἀκοίμητον.
1056 2340 1121 2393 Ὢ
1164 2343 1351 2405 παιδὸς
1388 2344 1650 2417 τοιαύτης
1679 2347 1849 2400 πατέ-

264 2444 378 2496 ρων
401 2429 810 2499 εὐτυχήσαντος
838 2432 1099 2497 εὐσεϐοῦς
1146 2435 1543 2506 ἀναῤῥήσεωςί
1578 2438 1641 2490 Ὤ
1685 2439 1850 2493 πατέ-

265 2537 375 2591 ρων
401 2521 661 2575 τοσούτου
690 2521 876 2586 παιδὸς
898 2524 1351 2597 εὐμοιρησάντων
1381 2529 1462 2591 εἰς
1489 2529 1697 2601 ἀρετὴν
1724 2532 1847 2584 ἐπι-

262 2609 500 2676 τεύξεως
519 2612 533 2667 l

332 2707 405 2774 η’.
457 2702 602 2755 Ἀλλ’
647 2703 727 2768 ὡς
764 2704 893 2776 περὶ
928 2707 1026 2777 μὲν
1068 2707 1178 2762 τῶν
1230 2708 1517 2779 φυσᾶντων
1569 2711 1619 2785 [ὁ
1668 2712 1847 2786 λόγος]

262 2793 405 2847 mni
455 2794 593 2848 πολῦ
644 2797 745 2865 τῆς
796 2797 1022 2851 ἐκείνων
1055 2800 1212 2866 ἀξίας
1260 2802 1577 2873 ἡττώμενος
1616 2805 1851 2859 ἐνταῦθα

267 2885 532 2954 μεινάτω.
563 2886 739 2950 Αὐτὸς
765 2887 811 2941 δ’
836 2890 985 2953 ὅπως
1010 2891 1104 2943 ἐπὶ
1135 2890 1216 2971 τῷ
1247 2892 1348 2964 τῆς
1372 2894 1577 2966 ἀρετῆς
1614 2896 1852 2970 θεμελίῳ

263 2979 458 3032 εαυτδν
491 2980 910 3051 ἐπῳκοδόμησε,
962 2982 1058 3036 καὶ
1084 2983 1380 3049 ἀναϐάσεις
1423 2986 1482 3039 ἐν
1514 2991 1583 3059 τῇ
1614 2989 1848 3062 καρδίᾳ,

266 3071 627 3140 προφητικῶς
659 3074 855 3138 είπείν,
902 3074 1134 3140 διέθετο,
1171 3079 1529 3136 ὑπολείπεται
1571 3081 1769 3151 λέγειν,
1802 3087 1851 3138 εί

266 3161 357 3213 καὶ
397 3162 427 3213 ὁ
460 3161 623 3230 λόγος
656 3163 865 3234 ίλιγγιᾷ
900 3166 960 3217 τὸ
993 3168 1122 3237 παρ’
1152 3169 1312 3234 ἀξίαν
1344 3174 1528 3227 εἰπεῖν
1560 3175 1851 3247 ὑφορώμε-

266 3268 353 3315 νος
381 3254 479 3305 καὶ
499 3254 563 3306 τὸ
590 3256 714 3309 κατ’
735 3257 895 3323 ἀξίαν
924 3259 951 3311 ὅ
973 3276 1038 3326 γε
1059 3258 1266 3325 δίκαιος
1291 3265 1568 3335 ἀκροατὴς
1598 3268 1852 3324 ἀπαιτεῖν

268 3343 328 3395 οὗ
364 3342 717 3415 βουλόμενος.
752 3349 963 3402 Οὐκοῦν
992 3350 1080 3404 διὰ
1114 3356 1321 3424 μικρᾶς
1352 3373 1498 3420 τινος
1527 3360 1620 3412 καὶ
1650 3359 1856 3431 λεπτῆς

269 3436 386 3490 ὁδοῦ
412 3438 479 3490 τὸ
511 3439 618 3507 τῆς
647 3440 889 3510 ἀπορίας
916 3443 1142 3513 δαψιλὲς
1185 3446 1528 3519 ἐπαγόμενος
1549 3491 1563 3512 ,
1596 3453 1854 3522 πειράσο-

275 3544 369 3596 μαι
396 3529 535 3600 1:95;
568 3531 630 3584 ἓν
658 3548 712 3585 τι
746 3528 1034 3605 τῶν’σὺτῷ
1057 3538 1515 3607 κατωρθωμένων
1546 3542 1851 3615 διαϐλέψαι,

274 3616 363 3669 καὶ
391 3618 458 3670 ἐκ
488 3620 696 3690 μέρους
721 3621 850 3676 ὅλον
872 3623 1002 3694 ὑμῖν
1032 3626 1320 3696 γνωρίσαι,
1348 3629 1424 3691 ὡς
1451 3628 1511 3695 ἐξ
1530 3630 1738 3702 ὀνύχων
1765 3634 1857 3688 τὸν

273 3706 484 3764 λέοντα.
1476 3752 1479 3755 -

342 3975 405 4027 θ’.
432 3970 566 4045 Εἶχε
607 3975 710 4046 μὲν
743 3971 837 4030 οὗν
866 3977 1031 4032 αὐτὸν
1059 3978 1318 4050 βασιλεύς
1346 4000 1405 4037 τε
1432 3985 1584 4058 καὶὴ
1619 3987 1729 4041 τῶν
1761 3987 1858 4060 βα-

279 4065 490 4120 σιλείων
520 4066 696 4138 αὐλὴ,
723 4063 814 4125 οἷά
840 4087 966 4123 τινα
999 4070 1153 4125 θείαν
1181 4076 1511 4148 περιστολὴν
1542 4079 1641 4133 καὶ
1672 4081 1851 4145 κλέος,

277 4153 426 4222 λόγον
472 4155 773 4226 ἐπίσημον,
806 4156 838 4228 ἢ
868 4159 962 4213 τὸν
1002 4161 1270 4217 Παιανιέα
1306 4165 1384 4235 (6)
1428 4168 1634 4238 ῥήτορα
1663 4170 1854 4224 Φίλιπ-

278 4262 390 4309 πος.
423 4247 507 4303 (ὶύ
533 4248 647 4318 γὰρ
678 4249 964 4319 στωμύλος
1001 4269 1088 4315 τις
1114 4248 1183 4323 ἦν
1213 4255 1304 4308 τὸν
1333 4255 1492 4310 θῶπα
1522 4258 1680 4327 λόγον
1722 4262 1854 4315 ὑπο-

280 4338 618 4409 κρινόμενος,
645 4340 721 4402 ὼς
746 4339 813 4394 ἂν
852 4341 914 4394 τι
945 4343 1083 4412 πρὸς
1112 4346 1274 4416 χάριν
1304 4346 1478 4415 λέγων
1510 4350 1727 4421 θηρῷτο
1761 4354 1854 4408 τὸν

278 4427 514 4483 Ξπαινον·
550 4430 698 4501 λόγῳ
738 4432 797 4484 δέ
839 4432 983 4487 κατὰ
1020 4433 1178 4504 λόγον
1227 4441 1535 4512 κινουμένῳ
1576 4442 1669 4495 τὸν
1697 4443 1854 4513 λόγον

1942 595 2222 665 defuncto,
2276 613 2450 654 annos
2495 613 2603 655 non
2652 615 2852 672 paucos
2892 602 3002 671 egit
3047 618 3169 658 cum
3212 602 3357 671 (ilio;
3393 618 3516 659 cum

1939 688 1989 744 is
2023 703 2215 746 recens
2263 690 2571 747 liberalium
2627 694 2827 747 artium
2876 696 3052 749 studia
3110 697 3516 763 capessiviSSt-t,

1943 794 2215 849 manuque
2243 796 2309 837 ac
2343 791 2650 838 atramento
2705 786 2941 854 scriptor
2975 800 3077 838 non
3113 783 3361 855 ignobilis
3389 800 3521 839 era-

1943 870 2126 926 sisset.
2161 872 2380 928 Electus
2411 890 2643 943 namque
2687 877 2868 933 scriba
2910 889 3016 941 est,
3048 878 3138 948 qui
3169 878 3521 948 imperatori-

1944 961 2065 1027 bus,
2105 971 2163 1015 ut
2198 962 2388 1019 Latina
2450 965 2633 1037 lingua
2699 975 2915 1035 vocant,
2943 984 2969 1021 a
3002 970 3233 1026 secretis
3277 969 3523 1024 minisn-r

1942 1052 2110 1109 eSset.
2152 1053 2291 1122 Quin
2328 1066 2382 1110 et
2406 1055 2518 1125 iam
2566 1057 2691 1112 felix
2739 1069 2910 1113 mater
2959 1059 3102 1114 hunc
3142 1075 3207 1114 ex
3239 1074 3300 1114 se
3338 1069 3521 1113 natum

1943 1146 2140 1199 summi
2192 1146 2487 1202 sacerdotii
2544 1148 2871 1203 candelabro
2925 1149 3071 1204 velut
3134 1149 3522 1205 lucidissimam

1946 1237 2222 1294 lucernam
2286 1241 2641 1310 impositum,
2695 1258 3017 1313 semperque
3082 1243 3293 1298 clarum
3341 1243 3524 1297 lumen

1945 1330 2158 1385 Semitis
2194 1332 2397 1391 nostris
2438 1332 2819 1401 praeferentem
2853 1337 3159 1405 conspexit,
3196 1350 3261 1391 ac
3284 1334 3524 1390 debitum

1946 1423 2242 1477 secundum
2300 1424 2468 1479 Deum
2520 1426 2837 1494 parentibus
2888 1427 3149 1483 honorem
3211 1428 3528 1497 cultumque

1947 1513 2013 1565 ad
2043 1515 2253 1567 senium
2296 1530 2466 1585 usque
2500 1531 2565 1569 ex
2598 1517 2715 1584 ipso
2754 1520 2983 1590 recepit.
3019 1518 3240 1574 Interim
3278 1534 3404 1576 vero
3428 1535 3529 1575 sm-

1946 1602 2053 1657 Citii
2094 1619 2182 1657 res
2217 1603 2390 1660 ﬂuxas
2420 1607 2567 1661 velut
2604 1624 2929 1664 aranearum
2961 1610 3195 1666 stamina
3230 1612 3319 1682 pio
3349 1611 3532 1667 consi-

1947 1695 2019 1749 lio
2052 1694 2205 1750 fortis
2235 1695 2435 1751 femina
2486 1709 2768 1767 reputans,
2816 1701 3135 1756 tuonastica:
3164 1717 3222 1757 se
3255 1702 3529 1757 exercita-

1949 1787 2114 1843 tionis
2160 1788 2342 1843 stttdio
2393 1789 2622 1856 dedidit,
2661 1801 2996 1862 strenueque
3028 1792 3081 1847 in
3123 1808 3188 1847 eo
3230 1794 3535 1856 drsndans,

1950 1880 2098 1935 victo
2127 1881 2464 1947 adversario,
2497 1898 2561 1937 ac
2596 1882 2955 1951 professionis
2998 1901 3162 1941 cursu
3198 1886 3360 1954 digne
3397 1902 3530 1940 cou-

1950 1983 2255 2040 snmmato,
2310 1985 2485 2030 morte
2546 1975 2729 2032 functa
2783 1976 3215 2033 immortalitatis
3267 1992 3527 2033 coronam

1953 2066 2211 2134 suscepit.
2239 2066 2351 2120 Illic
2370 2081 2492 2120 cum
2521 2067 2896 2137 virginibusin
2918 2068 3215 2122 thalamum
3245 2083 3528 2138 assumpta

1955 2155 2077 2211 laeta
2113 2156 2309 2212 choros
2362 2160 2494 2229 agit,
2528 2157 2946 2228 lampademque
2990 2159 3257 2213 bonorum
3308 2174 3538 2229 operum

1957 2247 2078 2301 oleo
2112 2261 2331 2316 semper
2361 2264 2649 2304 accensam
2686 2259 2851 2318 atque
2883 2250 3152 2304 lucentem
3183 2252 3450 2306 custodit.
3488 2250 3533 2304 0

1956 2349 2168 2404 natum,
2205 2341 2290 2401 cui
2321 2355 2385 2394 ex
2416 2350 2562 2394 tanta
2593 2351 2879 2410 parentum
2903 2343 3106 2411 pietate
3131 2342 3534 2397 commendatio

1955 2428 2134 2484 fausta
2180 2429 2441 2484 accessitl
2475 2429 2519 2484 0
2548 2439 2827 2500 parentes,
2874 2430 3072 2500 quibus
3119 2438 3287 2484 tanta:
3322 2429 3536 2483 virtutis

1955 2535 2021 2575 ac
2068 2520 2245 2576 laudis
2297 2532 2519 2586 natum,
2574 2522 2818 2591 adeoque
2888 2519 3246 2592 spectabilem
3293 2520 3539 2574 nancisci

1956 2612 2185 2682 obtigit!

2028 2702 2081 2757 8.
2118 2701 2385 2758 Caeterum
2414 2742 2430 2767 ,
2467 2703 2553 2757 hic
2587 2701 2652 2755 de
2676 2698 2807 2770 justi
2842 2702 3158 2772 parentibus
3207 2716 3405 2762 sermo,
3454 2702 3547 2755 “tn--~

1959 2793 2124 2849 ferior
2156 2794 2317 2864 longe
2340 2810 2504 2864 quant
2536 2804 2591 2847 ut
2617 2804 3084 2863 eorumexazquet
3111 2795 3327 2858 merita,
3355 2794 3545 2847 bactcs

1958 2903 2062 2942 nus
2091 2888 2353 2942 deductus
2387 2886 2606 2942 sufficiat
2647 2903 2660 2940 :
2699 2901 2842 2943 nunc
2878 2896 2935 2939 ιιι
2965 2887 3079 2956 ipse
3112 2901 3278 2957 supra
3322 2888 3535 2941 virtutis

1959 2979 2374 3033 fundamentum
2426 2986 2598 3032 semel
2645 2978 3015 3043 aediﬁcaverit,
3062 2988 3222 3048 atque
3270 2978 3322 3032 in
3376 2979 3548 3033 Corde

1959 3087 2078 3135 suo,
2117 3079 2175 3124 ut
2207 3070 2387 3125 verbis
2417 3070 2703 3140 Propheta:
2737 3069 2932 3140 loquar
2960 3072 3005 3134 δ,
3040 3071 3389 3126 aseensiones
3421 3073 3532 3125 dis-

1882 3199 1925 3257 c
1961 3165 2224 3233 posuerit,
2271 3174 2520 3233 superest
2559 3163 2872 3218 dicendum.
2922 3163 3245 3233 Quanquam
3302 3164 3535 3233 trepidat

1958 3258 2154 3320 oratio,
2186 3258 2354 3310 verita
2386 3270 2456 3311 ne
2486 3256 2667 3311 minus
2713 3270 2812 3326 pro
2844 3257 3108 3329 dignitate
3144 3256 3392 3326 partibus
3421 3257 3534 3309 suis

1959 3348 2286 3416 defungatur
2316 3366 2330 3403 :
2364 3349 2578 3404 tametsi
2606 3364 2672 3403 ne
2690 3348 2739 3403 id
2761 3348 2980 3416 quidem
3010 3349 3152 3418 quod
3183 3364 3247 3402 ex
3271 3349 3533 3423 dignitate

1958 3439 2032 3495 sit
2076 3450 2239 3509 atque
2281 3440 2494 3504 merito,
2556 3454 2745 3510 a‘quns
2785 3441 3000 3493 auditor
3038 3441 3302 3510 exegerit.
3350 3439 3535 3506 Itaque

1956 3530 2151 3602 exigua
2184 3533 2417 3600 quadam
2440 3531 2735 3600 subtilique
2771 3530 2853 3584 ria
2888 3540 3051 3600 atque
3077 3531 3330 3586 methodu
3364 3534 3547 3584 abun...

1958 3624 2202 3677 dantiam
2245 3622 2599 3688 contrahens,
2637 3632 2695 3676 ut
2726 3638 2847 3693 qum
2883 3622 3099 3677 consilii
3141 3623 3375 3692 indigum
3420 3624 3533 3677 ino-

1957 3729 2187 3784 pemque
2220 3714 2407 3779 faciat,
2449 3730 2616 3768 unum
2667 3715 2796 3784 qttid
2834 3730 2898 3768 ex
2932 3715 3178 3785 plurimis
3213 3715 3353 3768 illius
3390 3727 3535 3768 reete

1960 3806 2119 3862 fartis
2152 3807 2393 3860 conabor
2418 3806 2702 3874 dispicere,
2735 3819 2901 3874 atque
2932 3823 2996 3860 ex
3031 3819 3185 3877 parte
3219 3817 3533 3872 totum,ccu

1961 3898 2171 3954 leooem
2204 3914 2267 3954 ex
2307 3912 2503 3967 ungue,
2535 3897 2691 3952 vobis
2719 3899 3024 3953 declarare.

2026 3990 2081 4047 9.
2120 3992 2254 4045 Eum
2305 3990 2489 4058 itaque
2542 3990 2839 4058 imperator
2880 3990 3110 4057 attlaque
3159 3991 3391 4044 habebat
3435 4005 3532 4045 ceu

1956 4081 2198 4135 divinum
2230 4081 2516 4150 quemdam
2550 4090 2803 4134 ornatum
2834 4096 2898 4135 ac
2923 4082 3107 4147 decus,
3140 4066 3389 4134 sermone
3425 4084 3536 4133 cla-

1959 4187 2077 4227 rnm
2130 4181 2295 4240 atque
2343 4170 2631 4233 iliustrem,
2668 4186 2830 4240 supra
2874 4186 3032 4241 quam
3089 4170 3368 4242 Philippus
3416 4189 3533 4235 rex,

1955 4262 2368 4317 Atheniensium
2432 4261 2890 4316 facundissimum
2948 4273 3222 4317 oratorem
3268 4263 3366 4336 (tr).
3419 4265 3532 4319 Non

1955 4356 2098 4410 enim
2128 4354 2335 4409 blatero
2358 4353 2580 4424 quidam
2597 4364 2711 4409 erat
2733 4370 2796 4409 ac
2825 4355 3171 4423 loctttnleius,
3200 4357 3289 4425 qui
3312 4357 3377 4410 ad
3399 4360 3535 4410 adu-

1955 4444 2173 4499 lationis
2230 4444 2416 4499 ntodos
2482 4445 2642 4498 verba
2697 4460 3115 4516 sermonemque
3146 4460 3536 4515 componeret,

281 4520 668 4591 προύϐάλλετο,
715 4522 817 4576 οὐκ
844 4526 902 4576 ἐν
930 4525 1170 4598 κομψείᾳ
1195 4528 1398 4595 λέξεων
1434 4533 1527 4585 τὸν
1574 4534 1849 4606 ἀκροατὴν

1959 4538 2338 4607 loquendoque
2376 4538 2442 4592 ad
2478 4538 2711 4608 gratiam
2792 4538 3007 4593 laudem
3079 4551 3351 4610 quareret
3388 4559 3401 4595 :
3439 4542 3534 4595 sed

279 4611 617 4680 ἐφηδύνοντα
642 4629 658 4644 ⁶
691 4613 771 4684 τῷ
800 4616 991 4684 ἀφελεῖ
1026 4617 1085 4671 δέ
1113 4620 1209 4672 καί
1236 4621 1511 4694 ἀνειμένῳ
1539 4627 1859 4681 ἐπινοοῦντα

278 4703 489 4771 τρανῶς
516 4703 620 4775 τὴν
668 4704 960 4775 ὠφέλειαν.
1000 4704 1171 4774 Οὗτος
1217 4714 1407 4785 ἐπειδή
1448 4732 1500 4767 τι
1541 4716 1707 4788 μέρος
1751 4720 1860 4773 τῶν

281 4797 399 4861 περὶ
419 4795 522 4865 τὴν
552 4798 689 4864 ύγιᾶ
727 4797 910 4850 πίστιν
936 4801 1183 4873 ναυαγίῳ
1214 4806 1628 4871 περιπεσόντων
1658 4810 1723 4863 ἐκ
1752 4810 1861 4863 τῶν

280 4887 393 4936 κατ’
423 4886 610 4939 ἐκεῖνο
645 4888 842 4959 καιροῦ
872 4891 938 4944 τὰ
975 4892 1077 4962 τῆς
1126 4894 1445 4967 Ῥωμαῖκῆς
1475 4897 1650 4969 ἀρχῆς
1687 4901 1862 4954 οίακι-

284 4972 478 5034 ζόντων
504 4976 757 5046 βασίλεια
775 5021 791 5045 ,
816 4980 941 5033 ὅσον
964 4983 1048 5049 ἐφ’
1081 4983 1261 5053 ἐαυτῷ
1299 4986 1399 5055 τὴν
1437 4985 1610 5058 ζάλην
1636 4989 1855 5062 ἔστησε.

282 5063 390 5133 Τὴν
439 5069 549 5137 γὰρ
595 5068 863 5123 ἀνέκαθεν
918 5073 978 5138 ἐξ
1026 5075 1392 5147 ἀποστολικῆς
1436 5079 1530 5132 κοΐι
1575 5080 1858 5153 Πατρικῆς

353 5188 372 5213 ⁸
398 5182 542 5236 Psal.
578 5192 813 5247 until,
849 5182 903 5240 6.

353 5298 427 5365 (5)
462 5298 612 5372 fAlias
639 5301 1009 5372 Ἀσηκρήτης,
1043 5300 1187 5355 unde
1217 5300 1306 5372 qui
1335 5309 1419 5355 est
1447 5301 1499 5354 in
1528 5302 1723 5358 ordine
1765 5319 1853 5358 se-

282 5368 637 5442 cretariorum
661 5368 881 5442 primus,
899 5368 1398 5442 πρωτασηκρήτης.
1431 5372 1696 5442 Auctores
1727 5375 1852 5427 Stti-

188 5440 201 5447 “
282 5438 404 5508 dam
434 5507 437 5508 ν
465 5436 710 5508 aliosque
749 5441 869 5494 ride
906 5436 1046 5508 apud
1086 5436 1377 5495 Métt'rs'iutn
1431 5441 1483 5493 in
1530 5442 1849 5499 Glossario:

281 5506 511 5559 Carolus
534 5506 764 5575 Magnus
812 5506 978 5564 etiam
1011 5509 1290 5565 Leontium
1322 5520 1623 5566 asecretam
1657 5510 1851 5569 Latine

290 5576 531 5648 scripsit,
570 5576 645 5648 De
671 5579 816 5631 cultu
847 5581 1007 5648 imag.
1044 5581 1135 5634 lib.
1166 5595 1239 5643 tv,
1275 5595 1396 5648 cap.
1433 5581 1485 5634 9.

354 5646 428 5714 (6)
461 5645 920 5702 Pandiouidarutn
959 5645 1143 5705 'Iribtts
1191 5645 1357 5704 altera
1404 5650 1632 5705 Athenis
1657 5691 1671 5716 ,
1712 5662 1850 5707 teste

282 5719 420 5785 apud
447 5717 670 5770 Snidam
709 5718 971 5779 Diodoro,
1018 5733 1212 5774 nomen
1261 5735 1290 5774 a
1321 5719 1512 5775 Paeanc
1547 5723 1704 5777 habet
1730 5763 1743 5783 .
1795 5733 1849 5778 ct

285 5785 377 5856 qui
406 5786 470 5841 ad
493 5799 611 5842 eam
639 5788 918 5857 pertinent
949 5790 1228 5857 ιιαιανιεῖς
1273 5791 1544 5847 dicuntur.
1578 5795 1709 5859 Qum
1742 5810 1841 5849 rex

1957 4630 2257 4684 orationem
2290 4644 2356 4685 ex
2390 4630 2601 4685 ratione
2658 4645 2992 4699 componens
3043 4632 3125 4687 sie
3178 4634 3535 4702 depromebat

1959 4735 2298 4787 sermonem,
2340 4730 2399 4775 ut
2440 4737 2544 4777 non
2590 4731 2698 4775 tam
2753 4722 3007 4777 dictiOais
3053 4724 3321 4794 elegantia
3377 4735 3540 4795 atque

1960 4812 2246 4865 verborum
2281 4820 2474 4865 ornatu
2503 4813 2802 4866 auditorem
2844 4814 3124 4880 mulceret,
3151 4833 3312 4887 quam
3341 4817 3537 4872 sainzis

1959 4903 2250 4974 negligenti
2300 4903 2661 4974 remissoque.
2693 4908 2834 4974 quod
2884 4922 3063 4976 opera:
3110 4911 3340 4977 pretium
3375 4910 3538 4964 utile-

1966 5011 2073 5067 que
2104 5007 2268 5063 esset,
2323 5000 2495 5067 palam
2534 4999 2771 5052 ediceret
2822 5010 2983 5069 atque
3034 5002 3304 5055 suaderet.
3353 5000 3539 5068 Itaque

1967 5105 2089 5143 cum
2124 5105 2311 5145 eorum
2344 5104 2469 5162 pars
2492 5090 2691 5160 aliqua,
2715 5092 2804 5162 qui
2837 5107 2930 5161 per
2951 5094 3049 5146 hoc
3072 5103 3281 5163 tempus
3308 5093 3544 5149 Romani

1961 5325 2027 5387 an
2056 5314 2286 5369 strictim
2314 5317 2400 5373 hic
2430 5320 2742 5387 accipienda
2770 5321 2863 5384 sit,
2896 5329 2953 5373 ut
2981 5336 3107 5373 rere
3143 5320 3538 5379 Demostlte-res

1962 5384 2026 5459 ad
2056 5400 2176 5437 eam
2206 5387 2407 5459 tribum
2435 5384 2665 5456 spectet,
2695 5391 3153 5459 quemmltnodum
3180 5393 3391 5459 accepit
3423 5394 3540 5446 Sit-«-

1960 5453 2172 5517 pilanus
2204 5458 2255 5529 in
2280 5453 2587 5526 Appendice
2618 5460 2684 5512 ad
2713 5458 3052 5512 Thesaurum
3081 5460 3275 5529 linguae
3300 5453 3440 5516 Cra-i
3459 5482 3536 5528 :r;

1959 5536 2025 5573 all
2060 5526 2313 5592 gonerice
2353 5540 2581 5594 ponatur
2618 5546 2713 5598 pro
2759 5530 3123 5592 Atheniensi,
3160 5526 3215 5582 ἶιι
3265 5526 3538 5597 interpres

1958 5597 2190 5667 (.‘C_i_l3llil,
2223 5613 2327 5649 non
2353 5597 2575 5660 deﬁnio,
2607 5602 2818 5664 quando
2842 5610 3124 5667 paternattt
3158 5602 3538 5658 Demosthenis

1957 5663 2169 5741 tribum
2188 5663 2636 5741 ttulltts_1'etet'ttnt
2672 5663 2966 5741 nominavit
2991 5711 3004 5738 ,
3035 5673 3179 5741 quod
3208 5671 3402 5726 sciam.

2029 5733 2102 5807 (f1)
2140 5735 2557 5793 Demosthenem
2594 5739 2827 5795 indicat.
