  <div class='ocr_page' id='page_1' title='image "/cluster/home/n/w/nwhite01/storage/ocr_20150623/100/mdp.39015005675668/035.png"; bbox 0 0 3948 6154; ppageno 0'>
   <div class='ocr_carea' id='block_1_1' title="bbox 413 166 2003 261">
    <p class='ocr_par' dir='ltr' id='par_1_1' title="bbox 413 166 2003 245">
     <span class='ocr_line' id='line_1_1' title="bbox 413 166 2003 245; baseline 0.014 -22"><span class='ocrx_word' id='word_1_1' title='bbox 413 166 487 233; x_wconf 76' lang='lat'><strong>55</strong></span> <span class='ocrx_word' id='word_1_2' title='bbox 1401 176 1462 236; x_wconf 87' lang='lat' dir='ltr'><strong>S.</strong></span> <span class='ocrx_word' id='word_1_3' title='bbox 1503 176 1925 244; x_wconf 85' lang='lat' dir='ltr'><strong>NICEPHORI</strong></span> <span class='ocrx_word' id='word_1_4' title='bbox 1962 182 2003 245; x_wconf 91' lang='lat' dir='ltr'><strong>P</strong></span> 
     </span>
    </p>
   </div>
   <div class='ocr_carea' id='block_1_2' title="bbox 2111 166 3672 261">
    <p class='ocr_par' dir='ltr' id='par_1_2' title="bbox 2111 177 3672 261">
     <span class='ocr_line' id='line_1_2' title="bbox 2111 177 3672 261; baseline 0.009 -14"><span class='ocrx_word' id='word_1_5' title='bbox 2111 185 2470 249; x_wconf 63' lang='lat' dir='ltr'><strong>RIARCHJE</strong></span> <span class='ocrx_word' id='word_1_6' title='bbox 2509 177 2617 251; x_wconf 75' lang='grc' dir='ltr'><strong>ΟΡ.</strong></span> <span class='ocrx_word' id='word_1_7' title='bbox 3602 195 3672 261; x_wconf 67' lang='lat'><strong>55</strong></span> 
     </span>
    </p>
   </div>
   <div class='ocr_carea' id='block_1_3' title="bbox 417 280 2003 376">
    <p class='ocr_par' dir='ltr' id='par_1_3' title="bbox 417 280 1986 376">
     <span class='ocr_line' id='line_1_3' title="bbox 417 280 1986 376; baseline 0.016 -47"><span class='ocrx_word' id='word_1_8' title='bbox 417 280 678 376; x_wconf 61' lang='lat' dir='ltr'><strong>possidet,</strong></span> <span class='ocrx_word' id='word_1_9' title='bbox 729 281 1139 354; x_wconf 80' lang='lat' dir='ltr'><strong>incorruptione</strong></span> <span class='ocrx_word' id='word_1_10' title='bbox 1187 287 1420 344; x_wconf 84' lang='lat' dir='ltr'><strong>donatur</strong></span> <span class='ocrx_word' id='word_1_11' title='bbox 1470 300 1637 363; x_wconf 87' lang='lat' dir='ltr'><strong>atque</strong></span> <span class='ocrx_word' id='word_1_12' title='bbox 1685 296 1986 364; x_wconf 81' lang='lat' dir='ltr'><strong>angelicam</strong></span> 
     </span>
    </p>
   </div>
   <div class='ocr_carea' id='block_1_4' title="bbox 2111 280 3671 376">
    <p class='ocr_par' dir='ltr' id='par_1_4' title="bbox 2111 301 3671 376">
     <span class='ocr_line' id='line_1_4' title="bbox 2111 301 3671 376; baseline 0.003 -22"><span class='ocrx_word' id='word_1_13' title='bbox 2111 301 2291 373; x_wconf 78' lang='grc' dir='ltr'>ιρετὴν</span> <span class='ocrx_word' id='word_1_14' title='bbox 2319 302 2686 372; x_wconf 83' lang='grc' dir='ltr'><strong>καταγώγιον,</strong></span> <span class='ocrx_word' id='word_1_15' title='bbox 2715 303 2783 373; x_wconf 74' lang='grc' dir='ltr'>ἢν</span> <span class='ocrx_word' id='word_1_16' title='bbox 2811 304 2841 356; x_wconf 81' lang='grc' dir='ltr'><strong>ὁ</strong></span> <span class='ocrx_word' id='word_1_17' title='bbox 2879 304 3224 375; x_wconf 79' lang='grc' dir='ltr'>κτησάμενος</span> <span class='ocrx_word' id='word_1_18' title='bbox 3253 304 3671 376; x_wconf 73' lang='grc' dir='ltr'>ἀφθαρτίζσται.</span> 
     </span>
    </p>
   </div>
   <div class='ocr_carea' id='block_1_5' title="bbox 419 372 1989 453">
    <p class='ocr_par' dir='ltr' id='par_1_5' title="bbox 419 372 1989 453">
     <span class='ocr_line' id='line_1_5' title="bbox 419 372 1989 453; baseline 0.015 -31"><span class='ocrx_word' id='word_1_19' title='bbox 419 372 636 427; x_wconf 77' lang='lat' dir='ltr'><strong>vivendi</strong></span> <span class='ocrx_word' id='word_1_20' title='bbox 665 377 928 430; x_wconf 85' lang='lat' dir='ltr'><strong>rationem</strong></span> <span class='ocrx_word' id='word_1_21' title='bbox 961 377 1331 448; x_wconf 87' lang='lat' dir='ltr'><strong>amplectitur.</strong></span> <span class='ocrx_word' id='word_1_22' title='bbox 1363 379 1515 438; x_wconf 71' lang='lat' dir='ltr'><strong>lianc</strong></span> <span class='ocrx_word' id='word_1_23' title='bbox 1543 383 1713 453; x_wconf 78' lang='lat' dir='ltr'><strong>igitur</strong></span> <span class='ocrx_word' id='word_1_24' title='bbox 1734 389 1989 444; x_wconf 88' lang='lat' dir='ltr'><strong>comitem</strong></span> 
     </span>
    </p>
   </div>
   <div class='ocr_carea' id='block_1_6' title="bbox 420 463 1992 545">
    <p class='ocr_par' dir='ltr' id='par_1_6' title="bbox 420 463 1992 545">
     <span class='ocr_line' id='line_1_6' title="bbox 420 463 1992 545; baseline 0.011 -30"><span class='ocrx_word' id='word_1_25' title='bbox 420 463 735 536; x_wconf 83' lang='lat' dir='ltr'><strong>sociamque</strong></span> <span class='ocrx_word' id='word_1_26' title='bbox 766 481 1080 535; x_wconf 81' lang='lat' dir='ltr'><strong>magnarum</strong></span> <span class='ocrx_word' id='word_1_27' title='bbox 1106 468 1193 524; x_wconf 91' lang='lat' dir='ltr'><strong>ille</strong></span> <span class='ocrx_word' id='word_1_28' title='bbox 1223 485 1401 527; x_wconf 87' lang='lat' dir='ltr'><strong>rerum</strong></span> <span class='ocrx_word' id='word_1_29' title='bbox 1434 474 1747 544; x_wconf 78' lang='lat' dir='ltr'><strong>negotiator</strong></span> <span class='ocrx_word' id='word_1_30' title='bbox 1777 486 1992 545; x_wconf 87' lang='lat' dir='ltr'><strong>nactus,</strong></span> 
     </span>
    </p>
   </div>
   <div class='ocr_carea' id='block_1_7' title="bbox 413 550 1996 635">
    <p class='ocr_par' dir='ltr' id='par_1_7' title="bbox 413 550 1996 635">
     <span class='ocr_line' id='line_1_7' title="bbox 413 550 1996 635; baseline 0.013 -30"><span class='ocrx_word' id='word_1_31' title='bbox 413 550 636 621; x_wconf 80' lang='lat' dir='ltr'><strong>jamque</strong></span> <span class='ocrx_word' id='word_1_32' title='bbox 653 556 783 611; x_wconf 86' lang='lat' dir='ltr'><strong>olim</strong></span> <span class='ocrx_word' id='word_1_33' title='bbox 805 572 966 627; x_wconf 87' lang='lat' dir='ltr'><strong>supra</strong></span> <span class='ocrx_word' id='word_1_34' title='bbox 991 573 1152 628; x_wconf 86' lang='lat' dir='ltr'><strong>quam</strong></span> <span class='ocrx_word' id='word_1_35' title='bbox 1179 561 1271 616; x_wconf 83' lang='lat' dir='ltr'><strong>alii</strong></span> <span class='ocrx_word' id='word_1_36' title='bbox 1311 562 1520 634; x_wconf 80' lang='lat' dir='ltr'><strong>lapillos</strong></span> <span class='ocrx_word' id='word_1_37' title='bbox 1569 564 1739 635; x_wconf 87' lang='lat' dir='ltr'><strong>Opbir</strong></span> <span class='ocrx_word' id='word_1_38' title='bbox 1773 567 1996 624; x_wconf 84' lang='lat' dir='ltr'><strong>Serum-</strong></span> 
     </span>
    </p>
   </div>
   <div class='ocr_carea' id='block_1_8' title="bbox 417 648 1994 725">
    <p class='ocr_par' dir='ltr' id='par_1_8' title="bbox 417 648 1994 725">
     <span class='ocr_line' id='line_1_8' title="bbox 417 648 1994 725; baseline 0.011 -28"><span class='ocrx_word' id='word_1_39' title='bbox 417 660 525 714; x_wconf 85' lang='lat' dir='ltr'><strong>que</strong></span> <span class='ocrx_word' id='word_1_40' title='bbox 558 648 644 702; x_wconf 82' lang='lat' dir='ltr'><strong>fila</strong></span> <span class='ocrx_word' id='word_1_41' title='bbox 675 648 845 719; x_wconf 84' lang='lat' dir='ltr'><strong>pluris</strong></span> <span class='ocrx_word' id='word_1_42' title='bbox 895 650 1123 719; x_wconf 83' lang='lat' dir='ltr'><strong>faciens,</strong></span> <span class='ocrx_word' id='word_1_43' title='bbox 1158 653 1224 706; x_wconf 88' lang='lat' dir='ltr'><strong>ad</strong></span> <span class='ocrx_word' id='word_1_44' title='bbox 1260 669 1482 719; x_wconf 87' lang='lat' dir='ltr'><strong>novum,</strong></span> <span class='ocrx_word' id='word_1_45' title='bbox 1517 657 1597 711; x_wconf 92' lang='lat' dir='ltr'><strong>uti</strong></span> <span class='ocrx_word' id='word_1_46' title='bbox 1637 659 1840 713; x_wconf 90' lang='lat' dir='ltr'><strong>dictum</strong></span> <span class='ocrx_word' id='word_1_47' title='bbox 1887 669 1994 725; x_wconf 89' lang='lat' dir='ltr'><strong>est,</strong></span> 
     </span>
    </p>
   </div>
   <div class='ocr_carea' id='block_1_9' title="bbox 420 738 1995 821">
    <p class='ocr_par' dir='ltr' id='par_1_9' title="bbox 420 738 1995 821">
     <span class='ocr_line' id='line_1_9' title="bbox 420 738 1995 821; baseline 0.013 -33"><span class='ocrx_word' id='word_1_48' title='bbox 420 738 726 794; x_wconf 76' lang='lat' dir='ltr'><strong>Carmelqu</strong></span> <span class='ocrx_word' id='word_1_49' title='bbox 753 744 963 797; x_wconf 87' lang='lat' dir='ltr'><strong>secedit</strong></span> <span class='ocrx_word' id='word_1_50' title='bbox 994 762 1008 800; x_wconf 89' lang='lat'><strong>:</strong></span> <span class='ocrx_word' id='word_1_51' title='bbox 1045 744 1310 814; x_wconf 81' lang='lat' dir='ltr'><strong>ejusmodi</strong></span> <span class='ocrx_word' id='word_1_52' title='bbox 1345 748 1579 816; x_wconf 90' lang='lat' dir='ltr'><strong>scilicet,</strong></span> <span class='ocrx_word' id='word_1_53' title='bbox 1605 751 1696 820; x_wconf 85' lang='lat' dir='ltr'><strong>qui</strong></span> <span class='ocrx_word' id='word_1_54' title='bbox 1733 752 1839 807; x_wconf 90' lang='lat' dir='ltr'><strong>situ</strong></span> <span class='ocrx_word' id='word_1_55' title='bbox 1876 753 1995 821; x_wconf 90' lang='lat' dir='ltr'><strong>ipso</strong></span> 
     </span>
    </p>
   </div>
   <div class='ocr_carea' id='block_1_10' title="bbox 421 827 1995 907">
    <p class='ocr_par' dir='ltr' id='par_1_10' title="bbox 421 827 1995 907">
     <span class='ocr_line' id='line_1_10' title="bbox 421 827 1995 907; baseline 0.011 -24"><span class='ocrx_word' id='word_1_56' title='bbox 421 827 635 899; x_wconf 79' lang='lat' dir='ltr'><strong>locique</strong></span> <span class='ocrx_word' id='word_1_57' title='bbox 654 831 973 889; x_wconf 85' lang='lat' dir='ltr'><strong>dillicnltate</strong></span> <span class='ocrx_word' id='word_1_58' title='bbox 995 834 1238 890; x_wconf 77' lang='lat' dir='ltr'><strong>deforme</strong></span> <span class='ocrx_word' id='word_1_59' title='bbox 1266 837 1394 906; x_wconf 87' lang='lat' dir='ltr'><strong>quid</strong></span> <span class='ocrx_word' id='word_1_60' title='bbox 1420 839 1723 907; x_wconf 81' lang='lat' dir='ltr'><strong>praeferret,</strong></span> <span class='ocrx_word' id='word_1_61' title='bbox 1753 843 1995 899; x_wconf 88' lang='lat' dir='ltr'><strong>inacces-</strong></span> 
     </span>
    </p>
   </div>
   <div class='ocr_carea' id='block_1_11' title="bbox 422 924 1995 1004">
    <p class='ocr_par' dir='ltr' id='par_1_11' title="bbox 422 924 1995 1004">
     <span class='ocr_line' id='line_1_11' title="bbox 422 924 1995 1004; baseline 0.008 -29"><span class='ocrx_word' id='word_1_62' title='bbox 422 935 594 988; x_wconf 86' lang='lat' dir='ltr'><strong>soque</strong></span> <span class='ocrx_word' id='word_1_63' title='bbox 626 932 678 976; x_wconf 91' lang='lat' dir='ltr'><strong>et</strong></span> <span class='ocrx_word' id='word_1_64' title='bbox 704 924 874 978; x_wconf 87' lang='lat' dir='ltr'><strong>arduo</strong></span> <span class='ocrx_word' id='word_1_65' title='bbox 909 927 1109 981; x_wconf 90' lang='lat' dir='ltr'><strong>montis</strong></span> <span class='ocrx_word' id='word_1_66' title='bbox 1134 927 1357 985; x_wconf 80' lang='lat' dir='ltr'><strong>acclivis</strong></span> <span class='ocrx_word' id='word_1_67' title='bbox 1384 929 1587 986; x_wconf 75' lang='lat' dir='ltr'><strong>vertice</strong></span> <span class='ocrx_word' id='word_1_68' title='bbox 1620 932 1710 986; x_wconf 83' lang='lat' dir='ltr'><strong>vix</strong></span> <span class='ocrx_word' id='word_1_69' title='bbox 1747 931 1995 1004; x_wconf 74' lang='lat' dir='ltr'><strong>frugibus</strong></span> 
     </span>
    </p>
   </div>
   <div class='ocr_carea' id='block_1_12' title="bbox 424 1012 1997 1094">
    <p class='ocr_par' dir='ltr' id='par_1_12' title="bbox 424 1012 1997 1094">
     <span class='ocr_line' id='line_1_12' title="bbox 424 1012 1997 1094; baseline 0.011 -30"><span class='ocrx_word' id='word_1_70' title='bbox 424 1012 550 1067; x_wconf 88' lang='lat' dir='ltr'><strong>ullis</strong></span> <span class='ocrx_word' id='word_1_71' title='bbox 579 1026 725 1070; x_wconf 86' lang='lat' dir='ltr'><strong>esset</strong></span> <span class='ocrx_word' id='word_1_72' title='bbox 764 1028 988 1088; x_wconf 80' lang='lat' dir='ltr'><strong>propter</strong></span> <span class='ocrx_word' id='word_1_73' title='bbox 1020 1020 1365 1077; x_wconf 84' lang='lat' dir='ltr'><strong>sterilitatem</strong></span> <span class='ocrx_word' id='word_1_74' title='bbox 1396 1021 1647 1090; x_wconf 84' lang='lat' dir='ltr'><strong>idoneus,</strong></span> <span class='ocrx_word' id='word_1_75' title='bbox 1679 1039 1997 1094; x_wconf 89' lang='lat' dir='ltr'><strong>summaque</strong></span> 
     </span>
    </p>
   </div>
   <div class='ocr_carea' id='block_1_13' title="bbox 421 1104 1996 1185">
    <p class='ocr_par' dir='ltr' id='par_1_13' title="bbox 421 1104 1996 1185">
     <span class='ocr_line' id='line_1_13' title="bbox 421 1104 1996 1185; baseline 0.009 -27"><span class='ocrx_word' id='word_1_76' title='bbox 421 1104 670 1161; x_wconf 80' lang='lat' dir='ltr'><strong>siccitate</strong></span> <span class='ocrx_word' id='word_1_77' title='bbox 701 1122 766 1163; x_wconf 90' lang='lat' dir='ltr'><strong>ac</strong></span> <span class='ocrx_word' id='word_1_78' title='bbox 805 1110 1032 1179; x_wconf 89' lang='lat' dir='ltr'><strong>penuria</strong></span> <span class='ocrx_word' id='word_1_79' title='bbox 1063 1126 1327 1182; x_wconf 88' lang='lat' dir='ltr'><strong>aquarum</strong></span> <span class='ocrx_word' id='word_1_80' title='bbox 1356 1113 1652 1183; x_wconf 80' lang='lat' dir='ltr'><strong>laboraret,</strong></span> <span class='ocrx_word' id='word_1_81' title='bbox 1695 1131 1831 1185; x_wconf 90' lang='lat' dir='ltr'><strong>quas</strong></span> <span class='ocrx_word' id='word_1_82' title='bbox 1862 1132 1996 1173; x_wconf 88' lang='lat' dir='ltr'><strong>cou-</strong></span> 
     </span>
    </p>
   </div>
   <div class='ocr_carea' id='block_1_14' title="bbox 422 1195 1997 1274">
    <p class='ocr_par' dir='ltr' id='par_1_14' title="bbox 422 1195 1997 1274">
     <span class='ocr_line' id='line_1_14' title="bbox 422 1195 1997 1274; baseline 0.01 -29"><span class='ocrx_word' id='word_1_83' title='bbox 422 1195 544 1251; x_wconf 79' lang='lat' dir='ltr'><strong>velti</strong></span> <span class='ocrx_word' id='word_1_84' title='bbox 571 1211 637 1253; x_wconf 89' lang='lat' dir='ltr'><strong>eo</strong></span> <span class='ocrx_word' id='word_1_85' title='bbox 663 1210 978 1269; x_wconf 89' lang='lat' dir='ltr'><strong>oporteret;</strong></span> <span class='ocrx_word' id='word_1_86' title='bbox 1017 1217 1140 1258; x_wconf 92' lang='lat' dir='ltr'><strong>cum</strong></span> <span class='ocrx_word' id='word_1_87' title='bbox 1176 1203 1295 1274; x_wconf 85' lang='lat' dir='ltr'><strong>ipso</strong></span> <span class='ocrx_word' id='word_1_88' title='bbox 1345 1205 1488 1273; x_wconf 84' lang='lat' dir='ltr'><strong>quod</strong></span> <span class='ocrx_word' id='word_1_89' title='bbox 1541 1218 1610 1259; x_wconf 83' lang='lat' dir='ltr'><strong>ex</strong></span> <span class='ocrx_word' id='word_1_90' title='bbox 1643 1206 1881 1261; x_wconf 89' lang='lat' dir='ltr'><strong>nubibus</strong></span> <span class='ocrx_word' id='word_1_91' title='bbox 1911 1217 1997 1262; x_wconf 90' lang='lat' dir='ltr'><strong>est</strong></span> 
     </span>
    </p>
   </div>
   <div class='ocr_carea' id='block_1_15' title="bbox 425 1287 1994 1357">
    <p class='ocr_par' dir='ltr' id='par_1_15' title="bbox 425 1287 1994 1357">
     <span class='ocr_line' id='line_1_15' title="bbox 425 1287 1994 1357; baseline 0.007 -14"><span class='ocrx_word' id='word_1_92' title='bbox 425 1287 760 1357; x_wconf 75' lang='lat' dir='ltr'><strong>lrrigatiouis</strong></span> <span class='ocrx_word' id='word_1_93' title='bbox 798 1295 1084 1350; x_wconf 88' lang='lat' dir='ltr'><strong>commodo</strong></span> <span class='ocrx_word' id='word_1_94' title='bbox 1118 1305 1334 1351; x_wconf 82' lang='lat' dir='ltr'><strong>careret</strong></span> <span class='ocrx_word' id='word_1_95' title='bbox 1364 1298 1436 1352; x_wconf 89' lang='lat' dir='ltr'><strong>ob</strong></span> <span class='ocrx_word' id='word_1_96' title='bbox 1467 1297 1569 1353; x_wconf 91' lang='lat' dir='ltr'><strong>loci</strong></span> <span class='ocrx_word' id='word_1_97' title='bbox 1603 1298 1994 1354; x_wconf 82' lang='lat' dir='ltr'><strong>declivitatem.</strong></span> 
     </span>
    </p>
   </div>
   <div class='ocr_carea' id='block_1_16' title="bbox 496 1379 1997 1455">
    <p class='ocr_par' dir='ltr' id='par_1_16' title="bbox 496 1379 1997 1455">
     <span class='ocr_line' id='line_1_16' title="bbox 496 1379 1997 1455; baseline 0.006 -23"><span class='ocrx_word' id='word_1_98' title='bbox 496 1379 585 1433; x_wconf 78' lang='grc'><strong>15.</strong></span> <span class='ocrx_word' id='word_1_99' title='bbox 627 1379 827 1436; x_wconf 85' lang='lat' dir='ltr'><strong>Verum</strong></span> <span class='ocrx_word' id='word_1_100' title='bbox 870 1383 999 1450; x_wconf 92' lang='lat' dir='ltr'><strong>quid</strong></span> <span class='ocrx_word' id='word_1_101' title='bbox 1052 1383 1247 1438; x_wconf 86' lang='lat' dir='ltr'><strong>attinet</strong></span> <span class='ocrx_word' id='word_1_102' title='bbox 1297 1385 1397 1440; x_wconf 90' lang='lat' dir='ltr'><strong>soli</strong></span> <span class='ocrx_word' id='word_1_103' title='bbox 1432 1385 1691 1440; x_wconf 86' lang='lat' dir='ltr'><strong>duritiem</strong></span> <span class='ocrx_word' id='word_1_104' title='bbox 1750 1386 1997 1455; x_wconf 85' lang='lat' dir='ltr'><strong>situsque</strong></span> 
     </span>
    </p>
   </div>
   <div class='ocr_carea' id='block_1_17' title="bbox 425 1467 1998 1545">
    <p class='ocr_par' dir='ltr' id='par_1_17' title="bbox 425 1467 1998 1545">
     <span class='ocr_line' id='line_1_17' title="bbox 425 1467 1998 1545; baseline 0.007 -25"><span class='ocrx_word' id='word_1_105' title='bbox 425 1467 767 1524; x_wconf 85' lang='lat' dir='ltr'><strong>incommoda</strong></span> <span class='ocrx_word' id='word_1_106' title='bbox 791 1469 1023 1540; x_wconf 85' lang='lat' dir='ltr'><strong>proferri</strong></span> <span class='ocrx_word' id='word_1_107' title='bbox 1050 1472 1317 1542; x_wconf 86' lang='lat' dir='ltr'><strong>pluribus,</strong></span> <span class='ocrx_word' id='word_1_108' title='bbox 1350 1490 1471 1529; x_wconf 91' lang='lat' dir='ltr'><strong>cum</strong></span> <span class='ocrx_word' id='word_1_109' title='bbox 1494 1474 1687 1544; x_wconf 83' lang='lat' dir='ltr'><strong>possit,</strong></span> <span class='ocrx_word' id='word_1_110' title='bbox 1715 1475 1759 1530; x_wconf 87' lang='lat' dir='ltr'><strong>si</strong></span> <span class='ocrx_word' id='word_1_111' title='bbox 1785 1475 1909 1545; x_wconf 91' lang='lat' dir='ltr'><strong>quis</strong></span> <span class='ocrx_word' id='word_1_112' title='bbox 1930 1490 1998 1531; x_wconf 87' lang='lat' dir='ltr'><strong>eo</strong></span> 
     </span>
    </p>
   </div>
   <div class='ocr_carea' id='block_1_18' title="bbox 424 1561 1995 1637">
    <p class='ocr_par' dir='ltr' id='par_1_18' title="bbox 424 1561 1995 1637">
     <span class='ocr_line' id='line_1_18' title="bbox 424 1561 1995 1637; baseline 0.005 -24"><span class='ocrx_word' id='word_1_113' title='bbox 424 1561 743 1628; x_wconf 84' lang='lat' dir='ltr'><strong>accesserit,</strong></span> <span class='ocrx_word' id='word_1_114' title='bbox 782 1562 887 1617; x_wconf 92' lang='lat' dir='ltr'><strong>loci</strong></span> <span class='ocrx_word' id='word_1_115' title='bbox 916 1564 1150 1620; x_wconf 89' lang='lat' dir='ltr'><strong>indolem</strong></span> <span class='ocrx_word' id='word_1_116' title='bbox 1173 1565 1376 1620; x_wconf 90' lang='lat' dir='ltr'><strong>clarius</strong></span> <span class='ocrx_word' id='word_1_117' title='bbox 1405 1580 1734 1637; x_wconf 71' lang='lat' dir='ltr'><strong>cognoscere</strong></span> <span class='ocrx_word' id='word_1_118' title='bbox 1757 1577 1812 1622; x_wconf 88' lang='lat' dir='ltr'><strong>et</strong></span> <span class='ocrx_word' id='word_1_119' title='bbox 1832 1581 1995 1637; x_wconf 81' lang='lat' dir='ltr'><strong>supra</strong></span> 
     </span>
    </p>
   </div>
   <div class='ocr_carea' id='block_1_19' title="bbox 425 1652 2074 1731">
    <p class='ocr_par' dir='ltr' id='par_1_19' title="bbox 425 1652 2074 1731">
     <span class='ocr_line' id='line_1_19' title="bbox 425 1652 2074 1731; baseline 0.007 -25"><span class='ocrx_word' id='word_1_120' title='bbox 425 1666 645 1707; x_wconf 87' lang='lat' dir='ltr'><strong>omnem</strong></span> <span class='ocrx_word' id='word_1_121' title='bbox 702 1655 968 1711; x_wconf 88' lang='lat' dir='ltr'><strong>orationis</strong></span> <span class='ocrx_word' id='word_1_122' title='bbox 1006 1655 1117 1711; x_wconf 84' lang='lat' dir='ltr'><strong>vim</strong></span> <span class='ocrx_word' id='word_1_123' title='bbox 1160 1657 1293 1727; x_wconf 87' lang='lat' dir='ltr'><strong>ipsis</strong></span> <span class='ocrx_word' id='word_1_124' title='bbox 1328 1658 1502 1713; x_wconf 88' lang='lat' dir='ltr'><strong>oculis</strong></span> <span class='ocrx_word' id='word_1_125' title='bbox 1531 1661 1801 1716; x_wconf 83' lang='lat' dir='ltr'><strong>aestimare</strong></span> <span class='ocrx_word' id='word_1_126' title='bbox 1839 1671 2000 1731; x_wconf 89' lang='lat' dir='ltr'><strong>atque</strong></span> <span class='ocrx_word' id='word_1_127' title='bbox 2031 1652 2074 1707; x_wconf 81' lang='grc' dir='ltr'><strong>Β</strong></span> 
     </span>
    </p>
   </div>
   <div class='ocr_carea' id='block_1_20' title="bbox 426 1746 1998 1820">
    <p class='ocr_par' dir='ltr' id='par_1_20' title="bbox 426 1746 1998 1820">
     <span class='ocr_line' id='line_1_20' title="bbox 426 1746 1998 1820; baseline 0.006 -23"><span class='ocrx_word' id='word_1_128' title='bbox 426 1746 735 1815; x_wconf 83' lang='lat' dir='ltr'><strong>conjicere,</strong></span> <span class='ocrx_word' id='word_1_129' title='bbox 778 1748 958 1817; x_wconf 83' lang='lat' dir='ltr'><strong>qualis</strong></span> <span class='ocrx_word' id='word_1_130' title='bbox 988 1762 1056 1802; x_wconf 82' lang='lat' dir='ltr'><strong>ex</strong></span> <span class='ocrx_word' id='word_1_131' title='bbox 1102 1749 1246 1819; x_wconf 86' lang='lat' dir='ltr'><strong>quali</strong></span> <span class='ocrx_word' id='word_1_132' title='bbox 1278 1749 1346 1804; x_wconf 86' lang='lat' dir='ltr'><strong>ab</strong></span> <span class='ocrx_word' id='word_1_133' title='bbox 1375 1764 1441 1805; x_wconf 90' lang='lat' dir='ltr'><strong>eo</strong></span> <span class='ocrx_word' id='word_1_134' title='bbox 1476 1759 1719 1820; x_wconf 89' lang='lat' dir='ltr'><strong>tempore</strong></span> <span class='ocrx_word' id='word_1_135' title='bbox 1760 1762 1998 1807; x_wconf 83' lang='lat' dir='ltr'><strong>mutatus</strong></span> 
     </span>
    </p>
   </div>
   <div class='ocr_carea' id='block_1_21' title="bbox 426 1827 2001 1912">
    <p class='ocr_par' dir='ltr' id='par_1_21' title="bbox 426 1827 2001 1912">
     <span class='ocr_line' id='line_1_21' title="bbox 426 1827 2001 1912; baseline 0.004 -20"><span class='ocrx_word' id='word_1_136' title='bbox 426 1837 523 1893; x_wconf 79' lang='lat' dir='ltr'><strong>sit.</strong></span> <span class='ocrx_word' id='word_1_137' title='bbox 552 1837 762 1892; x_wconf 83' lang='lat' dir='ltr'><strong>Etenim</strong></span> <span class='ocrx_word' id='word_1_138' title='bbox 802 1827 950 1894; x_wconf 87' lang='lat' dir='ltr'><strong>velut</strong></span> <span class='ocrx_word' id='word_1_139' title='bbox 976 1855 1195 1896; x_wconf 79' lang='lat' dir='ltr'><strong>exesam</strong></span> <span class='ocrx_word' id='word_1_140' title='bbox 1236 1857 1640 1912; x_wconf 85' lang='lat' dir='ltr'><strong>pannosamque</strong></span> <span class='ocrx_word' id='word_1_141' title='bbox 1674 1854 1902 1910; x_wconf 84' lang='lat' dir='ltr'><strong>vestem,</strong></span> <span class='ocrx_word' id='word_1_142' title='bbox 1939 1845 2001 1898; x_wconf 92' lang='lat' dir='ltr'><strong>il-</strong></span> 
     </span>
    </p>
   </div>
   <div class='ocr_carea' id='block_1_22' title="bbox 423 1928 2000 2005">
    <p class='ocr_par' dir='ltr' id='par_1_22' title="bbox 423 1928 2000 2005">
     <span class='ocr_line' id='line_1_22' title="bbox 423 1928 2000 2005; baseline 0.004 -20"><span class='ocrx_word' id='word_1_143' title='bbox 423 1928 539 1985; x_wconf 82' lang='lat' dir='ltr'><strong>lum</strong></span> <span class='ocrx_word' id='word_1_144' title='bbox 575 1929 673 1986; x_wconf 90' lang='lat' dir='ltr'><strong>soli</strong></span> <span class='ocrx_word' id='word_1_145' title='bbox 712 1931 993 1987; x_wconf 87' lang='lat' dir='ltr'><strong>horrorem</strong></span> <span class='ocrx_word' id='word_1_146' title='bbox 1024 1932 1397 2005; x_wconf 89' lang='lat' dir='ltr'><strong>iucultamque</strong></span> <span class='ocrx_word' id='word_1_147' title='bbox 1417 1936 1655 2005; x_wconf 87' lang='lat' dir='ltr'><strong>speciem</strong></span> <span class='ocrx_word' id='word_1_148' title='bbox 1683 1950 1918 2001; x_wconf 89' lang='lat' dir='ltr'><strong>exuens,</strong></span> <span class='ocrx_word' id='word_1_149' title='bbox 1944 1945 2000 1992; x_wconf 84' lang='lat' dir='ltr'><strong>ct</strong></span> 
     </span>
    </p>
   </div>
   <div class='ocr_carea' id='block_1_23' title="bbox 429 2017 1997 2099">
    <p class='ocr_par' dir='ltr' id='par_1_23' title="bbox 429 2017 1997 2099">
     <span class='ocr_line' id='line_1_23' title="bbox 429 2017 1997 2099; baseline 0.007 -27"><span class='ocrx_word' id='word_1_150' title='bbox 429 2017 712 2075; x_wconf 84' lang='lat' dir='ltr'><strong>fertilitate</strong></span> <span class='ocrx_word' id='word_1_151' title='bbox 731 2022 903 2092; x_wconf 68' lang='lat' dir='ltr'><strong>glebae</strong></span> <span class='ocrx_word' id='word_1_152' title='bbox 925 2023 1230 2080; x_wconf 86' lang='lat' dir='ltr'><strong>sterilitatis</strong></span> <span class='ocrx_word' id='word_1_153' title='bbox 1257 2027 1669 2096; x_wconf 78' lang='lat' dir='ltr'><strong>appellationem</strong></span> <span class='ocrx_word' id='word_1_154' title='bbox 1691 2027 1997 2099; x_wconf 88' lang='lat' dir='ltr'><strong>deponens;</strong></span> 
     </span>
    </p>
   </div>
   <div class='ocr_carea' id='block_1_24' title="bbox 428 2110 1998 2190">
    <p class='ocr_par' dir='ltr' id='par_1_24' title="bbox 428 2110 1998 2190">
     <span class='ocr_line' id='line_1_24' title="bbox 428 2110 1998 2190; baseline 0.006 -27"><span class='ocrx_word' id='word_1_155' title='bbox 428 2110 522 2178; x_wconf 91' lang='lat' dir='ltr'><strong>qui</strong></span> <span class='ocrx_word' id='word_1_156' title='bbox 554 2122 683 2167; x_wconf 85' lang='lat' dir='ltr'><strong>ante</strong></span> <span class='ocrx_word' id='word_1_157' title='bbox 719 2123 841 2167; x_wconf 90' lang='lat' dir='ltr'><strong>erat</strong></span> <span class='ocrx_word' id='word_1_158' title='bbox 871 2114 1078 2182; x_wconf 88' lang='lat' dir='ltr'><strong>aridus,</strong></span> <span class='ocrx_word' id='word_1_159' title='bbox 1108 2117 1314 2172; x_wconf 78' lang='lat' dir='ltr'><strong>cmlcsti</strong></span> <span class='ocrx_word' id='word_1_160' title='bbox 1344 2119 1518 2175; x_wconf 89' lang='lat' dir='ltr'><strong>imbre</strong></span> <span class='ocrx_word' id='word_1_161' title='bbox 1557 2135 1655 2190; x_wconf 90' lang='lat' dir='ltr'><strong>per</strong></span> <span class='ocrx_word' id='word_1_162' title='bbox 1693 2129 1851 2175; x_wconf 79' lang='lat' dir='ltr'><strong>terra:</strong></span> <span class='ocrx_word' id='word_1_163' title='bbox 1884 2120 1998 2175; x_wconf 82' lang='lat' dir='ltr'><strong>bia-</strong></span> 
     </span>
    </p>
   </div>
   <div class='ocr_carea' id='block_1_25' title="bbox 429 2208 2000 2282">
    <p class='ocr_par' dir='ltr' id='par_1_25' title="bbox 429 2208 2000 2282">
     <span class='ocr_line' id='line_1_25' title="bbox 429 2208 2000 2282; baseline 0.007 -27"><span class='ocrx_word' id='word_1_164' title='bbox 429 2211 517 2258; x_wconf 91' lang='lat' dir='ltr'><strong>tus</strong></span> <span class='ocrx_word' id='word_1_165' title='bbox 551 2219 826 2275; x_wconf 88' lang='lat' dir='ltr'><strong>venasque</strong></span> <span class='ocrx_word' id='word_1_166' title='bbox 855 2221 977 2262; x_wconf 89' lang='lat' dir='ltr'><strong>sese</strong></span> <span class='ocrx_word' id='word_1_167' title='bbox 1010 2208 1242 2264; x_wconf 89' lang='lat' dir='ltr'><strong>invicem</strong></span> <span class='ocrx_word' id='word_1_168' title='bbox 1288 2212 1480 2267; x_wconf 82' lang='lat' dir='ltr'><strong>subtus</strong></span> <span class='ocrx_word' id='word_1_169' title='bbox 1514 2212 1849 2282; x_wconf 80' lang='lat' dir='ltr'><strong>excipientes</strong></span> <span class='ocrx_word' id='word_1_170' title='bbox 1874 2213 2000 2267; x_wconf 89' lang='lat' dir='ltr'><strong>irri-</strong></span> 
     </span>
    </p>
   </div>
   <div class='ocr_carea' id='block_1_26' title="bbox 428 2294 1999 2372">
    <p class='ocr_par' dir='ltr' id='par_1_26' title="bbox 428 2294 1999 2372">
     <span class='ocr_line' id='line_1_26' title="bbox 428 2294 1999 2372; baseline 0.008 -27"><span class='ocrx_word' id='word_1_171' title='bbox 428 2294 544 2361; x_wconf 73' lang='lat' dir='ltr'><strong>gari</strong></span> <span class='ocrx_word' id='word_1_172' title='bbox 576 2297 764 2365; x_wconf 72' lang='lat' dir='ltr'><strong>cmp&#39;tt,</strong></span> <span class='ocrx_word' id='word_1_173' title='bbox 796 2305 852 2352; x_wconf 91' lang='lat' dir='ltr'><strong>et</strong></span> <span class='ocrx_word' id='word_1_174' title='bbox 878 2298 1186 2355; x_wconf 87' lang='lat' dir='ltr'><strong>alternante</strong></span> <span class='ocrx_word' id='word_1_175' title='bbox 1215 2300 1463 2357; x_wconf 78' lang='lat' dir='ltr'><strong>ubertate</strong></span> <span class='ocrx_word' id='word_1_176' title='bbox 1491 2303 1709 2372; x_wconf 80' lang='lat' dir='ltr'><strong>pinguis</strong></span> <span class='ocrx_word' id='word_1_177' title='bbox 1753 2303 1999 2368; x_wconf 73' lang='lat' dir='ltr'><strong>effectus,</strong></span> 
     </span>
    </p>
   </div>
   <div class='ocr_carea' id='block_1_27' title="bbox 427 2382 2002 2466">
    <p class='ocr_par' dir='ltr' id='par_1_27' title="bbox 427 2382 2002 2466">
     <span class='ocr_line' id='line_1_27' title="bbox 427 2382 2002 2466; baseline 0.008 -29"><span class='ocrx_word' id='word_1_178' title='bbox 427 2382 640 2438; x_wconf 78' lang='lat' dir='ltr'><strong>Alcinoi</strong></span> <span class='ocrx_word' id='word_1_179' title='bbox 672 2388 848 2441; x_wconf 87' lang='lat' dir='ltr'><strong>aulam</strong></span> <span class='ocrx_word' id='word_1_180' title='bbox 884 2402 1214 2466; x_wconf 81' lang='lat' dir='ltr'><strong>aureamque</strong></span> <span class='ocrx_word' id='word_1_181' title='bbox 1238 2390 1436 2447; x_wconf 79' lang='lat' dir='ltr'><strong>Xerxis</strong></span> <span class='ocrx_word' id='word_1_182' title='bbox 1459 2394 1736 2463; x_wconf 87' lang='lat' dir='ltr'><strong>platauutu</strong></span> <span class='ocrx_word' id='word_1_183' title='bbox 1769 2396 2002 2451; x_wconf 86' lang='lat' dir='ltr'><strong>delecta-</strong></span> 
     </span>
    </p>
   </div>
   <div class='ocr_carea' id='block_1_28' title="bbox 429 2469 2002 2554">
    <p class='ocr_par' dir='ltr' id='par_1_28' title="bbox 429 2469 2002 2554">
     <span class='ocr_line' id='line_1_28' title="bbox 429 2469 2002 2554; baseline 0.008 -25"><span class='ocrx_word' id='word_1_184' title='bbox 429 2478 524 2532; x_wconf 86' lang='lat' dir='ltr'><strong>bili</strong></span> <span class='ocrx_word' id='word_1_185' title='bbox 561 2469 779 2546; x_wconf 83' lang='lat' dir='ltr'><strong>aspectu</strong></span> <span class='ocrx_word' id='word_1_186' title='bbox 816 2488 1026 2534; x_wconf 86' lang='lat' dir='ltr'><strong>tantum</strong></span> <span class='ocrx_word' id='word_1_187' title='bbox 1064 2483 1362 2552; x_wconf 88' lang='lat' dir='ltr'><strong>superavit,</strong></span> <span class='ocrx_word' id='word_1_188' title='bbox 1395 2495 1658 2554; x_wconf 87' lang='lat' dir='ltr'><strong>quantum</strong></span> <span class='ocrx_word' id='word_1_189' title='bbox 1690 2489 1891 2542; x_wconf 88' lang='lat' dir='ltr'><strong>veritas</strong></span> <span class='ocrx_word' id='word_1_190' title='bbox 1928 2486 2002 2542; x_wconf 90' lang='lat' dir='ltr'><strong>fa-</strong></span> 
     </span>
    </p>
   </div>
   <div class='ocr_carea' id='block_1_29' title="bbox 427 2566 2001 2645">
    <p class='ocr_par' dir='ltr' id='par_1_29' title="bbox 427 2566 2001 2645">
     <span class='ocr_line' id='line_1_29' title="bbox 427 2566 2001 2645; baseline 0.004 -22"><span class='ocrx_word' id='word_1_191' title='bbox 427 2566 640 2624; x_wconf 84' lang='lat' dir='ltr'><strong>bulosis</strong></span> <span class='ocrx_word' id='word_1_192' title='bbox 665 2570 992 2625; x_wconf 88' lang='lat' dir='ltr'><strong>commentis</strong></span> <span class='ocrx_word' id='word_1_193' title='bbox 1021 2571 1338 2639; x_wconf 87' lang='lat' dir='ltr'><strong>speciosior,</strong></span> <span class='ocrx_word' id='word_1_194' title='bbox 1375 2572 1703 2643; x_wconf 75' lang='lat' dir='ltr'><strong>maiorisque</strong></span> <span class='ocrx_word' id='word_1_195' title='bbox 1719 2591 1878 2645; x_wconf 88' lang='lat' dir='ltr'><strong>quam</strong></span> <span class='ocrx_word' id='word_1_196' title='bbox 1912 2576 2001 2631; x_wconf 89' lang='lat' dir='ltr'><strong>illa</strong></span> 
     </span>
    </p>
   </div>
   <div class='ocr_carea' id='block_1_30' title="bbox 429 2659 2002 2734">
    <p class='ocr_par' dir='ltr' id='par_1_30' title="bbox 429 2659 2002 2734">
     <span class='ocr_line' id='line_1_30' title="bbox 429 2659 2002 2734; baseline 0.003 -19"><span class='ocrx_word' id='word_1_197' title='bbox 429 2659 735 2715; x_wconf 82' lang='lat' dir='ltr'><strong>honestatis</strong></span> <span class='ocrx_word' id='word_1_198' title='bbox 764 2662 1002 2718; x_wconf 76' lang='lat' dir='ltr'><strong>exsistit.</strong></span> <span class='ocrx_word' id='word_1_199' title='bbox 1039 2661 1335 2734; x_wconf 84' lang='lat' dir='ltr'><strong>Martyrum</strong></span> <span class='ocrx_word' id='word_1_200' title='bbox 1376 2680 1539 2733; x_wconf 91' lang='lat' dir='ltr'><strong>porro</strong></span> <span class='ocrx_word' id='word_1_201' title='bbox 1569 2677 1816 2721; x_wconf 89' lang='lat' dir='ltr'><strong>sacratus</strong></span> <span class='ocrx_word' id='word_1_202' title='bbox 1848 2667 2002 2720; x_wconf 90' lang='lat' dir='ltr'><strong>delu-</strong></span> 
     </span>
    </p>
   </div>
   <div class='ocr_carea' id='block_1_31' title="bbox 427 2751 2001 2821">
    <p class='ocr_par' dir='ltr' id='par_1_31' title="bbox 427 2751 2001 2821">
     <span class='ocr_line' id='line_1_31' title="bbox 427 2751 2001 2821; baseline 0.004 -14"><span class='ocrx_word' id='word_1_203' title='bbox 427 2753 571 2817; x_wconf 82' lang='lat' dir='ltr'><strong>bris,</strong></span> <span class='ocrx_word' id='word_1_204' title='bbox 612 2751 665 2805; x_wconf 93' lang='lat' dir='ltr'><strong>in</strong></span> <span class='ocrx_word' id='word_1_205' title='bbox 700 2752 895 2821; x_wconf 87' lang='lat' dir='ltr'><strong>quibus</strong></span> <span class='ocrx_word' id='word_1_206' title='bbox 928 2767 1071 2808; x_wconf 66' lang='grc' dir='ltr'>θωνα</span> <span class='ocrx_word' id='word_1_207' title='bbox 1103 2753 1315 2810; x_wconf 90' lang='lat' dir='ltr'><strong>illorum</strong></span> <span class='ocrx_word' id='word_1_208' title='bbox 1352 2757 1653 2811; x_wconf 85' lang='lat' dir='ltr'><strong>certamina</strong></span> <span class='ocrx_word' id='word_1_209' title='bbox 1688 2759 1837 2812; x_wconf 87' lang='lat' dir='ltr'><strong>vario</strong></span> <span class='ocrx_word' id='word_1_210' title='bbox 1869 2760 2001 2814; x_wconf 82' lang='lat' dir='ltr'><strong>artis</strong></span> 
     </span>
    </p>
   </div>
   <div class='ocr_carea' id='block_1_32' title="bbox 427 2843 2003 2918">
    <p class='ocr_par' dir='ltr' id='par_1_32' title="bbox 427 2843 2003 2918">
     <span class='ocr_line' id='line_1_32' title="bbox 427 2843 2003 2918; baseline 0.006 -21"><span class='ocrx_word' id='word_1_211' title='bbox 427 2852 624 2898; x_wconf 85' lang='lat' dir='ltr'><strong>ornatu</strong></span> <span class='ocrx_word' id='word_1_212' title='bbox 667 2843 974 2899; x_wconf 87' lang='lat' dir='ltr'><strong>luculenter</strong></span> <span class='ocrx_word' id='word_1_213' title='bbox 1006 2845 1408 2915; x_wconf 79' lang='lat' dir='ltr'><strong>exprimuntur,</strong></span> <span class='ocrx_word' id='word_1_214' title='bbox 1450 2849 1761 2918; x_wconf 82' lang='lat' dir='ltr'><strong>paradisum</strong></span> <span class='ocrx_word' id='word_1_215' title='bbox 1795 2848 1912 2914; x_wconf 91' lang='lat' dir='ltr'><strong>Dei,</strong></span> <span class='ocrx_word' id='word_1_216' title='bbox 1945 2861 2003 2906; x_wconf 94' lang='lat' dir='ltr'><strong>ut</strong></span> 
     </span>
    </p>
   </div>
   <div class='ocr_carea' id='block_1_33' title="bbox 428 2931 2002 3005">
    <p class='ocr_par' dir='ltr' id='par_1_33' title="bbox 428 2931 2002 3005">
     <span class='ocr_line' id='line_1_33' title="bbox 428 2931 2002 3005; baseline 0.003 -18"><span class='ocrx_word' id='word_1_217' title='bbox 428 2945 553 2988; x_wconf 78' lang='lat' dir='ltr'><strong>cum</strong></span> <span class='ocrx_word' id='word_1_218' title='bbox 602 2931 885 3003; x_wconf 77' lang='lat' dir='ltr'><strong>Scriptura</strong></span> <span class='ocrx_word' id='word_1_219' title='bbox 919 2933 1133 3003; x_wconf 86' lang='lat' dir='ltr'><strong>loquar,</strong></span> <span class='ocrx_word' id='word_1_220' title='bbox 1185 2935 1514 3004; x_wconf 85' lang='lat' dir='ltr'><strong>perpulcbre</strong></span> <span class='ocrx_word' id='word_1_221' title='bbox 1571 2938 1838 2992; x_wconf 88' lang='lat' dir='ltr'><strong>imitatur.</strong></span> <span class='ocrx_word' id='word_1_222' title='bbox 1876 2937 2002 3005; x_wconf 84' lang='lat' dir='ltr'><strong>Ejus</strong></span> 
     </span>
    </p>
   </div>
   <div class='ocr_carea' id='block_1_34' title="bbox 427 3025 2002 3096">
    <p class='ocr_par' dir='ltr' id='par_1_34' title="bbox 427 3025 2002 3096">
     <span class='ocr_line' id='line_1_34' title="bbox 427 3025 2002 3096; baseline 0.001 -16"><span class='ocrx_word' id='word_1_223' title='bbox 427 3026 574 3080; x_wconf 83' lang='lat' dir='ltr'><strong>enim</strong></span> <span class='ocrx_word' id='word_1_224' title='bbox 608 3025 675 3079; x_wconf 91' lang='lat' dir='ltr'><strong>ad</strong></span> <span class='ocrx_word' id='word_1_225' title='bbox 706 3025 827 3079; x_wconf 64' lang='lat' dir='ltr'><strong>vitae</strong></span> <span class='ocrx_word' id='word_1_226' title='bbox 863 3036 1228 3081; x_wconf 88' lang='lat' dir='ltr'><strong>commentum</strong></span> <span class='ocrx_word' id='word_1_227' title='bbox 1271 3025 1676 3092; x_wconf 81' lang='lat' dir='ltr'><strong>sufficientiam,</strong></span> <span class='ocrx_word' id='word_1_228' title='bbox 1713 3038 2002 3096; x_wconf 85' lang='lat' dir='ltr'><strong>aptamque</strong></span> 
     </span>
    </p>
   </div>
   <div class='ocr_carea' id='block_1_35' title="bbox 430 3116 2000 3189">
    <p class='ocr_par' dir='ltr' id='par_1_35' title="bbox 430 3116 2000 3189">
     <span class='ocr_line' id='line_1_35' title="bbox 430 3116 2000 3189; baseline 0.001 -16"><span class='ocrx_word' id='word_1_229' title='bbox 430 3116 710 3173; x_wconf 84' lang='lat' dir='ltr'><strong>domicilio</strong></span> <span class='ocrx_word' id='word_1_230' title='bbox 730 3118 1203 3186; x_wconf 88' lang='lat' dir='ltr'><strong>compositionem,</strong></span> <span class='ocrx_word' id='word_1_231' title='bbox 1239 3118 1361 3187; x_wconf 81' lang='lat' dir='ltr'><strong>quis</strong></span> <span class='ocrx_word' id='word_1_232' title='bbox 1388 3117 1552 3172; x_wconf 89' lang='lat' dir='ltr'><strong>etiam</strong></span> <span class='ocrx_word' id='word_1_233' title='bbox 1576 3130 1863 3189; x_wconf 89' lang='lat' dir='ltr'><strong>antequam</strong></span> <span class='ocrx_word' id='word_1_234' title='bbox 1901 3134 2000 3174; x_wconf 81' lang='lat' dir='ltr'><strong>cx-</strong></span> 
     </span>
    </p>
   </div>
   <div class='ocr_carea' id='block_1_36' title="bbox 431 3209 2000 3281">
    <p class='ocr_par' dir='ltr' id='par_1_36' title="bbox 431 3209 2000 3281">
     <span class='ocr_line' id='line_1_36' title="bbox 431 3209 2000 3281; baseline 0.001 -18"><span class='ocrx_word' id='word_1_235' title='bbox 431 3218 624 3280; x_wconf 83' lang='lat' dir='ltr'><strong>pertus</strong></span> <span class='ocrx_word' id='word_1_236' title='bbox 644 3209 808 3263; x_wconf 87' lang='lat' dir='ltr'><strong>fuerit</strong></span> <span class='ocrx_word' id='word_1_237' title='bbox 826 3224 931 3265; x_wconf 91' lang='lat' dir='ltr'><strong>non</strong></span> <span class='ocrx_word' id='word_1_238' title='bbox 955 3209 1225 3265; x_wconf 74' lang='lat' dir='ltr'><strong>miretur?</strong></span> <span class='ocrx_word' id='word_1_239' title='bbox 1248 3210 1537 3265; x_wconf 88' lang='lat' dir='ltr'><strong>Sacrorqu</strong></span> <span class='ocrx_word' id='word_1_240' title='bbox 1562 3212 1741 3281; x_wconf 90' lang='lat' dir='ltr'><strong>itaque</strong></span> <span class='ocrx_word' id='word_1_241' title='bbox 1764 3212 2000 3266; x_wconf 82' lang='lat' dir='ltr'><strong>virorum</strong></span> 
     </span>
    </p>
   </div>
   <div class='ocr_carea' id='block_1_37' title="bbox 433 3297 2000 3372">
    <p class='ocr_par' dir='ltr' id='par_1_37' title="bbox 433 3297 2000 3372">
     <span class='ocr_line' id='line_1_37' title="bbox 433 3297 2000 3372; baseline 0.001 -18"><span class='ocrx_word' id='word_1_242' title='bbox 433 3300 828 3355; x_wconf 88' lang='lat' dir='ltr'><strong>monasterium</strong></span> <span class='ocrx_word' id='word_1_243' title='bbox 864 3297 941 3372; x_wconf 86' lang='lat' dir='ltr'><strong>(k)</strong></span> <span class='ocrx_word' id='word_1_244' title='bbox 983 3314 1104 3356; x_wconf 88' lang='lat' dir='ltr'><strong>esse</strong></span> <span class='ocrx_word' id='word_1_245' title='bbox 1134 3302 1395 3366; x_wconf 86' lang='lat' dir='ltr'><strong>decrevit,</strong></span> <span class='ocrx_word' id='word_1_246' title='bbox 1425 3302 1516 3371; x_wconf 90' lang='lat' dir='ltr'><strong>qui</strong></span> <span class='ocrx_word' id='word_1_247' title='bbox 1562 3303 1799 3358; x_wconf 75' lang='lat' dir='ltr'><strong>assiduis</strong></span> <span class='ocrx_word' id='word_1_248' title='bbox 1833 3301 2000 3357; x_wconf 85' lang='lat' dir='ltr'><strong>Deum</strong></span> 
     </span>
    </p>
   </div>
   <div class='ocr_carea' id='block_1_38' title="bbox 434 3391 2003 3465">
    <p class='ocr_par' dir='ltr' id='par_1_38' title="bbox 434 3391 2003 3465">
     <span class='ocr_line' id='line_1_38' title="bbox 434 3391 2003 3465; baseline 0.004 -20"><span class='ocrx_word' id='word_1_249' title='bbox 434 3391 685 3448; x_wconf 87' lang='lat' dir='ltr'><strong>laudibus</strong></span> <span class='ocrx_word' id='word_1_250' title='bbox 708 3392 976 3458; x_wconf 87' lang='lat' dir='ltr'><strong>colerent,</strong></span> <span class='ocrx_word' id='word_1_251' title='bbox 1009 3393 1206 3463; x_wconf 89' lang='lat' dir='ltr'><strong>quibus</strong></span> <span class='ocrx_word' id='word_1_252' title='bbox 1236 3402 1292 3448; x_wconf 91' lang='lat' dir='ltr'><strong>et</strong></span> <span class='ocrx_word' id='word_1_253' title='bbox 1322 3395 1436 3463; x_wconf 86' lang='lat' dir='ltr'><strong>ipse</strong></span> <span class='ocrx_word' id='word_1_254' title='bbox 1455 3395 1569 3465; x_wconf 80' lang='lat' dir='ltr'><strong>jugi</strong></span> <span class='ocrx_word' id='word_1_255' title='bbox 1611 3395 1815 3462; x_wconf 77' lang='lat' dir='ltr'><strong>junctis</strong></span> <span class='ocrx_word' id='word_1_256' title='bbox 1840 3395 2003 3451; x_wconf 81' lang='lat' dir='ltr'><strong>colle-</strong></span> 
     </span>
    </p>
   </div>
   <div class='ocr_carea' id='block_1_39' title="bbox 434 3479 2004 3552">
    <p class='ocr_par' dir='ltr' id='par_1_39' title="bbox 434 3479 2004 3552">
     <span class='ocr_line' id='line_1_39' title="bbox 434 3479 2004 3552; baseline 0.001 -18"><span class='ocrx_word' id='word_1_257' title='bbox 434 3481 546 3552; x_wconf 72' lang='lat' dir='ltr'><strong>gio,</strong></span> <span class='ocrx_word' id='word_1_258' title='bbox 575 3479 667 3536; x_wconf 91' lang='lat' dir='ltr'><strong>diu</strong></span> <span class='ocrx_word' id='word_1_259' title='bbox 695 3490 968 3552; x_wconf 82' lang='lat' dir='ltr'><strong>noctuque</strong></span> <span class='ocrx_word' id='word_1_260' title='bbox 991 3480 1241 3550; x_wconf 89' lang='lat' dir='ltr'><strong>precibus</strong></span> <span class='ocrx_word' id='word_1_261' title='bbox 1261 3495 1325 3536; x_wconf 90' lang='lat' dir='ltr'><strong>ac</strong></span> <span class='ocrx_word' id='word_1_262' title='bbox 1344 3483 1517 3537; x_wconf 87' lang='lat' dir='ltr'><strong>sacris</strong></span> <span class='ocrx_word' id='word_1_263' title='bbox 1537 3483 1766 3537; x_wconf 89' lang='lat' dir='ltr'><strong>canticis</strong></span> <span class='ocrx_word' id='word_1_264' title='bbox 1783 3498 2004 3546; x_wconf 87' lang='lat' dir='ltr'><strong>vacans,</strong></span> 
     </span>
    </p>
   </div>
   <div class='ocr_carea' id='block_1_40' title="bbox 433 3572 2002 3643">
    <p class='ocr_par' dir='ltr' id='par_1_40' title="bbox 433 3572 2002 3643">
     <span class='ocr_line' id='line_1_40' title="bbox 433 3572 2002 3643; baseline 0.001 -16"><span class='ocrx_word' id='word_1_265' title='bbox 433 3574 760 3643; x_wconf 66' lang='lat' dir='ltr'><strong>optimaque</strong></span> <span class='ocrx_word' id='word_1_266' title='bbox 778 3574 1123 3628; x_wconf 75' lang='lat' dir='ltr'><strong>abstinentiae</strong></span> <span class='ocrx_word' id='word_1_267' title='bbox 1149 3574 1309 3627; x_wconf 86' lang='lat' dir='ltr'><strong>modo</strong></span> <span class='ocrx_word' id='word_1_268' title='bbox 1334 3586 1454 3628; x_wconf 85' lang='lat' dir='ltr'><strong>sese</strong></span> <span class='ocrx_word' id='word_1_269' title='bbox 1470 3572 1775 3639; x_wconf 86' lang='lat' dir='ltr'><strong>obiectans,</strong></span> <span class='ocrx_word' id='word_1_270' title='bbox 1800 3572 2002 3630; x_wconf 86' lang='lat' dir='ltr'><strong>divinis</strong></span> 
     </span>
    </p>
   </div>
   <div class='ocr_carea' id='block_1_41' title="bbox 438 3664 2003 3735">
    <p class='ocr_par' dir='ltr' id='par_1_41' title="bbox 438 3664 2003 3735">
     <span class='ocr_line' id='line_1_41' title="bbox 438 3664 2003 3735; baseline 0.001 -17"><span class='ocrx_word' id='word_1_271' title='bbox 438 3664 763 3720; x_wconf 76' lang='lat' dir='ltr'><strong>lectionibus</strong></span> <span class='ocrx_word' id='word_1_272' title='bbox 793 3680 857 3720; x_wconf 87' lang='lat' dir='ltr'><strong>ac</strong></span> <span class='ocrx_word' id='word_1_273' title='bbox 904 3664 1210 3735; x_wconf 90' lang='lat' dir='ltr'><strong>disciplinis</strong></span> <span class='ocrx_word' id='word_1_274' title='bbox 1239 3665 1479 3719; x_wconf 89' lang='lat' dir='ltr'><strong>animum</strong></span> <span class='ocrx_word' id='word_1_275' title='bbox 1512 3665 1822 3721; x_wconf 85' lang='lat' dir='ltr'><strong>adhibebat.</strong></span> <span class='ocrx_word' id='word_1_276' title='bbox 1854 3664 2003 3722; x_wconf 76' lang='lat' dir='ltr'><strong>Meu-</strong></span> 
     </span>
    </p>
   </div>
   <div class='ocr_carea' id='block_1_42' title="bbox 2095 391 3676 468">
    <p class='ocr_par' dir='ltr' id='par_1_42' title="bbox 2095 391 3676 468">
     <span class='ocr_line' id='line_1_42' title="bbox 2095 391 3676 468; baseline 0.003 -23"><span class='ocrx_word' id='word_1_277' title='bbox 2095 391 2191 446; x_wconf 75' lang='grc' dir='ltr'>καὶ</span> <span class='ocrx_word' id='word_1_278' title='bbox 2223 392 2322 463; x_wconf 77' lang='grc' dir='ltr'>τὴν</span> <span class='ocrx_word' id='word_1_279' title='bbox 2366 393 2477 446; x_wconf 87' lang='grc' dir='ltr'><strong>τῶν</strong></span> <span class='ocrx_word' id='word_1_280' title='bbox 2513 392 2766 462; x_wconf 84' lang='grc' dir='ltr'>ἀγγέλων</span> <span class='ocrx_word' id='word_1_281' title='bbox 2820 392 3129 457; x_wconf 79' lang='grc' dir='ltr'>ἀσπάζεται</span> <span class='ocrx_word' id='word_1_282' title='bbox 3178 395 3414 449; x_wconf 89' lang='grc' dir='ltr'>δίαιταν.</span> <span class='ocrx_word' id='word_1_283' title='bbox 3457 394 3676 468; x_wconf 78' lang='grc' dir='ltr'><strong>Ταύτην</strong></span> 
     </span>
    </p>
   </div>
   <div class='ocr_carea' id='block_1_43' title="bbox 2093 477 3673 554">
    <p class='ocr_par' dir='ltr' id='par_1_43' title="bbox 2093 477 3673 554">
     <span class='ocr_line' id='line_1_43' title="bbox 2093 477 3673 554; baseline 0.003 -20"><span class='ocrx_word' id='word_1_284' title='bbox 2093 477 2188 535; x_wconf 85' lang='grc' dir='ltr'>οὖν</span> <span class='ocrx_word' id='word_1_285' title='bbox 2217 481 2560 554; x_wconf 82' lang='grc' dir='ltr'><strong>συνέμπορον</strong></span> <span class='ocrx_word' id='word_1_286' title='bbox 2589 484 2619 536; x_wconf 86' lang='grc' dir='ltr'>ὁ</span> <span class='ocrx_word' id='word_1_287' title='bbox 2666 481 3088 554; x_wconf 81' lang='grc' dir='ltr'>μεγαλέμπορος</span> <span class='ocrx_word' id='word_1_288' title='bbox 3117 477 3272 545; x_wconf 72' lang='grc' dir='ltr'>οὗτος</span> <span class='ocrx_word' id='word_1_289' title='bbox 3307 485 3673 554; x_wconf 80' lang='grc' dir='ltr'>κτησάμενος,</span> 
     </span>
    </p>
   </div>
   <div class='ocr_carea' id='block_1_44' title="bbox 2094 570 3677 649">
    <p class='ocr_par' dir='ltr' id='par_1_44' title="bbox 2094 570 3677 649">
     <span class='ocr_line' id='line_1_44' title="bbox 2094 570 3677 649; baseline 0.001 -24"><span class='ocrx_word' id='word_1_290' title='bbox 2094 572 2191 626; x_wconf 80' lang='grc' dir='ltr'>καὶ</span> <span class='ocrx_word' id='word_1_291' title='bbox 2222 573 2468 642; x_wconf 78' lang='grc' dir='ltr'><strong>στέργων</strong></span> <span class='ocrx_word' id='word_1_292' title='bbox 2514 575 2579 626; x_wconf 83' lang='grc' dir='ltr'><strong>ἐκ</strong></span> <span class='ocrx_word' id='word_1_293' title='bbox 2610 571 2844 638; x_wconf 82' lang='grc' dir='ltr'>πολλῶν,</span> <span class='ocrx_word' id='word_1_294' title='bbox 2888 571 3075 643; x_wconf 85' lang='grc' dir='ltr'>[πλέον</span> <span class='ocrx_word' id='word_1_295' title='bbox 3105 570 3165 643; x_wconf 73' lang='grc' dir='ltr'><strong>ἢ]</strong></span> <span class='ocrx_word' id='word_1_296' title='bbox 3202 572 3309 626; x_wconf 85' lang='grc' dir='ltr'><strong>τῶν</strong></span> <span class='ocrx_word' id='word_1_297' title='bbox 3342 574 3411 649; x_wconf 73' lang='grc' dir='ltr'><strong>ἐκ</strong></span> <span class='ocrx_word' id='word_1_298' title='bbox 3456 573 3677 644; x_wconf 77' lang='grc' dir='ltr'>Σουφάρ</span> 
     </span>
    </p>
   </div>
   <div class='ocr_carea' id='block_1_45' title="bbox 2094 660 3677 735">
    <p class='ocr_par' dir='ltr' id='par_1_45' title="bbox 2094 660 3677 735">
     <span class='ocr_line' id='line_1_45' title="bbox 2094 660 3677 735; baseline 0.002 -20"><span class='ocrx_word' id='word_1_299' title='bbox 2094 660 2260 716; x_wconf 85' lang='grc' dir='ltr'>λίθων</span> <span class='ocrx_word' id='word_1_300' title='bbox 2294 665 2387 717; x_wconf 72' lang='grc' dir='ltr'>καὶ</span> <span class='ocrx_word' id='word_1_301' title='bbox 2416 664 2607 734; x_wconf 77' lang='grc' dir='ltr'>Σηρῶν</span> <span class='ocrx_word' id='word_1_302' title='bbox 2646 664 2904 735; x_wconf 81' lang='grc' dir='ltr'>νημάτων</span> <span class='ocrx_word' id='word_1_303' title='bbox 2951 664 3153 735; x_wconf 75' lang='grc' dir='ltr'>ἕτεροι,</span> <span class='ocrx_word' id='word_1_304' title='bbox 3189 665 3282 716; x_wconf 72' lang='grc' dir='ltr'>ἐπὶ</span> <span class='ocrx_word' id='word_1_305' title='bbox 3324 664 3439 728; x_wconf 81' lang='grc' dir='ltr'>τὸν,</span> <span class='ocrx_word' id='word_1_306' title='bbox 3484 664 3560 728; x_wconf 85' lang='grc' dir='ltr'><strong>ὡς</strong></span> <span class='ocrx_word' id='word_1_307' title='bbox 3599 664 3677 718; x_wconf 82' lang='grc' dir='ltr'>εί-</span> 
     </span>
    </p>
   </div>
   <div class='ocr_carea' id='block_1_46' title="bbox 2097 754 3676 827">
    <p class='ocr_par' dir='ltr' id='par_1_46' title="bbox 2097 754 3676 827">
     <span class='ocr_line' id='line_1_46' title="bbox 2097 754 3676 827; baseline -0.001 -18"><span class='ocrx_word' id='word_1_308' title='bbox 2097 773 2282 827; x_wconf 85' lang='grc' dir='ltr'>ρηται,</span> <span class='ocrx_word' id='word_1_309' title='bbox 2303 757 2421 809; x_wconf 81' lang='grc' dir='ltr'>νέον</span> <span class='ocrx_word' id='word_1_310' title='bbox 2448 755 2750 826; x_wconf 81' lang='grc' dir='ltr'>Κάρμηλον</span> <span class='ocrx_word' id='word_1_311' title='bbox 2783 754 3240 827; x_wconf 75' lang='grc' dir='ltr'>ῐετοοτραχύτητι</span> <span class='ocrx_word' id='word_1_312' title='bbox 3272 756 3371 826; x_wconf 80' lang='grc' dir='ltr'>μὲν</span> <span class='ocrx_word' id='word_1_313' title='bbox 3410 757 3505 810; x_wconf 73' lang='grc' dir='ltr'>καὶ</span> <span class='ocrx_word' id='word_1_314' title='bbox 3544 758 3676 810; x_wconf 84' lang='grc' dir='ltr'>δυσ-</span> 
     </span>
    </p>
   </div>
   <div class='ocr_carea' id='block_1_47' title="bbox 2094 848 3677 922">
    <p class='ocr_par' dir='ltr' id='par_1_47' title="bbox 2094 848 3677 922">
     <span class='ocr_line' id='line_1_47' title="bbox 2094 848 3677 922; baseline 0.001 -20"><span class='ocrx_word' id='word_1_315' title='bbox 2094 849 2272 922; x_wconf 73' lang='grc' dir='ltr'>χωρίᾳ</span> <span class='ocrx_word' id='word_1_316' title='bbox 2307 850 2368 904; x_wconf 80' lang='grc' dir='ltr'>τὸ</span> <span class='ocrx_word' id='word_1_317' title='bbox 2390 848 2626 913; x_wconf 81' lang='grc' dir='ltr'><strong>ἀκαλλὲς</strong></span> <span class='ocrx_word' id='word_1_318' title='bbox 2671 849 3108 920; x_wconf 86' lang='grc' dir='ltr'>ἐνδεικνύμενον,</span> <span class='ocrx_word' id='word_1_319' title='bbox 3131 848 3210 919; x_wconf 84' lang='grc' dir='ltr'><strong>τῷ</strong></span> <span class='ocrx_word' id='word_1_320' title='bbox 3241 849 3459 904; x_wconf 82' lang='grc' dir='ltr'><strong>ἀνάντει</strong></span> <span class='ocrx_word' id='word_1_321' title='bbox 3489 848 3546 903; x_wconf 73' lang='grc' dir='ltr'>δὲ</span> <span class='ocrx_word' id='word_1_322' title='bbox 3574 849 3677 920; x_wconf 81' lang='grc' dir='ltr'>τῆς</span> 
     </span>
    </p>
   </div>
   <div class='ocr_carea' id='block_1_48' title="bbox 2095 927 3675 1017">
    <p class='ocr_par' dir='ltr' id='par_1_48' title="bbox 2095 927 3675 1017">
     <span class='ocr_line' id='line_1_48' title="bbox 2095 927 3675 1017; baseline -0.001 -21"><span class='ocrx_word' id='word_1_323' title='bbox 2095 942 2409 1014; x_wconf 80' lang='grc' dir='ltr'><strong>ἀκρωρείας</strong></span> <span class='ocrx_word' id='word_1_324' title='bbox 2462 942 2667 1014; x_wconf 80' lang='grc' dir='ltr'>πολλὴν</span> <span class='ocrx_word' id='word_1_325' title='bbox 2708 943 2845 1014; x_wconf 81' lang='grc' dir='ltr'>πρὸς</span> <span class='ocrx_word' id='word_1_326' title='bbox 2889 927 3264 1012; x_wconf 78' lang='grc' dir='ltr'>καρπογονίαν</span> <span class='ocrx_word' id='word_1_327' title='bbox 3302 940 3675 1017; x_wconf 75' lang='grc' dir='ltr'>ὑποφαίνοντα</span> 
     </span>
    </p>
   </div>
   <div class='ocr_carea' id='block_1_49' title="bbox 2099 1031 3677 1106">
    <p class='ocr_par' dir='ltr' id='par_1_49' title="bbox 2099 1031 3677 1106">
     <span class='ocr_line' id='line_1_49' title="bbox 2099 1031 3677 1106; baseline -0.001 -18"><span class='ocrx_word' id='word_1_328' title='bbox 2099 1035 2422 1106; x_wconf 87' lang='grc' dir='ltr'>στείρωσιν,</span> <span class='ocrx_word' id='word_1_329' title='bbox 2497 1032 2816 1104; x_wconf 80' lang='grc' dir='ltr'>πολυδίψιόν</span> <span class='ocrx_word' id='word_1_330' title='bbox 2847 1051 2909 1087; x_wconf 85' lang='grc' dir='ltr'><strong>τε</strong></span> <span class='ocrx_word' id='word_1_331' title='bbox 2942 1034 3038 1088; x_wconf 79' lang='grc' dir='ltr'>καὶ</span> <span class='ocrx_word' id='word_1_332' title='bbox 3081 1034 3346 1103; x_wconf 79' lang='grc' dir='ltr'><strong>ἄτεγκτον</strong></span> <span class='ocrx_word' id='word_1_333' title='bbox 3386 1032 3483 1087; x_wconf 73' lang='grc' dir='ltr'>καὶ</span> <span class='ocrx_word' id='word_1_334' title='bbox 3519 1034 3569 1085; x_wconf 88' lang='grc' dir='ltr'>εἰ</span> <span class='ocrx_word' id='word_1_335' title='bbox 3602 1031 3677 1102; x_wconf 79' lang='grc' dir='ltr'>μὴ</span> 
     </span>
    </p>
   </div>
   <div class='ocr_carea' id='block_1_50' title="bbox 2098 1120 3679 1197">
    <p class='ocr_par' dir='ltr' id='par_1_50' title="bbox 2098 1120 3679 1197">
     <span class='ocr_line' id='line_1_50' title="bbox 2098 1120 3679 1197; baseline -0.003 -18"><span class='ocrx_word' id='word_1_336' title='bbox 2098 1125 2357 1196; x_wconf 84' lang='grc' dir='ltr'>φορητὸν,</span> <span class='ocrx_word' id='word_1_337' title='bbox 2382 1125 2554 1196; x_wconf 75' lang='grc' dir='ltr'>αὐτῆς</span> <span class='ocrx_word' id='word_1_338' title='bbox 2581 1125 2681 1197; x_wconf 80' lang='grc' dir='ltr'>τῆς</span> <span class='ocrx_word' id='word_1_339' title='bbox 2704 1127 2769 1180; x_wconf 87' lang='grc' dir='ltr'><strong>ἐκ</strong></span> <span class='ocrx_word' id='word_1_340' title='bbox 2794 1124 2974 1192; x_wconf 80' lang='grc' dir='ltr'>νεφῶν</span> <span class='ocrx_word' id='word_1_341' title='bbox 2996 1125 3259 1196; x_wconf 75' lang='grc' dir='ltr'>ἐπιρροῆς</span> <span class='ocrx_word' id='word_1_342' title='bbox 3279 1124 3367 1178; x_wconf 79' lang='grc' dir='ltr'><strong>διά</strong></span> <span class='ocrx_word' id='word_1_343' title='bbox 3392 1124 3453 1176; x_wconf 79' lang='grc' dir='ltr'>τὸ</span> <span class='ocrx_word' id='word_1_344' title='bbox 3473 1120 3679 1196; x_wconf 66' lang='grc' dir='ltr'>πρανὲς</span> 
     </span>
    </p>
   </div>
   <div class='ocr_carea' id='block_1_51' title="bbox 2100 1220 2542 1291">
    <p class='ocr_par' dir='ltr' id='par_1_51' title="bbox 2100 1220 2542 1291">
     <span class='ocr_line' id='line_1_51' title="bbox 2100 1220 2542 1291; baseline 0 -19"><span class='ocrx_word' id='word_1_345' title='bbox 2100 1220 2542 1291; x_wconf 85' lang='grc' dir='ltr'>στερισκόμενον.</span> 
     </span>
    </p>
   </div>
   <div class='ocr_carea' id='block_1_52' title="bbox 2170 1392 3684 1466">
    <p class='ocr_par' dir='ltr' id='par_1_52' title="bbox 2170 1392 3684 1466">
     <span class='ocr_line' id='line_1_52' title="bbox 2170 1392 3684 1466; baseline -0.003 -15"><span class='ocrx_word' id='word_1_346' title='bbox 2170 1402 2260 1466; x_wconf 80' lang='grc' dir='ltr'>ιγ’.</span> <span class='ocrx_word' id='word_1_347' title='bbox 2291 1396 2405 1451; x_wconf 73' lang='grc' dir='ltr'><strong>Καὶ</strong></span> <span class='ocrx_word' id='word_1_348' title='bbox 2435 1396 2488 1451; x_wconf 89' lang='grc' dir='ltr'><strong>τί</strong></span> <span class='ocrx_word' id='word_1_349' title='bbox 2515 1397 2598 1451; x_wconf 85' lang='grc' dir='ltr'>δεῖ</span> <span class='ocrx_word' id='word_1_350' title='bbox 2641 1397 2702 1452; x_wconf 84' lang='grc' dir='ltr'><strong>τδ</strong></span> <span class='ocrx_word' id='word_1_351' title='bbox 2746 1397 3043 1461; x_wconf 83' lang='grc' dir='ltr'>άντιτυπές</span> <span class='ocrx_word' id='word_1_352' title='bbox 3077 1392 3174 1449; x_wconf 87' lang='grc' dir='ltr'><strong>τοῦ</strong></span> <span class='ocrx_word' id='word_1_353' title='bbox 3205 1394 3386 1465; x_wconf 84' lang='grc' dir='ltr'>χώρου</span> <span class='ocrx_word' id='word_1_354' title='bbox 3416 1393 3511 1447; x_wconf 77' lang='grc' dir='ltr'>καὶ</span> <span class='ocrx_word' id='word_1_355' title='bbox 3544 1392 3684 1465; x_wconf 77' lang='grc' dir='ltr'>πρὸς</span> 
     </span>
    </p>
   </div>
   <div class='ocr_carea' id='block_1_53' title="bbox 2098 1485 3686 1560">
    <p class='ocr_par' dir='ltr' id='par_1_53' title="bbox 2098 1485 3686 1560">
     <span class='ocr_line' id='line_1_53' title="bbox 2098 1485 3686 1560; baseline -0.004 -16"><span class='ocrx_word' id='word_1_356' title='bbox 2098 1488 2302 1551; x_wconf 88' lang='grc' dir='ltr'>θέσεως</span> <span class='ocrx_word' id='word_1_357' title='bbox 2326 1489 2616 1560; x_wconf 74' lang='grc' dir='ltr'>εὐμοιρίαν</span> <span class='ocrx_word' id='word_1_358' title='bbox 2643 1488 2964 1560; x_wconf 63' lang='grc' dir='ltr'>ἀσύμφορον</span> <span class='ocrx_word' id='word_1_359' title='bbox 2991 1487 3225 1542; x_wconf 82' lang='grc' dir='ltr'>ἐπιπολὺ</span> <span class='ocrx_word' id='word_1_360' title='bbox 3260 1486 3337 1558; x_wconf 83' lang='grc' dir='ltr'>τῷ</span> <span class='ocrx_word' id='word_1_361' title='bbox 3362 1486 3506 1555; x_wconf 88' lang='grc' dir='ltr'>λόγῳ</span> <span class='ocrx_word' id='word_1_362' title='bbox 3532 1485 3686 1537; x_wconf 79' lang='grc' dir='ltr'>ἐνδα-</span> 
     </span>
    </p>
   </div>
   <div class='ocr_carea' id='block_1_54' title="bbox 2097 1575 3685 1650">
    <p class='ocr_par' dir='ltr' id='par_1_54' title="bbox 2097 1575 3685 1650">
     <span class='ocr_line' id='line_1_54' title="bbox 2097 1575 3685 1650; baseline -0.003 -18"><span class='ocrx_word' id='word_1_363' title='bbox 2097 1578 2449 1650; x_wconf 78' lang='grc' dir='ltr'>ψιλεύεσθαι,</span> <span class='ocrx_word' id='word_1_364' title='bbox 2497 1579 2618 1633; x_wconf 80' lang='grc' dir='ltr'>ἐνὸν</span> <span class='ocrx_word' id='word_1_365' title='bbox 2652 1580 2833 1632; x_wconf 80' lang='grc' dir='ltr'>ἐκεῖσε</span> <span class='ocrx_word' id='word_1_366' title='bbox 2881 1578 3178 1650; x_wconf 77' lang='grc' dir='ltr'>γενόμενον</span> <span class='ocrx_word' id='word_1_367' title='bbox 3222 1576 3314 1631; x_wconf 85' lang='grc' dir='ltr'><strong>τδν</strong></span> <span class='ocrx_word' id='word_1_368' title='bbox 3362 1575 3685 1647; x_wconf 74' lang='grc' dir='ltr'>βουλόμενον</span> 
     </span>
    </p>
   </div>
   <div class='ocr_carea' id='block_1_55' title="bbox 2106 1664 3687 1741">
    <p class='ocr_par' dir='ltr' id='par_1_55' title="bbox 2106 1664 3687 1741">
     <span class='ocr_line' id='line_1_55' title="bbox 2106 1664 3687 1741; baseline -0.003 -17"><span class='ocrx_word' id='word_1_369' title='bbox 2106 1669 2213 1741; x_wconf 82' lang='grc' dir='ltr'>πρὸ</span> <span class='ocrx_word' id='word_1_370' title='bbox 2249 1668 2344 1722; x_wconf 87' lang='grc' dir='ltr'><strong>τοῦ</strong></span> <span class='ocrx_word' id='word_1_371' title='bbox 2385 1668 2546 1738; x_wconf 81' lang='grc' dir='ltr'>λόγου</span> <span class='ocrx_word' id='word_1_372' title='bbox 2581 1669 2649 1723; x_wconf 72' lang='grc' dir='ltr'><strong>τὰ</strong></span> <span class='ocrx_word' id='word_1_373' title='bbox 2686 1668 2780 1723; x_wconf 88' lang='grc' dir='ltr'><strong>τοῦ</strong></span> <span class='ocrx_word' id='word_1_374' title='bbox 2812 1668 2981 1722; x_wconf 89' lang='grc' dir='ltr'>τόπου</span> <span class='ocrx_word' id='word_1_375' title='bbox 3012 1666 3279 1740; x_wconf 82' lang='grc' dir='ltr'><strong>γνωρίσαι</strong></span> <span class='ocrx_word' id='word_1_376' title='bbox 3300 1707 3314 1732; x_wconf 95' lang='grc'><strong>,</strong></span> <span class='ocrx_word' id='word_1_377' title='bbox 3346 1665 3439 1720; x_wconf 82' lang='grc' dir='ltr'>καὶ</span> <span class='ocrx_word' id='word_1_378' title='bbox 3475 1664 3687 1734; x_wconf 75' lang='grc' dir='ltr'>τεκμή-</span> 
     </span>
    </p>
   </div>
   <div class='ocr_carea' id='block_1_56' title="bbox 2107 1753 3688 1831">
    <p class='ocr_par' dir='ltr' id='par_1_56' title="bbox 2107 1753 3688 1831">
     <span class='ocr_line' id='line_1_56' title="bbox 2107 1753 3688 1831; baseline -0.004 -18"><span class='ocrx_word' id='word_1_379' title='bbox 2107 1759 2308 1830; x_wconf 86' lang='grc' dir='ltr'>ρασθαι</span> <span class='ocrx_word' id='word_1_380' title='bbox 2354 1753 2464 1823; x_wconf 74' lang='grc' dir='ltr'>οἷος</span> <span class='ocrx_word' id='word_1_381' title='bbox 2503 1755 2573 1831; x_wconf 84' lang='grc' dir='ltr'>ἦν</span> <span class='ocrx_word' id='word_1_382' title='bbox 2618 1761 2712 1813; x_wconf 77' lang='grc' dir='ltr'>καὶ</span> <span class='ocrx_word' id='word_1_383' title='bbox 2756 1753 2869 1823; x_wconf 73' lang='grc' dir='ltr'>οἷος</span> <span class='ocrx_word' id='word_1_384' title='bbox 2906 1762 2972 1813; x_wconf 84' lang='grc' dir='ltr'><strong>ἐκ</strong></span> <span class='ocrx_word' id='word_1_385' title='bbox 3002 1758 3196 1814; x_wconf 86' lang='grc' dir='ltr'>τούτου</span> <span class='ocrx_word' id='word_1_386' title='bbox 3234 1757 3564 1828; x_wconf 78' lang='grc' dir='ltr'>γεγένηταις</span> <span class='ocrx_word' id='word_1_387' title='bbox 3596 1753 3688 1816; x_wconf 83' lang='grc' dir='ltr'>Ὣς</span> 
     </span>
    </p>
   </div>
   <div class='ocr_carea' id='block_1_57' title="bbox 2104 1847 3689 1922">
    <p class='ocr_par' dir='ltr' id='par_1_57' title="bbox 2104 1847 3689 1922">
     <span class='ocr_line' id='line_1_57' title="bbox 2104 1847 3689 1922; baseline -0.005 -18"><span class='ocrx_word' id='word_1_388' title='bbox 2104 1850 2216 1922; x_wconf 81' lang='grc' dir='ltr'><strong>γάρ</strong></span> <span class='ocrx_word' id='word_1_389' title='bbox 2253 1851 2538 1920; x_wconf 75' lang='grc' dir='ltr'>διεφθορὸς</span> <span class='ocrx_word' id='word_1_390' title='bbox 2566 1850 2660 1904; x_wconf 78' lang='grc' dir='ltr'><strong>καὶ</strong></span> <span class='ocrx_word' id='word_1_391' title='bbox 2692 1850 2936 1922; x_wconf 78' lang='grc' dir='ltr'>ρακῶδες</span> <span class='ocrx_word' id='word_1_392' title='bbox 2978 1849 3194 1920; x_wconf 80' lang='grc' dir='ltr'>ἱμάτιον</span> <span class='ocrx_word' id='word_1_393' title='bbox 3229 1847 3689 1916; x_wconf 79' lang='grc' dir='ltr'>ἀπεκδυσάμενος</span> 
     </span>
    </p>
   </div>
   <div class='ocr_carea' id='block_1_58' title="bbox 2105 1939 3691 2012">
    <p class='ocr_par' dir='ltr' id='par_1_58' title="bbox 2105 1939 3691 2012">
     <span class='ocr_line' id='line_1_58' title="bbox 2105 1939 3691 2012; baseline -0.005 -15"><span class='ocrx_word' id='word_1_394' title='bbox 2105 1942 2166 1997; x_wconf 57' lang='lat' dir='ltr'><strong>es</strong></span> <span class='ocrx_word' id='word_1_395' title='bbox 2191 1941 2509 2012; x_wconf 80' lang='grc' dir='ltr'>άγροικικὸν</span> <span class='ocrx_word' id='word_1_396' title='bbox 2540 1941 2635 1995; x_wconf 67' lang='grc' dir='ltr'><strong>καὶ</strong></span> <span class='ocrx_word' id='word_1_397' title='bbox 2664 1943 2963 2012; x_wconf 80' lang='grc' dir='ltr'>ἀνήμερον,</span> <span class='ocrx_word' id='word_1_398' title='bbox 2999 1941 3094 1995; x_wconf 75' lang='grc' dir='ltr'>καὶ</span> <span class='ocrx_word' id='word_1_399' title='bbox 3126 1941 3189 1994; x_wconf 78' lang='grc' dir='ltr'><strong>τὸ</strong></span> <span class='ocrx_word' id='word_1_400' title='bbox 3218 1939 3444 2008; x_wconf 84' lang='grc' dir='ltr'>γόνιμον</span> <span class='ocrx_word' id='word_1_401' title='bbox 3471 1954 3691 2008; x_wconf 83' lang='grc' dir='ltr'>χρημα-</span> 
     </span>
    </p>
   </div>
   <div class='ocr_carea' id='block_1_59' title="bbox 2103 2027 3687 2103">
    <p class='ocr_par' dir='ltr' id='par_1_59' title="bbox 2103 2027 3687 2103">
     <span class='ocr_line' id='line_1_59' title="bbox 2103 2027 3687 2103; baseline -0.003 -18"><span class='ocrx_word' id='word_1_402' title='bbox 2103 2032 2253 2085; x_wconf 84' lang='grc' dir='ltr'>τίσαι</span> <span class='ocrx_word' id='word_1_403' title='bbox 2279 2032 2340 2085; x_wconf 74' lang='grc' dir='ltr'>τὸ</span> <span class='ocrx_word' id='word_1_404' title='bbox 2362 2031 2611 2103; x_wconf 78' lang='grc' dir='ltr'>ἄκαρπον</span> <span class='ocrx_word' id='word_1_405' title='bbox 2637 2030 2994 2100; x_wconf 80' lang='grc' dir='ltr'>διωσάμενος,</span> <span class='ocrx_word' id='word_1_406' title='bbox 3021 2031 3076 2084; x_wconf 80' lang='grc' dir='ltr'>τό</span> <span class='ocrx_word' id='word_1_407' title='bbox 3098 2047 3159 2082; x_wconf 88' lang='grc' dir='ltr'><strong>τε</strong></span> <span class='ocrx_word' id='word_1_408' title='bbox 3187 2028 3439 2099; x_wconf 71' lang='grc' dir='ltr'>διψαλέον</span> <span class='ocrx_word' id='word_1_409' title='bbox 3458 2030 3527 2098; x_wconf 81' lang='grc' dir='ltr'>τῇ</span> <span class='ocrx_word' id='word_1_410' title='bbox 3551 2027 3687 2080; x_wconf 83' lang='grc' dir='ltr'>ἄνω·</span> 
     </span>
    </p>
   </div>
   <div class='ocr_carea' id='block_1_60' title="bbox 2107 2115 3691 2192">
    <p class='ocr_par' dir='ltr' id='par_1_60' title="bbox 2107 2115 3691 2192">
     <span class='ocr_line' id='line_1_60' title="bbox 2107 2115 3691 2192; baseline -0.004 -18"><span class='ocrx_word' id='word_1_411' title='bbox 2107 2121 2198 2174; x_wconf 91' lang='grc' dir='ltr'><strong>θεν</strong></span> <span class='ocrx_word' id='word_1_412' title='bbox 2225 2121 2501 2192; x_wconf 75' lang='grc' dir='ltr'>ἐπομϐρίᾳ</span> <span class='ocrx_word' id='word_1_413' title='bbox 2522 2161 2536 2185; x_wconf 93' lang='grc'><strong>,</strong></span> <span class='ocrx_word' id='word_1_414' title='bbox 2565 2119 2653 2174; x_wconf 87' lang='grc' dir='ltr'><strong>διά</strong></span> <span class='ocrx_word' id='word_1_415' title='bbox 2682 2120 2978 2191; x_wconf 78' lang='grc' dir='ltr'>σηράγγων</span> <span class='ocrx_word' id='word_1_416' title='bbox 3007 2120 3420 2191; x_wconf 84' lang='grc' dir='ltr'>ὑποτρεχόντων</span> <span class='ocrx_word' id='word_1_417' title='bbox 3458 2115 3691 2187; x_wconf 81' lang='grc' dir='ltr'>δεξαμε-</span> 
     </span>
    </p>
   </div>
   <div class='ocr_carea' id='block_1_61' title="bbox 2106 2209 3685 2284">
    <p class='ocr_par' dir='ltr' id='par_1_61' title="bbox 2106 2209 3685 2284">
     <span class='ocr_line' id='line_1_61' title="bbox 2106 2209 3685 2284; baseline -0.005 -17"><span class='ocrx_word' id='word_1_418' title='bbox 2106 2213 2200 2277; x_wconf 83' lang='grc' dir='ltr'>νὰς</span> <span class='ocrx_word' id='word_1_419' title='bbox 2229 2215 2292 2266; x_wconf 89' lang='grc' dir='ltr'><strong>ἐκ</strong></span> <span class='ocrx_word' id='word_1_420' title='bbox 2316 2212 2628 2284; x_wconf 80' lang='grc' dir='ltr'>δεξαμενῶν</span> <span class='ocrx_word' id='word_1_421' title='bbox 2667 2212 2985 2283; x_wconf 85' lang='grc' dir='ltr'>ἀλληλούχῳ</span> <span class='ocrx_word' id='word_1_422' title='bbox 3015 2211 3269 2282; x_wconf 64' lang='grc' dir='ltr'>δαψιλείᾳ</span> <span class='ocrx_word' id='word_1_423' title='bbox 3297 2209 3647 2279; x_wconf 72' lang='grc' dir='ltr'>πιαινόμενος</span> <span class='ocrx_word' id='word_1_424' title='bbox 3667 2245 3685 2270; x_wconf 94' lang='grc'><strong>,</strong></span> 
     </span>
    </p>
   </div>
   <div class='ocr_carea' id='block_1_62' title="bbox 2105 2296 3685 2373">
    <p class='ocr_par' dir='ltr' id='par_1_62' title="bbox 2105 2296 3685 2373">
     <span class='ocr_line' id='line_1_62' title="bbox 2105 2296 3685 2373; baseline -0.006 -16"><span class='ocrx_word' id='word_1_425' title='bbox 2105 2303 2203 2373; x_wconf 83' lang='grc' dir='ltr'>τῆς</span> <span class='ocrx_word' id='word_1_426' title='bbox 2227 2302 2506 2356; x_wconf 78' lang='grc' dir='ltr'>Ἀλκινόου</span> <span class='ocrx_word' id='word_1_427' title='bbox 2532 2301 2701 2370; x_wconf 80' lang='grc' dir='ltr'>αὐλῆς</span> <span class='ocrx_word' id='word_1_428' title='bbox 2724 2301 2939 2370; x_wconf 73' lang='grc' dir='ltr'>καὶτῆς</span> <span class='ocrx_word' id='word_1_429' title='bbox 2960 2303 3169 2371; x_wconf 81' lang='grc' dir='ltr'>χρυσῆς</span> <span class='ocrx_word' id='word_1_430' title='bbox 3191 2297 3393 2368; x_wconf 78' lang='grc' dir='ltr'>Ξέρξου</span> <span class='ocrx_word' id='word_1_431' title='bbox 3414 2296 3685 2351; x_wconf 81' lang='grc' dir='ltr'>πλατάνου</span> 
     </span>
    </p>
   </div>
   <div class='ocr_carea' id='block_1_63' title="bbox 2105 2385 3688 2463">
    <p class='ocr_par' dir='ltr' id='par_1_63' title="bbox 2105 2385 3688 2463">
     <span class='ocr_line' id='line_1_63' title="bbox 2105 2385 3688 2463; baseline -0.006 -17"><span class='ocrx_word' id='word_1_432' title='bbox 2105 2393 2165 2446; x_wconf 86' lang='grc' dir='ltr'>τὸ</span> <span class='ocrx_word' id='word_1_433' title='bbox 2194 2392 2428 2463; x_wconf 83' lang='grc' dir='ltr'>τερπνὸν</span> <span class='ocrx_word' id='word_1_434' title='bbox 2455 2392 2789 2461; x_wconf 83' lang='grc' dir='ltr'>ὑπερήλατο,</span> <span class='ocrx_word' id='word_1_435' title='bbox 2833 2390 3029 2445; x_wconf 83' lang='grc' dir='ltr'>ὁπόσον</span> <span class='ocrx_word' id='word_1_436' title='bbox 3066 2388 3311 2459; x_wconf 81' lang='grc' dir='ltr'>μυθικῶν</span> <span class='ocrx_word' id='word_1_437' title='bbox 3347 2385 3688 2456; x_wconf 70' lang='grc' dir='ltr'>πλασμάτωδ</span> 
     </span>
    </p>
   </div>
   <div class='ocr_carea' id='block_1_64' title="bbox 2109 2476 3689 2554">
    <p class='ocr_par' dir='ltr' id='par_1_64' title="bbox 2109 2476 3689 2554">
     <span class='ocr_line' id='line_1_64' title="bbox 2109 2476 3689 2554; baseline -0.006 -16"><span class='ocrx_word' id='word_1_438' title='bbox 2109 2483 2432 2553; x_wconf 79' lang='grc' dir='ltr'>σεμνότερόν</span> <span class='ocrx_word' id='word_1_439' title='bbox 2471 2484 2620 2535; x_wconf 84' lang='grc' dir='ltr'>ἐστιν</span> <span class='ocrx_word' id='word_1_440' title='bbox 2643 2482 2888 2554; x_wconf 82' lang='grc' dir='ltr'>ἀλήθεια.</span> <span class='ocrx_word' id='word_1_441' title='bbox 2916 2481 3110 2552; x_wconf 86' lang='grc' dir='ltr'>Σηκοῖς</span> <span class='ocrx_word' id='word_1_442' title='bbox 3130 2497 3192 2532; x_wconf 85' lang='grc' dir='ltr'><strong>τε</strong></span> <span class='ocrx_word' id='word_1_443' title='bbox 3229 2477 3522 2550; x_wconf 88' lang='grc' dir='ltr'>μαρτύρων</span> <span class='ocrx_word' id='word_1_444' title='bbox 3552 2476 3689 2530; x_wconf 87' lang='grc' dir='ltr'>καθ-</span> 
     </span>
    </p>
   </div>
   <div class='ocr_carea' id='block_1_65' title="bbox 2107 2568 3689 2644">
    <p class='ocr_par' dir='ltr' id='par_1_65' title="bbox 2107 2568 3689 2644">
     <span class='ocr_line' id='line_1_65' title="bbox 2107 2568 3689 2644; baseline -0.006 -15"><span class='ocrx_word' id='word_1_445' title='bbox 2107 2574 2407 2643; x_wconf 79' lang='grc' dir='ltr'>αγιασθεὶς,</span> <span class='ocrx_word' id='word_1_446' title='bbox 2424 2576 2533 2637; x_wconf 86' lang='grc' dir='ltr'>τοῖς</span> <span class='ocrx_word' id='word_1_447' title='bbox 2550 2574 2757 2627; x_wconf 80' lang='grc' dir='ltr'>τούτων</span> <span class='ocrx_word' id='word_1_448' title='bbox 2786 2575 2949 2644; x_wconf 86' lang='grc' dir='ltr'>ίεροῖς</span> <span class='ocrx_word' id='word_1_449' title='bbox 2971 2572 3203 2634; x_wconf 79' lang='grc' dir='ltr'>ἐντελῶς</span> <span class='ocrx_word' id='word_1_450' title='bbox 3229 2568 3689 2625; x_wconf 86' lang='grc' dir='ltr'>διαποικιλθεῖσιν</span> 
     </span>
    </p>
   </div>
   <div class='ocr_carea' id='block_1_66' title="bbox 2108 2662 3688 2737">
    <p class='ocr_par' dir='ltr' id='par_1_66' title="bbox 2108 2662 3688 2737">
     <span class='ocr_line' id='line_1_66' title="bbox 2108 2662 3688 2737; baseline -0.005 -16"><span class='ocrx_word' id='word_1_451' title='bbox 2108 2666 2413 2737; x_wconf 85' lang='grc' dir='ltr'>ἀθλήμασιν</span> <span class='ocrx_word' id='word_1_452' title='bbox 2441 2666 2531 2718; x_wconf 78' lang='grc' dir='ltr'>τὸν</span> <span class='ocrx_word' id='word_1_453' title='bbox 2562 2666 2654 2718; x_wconf 84' lang='grc' dir='ltr'><strong>τοῦ</strong></span> <span class='ocrx_word' id='word_1_454' title='bbox 2686 2664 2843 2728; x_wconf 83' lang='grc' dir='ltr'>Θεοῦ,</span> <span class='ocrx_word' id='word_1_455' title='bbox 2874 2663 3017 2718; x_wconf 84' lang='grc' dir='ltr'><strong>κατά</strong></span> <span class='ocrx_word' id='word_1_456' title='bbox 3045 2662 3333 2730; x_wconf 66' lang='grc' dir='ltr'>τδςλόγιον,</span> <span class='ocrx_word' id='word_1_457' title='bbox 3360 2662 3688 2731; x_wconf 82' lang='grc' dir='ltr'>ἐκμιμεῖται</span> 
     </span>
    </p>
   </div>
   <div class='ocr_carea' id='block_1_67' title="bbox 2108 2750 3689 2829">
    <p class='ocr_par' dir='ltr' id='par_1_67' title="bbox 2108 2750 3689 2829">
     <span class='ocr_line' id='line_1_67' title="bbox 2108 2750 3689 2829; baseline -0.006 -18"><span class='ocrx_word' id='word_1_458' title='bbox 2108 2759 2457 2829; x_wconf 81' lang='grc' dir='ltr'>παράδεισον.</span> <span class='ocrx_word' id='word_1_459' title='bbox 2505 2758 2578 2810; x_wconf 77' lang='grc' dir='ltr'>Τὸ</span> <span class='ocrx_word' id='word_1_460' title='bbox 2609 2757 2720 2827; x_wconf 78' lang='grc' dir='ltr'><strong>γάρ</strong></span> <span class='ocrx_word' id='word_1_461' title='bbox 2764 2757 2867 2827; x_wconf 73' lang='grc' dir='ltr'>τῆς</span> <span class='ocrx_word' id='word_1_462' title='bbox 2906 2756 3121 2824; x_wconf 79' lang='grc' dir='ltr'>διαίτης</span> <span class='ocrx_word' id='word_1_463' title='bbox 3152 2754 3376 2825; x_wconf 77' lang='grc' dir='ltr'>διαρκὲς</span> <span class='ocrx_word' id='word_1_464' title='bbox 3422 2753 3517 2805; x_wconf 77' lang='grc' dir='ltr'>καὶ</span> <span class='ocrx_word' id='word_1_465' title='bbox 3548 2750 3689 2821; x_wconf 70' lang='grc' dir='ltr'>πρὸς</span> 
     </span>
    </p>
   </div>
   <div class='ocr_carea' id='block_1_68' title="bbox 2106 2843 3689 2919">
    <p class='ocr_par' dir='ltr' id='par_1_68' title="bbox 2106 2843 3689 2919">
     <span class='ocr_line' id='line_1_68' title="bbox 2106 2843 3689 2919; baseline -0.005 -18"><span class='ocrx_word' id='word_1_466' title='bbox 2106 2847 2321 2919; x_wconf 71' lang='grc' dir='ltr'>οἴκησιν</span> <span class='ocrx_word' id='word_1_467' title='bbox 2358 2848 2675 2918; x_wconf 75' lang='grc' dir='ltr'>ἀμφιδέξιον</span> <span class='ocrx_word' id='word_1_468' title='bbox 2730 2847 2811 2911; x_wconf 87' lang='grc' dir='ltr'><strong>τίς</strong></span> <span class='ocrx_word' id='word_1_469' title='bbox 2848 2847 2949 2899; x_wconf 76' lang='grc' dir='ltr'>οὐκ</span> <span class='ocrx_word' id='word_1_470' title='bbox 2988 2845 3053 2900; x_wconf 83' lang='grc' dir='ltr'>ἂν</span> <span class='ocrx_word' id='word_1_471' title='bbox 3089 2845 3184 2899; x_wconf 69' lang='grc' dir='ltr'>καὶ</span> <span class='ocrx_word' id='word_1_472' title='bbox 3226 2844 3331 2916; x_wconf 86' lang='grc' dir='ltr'>πρὸ</span> <span class='ocrx_word' id='word_1_473' title='bbox 3358 2844 3457 2913; x_wconf 77' lang='grc' dir='ltr'>τῆς</span> <span class='ocrx_word' id='word_1_474' title='bbox 3488 2843 3689 2912; x_wconf 87' lang='grc' dir='ltr'>πείρας</span> 
     </span>
    </p>
   </div>
   <div class='ocr_carea' id='block_1_69' title="bbox 2109 2928 3688 3008">
    <p class='ocr_par' dir='ltr' id='par_1_69' title="bbox 2109 2928 3688 3008">
     <span class='ocr_line' id='line_1_69' title="bbox 2109 2928 3688 3008; baseline -0.006 -16"><span class='ocrx_word' id='word_1_475' title='bbox 2109 2938 2414 3006; x_wconf 84' lang='grc' dir='ltr'>ἀγάσαιτο;</span> <span class='ocrx_word' id='word_1_476' title='bbox 2473 2934 2777 3008; x_wconf 78' lang='grc' dir='ltr'>Τοιγαροῦν</span> <span class='ocrx_word' id='word_1_477' title='bbox 2827 2936 3075 3005; x_wconf 89' lang='grc' dir='ltr'>σεμνεῖον</span> <span class='ocrx_word' id='word_1_478' title='bbox 3118 2933 3281 3004; x_wconf 86' lang='grc' dir='ltr'>ἱερῶν</span> <span class='ocrx_word' id='word_1_479' title='bbox 3334 2930 3544 3000; x_wconf 84' lang='grc' dir='ltr'>ἀνδρῶν</span> <span class='ocrx_word' id='word_1_480' title='bbox 3595 2928 3688 2983; x_wconf 81' lang='grc' dir='ltr'>τὸν</span> 
     </span>
    </p>
   </div>
   <div class='ocr_carea' id='block_1_70' title="bbox 2104 3019 3689 3099">
    <p class='ocr_par' dir='ltr' id='par_1_70' title="bbox 2104 3019 3689 3099">
     <span class='ocr_line' id='line_1_70' title="bbox 2104 3019 3689 3099; baseline -0.004 -19"><span class='ocrx_word' id='word_1_481' title='bbox 2104 3028 2282 3099; x_wconf 84' lang='grc' dir='ltr'>χῶρον</span> <span class='ocrx_word' id='word_1_482' title='bbox 2310 3028 2550 3097; x_wconf 80' lang='grc' dir='ltr'>διώρισε,</span> <span class='ocrx_word' id='word_1_483' title='bbox 2589 3029 2724 3098; x_wconf 73' lang='grc' dir='ltr'>πρὸς</span> <span class='ocrx_word' id='word_1_484' title='bbox 2754 3027 2987 3098; x_wconf 72' lang='grc' dir='ltr'>ἄληκτον</span> <span class='ocrx_word' id='word_1_485' title='bbox 3014 3024 3338 3094; x_wconf 84' lang='grc' dir='ltr'>ὑμνολογίαν</span> <span class='ocrx_word' id='word_1_486' title='bbox 3364 3021 3457 3075; x_wconf 87' lang='grc' dir='ltr'><strong>τοῦ</strong></span> <span class='ocrx_word' id='word_1_487' title='bbox 3488 3019 3689 3090; x_wconf 79' lang='grc' dir='ltr'>Κρείτ-</span> 
     </span>
    </p>
   </div>
   <div class='ocr_carea' id='block_1_71' title="bbox 2103 3109 3690 3188">
    <p class='ocr_par' dir='ltr' id='par_1_71' title="bbox 2103 3109 3690 3188">
     <span class='ocr_line' id='line_1_71' title="bbox 2103 3109 3690 3188; baseline -0.006 -17"><span class='ocrx_word' id='word_1_488' title='bbox 2103 3134 2256 3182; x_wconf 89' lang='grc' dir='ltr'>τονος</span> <span class='ocrx_word' id='word_1_489' title='bbox 2276 3162 2288 3177; x_wconf 85' lang='grc'><strong>,</strong></span> <span class='ocrx_word' id='word_1_490' title='bbox 2322 3118 2442 3188; x_wconf 84' lang='grc' dir='ltr'>μεθ’</span> <span class='ocrx_word' id='word_1_491' title='bbox 2472 3113 2546 3172; x_wconf 84' lang='grc' dir='ltr'>ὧν</span> <span class='ocrx_word' id='word_1_492' title='bbox 2572 3120 2663 3172; x_wconf 68' lang='grc' dir='ltr'>καὶ</span> <span class='ocrx_word' id='word_1_493' title='bbox 2694 3119 2857 3182; x_wconf 77' lang='grc' dir='ltr'>αὐτὸς</span> <span class='ocrx_word' id='word_1_494' title='bbox 2884 3116 3222 3177; x_wconf 84' lang='grc' dir='ltr'>ἀδιαστάτως</span> <span class='ocrx_word' id='word_1_495' title='bbox 3250 3113 3466 3182; x_wconf 79' lang='grc' dir='ltr'>νύκτωρ</span> <span class='ocrx_word' id='word_1_496' title='bbox 3499 3127 3561 3163; x_wconf 90' lang='grc' dir='ltr'><strong>τε</strong></span> <span class='ocrx_word' id='word_1_497' title='bbox 3590 3109 3690 3163; x_wconf 76' lang='grc' dir='ltr'>καὶ</span> 
     </span>
    </p>
   </div>
   <div class='ocr_carea' id='block_1_72' title="bbox 2113 3200 3688 3281">
    <p class='ocr_par' dir='ltr' id='par_1_72' title="bbox 2113 3200 3688 3281">
     <span class='ocr_line' id='line_1_72' title="bbox 2113 3200 3688 3281; baseline -0.004 -17"><span class='ocrx_word' id='word_1_498' title='bbox 2113 3210 2230 3281; x_wconf 82' lang='grc' dir='ltr'>μεθ’</span> <span class='ocrx_word' id='word_1_499' title='bbox 2260 3211 2474 3281; x_wconf 79' lang='grc' dir='ltr'>ἡμέραν</span> <span class='ocrx_word' id='word_1_500' title='bbox 2502 3213 2623 3273; x_wconf 85' lang='grc' dir='ltr'>ταῖς</span> <span class='ocrx_word' id='word_1_501' title='bbox 2647 3210 2929 3270; x_wconf 81' lang='grc' dir='ltr'>εῦκτικαῖς</span> <span class='ocrx_word' id='word_1_502' title='bbox 2953 3206 3280 3278; x_wconf 85' lang='grc' dir='ltr'>ἱερολογίαις</span> <span class='ocrx_word' id='word_1_503' title='bbox 3306 3200 3688 3272; x_wconf 80' lang='grc' dir='ltr'>ἐγκαρτερῶν,</span> 
     </span>
    </p>
   </div>
   <div class='ocr_carea' id='block_1_73' title="bbox 2108 3291 3686 3372">
    <p class='ocr_par' dir='ltr' id='par_1_73' title="bbox 2108 3291 3686 3372">
     <span class='ocr_line' id='line_1_73' title="bbox 2108 3291 3686 3372; baseline -0.006 -18"><span class='ocrx_word' id='word_1_504' title='bbox 2108 3303 2203 3354; x_wconf 68' lang='grc' dir='ltr'>καὶ</span> <span class='ocrx_word' id='word_1_505' title='bbox 2229 3301 2306 3370; x_wconf 83' lang='grc' dir='ltr'>τῷ</span> <span class='ocrx_word' id='word_1_506' title='bbox 2332 3301 2541 3372; x_wconf 87' lang='grc' dir='ltr'>ἀρίστῳ</span> <span class='ocrx_word' id='word_1_507' title='bbox 2573 3300 2758 3370; x_wconf 87' lang='grc' dir='ltr'>μέτρῳ</span> <span class='ocrx_word' id='word_1_508' title='bbox 2788 3299 2886 3368; x_wconf 84' lang='grc' dir='ltr'>τῆς</span> <span class='ocrx_word' id='word_1_509' title='bbox 2916 3297 3244 3366; x_wconf 76' lang='grc' dir='ltr'>ἐγκρατείας</span> <span class='ocrx_word' id='word_1_510' title='bbox 3270 3291 3686 3361; x_wconf 80' lang='grc' dir='ltr'>κατεντρυφῶν,</span> 
     </span>
    </p>
   </div>
   <div class='ocr_carea' id='block_1_74' title="bbox 2108 3384 3693 3463">
    <p class='ocr_par' dir='ltr' id='par_1_74' title="bbox 2108 3384 3693 3463">
     <span class='ocr_line' id='line_1_74' title="bbox 2108 3384 3693 3463; baseline -0.007 -16"><span class='ocrx_word' id='word_1_511' title='bbox 2108 3395 2175 3463; x_wconf 74' lang='grc' dir='ltr'>τῇ</span> <span class='ocrx_word' id='word_1_512' title='bbox 2200 3392 2501 3460; x_wconf 81' lang='grc' dir='ltr'>ἀναγνώσει</span> <span class='ocrx_word' id='word_1_513' title='bbox 2519 3392 2628 3444; x_wconf 84' lang='grc' dir='ltr'><strong>τῶν</strong></span> <span class='ocrx_word' id='word_1_514' title='bbox 2650 3393 2812 3444; x_wconf 69' lang='grc' dir='ltr'>θείων</span> <span class='ocrx_word' id='word_1_515' title='bbox 2832 3391 3091 3461; x_wconf 75' lang='grc' dir='ltr'>προσεῖχε</span> <span class='ocrx_word' id='word_1_516' title='bbox 3120 3389 3349 3447; x_wconf 80' lang='grc' dir='ltr'>καὶτοῖς</span> <span class='ocrx_word' id='word_1_517' title='bbox 3375 3384 3693 3455; x_wconf 73' lang='grc' dir='ltr'>μαθήμασι,</span> 
     </span>
    </p>
   </div>
   <div class='ocr_carea' id='block_1_75' title="bbox 2121 3472 3689 3556">
    <p class='ocr_par' dir='ltr' id='par_1_75' title="bbox 2121 3472 3689 3556">
     <span class='ocr_line' id='line_1_75' title="bbox 2121 3472 3689 3556; baseline -0.013 -12"><span class='ocrx_word' id='word_1_518' title='bbox 2121 3484 2405 3556; x_wconf 78' lang='grc' dir='ltr'>τράπεζαν</span> <span class='ocrx_word' id='word_1_519' title='bbox 2440 3484 2538 3555; x_wconf 81' lang='grc' dir='ltr'>μὲν</span> <span class='ocrx_word' id='word_1_520' title='bbox 2568 3481 2941 3554; x_wconf 82' lang='grc' dir='ltr'>Συρακουσίαν</span> <span class='ocrx_word' id='word_1_521' title='bbox 2964 3480 3058 3533; x_wconf 55' lang='grc' dir='ltr'><strong>κοιλ⁹</strong></span> <span class='ocrx_word' id='word_1_522' title='bbox 3091 3479 3283 3549; x_wconf 80' lang='grc' dir='ltr'>μέχρις</span> <span class='ocrx_word' id='word_1_523' title='bbox 3313 3474 3488 3543; x_wconf 78' lang='grc' dir='ltr'>αὐτῆς</span> <span class='ocrx_word' id='word_1_524' title='bbox 3516 3472 3689 3539; x_wconf 80' lang='grc' dir='ltr'>ἀκοῆς</span> 
     </span>
    </p>
   </div>
   <div class='ocr_carea' id='block_1_76' title="bbox 2109 3563 3693 3647">
    <p class='ocr_par' dir='ltr' id='par_1_76' title="bbox 2109 3563 3693 3647">
     <span class='ocr_line' id='line_1_76' title="bbox 2109 3563 3693 3647; baseline -0.01 -16"><span class='ocrx_word' id='word_1_525' title='bbox 2109 3577 2453 3644; x_wconf 78' lang='grc' dir='ltr'>εἰσδέξασθαι</span> <span class='ocrx_word' id='word_1_526' title='bbox 2477 3573 2938 3647; x_wconf 72' lang='grc' dir='ltr'>παραιτούμενος,</span> <span class='ocrx_word' id='word_1_527' title='bbox 2971 3573 3037 3642; x_wconf 75' lang='grc' dir='ltr'>τῇ</span> <span class='ocrx_word' id='word_1_528' title='bbox 3064 3570 3119 3623; x_wconf 75' lang='grc' dir='ltr'>δὲ</span> <span class='ocrx_word' id='word_1_529' title='bbox 3142 3564 3528 3639; x_wconf 76' lang='grc' dir='ltr'>συγκρατούσῃ</span> <span class='ocrx_word' id='word_1_530' title='bbox 3552 3563 3693 3635; x_wconf 78' lang='grc' dir='ltr'>πρὸς</span> 
     </span>
    </p>
   </div>
   <div class='ocr_carea' id='block_1_77' title="bbox 2108 3667 2992 3742">
    <p class='ocr_par' dir='ltr' id='par_1_77' title="bbox 2108 3667 2992 3742">
     <span class='ocr_line' id='line_1_77' title="bbox 2108 3667 2992 3742; baseline -0.009 -18"><span class='ocrx_word' id='word_1_531' title='bbox 2108 3667 2258 3742; x_wconf 75' lang='grc' dir='ltr'>ζωὴν</span> <span class='ocrx_word' id='word_1_532' title='bbox 2290 3669 2597 3740; x_wconf 77' lang='grc' dir='ltr'>αὐταρκείᾳ</span> <span class='ocrx_word' id='word_1_533' title='bbox 2634 3668 2992 3738; x_wconf 75' lang='grc' dir='ltr'>τρεφόμενος.</span> 
     </span>
    </p>
   </div>
   <div class='ocr_carea' id='block_1_78' title="bbox 436 3754 3688 3835">
    <p class='ocr_par' dir='ltr' id='par_1_78' title="bbox 436 3754 3688 3835">
     <span class='ocr_line' id='line_1_78' title="bbox 436 3754 3688 3835; baseline -0.003 -21"><span class='ocrx_word' id='word_1_534' title='bbox 436 3776 551 3816; x_wconf 83' lang='lat' dir='ltr'><strong>sam</strong></span> <span class='ocrx_word' id='word_1_535' title='bbox 583 3774 710 3815; x_wconf 86' lang='lat' dir='ltr'><strong>vero</strong></span> <span class='ocrx_word' id='word_1_536' title='bbox 761 3760 1158 3833; x_wconf 84' lang='lat' dir='ltr'><strong>Syracusanam</strong></span> <span class='ocrx_word' id='word_1_537' title='bbox 1216 3775 1282 3815; x_wconf 89' lang='lat' dir='ltr'><strong>ac</strong></span> <span class='ocrx_word' id='word_1_538' title='bbox 1334 3761 1565 3830; x_wconf 83' lang='lat' dir='ltr'><strong>dapibus</strong></span> <span class='ocrx_word' id='word_1_539' title='bbox 1616 3760 1902 3816; x_wconf 87' lang='lat' dir='ltr'><strong>lautiorem</strong></span> <span class='ocrx_word' id='word_1_540' title='bbox 1974 3777 2043 3818; x_wconf 90' lang='lat' dir='ltr'><strong>ne</strong></span> <span class='ocrx_word' id='word_1_541' title='bbox 2115 3768 2282 3820; x_wconf 86' lang='lat' dir='ltr'><strong>verbo</strong></span> <span class='ocrx_word' id='word_1_542' title='bbox 2338 3766 2557 3835; x_wconf 82' lang='lat' dir='ltr'><strong>quidem</strong></span> <span class='ocrx_word' id='word_1_543' title='bbox 2621 3764 2810 3817; x_wconf 86' lang='lat' dir='ltr'><strong>audire</strong></span> <span class='ocrx_word' id='word_1_544' title='bbox 2869 3759 3204 3825; x_wconf 90' lang='lat' dir='ltr'><strong>sustinebat;</strong></span> <span class='ocrx_word' id='word_1_545' title='bbox 3265 3756 3333 3812; x_wconf 87' lang='lat' dir='ltr'><strong>iis</strong></span> <span class='ocrx_word' id='word_1_546' title='bbox 3390 3754 3688 3820; x_wconf 83' lang='lat' dir='ltr'><strong>alimentis,</strong></span> 
     </span>
    </p>
   </div>
   <div class='ocr_carea' id='block_1_79' title="bbox 436 3855 2186 3926">
    <p class='ocr_par' dir='ltr' id='par_1_79' title="bbox 436 3855 2186 3926">
     <span class='ocr_line' id='line_1_79' title="bbox 436 3855 2186 3926; baseline 0.004 -19"><span class='ocrx_word' id='word_1_547' title='bbox 436 3871 557 3925; x_wconf 71' lang='lat' dir='ltr'><strong>qua:</strong></span> <span class='ocrx_word' id='word_1_548' title='bbox 610 3855 735 3911; x_wconf 74' lang='lat' dir='ltr'><strong>vita:</strong></span> <span class='ocrx_word' id='word_1_549' title='bbox 785 3865 1058 3925; x_wconf 82' lang='lat' dir='ltr'><strong>utcunque</strong></span> <span class='ocrx_word' id='word_1_550' title='bbox 1106 3857 1473 3911; x_wconf 71' lang='lat' dir='ltr'><strong>sustentandae</strong></span> <span class='ocrx_word' id='word_1_551' title='bbox 1521 3865 1723 3923; x_wconf 88' lang='lat' dir='ltr'><strong>essent,</strong></span> <span class='ocrx_word' id='word_1_552' title='bbox 1760 3860 1977 3926; x_wconf 84' lang='lat' dir='ltr'><strong>parcius</strong></span> <span class='ocrx_word' id='word_1_553' title='bbox 2008 3868 2186 3914; x_wconf 88' lang='lat' dir='ltr'><strong>utens.</strong></span> 
     </span>
    </p>
   </div>
   <div class='ocr_carea' id='block_1_80' title="bbox 508 3950 2009 4020">
    <p class='ocr_par' dir='ltr' id='par_1_80' title="bbox 508 3950 2009 4020">
     <span class='ocr_line' id='line_1_80' title="bbox 508 3950 2009 4020; baseline 0 -14"><span class='ocrx_word' id='word_1_554' title='bbox 508 3950 596 4006; x_wconf 72' lang='grc'><strong>14.</strong></span> <span class='ocrx_word' id='word_1_555' title='bbox 640 3950 931 4019; x_wconf 79' lang='lat' dir='ltr'><strong>Postquam</strong></span> <span class='ocrx_word' id='word_1_556' title='bbox 967 3965 1094 4006; x_wconf 80' lang='lat' dir='ltr'><strong>vero</strong></span> <span class='ocrx_word' id='word_1_557' title='bbox 1127 3965 1404 4005; x_wconf 85' lang='lat' dir='ltr'><strong>sacrarum</strong></span> <span class='ocrx_word' id='word_1_558' title='bbox 1445 3951 1823 4020; x_wconf 88' lang='lat' dir='ltr'><strong>dicipliuarum</strong></span> <span class='ocrx_word' id='word_1_559' title='bbox 1854 3969 2009 4007; x_wconf 87' lang='lat' dir='ltr'><strong>meu-</strong></span> 
     </span>
    </p>
   </div>
   <div class='ocr_carea' id='block_1_81' title="bbox 440 4043 2009 4114">
    <p class='ocr_par' dir='ltr' id='par_1_81' title="bbox 440 4043 2009 4114">
     <span class='ocr_line' id='line_1_81' title="bbox 440 4043 2009 4114; baseline 0 -16"><span class='ocrx_word' id='word_1_560' title='bbox 440 4045 518 4099; x_wconf 82' lang='lat' dir='ltr'><strong>tio</strong></span> <span class='ocrx_word' id='word_1_561' title='bbox 550 4043 760 4109; x_wconf 87' lang='lat' dir='ltr'><strong>incidit,</strong></span> <span class='ocrx_word' id='word_1_562' title='bbox 797 4045 936 4099; x_wconf 84' lang='lat' dir='ltr'><strong>haud</strong></span> <span class='ocrx_word' id='word_1_563' title='bbox 974 4044 1250 4114; x_wconf 78' lang='lat' dir='ltr'><strong>ingratum</strong></span> <span class='ocrx_word' id='word_1_564' title='bbox 1282 4053 1374 4098; x_wconf 87' lang='lat' dir='ltr'><strong>aut</strong></span> <span class='ocrx_word' id='word_1_565' title='bbox 1406 4045 1473 4099; x_wconf 86' lang='lat' dir='ltr'><strong>ab</strong></span> <span class='ocrx_word' id='word_1_566' title='bbox 1506 4045 1755 4100; x_wconf 89' lang='lat' dir='ltr'><strong>instituto</strong></span> <span class='ocrx_word' id='word_1_567' title='bbox 1779 4045 2009 4100; x_wconf 89' lang='lat' dir='ltr'><strong>alienum</strong></span> 
     </span>
    </p>
   </div>
   <div class='ocr_carea' id='block_1_82' title="bbox 437 4136 2013 4205">
    <p class='ocr_par' dir='ltr' id='par_1_82' title="bbox 437 4136 2013 4205">
     <span class='ocr_line' id='line_1_82' title="bbox 437 4136 2013 4205; baseline 0.002 -18"><span class='ocrx_word' id='word_1_568' title='bbox 437 4144 621 4205; x_wconf 85' lang='lat' dir='ltr'><strong>putem</strong></span> <span class='ocrx_word' id='word_1_569' title='bbox 657 4144 859 4205; x_wconf 87' lang='lat' dir='ltr'><strong>quanta</strong></span> <span class='ocrx_word' id='word_1_570' title='bbox 895 4136 999 4190; x_wconf 85' lang='lat' dir='ltr'><strong>viri</strong></span> <span class='ocrx_word' id='word_1_571' title='bbox 1026 4137 1079 4188; x_wconf 93' lang='lat' dir='ltr'><strong>in</strong></span> <span class='ocrx_word' id='word_1_572' title='bbox 1107 4137 1190 4191; x_wconf 88' lang='lat' dir='ltr'><strong>eis</strong></span> <span class='ocrx_word' id='word_1_573' title='bbox 1216 4136 1499 4205; x_wconf 78' lang='lat' dir='ltr'><strong>diligentia</strong></span> <span class='ocrx_word' id='word_1_574' title='bbox 1522 4146 1667 4191; x_wconf 88' lang='lat' dir='ltr'><strong>esset</strong></span> <span class='ocrx_word' id='word_1_575' title='bbox 1690 4145 1853 4204; x_wconf 87' lang='lat' dir='ltr'><strong>atque</strong></span> <span class='ocrx_word' id='word_1_576' title='bbox 1875 4152 2013 4205; x_wconf 70' lang='lat' dir='ltr'><strong>prte-</strong></span> 
     </span>
    </p>
   </div>
   <div class='ocr_carea' id='block_1_83' title="bbox 442 4226 2013 4295">
    <p class='ocr_par' dir='ltr' id='par_1_83' title="bbox 442 4226 2013 4295">
     <span class='ocr_line' id='line_1_83' title="bbox 442 4226 2013 4295; baseline -0.001 -14"><span class='ocrx_word' id='word_1_577' title='bbox 442 4227 647 4281; x_wconf 84' lang='lat' dir='ltr'><strong>stantia</strong></span> <span class='ocrx_word' id='word_1_578' title='bbox 683 4226 1021 4281; x_wconf 86' lang='lat' dir='ltr'><strong>meminisse.</strong></span> <span class='ocrx_word' id='word_1_579' title='bbox 1055 4226 1136 4280; x_wconf 84' lang='lat' dir='ltr'><strong>Ad</strong></span> <span class='ocrx_word' id='word_1_580' title='bbox 1165 4226 1474 4281; x_wconf 79' lang='lat' dir='ltr'><strong>divinarum</strong></span> <span class='ocrx_word' id='word_1_581' title='bbox 1506 4228 1649 4281; x_wconf 90' lang='lat' dir='ltr'><strong>enim</strong></span> <span class='ocrx_word' id='word_1_582' title='bbox 1697 4227 2013 4295; x_wconf 85' lang='lat' dir='ltr'><strong>Scriptura-</strong></span> 
     </span>
    </p>
   </div>
   <div class='ocr_carea' id='block_1_84' title="bbox 2191 3940 3693 4023">
    <p class='ocr_par' dir='ltr' id='par_1_84' title="bbox 2191 3940 3693 4023">
     <span class='ocr_line' id='line_1_84' title="bbox 2191 3940 3693 4023; baseline -0.01 -16"><span class='ocrx_word' id='word_1_583' title='bbox 2191 3954 2273 4010; x_wconf 81' lang='grc' dir='ltr'>ιδ’.</span> <span class='ocrx_word' id='word_1_584' title='bbox 2316 3953 2457 4008; x_wconf 81' lang='grc' dir='ltr'>Ἀλλ’</span> <span class='ocrx_word' id='word_1_585' title='bbox 2488 3951 2673 4023; x_wconf 77' lang='grc' dir='ltr'>ἐπειδὴ</span> <span class='ocrx_word' id='word_1_586' title='bbox 2710 3950 3051 4022; x_wconf 75' lang='grc' dir='ltr'>μαθημάτων</span> <span class='ocrx_word' id='word_1_587' title='bbox 3076 3947 3374 4019; x_wconf 78' lang='grc' dir='ltr'>ἐμνήσθην,</span> <span class='ocrx_word' id='word_1_588' title='bbox 3390 3945 3489 3998; x_wconf 83' lang='grc' dir='ltr'><strong>ούκ</strong></span> <span class='ocrx_word' id='word_1_589' title='bbox 3520 3940 3693 4010; x_wconf 71' lang='grc' dir='ltr'>ἄχαρι</span> 
     </span>
    </p>
   </div>
   <div class='ocr_carea' id='block_1_85' title="bbox 2116 4029 3694 4115">
    <p class='ocr_par' dir='ltr' id='par_1_85' title="bbox 2116 4029 3694 4115">
     <span class='ocr_line' id='line_1_85' title="bbox 2116 4029 3694 4115; baseline -0.01 -16"><span class='ocrx_word' id='word_1_590' title='bbox 2116 4046 2242 4099; x_wconf 76' lang='grc' dir='ltr'>οὔτε</span> <span class='ocrx_word' id='word_1_591' title='bbox 2269 4045 2375 4115; x_wconf 81' lang='grc' dir='ltr'>μὴν</span> <span class='ocrx_word' id='word_1_592' title='bbox 2411 4044 2684 4115; x_wconf 86' lang='grc' dir='ltr'>παρέλκον</span> <span class='ocrx_word' id='word_1_593' title='bbox 2714 4043 2952 4112; x_wconf 79' lang='grc' dir='ltr'>ἡγοῦμαι</span> <span class='ocrx_word' id='word_1_594' title='bbox 2980 4040 3076 4094; x_wconf 74' lang='grc' dir='ltr'>καὶ</span> <span class='ocrx_word' id='word_1_595' title='bbox 3104 4039 3202 4108; x_wconf 82' lang='grc' dir='ltr'>τῆς</span> <span class='ocrx_word' id='word_1_596' title='bbox 3241 4038 3371 4107; x_wconf 60' lang='grc' dir='ltr'><strong>περὶ⁵</strong></span> <span class='ocrx_word' id='word_1_597' title='bbox 3396 4034 3571 4089; x_wconf 88' lang='grc' dir='ltr'>ταῦτα</span> <span class='ocrx_word' id='word_1_598' title='bbox 3595 4029 3694 4084; x_wconf 86' lang='grc' dir='ltr'><strong>τοῦ</strong></span> 
     </span>
    </p>
   </div>
   <div class='ocr_carea' id='block_1_86' title="bbox 2119 4126 3691 4210">
    <p class='ocr_par' dir='ltr' id='par_1_86' title="bbox 2119 4126 3691 4210">
     <span class='ocr_line' id='line_1_86' title="bbox 2119 4126 3691 4210; baseline -0.008 -20"><span class='ocrx_word' id='word_1_599' title='bbox 2119 4138 2311 4210; x_wconf 71' lang='grc' dir='ltr'>ἀνδρὸς</span> <span class='ocrx_word' id='word_1_600' title='bbox 2348 4135 2753 4206; x_wconf 76' lang='grc' dir='ltr'>ἐπιμνησθῆναι</span> <span class='ocrx_word' id='word_1_601' title='bbox 2799 4132 3084 4203; x_wconf 81' lang='grc' dir='ltr'>ἀκριϐείας</span> <span class='ocrx_word' id='word_1_602' title='bbox 3124 4146 3185 4182; x_wconf 80' lang='grc' dir='ltr'><strong>τε</strong></span> <span class='ocrx_word' id='word_1_603' title='bbox 3234 4130 3329 4182; x_wconf 76' lang='grc' dir='ltr'>καὶ</span> <span class='ocrx_word' id='word_1_604' title='bbox 3367 4126 3691 4197; x_wconf 77' lang='grc' dir='ltr'>ἀκρότητας.</span> 
     </span>
    </p>
   </div>
   <div class='ocr_carea' id='block_1_87' title="bbox 2121 4216 3696 4300">
    <p class='ocr_par' dir='ltr' id='par_1_87' title="bbox 2121 4216 3696 4300">
     <span class='ocr_line' id='line_1_87' title="bbox 2121 4216 3696 4300; baseline -0.01 -17"><span class='ocrx_word' id='word_1_605' title='bbox 2121 4231 2267 4300; x_wconf 76' lang='grc' dir='ltr'>Πρὸς</span> <span class='ocrx_word' id='word_1_606' title='bbox 2292 4228 2400 4298; x_wconf 82' lang='grc' dir='ltr'>γὰρ</span> <span class='ocrx_word' id='word_1_607' title='bbox 2422 4231 2488 4298; x_wconf 82' lang='grc' dir='ltr'>τῇ</span> <span class='ocrx_word' id='word_1_608' title='bbox 2521 4227 2627 4280; x_wconf 82' lang='grc' dir='ltr'>τῶν</span> <span class='ocrx_word' id='word_1_609' title='bbox 2654 4226 2813 4279; x_wconf 87' lang='grc' dir='ltr'>θείων</span> <span class='ocrx_word' id='word_1_610' title='bbox 2840 4223 3035 4293; x_wconf 83' lang='grc' dir='ltr'>λογίων</span> <span class='ocrx_word' id='word_1_611' title='bbox 3060 4220 3259 4293; x_wconf 75' lang='grc' dir='ltr'>μελέτῃ</span> <span class='ocrx_word' id='word_1_612' title='bbox 3287 4219 3381 4272; x_wconf 71' lang='grc' dir='ltr'>καὶ</span> <span class='ocrx_word' id='word_1_613' title='bbox 3406 4218 3503 4288; x_wconf 76' lang='grc' dir='ltr'>τῆς</span> <span class='ocrx_word' id='word_1_614' title='bbox 3527 4216 3696 4285; x_wconf 86' lang='grc' dir='ltr'>θύρα-</span> 
     </span>
    </p>
   </div>
   <div class='ocr_carea' id='block_1_88' title="bbox 443 4308 2003 4392">
    <p class='ocr_par' dir='ltr' id='par_1_88' title="bbox 443 4316 2003 4387">
     <span class='ocr_line' id='line_1_88' title="bbox 443 4316 2003 4387; baseline 0.001 -16"><span class='ocrx_word' id='word_1_615' title='bbox 443 4332 562 4371; x_wconf 87' lang='lat' dir='ltr'><strong>rum</strong></span> <span class='ocrx_word' id='word_1_616' title='bbox 596 4317 1000 4371; x_wconf 89' lang='lat' dir='ltr'><strong>meditationem</strong></span> <span class='ocrx_word' id='word_1_617' title='bbox 1030 4316 1312 4372; x_wconf 72' lang='lat' dir='ltr'><strong>saecularis</strong></span> <span class='ocrx_word' id='word_1_618' title='bbox 1344 4317 1664 4372; x_wconf 70' lang='lat' dir='ltr'><strong>litteratum</strong></span> <span class='ocrx_word' id='word_1_619' title='bbox 1690 4320 2003 4387; x_wconf 88' lang='lat' dir='ltr'><strong>compendia</strong></span> 
     </span>
    </p>
   </div>
   <div class='ocr_carea' id='block_1_89' title="bbox 2111 4308 3697 4392">
    <p class='ocr_par' dir='ltr' id='par_1_89' title="bbox 2122 4308 3697 4392">
     <span class='ocr_line' id='line_1_89' title="bbox 2122 4308 3697 4392; baseline -0.01 -19"><span class='ocrx_word' id='word_1_620' title='bbox 2122 4321 2213 4373; x_wconf 86' lang='grc' dir='ltr'><strong>θεν</strong></span> <span class='ocrx_word' id='word_1_621' title='bbox 2247 4316 2568 4392; x_wconf 81' lang='grc' dir='ltr'>[παιδείας]</span> <span class='ocrx_word' id='word_1_622' title='bbox 2615 4316 2998 4385; x_wconf 75' lang='grc' dir='ltr'>εἰσεποιήσατο</span> <span class='ocrx_word' id='word_1_623' title='bbox 3031 4312 3280 4384; x_wconf 78' lang='grc' dir='ltr'>μέθεξιν·</span> <span class='ocrx_word' id='word_1_624' title='bbox 3314 4313 3380 4381; x_wconf 77' lang='grc' dir='ltr'><strong>τῇ</strong></span> <span class='ocrx_word' id='word_1_625' title='bbox 3415 4309 3510 4377; x_wconf 84' lang='grc' dir='ltr'>μὲν</span> <span class='ocrx_word' id='word_1_626' title='bbox 3544 4308 3605 4360; x_wconf 75' lang='grc' dir='ltr'>τὸ</span> <span class='ocrx_word' id='word_1_627' title='bbox 3637 4309 3697 4359; x_wconf 73' lang='grc' dir='ltr'><strong>ἐν</strong></span> 
     </span>
    </p>
   </div>
   <div class='ocr_carea' id='block_1_90' title="bbox 444 4380 2003 4480">
    <p class='ocr_par' dir='ltr' id='par_1_90' title="bbox 444 4407 2003 4479">
     <span class='ocr_line' id='line_1_90' title="bbox 444 4407 2003 4479; baseline 0.004 -22"><span class='ocrx_word' id='word_1_628' title='bbox 444 4408 712 4478; x_wconf 74' lang='lat' dir='ltr'><strong>adiunxit,</strong></span> <span class='ocrx_word' id='word_1_629' title='bbox 734 4416 842 4460; x_wconf 88' lang='lat' dir='ltr'><strong>tum</strong></span> <span class='ocrx_word' id='word_1_630' title='bbox 864 4418 922 4461; x_wconf 92' lang='lat' dir='ltr'><strong>ut</strong></span> <span class='ocrx_word' id='word_1_631' title='bbox 956 4407 1168 4463; x_wconf 86' lang='lat' dir='ltr'><strong>facilius</strong></span> <span class='ocrx_word' id='word_1_632' title='bbox 1186 4418 1373 4476; x_wconf 87' lang='lat' dir='ltr'><strong>posset</strong></span> <span class='ocrx_word' id='word_1_633' title='bbox 1395 4408 1636 4462; x_wconf 87' lang='lat' dir='ltr'><strong>docendo</strong></span> <span class='ocrx_word' id='word_1_634' title='bbox 1664 4410 2003 4479; x_wconf 80' lang='lat' dir='ltr'><strong>persuadere</strong></span> 
     </span>
    </p>
   </div>
   <div class='ocr_carea' id='block_1_91' title="bbox 2111 4380 3698 4480">
    <p class='ocr_par' dir='ltr' id='par_1_91' title="bbox 2120 4396 3698 4480">
     <span class='ocr_line' id='line_1_91' title="bbox 2120 4396 3698 4480; baseline -0.01 -17"><span class='ocrx_word' id='word_1_635' title='bbox 2120 4410 2362 4480; x_wconf 79' lang='grc' dir='ltr'>διδαχαῖς</span> <span class='ocrx_word' id='word_1_636' title='bbox 2406 4405 2842 4461; x_wconf 82' lang='grc' dir='ltr'>καταπλουτίσαι</span> <span class='ocrx_word' id='word_1_637' title='bbox 2883 4404 3053 4457; x_wconf 77' lang='grc' dir='ltr'>θέλων</span> <span class='ocrx_word' id='word_1_638' title='bbox 3094 4401 3389 4472; x_wconf 76' lang='grc' dir='ltr'>πειθήνιον,</span> <span class='ocrx_word' id='word_1_639' title='bbox 3435 4401 3501 4468; x_wconf 76' lang='grc' dir='ltr'>τῇ</span> <span class='ocrx_word' id='word_1_640' title='bbox 3533 4396 3588 4449; x_wconf 82' lang='grc' dir='ltr'>δὲ</span> <span class='ocrx_word' id='word_1_641' title='bbox 3635 4396 3698 4449; x_wconf 84' lang='grc' dir='ltr'><strong>τδ</strong></span> 
     </span>
    </p>
   </div>
   <div class='ocr_carea' id='block_1_92' title="bbox 444 4498 2014 4569">
    <p class='ocr_par' dir='ltr' id='par_1_92' title="bbox 444 4498 2014 4569">
     <span class='ocr_line' id='line_1_92' title="bbox 444 4498 2014 4569; baseline 0.004 -20"><span class='ocrx_word' id='word_1_642' title='bbox 444 4506 557 4552; x_wconf 93' lang='lat' dir='ltr'><strong>tum</strong></span> <span class='ocrx_word' id='word_1_643' title='bbox 579 4507 638 4553; x_wconf 82' lang='lat' dir='ltr'><strong>ut</strong></span> <span class='ocrx_word' id='word_1_644' title='bbox 658 4498 724 4552; x_wconf 86' lang='lat' dir='ltr'><strong>ad</strong></span> <span class='ocrx_word' id='word_1_645' title='bbox 748 4513 965 4553; x_wconf 87' lang='lat' dir='ltr'><strong>errores</strong></span> <span class='ocrx_word' id='word_1_646' title='bbox 999 4500 1375 4568; x_wconf 74' lang='lat' dir='ltr'><strong>coarguendos</strong></span> <span class='ocrx_word' id='word_1_647' title='bbox 1408 4502 1664 4555; x_wconf 85' lang='lat' dir='ltr'><strong>evaderet</strong></span> <span class='ocrx_word' id='word_1_648' title='bbox 1692 4502 2014 4569; x_wconf 77' lang='lat' dir='ltr'><strong>expeditior.</strong></span> 
     </span>
    </p>
   </div>
   <div class='ocr_carea' id='block_1_93' title="bbox 445 4590 2018 4662">
    <p class='ocr_par' dir='ltr' id='par_1_93' title="bbox 445 4590 2018 4662">
     <span class='ocr_line' id='line_1_93' title="bbox 445 4590 2018 4662; baseline 0 -18"><span class='ocrx_word' id='word_1_649' title='bbox 445 4591 915 4657; x_wconf 84' lang='lat' dir='ltr'><strong>Quemadmodum</strong></span> <span class='ocrx_word' id='word_1_650' title='bbox 958 4591 1102 4646; x_wconf 91' lang='lat' dir='ltr'><strong>enim</strong></span> <span class='ocrx_word' id='word_1_651' title='bbox 1131 4606 1194 4646; x_wconf 87' lang='lat' dir='ltr'><strong>ea</strong></span> <span class='ocrx_word' id='word_1_652' title='bbox 1231 4591 1365 4662; x_wconf 79' lang='lat' dir='ltr'><strong>legis</strong></span> <span class='ocrx_word' id='word_1_653' title='bbox 1410 4592 1583 4648; x_wconf 86' lang='lat' dir='ltr'><strong>virtus</strong></span> <span class='ocrx_word' id='word_1_654' title='bbox 1628 4603 1734 4659; x_wconf 89' lang='lat' dir='ltr'><strong>est,</strong></span> <span class='ocrx_word' id='word_1_655' title='bbox 1772 4601 1831 4647; x_wconf 90' lang='lat' dir='ltr'><strong>ut</strong></span> <span class='ocrx_word' id='word_1_656' title='bbox 1887 4590 2018 4660; x_wconf 89' lang='lat' dir='ltr'><strong>justi</strong></span> 
     </span>
    </p>
   </div>
   <div class='ocr_carea' id='block_1_94' title="bbox 444 4682 2015 4754">
    <p class='ocr_par' dir='ltr' id='par_1_94' title="bbox 444 4682 2015 4754">
     <span class='ocr_line' id='line_1_94' title="bbox 444 4682 2015 4754; baseline -0.001 -16"><span class='ocrx_word' id='word_1_657' title='bbox 444 4695 608 4753; x_wconf 86' lang='lat' dir='ltr'><strong>atque</strong></span> <span class='ocrx_word' id='word_1_658' title='bbox 626 4682 809 4753; x_wconf 83' lang='lat' dir='ltr'><strong>iujusti</strong></span> <span class='ocrx_word' id='word_1_659' title='bbox 832 4685 1370 4753; x_wconf 82' lang='lat' dir='ltr'><strong>comprehensionem</strong></span> <span class='ocrx_word' id='word_1_660' title='bbox 1392 4695 1707 4754; x_wconf 85' lang='lat' dir='ltr'><strong>certamque</strong></span> <span class='ocrx_word' id='word_1_661' title='bbox 1727 4683 2015 4740; x_wconf 82' lang='lat' dir='ltr'><strong>scientiam</strong></span> 
     </span>
    </p>
   </div>
   <div class='ocr_carea' id='block_1_95' title="bbox 445 4772 2022 4845">
    <p class='ocr_par' dir='ltr' id='par_1_95' title="bbox 445 4772 2022 4845">
     <span class='ocr_line' id='line_1_95' title="bbox 445 4772 2022 4845; baseline 0 -20"><span class='ocrx_word' id='word_1_662' title='bbox 445 4772 791 4843; x_wconf 85' lang='lat' dir='ltr'><strong>profiteatur,</strong></span> <span class='ocrx_word' id='word_1_663' title='bbox 825 4789 933 4844; x_wconf 89' lang='lat' dir='ltr'><strong>quo</strong></span> <span class='ocrx_word' id='word_1_664' title='bbox 970 4774 1212 4845; x_wconf 79' lang='lat' dir='ltr'><strong>dignam,</strong></span> <span class='ocrx_word' id='word_1_665' title='bbox 1243 4785 1300 4828; x_wconf 89' lang='lat' dir='ltr'><strong>ut</strong></span> <span class='ocrx_word' id='word_1_666' title='bbox 1337 4776 1569 4842; x_wconf 87' lang='lat' dir='ltr'><strong>quisque</strong></span> <span class='ocrx_word' id='word_1_667' title='bbox 1600 4774 1826 4828; x_wconf 87' lang='lat' dir='ltr'><strong>alterum</strong></span> <span class='ocrx_word' id='word_1_668' title='bbox 1851 4782 2022 4828; x_wconf 81' lang='lat' dir='ltr'><strong>secta-</strong></span> 
     </span>
    </p>
   </div>
   <div class='ocr_carea' id='block_1_96' title="bbox 448 4863 2018 4937">
    <p class='ocr_par' dir='ltr' id='par_1_96' title="bbox 448 4863 2018 4937">
     <span class='ocr_line' id='line_1_96' title="bbox 448 4863 2018 4937; baseline -0.002 -18"><span class='ocrx_word' id='word_1_669' title='bbox 448 4878 536 4922; x_wconf 83' lang='lat' dir='ltr'><strong>tus</strong></span> <span class='ocrx_word' id='word_1_670' title='bbox 567 4865 753 4933; x_wconf 88' lang='lat' dir='ltr'><strong>fuerit,</strong></span> <span class='ocrx_word' id='word_1_671' title='bbox 816 4865 1231 4927; x_wconf 80' lang='lat' dir='ltr'><strong>retributionem</strong></span> <span class='ocrx_word' id='word_1_672' title='bbox 1280 4867 1563 4937; x_wconf 66' lang='lat' dir='ltr'><strong>aequaliter</strong></span> <span class='ocrx_word' id='word_1_673' title='bbox 1604 4863 1893 4935; x_wconf 72' lang='lat' dir='ltr'><strong>rependat;</strong></span> <span class='ocrx_word' id='word_1_674' title='bbox 1946 4865 2018 4918; x_wconf 89' lang='lat' dir='ltr'><strong>ita</strong></span> 
     </span>
    </p>
   </div>
   <div class='ocr_carea' id='block_1_97' title="bbox 443 4956 2018 5028">
    <p class='ocr_par' dir='ltr' id='par_1_97' title="bbox 443 4956 2018 5028">
     <span class='ocr_line' id='line_1_97' title="bbox 443 4956 2018 5028; baseline -0.001 -18"><span class='ocrx_word' id='word_1_675' title='bbox 443 4958 609 5013; x_wconf 80' lang='lat' dir='ltr'><strong>etiam</strong></span> <span class='ocrx_word' id='word_1_676' title='bbox 654 4956 1074 5026; x_wconf 85' lang='lat' dir='ltr'><strong>disciplinarum</strong></span> <span class='ocrx_word' id='word_1_677' title='bbox 1130 4957 1392 5028; x_wconf 89' lang='lat' dir='ltr'><strong>perfectio</strong></span> <span class='ocrx_word' id='word_1_678' title='bbox 1427 4957 1712 5025; x_wconf 75' lang='lat' dir='ltr'><strong>utriusque</strong></span> <span class='ocrx_word' id='word_1_679' title='bbox 1746 4957 2018 5026; x_wconf 81' lang='lat' dir='ltr'><strong>cognitio-</strong></span> 
     </span>
    </p>
   </div>
   <div class='ocr_carea' id='block_1_98' title="bbox 448 5047 2018 5118">
    <p class='ocr_par' dir='ltr' id='par_1_98' title="bbox 448 5047 2018 5118">
     <span class='ocr_line' id='line_1_98' title="bbox 448 5047 2018 5118; baseline 0 -18"><span class='ocrx_word' id='word_1_680' title='bbox 448 5064 572 5102; x_wconf 83' lang='lat' dir='ltr'><strong>m-nt</strong></span> <span class='ocrx_word' id='word_1_681' title='bbox 607 5048 967 5118; x_wconf 86' lang='lat' dir='ltr'><strong>peritiautque</strong></span> <span class='ocrx_word' id='word_1_682' title='bbox 1018 5050 1265 5118; x_wconf 88' lang='lat' dir='ltr'><strong>requirit.</strong></span> <span class='ocrx_word' id='word_1_683' title='bbox 1300 5047 1416 5102; x_wconf 86' lang='lat' dir='ltr'><strong>Non</strong></span> <span class='ocrx_word' id='word_1_684' title='bbox 1461 5048 1531 5103; x_wconf 89' lang='lat' dir='ltr'><strong>ita</strong></span> <span class='ocrx_word' id='word_1_685' title='bbox 1569 5058 1746 5101; x_wconf 90' lang='lat' dir='ltr'><strong>tamen</strong></span> <span class='ocrx_word' id='word_1_686' title='bbox 1782 5057 1839 5100; x_wconf 90' lang='lat' dir='ltr'><strong>ut</strong></span> <span class='ocrx_word' id='word_1_687' title='bbox 1866 5062 2018 5117; x_wconf 63' lang='lat' dir='ltr'><strong>aequa</strong></span> 
     </span>
    </p>
   </div>
   <div class='ocr_carea' id='block_1_99' title="bbox 450 5138 2018 5210">
    <p class='ocr_par' dir='ltr' id='par_1_99' title="bbox 450 5138 2018 5210">
     <span class='ocr_line' id='line_1_99' title="bbox 450 5138 2018 5210; baseline 0 -20"><span class='ocrx_word' id='word_1_688' title='bbox 450 5140 597 5194; x_wconf 78' lang='lat' dir='ltr'><strong>velut</strong></span> <span class='ocrx_word' id='word_1_689' title='bbox 633 5138 811 5208; x_wconf 85' lang='lat' dir='ltr'><strong>lance,</strong></span> <span class='ocrx_word' id='word_1_690' title='bbox 843 5141 985 5210; x_wconf 83' lang='lat' dir='ltr'><strong>quod</strong></span> <span class='ocrx_word' id='word_1_691' title='bbox 1037 5140 1198 5205; x_wconf 85' lang='lat' dir='ltr'><strong>absit,</strong></span> <span class='ocrx_word' id='word_1_692' title='bbox 1234 5154 1623 5210; x_wconf 88' lang='lat' dir='ltr'><strong>componamus</strong></span> <span class='ocrx_word' id='word_1_693' title='bbox 1671 5148 1957 5207; x_wconf 83' lang='lat' dir='ltr'><strong>utramque</strong></span> <span class='ocrx_word' id='word_1_694' title='bbox 2003 5154 2018 5190; x_wconf 90' lang='lat'><strong>:</strong></span> 
     </span>
    </p>
   </div>
   <div class='ocr_carea' id='block_1_100' title="bbox 447 5230 2022 5303">
    <p class='ocr_par' dir='ltr' id='par_1_100' title="bbox 447 5230 2022 5303">
     <span class='ocr_line' id='line_1_100' title="bbox 447 5230 2022 5303; baseline -0.003 -18"><span class='ocrx_word' id='word_1_695' title='bbox 447 5244 556 5285; x_wconf 73' lang='lat' dir='ltr'><strong>non</strong></span> <span class='ocrx_word' id='word_1_696' title='bbox 589 5231 735 5287; x_wconf 86' lang='lat' dir='ltr'><strong>enim</strong></span> <span class='ocrx_word' id='word_1_697' title='bbox 762 5232 879 5303; x_wconf 88' lang='lat' dir='ltr'><strong>pari</strong></span> <span class='ocrx_word' id='word_1_698' title='bbox 925 5249 1047 5287; x_wconf 89' lang='lat' dir='ltr'><strong>cum</strong></span> <span class='ocrx_word' id='word_1_699' title='bbox 1091 5234 1307 5289; x_wconf 88' lang='lat' dir='ltr'><strong>domina</strong></span> <span class='ocrx_word' id='word_1_700' title='bbox 1341 5234 1545 5288; x_wconf 82' lang='lat' dir='ltr'><strong>bouore</strong></span> <span class='ocrx_word' id='word_1_701' title='bbox 1596 5230 1790 5285; x_wconf 78' lang='lat' dir='ltr'><strong>ancilla</strong></span> <span class='ocrx_word' id='word_1_702' title='bbox 1845 5242 2022 5284; x_wconf 86' lang='lat' dir='ltr'><strong>certa-</strong></span> 
     </span>
    </p>
   </div>
   <div class='ocr_carea' id='block_1_101' title="bbox 2120 4485 3696 4570">
    <p class='ocr_par' dir='ltr' id='par_1_101' title="bbox 2120 4485 3696 4570">
     <span class='ocr_line' id='line_1_101' title="bbox 2120 4485 3696 4570; baseline -0.011 -17"><span class='ocrx_word' id='word_1_703' title='bbox 2120 4502 2217 4570; x_wconf 82' lang='grc' dir='ltr'>τῆς</span> <span class='ocrx_word' id='word_1_704' title='bbox 2264 4498 2473 4567; x_wconf 84' lang='grc' dir='ltr'>πλάνης</span> <span class='ocrx_word' id='word_1_705' title='bbox 2522 4496 2823 4564; x_wconf 81' lang='grc' dir='ltr'>διελέγχειν</span> <span class='ocrx_word' id='word_1_706' title='bbox 2902 4493 3184 4547; x_wconf 76' lang='grc' dir='ltr'>ἀπίθανον.</span> <span class='ocrx_word' id='word_1_707' title='bbox 3243 4489 3334 4553; x_wconf 81' lang='grc' dir='ltr'>Ὣς</span> <span class='ocrx_word' id='word_1_708' title='bbox 3374 4489 3480 4559; x_wconf 72' lang='grc' dir='ltr'>γὰρ</span> <span class='ocrx_word' id='word_1_709' title='bbox 3523 4485 3696 4556; x_wconf 82' lang='grc' dir='ltr'>ἀρετὴ</span> 
     </span>
    </p>
   </div>
   <div class='ocr_carea' id='block_1_102' title="bbox 2121 4576 3696 4660">
    <p class='ocr_par' dir='ltr' id='par_1_102' title="bbox 2121 4576 3696 4660">
     <span class='ocr_line' id='line_1_102' title="bbox 2121 4576 3696 4660; baseline -0.01 -17"><span class='ocrx_word' id='word_1_710' title='bbox 2121 4590 2317 4660; x_wconf 78' lang='grc' dir='ltr'>νόμου,</span> <span class='ocrx_word' id='word_1_711' title='bbox 2346 4589 2556 4642; x_wconf 87' lang='grc' dir='ltr'>δικαίου</span> <span class='ocrx_word' id='word_1_712' title='bbox 2589 4604 2644 4640; x_wconf 88' lang='grc' dir='ltr'><strong>τε</strong></span> <span class='ocrx_word' id='word_1_713' title='bbox 2680 4586 2774 4639; x_wconf 74' lang='grc' dir='ltr'>καὶ</span> <span class='ocrx_word' id='word_1_714' title='bbox 2804 4583 2990 4638; x_wconf 86' lang='grc' dir='ltr'>ἀδίκου</span> <span class='ocrx_word' id='word_1_715' title='bbox 3018 4580 3326 4649; x_wconf 67' lang='grc' dir='ltr'>κατάληψιν</span> <span class='ocrx_word' id='word_1_716' title='bbox 3357 4576 3696 4646; x_wconf 82' lang='grc' dir='ltr'>ἐπαγγέλλε-</span> 
     </span>
    </p>
   </div>
   <div class='ocr_carea' id='block_1_103' title="bbox 2121 4670 3698 4751">
    <p class='ocr_par' dir='ltr' id='par_1_103' title="bbox 2121 4670 3698 4751">
     <span class='ocr_line' id='line_1_103' title="bbox 2121 4670 3698 4751; baseline -0.011 -15"><span class='ocrx_word' id='word_1_717' title='bbox 2121 4700 2233 4750; x_wconf 88' lang='grc' dir='ltr'>ται,</span> <span class='ocrx_word' id='word_1_718' title='bbox 2263 4680 2350 4734; x_wconf 83' lang='grc' dir='ltr'>ἵνα</span> <span class='ocrx_word' id='word_1_719' title='bbox 2378 4681 2477 4751; x_wconf 83' lang='grc' dir='ltr'>τὴν</span> <span class='ocrx_word' id='word_1_720' title='bbox 2510 4680 2668 4747; x_wconf 75' lang='grc' dir='ltr'>ἀξίαν</span> <span class='ocrx_word' id='word_1_721' title='bbox 2695 4677 2965 4731; x_wconf 86' lang='grc' dir='ltr'>ἀντίδοσιν</span> <span class='ocrx_word' id='word_1_722' title='bbox 2991 4677 3104 4737; x_wconf 85' lang='grc' dir='ltr'>τοῖς</span> <span class='ocrx_word' id='word_1_723' title='bbox 3132 4674 3415 4726; x_wconf 75' lang='grc' dir='ltr'>ἐπαΐουσιν</span> <span class='ocrx_word' id='word_1_724' title='bbox 3437 4670 3698 4737; x_wconf 78' lang='grc' dir='ltr'>ὁπότερον</span> 
     </span>
    </p>
   </div>
   <div class='ocr_carea' id='block_1_104' title="bbox 2120 4761 3698 4837">
    <p class='ocr_par' dir='ltr' id='par_1_104' title="bbox 2120 4761 3698 4837">
     <span class='ocr_line' id='line_1_104' title="bbox 2120 4761 3698 4837; baseline -0.01 -11"><span class='ocrx_word' id='word_1_725' title='bbox 2120 4771 2559 4836; x_wconf 74' lang='grc' dir='ltr'>ταλαντεΰσειεν,</span> <span class='ocrx_word' id='word_1_726' title='bbox 2588 4769 2731 4824; x_wconf 77' lang='grc' dir='ltr'>οὕτω</span> <span class='ocrx_word' id='word_1_727' title='bbox 2765 4767 2941 4822; x_wconf 76' lang='grc' dir='ltr'>καὶτὸ</span> <span class='ocrx_word' id='word_1_728' title='bbox 2969 4768 3069 4837; x_wconf 79' lang='grc' dir='ltr'>τῆς</span> <span class='ocrx_word' id='word_1_729' title='bbox 3099 4764 3434 4825; x_wconf 77' lang='grc' dir='ltr'>παιδεύσεως</span> <span class='ocrx_word' id='word_1_730' title='bbox 3461 4761 3698 4823; x_wconf 80' lang='grc' dir='ltr'>ἐντελὲς,</span> 
     </span>
    </p>
   </div>
   <div class='ocr_carea' id='block_1_105' title="bbox 2115 4848 3701 4935">
    <p class='ocr_par' dir='ltr' id='par_1_105' title="bbox 2115 4848 3701 4935">
     <span class='ocr_line' id='line_1_105' title="bbox 2115 4848 3701 4935; baseline -0.011 -16"><span class='ocrx_word' id='word_1_731' title='bbox 2115 4865 2391 4935; x_wconf 74' lang='grc' dir='ltr'>ἑκατέρας</span> <span class='ocrx_word' id='word_1_732' title='bbox 2420 4862 2558 4932; x_wconf 65' lang='grc' dir='ltr'>πρδς</span> <span class='ocrx_word' id='word_1_733' title='bbox 2585 4858 2936 4914; x_wconf 76' lang='grc' dir='ltr'>διδασκαλίαν</span> <span class='ocrx_word' id='word_1_734' title='bbox 2968 4857 3241 4927; x_wconf 82' lang='grc' dir='ltr'>προσήκει</span> <span class='ocrx_word' id='word_1_735' title='bbox 3270 4854 3460 4924; x_wconf 83' lang='grc' dir='ltr'>φέρειν</span> <span class='ocrx_word' id='word_1_736' title='bbox 3487 4851 3586 4921; x_wconf 75' lang='grc' dir='ltr'>τὴν</span> <span class='ocrx_word' id='word_1_737' title='bbox 3616 4848 3701 4901; x_wconf 74' lang='grc' dir='ltr'>εί-</span> 
     </span>
    </p>
   </div>
   <div class='ocr_carea' id='block_1_106' title="bbox 2121 4942 3697 5028">
    <p class='ocr_par' dir='ltr' id='par_1_106' title="bbox 2121 4942 3697 5028">
     <span class='ocr_line' id='line_1_106' title="bbox 2121 4942 3697 5028; baseline -0.012 -16"><span class='ocrx_word' id='word_1_738' title='bbox 2121 4959 2298 5028; x_wconf 79' lang='grc' dir='ltr'>δησιν.</span> <span class='ocrx_word' id='word_1_739' title='bbox 2324 4955 2434 5025; x_wconf 82' lang='grc' dir='ltr'><strong>Οὐχ</strong></span> <span class='ocrx_word' id='word_1_740' title='bbox 2457 4956 2540 5007; x_wconf 81' lang='grc' dir='ltr'>ὅτι</span> <span class='ocrx_word' id='word_1_741' title='bbox 2563 4950 2886 5023; x_wconf 76' lang='grc' dir='ltr'>παράλληλα</span> <span class='ocrx_word' id='word_1_742' title='bbox 2905 4948 3129 5017; x_wconf 88' lang='grc' dir='ltr'>τίθεμεν</span> <span class='ocrx_word' id='word_1_743' title='bbox 3149 4947 3338 5016; x_wconf 71' lang='grc' dir='ltr'>ἄμφω,</span> <span class='ocrx_word' id='word_1_744' title='bbox 3367 4944 3441 5013; x_wconf 85' lang='grc' dir='ltr'>μὴ</span> <span class='ocrx_word' id='word_1_745' title='bbox 3464 4942 3697 5011; x_wconf 86' lang='grc' dir='ltr'>γένοιτο·</span> 
     </span>
    </p>
   </div>
   <div class='ocr_carea' id='block_1_107' title="bbox 2123 5032 3703 5118">
    <p class='ocr_par' dir='ltr' id='par_1_107' title="bbox 2123 5032 3703 5118">
     <span class='ocr_line' id='line_1_107' title="bbox 2123 5032 3703 5118; baseline -0.013 -15"><span class='ocrx_word' id='word_1_746' title='bbox 2123 5051 2184 5103; x_wconf 78' lang='grc' dir='ltr'><strong>ού</strong></span> <span class='ocrx_word' id='word_1_747' title='bbox 2206 5048 2316 5118; x_wconf 80' lang='grc' dir='ltr'>γὰρ</span> <span class='ocrx_word' id='word_1_748' title='bbox 2347 5045 2644 5116; x_wconf 81' lang='grc' dir='ltr'>ἐφάμιλλος</span> <span class='ocrx_word' id='word_1_749' title='bbox 2672 5043 2928 5113; x_wconf 80' lang='grc' dir='ltr'>δεσποίνῃ</span> <span class='ocrx_word' id='word_1_750' title='bbox 2954 5039 3283 5111; x_wconf 77' lang='grc' dir='ltr'>θεράπαινα,</span> <span class='ocrx_word' id='word_1_751' title='bbox 3308 5035 3430 5089; x_wconf 83' lang='grc' dir='ltr'>οὐδέ</span> <span class='ocrx_word' id='word_1_752' title='bbox 3461 5033 3535 5104; x_wconf 83' lang='grc' dir='ltr'>μὴ</span> <span class='ocrx_word' id='word_1_753' title='bbox 3567 5032 3703 5101; x_wconf 82' lang='grc' dir='ltr'>κλη-</span> 
     </span>
    </p>
   </div>
   <div class='ocr_carea' id='block_1_108' title="bbox 2129 5119 3702 5210">
    <p class='ocr_par' dir='ltr' id='par_1_108' title="bbox 2129 5119 3702 5210">
     <span class='ocr_line' id='line_1_108' title="bbox 2129 5119 3702 5210; baseline -0.013 -18"><span class='ocrx_word' id='word_1_754' title='bbox 2129 5138 2422 5210; x_wconf 82' lang='grc' dir='ltr'>ρονομήσει</span> <span class='ocrx_word' id='word_1_755' title='bbox 2461 5137 2489 5188; x_wconf 85' lang='grc' dir='ltr'>ὁ</span> <span class='ocrx_word' id='word_1_756' title='bbox 2526 5133 2641 5197; x_wconf 83' lang='grc' dir='ltr'>υἱὸς</span> <span class='ocrx_word' id='word_1_757' title='bbox 2685 5132 2783 5202; x_wconf 82' lang='grc' dir='ltr'>τῆς</span> <span class='ocrx_word' id='word_1_758' title='bbox 2816 5129 3107 5198; x_wconf 84' lang='grc' dir='ltr'>παιδίσκης</span> <span class='ocrx_word' id='word_1_759' title='bbox 3138 5125 3278 5197; x_wconf 86' lang='grc' dir='ltr'><strong>μετά</strong></span> <span class='ocrx_word' id='word_1_760' title='bbox 3314 5123 3406 5177; x_wconf 78' lang='grc' dir='ltr'><strong>τοῦ</strong></span> <span class='ocrx_word' id='word_1_761' title='bbox 3452 5120 3569 5176; x_wconf 82' lang='grc' dir='ltr'>υἱοῦ</span> <span class='ocrx_word' id='word_1_762' title='bbox 3602 5119 3702 5190; x_wconf 77' lang='grc' dir='ltr'>τῆς</span> 
     </span>
    </p>
   </div>
   <div class='ocr_carea' id='block_1_109' title="bbox 2125 5213 3705 5300">
    <p class='ocr_par' dir='ltr' id='par_1_109' title="bbox 2125 5213 3705 5300">
     <span class='ocr_line' id='line_1_109' title="bbox 2125 5213 3705 5300; baseline -0.012 -17"><span class='ocrx_word' id='word_1_763' title='bbox 2125 5228 2439 5300; x_wconf 81' lang='grc' dir='ltr'>ἐλευθέρας,</span> <span class='ocrx_word' id='word_1_764' title='bbox 2489 5225 2576 5279; x_wconf 76' lang='grc' dir='ltr'>ἵνα</span> <span class='ocrx_word' id='word_1_765' title='bbox 2619 5223 2715 5277; x_wconf 77' lang='grc' dir='ltr'>καὶ</span> <span class='ocrx_word' id='word_1_766' title='bbox 2766 5222 2872 5273; x_wconf 81' lang='grc' dir='ltr'><strong>τῶν</strong></span> <span class='ocrx_word' id='word_1_767' title='bbox 2908 5220 3045 5291; x_wconf 79' lang='grc' dir='ltr'>πρὸς</span> <span class='ocrx_word' id='word_1_768' title='bbox 3104 5217 3356 5288; x_wconf 69' lang='grc' dir='ltr'>Ἀϐραὰμ</span> <span class='ocrx_word' id='word_1_769' title='bbox 3399 5213 3705 5287; x_wconf 83' lang='grc' dir='ltr'>λεχθέντων</span> 
     </span>
    </p>
   </div>
   <div class='ocr_carea' id='block_1_110' title="bbox 453 5301 2003 5394">
    <p class='ocr_par' dir='ltr' id='par_1_110' title="bbox 453 5326 1998 5388">
     <span class='ocr_line' id='line_1_110' title="bbox 453 5326 1998 5388; baseline -0.001 -7"><span class='ocrx_word' id='word_1_770' title='bbox 453 5326 593 5383; x_wconf 77' lang='lat' dir='ltr'><strong>xerit</strong></span> <span class='ocrx_word' id='word_1_771' title='bbox 629 5342 647 5383; x_wconf 91' lang='lat'><strong>:</strong></span> <span class='ocrx_word' id='word_1_772' title='bbox 679 5342 779 5385; x_wconf 86' lang='lat' dir='ltr'><strong>nec</strong></span> <span class='ocrx_word' id='word_1_773' title='bbox 809 5344 942 5385; x_wconf 88' lang='lat' dir='ltr'><strong>vero</strong></span> <span class='ocrx_word' id='word_1_774' title='bbox 976 5329 1117 5385; x_wconf 80' lang='lat' dir='ltr'><strong>ﬁlius</strong></span> <span class='ocrx_word' id='word_1_775' title='bbox 1168 5329 1378 5385; x_wconf 71' lang='lat' dir='ltr'><strong>ancilla:</strong></span> <span class='ocrx_word' id='word_1_776' title='bbox 1429 5343 1549 5384; x_wconf 83' lang='lat' dir='ltr'><strong>cum</strong></span> <span class='ocrx_word' id='word_1_777' title='bbox 1588 5326 1697 5382; x_wconf 86' lang='lat' dir='ltr'><strong>lilio</strong></span> <span class='ocrx_word' id='word_1_778' title='bbox 1731 5327 1937 5388; x_wconf 75' lang='lat' dir='ltr'><strong>liberte,</strong></span> <span class='ocrx_word' id='word_1_779' title='bbox 1967 5341 1998 5380; x_wconf 77' lang='lat' dir='ltr'><strong>tt</strong></span> 
     </span>
    </p>
   </div>
   <div class='ocr_carea' id='block_1_111' title="bbox 2111 5301 3705 5394">
    <p class='ocr_par' dir='ltr' id='par_1_111' title="bbox 2131 5301 3705 5394">
     <span class='ocr_line' id='line_1_111' title="bbox 2131 5301 3705 5394; baseline -0.011 -17"><span class='ocrx_word' id='word_1_780' title='bbox 2131 5321 2377 5394; x_wconf 80' lang='grc' dir='ltr'>μνησθῶ.</span> <span class='ocrx_word' id='word_1_781' title='bbox 2411 5321 2578 5383; x_wconf 69' lang='lat' dir='ltr'><strong>&quot;Quo;</strong></span> <span class='ocrx_word' id='word_1_782' title='bbox 2623 5317 2729 5388; x_wconf 78' lang='grc' dir='ltr'><strong>γάιρ</strong></span> <span class='ocrx_word' id='word_1_783' title='bbox 2770 5314 2899 5385; x_wconf 85' lang='grc' dir='ltr'>περί</span> <span class='ocrx_word' id='word_1_784' title='bbox 2936 5330 2996 5367; x_wconf 83' lang='grc' dir='ltr'><strong>τε</strong></span> <span class='ocrx_word' id='word_1_785' title='bbox 3031 5308 3429 5382; x_wconf 78' lang='grc' dir='ltr'>γραμματικὴν</span> <span class='ocrx_word' id='word_1_786' title='bbox 3463 5301 3569 5378; x_wconf 75' lang='grc' dir='ltr'>ἦν,</span> <span class='ocrx_word' id='word_1_787' title='bbox 3606 5303 3705 5359; x_wconf 77' lang='grc' dir='ltr'>καὶ</span> 
     </span>
    </p>
   </div>
   <div class='ocr_carea' id='block_1_112' title="bbox 518 5553 3215 5647">
    <p class='ocr_par' dir='ltr' id='par_1_112' title="bbox 518 5553 3215 5647">
     <span class='ocr_line' id='line_1_112' title="bbox 518 5553 3215 5647; baseline -0.007 -19"><span class='ocrx_word' id='word_1_788' title='bbox 518 5570 598 5647; x_wconf 70' lang='lat' dir='ltr'><strong>ut)</strong></span> <span class='ocrx_word' id='word_1_789' title='bbox 631 5570 683 5627; x_wconf 87' lang='lat' dir='ltr'><strong>ln</strong></span> <span class='ocrx_word' id='word_1_790' title='bbox 726 5585 790 5627; x_wconf 86' lang='lat' dir='ltr'><strong>eo</strong></span> <span class='ocrx_word' id='word_1_791' title='bbox 833 5572 1158 5629; x_wconf 85' lang='lat' dir='ltr'><strong>monasterio</strong></span> <span class='ocrx_word' id='word_1_792' title='bbox 1210 5570 1365 5629; x_wconf 77' lang='lat' dir='ltr'><strong>exsul</strong></span> <span class='ocrx_word' id='word_1_793' title='bbox 1434 5570 1587 5640; x_wconf 77' lang='lat' dir='ltr'><strong>\‘ixil,</strong></span> <span class='ocrx_word' id='word_1_794' title='bbox 1672 5576 1919 5626; x_wconf 86' lang='lat' dir='ltr'><strong>mortuus</strong></span> <span class='ocrx_word' id='word_1_795' title='bbox 1970 5576 2021 5623; x_wconf 87' lang='lat' dir='ltr'><strong>et</strong></span> <span class='ocrx_word' id='word_1_796' title='bbox 2061 5564 2307 5638; x_wconf 85' lang='lat' dir='ltr'><strong>sepultus</strong></span> <span class='ocrx_word' id='word_1_797' title='bbox 2336 5572 2444 5633; x_wconf 87' lang='lat' dir='ltr'><strong>est,</strong></span> <span class='ocrx_word' id='word_1_798' title='bbox 2475 5560 2609 5617; x_wconf 91' lang='lat' dir='ltr'><strong>utin</strong></span> <span class='ocrx_word' id='word_1_799' title='bbox 2643 5558 2814 5615; x_wconf 82' lang='lat' dir='ltr'><strong>altera</strong></span> <span class='ocrx_word' id='word_1_800' title='bbox 2846 5556 2967 5612; x_wconf 81' lang='lat' dir='ltr'><strong>Vita</strong></span> <span class='ocrx_word' id='word_1_801' title='bbox 2996 5553 3215 5612; x_wconf 87' lang='lat' dir='ltr'><strong>dicitur.</strong></span> 
     </span>
    </p>
   </div>
  </div>
