3948 6154
249 298 323 368 57
650 332 653 335 -
1510 312 1515 317 '
1769 312 1808 372 ν

249 416 321 471 τὰ
352 414 495 489 μέρη
525 414 735 489 ταύτης
764 417 860 475 καὶ
882 416 1090 490 ὄργανα
1108 458 1123 483 ,
1142 420 1243 489 ὑφ’
1273 413 1347 474 ὧν
1372 420 1435 474 τὸ
1460 423 1559 492 τῆς
1590 437 1807 491 συγγρα

1937 424 2165 482 Abrahae
2229 426 2371 484 dicta
2423 439 2867 489 commemorem,
2925 425 3098 480 haeres
3152 425 3493 485 exstiterit‘.

254 508 358 579 φῆς
373 507 556 580 όρθδν,
576 510 671 563 καὶ
695 510 793 581 μὴ,
807 510 1166 582 διακρίνεται,
1187 513 1281 565 καὶ
1295 513 1327 581 ἡ
1342 511 1586 582 Ἑλληνὶς
1608 513 1813 581 γλῶσσα

1937 516 2181 579 Quantus
2213 530 2378 586 porro
2410 516 2462 571 in
2488 516 2839 587 grammatica
2870 514 3098 584 ejusque
3141 515 3390 584 partibus
3440 527 3496 573 et

253 599 562 666 εὐθύνεται,
593 601 693 655 καὶ
717 603 753 672 ἡ
781 603 891 658 τῶν
922 604 1138 675 μέτρων
1166 602 1324 669 βάσις
1357 603 1700 676 ῥυθμίζεται,
1736 605 1812 658 κα¹

1940 606 2278 662 adminiculis
2322 618 2491 674 esset,
2541 607 2739 678 quibus
2789 614 2959 671 recta,
3015 607 3082 659 ab
3112 619 3176 660 ea
3219 620 3337 674 qua:
3366 608 3499 661 vitio

253 691 436 755 αὐτοῖς
452 692 590 760 γοῦν
605 694 722 756 τοῖς
738 693 831 747 καὶ
850 694 1084 765 μετρίως
1101 696 1203 765 τῆς
1224 696 1419 767 τέχνης
1439 696 1812 765 ἐπισταμένοις

1937 695 2161 761 laborat,
2194 697 2465 753 scribemli
2489 697 2980 761 ratiodiscemitur,
3009 696 3297 765 linguaque
3311 695 3496 750 Grates

254 784 563 856 καθέστηκε
589 785 892 857 γνώριμον.
912 789 1077 852 Ὄσος
1092 806 1152 842 τε
1178 791 1304 862 περί
1325 788 1424 857 τὴν
1448 787 1558 841 τῶν
1583 789 1813 858 ρητόρωι

1940 787 2333 856 corrigitur,ac
2365 787 2666 841 carminum
2697 787 2842 840 basis
2878 785 3174 855 regulatur,
3201 786 3268 839 iis
3294 786 3499 855 perspi-

254 876 426 946 ἔτράνη
445 875 826 947 πολύφθογγον
849 879 1131 948 φόρμιγγα
1153 878 1394 949 ἡδυεπὴς
1422 876 1518 930 καὶ
1543 875 1805 946 μειλίχιος

1941 893 2031 934 aue
2065 889 2250 933 notum
2287 881 2364 944 fit,
2387 880 2477 949 qui
2508 878 2591 933 vel
2620 878 2891 933 modicum
2926 891 3046 931 eam
3091 887 3262 931 artem
3297 877 3500 931 callue-

254 968 316 1021 οὐ
333 967 573 1039 χαλεπὸν
591 970 845 1022 συνιδεῖν·
864 969 925 1023 τὸ
939 971 1048 1041 γὰρ
1066 968 1608 1040 κατεγλωττισμένον
1626 967 1813 1038 ταύτης

1938 971 2062 1025 rint.
2096 972 2264 1038 Quam
2296 973 2463 1027 etiam
2505 972 2853 1025 multisonam
2893 969 3174 1025 rhetorum
3231 969 3497 1024 citharam

257 1060 355 1115 καὶ
378 1061 558 1127 λάλον,
591 1062 689 1115 καὶ
714 1062 842 1115 ὅσον
885 1061 1208 1133 σοφιστικὴν
1246 1062 1501 1115 ἀπονεύει
1547 1062 1816 1131 είκαιομυι

1941 1072 2187 1134 tangens,
2224 1065 2411 1118 suavis
2436 1064 2618 1117 verbis
2655 1071 2805 1117 esset
2840 1076 2903 1117 ae
2943 1062 3114 1115 dulcis
3147 1060 3382 1129 eloquio,
3421 1059 3500 1113 fa-

258 1148 380 1204 θιαν
406 1169 467 1204 τε
494 1153 601 1205 καὶ
628 1151 942 1223 φληναφίαν
975 1153 1391 1224 παρωσάμενος,
1426 1153 1494 1206 δι’
1521 1150 1817 1221 εὐκρινείας

1941 1156 2036 1211 cile
2067 1155 2244 1225 quivis
2284 1155 2577 1223 perspiciat
2607 1171 2622 1208 :
2652 1151 2978 1223 superfluam
3006 1167 3238 1221 namque
3269 1148 3500 1220 garruli-

254 1256 316 1296 τε
342 1243 437 1296 καὶ
461 1244 840 1317 καθαρότητος
886 1244 947 1298 τὸ
970 1244 1076 1315 τῆς
1101 1244 1376 1316 συνθήκης
1403 1244 1501 1316 ἡδὺ
1524 1243 1618 1298 καὶ
1643 1241 1813 1314 χαρίει

1941 1257 2099 1304 tatem
2128 1262 2191 1302 ac
2220 1247 2509 1302 verborum
2538 1245 2856 1314 iactantiam
2887 1253 2941 1299 et
2963 1244 3221 1313 quidquid
3269 1243 3500 1311 denique

255 1334 598 1406 ιπετήδευεν.
820 1328 823 1329 ⁷
1196 1398 1205 1409 ξ

1939 1339 1998 1393 ad
2033 1338 2397 1407 sophistarum
2442 1337 2652 1405 ineptas
2708 1333 2957 1388 lli-tiones
3015 1348 3075 1387 ac
3111 1347 3279 1402 nugas
3304 1331 3498 1399 vergit,

1933 1432 2121 1501 procul
2166 1431 2233 1483 ab
2267 1429 2517 1483 oratione
2563 1427 2874 1490 elimiuans,
2917 1440 2982 1480 ex
3036 1424 3388 1479 distinctione
3437 1435 3502 1475 ac

1934 1524 2171 1592 puritate
2197 1520 2606 1592 compositionis
2651 1518 2990 1574 dulcedinem
3038 1518 3378 1589 gratiamque
3404 1528 3501 1572 ea-

1935 1614 2140 1681 plaltal.

328 1696 412 1753 ιε’.
441 1699 580 1767 Περί
604 1715 666 1751 τε
695 1697 794 1768 τὴν
813 1696 913 1768 τῆς
940 1693 1331 1767 μαθηματικῆς
1353 1692 1692 1764 τετρακτύος
1709 1692 1835 1746 ἀνά·
1866 1754 1887 1805 Ι

2010 1702 2096 1756 l5.
2159 1701 2308 1768 Quod
2360 1711 2540 1755 autem
2583 1703 2649 1753 ad
2692 1698 3066 1770 quadruplicis
3105 1694 3501 1752 mathematica

256 1788 442 1861 ληψιν,
474 1788 601 1859 ἥτις
645 1789 709 1840 ὲκ
759 1789 1194 1858 πεπερασμένων
1246 1788 1485 1859 συνεχῶν
1523 1788 1617 1842 καὶ
1667 1804 1815 1841 πεπε·

1942 1792 2341 1861 perceptionem
2361 1791 2574 1854 attinet,
2602 1807 2722 1860 qua:
2746 1806 2809 1844 ex
2837 1790 3083 1844 terminis
3104 1788 3376 1843 coutinuis
3391 1786 3501 1841 dis-

256 1879 548 1953 ρασμένων
602 1877 984 1947 διωρισμένων
1032 1875 1131 1948 τὴν
1187 1876 1448 1931 σύστασιν
1492 1875 1717 1946 εἴληφεν
1758 1874 1815 1945 (ἱ

1942 1885 2210 1954 crctisque
2238 1893 2448 1938 constat
2487 1884 2615 1953 (aut
2640 1885 2783 1936 enim
2809 1891 3058 1936 movetur
3087 1894 3176 1935 res
3202 1881 3501 1933 matbema-

256 1971 365 2041 γὰρ
396 1972 636 2024 κινεῖται
665 1969 764 2021 καὶ
787 1969 933 2021 ποιεῖ
963 1967 1062 2038 τὴν
1090 1967 1481 2039 ἀστρονομίαψ
1510 1965 1545 2037 ἦ
1574 1964 1815 2036 ἀκίνητός

1942 1977 2064 2043 lica,
2106 1974 2342 2045 facitque
2379 1973 2760 2029 astronomiam
2795 1992 2808 2027 :
2841 1986 2935 2026 aut
2964 1983 3046 2026 est
3069 1969 3389 2032 immobilis.
3437 1982 3501 2021 ac

253 2064 392 2123 ἐστι.
424 2064 522 2116 καὶ
552 2061 825 2131 ποιεῖτὴν
864 2060 1211 2130 γεωμετρίαν
1234 2076 1248 2092 ο
1286 2060 1319 2131 ἦ
1352 2058 1513 2112 πάλιν
1556 2060 1614 2111 ὲν
1650 2056 1808 2126 σχέσε

1941 2065 2288 2136 geometriam
2333 2064 2612 2120 constituit
2648 2082 2662 2119 :
2697 2073 2792 2118 aut
2833 2064 3028 2117 iterum
3064 2061 3116 2115 in
3151 2059 3500 2130 proportione

254 2154 548 2224 τυγχάνει,
587 2152 683 2205 καὶ
713 2154 861 2205 ποιεί
880 2152 980 2220 τῆν
1017 2152 1287 2221 μουσικήν
1313 2164 1327 2179 ο
1360 2149 1392 2221 ἢ
1429 2148 1656 2218 ἄσχετός
1684 2148 1813 2198 ἐστι.

1938 2164 2190 2223 certaque
2221 2152 2631 2223 comparatione
2662 2153 2904 2216 exsistit,
2937 2166 3001 2205 ae
3033 2151 3295 2205 musiCam
3330 2147 3497 2208 facit;

254 2246 347 2300 καὶ
373 2247 524 2298 ποιεῖ
547 2245 647 2314 τὴν
683 2242 1053 2315 ἀριθμητικὴν
1071 2242 1114 2313 ),
1155 2241 1249 2294 ἐπὶ
1290 2240 1544 2293 τοσοῦτον
1570 2233 1725 2300 οὗτος
1762 2237 1810 2290 δι

1945 2253 2031 2301 aut
2060 2245 2292 2314 denique
2317 2244 2663 2314 proportione
2698 2243 2962 2314 ejusmodi
2994 2240 3169 2296 soluta
3226 2249 3310 2293 est
3342 2249 3504 2306 atque

254 2336 575 2406 ὶπιμελείας
618 2334 846 2403 ἀφίκετο
866 2373 880 2395 ,
912 2334 989 2394 ὡς
1035 2333 1157 2386 ἀντὶ
1194 2333 1410 2386 πάντων
1442 2330 1523 2393 ἓν,
1567 2330 1665 2383 καὶ
1709 2328 1813 2382 ἀντ¹

1942 2338 2125 2402 libera,
2142 2345 2307 2406 atque
2328 2335 2727 2389 arithmeticam
2757 2331 2977 2402 eﬂicit),
3002 2334 3137 2387 adeo
3156 2332 3243 2386 hic
3262 2332 3501 2402 graviter

254 2429 375 2489 ινδς
415 2427 635 2481 ᾶπαντα
666 2426 998 2496 ὲξασκήσας,
1028 2426 1086 2478 ὲν
1116 2425 1254 2477 πᾶσι
1285 2425 1346 2477 τὸ
1376 2423 1643 2492 πρωτεῖον
1675 2419 1813 2489 πορί

1941 2431 1988 2484 in
2018 2444 2079 2483 ea
2110 2429 2209 2482 fuit
2243 2427 2597 2490 exercitatus,
2625 2435 2682 2481 ut
2716 2442 2879 2479 unuut
2918 2425 3064 2480 velut
3086 2426 3267 2480 omnia
3292 2425 3500 2481 colens.

257 2519 474 2574 σασθαι.
513 2519 796 2589 Μουσικὴν
824 2519 882 2572 δὲ
921 2517 1200 2588 ἡρμόσατο
1232 2514 1402 2585 λύραν
1438 2515 1537 2583 οὐχ
1574 2513 1690 2566 οἵαν
1721 2514 1816 2564 Πυ·

1943 2518 2223 2588 omniaque
2253 2527 2311 2572 ut
2333 2533 2520 2581 unum,
2548 2517 2600 2569 in
2629 2516 2898 2570 universis
2927 2516 3127 2584 primas
3153 2514 3341 2568 ferret.
3388 2513 3502 2567 Mu-

254 2609 497 2680 θαγόρας
516 2613 546 2662 ό
575 2611 799 2677 Σάμιος,
821 2610 919 2677 οὐχ
943 2609 1062 2660 οἷαν
1080 2609 1108 2661 ὁ
1133 2606 1408 2677 ἀπατηλὸς
1444 2602 1811 2676 ’Δριστόξενος

1944 2616 2099 2667 sicam
2136 2629 2263 2667 vero
2292 2613 2466 2684 lyram
2516 2610 2742 2678 aptavit,
2773 2623 2878 2661 non
2907 2606 3125 2676 qualem
3163 2604 3503 2675 Pythagoras

257 2700 467 2769 μᾶλλον
499 2700 560 2753 δὲ
605 2701 706 2771 τὴν
752 2700 951 2753 ἑκατὸν
992 2698 1088 2751 καὶ
1113 2695 1647 2767 πεντηκοντάχορδον
1671 2709 1687 2727 ο
1741 2692 1816 2746 κα¹

1945 2707 2154 2762 Samius
2173 2721 2275 2761 nee
2312 2704 2463 2773 quasi
2515 2702 2781 2757 seductor
2808 2700 3209 2764 Aristoxenus;
3261 2696 3356 2751 sed
3404 2712 3504 2748 no-

253 2792 461 2862 ταύτην
492 2791 712 2862 κρούων
747 2791 834 2844 ἀεὶ
856 2828 871 2853 ,
911 2789 1022 2843 τῶν
1064 2789 1322 2856 ὑπηκόων
1360 2788 1492 2839 ποτὲ
1534 2785 1707 2839 Σαοὺλ
1734 2785 1812 2856 ei;

1947 2799 2181 2852 bilibrem
2241 2796 2387 2850 illam
2440 2804 2656 2847 centum
2703 2807 2767 2848 ae
2821 2788 3210 2860 quinquaginta
3270 2785 3506 2839 chorda-

254 2884 409 2936 νόσον
436 2880 688 2950 ἀπήλασε
707 2918 722 2943 ,
750 2880 847 2932 καὶ
874 2878 968 2931 τὸν
1001 2878 1284 2948 ὠμότατον
1312 2875 1593 2944 τύραννον,
1623 2873 1700 2944 τῷ
1736 2874 1813 2942 τῆς

1945 2906 2077 2951 rum.
2102 2903 2421 2957 semperque
2460 2902 2583 2939 eum
2633 2884 2858 2952 pulsans
2899 2881 3166 2941 morbum,
3214 2891 3324 2945 quo
3377 2872 3504 2929 Saul

256 2973 582 3038 κακοδοξίας
597 2970 1002 3039 καταγχόμενον
1016 2968 1310 3039 πνεύματι,
1326 2969 1422 3019 καὶ
1442 2965 1815 3036 ἀμεταμέλητα

1947 2981 2203 3050 quondam
2246 2979 2610 3040 laboraverat,
2664 2989 2693 3027 a
2743 2971 2974 3027 subditis
3019 2967 3250 3038 depulit;
3310 2966 3506 3033 ipsum-

256 3062 401 3117 κατά
446 3061 551 3130 τῆς
584 3060 823 3132 Χριστοῦ
869 3060 1181 3130 οἰκονομίας
1214 3060 1721 3129 ὲμπαροινήσαντα,
1759 3050 1815 3123 ᾠη

1947 3087 2045 3141 que
2074 3068 2508 3124 crudelissimum
2552 3078 2840 3137 tyranuum
2863 3061 3071 3115 erroris
3116 3057 3330 3127 spiritui
3355 3069 3506 3108 man-

258 3152 528 3208 κειώσατο
556 3152 679 3223 μὲν,
712 3155 812 3223 τῆς
840 3152 896 3206 δὲ
922 3151 1116 3206 τούτου
1144 3150 1323 3223 λύμης
1350 3150 1412 3203 τὸ
1440 3149 1691 3219 ποίμνιον
1725 3148 1817 3201 διει

1945 3167 2177 3231 eipatum
2200 3168 2363 3229 atque
2387 3159 2648 3211 adversus
2670 3154 2870 3209 Christi
2899 3150 3165 3206 incantati
3191 3149 3504 3218 mysterium

260 3241 496 3297 σώεσκον
1938 3250 2364 3307 obstinatissime
2423 3246 2807 3308 insanientem,
2887 3241 3156 3308 deliuivit,
3188 3250 3243 3294 et
3285 3240 3353 3291 ab
3387 3236 3508 3305 ejus

1941 3345 2029 3399 lue
2060 3342 2381 3397 incolumem
2407 3338 2745 3394 conservavit
2775 3350 3025 3406 gregem:

328 3425 426 3483 ις’.
448 3417 694 3481 Ταύταις
722 3422 841 3482 ταῖς
870 3418 1134 3489 τέσσαρσι
1160 3420 1510 3492 θεραπαινίσι
1537 3419 1638 3488 τῆς
1668 3418 1838 3481 ὅντως

2012 3433 2100 3489 l6.
2136 3434 2227 3488 llis
2250 3442 2428 3487 autem
2458 3438 2691 3499 quatuor
2713 3444 2854 3482 verte
2878 3427 3123 3481 scientiae
3143 3422 3361 3479 ancillis
3381 3437 3505 3475 cum

263 3513 574 3581 ἐπιστήμης
603 3512 1008 3583 προσομιλήσας
1035 3513 1371 3580 σαφέστατα,
1400 3513 1492 3566 ἐπὶ
1514 3512 1613 3581 τὴν
1632 3511 1822 3564 τούτωη

1950 3545 2156 3598 Operam
2184 3525 2653 3596 diligentissimam
2677 3523 2932 3586 dedisset,
2955 3520 3021 3574 ad
3053 3521 3224 3588 ipsam
3249 3517 3509 3583 deinceps

260 3602 577 3665 δέσποιναν,
608 3603 710 3673 τὴν
742 3603 1063 3672 φιλοσοφίαν
1098 3604 1240 3673 φημὶ
1261 3643 1276 3668 ,
1310 3606 1404 3657 καὶ
1437 3603 1505 3656 τά
1533 3603 1737 3672 ταύτης
1780 3604 1819 3655 ὲὲ

1949 3623 2238 3684 dominam,
2261 3619 2654 3688 philosophiam
2677 3631 2890 3684 nempe,
2913 3616 3137 3683 ejusque
3152 3620 3415 3682 praecepta
3446 3625 3508 3663 ac

263 3696 478 3765 ἑτοίμου
525 3694 778 3748 ὲὸἀδισεν
825 3695 1079 3759 ἀπλανῶς
1126 3695 1479 3765 θεωρήματα.
1525 3696 1683 3758 Τίνες
1729 3694 1822 3764 γὰε

1952 3712 2365 3784 speeulatioues,
2391 3711 2532 3765 facili
2559 3722 2819 3778 certoque
2851 3708 3116 3775 processit
3143 3704 3355 3756 itinere.
3381 3699 3511 3764 Qui-

265 3787 374 3856 ὃροι
400 3788 609 3857 ταύτης
626 3788 723 3840 καὶ
752 3788 930 3851 πόσοι,
960 3787 1220 3851 ἐπιεικῶς
1246 3787 1613 3857 ἠκριϐὡσατο,
1633 3787 1729 3840 καὶ
1756 3789 1824 3849 τίς

1951 3820 2068 3857 nam
2099 3803 2245 3857 enim
2274 3818 2338 3855 ae
2361 3801 2548 3870 quanti
2578 3800 2695 3865 eius
2738 3797 2955 3852 termini
2987 3796 3120 3857 sint,
3154 3803 3406 3847 accurate
3437 3790 3510 3844 ri-

269 3878 466 3949 ἰδιότης
498 3879 716 3943 αὐτῶν,
768 3881 919 3940 ποῖος
948 3877 1254 3941 ὑπόκειται,
1286 3880 1382 3931 καὶ
1410 3878 1460 3932 τί
1497 3878 1558 3932 τὸ
1605 3895 1828 3949 κατηγο.

1951 3902 2146 3956 matus;
2186 3905 2431 3959 quamam
2465 3893 2535 3943 sit
2579 3891 2789 3942 illorunt
2820 3886 3156 3955 proprietas;
3195 3883 3318 3953 quis
3340 3879 3510 3945 subji-

269 3969 552 4039 ρούμενον.
591 3970 691 4022 καὶ
712 3969 872 4022 τοῦτο
907 3968 1015 4038 ἀρα
1046 3969 1190 4022 κατά
1219 3971 1440 4033 παντὸς,
1470 3970 1503 4041 ἢ
1536 3970 1768 4034 οὐδενὸς,

1948 3981 2138 4045 εἰειιιιτ,
2166 3980 2366 4048 quidve
2396 3979 2468 4030 sit
2499 3978 2874 4044 praedicatum,
2905 3980 2965 4025 ttt
2989 3981 3205 4035 vocant,
3245 3977 3405 4037 atque
3456 3969 3507 4020 id

265 4062 319 4113 tv
346 4061 478 4130 ὅλῳ,
510 4061 609 4115 καὶ
635 4059 705 4114 τὰ
733 4061 917 4130 ὅμοια.
956 4060 1021 4113 Τί
1058 4076 1188 4112 ποτε
1221 4060 1280 4113 δὲ
1309 4060 1377 4113 τά
1417 4063 1651 4131 στοιχεῖα
1693 4061 1812 4114 θέλε

1949 4074 2091 4127 aude
2111 4070 2254 4126 omni
2283 4080 2375 4122 aut
2393 4069 2459 4122 de
2485 4065 2650 4126 nullo.
2669 4063 2752 4118 vel
2770 4064 2821 4117 in
2843 4072 3035 4125 totuut,
3060 4071 3113 4113 et
3137 4059 3350 4114 similia.
3370 4056 3508 4125 Quid

261 4150 457 4220 δηλοῦν
479 4150 610 4222 παρ’
632 4153 837 4216 αὐτοῖς,
865 4153 957 4205 καὶ
978 4154 1028 4205 εἰ
1051 4151 1160 4205 τῶν
1185 4152 1430 4220 φυσικῶν
1447 4152 1820 4223 γεωμετρικῶπ

1949 4179 2067 4219 vero
2092 4165 2143 4217 in
2178 4163 2261 4216 his
2293 4160 2396 4214 sibi
2421 4158 2585 4212 velint
2610 4157 2911 4222 elementa;
2952 4167 3015 4204 ac
3040 4166 3164 4204 nttm
3194 4150 3304 4203 sola
3331 4148 3508 4201 nomi-

262 4243 434 4296 ταῦτα
466 4244 635 4313 μόνον
663 4242 947 4312 ὁμώνυμαο
977 4244 1270 4314 προτάσεις
1296 4244 1354 4297 δὲ
1381 4244 1569 4309 πόσαι,
1600 4245 1693 4296 καὶ
1722 4243 1821 4306 πῶς

1947 4259 2024 4311 nis
2055 4253 2433 4309 communione
2463 4266 2582 4303 cum
2617 4249 2684 4303 iis
2733 4247 3099 4309 consentiant,
3136 4257 3253 4310 quae
3280 4239 3506 4311 Physica

264 4336 722 4407 ἀντιστρέφουσιο
766 4335 850 4399 τίς
895 4336 1236 4404 ἀντιφάσεως
1279 4335 1541 4404 δύναμις’
1590 4334 1660 4388 τὰ
1703 4335 1823 4405 πρὸς

1950 4355 2136 4401 vocant
2168 4360 2232 4399 ac
2265 4340 2609 4399 Geometrica
2644 4355 2661 4393 :
2691 4346 2821 4407 quot
2874 4335 3296 4405 propositiones,
3335 4345 3509 4398 quave

264 4426 723 4498 κατηγορούμενα
753 4427 809 4480 δὲ
836 4429 966 4481 ποῖα
985 4468 999 4493 ,
1030 4427 1445 4497 ιττροςςδιορισμολ⁴
1473 4428 1528 4481 δὲ
1553 4428 1719 4491 τίνες,
1746 4428 1823 4479 κα¹

2053 4453 2155 4491 one
2189 4442 2604 4497 convertantur;
2632 4445 2750 4500 qua:
2793 4429 2873 4483 vis
2904 4430 2976 4482 sit
3021 4425 3358 4495 negationis;
3392 4434 3513 4489 ψη
3606 4437 3608 4439 ί

263 4517 401 4571 τίσιν
440 4519 704 4586 ἀναλογεῖ
732 4518 796 4571 τὸ
828 4520 949 4571 κατ’
976 4518 1218 4582 ἐκείνους
1248 4519 1502 4590 ἀόριστον
1523 4560 1536 4583 ,
1565 4519 1757 4588 τρόποι
1786 4519 1822 4571 δί

1955 4528 2107 4582 verba
2139 4524 2476 4581 substantiva
2502 4541 2517 4587 ;
2548 4536 2667 4589 quae
2713 4518 3162 4581 circumstantia,
3208 4529 3273 4568 ac
3313 4513 3514 4582 quibus

268 4611 420 4664 πόσοι
440 4611 557 4663 τῶν
580 4609 977 4680 συλλογισμῶν·
1006 4612 1165 4675 όποῖα
1182 4611 1276 4663 καὶ
1301 4609 1446 4663 πόσα
1469 4610 1536 4663 τὰ
1565 4610 1827 4679 σχήματα

1954 4628 2091 4674 certa
2114 4616 2348 4687 quadam
2388 4614 2602 4668 ratione
2647 4609 3105 4680 preportioueque
3154 4605 3513 4674 respondi-ant

270 4705 415 4765 ποῖος
449 4702 805 4768 ὕποθετικὸς,
837 4705 987 4767 ποῖος
1018 4703 1074 4756 δὲ
1105 4703 1489 4773 κατηγορικδς,
1523 4704 1617 4757 καὶ
1646 4705 1698 4756 τί
1727 4703 1829 4755 δια-

1954 4716 2084 4781 qnod
2118 4711 2170 4763 in
2206 4708 2312 4761 illis
2334 4704 2674 4759 indefinitum
2698 4712 2781 4756 est
2802 4716 2816 4766 ;
2841 4710 2969 4769 quot
2999 4698 3144 4752 tttodi
3174 4696 3513 4769 syllogismo—

270 4795 512 4865 φέρουσι·
547 4795 642 4847 καὶ
676 4795 726 4846 εί
756 4796 966 4857 πάντας
990 4796 1024 4865 ἡ
1058 4795 1139 4858 είς
1167 4794 1426 4848 ἀδύνατον
1452 4793 1723 4865 ἀπαγωγὴ
1757 4794 1829 4863 βει

1954 4819 2098 4868 rttm;
2141 4814 2260 4868 qua:
2295 4813 2357 4852 ac
2401 4804 2619 4865 quantae
2653 4793 2843 4863 figura:
2875 4810 2890 4846 :
2926 4791 3048 4862 quis
3109 4789 3513 4861 ltypollteticus,

270 4884 430 4938 6αιοῖ·
460 4885 611 4946 ὅπως
655 4884 714 4937 δὲ
745 4886 840 4936 καὶ
874 4885 1104 4948 ποσάκις
1130 4885 1302 4938 ταῦτα
1339 4884 1687 4954 κεράννυται,
1725 4883 1829 4944 πῶς

1952 4896 2068 4964 quis
2096 4888 2537 4962 syucatcgoricus
2580 4887 2694 4940 sive
2722 4884 2951 4953 simplex
2982 4884 3077 4942 sit,
3134 4895 3190 4935 et
3240 4880 3511 4949 quomqu

279 4975 708 5044 συμπεραίνεται
770 4975 865 5027 καὶ
920 4975 1244 5029 ἀναλύεται·
1290 4976 1374 5039 τίς
1426 4976 1838 5048 παραλογισμοῦ

1964 4987 2087 5039 tltcr
2118 4985 2185 5037 ab
2210 4983 2384 5036 altero
2423 4979 2834 5046 distinguatur;
2903 4991 3031 5029 num
3066 4975 3192 5027 item
3224 4985 3411 5025 omnes
3443 4985 3518 5021 re-

277 5063 539 5130 σύνθεσις,
569 5066 655 5128 τίς
688 5066 1004 5135 σοφιστικὸς
1031 5068 1123 5119 καὶ
1152 5066 1267 5129 πῶς
1292 5066 1497 5136 ψευδής
1519 5084 1577 5119 τε
1604 5066 1719 5135 ἅμα
1748 5067 1836 5118 καὶ

1955 5077 2238 5138 tinctione,
2291 5088 2454 5140 quam
2510 5078 2738 5133 vocant,
2796 5068 2863 5121 ad
2912 5064 3246 5134 impossibile
3300 5061 3514 5130 probari

280 5156 522 5224 πιθανός·
586 5158 684 5210 καὶ
724 5152 838 5220 οἷος
869 5160 898 5211 ό
938 5158 1388 5230 μονολήμματοςο
1421 5160 1450 5212 ό
1483 5159 1732 5221 λεκτικὸς
1782 5159 1838 5211 δὲ

1955 5171 2159 5243 possint
2191 5187 2204 5222 :
2239 5165 2533 5238 quomodo,
2558 5178 2622 5218 ac
2652 5171 2783 5231 quot
2806 5158 3125 5214 modisliazc
3155 5156 3514 5216 misceantur;

278 5245 418 5310 ὅπως
446 5248 797 5321 ὲνδεχόμενος
826 5249 1049 5318 συνάγει
1079 5252 1148 5304 τὰ
1175 5251 1380 5316 ἔνδοξα,
1409 5252 1502 5306 καὶ
1526 5251 1608 5313 τίς
1650 5253 1683 5321 η
1716 5249 1837 5304 τού-

1955 5261 2219 5332 quomodo
2249 5257 2649 5313 concludantur
2679 5269 2744 5309 ae
2792 5251 3173 5314 resolvantur;
3212 5263 3330 5315 qua:
3361 5244 3514 5297 falla-

277 5355 378 5393 των
415 5343 680 5414 ἐπαγωγή
707 5360 723 5375 ο
758 5348 921 5396 ποίαν
960 5343 1206 5413 ἀνάγκην
1235 5343 1348 5413 ἔχει
1380 5345 1408 5397 ὁ
1440 5341 1836 5405 ἀποδεικτικὺς,

1961 5355 2049 5410 tite
2075 5350 2421 5420 compositio,
2450 5347 2572 5417 quis
2599 5345 2948 5418 syllogismus
2970 5341 3320 5411 sopltisticus,
3345 5348 3520 5404 quave

278 5432 337 5484 ικ
360 5433 465 5485 τῶν
492 5436 757 5505 χειρόνων
784 5434 1037 5505 θηρεύειν
1067 5424 1347 5505 ἀλήθειαῦ’
1379 5434 1446 5488 τὰ
1478 5433 1837 5507 προϐλήματα

1960 5447 2165 5501 ratione
2214 5442 2376 5496 fallax
2414 5438 2576 5495 simul
2620 5447 2783 5508 atque
2827 5432 3122 5505 probabilis
3173 5432 3277 5494 sit;
3342 5426 3519 5497 qualis

281 5520 330 5578 δὲ
350 5525 549 5580 τούτων
581 5529 768 5593 ὁποῖα,
801 5526 870 5581 τὰ
900 5527 1204 5598 ἀξιώματα,
1229 5529 1294 5582 τὰ
1323 5527 1397 5592 ὡς
1422 5528 1479 5582 ὲν
1516 5527 1837 5600 ἀξιώμασιν

1961 5556 2055 5594 una
2086 5545 2297 5592 constet
2326 5534 2720 5602 assumptione,
2755 5529 3023 5599 quomodo
3065 5532 3317 5594 accc'pttts
3354 5520 3520 5576 diaie-

337 5706 529 5765 ‘Galat
585 5723 662 5773 tv,
704 5707 798 5761 50.
