3948 6154
1430 279 1491 340 S.
1528 278 1954 343 NICEPHORI
1982 279 2498 340 PAT‘RIARCHE
2543 278 2652 338 CP.
3644 272 3722 339 00

438 387 615 444 ctietts
645 386 992 458 syllogismus
1015 401 1075 444 ea
1101 402 1221 459 qua:
1246 388 1501 444 videnlur
1526 389 1749 460 verique
1771 392 2010 458 speciettt

2124 387 2254 458 ὕλην
2293 388 2349 442 δὲ
2381 388 2500 440 τίνα
2532 385 2898 456 λαμϐάνουσι,
2941 383 3116 455 μίξεις
3152 399 3211 435 τε
3241 380 3338 436 καὶ
3366 381 3716 453 συμπλοκάς·

439 478 644 536 habent
673 480 987 545 concludat,
1017 489 1073 536 et
1112 496 1358 551 quamam
1391 481 1587 555 horum
1633 482 1705 537 sit
1738 482 2015 546 reductio;

440 585 605 641 quam
638 573 1021 627 necessitatem
1051 574 1444 630 demonstratio
1470 574 1689 641 habeat,
1717 583 1775 628 ttt
1803 590 1830 628 a
1866 576 2017 629 dete-

442 659 681 713 rioribus
708 670 890 728 captet
918 660 1237 727 veritatem;
1272 676 1391 731 quae
1424 663 1616 717 horum
1658 663 2016 731 problemata,

441 764 561 819 qua:
582 750 880 817 axiomata,
900 767 1019 820 qua:
1044 753 1332 808 axiomatis
1346 755 1539 809 similia
1559 772 1573 817 ;
1594 772 1839 823 quaenam
1856 767 2021 809 mate-

443 840 602 905 riam,
621 842 903 898 tnistiones
924 857 986 897 ac
1005 845 1413 914 complexiones
1434 848 1697 913 recipiant
1722 864 1736 913 ;
1764 863 2014 915 quzrnant

439 933 613 1004 prima
644 933 987 1003 physicorum
1025 935 1291 1005 principia
1333 938 1414 993 sic
1439 948 1500 992 ut
1522 939 1882 994 dctnonsttari
1917 955 2021 994 non

441 1026 647 1092 possint
672 1045 684 1080 :
705 1041 825 1095 quae
855 1027 1013 1094 quies
1043 1028 1114 1082 sit
1136 1044 1150 1093 ;
1172 1040 1302 1097 quot
1332 1031 1509 1085 modis
1537 1031 1753 1085 dicatur
1781 1032 1922 1087 idem
1957 1047 2020 1087 ac

441 1117 747 1184 diversum;
785 1118 897 1182 ubi,
938 1118 1007 1173 ad
1035 1121 1184 1189 quid,
1217 1123 1510 1190 quomodo,
1553 1124 1795 1193 quando,
1840 1125 2019 1178 cunti-

444 1220 653 1261 nunsve
685 1207 1082 1275 principiorum
1112 1224 1425 1278 processus,
1451 1226 1518 1262 an
1543 1225 1673 1265 vero
1704 1226 1810 1264 non
1830 1210 2023 1263 termi-

441 1302 602 1350 netnr
650 1298 717 1349 ad
775 1298 1134 1364 continuum;
1183 1299 1305 1368 quis
1338 1309 1536 1365 motor,
1575 1315 1694 1368 qua:
1731 1299 1811 1353 vis
1859 1313 2021 1366 orgao

442 1387 585 1453 nica,
608 1402 728 1455 quae
751 1388 829 1442 vis
857 1388 1142 1458 genitalis;
1170 1389 1297 1457 qnid
1323 1390 1607 1458 praevium,
1631 1391 1759 1459 quid
1787 1391 1839 1444 id
1877 1391 2019 1459 quod

441 1479 697 1533 eductum
723 1490 828 1542 est,
870 1489 926 1534 et
949 1495 1056 1549 quo
1086 1482 1261 1536 medio
1285 1498 1300 1547 ;
1324 1498 1433 1551 quo
1459 1482 1587 1550 quid
1622 1493 1828 1552 vergat,
1863 1498 2024 1552 spon-

2126 479 2271 543 τίνες
2298 497 2357 532 τε
2392 479 2605 548 πρῶται
2638 479 2746 531 τῶν
2789 476 3035 546 φυσικῶν
3071 475 3240 546 ἁρχαὶ
3284 473 3380 527 καὶ
3425 472 3545 536 πῶς
3587 474 3721 526 ἅνα-

2127 572 2421 625 πόδεικτοι·
2448 570 2528 633 τίς
2547 571 2581 641 ἡ
2606 570 2795 633 στάσις
2812 609 2828 633 ,
2853 570 2885 639 ἡ
2915 567 3184 638 ταυτότης
3205 566 3262 619 δὲ
3288 565 3567 636 ποσαχῶς,
3599 566 3721 619 ἐτε-

2126 666 2294 736 ρότης
2325 666 2381 719 δέ
2411 664 2538 728 ποῦ,
2571 666 2666 717 καὶ
2691 662 2828 735 πρὸς
2856 661 2908 715 τί
2941 663 3037 715 καὶ
3064 659 3204 722 πῶς,
3240 659 3335 713 καὶ
3383 659 3516 711 πότε
3546 676 3559 689 ·
3592 672 3721 708 συν-

2124 756 2258 826 εχὴς
2286 755 2342 808 δὲ
2365 751 2475 823 ἆρα
2504 755 2613 808 τῶν
2636 753 2823 824 ἀρχῶν
2851 755 2886 823 ἡ
2916 751 3166 822 πρόοδος,
3201 751 3295 803 καὶ
3325 748 3463 819 πρὸς
3496 747 3560 800 τδ
3588 764 3713 800 συνο

2124 844 2246 913 εχές
2265 844 2363 913 οὐχ
2391 841 2658 913 ὁρίζεται·
2690 842 2775 903 τίς
2794 842 2823 893 ό
2848 842 3103 910 κινήσας,
3136 841 3289 891 ποῖον
3319 836 3636 905 ὀργανικὸν,
3665 836 3717 887 τί

2130 934 2190 987 τὸ
2225 935 2468 1005 γόνιμον·
2502 934 2562 987 τὸ
2590 933 2949 1005 προοδεῦσαν,
2981 932 3075 984 καὶ
3102 933 3253 983 ποῖον
3285 927 3715 999 ἐκπυρηνισθὲν,

2132 1027 2225 1079 καὶ
2271 1025 2362 1079 διὰ
2395 1026 2575 1089 τίνος,
2615 1025 2708 1078 καὶ
2744 1025 2873 1095 περὶ
2915 1024 2969 1076 τί
3016 1021 3264 1076 συννεύει
3302 1020 3448 1074 κατὰ
3479 1021 3713 1090 αἵρεσιν,

2127 1117 2268 1172 κατὰ
2300 1117 2421 1188 βίαν
2447 1117 2503 1170 δὲ
2525 1113 2635 1187 ἆρα
2653 1132 2668 1145 ⁸
2700 1116 2753 1169 τί
2783 1117 2846 1169 τὸ
2870 1114 3211 1185 συγκρατοῦν
3248 1113 3350 1175 τὶς
3384 1114 3676 1181 ποιότητας
3697 1126 3713 1142 ο

2127 1208 2191 1259 ἑκ
2230 1205 2387 1269 ποίας
2418 1204 2477 1258 δὲ
2519 1205 2695 1258 ταῦτά
2742 1222 2906 1274 φασιν
2939 1207 3139 1257 ἐκεῖνοι
3171 1204 3507 1275 στερήσεως,
3552 1204 3647 1256 καὶ
3677 1204 3711 1272 ἡ

2128 1300 2192 1351 ἐκ
2221 1296 2314 1350 τοῦ
2352 1298 2572 1369 μηδαμῆ
2605 1298 2872 1368 μηδαμῶς
2898 1314 2913 1330 ο
2948 1298 3043 1352 καὶ
3076 1298 3227 1360 ὅπως
3254 1299 3336 1361 είς
3370 1298 3587 1364 γένεσιν
3617 1295 3714 1348 καὶ

2128 1391 2385 1443 ούσίωσιν
2414 1389 2472 1454 ἐξ
2503 1391 2764 1443 ἐθαντίων
2796 1388 3106 1452 ἐλαύνεται,
3135 1390 3283 1452 ὅπως
3314 1389 3371 1442 δὲ
3400 1389 3561 1443 πάλιν
3593 1390 3710 1451 τοῖς

2133 1481 2396 1544 ἐναντίοις
2431 1480 2760 1550 ἀφανίζεται
2795 1482 2892 1535 καὶ
2930 1480 3353 1551 συμφθείρεται.

443 1574 566 1623 tene
599 1585 665 1623 an
719 1571 1015 1627 violentia?
1064 1571 1192 1640 quid
1244 1574 1536 1643 qualitates
1592 1575 1889 1639 contineat,
1942 1589 2008 1628 ex
2050 1588 2286 1642 quanam
2320 1574 2432 1627 hare
2500 1587 2624 1626 esse
2652 1574 2960 1641 privatione
3025 1572 3298 1635 dicantur,
3346 1579 3403 1626 et
3432 1585 3497 1624 an
3532 1585 3595 1624 ex
3623 1569 3711 1623 ni-

441 1661 555 1717 hilo
607 1678 829 1732 prorsus
894 1666 1028 1721 nihil
1087 1667 1217 1733 liat;
1272 1682 1391 1736 qua:
1453 1679 1508 1722 et
1566 1672 1837 1739 quomodo
1877 1684 1941 1724 ex
2007 1668 2301 1722 contrariis
2360 1677 2539 1722 ortum
2607 1669 2844 1722 habeant
2933 1683 2995 1722 ac
3061 1668 3397 1733 essentiam;
3459 1673 3515 1721 et
3572 1682 3710 1736 quo-

440 1757 603 1812 modo
631 1758 830 1813 iterum
878 1762 1171 1817 contrariis
1199 1761 1552 1818 destruantur
1581 1765 1894 1833 pariterque
1931 1763 2225 1817 intereant.

511 1848 601 1904 17.
645 1849 768 1906 [lare
799 1861 964 1923 atque
1006 1854 1123 1923 ejtts
1171 1857 1388 1925 generis
1434 1856 1562 1922 alia,
1604 1859 1786 1928 sagaci
1830 1868 2014 1911 mente
2050 1865 2089 1919 Β

436 1953 757 2010 summaque
785 1945 1087 2015 vigilantia,
1124 1949 1303 2016 quoad
1329 1948 1509 2013 licuit,
1548 1950 1798 2012 rimatus,
1833 1960 2019 2003 extre-

439 2033 650 2103 misque
670 2035 837 2091 labris
855 2052 1043 2092 eorum
1064 2038 1301 2092 utilitate
1318 2048 1558 2110 gustata,
1578 2040 2014 2095 laudatissimntn

437 2124 654 2180 colebat
675 2126 975 2194 silentium,
996 2130 1158 2199 inque
1178 2132 1376 2185 ctelutn
1405 2132 1802 2187 subvehentem
1822 2147 2017 2187 sensus

439 2218 790 2286 modestiam,
836 2220 890 2276 id
941 2233 1047 2287 est,
1104 2224 1463 2280 humilitatem
1522 2225 1839 2280 exhibebat.
1906 2224 2015 2278 Viti

438 2310 587 2362 enim
613 2308 854 2379 perfecta
876 2313 1103 2368 scientia
1126 2323 1231 2379 est,
1264 2326 1321 2368 ut
1342 2315 1482 2385 grati
1514 2316 1681 2369 animi
1711 2331 1869 2371 sensu
1895 2328 2020 2386 per-

441 2398 640 2455 fectant
671 2404 1038 2473 cognitionem
1096 2408 1207 2461 Deo
1245 2407 1509 2471 ascribat,
1544 2408 1795 2475 sciatque
1823 2422 1883 2462 se
1912 2408 2015 2462 nti-

439 2490 590 2547 nime
618 2508 705 2549 res
725 2496 1227 2563 comprehendisse,
1246 2510 1304 2551 nt
1331 2498 1435 2554 illa:
1457 2509 1583 2553 sunt
1610 2501 1909 2555 secnnlunt
1939 2516 2020 2556 es-

437 2578 696 2635 sentiam.
736 2580 828 2636 Sic
870 2582 1070 2639 indolis
1118 2586 1166 2639 vi
1210 2587 1492 2656 animique
1539 2589 1905 2661 propensinne
1951 2605 2016 2646 ac

438 2669 635 2726 divittzr
654 2687 760 2739 ope
791 2677 980 2743 gratia:
1009 2676 1422 2747 disciplinarum
1446 2680 1734 2734 scientiam
1768 2684 2014 2749 adeptus,

435 2762 574 2818 nihil
611 2765 792 2821 minus
821 2768 887 2821 ad
922 2783 1081 2825 veras
1126 2775 1356 2827 virtutes
1402 2774 1631 2839 gradum
1666 2773 1848 2830 facere
1878 2791 2015 2831 conv

436 2856 714 2913 tendebat.
751 2858 904 2914 llaud
940 2862 1086 2917 enim
1118 2878 1274 2918 suam
1307 2864 1364 2920 in
1402 2865 1508 2919 illis
1540 2868 1825 2936 probatam
1885 2885 2017 2939 ope-

440 2961 578 3012 ram,
611 2949 714 3004 sibi
745 2951 811 3005 ad
839 2952 1088 3007 virtutem
1110 2955 1451 3011 incommodo
1492 2956 1610 3013 fore
1650 2961 2013 3028 existimavit;

439 3040 570 3106 quin
600 3049 722 3108 apta
746 3041 832 3095 via
861 3043 1111 3112 serieque
1140 3059 1294 3111 usus,
1322 3062 1516 3117 magno
1538 3064 1657 3105 sese
1687 3050 1754 3105 ad
1789 3063 2018 3123 utraque

436 3131 770 3185 extendebat
795 3131 1063 3201 profectu,
1098 3135 1153 3189 in
1175 3137 1421 3207 utrisque
1448 3139 1836 3208 perfectionem
1864 3160 2017 3198 sunt-

440 3228 583 3273 mam
619 3221 871 3289 adeptus.

516 3309 606 3367 18.
648 3312 1010 3369 Abstinentiae
1038 3325 1093 3373 et
1135 3318 1380 3374 ciborum
1413 3321 1663 3391 parcitali
1695 3324 2008 3380 castitatem

443 3412 654 3459 natura:
681 3407 1015 3461 contrariam
1043 3410 1280 3475 socians,
1312 3411 1595 3467 ellreninnt
1627 3414 1908 3469 libidintnn
1934 3416 2019 3471 itt-

438 3504 729 3575 gruentetn
756 3499 965 3553 ventris
987 3501 1251 3556 umbilico
1271 3513 1536 3559 tumorem
1556 3505 1863 3563 eollidebat.
1887 3507 2017 3564 Om-

441 3587 494 3639 tti
519 3586 590 3642 ab
615 3586 695 3640 ira
720 3588 968 3644 sedatum
997 3592 1241 3647 animum
1277 3596 1461 3650 innata
1492 3599 1745 3653 obtinens
1771 3599 2013 3667 lenitate,

439 3678 655 3734 cunctis
687 3694 747 3735 se
786 3680 1049 3738 blandum
1082 3696 1246 3754 atque
1291 3701 1513 3741 suavem
1542 3690 1857 3756 exhibebat,
1896 3695 2015 3748 vnl-

442 3782 527 3827 tns
556 3769 806 3826 iracundi
857 3775 1040 3843 specie
1075 3778 1382 3848 proﬂigata.
1414 3779 1531 3835 Non
1564 3783 1709 3836 enim
1754 3784 1827 3838 illi
1864 3785 2017 3841 l'uror

433 3864 736 3921 secundum
791 3866 1201 3925 similitudinem
1259 3874 1567 3942 serpentis;
1619 3875 1672 3929 itt
1720 3878 2014 3932 draconem

438 3963 673 4022 tantum,
698 3960 790 4026 qui
823 3958 969 4013 solus
996 3960 1154 4015 nobis
1186 3962 1357 4017 ruinae
1388 3975 1581 4020 auctor
1609 3969 1841 4036 exstitit,
1872 3980 2015 4024 totus

438 4045 734 4102 ferebatur.
764 4049 1126 4107 Pecuniarum
1182 4066 1578 4126 contemptum,
1630 4077 1735 4130 qun
1767 4064 1833 4116 ad
1889 4064 2014 4118 vitae

432 4137 696 4206 spiritalis
757 4144 1079 4212 compendia
1138 4144 1390 4201 homines
1450 4160 1852 4219 pratp'trantur,
1906 4168 2012 4207 non

434 4242 588 4283 more
613 4229 804 4300 Cynici
843 4233 986 4287 illius
1023 4234 1326 4305 philosomti
1382 4241 1712 4296 recondebat
1744 4243 1798 4296 itt
1831 4244 2010 4313 dolio;

432 4319 529 4373 sed
554 4320 671 4389 jttgi
720 4321 774 4373 in
801 4336 1066 4390 pauperes
1093 4330 1430 4396 erogatione,
1464 4333 1800 4388 monstrabat
1829 4337 2014 4392 animo

434 4410 613 4464 latiori
660 4426 720 4465 se
751 4416 1010 4480 pecunias
1054 4430 1334 4485 spernere,
1388 4431 1439 4474 et
1481 4436 1600 4477 eam
1632 4439 1737 4494 qna
1773 4427 1876 4482 illa:
1911 4444 2011 4498 pa-

433 4509 628 4556 rantur
662 4501 802 4555 vi.ttn
837 4502 1131 4561 declinare.
1158 4507 1475 4578 Opportune
1506 4514 1649 4568 enim
1685 4532 1801 4570 eam
1847 4521 2010 4574 virtu-

436 4592 511 4645 tis
538 4592 767 4659 adeptns
819 4609 1110 4664 summam,
1148 4609 1207 4653 ut
1241 4605 1624 4661 ostentationis
1664 4610 1838 4677 gratia
1872 4612 2011 4665 nihil

434 4683 659 4751 faceret,
695 4700 869 4755 eaque
898 4699 1052 4756 parte
1086 4694 1419 4749 conscientia
1467 4697 1863 4768 imperturbata
1895 4705 2014 4771 pol-

434 4778 572 4841 lens,
635 4793 740 4832 non
791 4782 952 4836 modo
997 4782 1276 4841 dexteram
1327 4788 1394 4843 ad
1449 4790 1809 4858 eleemosytta:
1848 4809 2011 4863 opera

433 4870 761 4936 instruebat,
796 4874 890 4926 sed
921 4875 1086 4930 etiam
1119 4879 1357 4935 sinistra:
1403 4881 1520 4948 ejus
1554 4884 1795 4937 notitiam
1835 4887 2009 4940 liden-

432 4977 518 5021 ter
537 4967 944 5022 concredebat:
987 4970 1188 5039 quippe
1222 4973 1313 5039 qui
1366 4986 1433 5025 eo
1466 4988 1524 5026 se
1554 4977 1916 5043 provexisset,
1951 4987 2009 5031 ιιι

430 5058 757 5115 insatiabilis
787 5058 947 5129 hujus
969 5062 1313 5132 :egritttdittis
1340 5062 1554 5119 aﬂ'cctio
1584 5065 1725 5119 nulla
1755 5066 2005 5121 titillaret

429 5162 696 5205 animum.

501 5240 590 5295 19.
632 5241 999 5309 Quamobrem
1046 5245 1345 5299 secundum
1377 5244 1670 5301 violentam
1713 5249 2005 5315 imperato-

430 5348 549 5389 rum
572 5335 877 5403 jussionem
915 5337 1135 5392 maximi
1166 5339 1311 5410 regia
1347 5339 1400 5393 itt
1436 5339 1573 5394 urbe
1597 5339 1882 5407 hospitalis
1914 5357 2009 5396 ett-

390 5432 397 5435 ’
430 5437 668 5481 morem
703 5444 865 5500 agere
897 5445 1019 5487 eum
1058 5432 1241 5485 tllvinn
1293 5432 1465 5501 gratia
1499 5431 1709 5494 voluit,
1749 5441 1806 5487 ιιι
1851 5449 1914 5487 ea
1950 5448 2009 5488 re

432 5518 787 5575 at-lnnctione
805 5524 978 5592 ipsum
1004 5533 1338 5594 prmpararet
1363 5525 1504 5589 ;cni,
1532 5531 1590 5577 ιιι
1611 5525 1781 5579 verbo
1801 5524 2005 5588 dicam,

432 5610 693 5681 peruliari
727 5614 959 5682 quadam
1001 5615 1474 5670 administratione
1504 5614 1785 5670 catholit-te
1819 5616 2008 5672 Eccle-

430 5702 538 5760 sia:
559 5703 1007 5773 gubernationem
1035 5715 1153 5763 erat
1182 5705 1616 5763 concrediturus.
1647 5704 1841 5763 Verum
1869 5709 2006 5775 hare,

2192 1853 2276 1916 ιζ’.
2317 1853 2501 1907 Ταῦτα
2536 1855 2630 1907 καὶ
2662 1852 2892 1906 τοιαῦτα
2946 1857 3192 1925 προσοχῇ
3242 1852 3363 1917 volt;
3406 1854 3503 1908 καὶ
3548 1853 3713 1924 νήφει

2118 1946 2301 2018 τελείᾳ.
2331 1947 2474 2000 κατὰ
2501 1945 2563 1999 τὸ
2612 1946 2839 1998 δυνατὸν
2883 1945 3179 2012 ἐξετάσας,
3215 1946 3312 1998 καὶ
3362 1945 3464 2015 τῆς
3498 1946 3713 1998 τούτων

2119 2037 2384 2105 ὡφελείας
2412 2038 2566 2107 ἄκρῳ
2599 2036 2850 2105 δακτύλῳ
2880 2036 3229 2105 γευσάμενος
3257 2036 3597 2105 ἐφιλοσόφει,
3624 2054 3710 2089 σι·

2118 2128 2224 2196 γήν
2247 2144 2307 2195 τε
2338 2127 2741 2197 πολυύμνητον,
2777 2127 2872 2178 καὶ
2906 2125 3044 2195 πρὸς
3077 2126 3309 2197 οὐρανὸν
3341 2125 3584 2195 ύψοῦσαν
3613 2142 3714 2180 τα-

2119 2218 2377 2272 πείνωσιν
2408 2218 2778 2271 ἐπεδείκνυτο.
2807 2217 3002 2270 Τελεία
3028 2216 3136 2285 γὰρ
3166 2215 3368 2284 γνῶσις
3404 2217 3618 2288 ἀνδρὸς,
3649 2217 3713 2270 τὸ

2117 2308 2217 2379 τὴν
2265 2309 2476 2362 τελείαν
2526 2308 2833 2379 κατάληψιν
2882 2308 3225 2379 εὐχαρίστως
3272 2308 3583 2362 ἀποδιδόναι
3629 2309 3715 2379 τῷ

2119 2401 2437 2472 Κρείττονι,
2464 2402 2561 2454 καὶ
2588 2400 2902 2469 γινώσκειν,
2938 2401 3021 2454 ὅτι
3054 2400 3124 2453 τὰ
3166 2400 3240 2472 μὴ
3278 2401 3429 2465 ὄντα,
3462 2401 3538 2464 ὡς
3568 2402 3711 2455 αὐτὰ

2119 2495 2241 2545 κατ’
2269 2493 2460 2546 οὐσίαν
2491 2493 2632 2557 ἐστὶ,
2671 2492 3025 2562 κατείληφεν.
3052 2490 3209 2545 Οὕτω
3232 2490 3449 2561 φύσεως
3476 2492 3709 2563 δυνάμει

2119 2584 2213 2636 καὶ
2251 2584 2477 2653 γνώμης
2508 2583 2761 2653 βουλήσει
2790 2623 2805 2646 ,
2837 2584 2932 2636 καὶ
2961 2584 3183 2654 χάριτος
3226 2584 3505 2638 ἐπινεύσει
3554 2584 3708 2648 Θείας

2120 2676 2177 2726 ἐν
2208 2673 2498 2745 περιλήψει
2530 2671 2637 2725 τῶν
2673 2672 3012 2742 μαθημάτων
3043 2673 3357 2741 γενόμενος,
3397 2674 3535 2745 πρὸς
3586 2674 3709 2727 ἐπί-

2121 2765 2278 2818 ϐασιν
2316 2764 2424 2818 τῶν
2452 2764 2613 2817 θείων
2637 2764 2850 2832 ἀρετῶν
2873 2765 2970 2834 οὐχ
2997 2757 3162 2836 ἦττον
3192 2765 3453 2834 ὑπήγετο.
3491 2765 3567 2818 Οὐ
3597 2764 3709 2835 γὰρ

2119 2860 2302 2932 ἔκρινε
2333 2859 2393 2913 τὸ
2423 2861 2480 2913 ἐν
2513 2858 2746 2921 ἐκείνοις
2785 2858 3070 2927 εὐδόκιμον
3091 2895 3105 2921 ,
3152 2858 3290 2927 πρὸς
3328 2856 3533 2929 ἀρετὴν
3555 2857 3708 2927 αύτῴ

2118 2952 2372 3021 γενέσθαι
2418 2951 2701 3023 ἐμπόδιον·
2753 2949 2869 3003 ἀλλ’
2908 2949 3013 3019 όδῷ
3056 2949 3377 3020 καταλλήλῳ
3413 2950 3510 3003 καὶ
3551 2949 3711 3015 τάξει

2119 3049 2489 3118 χρησάμενος,
2521 3048 2639 3108 ταῖς
2664 3045 2749 3099 ἐπ’
2779 3045 2947 3115 ἄμφω
2977 3046 3289 3113 προκοπαῖς
3322 3044 3715 3114 ἐπεκτείνετο,

2118 3140 2215 3193 καὶ
2239 3140 2378 3208 πρὸς
2409 3138 2509 3210 τὴν
2539 3136 2809 3208 ἑκατέρας
2838 3134 3046 3207 ἔφθασε
3075 3136 3417 3207 τελειότητα.

2195 3314 2286 3385 ιη’.
2341 3314 2703 3385 Σωφροσύνην
2735 3315 2833 3385 μέν
2874 3314 2973 3385 τὴν
3002 3314 3103 3385 τῆς
3144 3314 3362 3383 φύσεως
3413 3315 3710 3384 ἀντίφυτον

2121 3410 2191 3463 δι’
2227 3410 2582 3482 όλιγαρκείας
2610 3411 2706 3465 καὶ
2757 3410 3131 3481 συγκρατείας
3174 3409 3426 3463 σύνοικον
3469 3412 3708 3481 ποιησάο

2124 3518 2307 3572 μενος,
2336 3503 2430 3556 καὶ
2458 3503 2532 3556 τὰ
2556 3503 2664 3555 τῶν
2699 3504 2785 3556 ἐπ’
2835 3500 3085 3570 ὀμφαλοῦ
3118 3501 3354 3570 γαστρὸς
3383 3501 3709 3572 ἐπιτιθεμέ-

2120 3611 2227 3647 νων
2253 3593 2572 3648 ἁκαθὲκτων
2600 3593 2787 3647 παθῶν
2809 3592 3198 3648 ἀπολεπτύνων
3222 3593 3495 3662 οἰδήματα
3516 3632 3532 3657 ,
3575 3593 3709 3664 ἀορ-

2120 3685 2317 3755 γησίαν
2340 3684 2397 3738 δὲ
2425 3689 2490 3755 τῇ
2521 3688 2545 3739 ἐ
2555 3686 2749 3755 μφύτῳ
2768 3685 3037 3756 πραότητι
3066 3688 3580 3755 προσκτησάμενος,
3604 3688 3705 3739 καὶ

2118 3776 2238 3829 ὅλον
2272 3775 2461 3829 ἑαυτὸν
2488 3778 2821 3847 ἐμπαρέχων
2867 3778 2979 3838 τοῖς
3010 3777 3144 3828 πᾶσι
3177 3775 3462 3845 μειλίχιον,
3512 3777 3571 3829 τὸ
3602 3777 3709 3847 τῆς

2118 3868 2290 3938 ὀργῆς
2310 3867 2547 3938 εἰδεχθὲς
2574 3867 2917 3939 ἀπερῤἀπιζε
2949 3867 3265 3938 πρόσωπον.
3300 3868 3358 3920 '0
3390 3867 3499 3937 γὰρ
3530 3867 3706 3937 θυμὸς

2117 3961 2178 4012 ού
2212 3960 2352 4013 κατὰ
2394 3962 2494 4031 τὴν
2539 3960 2632 4013 τοῦ
2685 3961 2865 4029 ὄφεως
2913 3961 3210 4031 ὁμοιότητα
3263 3960 3475 4030 προσῆν
3518 3958 3702 4030 αὐτῷ,

2119 4050 2262 4103 κατὰ
2289 4050 2448 4121 μόνου
2479 4051 2537 4104 δέ
2581 4052 2678 4122 τὴν
2712 4051 2920 4104 πτῶσιν
2957 4052 3089 4121 ἡμῖν
3121 4051 3539 4120 προξενίσαντος
3572 4052 3709 4124 δρᾶ-

2117 4158 2305 4207 κοντος
2336 4142 2663 4196 ἐπετείνετο.
2719 4142 3148 4213 Ἀφιλαργυρίαν
3178 4142 3235 4195 δὲ
3258 4184 3272 4205 ,
3308 4141 3407 4211 τὴν
3437 4141 3578 4213 πρὸς
3600 4145 3708 4198 ἀῦ-

2116 4229 2237 4283 λίαν
2263 4232 2355 4284 τὸν
2382 4230 2671 4302 ἄνθρωπον
2699 4232 3124 4300 ἐπαλείφουσαν,
3152 4232 3252 4284 οὐκ
3280 4233 3338 4284 ἐν
3384 4233 3528 4302 πίοῳ
3560 4234 3706 4287 κατὰ

2116 4321 2207 4373 τὸν
2237 4322 2477 4375 Κυνικὸν
2526 4324 2738 4375 ἐκεῖνον
2791 4322 3083 4390 φιλόσοφον
3119 4321 3504 4393 ἐθησαύριζενο
3545 4326 3613 4394 τῇ
3645 4325 3707 4379 δὲ

2118 4412 2255 4481 πρὸς
2284 4412 2409 4475 τοὺς
2435 4413 2681 4483 πένητας
2707 4413 2921 4484 ἀεννάῳ
2955 4414 3193 4485 χορηγίᾳ
3223 4415 3515 4477 διαπαντὸς
3562 4416 3705 4467 πλαο

2117 4504 2430 4574 τυνόμενος,
2454 4521 2558 4575 χρη
2571 4505 2757 4574 μάτων
2779 4507 3125 4575 κατεφρόνει,
3147 4507 3241 4558 καὶ
3266 4505 3362 4578 τὴν
3391 4507 3528 4575 πρὸς
3560 4507 3705 4561 αὐτὰ

2118 4596 2388 4665 φέρουσαν
2417 4596 2536 4649 ὁδον
2566 4595 2909 4668 ἐξετρέπετο.
2945 4597 3018 4650 Τὸ
3047 4597 3158 4668 γὰρ
3187 4599 3259 4666 μή
3287 4614 3342 4649 τι
3373 4599 3551 4649 ποιεῖν
3578 4598 3703 4651 κατ’

2113 4686 2371 4752 ἐπίδειξιν
2403 4690 2675 4758 εὐκαίρως
2693 4690 3065 4759 φιλοσοφήσας
3091 4691 3185 4742 καὶ
3216 4691 3276 4742 τὸ
3310 4690 3549 4752 συνειδὸς
3581 4690 3704 4743 ἀθό-

2110 4781 2279 4833 λωτον
2314 4783 2371 4834 ἐν
2418 4781 2594 4851 τούτῳ
2628 4782 3004 4852 κτησάμενος,
3054 4780 3118 4833 ού
3167 4782 3328 4850 μόνον
3368 4781 3469 4849 τὴν
3514 4780 3703 4846 δεξιὰν

2109 4873 2247 4943 πρὸς
2286 4871 2660 4944 ἐλεημοσύνην
2687 4872 3051 4937 καθώπλιξεν,
3081 4872 3217 4925 ἀλλὰ
3247 4872 3341 4925 καὶ
3363 4872 3462 4942 τὴν
3489 4873 3702 4938 ταύτης

2107 4963 2309 5031 γνῶσιν
2340 4966 2405 5033 τῇ
2436 4964 2702 5034 ἀριστερᾷ
2732 4961 3203 5032 προσεθὰρῤησεν,
3238 4963 3315 5025 ὼς
3345 4964 3425 5024 εἰς
3450 4963 3695 5041 παντελῆ

2115 5055 2385 5109 ἀπάθειαν
2411 5054 2504 5108 τοῦ
2529 5054 2827 5125 ἁκορέστου
2861 5053 3016 5107 τοῦδε
3055 5053 3259 5121 φθάσαι
3292 5054 3623 5124 νοσήματος.

2190 5246 2275 5299 t0'.
2314 5246 2476 5300 Ὅθεν
2501 5247 2594 5299 καὶ
2618 5246 2711 5301 τοῦ
2738 5244 2994 5317 μεγίστου
3012 5248 3282 5314 πτωχείου
3308 5244 3416 5298 τῶν
3433 5248 3577 5303 κατὰ
3600 5253 3699 5323 τὴν

2119 5338 2366 5410 βασιλίδα
2416 5338 2796 5409 ἐπιτροπεύειν
2855 5340 3144 5409 προτροπῇ
3202 5336 3354 5408 βιαίᾳ
3400 5339 3514 5391 τῶν
3557 5358 3695 5410 κρα-

2112 5427 2348 5481 τούντων
2381 5428 2412 5497 ἡ
2456 5429 2616 5499 χάρις
2647 5428 2848 5497 ἠξίωσε
2872 5469 2885 5494 ,
2923 5428 3435 5498 προευτρεπίζουσα
3483 5429 3696 5501 τούτῳ,

2115 5521 2228 5581 καὶ,
2278 5521 2355 5583 ὡς
2394 5521 2523 5583 ἔπος
2570 5522 2768 5583 εἰπεῖν,
2803 5519 3189 5589 ἐγχειρίζουσα
3252 5519 3315 5591 τῇ
3362 5526 3569 5593 μερικῇ
3615 5525 3698 5578 δι-

2115 5610 2367 5681 εξαγωγῇ
2396 5609 2491 5679 τὴν
2526 5610 2621 5680 τῆς
2644 5608 2934 5679 καθολικῆς
2973 5609 3300 5681 Ἐκκλησίας
3334 5611 3695 5685 κυϐέρνησιν.

2129 5703 2288 5760 Ἀλλὰ
2340 5703 2439 5775 μὲν
2481 5702 2649 5757 ταῦτα
2680 5702 2774 5756 καὶ
2824 5699 3188 5771 περὶτούτων
3218 5700 3698 5775 καθιστορούντων
