3980 6140
396 285 467 350 63
1390 282 1451 345 s.
1489 281 1914 344 NICEPHORI
1950 280 2465 344 mammam
2497 278 2608 340 cr.
3608 251 3679 316 (οἱ

393 393 613 464 agebat,
640 402 697 448 ut
725 392 977 449 Ecclesiae
1002 392 1179 450 viduae
1211 403 1475 462 sponsnm
1502 390 1770 462 ejusmodi
1794 392 1972 462 preli-

2105 390 2282 461 ιλλος)
2331 391 2399 444 δι’
2449 387 2679 460 ἐρεύνης
2729 380 2845 455 εἶχε
2893 378 3097 449 πολλῆς
3139 369 3542 464 ἐγκαθιδρῦσαι
3605 374 3673 438 τῇ

394 461 546 539 ceret
571 481 663 553 qui
699 481 943 538 docendo
967 480 1179 537 lidelem
1198 461 1509 537 sermonem
1536 461 1972 538 tenereidoneus

2105 484 2326 555 ινάνδρῳ
2342 481 2581 554 νυμφίον
2601 496 2662 533 τε
2688 478 2783 533 καὶ
2808 473 3223 547 προμνήστορα,
3251 463 3454 527 ἱκανῶς
3481 461 3676 555 ἔχοντα

398 579 568 636 esset,
606 581 661 628 et
691 572 834 644 ejus,
860 573 954 642 qui
988 587 1160 643 nuper
1197 571 1432 641 pastoris
1456 587 1657 630 munus
1682 574 1977 644 sapientis-

2105 574 2172 630 ὀῦ
2202 554 2343 629 κατὰ
2381 575 2482 644 τὴν
2507 571 2733 643 διδαχὴν
2779 567 2975 623 πιστοῦ
3005 564 3166 632 λόγου
3217 555 3544 622 ἀνθέξεσθαι
3578 554 3678 607 καὶ

397 663 540 718 sime
568 663 801 730 obierat,
830 664 1073 733 vestigiis
1101 664 1372 719 insistere.
1405 661 1773 730 Quamobrem
1815 665 1976 721 etiam

2105 667 2384 722 la8tsIsBat
2397 665 2518 720 κατ’
2535 666 2681 735 ῐχνος
2700 659 2793 716 τοῦ
2813 656 3288 731 προποιμάναντος
3303 647 3672 719 λογικώτατα.

401 755 467 809 ad
495 755 782 812 universos
807 771 929 811 cum
965 756 1280 811 sacerdotes
1314 766 1427 810 tum
1461 755 1784 821 monachos,
1810 770 1979 824 quos-

2105 758 2175 812 ne
2197 758 2293 812 καὶ
2323 759 2490 812 πᾶσιν
2516 752 2862 811 ἀνεκοινοῦτο
2887 746 3097 822 ἱερεῦσί
3129 762 3192 798 τε
3226 743 3322 798 καὶ¹
3352 739 3675 813 μονάζουσι,

398 862 507 918 que
543 857 856 902 senatorum
894 847 1164 914 primores
1208 861 1274 902 ac
1302 845 1528 916 reliquis
1575 848 1983 918 praestantiores

2105 855 2188 909 καὶ
2213 855 2315 925 τῆς
2350 853 2659 924 συγκλήτου
2703 849 2901 921 βουλῆς
2928 847 3056 900 ὅσον
3100 842 3356 912 ἔγκριτον
3385 836 3482 891 καὶ
3511 833 3679 904 προὺ-

405 947 650 1007 noverat,
677 955 791 995 rem
817 937 1094 994 deferebat
1125 956 1139 993 :
1180 936 1576 1007 utjustissimte
1608 937 1840 1008 plurium
1870 938 1984 994 ele-

404 1030 773 1100 ctioni,quam
798 1031 962 1085 divini
984 1029 1224 1101 Spiritus
1256 1038 1430 1085 ratam
1455 1029 1681 1084 haberet
1702 1044 1985 1093 assensus,

406 1134 506 1174 suo
530 1133 745 1189 quoque
790 1119 910 1188 ipse
953 1119 1210 1190 sull'ragio
1256 1120 1566 1176 accederet.
1595 1121 1699 1175 Ast
1732 1119 1808 1175 illi
1842 1117 1863 1191 (
1883 1134 1985 1175 nec

327 1228 332 1233 '
404 1211 554 1265 enim
590 1210 841 1264 homines
869 1224 993 1264 cum
1026 1218 1235 1276 essent,
1262 1225 1487 1282 prorsus
1512 1225 1706 1266 cavere
1736 1217 1988 1281 poterant

409 1313 480 1353 ne
506 1299 636 1366 quid
663 1297 732 1353 ad
775 1298 1004 1368 gratiam
1048 1300 1293 1372 agerent)
1348 1307 1592 1355 mutuam
1639 1300 1987 1356 concordiam

411 1390 751 1446 dissensione
788 1391 1084 1458 solventes,
1109 1392 1272 1447 alium
1318 1391 1422 1449 sibi
1471 1392 1704 1463 quisque
1732 1392 1988 1461 designa-

412 1477 507 1532 bat
543 1489 710 1549 atque
741 1480 991 1534 trahebat
1042 1497 1057 1535 :
1109 1495 1217 1535 non
1262 1496 1425 1551 quem
1459 1481 1626 1536 divini
1660 1491 1822 1536 nutus
1852 1495 1992 1551 pra:-

412 1572 646 1628 scientia
677 1573 1100 1645 designaverat;
1130 1575 1225 1630 sed
1248 1588 1418 1644 quem
1447 1574 1717 1644 cujusque
1743 1574 1993 1628 voluntas

2081 962 2176 1016 χον
2225 945 2527 1017 ἠπίστατο,
2565 943 2641 1006 ὡς
2673 941 2740 996 ἂν
2772 942 2840 1012 τῇ
2887 938 2998 992 τῶν
3042 935 3307 989 πλειόνων
3351 930 3556 999 ἐκλογῇ
3602 928 3682 981 δι-

2085 1033 2352 1105 καιοτάτῃ
2403 1031 2575 1103 οΰσῃ,
2609 1030 2705 1084 καὶ
2749 1032 2817 1100 τῇ
2863 1026 2959 1081 τοῦ
2999 1025 3153 1079 θείου
3197 1020 3521 1089 Πνεύματος
3553 1019 3679 1070 ἐπι-

2086 1125 2269 1179 νεύσει
2299 1124 2362 1177 τὸ
2395 1122 2612 1194 βέϐαιον
2637 1118 3015 1191 λαμϐανούσῃ,
3047 1116 3144 1169 καὶ
3164 1116 3199 1184 ἡ
3231 1110 3394 1166 αὑτοῦ
3418 1107 3682 1178 ὲφέψοιτο

2090 1215 2368 1288 βούλησις.
2395 1215 2459 1267 Οἱ
2480 1212 2538 1266 δὲ
2569 1210 2700 1283 (καὶ
2727 1208 2837 1280 γὰρ
2865 1204 3187 1278 ἀνθρώπους
3207 1201 3368 1263 ὄντας
3397 1197 3682 1264 διαδρᾶναι

2086 1310 2150 1363 τὸ
2178 1309 2316 1378 πρὸς
2348 1306 2510 1378 χάριν
2541 1300 2845 1372 ἀδύνατον)
2877 1300 2942 1370 τῇ
2980 1296 3077 1351 ἀπ’
3118 1294 3366 1365 ἀλλήλων
3392 1288 3687 1378 διαστάσει

2089 1397 2151 1452 τὺ
2174 1376 2500 1468 ὁμόγνωμον
2527 1391 2883 1451 διαλύσαντες
2906 1428 2922 1448 ,
2960 1384 3121 1448 ἄλλος
3155 1382 3316 1438 ἄλλον
3347 1376 3685 1449 ἐψηφολόγει

2094 1491 2190 1545 καὶ
2218 1482 2402 1542 εἷλκεν
2431 1502 2445 1516 ⁸
2478 1485 2577 1555 οὑχ
2603 1485 2662 1537 ὃν
2689 1484 2724 1553 ἡ
2753 1481 2852 1550 τῆς
2884 1479 2997 1533 ἄνω
3036 1479 3209 1549 ῥοπῆς
3230 1474 3518 1542 ὑπέγραφε
3552 1469 3689 1540 πρό-

2093 1595 2320 1649 γνωσις,
2344 1578 2403 1632 τὸ
2425 1576 2661 1630 ἑκάστου
2678 1576 2736 1629 δὲ
2755 1574 2934 1627 θέλειν
2956 1566 3298 1625 ἀνετυποῦτο
3322 1565 3420 1620 καὶ
3440 1560 3687 1616 ἔπειθεν.

415 1664 747 1719 informabat
781 1679 846 1719 ac
886 1665 1313 1735 prmltabendum
1354 1665 1638 1719 suadebat.
1672 1662 1992 1732 imperatori

2105 1670 2192 1741 Τῷ
2232 1670 2290 1721 δὲ
2326 1667 2541 1740 βασιλεί
2571 1666 2632 1719 τὸ
2673 1664 2768 1718 τοῦ
2798 1662 2893 1717 νοῦ
2927 1662 3255 1733 δραστήριον
3290 1652 3689 1725 ὑπεζωγράφει

417 1764 598 1810 autem
634 1769 760 1810 acre
794 1755 995 1811 mentis
1021 1769 1128 1826 qua
1154 1754 1389 1826 pollebat
1406 1754 1695 1825 judicium,
1721 1753 1995 1823 Nicepho-

2105 1738 2463 1832 tro'tpviapxov
2495 1759 2835 1829 Νικηφόρον,
2866 1755 2960 1809 καὶ
2987 1754 3124 1825 πρὸς
3145 1752 3352 1805 ἐκεῖνον
3385 1747 3521 1818 ὁρᾶν
3558 1744 3692 1798 πάν⁸

417 1862 538 1902 rum
569 1849 751 1918 gregis
789 1848 1089 1919 principem
1115 1850 1475 1919 suggerebat:
1505 1847 1557 1901 in
1587 1861 1749 1917 quem
1786 1852 1842 1900 ut
1871 1861 1992 1901 om-

417 1952 514 1993 nes
542 1937 879 2007 conjicerent
916 1937 1106 1994 oculos
1143 1937 1502 2009 compellebat
1526 1938 1673 2006 ipse,
1703 1935 1995 2007 praeclaras

318 2009 333 2027 ’
417 2027 523 2083 viri
557 2027 711 2084 dotes
759 2028 811 2082 in
852 2028 1173 2083 memoriam
1201 2042 1501 2094 revocans;
1533 2026 1860 2096 eloquentiae
1883 2025 1994 2081 sci-

418 2117 547 2174 licet
570 2126 683 2172 tum
710 2132 883 2174 sacrae
903 2126 1017 2173 tum
1042 2118 1285 2189 profante
1301 2118 1412 2173 vim
1438 2119 1757 2183 maximam,
1778 2132 1994 2172 morum

420 2210 746 2266 modestiam
778 2226 842 2265 ac
870 2210 1173 2276 lenitatem,
1214 2211 1568 2266 conscientiae
1598 2211 1667 2266 ad
1698 2223 1891 2264 omnes
1915 2209 1998 2263 in-

423 2300 730 2370 tegritatem
760 2300 828 2354 ab
867 2302 1016 2354 omni
1055 2299 1359 2355 offensione
1404 2300 1853 2355 remotissimam.
1890 2298 1998 2354 De-

422 2392 587 2462 nique
610 2391 757 2447 velut
788 2390 996 2458 nimbo,
1019 2390 1299 2448 continuis
1324 2391 1432 2446 illis
1455 2392 1593 2469 regii
1610 2391 1724 2446 oris
1745 2390 1999 2461 eloquiis,

421 2482 801 2537 universorum
829 2498 992 2539 aures
1045 2484 1398 2551 concludens,
1452 2483 1583 2538 nulli
1630 2478 1737 2538 vim
1771 2482 1998 2548 faciens,

421 2573 571 2630 velut
624 2573 678 2628 in
724 2588 1003 2645 sagenam,
1067 2574 1123 2629 in
1183 2590 1348 2630 unam
1422 2589 1612 2631 omnes
1673 2576 2001 2631 sententiam

424 2667 605 2736 adegit
637 2684 651 2722 :
688 2666 886 2721 exinde
920 2667 1064 2721 enim
1125 2667 1366 2723 omnium
1399 2666 1558 2723 labiis
1604 2681 1807 2738 oreque
1838 2665 1999 2723 Nice-

422 2759 626 2828 phorus
658 2759 973 2828 patriarcha
1002 2757 1355 2815 acclamatur.

486 2912 580 2970 22.
617 2913 779 2969 Mittit
821 2913 1005 2983 itaque
1044 2914 1368 2984 imperator,
1402 2914 1495 2985 qui
1525 2914 1854 2971 denuntient
1906 2915 2002 2986 ju-

423 3006 729 3074 beantque,
768 3011 830 3057 ut
873 3013 1084 3058 semota
1142 3005 1295 3059 omni
1369 3008 1720 3062 cunctatione
1771 3022 1837 3062 ac
1886 3007 2005 3062 sine

2091 1870 2190 1917 τας
2223 1851 2579 1922 συνήλαυνεν,
2609 1849 3048 1920 ὑπομιμνήσκων
3076 1844 3185 1899 τῶν
3225 1839 3440 1915 ἀρετῶν
3467 1835 3565 1891 τοῦ
3596 1838 3690 1890 ἀν-

2092 1944 2219 2015 δρὸς
2248 1944 2316 1998 τὰ
2348 1942 2665 2013 αὐχήματα·
2702 1942 2764 1993 τὸ
2805 1940 2865 1993 ὲν
2890 1938 3075 2006 λόγοις
3095 1978 3110 2001 ,
3137 1937 3252 1998 τοῖς
3284 1948 3345 1985 τε
3384 1944 3691 1999 πνευματι-

2096 2035 2213 2097 κοῖς
2251 2033 2346 2086 καὶ
2381 2034 2496 2094 τοῖς
2528 2030 2788 2102 θύραθεν,
2823 2028 3060 2098 καίριον’
3092 2024 3154 2077 τὸ
3184 2025 3239 2077 ὲν
3270 2020 3390 2092 ήθει
3427 2015 3691 2072 ταπεινὸν

2095 2124 2192 2178 καλ⁸
2210 2122 2499 2194 μειλίχιον·
2518 2122 2578 2174 τὸ
2595 2122 2655 2175 έν
2679 2120 2983 2190 συνειδήσει
3001 2116 3138 2188 πρδς
3160 2113 3371 2173 πάντας
3394 2105 3692 2178 εἱλικρινὲς

2098 2216 2195 2269 καὶ
2217 2213 2587 2285 ἀπρόσκοπον.
2615 2213 2726 2265 Καὶ
2752 2207 3115 2273 ἁπαξαπλῶς,
3143 2200 3230 2259 οἷα
3258 2201 3444 2271 νιφάδι
3468 2197 3547 2268 τῷ
3575 2204 3693 2250 συν·

2099 2305 2215 2375 εχεῖ
2237 2304 2345 2357 τῶν
2370 2302 2666 2374 βασιλικῶν
2691 2300 2916 2355 ἐκείνων
2935 2298 3132 2367 λογίων
3148 2293 3248 2357 τὰς
3271 2292 3495 2346 πάντων
3515 2286 3694 2349 ἀκοὰς

2100 2395 2498 2460 κατακλείσας,
2534 2395 2806 2466 μηδεμιᾶς
2831 2391 3078 2461 ὑπούσης
3107 2387 3263 2458 βίας,
3300 2387 3380 2448 εἰς
3412 2381 3543 2453 μίαν
3582 2379 3694 2449 ΨῘΡ·

2102 2504 2202 2558 φον
2220 2487 2295 2551 ὡς
2319 2487 2400 2548 είς
2421 2486 2666 2555 σαγήνην
2695 2484 2823 2546 τοὺς
2841 2483 3049 2544 πάντας
3075 2477 3418 2547 ὲζώγρησενο
3452 2472 3512 2538 ἐξ
3540 2472 3693 2523 ὲκεί-

2102 2596 2194 2633 νου
2226 2595 2286 2632 τε
2314 2579 2421 2649 γὰρ
2467 2580 2525 2630 ὲν
2554 2575 2721 2630 πανὺ⁵
2752 2574 2924 2646 χείλει
2949 2573 3044 2626 καὶ
3087 2570 3310 2641 γλώσσῃ
3340 2566 3493 2639 πάσῃ
3521 2562 3699 2632 Nn":

2104 2670 2272 2744 φόρος
2303 2669 2655 2741 πατριάρχης
2689 2663 3083 2737 ἀνηγορεύετο.

2174 2917 2278 2990 κβ’.
2333 2915 2550 2970 Στέλλει
2600 2912 2732 2982 γοῦν
2784 2909 3041 2982 βασιλεὺς
3097 2905 3235 2978 πρὸς
3279 2901 3439 2957 αὑτὸν
3489 2898 3700 2969 ἄνδρας

2105 3009 2587 3081 ἀπαγγελοῦντας,
2623 3006 2823 3068 παντὸς
2855 3003 3017 3056 ὖκνου
3052 3000 3146 3054 καὶ
3182 2999 3362 3067 πάσης
3398 2994 3533 3064 ἄτερ
3562 2993 3701 3046 ἀνα-

423 3110 575 3151 mora
603 3097 767 3152 sistat
797 3110 857 3150 se
884 3095 1143 3165 Augusta;
1196 3097 1337 3151 urbi.
1369 3095 1420 3153 ls
1446 3112 1599 3162 vero,
1630 3101 1723 3170 qui
1756 3100 2000 3155 laudabi-

2105 3104 2265 3174 ϐολῆς
2292 3102 2391 3173 τὴν
2420 3098 2618 3153 ἑαυτοῦ
2645 3094 2950 3167 παρουσίαν
2976 3095 3043 3163 τῇ
3076 3089 3309 3162 βασιλίδι
3333 3081 3699 3157 χαρίσασθαι.

424 3186 528 3242 lem
561 3185 927 3242 obedientiam
969 3187 1346 3256 vituperandae
1392 3188 1774 3246 inobedientiae
1819 3192 1998 3262 pmic-

422 3294 538 3334 rem
584 3278 830 3341 haberet,
874 3292 1182 3347 quanquam
1231 3280 1512 3346 renitens,
1546 3281 1694 3337 viros
1743 3282 2003 3340 ductores

425 3371 637 3426 itineris
672 3380 915 3426 actutum
953 3379 1173 3426 secutus
1208 3381 1314 3428 est.
1347 3372 1446 3428 Ubi
1467 3383 1648 3429 autem
1682 3375 1998 3443 imperator,

426 3465 477 3519 id
504 3462 648 3533 quod
698 3464 1002 3534 satagebat,
1062 3461 1273 3527 ell'ecit,
1324 3479 1388 3520 ac
1432 3480 1620 3521 coram
1674 3475 2001 3537 praesentem

424 3569 570 3618 eum,
611 3551 766 3623 cujus
799 3553 1073 3609 desiderio
1101 3556 1409 3624 tenebatur,
1446 3560 1772 3627 conspexit;
1804 3560 1856 3614 in
1890 3560 2004 3616 haec

425 3645 613 3707 verba,
646 3654 705 3698 ut
735 3645 908 3709 aiunt,
944 3645 1012 3698 ad
1040 3659 1165 3700 eum
1193 3645 1407 3703 locutus
1430 3658 1514 3704 est
1547 3664 1562 3703 :
1599 3648 1728 3705 Mihi
1758 3650 2000 3722 quidem,

426 3735 510 3789 vir
543 3733 657 3787 Deo
688 3734 1090 3805 acceptissime,
1116 3737 1385 3807 siquidem
1420 3738 1506 3795 fas
1533 3748 1679 3797 esset
1715 3740 1810 3796 Dei
1850 3758 2004 3796 tuan-

426 3824 550 3878 data
579 3824 633 3877 in
678 3823 920 3880 minimis
964 3825 1168 3882 habere
1220 3842 1520 3901 eorumque
1552 3846 1717 3899 opere
1760 3833 2005 3904 neglecto

424 3914 693 3983 publicam
733 3931 845 3971 rem
893 3918 1306 3986 administrare,
1335 3920 1388 3976 in
1420 3932 1671 3993 promptu
1703 3933 1822 3980 erat
1853 3940 2004 3996 qua:-

425 4005 547 4058 dam
580 4006 855 4060 scdurtrix
891 4022 957 4063 ac
986 4008 1093 4062 lata
1131 4009 1239 4074 via,
1277 4025 1383 4081 qua
1411 4011 1632 4067 obvium
1669 4017 2003 4084 quempiam,

426 4097 574 4153 nullo
606 4101 875 4155 anteriori
917 4103 1114 4157 merito
1147 4109 1206 4158 ut
1245 4104 1495 4174 pontifex
1540 4107 1698 4162 fieret
1729 4122 2009 4163 commcn-

425 4189 679 4254 dabilem,
716 4192 811 4246 sed
841 4193 931 4259 qui
961 4192 1303 4249 solummodo
1351 4195 1534 4262 vellet,
1587 4198 1709 4252 urbi
1745 4198 2008 4268 Augusta:

428 4280 784 4349 praeﬁcerem.
821 4280 957 4348 Quia
991 4297 1122 4339 vero
1148 4282 1346 4339 divinis
1373 4283 1671 4357 Scripturae
1702 4288 2006 4346 documen-

2114 3194 2174 3246 '0
2217 3193 2273 3244 δὲ
2302 3190 2402 3262 τὴν
2452 3187 2855 3257 ἐπαινουμένην
2897 3182 3146 3253 ὑπακοὴν
3190 3177 3391 3252 μᾶλλον
3421 3175 3521 3244 τῆς
3568 3176 3700 3227 em—

2102 3282 2275 3353 ψόγου
2325 3278 2614 3351 παρακοῆς
2661 3275 3059 3346 ἀνθελόμενος,
3112 3271 3208 3324 καὶ
3248 3271 3346 3340 οὑχ
3394 3264 3537 3320 ἑκὼν
3581 3265 3701 3326 τοῖς

2103 3375 2258 3442 ἄγειν
2288 3371 2567 3426 ἐθέλουσιν
2597 3369 2801 3423 εἵπετο.
2837 3367 2947 3420 Καὶ
2981 3364 3101 3418 ὲπεί
3126 3362 3204 3432 τῷ
3233 3360 3602 3428 αὐτοκράτορι
3634 3355 3704 3407 τὸ

2105 3465 2438 3536 ζητούμενον
2490 3462 2688 3533 ἤνυστο
2713 3503 2728 3526 ,
2788 3459 2885 3512 καὶ
2937 3457 3060 3510 κατ’
3096 3454 3218 3524 ὄψιν
3262 3447 3412 3522 εἶχεν
3455 3451 3590 3520 δρᾷν
3634 3447 3704 3499 τὸ

2105 3553 2470 3625 ποθούμενον,
2504 3551 2682 3606 ταῦτα
2730 3550 2867 3620 πρὸς
2912 3547 3077 3603 αὑτὸν
3107 3544 3403 3615 διειλέχθαι
3448 3540 3697 3608 λέγεται·

2117 3649 2274 3717 Ἐμοὶ
2301 3646 2421 3718 μὲν,
2453 3641 2498 3700 ὦ
2526 3645 2660 3715 ἄνερ
2689 3642 2810 3713 Θεῷ
2843 3641 3280 3713 μεμελετημένε,
3310 3638 3467 3706 εἴπερ
3495 3630 3562 3704 ἦν
3588 3632 3704 3686 τῶν

2106 3740 2265 3795 θείων
2298 3738 2696 3808 κατολιγωρεῖν
2743 3733 3125 3808 προστάξεων,
3180 3732 3276 3786 καὶ
3320 3726 3554 3800 ἀμελείᾳ
3595 3724 3705 3794 τῆς

2105 3831 2311 3887 τούτων
2344 3828 2615 3903 ἐργασίας
2662 3826 3080 3900 ἐπιμελεῖσθαι,
3108 3819 3175 3895 ἦν
3219 3823 3328 3892 ἄρα
3369 3837 3452 3883 τις
3486 3818 3705 3887 πλάνης

2104 3942 2166 3979 τε
2216 3924 2314 3979 καὶ
2359 3924 2594 3978 πλατεῖα
2632 3921 2781 3985 ὁδὸς,
2815 3920 2883 3974 δι’
2913 3913 2982 3991 ἦς
3014 3917 3111 3971 καὶ
3148 3915 3240 3970 τὸν
3282 3914 3513 3986 τυχόντα
3537 3951 3553 3974 ,
3604 3909 3707 3963 καὶ

2106 4016 2255 4081 ἄξιον
2290 4015 2460 4087 μηδὲν
2490 4011 2985 4085 προεισενεγκόντα
3012 4007 3110 4062 τοῦ
3152 4007 3397 4078 βήματος
3428 4004 3569 4074 πλὴν
3602 4000 3703 4055 τοῦ

2109 4104 2419 4177 βούλεσθαι,
2445 4104 2713 4176 ἀρχιερέα
2733 4105 2799 4174 τῇ
2829 4100 3060 4173 βασιλίδι
3084 4096 3520 4170 προστήσασθαι.
3557 4095 3705 4148 Ἀλλ’

2108 4196 2296 4269 ἐπειδὴ
2339 4197 2512 4267 παρά⁴
2532 4198 2632 4265 τῆς
2663 4195 2816 4259 θείας
2860 4196 3086 4266 Γραφῆς
3118 4190 3517 4260 νενουθέτημαι
3539 4229 3552 4251 ,
3589 4182 3708 4240 οἷον

2108 4282 2250 4342 εἶναι
2277 4289 2361 4342 δεῖ
2387 4289 2477 4342 τὸν
2508 4287 2760 4359 ἱερᾶσθαι
2789 4286 3053 4356 μέλλοντα
3082 4282 3177 4338 καὶ
3211 4282 3405 4344 ἄλλους
3435 4282 3517 4343 εἰς
3541 4278 3709 4332 τοῦτο

430 4371 498 4425 tis
546 4372 794 4426 eruditus
840 4373 990 4438 st-io,
1035 4374 1251 4444 qualem
1296 4390 1419 4432 esse
1469 4387 1720 4448 oporteat
1769 4379 2000 4437 futurum

2111 4382 2372 4452 προάγειν
2403 4380 2711 4450 ὀφείλοντα,
2740 4381 2822 4433 ὅτι
2854 4378 3059 4448 ὑψηλὸν
3089 4376 3262 4448 ἀρετῇ
3298 4374 3393 4427 καὶ
3421 4372 3709 4439 ἀνέπαφον

427 4462 768 4517 sacerdotem
805 4473 860 4518 et
891 4465 1159 4535 imprimis
1185 4481 1332 4535 eum,
1375 4446 1532 4539 cujus
1564 4471 1638 4527 sit
1677 4473 1743 4528 ad
1777 4474 2000 4545 gradum

2112 4446 2348 4544 χείλεσι,
2381 4446 2624 4540 γνιῦσινο
2654 4446 3002 4541 φυλάσσοντα
3033 4446 3141 4521 καὶὴ
3164 4467 3328 4536 νόμον
3362 4462 3709 4534 ὲκζητούμε-

427 4550 698 4619 ejusmodi
729 4555 1030 4622 provehere
1060 4557 1233 4625 alios;
1271 4559 1528 4616 nimirum
1573 4562 1861 4620 sublimem
1899 4566 2010 4623 vir-

429 4650 547 4696 tute
589 4657 653 4698 ac
698 4642 855 4700 labiis
903 4646 1194 4717 intactum,
1230 4652 1323 4722 qui
1367 4653 1655 4710 scientiam
1709 4658 2006 4725 custodiat,

431 4741 595 4800 atque
625 4736 950 4805 exquisitam
984 4737 1153 4812 legem
1186 4741 1242 4795 in
1272 4757 1369 4798 ore
1407 4743 1615 4810 ferens,
1645 4747 1857 4805 Domini
1889 4766 2011 4807 om-

431 4820 726 4891 nipotentis
783 4828 1005 4897 angelus
1067 4831 1285 4899 audiat;
1341 4849 1539 4891 vereor
1585 4854 1656 4895 ne
1704 4855 1861 4896 sacra
1915 4843 2005 4897 illa

431 4915 804 4975 admonitione
838 4931 1044 4992 spreta,
1079 4924 1422 4996 negligentiae
1452 4928 1575 4985 dein
1601 4946 1816 5001 plenas,
1844 4934 2010 5006 inque

435 5021 617 5063 meum
651 5022 816 5082 caput
861 5013 1010 5070 diras
1050 5015 1349 5073 intentatas
1392 5034 1689 5076 arcessam.
1719 5022 1875 5080 Nunc
1907 5027 2012 5097 igi-

432 5107 522 5154 tur
547 5115 670 5156 cnm
712 5101 856 5159 Deus
886 5107 1180 5163 sacerdotii
1222 5125 1431 5179 arcem,
1463 5113 1814 5188 ctelestisquc
1838 5118 2002 5189 hujus

432 5192 592 5248 stadii
622 5195 774 5252 vobis
802 5197 1043 5255 habenas
1067 5203 1383 5270 concredat,
1413 5220 1500 5272 ne,
1533 5221 1741 5276 quarso,
1766 5213 2009 5267 vocatio-

434 5295 556 5338 nem
594 5288 912 5355 respueritis
941 5308 956 5345 :
990 5291 1085 5347 sed
1110 5292 1353 5352 divinum
1384 5299 1681 5358 subeuntes
1709 5312 2009 5369 certamen,

435 5379 493 5435 in
528 5380 580 5435 id
610 5384 790 5453 potius
853 5387 1131 5457 respicite,
1162 5392 1305 5460 quod
1340 5408 1369 5450 e
1405 5398 1681 5453 communi
1710 5398 1888 5457 salute
1915 5400 2008 5455 sit.

435 5467 651 5527 Scimus
693 5475 839 5530 enim
880 5493 974 5535 vos
1017 5478 1174 5551 juxta
1217 5491 1366 5541 tuum
1396 5500 1461 5542 ac
1492 5502 1837 5546 communem
1874 5504 2014 5560 prae-

511 5679 535 5708 °
570 5688 668 5728 ms.
693 5674 867 5742 γνώον

2111 4580 2201 4617 νον
2231 4564 2288 4617 ἐν
2315 4563 2545 4630 στόματι
2578 4562 2836 4632 φέροντα,
2867 4562 2964 4614 καὶ
2990 4560 3078 4615 διὰ
3100 4558 3258 4613 τοῦτο
3289 4555 3710 4630 χρηματίζοντα

2110 4654 2320 4726 Κυρίου
2363 4655 2807 4727 παντοκράτορος
2843 4651 3074 4721 ἄγγελον
3097 4667 3113 4684 ο
3148 4650 3295 4704 δέδια
3335 4649 3409 4720 μὴ
3459 4649 3518 4701 ab
3557 4645 3708 4718 ίερδν

2109 4748 2289 4801 ἐκεῖνο
2316 4745 2676 4818 παραὸλέψας
2708 4745 3044 4814 νουθέτημα,
3079 4742 3340 4813 ἀμελείας
3386 4738 3597 4792 ὑποίσω
3630 4737 3712 4791 δί-

2113 4855 2238 4908 κην,
2270 4838 2368 4892 καὶ
2392 4837 2493 4909 τὴν
2537 4836 2943 4907 ἀπειλουμένην
2985 4836 3124 4910 ἀρὰν
3152 4836 3231 4898 είς
3261 4831 3501 4905 ἐμαυτὸν
3535 4832 3707 4884 ἐκκα-

2116 4931 2368 5002 λέσομαι.
2400 4929 2512 4983 Νῦν
2540 4925 2632 4983 οὖν
2660 4927 2797 4983 Θεοῦ
2828 4928 2926 4998 τὴν
2959 4926 3266 4999 ἱερωσύνην
3298 4925 3392 4977 καὶ
3421 4925 3521 4985 τὰς
3549 4921 3712 4991 ἡνίας

2117 5020 2211 5076 τοῦ
2236 5022 2493 5092 οὐρανίου
2532 5021 2729 5074 τούτου
2754 5019 2974 5073 διαύλου
3006 5019 3136 5088 ὑμῖν
3171 5014 3598 5086 ἐγχειρίζοντος,
3635 5012 3709 5082 μὴ

2117 5113 2515 5169 ἀπαναίνεσοαι
2553 5112 2655 5185 τὴν
2701 5112 2926 5182 κλῆσιν,
2969 5111 3084 5164 ἀλλ’
3121 5109 3396 5163 ὑποδύντα
3442 5107 3533 5159 τὸν
3569 5105 3711 5159 θεῖον

2118 5207 2329 5277 ἀγῶνα,
2373 5208 2509 5279 πρὸς
2557 5207 2619 5261 τὸ
2674 5209 2828 5277 κοινῇ
2869 5204 3181 5259 λυσιτελοῦν
3236 5202 3470 5271 ἁφορᾷν.
3522 5200 3710 5269 Ἴσμεν

2117 5300 2226 5370 γὰρ
2253 5300 2351 5364 ὡς,
2374 5301 2520 5354 κατά
2544 5299 2634 5354 τὸν
2663 5299 2755 5352 σὺν
2778 5298 2872 5352 καὶ
2896 5296 3072 5351 κοινὸν
3097 5294 3452 5364 καθηγεμόνα
3473 5290 3707 5355 Παῦλον,

2123 5393 2198 5464 μὴ
2232 5393 2371 5465 πρὸς
2397 5393 2537 5463 ἀέρα
2561 5391 2659 5463 τὴν
2688 5390 2959 5461 πυκτικὴν
2991 5384 3384 5450 ἐπιδείξασθαι,
3421 5382 3556 5454 μηδὲ
3581 5382 3709 5453 δρα·

2125 5485 2345 5559 μεῖσθαι
2388 5486 2534 5557 ὑμᾶς
2577 5484 2943 5556 ἀκατάληπτα
2971 5501 2983 5513 ’
3023 5481 3453 5554 τεθαρρἡαμεν
3509 5476 3563 5530 δὲ
3613 5474 3711 5545 τῆς
