3948 6154
376 326 438 391 71
1376 319 1442 383 S.
1483 320 1901 382 NICEPHORI
1940 317 2450 380 PATRIARCH£
2485 318 2574 379 ΟΡ
3562 304 3638 370 73

376 438 613 511 amplexi
641 438 726 493 vel
755 435 1078 504 amplexari,
1109 447 1392 490 sacrarunt
1423 434 1693 503 virginum
1723 433 1792 503 (δ)
1824 430 1954 484 aedi-

2081 445 2248 496 ιενοι,
2285 430 2319 501 ἢ
2368 430 2466 483 καὶ
2506 424 2728 480 ἑλέσθαι
2783 423 3111 494 εὐξάμενοι,
3167 418 3440 490 προφάσει
3472 417 3639 487 δῆθεν

379 535 481 589 ltus
510 533 688 586 vicina
732 528 1062 585 monasteria
1099 525 1427 581 exstruenda
1461 525 1563 578 sibi
1598 529 1949 594 putaverant,

379 626 617 695 quodam
650 623 733 677 vel
762 619 1273 675 aﬂinitalisintuitu
1297 616 1377 671 vel
1406 616 1633 670 alterius
1665 614 1950 681 cujusdam

381 714 803 773 necessitudinis
842 720 1091 779 respectu
1123 710 1366 764 adducti.
1399 708 1469 763 Et
1501 707 1553 761 hi
1579 706 1800 775 quidem
1837 720 1955 758 ma-

381 807 642 863 nifestum
672 821 792 861 cum
815 806 1019 858 eisdem
1040 800 1460 857 contubernium
1490 797 1636 853 haud
1669 796 1959 851 dilll‘culter

382 915 616 963 cavere,
675 896 1034 965 suspicionem
1086 900 1268 947 tamen
1325 888 1564 959 eﬂ‘ugere
1611 886 1960 955 cogitationis

382 991 609 1059 occulta:
658 990 882 1043 omnino
917 986 1090 1040 vitare
1138 1000 1243 1040 non
1278 992 1553 1051 poterant.
1589 979 1762 1034 Erant
1811 978 1956 1032 enim

383 1085 492 1141 illis
524 1082 703 1137 omnia
736 1078 1067 1141 communia,
1102 1085 1215 1130 tum
1247 1074 1473 1144 praedia,
1502 1081 1612 1126 tum
1647 1070 1958 1133 facultates,

385 1190 542 1230 secus
595 1183 754 1242 ptane
802 1185 865 1223 ac
908 1170 974 1222 de
1022 1166 1274 1220 ﬁdelibus
1308 1165 1584 1234 quondam
1638 1167 1957 1228 usurpatum

385 1267 582 1321 fuerat.
623 1265 700 1317 llli
738 1276 974 1330 namque
1007 1258 1267 1328 praeclara
1317 1270 1498 1310 rerum
1529 1251 1877 1307 abdicatione
1908 1249 1961 1302 id

387 1357 782 1428 praeoptabant,
814 1353 956 1423 quod
1006 1364 1296 1406 commune
1334 1356 1453 1402 erat
1488 1362 1501 1398 :
1535 1345 1627 1401 hic
1660 1359 1790 1399 vero
1821 1342 1960 1396 mala

383 1449 626 1504 omnium
662 1445 1046 1502 communione
1079 1443 1244 1497 ﬁebat
1276 1456 1342 1495 ne
1373 1441 1472 1494 ista
1517 1438 1618 1491 rite
1644 1436 1966 1490 abdicaren-

388 1552 515 1609 tur;
544 1550 776 1609 eratque
810 1536 1054 1608 praecelsi
1101 1534 1338 1589 instituti
1389 1531 1642 1586 confusio
1687 1529 1962 1598 qatedam,

388 1648 560 1702 usque
611 1634 747 1685 adeo
790 1638 849 1684 ut
883 1645 1003 1699 qua:
1053 1627 1424 1697 virginitatem
1486 1621 1732 1692 professa
1793 1629 1963 1684 esset,

388 1725 604 1779 cunctis
635 1723 806 1791 stupri
834 1728 1087 1789 suspecta
1117 1720 1429 1773 haberetur.
1459 1714 1785 1782 Haecitaque
1815 1725 1966 1764 mens

392 1814 478 1868 il'a
507 1812 798 1881 purissima
839 1823 1026 1863 secum
1055 1807 1438 1869 considerans,
1476 1803 1619 1858 nulla
1647 1799 1968 1870 interposita

392 1918 543 1958 mora
575 1902 840 1973 providit,
878 1914 944 1953 ne
975 1898 1200 1953 omnino
1232 1912 1419 1951 casum
1464 1896 1703 1965 aliquem
1749 1892 1971 1946 induce-

393 2003 474 2049 ret
516 1993 721 2047 malum
782 1989 1175 2061 periculosum,
1213 1988 1380 2058 inque
1422 1998 1633 2055 turpem
1692 1983 1971 2039 libidinem

391 2088 619 2144 allectus
666 2095 1002 2154 erumperet.
1056 2079 1249 2150 Itaque
1286 2079 1587 2150 apostolica
1641 2076 1974 2131 auctoritate

393 2187 575 2240 utens,
605 2176 853 2229 addictos
885 2171 964 2227 illi
991 2173 1302 2241 episcopos,
1332 2181 1382 2222 et
1419 2168 1509 2238 qtti
1541 2166 1777 2221 Phinees
1807 2180 1974 2218 tentu-

395 2271 652 2322 lationent
690 2267 874 2320 animo
906 2265 1127 2317 inﬁxam
1163 2264 1451 2326 haberent,
1479 2260 1582 2314 sibi
1610 2259 1810 2328 delegit
1839 2272 1976 2328 prae-

395 2375 563 2416 cones
597 2358 729 2428 :qni
770 2356 1000 2411 subinde
1050 2352 1205 2407 missi
1238 2365 1344 2420 quo
1394 2364 1530 2418 opus
1561 2356 1678 2402 erat
1707 2346 1974 2401 canonico

397 2454 630 2524 pugione
662 2449 836 2503 morbi
870 2446 1021 2503 nefas
1057 2451 1511 2514 compungerent,
1541 2450 1704 2510 atque
1731 2437 1977 2493 admoni-

401 2546 540 2611 tOrja
602 2542 902 2599 lenitudine
967 2539 1225 2594 sisterent
1282 2535 1687 2604 contagionem.
1741 2530 1804 2585 Hi
1848 2544 1978 2600 ergo

398 2646 839 2707 quaquaxersnm
880 2628 1138 2700 profecti,
1171 2627 1259 2683 ubi
1295 2626 1342 2681 is
1375 2626 1596 2680 morbus
1647 2624 1974 2687 increverat,

400 2745 467 2784 ac
508 2727 822 2784 salubribus
871 2731 1177 2792 opportune
1213 2718 1295 2775 usi
1347 2717 1607 2773 remediis
1632 2756 1648 2782 ,
1678 2718 1977 2771 obscenum

401 2821 598 2875 vulnus
634 2828 692 2872 ut
733 2816 1121 2878 obduceretur,
1177 2812 1359 2867 studio
1409 2808 1710 2865 ell‘ecerunt
1741 2824 1755 2862 :
1791 2804 1979 2876 procul

401 2926 431 2965 a
462 2909 593 2963 viris
641 2915 992 2977 segregantes
1058 2902 1388 2958 feminarum
1433 2898 1797 2954 contubernio
1832 2895 1981 2950 addi-

403 3008 521 3053 ctas
556 2996 849 3058 aediculas,
892 3002 946 3048 et
991 3008 1087 3047 eas
1136 3006 1319 3044 rerum
1352 2990 1788 3042 necessariarum
1823 2985 1978 3055 copia

2057 523 2378 594 ἀγχιστείας
2405 521 2440 592 ἢ
2471 520 2567 594 καὶ
2596 519 2696 589 τῆς
2721 517 2889 588 ἄλλης
2931 515 3041 570 τῶν
3089 513 3370 583 ὀνομάτων
3400 510 3638 577 εὐνοίας,

2057 615 2187 684 ἄγχι
2216 631 2289 684 πη
2321 611 2430 665 τῶν
2453 607 2818 682 παρθενώνων
2848 606 2919 659 τὰ
2952 604 3165 659 ἐαυτῶν
3209 601 3639 672 καταπηγνύναι

2056 704 2167 757 δεῖν
2194 704 2455 776 ᾠήθησαν
2483 699 2932 772 άσκητήρια,τὴν
2957 698 3059 769 μέν
3088 695 3356 768 πρόδηλον
3379 694 3640 761 συνοίκη-

2061 812 2146 849 σιν
2175 795 2492 866 φεύγοντες,
2517 792 2616 863 τὴν
2645 794 2709 844 ἐκ
2733 790 2845 843 τῶν
2871 786 3156 858 λογισμῶν
3189 786 3245 840 δὲ
3281 783 3633 853 συγκατάθε-

2062 906 2144 942 σιν
2170 888 2456 961 διαδρᾶναι
2478 882 2760 948 παντελῶς
2782 882 2844 937 ού
2861 873 3288 951 δυνάμενοι.Ἦν
3311 877 3423 948 γὰρ
3452 878 3641 940 αὐτοῖς
3713 879 3722 899 ⁵

2061 982 2243 1036 πάντα
2264 980 2420 1033 κοινὰ
2439 979 2532 1032 καὶ
2565 978 2827 1047 κτήματα
2855 975 2948 1028 καὶ
2979 971 3268 1043 ὑπάρξεις,
3300 968 3566 1032 ἐναντίως
3599 968 3635 1040 ἢ

2060 1074 2122 1127 τὸ
2150 1072 2280 1142 περὶ
2307 1072 2417 1125 τῶν
2442 1070 2811 1123 πιστευόντων
2843 1065 3010 1120 πάλαι
3044 1065 3358 1132 λεγόμενον.
3376 1060 3641 1122 Ἐκείνοις

2066 1163 2166 1235 μὲν
2199 1161 2307 1234 γὰρ
2338 1163 2396 1214 ἐν
2426 1160 2507 1230 τῷ
2535 1159 2717 1222 καλῶς
2741 1156 3089 1211 άποκτᾶσθαι
3118 1153 3187 1207 τά
3219 1153 3351 1206 ὄντα
3375 1151 3437 1204 τὸ
3462 1148 3642 1204 κοινὸν

2065 1253 2491 1323 προύτετίμητο,
2531 1248 2768 1303 ἐνταῦθα
2798 1248 2855 1301 δέ
2878 1247 2957 1318 τῷ
2985 1248 3054 1300 τὰ
3085 1246 3267 1299 πάντα
3294 1242 3484 1304 κακῶς
3524 1257 3644 1295 κοι·

2065 1344 2290 1400 νοῦσθαι
2321 1346 2382 1397 τὸ
2415 1343 2490 1414 μὴ
2521 1338 2864 1397 ἀποκτᾶσθαι
2897 1337 3078 1401 καλῶς
3113 1333 3644 1405 ἐπεπραγμάτευτοο

2067 1438 2160 1492 καὶ
2181 1432 2251 1508 ἦν
2284 1433 2547 1505 σύγχυσίς
2571 1449 2655 1496 τις
2684 1431 2778 1485 τοῦ
2818 1428 3161 1500 ὑψηλοτάτου
3194 1426 3310 1496 βίου
3333 1464 3349 1491 ,
3396 1424 3493 1478 καὶ
3535 1424 3647 1485 πᾶς

2066 1530 2211 1593 ὅστις
2248 1528 2305 1580 ἐν
2348 1526 2559 1596 ὑποψίᾳ
2604 1523 2864 1594 πορνείας
2895 1522 2956 1575 τὸ
2998 1520 3099 1589 τῆς
3145 1517 3449 1590 παρθενίας
3495 1511 3644 1586 εἶχεν

2016 1630 2023 1637 ⁵
2071 1620 2422 1691 ἐπάγγελμα.
2463 1618 2636 1671 Τοῦτο
2690 1615 2909 1669 σκοπῶν
2940 1614 3147 1676 ἐκεῖνος
3192 1612 3221 1663 ὁ
3254 1605 3648 1680 καθαρώτατος

2070 1714 2217 1777 νοῦς,
2249 1712 2511 1782 οὐδεμίαν
2536 1708 2850 1781 παράτασιν
2877 1705 3139 1777 χρονικὴν
3169 1702 3487 1771 ὑπέμεινεν,
3510 1699 3545 1769 ἢ
3572 1696 3652 1766 τῷ

2071 1805 2329 1873 πτώματι
2351 1802 2610 1857 ἐνδέδωκε
2642 1798 2900 1854 παντελεῖ
2923 1795 3300 1869 περιπαρῆναι
3328 1791 3523 1863 κηλῖδα
3553 1788 3652 1844 καὶ

2072 1896 2343 1965 ἐξοκεῖλαι
2398 1894 2537 1966 πρὸς
2579 1890 2921 1964 ἡδυπαθείας
2968 1886 3298 1958 ἐμπάθειαν.
3371 1884 3535 1938 ’Λλλά
3579 1884 3650 1954 τῇ

2072 1989 2408 2059 ἀποστολικῇ
2446 1985 2710 2056 αὐθεντίξι
2734 1982 3110 2055 χρησάμενος,
3137 1979 3269 2041 τοὺς
3297 1975 3392 2030 ἐπὶ
3424 1975 3645 2044 φυλακῇ

2072 2084 2275 2154 ταύτης
2334 2080 2582 2151 ὁρῶντας
2630 2076 2729 2131 καὶ
2784 2083 2876 2129 τον
2904 2070 3089 2136 Φινεὲς
3146 2070 3308 2140 ζῆλον
3361 2066 3652 2137 ἐγκάρδιον

2074 2178 2295 2249 ἔχοντας
2325 2174 2603 2243 ἀρχιερεῖς
2642 2165 3082 2235 ἀπολεξάμενος,
3129 2163 3207 2226 ὡς
3246 2161 3342 2215 ἐπὶ
3389 2159 3647 2228 δεύτερον

2074 2265 2424 2337 ἐξαπέστειλε
2445 2265 2733 2333 κήρυγμα,
2759 2257 2821 2312 τὸ
2852 2256 2948 2311 τοῦ
2968 2255 3173 2316 πάθους
3202 2250 3531 2321 ἐκκεντῆσαι
3551 2251 3652 2319 μύ-

2078 2378 2167 2424 σος
2187 2358 2266 2429 τῷ
2287 2355 2563 2426 κακονικῷ
2583 2351 2942 2425 σειρομάστῃ,
2966 2347 3063 2401 καὶ
3086 2349 3281 2415 στῆσαι
3308 2343 3407 2414 τὴν
3425 2338 3655 2411 θραῦσιν

2074 2449 2163 2503 διὰ
2199 2428 2301 2516 τῆς
2331 2444 2727 2515 παραινετικῆς
2758 2438 3075 2506 ἐξιλάσεως.
3105 2435 3169 2488 Ol
3203 2432 3259 2486 δὲ
3289 2430 3433 2485 κατά
3463 2428 3649 2496 πάσης

2076 2540 2176 2610 τῆς
2204 2538 2347 2593 οὕτω
2379 2533 2645 2613 νοσούσης
2678 2533 3015 2600 οἰκουμένης
3046 2525 3332 2596 γενόμενοι
3361 2562 3376 2587 ,
3405 2521 3501 2574 καὶ
3542 2520 3656 2580 τοῖς

2080 2607 2370 2702 σωτηρίοις
2401 2608 2720 2698 φαρμάκοις
2746 2621 3024 2691 εὐκαίρως
3054 2616 3430 2689 χρησάμενοι,
3466 2609 3531 2665 τὸ
3557 2607 3657 2663 τοῦ

2082 2723 2352 2796 μώλωπας
2380 2719 2644 2781 δύσαντες
2676 2718 2757 2779 είς
2785 2712 3119 2770 συνούλωσιν
3181 2706 3475 2763 συνελάσαι
3519 2720 3660 2759 κατ-

2082 2814 2357 2867 έσπευσαν
2399 2827 2413 2841 ο
2468 2809 2659 2880 πόρρω
2709 2806 2810 2877 μὲν
2862 2801 3073 2877 ἀνδρῶν
3119 2800 3220 2871 τὴν
3273 2796 3663 2869 γυναικωνῖτιν

2078 2908 2290 2962 δίαιταν
2321 2903 2718 2974 ἀφορίσαντες.
2777 2897 2872 2952 καὶ
2925 2894 3164 2965 ἀφθονίᾳ
3192 2891 3303 2946 τῶν
3340 2887 3664 2956 ἐπιτηδείων

2082 2992 2535 3063 ἐπιτειχίσαντες,
2555 2987 2632 3050 ώς
2655 2986 2720 3040 ἂν
2742 2986 2817 3056 μὴ
2838 2986 2906 3055 τῇ
2929 2981 3136 3035 τούτων
3160 2977 3339 3048 ἐνδείᾳ
3366 2976 3666 3041 πιέξοιντο,

403 3090 618 3145 abunde
668 3088 1023 3148 instruentes,
1082 3097 1153 3137 ne
1189 3081 1407 3134 illarum
1457 3078 1687 3149 penuria
1759 3076 1979 3131 occasio

2087 3088 2178 3141 καὶ
2214 3082 2515 3145 ἀκολασίας
2567 3079 2870 3149 ὑπόμνημα
2896 3075 3147 3145 δέχοιντο
3173 3111 3189 3135 ,
3225 3069 3325 3124 καὶ
3349 3068 3564 3137 γένοιτο
3596 3066 3667 3118 τά

405 3181 538 3252 ipsis
587 3180 724 3232 foret
773 3175 1005 3230 luxuria:
1040 3173 1094 3227 in
1128 3171 1450 3226 memoriam
1493 3170 1833 3231 revocandae,
1889 3168 1985 3222 lie-

406 3283 640 3340 rentque
671 3267 970 3323 novissima
1005 3264 1187 3333 priore
1213 3262 1303 3316 illa
1338 3258 1748 3315 consociatione
1778 3259 1982 3328 pejora.

410 3362 565 3418 Viros
606 3369 786 3415 autent
824 3359 889 3413 ad
935 3365 1195 3412 consueta
1252 3353 1497 3424 ipsorum
1550 3351 1737 3405 munia
1766 3338 1974 3405 ac'ntov

408 3454 669 3517 nasteria,
703 3461 793 3505 aut
841 3450 1021 3520 potius
1065 3439 1132 3501 ad
1174 3447 1457 3519 internum<
1505 3435 1769 3514 cujusque
1816 3441 1984 3495 animi

406 3560 597 3602 curam
652 3543 1061 3611 ablegaverunt,
1108 3539 1188 3594 eis
1222 3540 1537 3599 suadentes,
1569 3544 1627 3588 ut
1661 3544 1919 3603 tanquant
1954 3548 1982 3585 a

408 3652 593 3692 morsu
652 3634 861 3689 colubri
909 3648 937 3686 a
991 3630 1318 3685 feminarum
1393 3626 1642 3682 convictu
1700 3624 1984 3695 fugerent,

408 3742 479 3782 ne
559 3727 684 3796 quis
754 3740 849 3794 per
907 3720 1317 3797 cogitationum
1370 3716 1596 3787 ianuam
1663 3714 1986 3769 libidinosus

409 3832 716 3872 consensus
765 3815 1111 3878 subintrans,
1160 3810 1345 3865 animo
1401 3808 1566 3862 telum
1617 3807 1869 3877 inﬁgeret
1922 3822 1987 3862 ac

410 3911 702 3965 sauciaret.
758 3905 911 3960 llunc
956 3905 1010 3959 in
1060 3903 1280 3958 modum
1339 3901 1425 3956 isti
1488 3898 1761 3954 castitatis
1820 3896 1988 3951 duces

411 4015 626 4057 onmem
667 4012 856 4052 curam
900 4009 1059 4051 sacro
1108 3993 1500 4048 monachorum
1554 3990 1706 4061 gregi
1748 3989 1987 4058 regendo

410 4095 756 4154 adhibentes,
796 4089 960 4144 utiles
985 4088 1068 4143 sui
1100 4086 1284 4155 operis
1338 4097 1549 4138 merces
1576 4096 1700 4135 cum
1732 4078 1990 4134 laudabili

410 4186 601 4243 fenore
630 4182 773 4255 apud
807 4189 1086 4252 pastorum
1128 4176 1431 4247 principem
1486 4170 1787 4226 incolumes
1840 4183 1989 4224 recec

414 4289 749 4435 peggjtbuin
780 4365 947 4421 etiam
989 4361 1403 4433 quibuscunque
1436 4355 1489 4409 in
1526 4353 1753 4410 urbibus
1802 4353 1990 4421 vigen-

2086 3177 2289 3246 ἔσχατα
2311 3172 2482 3244 χείρω
2512 3170 2610 3241 τῆς
2640 3166 2869 3239 πρώτης
2907 3162 3088 3217 αὐτῶν
3124 3159 3480 3220 συναλίσεως.
3518 3156 3670 3227 Πρὸς

2084 3268 2142 3321 δέ
2166 3266 2232 3320 τά
2259 3262 2471 3318 ἐαυτῶν
2502 3262 2611 3333 ἢθη
2635 3276 2697 3314 τε
2729 3258 2826 3312 καὶ
2855 3254 3193 3325 ἀσκητήρια,
3226 3250 3428 3321 μᾶλλον
3446 3249 3505 3301 δέ
3536 3247 3673 3317 πρὸς

2084 3358 2153 3412 τά
2179 3357 2278 3427 τῆς
2309 3354 2541 3407 ἐκάστου
2566 3348 2747 3420 ψυχῆς
2775 3346 3136 3416 αἰσθητήρια,
3157 3342 3287 3406 τοὺς
3304 3339 3506 3410 ἄνδρας
3560 3337 3673 3390 ἀπ·-

2087 3449 2335 3519 ἐκριναν,
2397 3445 2492 3499 καὶ
2533 3438 2922 3514 προτροπάδην
2954 3435 3181 3507 φεύγειν
3233 3434 3308 3497 ὡς
3351 3434 3417 3486 ἐκ
3463 3428 3676 3499 δήξεως

2086 3542 2263 3610 ὄφεως
2291 3537 2392 3608 τὴν
2419 3534 2528 3588 τῶν
2574 3530 2854 3603 γυναικῶν
2885 3529 3224 3583 κατέπεισαν
3271 3523 3672 3591 συνδιαίτησιν,

2092 3635 2290 3704 μήπως
2327 3629 2416 3685 διὰ
2444 3627 2544 3698 τῆς
2570 3626 2681 3679 τῶν
2708 3620 2986 3693 λογισμῶν
3010 3619 3230 3691 θυρίδος
3259 3621 3292 3689 ή
3325 3617 3433 3670 τῶν
3466 3614 3676 3687 ἡδονῶν

2088 3722 2493 3794 συγκατάθεσις
2547 3716 2964 3790 παρακύψασα,
3028 3712 3185 3784 βέλος
3233 3710 3515 3778 ἐπαφήσοι
3574 3709 3675 3762 καὶ

2087 3817 2291 3891 τρῶσιν
2334 3812 2575 3885 ψυχικὴν
2619 3808 2996 3880 ἐνεργάσοιτο.
3028 3805 3188 3861 Οὕτω
3217 3804 3314 3875 τῆς
3361 3801 3515 3871 ἱερᾶς
3562 3800 3676 3853 τῶν

2092 3907 2444 3980 μονοτρόπων
2467 3902 2669 3974 ἀγέλης
2695 3904 2743 3955 ol
2773 3900 2873 3972 τῆς
2903 3897 3263 3970 σωφροσύνης
3288 3912 3355 3950 κτ
3367 3892 3466 3948 ίλοι
3496 3896 3682 3966 ἐμμε-

2088 4005 2196 4070 λῶς
2223 4003 2565 4075 ἡγησάμενοι
2587 4041 2603 4066 ,
2628 3997 2700 4052 τὰ
2726 3983 3039 4069 ψυχοκερδῆ
3062 3994 3159 4065 τῆς
3188 3990 3456 4065 ἐργασίας
3492 3989 3681 4044 αὐτῶν

2087 4095 2488 4170 ἐμπορεύματα
2524 4093 2622 4145 σὺν
2651 4087 3032 4159 ἐπαινουμένῳ
3058 4085 3206 4155 τόκῳ
3238 4083 3378 4155 πρὸς
3409 4082 3503 4141 τὸν
3550 4081 3680 4153 ’Δρ-

2089 4187 2388 4261 χιποίμενα
2424 4180 2775 4237 διεσώσαντο.

2165 4344 2273 4435 κη’.
2317 4362 2479 4417 Ἀλλά
2510 4362 2577 4432 δὴ
2604 4361 2699 4415 καὶ
2720 4361 2802 4424 είς
2834 4359 3016 4412 πᾶσαν
3042 4356 3232 4427 ἥντινα
3271 4349 3364 4408 οὖν
3389 4353 3487 4408 καὶ
3519 4353 3681 4408 πόλιν

416 4475 523 4518 tcm
572 4478 691 4516 eam
734 4459 876 4513 luem
914 4455 1120 4511 invenit
1159 4450 1519 4518 Nicephorus,
1573 4447 1784 4500 calamo
1830 4454 1979 4514 atque

2096 4458 2193 4512 ml.
2208 4455 2414 4529 χώραν,
2430 4455 2479 4507 εί
2498 4451 2728 4522 ταυτηνὶ
2744 4449 2842 4521 τὴν
2861 4448 3015 4503 νόσον
3043 4444 3402 4516 ἀκμάζουσαν
3421 4442 3683 4514 εὕρισκεν

415 4558 726 4608 atramento
768 4547 1063 4609 medicans,
1120 4539 1463 4597 curationem
1520 4535 1597 4591 illi
1647 4534 1997 4604 impendebat

416 4644 728 4701 sollicitant.
772 4638 943 4708 llujus
979 4635 1192 4705 generis
1225 4633 1504 4704 quidpiam
1534 4629 1588 4684 in
1625 4626 1791 4683 Tauri
1837 4641 1993 4680 mon.

422 4739 490 4793 tis
526 4735 596 4808 (ι)
630 4735 849 4790 climate
907 4730 1139 4799 quodam
1186 4742 1250 4784 ac
1288 4725 1528 4793 satrapia
1579 4721 1824 4777 noscitur
1854 4732 1993 4789 prae-

419 4830 648 4887 stitisse.
685 4825 930 4881 Praeerat
969 4832 1080 4877 tum
1119 4819 1197 4875 illi
1243 4818 1389 4889 genti
1423 4819 1529 4872 dux
1561 4829 1732 4885 usque
1764 4827 1831 4867 eo
1869 4826 1994 4882 pes—
2046 4828 2049 4829 '

423 4926 564 4982 sitno
613 4922 742 4978 huic
783 4918 1080 4986 implicitus
1117 4914 1270 4978 vitio,
1311 4921 1372 4966 ut
1419 4920 1665 4966 scortum
1719 4908 1991 4978 quoddam

423 5015 835 5073 introducturus
870 5027 900 5066 a
939 5007 1181 5080 legitima
1232 4995 1462 5073 conjuge
1499 5001 1789 5055 divortiqu
1822 4996 1995 5052 medi-

423 5117 650 5163 taretur.
678 5106 848 5173 Quem
875 5100 1217 5172 Nicephorus
1239 5106 1298 5152 ut
1323 5112 1353 5151 a
1389 5094 1691 5149 foedissima
1722 5090 1812 5146 lne
1840 5105 1998 5144 mun-

426 5202 581 5255 daret
597 5198 803 5267 scripto
826 5196 1147 5259 admonens,
1174 5193 1353 5247 scelus
1379 5187 1453 5243 illi
1473 5184 1675 5255 objccit
1703 5184 1756 5237 in
1783 5180 1997 5241 faciem,

428 5292 735 5362 adiecitque
771 5290 968 5353 minas,
998 5287 1222 5358 quibus,
1268 5281 1372 5336 nisi
1404 5294 1465 5336 se
1506 5276 1787 5332 continere
1819 5271 2002 5335 vellet,

426 5385 622 5441 merito
652 5382 947 5439 obnoxium
988 5379 1107 5434 fore
1153 5374 1366 5433 statuit.
1414 5373 1590 5441 Atque
1625 5370 1739 5422 haec
1778 5364 1999 5436 quidem

426 5475 498 5533 ad
530 5490 655 5530 eum
689 5472 806 5529 fere
831 5488 889 5528 se
921 5472 1142 5528 modum
1189 5466 1480 5524 habebant.

500 5589 789 5661 (s)Auuota
800 5599 882 5642 rat
904 5587 1195 5661 Cotnhelis.
1220 5581 1532 5661 viderilttec
1552 5573 2009 5661 dttlilicianutrit_ts-

425 5644 531 5730 que
551 5644 729 5716 'sexus
750 5659 999 5714 cmnobia
1039 5656 1229 5721 fuisse,
1270 5653 1449 5723 qualia
1478 5658 1601 5707 sunt
1627 5644 1657 5705 a
1685 5648 1743 5703 S.
1776 5644 2007 5718 Brigitta

421 5732 700 5789 instituta.

2096 4550 2330 4620 καλάμῳ
2364 4546 2460 4601 καὶ
2512 4544 2705 4616 μέλανι
2735 4541 2834 4611 τὴν
2862 4538 3165 4610 θεραπείαν
3198 4536 3371 4605 αὐτῆς
3407 4534 3681 4605 κεραννις

2064 4692 2067 4695 ,
2096 4633 2574 4710 ἐπραγματεύετο.
2618 4629 2832 4685 Ὀποῖόν
2877 4645 2931 4683 τι
2983 4627 3079 4681 καὶ
3116 4624 3240 4679 καθ’
3272 4624 3331 4679 ἐν
3361 4623 3440 4678 τῶ
3476 4623 3684 4695 Ταυρι-

2096 4727 2208 4783 κῶν
2250 4723 2532 4795 κλιμάτων
2578 4718 2882 4792 πεπραχὼς
2922 4716 3284 4785 ἀναφαίνεται
3305 4731 3319 4746 ·
3348 4715 3378 4768 ό
3425 4714 3536 4785 γάρ
3577 4714 3683 4786 τὴν

2094 4820 2216 4874 τότε
2250 4818 2344 4872 τοῦ
2374 4815 2567 4886 γένους
2594 4807 3360 4885 ἡγεμονίαν-ἐπανῃρημένος,
3395 4806 3473 4862 τῶ
3498 4804 3684 4877 αἴσχει

2090 4909 2267 4980 τούτῳ
2296 4904 2659 4971 καταποθεὶς,
2693 4904 2783 4956 ἐπ’
2812 4903 3109 4972 εἰσαγωγῇ
3136 4916 3282 4964 τινος
3318 4899 3543 4970 ἐταίρας
3579 4897 3684 4968 τῆς

2097 4999 2296 5056 ἐαυτοῦ
2328 4998 2565 5067 συζύγου
2602 4994 2889 5050 διάστασιν
2923 4994 3256 5065 ἐμελέτησεν
3277 5008 3294 5024 ο
3329 4991 3389 5044 δν
3418 4989 3683 5060 άποσμῆ-

2099 5076 2187 5157 an
2227 5089 2323 5143 τοῦ
2352 5088 2618 5157 ἐπιψόγου
2657 5084 3006 5158 μολύσματος
3048 5084 3211 5155 ἔργον
3241 5081 3504 5154 θέμενος,
3534 5079 3685 5152 Γρα-

2101 5184 2290 5254 φικαῖς
2320 5179 2630 5251 ὑποθήκαις
2657 5195 2720 5232 τε
2761 5178 2857 5232 καὶ
2907 5176 3164 5239 ἀπειλαῖς
3198 5175 3342 5228 κατὰ
3391 5172 3686 5245 πρόσωπον

2103 5272 2251 5345 αὐτῷ
2280 5274 2380 5342 τὴν
2411 5260 2687 5343 ἀμαρτίαν
2731 5271 3103 5340 παρέστησεν,
3136 5268 3232 5322 καὶ
3257 5266 3334 5331 ὡς
3363 5267 3411 5320 εί
3446 5264 3524 5336 μὴ
3554 5263 3685 5335 βού-

2107 5367 2253 5419 λοιτο
2279 5367 2486 5435 ταύτης
2534 5363 2873 5434 ἀποσχέσθαι
2904 5362 3141 5425 ἐκείναις
3159 5358 3431 5424 ,ὑπόδικος
3458 5355 3688 5419 ἐνδίκως

2110 5458 2415 5527 γενήσοιτο.
2446 5452 2559 5507 Καὶ
2585 5453 2762 5509 ταῦτα
2794 5453 2893 5525 μὲν
2926 5450 3069 5507 οὕτω
3109 5467 3186 5521 πη
3221 5448 3403 5519 ἔσχεν.
3470 5456 3475 5461 ”

2171 5572 2239 5640 (t)
2272 5568 2487 5640 Taurus
2512 5569 2830 5640 notissimus
2857 5568 3001 5622 Asire
3028 5578 3209 5630 mons,
3241 5561 3318 5640 εὐ
3341 5560 3688 5632 patriarcha-

2101 5630 2233 5695 tom'
2265 5639 2665 5694 Antiochenam
2718 5638 2829 5692 late
2892 5647 3176 5692 extensus.
3208 5701 3214 5703 Α
3241 5630 3451 5687 Forsan
3496 5644 3686 5703 partes

2101 5710 2435 5782 Pamphylia
2465 5716 2556 5764 aut
2601 5709 2729 5764 huic
2755 5708 2948 5765 vicina:
2990 5706 3080 5763 hic
3109 5701 3443 5762 indicantur.
