3948 6154
415 378 473 442 9i
1404 387 1462 445 S.
1500 385 1917 446 NICEPHORI
1954 386 1989 445 P

2090 384 2459 445 'RIARCIIE
2488 384 2592 445 (ΣΡ.
3603 394 3675 455 92

419 487 581 547 laute,
614 492 755 558 quod
792 490 944 544 vobis
984 491 1339 546 offensionem
1393 495 1543 555 fecit,
1574 495 1789 563 penitus
1837 509 1989 548 amo-

2091 493 2183 547 τοῦ
2219 495 2538 562 Πνεύματος
2586 494 2838 564 συζητεῖν
2877 498 2980 550 οὐκ
3027 499 3323 565 ἀναγκαῖον
3370 498 3675 568 τιθέμεθα.

420 593 661 634 vemnus.
728 580 801 635 Os
831 591 1007 637 autem
1068 584 1298 651 aperire,
1333 594 1496 655 atque
1553 600 1614 639 ea
1682 600 1802 655 qum
1861 594 1989 639 sunt

2096 584 2198 636 κΞῘιν
2220 584 2267 636 εί
2294 582 2473 653 πάσης
2504 582 2749 654 ἀνάγκης
2780 584 3181 656 πειραθείημεν
3203 587 3372 665 αἴτια,
3401 589 3522 642 οὐδὲ
3555 592 3677 653 ταῖς

423 671 678 738 Spiritus,
706 690 826 728 eum
859 677 945 739 iis,
965 677 1055 745 qui
1090 693 1118 730 a
1143 675 1349 744 Spiritu
1384 678 1543 732 alieni
1567 688 1712 746 sunt,
1740 677 1989 733 conferre

2098 677 2191 729 ὑπ’
2215 675 2438 727 ἐκείνων
2463 676 2908 740 ἀποκνισθείσαις
2934 678 3239 748 Γραφικαῖς
3262 684 3353 733 καὶ
3372 682 3678 752 Πατρικαῖς

421 771 665 835 atquein
720 771 1141 838 disputationem
1187 787 1406 841 vocare,
1442 774 1582 827 haud
1638 788 1820 846 operte
1863 787 1989 842 pre-

2098 768 2397 837 ὑπείκομεν
2431 766 2647 838 ρήσεσι.
2676 768 2853 821 Πάλαι
2874 771 2984 840 γὰρ
3014 772 3118 824 ὑπὸ
3145 773 3356 853 πολλῶν
3386 774 3664 845 ἐλεγχθεῖ-

424 859 553 911 tiutn
586 874 707 913 esse
740 860 1009 927 ducimus,
1033 877 1355 931 quacunque
1405 864 1624 918 demum
1651 865 1715 917 ad
1748 866 1851 918 hoc
1895 876 1989 916 ne-

2101 876 2212 921 σαι,
2250 858 2341 910 καὶ
2371 857 2649 928 Πατέρων,
2683 857 3002 929 τεθνήκασι.

420 947 677 1001 cessitate
744 951 1005 1018 compulsi
1069 951 1335 1008 fuerimus
1390 970 1403 1006 :
1462 969 1636 1023 neque
1689 966 1868 1008 tamen
1914 953 1986 1006 iis
2055 950 2378 1012 sententiis,
2434 964 2571 1016 quas
2626 962 2691 1002 ex
2768 947 3052 1019 Scriptura
3115 952 3450 1024 Patruntque
3518 950 3674 1010 libris

421 1037 830 1105 decerpserintt,
888 1053 1171 1113 propterea
1236 1045 1501 1101 cedimus.
1560 1045 1679 1101 Jam
1731 1046 1859 1100 olim
1919 1044 2063 1099 enim
2127 1058 2157 1094 a
2222 1032 2405 1094 tnultis
2460 1041 2624 1093 etiam
2683 1041 2931 1098 Patribus
2993 1044 3321 1110 eonl'utatae,
3382 1049 3663 1103 exstinctae

420 1140 564 1184 ιυηι.

1849 1262 2077 1322 CAPUT
2120 1264 2227 1322 Vll.

619 1415 947 1487 Colloquium
982 1418 1152 1470 sancti
1188 1415 1473 1486 Nicepltori
1504 1432 1622 1471 cum
1653 1419 1967 1486 imperatore
1999 1418 2064 1471 de
2098 1419 2333 1489 sculptili
2362 1436 2427 1473 ea:
2458 1421 2763 1490 prwscriplo
2796 1419 2994 1490 Moysi:
3030 1440 3131 1477 non
3183 1424 3444 1495 faciendo.

495 1579 580 1633 ιε.
612 1578 748 1633 Tum
799 1580 1098 1649 imperator
1148 1580 1478 1648 suscipiens,
1517 1581 1640 1634 ait:
1690 1581 1770 1635 An
1827 1582 1989 1651 igitur

2162 1578 2270 1648 μβ’.
2309 1580 2417 1632 Καὶ
2449 1581 2476 1632 ό
2504 1579 2757 1649 βασιλεὺς
2789 1579 3112 1648 ὑποφθάσας
3144 1582 3332 1653 φησίν·
3379 1584 3522 1639 Ἀλλ’
3550 1585 3673 1640 οῦδὲ

422 1689 489 1727 ne
511 1670 719 1741 Moyses
754 1673 974 1741 quidem
1007 1686 1192 1726 veram
1217 1672 1310 1724 tibi
1337 1672 1403 1726 de
1436 1672 1519 1725 his
1567 1674 1757 1727 doctus
1782 1675 1989 1727 videtur

2090 1669 2330 1739 Μωῦσῆτ
2365 1686 2446 1722 σοι
2470 1670 2601 1740 περὶ
2624 1672 2831 1723 τούτων
2858 1669 2959 1740 τῆς
3014 1670 3250 1741 ἀληθοῦς
3298 1677 3674 1743 πεφωτικέναι

421 1763 797 1818 sententiam?
832 1761 966 1815 Num
1008 1763 1219 1816 dubitas
1248 1761 1448 1834 Moysis
1490 1768 1653 1819 verba
1700 1765 1790 1818 Dei
1829 1765 1989 1820 verba

2090 1761 2339 1829 φαίνεται
2392 1761 2641 1830 ρήσεως;
2686 1761 2801 1814 Οὐκ
2836 1761 2903 1815 ἂν
2949 1762 3005 1815 δὲ
3039 1762 3375 1833 ἀμφιγνοίης
3414 1766 3489 1829 ὡς
3533 1766 3671 1821 Θεοῦ

420 1869 564 1917 esse,
590 1854 679 1923 qui
707 1854 952 1922 prmclpit
991 1868 1092 1906 non
1127 1853 1430 1907 faciendum
1477 1869 1599 1910 esse
1656 1855 1853 1909 idolum
1896 1870 1989 1910 seu

2090 1851 2237 1917 λόγοι
2278 1850 2373 1923 τοῦ
2420 1852 2663 1913 Μωσέως
2704 1853 2752 1905 οἱ
2802 1851 2989 1920 λόγοι,
3049 1854 3188 1923 μήτε
3241 1855 3482 1921 εἴδωλον,
3533 1857 3671 1927 μήτε

420 1946 773 1999 simulaérum
806 1960 868 1998 ac
920 1944 1352 2009 similitudinem,
1387 1947 1546 2014 idque
1607 1963 1708 1999 non
1757 1947 1988 2001 hominis

2090 1943 2340 2013 ὁμοίωμα
2370 1934 2543 1996 ποιεῖν
2571 1941 2961 2013 ἐπιτρέποντος
2981 1982 2995 2005 ,
3027 1943 3125 1995 οὐκ
3156 1945 3447 2015 ἀνθρώπου
3486 1948 3668 2015 μόνον.

424 2041 654 2096 tantum,
691 2032 785 2085 sed
823 2032 1068 2086 absolute
1100 2048 1163 2085 ac
1193 2033 1469 2088 indefinite
1507 2039 1580 2088 rei
1618 2036 1844 2090 alterius
1891 2051 1989 2091 cu-

2094 2034 2279 2097 ἁπλῶς
2298 2033 2368 2087 ’δὲ
2396 2033 2538 2087 οὕτω
2567 2034 2658 2086 καὶ
2707 2031 2998 2103 ἀορίστως,
3039 2035 3112 2103 μὴ
3144 2035 3254 2087 τῶν
3286 2036 3411 2088 κατ’
3440 2036 3673 2106 οὐρανὸν

418 2121 751 2191 juscunquc,
783 2123 834 2175 in
866 2124 1004 2177 cmlo
1035 2138 1267 2193 aereque
1305 2126 1601 2179 volantium
1634 2169 1648 2183 .
1686 2136 1780 2180 aut
1814 2127 1995 2181 viven-

424 2214 555 2264 timn
599 2212 649 2265 itt
712 2222 878 2276 terra,
920 2213 1001 2268 vel
1039 2214 1192 2282 aquis
1233 2215 1644 2269 innatantinm?
1679 2216 1793 2283 Qua
1829 2217 1992 2286 igitur

426 2302 635 2356 ratione
669 2301 949 2357 fabricatis
983 2304 1313 2373 imaginibus
1356 2321 1421 2361 ac
1459 2306 1766 2361 simulacris
1823 2309 1985 2362 bono-

427 2407 538 2446 rem
601 2408 695 2447 vos
747 2395 1052 2457 adhibetis,
1097 2410 1221 2449 cum
1284 2395 1560 2466 legislator
1601 2399 1764 2452 etiam
1816 2398 1995 2455 facere

421 2485 682 2554 ejusmodi
719 2486 1528 2554 prohibeat?PATRIARCHA.
1566 2487 1722 2544 Velut
1745 2492 1797 2544 in
1821 2491 1988 2546 altum

424 2587 744 2646 vastumque
777 2579 1156 2647 disputationis
1193 2580 1431 2650 pelagus,
1459 2594 1492 2630 ο
1537 2580 1857 2650 imperator,
1889 2595 1991 2637 nos

424 2671 611 2736 ducis;
650 2670 793 2737 quod
850 2671 998 2725 multi
1049 2672 1262 2738 quidem
1316 2688 1421 2725 non
1473 2684 1596 2726 raru
1636 2672 1986 2742 traiecerunt,

426 2761 621 2815 nullius
653 2771 830 2816 autem
880 2763 1310 2826 adversantium,
1345 2766 1488 2833 quod
1534 2766 1866 2832 noverimbs,
1897 2766 1992 2821 di-

424 2850 643 2921 ligentia
684 2855 763 2908 sic
810 2854 1122 2924 enavigavit
1157 2863 1215 2907 ut
1261 2855 1326 2908 ad
1388 2856 1844 2923 imperturbatum
1875 2870 1995 2927 por-

427 2955 539 2998 tttm
575 2947 902 3014 pervenerit.
931 2946 1060 3000 Nam
1089 2947 1180 3001 alii
1215 2949 1459 3016 quidem,
1486 2963 1812 3019 quamquam
1835 2951 1992 3005 abso-

425 3052 551 3089 num
592 3037 908 3090 existiment
942 3038 1239 3108 imaginum
1266 3055 1422 3093 usum
1474 3052 1526 3094 et
1551 3042 1694 3095 velut
1733 3040 1988 3106 gentilitii

424 3126 601 3178 cultus
651 3127 817 3180 letum
860 3128 1072 3180 occulto
1125 3129 1323 3184 mentis
1365 3128 1566 3196 iudicio
1605 3129 1988 3197 criminentur,

423 3231 623 3285 easque
660 3217 1042 3272 damnantibtts
1093 3218 1489 3288 astipulentur;
1548 3220 1637 3274 ubi
1689 3232 1863 3275 tamen
1921 3221 1988 3275 ad

426 3322 540 3361 rem
570 3307 806 3369 venitur,
832 3308 1177 3377 puppi,quod
1206 3308 1376 3373 aiunt,
1402 3310 1625 3364 inhibita
1652 3326 1710 3367 se
1734 3311 1989 3380 paulatim
2018 3295 2060 3353 (ἶ

425 3397 750 3463 subducunt,
779 3398 1052 3451 contraria
1084 3409 1304 3469 agentes
1335 3400 1419 3454 bis
1455 3415 1576 3470 qua:
1611 3413 1937 3457 censuerant
1967 3423 1981 3459 :

425 3489 625 3542 habent
652 3489 798 3542 enim
830 3488 1092 3557 imagines
1116 3503 1238 3543 eum
1264 3489 1317 3544 in
1351 3491 1594 3547 ecclesiis
1624 3500 1736 3546 tum
1784 3492 1839 3547 in
1874 3493 1992 3550 foro

424 3581 589 3649 inque
630 3579 898 3644 domibus,
930 3580 1150 3649 quidam
1197 3581 1360 3635 etiam
1413 3583 1623 3639 itineris
1668 3585 1896 3641 comites
1937 3596 1990 3642 et

420 3670 839 3725 eoatubcrnales
889 3682 1032 3724 terra
1082 3672 1476 3739 marique.Alii
1534 3676 1608 3728 rei
1639 3675 1992 3746 perplexitate
2038 3690 2041 3691 '

423 3764 636 3832 penitus
664 3761 994 3827 fatiscentes,
1029 3772 1194 3831 atque
1241 3779 1268 3815 a
1304 3766 1475 3830 prima
1520 3768 1704 3821 statim
1737 3782 1991 3838 congres-

420 3856 574 3911 sione
632 3855 956 3922 abjicientes
1015 3871 1192 3919 arma,
1246 3857 1385 3912 hosti
1441 3866 1590 3927 terga
1656 3859 1886 3927 dedere;
1937 3868 1991 3916 et

422 3961 597 4015 neque
645 3946 1032 4017 prophetarum
1086 3947 1346 4018 imagines
1396 3948 1591 4004 honori
1635 3949 1853 4018 habent,
1890 3965 1990 4007 nec

419 4039 779 4108 apostolorum
810 4037 1121 4104 simulacra,
1154 4055 1331 4110 neque
1372 4051 1667 4113 martyrum
1716 4042 1987 4098 coloribus

418 4146 480 4186 ac
505 4131 758 4201 penicillo
788 4131 980 4185 ductas
1021 4130 1219 4199 ﬁguras
1257 4150 1270 4184 :
1298 4133 1389 4186 sed
1420 4133 1501 4187 his
1528 4133 1780 4189 omnibus
1814 4132 1985 4188 libera

416 4234 762 4278 exstruentes
811 4223 1011 4292 tetnpla
1053 4215 1188 4276 citra
1244 4223 1407 4275 ullum
1452 4224 1740 4293 ﬁgurarum
1797 4224 1987 4294 imagi-

419 4330 655 4384 numqne
698 4324 1041 4382 apparatum,
1061 4312 1172 4389 Deo
1197 4314 1452 4368 invisibili
1476 4325 1639 4385 atque
1665 4316 1987 4384 incorporeo

413 4407 611 4473 jactant
650 4404 1072 4472 supplicationes
1118 4405 1313 4460 uﬂ’erre
1365 4423 1422 4462 se
1452 4423 1511 4463 ac
1539 4418 1656 4462 vota
1689 4407 1886 4463 facere.
1916 4408 1986 4462 At

418 4498 460 4550 si
491 4497 691 4565 placet,
716 4497 768 4549 in
806 4496 966 4565 hujus
997 4496 1072 4551 rei
1121 4498 1425 4564 indaginem
1467 4498 1718 4569 ingressi,
1753 4515 1855 4554 non
1890 4514 1986 4554 ne-

421 4783 599 4832 mone,
645 4768 813 4836 ipsznn
848 4769 985 4822 intra
1051 4768 1182 4823 retia
1241 4772 1510 4838 possimus
1564 4786 1779 4838 capere.
1816 4769 1953 4823 Audi

2091 2124 2552 2196 ἀεροπορούντων,
2597 2125 2670 2194 μὴ
2693 2122 2802 2177 τῶν
2826 2126 2884 2179 ὲν
2914 2127 2983 2194 γῇ
3012 2125 3385 2195 διαιτωμένων
3408 2166 3423 2189 ,
3456 2127 3530 2198 μὴ
3557 2128 3671 2181 τῶν

2093 2217 2152 2269 ὲν
2197 2214 2351 2269 ὕδασι
2390 2215 2741 2285 νηχομένωνς
2787 2214 2913 2278 Πῶς
2959 2211 3054 2267 οὖν
3103 2216 3263 2286 ὑμεῖς
3308 2217 3523 2278 εἰκόνας
3568 2217 3670 2286 δη-

2097 2307 2480 2379 μιουργοῦντες
2522 2307 2827 2378 προσάγετε
2855 2307 3052 2368 αὐταῖς
3075 2308 3259 2377 τιμὰς,
3286 2307 3350 2372 ἃς
3382 2308 3411 2360 6
3439 2308 3670 2378 νομοθέυ-

2092 2414 2188 2470 της
2221 2397 2630 2468 ἀπηγόρευσενς
2673 2399 2715 2451 Ο
2748 2397 3215 2452 ΠΑΤΡΙΔΡΧΗΣ.
3278 2398 3367 2462 Ὠς
3400 2401 3481 2462 είς
3529 2399 3668 2471 βαθύ

2092 2506 2151 2543 τε
2180 2490 2274 2543 καὶ
2320 2490 2519 2560 ἀχανὲς
2559 2490 2840 2560 ζητήσεως
2901 2490 3137 2559 πέλαγος
3173 2491 3388 2559 ὲνάγεις
3422 2493 3589 2562 ἡμᾶς,
3622 2488 3673 2548 ὧ

2095 2578 2337 2649 βασιλεῦ,
2363 2579 2392 2632 ὃ
2430 2578 2617 2632 πολλοὶ
2646 2579 2748 2650 μὲν
2794 2579 3058 2644 πολλάκις
3104 2580 3453 2649 διέπλευσαν,
3493 2583 3671 2649 οὐδεὶς

2092 2670 2149 2723 δέ
2166 2687 2251 2738 γε,
2276 2671 2381 2723 ὅσα
2403 2670 2563 2740 ῐσμεν
2592 2670 2774 2740 ἡμεῖς,
2807 2671 2899 2723 ἐπὶ
2925 2670 3015 2723 τὸν
3041 2670 3236 2741 λιμένα
3261 2675 3359 2743 τῆς
3385 2672 3675 2745 ἀκριϐείας

2094 2761 2340 2829 ἀφίκετο.
2382 2758 2445 2815 Οί
2494 2762 2593 2832 μὲν
2639 2762 2769 2831 γὰρ,
2797 2763 3044 2830 καίτοιγε
3083 2763 3285 2818 ἄτοπόν
3337 2781 3389 2817 τι
3435 2765 3672 2833 οἰόμενοι

2092 2853 2191 2917 τὰς
2214 2853 2428 2915 εἰκόνας
2458 2855 2644 2924 χρῆμα
2665 2855 2761 2907 καὶ
2793 2853 3131 2925 Ἑλληνικῆς
3174 2854 3398 2922 ἔκγονον
3426 2855 3631 2924 πλάνης
3651 2894 3670 2917 ,

2092 2945 2152 2997 ὲν
2180 2945 2279 3014 μὲν
2319 2944 2395 3015 τῷ
2430 2946 2630 3014 ἀφανεῖ
2661 2944 2762 3014 τῆς
2794 2944 2976 3015 ψυχῆς
3019 2945 3291 3016 κριτηρίῳ
3326 2944 3675 3000 διαϐάλλουσι

2091 3052 2151 3088 τε
2189 3035 2359 3100 αὐτὰς
2390 3037 2484 3089 καὶ
2519 3039 2633 3100 τοῖς
2681 3038 3010 3106 κατηγόροις
3061 3036 3436 3090 συντίθενται·
3480 3038 3571 3091 ἐπὶ
3613 3036 3674 3091 δὲ

2091 3124 2200 3179 τῶν
2240 3126 2577 3196 πραγμάτων
2621 3126 2869 3189 ἐλθόντες
2900 3127 3158 3197 πρύμναν
3187 3144 3246 3180 τε
3304 3128 3673 3199 ὲκροὺσαντο,

2091 3216 2187 3270 καὶ
2214 3218 2430 3270 ἐναντία
2458 3217 2660 3288 δρῶσιν
2693 3212 2775 3281 οἷς
2815 3221 3087 3283 ἔγνωσανο
3123 3220 3334 3285 εἰκόνες
3360 3238 3418 3274 τε
3440 3222 3550 3291 γὰρ
3571 3221 3675 3274 αὑ-

2093 3311 2204 3369 τοῖς
2237 3309 2341 3360 είσι
2367 3309 2458 3361 καὶ
2489 3310 2547 3361 ὲν
2574 3311 2695 3371 ταῖς
2720 3308 3042 3380 ἐκκλησίαις
3068 3310 3165 3363 καὶ
3204 3313 3263 3364 ἐν
3294 3313 3415 3374 ταῖς
3443 3312 3674 3382 ἀγοραῖς

2092 3400 2188 3452 καὶ
2214 3401 2272 3452 ὲν
2307 3402 2419 3461 τοῖς
2444 3398 2634 3463 οἴκοις,
2679 3400 2779 3471 ἢδη
2829 3388 2886 3454 δὲ
2931 3402 3026 3455 καὶ
3072 3401 3205 3455 ἔνιοι
3254 3402 3675 3473 συνοδοιπόρους

2091 3489 2274 3559 ἔχουσι
2310 3490 2405 3543 καὶ
2440 3490 2785 3560 ὁμοδιαίτους
2832 3492 2926 3543 καὶ
2964 3490 3399 3563 πεζοποροῦντες
3431 3496 3525 3549 καὶ
3568 3511 3674 3548 πε-

2089 3578 2403 3648 λαγίζοντες
2421 3597 2435 3613 ο
2474 3581 2525 3632 οἱ
2551 3580 2608 3634 δὲ
2629 3580 2829 3644 τελέως
2854 3581 2991 3653 πρὸς
3017 3582 3117 3654 τὴν
3145 3583 3381 3655 ἀπορίαν
3403 3584 3674 3639 ὀκλάσανο

2088 3685 2200 3734 τες,
2226 3669 2389 3734 εὐθὺς
2417 3673 2481 3724 ὲκ
2506 3671 2734 3743 πρώτης
2759 3672 3081 3743 συμπλοκῆς
3101 3675 3169 3727 τὰ
3197 3674 3338 3729 ὅπλα
3361 3675 3457 3745 τῆς
3486 3676 3672 3747 ψυχῆς

2091 3761 2497 3833 ἀπορρίψαντες
2522 3804 2535 3826 ,
2574 3763 2720 3817 νῶτα
2761 3764 2841 3834 τῷ
2886 3764 3132 3837 πολεμίῳ
3163 3767 3534 3838 παρέσχοντο·
3570 3770 3670 3822 καὶ

2087 3852 2213 3906 οὔτε
2246 3854 2552 3924 προφητῶν
2579 3855 2770 3918 αὐτοῖς
2795 3857 3066 3927 τιμῶνται
3098 3856 3329 3924 εἰκόνες,
3376 3859 3501 3913 οὔτε
3536 3861 3674 3915 ἀπο-

2088 3944 2289 3998 στόλων
2327 3944 2571 4014 μορφαὶ,
2611 3943 2735 3998 οὔτε
2770 3948 3071 4019 μαρτύρων
3103 3950 3337 4019 γραφαίο
3379 3950 3515 4003 ἀλλὰ
3545 3951 3673 4004 τού-

2085 4048 2195 4089 των
2227 4036 2481 4090 ἁπάντων
2529 4035 2959 4108 ἀπηλλαγμένας
2989 4039 3088 4105 τὰς
3134 4041 3435 4112 ἐκκλησίας
3467 4044 3673 4114 aucti;-

2086 4144 2300 4193 σαντες,
2335 4128 2780 4199 ἀσχηματίστους
2809 4131 2905 4184 καὶ
2931 4131 3096 4185 τόπον
3133 4133 3291 4197 ὲκτδς
3320 4131 3397 4203 τῷ
3446 4134 3671 4205 ἀοράτῳ

2084 4234 2144 4273 τε
2171 4220 2267 4273 καὶ
2294 4221 2572 4293 ἀσωμάτῳ
2594 4221 2715 4292 Θεῷ
2741 4222 2840 4286 τὰς
2863 4223 3074 4276 ἑαυτῶν
3104 4225 3315 4289 ίκεσ-ίας
3344 4225 3667 4293 ἀνάγουσιν.

2097 4311 2258 4376 Ἀλλ’,
2292 4314 2340 4365 εί
2368 4312 2534 4379 δοκεῖ,
2572 4312 2647 4384 μὴ
2694 4314 2824 4386 περὶ
2858 4315 2959 4386 τὴν
3004 4315 3234 4386 ζήτησιν
3264 4316 3667 4387 ἀπσκάμωμεν,

2087 4400 2222 4472 μηδὲ
2242 4400 2535 4473 ἀμελῶμεν
2553 4402 2649 4472 τῆς
2672 4401 2863 4472 θύρας,
2882 4405 2930 4456 εί
2955 4405 3028 4474 μὴ
3048 4404 3109 4457 ὲν
3129 4404 3313 4473 κύκλῳ
3335 4408 3666 4476 περιιόντες,

2084 4494 2178 4547 καὶ
2212 4493 2626 4563 ίχνηλατοῦντες
2653 4492 2731 4564 τῷ
2773 4493 2920 4566 λόγῳ
2960 4497 3018 4549 ἐν
3047 4496 3286 4561 δικτύοις
3320 4498 3489 4568 αὐτὴν
3534 4492 3669 4569 ἀλήο

245 4596 253 4603 ·
308 4586 313 4591 '
418 4588 685 4656 gtigamus
711 4586 969 4655 januam;
1006 4602 1071 4640 ne
1103 4587 1239 4642 forte
1276 4588 1326 4642 in
1347 4590 1574 4644 circuitu
1610 4590 1978 4645 ambulemus:

2090 4583 2236 4637 θειαν
2276 4583 2630 4655 ἐμϐάλωμεν.
2664 4585 2866 4638 ’Ἄκουε
2903 4585 3042 4656 δῆτα
3075 4586 3169 4640 τοῦ
3201 4587 3362 4656 λόγον
3383 4629 3398 4652 ,
3430 4585 3488 4640 εὖ
3522 4588 3669 4658 μάλα

419 4679 511 4730 sed
557 4694 652 4746 per
699 4693 794 4730 sua
832 4678 1058 4746 vestigia
1089 4681 1367 4734 veritatem
1433 4691 1812 4737 consectanles
1858 4696 1977 4736 sero

2087 4675 2253 4745 σοφοῦ
2277 4693 2337 4728 τε
2366 4674 2461 4729 καὶ
2480 4674 2737 4746 ἀληθοῦς,
2766 4676 2824 4730 δν
2851 4676 3091 4752 ἀποδέξῃ
3122 4680 3218 4732 καὶ
3252 4679 3585 4745 ἐπαινέσεις,
3618 4680 3666 4732 εί

2074 4767 2150 4838 τῷ
2186 4767 2301 4820 ὄντι
2329 4767 2424 4822 τοῦ
2457 4767 2613 4832 ὄντος
2640 4770 2770 4841 ἐρᾷς
2801 4772 2896 4823 καὶ
2932 4772 3033 4839 τῆς
3064 4771 3327 4841 ἀληθείας
3355 4771 3594 4841 ἐφίεσαι.

421 4864 581 4932 igitur
614 4863 899 4916 admodum
929 4864 1228 4932 sapientem
1267 4880 1559 4933 verumque
1597 4880 1924 4926 sermonem,
1961 4875 2120 4932 quem
2172 4862 2330 4930 plane
2363 4862 2685 4931 probaturus
2723 4864 2797 4918 sis
2827 4879 2890 4918 ac
2929 4864 3253 4919 laudaturus
3279 4904 3293 4929 ,
3331 4866 3375 4920 si
3430 4879 3555 4919 vere
3614 4866 3666 4920 id

420 4971 571 5010 amas
623 4955 765 5039 quod
825 4968 1009 5009 verum
1072 4965 1172 5017 est,
1204 4966 1259 5010 et
1309 4957 1549 5011 veritatis
1603 4955 1873 5009 desiderio
1908 4952 2129 5009 teneris.

488 5112 578 5167 ιδ.
616 5111 875 5165 Noscisne
896 5111 1019 5180 quis
1063 5111 1189 5166 olim
1227 5111 1291 5165 de
1308 5111 1415 5167 Deo
1437 5128 1590 5167 error
1608 5113 1983 5184 Egyptiorum

419 5210 625 5255 mentes
648 5202 956 5265 incesserit,
991 5212 1159 5271 utque
1194 5202 1229 5257 ii
1263 5204 1577 5266 increatam,
1609 5205 1868 5273 omnique
1893 5219 1986 5257 va-

419 5302 629 5347 cantem
655 5292 887 5345 materia
926 5291 1134 5364 Domini
1167 5294 1415 5361 gloriam,
1442 5294 1509 5349 ad
1548 5295 1830 5349 materiam
1863 5292 1977 5349 for-

419 5399 672 5451 mamque
722 5383 1090 5452 deprimentes
1149 5385 1394 5439 humana:
1437 5384 1622 5441 l'ormte
1691 5385 1978 5441 simulacra

420 5475 701 5530 colerent?
742 5475 973 5530 Osiridis
1007 5474 1214 5529 scilicet
1240 5484 1401 5545 atque
1445 5476 1741 5548 Typhonis,
1775 5478 1976 5549 Orique

423 5576 513 5618 aut
544 5564 697 5618 Isidis
732 5574 893 5634 atque
923 5565 1151 5643 aliorum
1208 5567 1500 5634 hominum,
1534 5585 1763 5637 quorum
1839 5571 1978 5626 divis

422 5656 958 5725 stuiteascriptorunt
982 5656 1251 5712 luxuriam
1275 5659 1453 5728 arguit
1488 5656 1792 5715 institutum
1818 5662 1971 5715 vitae:

422 5749 709 5804 avaritiam
782 5748 1086 5817 ittjttstaquc
1161 5750 1333 5805 studia
1393 5753 1557 5821 bella,
1611 5756 1977 5824 opprimendis

2158 5119 2269 5183 μγθ.
2331 5112 2447 5166 οὐκ
2494 5109 2691 5173 οἶσθα,
2737 5110 2825 5165 οῐα
2871 5126 2956 5174 τις
2991 5111 3183 5182 πρώην
3238 5114 3367 5185 περὶ
3402 5114 3537 5170 Θεδν
3567 5118 3667 5183 τὰς

2082 5205 2392 5274 Αἰγυπτίων
2412 5204 2591 5274 ψυχάς
2613 5203 2911 5272 ἐπενέμετο
2934 5203 3131 5275 πλάνη.
3156 5206 3253 5260 καλ⁵
3276 5206 3351 5269 ὡς
3377 5209 3477 5278 τὴν
3508 5208 3666 5264 iacti.»

2080 5295 2207 5349 στόν
2238 5312 2296 5349 τε
2330 5295 2426 5348 καὶ
2448 5293 2612 5347 ἀῦλον
2637 5293 2734 5346 τοῦ
2758 5294 3034 5351 Δεσπότω
3063 5294 3223 5359 δόξαν
3256 5300 3665 5368 καταγαγόντες

2076 5388 2159 5450 εἰς
2191 5385 2324 5455 ὓλην
2357 5386 2448 5439 καὶ
2475 5381 2637 5448 εἶδος,
2658 5386 3002 5457 ἀνδρείκελόν
3034 5406 3087 5441 τι
3116 5390 3321 5462 ταύτην
3343 5392 3438 5446 καὶ
3455 5394 3670 5466 ἀνθρω·

2087 5478 2275 5548 ποειδῆ
2315 5479 2720 5548 τετιμήκασιν;
2765 5475 2877 5542 οἷος
2903 5475 2969 5551 ἦν
2996 5480 3106 5550 ἄρα
3133 5483 3340 5547 ἐκεῖνος
3366 5485 3396 5538 ό
3430 5486 3665 5555 Ὄσιρις,

2088 5572 2116 5624 ό
2138 5568 2355 5638 Τυφὼν,
2390 5569 2417 5620 ὁ
2444 5565 2631 5639 Ὧρος,
2655 5572 2687 5638 ἡ
2716 5565 2876 5635 Ἶσις,
2909 5570 3002 5624 καὶ
3027 5572 3136 5626 τῶν
3162 5573 3337 5627 ἄλλων
3359 5576 3667 5646 ἀνθρώπων

2090 5661 2228 5713 θεῶν
2250 5663 2277 5713 ὁ
2312 5660 2631 5727 κατάλογος,
2666 5653 2741 5714 ὧν
2763 5660 3031 5731 διελέγχει
3058 5666 3151 5716 καὶ
3180 5665 3529 5720 ἀποδείκνυσι
3564 5671 3667 5739 τὴν

2088 5756 2356 5825 ἀκρασίαν
2385 5756 2413 5808 ὁ
2452 5755 2564 5825 βίος
2584 5795 2598 5821 ,
2629 5754 2729 5826 τὴν
2765 5756 2820 5809 δὲ
2861 5757 3174 5824 πλεονεξίαν
3202 5761 3230 5812 ὁ
3261 5759 3493 5830 πόλεμος
3520 5802 3532 5825 ,
3569 5764 3667 5839 τὴν
