3980 6140
247 336 349 403 101

1780 341 1959 402 VITA

3424 345 3523 409 103

246 453 393 506 ἀλλὰ.
438 452 534 504 καὶ
571 452 620 504 εῑ
652 468 735 516 τις
775 451 1013 523 ἐγχειροῖ
1046 470 1099 504 τι
1144 451 1251 503 τῶν
1293 449 1575 515 τοιούτων,
1620 450 1695 513 ὡς
1738 451 1847 504 τῶν

1960 449 2201 508 ratione?
2233 447 2436 507 PATR.
2474 450 2763 515 Nimirum,
2799 450 2976 506 nullas
3016 451 3111 506 Dei
3139 454 3398 524 imagines
3426 470 3520 510 si-o

258 536 609 614 Ἑλληνικῶν“
639 544 897 596 κοινωνὸν
936 543 1227 613 δογμάτων
1262 543 1474 605 ποιναῖς
1518 541 1844 594 ὑποϐάλλειν

249 636 541 705 ἐσχάταις
576 633 905 705 ἀνθρώπους
938 634 996 687 δὲ
1037 634 1220 695 ὁσίους
1266 634 1565 702 γραπτέον,
1597 635 1665 703 τῇ
1707 632 1845 699 πρὸς

247 728 392 780 Θεὶν
426 726 712 798 παρρησίᾳ
742 726 838 780 καὶ
878 725 956 795 τῷ
991 725 1220 795 καθαρῴ
1245 726 1344 794 τῆς
1374 724 1518 791 ζωῆς
1552 724 1846 794 ἐναϐρυνό-

253 814 482 889 μένους,
513 817 607 869 καὶ
673 816 876 885 μέσους
910 832 1028 879 πως
1061 818 1196 885 ἡμῖν
1240 816 1336 869 κα)⁸
1378 816 1664 885 πορθμέας
1709 818 1844 887 πρὸς

250 910 426 963 αὐτὸν
480 908 794 980 ἐσομένους,
831 907 928 960 καὶ
974 906 1283 975 ἀνάγοντας
1352 906 1452 977 μὲν
1495 905 1573 976 τῷ
1622 905 1741 977 Θεῷ
1778 906 1846 960 τὰ

251 1001 584 1071 αἰτούμενα,
637 999 985 1067 κατάγοντας
1029 997 1087 1052 δὲ
1119 1001 1253 1070 ἡμῖν
1289 1000 1387 1052 ἐπὶ
1423 996 1561 1052 Θεοῦ
1590 998 1662 1051 τὰ
1703 998 1845 1051 διδό-

256 1109 423 1161 μενα.
470 1090 544 1143 Οὐ
576 1089 685 1160 γάρ
718 1090 890 1155 ἐστιν,
929 1089 1029 1142 οὐκ
1058 1088 1208 1142 ἐστιν
1263 1082 1367 1154 εἷς,
1418 1082 1465 1141 ὦ
1497 1087 1846 1159 βασιλεῦ,·τῷ

253 1183 382 1253 Θεῷ
420 1180 784 1252 προσιόντων,
818 1178 852 1251 ῆ
884 1178 994 1235 ἀπὸ
1017 1166 1152 1234 Θεοῦ
1188 1181 1520 1252 τιμωμένων
1549 1183 1578 1233 ὁ
1598 1181 1802 1252 τρόπος
1828 1197 1842 1213 ·

255 1274 378 1327 ἀλλ’
411 1277 445 1344 ὴ
474 1273 762 1344 παρρησία
790 1275 1193 1344 συμμετρεῖται
1238 1272 1316 1342 τῷ
1358 1272 1481 1344 βίῳ,
1512 1273 1607 1327 καὶ
1645 1275 1711 1344 τῇ
1743 1290 1844 1326 πο·

252 1366 439 1436 λ.τείᾳ
468 1364 807 1434 κατάλληλος
893 1362 1165 1428 ἀντίδοσις
1196 1365 1410 1419 ἕπεται.
1447 1365 1580 1428 Θεὸς
1614 1364 1712 1436 μὲν
1737 1364 1846 1435 γὰρ

254 1457 336 1509 ὢν
372 1457 482 1516 ἀεὶ,
514 1454 731 1523 γένεσίν
765 1471 826 1507 τε
864 1454 967 1507 οὐκ
1002 1454 1176 1524 ἔχων·
1210 1455 1271 1509 τὸ
1294 1456 1349 1509 δὲ
1381 1457 1482 1509 οὐκ
1520 1455 1579 1510 ὃν
1604 1455 1716 1522 ἀεὶ,
1750 1472 1845 1524 γε·

252 1548 490 1618 νόμενον
521 1546 579 1600 δὲ
607 1546 859 1616 ὕστερον,
894 1546 996 1616 τὴν
1025 1546 1245 1613 γένεσιν
1286 1546 1352 1601 Ξκ
1384 1548 1480 1602 τοῦ
1522 1548 1685 1611 ὄντος
1736 1547 1847 1615 sas-

257 1639 427 1705 Eato._
446 1638 558 1691 Καὶ
592 1636 734 1695 κατὰ
763 1636 915 1689 τόνδε
954 1637 1055 1708 μὲν
1085 1638 1176 1690 τὸν
1217 1637 1398 1706 λόγον,
1432 1638 1619 1703 δοῦλον
1648 1637 1713 1691 ἂν
1744 1653 1844 1689 κα-

255 1731 408 1783 λοῖτο
433 1727 573 1781 Θεοῦ
604 1717 712 1779 πᾶν
747 1724 810 1778 τὸ
845 1726 934 1779 ἀεὶ
974 1725 1266 1793 γινόμενον
1287 1742 1301 1755 ⁶
1337 1725 1400 1778 τὸ
1454 1725 1563 1795 γὰρ
1597 1724 1844 1792 γεγονὸς,

1948 543 2238 599 simulacra
2287 558 2410 600 esse
2446 544 2693 599 iacienda
2730 562 2745 598 :
2781 544 2874 600 sed
2909 553 2982 608 et,
3016 544 3066 599 si
3105 547 3226 612 quis
3259 545 3522 612 ejusmodi

1947 633 2149 702 aliquid
2196 644 2507 703 praesonuit,
2553 647 2610 689 ut
2641 636 2732 704 qni
2782 635 2989 693 erroris
3019 636 3303 705 gentilium
3342 637 3525 693 socius

1946 725 2040 789 sit,
2082 726 2345 781 extremis
2396 727 2813 797 mancipandam
2879 729 3180 801 suppliciis.
3218 727 3525 798 Pingendos

1947 829 2086 870 vero-
2119 829 2263 879 esse,
2307 816 2401 885 qui
2450 818 2742 892 sanctitate
2794 819 3136 895 claruerunt,
3189 819 3391 888 quippe
3433 818 3524 884 qui

1946 904 2144 960 ﬁducia
2165 908 2232 961 ad
2253 905 2420 962 Deum
2441 922 2504 962 ac
2528 908 2653 964 vitae
2677 911 2937 966 munditia
2964 911 3247 982 magniﬁce
3269 909 3525 978 polleant.

1947 997 2220 1065 mediique
2268 999 2670 1067 quodammodo
2716 1016 2780 1056 ac
2830 1003 2980 1057 velut
3027 1003 3320 1071 portitores
3370 1001 3528 1054 nobis

1947 1091 2014 1143 ad
2051 1089 2201 1144 illum
2232 1089 2504 1145 exsistant
2536 1109 2550 1144 :
2577 1093 2668 1161 qui
2701 1093 2912 1148 scilicet
2946 1103 3166 1150 nostras
3198 1094 3308 1149 Deo
3356 1095 3525 1149 adve-

1946 1178 2079 1234 bant
2111 1179 2414 1246 orationes,
2454 1179 2660 1251 Deique
2698 1182 2766 1237 ad
2804 1198 2904 1239 nos
2939 1185 3077 1239 dona
3111 1184 3378 1240 deferant.
3405 1183 3525 1239 Non
3628 1241 3635 1246 ,

1945 1270 2088 1325 enim
2117 1270 2363 1334 omnino,
2395 1286 2429 1326 ο
2460 1272 2774 1339 imperator,
2807 1264 2948 1329 unus
2983 1275 3174 1329 modus
3204 1286 3284 1329 est
3315 1288 3527 1336 eorum,

1946 1361 2037 1430 qui
2064 1361 2128 1414 ad
2154 1360 2322 1415 Deum
2349 1362 2637 1428 accedunt,
2678 1366 2883 1434 quique
2908 1383 2941 1419 ιι
2975 1365 3083 1420 Deo
3114 1368 3368 1420 honorem
3397 1351 3529 1420 coii-

1948 1460 2295 1520 sequuntur:
2328 1454 2422 1506 sed
2476 1453 2667 1506 ﬁducia
2718 1469 2818 1522 pro
2869 1454 2994 1510 vita;
3050 1456 3260 1511 ratione
3304 1456 3522 1510 modum

1946 1541 2179 1619 obtinet,
2207 1557 2555 1612 congruaque
2588 1560 2799 1602 merces
2838 1549 3307 1603 conversationem
3341 1550 3528 1617 sequi-

1950 1641 2057 1686 tur.
2090 1630 2228 1685 Nam
2260 1632 2404 1686 Deus
2430 1633 2647 1702 quidem
2678 1650 2800 1689 cunt
2833 1650 3050 1705 semper
3078 1637 3173 1703 sit,
3205 1647 3387 1691 ortum
3420 1653 3526 1691 non

1950 1723 2111 1777 habet
2139 1741 2153 1777 :
2183 1723 2324 1792 quod
2356 1733 2535 1779 autent
2564 1740 2673 1782 non
2697 1741 2937 1796 seraper,
2963 1728 3057 1782 sed
3091 1736 3278 1796 postea
3315 1729 3521 1782 factum

255 1820 454 1873 δοῦλον
488 1818 555 1872 ἂν
590 1817 818 1879 δικαξως
864 1814 957 1867 τοῦ
1011 1815 1377 1889 πεποιηκότος
1435 1814 1731 1885 νομίζοιτο.
1763 1813 1843 1882 Τῇ

1960 1821 2053 1879 est,
2080 1827 2146 1869 ex
2180 1806 2353 1872 nihilo
2387 1817 2597 1885 accepit
2633 1827 2692 1870 ut
2721 1826 2887 1872 esset.
2938 1824 3115 1887 Atque
3145 1819 3282 1874 adeo
3309 1818 3409 1874 hac
3436 1834 3529 1873 ra-

255 1913 320 1966 δὲ
351 1910 490 1980 πρὸς
521 1908 658 1963 Θεὸν
691 1905 995 1972 οἰκειώσει,
1026 1907 1121 1959 καὶ
1149 1908 1216 1977 τῇ
1245 1905 1607 1978 διαφορᾷ-τῆς
1635 1903 1846 1958 ἐκεῖθεν

258 2003 487 2074 αἴγλης,
524 2000 784 2071 διάφορός
812 2016 871 2051 τε
907 1997 1029 2051 καθ’
1059 1998 1247 2068 ἓτερον
1273 1984 1474 2070 τρόπον
1506 1997 1848 2071 προσηγορία

258 2097 359 2149 καὶ
406 2093 603 2161 κλῆσις
666 2093 779 2154 τοῖς
826 2090 1296 2160 προσερχομένοις
1352 2088 1848 2144 ὲντίθεται..”ὐσοι

262 2190 366 2259 μὲν
413 2187 525 2257 γὰρ
558 2183 709 2253 ιρόϐῳ
758 2182 1031 2244 κολάσεως
1060 2182 1170 2234 τῶν
1202 2168 1696 2253 πλημμελημάτων
1741 2180 1848 2237 ἀπ-

260 2260 508 2351 έχονται,
539 2272 686 2331 οῦτοι
718 2275 1051 2347 θεράποντες
1083 2274 1151 2328 ἂν
1179 2274 1428 2343 λέγοιντο
1455 2273 1614 2339 Θεοῦ,
1649 2290 1843 2344 μαστι-

265 2373 385 2441 γίαι
419 2369 563 2432 τινὲς
607 2365 825 2443 ἀληθῶς
855 2366 951 2420 καὶ
980 2364 1158 2418 δοῦλοι
1185 2407 1201 2431 ,
1239 2363 1467 2434 πληγῶν
1496 2366 1591 2415 καὶ⁵
1625 2363 1849 2431 εἱρκτῆς

262 2463 362 2514 καὶ
391 2460 501 2512 τῶν
532 2458 620 2511 ἐπ’
651 2457 846 2519 αὐταῖς
873 2455 1133 2519 ἀπειλῶν,
1160 2455 1247 2507 ἵνα
1279 2453 1352 2525 μὴ
1376 2453 1687 2525 ἁμάρτωσι,
1718 2451 1853 2523 χρῄ-

262 2552 455 2614 ζοντες
473 2550 549 2601 ὀἱ
568 2549 626 2602 δὲ
648 2545 952 2617 μελλόντων
987 2541 1208 2612 ἀγαθῶν
1247 2541 1423 2594 ἐλπίδι
1459 2541 1593 2609 πρὸς
1624 2541 1685 2593 τὸ
1715 2540 1850 2607 ἀγα-

263 2642 360 2693 θον
389 2636 712 2698 νεύσαντες,
745 2632 952 2708 οἰκέται
990 2633 1087 2700 μὲν
1118 2631 1217 2682 οὒκ
1243 2627 1307 2682 ἂν
1343 2625 1718 2696 ὀνομάζοιντο,
1757 2642 1849 2694 μι-

263 2732 468 2785 σθωτοὶ
491 2729 536 2782 δ’
562 2729 627 2783 ἂν
645 2723 781 2791 εἷεν,
807 2725 882 2788 ώς
906 2723 972 2778 ἀν
994 2741 1078 2786 τις
1097 2723 1255 2792 φαίη,
1281 2720 1416 2773 Θεοῦ
1444 2718 1665 2789 κέρδους
1690 2717 1853 2771 ἕνεκά

262 2842 324 2878 τε
358 2829 452 2878 καὶ
488 2819 683 2892 μ.σθοῦ
706 2817 777 2871 τὰ
798 2814 989 2870 δέοντα
1012 2816 1373 2893 πράσσοντος.
1400 2811 1558 2865 Ὅσοι
1581 2810 1625 2863 δ’
1648 2805 1714 2864 αῦ
1735 2810 1854 2862 τούο

261 2933 381 2976 τοις
399 2892 500 2966 ῦπε
512 2909 969 2981 ραναϐεϐηκότες,
990 2906 1087 2961 καὶ
1107 2906 1242 2976 πρὸς
1264 2892 1513 2956 nixam
1532 2899 1853 2972 ἁκραιιξνῶς

265 3004 532 3076 φανέντες
561 3043 575 3066 ,
615 3003 676 3056 οὐ
712 2996 1174 3071 προσδοκωμένης
1233 2994 1383 3063 φόϐῳ
1432 2990 1743 3055 κολάσεως,
1790 2989 1852 3044 οὔ

263 3100 378 3151 τῶν
415 3094 718 3166 μελλόντων
745 3089 963 3160 ἀγαθῶν
992 3087 1166 3140 ἐλπίδι
1195 3085 1332 3154 πρὸς
1359 3085 1419 3136 τὸ
1444 3082 1647 3150 ἀγαθὸν
1670 3081 1853 3152 ᾄττουο

267 3207 377 3254 σιν,
414 3187 550 3241 ἀλλὰ
581 3184 649 3238 δι’
680 3182 815 3235 αὐτὸ
846 3180 906 3234 τὸ
932 3178 1097 3233 καλὸν
1127 3178 1186 3229 τὸ
1208 3175 1374 3229 καλὸν
1399 3172 1853 3244 κατεργάζονται,

266 3278 419 3336 οὗτοι
450 3280 558 3332 τῶν
588 3274 885 3345 ἀκηράτων
929 3270 1031 3340 τῆς
1081 3260 1273 3336 copia;
1310 3265 1604 3336 θησαυρῶν
1639 3264 1857 3334 ἐμπλη-

272 3370 497 3431 σθέντες
522 3409 537 3433 ,
581 3366 691 3418 υἱοὶ
731 3356 866 3416 Θεοῦ
899 3357 1135 3414 καλοῖντ’
1164 3357 1231 3411 ἂν
1263 3355 1487 3419 δικαίως
1507 3396 1522 3421 ,
1557 3353 1696 3409 Θεοῦ
1726 3355 1857 3426 κλη-

273 3462 497 3535 ρινόμοι
520 3460 616 3516 καὶ
646 3448 1353 3525 συγκληροπώμοι..Χριστοῦ
1386 3447 1823 3521 χρηματίζοντες
1841 3464 1854 3477 ·

271 3554 324 3608 οἳ
366 3553 460 3606 κού⁵
509 3548 791 3614 ἄνθρωποι
842 3545 1151 3613 πεφυκότες
1203 3543 1342 3610 ὑπὲρ
1388 3538 1696 3610 ἀνθρώπων
1727 3537 1859 3592 Θεὸν

272 3645 387 3697 τῶν
423 3643 680 3696 ἁπάντων
712 3638 875 3690 πλέον
914 3633 1254 3694 ἱκετεύοντες
1280 3630 1555 3694 πείθουσι,
1586 3631 1682 3682 καὶ
1708 3627 1861 3681 τόνδε

278 3737 378 3805 μὲν
406 3734 489 3786 ἔτι
529 3731 825 3791 πολοῦντες
858 3727 948 3780 τὸν
984 3724 1238 3794 ἁλήμονα
1269 3721 1364 3775 καὶ
1397 3719 1629 3774 ἄτακτον
1660 3717 1861 3789 χῶρον,

279 3827 521 3893 μάλιστα
547 3824 604 3878 δὲ
628 3822 749 3875 τότε
773 3814 1156 3888 γυμνωθέντες
1185 3811 1415 3884 ῥακίων,
1444 3810 1543 3865 καὶ
1566 3811 1666 3880 τὴν
1696 3811 1868 3868 ὀστεΐ-

275 3938 378 3987 νην
426 3918 521 3970 καὶ
579 3914 875 3985 βρίθουσαν
925 3905 1390 3975 ἀποτιναξάμενοι
1437 3902 1611 3966 κόνιν,
1659 3904 1725 3973 τῇ
1763 3899 1863 3975 ὕλῃ

274 4012 379 4082 τὴν
436 4009 573 4079 ὓλην
627 4004 1070 4076 προσρίψαντες,
1132 3997 1271 4066 πρὸς
1331 3995 1422 4047 τὸν
1467 3992 1627 4046 ἵλεών
1676 4010 1737 4046 τε
1771 3995 1865 4046 καὶ

276 4097 486 4167 ἀγαθὸν
517 4095 797 4164 Δεσπότην
829 4090 1065 4163 καθαροὶ
1092 4085 1350 4156 καθαρῶς
1375 4084 1791 4154 ἀναδράμωσιν.

1952 1905 2120 1971 tione,
2173 1908 2319 1974 quod
2367 1907 2428 1960 ﬁt
2478 1922 2697 1977 semper
2744 1919 2911 1977 atque
2953 1910 3148 1975 oritur,
3196 1910 3302 1965 dici
3351 1919 3534 1980 potest

1951 1980 2195 2048 l'atttulari
2237 1994 2348 2053 Deo
2382 2014 2396 2049 :
2428 1998 2571 2064 quod
2605 1999 2749 2052 enim
2779 1998 2985 2054 factum
3006 2007 3088 2055 est
3119 2007 3283 2069 atque
3302 1999 3527 2063 editum,

1949 2083 2068 2154 ejus
2114 2088 2259 2153 quod
2315 2084 2444 2139 fecit
2478 2095 2645 2158 amne
2696 2086 2869 2141 edidit
2923 2088 3176 2142 servituti
3229 2088 3531 2158 subjectum

1952 2176 2146 2230 merito
2180 2176 2501 2231 aestimatur.
2537 2177 2633 2230 Sin
2669 2188 2848 2232 autem
2875 2193 2994 2247 qua:
3025 2179 3091 2233 ad
3123 2178 3296 2234 Deum
3326 2188 3413 2234 est
3437 2194 3534 2235 tte-

1951 2266 2220 2321 cessitudo
2255 2268 2585 2337 diversaque
2649 2268 2771 2321 inde
2831 2267 3055 2323 luminis
3093 2268 3368 2338 perceptio
3402 2282 3532 2337 spe-

1949 2370 2147 2419 ctetur,
2196 2357 2414 2411 diversa
2451 2358 2670 2428 quoque
2716 2360 3127 2421 nomenclatura
3150 2358 3533 2415 accidentibus

1951 2450 2231 2517 competit.
2277 2448 2469 2503 Cuncti
2498 2449 2641 2504 enim
2667 2450 2756 2518 qui
2792 2464 2853 2504 se
2876 2449 3129 2519 supplicii
3166 2461 3311 2505 metu
3336 2465 3365 2503 a
3398 2464 3529 2519 pec-

1951 2542 2087 2595 catis
2125 2539 2422 2603 abstinent,
2479 2540 2568 2594 Dei
2613 2539 2798 2597 famuli
2826 2542 3203 2610 appellantur;
3248 2553 3303 2596 et
3342 2542 3395 2596 hi
3426 2540 3526 2595 ﬂa-

1952 2631 2173 2701 griones
2237 2645 2475 2699 vereque
2525 2631 2668 2686 servi
2712 2633 3039 2698 exsistunt,
3077 2634 3222 2702 quod
3273 2633 3534 2687 nimirum

1954 2722 2276 2777 verberibus
2306 2731 2360 2776 ct
2383 2737 2605 2776 carcere
2654 2738 2954 2792 eorumque
3005 2721 3172 2776 minis
3221 2732 3437 2790 egeant,
3476 2734 3537 2777 ut

1952 2823 2274 2868 revocentur
2297 2828 2405 2881 a.pi
2424 2821 2583 2869 ccato
2618 2830 2632 2866 :
2662 2813 2753 2881 qui
2805 2828 2932 2868 vero
2974 2829 3070 2882 spe
3115 2813 3279 2869 illecti
3322 2815 3536 2870 fututo-

1952 2920 2071 2959 rum
2121 2906 2426 2970 houorum,
2482 2905 2724 2960 animum
2784 2904 3076 2961 conferunt
3124 2907 3192 2960 ad
3243 2908 3533 2970 virtutem,

1952 2995 2218 3064 mancipia
2268 2987 2421 3048 haud'
2442 2995 2542 3049 rite
2585 2997 3010 3065 appellarentur,
3047 2997 3142 3051 sed
3171 2999 3532 3065 mercennarii;

1954 3087 2153 3163 quippe
2199 3085 2291 3153 qui
2335 3084 2472 3138 lucri
2520 3095 2686 3163 atque
2733 3088 2998 3139 mercedis
3058 3101 3222 3142 causa
3261 3088 3406 3157 quod
3451 3099 3537 3143 est

1955 3161 2115 3232 ollicii
2152 3176 2233 3231 sui
2286 3174 2510 3230 faciant.
2550 3178 2605 3229 si
2640 3161 2731 3243 qui
2776 3187 2958 3231 autem
2995 3177 3080 3232 his
3122 3179 3454 3247 superiores,
3481 3179 3533 3234 id

1955 3270 2126 3339 ipsum
2154 3269 2297 3343 quod
2337 3269 2626 3322 Itanestum
2657 3277 2743 3321 est
2768 3269 2987 3322 sincere
3024 3271 3391 3337 attendentes,
3427 3285 3536 3329 non

1953 3361 2202 3415 exterriti
2237 3369 2382 3413 metu
2430 3358 2704 3429 supplicii,
2750 3372 2851 3413 nec
2883 3374 3071 3413 eorum
3108 3360 3373 3423 bonorum
3414 3377 3537 3433 qua

1956 3451 2010 3505 in
2047 3452 2286 3527 futurum
2325 3453 2563 3518 reposita
2593 3463 2718 3504 sunt
2747 3466 2843 3519 spe
2872 3450 3062 3517 illecti,
3095 3452 3148 3506 in
3179 3453 3231 3508 id
3260 3455 3403 3522 quod
3433 3455 3539 3511 bo-

1960 3556 2086 3599 num
2111 3552 2193 3596 est
2219 3540 2497 3621 feruntur,
2530 3553 2585 3597 ct
2615 3543 2739 3596 boui
2771 3544 2942 3612 ipsius
2968 3545 3142 3615 gratia
3178 3544 3380 3601 bottom
3405 3562 3538 3617 ope-

1959 3642 2193 3697 rantur;
2250 3628 2304 3684 hi
2353 3620 2753 3686 immurtalibus
2788 3620 3071 3699 sapientia:
3122 3632 3396 3687 thesauris
3449 3649 3540 3687 re-

1960 3721 2220 3791 pleti,.Dei
2241 3720 2434 3774 merito
2453 3721 2546 3774 ﬁlii
2569 3722 2929 3789 appellentur,
2956 3721 3046 3776 Dei
3065 3721 3277 3786 scilicet
3298 3723 3543 3781 heredes

1958 3822 2013 3867 et
2042 3810 2247 3865 Christi
2297 3811 2613 3865 eohaercdes
2641 3809 2841 3865 eﬂccti.
2875 3809 2938 3864 lli
2964 3812 3064 3867 etsi
3096 3823 3223 3867 sunt
3257 3815 3540 3879 homines,

1958 3920 2060 3977 pro
2087 3904 2395 3977 hominibus
2424 3915 2604 3958 tamen
2636 3903 3037 3973 supplicatione
3066 3906 3133 3958 ad
3163 3909 3543 3963 universorum

1977 3995 2141 4048 Deum
2172 3994 2555 4065 deinngentes,
2590 3997 2761 4063 magis
2794 3995 3080 4050 inﬂectunt
3100 4006 3263 4066 atque
3289 4012 3543 4062 exorant,

1974 4100 2096 4139 cum
2122 4083 2422 4138 etiamnum
2445 4085 2590 4138 hunc
2617 4084 2914 4139 erraticum
2944 4093 3105 4152 atque
3127 4087 3545 4155 incompositum

280 4166 503 4242 vertunt
569 4185 831 4249 chorum;
885 4191 997 4235 tum
1063 4195 1193 4234 vero
1254 4178 1527 4241 maxime,
1582 4187 1872 4247 postquam
1899 4193 2106 4247 pannos
2137 4178 2490 4232 mortalitatis
2528 4166 2787 4239 ciuti,ac
2838 4179 2986 4245 gravi
3027 4192 3257 4234 excusso
3305 4182 3545 4249 pulvere,

278 4297 333 4341 et
380 4285 607 4335 humum
661 4282 824 4333 humo
874 4275 1194 4336 rcddentes,
1229 4274 1295 4326 ad
1328 4270 1813 4326 clcmentissimum
1855 4272 2420 4343 benignissimumque
2459 4273 2746 4327 Dominum
2793 4272 2914 4339 puri
2994 4256 3127 4342 pure
3160 4285 3544 4341 cucurrerunt,

353 4374 465 4444 μθ¹.
507 4374 548 4425 0
584 4368 939 4424 ΒΑΣΙΛΕΥΣ.
988 4364 1053 4418 Τί
1082 4360 1213 4430 οῦν;
1260 4363 1377 4416 τῶν
1422 4362 1750 4433 Ἑλληνικῶν
1804 4364 1863 4415 ού

2045 4362 2135 4420 49.
2178 4363 2412 4418 lMPER.
2454 4362 2595 4430 Quid
2639 4363 2804 4434 ergo?
2846 4363 3089 4431 nunquid
3124 4379 3271 4429 non,
3328 4374 3385 4418 ut
3429 4365 3544 4426 ais,

278 4461 605 4520 κοινωνοῦσι
626 4460 917 4530 δογμάτων
943 4459 994 4512 oi
1015 4457 1123 4511 τῶν
1145 4455 1332 4519 ὁσίων,
1363 4454 1438 4517 ὡς
1469 4453 1627 4525 ἕψῃς,
1660 4453 1855 4524 ἀνθρώι

1974 4456 2179 4511 erroris
2207 4457 2484 4525 gentilium
2523 4457 2656 4510 socii
2705 4466 2852 4520 sum,
2890 4456 2980 4525 qui
3027 4471 3214 4510 eorum
3247 4456 3545 4520 hominum,

281 4574 404 4611 πων
457 4551 924 4623 δημιουργοῦντες
978 4548 1232 4615 είκόνας;
1285 4551 1328 4600 Ο
1395 4546 1869 4602 ΠΑΤΡῙΑΡΧΗΣ.

287 4648 405 4717 οὐχ
435 4643 614 4704 οὓτως
660 4638 847 4702 ἁπλῶς
882 4637 1297 4708 κατηγορητέον
1334 4634 1536 4698 αὐτῶν,
1574 4635 1710 4688 ἀλλα
1746 4650 1873 4687 σκο-

285 4738 495 4808 πητέον
533 4735 628 4787 καὶ
663 4731 1062 4803 διερευνητέον.
1102 4731 1144 4781 0
1188 4725 1544 4808 ΒΑΣΙΛΕΥΣ.
1581 4727 1704 4790 Πῶς
1741 4727 1875 4798 Χρι-

286 4830 498 4885 στιανοὶ
547 4826 649 4888 τὰς
692 4823 948 4886 τοιαύτας
994 4818 1426 4891 δημιουργοῦσιν
1470 4818 1717 4887 εἰκόνας;
1755 4819 1873 4882 πῶς

284 4923 635 4994 γράφουσινς
686 4918 728 4970 0
782 4913 1246 4969 ΠΑΤΡΙΑΡΧΗΣ.
1310 4911 1428 4981 Μὴ,
1460 4908 1721 4981 βασιλεῦ,
1774 4911 1872 4980 τῆς

286 5017 534 5086 ἀρρήτου
568 5009 663 5062 καὶ
689 5006 1023 5078 ὑπερουσίας
1056 5003 1396 5075 μεταδιδόασι
1443 5004 1555 5063 τοῖς
1586 5001 1872 5071 γραφομέ-

284 5120 398 5167 νοις
431 5101 622 5163 οὐσίας
649 5116 665 5166 ;
695 5099 741 5150 0
761 5093 1124 5149 ΒΑΣΙΛΕΥΣ.
1158 5091 1233 5145 Οὐ
1271 5091 1427 5161 δῆτα.
1467 5091 1508 5142 0
1538 5089 1871 5142 ΠΑΤΡΙΛΡ-

283 5194 451 5251 XIIX.
488 5192 730 5262 Θνητοῢς
772 5188 829 5242 δὲ
863 5187 1060 5248 αὖτοῦς
1103 5182 1393 5256 φρονοῦσιν
1425 5179 1785 5251 ἁνθρώπουςς
1829 5181 1872 5234 0

284 5282 649 5341 ΒΑΣΙΛΕΥΣ.
679 5281 812 5335 Ναί.
852 5280 895 5332 o
919 5274 1384 5332 ΠΑΤιιιΑΡΧιιε.
1422 5272 1518 5336 Τίς
1548 5267 1640 5324 οὖν
1674 5273 1708 5342 ή
1741 5271 1875 5342 μέμ-

281 5379 401 5450 ψις,
435 5380 483 5431 εἰ
514 5378 592 5440 ώς
628 5371 948 5445 ἀνθρώπους
971 5369 1196 5431 εἰδότες,
1227 5368 1300 5430 ὡς
1325 5364 1651 5436 ἀνθρώπους
1683 5365 1869 5435 γραφῇ

283 5471 691 5544 παραδίδομεν;
728 5466 822 5519 καὶ
849 5465 950 5534 τὴν
981 5461 1121 5516 Θεοῦ
1160 5455 1560 5531 προσηγορίαν,
1591 5455 1872 5527 ἐξαίρετον

282 5563 452 5619 οὖσαν
485 5561 581 5614 καὶ
630 5561 744 5621 τοῖς
771 5555 1054 5624 γεγονόσιν
1100 5548 1422 5621 ἐπιτεθῆναι
1471 5547 1675 5617 κυρίως
1711 5545 1872 5616 φύσιν

281 5660 385 5712 οὐκ
431 5657 693 5726 ἔχουσαν,
733 5652 828 5702 ἐπὶ
857 5648 955 5717 τῆς
1016 5646 1234 5701 πάντων
1285 5639 1631 5713 ἐξῃρημένης
1672 5638 1871 5701 ἐῶντες

282 5751 504 5814 οὐσίας,
539 5747 615 5810 ώς
658 5743 810 5813 αὐτῴ
846 5742 992 5811 μόνῳ
1031 5740 1197 5809 μόνην
1244 5734 1609 5805 ἁρμόζουσαν,
1652 5731 1868 5802 ἐκείνην

1976 4562 2115 4617 quos
2150 4550 2416 4605 sanctitas
2447 4546 2814 4612 Commendat,
2843 4546 3137 4601 simulacra
3169 4557 3331 4617 atque
3361 4549 3552 4617 imagi-

1975 4654 2072 4692 nes
2105 4636 2350 4692 faciunt?
2384 4636 2588 4691 PATR.
2634 4636 2750 4692 Non
2793 4638 2872 4692 sic
2898 4640 3104 4693 temere
3135 4654 3199 4693 ac
3232 4639 3551 4707 simpliciter

1973 4731 2368 4798 condemnandi
2400 4743 2563 4796 sunt;
2599 4732 2693 4786 sed
2722 4732 3154 4798 consideratione
3177 4732 3432 4786 utendum
3466 4743 3549 4785 at-

1975 4838 2081 4892 que
2112 4825 2383 4877 examine.
2411 4821 2641 4876 lMPER.
2678 4826 2791 4889 Qua
2822 4825 3033 4878 ratione
3062 4824 3358 4879 Christiani
3380 4822 3550 4876 simu-

1975 4912 2119 4966 lucra
2152 4912 2416 4980 ejusmodi
2451 4930 2515 4967 ac
2550 4914 2814 4984 imagines
2840 4915 3091 4969 faciunt?
3124 4930 3359 4983 quonam
3389 4916 3548 4969 modo

1976 5004 2235 5075 pingunt?
2256 4990 2459 5058 PATR.
2490 5002 2630 5060 Num
2650 5044 2665 5069 ,
2687 5021 2892 5075 quaeso,
2920 5007 3238 5075 imperator,
3270 5019 3384 5064 eos,
3413 5018 3550 5072 quos

1974 5094 2251 5149 coloribus
2275 5095 2551 5150 delineant
2599 5111 2663 5151 ac
2693 5099 2942 5167 pingunt,
2974 5110 3176 5151 arcana
3205 5096 3294 5152 illa
3326 5094 3548 5161 vimque

1974 5176 2191 5237 Omnem
2224 5185 2493 5239 sermonis
2521 5200 2587 5240 ac
2631 5186 2858 5253 rationis
2899 5195 3192 5253 superante
3231 5184 3547 5252 impertiant

1973 5272 2248 5331 essentia?
2289 5274 2525 5331 lllPElt.
2579 5276 2745 5345 Haud
2788 5292 2938 5333 sane.
2990 5275 3193 5329 PATR.
3230 5275 3416 5330 Nonne
3449 5289 3546 5331 eos

1978 5369 2223 5422 homines
2283 5368 2536 5423 mortales
2570 5368 2930 5423 existimant?
2992 5367 3225 5423 lMPlSlt.
3287 5367 3542 5422 Maxime.

1976 5456 2178 5512 PATR.
2230 5448 2367 5524 Quid
2404 5459 2566 5527 igitur
2608 5459 2854 5513 criminis
2883 5469 2987 5522 cst,
3038 5461 3107 5523 si,
3136 5475 3258 5512 cum
3293 5460 3543 5515 homines

1973 5550 2333 5612 sciamus,ceu
2355 5548 2601 5602 homines
2618 5550 2871 5617 penicillo
2894 5550 3270 5620 coloribusque
3289 5549 3550 5618 exprimi-

1975 5640 2136 5696 Inus?
2158 5639 2259 5693 Dei-
2282 5648 2460 5693 autem
2493 5640 2773 5710 singulare
2806 5652 2970 5710 atque
3020 5642 3280 5697 exittiinm
3322 5646 3543 5703 "nomen,

1975 5733 2115 5800 quod
2144 5731 2341 5785 creatis
2365 5732 2581 5800 proprie
2611 5732 2852 5786 adhiberi
2877 5744 2958 5788 est
2983 5731 3329 5802 impossiLile,
3363 5733 3415 5783 in
3451 5745 3550 5784 cs-

3064 5859 3163 5868 4-”
3194 5862 3247 5866 --γ
3292 5856 3467 5867 ws
