3980 6140
307 298 420 364 105
1831 302 1920 363 Ἣ

2025 350 2036 361 .
3477 301 3577 366 106

305 411 412 465 καὶ
441 408 651 464 ἀνωθεν
671 406 1009 478 παραδόσεις
1038 407 1150 461 τῶν
1181 407 1416 480 πρώτων
1440 408 1768 480 ἀνθρώπων,
1795 411 1892 465 ἕνα

2023 413 2178 468 nsita:
2207 412 2486 468 hominum
2507 412 2778 467 mentibus
2799 412 2866 468 de
2884 412 3002 468 'Deo
3027 413 3406 482 cogitationes,
3433 430 3584 486 qua:-

307 502 450 556 Θεὸν
485 499 665 572 ἀληθῆ
695 500 858 572 μόνον
889 499 1211 568 ἐγίνωσκον’
1237 500 1288 552 οἰ
1315 499 1373 552 δέ
1399 500 1500 570 τῆς
1527 499 1745 570 χθονιας
1774 503 1905 573 ἐρα-

2023 519 2114 574 lue
2145 505 2264 574 ipso
2319 505 2388 560 ab
2434 505 2591 559 initio
2634 504 2746 574 jam
2800 504 2926 560 olim
2961 505 3247 573 viguerunt
3283 503 3594 574 primorum

313 591 442 646 σταὶ
470 591 686 660 σοφίας,
715 589 1035 660 ἀφιλοσόφῳ
1075 589 1239 658 σοφίᾳ
1273 589 1370 643 καὶ
1397 588 1540 659 λόγῳ
1571 589 1775 660 ἀλόγῳ,
1804 591 1906 658 τῆς

2023 597 2293 651 hominum
2321 597 2666 662 traditiones,
2694 612 2858 650 unum
2915 596 3179 650 duntaxat
3203 610 3388 650 verum
3413 598 3584 652 Deum

309 681 604 744 εὐσεϐείας
637 681 740 744 τὰς
786 679 944 749 ῥίζας
993 679 1285 750 τολμηρῶς
1319 680 1771 746 ἀνασπάσαντες,
1809 680 1907 762 ἧλ-

2023 686 2444 755 cognoscendum
2500 687 2704 741 dabant
2754 703 2768 740 :
2827 694 3055 740 terrenae
3110 700 3241 740 vero
3305 686 3587 756 sapientia:

308 773 487 838 λαξάν
521 791 580 826 τε
602 773 774 835 αὑτὰς
798 773 894 826 καὶ
918 771 1112 843 ἐτέραν
1139 771 1462 842 ἐτράποντο,
1489 773 1588 826 καὶ
1609 772 1905 837 πολυθεΐας

2023 788 2307 845 amatores,
2361 779 2565 834 insulsa
2604 779 2865 848 nihilique
2911 779 3123 834 ratione
3168 779 3340 844 ducti,
3385 779 3590 834 evulsis

315 865 728 937 ἐμϐεϐληκότες
762 864 928 933 φυτὰ,
959 862 1302 935 προῦδωκαν,
1341 865 1409 935 ἦν
1443 860 1588 934 εἶχον
1621 865 1902 937 ἀλήθειαν,

2023 869 2304 923 temerario
2335 883 2470 924 ausu
2505 868 2724 939 pietatis
2753 867 3046 933 radicibus,
3082 866 3346 936 ejusmodi
3377 870 3587 939 cogita-

314 957 610 1028 ἀνθρώπου
650 955 906 1026 ὁμοίωμα
938 955 1032 1008 καὶ
1079 955 1348 1011 πετεινῶν
1378 957 1471 1009 καὶ
1509 956 1637 1026 ἑξῆς
1670 956 1748 1028 τῷ
1785 957 1905 1028 Θεῷ

2023 957 2188 1012 tiones
2239 967 2444 1013 natura:
2524 959 2721 1014 insitas
2768 959 3192 1028 verissimasque
3268 960 3590 1014 traditiones

317 1050 757 1119 παρασχόμενοι.
805 1047 1154 1102 Ἐναλλάττει
1199 1047 1308 1118 γὰρ
1349 1047 1378 1099 6
1427 1048 1694 1119 πρότερον
1734 1043 1902 1118 εἶχεν,

2023 1060 2492 1107 commutaverunt
2513 1059 2934 1119 everteruntque
2959 1060 3013 1105 et
3037 1050 3267 1119 plurium
3306 1043 3590 1104 numinum

317 1141 448 1195 ἀντὶ
476 1140 569 1192 τοῦ
603 1139 756 1203 όντος
797 1139 858 1192 τὸ
903 1138 977 1209 μὴ
1020 1139 1196 1209 παρὸν
1235 1139 1383 1210 αὐτῷ
1423 1139 1903 1210 .προαιρούμενος’

2023 1142 2351 1211 impietatem
2389 1141 2532 1196 velut
2566 1143 2758 1196 noxias
2780 1142 2991 1212 plantas
3024 1143 3339 1196 inseverunt
3372 1143 3592 1206 animis,

320 1233 351 1288 ὸ
371 1235 429 1287 δὲ
464 1234 539 1306 μὴ
571 1229 737 1303 εἶχεν,
764 1233 865 1285 οὐκ
893 1232 958 1286 ἂν
987 1231 1332 1286 ἐναλλάττειν
1363 1232 1582 1286 πώποτε
1603 1233 1799 1288 ἕλοιτο.

2023 1234 2320 1303 ipsamque,
2353 1248 2457 1303 qua
2493 1242 2650 1288 erant
2691 1234 2964 1300 instructi,
2997 1233 3286 1288 veritatem
3334 1232 3593 1302 prodide-

322 1339 480 1396 runt,
515 1340 573 1384 ut
601 1329 834 1384 hominis
901 1327 1315 1383 similitudinem
1381 1330 1775 1398 volucrumque
1836 1342 1902 1383 ac
1961 1343 2150 1383 rerum
2190 1329 2450 1400 deinceps
2505 1328 2733 1382 aliarum
2773 1327 2884 1383 Deo
2925 1327 3251 1381 tribuerent.
3281 1315 3597 1381 Commutat

323 1426 474 1480 enim
528 1426 580 1478 id
613 1423 753 1493 quod
797 1432 924 1477 ante
957 1422 1191 1478 habebat
1237 1423 1304 1487 is,
1339 1423 1429 1492 qui
1462 1426 1508 1478 ei
1551 1425 1694 1494 quod
1729 1423 1884 1479 adest
1958 1422 2013 1478 id
2045 1424 2188 1495 quod
2221 1439 2326 1480 non
2353 1425 2507 1478 adest
2566 1421 2783 1494 pralert
2816 1440 2831 1477 :
2869 1430 3204 1477 commutare
3272 1422 3416 1477 enim
3447 1421 3594 1491 quod

324 1537 434 1576 non
467 1520 654 1580 habet,
684 1532 839 1571 nemo
863 1517 916 1569 in
942 1517 1181 1570 animum
1209 1517 1428 1571 inducat
1448 1532 1625 1572 suum.
1733 1532 1737 1535 ‘

397 1611 501 1681 νβ’.
556 1613 596 1663 0
637 1609 788 1661 ΒΑΣ.
840 1602 990 1677 'Apa.
1046 1608 1109 1660 οὒ
1151 1607 1319 1660 τοῦτό
1370 1609 1518 1660 ἐστιν
1576 1607 1604 1660 6
1649 1607 1904 1678 διεξῄεις,

2089 1604 2178 1659 52,
2215 1601 2444 1657 IMPER.
2469 1601 2709 1656 Hoccine
2735 1607 2819 1654 est
2839 1599 2980 1669 quod
3005 1611 3260 1655 sermone
3287 1603 3594 1661 contendis.

325 1705 402 1768 ὡς
444 1703 540 1755 ἐπὶ
573 1700 735 1770 μόνου
769 1698 904 1751 Θεοῦ
935 1698 1304 1768 παραδεκτέον
1335 1698 1428 1751 τὸν
1472 1697 1569 1752 τοῦ
1617 1699 1907 1768 νομοθέτου

2023 1696 2083 1752 de
2107 1695 2219 1749 solo
2245 1693 2354 1749 Deo
2389 1692 2762 1761 accipiendum
2798 1691 3044 1758 verbum,
3075 1691 3302 1762 ejusque
3326 1694 3595 1750 duntaxat

313 1797 512 1864 λόγον,
568 1793 663 1847 καί¹
695 1793 772 1854 ὡς
831 1792 925 1843 ἐπὶ
989 1793 1181 1844 τούτου
1238 1791 1340 1856 τὰς
1408 1792 1623 1855 εἰκόνας
1672 1792 1910 1864 γράφειν

2023 1785 2300 1856 pingendis
2341 1783 2672 1851 imaginibus
2702 1797 2766 1836 ac
2795 1780 3101 1836 simulacris
3128 1781 3390 1838 ducendis
3424 1783 3596 1838 inter-

327 1887 639 1952 ἐκώλυσεν;
692 1885 733 1938 0
779 1883 982 1936 ΠΑΤΡ.
1037 1881 1210 1935 Τοῦτό
1246 1899 1311 1950 γε
1361 1881 1526 1953 ἔφην,
1583 1884 1682 1935 καὶ
1731 1883 1912 1950 λέγειν

2023 1877 2214 1932 dictum
2242 1877 2403 1932 esse?
2430 1876 2632 1930 PATR.
2665 1872 2780 1930 Hoc
2833 1874 2989 1944 plane
3021 1873 3162 1939 dico,
3207 1889 3310 1929 nec
3351 1890 3593 1944 unquam

329 1979 592 2032 οὐδέποτε
617 1973 919 2044 παύσομαι.
959 1976 1001 2025 0
1037 1973 1186 2026 ΒΛΣ.
1219 1972 1284 2024 Τί
1325 1972 1426 2044 δή;
1461 1975 1522 2026 οὑ
1568 1973 1702 2028 Θεὸν
1737 1973 1912 2045 άληθῆ

2023 1976 2330 2024 cessaturus
2370 1983 2489 2023 sum
2535 1966 2740 2021 dicere.
2782 1964 3016 2018 lMPER.
3044 1964 3181 2031 Quid
3216 1966 3381 2020 vero?
3406 1966 3596 2020 Nonne

331 2070 425 2124 τὸν
470 2066 708 2138 Χριστὸν
747 2064 1068 2134 κηρύττεις;
1101 2065 1141 2116 Ο
1165 2063 1368 2117 ΠΑΤΡ.
1397 2065 1635 2132 Ἔγωγε.
1686 2067 1727 2118 0
1762 2065 1910 2118 ΒΑΣ.

333 2156 576 2231 Χριστοῦ
610 2157 668 2209 δέ
698 2157 913 2217 εἰκόνας
940 2155 1000 2206 ού
1030 2156 1296 2226 γράφεις;
1324 2158 1365 2207 0
1414 2156 1620 2208 HATP.
1676 2155 1912 2224 Πάνυγε.

335 2254 377 2306 0
400 2253 549 2304 ΒᾹΣ.
581 2250 704 2312 Πῶς
732 2244 825 2303 οὖν
854 2248 987 2301 Θεὸν
1015 2247 1190 2318 ἀληθῆ
1224 2247 1315 2300 τὸν
1335 2249 1570 2318 Χριστὸν
1598 2248 1914 2319 κηρύττεις,

332 2339 576 2413 Χριστοῦ
599 2339 656 2392 δέ
678 2339 915 2409 γράφεις
932 2337 1167 2403 εἰκόνας,
1198 2339 1249 2389 εἰ
1278 2337 1412 2390 Θεοῦ
1443 2338 1676 2406 γράφειν
1703 2337 1918 2400 εἰκόνας

269 2501 276 2504 _
333 2433 364 2486 ὁ
390 2430 689 2502 νομοθέτης
727 2427 1034 2494 ἐκώλυσεν;
1066 2429 1108 2481 0
1140 2428 1350 2480 IIATP.
1386 2428 1462 2480 Εὖ
1493 2445 1574 2480 σοι
1622 2427 1851 2495 γένοιτο,
1875 2422 1920 2481 ὦ

337 2523 563 2594 βασιλεῦ
591 2539 606 2554 ο
647 2522 710 2574 τὸ
753 2521 864 2591 γὰρ
901 2520 1056 2591 παρὰ
1099 2517 1194 2572 σοῦ
1234 2519 1459 2590 κινηθὲν
1489 2520 1834 2588 παραστήσει
1862 2519 1922 2572 τὸ

333 2616 514 2685 δόγμα
544 2612 950 2684 λαμπρότερον.
986 2611 1127 2665 Εἰπέ
1153 2611 1296 2681 γὰρ,
1332 2611 1394 2663 ού
1431 2609 1564 2662 Θεὸν
1591 2609 1792 2680 ἀληθῆ,
1827 2610 1923 2663 καὶ

334 2703 625 2776 ἄνθρωπον
669 2702 844 2772 ἀληθῆ
890 2700 984 2754 τὸν
1024 2701 1261 2771 Χριστὸν
1309 2699 1635 2771 κηρύττεις;
1685 2703 1725 2752 0
1769 2699 1920 2752 ΒΑΣ.

336 2795 528 2857 Οὕτως
564 2793 692 2863 ἐχω.
743 2796 785 2843 0
838 2792 1043 2845 ΠΑΤΡ.
1081 2791 1402 2860 Ἀνθρωπος
1448 2789 1689 2859 γεγονὼς
1731 2792 1759 2843 ό
1787 2791 1925 2863 Χρι-

337 2888 505 2950 στὸς,
568 2886 630 2938 ού
707 2882 916 2946 τέλειός
983 2883 1132 2935 ἐστιν
1195 2881 1460 2946 ὡσαύτως
1527 2883 1685 2935 τοῦτο
1736 2884 1926 2938 κακεῖ-

337 2996 433 3044 νο,
489 2977 586 3030 καὶ
643 2973 768 3028 οὔτε
804 2974 906 3044 τὴν
962 2971 1174 3025 οἰκείαν
1236 2972 1402 3041 φύσιν
1454 2973 1744 3042 ἐμείωσεν,
1797 2971 1922 3024 οὔτε

2015 2056 2284 2113 Christum
2329 2072 2513 2112 verum
2561 2056 2727 2112 Deum
2761 2056 3031 2124 proﬁteris
3059 2055 3084 2108 ?
3113 2054 3318 2110 PATR.
3338 2056 3592 2112 Maxime.

2015 2147 2249 2203 iMPER.
2281 2147 2464 2201 Nonne
2493 2160 2620 2201 vero
2649 2145 2848 2200 Christi
2894 2144 3156 2214 imagines
3184 2147 3249 2200 ac
3301 2146 3594 2201 simulacra

2018 2240 2194 2310 pingis
2211 2239 2234 2292 ?
2249 2237 2450 2292 PATR.
2468 2238 2544 2290 ita
2563 2235 2983 2306 planeJMPEB.
3004 2235 3282 2301 Quomodo
3300 2237 3480 2304 igitur,
3504 2240 3597 2307 qui

2021 2345 2204 2384 verum
2237 2328 2404 2382 Deum
2446 2328 2723 2382 Christum
2753 2326 3044 2394 profiteris,
3064 2325 3281 2382 Christi
3332 2327 3597 2398 imagines

2023 2421 2226 2491 pingis,
2263 2434 2387 2473 cum
2440 2418 2717 2488 legislator
2749 2417 2847 2472 Dei
2880 2417 3146 2486 imagines
3178 2418 3474 2488 pingendas
3506 2433 3600 2472 vc-

2025 2510 2221 2564 tuerit?
2270 2506 2474 2563 PATB.
2513 2507 2656 2563 Bene
2709 2507 2802 2562 tibi
2860 2507 2958 2573 sit,
2988 2521 3022 2562 ο
3055 2508 3375 2577 imperator,
3432 2524 3596 2576 quam

2023 2601 2166 2655 enim
2190 2601 2541 2669 quaestionem
2572 2599 2809 2666 movisti,
2837 2599 3142 2654 doctrinam
3171 2599 3372 2655 clarius
3399 2601 3599 2655 contir-

2025 2693 2213 2748 mabit.
2241 2691 2400 2756 Nam,
2426 2693 2642 2755 amabo.
2673 2706 2856 2746 nonne
2883 2690 3166 2746 Christum
3199 2708 3388 2747 verum
3425 2693 3596 2747 Deum

2025 2797 2319 2851 verumque
2360 2781 2633 2835 hominem
2688 2780 3002 2848 profiteris?
3045 2779 3280 2836 IMPER.
3325 2781 3408 2834 ‘lta
3441 2797 3594 2836 sane.

2031 2871 2233 2927 PATR.
2267 2873 2520 2927 Christus
2553 2873 2713 2926 homo
2745 2871 2947 2938 factus,
2981 2886 3159 2927 nonne
3194 2872 3419 2941 perinde
3457 2873 3600 2927 Deus

2029 2975 2192 3034 atque
2220 2966 2380 3019 homo
2406 2962 2676 3033 perfectus
2713 2963 2945 3028 exsistit,
2972 2962 3192 3032 quando
3238 2979 3414 3033 neque
3438 2979 3596 3019 suam

337 3071 366 3124 6
427 3066 763 3140 προσέλαϐεν
819 3067 900 3128 εἰς
948 3062 1203 3134 θεότητος
1277 3065 1438 3131 φύσιν
1501 3065 1834 3135 μετέϐαλεν;
1883 3065 1921 3117 0

2023 3050 2149 3124 ipse
2167 3064 2417 3108 naturam
2444 3053 2660 3117 minuit,
2691 3068 2790 3109 nec
2813 3068 2974 3122 quam
2993 3053 3289 3120 assumpsit
3305 3055 3359 3108 in
3379 3057 3598 3111 deitatis

339 3159 494 3213 ΒΑΣ.
545 3157 657 3210 Καὶ
720 3153 890 3224 μάλα.
930 3153 970 3204 0
1029 3152 1235 3205 ΠΑΤΡ.
1297 3153 1372 3205 Ού
1433 3153 1817 3223 συνομολογεῖς
1867 3153 1923 3206 δέ

340 3253 438 3307 καὶ
489 3249 618 3320 φὴς,
677 3245 753 3309 ὡς
809 3243 968 3298 ἄλλον
1020 3243 1121 3314 μὲν
1178 3242 1273 3296 καὶ
1345 3242 1504 3296 ἄλλον
1554 3244 1646 3297 τὸν
1687 3243 1922 3314 Χριστὸν

337 3344 445 3398 οὐκ
512 3339 577 3392 ἀν
645 3354 775 3390 ποτε
843 3335 1124 3405 φαίημεν⁹
1181 3334 1273 3388 τὸν
1332 3336 1494 3388 αὐτὸν
1534 3335 1594 3389 δέ
1642 3336 1758 3406 ἅμα
1800 3335 1923 3388 κατ’

341 3433 474 3488 ἄλλο
520 3431 616 3484 καὶ
663 3429 828 3493 ἄλλο,
869 3428 966 3481 καί
1001 3425 1185 3496 ἀπαθῆ
1227 3426 1323 3479 καὶ
1371 3426 1610 3497 παθητὸν
1649 3426 1881 3496 λέγομεν
1902 3443 1919 3456 -·

345 3525 470 3581 καθ’
497 3523 525 3576 6
553 3523 650 3593 μέν
681 3521 846 3585 Θεὸς,
867 3518 1047 3583 τοῦτο,
1081 3519 1204 3571 καθ’
1233 3519 1262 3572 6
1285 3519 1341 3571 δέ
1365 3519 1654 3588 ἅνθρωπος
1682 3519 1710 3569 ὁ
1739 3520 1919 3584 αὐτὸς,

346 3617 564 3675 ἐκεῖνο;
609 3611 674 3662 Τί
712 3609 811 3680 δή;
866 3609 924 3660 ού
963 3607 1098 3661 καθὸ
1133 3608 1230 3677 μὲν
1263 3607 1415 3673 Θεὸς,
1447 3608 1675 3677 ἀόρατός
1717 3611 1776 3660 τέ
1806 3611 1922 3662 ἐστι

348 3704 446 3758 καὶ
477 3700 687 3768 ἀναφὴς
718 3699 812 3750 καὶ
841 3696 1129 3765 νοούμενος
1150 3711 1165 3725 ο
1189 3695 1312 3748 καθ’
1347 3694 1375 3747 6
1402 3695 1458 3748 δὲ
1487 3696 1581 3749 ἄνθ
1593 3713 1796 3766 ρωπος,
1829 3697 1923 3750 καὶ

348 3795 546 3866 ὁρατὸς
603 3791 695 3845 καὶ
742 3787 911 3850 ἁπτὸς
947 3789 1040 3839 καὶ
1072 3785 1432 3855 φαινόμενος;
1485 3788 1620 3857 Οὐχὶ
1670 3782 1762 3840 οὖν
1826 3787 1922 3840 καὶ

349 3881 486 3940 Θέδν
510 3887 666 3954 ἴσμεν
691 3880 864 3950 ἀληθῆ
884 3880 978 3932 τὸν
1001 3881 1376 3948 γραφόμενον;
1401 3879 1533 3942 Θεὸς
1558 3879 1664 3947 γὰρ
1685 3871 1921 3950 ἀληθῶς,

349 3979 448 4033 καὶ
479 3972 786 4045 σαρκωθεὶς
823 3973 854 4022 ὁ
881 3971 1140 4040 Χριστός.
1183 3970 1323 4022 Ἀλλ’
1353 3970 1414 4022 ού
1445 3971 1567 4023 καθ’
1605 3970 1634 4022 6
1665 3970 1797 4034 Θεὸς
1833 3971 1924 4046 τὸν

350 4068 588 4141 Χριστὸν
637 4064 958 4134 γράφομεν,
1012 4062 1134 4114 οὐδὲ
1186 4063 1328 4115 κατὰ
1364 4061 1520 4115 τοῦτο
1561 4062 1660 4125 τὰς
1711 4064 1926 4126 εἰκόνας

351 4159 505 4229 αύτῷ
528 4156 876 4224 ἀνατίθεμεν·
914 4153 1051 4208 καθὸ
1083 4152 1138 4206 δέ
1169 4154 1456 4225 ἄνθρωπος
1487 4149 1554 4224 ἦν
1591 4157 1618 4208 ὁ
1643 4154 1804 4217 αὐτὸς
1831 4156 1926 4207 καὶ

347 4253 446 4307 ἐπὶ
487 4249 595 4318 γῆς
631 4246 826 4316 ἐφάνη,
856 4247 978 4306 ταῖς
1001 4243 1174 4296 εἰκόσι
1207 4243 1542 4314 κεχρήμεθα.
1577 4245 1687 4297 Καὶ
1714 4241 1836 4296 οὔτε
1862 4243 1924 4296 τὸ

347 4340 548 4412 ὁρατὸν
582 4339 679 4391 καὶ
709 4335 1082 4405 περίγραπτον
1101 4335 1214 4393 τοῖς
1238 4333 1337 4403 τῆς
1371 4334 1635 4403 ἁορασίας
1664 4333 1757 4386 καὶ
1792 4335 1924 4387 ἁπε-

2025 3157 2273 3202 naturam
2327 3146 2634 3202 convertit?
2684 3145 2919 3201 IMPER.
2952 3145 3140 3202 Plane.
3169 3145 3370 3201 PATR.
3408 3146 3600 3204 Nonne

2025 3237 2232 3306 pariter
2279 3236 2559 3292 conﬁteris
2591 3237 2776 3307 aisque
2803 3252 3082 3307 nunquam
3120 3252 3217 3292 nos
3247 3238 3411 3293 alium
3434 3248 3599 3309 atque

2021 3328 2189 3382 alium
2226 3329 2504 3384 Christum
2529 3328 2767 3398 dixisse;
2804 3330 2899 3384 sed
2941 3345 3104 3384 unum
3128 3333 3484 3400 cumdemque
3509 3345 3599 3385 se-

2020 3422 2259 3475 cundum
2289 3420 2433 3475 aliud
2459 3431 2622 3489 atque
2663 3420 2810 3475 aliud
2839 3429 2951 3474 tum
2980 3421 3296 3490 passibilem
3325 3431 3435 3476 tum
3463 3421 3596 3475 nulli

2023 3511 2316 3566 obnoxium
2345 3513 2579 3580 passioni
2609 3513 2822 3579 dicere;
2856 3511 3086 3566 alterum
3117 3511 3326 3566 scilicet
3348 3526 3454 3581 qua
3505 3527 3594 3565 ra-

2027 3603 2175 3660 tione
2205 3613 2288 3658 est
2311 3604 2476 3668 Deus,
2496 3603 2726 3659 alterum
2760 3619 2867 3674 qua
2891 3604 3055 3658 homo
3080 3604 3201 3658 est?
3226 3602 3363 3670 Quid
3397 3605 3599 3674 igitur?

2025 3711 2131 3764 qua
2157 3695 2366 3750 ratione
2405 3696 2543 3749 Deus
2574 3703 2681 3760 est,
2713 3709 2892 3748 nonne
2923 3695 3356 3762 inaspectabilis,
3395 3697 3600 3750 intrac~

2027 3782 2226 3847 tabilis,
2259 3782 2480 3851 solaque
2513 3794 2691 3837 mente
2719 3782 3075 3851 intelligihilis
3106 3783 3228 3838 est?
3273 3799 3377 3854 qua
3411 3795 3595 3840 autem

2028 3874 2214 3936 homo,
2249 3887 2432 3926 nonne
2466 3873 2758 3941 ejusmodi,
2799 3872 3089 3940 qui-oculis
3114 3872 3314 3938 videri,
3345 3874 3600 3944 tangique

2028 3963 2277 4016 manibus
2300 3963 2488 4030 possit,
2516 3977 2578 4016 ac
2599 3975 2758 4015 sensu
2785 3962 3108 4030 conspicuus
3129 3962 3599 4018 exsistat?Nonue

2028 4052 2194 4122 igitur
2217 4052 2383 4105 etiam
2414 4066 2535 4107 eum
2606 4052 2694 4120 qui
2752 4051 3007 4121 pingitur,
3043 4067 3227 4105 verum
3274 4053 3439 4108 Deum
3471 4071 3598 4109 nos-

2027 4143 2245 4198 cimus?
2281 4143 2421 4196 Vere
2473 4142 2616 4196 enim
2651 4142 2901 4196 Christus
2923 4142 3096 4196 "Deus
3125 4151 3233 4207 est,
3271 4145 3518 4210 quamvis
3546 4158 3600 4200 et

2027 4249 2190 4289 carne
2215 4235 2472 4304 praeditus
2493 4235 2582 4288 sit.
2610 4233 2761 4288 Haud
2788 4243 2964 4287 tamen
2990 4233 3266 4288 Christum
3292 4248 3354 4287 ea
3388 4235 3598 4288 ratione

2030 4327 2328 4397 pingimus,
2361 4341 2464 4396 qua
2502 4325 2646 4380 Deus
2679 4334 2781 4389 εει,
2829 4325 2910 4379 vel
2957 4325 3006 4378 ei
3043 4323 3307 4392 imagines
3339 4334 3392 4379 et
3426 4325 3601 4379 simu--

351 4427 653 4501 ριγραψίας
703 4423 1110 4493 ἁνακομίζομεν
1170 4422 1425 4490 μέτροις,
1455 4421 1545 4484 -ὠς
1600 4422 1665 4474 ἂν
1707 4421 1782 4492 μὴ
1826 4421 1921 4492 τὴν

2029 4418 2174 4473 Iacra
2227 4418 2584 4492 appendimus
2619 4435 2632 4469 :
2666 4416 2760 4471 sed
2807 4417 3089 4477 duntaxat,
3137 4428 3241 4484 qua
3284 4424 3404 4468 erat
3454 4416 3596 4471 idem

348 4518 630 4588 σωτηρίαν
653 4513 1132 4582 διαψευσθεεημεν,
1156 4510 1278 4563 οὔτε
1300 4510 1344 4563 δ’
1372 4507 1438 4565 αὖ
1455 4512 1515 4563 τὸ
1530 4512 1734 4581 ἀναφὲς
1758 4512 1920 4565 αὐτοῦ

346 4613 448 4666 καὶ
478 4611 712 4678 ἀόρατον
743 4606 838 4660 καὶ
860 4604 1298 4674 ἀπερίγραπτον,
1324 4605 1436 4665 τοῖς
1461 4602 1561 4671 τῆς
1591 4604 1806 4672 ἐπαφῆς
1832 4603 1924 4656 καὶ

348 4699 706 4772 περιγραφῆς
767 4697 863 4750 καὶ
915 4695 1158 4764 ὁράσεως
1219 4693 1685 4762 κατακομίζοντες
1746 4694 1924 4761 λόγοις

352 4789 645 4864 μανιωδῶς
671 4785 1003 4856 διαμορφοῦν
1031 4783 1436 4854 ἐπιχειροῦμεν·
1469 4785 1668 4854 μᾶλλον
1689 4784 1746 4838 δέ
1781 4785 1923 4838 εἰδό-

346 4898 474 4946 τες,
507 4881 594 4934 ὅτι
635 4875 730 4929 τοῦ
755 4876 883 4936 ἐνὸς
932 4873 1172 4945 Χριστοῦ
1219 4873 1482 4942 πρόσεστι
1533 4873 1594 4926 τό
1625 4890 1685 4925 τε
1727 4874 1922 4945 ὁρατὸν

346 4973 442 5027 καὶ⁵
468 4972 720 5041 ἀόρατον,
765 4965 1267 5037 περιγραπτονκαὶ
1297 4965 1712 5036 άπερίγραπτον
1747 4965 1922 5018 ἀδιαιο

351 5064 520 5134 ρέτως
548 5077 608 5113 τε
639 5060 733 5113 καί⁸
756 5055 1078 5126 ἀσυγχύτως
1100 5057 1244 5110 κατά
1265 5073 1328 5124 γε
1351 5057 1421 5109 τὰ
1444 5057 1572 5121 τῶν,
1598 5058 1656 5124 ἐξ
1682 5050 1756 5110 ὧν
1783 5059 1920 5124 ἐστι,

348 5153 568 5223 φύσεων
604 5151 747 5214 ἰδια,
799 5148 1015 5217 ἑκάστῳ
1050 5147 1190 5200 κατὰ
1239 5147 1309 5202 τὰ
1339 5148 1817 5218 προαποδεδομένα
1863 5149 1923 5202 τὸ

345 5247 547 5296 οἰκεῖον
599 5237 894 5308 ἀπονέμειν
946 5237 1365 5307 μεμαθήκαμεν.
1408 5237 1520 5290 Kal.
1555 5241 1711 5290 τοῦτο
1761 5238 1924 5302 δείξει

339 5334 456 5390 τῶν
482 5327 846 5402 γραφομένων
881 5328 1108 5380 εἰκόνων
1137 5327 1164 5377 ό
1198 5330 1417 5396 τρόπος
1450 5327 1484 5398 ἢ
1521 5327 1630 5399 γὰρ
1659 5328 1717 5380 ἐν
1749 5329 1923 5401 φάτνῃ

344 5425 603 5495 κείμενον
655 5421 981 5491 γράφουσιν,
1023 5420 1056 5489 ἢ
1106 5418 1213 5472 ὑπὸ
1254 5419 1358 5490 τῆς
1399 5419 1621 5488 Μητρὸς
1659 5419 1924 5473 Θεοτόκου

341 5515 704 5588 τρεφόμενον,
737 5512 771 5581 ἢ
823 5508 1120 5580 ὁμιλοῦντα
1181 5512 1295 5574 τοῖς
1347 5509 1652 5579 μαθηταῖς,
1707 5510 1740 5581 ἢ
1785 5527 1925 5583 παρ-

343 5607 562 5661 εστῶτα
591 5601 825 5671 Πιλάτῳ,
852 5602 884 5671 ἢ
907 5601 1000 5653 ἐπὶ
1030 5599 1188 5664 ξύλου
1221 5600 1639 5671 κρεμάμενον,ἢ
1658 5601 1757 5654 ὅσα
1786 5600 1923 5655 ἀλλα

342 5695 571 5751 τοιαῦτα
605 5692 706 5762 τὴν
747 5691 840 5743 ἐπὶ
871 5689 974 5760 γῆς
1001 5689 1164 5742 αὑτοῦ
1197 5691 1498 5758 παρουσίαν
1530 5690 1815 5744 δείκνυσιν·
1845 5687 1920 5745 ὧν

673 5790 940 5850 Pauor...
981 5786 1097 5847 Gn.
1150 5787 1214 5848 C.

2029 4513 2191 4566 homo
2235 4522 2398 4578 atque
2419 4512 2470 4562 in
2520 4509 2681 4562 terris
2716 4519 2800 4562 est
2828 4509 2996 4572 visus,
3029 4508 3236 4561 utimur
3268 4508 3596 4578 imaginibus

2027 4601 2142 4670 ejus
2182 4620 2195 4656 :
2229 4613 2284 4656 et
2337 4615 2515 4667 neque
2557 4600 2699 4670 quod
2733 4599 3062 4668 aspectabile
3096 4614 3161 4654 ac
3181 4599 3460 4655 deﬁnitum
3487 4612 3594 4665 est,

2026 4707 2528 4748 commensuramus
2545 4691 2597 4745 ei
2622 4687 2764 4759 quod
2799 4690 3185 4758 inaspectabile
3208 4705 3271 4744 ac
3303 4691 3597 4748 incircum-

2024 4786 2282 4852 scriptum
2316 4783 2548 4845 exsistit,
2579 4797 2645 4836 tie
2697 4782 2748 4835 in
2806 4781 2997 4834 salutis
3028 4782 3243 4850 negotio
3288 4795 3534 4838 erremus
3573 4801 3589 4837 :

2025 4891 2122 4931 nec
2155 4889 2366 4940 rursus,
2399 4877 2539 4944 quod
2567 4874 2642 4928 illi
2694 4872 3058 4938 intractabile,
3091 4873 3498 4941 inaspectabile,
3525 4889 3590 4929 ae

2023 4969 2556 5037 incircumscriptum
2594 4967 2829 5031 exsistit,
2860 4966 2926 5019 ad
2981 4976 3264 5021 contactus
3307 4978 3583 5036 aspectus-

2021 5076 2126 5130 que
2153 5076 2216 5115 ac
2240 5058 2761 5129 circumscriptionis
2816 5059 3051 5114 rationes
3087 5058 3470 5127 deprimentes,
3501 5058 3585 5113 lu-

2026 5151 2259 5204 rentium
2306 5164 2455 5225 more
2501 5149 2773 5204 coloribus
2814 5159 2975 5217 atque
3009 5148 3294 5218 pigmentis
3335 5148 3587 5220 eliingere

2025 5243 2270 5296 nitimur.
2286 5242 2424 5308 Quin
2444 5243 2621 5312 potius
2649 5241 2870 5294 minime
2889 5242 3196 5309 ignorantes
3216 5246 3372 5295 unius
3387 5242 3588 5300 Christi

2015 5345 2164 5393 esse,
2193 5333 2337 5399 quod
2368 5331 2716 5400 aspectabilis
2745 5329 2815 5383 sit
2835 5340 2889 5383 et
2919 5344 3020 5383 non
3045 5331 3410 5398 aspectabilis,
3444 5337 3586 5403 quod

2023 5419 2467 5488 circumscriptus
2519 5429 2574 5472 et
2618 5418 3160 5486 incircumscriptus,
3228 5419 3391 5489 idque
3441 5432 3583 5477 .cttra

2023 5509 2420 5575 confusionem,
2465 5509 2614 5578 juxta
2667 5519 3004 5566 naturarum.
3037 5523 3158 5577 quae
3203 5509 3255 5563 in
3293 5511 3412 5579 ipso
3441 5523 3585 5577 sunt,

2011 5600 2412 5672 proprietates;
2433 5609 2591 5670 prout
2616 5601 2726 5670 jam
2755 5599 3082 5669 explicatum
3109 5609 3214 5667 est,
3235 5599 3399 5671 (quod
3431 5618 3584 5657 suum

2023 5691 2139 5762 est)
2165 5694 2360 5762 cuique
2393 5693 2630 5748 tribuere
2662 5692 2929 5748 novimus.
2964 5691 3021 5747 id
3050 5692 3190 5762 quod
3223 5709 3411 5748 eurum
3435 5695 3580 5765 ipsa-

3189 5789 3227 5848 it
