3980 6140
401 278 500 344 107

1410 279 1470 338 S.
1517 279 1936 339 NICEPIIURI
1977 278 2483 337 PATRIARCﬂ-E
2522 279 2630 337 CP.

3595 274 3690 344 108

397 405 538 452 rum,
566 403 687 457 qua:
721 387 1019 458 pinguntur
1047 393 1212 454 atque
1240 396 1514 454 ponuntur
1551 388 1846 456 imaginum
1873 403 1988 440 mo-

2105 387 2245 440 »ὐδὲν
2277 383 2368 458 ἦν,
2395 387 2534 439 καθὸ
2569 385 2703 449 Θεὸς
2739 381 2830 455 ἦν,
2869 383 3002 440 καθὸ
3035 385 3089 440 δὲ
3141 385 3170 438 ό
3202 387 3367 452 αὐτὸς
3402 387 3688 459 ἄνθρωπος

399 483 500 535 dus
534 481 792 534 ostendet
820 495 833 532 :
860 479 1117 532 autenim
1139 478 1244 532 illm
1271 479 1322 532 in
1349 478 1865 547 prmsrpijacentem
1899 495 1984 532 rc-

396 581 757 645 prmsentant,
791 581 882 625 aut
915 569 1160 639 Dciparae
1201 571 1442 639 parentis
1478 579 1764 639 augentem
1796 573 1984 634 ubera,

399 671 494 714 aut
530 660 829 728 discipulos
894 659 1285 728 alloquentem,
1354 659 1437 712 vel
1484 669 1755 713 astantem
1789 659 1986 728 Pilato,

398 749 578 802 autin
624 749 772 816 ligno
822 749 1172 817 pendentem,
1203 754 1297 800 aut
1329 747 1374 800 si
1425 764 1533 818 qua
1579 749 1843 817 ejusmodi
1881 749 1989 803 alia
2053 749 2062 752 ”

399 841 516 906 ejus
575 841 626 894 in
660 849 834 894 terras
876 840 1165 893 adventum
1208 838 1534 894 declarant:
1587 856 1818 909 quorum
1847 841 1985 894 nihil

406 944 490 988 est
515 947 576 987 ea
613 933 824 987 ratione
855 949 958 1002 qua
1000 932 1141 986 Deus
1174 939 1276 997 est,
1310 933 1404 986 sed
1433 948 1537 1001 qua
1569 933 1712 987 idem
1745 949 1992 1003 unusque

407 1028 525 1096 ipse
560 1027 726 1081 homo
758 1025 1078 1079 exsistebat.
1111 1023 1225 1078 Nisi
1264 1025 1410 1079 enim
1443 1027 1767 1096 quandoque
1825 1029 1989 1083 homo

401 1118 582 1172 factus
632 1125 803 1182 esset,
852 1115 1207 1183 hominisque
1260 1116 1487 1186 ﬁguram
1529 1132 1592 1172 ac
1651 1115 1882 1172 formam
1935 1119 1988 1173 in

2091 475 2184 550 ἦν.
2218 479 2279 532 El
2327 479 2427 549 μὲν
2459 479 2568 550 γὰρ
2608 477 2896 551 ἄνθρωπος
2936 479 3037 531 οὐκ
3067 479 3316 547 ὲγεγόνει
3351 479 3520 546 ποτὲ,
3573 481 3691 534 οὐδὲ

2095 568 2390 640 ἀνθρώπου
2437 572 2656 641 μορφὴν
2689 570 2722 642 ἢ
2758 566 2898 634 εἶδος
2928 571 3023 623 ἐπὶ
3055 571 3160 640 γῆς
3192 573 3460 636 ἑκουσίως
3495 573 3690 627 ἀνέλα·

2096 660 2210 727 ϐεν,
2239 664 2342 716 οὑκ
2383 662 2449 716 ἂν
2490 662 2664 716 ταῦτα
2694 662 2989 733 ἐγράφετο,
3025 663 3146 716 οὐδὲ
3187 665 3277 716 ἐπ’
3301 663 3468 717 αὑτοῦ
3503 664 3692 735 χώραν

2096 754 2353 822 γενέσθαι
2396 755 2644 826 ἐδέχετο·
2694 757 2742 807 εί
2789 755 2844 807 δὲ
2874 753 3064 824 σὰρξό
3093 755 3270 824 Λόγος
3306 755 3548 825 ἐγένετο,
3597 759 3690 810 καὶ

2096 847 2192 898 ἐπὶ⁹
2221 847 2324 916 γῆς
2349 846 2546 917 ἐφάνη,
2573 845 2670 898 καὶ
2699 844 2854 916 ὤφθη
2887 828 3201 911 ἀνθρώποις
3229 846 3304 910 ὡς
3335 846 3691 917 ἄνθρωπος,ό

2094 937 2291 1009 πρώην
2320 938 2564 1008 ἄσαρκος
2591 937 2724 1000 Θεὸς
2759 937 2852 989 καὶ
2886 935 3213 1008 ἀσώματος·
3247 937 3350 991 οὐκ
3385 937 3450 990 ἂν
3485 938 3688 990 ἀδικοῖ-

2099 1047 2221 1101 μεν,
2253 1029 2328 1093 ὡς
2365 1025 2554 1102 οἶμαι,
2599 1028 2635 1084 ἃ
2685 1030 3017 1100 ἑωράκαμεν
3055 1030 3122 1100 τῇ
3170 1030 3358 1099 γραφῇ
3401 1030 3689 1100 σημαίνειν

2095 1120 2395 1185 ἐθέλοντες.

399 1223 544 1266 terra
573 1211 997 1281 assuuipsisset,
1032 1228 1310 1280 nunquam
1349 1213 1464 1268 haec
1495 1213 1720 1284 picturae
1751 1225 1871 1270 arte
1902 1215 2082 1272 efﬁcta
2114 1229 2324 1285 essent,
2360 1233 2462 1276 nec
2509 1219 2659 1274 locus
2690 1219 2883 1273 fuisset
2942 1226 3006 1272 ut
3057 1217 3114 1273 iu
3163 1231 3229 1272 eo
3291 1217 3418 1273 talia
3476 1219 3688 1276 ﬁerent.

399 1303 534 1359 Cum
597 1313 776 1358 autem
807 1301 1044 1358 Verbum
1074 1318 1204 1358 caro
1260 1303 1462 1358 factum
1499 1304 1590 1370 sit,
1622 1305 1760 1360 acin
1796 1317 1939 1360 terra
1963 1309 2295 1378 apparuerit,
2330 1310 2680 1378 humanaque
2709 1307 2902 1371 forma,
2936 1308 3027 1376 qui
3064 1306 3192 1362 olim
3237 1308 3378 1362 Deus
3442 1308 3691 1376 incorpo-

401 1414 528 1451 reus
557 1407 611 1451 et
672 1396 852 1451 carnis
888 1411 1086 1466 expers
1145 1397 1461 1462 erat,visus
1527 1397 1619 1463 sit,
1670 1397 1806 1452 nihil
1866 1402 1934 1454 ad
1985 1399 2238 1467 injuriam
2297 1400 2492 1458 fecisse
2551 1399 2720 1455 videri
2773 1413 3079 1470 possumus,
3123 1397 3169 1453 si
3222 1412 3286 1453 ea
3340 1413 3464 1467 qua:
3522 1400 3691 1452 oculis

399 1489 658 1554 vidimus,
718 1487 996 1542 coloribus
1053 1503 1270 1558 quoque
1297 1505 1359 1544 ac
1385 1490 1641 1558 penicillo
1691 1493 1919 1547 reddere
1945 1501 2276 1548 statuamus.

474 1582 565 1637 5'5.
611 1581 846 1636 IMPER.
876 1581 947 1636 At
980 1582 1108 1651 quid
1142 1585 1208 1636 de
1239 1582 1554 1652 angelorum
1588 1583 1750 1651 pictis
1802 1583 1995 1654 imagi-

2173 1592 2274 1653 νγ’.
2318 1586 2359 1638 0
2407 1585 2560 1640 ΒΑΣ.
2612 1584 2678 1638 Τί
2733 1584 2790 1638 δὲ
2843 1583 3023 1653 βούλει
3068 1579 3200 1651 περὶ
3239 1581 3340 1650 τῆς
3374 1579 3484 1634 τῶν
3524 1579 3691 1648 ἀγγέ-

402 1677 579 1739 nibus,
618 1690 915 1743 eorumque
947 1674 1097 1729 dices
1134 1673 1485 1729 simulacris?
1513 1673 1623 1729 Nec
1657 1676 1993 1744 enim,puto,

2105 1675 2208 1730 λων
2240 1676 2664 1748 εἰκονογραφίας
2691 1675 2912 1744 λέγειν;
2943 1674 3065 1729 οὐδὲ
3096 1676 3228 1743 γὰρ,
3275 1670 3432 1744 οἶμαι
3455 1716 3468 1739 ,
3523 1676 3690 1744 ὲρείς,

408 1766 660 1818 dicturus
690 1778 771 1830 es,
799 1764 964 1818 etiam
999 1763 1317 1832 angelorum
1350 1766 1552 1834 ﬁguras
1573 1765 1876 1834 pictoribus
1898 1781 1997 1822 ex-

2105 1767 2172 1830 ὼς
2247 1769 2341 1820 καὶ
2376 1767 2497 1831 ιτάς
2582 1767 2832 1836 ἀγγέλων
2867 1754 2871 1758 ’
2901 1767 2953 1819 οἱ
3009 1766 3292 1836 ζωγράφοι
3357 1763 3692 1834 γινώσκουσι

403 1857 646 1925 ploratas
680 1871 825 1918 esse,
860 1856 1047 1925 sicque
1082 1856 1203 1912 illos
1233 1857 1481 1927 pingere,
1515 1857 1664 1911 velut
1695 1857 1748 1911 in
1777 1859 1996 1927 propria

2105 1859 2353 1932 μορφὰς,
2385 1860 2478 1912 καὶ
2510 1858 2648 1928 πρὸς
2679 1856 2818 1921 εἶδος
2863 1856 3078 1918 ὲκείνας
3108 1854 3515 1918 ἀποὸλέποντες
3553 1856 3692 1926 γρά-

406 1952 583 2003 l'onna
615 1950 1052 2016 conspiciuntur.
1093 1947 1306 2003 PA'I'R.
1340 1949 1452 2019 Ego
1490 1963 1623 2004 sane
1657 1949 1777 2004 illos
1828 1965 1996 2020 ange-

2105 1969 2314 2022 φουσιν.
2369 1954 2410 2004 0
2444 1952 2650 2005 ΠΑΤΡ.
2682 1945 2837 2012 Εἶδος
2874 1949 2972 2019 μὲν
3012 1949 3189 2016 ἔγωγε
3219 1947 3252 2017 ἢ
3288 1947 3502 2019 μορφὴν
3528 1947 3695 2016 ἀγγέ-

401 2044 579 2098 lorum
611 2057 712 2096 nec
745 2044 974 2095 formam
1003 2057 1185 2101 nosse.
1211 2056 1309 2096 nec
1337 2041 1587 2111 ﬁguram,
1609 2041 1780 2097 libens
1809 2043 2000 2096 admit-

2105 2042 2208 2096 λων
2268 2043 2371 2095 οὐκ
2417 2042 2482 2095 ἂν
2521 2040 2722 2094 εἰδέναι
2777 2039 2945 2109 φαίην
3009 2039 3231 2101 αὐτοὺς,
3260 2036 3385 2090 οὔτε
3421 2037 3498 2099 ὠς
3554 2024 3691 2090 εἰδό-

405 2145 513 2186 tam
553 2149 566 2186 :
604 2140 770 2201 atque
806 2131 943 2184 adeo
985 2145 1084 2184 nec
1116 2131 1195 2184 sic
1235 2129 1462 2198 pingere
1508 2140 1764 2199 tanquam
1795 2129 1996 2191 sciant,

403 2225 632 2294 pingere
659 2229 857 2285 tamen,
889 2229 1040 2288 puto,
1075 2219 1308 2272 humana
1365 2217 1563 2282 forma,
1617 2227 1675 2272 ut
1703 2218 1998 2287 Scriptum
2042 2246 2045 2248 -

406 2329 577 2368 sacrae
600 2327 805 2366 morem
825 2321 1035 2380 gerant.
1058 2308 1295 2362 IMPER.
1324 2307 1478 2364 Unde
1505 2311 1620 2364 haec
1639 2310 1761 2364 ais?
1784 2308 1989 2364 PATR.

406 2405 601 2460 Nescis
633 2405 907 2474 quomodo
941 2403 1009 2458 de
1068 2403 1300 2472 angelis,
1337 2401 1429 2472 qui
1471 2401 1702 2456 Abrahre
1733 2403 1808 2457 ad
1832 2418 1999 2472 qner-

409 2514 533 2551 cum
571 2503 978 2567 apparuerunt,
1045 2495 1282 2562 quodam
1332 2494 1453 2549 loco
1507 2495 1653 2548 dicat
1691 2493 1997 2565 Scriptura,

409 2589 796 2657 respicientem
827 2596 941 2642 tres
979 2585 1126 2641 viros
1146 2585 1349 2640 vidisse
1378 2585 1557 2642 oculis
1583 2586 1685 2640 sibi
1718 2585 1999 2641 astantes?

403 2682 549 2750 Quid
571 2680 738 2736 vero?
763 2679 958 2734 Nonne
974 2677 1078 2732 Lot
1107 2678 1250 2732 virili
1269 2679 1451 2749 specie
1481 2688 1804 2748 apparentes
1831 2694 2000 2750 ange-

320 2768 337 2784 ⁸
411 2776 492 2828 los
526 2773 578 2827 in
615 2771 870 2826 Sodomis
899 2770 1061 2826 domo
1105 2785 1204 2825 sua
1235 2770 1493 2840 excepit?
1518 2770 1639 2825 Non
1663 2785 1793 2842 ergo
1823 2771 2001 2842 picto-

2096 2153 2197 2208 τας
2235 2139 2408 2188 ποιεῖν
2436 2134 2504 2186 τὰ
2543 2132 2871 2204 γραφόμενα
2912 2129 3051 2201 (15)”
3090 2127 3396 2200 ἀνθρώπων
3421 2129 3480 2182 δὲ
3510 2128 3693 2191 αὐτοῖς

2099 2226 2481 2297 περιτιθέασιν
2530 2221 2691 2288 εἶδος,
2736 2225 2803 2293 τῇ
2856 2222 3088 2292 Γραφῇ,
3141 2221 3218 2284 ὼς
3275 2216 3453 2289 οἶμαι,
3507 2220 3693 2271 πειθό-

2103 2336 2276 2390 μενοι.
2312 2320 2352 2371 Ο
2412 2317 2561 2372 ΒΑΣ.
2621 2315 2793 2368 Πόθεν
2833 2313 2991 2367 τοῦτο
3043 2313 3180 2383 φής;
3236 2313 3276 2364 Ο
3313 2309 3520 2364 ΠΑΤΡ.
3582 2313 3693 2365 Οὐκ

2098 2407 2278 2474 οἶσθα,
2333 2409 2410 2471 ὼς
2471 2409 2599 2478 περὶ
2642 2405 2856 2476 τῶντῷ
2892 2403 3146 2474 Ἀϐραὰμ
3199 2403 3352 2473 παρὰ
3402 2403 3502 2474 τὴν
3561 2403 3693 2474 δρῦν

2099 2501 2374 2569 ὀφθέντων
2406 2499 2656 2567 ἀγγέλων
2683 2497 2874 2568 Γραφή
2907 2495 3009 2548 πού
3049 2513 3237 2564 φησιν,
3261 2495 3337 2557 ὡς
3375 2494 3695 2564 ἀναϐλέψας

2097 2594 2212 2653 τοῖς
2255 2589 2555 2660 ὀφθαλμοῖς
2599 2587 2852 2659 Ἀδραὰμ
2875 2628 2890 2654 ,
2920 2589 3069 2658 τρεῖς
3104 2586 3302 2656 ἄνδρας
3341 2586 3493 2654 αὑτῷ
3548 2603 3694 2656 παρ-

2100 2681 2345 2744 εστῶτας
2381 2677 2563 2746 εἷδεν;
2602 2680 2666 2732 Τί
2688 2680 2793 2750 δή;
2843 2679 2904 2732 οὐ
2963 2678 3091 2740 τοὺς
3124 2679 3183 2730 ὲν
3213 2677 3472 2748 Σοδόμοις
3526 2679 3696 2747 ἀγγέ-

2099 2775 2260 2842 λους,
2302 2774 2378 2837 ὡς
2425 2773 2626 2844 ἄνδρας
2678 2771 3042 2841 φαινομένους
3087 2770 3430 2841 εἰσήγαγεν;
3484 2769 3697 2824 Οὐκοῦν

413 2883 501 2922 res
535 2866 793 2938 ﬁgmento
840 2864 1053 2928 ludunt,
1091 2877 1194 2918 nec
1229 2863 1392 2918 alieni
1425 2878 1456 2916 a
1500 2863 1714 2918 ratione
1769 2874 1998 2918 conatus

2105 2868 2200 2921 οὐκ
2231 2866 2385 2919 αὐτοὶ
2417 2865 2782 2929 πλάττονται,
2817 2863 2939 2917 οὐδὲ
2971 2861 3171 2930 ἀλόγου
3224 2861 3434 2933 τόλμης
3472 2865 3699 2932 ἔγγονον

309 2994 317 3002 ι
411 2959 594 3030 proles
611 2966 714 3022 est,
730 2957 874 3027 quod
901 2956 975 3010 ita
1005 2955 1265 3025 pingunt:
1291 2955 1384 3011 sed
1419 2955 1610 3024 quales
1630 2955 1805 3025 angeli
1837 2970 2000 3025 appa-

2105 2959 2287 3020 αὑτοῖς
2325 2955 2396 3009 τὰ
2456 2955 2805 3027 γραφόμενα,
2865 2942 3112 3007 ἁλλόἷοι
3173 2950 3463 3022 ὤφθησαν,
3521 2955 3701 3008 τοιοὺ-

411 3060 664 3116 rucruut,
702 3049 842 3104 tales
863 3047 1027 3103 etiam
1056 3049 1217 3116 pictis
1238 3047 1513 3102 coloribus
1534 3063 1630 3103 eos
1653 3048 1915 3102 exhibent
1937 3061 2001 3100 ac

2105 3066 2228 3112 τους
2268 3049 2388 3110 ταῖς
2439 3046 2647 3101 εἰκόσιν
2691 3045 3090 3116 ἐγγράφουσιν.
3129 3045 3169 3096 0
3203 3045 3356 3098 ΒΑΣ.
3390 3045 3502 3098 Kal.
3532 3047 3700 3099 πόθεν

413 3148 838 3212 repraesentant.
868 3135 1106 3192 IMPER.
1145 3137 1298 3192 Unde
1315 3152 1446 3192 vero
1468 3138 1632 3192 etiam
1658 3136 1867 3190 alarum
1895 3135 2002 3189 illis

2105 3141 2289 3202 αὐτοῖς
2310 3141 2343 3209 ἡ
2361 3139 2470 3192 τῶν
2486 3138 2708 3210 πτερῶν
2739 3138 3032 3209 προσθήκη
3054 3135 3357 3208 ἐφεύρηται
3380 3155 3396 3205 ;
3424 3141 3464 3191 0
3487 3139 3696 3194 UATP.

413 3233 848 3287 additamentum
885 3227 1156 3284 accessit?
1187 3226 1398 3281 PATR.
1439 3228 1676 3282 Omnino
1720 3227 1999 3293 existimo,

413 3324 486 3378 ad
531 3322 943 3385 discretionem,
985 3333 1054 3374 ne
1094 3319 1310 3388 penitus
1370 3319 1623 3374 homines
1653 3328 1999 3388 putarentur,

417 3411 534 3467 alas
564 3410 862 3465 addidisse.
912 3407 1052 3475 Quin
1086 3423 1155 3461 ne
1199 3408 1262 3482 .id
1296 3407 1514 3477 quidem
1552 3407 1768 3476 Opinor,
1825 3407 2004 3463 minus

418 3517 659 3574 congrue
702 3511 967 3570 extraque
1016 3500 1287 3554 rationem
1323 3498 1444 3553 illos
1475 3498 1789 3566 invenisse;
1825 3499 1918 3554 sed
1947 3507 2006 3553 ut

420 3597 532 3652 vim
557 3596 725 3661 illam,
755 3608 860 3662 qua
890 3608 1018 3648 aera
1055 3593 1364 3662 pervolant,
1413 3606 1716 3660 eorumque
1756 3593 1808 3645 in
1854 3590 2006 3647 c'mlis

424 3688 666 3742 divinum
687 3685 996 3739 convictum
1018 3683 1414 3738 subnotarent:
1443 3690 1500 3734 ut
1521 3680 1834 3746 iunuerent,
1861 3680 2005 3749 quod

425 3778 550 3836 inde
580 3779 646 3831 ad
679 3789 776 3830 nos
821 3775 1026 3844 jugirer
1058 3772 1396 3827 descendant
1429 3786 1756 3841 rursumque
1791 3771 2008 3826 veloces

417 3868 719 3925 ascendant
754 3867 807 3922 in
837 3865 1059 3933 coelum,
1095 3865 1176 3920 sic
1206 3865 1503 3918 instructos
1550 3863 1652 3918 alis
1711 3864 2007 3932 pingendos

419 3959 700 4014 statuisse.
762 3955 905 4022 Quin
961 3956 1128 4011 etiam
1181 3969 1303 4009 cum
1357 3955 1538 4008 Moses
1591 3967 1808 4022 quoque
1863 3953 2006 4006 alata

420 4050 713 4106 Cherubin)
739 4049 890 4118 (quae
914 4048 1027 4117 ipsa
1071 4046 1253 4116 angeli
1282 4057 1431 4109 sunt,
1466 4060 1588 4100 cum
1623 4046 1874 4100 caelestes
1901 4059 2011 4098 om-

423 4156 522 4196 nes
560 4150 723 4208 amne
761 4139 1124 4208 intelligentes
1156 4137 1420 4200 Virtutes,
1455 4137 1711 4204 Dionysio
1753 4147 2000 4198 auctore,

421 4243 686 4288 vocentur
711 4230 924 4300 angeli)
955 4245 1063 4284 non
1092 4229 1296 4283 absone
1325 4238 1478 4296 puto,
1507 4226 1666 4280 atliue
1696 4225 2004 4294 exemplum

2104 3231 2272 3302 Οἶμαι
2330 3232 2502 3295 ὅλως,
2571 3233 2658 3285 ἵνα
2707 3231 2782 3301 μὴ
2842 3230 3124 3300 ἄνθρωποι
3178 3231 3403 3294 τελείως
3459 3235 3698 3299 νοοῖντο,

2107 3327 2174 3395 τῇ
2223 3325 2516 3395 προσθήκῃ
2564 3324 2628 3376 τὸ
2687 3323 3005 3377 διαλλάττον
3068 3323 3364 3394 ἐδήλωσαν.
3409 3325 3485 3377 Οὐ
3538 3324 3597 3377 δέ
3637 3341 3702 3394 γε

2104 3419 2301 3490 αὐτὴν,
2351 3418 2426 3482 ὼς
2476 3417 2642 3483 δοκῶ,
2699 3416 2801 3487 τὴν
2857 3417 3180 3488 προσθήκην
3245 3417 3429 3488 ἀλόγῳ
3490 3417 3703 3489 θεωρή-

2107 3527 2304 3573 σαντες
2343 3509 2538 3580 γνώμῃ
2561 3547 2576 3574 ,
2621 3509 2759 3563 ἀλλὰ
2793 3509 2854 3562 τὸ
2889 3508 3195 3579 ἀεροπόρον
3241 3507 3426 3562 αὐτῶν
3463 3511 3703 3564 αἱνιττό·

2110 3619 2285 3674 μενοι,
2311 3602 2405 3654 καὶ
2435 3601 2535 3671 τὴν
2558 3600 2686 3655 κατ’
2716 3599 2947 3670 οὐρανὸν
2977 3602 3034 3652 ἐν
3057 3600 3176 3669 Θεῷ
3202 3601 3436 3666 δίαιταν,
3474 3603 3574 3656 καὶ
3601 3604 3703 3666 τὰς

2107 3694 2318 3748 ἐκεῖθεν
2361 3694 2428 3747 δι’
2468 3695 2618 3762 ἡμᾶς
2666 3693 2952 3754 συντόνους
2998 3691 3292 3755 καθόδους,
3335 3693 3433 3746 καὶ
3471 3694 3574 3757 τὰς
3619 3695 3702 3758 εἰς

2108 3784 2339 3856 οὐρανὸν
2377 3782 2436 3847 ἐξ
2482 3782 2638 3853 ἡμῶν
2675 3782 2928 3850 ἑτοίμους
2964 3781 3223 3846 ἀνόδους,
3274 3785 3704 3854 ἐπτερωμένους

2109 3875 2307 3938 αὐτοὺς
2342 3874 2776 3943 ὑπογράφουσιν.
2811 3873 2952 3942 Ἤδη
2980 3872 3038 3926 δὲ
3061 3875 3154 3927 καὶ
3182 3874 3468 3938 Μωῦσέως
3499 3875 3702 3945 πτέρυ-

2109 3985 2214 4036 γας
2253 3967 2448 4036 ἔχοντα
2490 3968 2884 4036 τυπωσομένου
2948 3967 3016 4020 τὰ
3051 3965 3338 4034 Χερουϐὶμ
3371 3966 3622 4036 (ἄγγελοι
3649 3967 3706 4019 δὲ

2111 4061 2205 4113 καὶ
2249 4059 2460 4114 ταῦτα’
2500 4060 2594 4112 καὶ
2630 4059 2740 4128 γὰρ
2785 4057 2972 4121 ἁπλῶς
3021 4057 3118 4120 τὰς
3165 4058 3454 4128 οὐρανίους
3492 4075 3553 4111 τε
3607 4059 3706 4113 καὶ

2110 4152 2304 4222 νοερὰς
2351 4152 2612 4221 δυνάμεις
2657 4150 2927 4218 ἀγγέλους
2983 4147 3285 4216 καλοῦσιν,
3333 4149 3409 4211 ὡς
3439 4151 3706 4220 Διονυσίῳ

2111 4244 2260 4297 δοκεῖ
2284 4245 2323 4314 ),
2349 4245 2449 4297 οὐκ
2477 4245 2786 4306 ἀπεικότως
2811 4242 3054 4313 ἡγοῦμαι
3083 4241 3161 4311 τῷ
3191 4242 3566 4313 παραπλησίῳ
3594 4243 3706 4296 τῶν

423 4339 717 4396 usurpasse
743 4325 1002 4394 pictores.
1044 4321 1197 4375 Nune
1226 4321 1433 4388 itaque,
1461 4329 1780 4386 imperator,
1810 4319 2002 4372 horum

2111 4305 2579 4406 παραδειγμάτων
2629 4305 2969 4406 ἐχρήσαντο..
3000 4334 3109 4386 Καὶ
3132 4305 3286 4388 -νυνί
3311 4374 3328 4400 ,
3360 4327 3406 4386 ὦ
3444 4305 3706 4403 βασιλεῦ,

427 4420 748 4478 meminisse
779 4424 1017 4484 oportet,
1049 4421 1229 4481 atque
1268 4410 1452 4464 animo
1477 4408 1710 4463 ﬁrmiter
1747 4409 2006 4474 retinere,

426 4513 588 4569 nobis
617 4510 708 4580 qui
736 4506 1051 4576 angelorum
1077 4502 1345 4573 imagines
1370 4493 1665 4572 pingimus,
1697 4508 2008 4555 creaturam

426 4619 550 4658 esse
583 4598 727 4669 quod
768 4596 1044 4651 coloribus
1075 4602 1238 4663 atque
1287 4591 1538 4662 penicillo
1576 4590 1905 4660 ell‘tngimus,
1957 4599 2012 4644 et

425 4697 508 4750 sic
528 4695 674 4764 ipsos
692 4691 841 4745 adire
862 4669 978 4752 inte,
1005 4704 1109 4742 non
1130 4696 1388 4756 tanquam
1411 4699 1720 4754 supremam
1749 4684 2013 4754 primam-

427 4803 534 4858 que
566 4783 861 4840 cssentiam
911 4795 1010 4835 suo
1047 4779 1171 4850 jure
1220 4777 1508 4833 obtineant
1542 4777 1723 4844 (absit
1753 4776 1898 4832 enim
1951 4785 2010 4830 ut

428 4894 494 4933 ro
524 4873 810 4932 dementiae
855 4871 1024 4936 ferar,
1076 4879 1132 4924 et
1187 4869 1333 4940 quod
1387 4877 1637 4923 creatum
1682 4877 1788 4931 est,
1840 4867 2007 4921 Deum

431 4967 716 5036 censeam)
753 4967 849 5021 sed
881 4964 1029 5018 velut
1061 4963 1154 5032 qui
1185 4961 1434 5018 conservi
1460 4975 1650 5030 magna
1678 4959 1820 5030 apud
1861 4974 2012 5014 com-

432 5077 650 5116 munem
696 5059 984 5114 Dominum
1020 5055 1246 5112 virtutis
1298 5053 1631 5112 abundantia
1677 5062 1732 5108 et
1765 5049 2014 5123 sull'ragii

436 5154 672 5224 polleant
699 5160 992 5221 potestate.

537 5355 658 5422 (-13)
683 5353 988 5409 Succinclae
1017 5350 1304 5406 brevitatis
1331 5348 1609 5422 euergiam
1633 5353 1742 5422 ,_ut
1767 5352 1892 5422 apte
1917 5357 2017 5422 ex-

437 5414 679 5499 pressain
717 5424 908 5481 Latine
942 5423 1166 5489 habeas,
1203 5423 1282 5478 sic
1305 5414 1519 5490 plenius
1553 5417 1717 5472 redde
1746 5433 1758 5466 :
1800 5432 1818 5463 I
1850 5414 2022 5468 Adeo-

2115 4429 2524 4498 μνημονευτέον
2545 4427 2769 4482 ἐκείνων
2792 4429 2887 4482 καὶ
2910 4423 3082 4495 ἀπρὶξ
3109 4427 3175 4495 τῇ
3204 4425 3352 4496 ψυχῇ
3375 4426 3706 4492 φυλακτέον,

2113 4516 2190 4580 ὡς
2221 4519 2270 4570 εἰ
2297 4517 2393 4570 καὶ
2427 4517 2675 4584 ἀγγέλων
2701 4515 2919 4579 εἰκόνας
2953 4515 3264 4586 γράφομεν,
3301 4513 3511 4580 κτίσμα
3541 4514 3709 4567 πάλιν

2114 4611 2248 4680 ἡμῖν
2291 4609 2352 4662 τὺ
2394 4608 2764 4678 γραφόμενον,
2799 4609 2894 4662 καὶ
2947 4607 3210 4676 πρόσειμι
3237 4605 3457 4670 αὐτοῖς,
3488 4607 3591 4676 οὐχ
3633 4607 3711 4670 ὡς

2114 4699 2217 4769 τὴν
2267 4699 2532 4752 ἀνωτάτω
2580 4698 2690 4752 καὶρ
2729 4696 2956 4768 πρώτην
3005 4695 3472 4766 κληρωσαμένους
3517 4697 3712 4750 οὐσίαν

2121 4790 2231 4862 (μὴ
2245 4789 2390 4844 οὕτω
2415 4790 2666 4861 μανείην,
2685 4790 2760 4853 ὡς
2779 4789 2914 4842 Θεὸν
2940 4791 3079 4842 νοεῖν
3107 4787 3169 4840 τὸ
3195 4787 3565 4857 κτιζόμενον),
3593 4787 3714 4840 ἀλλ’

2121 4883 2200 4946 ὼς
2249 4883 2592 4949 συνδούλοις,
2645 4881 2848 4952 πολλὴν
2900 4879 3036 4951 πρὸς
3069 4879 3164 4934 τὸν
3201 4878 3383 4934 κοινὸν
3429 4880 3715 4949 Δεσπότην

2124 4975 2440 5048 παρρησίαν
2466 4975 2832 5047 κεκτημένοις
2855 4973 2944 5027 διὰ
2969 4973 3030 5028 τὸ
3061 4971 3321 5026 πλούσιον
3350 4972 3452 5042 τῆς
3483 4971 3719 5042 ἀρετῆς

2129 5354 2236 5422 que
2268 5310 2668 5423 necjpiugere,
2701 5337 2847 5394 velut
2885 5337 2973 5408 qui
3025 5333 3186 5392 talem
3230 5333 3464 5390 formam
3516 5331 3726 5388 habere

2133 5426 2280 5480 lpSOS
2309 5422 2507 5468 sctant.
2550 5431 2567 5462 ι
