3980 6140
390 285 489 352 115

1384 295 1448 358 S.
1490 296 1911 362 NICEPHORI
1948 298 2456 365 PATRIARCHIE
2493 307 2607 369 CP.‘

3553 320 3650 385 116

386 399 480 464 rit,
512 396 778 456 furiosum
809 401 1032 456 omnino
1073 415 1137 458 ac
1167 402 1478 460 dementem
1507 407 1705 462 reddit.
1738 408 1820 463 Ad
1848 409 1961 465 haec

2067 411 2159 462 καὶ
2187 411 2461 480 ἠπίστατο
2488 412 2685 467 ἑαυτὸν
2710 413 2988 488 ἁλώσιμον
3019 423 3085 492 τῇ
3115 423 3209 476 τοῦ
3239 424 3400 494 λόγου
3465 433 3651 496 συνεξο

384 504 547 543 causa
591 491 643 543 in
677 506 906 546 examen
956 505 1169 560 vocata,
1213 494 1301 548 illa
1347 510 1407 550 se
1453 497 1670 566 penitus
1709 515 1964 555 casurum

383 591 614 634 noverat
639 582 785 651 :jam
809 585 955 637 enim
989 585 1105 653 ipse
1131 601 1345 657 quoque
1375 588 1630 644 invictam
1657 591 1962 659 veritatem,

300 707 302 710 -
384 686 451 726 ac
485 671 642 740 plane
689 674 1114 744 insuperabilem
1165 693 1288 733 esse
1316 679 1405 735 vel
1433 675 1967 752 invit'us'compere-

383 772 489 816 rat.
547 763 911 828 Quamobrem
963 783 1132 837 nugas
1169 771 1466 836 quasdam,
1516 787 1635 840 quae
1681 773 1874 827 nihile
1904 787 1964 827 re

382 862 593 919 essent,
627 857 904 921 prmcla‘ris
947 857 1054 911 illis
1092 859 1502 914 temulatoribus
1534 861 1585 914 in
1618 861 1829 915 ruinam
1861 863 1962 915 im—

382 941 655 1008 pclleudis
688 960 1013 1011 congercns,
1063 947 1152 1000 ubi
1192 961 1343 1000 suam
1379 948 1494 1016 ipse
1527 947 1735 1003 cladem
1779 964 1960 1004 resar-

382 1033 498 1084 cire
529 1033 788 1101 nequivit,
808 1035 968 1089 minis
997 1038 1248 1103 incussis,
1275 1055 1367 1094 eos
1395 1054 1502 1094 una
1527 1055 1648 1094 cum
1678 1055 1960 1095 sacrorum

384 1125 653 1188 antistite,
697 1125 873 1194 palam
913 1130 979 1181 ab
1005 1128 1129 1182 aula
1169 1129 1398 1198 expulit.
1431 1131 1474 1182 0
1502 1131 1604 1184 viri
1635 1132 1686 1184 in
1715 1132 1961 1186 deterius

381 1229 712 1283 pmpensum
781 1220 1062 1273 animum!
1098 1235 1130 1274 o
1173 1236 1358 1274 casum
1412 1222 1730 1276 horribilem
1781 1223 1848 1275 ab
1896 1237 1960 1276 eo

381 1307 523 1373 quod
560 1310 910 1375 praestantius
957 1320 1077 1364 erat
1109 1311 1215 1381 (y)!
1250 1311 1326 1364 Ex
1353 1327 1419 1366 eo
1467 1327 1698 1381 namque
1741 1313 1959 1382 vulpina

380 1397 579 1461 posita,
628 1397 927 1464 leoninam,
966 1409 1021 1452 ut
1081 1410 1164 1455 est
1195 1401 1247 1454 iu
1290 1402 1604 1469 proverbio,
1645 1403 1820 1456 induit
1859 1402 1959 1456 ad-

361 1493 575 1539 ‘versus
614 1487 950 1555 Ecclesiam,
996 1492 1286 1561 palamque
1339 1492 1605 1548 instructa
1657 1494 1773 1548 acie
1817 1494 1960 1548 illius

383 1575 867 1642 impugnatoribus
921 1584 1098 1637 socius
1131 1584 1363 1638 accessit
1403 1601 1417 1638 :
1455 1584 1508 1637 in
1539 1585 1730 1654 primis
1777 1593 1958 1640 autem

381 1663 710 1723 fortissimos
764 1672 971 1742 pugiles
1009 1675 1202 1729 exsilio
1254 1691 1360 1730 non
1416 1677 1618 1730 invitos
1668 1677 1956 1747 relegans,

383 1757 517 1811 alios
552 1760 672 1814 aliis
700 1761 833 1818 locis
854 1767 1061 1820 addixit
1087 1768 1274 1836 procul
1295 1769 1362 1822 ab
1396 1768 1653 1823 Ecclesia:
1675 1769 1832 1825 atriis
1863 1785 1959 1824 se»

381 1858 562 1903 motos
598 1863 613 1903 :
643 1851 758 1907 fore
792 1855 936 1909 enim
983 1858 1374 1924 arbitrabatur,
1411 1869 1470 1912 ut
1497 1869 1617 1927 post
1648 1860 1761 1914 haec
1797 1860 1960 1915 verbo

383 1953 491 1993 uno
536 1941 806 2012 dejectum
877 1949 1273 2016 patriarcham,
1345 1950 1615 2004 haeretica:
1678 1951 1961 2019 pravitatis

381 2030 630 2087 cassibus
651 2047 904 2104 caperet;
934 2037 1017 2092 sin
1042 2049 1248 2105 autem,
1275 2048 1334 2094 ut
1354 2054 1414 2094 se
1442 2039 1532 2095 ille
1552 2053 1746 2109 sponte
1773 2058 1959 2096 sacer-

381 2119 514 2175 dotii
552 2125 878 2190 prmfectttra
918 2129 1224 2197 abdicaret,
1270 2132 1356 2186 cui
1389 2147 1420 2187 e
1462 2148 1620 2188 sacro
1656 2133 1746 2188 illo
1793 2137 1961 2189 choro

382 2226 542 2266 nemo
588 2215 804 2282 adjutor
860 2229 1195 2287 suppeteret.
1252 2221 1411 2276 Solus
1445 2223 1648 2292 itaque
1697 2225 1962 2294 temporis

380 2299 614 2357 labores.
651 2303 852 2370 ferens,
887 2309 939 2360 in
968 2323 1261 2376 supernum
1317 2311 1580 2364 auxilium
1616 2313 1798 2365 animo
1841 2324 1959 2366 crat

381 2391 647 2458 intentus,
680 2397 982 2467 orabatque
1009 2407 1066 2450 ut
1099 2399 1344 2453 desolato
1367 2401 1469 2454 sibi
1494 2411 1549 2456 et
1573 2403 1786 2458 consilii
1810 2404 1957 2473 inopi

379 2483 469 2550 pia
503 2483 840 2554 benignitate
875 2489 1246 2560 opitularetur
1277 2493 1441 2548 Deus.
1715 2503 1718 2505 ’

2067 501 2280 570 ετάσειξο
2296 502 2538 572 ἄληπτον
2555 505 2664 576 γὰρ
2700 506 2816 576 ᾔδει
2847 510 3097 575 κάκεῖνος
3117 510 3282 568 οὖσαν
3323 517 3417 570 καὶ
3445 522 3648 593 ἀήττη-

2065 611 2157 647 τον
2197 596 2297 665 τὴν
2330 595 2608 666 ἀλήθειαν.
2652 598 2818 652 Ὅθεν
2855 601 3124 673 φλυαρίας
3163 607 3262 676 μὲν
3316 609 3652 679 ὲξαγωνίους

2067 687 2204 756 πρὸς
2243 687 2559 742 ὺπόπτωσιν
2582 690 2692 742 τῶν
2716 688 2974 762 ζηλωτῶν
3007 697 3231 752 ἐκείνων
3261 706 3648 774 συμφορήσας,

2065 778 2128 830 οὐ
2173 779 2420 849 δυνηθεὶς
2468 780 2525 832 δὲ
2557 781 2656 853 τὴν
2697 783 2895 837 ἑαυτοῦ
2936 779 3108 859 ἦτῖαν
3162 791 3646 860 ἀνακαλέσασθαι,

2064 870 2368 939 τηνικαῦτα
2425 871 2650 936 τούτους
2705 875 2961 940 ἀπειλαῖς
3016 880 3114 933 σὺν
3166 881 3246 952 τῷ
3299 889 3650 959 μυσταγωγῷ

2063 959 2174 1013 τῶν
2199 959 2489 1030 βασιλείων
2523 962 2819 1034 ὲξὼθησεν.
2857 969 2921 1021 ’Ὠ
2958 969 3060 1039 τῆς
3091 972 3228 1041 πρὸς
3256 973 3318 1026 τὸ
3347 977 3532 1044 χεῖρον
3554 978 3646 1031 τοῦ

2065 1053 2258 1122 ἀνδρὸς
2296 1054 2672 1118 ἀπονεύσεωςί
2713 1056 2758 1109 ῶ
2791 1059 2892 1128 τῆς
2932 1060 3026 1113 τοῦ
3072 1061 3342 1132 βελτίονος
3385 1067 3646 1121 ἀποπτῶ-

2066 1144 2239 1206 σεωςι
2299 1145 2388 1211 Ἐξ
2429 1146 2638 1198 ἐκείνου
2691 1149 2830 1220 γὰρ,
2871 1150 2946 1214 ὥς
2980 1151 3000 1189 ί
3042 1170 3208 1223 φησιν
3250 1157 3283 1224 ἡ
3334 1157 3644 1228 Παροιμία,

2062 1233 2160 1304 τὴν
2208 1235 2348 1288 κατά
2395 1236 2492 1305 τῆς
2557 1237 2890 1308 Ἐκκλησίας
2941 1243 3189 1299 ἐνδύεται
3245 1247 3506 1316 λεοντῆν,
3555 1250 3648 1302 καὶ

2063 1325 2316 1395 φανερῶς
2374 1329 2488 1390 τοῖς
2537 1330 2660 1381 κατ’
2715 1332 2886 1402 αὐτῆς
2935 1333 3313 1406 ὁπλιζομένοις
3361 1343 3650 1410 συμφράτ-

2061 1434 2248 1469 τεται·
2305 1418 2504 1472 αὐτίκα
2557 1421 2665 1491 γὰρ
2712 1422 2868 1487 τοὺς,
2920 1425 3046 1478 ὅσον
3082 1428 3169 1479 ἐπ’
3204 1430 3426 1492 αὐτοῖς,
3479 1431 3649 1501 ἀθλη-

2060 1508 2159 1570 τὰς
2203 1509 2492 1574 ἐθελοντὰς
2529 1512 2797 1584 ὑπερορίᾳ
2827 1516 3216 1587 παρέπεμπεν,
3262 1521 3424 1574 ἄλλον
3454 1523 3647 1575 ἄλλοσε

2061 1603 2473 1672 καταμερίσας,
2509 1605 2605 1657 καὶ
2646 1606 2836 1678 πόρρω
2874 1626 2977 1661 που
3015 1609 3126 1662 τῶν
3163 1612 3262 1682 τῆς
3312 1613 3647 1682 Ἐκκλησίας

2063 1693 2417 1757 ἀποξενώσας
2465 1695 2780 1750 ἐπαύλεων·
2814 1698 2998 1753 ἔπειθε
3047 1703 3156 1771 γὰρ
3191 1703 3352 1757 αὐτὸν
3397 1705 3647 1758 αὐτοϐοεὶ

2067 1786 2158 1838 τὸν
2187 1786 2450 1856 ἀρχιερέα
2473 1789 2586 1850 τοῖς
2613 1789 2714 1858 τῆς
2747 1792 3012 1860 αἱρέσεως
3045 1793 3262 1864 βρόχοις
3289 1797 3450 1857 ἑλεῖν,
3483 1798 3577 1850 καὶ
3599 1797 3646 1850 εί

2071 1875 2146 1947 μὴ
2167 1875 2325 1928 τοῦτό
2351 1894 2413 1944 γε
2448 1876 2704 1948 γνώμης,
2739 1881 3078 1953 ὲκουσιότητι
3112 1885 3342 1957 τὴνντῆς
3377 1887 3648 1956 ἱερατείας

2069 1967 2393 2021 καταλιπεῖν
2437 1972 2799 2041 προστασίαν,
2841 1973 3036 2043 ἔχοντα
3093 1961 3299 2045 μηδένα
3349 1979 3444 2030 τοῦ
3500 1979 3647 2049 ἱεροῦ

2069 2060 2371 2128 καταλόγου
2406 2063 2708 2131 συνέριθον.
2745 2065 2923 2128 Μόνος
2951 2067 3044 2120 οὖν
3085 2068 3274 2122 λοιπὸν
3302 2071 3363 2121 τὸ
3392 2070 3486 2122 τοῦ
3523 2088 3648 2122 και-

2069 2152 2165 2221 ροῦ
2207 2153 2479 2226 διαφέρων
2529 2157 2808 2223 ἐπίπονον,
2862 2159 3001 2229 πρὸς
3046 2161 3146 2231 τὴν
3180 2161 3295 2215 ἀνω
3325 2163 3649 2232 συμμαχίαν

2066 2243 2396 2309 ἀπέϐλεπεν,
2430 2245 2634 2316 ταύτην
2666 2247 2817 2318 αὐτῷ
2846 2249 3145 2317 μονωθέντι
3176 2251 3521 2322 συνάρασθαι
3552 2251 3648 2305 καὶ

2066 2336 2400 2408 ἡπορημένῳ
2437 2338 2798 2394 συλλαϐέσθαι
2827 2341 2906 2405 ῶς
2936 2342 3193 2413 μάλιστα.

1847 2632 2076 2690 CAPUT
2118 2636 2184 2691 X.

383 2729 570 2785 Sancti
605 2730 896 2804 Nicephort'
923 2735 976 2788 in
1014 2738 1324 2806 captivitate
1373 2741 1990 2824 etJmorboncons‘lantia
2013 2765 2032 2802 :
2077 2748 2325 2824 Epistolw
2369 2753 2582 2824 scripta:
2606 2770 2625 2809 :
2653 2756 2856 2824 reiecta:
2891 2759 3234 2814 conciliabult’
3281 2761 3441 2816 mina:
3468 2779 3487 2818 :
3515 2781 3648 2818 aua-

1419 2809 1594 2863 thema
1619 2811 1726 2865 illis
1755 2814 1989 2883 illatum,
2026 2829 2075 2873 et
2109 2809 2165 2874 in
2187 2837 2306 2875 eum
2336 2809 2610 2899 rejectum.

449 2943 537 2998 59.
568 2941 774 2999 Videns
797 2952 976 3000 autem
1000 2947 1408 3003 sacratissimus
1434 2949 1685 3017 antistes,
1716 2951 1951 3008 Leonem

2132 2956 2229 3010 νϐ’.
2285 2958 2456 3028 Ὁρῶν
2481 2958 2536 3012 δὲ
2564 2960 2653 3013 τὸν
2677 2961 2844 3034 ἄνδρα
2873 2966 2942 3017 τὰ
2970 2965 3105 3036 πρὸς
3130 2966 3227 3038 τὴν
3255 2968 3428 3041 ἀληθῆ
3465 2973 3650 3025 πίστιν

380 3053 510 3091 vere
534 3038 640 3091 (ide
666 3038 906 3104 eiurata,
930 3040 982 3092 in
1003 3040 1170 3094 Deum
1187 3043 1296 3109 jam
1317 3045 1588 3112 pervicaci
1611 3061 1734 3100 esse
1755 3047 1958 3114 animo,

2067 3047 2450 3118 ἑξομνύμενον,
2483 3052 2578 3104 καὶ
2612 3031 2814 3124 ἀπειθῆ
2848 3056 2914 3109 τὰ
2955 3031 3091 3126 πρὸς
3126 3031 3261 3112 Θεὸν
3289 3031 3390 3131 ἤδη
3418 3031 3648 3117 ’δεικνύο

385 3130 535 3184 illius
565 3129 722 3183 uxori
759 3130 975 3195 scribit,
1013 3131 1189 3200 deque
1221 3143 1370 3187 recta
1400 3133 1839 3190 Christianorum
1872 3152 1960 3191 re-

384 3221 584 3292 ligione
629 3236 694 3275 ac
737 3221 842 3276 (ide
891 3223 1190 3278 admonens
1240 3225 1494 3280 hortatur
1540 3237 1602 3281 ut
1642 3229 1958 3297 imperatori

383 3315 612 3381 viroque
660 3313 910 3376 suadeat,
961 3322 1019 3368 ut
1068 3328 1128 3370 se
1157 3329 1185 3368 a
1218 3317 1554 3386 nequissima
1606 3320 1694 3373 illa
1737 3336 1960 3390 aggres-

383 3406 538 3460 sione
564 3405 857 3459 abstineat.
913 3403 1119 3461 Scribit
1156 3416 1210 3461 et
1239 3409 1419 3462 mrarii
1455 3411 1652 3477 publici
1683 3419 1792 3464 tum
1823 3421 1962 3465 tem-

383 3495 531 3564 poris
565 3495 845 3564 praefecto,
876 3510 984 3565 quo
1013 3496 1356 3552 familiariter
1382 3500 1640 3554 utebatur
1665 3503 1964 3572 imperator

387 3597 611 3656 propter
643 3587 860 3642 dicendi
901 3587 1234 3654 libertatem,
1269 3599 1324 3644 et
1347 3592 1486 3659 quod
1524 3593 1576 3646 in
1608 3593 1796 3646 eadem
1835 3609 1963 3647 seu-

385 3681 552 3733 tcutia
590 3690 769 3744 esset;
799 3695 869 3734 ne
898 3681 1026 3749 quid
1065 3683 1328 3737 adversus
1359 3684 1654 3739 Ecclesiam
1686 3685 1962 3754 moliatur,

387 3786 523 3825 tzcve
558 3772 704 3825 illam
730 3771 866 3840 jam,
912 3773 963 3826 in
995 3787 1128 3842 pace
1167 3789 1230 3827 ac
1268 3790 1446 3829 rerum
1495 3777 1788 3846 tranquillo
1822 3786 1965 3833 statu

385 3874 658 3935 agentem,
693 3881 833 3920 nova
879 3865 1190 3922 turbatione
1234 3878 1575 3924 commoveat
1609 3889 1623 3924 :
1659 3871 1752 3926 sed
1789 3871 1966 3941 potius

383 3957 656 4011 ﬂammam
699 3959 895 4025 sopiat,
942 3973 1103 4028 quam
1137 3963 1539 4016 succenderunt
1571 3971 1777 4017 αξιοι·ηο
1820 3963 1965 4033 digni

383 4049 648 4119 supplicio
683 4050 950 4115 homines,
981 4061 1034 4106 et
1058 4050 1204 4105 feros
1250 4052 1601 4121 imperatoris
1629 4068 1808 4108 mores
1834 4053 1968 4107 deli-

383 4142 519 4194 niat.
554 4141 632 4195 llli
665 4143 898 4212 denique
939 4144 1028 4210 qui
1065 4143 1222 4210 primi
1262 4158 1290 4195 a
1339 4145 1568 4198 secretis
1615 4146 1966 4214 imperatoris

379 4249 610 4288 munere
661 4235 932 4305 fungens,
983 4234 1356 4303 Eutychianus
1404 4236 1644 4301 nomine,
1683 4236 1965 4291 haeretico-

2063 3157 2246 3208 μενον,
2270 3141 2470 3211 γράφει
2501 3145 2564 3214 τῇ
2589 3146 2800 3200 ἐκείνου
2832 3149 3089 3220 συνεύνῳ,
3114 3151 3210 3204 ἅτε
3244 3155 3488 3219 γυναικὶ,
3517 3157 3648 3227 περὶ

2061 3231 2164 3300 τῆς
2214 3232 2382 3302 ὀρθῆς
2437 3235 2876 3307 ὑπομιμνήσκων
2929 3242 3098 3309 αὐτὴν
3143 3244 3252 3294 τῶν
3302 3244 3647 3314 Χριστιανῶν

2063 3320 2361 3391 θρησκείας
2395 3326 2488 3378 καὶ
2526 3327 2785 3391 πίστεως,
2810 3329 2903 3382 καὶ
2930 3329 3004 3393 ὡς
3033 3331 3099 3382 ἂν
3145 3334 3326 3386 πείσοι
3369 3336 3458 3386 τὸν
3491 3336 3646 3404 βασι-

2061 3413 2160 3468 λέα
2194 3416 2287 3468 καὶ
2323 3416 2576 3470 σύνευνον
2625 3419 2966 3489 ἀποσχέσθαι
3013 3423 3113 3492 τῆς
3163 3427 3418 3494 τοιαύτης
3467 3427 3648 3495 δεινῆς

2063 3505 2452 3576 ἐγχειρήσεως.
2489 3509 2695 3580 Γράφει
2723 3510 2778 3562 δὲ
2801 3513 2895 3564 καὶ
2922 3513 3058 3582 πρὸς
3083 3514 3174 3568 τὸν
3202 3517 3506 3586 τηνικαῦτα
3538 3519 3648 3572 τῶν

2063 3596 2338 3665 δημοσίων
2366 3601 2663 3670 χρημάτων
2716 3603 2941 3672 ταμίαν,
2965 3605 3318 3676 οίκειωμένον
3341 3610 3470 3680 παρ’
3497 3609 3648 3680 αὐτῷ

2064 3691 2132 3759 τῇ
2170 3706 2229 3740 τε
2266 3691 2547 3762 παρρησίᾳ
2585 3693 2680 3745 καὶ
2729 3693 2811 3764 τῷ
2857 3697 3198 3766 φρονήματι,
3246 3700 3322 3771 μὴ
3360 3700 3503 3754 κατά
3549 3705 3649 3772 τῆς

2078 3778 2428 3850 Ἐκκλησίας,
2459 3783 2556 3852 ἤδη
2591 3784 2653 3836 τὸ
2687 3787 2965 3856 είρηναῖον
2999 3789 3230 3861 ἐχούσης
3259 3791 3352 3844 καὶ
3383 3793 3648 3845 ἀστασία-

2069 3889 2213 3937 στον,
2245 3872 2479 3925 ἐπινοεῖν
2512 3872 2544 3944 ἢ
2574 3878 2744 3928 κινεῖν
2773 3895 2894 3931 τινα
2943 3880 3124 3941 σάλον.
3171 3881 3372 3950 μᾶλλον
3422 3884 3523 3952 μὲν
3552 3883 3648 3938 οὖν

2067 3961 2162 4016 καὶ
2186 3962 2282 4032 τὴν
2307 3962 2629 4031 ὲξαφθείσαν
2656 3965 2794 4036 αὐτῇ
2834 3967 2985 4036 παρά
3018 3969 3126 4021 τῶν
3157 3969 3249 4034 τοῦ
3279 3973 3501 4025 αἰωνίου
3543 3991 3647 4025 πυ-

2071 4050 2160 4121 ρὸς
2202 4048 2368 4114 ἀξίων
2416 4049 2588 4119 φλόγα
2656 4055 3020 4121 καταπαύειν,
3075 4058 3168 4110 καὶ
3225 4058 3323 4129 τὴν
3375 4059 3647 4128 βασιλέως

2070 4141 2420 4212 καθημεροῦν
2463 4143 2786 4213 ἀγριότητα.
2843 4146 3048 4217 Γράφει
3078 4147 3136 4200 δὲ
3187 4150 3393 4220 καὶτῷ
3441 4150 3645 4221 πρώτῳ

2069 4233 2177 4286 τῶν
2211 4233 2506 4303 βασιλικῶν
2545 4235 2912 4306 ὑπογραφέων
2945 4239 3065 4291 τότε
3098 4241 3421 4309 τυγχάνοντι
3451 4242 3648 4307 (Εὐτυ-

381 4341 504 4379 rum
537 4325 749 4379 fovebat
786 4335 987 4396 partes,
1014 4334 1068 4379 et
1101 4333 1264 4379 rectae
1299 4325 1421 4379 ﬁdei
1452 4325 1664 4394 eloquia
1702 4327 1961 4396 deprava-

2069 4328 2250 4397 χιανὸς
2273 4321 2428 4388 οὗτος
2457 4323 2524 4395 ἦν
2546 4326 2588 4396 ),
2617 4329 2994 4401 συναιρομένῳ
3021 4335 3133 4394 τοῖς
3158 4334 3519 4403 αἱρετίζουσι,
3550 4335 3647 4389 καὶ

380 4418 500 4480 bat,
550 4417 754 4470 diserte
804 4417 1021 4485 scripsit
1053 4417 1198 4484 quod
1229 4415 1334 4471 nisi
1370 4417 1488 4472 vias
1530 4415 1745 4472 Domini
1784 4427 1963 4473 rectas

383 4513 631 4562 cessaret
659 4496 998 4575 pervertere,
1051 4507 1254 4578 Elymae
1272 4507 1411 4578 magi
1430 4508 1713 4579 "vestigia
1757 4517 1960 4576 terens,

382 4599 698 4667 inspectore
717 4599 823 4652 Deo
843 4608 1006 4668 atque
1023 4599 1198 4659 ultore
1217 4602 1440 4657 daturus
1455 4611 1598 4657 esset
1616 4615 1828 4670 poenas,
1843 4603 1965 4670 qui-

380 4686 486 4740 bus
513 4699 636 4740 eum
667 4700 851 4738 amara
891 4687 1018 4740 vitae
1048 4689 1350 4743 necessitas
1383 4689 1500 4744 dire
1533 4689 1830 4745 cruciaret.
1864 4688 1962 4745 Hic

382 4791 514 4832 vero
567 4785 879 4833 monentem
922 4779 1070 4834 visus
1105 4794 1399 4849 spernere,
1440 4780 1710 4838 minarum
1750 4782 1960 4851 recepit

457 4931 501 4965 "
527 4933 648 4987 Act.
682 4948 800 5000 xm,
830 4932 992 4987 81L.

2067 4419 2136 4472 τὰ
2168 4419 2267 4489 τῆς
2291 4419 2588 4490 ὀρθοτόμου
2621 4419 2858 4484 πίστεως
2886 4423 3434 4492 παραναγινώσκοντι
3468 4425 3644 4492 λόγια,

2063 4509 2140 4573 ὡς
2169 4511 2218 4563 εί
2254 4510 2352 4578 μὲν
2381 4512 2441 4563 ού
2472 4511 2750 4580 παύσηται
2777 4513 3118 4582 διαστρέφων
3140 4516 3237 4580 τὰς
3264 4517 3416 4578 ὀδοὺς
3440 4518 3645 4587 Κυρίου

2064 4600 2163 4665 τάς
2199 4600 2414 4664 εὐθείας
2439 4640 2454 4664 ,
2491 4601 2607 4655 ἀλλ’
2647 4602 2855 4674 Ἐλύμᾳ
2906 4604 2986 4673 τῷ
3010 4607 3189 4677 ,μάγῳ
3249 4611 3645 4677 συμπροαιρεῖ-

2065 4708 2157 4745 ται
2201 4692 2566 4762 πορεύεσθαι,
2602 4695 2754 4764 παρὰ
2777 4695 2875 4765 τῆς
2920 4695 3118 4766 ἐφόρου
3154 4697 3313 4766 δίκης
3361 4698 3644 4751 πείσεσθαι

2065 4781 2272 4852 λώϐην,
2311 4783 2409 4847 τὰς
2449 4783 2588 4857 πρὸς
2621 4785 2680 4838 τὸ
2729 4784 2829 4857 ζῇν
2867 4787 3124 4856 ἀφορμὰς
3163 4787 3353 4851 δεινῶς
3404 4787 3646 4858 ὲπαλγύ-

1646 5025 1880 5082 VARUE
1911 5025 2314 5084 LECTIONES.

458 5140 612 5196 ‘Ms.
650 5134 708 5214 ᾖ.

1889 5263 2120 5322 NOTAE.

459 5397 536 5467 (ῃ)
570 5398 625 5452 1η
659 5399 779 5454 Vita
814 5401 987 5455 sancti
1019 5399 1221 5454 Nicctze
1252 5419 1265 5454 :
1306 5418 1325 5450 ι
1363 5399 1515 5456 Tunc
1557 5400 1852 5467 imperator
1877 5399 1960 5453 fu-

381 5480 510 5539 rore
545 5468 834 5522 admodum
869 5472 1250 5532 exardescens.
1289 5479 1343 5525 et
1371 5471 1515 5539 quod
1563 5480 1709 5524 recte
1755 5471 1956 5524 dictum

385 5535 588 5609 fuerat,
625 5539 1119 5609 velut‘injuriosum
1149 5535 1404 5609 quiddam
1436 5541 1731 5606 accipiens,
1763 5555 1957 5594 omnes

383 5606 565 5674 eiecit.
607 5625 624 5658 ι
658 5607 714 5661 lu
774 5606 891 5660 Vita
947 5611 1122 5664 sancti
1159 5606 1362 5664 Nicolai
1411 5610 1639 5663 Stmlitm
1681 5626 1695 5662 :
1743 5627 1760 5660 ι
1800 5610 1953 5664 Tunc

384 5678 595 5734 videns.
631 5689 684 5732 ut
719 5677 749 5730 ii
785 5678 1018 5743 Spiritus
1066 5680 1243 5748 gladio
1281 5696 1542 5751 nugarum
1574 5680 1690 5750 ejus
1723 5682 1956 5750 garruli-

2059 5413 2233 5461 tatem
2266 5405 2413 5460 varie
2442 5407 2673 5460 mediam
2721 5417 2992 5473 secarent,
3026 5422 3087 5462 ea
3120 5421 3178 5462 re
3208 5408 3380 5464 miser
3411 5406 3467 5462 in
3498 5405 3644 5463 furo-

2063 5491 2178 5540 rem
2213 5487 2390 5540 actus,
2422 5492 2611 5532 onmes
2645 5478 2710 5532 ad
2746 5494 2936 5539 unum.
2989 5477 3157 5532 multa
3198 5479 3276 5530 ira
3311 5487 3642 5540 exaestuans,

2063 5546 2208 5667 lregia
2236 5548 2478 5628 expellit,
2514 5563 2576 5602 ac
2608 5548 3007 5617 quamprimum
3037 5548 3274 5619 singulis
3297 5547 3476 5605 locum
3506 5547 3647 5604 exsi-

2087 5632 2118 5668 ||
2145 5626 2347 5669 sancu.
2388 5635 2404 5668 ι

2087 5630 2347 5672 115811011.
2388 5635 2404 5668 ι
