3980 6140
250 272 253 273 ί
349 324 454 392 tu
568 336 575 342 ·
1489 290 1492 294 “
1875 315 2078 379 VlTA.
2360 272 2365 277 ’
2576 299 2613 353 ”‘.
2959 356 2964 361 .
3533 291 3642 357 ne

347 436 571 490 νουσαν·
607 420 652 498 ᾧ
685 427 781 483 καὶ
819 425 1164 499 άνουθετήτῳ
1198 425 1427 497 φανέντι
1475 425 1548 479 τὰ
1577 425 1676 496 τῆς
1712 421 1942 492 ἀπειλῆς

2067 420 2261 475 'icem:
2290 414 2553 486 quidquid
2583 408 2732 469 enim
2754 410 2955 465 exmdc
2983 406 3187 462 misero
3209 404 3335 460 vitae
3361 398 3630 473 reliquum

344 496 793 592 κατελάμϐανεν.
840 520 998 574 Πᾶσα
1027 496 1146 591 γάρ
1266 516 1328 581 ἐξ
1379 515 1592 571 ἐκείνου
1627 513 1706 586 τῷ
1750 514 1938 569 τάλανι

2067 515 2167 580 ‘uit,
2196 498 2488 568 continuos
2516 505 2566 561 ei
2595 505 2814 561 dolores
2843 502 3117 571 ingerens,
3154 497 3373 567 spirans
3396 496 3634 550 cadaver

343 587 792 688 δπιμετρηθείσα
821 612 936 681 ζωὴ
957 651 972 676 ,
1008 587 1251 680 συνεχεῖς
1281 609 1586 679 ἀλγηδόνας
1616 608 1937 677 ἐπάγουσα,

2067 608 2114 663 ιιι
2144 604 2337 660 mortis
2375 599 2622 672 quotidie
2663 595 2895 654 sistebat
2937 592 3111 648 atria.
3148 592 3223 645 Ita
3252 603 3451 657 nempe
3487 587 3654 641 Deus

342 682 833 779 νεκρὸν-ἔμπνουν
878 703 1016 772 πρὸς
1057 702 1127 757 τά
1162 701 1257 755 τοῦ
1291 703 1528 755 θανάτου
1562 701 1684 755 καθ’
1726 700 1940 773 ἡμέραν

2067 714 2142 755 sos
2183 710 2383 752 curare
2429 694 2617 758 norit,
2666 691 2756 761 qui
2802 703 2904 759 pro
2946 685 3293 740 amanuensis
3332 698 3395 737 ac
3433 682 3629 739 scribe

342 800 595 871 παρίστη
619 796 955 867 προπύλαια.
985 794 1145 849 Οὕτω
1173 792 1504 866 θεραπεύειν
1524 788 1635 847 οἶδε
1660 793 1794 856 Θεὸς
1813 792 1941 855 τοὺς

342 879 669 964 ἀρρωστίαν
696 890 765 958 τῇ
807 886 1105 958 Ἐκκλησία
1128 886 1377 941 δυσίατον
1408 886 1847 956 ὑπογράφοντας.

429 980 494 1047 ξ’.
552 978 777 1042 Τούτοις
827 977 923 1033 οὖν
972 979 1085 1041 τοῖς
1136 976 1428 1047 βιωφελέσι
1472 976 1568 1030 τοῦ
1615 975 1939 1029 διδασκάλου

351 1073 451 1127 καὶ
486 1073 669 1140 σοφοῖς
699 1070 1071 1140 νουθετήμασι
1109 1069 1185 1141 μὴ
1234 1068 1550 1140 βελτιωθεὶς
1581 1071 1609 1123 ό
1639 1068 1897 1137 βασιλεὺς
1922 1112 1937 1135 ,

348 1163 456 1233 τὴν
483 1162 725 1216 διάνοιαν
752 1161 888 1233 πρδς
917 1162 975 1214 ἓν
1006 1159 1163 1214 τοῦτο
1200 1160 1360 1231 μόνον
1384 1158 1553 1229 ἐώρα,
1592 1159 1687 1212 τοῦ
1724 1161 1816 1213 καὶ
1845 1161 1941 1213 αὐ-

346 1253 448 1307 τὸν
473 1253 710 1319 ἐξῶσαι,
746 1253 839 1307 καὶ
877 1254 942 1323 τῇ
972 1251 1033 1305 νύ
1045 1270 1158 1323 μφῃ
1203 1251 1441 1321 Χριστοῦ
1474 1252 1940 1321 ταλασιουργῆσαι

352 1344 565 1415 χιτῶνα
590 1344 905 1415 χηρεύσεως
937 1360 950 1373 ·
979 1343 1275 1415 ἐγχειρίζει
1318 1338 1450 1422 γοῦν
1499 1342 1568 1395 τὰ
1621 1341 1714 1396 τοῦ
1781 1343 1940 1410 λόγου

2045 804 2273 844 munere
2301 786 2436 841 falsa
2466 783 2901 845 subscribenles,
2924 775 3286 832 insanabilem
3313 787 3452 846 pene
3474 771 3637 841 aegri-

2052 881 2296 953 tudinem
2327 878 2589 933 inducnnt
2616 872 2896 929 Ecclesiae.

2112 972 2201 1028 60.
2263 970 2424 1025 llisce
2486 969 2651 1039 igitur
2715 964 2935 1019 utilibus
2998 976 3061 1016 ac
3124 957 3460 1029 sapientibus
3508 970 3656 1010 san-—

2038 1063 2115 1118 cli
2168 1060 2404 1117 doctoris
2455 1057 2675 1113 monitis
2701 1053 3263 1124 increpationibusrptc
3300 1050 3430 1103 nihil
3460 1048 3638 1101 factus

2039 1153 2233 1210 melior
2297 1153 2624 1222 imperator,
2663 1149 2716 1203 in
2776 1147 2827 1202 id
2904 1160 3073 1200 unum
3135 1152 3243 1197 tota
3294 1141 3641 1196 incumbebat

2040 1255 2250 1310 mente,
2284 1254 2343 1300 ut
2390 1242 2683 1313 expelleret
2742 1255 2864 1295 eum
2941 1248 2997 1293 et
3051 1252 3270 1317 sponsae
3291 1234 3493 1290 Christi
3535 1232 3639 1287 Ec—

2042 1337 2225 1393 clesiae
2258 1350 2474 1390 saccum
2512 1340 2720 1388 texeret
2788 1332 3086 1385 viduitatis.
3141 1326 3418 1398 Siquidem
3497 1340 3641 1396 prmo-

352 1435 461 1506 τῆς
509 1435 865 1505 Ἐκκλησίας,
907 1435 1004 1489 καὶ
1041 1435 1108 1488 τὰ
1138 1433 1246 1487 τῶν
1288 1433 1452 1504 ίερῶν
1492 1434 1703 1488 σκευῶν
1736 1436 1943 1506 ἀναθή-

2067 1427 2260 1483 licandi
2324 1427 2375 1481 in
2450 1425 2691 1480 Ecclesia
2774 1439 2969 1478 munus
3023 1431 3078 1478 et
3134 1434 3416 1477 sacrorum
3478 1432 3638 1474 vaso-

358 1535 516 1596 ματα
559 1528 716 1600 ἀνδρὶ
741 1526 841 1597 τὴν
868 1526 966 1581 τοῦ
998 1527 1293 1598 Πατρικίου
1333 1525 1492 1592 ἀξίαν
1534 1526 1776 1580 διέποντι
1801 1567 1815 1589 ,
1850 1526 1944 1580 καὶ

2067 1536 2167 1575 ὐηι
2253 1520 2507 1584 donaria,
2573 1519 2687 1573 viro
2758 1517 2972 1572 cuidam
3040 1513 3266 1585 patricio
3322 1511 3637 1574 committit,

355 1619 548 1688 πάσης
580 1618 682 1688 τῆς
727 1618 858 1690 περὶ
882 1618 1060 1673 ταῦτα
1089 1618 1183 1671 τδν
1212 1617 1473 1688 ἀρχιερέα
1512 1616 1750 1671 δεικνύει
1782 1631 1946 1687 φρονε-

2067 1627 2176 1668 :ura
2257 1625 2444 1666 eorum
2522 1611 2668 1665 omni
2757 1609 3054 1663 antistitem
3109 1606 3404 1662 excludens
3460 1604 3643 1660 :nihil

355 1707 505 1772 τίδος
526 1708 825 1779 ἀλλότριον·
851 1709 911 1762 ού
942 1711 1051 1778 γὰρ
1084 1709 1337 1774 ἐνεδίδου,
1364 1708 1545 1762 πάντα
1567 1707 1736 1770 λίθον,
1764 1707 1824 1761 τὸ
1849 1705 1942 1760 τοῦ

2067 1706 2194 1761 anim
2242 1704 2588 1760 contentione
2637 1703 2811 1758 factas
2857 1699 3155 1767 remissior,
3205 1713 3421 1754 omnem
3450 1738 3465 1762 ,
3499 1697 3643 1767 quod

355 1799 548 1869 λόγου,
580 1766 765 1866 κινιύν,
795 1802 872 1865 ὡς
900 1766 966 1855 ἂν
991 1766 1053 1854 ab
1073 1799 1175 1869 τῆς
1190 1800 1518 1870 Ἐκκλησίας
1542 1799 1945 1854 διασαλεύσειεν

2067 1795 2225 1862 ιὶιιιιι,
2279 1796 2530 1848 movebat
2612 1793 2883 1863 lapidem.
2929 1799 2988 1845 ut
3057 1790 3189 1846 illud
3239 1766 3642 1845 Ecclesimisn-

358 1889 620 1961 ἔρεισμα.
655 1892 718 1944 Ὢ
747 1890 862 1953 πῶς
887 1890 981 1944 ἐπὶ
1011 1890 1080 1943 τὰ
1105 1890 1234 1960 ἑξῆς
1259 1893 1288 1944 ὁ
1315 1890 1494 1960 λόγος,
1528 1890 1628 1945 οὐκ
1658 1890 1795 1962 ἔχων
1818 1892 1940 1943 ὅποι

2067 1886 2414 1954 ιιοηιιιςυιιιιη
2465 1886 2809 1941 convelleret.
2849 1884 3018 1952 Quam
3077 1884 3250 1939 libens
3298 1883 3391 1938 hic
3440 1880 3649 1937 lassata

362 1979 741 2051 προϐήσεται,
780 1982 941 2051 σιγῆς
972 1983 1370 2054 καταστορέσαι
1409 1983 1599 2053 κλίνην
1638 1981 1953 2053 προείλετο,

363 2071 467 2124 καὶ
500 2072 665 2143 πρινὴ
706 2072 775 2126 τὰ
819 2072 922 2142 τῆς
950 2072 1108 2127 νόσου
1142 2073 1450 2141 διαγγεῖλαι
1496 2074 1592 2127 τοῦ
1642 2074 1954 2144 μακαρίου,

360 2163 564 2217 ἑαυτὸν
595 2164 1018 2236 νοσηλευόμενον
1047 2165 1325 2218 δείκνυσιν
1355 2168 1368 2220 l
1403 2159 1565 2236 Εἴχεν
1591 2164 1697 2218 οὖν
1725 2164 1888 2218 αὑτὸν
1920 2166 1950 2218 ό

361 2251 641 2321 σκίμπους
674 2253 1043 2324 ἀσθμαίνοντα
1069 2255 1134 2309 ἐκ
1162 2271 1313 2318 τινος
1361 2253 1765 2324 ὑποσκηψάσης
1794 2254 1954 2325 ἐπιρο

365 2340 521 2410 ῥοίας
548 2342 628 2412 τῷ
660 2343 896 2414 σώματι,
933 2345 1029 2398 καὶ
1069 2345 1205 2414 πρὸς
1253 2343 1314 2397 τὸ
1341 2343 1445 2415 τῆς
1489 2343 1649 2397 νόσου
1689 2343 1952 2408 δυσαλθές

363 2431 754 2488 ἐκπαλαίοντα.
802 2433 941 2487 Ἀλλ’
967 2435 1121 2488 οὐδὲν
1148 2433 1292 2488 οὓτω
1326 2434 1420 2487 τὸν
1457 2434 1670 2489 δίκαιον
1695 2435 1949 2506 ἠλγυνεν,

361 2522 443 2585 ὡς
476 2523 508 2593 ἡ
539 2524 682 2578 κατά
707 2527 808 2597 τῆς
855 2525 1188 2596 Ἐκκλησίας
1234 2525 1600 2597 ἐπινοουμένη
1648 2526 1801 2598 παρὰ
1842 2526 1952 2579 τῶν

362 2611 580 2682 ἐχθρῶν
613 2614 972 2678 ἐπισύστασις
995 2631 1010 2646 ·
1061 2616 1279 2684 ἐκείνην
1319 2616 1430 2687 γάρ
1475 2616 1634 2685 μόνος
1661 2615 1825 2679 αὐτὸς
1853 2614 1951 2686 τὴν

361 2702 648 2773 διαμάχην
703 2703 964 2771 ὑφίστατο
991 2746 1004 2767 ,
1051 2705 1228 2776 ταύτῃ
1278 2690 1336 2760 δὲ
1406 2705 1598 2760 καὶτὸ
1637 2704 1731 2759 τοῦ
1763 2704 1943 2760 κοινοῦ

364 2796 575 2861 παντὸς
605 2796 916 2851 ἐκινδύνευε
946 2798 1241 2870 πλήρωμα.

438 3093 547 3160 ξαν.
600 3092 874 3165 Ὠφρυᾶτο
897 3088 993 3147 οὖν
1046 3094 1109 3147 τδ
1153 3093 1297 3147 κατὰ
1320 3093 1420 3163 τῆς
1458 3093 1786 3166 Ἐκκλησίας
1834 3112 1964 3149 συν-

368 3186 576 3256 έδριον,
605 3185 701 3239 καὶ
719 3187 788 3256 τῇ
823 3184 919 3239 τοῦ
950 3184 1184 3257 ψεύδους
1217 3185 1306 3240 ἀεὶ
1333 3185 1538 3257 πιμελῇ
1575 3185 1967 3257 λιπαινόμενον

367 3278 561 3346 ἐζήτει
589 3278 689 3349 τὴν
713 3277 957 3348 ἐκρηξιν.
986 3277 1157 3333 ’Ὅθεν
1189 3278 1470 3332 πείθουσιν
1497 3274 1655 3341 αὖθις
1683 3277 1775 3332 τὸν
1802 3277 1966 3332 παντὶ

369 3371 567 3441 ἀνέμῳ
590 3368 914 3434 κακοδοξίας
943 3369 1169 3438 βασιλέα
1198 3368 1527 3439 φερόμενον,
1562 3367 1698 3439 πρὸς
1729 3367 1966 3432 διάλεξιν

2067 1980 2265 2042 oratio,
2303 1994 2408 2045 quo
2444 1978 2697 2043 ulterius,
2746 1979 3043 2048 procedere
3084 1977 3259 2045 possit
3326 1990 3434 2031 non
3490 1974 3642 2029 iuve-

2057 2070 2213 2126 niens
2237 2070 2438 2124 silentii
2458 2071 2636 2125 cubile
2664 2071 2765 2126 sibi
2798 2078 3091 2134 sterneret,
3108 2077 3162 2125 et
3186 2068 3330 2124 beati
3364 2067 3467 2122 viri
3494 2079 3643 2121 mor-

2059 2162 2182 2217 bum
2220 2163 2484 2226 relatura,
2521 2163 2633 2232 ipsa
2662 2177 2816 2216 suam
2843 2162 2996 2230 prius
3024 2161 3408 2229 aegritudinem
3443 2159 3643 2229 prole-

2060 2258 2162 2306 ret.
2199 2250 2423 2305 Lectulo
2457 2252 2622 2321 igitur
2638 2246 3003 2306 decumbehat
3029 2250 3321 2306 tliliiculter
3339 2249 3641 2319 respirans,

2060 2352 2259 2399 etcum
2295 2345 2542 2398 humoris
2590 2344 2826 2399 iulluxus
2853 2344 3076 2414 quidam
3110 2358 3309 2413 corpus
3344 2342 3645 2397 incesseret

2061 2434 2345 2506 deplorato
2367 2435 2481 2491 fere
2505 2438 2694 2492 morbo
2727 2435 3142 2492 conﬂictabatur
3166 2436 3264 2508 (ι).
3291 2433 3437 2489 Nihil
3464 2444 3640 2489 tamen

2059 2543 2214 2598 aeque
2237 2528 2413 2583 virum
2432 2528 2639 2596 justum
2668 2531 3036 2598 excruciabat,
3068 2545 3230 2599 quam
3259 2529 3402 2599 quod
3438 2526 3642 2593 inimici

2060 2620 2322 2676 adversus
2369 2621 2672 2676 Ecclesiam
2723 2623 3182 2692 conspirationem
3249 2623 3641 2679 conﬂaverant.

2059 2709 2196 2765 Nam
2226 2711 2373 2766 illam
2404 2713 2622 2781 quidem
2656 2715 2898 2769 adversa:
2928 2715 3252 2770 valetudinis
3288 2728 3522 2784 pugnam
3555 2726 3647 2767 so-

2061 2801 2146 2856 lus
2177 2801 2291 2871 ipse
2317 2803 2622 2857 sustinebat
2649 2819 2664 2856 :
2697 2804 2800 2858 hac
2833 2812 3015 2858 autem
3063 2804 3177 2872 ipse
3213 2804 3505 2858 universus
3538 2803 3644 2858 Ec—

2061 2891 2248 2947 clesiae
2291 2904 2463 2949 coetus
2504 2893 2557 2948 in
2597 2895 2904 2963 periculum
2957 2895 3116 2966 longe
3188 2896 3486 2950 maximum
3527 2905 3647 2951 crat

2062 2981 2352 3039 adductus.

2136 3100 2225 3155 6|.
2263 3102 2530 3160 Tumebat
2589 3114 2772 3159 autem
2818 3102 3077 3160 Ecclesia;
3139 3103 3640 3159 adversansiufen'-

2067 3206 2296 3261 sumque
2347 3195 2662 3262 concilium,
2702 3204 2759 3249 et
2808 3195 3075 3251 mendacii
3129 3196 3459 3267 pinguedine
3510 3198 3648 3251 bene

2067 3279 2292 3352 fartum,
2330 3283 2387 3339 in
2440 3284 2716 3354 publicam
2769 3284 2949 3340 lucem
3006 3288 3287 3356 qumrebat
3338 3300 3646 3354 erumpere.

1995 3403 2039 3462 α
2069 3371 2270 3428 lterum
2314 3390 2444 3446 ergo
2475 3387 2727 3451 auctores
2754 3377 2892 3432 ﬁunt
2921 3378 3261 3448 imperatori,
3297 3379 3401 3433 levi
3436 3379 3650 3434 scilicet

373 3458 758 3514 κατασπῶσαι
797 3459 1077 3514 συνελθεῖν
1098 3459 1186 3512 τὸν
1209 3458 1561 3512 διδάσκαλον·
1592 3457 1651 3520 ὃς
1681 3458 1775 3529 ἐπὶ
1794 3457 1955 3526 τούτιε

2072 3463 2278 3519 homini
2301 3466 2505 3537 quique
2532 3468 2679 3523 omni
2702 3483 2887 3538 pravae
2907 3469 3170 3526 doctrina:
3198 3471 3432 3525 ferretur
3466 3480 3651 3529 ventu.

374 3549 588 3603 στέλλει
615 3548 921 3620 Θεοφάνην,
957 3538 1066 3604 τὸν
1086 3549 1183 3619 τῆς
1215 3547 1537 3619 βασιλίσσης
1578 3545 1857 3618 ὁμαίμονα
1876 3588 1891 3613 ,
1921 3538 1967 3615 ᾧ

374 3647 475 3696 καὶ
503 3642 562 3694 τὸ
594 3641 873 3712 βασιλικὸν
917 3640 1231 3711 περιέκειτο
1262 3639 1436 3723 ξίφος,
1462 3639 1539 3702 ὡς
1570 3637 1638 3691 ἂν
1667 3638 1762 3691 τὸν
1781 3641 1968 3709 ἀρχιε-

378 3735 481 3805 ρέα
504 3735 639 3803 πρὸς
662 3732 726 3786 τὸ
744 3734 841 3803 τῆς
863 3733 1210 3803 συνομωσίας
1235 3731 1455 3799 ἐκείνης
1491 3729 1774 3800 μιαιφόνον
1807 3727 1970 3782 ἐλκύ-

378 3842 496 3878 σειε
527 3824 838 3894 σύνταγμα.
885 3824 1025 3893 Πρὸς
1059 3823 1118 3876 ὃν
1150 3824 1267 3885 τοῖς
1315 3820 1686 3893 προλαϐοῦσιν
1718 3823 1800 3884 είς
1834 3823 1968 3874 άπο-

376 3916 574 3984 λογίαν
601 3914 976 3987 χρησάμενος,
1011 3915 1112 3985 ἥδη
1145 3913 1203 3968 δέ
1231 3914 1328 3967 καὶ
1351 3912 1450 3983 τὴν
1477 3912 1636 3968 νόσον
1670 3912 1812 3983 ἔχων
1838 3930 1970 3966 συνο

379 4008 606 4079 ήγορον,
648 4008 743 4062 τοῦ
791 4007 929 4078 πρὸς
962 4005 1206 4073 διάλεξιν
1253 4005 1535 4060 συνελθεῖν
1569 4008 1686 4069 τοῖς
1726 4006 1968 4077 άνιέροις

379 4097 681 4151 ἀπείπατο.
713 4098 788 4152 Ού
817 4098 949 4169 γάρ,
983 4098 1157 4168 φησὶ,
1190 4096 1399 4167 ποιμὴν
1430 4095 1720 4167 προϐάτων
1758 4095 1964 4167 ἔρημος

380 4190 522 4258 πρὸς
551 4188 751 4253 λύκους
776 4188 1061 4253 όπλίζεται
1084 4229 1100 4254 ,
1130 4189 1253 4242 οὐδὲ
1290 4188 1393 4258 τῆς
1443 4187 1643 4240 ἑαυτοῦ
1694 4187 1968 4259 σωτηρίας

383 4279 550 4349 μόνον
589 4280 987 4351 προμνώμενος
1010 4280 1375 4351 θηριομαχεῖν
1407 4279 1819 4348 κατεπείγεται·
1849 4276 1966 4331 ἀλλ’

380 4367 416 4438 ἢ
456 4368 595 4439 πρὸς
639 4369 884 4440 μάνδραν
917 4369 1139 4440 ἀσφαλῆ
1180 4370 1244 4423 τὸ
1286 4368 1540 4441 ποίμνιον
1584 4369 1966 4441 σφραγισάμε-

378 4475 474 4522 νος
497 4502 513 4526 ,
547 4462 644 4514 καὶ
668 4462 832 4529 φόϐον
861 4453 924 4516 οὗ
948 4463 1067 4515 ἐστι
1097 4461 1265 4532 φόόος
1302 4461 1524 4532 μακρὰν
1568 4462 1956 4531 ἀπωσάμενος

379 4549 527 4604 οὕτω
572 4553 710 4621 πρὸς
753 4554 822 4608 τὰ
853 4553 962 4608 τῶν
1001 4553 1183 4608 λύκων
1228 4553 1647 4625 συμφράττεται
1685 4552 1962 4623 θήρατρα.

381 4641 511 4706 Πῶς
556 4639 649 4697 οὖν
693 4645 794 4715 ἐμὲ
836 4646 948 4700 τῶν
987 4647 1137 4716 ἐμῶν
1187 4644 1525 4716 θρεμμάτων
1568 4645 1964 4719 χηρώσαντες,

2069 3566 2126 3611 ut
2163 3558 2440 3615 doctorem
2471 3561 2524 3614 in
2552 3562 2940 3631 disputationis
3003 3576 3226 3616 arenam
3269 3571 3445 3630 cogat.
3487 3559 3652 3614 Mittit

2071 3647 2253 3717 itaque
2284 3648 2673 3720 Theophanem
2740 3654 2993 3722 Augustae
3023 3653 3266 3718 lratrem,
3294 3650 3652 3720 cmndemque

2074 3738 2207 3808 regii
2234 3739 2385 3794 ensis
2425 3743 2773 3809 portitorem,
2810 3751 2866 3796 ut
2901 3743 2953 3797 in
3006 3742 3425 3810 coniuratorum
3444 3746 3648 3797 caedem

2072 3832 2392 3899 spirantium
2447 3845 2772 3888 conventum
2827 3835 3169 3903 pertraheret
3232 3835 3536 3902 praesulem.
3571 3837 3651 3887 Ad

2072 3936 2232 3989 quem
2289 3922 2542 3987 antistes,
2597 3923 2788 3977 iisdem
2842 3924 2997 3991 ipsis,
3045 3938 3195 3995 quae.
3226 3924 3476 3993 superius
3527 3934 3650 3977 sunt

2071 4011 2328 4077 delibata,
2362 4015 2676 4068 excusando
2711 4006 2774 4069 Se
2805 4030 2971 4083 usus;
3002 4015 3067 4069 ad
3125 4031 3244 4084 qute
3296 4030 3437 4070 nunc
3484 4017 3648 4069 etiam

2071 4103 2295 4156 morbus
2327 4103 2643 4167 accedebat,
2694 4106 2913 4173 negavit
2964 4103 3263 4158 ali‘uturum
3320 4119 3380 4159 se
3431 4114 3487 4158 ut
3527 4119 3650 4159 cum

2070 4193 2313 4264 profanis
2370 4194 2737 4262 disputatione
2801 4194 3188 4265 congredietur
3249 4213 3262 4248 :
3319 4209 3425 4248 non
3481 4194 3649 4257 enim,

2069 4284 2269 4352 inquit,
2307 4295 2491 4355 pastor
2518 4285 2710 4340 ovibus
2734 4286 3024 4340 destitutus
3071 4286 3334 4341 adversus
3383 4285 3541 4356 lupos
3571 4274 3652 4340 di-

2068 4377 2255 4443 micat,
2289 4390 2390 4431 uec
2421 4392 2575 4432 suam
2625 4377 2893 4432 duntaxat
2939 4379 3167 4433 salutem
3218 4394 3490 4448 quaerens,
3526 4393 3648 4433 cum

2068 4469 2262 4526 bestiis
2332 4470 2642 4539 depugnare
2696 4471 2924 4528 festinat
2978 4490 2992 4526 :
3047 4473 3142 4527 sed
3196 4471 3287 4527 ubi
3345 4479 3464 4526 tuto
3532 4471 3652 4525 loco

2071 4568 2332 4629 extraque
2358 4560 2585 4628 periculi
2646 4561 2821 4617 aleam
2874 4562 2929 4617 in
2995 4562 3148 4617 caula
3211 4578 3428 4634 gregem
3485 4574 3643 4617 suum

2069 4649 2375 4716 conclusit,
2428 4659 2483 4705 et
2540 4651 2787 4708 timorem
2843 4655 2934 4710 ubi
3001 4665 3086 4711 est
3144 4655 3306 4710 timur
3358 4656 3514 4724 longe
3561 4654 3650 4708 de-

383 4733 480 4785 καὶ
503 4732 679 4788 ταῦτα
702 4734 795 4806 βίᾳ
820 4736 922 4807 τῆς
950 4737 1182 4807 ἀληθοῦς
1211 4735 1386 4807 νομῆς
1408 4734 1804 4800 ἀπελάσαντες,
1832 4734 1955 4807 πρὸς

2087 4739 2243 4810 pulit,
2300 4741 2367 4795 ad
2410 4740 2659 4810 luporum
2691 4758 2752 4800 se
2811 4746 3159 4801 venationem
3216 4746 3474 4815 accingit.
3533 4745 3647 4812 Qua

383 4821 559 4894 θῆρας
582 4826 745 4895 μόνον
765 4829 912 4898 ἡμᾶς
930 4828 1295 4899 προκαλεῖσθε
1324 4829 1532 4890 δεινοὺς
1551 4826 1933 4898 ἀπομάχεσθαι
1955 4844 1971 4894 ;

2074 4830 2240 4900 igitur
2264 4832 2498 4897 ratione,
2535 4848 2659 4888 cum
2690 4849 2840 4890 meas
2868 4838 2999 4893 mihi
3020 4853 3149 4893 oves
3193 4836 3548 4902 abstuleritis,
3595 4845 3651 4889 et

383 4914 461 4968 οο
510 4914 668 4981 κλέος
713 4918 873 4972 τοῦτο
910 4920 1280 4989 ποιμαντικῆς
1304 4919 1693 4989 κατασχέσεως
1719 4933 1734 4948 ο
1765 4916 1881 4970 ἀλλ’
1923 4933 1949 4969 ε

2076 4921 2263 4991 procul
2291 4938 2318 4975 a
2351 4922 2497 4978 veris
2538 4924 2753 4993 pascuis
2783 4927 3279 4997 abegeritis,.uuuc
3314 4925 3646 4996 provocatis,

386 5004 654 5077 βούλησθε
731 5009 842 5063 τῶν
920 5011 1255 5079 πλασμάτων
1343 5008 1500 5080 ὑμῶν
1582 5007 1971 5075 ἐπιτεύξεσθαι

385 5097 405 5167 (
428 5098 661 5169 πλάσμα
691 5100 801 5171 γὰρ
836 5103 905 5155 τὰ
940 5103 1030 5170 ὑφ’
1057 5102 1215 5172 ὑμῶν
1255 5102 1392 5172 πρὸς
1452 5101 1599 5170 ἡμᾶς
1628 5101 1718 5153 ἀεὶ
1750 5117 1972 5171 προτει-

383 5186 593 5258 νόμενα
614 5228 632 5254 ,
672 5193 767 5245 καὶ
799 5193 1056 5263 οὐδεμιᾶς
1087 5192 1350 5262 ἀληθείας
1392 5190 1704 5263 ἐχόμενον),
1733 5192 1853 5245 δότε
1894 5192 1961 5262 τῇ

385 5275 622 5332 ἑκάστου
656 5283 796 5353 ῥοπῇ
826 5282 887 5334 τὸ
915 5283 1184 5345 ἑκούσιον,
1215 5281 1455 5350 γενέσθω
1499 5283 1606 5345 πᾶς
1636 5283 1733 5353 τῆς
1766 5281 1960 5336 ἑαυτοῦ

387 5364 699 5440 βουλήσεως
749 5364 941 5444 κύριος
964 5415 979 5440 ,
1011 5374 1256 5428 λελύσθω
1288 5376 1363 5430 τά
1390 5375 1747 5444 δεσμωτήρια
1768 5416 1784 5442 ,
1839 5375 1971 5429 ἀνα-

356 5530 398 5598 ‘_
457 5525 840 5598 (1)7Appendix
859 5530 1204 5597 Theophanis
1241 5549 1254 5585 :
1286 5550 1305 5584 ι
1336 5530 1460 5586 Haec
1486 5532 1610 5585 dum
1636 5542 1957 5598 gererentur

383 5595 441 5650 in
467 5597 835 5669 inllrmitatem
871 5595 1070 5654 decidit
1097 5601 1426 5669 patriarcha.
1464 5603 1599 5655 adeo
1636 5595 1692 5653 nt
1740 5603 1935 5656 diebus

389 5666 577 5736 paucis
620 5668 768 5723 salus
813 5669 929 5738 ejus
987 5685 1014 5723 a
1065 5666 1289 5726 medicis
1327 5672 1753 5741 desperarctur:
1803 5673 1959 5741 cujus

2074 5021 2135 5066 ut
2194 5015 2458 5069 adversus
2506 5030 2604 5070 vos
2650 5026 2907 5086 tauquam
2958 5020 3106 5073 diras
3156 5019 3356 5072 bestias
3412 5031 3647 5086 pugnam

2071 5101 2246 5157 ineam
2270 5103 2294 5156 Τ
2322 5119 2425 5157 non
2457 5104 2559 5160 hoc
2610 5108 2819 5162 muneri
2856 5110 3108 5178 congruit
3136 5106 3395 5178 pastorali
3421 5127 3441 5172 ;
3469 5104 3565 5159 sed
3598 5105 3654 5157 si-

2086 5194 2246 5249 vultis
2302 5195 2603 5265 periculum
2666 5198 2851 5254 facere
2899 5211 3199 5255 vestrorum
3268 5199 3646 5266 ﬁgmentorum

2082 5284 2295 5355 (revera
2337 5288 2480 5340 enim
2526 5289 2779 5358 liguicnta
2835 5300 3001 5358 sunt,
3054 5302 3390 5361 quaecunque
3454 5270 3652 5344 iu'uos

2074 5390 2295 5446 semper
2351 5375 2568 5445 objecta
2633 5379 2978 5451 intorquetis,
3007 5391 3062 5435 et
3101 5380 3262 5449 plane
3287 5378 3554 5448 ejusmodi
3583 5389 3642 5432 ut

2066 5534 2360 5603 imperator
2389 5536 2587 5591 certior
2626 5536 2802 5601 factys
2829 5538 2895 5592 de
2927 5539 2977 5592 vi
3007 5537 3150 5594 facta
3183 5537 3434 5596 nonnihil.
3482 5537 3646 5592 remi-

2066 5606 2134 5659 sit
2169 5622 2181 5658 :
2223 5619 2286 5658 eo
2317 5615 2532 5685 mortuo
2561 5618 2761 5663 cuncta
2798 5624 2898 5678 pro
2927 5609 3201 5667 voluntate
3243 5609 3455 5667 facilius
3487 5621 3645 5662 exse-

2068 5686 2320 5730 cuturum
2354 5686 2617 5744 cogitans.
2651 5695 2670 5728 ι
3015 5714 3020 5719 -
