3980 6140
1813 187 1866 204 ,Ἶσιν

422 304 524 369 119
1407 322 1468 383 S.
1507 323 1933 387 NICEPHORI
1969 330 2476 396 PATRIARCHIE
2513 339 2618 398 CP.
3583 357 3682 420 120

413 419 562 474 nulla
607 423 836 480 veritate
889 426 1480 500 nitantur)-permittite
1538 446 1598 491 ut
1641 438 1872 509 quisque
1916 457 1981 496 ex

2089 445 2435 512 ζευξάτωσαν
2463 453 2514 504 οἱ
2545 453 2604 504 ἐν
2636 452 2823 526 ἐξορίᾳ.
2851 457 3026 529 πικρᾷ
3075 459 3430 531 πιεζόμενοι,
3469 463 3674 517 ἀνακα-

413 514 583 568 animi
637 517 718 570 sui
746 519 1015 574 sententia
1041 520 1268 592 feratur,
1301 539 1519 595 suaeque
1573 529 1646 584 sit
1697 530 1981 589 voluntatis

415 604 627 626 -_._,.-_
1444 617 1480 626 ..
1544 620 1557 626 _
1603 618 1616 626 .
1819 623 1833 626 _

2091 535 2349 610 λυφθήτω
2384 543 2541 611 ὑμῶν
2573 545 2643 600 τὰ
2677 514 2906 616 ύττόγεια
2954 514 3207 624 ὲάραθρα
3230 514 3251 619 ,⁸
3276 514 3676 626 καὶάναδοθη-

409 604 647 665 arbiter.
704 607 931 665 Pateant
974 626 1262 680 carceres;
1318 617 1658 684 postliminio
1741 623 1988 692 redeant,

329 694 334 732 l
413 696 508 763 qui
535 698 686 764 gravi
729 713 1080 757 macerantur
1109 705 1333 780 exsilio;
1363 710 1679 777 aperiantur
1729 712 1837 767 alta
1893 717 1988 769 de-

411 787 558 844 fossa
589 790 754 847 humo
775 802 956 849 vestro
986 795 1076 850 illa
1107 798 1385 865 barathro,
1411 815 1476 856 ac
1497 803 1870 870 producantur
1887 806 1986 860 viri

411 881 560 939 fame
589 885 845 950 confecti,
880 887 1122 957 factique
1171 889 1296 944 sitis
1347 891 1604 957 ludibria,
1641 896 1740 949 viri
1776 897 1986 953 scilicet

411 989 642 1043 quorum
670 991 772 1029 nox
805 978 1052 1045 quotidie
1087 979 1418 1038 illuminatio
1449 983 1501 1036 in
1533 983 1748 1040 deliciis
1771 1001 1980 1056 eorum,

409 1074 468 1119 ut
500 1066 700 1120 cecinit
749 1068 940 1122 beatus
967 1067 1178 1126 Psaltes
1228 1071 1312 1126 ":
1353 1082 1571 1129 cessent
1602 1074 1678 1146 (a)
1733 1080 1981 1144 verbera,

329 1205 344 1222 ,
407 1161 604 1226 quibus
637 1160 743 1214 Deo
769 1161 1071 1218 amatorum
1099 1164 1381 1220 hominum
1451 1181 1677 1238 corpora
1701 1167 1980 1240 vapulant.

403 1251 584 1319 Atque
639 1252 779 1306 adeo
821 1255 948 1308 dum
1004 1255 1118 1311 hac
1168 1256 1324 1322 ﬁant,
1376 1261 1694 1329 cunctisque
1751 1261 1979 1317 liberum

405 1341 738 1409 permittatis
765 1342 1106 1413 suffragium,
1140 1361 1315 1416 neque
1345 1349 1616 1404 violentia;
1636 1352 1976 1416 concedatis,

404 1442 464 1488 ut
487 1450 613 1490 suas
641 1445 826 1506 partes
871 1447 1020 1508 agat,
1049 1449 1177 1494 tunc
1229 1441 1408 1510 palam
1459 1444 1687 1512 proditis
1721 1444 1978 1499 Ecclesia:

402 1526 655 1582 hostibus
695 1528 998 1600 ejectisque
1025 1571 1040 1595 ,
1081 1532 1171 1601 qui
1201 1533 1404 1586 nullum
1456 1534 1538 1589 vel
1595 1535 1736 1590 exile
1797 1550 1978 1591 sacer-

2091 645 2271 682 τωσαν
2318 634 2367 685 ol
2417 634 2582 702 λιμοῦ
2636 643 2974 710 τραυματίαι
3023 645 3120 698 καὶ
3171 645 3336 716 δίψης
3386 649 3674 718 γενόμενοι

2090 722 2340 790 παίγνια,
2377 728 2472 780 καὶ
2501 729 2675 785 νύκτα
2709 735 3013 804 φωτισμὸν,
3039 737 3184 790 κατά
3213 739 3276 791 τὸ
3305 739 3592 809 ᾀδόμενον,
3617 743 3673 795 ἐν

2088 819 2152 887 τῇ
2199 822 2376 891 τρυφῇ
2422 823 2631 875 ἑαυτῶν
2675 826 3054 896 ἐντρυφῶντες
3095 830 3412 901 ὁσημέραι·
3461 833 3673 888 λαϐέτω

2087 905 2300 960 παῦλαν
2337 911 2370 980 ἡ
2430 912 2670 978 μάστιξ,
2705 914 2774 968 τά
2807 916 2919 970 τῶν
2973 917 3283 990 θεοφρόνων
3315 920 3670 985 ἐπιξαίνουσα

2087 994 2339 1065 σώματα.
2390 999 2477 1063 Ὧς
2519 1003 2568 1054 εί
2613 1003 2788 1058 ταῦτα
2817 1007 3034 1074 γένοιτο
3062 1048 3075 1069 ,
3123 1009 3220 1062 καὶ
3261 1011 3338 1080 τῷ
3373 1014 3539 1066 παντὶ
3571 1015 3670 1085 τὴν

2083 1087 2394 1160 ἐλευθερίαν
2423 1091 2772 1162 ἐγγράψοιτε,
2807 1097 2902 1150 καὶ
2929 1101 2994 1168 τῇ
3031 1098 3125 1169 βίᾳ
3169 1100 3244 1170 μὴ
3273 1101 3409 1154 δῶτε
3439 1103 3510 1157 τά
3536 1105 3667 1158 ἑαυα-

2082 1182 2180 1248 τῆς
2210 1179 2677 1252 διαπράττεσθαι,
2711 1187 2833 1240 τότε
2875 1189 2986 1242 τῶν
3019 1192 3118 1260 τῆς
3169 1191 3505 1262 Ἐκκλησίας
3531 1212 3668 1266 προ·-

2079 1271 2254 1342 δήλων
2279 1273 2510 1346 ἐχθρῶν,
2555 1277 2658 1330 καὶν
2693 1278 2802 1331 τῶν
2839 1281 3006 1350 μηδὲν
3063 1281 3370 1352 ἱερωσύνης
3403 1286 3665 1357 ἐπιφερο-

2081 1365 2259 1435 μένων
2281 1367 2555 1436 λείψανον,
2586 1370 2686 1423 καὶ·
2705 1370 2795 1423 διὰ
2818 1373 2975 1426 τοῦτο
3001 1375 3092 1426 ἐπὶ
3121 1374 3437 1445 ζητήμασιν
3464 1377 3667 1448 ἐκκλη-

2079 1459 2378 1520 σιαστικοϊς
2412 1459 2766 1528 ἐγκρίνεσθαι
2812 1463 2886 1534 μὴ
2932 1463 3274 1532 δυναμένων,
3309 1468 3666 1538 ἀπεληλαμέ-

2076 1563 2202 1610 νων,
2232 1550 2344 1611 τοῖς
2375 1549 2585 1616 λοιποῖς
2625 1553 2645 1622 (
2663 1555 2711 1605 εί
2748 1555 2843 1608 καί
2869 1572 2954 1618 τις
2975 1596 2989 1617 ,
3021 1557 3159 1627 ὅπερ
3189 1558 3416 1612 ἀπέστω
3442 1599 3458 1621 ,
3489 1560 3665 1613 λελείο

402 1620 538 1675 dOtii
591 1621 880 1691 vestigium
912 1623 1168 1689 afferunt,
1206 1641 1270 1680 ac
1317 1627 1544 1695 proinde
1578 1627 1974 1684 ecclesiasticis

2083 1637 2272 1706 ψεται)
2316 1642 2399 1703 είς
2450 1620 2643 1709 λόγους
2695 1643 2873 1697 ἐλθεῖν
2903 1647 3054 1715 ἡμᾶς
3103 1620 3334 1711 ἑαυτοὺς
3375 1650 3659 1720 πείσομεν.

401 1713 864 1783 disputationibus
898 1715 1166 1773 interesse
1187 1735 1296 1774 non
1330 1731 1580 1790 possunt,
1606 1736 1730 1776 cum
1759 1722 1973 1776 caeteris

2083 1730 2148 1782 Οὐ
2181 1730 2291 1801 γὰρ
2326 1731 2567 1801 ἀνιέροις
2609 1733 2771 1803 θέμις
2821 1713 2960 1804 πρὸς
3007 1737 3235 1808 ἔρευναν
3286 1740 3448 1810 ἱερῶν
3495 1713 3667 1795 καταέ

401 1805 421 1874 ζ
444 1807 488 1861 si
521 1807 664 1876 quis,
696 1808 839 1876 quod
870 1809 1031 1876 absit,
1066 1810 1306 1880 reliquus
1336 1813 1462 1882 erit)
1509 1813 1824 1868 conferendi
1856 1809 1973 1867 ser-

2083 1819 2347 1887 λέγεσθαι.
2384 1822 2710 1876 Είπάτωσαν
2736 1826 2843 1896 γάρ
2865 1827 2914 1879 οἱ
2945 1829 3014 1880 τά
3041 1805 3461 1886 ⁷Κωνσταντίνου
3493 1834 3662 1889 πάλαι

400 1896 579 1948 monis
610 1911 774 1951 causa
811 1899 1107 1953 convenire
1143 1916 1248 1954 nou
1299 1901 1748 1958 detrectabimus.
1788 1900 1976 1972 Neque

2083 1908 2412 1979 σεσιγηκότα
2439 1911 2536 1964 καὶ
2557 1913 2860 1983 κατᾴδοντα
2885 1917 3246 1985 περιέποντες
3270 1918 3545 1990 δόγματα,
3576 1923 3660 1987 τίς

398 1987 542 2041 enim
569 1988 648 2043 fas
669 1998 777 2054 est,
803 1998 862 2044 ut
891 2003 1014 2045 cum
1037 1991 1278 2060 profanis
1310 2008 1654 2048 communem
1696 1994 1761 2047 ad
1815 2008 1972 2050 sacra

2083 1999 2258 2062 αὐτοῖς
2286 1999 2446 2065 ἀξίαν
2487 2002 2830 2056 ἐπιτέθεικεν
2869 2005 3060 2074 ίεράν;
3105 2008 3170 2059 ἐκ
3217 1987 3656 2081 τίνοςτίεροφανο

396 2078 746 2147 disquirenda
776 2092 1098 2136 conventum
1147 2084 1418 2138 ineamus.
1446 2085 1640 2140 Dicant
1677 2086 1844 2151 enim,
1878 2086 1970 2156 qui

2083 2090 2228 2160 τικῆς
2272 2091 2607 2162 χειροτονίας
2647 2088 3068 2166 γνωριζομένης
3115 2100 3230 2162 τοῖς
3261 2078 3656 2171 ἐκκλησιαστι-

394 2169 524 2226 olim
551 2171 768 2226 silentio
795 2175 1054 2228 damnata
1084 2185 1250 2244 atque
1276 2192 1566 2247 suppressa
1618 2175 1967 2232 Constantini

2083 2185 2186 2246 τοῖς
2229 2183 2418 2253 νόμοις
2466 2186 2875 2256 κατατετάχθαι
2930 2191 3098 2258 φασὶν
3152 2193 3234 2255 είς
3285 2169 3499 2264 βαθμὸν
3547 2195 3658 2250 τῶν

394 2264 609 2319 decreta
635 2273 935 2330 sectantur,
977 2267 1099 2336 quis
1121 2283 1334 2322 sacram
1371 2269 1479 2322 illis
1511 2269 1827 2335 dignitatem
1858 2268 1966 2322 im-

2083 2279 2533 2346 spoupyodvswv;
2577 2279 2640 2331 El
2671 2275 2766 2333 οὖν
2796 2281 2956 2348 τάξις
2990 2283 3176 2348 αὐτοῖς
3221 2286 3655 2361 ἐκκλησιαστικὴ

393 2357 676 2424 posuerit?
721 2359 1009 2411 ostendant
1059 2358 1212 2425 cujus
1265 2359 1631 2413 ordinationis
1678 2360 1750 2421 vi,
1801 2375 1964 2429 quam

2083 2365 2126 2418 rb
2156 2366 2400 2430 ἀναξίοις
2433 2365 2575 2421 εἶναι
2611 2370 2988 2441 μαρτύρεται,
3034 2375 3123 2438 τίς
3177 2377 3384 2442 αὐτοὺς
3428 2379 3520 2432 ἐπ’
3564 2357 3662 2434 in;

393 2451 613 2518 quidem
649 2459 947 2516 agnoscant
982 2449 1129 2519 leges
1170 2449 1577 2512 ecclesiasticae,
1608 2450 1660 2503 in
1713 2451 1966 2506 sacerdo-

2083 2457 2298 2528 ιλησίας
2354 2459 2534 2527 λέγειν
2594 2461 2888 2529 ἀνέξεταις
2949 2465 3138 2519 Ταῦτα
3203 2470 3318 2532 τοῖς
3381 2471 3652 2528 στείλασιν

391 2551 506 2593 tum
533 2541 756 2610 gradum
786 2539 1152 2594 ascenderint.
1184 2539 1316 2595 Cum
1344 2541 1527 2609 itaque
1553 2539 1965 2595 ecclesiasticus

2083 2548 2212 2618 ipa;
2245 2550 2640 2622 γνωρισθήτω,
2683 2555 2778 2606 καὶ
2816 2555 2865 2606 εί
2905 2557 3020 2620 τοῖς
3060 2560 3354 2631 ἡμετέροις
3383 2579 3653 2618 καταπει-

390 2631 527 2687 ordo
561 2631 812 2700 indignos
836 2645 932 2686 eos
961 2645 1083 2685 esse
1123 2630 1496 2702 testetur,quis
1519 2645 1614 2686 eos
1642 2630 1696 2684 in
1733 2631 1962 2686 ecclesia

2083 2639 2284 2704 πθέντες
2309 2640 2530 2709 ὀφθεῖεν
2562 2642 2767 2712 λόγοις,
2805 2645 2916 2699 ἰδοὺ
2948 2649 3145 2720 καιρὸν
3174 2630 3270 2704 καὶ
3312 2653 3481 2705 τόπον
3513 2656 3648 2718 τοῖς,

387 2723 535 2792 loqui
568 2721 877 2777 sustineat?
904 2721 1028 2776 limo
1060 2723 1148 2788 iis,
1183 2722 1275 2792 qui
1326 2723 1614 2789 miserunt,
1662 2725 1910 2780 renuntia
1944 2743 1958 2782 :

2083 2731 2201 2802 τρὸς
2233 2725 2315 2795 οἷς
2343 2731 2602 2804 εὖκαιρόν
2658 2737 2804 2800 ἐστι,
2854 2737 3208 2810 διαλεχθῆναι
3238 2743 3521 2813 ὁρίζομενο
3556 2747 3651 2800 καὶ

387 2817 480 2885 qui
539 2816 584 2872 si
635 2817 842 2872 nostris
869 2815 1217 2871 sermonibus
1247 2815 1473 2882 obsequi
1534 2817 1839 2880 videantur,
1891 2832 1959 2873 en

2083 2819 2272 2896 ιαιρὸς,
2308 2821 2472 2892 ἡνίκα
2499 2823 2564 2875 ἂν
2586 2823 2704 2894 Θεῷ
2736 2826 2910 2892 φίλον,
2935 2829 3005 2882 τὰ
3035 2830 3138 2907 τῆς
3170 2831 3328 2886 νόσου
3361 2836 3495 2904 ἡμῖν
3526 2836 3653 2890 ἐπι·-

387 2919 600 2979 tempus
640 2923 703 2962 ac
738 2908 916 2963 locum
967 2907 1324 2978 disputationi
1372 2923 1609 2978 congrua
1665 2910 1960 2978 praestitui-

2083 2911 2332 2981 .ωφῆσαι,
2367 2913 2464 2966 καὶ
2488 2914 2884 2985 ὑπολειφθῆναι
2913 2923 3028 2984 τοῖς
3056 2921 3192 2987 ζῶσι
3225 2923 3300 2994 δῷ
3328 2925 3484 2992 Θεὸς,
3524 2945 3654 2983 συν-

385 3015 506 3056 mus
538 3019 551 3055 :
580 3008 634 3054 et
668 2999 884 3069 quidem
916 3013 1014 3068 par
1046 2999 1268 3054 edendae
1295 2998 1658 3055 confessionis
1696 3001 1960 3055 habendi.

2083 3001 2341 3070 ιμολογεῖν
2395 3004 2491 3056 καὶ⁸
2548 3005 3009 3074 συμφθέγγεσθαι
3042 3027 3056 3040 ·
3116 3011 3282 3074 τόπος
3331 3014 3390 3067 δέ
3439 3015 3504 3068 τὸ
3557 3017 3650 3070 τοῦ

383 3108 492 3163 que
518 3092 770 3162 colloquii
822 3101 1034 3160 tempus
1083 3091 1210 3153 erit,
1233 3091 1322 3145 ubi
1382 3090 1492 3145 Deo
1533 3091 1668 3146 bene
1724 3093 1957 3162 propitio

2083 3093 2204 3144 θείου
2227 3092 2386 3161 λόγου
2414 3093 2685 3165 διώνυμον
2710 3097 2960 3168 τέμενος,
2994 3101 3053 3154 ἐν
3087 3093 3132 3169 ᾧ
3163 3102 3297 3167 Θεὸς
3330 3105 3572 3177 κάθηται
3602 3110 3648 3173 ε,

383 3158 655 3252 tantisper
675 3158 909 3235 imorbus
937 3158 1386 3248 interquieverit,
1410 3179 1632 3248 vitaque
1665 3158 1810 3233 illius
1828 3158 1954 3233 ntu-

2083 3181 2131 3235 τά
2181 3185 2246 3254 τῇ
2299 3158 2804 3257 καθολικῇνπίστει
2857 3158 3137 3260 ἀνήκοντα
3182 3158 3654 3267 διεσμιλευμένως

381 3289 517 3332 nere
537 3280 814 3342 superstes
826 3270 989 3325 fuerit
1011 3289 1025 3326 :
1049 3270 1200 3326 locus
1217 3284 1346 3325 vero
1369 3269 1518 3324 verbi
1543 3270 1734 3336 divini,
1752 3269 1958 3326 famosa

2083 3275 2283 3327 ῑιαιτῶν
2313 3277 2408 3329 καὶ
2433 3277 2651 3348 τρανῶν
2680 3279 3021 3336 δικαιότατα.

382 3383 448 3424 ac
485 3367 839 3425 celeberrima
880 3365 1214 3432 basilica;in
1262 3379 1364 3434 qua
1381 3364 1675 3434 praesidens
1717 3363 1876 3433 Deus,
1909 3381 2030 3437 quae
2079 3380 2329 3437 spectant
2368 3371 2434 3426 ad
2476 3371 2633 3428 fidem
2665 3375 2987 3433 catholicam
3047 3377 3305 3438 distincte
3338 3384 3655 3444 subtiliter-

381 3475 488 3534 que
516 3461 796 3524 decernet,
821 3467 874 3511 et
895 3473 1054 3527 quam
1082 3456 1385 3527 justissime
1424 3456 1753 3527 explanabit.
3081 3525 3090 3534 ‘

452 3552 543 3606 62.
605 3550 774 3606 Porro
828 3551 916 3602 ubi
956 3549 1174 3602 nuntius
1199 3547 1360 3602 verba
1392 3547 1527 3614 haec,
1557 3549 1696 3618 ejus,
1732 3550 1823 3618 qui
1873 3551 1955 3621 ip-

2136 3553 2234 3623 ξβ’.
2267 3553 2455 3610 Ταῦτα
2501 3557 2595 3611 τοῦ
2639 3559 3050 3633 ἀγγελιαφόρου
3083 3566 3198 3629 τοῖς
3228 3566 3334 3622 ὠσὶ
3380 3568 3478 3623 τοῦ
3511 3571 3650 3642 πέμ.

380 3658 503 3698 sum
537 3642 794 3705 miserat,
819 3639 1043 3694 auribus
1077 3639 1341 3704 insonuit,
1376 3648 1430 3692 et
1461 3640 1506 3694 is
1528 3649 1721 3695 cuncta
1745 3641 1810 3696 ad
1837 3640 1956 3697 illos

2083 3645 2265 3715 μαντος
2315 3648 2727 3719 ἐνηχήσαντος,
2773 3653 2872 3707 καὶ
2915 3655 3084 3709 αὑτοῦ
3129 3657 3186 3711 δέ
3230 3661 3346 3722 τοῖς
3386 3639 3655 3718 τάναντία

380 3733 572 3788 retulit
601 3732 691 3802 qui
737 3732 1028 3786 contraria:
1075 3739 1230 3784 erant
1261 3729 1552 3798 opinionis,
1594 3740 1777 3786 mutos
1834 3745 1954 3786 om-

2083 3739 2437 3808 rupcppovo-Set
2459 3741 2603 3794 κατὰ
2627 3744 2796 3813 μηδὲν
2822 3746 3265 3817 ἀποκρύψαντος,
3295 3752 3437 3822 πρὸς
3466 3756 3653 3810 πᾶσαν

380 3825 514 3878 nino
557 3832 612 3877 et
649 3837 779 3877 voce
809 3821 1099 3877 destitutos
1144 3820 1416 3885 reddidit;
1453 3821 1714 3890 gravique
1774 3820 1955 3876 cordis

2083 3829 2238 3885 ιύτῶν
2268 3832 2504 3900 ἀφασίαν
2529 3833 2626 3904 τὴν
2658 3835 2906 3903 γλῶτταν
2934 3838 3234 3911 διήγειρεν,
3263 3820 3358 3897 καί
3384 3846 3484 3916 τὴν
3511 3864 3652 3920 καρ-

380 3915 567 3971 dolore
589 3913 790 3978 aﬂecit,
826 3923 886 3968 ut
916 3913 1005 3983 qui
1042 3927 1266 3982 prorsus
1287 3913 1636 3982 impossibilia
1663 3912 1792 3980 ipsis
1821 3928 1951 3983 pro-

2083 3923 2176 3976 ῐίαν
2204 3923 2544 3993 ἐπάλγωσεν,
2577 3926 2655 3989 ὡς
2689 3929 2819 3998 περὶ
2850 3930 3131 3986 ἀδυνάτων
3155 3935 3249 3988 καὶ
3277 3937 3354 4006 μὴ
3385 3912 3650 4009 τελεσθή-

376 4017 604 4080 poneret
645 4017 699 4064 et
738 4023 857 4077 qua:
886 4015 1148 4076 praestare
1176 4005 1412 4061 nullatus
1441 4005 1710 4062 valerent.
1749 4005 1950 4071 Quam-

2083 4029 2145 4067 ἀι
2188 4014 2389 4069 ἱκανῶς
2434 4016 2668 4086 ἐχόντων
2711 4018 3044 4091 ὑπάρχοντα.
3078 4023 3243 4079 Ὅθεν
3287 4005 3424 4096 πρὸς
3455 4005 3654 4101 βουλήν

375 4102 562 4156 obrem
617 4100 720 4169 ipsi
773 4108 964 4154 coacto
1032 4098 1178 4152 inter
1229 4112 1289 4152 se
1345 4097 1630 4160 concilio,
1686 4096 1949 4150 adversus

2083 4104 2288 4168 aurei);
2323 4106 2797 4177 συναθροίσαντες,
2828 4112 3056 4166 τοιαῦτα
3109 4115 3186 4185 τῷ
3239 4118 3471 4186 βασιλεῖ,
3512 4121 3656 4175 κατά

374 4191 633 4248 Ecclesia:
685 4191 1055 4245 firmissimum
1107 4204 1318 4242 murum
1380 4202 1562 4241 coram
1624 4188 1952 4255 imperatore

2083 4190 2150 4244 ῖοὖ
2194 4193 2291 4262 τῆς
2344 4193 2673 4266 Ἐκκλησίας
2717 4199 2984 4268 προϐόλου
3032 4202 3303 4270 λέγοντες,
3364 4206 3649 4263 ἀπέπτυον

373 4283 492 4338 haec
524 4283 689 4336 verba
749 4281 1040 4349 despuunt.
1075 4277 1503 4346 Haudquaquam
1576 4277 1690 4331 fieri
1753 4284 1950 4346 potest,

2083 4281 2306 4350 δήματα.
2358 4284 2470 4337 Οὐκ
2521 4286 2641 4341 ἔστι
2685 4291 2832 4372 κατά
2871 4289 3064 4346 τοῦτον
3102 4294 3196 4348 τὸν
3246 4295 3404 4363 λόγον
3450 4299 3521 4351 τά
3569 4300 3648 4371 τῷ

375 4374 504 4427 dum
529 4387 618 4427 res
652 4372 725 4426 ita
781 4371 1137 4440 transigatur,
1167 4377 1223 4422 ut
1254 4383 1374 4438 quae
1404 4367 1675 4436 maiestati
1700 4376 1805 4423 tute
1834 4368 1950 4422 visa

2083 4373 2253 4443 εράτει
2303 4393 2397 4428 σου
2446 4367 2752 4450 δεδογμένα
2803 4382 2899 4436 καὶ
2947 4387 3015 4454 τῇ
3075 4386 3387 4461 ἐνδημούσῃ
3440 4367 3646 4463 συνόδιρ

375 4472 530 4529 sunt,
561 4478 626 4517 ac
661 4464 915 4532 praesenti
950 4464 1168 4524 decreta
1203 4460 1435 4531 synodo,
1471 4473 1792 4529 prosperum
1829 4460 1950 4514 exi-

2083 4466 2358 4535 ιεκριμένα
2413 4468 2588 4538 πέρας
2632 4470 2818 4524 λαϐεῖν
2861 4474 3202 4544 ἀμφιδέξιον·
3249 4481 3297 4532 εἰ
3339 4460 3451 4552 γάρ
3491 4460 3646 4554 εὖροι

373 4528 832 4608 tumobtineaut.
867 4549 924 4605 Si
985 4551 1129 4606 enim
1186 4528 1477 4620 unicuique
1535 4561 1750 4620 tempus
1797 4551 1952 4606 detur

2083 4528 2251 4622 εαιρὸν
2272 4557 2305 4626 ἡ
2331 4528 2758 4633 ἑκάστου-ῥοπὴ,
2786 4528 2917 4618 ὅποι.
2935 4528 3532 4640 τρέπεσθαι-βούὶῶῗτο,
3554 4528 3646 4628 ,ῖᾶι

369 4657 473 4714 pro
498 4643 662 4699 animi
695 4642 962 4698 sententia
995 4659 1053 4698 se
1071 4644 1308 4698 vertendi
1342 4659 1451 4713 quo
1477 4642 1626 4709 velit,
1653 4654 1706 4699 et
1733 4644 1824 4709 iis,
1859 4645 1950 4714 qui

2087 4645 2102 4696 ί
2122 4647 2188 4716 τῇ
2215 4645 2403 4718 ἐξορίᾳ
2425 4653 2857 4722 κατακριθέντες
2881 4656 3220 4730 ἀνακομιδῆς
3236 4663 3639 4734 ἐπιτεύξαιντο,

373 4736 573 4791 exsilio
599 4736 839 4790 damnati
868 4745 1018 4801 sunt,
1045 4735 1288 4805 obtingat
1344 4739 1651 4813 revertendi
1699 4737 1948 4802 facultas,

2083 4736 2150 4788 εαὶ
2184 4737 2293 4799 πᾶς
2321 4753 2406 4802 τις
2452 4741 2551 4810 τῆς
2578 4744 2788 4810 οἰκείας
2820 4747 3124 4818 αἱρέσεως,
3161 4755 3435 4824 μηδεμιᾶς
3467 4759 3640 4813 ὑπού-

377 4838 437 4884 et
489 4827 724 4897 proprias
758 4828 1077 4892 voluntatis,
1109 4827 1253 4881 nulla
1295 4829 1343 4880 vi
1408 4831 1696 4894 subeunte,
1744 4832 1951 4884 arbiter

2083 4843 2154 4895 ης
2192 4827 2350 4897 βίας,
2394 4832 2605 4898 γένοιτο
2653 4836 2860 4907 κύριος·
2915 4841 3056 4910 τάχα
3099 4844 3297 4913 γυμνοὶ
3343 4848 3438 4900 καὶ
3486 4849 3638 4917 μόνοι

371 4919 552 4987 quivis
574 4918 691 4984 fiat,
719 4917 846 4972 nudi
882 4916 1062 4973 forsan
1096 4933 1160 4972 ac
1191 4917 1290 4972 soli
1345 4910 1713 4989 relinquemur
1749 4937 1763 4974 :
1797 4919 1944 4972 futu-

2083 4919 2559 4994 τεριλειφθείημεν.
2598 4927 2845 5001 ,Ἐκείνῳ
2889 4931 2998 5002 γὰρ
3030 4910 3184 4987 πᾶσα
3233 4937 3429 5007 γνώμη
3483 4910 3637 4994 ἐκου-

369 5027 493 5067 rum
525 5019 610 5068 est
635 5011 781 5066 enim
814 5019 873 5065 ut
926 5025 1116 5065 omnes
1143 5009 1291 5064 illum
1333 5018 1524 5078 sponte
1550 5025 1644 5065 sua
1679 5024 1947 5080 propense

2083 5009 2352 5083 ἰαζομένη
2385 5014 2457 5077 ὡς
2488 5015 2651 5087 τάχος
2701 5020 3031 5090 συνέψεται,
3084 5025 3178 5078 καὶ
3223 5027 3294 5079 τά
3321 5029 3444 5082 καθ’
3487 5031 3636 5098 ἡμᾶς

368 5111 690 5172 sequantur,
705 5112 761 5157 et
781 5115 867 5157 res
886 5108 1086 5156 nostrae
1105 5100 1252 5156 omni
1271 5099 1543 5154 destitutae
1569 5114 1669 5169 ope
1692 5098 1943 5167 iaceant;

2083 5103 2238 5175 εάσης
2281 5106 2537 5179 βοηθείας
2585 5112 2742 5178 ἐκτὸς
2791 5117 3206 5188 περιστήσεται,
3253 5121 3348 5173 καὶ
3400 5121 3633 5192 μάλιστα

367 5193 495 5252 ideo
524 5193 666 5263 quod
703 5209 822 5248 cum
860 5192 1178 5264 proceribus
1230 5191 1432 5246 nostris
1480 5191 1532 5244 in
1561 5190 1946 5262 disputationis

2085 5195 2151 5266 ὴν
2207 5199 2345 5268 πρὸς
2404 5204 2530 5268 τοὺς
2579 5209 2912 5278 προκρίτους
2968 5211 3312 5284 ἀναινομένῳ
3371 5190 3627 5282 διάλεξιν,

324 5327 330 5344 τ
419 5344 460 5374 “
509 5349 649 5403 Psal.
681 5364 941 5410 cxxxvm,
981 5347 1068 5400 fl.
1631 5436 1661 5489 Χ
1723 5435 1862 5490 ΜΕ
1916 5437 1999 5493 LE

325 5456 337 5494 ἀ
967 5495 969 5497 _
1659 5436 1717 5491 Ἃ
2005 5439 2299 5500 CTIONES

1882 5577 2114 5636 ΝΟΤᾸῧ.

449 5669 1769 5768 ("1.'19.suadisseratur?ltusirjara:31‘:
1801 5669 2014 5729 ίιιηῖσίίε
2043 5679 2221 5745 θεῖιυτ
2255 5678 2308 5735 in
2344 5678 2462 5738 νίιιι
2497 5683 2556 5740 δι
2603 5685 2812 5744 Νίεοιειε
2846 5687 3097 5761 siam.
3155 5707 3278 5768 cap.
3318 5697 3373 5767 ι,
3405 5698 3494 5755 ubi

359 5737 546 5802 ria‘c'x
589 5740 707 5797 Vita
737 5741 794 5797 S.
836 5737 1106 5797 Theodori
1144 5738 1371 5796 Studitze
1399 5739 1794 5796 adnotavimus.

458 5512 485 5551 ε
521 5510 617 5564 Ms.
652 5512 940 5564 καθιεῖται.
