3980 6140
318 273 418 342 121

1847 272 2024 341 VITA

3480 247 3656 353 122'

311 392 477 445 τοῦτο
510 389 622 462 γὰρ
668 390 730 444 οὐ
758 388 858 461 τὴν
900 390 1173 461 τυχοῦσαν
1205 389 1518 462 ἀνατροπὴν
1546 393 1678 463 ήμῐν
1703 393 1900 463 προξε-

2013 407 2236 449 arenam
2257 396 2590 452 descendere
2620 404 2836 463 renuat,
2861 399 3003 466 quod
3031 413 3137 465 quo
3169 398 3378 454 facilius
3429 405 3578 470 gravi

312 488 557 558 νήσειεν.
601 485 760 550 ’Δλις
787 478 882 538 οὖν
906 485 1008 554 τῆς
1040 483 1418 555 προκλήσεως·
1446 484 1547 554 ήδη
1570 482 1678 554 γὰρ
1711 483 1902 555 τρίτην

313 574 554 647 ταυτηνὶ
615 575 938 647 προτροπὴν
987 575 1340 645 πεποιήμεθα
1385 575 1522 644 πρὸς
1570 573 1754 637 αὐτὸν,
1807 575 1905 628 καὶ

317 667 583 738 αὐθαδείᾳ
609 666 936 734 πειθόμενος
957 667 1058 720 οὐκ
1081 667 1420 737 ἀπήντηκεν.
1458 664 1621 732 Ἀλλ’,
1657 667 1706 719 εί
1735 665 1903 730 δοκεῖ,

320 760 576 830 συνοδικῇ
621 759 884 828 αὐθεντίᾳ
921 758 1292 828 χρησάμενοι,
1338 755 1405 809 τὰ
1452 759 1564 819 τοῖς
1617 755 1906 810 ἀπειθοῦσι

319 847 461 917 δῆλα
487 848 576 900 διὰ
607 847 940 916 γράμματος
971 845 1121 915 αὐτῷ
1146 847 1618 914 καταστήσαιμεν,
1658 845 1906 915 ἀπαντῆ-

322 955 424 992 σαι
477 939 574 991 καὶ
621 937 1088 1006 ἀπολελογῆσθαι,
1125 937 1268 1006 ὑπὲρ
1314 930 1388 988 ὧν
1425 937 1457 1006 ἡ
1510 935 1730 998 σύνοδος
1783 935 1904 988 κατ’

321 1028 496 1083 αὑτοῦ
527 1029 874 1096 ὲγκέκληται.
907 1029 1220 1098 Γράφουσιν
1247 1027 1340 1081 οῦν
1374 1045 1495 1081 τινα
1524 1027 1778 1080 ταπεινὸν
1814 1009 1911 1081 καὶ

326 1121 640 1192 χωλεύοντα
668 1122 836 1191 τόμον
865 1120 1004 1190 πρὸς
1027 1120 1120 1174 τὸν
1141 1120 1252 1189 ,τῆς
1290 1106 1626 1198 Ἐκκλησίας
1644 1120 1908 1191 ἀρχηγὸν,

323 1212 444 1273 τοῖς
467 1211 907 1280 ἀχειροτονήτοις
940 1211 1279 1279 παρεστάναι
1307 1208 1623 1272 κελεύοντα,
1654 1209 1750 1260 καὶ
1781 1209 1912 1277 περὶ

323 1299 442 1352 τῶν
473 1297 886 1368 βεϐουλημένων
917 1299 1100 1361 αὐτοῖς
1130 1297 1525 1351 διευθύνεσθαι.
1561 1299 1656 1351 Ὃν
1692 1300 1915 1366 ἐπιφορ-

323 1387 583 1450 τίσαντες
609 1387 932 1450 ἐπισκόποις
962 1388 1072 1440 τισὶ
1098 1387 1194 1440 καὶ
1227 1387 1514 1457 κληρικοῖς
1534 1426 1547 1450 ,
1580 1386 1913 1456 χειροτονίας

324 1479 468 1547 ἄτερ
507 1477 858 1547 τυγχάνουσι,
885 1478 1021 1546 πρὸς
1048 1477 1139 1531 τὸν
1167 1479 1465 1548 λαμπτῆρα
1481 1478 1580 1547 τῆς
1602 1477 1913 1548 ὀρθοδοξίας

326 1568 717 1638 ἐκπέμπουσι,
764 1569 1126 1636 συζεύξαντες
1190 1569 1376 1632 αὐτοῖς
1418 1568 1574 1639 ὖχλον
1622 1566 1912 1639 ἀγυρτώδη

327 1660 430 1712 καὶ
458 1661 716 1730 ἀγοραῖον
740 1661 954 1730 καὶτῆς
987 1660 1168 1714 αὐτῶν
1202 1659 1486 1730 βδελυρίας
1533 1658 1776 1724 ἐπάξιον.
1823 1659 1913 1722 Ὡς

2006 499 2106 541 nos
2131 485 2329 542 damno
2356 487 2572 542 alliciat.
2591 486 2735 542 Satis
2779 502 2906 559 ergo
2931 491 3069 558 quod
3097 489 3376 556 hucusque
3420 493 3580 546 obse-

2007 580 2282 635 cravimus
2331 580 2480 647 :jam
2523 581 2665 634 enim
2706 579 2867 636 tertio
2889 596 3011 634 eum
3033 581 3230 634 hortati
3249 597 3457 646 sumus,
3481 597 3582 637 nec

2008 669 2097 725 ille
2123 671 2419 723 temeritati
2455 685 2566 724 suae
2593 669 2906 734 obsecutus,
2935 679 2986 723 ut
3023 670 3128 724 sibi
3180 670 3399 724 suaderi
3433 673 3583 726 sine-

2010 767 2111 824 ret,
2141 759 2425 812 induxitin
2483 760 2748 812 animum.
2785 756 2964 822 Quare
2997 755 3262 825 synodali,
3291 757 3334 810 si
3384 757 3580 824 placet,

2010 849 2337 903 auctoritate
2368 850 2474 914 nsi,
2502 864 2620 916 quae
2653 847 3027 916 pervicacibus
3051 848 3356 914 denuntiari
3384 845 3579 907 solent,

1973 953 1976 992 :
2013 941 2124 994 bzec
2145 941 2192 994 ei
2220 941 2420 1009 scripto
2448 951 2573 994 nota
2606 940 2906 1004 faciamus;
2932 948 2990 992 ut
3016 947 3335 1004 compareat
3364 952 3578 1006 nempe,

2012 1039 2066 1084 et
2095 1032 2160 1084 de
2189 1032 2383 1099 quibus
2412 1032 2670 1085 adversus
2705 1047 2825 1084 cum
2874 1030 3114 1099 synodus
3149 1027 3422 1095 querelam
3465 1041 3582 1078 mo-

2013 1129 2119 1184 vet,
2153 1118 2474 1173 satisfaciat.
2499 1119 2759 1174 Scribunt
2799 1133 2899 1188 ego
2939 1117 3096 1170 vilem
3153 1132 3217 1170 ac
3261 1116 3579 1168 claudican-

2015 1220 2120 1265 tem
2160 1219 2362 1264 tomum
2411 1210 2478 1262 ad
2530 1208 2786 1262 Ecclesiae
2833 1209 3338 1277 praesnlem,eoqne
3390 1205 3586 1273 jnbent

2013 1310 2071 1355 ιιι
2097 1302 2204 1355 illis
2251 1316 2312 1356 se
2349 1303 2532 1366 sistat,
2558 1301 2650 1370 qui
2691 1301 2976 1354 ordinibus
3005 1299 3200 1352 initiati
3251 1313 3357 1351 non
3394 1305 3572 1359 erant,

2014 1401 2068 1444 et
2096 1405 2308 1456 eorum,
2362 1406 2482 1458 qua:
2539 1392 2640 1459 ipsi
2701 1389 3011 1453 voluerunt,
3037 1387 3226 1440 reddat
3285 1385 3578 1437 rationem.

2015 1481 2170 1536 llune
2228 1481 2466 1536 libellum
2515 1482 2839 1549 quibusdam
2883 1479 3174 1547 episcopis,
3237 1475 3579 1542 clericisque,

2015 1574 2106 1642 qui
2141 1587 2266 1628 vere
2324 1572 2471 1627 nullo
2513 1571 2749 1626 clericali
2809 1570 3144 1633 charactere,
3173 1576 3266 1620 aut
3295 1563 3585 1635 episcopali

2016 1664 2183 1718 infula
2244 1663 2425 1717 donati
2481 1672 2686 1728 essent,
2719 1660 3144 1723 committentes,
3195 1655 3471 1710 destinant
3517 1654 3586 1705 ad

326 1750 391 1803 δὲ
437 1725 545 1819 πρὸ
569 1725 760 1804 πυλῶν
795 1725 920 1805 τοῦ-
947 1753 1046 1822 τῆς
1087 1725 1502 1822 ἀρχιερωσύνης
1552 1750 1910 1822 σκηνώματος

2015 1765 2175 1810 rectae
2207 1755 2326 1810 fidei
2379 1754 2771 1809 lucidissimam
2819 1751 3016 1813 facem,
3043 1765 3164 1804 cum
3220 1744 3588 1800 tumultuariae

277 1906 280 1908 _
327 1841 595 1911 ἔστησαν,
615 1843 885 1920 ἀνηνέχθη
914 1842 994 1922 τῷ
1025 1845 1248 1916 μεγάλῳ
1274 1845 1521 1916 ἀρχιερεῖ
1549 1843 1611 1896 τὸ
1637 1843 1739 1913 τῆς
1769 1861 1911 1914 παρ-

325 1933 526 1996 ουσίας
579 1933 760 1988 αὐτῶν
807 1935 1220 2005 φορτικώτατον
1286 1937 1534 2005 μήνυμα.
1592 1934 1653 1986 '0
1706 1934 1764 1988 δὲ
1818 1935 1914 1987 καὶ

329 2023 474 2092 πρὸς
517 2024 686 2095 αὐτὴν
732 2023 830 2095 τὴν
877 2025 988 2080 τῶν
1018 2026 1396 2096 ,κακοφρόνων
1446 2026 1577 2080 θέαν
1611 2026 1914 2096 ἀχθόμενος

330 2113 583 2184 (τοιοῦτο
615 2117 722 2186 γὰρ
756 2119 814 2170 αί
860 2116 1101 2188 καθαραὶ
1154 2117 1366 2185 φύσεις,
1393 2119 1530 2188 πρὸς
1579 2120 1690 2172 πᾶν
1732 2118 1914 2174 ὁτιοῦν

328 2203 633 2277 ἀλλοτρίως
663 2207 760 2278 τῆς
790 2207 1048 2278 ἀληθείας
1081 2208 1204 2279 ἔχον
1235 2207 1638 2281 ἀηδιζόμεναι),
1669 2210 1768 2264 οὐκ
1798 2205 1912 2280 εἶχε

330 2294 567 2368 γνώμης
592 2297 772 2361 αὐτοῖς
807 2300 887 2361 είς
930 2299 1149 2370 ὁμιλίαν
1181 2301 1376 2354 ἐλθεῖν.
1420 2300 1689 2372 Ἀκουσίῳ
1715 2303 1773 2356 δὲ
1822 2301 1915 2374 βίᾳ

331 2389 666 2456 νυσσόμενος
699 2389 803 2442 ὑπὸ
829 2388 921 2442 τοῦ
956 2390 1392 2461 πεπιστευμένου
1421 2391 1520 2461 τήν
1550 2392 1716 2446 αὐτοῦ
1749 2410 1915 2463 φρου-

337 2475 444 2546 ρὰν
479 2477 793 2548 πατρικίου,
829 2479 906 2550 μὴ
935 2479 1284 2550 ἀποπέμπειν
1319 2479 1542 2543 τούτους
1565 2482 1646 2543 είς
1673 2481 1914 2534 τούπίσω

332 2567 659 2636 ἀπράκτους
683 2567 1098 2637 καταινοῦντος,
1125 2569 1224 2641 ὀψὲ
1259 2571 1354 2624 καὶ
1389 2569 1544 2639 μόλις
1597 2570 1784 2633 αὐτοῖς
1813 2570 1914 2624 έπ-

332 2657 523 2729 αφῆκε
551 2658 650 2728 τὴν
681 2659 906 2713 εἴσοδον.

408 2923 514 2994 ξγη
550 2925 693 2979 Εῐσω
719 2925 778 2978 δὲ
806 2924 1156 2996 γενομένους,
1189 2924 1313 2977 οὐδὲ
1345 2925 1408 2977 τὸ
1439 2923 1537 2994 τῆς
1589 2922 1747 2977 νόσου
1787 2922 1915 2986 τοὺς

2011 1863 2075 1902 ac
2109 1844 2557 1900 circumforaneae
2609 1842 2981 1898 multitudinis
3007 1841 3188 1903 turba,
3213 1837 3586 1906 quaeipsornm

2013 1937 2296 1992 dementiae
2329 1937 2599 2005 particeps
2628 1950 2688 1989 se
2720 1935 2799 1989 eis
2851 1932 3194 2000 adiunxerat.
3219 1946 3222 1948 ·
3251 1929 3352 1984 Ubi
3405 1939 3586 1980 autem

2013 2042 2111 2098 pro
2141 2026 2462 2097 episcopalis
2510 2025 2848 2080 tabernaculi
2907 2023 3117 2076 foribus
3182 2020 3493 2081 astiterunt,
3535 2023 3591 2068 et

2015 2119 2280 2173 adventus
2335 2117 2552 2171 illorum
2597 2115 2924 2171 durissimus
2960 2111 3182 2166 nuntius
3232 2107 3410 2178 magni
3445 2121 3584 2174 pon-

2016 2205 2180 2261 tificis
2201 2221 2362 2260 aures
2385 2205 2638 2275 pulsavit,
2684 2219 2806 2259 cum
2857 2203 3022 2256 etiam
3074 2201 3247 2269 ipsum
3299 2195 3438 2250 male
3463 2209 3592 2248 sen-

2016 2298 2263 2352 tientium
2322 2305 2601 2365 aspectum
2672 2309 2814 2363 aegre
2875 2293 3045 2347 ferret
3105 2286 3392 2358 (ejusmodi
3443 2283 3585 2338 enim

2016 2398 2140 2446 sunt
2163 2403 2313 2459 purae
2349 2397 2586 2452 mentes,
2613 2395 2674 2440 ut
2707 2383 2969 2455 quidquid
3013 2382 3249 2436 alienum
3293 2393 3323 2432 a
3359 2376 3592 2430 veritate

2014 2490 2120 2546 est,
2152 2481 2205 2536 id
2253 2480 2409 2550 plane
2451 2479 2735 2534 molestum
2767 2478 2838 2532 sit
2872 2490 2950 2554 ac.
2973 2470 3247 2542 insuave),
3279 2471 3593 2526 decreverat

2015 2574 2198 2628 animo
2221 2587 2448 2643 prorsus
2483 2585 2576 2626 eos
2607 2585 2712 2625 non
2763 2567 2986 2636 alloqui.
3011 2566 3252 2635 Cogente
3273 2572 3450 2617 tamen
3491 2573 3590 2628 pa-

2017 2663 2194 2728 tricio,
2229 2661 2312 2716 cui
2329 2660 2576 2722 custodia
2602 2658 2719 2727 ejus
2735 2656 3030 2712 commissa
3051 2663 3192 2716 erat,
3219 2665 3284 2704 ne
3311 2651 3392 2704 sic
3421 2647 3577 2702 missi

2015 2769 2075 2808 re
2100 2753 2297 2808 infecta
2332 2760 2759 2814 reverterentur,
2791 2761 2916 2803 sero
2932 2754 2987 2802 et
3016 2744 3105 2798 vix
3132 2741 3348 2796 tandem
3375 2737 3591 2807 ingredi

2015 2844 2137 2900 illos
2166 2845 2435 2915 permisit.

2087 2935 2176 2990 65.
2209 2932 2478 3004 Ingressis
2535 2939 2743 2995 autem,
2776 2943 2847 2984 ne
2882 2925 3057 2982 morbi
3092 2923 3311 2994 quidem
3337 2917 3592 2976 molestia

333 3017 608 3081 δειλαίους
637 3016 856 3088 κατῄδει
877 3017 1160 3082 δυσαλθὲς,
1191 3015 1325 3070 ἀλλά
1348 3018 1414 3087 τῇ
1446 3014 1730 3086 συντρόφῳ
1757 3013 1914 3068 ἀναι-

2020 3026 2237 3083 miseris
2266 3023 2615 3081 bomunculis
2640 3021 2903 3092 pudorem
2959 3017 3175 3088 injecit;
3213 3015 3342 3084 quin
3398 3011 3592 3067 inolita

333 3108 461 3178 δείᾳ
491 3109 848 3179 χρησάμενοι,
879 3109 946 3162 τά
975 3107 1055 3179 τῷ
1077 3107 1268 3178 ἀτόμῳ
1287 3106 1482 3176 ἐκείνῳ
1507 3105 1659 3176 τόμῳ
1685 3118 1920 3176 κεχαρα-

339 3200 522 3274 γμένα
541 3203 820 3272 τραγικῶς
847 3203 1023 3255 εἰπεῖν
1052 3200 1439 3271 ὑπεκρίναντο.
1479 3198 1638 3252 Κατὰ
1667 3198 1784 3262 σοῦ,
1816 3214 1922 3267 φη-

339 3294 452 3358 σὶν,
481 3291 757 3356 λιὸέλλους
788 3293 822 3364 ἡ
854 3291 1072 3355 σύνοδος
1107 3290 1400 3361 δεξαμένη,
1440 3288 1579 3361 πρὸς
1607 3288 1766 3342 λύσιν
1793 3289 1920 3342 τού-

337 3398 485 3446 των,
542 3383 724 3451 πάσης
773 3382 933 3445 ὲκτδς
994 3381 1364 3451 ἀμφιλογίας,
1421 3379 1764 3451 παρέσεσθαι
1824 3379 1922 3434 καὶ

338 3472 728 3540 ἀπολογεῖσθαι
761 3472 974 3543 τρανῶς
1007 3472 1349 3529 ἐδικαίωσεν.
1393 3471 1567 3542 Πρινὴ
1610 3470 1703 3524 οῦν
1743 3472 1777 3540 ή
1820 3470 1922 3540 τῆς

341 3563 674 3631 ἀποφάσεως
723 3564 993 3636 αὖστηρία
1034 3563 1270 3617 διαϐᾶσα
1307 3562 1679 3634 καθαιρέσεως
1727 3563 1922 3632 ἐγκλή-

345 3671 517 3725 μασιν
546 3656 892 3722 ὐποόάλοιτε,
937 3657 1076 3728 πρὸς
1107 3657 1169 3710 τὸ
1197 3659 1265 3727 τῇ
1300 3655 1504 3725 συνόδῳ
1534 3655 1630 3708 καὶ
1656 3654 1736 3724 τῷ
1762 3650 1918 3724 βασι-

341 3744 428 3798 λεῖ
479 3747 668 3800 δοκοῦν
724 3747 1044 3815 μετατίθεσο
1087 3748 1378 3818 φρόνημα,
1431 3741 1921 3817 συμφθεγξάμενος

338 3837 481 3904 ἡμῖν
501 3837 596 3890 καὶ
622 3839 1089 3909 όμογνωμονήσας
1117 3839 1248 3910 περὶ
1271 3841 1373 3910 τῆς
1393 3837 1504 3891 τῶν
1534 3839 1760 3892 εἰκόνων
1781 3839 1919 3892 ἀπο-

337 3929 556 3998 τροπῆς
578 3947 639 3982 τε
661 3930 757 3982 καὶ
789 3931 1174 4002 ἀπαρνήσεως’
1199 3929 1345 3984 οὕτω
1378 3931 1487 4001 γὰρ
1515 3930 1670 3984 ἔσται
1691 3931 1782 3983 τὸν
1810 3931 1920 3984 τῶν

340 4016 602 4071 λισέλλων
642 4019 1444 4090 ἀποδιαπομπείσθαι-μῶμονο
1484 4019 1517 4090 ἢ
1564 4022 1624 4083 ἐς
1665 4021 1918 4073 πλεῖστον

338 4108 776 4179 ἀπαναινόμενον
810 4112 905 4163 καὶ
943 4110 1432 4182 έτεροφρονοῦντα,
1475 4112 1576 4183 τῆς
1615 4111 1723 4165 τῶν
1749 4113 1918 4180 ἐγκα-

337 4200 582 4255 λούντων
609 4202 796 4274 ἔνοχον
823 4201 961 4258 εἶναι
991 4206 1180 4274 σαφῶς
1211 4206 1574 4276 ἐπικλήσεως,
1604 4206 1672 4278 ἣν
1698 4208 1799 4262 οὐκ
1827 4207 1920 4262 άλ-

336 4290 451 4356 λως
482 4294 884 4366 ἀποτρίψασθαι
913 4297 1161 4361 δυνατὸν,
1191 4297 1266 4368 μὴ
1296 4297 1420 4367 οὐχὶ
1450 4297 1591 4352 κατὰ
1622 4299 1918 4369 πρόσωπον

2019 3115 2367 3187 improbitate
2427 3113 2535 3178 usi,
2603 3125 2723 3181 quae
2796 3107 2984 3164 infami
3017 3105 3110 3160 illo
3167 3113 3311 3159 tomo
3369 3107 3591 3154 exarata

2020 3218 2197 3272 erant,
2229 3221 2352 3262 eum
2406 3205 2639 3275 quadam
2684 3197 3177 3258 commiserationis
3205 3192 3389 3264 specie
3430 3189 3584 3258 loqui

2020 3294 2079 3357 se
2120 3299 2408 3369 ﬁngerent,
2440 3280 2714 3363 Acceptis,
2743 3291 2914 3354 aiunt,
2948 3289 3208 3343 adversus
3256 3293 3310 3337 te
3364 3279 3588 3342 libellis,

2020 3389 2282 3462 synodus,
2318 3397 2378 3442 ut
2401 3385 2613 3453 objecta
2637 3381 2929 3443 dissolvas,
2961 3377 3109 3434 o'mni
3139 3371 3592 3445 tergiversatione

2021 3491 2226 3538 semota
2259 3481 2452 3535 adesse
2479 3486 2530 3531 te
2551 3485 2608 3532 et
2647 3476 2795 3531 clare
2843 3471 3171 3541 respondere
3209 3466 3384 3534 jubet.
3441 3462 3590 3528 Qua-

2019 3581 2240 3644 propter
2268 3573 2585 3639 priusquam
2616 3555 3384 3633 condemnationisdistrictio
3424 3553 3591 3620 depo-

1976 3701 1980 3706 ι
2020 3663 2233 3720 sitionis
2254 3673 2306 3717 te
2332 3675 2507 3732 pcenae
2527 3657 2802 3728 subjiciat,
2825 3664 2972 3710 tuam
2997 3668 3027 3708 e
3059 3649 3272 3723 synodi,
3294 3655 3459 3716 atque
3487 3644 3591 3698 im-

2019 3753 2290 3826 peratoris
2323 3750 2594 3807 sententia
2643 3745 2976 3802 sententiam
3011 3752 3183 3806 muta,
3215 3745 3276 3792 ut
3311 3737 3451 3790 idem
3493 3747 3591 3787 no-

2021 3829 2228 3902 biscum'
2256 3845 2464 3900 sentias
2506 3849 2668 3909 atque
2692 3839 2925 3900 doceas;
2953 3831 3278 3888 evertendas
3333 3827 3589 3881 nimirum

2021 3952 2142 3994 esse
2172 3935 2432 4005 imagines
2465 3942 2518 3987 et
2554 3931 2866 3992 simulacra,
2904 3938 3205 3992 earumque
3254 3934 3412 3974 usum
3459 3917 3591 3970 abo-

1979 4087 1982 4092 ,
2020 4029 2235 4084 lendum
2271 4043 2285 4079 :
2314 4025 2394 4078 sic
2419 4037 2654 4092 namque
2678 4019 2984 4088 impositum
3008 4031 3104 4084 per
3140 4012 3348 4066 libellos
3384 4010 3591 4062 crimen

2020 4121 2202 4177 licebit
2239 4115 2529 4187 depellere.
2589 4111 2684 4166 Sin
2742 4120 2919 4166 autem
2971 4104 3368 4162 contentiosius
3408 4099 3593 4154 renuis

2020 4209 2288 4268 contraria
2314 4207 2558 4262 sentiens
2577 4247 2592 4271 ,
2631 4200 3004 4258 accusantium
3025 4193 3374 4267 appellationi
3407 4190 3587 4260 palam

2019 4303 2130 4359 eris
2153 4299 2438 4362 obnoxius,
2467 4311 2630 4367 quam
2650 4293 2765 4349 fieri
2829 4290 3020 4360 nequit
3046 4297 3108 4342 ut
3136 4283 3434 4362 amoliaris,
3477 4279 3585 4333 nisi

340 4385 560 4455 στῆναι,
597 4387 690 4440 καὶ
720 4389 849 4459 περὶ
881 4381 926 4455 ᾧ
955 4391 1004 4442 oi.
1041 4389 1255 4461 έλεγχοι
1293 4389 1690 4445 διευθύνεσθαι.
1731 4391 1914 4445 Ταῦτα

2023 4404 2075 4452 te
2100 4408 2284 4450 coram
2308 4392 2492 4456 sistas,
2527 4402 2591 4443 ac
2634 4388 2701 4442 de
2725 4383 2950 4468 objectis
2975 4378 3256 4449 judiceris.
3300 4373 3425 4428 llaec
3477 4369 3591 4438 lupi

337 4479 388 4529 οί
421 4477 544 4530 ἀντὶ
590 4479 866 4549 ποιμένων
908 4480 1062 4534 λύκοι
1095 4482 1175 4551 τῷ
1204 4471 1555 4552 ἀρχιποίμενι
1602 4481 1682 4536 τὰν
1714 4481 1918 4552 παλίμ-

338 4584 502 4638 φημα
541 4569 1082 4642 παραφθεγξάμενοι,
1119 4573 1213 4626 καὶ
1250 4573 1342 4625 ὑπ’
1369 4573 1556 4626 ὀδόντα
1587 4589 1704 4635 πως
1737 4573 1916 4642 διαψιο

337 4657 665 4728 θυρίσαντες
716 4661 944 4732 παίγνια
997 4663 1110 4735 (οὐ
1163 4663 1273 4736 γὰρ
1329 4663 1550 4717 ἔσθενον
1598 4663 1793 4734 ἐκείνῳ
1839 4661 1918 4732 τῷ

333 4746 715 4822 καθαρωτάτῳ
754 4751 836 4805 νοῒ
864 4753 1002 4823 μετά
1031 4752 1348 4824 παρρησίας
1375 4753 1648 4805 ἀντωπεῖν
1682 4751 1715 4821 ἢ
1743 4768 1914 4821 προσ-

334 4837 741 4913 φθέγγεσθαι),
772 4846 895 4913 σιγῇ
946 4844 1006 4896 τὸ
1048 4844 1148 4911 τῆς
1193 4844 1465 4914 ἐντροπῆς
1507 4841 1915 4912 έγκαλύψαντες

331 4926 549 5003 αἶσχος,
582 4934 679 5004 τὴν
703 4933 1043 5006 βεϐυσμένην
1063 4935 1300 5006 ἔστησαν
1327 4936 1509 4989 αὐτῶν
1534 4935 1728 5005 ἀκοὴν,
1769 4937 1912 5004 ίμει-

338 5025 581 5093 ρόμενοι,
627 5027 722 5081 καὶ
767 5028 817 5080 εί
848 5027 1132 5098 δυσμενεῖς
1177 5029 1519 5099 τυγχάνοιεν,
1561 5027 1914 5092 εἰσδέξασθαι

331 5113 400 5168 τδ
424 5117 579 5188 ποιρά
602 5117 702 5187 τῆς
739 5119 951 5172 ἐκείνου
1001 5119 1247 5189 γλώττης
1286 5119 1517 5190 ήδυεπὲς
1557 5119 1908 5190 ἐπιφώνημα.

329 5303 463 5363 τοὺς
495 5300 847 5378 ὑποφθάσας,
877 5301 1059 5367 ἔλεξεν
1086 5294 1207 5356 ὧδε·
1241 5303 1338 5365 Τίς
1373 5297 1525 5366 οὗτος
1565 5302 1593 5354 ό
1632 5301 1909 5364 λιὸέλλους

332 5393 470 5464 ήμῐν
506 5394 761 5446 ἐπισείων
795 5393 890 5447 καὶ
932 5393 1031 5457 τὰς
1060 5393 1185 5446 καθ’
1217 5393 1376 5463 ἡμῶν
1409 5392 1714 5460 ἐναγωγάς,
1740 5394 1910 5446 εἰσδε-

330 5486 605 5558 χόμενος;
672 5487 842 5550 Ποίας
899 5486 1305 5558 πατριαρχικῆς
1361 5485 1624 5556 καθέδρας
1688 5484 1906 5556 εῠχεται

333 5567 482 5628 εἶναι
521 5575 815 5648 πρόεδρος;
848 5577 1014 5640 Ποίας
1048 5576 1415 5647 ποιμαντικῆς
1447 5576 1724 5646 φροντίδος
1760 5577 1908 5628 ἐπει-

328 5662 616 5736 λημμένος
660 5671 969 5732 κανονικαῐς
995 5669 1385 5739 ὲνοχαῖςήμᾶς
1409 5667 1778 5738 ὑποὸέδ).ηκεν
1801 5685 1819 5734 ;
1840 5668 1904 5723 El

1979 4529 1982 4534 ι
2019 4495 2294 4558 pastorum
2323 4482 2531 4546 habitu,
2562 4489 2842 4549 pastorum
2879 4463 3110 4544 principi
3142 4465 3461 4524 inconcinne
3505 4463 3594 4516 lo-

2018 4555 2152 4643 cuti,
2183 4585 2238 4631 et
2265 4575 2471 4630 ludicra
2494 4572 2748 4640 quaedam
2797 4567 3050 4622 dentibus
3079 4567 3428 4616 susurrantes
3458 4555 3590 4624 (non

2016 4670 2161 4725 enim
2193 4672 2444 4737 poterant
2488 4663 2792 4732 purissima:
2827 4659 2914 4714 illi
2941 4655 3110 4712 menti
3148 4669 3212 4708 ex
3269 4652 3496 4705 adverso
3523 4646 3591 4698 li-

2015 4757 2162 4812 beris
2198 4736 2386 4810 oculis
2441 4753 2633 4817 obniti,
2688 4757 2780 4803 aut
2811 4748 2860 4802 ei
2910 4746 3088 4816 palam
3152 4738 3320 4810 loqui)
3370 4736 3588 4792 silentio

2016 4847 2340 4916 obtegebant
2367 4859 2479 4899 sure
2525 4840 2862 4898 confusionis
2890 4839 3171 4906 probrum,
3203 4842 3257 4887 et
3306 4832 3590 4886 obturatas

2015 4937 2365 4994 continebant
2421 4951 2626 5000 aures;
2657 4932 2761 4988 etsi
2809 4930 3010 4998 alioqui
3037 4922 3436 4981 infensissimos
3469 4918 3590 4972 illos

1973 5029 2279 5098 .melliﬂua:
2320 5028 2516 5097 lingua:
2570 5027 2712 5082 illius
2776 5035 3036 5093 respousa
3087 5013 3340 5072 audiendi
3391 5009 3586 5080 cupido

1974 5176 1981 5180 _
2014 5122 2350 5177 incessisset.

407 5209 503 5276 ξδ’.
548 5210 606 5264 '0
641 5211 730 5277 δὲ,
765 5212 945 5266 καίτοι
976 5215 1042 5283 τῇ
1072 5213 1212 5284 νόσῳ
1243 5213 1599 5284 τρυχόμενος,
1633 5212 1771 5282 πρὸς
1810 5213 1911 5265 αὐ·
1983 5267 1985 5270 ,

2084 5212 2172 5267 64.
2204 5211 2274 5265 At
2312 5218 2570 5271 sanctus,
2609 5217 2918 5276 quanquam
2973 5195 3310 5268 aegritudinis
3353 5193 3404 5246 vi
3429 5199 3584 5273 attri—

2013 5311 2120 5365 tus,
2157 5302 2368 5371 objecta
2419 5299 2704 5366 occupavit
2735 5305 2789 5351 et
2819 5295 2869 5348 in
2913 5296 3056 5347 hunc
3102 5290 3217 5343 fere
3246 5286 3464 5340 modum
3497 5298 3584 5336 ar-

2011 5397 2125 5467 guit
2164 5413 2178 5449 :
2220 5393 2479 5460 Quisnam
2527 5405 2658 5444 vero
2690 5387 2892 5454 estqui
2944 5382 3102 5438 nobis
3136 5378 3351 5434 libellos
3408 5377 3588 5430 inten-

1959 5485 1962 5487 ’
2011 5489 2144 5542 dens
2203 5485 2405 5539 actoris
2458 5483 2511 5535 in
2572 5495 2672 5534 nos
2733 5486 2918 5546 partes
2978 5471 3244 5540 suscipit?
3289 5469 3582 5538 Cujusnam

1970 5623 1976 5630 .
2010 5574 2432 5640 Ecclesiae,.quae
2459 5566 2806 5640 patriarcbali
2839 5563 3099 5634 dignitate
3123 5559 3344 5629 fulgeat,
3374 5573 3584 5628 praesn-

2011 5667 2114 5721 lem
2174 5682 2234 5722 se
2308 5679 2428 5720 esse
2483 5659 2784 5732 gloriatur?
2839 5657 2956 5724 Qua
3017 5662 3268 5723 suscepta
3325 5647 3587 5721 pastorali
