  <div class='ocr_page' id='page_1' title='image "/cluster/home/n/w/nwhite01/storage/ocr_20150623/100/mdp.39015005675668/069.png"; bbox 0 0 3980 6140; ppageno 0'>
   <div class='ocr_carea' id='block_1_1' title="bbox 383 264 541 328">
    <p class='ocr_par' dir='ltr' id='par_1_1' title="bbox 383 264 541 328">
     <span class='ocr_line' id='line_1_1' title="bbox 383 264 541 328; baseline 0 0"><span class='ocrx_word' id='word_1_1' title='bbox 383 301 389 309; x_wconf 95' lang='grc'><strong>-</strong></span> <span class='ocrx_word' id='word_1_2' title='bbox 422 264 541 328; x_wconf 69' lang='grc'><strong>’123</strong></span> 
     </span>
    </p>
   </div>
   <div class='ocr_carea' id='block_1_2' title="bbox 1432 254 2656 329">
    <p class='ocr_par' dir='ltr' id='par_1_2' title="bbox 1432 254 2656 329">
     <span class='ocr_line' id='line_1_2' title="bbox 1432 254 2656 329; baseline -0.005 -5"><span class='ocrx_word' id='word_1_3' title='bbox 1432 265 1497 329; x_wconf 92' lang='lat' dir='ltr'><strong>S.</strong></span> <span class='ocrx_word' id='word_1_4' title='bbox 1533 260 1956 324; x_wconf 84' lang='lat' dir='ltr'><strong>NICEPHORI</strong></span> <span class='ocrx_word' id='word_1_5' title='bbox 1992 254 2505 319; x_wconf 68' lang='lat' dir='ltr'><strong>PATRIARCHIE</strong></span> <span class='ocrx_word' id='word_1_6' title='bbox 2543 256 2656 318; x_wconf 81' lang='lat' dir='ltr'><strong>GP.</strong></span> 
     </span>
    </p>
   </div>
   <div class='ocr_carea' id='block_1_3' title="bbox 3617 250 3719 316">
    <p class='ocr_par' dir='ltr' id='par_1_3' title="bbox 3617 250 3719 316">
     <span class='ocr_line' id='line_1_3' title="bbox 3617 250 3719 316; baseline 0.029 -3"><span class='ocrx_word' id='word_1_7' title='bbox 3617 250 3719 316; x_wconf 71' lang='grc'><strong>124</strong></span> 
     </span>
    </p>
   </div>
   <div class='ocr_carea' id='block_1_4' title="bbox 433 362 2025 443">
    <p class='ocr_par' dir='ltr' id='par_1_4' title="bbox 433 368 2012 443">
     <span class='ocr_line' id='line_1_4' title="bbox 433 368 2012 443; baseline -0.005 -14"><span class='ocrx_word' id='word_1_8' title='bbox 433 388 589 438; x_wconf 85' lang='lat' dir='ltr'><strong>cura,</strong></span> <span class='ocrx_word' id='word_1_9' title='bbox 624 371 902 428; x_wconf 73' lang='lat' dir='ltr'><strong>canonicis</strong></span> <span class='ocrx_word' id='word_1_10' title='bbox 929 382 1032 426; x_wconf 89' lang='lat' dir='ltr'><strong>nos</strong></span> <span class='ocrx_word' id='word_1_11' title='bbox 1071 371 1248 443; x_wconf 64' lang='lat' dir='ltr'><strong>poenis</strong></span> <span class='ocrx_word' id='word_1_12' title='bbox 1287 370 1621 440; x_wconf 72' lang='lat' dir='ltr'><strong>sublicitYSi</strong></span> <span class='ocrx_word' id='word_1_13' title='bbox 1669 371 1717 426; x_wconf 89' lang='lat' dir='ltr'><strong>is</strong></span> <span class='ocrx_word' id='word_1_14' title='bbox 1755 368 2012 438; x_wconf 80' lang='lat' dir='ltr'><strong>appellet,</strong></span> 
     </span>
    </p>
   </div>
   <div class='ocr_carea' id='block_1_5' title="bbox 2129 362 3717 443">
    <p class='ocr_par' dir='ltr' id='par_1_5' title="bbox 2129 362 3717 436">
     <span class='ocr_line' id='line_1_5' title="bbox 2129 362 3717 436; baseline -0.001 -18"><span class='ocrx_word' id='word_1_15' title='bbox 2129 364 2269 435; x_wconf 83' lang='grc' dir='ltr'>5τῆς</span> <span class='ocrx_word' id='word_1_16' title='bbox 2291 363 2672 436; x_wconf 83' lang='grc' dir='ltr'>πρεσϐυτέρας</span> <span class='ocrx_word' id='word_1_17' title='bbox 2714 362 2933 435; x_wconf 81' lang='grc' dir='ltr'><strong>Ῥώμης</strong></span> <span class='ocrx_word' id='word_1_18' title='bbox 2969 363 3355 434; x_wconf 84' lang='grc' dir='ltr'>πηδαλιουχῶν</span> <span class='ocrx_word' id='word_1_19' title='bbox 3384 362 3555 427; x_wconf 80' lang='grc' dir='ltr'>ὁσίως</span> <span class='ocrx_word' id='word_1_20' title='bbox 3588 364 3717 427; x_wconf 77' lang='grc' dir='ltr'>τοὺς</span> 
     </span>
    </p>
   </div>
   <div class='ocr_carea' id='block_1_6' title="bbox 432 461 2016 537">
    <p class='ocr_par' dir='ltr' id='par_1_6' title="bbox 432 461 2016 537">
     <span class='ocr_line' id='line_1_6' title="bbox 432 461 2016 537; baseline -0.005 -17"><span class='ocrx_word' id='word_1_21' title='bbox 432 465 526 536; x_wconf 85' lang='lat' dir='ltr'><strong>qui</strong></span> <span class='ocrx_word' id='word_1_22' title='bbox 553 464 789 519; x_wconf 86' lang='lat' dir='ltr'><strong>senioris</strong></span> <span class='ocrx_word' id='word_1_23' title='bbox 821 463 1010 520; x_wconf 69' lang='lat' dir='ltr'><strong>Romae</strong></span> <span class='ocrx_word' id='word_1_24' title='bbox 1036 465 1404 537; x_wconf 74' lang='lat' dir='ltr'><strong>gubernacula</strong></span> <span class='ocrx_word' id='word_1_25' title='bbox 1453 474 1646 518; x_wconf 91' lang='lat' dir='ltr'><strong>sancte</strong></span> <span class='ocrx_word' id='word_1_26' title='bbox 1680 461 2016 525; x_wconf 76' lang='lat' dir='ltr'><strong>moderatur,</strong></span> 
     </span>
    </p>
   </div>
   <div class='ocr_carea' id='block_1_7' title="bbox 434 556 2019 626">
    <p class='ocr_par' dir='ltr' id='par_1_7' title="bbox 434 556 2019 626">
     <span class='ocr_line' id='line_1_7' title="bbox 434 556 2019 626; baseline -0.003 -15"><span class='ocrx_word' id='word_1_27' title='bbox 434 566 633 626; x_wconf 66' lang='lat' dir='ltr'><strong>praesto</strong></span> <span class='ocrx_word' id='word_1_28' title='bbox 656 557 873 624; x_wconf 90' lang='lat' dir='ltr'><strong>sum;si</strong></span> <span class='ocrx_word' id='word_1_29' title='bbox 918 557 1323 613; x_wconf 81' lang='lat' dir='ltr'><strong>Alexandrinus</strong></span> <span class='ocrx_word' id='word_1_30' title='bbox 1354 559 1587 613; x_wconf 76' lang='lat' dir='ltr'><strong>antistes</strong></span> <span class='ocrx_word' id='word_1_31' title='bbox 1633 556 1798 610; x_wconf 80' lang='lat' dir='ltr'><strong>Marci</strong></span> <span class='ocrx_word' id='word_1_32' title='bbox 1851 569 2019 609; x_wconf 85' lang='lat' dir='ltr'><strong>evan-</strong></span> 
     </span>
    </p>
   </div>
   <div class='ocr_carea' id='block_1_8' title="bbox 433 648 2017 719">
    <p class='ocr_par' dir='ltr' id='par_1_8' title="bbox 433 648 2017 719">
     <span class='ocr_line' id='line_1_8' title="bbox 433 648 2017 719; baseline -0.003 -16"><span class='ocrx_word' id='word_1_33' title='bbox 433 648 647 717; x_wconf 57' lang='lat' dir='ltr'><strong>gelista;</strong></span> <span class='ocrx_word' id='word_1_34' title='bbox 688 663 970 703; x_wconf 81' lang='lat' dir='ltr'><strong>successor</strong></span> <span class='ocrx_word' id='word_1_35' title='bbox 1011 658 1257 713; x_wconf 88' lang='lat' dir='ltr'><strong>accuset,</strong></span> <span class='ocrx_word' id='word_1_36' title='bbox 1323 649 1452 718; x_wconf 90' lang='lat' dir='ltr'><strong>quin</strong></span> <span class='ocrx_word' id='word_1_37' title='bbox 1498 658 1751 719; x_wconf 86' lang='lat' dir='ltr'><strong>prompte</strong></span> <span class='ocrx_word' id='word_1_38' title='bbox 1796 660 2017 716; x_wconf 88' lang='lat' dir='ltr'><strong>sequar,</strong></span> 
     </span>
    </p>
   </div>
   <div class='ocr_carea' id='block_1_9' title="bbox 434 737 2019 808">
    <p class='ocr_par' dir='ltr' id='par_1_9' title="bbox 434 737 2019 808">
     <span class='ocr_line' id='line_1_9' title="bbox 434 737 2019 808; baseline -0.003 -12"><span class='ocrx_word' id='word_1_39' title='bbox 434 740 571 796; x_wconf 84' lang='lat' dir='ltr'><strong>nihil</strong></span> <span class='ocrx_word' id='word_1_40' title='bbox 627 740 917 807; x_wconf 75' lang='lat' dir='ltr'><strong>detrecto;</strong></span> <span class='ocrx_word' id='word_1_41' title='bbox 964 742 1008 794; x_wconf 87' lang='lat' dir='ltr'><strong>si</strong></span> <span class='ocrx_word' id='word_1_42' title='bbox 1072 739 1443 795; x_wconf 79' lang='lat' dir='ltr'><strong>Antiochenus</strong></span> <span class='ocrx_word' id='word_1_43' title='bbox 1499 754 1656 805; x_wconf 82' lang='lat' dir='ltr'><strong>sacer</strong></span> <span class='ocrx_word' id='word_1_44' title='bbox 1710 750 1903 808; x_wconf 88' lang='lat' dir='ltr'><strong>pastor</strong></span> <span class='ocrx_word' id='word_1_45' title='bbox 1964 737 2019 792; x_wconf 86' lang='lat' dir='ltr'><strong>in</strong></span> 
     </span>
    </p>
   </div>
   <div class='ocr_carea' id='block_1_10' title="bbox 430 827 2022 900">
    <p class='ocr_par' dir='ltr' id='par_1_10' title="bbox 430 827 2022 900">
     <span class='ocr_line' id='line_1_10' title="bbox 430 827 2022 900; baseline -0.003 -16"><span class='ocrx_word' id='word_1_46' title='bbox 430 830 697 900; x_wconf 85' lang='lat' dir='ltr'><strong>judicium</strong></span> <span class='ocrx_word' id='word_1_47' title='bbox 745 830 931 896; x_wconf 90' lang='lat' dir='ltr'><strong>trahit,</strong></span> <span class='ocrx_word' id='word_1_48' title='bbox 956 831 1329 885; x_wconf 86' lang='lat' dir='ltr'><strong>vadimonium</strong></span> <span class='ocrx_word' id='word_1_49' title='bbox 1369 845 1474 883; x_wconf 92' lang='lat' dir='ltr'><strong>non</strong></span> <span class='ocrx_word' id='word_1_50' title='bbox 1514 829 1810 893; x_wconf 87' lang='lat' dir='ltr'><strong>desero;si</strong></span> <span class='ocrx_word' id='word_1_51' title='bbox 1868 827 2022 883; x_wconf 77' lang='lat' dir='ltr'><strong>deni-</strong></span> 
     </span>
    </p>
   </div>
   <div class='ocr_carea' id='block_1_11' title="bbox 434 919 2022 991">
    <p class='ocr_par' dir='ltr' id='par_1_11' title="bbox 434 919 2022 991">
     <span class='ocr_line' id='line_1_11' title="bbox 434 919 2022 991; baseline -0.001 -17"><span class='ocrx_word' id='word_1_52' title='bbox 434 938 563 990; x_wconf 88' lang='lat' dir='ltr'><strong>que,</strong></span> <span class='ocrx_word' id='word_1_53' title='bbox 613 923 702 991; x_wconf 86' lang='lat' dir='ltr'><strong>qui</strong></span> <span class='ocrx_word' id='word_1_54' title='bbox 746 920 1248 991; x_wconf 85' lang='lat' dir='ltr'><strong>Hierosolymorum</strong></span> <span class='ocrx_word' id='word_1_55' title='bbox 1286 921 1472 975; x_wconf 83' lang='lat' dir='ltr'><strong>sedem</strong></span> <span class='ocrx_word' id='word_1_56' title='bbox 1517 921 1906 984; x_wconf 86' lang='lat' dir='ltr'><strong>administrat,</strong></span> <span class='ocrx_word' id='word_1_57' title='bbox 1953 919 2022 974; x_wconf 90' lang='lat' dir='ltr'><strong>ad</strong></span> 
     </span>
    </p>
   </div>
   <div class='ocr_carea' id='block_1_12' title="bbox 429 1011 2023 1082">
    <p class='ocr_par' dir='ltr' id='par_1_12' title="bbox 429 1011 2023 1082">
     <span class='ocr_line' id='line_1_12' title="bbox 429 1011 2023 1082; baseline 0.002 -18"><span class='ocrx_word' id='word_1_58' title='bbox 429 1011 519 1076; x_wconf 88' lang='lat' dir='ltr'><strong>jus</strong></span> <span class='ocrx_word' id='word_1_59' title='bbox 564 1012 849 1066; x_wconf 88' lang='lat' dir='ltr'><strong>dicendum</strong></span> <span class='ocrx_word' id='word_1_60' title='bbox 891 1013 1087 1067; x_wconf 88' lang='lat' dir='ltr'><strong>adesse</strong></span> <span class='ocrx_word' id='word_1_61' title='bbox 1133 1014 1399 1082; x_wconf 68' lang='lat' dir='ltr'><strong>praecipit,</strong></span> <span class='ocrx_word' id='word_1_62' title='bbox 1435 1027 1615 1066; x_wconf 63' lang='lat' dir='ltr'><strong>causa:</strong></span> <span class='ocrx_word' id='word_1_63' title='bbox 1652 1027 1786 1067; x_wconf 67' lang='lat' dir='ltr'><strong>meae</strong></span> <span class='ocrx_word' id='word_1_64' title='bbox 1831 1012 2023 1067; x_wconf 79' lang='lat' dir='ltr'><strong>deesse</strong></span> 
     </span>
    </p>
   </div>
   <div class='ocr_carea' id='block_1_13' title="bbox 435 1091 2018 1171">
    <p class='ocr_par' dir='ltr' id='par_1_13' title="bbox 435 1091 2018 1171">
     <span class='ocr_line' id='line_1_13' title="bbox 435 1091 2018 1171; baseline 0 -17"><span class='ocrx_word' id='word_1_65' title='bbox 435 1114 543 1154; x_wconf 81' lang='lat' dir='ltr'><strong>non</strong></span> <span class='ocrx_word' id='word_1_66' title='bbox 571 1101 818 1155; x_wconf 89' lang='lat' dir='ltr'><strong>videbor.</strong></span> <span class='ocrx_word' id='word_1_67' title='bbox 849 1101 943 1155; x_wconf 90' lang='lat' dir='ltr'><strong>Sin</strong></span> <span class='ocrx_word' id='word_1_68' title='bbox 962 1091 1143 1156; x_wconf 81' lang='lat' dir='ltr'><strong>autem</strong></span> <span class='ocrx_word' id='word_1_69' title='bbox 1176 1102 1284 1169; x_wconf 87' lang='lat' dir='ltr'><strong>lupi</strong></span> <span class='ocrx_word' id='word_1_70' title='bbox 1314 1102 1601 1166; x_wconf 90' lang='lat' dir='ltr'><strong>immanes,</strong></span> <span class='ocrx_word' id='word_1_71' title='bbox 1637 1117 1870 1171; x_wconf 89' lang='lat' dir='ltr'><strong>quorum</strong></span> <span class='ocrx_word' id='word_1_72' title='bbox 1900 1103 2018 1155; x_wconf 86' lang='lat' dir='ltr'><strong>ani-</strong></span> 
     </span>
    </p>
   </div>
   <div class='ocr_carea' id='block_1_14' title="bbox 433 1191 2023 1262">
    <p class='ocr_par' dir='ltr' id='par_1_14' title="bbox 433 1191 2023 1262">
     <span class='ocr_line' id='line_1_14' title="bbox 433 1191 2023 1262; baseline 0.001 -18"><span class='ocrx_word' id='word_1_73' title='bbox 433 1191 537 1245; x_wconf 85' lang='lat' dir='ltr'><strong>mis</strong></span> <span class='ocrx_word' id='word_1_74' title='bbox 591 1193 944 1247; x_wconf 91' lang='lat' dir='ltr'><strong>constitutum</strong></span> <span class='ocrx_word' id='word_1_75' title='bbox 1006 1194 1081 1247; x_wconf 88' lang='lat' dir='ltr'><strong>sit</strong></span> <span class='ocrx_word' id='word_1_76' title='bbox 1142 1192 1362 1248; x_wconf 88' lang='lat' dir='ltr'><strong>turbare</strong></span> <span class='ocrx_word' id='word_1_77' title='bbox 1411 1209 1631 1262; x_wconf 73' lang='lat' dir='ltr'><strong>gregem</strong></span> <span class='ocrx_word' id='word_1_78' title='bbox 1708 1193 1810 1248; x_wconf 85' lang='lat' dir='ltr'><strong>sub</strong></span> <span class='ocrx_word' id='word_1_79' title='bbox 1860 1192 2023 1247; x_wconf 89' lang='lat' dir='ltr'><strong>ovina</strong></span> 
     </span>
    </p>
   </div>
   <div class='ocr_carea' id='block_1_15' title="bbox 433 1281 2012 1351">
    <p class='ocr_par' dir='ltr' id='par_1_15' title="bbox 433 1281 2012 1351">
     <span class='ocr_line' id='line_1_15' title="bbox 433 1281 2012 1351; baseline 0.001 -16"><span class='ocrx_word' id='word_1_80' title='bbox 433 1281 574 1350; x_wconf 90' lang='lat' dir='ltr'><strong>pelle</strong></span> <span class='ocrx_word' id='word_1_81' title='bbox 603 1292 656 1334; x_wconf 89' lang='lat' dir='ltr'><strong>et</strong></span> <span class='ocrx_word' id='word_1_82' title='bbox 687 1298 786 1336; x_wconf 89' lang='lat' dir='ltr'><strong>suo</strong></span> <span class='ocrx_word' id='word_1_83' title='bbox 833 1284 1096 1338; x_wconf 86' lang='lat' dir='ltr'><strong>insultare</strong></span> <span class='ocrx_word' id='word_1_84' title='bbox 1137 1285 1368 1351; x_wconf 84' lang='lat' dir='ltr'><strong>pastori,</strong></span> <span class='ocrx_word' id='word_1_85' title='bbox 1394 1286 1517 1351; x_wconf 88' lang='lat' dir='ltr'><strong>quis</strong></span> <span class='ocrx_word' id='word_1_86' title='bbox 1551 1285 1605 1338; x_wconf 91' lang='lat' dir='ltr'><strong>in</strong></span> <span class='ocrx_word' id='word_1_87' title='bbox 1665 1291 2012 1351; x_wconf 89' lang='lat' dir='ltr'><strong>conspectum</strong></span> 
     </span>
    </p>
   </div>
   <div class='ocr_carea' id='block_1_16' title="bbox 432 1373 2018 1445">
    <p class='ocr_par' dir='ltr' id='par_1_16' title="bbox 432 1373 2018 1445">
     <span class='ocr_line' id='line_1_16' title="bbox 432 1373 2018 1445; baseline 0.002 -22"><span class='ocrx_word' id='word_1_88' title='bbox 432 1373 594 1424; x_wconf 87' lang='lat' dir='ltr'><strong>etiam</strong></span> <span class='ocrx_word' id='word_1_89' title='bbox 623 1373 835 1427; x_wconf 88' lang='lat' dir='ltr'><strong>illorum</strong></span> <span class='ocrx_word' id='word_1_90' title='bbox 860 1374 1045 1428; x_wconf 88' lang='lat' dir='ltr'><strong>venire</strong></span> <span class='ocrx_word' id='word_1_91' title='bbox 1067 1375 1583 1445; x_wconf 68' lang='lat' dir='ltr'><strong>sustineatiquibus</strong></span> <span class='ocrx_word' id='word_1_92' title='bbox 1614 1374 1776 1429; x_wconf 88' lang='lat' dir='ltr'><strong>etiam</strong></span> <span class='ocrx_word' id='word_1_93' title='bbox 1805 1374 2018 1427; x_wconf 87' lang='lat' dir='ltr'><strong>divinus</strong></span> 
     </span>
    </p>
   </div>
   <div class='ocr_carea' id='block_1_17' title="bbox 431 1464 2023 1536">
    <p class='ocr_par' dir='ltr' id='par_1_17' title="bbox 431 1464 2023 1536">
     <span class='ocr_line' id='line_1_17' title="bbox 431 1464 2023 1536; baseline 0.003 -22"><span class='ocrx_word' id='word_1_94' title='bbox 431 1464 722 1529; x_wconf 79' lang='lat' dir='ltr'><strong>Apostolus</strong></span> <span class='ocrx_word' id='word_1_95' title='bbox 750 1480 912 1532; x_wconf 83' lang='lat' dir='ltr'><strong>grave</strong></span> <span class='ocrx_word' id='word_1_96' title='bbox 953 1465 1135 1535; x_wconf 89' lang='lat' dir='ltr'><strong>judicii</strong></span> <span class='ocrx_word' id='word_1_97' title='bbox 1181 1468 1389 1534; x_wconf 88' lang='lat' dir='ltr'><strong>pomlus</strong></span> <span class='ocrx_word' id='word_1_98' title='bbox 1431 1466 1753 1536; x_wconf 85' lang='lat' dir='ltr'><strong>portandum</strong></span> <span class='ocrx_word' id='word_1_99' title='bbox 1803 1464 2023 1519; x_wconf 80' lang='lat' dir='ltr'><strong>indixit.</strong></span> 
     </span>
    </p>
   </div>
   <div class='ocr_carea' id='block_1_18' title="bbox 432 1549 2028 1622">
    <p class='ocr_par' dir='ltr' id='par_1_18' title="bbox 432 1549 2028 1622">
     <span class='ocr_line' id='line_1_18' title="bbox 432 1549 2028 1622; baseline 0.001 -19"><span class='ocrx_word' id='word_1_100' title='bbox 432 1549 695 1604; x_wconf 76' lang='lat' dir='ltr'><strong>Caeterum</strong></span> <span class='ocrx_word' id='word_1_101' title='bbox 723 1552 906 1622; x_wconf 76' lang='lat' dir='ltr'><strong>fingite</strong></span> <span class='ocrx_word' id='word_1_102' title='bbox 935 1552 1211 1620; x_wconf 79' lang='lat' dir='ltr'><strong>me,juxta</strong></span> <span class='ocrx_word' id='word_1_103' title='bbox 1237 1568 1299 1608; x_wconf 88' lang='lat' dir='ltr'><strong>ea</strong></span> <span class='ocrx_word' id='word_1_104' title='bbox 1327 1569 1447 1621; x_wconf 72' lang='lat' dir='ltr'><strong>qum</strong></span> <span class='ocrx_word' id='word_1_105' title='bbox 1470 1550 1744 1621; x_wconf 78' lang='lat' dir='ltr'><strong>nugamini</strong></span> <span class='ocrx_word' id='word_1_106' title='bbox 1775 1549 2028 1618; x_wconf 86' lang='lat' dir='ltr'><strong>nulloque</strong></span> 
     </span>
    </p>
   </div>
   <div class='ocr_carea' id='block_1_19' title="bbox 434 1642 2030 1713">
    <p class='ocr_par' dir='ltr' id='par_1_19' title="bbox 434 1642 2030 1713">
     <span class='ocr_line' id='line_1_19' title="bbox 434 1642 2030 1713; baseline 0.001 -20"><span class='ocrx_word' id='word_1_107' title='bbox 434 1656 594 1694; x_wconf 88' lang='lat' dir='ltr'><strong>sensu</strong></span> <span class='ocrx_word' id='word_1_108' title='bbox 627 1642 970 1699; x_wconf 82' lang='lat' dir='ltr'><strong>deblateratis</strong></span> <span class='ocrx_word' id='word_1_109' title='bbox 992 1645 1044 1699; x_wconf 90' lang='lat' dir='ltr'><strong>in</strong></span> <span class='ocrx_word' id='word_1_110' title='bbox 1070 1644 1410 1713; x_wconf 87' lang='lat' dir='ltr'><strong>imperatoris</strong></span> <span class='ocrx_word' id='word_1_111' title='bbox 1447 1653 1786 1712; x_wconf 75' lang='lat' dir='ltr'><strong>vestramque</strong></span> <span class='ocrx_word' id='word_1_112' title='bbox 1814 1651 2030 1696; x_wconf 88' lang='lat' dir='ltr'><strong>senten-</strong></span> 
     </span>
    </p>
   </div>
   <div class='ocr_carea' id='block_1_20' title="bbox 2120 454 3716 526">
    <p class='ocr_par' dir='ltr' id='par_1_20' title="bbox 2120 454 3716 526">
     <span class='ocr_line' id='line_1_20' title="bbox 2120 454 3716 526; baseline -0.002 -15"><span class='ocrx_word' id='word_1_113' title='bbox 2120 455 2316 521; x_wconf 77' lang='grc' dir='ltr'>οἴακας</span> <span class='ocrx_word' id='word_1_114' title='bbox 2348 455 2631 521; x_wconf 75' lang='grc' dir='ltr'>ἔπικαλεῑ,</span> <span class='ocrx_word' id='word_1_115' title='bbox 2666 454 2983 526; x_wconf 79' lang='grc' dir='ltr'><strong>παρέσομαι</strong></span> <span class='ocrx_word' id='word_1_116' title='bbox 3011 471 3027 484; x_wconf 81' lang='lat'><strong><em>°</em></strong></span> <span class='ocrx_word' id='word_1_117' title='bbox 3063 457 3114 508; x_wconf 84' lang='grc' dir='ltr'><strong>εί</strong></span> <span class='ocrx_word' id='word_1_118' title='bbox 3143 456 3172 508; x_wconf 91' lang='lat'><strong>6</strong></span> <span class='ocrx_word' id='word_1_119' title='bbox 3206 456 3310 525; x_wconf 85' lang='grc' dir='ltr'>τῆς</span> <span class='ocrx_word' id='word_1_120' title='bbox 3357 454 3716 526; x_wconf 74' lang='grc' dir='ltr'><strong>Ἀλεξάνδρου</strong></span> 
     </span>
    </p>
   </div>
   <div class='ocr_carea' id='block_1_21' title="bbox 2122 545 3717 621">
    <p class='ocr_par' dir='ltr' id='par_1_21' title="bbox 2122 545 3717 621">
     <span class='ocr_line' id='line_1_21' title="bbox 2122 545 3717 621; baseline -0.001 -19"><span class='ocrx_word' id='word_1_121' title='bbox 2122 546 2414 621; x_wconf 84' lang='grc' dir='ltr'>ίεροκήρυξ</span> <span class='ocrx_word' id='word_1_122' title='bbox 2445 548 2758 602; x_wconf 76' lang='grc' dir='ltr'>ἐπαιτιᾶται</span> <span class='ocrx_word' id='word_1_123' title='bbox 2782 586 2798 612; x_wconf 91' lang='grc'><strong>,</strong></span> <span class='ocrx_word' id='word_1_124' title='bbox 2829 545 2933 600; x_wconf 83' lang='grc' dir='ltr'>οὐκ</span> <span class='ocrx_word' id='word_1_125' title='bbox 2963 545 3275 617; x_wconf 77' lang='grc' dir='ltr'><strong>ἀπειθήσας</strong></span> <span class='ocrx_word' id='word_1_126' title='bbox 3315 547 3597 617; x_wconf 71' lang='grc' dir='ltr'>ἐφέψομαι</span> <span class='ocrx_word' id='word_1_127' title='bbox 3616 562 3633 577; x_wconf 73' lang='grc' dir='ltr'><strong>ο</strong></span> <span class='ocrx_word' id='word_1_128' title='bbox 3667 548 3717 601; x_wconf 81' lang='grc' dir='ltr'><strong>εί</strong></span> 
     </span>
    </p>
   </div>
   <div class='ocr_carea' id='block_1_22' title="bbox 2119 638 3716 712">
    <p class='ocr_par' dir='ltr' id='par_1_22' title="bbox 2119 638 3716 712">
     <span class='ocr_line' id='line_1_22' title="bbox 2119 638 3716 712; baseline -0.001 -18"><span class='ocrx_word' id='word_1_129' title='bbox 2119 642 2149 694; x_wconf 90' lang='lat'><strong>6</strong></span> <span class='ocrx_word' id='word_1_130' title='bbox 2179 640 2281 710; x_wconf 85' lang='grc' dir='ltr'>τῆς</span> <span class='ocrx_word' id='word_1_131' title='bbox 2325 639 2598 710; x_wconf 82' lang='grc' dir='ltr'>Ἀντιόχου</span> <span class='ocrx_word' id='word_1_132' title='bbox 2630 638 2953 712; x_wconf 86' lang='grc' dir='ltr'>ίεροποίμην</span> <span class='ocrx_word' id='word_1_133' title='bbox 2985 639 3136 693; x_wconf 70' lang='grc' dir='ltr'>ἕλκει</span> <span class='ocrx_word' id='word_1_134' title='bbox 3179 640 3319 710; x_wconf 69' lang='grc' dir='ltr'>πρὸς</span> <span class='ocrx_word' id='word_1_135' title='bbox 3356 639 3580 712; x_wconf 82' lang='grc' dir='ltr'><strong>κρίσιν,</strong></span> <span class='ocrx_word' id='word_1_136' title='bbox 3617 640 3716 693; x_wconf 74' lang='grc' dir='ltr'>οὐκ</span> 
     </span>
    </p>
   </div>
   <div class='ocr_carea' id='block_1_23' title="bbox 2122 729 3718 802">
    <p class='ocr_par' dir='ltr' id='par_1_23' title="bbox 2122 729 3718 802">
     <span class='ocr_line' id='line_1_23' title="bbox 2122 729 3718 802; baseline -0.003 -16"><span class='ocrx_word' id='word_1_137' title='bbox 2122 731 2599 802; x_wconf 77' lang='grc' dir='ltr'>ἀπολειφθήσομαι</span> <span class='ocrx_word' id='word_1_138' title='bbox 2620 747 2634 762; x_wconf 79' lang='grc' dir='ltr'><strong>ο</strong></span> <span class='ocrx_word' id='word_1_139' title='bbox 2670 732 2719 784; x_wconf 82' lang='grc' dir='ltr'><strong>εί</strong></span> <span class='ocrx_word' id='word_1_140' title='bbox 2747 733 2776 785; x_wconf 97' lang='lat'><strong>6</strong></span> <span class='ocrx_word' id='word_1_141' title='bbox 2801 732 2869 784; x_wconf 88' lang='grc' dir='ltr'><strong>τά</strong></span> <span class='ocrx_word' id='word_1_142' title='bbox 2894 730 3247 802; x_wconf 88' lang='grc' dir='ltr'>Ἰεροσόλυμα</span> <span class='ocrx_word' id='word_1_143' title='bbox 3276 729 3481 783; x_wconf 81' lang='grc' dir='ltr'>διέπων</span> <span class='ocrx_word' id='word_1_144' title='bbox 3513 731 3597 792; x_wconf 84' lang='grc' dir='ltr'><strong>είς</strong></span> <span class='ocrx_word' id='word_1_145' title='bbox 3626 730 3718 782; x_wconf 80' lang='grc' dir='ltr'><strong>εὐ-</strong></span> 
     </span>
    </p>
   </div>
   <div class='ocr_carea' id='block_1_24' title="bbox 2123 823 3715 896">
    <p class='ocr_par' dir='ltr' id='par_1_24' title="bbox 2123 823 3715 896">
     <span class='ocr_line' id='line_1_24' title="bbox 2123 823 3715 896; baseline -0.004 -15"><span class='ocrx_word' id='word_1_146' title='bbox 2123 826 2289 896; x_wconf 84' lang='grc' dir='ltr'>θύνην</span> <span class='ocrx_word' id='word_1_147' title='bbox 2321 827 2474 895; x_wconf 79' lang='grc' dir='ltr'>ἡμᾶς</span> <span class='ocrx_word' id='word_1_148' title='bbox 2512 825 2853 895; x_wconf 84' lang='grc' dir='ltr'>καταστῆναι</span> <span class='ocrx_word' id='word_1_149' title='bbox 2884 824 3316 896; x_wconf 81' lang='grc' dir='ltr'>προσκέκληται,</span> <span class='ocrx_word' id='word_1_150' title='bbox 3348 823 3450 877; x_wconf 81' lang='grc' dir='ltr'><strong>οὑκ</strong></span> <span class='ocrx_word' id='word_1_151' title='bbox 3487 823 3715 877; x_wconf 78' lang='grc' dir='ltr'>ἀπολεί-</span> 
     </span>
    </p>
   </div>
   <div class='ocr_carea' id='block_1_25' title="bbox 2122 915 3719 988">
    <p class='ocr_par' dir='ltr' id='par_1_25' title="bbox 2122 915 3719 988">
     <span class='ocr_line' id='line_1_25' title="bbox 2122 915 3719 988; baseline -0.003 -18"><span class='ocrx_word' id='word_1_152' title='bbox 2122 917 2318 988; x_wconf 76' lang='grc' dir='ltr'>ψομαι.</span> <span class='ocrx_word' id='word_1_153' title='bbox 2343 919 2407 970; x_wconf 84' lang='lat' dir='ltr'><strong>El</strong></span> <span class='ocrx_word' id='word_1_154' title='bbox 2440 916 2497 970; x_wconf 81' lang='grc' dir='ltr'><strong>δέ</strong></span> <span class='ocrx_word' id='word_1_155' title='bbox 2541 934 2606 985; x_wconf 88' lang='grc' dir='ltr'>γε</span> <span class='ocrx_word' id='word_1_156' title='bbox 2652 917 2808 970; x_wconf 80' lang='grc' dir='ltr'>λύκοι</span> <span class='ocrx_word' id='word_1_157' title='bbox 2855 915 3043 987; x_wconf 83' lang='grc' dir='ltr'>βαρεῖς</span> <span class='ocrx_word' id='word_1_158' title='bbox 3077 917 3178 986; x_wconf 77' lang='grc' dir='ltr'>τὴν</span> <span class='ocrx_word' id='word_1_159' title='bbox 3203 915 3443 986; x_wconf 75' lang='grc' dir='ltr'>ποίμνην</span> <span class='ocrx_word' id='word_1_160' title='bbox 3477 915 3719 985; x_wconf 76' lang='grc' dir='ltr'>ταράξαι</span> 
     </span>
    </p>
   </div>
   <div class='ocr_carea' id='block_1_26' title="bbox 2125 1007 3718 1079">
    <p class='ocr_par' dir='ltr' id='par_1_26' title="bbox 2125 1007 3718 1079">
     <span class='ocr_line' id='line_1_26' title="bbox 2125 1007 3718 1079; baseline -0.002 -17"><span class='ocrx_word' id='word_1_161' title='bbox 2125 1009 2451 1078; x_wconf 77' lang='grc' dir='ltr'>προθέμενοι</span> <span class='ocrx_word' id='word_1_162' title='bbox 2482 1009 2773 1079; x_wconf 81' lang='grc' dir='ltr'>προϐάτων</span> <span class='ocrx_word' id='word_1_163' title='bbox 2795 1008 2960 1079; x_wconf 83' lang='grc' dir='ltr'>δορὰν</span> <span class='ocrx_word' id='word_1_164' title='bbox 2988 1008 3401 1078; x_wconf 74' lang='grc' dir='ltr'>ὑποκρίνονται,</span> <span class='ocrx_word' id='word_1_165' title='bbox 3445 1007 3546 1060; x_wconf 75' lang='grc' dir='ltr'>καὶ</span> <span class='ocrx_word' id='word_1_166' title='bbox 3575 1008 3718 1059; x_wconf 78' lang='grc' dir='ltr'>κατᾶ</span> 
     </span>
    </p>
   </div>
   <div class='ocr_carea' id='block_1_27' title="bbox 2123 1096 3718 1171">
    <p class='ocr_par' dir='ltr' id='par_1_27' title="bbox 2123 1096 3718 1171">
     <span class='ocr_line' id='line_1_27' title="bbox 2123 1096 3718 1171; baseline -0.003 -18"><span class='ocrx_word' id='word_1_167' title='bbox 2123 1100 2218 1153; x_wconf 81' lang='grc' dir='ltr'><strong>τοῦ</strong></span> <span class='ocrx_word' id='word_1_168' title='bbox 2270 1100 2533 1169; x_wconf 83' lang='grc' dir='ltr'>Ποιμένος</span> <span class='ocrx_word' id='word_1_169' title='bbox 2574 1099 2892 1171; x_wconf 75' lang='grc' dir='ltr'>ὑϐρίζουσι,</span> <span class='ocrx_word' id='word_1_170' title='bbox 2924 1099 3009 1163; x_wconf 83' lang='grc' dir='ltr'><strong>τίς</strong></span> <span class='ocrx_word' id='word_1_171' title='bbox 3052 1098 3238 1160; x_wconf 79' lang='grc' dir='ltr'>αὐτοῖς</span> <span class='ocrx_word' id='word_1_172' title='bbox 3281 1098 3381 1151; x_wconf 71' lang='grc' dir='ltr'>καὶ</span> <span class='ocrx_word' id='word_1_173' title='bbox 3431 1096 3599 1167; x_wconf 84' lang='grc' dir='ltr'>μόνον</span> <span class='ocrx_word' id='word_1_174' title='bbox 3638 1098 3718 1159; x_wconf 83' lang='grc' dir='ltr'><strong>εἰς</strong></span> 
     </span>
    </p>
   </div>
   <div class='ocr_carea' id='block_1_28' title="bbox 2125 1188 3719 1269">
    <p class='ocr_par' dir='ltr' id='par_1_28' title="bbox 2125 1188 3719 1269">
     <span class='ocr_line' id='line_1_28' title="bbox 2125 1188 3719 1269; baseline -0.003 -24"><span class='ocrx_word' id='word_1_175' title='bbox 2125 1192 2252 1246; x_wconf 88' lang='grc' dir='ltr'>θέαν</span> <span class='ocrx_word' id='word_1_176' title='bbox 2293 1191 2465 1269; x_wconf 81' lang='grc' dir='ltr'>ὲλθείν</span> <span class='ocrx_word' id='word_1_177' title='bbox 2507 1191 2915 1255; x_wconf 83' lang='grc' dir='ltr'>κατανεύσειεν,</span> <span class='ocrx_word' id='word_1_178' title='bbox 2943 1188 3026 1255; x_wconf 82' lang='grc' dir='ltr'><strong>οἷς</strong></span> <span class='ocrx_word' id='word_1_179' title='bbox 3062 1192 3158 1244; x_wconf 79' lang='grc' dir='ltr'>καὶ</span> <span class='ocrx_word' id='word_1_180' title='bbox 3210 1191 3241 1243; x_wconf 90' lang='lat'><strong>6</strong></span> <span class='ocrx_word' id='word_1_181' title='bbox 3273 1190 3418 1252; x_wconf 82' lang='grc' dir='ltr'>θεῖος</span> <span class='ocrx_word' id='word_1_182' title='bbox 3455 1188 3719 1241; x_wconf 82' lang='grc' dir='ltr'>Ἀπόστο-</span> 
     </span>
    </p>
   </div>
   <div class='ocr_carea' id='block_1_29' title="bbox 2125 1280 3719 1353">
    <p class='ocr_par' dir='ltr' id='par_1_29' title="bbox 2125 1280 3719 1353">
     <span class='ocr_line' id='line_1_29' title="bbox 2125 1280 3719 1353; baseline -0.002 -17"><span class='ocrx_word' id='word_1_183' title='bbox 2125 1285 2215 1347; x_wconf 84' lang='grc' dir='ltr'><strong>λος</strong></span> <span class='ocrx_word' id='word_1_184' title='bbox 2242 1282 2414 1337; x_wconf 75' lang='grc' dir='ltr'>τὸτοῦ</span> <span class='ocrx_word' id='word_1_185' title='bbox 2445 1284 2713 1353; x_wconf 81' lang='grc' dir='ltr'>κρίματος</span> <span class='ocrx_word' id='word_1_186' title='bbox 2742 1283 3103 1353; x_wconf 84' lang='grc' dir='ltr'>ὲπεφόρτισεν</span> <span class='ocrx_word' id='word_1_187' title='bbox 3131 1282 3295 1353; x_wconf 74' lang='grc' dir='ltr'>ἄχθος</span> <span class='ocrx_word' id='word_1_188' title='bbox 3321 1281 3468 1353; x_wconf 76' lang='grc'>(20);</span> <span class='ocrx_word' id='word_1_189' title='bbox 3497 1280 3641 1333; x_wconf 82' lang='grc' dir='ltr'>Ἀλλ’</span> <span class='ocrx_word' id='word_1_190' title='bbox 3670 1282 3719 1334; x_wconf 81' lang='grc' dir='ltr'>ει</span> 
     </span>
    </p>
   </div>
   <div class='ocr_carea' id='block_1_30' title="bbox 2132 1369 3720 1443">
    <p class='ocr_par' dir='ltr' id='par_1_30' title="bbox 2132 1369 3720 1443">
     <span class='ocr_line' id='line_1_30' title="bbox 2132 1369 3720 1443; baseline -0.005 -14"><span class='ocrx_word' id='word_1_191' title='bbox 2132 1376 2249 1438; x_wconf 69' lang='grc' dir='ltr'>καὶ,</span> <span class='ocrx_word' id='word_1_192' title='bbox 2289 1373 2431 1428; x_wconf 85' lang='grc' dir='ltr'><strong>κατά</strong></span> <span class='ocrx_word' id='word_1_193' title='bbox 2467 1375 2558 1429; x_wconf 81' lang='grc' dir='ltr'>τὸν</span> <span class='ocrx_word' id='word_1_194' title='bbox 2590 1374 2855 1443; x_wconf 85' lang='grc' dir='ltr'>ὑμέτερον</span> <span class='ocrx_word' id='word_1_195' title='bbox 2883 1373 3187 1443; x_wconf 81' lang='grc' dir='ltr'>φλήναφον,</span> <span class='ocrx_word' id='word_1_196' title='bbox 3218 1370 3299 1440; x_wconf 80' lang='grc' dir='ltr'>τῷ</span> <span class='ocrx_word' id='word_1_197' title='bbox 3314 1371 3426 1423; x_wconf 83' lang='grc' dir='ltr'><strong>τῶν</strong></span> <span class='ocrx_word' id='word_1_198' title='bbox 3451 1369 3720 1441; x_wconf 78' lang='grc' dir='ltr'>κρατοῦν-</span> 
     </span>
    </p>
   </div>
   <div class='ocr_carea' id='block_1_31' title="bbox 2132 1461 3720 1537">
    <p class='ocr_par' dir='ltr' id='par_1_31' title="bbox 2132 1461 3720 1537">
     <span class='ocr_line' id='line_1_31' title="bbox 2132 1461 3720 1537; baseline -0.004 -17"><span class='ocrx_word' id='word_1_199' title='bbox 2132 1484 2243 1520; x_wconf 86' lang='grc' dir='ltr'><strong>των</strong></span> <span class='ocrx_word' id='word_1_200' title='bbox 2281 1467 2373 1520; x_wconf 67' lang='grc' dir='ltr'>καὶ</span> <span class='ocrx_word' id='word_1_201' title='bbox 2410 1467 2565 1537; x_wconf 84' lang='grc' dir='ltr'>ὑμῶν</span> <span class='ocrx_word' id='word_1_202' title='bbox 2589 1464 3307 1537; x_wconf 84' lang='grc' dir='ltr'>προστεθείημενδόγματι,</span> <span class='ocrx_word' id='word_1_203' title='bbox 3334 1462 3428 1516; x_wconf 81' lang='grc' dir='ltr'>τὸν</span> <span class='ocrx_word' id='word_1_204' title='bbox 3451 1462 3566 1514; x_wconf 88' lang='grc' dir='ltr'><strong>τῶν</strong></span> <span class='ocrx_word' id='word_1_205' title='bbox 3594 1461 3720 1514; x_wconf 82' lang='grc' dir='ltr'>καθ’</span> 
     </span>
    </p>
   </div>
   <div class='ocr_carea' id='block_1_32' title="bbox 2125 1555 3721 1631">
    <p class='ocr_par' dir='ltr' id='par_1_32' title="bbox 2125 1555 3721 1631">
     <span class='ocr_line' id='line_1_32' title="bbox 2125 1555 3721 1631; baseline -0.004 -18"><span class='ocrx_word' id='word_1_206' title='bbox 2125 1560 2287 1631; x_wconf 83' lang='grc' dir='ltr'>ήμῶν</span> <span class='ocrx_word' id='word_1_207' title='bbox 2315 1559 2573 1613; x_wconf 87' lang='grc' dir='ltr'>λιϐέλλων</span> <span class='ocrx_word' id='word_1_208' title='bbox 2601 1560 2793 1630; x_wconf 85' lang='grc' dir='ltr'>μῶμον</span> <span class='ocrx_word' id='word_1_209' title='bbox 2818 1556 3270 1628; x_wconf 79' lang='grc' dir='ltr'>ἀποτριψαίμεθα</span> <span class='ocrx_word' id='word_1_210' title='bbox 3293 1572 3307 1587; x_wconf 80' lang='grc'><strong>⁸</strong></span> <span class='ocrx_word' id='word_1_211' title='bbox 3341 1556 3435 1610; x_wconf 75' lang='grc' dir='ltr'>καὶ</span> <span class='ocrx_word' id='word_1_212' title='bbox 3464 1556 3598 1608; x_wconf 85' lang='grc' dir='ltr'>ποία</span> <span class='ocrx_word' id='word_1_213' title='bbox 3624 1555 3721 1607; x_wconf 76' lang='grc' dir='ltr'><strong>τά·</strong></span> 
     </span>
    </p>
   </div>
   <div class='ocr_carea' id='block_1_33' title="bbox 2131 1646 3714 1720">
    <p class='ocr_par' dir='ltr' id='par_1_33' title="bbox 2131 1646 3714 1720">
     <span class='ocr_line' id='line_1_33' title="bbox 2131 1646 3714 1720; baseline -0.003 -19"><span class='ocrx_word' id='word_1_214' title='bbox 2131 1648 2212 1714; x_wconf 77' lang='grc' dir='ltr'><strong>εις</strong></span> <span class='ocrx_word' id='word_1_215' title='bbox 2238 1650 2368 1719; x_wconf 80' lang='grc' dir='ltr'>ἡμῖν</span> <span class='ocrx_word' id='word_1_216' title='bbox 2388 1649 2890 1720; x_wconf 81' lang='grc' dir='ltr'>ἀπονεμηθήσεται,</span> <span class='ocrx_word' id='word_1_217' title='bbox 2918 1646 3243 1710; x_wconf 80' lang='grc' dir='ltr'>ὑπευθύνοις</span> <span class='ocrx_word' id='word_1_218' title='bbox 3258 1646 3436 1712; x_wconf 81' lang='grc' dir='ltr'>οὖσιν,</span> <span class='ocrx_word' id='word_1_219' title='bbox 3453 1646 3531 1709; x_wconf 84' lang='grc' dir='ltr'>ὦς</span> <span class='ocrx_word' id='word_1_220' title='bbox 3554 1662 3714 1715; x_wconf 79' lang='grc' dir='ltr'>φατε,</span> 
     </span>
    </p>
   </div>
   <div class='ocr_carea' id='block_1_34' title="bbox 434 1730 2025 1826">
    <p class='ocr_par' dir='ltr' id='par_1_34' title="bbox 434 1732 2025 1804">
     <span class='ocr_line' id='line_1_34' title="bbox 434 1732 2025 1804; baseline -0.001 -19"><span class='ocrx_word' id='word_1_221' title='bbox 434 1732 565 1785; x_wconf 90' lang='lat' dir='ltr'><strong>tiam</strong></span> <span class='ocrx_word' id='word_1_222' title='bbox 603 1733 850 1788; x_wconf 86' lang='lat' dir='ltr'><strong>manibus</strong></span> <span class='ocrx_word' id='word_1_223' title='bbox 879 1734 1206 1804; x_wconf 82' lang='lat' dir='ltr'><strong>pedibusque</strong></span> <span class='ocrx_word' id='word_1_224' title='bbox 1236 1734 1529 1789; x_wconf 87' lang='lat' dir='ltr'><strong>concedere</strong></span> <span class='ocrx_word' id='word_1_225' title='bbox 1553 1747 1702 1803; x_wconf 77' lang='lat' dir='ltr'><strong>:quae</strong></span> <span class='ocrx_word' id='word_1_226' title='bbox 1729 1732 1867 1785; x_wconf 89' lang='lat' dir='ltr'><strong>ratio</strong></span> <span class='ocrx_word' id='word_1_227' title='bbox 1907 1740 1990 1802; x_wconf 81' lang='lat' dir='ltr'><strong>est</strong></span> <span class='ocrx_word' id='word_1_228' title='bbox 2009 1769 2025 1795; x_wconf 92' lang='lat'><strong>,</strong></span> 
     </span>
    </p>
   </div>
   <div class='ocr_carea' id='block_1_35' title="bbox 2129 1730 3720 1826">
    <p class='ocr_par' dir='ltr' id='par_1_35' title="bbox 2148 1730 3720 1806">
     <span class='ocr_line' id='line_1_35' title="bbox 2148 1730 3720 1806; baseline 0 -19"><span class='ocrx_word' id='word_1_229' title='bbox 2148 1736 2244 1788; x_wconf 76' lang='grc' dir='ltr'>καὶ</span> <span class='ocrx_word' id='word_1_230' title='bbox 2300 1737 2604 1797; x_wconf 82' lang='grc' dir='ltr'>κανονικοῖς</span> <span class='ocrx_word' id='word_1_231' title='bbox 2648 1736 2944 1790; x_wconf 84' lang='grc' dir='ltr'>έαλωκόσιν</span> <span class='ocrx_word' id='word_1_232' title='bbox 2997 1735 3339 1806; x_wconf 79' lang='grc' dir='ltr'>ὲγκλήμασι;</span> <span class='ocrx_word' id='word_1_233' title='bbox 3395 1734 3495 1795; x_wconf 88' lang='grc' dir='ltr'>Τίς</span> <span class='ocrx_word' id='word_1_234' title='bbox 3549 1730 3647 1787; x_wconf 70' lang='grc' dir='ltr'>οὖν</span> <span class='ocrx_word' id='word_1_235' title='bbox 3689 1736 3720 1787; x_wconf 87' lang='lat'><strong>6</strong></span> 
     </span>
    </p>
   </div>
   <div class='ocr_carea' id='block_1_36' title="bbox 432 1822 2025 1898">
    <p class='ocr_par' dir='ltr' id='par_1_36' title="bbox 432 1822 2020 1895">
     <span class='ocr_line' id='line_1_36' title="bbox 432 1822 2020 1895; baseline -0.001 -18"><span class='ocrx_word' id='word_1_236' title='bbox 432 1839 539 1892; x_wconf 88' lang='lat' dir='ltr'><strong>qua</strong></span> <span class='ocrx_word' id='word_1_237' title='bbox 576 1824 909 1895; x_wconf 83' lang='lat' dir='ltr'><strong>objectornm</strong></span> <span class='ocrx_word' id='word_1_238' title='bbox 964 1827 1116 1881; x_wconf 88' lang='lat' dir='ltr'><strong>nobis</strong></span> <span class='ocrx_word' id='word_1_239' title='bbox 1152 1825 1450 1881; x_wconf 87' lang='lat' dir='ltr'><strong>libellorum</strong></span> <span class='ocrx_word' id='word_1_240' title='bbox 1502 1826 1707 1879; x_wconf 89' lang='lat' dir='ltr'><strong>crimen</strong></span> <span class='ocrx_word' id='word_1_241' title='bbox 1742 1822 2020 1891; x_wconf 87' lang='lat' dir='ltr'><strong>depulsuri</strong></span> 
     </span>
    </p>
   </div>
   <div class='ocr_carea' id='block_1_37' title="bbox 2129 1822 3719 1898">
    <p class='ocr_par' dir='ltr' id='par_1_37' title="bbox 2129 1825 3719 1898">
     <span class='ocr_line' id='line_1_37' title="bbox 2129 1825 3719 1898; baseline -0.001 -18"><span class='ocrx_word' id='word_1_242' title='bbox 2129 1826 2439 1898; x_wconf 79' lang='grc' dir='ltr'>αὐθημερὸν</span> <span class='ocrx_word' id='word_1_243' title='bbox 2469 1827 2752 1898; x_wconf 82' lang='grc' dir='ltr'>καθαιρῶν</span> <span class='ocrx_word' id='word_1_244' title='bbox 2785 1828 2883 1882; x_wconf 79' lang='grc' dir='ltr'>καὶ</span> <span class='ocrx_word' id='word_1_245' title='bbox 2923 1826 3143 1895; x_wconf 78' lang='grc' dir='ltr'>ἀνάγων</span> <span class='ocrx_word' id='word_1_246' title='bbox 3181 1828 3265 1891; x_wconf 82' lang='grc' dir='ltr'><strong>είς</strong></span> <span class='ocrx_word' id='word_1_247' title='bbox 3301 1825 3437 1896; x_wconf 74' lang='grc' dir='ltr'>ὕψος</span> <span class='ocrx_word' id='word_1_248' title='bbox 3466 1826 3563 1880; x_wconf 79' lang='grc' dir='ltr'>τὸν</span> <span class='ocrx_word' id='word_1_249' title='bbox 3596 1825 3719 1879; x_wconf 73' lang='grc' dir='ltr'>οὐδὲ</span> 
     </span>
    </p>
   </div>
   <div class='ocr_carea' id='block_1_38' title="bbox 425 1916 2025 1990">
    <p class='ocr_par' dir='ltr' id='par_1_38' title="bbox 425 1916 2019 1987">
     <span class='ocr_line' id='line_1_38' title="bbox 425 1916 2019 1987; baseline -0.001 -19"><span class='ocrx_word' id='word_1_250' title='bbox 425 1918 661 1977; x_wconf 83' lang='lat' dir='ltr'><strong>sumus?</strong></span> <span class='ocrx_word' id='word_1_251' title='bbox 689 1918 812 1987; x_wconf 87' lang='lat' dir='ltr'><strong>quis</strong></span> <span class='ocrx_word' id='word_1_252' title='bbox 862 1918 1017 1973; x_wconf 89' lang='lat' dir='ltr'><strong>nobis</strong></span> <span class='ocrx_word' id='word_1_253' title='bbox 1067 1919 1268 1986; x_wconf 78' lang='lat' dir='ltr'><strong>gradus</strong></span> <span class='ocrx_word' id='word_1_254' title='bbox 1321 1918 1663 1979; x_wconf 80' lang='lat' dir='ltr'><strong>decernetur,</strong></span> <span class='ocrx_word' id='word_1_255' title='bbox 1715 1916 1804 1982; x_wconf 88' lang='lat' dir='ltr'><strong>qui</strong></span> <span class='ocrx_word' id='word_1_256' title='bbox 1836 1922 2019 1967; x_wconf 88' lang='lat' dir='ltr'><strong>vestra</strong></span> 
     </span>
    </p>
   </div>
   <div class='ocr_carea' id='block_1_39' title="bbox 2129 1916 3719 1990">
    <p class='ocr_par' dir='ltr' id='par_1_39' title="bbox 2129 1917 3719 1990">
     <span class='ocr_line' id='line_1_39' title="bbox 2129 1917 3719 1990; baseline -0.002 -18"><span class='ocrx_word' id='word_1_257' title='bbox 2129 1918 2275 1972; x_wconf 86' lang='grc' dir='ltr'>κάτω</span> <span class='ocrx_word' id='word_1_258' title='bbox 2302 1918 2497 1987; x_wconf 79' lang='grc' dir='ltr'>στῆναι</span> <span class='ocrx_word' id='word_1_259' title='bbox 2517 1917 2819 1988; x_wconf 87' lang='grc' dir='ltr'>δυνάμενον</span> <span class='ocrx_word' id='word_1_260' title='bbox 2841 1934 2856 1983; x_wconf 89' lang='grc'>;</span> <span class='ocrx_word' id='word_1_261' title='bbox 2886 1919 2959 1971; x_wconf 84' lang='grc' dir='ltr'><em>Ἢ</em></span> <span class='ocrx_word' id='word_1_262' title='bbox 2985 1918 3272 1990; x_wconf 84' lang='grc' dir='ltr'>ἀμυήτους</span> <span class='ocrx_word' id='word_1_263' title='bbox 3299 1919 3394 1972; x_wconf 74' lang='grc' dir='ltr'>καὶ</span> <span class='ocrx_word' id='word_1_264' title='bbox 3417 1918 3719 1988; x_wconf 82' lang='grc' dir='ltr'>ἀνεπιστή-</span> 
     </span>
    </p>
   </div>
   <div class='ocr_carea' id='block_1_40' title="bbox 433 2003 2025 2081">
    <p class='ocr_par' dir='ltr' id='par_1_40' title="bbox 433 2003 2019 2076">
     <span class='ocr_line' id='line_1_40' title="bbox 433 2003 2019 2076; baseline -0.001 -18"><span class='ocrx_word' id='word_1_265' title='bbox 433 2009 701 2061; x_wconf 78' lang='lat' dir='ltr'><strong>sententia</strong></span> <span class='ocrx_word' id='word_1_266' title='bbox 753 2007 830 2062; x_wconf 89' lang='lat' dir='ltr'><strong>rei</strong></span> <span class='ocrx_word' id='word_1_267' title='bbox 864 2017 1026 2076; x_wconf 89' lang='lat' dir='ltr'><strong>atque</strong></span> <span class='ocrx_word' id='word_1_268' title='bbox 1067 2008 1286 2063; x_wconf 57' lang='lat' dir='ltr'><strong>obnoxii</strong></span> <span class='ocrx_word' id='word_1_269' title='bbox 1321 2006 1672 2063; x_wconf 75' lang='lat' dir='ltr'><strong>exsistimus?</strong></span> <span class='ocrx_word' id='word_1_270' title='bbox 1700 2004 1832 2071; x_wconf 84' lang='lat' dir='ltr'><strong>Quis</strong></span> <span class='ocrx_word' id='word_1_271' title='bbox 1851 2003 2019 2068; x_wconf 90' lang='lat' dir='ltr'><strong>enim,</strong></span> 
     </span>
    </p>
   </div>
   <div class='ocr_carea' id='block_1_41' title="bbox 2129 2003 3775 2081">
    <p class='ocr_par' dir='ltr' id='par_1_41' title="bbox 2129 2008 3775 2081">
     <span class='ocr_line' id='line_1_41' title="bbox 2129 2008 3775 2081; baseline 0.001 -21"><span class='ocrx_word' id='word_1_272' title='bbox 2129 2025 2298 2078; x_wconf 89' lang='grc' dir='ltr'>μονας</span> <span class='ocrx_word' id='word_1_273' title='bbox 2319 2008 2451 2079; x_wconf 80' lang='grc' dir='ltr'>περὶ</span> <span class='ocrx_word' id='word_1_274' title='bbox 2475 2011 2573 2079; x_wconf 82' lang='grc' dir='ltr'>τὴν</span> <span class='ocrx_word' id='word_1_275' title='bbox 2597 2009 2707 2063; x_wconf 81' lang='grc' dir='ltr'><strong>τῶν</strong></span> <span class='ocrx_word' id='word_1_276' title='bbox 2729 2009 2891 2064; x_wconf 70' lang='grc' dir='ltr'>θείων</span> <span class='ocrx_word' id='word_1_277' title='bbox 2908 2008 3137 2081; x_wconf 73' lang='grc' dir='ltr'>ἔρευναν</span> <span class='ocrx_word' id='word_1_278' title='bbox 3166 2010 3317 2080; x_wconf 81' lang='grc' dir='ltr'>ἡμᾶς</span> <span class='ocrx_word' id='word_1_279' title='bbox 3343 2008 3714 2080; x_wconf 70' lang='grc' dir='ltr'>ὑπειλήφατες</span> <span class='ocrx_word' id='word_1_280' title='bbox 3768 2012 3775 2017; x_wconf 91' lang='grc'><strong><em>“</em></strong></span> 
     </span>
    </p>
   </div>
   <div class='ocr_carea' id='block_1_42' title="bbox 437 2096 2025 2174">
    <p class='ocr_par' dir='ltr' id='par_1_42' title="bbox 437 2096 2013 2169">
     <span class='ocr_line' id='line_1_42' title="bbox 437 2096 2013 2169; baseline 0.002 -20"><span class='ocrx_word' id='word_1_281' title='bbox 437 2098 562 2164; x_wconf 89' lang='lat' dir='ltr'><strong>quis</strong></span> <span class='ocrx_word' id='word_1_282' title='bbox 603 2099 691 2152; x_wconf 91' lang='lat' dir='ltr'><strong>ille</strong></span> <span class='ocrx_word' id='word_1_283' title='bbox 742 2109 824 2152; x_wconf 90' lang='lat' dir='ltr'><strong>est</strong></span> <span class='ocrx_word' id='word_1_284' title='bbox 863 2102 1148 2169; x_wconf 81' lang='lat' dir='ltr'><strong>potestatis</strong></span> <span class='ocrx_word' id='word_1_285' title='bbox 1191 2112 1373 2165; x_wconf 66' lang='lat' dir='ltr'><strong>tantae,</strong></span> <span class='ocrx_word' id='word_1_286' title='bbox 1420 2108 1480 2155; x_wconf 87' lang='lat' dir='ltr'><strong>ut</strong></span> <span class='ocrx_word' id='word_1_287' title='bbox 1525 2100 1667 2154; x_wconf 88' lang='lat' dir='ltr'><strong>intra</strong></span> <span class='ocrx_word' id='word_1_288' title='bbox 1699 2098 1805 2154; x_wconf 89' lang='lat' dir='ltr'><strong>diei</strong></span> <span class='ocrx_word' id='word_1_289' title='bbox 1854 2096 2013 2152; x_wconf 87' lang='lat' dir='ltr'><strong>unius</strong></span> 
     </span>
    </p>
   </div>
   <div class='ocr_carea' id='block_1_43' title="bbox 2129 2096 3719 2174">
    <p class='ocr_par' dir='ltr' id='par_1_43' title="bbox 2129 2096 3719 2174">
     <span class='ocr_line' id='line_1_43' title="bbox 2129 2096 3719 2174; baseline -0.001 -20"><span class='ocrx_word' id='word_1_290' title='bbox 2129 2099 2393 2171; x_wconf 86' lang='grc' dir='ltr'>Τόλμημα</span> <span class='ocrx_word' id='word_1_291' title='bbox 2415 2099 2527 2171; x_wconf 74' lang='grc'>(21)</span> <span class='ocrx_word' id='word_1_292' title='bbox 2544 2102 2601 2154; x_wconf 78' lang='grc' dir='ltr'>ὲν</span> <span class='ocrx_word' id='word_1_293' title='bbox 2617 2105 2729 2163; x_wconf 82' lang='grc' dir='ltr'>τοῖς</span> <span class='ocrx_word' id='word_1_294' title='bbox 2747 2103 3064 2174; x_wconf 86' lang='grc' dir='ltr'>ίερωμένοις</span> <span class='ocrx_word' id='word_1_295' title='bbox 3093 2096 3202 2154; x_wconf 79' lang='grc' dir='ltr'>οἷόν</span> <span class='ocrx_word' id='word_1_296' title='bbox 3236 2102 3353 2156; x_wconf 79' lang='grc' dir='ltr'>ἐστι</span> <span class='ocrx_word' id='word_1_297' title='bbox 3377 2102 3551 2171; x_wconf 84' lang='grc' dir='ltr'>κρῖμα</span> <span class='ocrx_word' id='word_1_298' title='bbox 3573 2096 3719 2169; x_wconf 73' lang='grc' dir='ltr'>λογίο</span> 
     </span>
    </p>
   </div>
   <div class='ocr_carea' id='block_1_44' title="bbox 436 2189 2025 2266">
    <p class='ocr_par' dir='ltr' id='par_1_44' title="bbox 436 2189 2019 2260">
     <span class='ocr_line' id='line_1_44' title="bbox 436 2189 2019 2260; baseline 0.003 -22"><span class='ocrx_word' id='word_1_299' title='bbox 436 2189 722 2256; x_wconf 86' lang='lat' dir='ltr'><strong>angustias</strong></span> <span class='ocrx_word' id='word_1_300' title='bbox 753 2189 1061 2258; x_wconf 88' lang='lat' dir='ltr'><strong>depositum</strong></span> <span class='ocrx_word' id='word_1_301' title='bbox 1097 2206 1161 2245; x_wconf 89' lang='lat' dir='ltr'><strong>ac</strong></span> <span class='ocrx_word' id='word_1_302' title='bbox 1208 2209 1275 2246; x_wconf 90' lang='lat' dir='ltr'><strong>ne</strong></span> <span class='ocrx_word' id='word_1_303' title='bbox 1299 2192 1354 2246; x_wconf 91' lang='lat' dir='ltr'><strong>in</strong></span> <span class='ocrx_word' id='word_1_304' title='bbox 1382 2192 1569 2245; x_wconf 85' lang='lat' dir='ltr'><strong>infimo</strong></span> <span class='ocrx_word' id='word_1_305' title='bbox 1593 2191 1812 2260; x_wconf 89' lang='lat' dir='ltr'><strong>quidem</strong></span> <span class='ocrx_word' id='word_1_306' title='bbox 1847 2190 2019 2259; x_wconf 75' lang='lat' dir='ltr'><strong>gradu</strong></span> 
     </span>
    </p>
   </div>
   <div class='ocr_carea' id='block_1_45' title="bbox 2129 2189 3713 2266">
    <p class='ocr_par' dir='ltr' id='par_1_45' title="bbox 2129 2190 3713 2266">
     <span class='ocr_line' id='line_1_45' title="bbox 2129 2190 3713 2266; baseline 0.001 -22"><span class='ocrx_word' id='word_1_307' title='bbox 2129 2190 2349 2255; x_wconf 75' lang='grc' dir='ltr'>ζεσθαι·</span> <span class='ocrx_word' id='word_1_308' title='bbox 2441 2191 2580 2245; x_wconf 84' lang='grc' dir='ltr'>Ἀλλ’</span> <span class='ocrx_word' id='word_1_309' title='bbox 2618 2192 2786 2256; x_wconf 84' lang='grc' dir='ltr'>δντως</span> <span class='ocrx_word' id='word_1_310' title='bbox 2815 2192 2952 2258; x_wconf 75' lang='grc' dir='ltr'>πρὸς</span> <span class='ocrx_word' id='word_1_311' title='bbox 2994 2194 3095 2266; x_wconf 76' lang='grc' dir='ltr'><strong>τήν</strong></span> <span class='ocrx_word' id='word_1_312' title='bbox 3130 2193 3338 2248; x_wconf 84' lang='grc' dir='ltr'>τούτων</span> <span class='ocrx_word' id='word_1_313' title='bbox 3371 2191 3713 2263; x_wconf 87' lang='grc' dir='ltr'>παρόρασιν,</span> 
     </span>
    </p>
   </div>
   <div class='ocr_carea' id='block_1_46' title="bbox 433 2279 2037 2351">
    <p class='ocr_par' dir='ltr' id='par_1_46' title="bbox 433 2279 2037 2351">
     <span class='ocr_line' id='line_1_46' title="bbox 433 2279 2037 2351; baseline 0.002 -19"><span class='ocrx_word' id='word_1_314' title='bbox 433 2279 706 2333; x_wconf 85' lang='lat' dir='ltr'><strong>valentem</strong></span> <span class='ocrx_word' id='word_1_315' title='bbox 755 2281 1079 2348; x_wconf 89' lang='lat' dir='ltr'><strong>consistere,</strong></span> <span class='ocrx_word' id='word_1_316' title='bbox 1122 2283 1347 2341; x_wconf 76' lang='lat' dir='ltr'><strong>extollat</strong></span> <span class='ocrx_word' id='word_1_317' title='bbox 1392 2284 1445 2337; x_wconf 91' lang='lat' dir='ltr'><strong>in</strong></span> <span class='ocrx_word' id='word_1_318' title='bbox 1481 2281 1840 2351; x_wconf 83' lang='lat' dir='ltr'><strong>supremum?</strong></span> <span class='ocrx_word' id='word_1_319' title='bbox 1884 2279 2037 2336; x_wconf 81' lang='lat' dir='ltr'><strong>Num&#39;</strong></span> 
     </span>
    </p>
   </div>
   <div class='ocr_carea' id='block_1_47' title="bbox 435 2362 2023 2442">
    <p class='ocr_par' dir='ltr' id='par_1_47' title="bbox 435 2362 2023 2442">
     <span class='ocr_line' id='line_1_47' title="bbox 435 2362 2023 2442; baseline 0.001 -18"><span class='ocrx_word' id='word_1_320' title='bbox 435 2371 603 2424; x_wconf 83' lang='lat' dir='ltr'><strong>rudes</strong></span> <span class='ocrx_word' id='word_1_321' title='bbox 647 2371 785 2426; x_wconf 88' lang='lat' dir='ltr'><strong>adeo</strong></span> <span class='ocrx_word' id='word_1_322' title='bbox 841 2386 939 2428; x_wconf 92' lang='lat' dir='ltr'><strong>nos</strong></span> <span class='ocrx_word' id='word_1_323' title='bbox 987 2380 1149 2441; x_wconf 77' lang='lat' dir='ltr'><strong>atque</strong></span> <span class='ocrx_word' id='word_1_324' title='bbox 1197 2362 1483 2442; x_wconf 85' lang='lat' dir='ltr'><strong>Imperitos</strong></span> <span class='ocrx_word' id='word_1_325' title='bbox 1528 2373 1860 2437; x_wconf 77' lang='lat' dir='ltr'><strong>existimatis</strong></span> <span class='ocrx_word' id='word_1_326' title='bbox 1889 2411 1905 2438; x_wconf 91' lang='lat'><strong>,</strong></span> <span class='ocrx_word' id='word_1_327' title='bbox 1963 2380 2023 2426; x_wconf 91' lang='lat' dir='ltr'><strong>ut</strong></span> 
     </span>
    </p>
   </div>
   <div class='ocr_carea' id='block_1_48' title="bbox 435 2460 2023 2529">
    <p class='ocr_par' dir='ltr' id='par_1_48' title="bbox 435 2460 2023 2529">
     <span class='ocr_line' id='line_1_48' title="bbox 435 2460 2023 2529; baseline 0.003 -15"><span class='ocrx_word' id='word_1_328' title='bbox 435 2460 621 2515; x_wconf 77' lang='lat' dir='ltr'><strong>divina</strong></span> <span class='ocrx_word' id='word_1_329' title='bbox 654 2461 776 2529; x_wconf 85' lang='lat' dir='ltr'><strong>jura</strong></span> <span class='ocrx_word' id='word_1_330' title='bbox 816 2479 921 2518; x_wconf 92' lang='lat' dir='ltr'><strong>non</strong></span> <span class='ocrx_word' id='word_1_331' title='bbox 944 2465 1113 2519; x_wconf 85' lang='lat' dir='ltr'><strong>simus</strong></span> <span class='ocrx_word' id='word_1_332' title='bbox 1140 2467 1366 2519; x_wconf 82' lang='lat' dir='ltr'><strong>scrutati</strong></span> <span class='ocrx_word' id='word_1_333' title='bbox 1385 2467 1409 2519; x_wconf 65' lang='grc' dir='ltr'><strong>ί</strong></span> <span class='ocrx_word' id='word_1_334' title='bbox 1426 2466 1557 2520; x_wconf 86' lang='lat' dir='ltr'><strong>Eam</strong></span> <span class='ocrx_word' id='word_1_335' title='bbox 1574 2481 1705 2520; x_wconf 89' lang='lat' dir='ltr'><strong>sane</strong></span> <span class='ocrx_word' id='word_1_336' title='bbox 1729 2476 1910 2519; x_wconf 84' lang='lat' dir='ltr'><strong>notam</strong></span> <span class='ocrx_word' id='word_1_337' title='bbox 1927 2478 2023 2518; x_wconf 82' lang='lat' dir='ltr'><strong>ne-</strong></span> 
     </span>
    </p>
   </div>
   <div class='ocr_carea' id='block_1_49' title="bbox 437 2553 2018 2628">
    <p class='ocr_par' dir='ltr' id='par_1_49' title="bbox 437 2553 2018 2628">
     <span class='ocr_line' id='line_1_49' title="bbox 437 2553 2018 2628; baseline 0.004 -25"><span class='ocrx_word' id='word_1_338' title='bbox 437 2553 522 2605; x_wconf 85' lang='lat' dir='ltr'><strong>fas</strong></span> <span class='ocrx_word' id='word_1_339' title='bbox 556 2562 640 2606; x_wconf 90' lang='lat' dir='ltr'><strong>est</strong></span> <span class='ocrx_word' id='word_1_340' title='bbox 687 2553 751 2607; x_wconf 90' lang='lat' dir='ltr'><strong>iis</strong></span> <span class='ocrx_word' id='word_1_341' title='bbox 783 2554 1079 2619; x_wconf 87' lang='lat' dir='ltr'><strong>ascribere,</strong></span> <span class='ocrx_word' id='word_1_342' title='bbox 1104 2555 1195 2624; x_wconf 88' lang='lat' dir='ltr'><strong>qui</strong></span> <span class='ocrx_word' id='word_1_343' title='bbox 1242 2557 1532 2611; x_wconf 85' lang='lat' dir='ltr'><strong>sacerdotii</strong></span> <span class='ocrx_word' id='word_1_344' title='bbox 1556 2555 1747 2628; x_wconf 81' lang='lat' dir='ltr'><strong>infulis</strong></span> <span class='ocrx_word' id='word_1_345' title='bbox 1794 2556 2018 2627; x_wconf 79' lang='lat' dir='ltr'><strong>fulgent.</strong></span> 
     </span>
    </p>
   </div>
   <div class='ocr_carea' id='block_1_50' title="bbox 442 2639 2021 2717">
    <p class='ocr_par' dir='ltr' id='par_1_50' title="bbox 442 2639 2021 2717">
     <span class='ocr_line' id='line_1_50' title="bbox 442 2639 2021 2717; baseline 0.005 -22"><span class='ocrx_word' id='word_1_346' title='bbox 442 2639 648 2710; x_wconf 82' lang='lat' dir='ltr'><strong>Nempe</strong></span> <span class='ocrx_word' id='word_1_347' title='bbox 672 2643 737 2696; x_wconf 91' lang='lat' dir='ltr'><strong>ad</strong></span> <span class='ocrx_word' id='word_1_348' title='bbox 760 2645 1065 2713; x_wconf 81' lang='lat' dir='ltr'><strong>spernenda</strong></span> <span class='ocrx_word' id='word_1_349' title='bbox 1090 2648 1213 2713; x_wconf 87' lang='lat' dir='ltr'><strong>jura</strong></span> <span class='ocrx_word' id='word_1_350' title='bbox 1239 2647 1494 2714; x_wconf 82' lang='lat' dir='ltr'><strong>proclivis</strong></span> <span class='ocrx_word' id='word_1_351' title='bbox 1527 2663 1739 2716; x_wconf 82' lang='lat' dir='ltr'><strong>semper</strong></span> <span class='ocrx_word' id='word_1_352' title='bbox 1769 2648 2021 2717; x_wconf 82' lang='lat' dir='ltr'><strong>impietas</strong></span> 
     </span>
    </p>
   </div>
   <div class='ocr_carea' id='block_1_51' title="bbox 437 2734 2019 2809">
    <p class='ocr_par' dir='ltr' id='par_1_51' title="bbox 437 2734 2019 2809">
     <span class='ocr_line' id='line_1_51' title="bbox 437 2734 2019 2809; baseline 0.004 -24"><span class='ocrx_word' id='word_1_353' title='bbox 437 2741 543 2797; x_wconf 87' lang='lat' dir='ltr'><strong>est,</strong></span> <span class='ocrx_word' id='word_1_354' title='bbox 574 2734 738 2804; x_wconf 88' lang='lat' dir='ltr'><strong>inque</strong></span> <span class='ocrx_word' id='word_1_355' title='bbox 790 2752 952 2789; x_wconf 92' lang='lat' dir='ltr'><strong>unam</strong></span> <span class='ocrx_word' id='word_1_356' title='bbox 994 2747 1306 2806; x_wconf 86' lang='lat' dir='ltr'><strong>comparata</strong></span> <span class='ocrx_word' id='word_1_357' title='bbox 1368 2739 1887 2809; x_wconf 84' lang='lat' dir='ltr'><strong>transgressionem,</strong></span> <span class='ocrx_word' id='word_1_358' title='bbox 1914 2753 2019 2807; x_wconf 90' lang='lat' dir='ltr'><strong>qua</strong></span> 
     </span>
    </p>
   </div>
   <div class='ocr_carea' id='block_1_52' title="bbox 436 2823 2020 2898">
    <p class='ocr_par' dir='ltr' id='par_1_52' title="bbox 436 2823 2020 2898">
     <span class='ocr_line' id='line_1_52' title="bbox 436 2823 2020 2898; baseline 0.004 -21"><span class='ocrx_word' id='word_1_359' title='bbox 436 2823 539 2877; x_wconf 88' lang='lat' dir='ltr'><strong>sibi</strong></span> <span class='ocrx_word' id='word_1_360' title='bbox 570 2826 936 2894; x_wconf 84' lang='lat' dir='ltr'><strong>obsequentes</strong></span> <span class='ocrx_word' id='word_1_361' title='bbox 976 2829 1028 2881; x_wconf 94' lang='lat' dir='ltr'><strong>in</strong></span> <span class='ocrx_word' id='word_1_362' title='bbox 1057 2828 1254 2882; x_wconf 81' lang='lat' dir='ltr'><strong>inferni</strong></span> <span class='ocrx_word' id='word_1_363' title='bbox 1309 2826 1562 2898; x_wconf 83' lang='lat' dir='ltr'><strong>laqueuui</strong></span> <span class='ocrx_word' id='word_1_364' title='bbox 1597 2837 1653 2883; x_wconf 88' lang='lat' dir='ltr'><strong>et</strong></span> <span class='ocrx_word' id='word_1_365' title='bbox 1698 2829 2020 2883; x_wconf 85' lang='lat' dir='ltr'><strong>barathrum</strong></span> 
     </span>
    </p>
   </div>
   <div class='ocr_carea' id='block_1_53' title="bbox 432 2915 2022 2989">
    <p class='ocr_par' dir='ltr' id='par_1_53' title="bbox 432 2915 2022 2989">
     <span class='ocr_line' id='line_1_53' title="bbox 432 2915 2022 2989; baseline 0.004 -22"><span class='ocrx_word' id='word_1_366' title='bbox 432 2915 736 2984; x_wconf 83' lang='lat' dir='ltr'><strong>pertrabat.</strong></span> <span class='ocrx_word' id='word_1_367' title='bbox 777 2917 1049 2972; x_wconf 89' lang='lat' dir='ltr'><strong>Discedite</strong></span> <span class='ocrx_word' id='word_1_368' title='bbox 1070 2932 1199 2988; x_wconf 77' lang='lat' dir='ltr'><strong>ergo</strong></span> <span class='ocrx_word' id='word_1_369' title='bbox 1233 2935 1261 2971; x_wconf 92' lang='lat' dir='ltr'><strong>a</strong></span> <span class='ocrx_word' id='word_1_370' title='bbox 1291 2920 1468 2985; x_wconf 90' lang='lat' dir='ltr'><strong>nobis,</strong></span> <span class='ocrx_word' id='word_1_371' title='bbox 1495 2920 1733 2989; x_wconf 89' lang='lat' dir='ltr'><strong>operarii</strong></span> <span class='ocrx_word' id='word_1_372' title='bbox 1760 2919 2022 2987; x_wconf 89' lang='lat' dir='ltr'><strong>iniquita-</strong></span> 
     </span>
    </p>
   </div>
   <div class='ocr_carea' id='block_1_54' title="bbox 435 3005 2017 3075">
    <p class='ocr_par' dir='ltr' id='par_1_54' title="bbox 435 3005 2017 3075">
     <span class='ocr_line' id='line_1_54' title="bbox 435 3005 2017 3075; baseline 0.003 -16"><span class='ocrx_word' id='word_1_373' title='bbox 435 3005 544 3067; x_wconf 85' lang='lat' dir='ltr'><strong>tis;</strong></span> <span class='ocrx_word' id='word_1_374' title='bbox 577 3008 642 3058; x_wconf 89' lang='lat' dir='ltr'><strong>ad</strong></span> <span class='ocrx_word' id='word_1_375' title='bbox 683 3007 967 3075; x_wconf 88' lang='lat' dir='ltr'><strong>proprium</strong></span> <span class='ocrx_word' id='word_1_376' title='bbox 1017 3009 1191 3064; x_wconf 85' lang='lat' dir='ltr'><strong>redite</strong></span> <span class='ocrx_word' id='word_1_377' title='bbox 1212 3010 1504 3075; x_wconf 80' lang='lat' dir='ltr'><strong>vomitum,</strong></span> <span class='ocrx_word' id='word_1_378' title='bbox 1539 3010 1813 3064; x_wconf 90' lang='lat' dir='ltr'><strong>latrocinii</strong></span> <span class='ocrx_word' id='word_1_379' title='bbox 1851 3011 2017 3065; x_wconf 83' lang='lat' dir='ltr'><strong>vestri</strong></span> 
     </span>
    </p>
   </div>
   <div class='ocr_carea' id='block_1_55' title="bbox 318 3096 2016 3169">
    <p class='ocr_par' dir='ltr' id='par_1_55' title="bbox 318 3096 2016 3169">
     <span class='ocr_line' id='line_1_55' title="bbox 318 3096 2016 3169; baseline 0.004 -21"><span class='ocrx_word' id='word_1_380' title='bbox 318 3132 333 3137; x_wconf 88' lang='grc'><strong>-</strong></span> <span class='ocrx_word' id='word_1_381' title='bbox 436 3110 635 3163; x_wconf 82' lang='lat' dir='ltr'><strong>specus</strong></span> <span class='ocrx_word' id='word_1_382' title='bbox 680 3096 963 3165; x_wconf 87' lang='lat' dir='ltr'><strong>lustraque</strong></span> <span class='ocrx_word' id='word_1_383' title='bbox 998 3101 1251 3169; x_wconf 88' lang='lat' dir='ltr'><strong>repetite.</strong></span> <span class='ocrx_word' id='word_1_384' title='bbox 1296 3099 1411 3155; x_wconf 78' lang='lat' dir='ltr'><strong>Nec</strong></span> <span class='ocrx_word' id='word_1_385' title='bbox 1457 3100 1604 3156; x_wconf 90' lang='lat' dir='ltr'><strong>enim</strong></span> <span class='ocrx_word' id='word_1_386' title='bbox 1637 3100 1879 3155; x_wconf 84' lang='lat' dir='ltr'><strong>futurum</strong></span> <span class='ocrx_word' id='word_1_387' title='bbox 1908 3108 2016 3166; x_wconf 87' lang='lat' dir='ltr'><strong>est,</strong></span> 
     </span>
    </p>
   </div>
   <div class='ocr_carea' id='block_1_56' title="bbox 2123 2279 3717 2354">
    <p class='ocr_par' dir='ltr' id='par_1_56' title="bbox 2123 2279 3717 2354">
     <span class='ocr_line' id='line_1_56' title="bbox 2123 2279 3717 2354; baseline -0.001 -18"><span class='ocrx_word' id='word_1_388' title='bbox 2123 2282 2219 2337; x_wconf 76' lang='grc' dir='ltr'>καὶ</span> <span class='ocrx_word' id='word_1_389' title='bbox 2269 2279 2407 2353; x_wconf 79' lang='grc' dir='ltr'>πρὸς</span> <span class='ocrx_word' id='word_1_390' title='bbox 2444 2281 2613 2351; x_wconf 85' lang='grc' dir='ltr'>μόνην</span> <span class='ocrx_word' id='word_1_391' title='bbox 2646 2282 2961 2353; x_wconf 81' lang='grc' dir='ltr'>παράϐασιν</span> <span class='ocrx_word' id='word_1_392' title='bbox 2988 2285 3212 2353; x_wconf 68' lang='grc' dir='ltr'>ἕτοιμον</span> <span class='ocrx_word' id='word_1_393' title='bbox 3242 2285 3275 2354; x_wconf 85' lang='grc' dir='ltr'>ἠ</span> <span class='ocrx_word' id='word_1_394' title='bbox 3315 2282 3565 2347; x_wconf 85' lang='grc' dir='ltr'>ἀσέϐεια,</span> <span class='ocrx_word' id='word_1_395' title='bbox 3590 2282 3717 2344; x_wconf 81' lang='grc' dir='ltr'>τοὺς</span> 
     </span>
    </p>
   </div>
   <div class='ocr_carea' id='block_1_57' title="bbox 2082 2371 3710 2444">
    <p class='ocr_par' dir='ltr' id='par_1_57' title="bbox 2082 2371 3710 2444">
     <span class='ocr_line' id='line_1_57' title="bbox 2082 2371 3710 2444; baseline 0.001 -20"><span class='ocrx_word' id='word_1_396' title='bbox 2082 2371 2260 2442; x_wconf 68' lang='grc' dir='ltr'><strong>υαύτῇ</strong></span> <span class='ocrx_word' id='word_1_397' title='bbox 2314 2371 2670 2442; x_wconf 83' lang='grc' dir='ltr'>πειθομένους</span> <span class='ocrx_word' id='word_1_398' title='bbox 2714 2375 2796 2436; x_wconf 77' lang='grc' dir='ltr'>εὶς</span> <span class='ocrx_word' id='word_1_399' title='bbox 2845 2372 2973 2444; x_wconf 72' lang='grc' dir='ltr'>ᾅδου</span> <span class='ocrx_word' id='word_1_400' title='bbox 3023 2373 3373 2428; x_wconf 81' lang='grc' dir='ltr'>καθέλκουσα</span> <span class='ocrx_word' id='word_1_401' title='bbox 3416 2373 3710 2443; x_wconf 88' lang='grc' dir='ltr'>πέταυρον.</span> 
     </span>
    </p>
   </div>
   <div class='ocr_carea' id='block_1_58' title="bbox 2133 2459 3710 2536">
    <p class='ocr_par' dir='ltr' id='par_1_58' title="bbox 2133 2459 3710 2536">
     <span class='ocr_line' id='line_1_58' title="bbox 2133 2459 3710 2536; baseline 0.001 -21"><span class='ocrx_word' id='word_1_402' title='bbox 2133 2463 2504 2534; x_wconf 80' lang='grc' dir='ltr'>Ἀποχωρεῖτε</span> <span class='ocrx_word' id='word_1_403' title='bbox 2532 2459 2625 2517; x_wconf 81' lang='grc' dir='ltr'>οὖν</span> <span class='ocrx_word' id='word_1_404' title='bbox 2661 2464 2755 2533; x_wconf 83' lang='grc' dir='ltr'>ἀφ’</span> <span class='ocrx_word' id='word_1_405' title='bbox 2795 2465 2957 2535; x_wconf 82' lang='grc' dir='ltr'>ἡμῶν</span> <span class='ocrx_word' id='word_1_406' title='bbox 2977 2506 2993 2530; x_wconf 93' lang='grc'><strong>,</strong></span> <span class='ocrx_word' id='word_1_407' title='bbox 3040 2467 3270 2536; x_wconf 74' lang='grc' dir='ltr'>ἐργάται</span> <span class='ocrx_word' id='word_1_408' title='bbox 3301 2465 3401 2536; x_wconf 83' lang='grc' dir='ltr'>τῆς</span> <span class='ocrx_word' id='word_1_409' title='bbox 3440 2465 3674 2535; x_wconf 80' lang='grc' dir='ltr'>ἀνομίας</span> <span class='ocrx_word' id='word_1_410' title='bbox 3694 2480 3710 2495; x_wconf 77' lang='grc' dir='ltr'><strong>ο</strong></span> 
     </span>
    </p>
   </div>
   <div class='ocr_carea' id='block_1_59' title="bbox 2121 2554 3716 2628">
    <p class='ocr_par' dir='ltr' id='par_1_59' title="bbox 2121 2554 3716 2628">
     <span class='ocr_line' id='line_1_59' title="bbox 2121 2554 3716 2628; baseline -0.002 -18"><span class='ocrx_word' id='word_1_411' title='bbox 2121 2556 2261 2627; x_wconf 80' lang='grc' dir='ltr'>πρὸς</span> <span class='ocrx_word' id='word_1_412' title='bbox 2296 2556 2390 2609; x_wconf 79' lang='grc' dir='ltr'><strong>τὸν</strong></span> <span class='ocrx_word' id='word_1_413' title='bbox 2438 2556 2570 2609; x_wconf 87' lang='grc' dir='ltr'>ῐδιον</span> <span class='ocrx_word' id='word_1_414' title='bbox 2600 2556 2756 2626; x_wconf 86' lang='grc' dir='ltr'>ὑμῶν</span> <span class='ocrx_word' id='word_1_415' title='bbox 2788 2555 2987 2624; x_wconf 77' lang='grc' dir='ltr'>ἔμετον</span> <span class='ocrx_word' id='word_1_416' title='bbox 3015 2556 3437 2628; x_wconf 79' lang='grc' dir='ltr'>ἀποστράφητε,</span> <span class='ocrx_word' id='word_1_417' title='bbox 3482 2556 3623 2626; x_wconf 74' lang='grc' dir='ltr'>πρὸς</span> <span class='ocrx_word' id='word_1_418' title='bbox 3649 2554 3716 2608; x_wconf 84' lang='grc' dir='ltr'><strong>τά</strong></span> 
     </span>
    </p>
   </div>
   <div class='ocr_carea' id='block_1_60' title="bbox 2121 2645 3716 2719">
    <p class='ocr_par' dir='ltr' id='par_1_60' title="bbox 2121 2645 3716 2719">
     <span class='ocr_line' id='line_1_60' title="bbox 2121 2645 3716 2719; baseline -0.003 -19"><span class='ocrx_word' id='word_1_419' title='bbox 2121 2647 2223 2717; x_wconf 87' lang='grc' dir='ltr'><strong>τῆς</strong></span> <span class='ocrx_word' id='word_1_420' title='bbox 2263 2646 2522 2719; x_wconf 76' lang='grc' dir='ltr'>λῃστείας</span> <span class='ocrx_word' id='word_1_421' title='bbox 2551 2646 2704 2715; x_wconf 86' lang='grc' dir='ltr'>ὑμῶν</span> <span class='ocrx_word' id='word_1_422' title='bbox 2733 2647 3119 2717; x_wconf 70' lang='grc' dir='ltr'>ἀναστράφητε</span> <span class='ocrx_word' id='word_1_423' title='bbox 3174 2647 3442 2716; x_wconf 85' lang='grc' dir='ltr'>σπήλαια.</span> <span class='ocrx_word' id='word_1_424' title='bbox 3484 2646 3561 2699; x_wconf 79' lang='grc' dir='ltr'><strong>Οὐ</strong></span> <span class='ocrx_word' id='word_1_425' title='bbox 3607 2645 3716 2715; x_wconf 81' lang='grc' dir='ltr'><strong>γὰρ</strong></span> 
     </span>
    </p>
   </div>
   <div class='ocr_carea' id='block_1_61' title="bbox 2123 2735 3717 2810">
    <p class='ocr_par' dir='ltr' id='par_1_61' title="bbox 2123 2735 3717 2810">
     <span class='ocr_line' id='line_1_61' title="bbox 2123 2735 3717 2810; baseline -0.003 -18"><span class='ocrx_word' id='word_1_426' title='bbox 2123 2738 2383 2809; x_wconf 80' lang='grc' dir='ltr'>αἱρήσετε</span> <span class='ocrx_word' id='word_1_427' title='bbox 2425 2737 2555 2800; x_wconf 78' lang='grc' dir='ltr'>τοὺς</span> <span class='ocrx_word' id='word_1_428' title='bbox 2594 2737 2690 2790; x_wconf 75' lang='grc' dir='ltr'><strong>ἐπὶ</strong></span> <span class='ocrx_word' id='word_1_429' title='bbox 2729 2738 2795 2808; x_wconf 81' lang='grc' dir='ltr'>τῇ</span> <span class='ocrx_word' id='word_1_430' title='bbox 2838 2736 3016 2810; x_wconf 78' lang='grc' dir='ltr'>πέτρᾳ</span> <span class='ocrx_word' id='word_1_431' title='bbox 3048 2737 3153 2806; x_wconf 78' lang='grc' dir='ltr'>τῆς</span> <span class='ocrx_word' id='word_1_432' title='bbox 3205 2736 3373 2808; x_wconf 82' lang='grc' dir='ltr'>ὀρθῆς</span> <span class='ocrx_word' id='word_1_433' title='bbox 3417 2735 3717 2804; x_wconf 83' lang='grc' dir='ltr'>ὁμολογίας</span> 
     </span>
    </p>
   </div>
   <div class='ocr_carea' id='block_1_62' title="bbox 2121 2826 3717 2899">
    <p class='ocr_par' dir='ltr' id='par_1_62' title="bbox 2121 2826 3717 2899">
     <span class='ocr_line' id='line_1_62' title="bbox 2121 2826 3717 2899; baseline 0.001 -19"><span class='ocrx_word' id='word_1_434' title='bbox 2121 2827 2214 2880; x_wconf 79' lang='grc' dir='ltr'>τὸν</span> <span class='ocrx_word' id='word_1_435' title='bbox 2251 2826 2374 2880; x_wconf 79' lang='grc' dir='ltr'>νοῦν</span> <span class='ocrx_word' id='word_1_436' title='bbox 2423 2826 2847 2897; x_wconf 86' lang='grc' dir='ltr'>ἀπερείσαντας,</span> <span class='ocrx_word' id='word_1_437' title='bbox 2875 2827 2936 2880; x_wconf 83' lang='grc' dir='ltr'>οὐ</span> <span class='ocrx_word' id='word_1_438' title='bbox 2975 2828 3343 2882; x_wconf 85' lang='grc' dir='ltr'>καταϐαλεῖτε</span> <span class='ocrx_word' id='word_1_439' title='bbox 3377 2828 3510 2892; x_wconf 79' lang='grc' dir='ltr'>τοὺς</span> <span class='ocrx_word' id='word_1_440' title='bbox 3541 2830 3603 2881; x_wconf 79' lang='grc' dir='ltr'>ὲν</span> <span class='ocrx_word' id='word_1_441' title='bbox 3640 2828 3717 2899; x_wconf 83' lang='grc' dir='ltr'><strong>τῷ</strong></span> 
     </span>
    </p>
   </div>
   <div class='ocr_carea' id='block_1_63' title="bbox 2123 2914 3713 2991">
    <p class='ocr_par' dir='ltr' id='par_1_63' title="bbox 2123 2914 3713 2991">
     <span class='ocr_line' id='line_1_63' title="bbox 2123 2914 3713 2991; baseline 0.003 -22"><span class='ocrx_word' id='word_1_442' title='bbox 2123 2917 2251 2987; x_wconf 73' lang='grc' dir='ltr'>ὕψει</span> <span class='ocrx_word' id='word_1_443' title='bbox 2288 2914 2411 2970; x_wconf 70' lang='grc' dir='ltr'>’τῶν</span> <span class='ocrx_word' id='word_1_444' title='bbox 2458 2917 2757 2971; x_wconf 85' lang='grc' dir='ltr'>συνοδικῶν</span> <span class='ocrx_word' id='word_1_445' title='bbox 2802 2919 2946 2988; x_wconf 82' lang='grc' dir='ltr'>ὅρων</span> <span class='ocrx_word' id='word_1_446' title='bbox 2992 2918 3220 2983; x_wconf 76' lang='grc' dir='ltr'>ἑαυτοὺς</span> <span class='ocrx_word' id='word_1_447' title='bbox 3265 2920 3713 2991; x_wconf 72' lang='grc' dir='ltr'>ἐπιστήσανταςο</span> 
     </span>
    </p>
   </div>
   <div class='ocr_carea' id='block_1_64' title="bbox 2126 3007 3718 3082">
    <p class='ocr_par' dir='ltr' id='par_1_64' title="bbox 2126 3007 3718 3082">
     <span class='ocr_line' id='line_1_64' title="bbox 2126 3007 3718 3082; baseline 0.001 -20"><span class='ocrx_word' id='word_1_448' title='bbox 2126 3007 2241 3062; x_wconf 86' lang='grc' dir='ltr'>ἀλλ’</span> <span class='ocrx_word' id='word_1_449' title='bbox 2278 3010 2339 3062; x_wconf 81' lang='grc' dir='ltr'>ὲν</span> <span class='ocrx_word' id='word_1_450' title='bbox 2375 3008 2504 3079; x_wconf 81' lang='grc' dir='ltr'>ὑμῖν</span> <span class='ocrx_word' id='word_1_451' title='bbox 2534 3007 2719 3071; x_wconf 80' lang='grc' dir='ltr'>αὐτοῖς</span> <span class='ocrx_word' id='word_1_452' title='bbox 2755 3009 3181 3081; x_wconf 84' lang='grc' dir='ltr'>συντριϐήσεται</span> <span class='ocrx_word' id='word_1_453' title='bbox 3209 3010 3280 3063; x_wconf 88' lang='grc' dir='ltr'><strong>τά</strong></span> <span class='ocrx_word' id='word_1_454' title='bbox 3303 3011 3406 3080; x_wconf 81' lang='grc' dir='ltr'>τῆς</span> <span class='ocrx_word' id='word_1_455' title='bbox 3447 3011 3718 3082; x_wconf 75' lang='grc' dir='ltr'>αἱρέσεως</span> 
     </span>
    </p>
   </div>
   <div class='ocr_carea' id='block_1_65' title="bbox 2126 3098 3722 3174">
    <p class='ocr_par' dir='ltr' id='par_1_65' title="bbox 2126 3098 3722 3174">
     <span class='ocr_line' id='line_1_65' title="bbox 2126 3098 3722 3174; baseline 0.002 -22"><span class='ocrx_word' id='word_1_456' title='bbox 2126 3098 2383 3169; x_wconf 82' lang='grc' dir='ltr'>κύματα,</span> <span class='ocrx_word' id='word_1_457' title='bbox 2435 3098 2709 3168; x_wconf 84' lang='grc' dir='ltr'>μηδεμίαν</span> <span class='ocrx_word' id='word_1_458' title='bbox 2763 3101 2831 3172; x_wconf 78' lang='grc' dir='ltr'>τῇ</span> <span class='ocrx_word' id='word_1_459' title='bbox 2875 3100 3152 3172; x_wconf 82' lang='grc' dir='ltr'>καθολικῇ</span> <span class='ocrx_word' id='word_1_460' title='bbox 3202 3100 3506 3174; x_wconf 71' lang='grc' dir='ltr'>Ἐκκλησία</span> <span class='ocrx_word' id='word_1_461' title='bbox 3550 3102 3722 3157; x_wconf 79' lang='grc' dir='ltr'>κατά·</span> 
     </span>
    </p>
   </div>
   <div class='ocr_carea' id='block_1_66' title="bbox 438 3182 2025 3260">
    <p class='ocr_par' dir='ltr' id='par_1_66' title="bbox 438 3189 2002 3260">
     <span class='ocr_line' id='line_1_66' title="bbox 438 3189 2002 3260; baseline 0.001 -19"><span class='ocrx_word' id='word_1_462' title='bbox 438 3196 497 3243; x_wconf 89' lang='lat' dir='ltr'><strong>ut</strong></span> <span class='ocrx_word' id='word_1_463' title='bbox 517 3202 611 3243; x_wconf 89' lang='lat' dir='ltr'><strong>eos</strong></span> <span class='ocrx_word' id='word_1_464' title='bbox 637 3189 981 3260; x_wconf 79' lang='lat' dir='ltr'><strong>expugnetis,</strong></span> <span class='ocrx_word' id='word_1_465' title='bbox 1012 3191 1102 3260; x_wconf 88' lang='lat' dir='ltr'><strong>qui</strong></span> <span class='ocrx_word' id='word_1_466' title='bbox 1127 3191 1180 3246; x_wconf 91' lang='lat' dir='ltr'><strong>in</strong></span> <span class='ocrx_word' id='word_1_467' title='bbox 1227 3200 1391 3247; x_wconf 66' lang='lat' dir='ltr'><strong>recta:</strong></span> <span class='ocrx_word' id='word_1_468' title='bbox 1431 3190 1788 3246; x_wconf 89' lang='lat' dir='ltr'><strong>confessionis</strong></span> <span class='ocrx_word' id='word_1_469' title='bbox 1850 3198 2002 3259; x_wconf 86' lang='lat' dir='ltr'><strong>petra</strong></span> 
     </span>
    </p>
   </div>
   <div class='ocr_carea' id='block_1_67' title="bbox 2129 3182 2838 3260">
    <p class='ocr_par' dir='ltr' id='par_1_67' title="bbox 2142 3188 2838 3260">
     <span class='ocr_line' id='line_1_67' title="bbox 2142 3188 2838 3260; baseline 0.004 -18"><span class='ocrx_word' id='word_1_470' title='bbox 2142 3189 2332 3243; x_wconf 90' lang='grc' dir='ltr'>κλυσιν</span> <span class='ocrx_word' id='word_1_471' title='bbox 2359 3188 2838 3260; x_wconf 85' lang='grc' dir='ltr'>προσπελάσαντα.</span> 
     </span>
    </p>
   </div>
   <div class='ocr_carea' id='block_1_68' title="bbox 439 3277 3721 3354">
    <p class='ocr_par' dir='ltr' id='par_1_68' title="bbox 439 3277 3721 3354">
     <span class='ocr_line' id='line_1_68' title="bbox 439 3277 3721 3354; baseline 0.002 -25"><span class='ocrx_word' id='word_1_472' title='bbox 439 3277 677 3332; x_wconf 87' lang='lat' dir='ltr'><strong>animum</strong></span> <span class='ocrx_word' id='word_1_473' title='bbox 709 3279 1079 3345; x_wconf 82' lang='lat' dir='ltr'><strong>firmaverunt,</strong></span> <span class='ocrx_word' id='word_1_474' title='bbox 1135 3288 1226 3335; x_wconf 89' lang='lat' dir='ltr'><strong>aut</strong></span> <span class='ocrx_word' id='word_1_475' title='bbox 1274 3290 1335 3336; x_wconf 90' lang='lat' dir='ltr'><strong>ut</strong></span> <span class='ocrx_word' id='word_1_476' title='bbox 1374 3295 1469 3336; x_wconf 89' lang='lat' dir='ltr'><strong>eos</strong></span> <span class='ocrx_word' id='word_1_477' title='bbox 1515 3282 1889 3350; x_wconf 86' lang='lat' dir='ltr'><strong>prosternatis,</strong></span> <span class='ocrx_word' id='word_1_478' title='bbox 1940 3279 2031 3351; x_wconf 90' lang='lat' dir='ltr'><strong>qui</strong></span> <span class='ocrx_word' id='word_1_479' title='bbox 2065 3280 2302 3354; x_wconf 86' lang='lat' dir='ltr'><strong>in&#39;celsa</strong></span> <span class='ocrx_word' id='word_1_480' title='bbox 2354 3281 2690 3351; x_wconf 86' lang='lat' dir='ltr'><strong>synodalium</strong></span> <span class='ocrx_word' id='word_1_481' title='bbox 2719 3282 3088 3338; x_wconf 83' lang='lat' dir='ltr'><strong>deﬁnitionum</strong></span> <span class='ocrx_word' id='word_1_482' title='bbox 3129 3283 3345 3354; x_wconf 89' lang='lat' dir='ltr'><strong>specula</strong></span> <span class='ocrx_word' id='word_1_483' title='bbox 3373 3291 3489 3337; x_wconf 90' lang='lat' dir='ltr'><strong>tuto</strong></span> <span class='ocrx_word' id='word_1_484' title='bbox 3517 3283 3721 3339; x_wconf 84' lang='lat' dir='ltr'><strong>consti-</strong></span> 
     </span>
    </p>
   </div>
   <div class='ocr_carea' id='block_1_69' title="bbox 441 3352 3722 3445">
    <p class='ocr_par' dir='ltr' id='par_1_69' title="bbox 441 3352 3722 3445">
     <span class='ocr_line' id='line_1_69' title="bbox 441 3352 3722 3445; baseline 0.003 -24"><span class='ocrx_word' id='word_1_485' title='bbox 441 3355 657 3435; x_wconf 64' lang='lat' dir='ltr'><strong>terunt;</strong></span> <span class='ocrx_word' id='word_1_486' title='bbox 698 3370 789 3424; x_wconf 88' lang='lat' dir='ltr'><strong>sed</strong></span> <span class='ocrx_word' id='word_1_487' title='bbox 825 3371 877 3426; x_wconf 86' lang='lat' dir='ltr'><strong>in</strong></span> <span class='ocrx_word' id='word_1_488' title='bbox 927 3372 1081 3428; x_wconf 91' lang='lat' dir='ltr'><strong>vobis</strong></span> <span class='ocrx_word' id='word_1_489' title='bbox 1118 3372 1250 3442; x_wconf 89' lang='lat' dir='ltr'><strong>ipsis</strong></span> <span class='ocrx_word' id='word_1_490' title='bbox 1283 3380 1554 3427; x_wconf 89' lang='lat' dir='ltr'><strong>tumentes</strong></span> <span class='ocrx_word' id='word_1_491' title='bbox 1581 3372 1802 3428; x_wconf 62' lang='lat' dir='ltr'><strong>haeresis</strong></span> <span class='ocrx_word' id='word_1_492' title='bbox 1836 3372 2029 3428; x_wconf 82' lang='lat' dir='ltr'><strong>ﬂuctus</strong></span> <span class='ocrx_word' id='word_1_493' title='bbox 2057 3352 2466 3442; x_wconf 82' lang='lat' dir='ltr'><strong>confringentur</strong></span> <span class='ocrx_word' id='word_1_494' title='bbox 2496 3413 2513 3439; x_wconf 96' lang='lat'><strong>,</strong></span> <span class='ocrx_word' id='word_1_495' title='bbox 2554 3371 2870 3445; x_wconf 86' lang='lat' dir='ltr'><strong>nullumque</strong></span> <span class='ocrx_word' id='word_1_496' title='bbox 2930 3390 2994 3431; x_wconf 78' lang='lat' dir='ltr'><strong>ex</strong></span> <span class='ocrx_word' id='word_1_497' title='bbox 3046 3352 3183 3431; x_wconf 82' lang='lat' dir='ltr'><strong>tetra</strong></span> <span class='ocrx_word' id='word_1_498' title='bbox 3230 3374 3490 3431; x_wconf 87' lang='lat' dir='ltr'><strong>illuvione</strong></span> <span class='ocrx_word' id='word_1_499' title='bbox 3532 3374 3722 3432; x_wconf 83' lang='lat' dir='ltr'><strong>Eccle-</strong></span> 
     </span>
    </p>
   </div>
   <div class='ocr_carea' id='block_1_70' title="bbox 441 3464 1463 3525">
    <p class='ocr_par' dir='ltr' id='par_1_70' title="bbox 441 3464 1463 3525">
     <span class='ocr_line' id='line_1_70' title="bbox 441 3464 1463 3525; baseline 0.002 -6"><span class='ocrx_word' id='word_1_500' title='bbox 441 3466 537 3519; x_wconf 68' lang='lat' dir='ltr'><strong>siae</strong></span> <span class='ocrx_word' id='word_1_501' title='bbox 557 3464 838 3521; x_wconf 72' lang='lat' dir='ltr'><strong>catholicae</strong></span> <span class='ocrx_word' id='word_1_502' title='bbox 873 3466 1167 3522; x_wconf 91' lang='lat' dir='ltr'><strong>discrimen</strong></span> <span class='ocrx_word' id='word_1_503' title='bbox 1202 3466 1463 3525; x_wconf 88' lang='lat' dir='ltr'><strong>inferent.</strong></span> 
     </span>
    </p>
   </div>
   <div class='ocr_carea' id='block_1_71' title="bbox 513 3553 2026 3614">
    <p class='ocr_par' dir='ltr' id='par_1_71' title="bbox 513 3553 2026 3614">
     <span class='ocr_line' id='line_1_71' title="bbox 513 3553 2026 3614; baseline 0.001 -5"><span class='ocrx_word' id='word_1_504' title='bbox 513 3554 603 3609; x_wconf 81' lang='lat'><strong>65.</strong></span> <span class='ocrx_word' id='word_1_505' title='bbox 631 3553 757 3610; x_wconf 74' lang='lat' dir='ltr'><strong>Hzec</strong></span> <span class='ocrx_word' id='word_1_506' title='bbox 785 3555 869 3609; x_wconf 90' lang='lat' dir='ltr'><strong>vir</strong></span> <span class='ocrx_word' id='word_1_507' title='bbox 888 3556 1081 3612; x_wconf 91' lang='lat' dir='ltr'><strong>beatus</strong></span> <span class='ocrx_word' id='word_1_508' title='bbox 1126 3557 1192 3611; x_wconf 87' lang='lat' dir='ltr'><strong>ad</strong></span> <span class='ocrx_word' id='word_1_509' title='bbox 1236 3559 1487 3614; x_wconf 88' lang='lat' dir='ltr'><strong>homines</strong></span> <span class='ocrx_word' id='word_1_510' title='bbox 1515 3559 1661 3614; x_wconf 91' lang='lat' dir='ltr'><strong>omni</strong></span> <span class='ocrx_word' id='word_1_511' title='bbox 1698 3573 1831 3614; x_wconf 90' lang='lat' dir='ltr'><strong>sano</strong></span> <span class='ocrx_word' id='word_1_512' title='bbox 1858 3556 2026 3613; x_wconf 85' lang='lat' dir='ltr'><strong>desti-</strong></span> 
     </span>
    </p>
   </div>
   <div class='ocr_carea' id='block_1_72' title="bbox 443 3648 2019 3721">
    <p class='ocr_par' dir='ltr' id='par_1_72' title="bbox 443 3648 2019 3721">
     <span class='ocr_line' id='line_1_72' title="bbox 443 3648 2019 3721; baseline 0.001 -22"><span class='ocrx_word' id='word_1_513' title='bbox 443 3654 594 3701; x_wconf 90' lang='lat' dir='ltr'><strong>tutos</strong></span> <span class='ocrx_word' id='word_1_514' title='bbox 616 3660 778 3701; x_wconf 88' lang='lat' dir='ltr'><strong>sensu</strong></span> <span class='ocrx_word' id='word_1_515' title='bbox 816 3654 872 3702; x_wconf 90' lang='lat' dir='ltr'><strong>et</strong></span> <span class='ocrx_word' id='word_1_516' title='bbox 892 3662 1146 3718; x_wconf 86' lang='lat' dir='ltr'><strong>proceres</strong></span> <span class='ocrx_word' id='word_1_517' title='bbox 1168 3648 1440 3704; x_wconf 89' lang='lat' dir='ltr'><strong>dementia</strong></span> <span class='ocrx_word' id='word_1_518' title='bbox 1465 3649 1658 3721; x_wconf 87' lang='lat' dir='ltr'><strong>plenos</strong></span> <span class='ocrx_word' id='word_1_519' title='bbox 1678 3650 2019 3719; x_wconf 87' lang='lat' dir='ltr'><strong>prolocutus,</strong></span> 
     </span>
    </p>
   </div>
   <div class='ocr_carea' id='block_1_73' title="bbox 447 3738 2027 3812">
    <p class='ocr_par' dir='ltr' id='par_1_73' title="bbox 447 3738 2027 3812">
     <span class='ocr_line' id='line_1_73' title="bbox 447 3738 2027 3812; baseline 0.002 -21"><span class='ocrx_word' id='word_1_520' title='bbox 447 3738 740 3807; x_wconf 86' lang='lat' dir='ltr'><strong>sequentia</strong></span> <span class='ocrx_word' id='word_1_521' title='bbox 763 3752 977 3808; x_wconf 90' lang='lat' dir='ltr'><strong>quoque</strong></span> <span class='ocrx_word' id='word_1_522' title='bbox 1012 3738 1261 3812; x_wconf 76' lang='lat' dir='ltr'><strong>adjungit</strong></span> <span class='ocrx_word' id='word_1_523' title='bbox 1309 3741 1585 3809; x_wconf 88' lang='lat' dir='ltr'><strong>prioribus</strong></span> <span class='ocrx_word' id='word_1_524' title='bbox 1614 3759 1627 3796; x_wconf 90' lang='lat'><strong>:</strong></span> <span class='ocrx_word' id='word_1_525' title='bbox 1654 3740 1916 3805; x_wconf 86' lang='lat' dir='ltr'><strong>Tametsi,</strong></span> <span class='ocrx_word' id='word_1_526' title='bbox 1942 3739 2027 3794; x_wconf 88' lang='lat' dir='ltr'><strong>in-</strong></span> 
     </span>
    </p>
   </div>
   <div class='ocr_carea' id='block_1_74' title="bbox 445 3829 2026 3903">
    <p class='ocr_par' dir='ltr' id='par_1_74' title="bbox 445 3829 2026 3903">
     <span class='ocr_line' id='line_1_74' title="bbox 445 3829 2026 3903; baseline 0.003 -23"><span class='ocrx_word' id='word_1_527' title='bbox 445 3829 586 3897; x_wconf 87' lang='lat' dir='ltr'><strong>quit,</strong></span> <span class='ocrx_word' id='word_1_528' title='bbox 613 3839 799 3884; x_wconf 89' lang='lat' dir='ltr'><strong>nostra</strong></span> <span class='ocrx_word' id='word_1_529' title='bbox 844 3829 959 3886; x_wconf 64' lang='lat' dir='ltr'><strong>haec</strong></span> <span class='ocrx_word' id='word_1_530' title='bbox 990 3833 1150 3887; x_wconf 89' lang='lat' dir='ltr'><strong>sedes</strong></span> <span class='ocrx_word' id='word_1_531' title='bbox 1190 3841 1409 3903; x_wconf 86' lang='lat' dir='ltr'><strong>pastore</strong></span> <span class='ocrx_word' id='word_1_532' title='bbox 1455 3834 1670 3890; x_wconf 86' lang='lat' dir='ltr'><strong>viduata</strong></span> <span class='ocrx_word' id='word_1_533' title='bbox 1719 3833 1802 3889; x_wconf 91' lang='lat' dir='ltr'><strong>sic</strong></span> <span class='ocrx_word' id='word_1_534' title='bbox 1857 3838 2026 3896; x_wconf 86' lang='lat' dir='ltr'><strong>esset,</strong></span> 
     </span>
    </p>
   </div>
   <div class='ocr_carea' id='block_1_75' title="bbox 2200 3554 3721 3631">
    <p class='ocr_par' dir='ltr' id='par_1_75' title="bbox 2200 3554 3721 3631">
     <span class='ocr_line' id='line_1_75' title="bbox 2200 3554 3721 3631; baseline 0.004 -24"><span class='ocrx_word' id='word_1_535' title='bbox 2200 3554 2293 3628; x_wconf 70' lang='grc' dir='ltr'><strong>ξεν.</strong></span> <span class='ocrx_word' id='word_1_536' title='bbox 2324 3554 2512 3609; x_wconf 84' lang='grc' dir='ltr'>Ταῦτα</span> <span class='ocrx_word' id='word_1_537' title='bbox 2538 3556 2677 3627; x_wconf 83' lang='grc' dir='ltr'>πρὸς</span> <span class='ocrx_word' id='word_1_538' title='bbox 2696 3557 2825 3621; x_wconf 81' lang='grc' dir='ltr'>τοὺς</span> <span class='ocrx_word' id='word_1_539' title='bbox 2856 3557 3047 3620; x_wconf 77' lang='grc' dir='ltr'>κενοὺς</span> <span class='ocrx_word' id='word_1_540' title='bbox 3075 3558 3175 3628; x_wconf 80' lang='grc' dir='ltr'>μὲν</span> <span class='ocrx_word' id='word_1_541' title='bbox 3201 3558 3418 3630; x_wconf 85' lang='grc' dir='ltr'>φρενῶν</span> <span class='ocrx_word' id='word_1_542' title='bbox 3440 3601 3456 3626; x_wconf 88' lang='grc'><strong>,</strong></span> <span class='ocrx_word' id='word_1_543' title='bbox 3486 3558 3721 3631; x_wconf 84' lang='grc' dir='ltr'>πλήρεις</span> 
     </span>
    </p>
   </div>
   <div class='ocr_carea' id='block_1_76' title="bbox 2128 3646 3717 3721">
    <p class='ocr_par' dir='ltr' id='par_1_76' title="bbox 2128 3646 3717 3721">
     <span class='ocr_line' id='line_1_76' title="bbox 2128 3646 3717 3721; baseline 0 -20"><span class='ocrx_word' id='word_1_544' title='bbox 2128 3646 2188 3701; x_wconf 77' lang='grc' dir='ltr'>δὲ</span> <span class='ocrx_word' id='word_1_545' title='bbox 2224 3647 2542 3719; x_wconf 81' lang='grc' dir='ltr'>ἀφροσύνης</span> <span class='ocrx_word' id='word_1_546' title='bbox 2593 3648 2931 3718; x_wconf 66' lang='grc' dir='ltr'>δυναμένους</span> <span class='ocrx_word' id='word_1_547' title='bbox 2958 3689 2973 3715; x_wconf 87' lang='grc'><strong>,</strong></span> <span class='ocrx_word' id='word_1_548' title='bbox 3006 3648 3297 3713; x_wconf 77' lang='grc' dir='ltr'>διεξελθὼν</span> <span class='ocrx_word' id='word_1_549' title='bbox 3336 3652 3366 3703; x_wconf 87' lang='lat'><strong>6</strong></span> <span class='ocrx_word' id='word_1_550' title='bbox 3415 3651 3717 3721; x_wconf 85' lang='grc' dir='ltr'>μακάριος,</span> 
     </span>
    </p>
   </div>
   <div class='ocr_carea' id='block_1_77' title="bbox 2131 3741 3721 3814">
    <p class='ocr_par' dir='ltr' id='par_1_77' title="bbox 2131 3741 3721 3814">
     <span class='ocr_line' id='line_1_77' title="bbox 2131 3741 3721 3814; baseline -0.001 -18"><span class='ocrx_word' id='word_1_551' title='bbox 2131 3741 2443 3814; x_wconf 84' lang='grc' dir='ltr'>προσετίθει</span> <span class='ocrx_word' id='word_1_552' title='bbox 2474 3741 2570 3795; x_wconf 69' lang='grc' dir='ltr'>καὶ</span> <span class='ocrx_word' id='word_1_553' title='bbox 2597 3741 2762 3797; x_wconf 61' lang='grc' dir='ltr'>αὐτὼ</span> <span class='ocrx_word' id='word_1_554' title='bbox 2786 3742 2852 3794; x_wconf 78' lang='grc' dir='ltr'>Ἐί</span> <span class='ocrx_word' id='word_1_555' title='bbox 2877 3742 2978 3812; x_wconf 85' lang='grc' dir='ltr'>μὲν</span> <span class='ocrx_word' id='word_1_556' title='bbox 3008 3743 3218 3813; x_wconf 69' lang='grc' dir='ltr'>ἐρημίᾳ</span> <span class='ocrx_word' id='word_1_557' title='bbox 3254 3742 3518 3813; x_wconf 83' lang='grc' dir='ltr'>ποιμένος</span> <span class='ocrx_word' id='word_1_558' title='bbox 3548 3743 3721 3812; x_wconf 72' lang='grc' dir='ltr'><strong>ἀτερο⁶</strong></span> 
     </span>
    </p>
   </div>
   <div class='ocr_carea' id='block_1_78' title="bbox 2134 3830 3723 3905">
    <p class='ocr_par' dir='ltr' id='par_1_78' title="bbox 2134 3830 3723 3905">
     <span class='ocr_line' id='line_1_78' title="bbox 2134 3830 3723 3905; baseline 0.001 -20"><span class='ocrx_word' id='word_1_559' title='bbox 2134 3833 2472 3904; x_wconf 86' lang='grc' dir='ltr'>μνήστευτος</span> <span class='ocrx_word' id='word_1_560' title='bbox 2502 3832 2531 3885; x_wconf 91' lang='lat'><strong>6</strong></span> <span class='ocrx_word' id='word_1_561' title='bbox 2576 3830 2766 3905; x_wconf 87' lang='grc' dir='ltr'>θρόνος</span> <span class='ocrx_word' id='word_1_562' title='bbox 2804 3831 3007 3885; x_wconf 77' lang='grc' dir='ltr'>οὑτωσὶ</span> <span class='ocrx_word' id='word_1_563' title='bbox 3052 3831 3488 3896; x_wconf 86' lang='grc' dir='ltr'>καταλέλειπτο,</span> <span class='ocrx_word' id='word_1_564' title='bbox 3543 3833 3723 3886; x_wconf 77' lang='grc' dir='ltr'>οὐδενὶ</span> 
     </span>
    </p>
   </div>
   <div class='ocr_carea' id='block_1_79' title="bbox 445 3918 2025 3997">
    <p class='ocr_par' dir='ltr' id='par_1_79' title="bbox 445 3918 2025 3994">
     <span class='ocr_line' id='line_1_79' title="bbox 445 3918 2025 3994; baseline 0.003 -21"><span class='ocrx_word' id='word_1_565' title='bbox 445 3928 507 3974; x_wconf 93' lang='lat' dir='ltr'><strong>ut</strong></span> <span class='ocrx_word' id='word_1_566' title='bbox 570 3918 749 3976; x_wconf 90' lang='lat' dir='ltr'><strong>nullus</strong></span> <span class='ocrx_word' id='word_1_567' title='bbox 791 3920 843 3977; x_wconf 88' lang='lat' dir='ltr'><strong>ei</strong></span> <span class='ocrx_word' id='word_1_568' title='bbox 885 3937 1074 3977; x_wconf 87' lang='lat' dir='ltr'><strong>curam</strong></span> <span class='ocrx_word' id='word_1_569' title='bbox 1136 3923 1523 3994; x_wconf 87' lang='lat' dir='ltr'><strong>impenderet,</strong></span> <span class='ocrx_word' id='word_1_570' title='bbox 1590 3933 1776 3980; x_wconf 86' lang='lat' dir='ltr'><strong>tamen</strong></span> <span class='ocrx_word' id='word_1_571' title='bbox 1827 3939 1897 3980; x_wconf 91' lang='lat' dir='ltr'><strong>ne</strong></span> <span class='ocrx_word' id='word_1_572' title='bbox 1945 3923 2025 3978; x_wconf 89' lang='lat' dir='ltr'><strong>sic</strong></span> 
     </span>
    </p>
   </div>
   <div class='ocr_carea' id='block_1_80' title="bbox 2129 3918 3723 3997">
    <p class='ocr_par' dir='ltr' id='par_1_80' title="bbox 2130 3923 3723 3997">
     <span class='ocr_line' id='line_1_80' title="bbox 2130 3923 3723 3997; baseline 0.001 -19"><span class='ocrx_word' id='word_1_573' title='bbox 2130 3923 2240 3978; x_wconf 87' lang='grc' dir='ltr'><strong>τῶν</strong></span> <span class='ocrx_word' id='word_1_574' title='bbox 2283 3923 2503 3979; x_wconf 83' lang='grc' dir='ltr'>πάντων</span> <span class='ocrx_word' id='word_1_575' title='bbox 2537 3923 2666 3994; x_wconf 78' lang='grc' dir='ltr'><strong>ἐξῆν</strong></span> <span class='ocrx_word' id='word_1_576' title='bbox 2715 3923 3076 3996; x_wconf 83' lang='grc' dir='ltr'>εὐπρόσωπον</span> <span class='ocrx_word' id='word_1_577' title='bbox 3114 3925 3362 3997; x_wconf 80' lang='grc' dir='ltr'>σόφισμα</span> <span class='ocrx_word' id='word_1_578' title='bbox 3414 3927 3723 3995; x_wconf 82' lang='grc' dir='ltr'>παραδιδά-</span> 
     </span>
    </p>
   </div>
   <div class='ocr_carea' id='block_1_81' title="bbox 446 4010 2025 4089">
    <p class='ocr_par' dir='ltr' id='par_1_81' title="bbox 446 4010 2025 4085">
     <span class='ocr_line' id='line_1_81' title="bbox 446 4010 2025 4085; baseline 0.004 -22"><span class='ocrx_word' id='word_1_579' title='bbox 446 4010 663 4080; x_wconf 90' lang='lat' dir='ltr'><strong>quidem</strong></span> <span class='ocrx_word' id='word_1_580' title='bbox 701 4010 797 4067; x_wconf 91' lang='lat' dir='ltr'><strong>ulli</strong></span> <span class='ocrx_word' id='word_1_581' title='bbox 834 4011 1027 4069; x_wconf 90' lang='lat' dir='ltr'><strong>liceret</strong></span> <span class='ocrx_word' id='word_1_582' title='bbox 1055 4012 1254 4070; x_wconf 91' lang='lat' dir='ltr'><strong>docere</strong></span> <span class='ocrx_word' id='word_1_583' title='bbox 1285 4015 1555 4071; x_wconf 88' lang='lat' dir='ltr'><strong>fallaciam</strong></span> <span class='ocrx_word' id='word_1_584' title='bbox 1585 4015 1766 4084; x_wconf 89' lang='lat' dir='ltr'><strong>specie</strong></span> <span class='ocrx_word' id='word_1_585' title='bbox 1792 4014 2025 4085; x_wconf 89' lang='lat' dir='ltr'><strong>quadam</strong></span> 
     </span>
    </p>
   </div>
   <div class='ocr_carea' id='block_1_82' title="bbox 2129 4010 3726 4089">
    <p class='ocr_par' dir='ltr' id='par_1_82' title="bbox 2137 4013 3726 4089">
     <span class='ocr_line' id='line_1_82' title="bbox 2137 4013 3726 4089; baseline 0.001 -19"><span class='ocrx_word' id='word_1_586' title='bbox 2137 4032 2326 4081; x_wconf 87' lang='grc' dir='ltr'>σκειν,</span> <span class='ocrx_word' id='word_1_587' title='bbox 2364 4013 2398 4085; x_wconf 82' lang='grc' dir='ltr'>ἢ</span> <span class='ocrx_word' id='word_1_588' title='bbox 2436 4015 2875 4087; x_wconf 69' lang='grc' dir='ltr'>παραωνάγειν,</span> <span class='ocrx_word' id='word_1_589' title='bbox 2923 4018 3020 4070; x_wconf 76' lang='grc' dir='ltr'>καὶ</span> <span class='ocrx_word' id='word_1_590' title='bbox 3058 4017 3119 4082; x_wconf 68' lang='grc' dir='ltr'>εξ</span> <span class='ocrx_word' id='word_1_591' title='bbox 3167 4016 3475 4089; x_wconf 79' lang='grc' dir='ltr'>ἀλλοδαπῆς</span> <span class='ocrx_word' id='word_1_592' title='bbox 3518 4020 3617 4072; x_wconf 77' lang='grc' dir='ltr'><strong>ἐπὶ</strong></span> <span class='ocrx_word' id='word_1_593' title='bbox 3658 4019 3726 4072; x_wconf 86' lang='grc' dir='ltr'><strong>τά</strong></span> 
     </span>
    </p>
   </div>
   <div class='ocr_carea' id='block_1_83' title="bbox 443 4103 2025 4182">
    <p class='ocr_par' dir='ltr' id='par_1_83' title="bbox 443 4103 2018 4182">
     <span class='ocr_line' id='line_1_83' title="bbox 443 4103 2018 4182; baseline 0.003 -27"><span class='ocrx_word' id='word_1_594' title='bbox 443 4115 585 4157; x_wconf 83' lang='lat' dir='ltr'><strong>vana</strong></span> <span class='ocrx_word' id='word_1_595' title='bbox 632 4103 957 4182; x_wconf 84' lang='lat' dir='ltr'><strong>placentem,</strong></span> <span class='ocrx_word' id='word_1_596' title='bbox 997 4107 1114 4162; x_wconf 85' lang='lat' dir='ltr'><strong>sive</strong></span> <span class='ocrx_word' id='word_1_597' title='bbox 1150 4118 1478 4162; x_wconf 88' lang='lat' dir='ltr'><strong>conventum</strong></span> <span class='ocrx_word' id='word_1_598' title='bbox 1510 4116 1700 4162; x_wconf 91' lang='lat' dir='ltr'><strong>contra</strong></span> <span class='ocrx_word' id='word_1_599' title='bbox 1741 4121 2018 4162; x_wconf 90' lang='lat' dir='ltr'><strong>canonum</strong></span> 
     </span>
    </p>
   </div>
   <div class='ocr_carea' id='block_1_84' title="bbox 2129 4103 3726 4182">
    <p class='ocr_par' dir='ltr' id='par_1_84' title="bbox 2135 4104 3726 4182">
     <span class='ocr_line' id='line_1_84' title="bbox 2135 4104 3726 4182; baseline 0.003 -24"><span class='ocrx_word' id='word_1_600' title='bbox 2135 4106 2212 4177; x_wconf 76' lang='grc' dir='ltr'>μὴ</span> <span class='ocrx_word' id='word_1_601' title='bbox 2250 4106 2604 4177; x_wconf 87' lang='grc' dir='ltr'>προσήκοντα</span> <span class='ocrx_word' id='word_1_602' title='bbox 2646 4104 2796 4177; x_wconf 85' lang='grc' dir='ltr'><strong>αὐτῷ</strong></span> <span class='ocrx_word' id='word_1_603' title='bbox 2842 4105 3207 4182; x_wconf 80' lang='grc' dir='ltr'>μετέρχεσθαι</span> <span class='ocrx_word' id='word_1_604' title='bbox 3246 4108 3374 4178; x_wconf 83' lang='grc' dir='ltr'>ὅρια</span> <span class='ocrx_word' id='word_1_605' title='bbox 3398 4125 3413 4139; x_wconf 68' lang='grc' dir='ltr'><strong>ι</strong></span> <span class='ocrx_word' id='word_1_606' title='bbox 3444 4109 3726 4178; x_wconf 76' lang='grc' dir='ltr'>ἐπειδὴδὲ</span> 
     </span>
    </p>
   </div>
   <div class='ocr_carea' id='block_1_85' title="bbox 446 4194 2025 4273">
    <p class='ocr_par' dir='ltr' id='par_1_85' title="bbox 446 4194 2025 4267">
     <span class='ocr_line' id='line_1_85' title="bbox 446 4194 2025 4267; baseline 0.003 -19"><span class='ocrx_word' id='word_1_607' title='bbox 446 4194 764 4263; x_wconf 67' lang='lat' dir='ltr'><strong>praescripta</strong></span> <span class='ocrx_word' id='word_1_608' title='bbox 812 4210 1008 4267; x_wconf 78' lang='lat' dir='ltr'><strong>cogere</strong></span> <span class='ocrx_word' id='word_1_609' title='bbox 1062 4207 1225 4266; x_wconf 89' lang='lat' dir='ltr'><strong>atque</strong></span> <span class='ocrx_word' id='word_1_610' title='bbox 1268 4211 1337 4251; x_wconf 80' lang='lat' dir='ltr'><strong>ex</strong></span> <span class='ocrx_word' id='word_1_611' title='bbox 1370 4197 1549 4251; x_wconf 89' lang='lat' dir='ltr'><strong>aliena</strong></span> <span class='ocrx_word' id='word_1_612' title='bbox 1609 4198 1891 4266; x_wconf 88' lang='lat' dir='ltr'><strong>provincia</strong></span> <span class='ocrx_word' id='word_1_613' title='bbox 1921 4212 2025 4253; x_wconf 86' lang='lat' dir='ltr'><strong>ve-</strong></span> 
     </span>
    </p>
   </div>
   <div class='ocr_carea' id='block_1_86' title="bbox 2129 4194 3725 4273">
    <p class='ocr_par' dir='ltr' id='par_1_86' title="bbox 2130 4197 3725 4273">
     <span class='ocr_line' id='line_1_86' title="bbox 2130 4197 3725 4273; baseline 0.001 -20"><span class='ocrx_word' id='word_1_614' title='bbox 2130 4198 2228 4254; x_wconf 60' lang='lat' dir='ltr'><strong>xat</strong></span> <span class='ocrx_word' id='word_1_615' title='bbox 2255 4198 2536 4269; x_wconf 79' lang='grc' dir='ltr'>παρουσίᾳ</span> <span class='ocrx_word' id='word_1_616' title='bbox 2553 4198 2817 4273; x_wconf 77' lang='grc' dir='ltr'>ποιμένος</span> <span class='ocrx_word' id='word_1_617' title='bbox 2844 4197 3204 4270; x_wconf 84' lang='grc' dir='ltr'>μεγαλαυχεῖ,</span> <span class='ocrx_word' id='word_1_618' title='bbox 3230 4203 3324 4254; x_wconf 73' lang='grc' dir='ltr'>καὶ</span> <span class='ocrx_word' id='word_1_619' title='bbox 3354 4200 3453 4255; x_wconf 79' lang='grc' dir='ltr'><strong>τοῦ</strong></span> <span class='ocrx_word' id='word_1_620' title='bbox 3482 4218 3725 4272; x_wconf 85' lang='grc' dir='ltr'>προστα-</span> 
     </span>
    </p>
   </div>
   <div class='ocr_carea' id='block_1_87' title="bbox 446 4284 2025 4363">
    <p class='ocr_par' dir='ltr' id='par_1_87' title="bbox 446 4284 2025 4360">
     <span class='ocr_line' id='line_1_87' title="bbox 446 4284 2025 4360; baseline 0.003 -21"><span class='ocrx_word' id='word_1_621' title='bbox 446 4284 692 4339; x_wconf 87' lang='lat' dir='ltr'><strong>nientem</strong></span> <span class='ocrx_word' id='word_1_622' title='bbox 726 4286 862 4341; x_wconf 90' lang='lat' dir='ltr'><strong>nihil</strong></span> <span class='ocrx_word' id='word_1_623' title='bbox 893 4286 959 4342; x_wconf 90' lang='lat' dir='ltr'><strong>ad</strong></span> <span class='ocrx_word' id='word_1_624' title='bbox 1005 4302 1065 4341; x_wconf 88' lang='lat' dir='ltr'><strong>se</strong></span> <span class='ocrx_word' id='word_1_625' title='bbox 1106 4297 1419 4355; x_wconf 85' lang='lat' dir='ltr'><strong>spectantes</strong></span> <span class='ocrx_word' id='word_1_626' title='bbox 1459 4289 1722 4344; x_wconf 89' lang='lat' dir='ltr'><strong>terminos</strong></span> <span class='ocrx_word' id='word_1_627' title='bbox 1758 4289 1899 4360; x_wconf 87' lang='lat' dir='ltr'><strong>juris</strong></span> <span class='ocrx_word' id='word_1_628' title='bbox 1949 4289 2025 4343; x_wconf 88' lang='lat' dir='ltr'><strong>di-</strong></span> 
     </span>
    </p>
   </div>
   <div class='ocr_carea' id='block_1_88' title="bbox 2129 4284 3725 4363">
    <p class='ocr_par' dir='ltr' id='par_1_88' title="bbox 2130 4290 3725 4363">
     <span class='ocr_line' id='line_1_88' title="bbox 2130 4290 3725 4363; baseline 0 -18"><span class='ocrx_word' id='word_1_629' title='bbox 2130 4291 2355 4354; x_wconf 80' lang='grc' dir='ltr'>τοῦντος</span> <span class='ocrx_word' id='word_1_630' title='bbox 2374 4290 2568 4354; x_wconf 73' lang='grc' dir='ltr'>αἰσίως</span> <span class='ocrx_word' id='word_1_631' title='bbox 2592 4292 2652 4344; x_wconf 87' lang='grc' dir='ltr'><strong>οὑ</strong></span> <span class='ocrx_word' id='word_1_632' title='bbox 2680 4291 3065 4363; x_wconf 86' lang='grc' dir='ltr'>διαμαρτάνει,</span> <span class='ocrx_word' id='word_1_633' title='bbox 3099 4292 3187 4355; x_wconf 88' lang='grc' dir='ltr'><strong>τίς</strong></span> <span class='ocrx_word' id='word_1_634' title='bbox 3216 4291 3363 4363; x_wconf 85' lang='grc' dir='ltr'>ὑμᾶς</span> <span class='ocrx_word' id='word_1_635' title='bbox 3390 4292 3493 4362; x_wconf 78' lang='grc' dir='ltr'>τῆς</span> <span class='ocrx_word' id='word_1_636' title='bbox 3522 4297 3588 4348; x_wconf 81' lang='grc' dir='ltr'>ὲκ</span> <span class='ocrx_word' id='word_1_637' title='bbox 3617 4293 3725 4346; x_wconf 86' lang='grc' dir='ltr'><strong>τῶν</strong></span> 
     </span>
    </p>
   </div>
   <div class='ocr_carea' id='block_1_89' title="bbox 448 4373 2025 4454">
    <p class='ocr_par' dir='ltr' id='par_1_89' title="bbox 448 4373 2025 4449">
     <span class='ocr_line' id='line_1_89' title="bbox 448 4373 2025 4449; baseline 0.006 -23"><span class='ocrx_word' id='word_1_638' title='bbox 448 4373 606 4427; x_wconf 90' lang='lat' dir='ltr'><strong>cendi</strong></span> <span class='ocrx_word' id='word_1_639' title='bbox 638 4388 803 4428; x_wconf 84' lang='lat' dir='ltr'><strong>causa</strong></span> <span class='ocrx_word' id='word_1_640' title='bbox 828 4375 1106 4431; x_wconf 85' lang='lat' dir='ltr'><strong>invadere.</strong></span> <span class='ocrx_word' id='word_1_641' title='bbox 1129 4375 1263 4432; x_wconf 85' lang='lat' dir='ltr'><strong>Cum</strong></span> <span class='ocrx_word' id='word_1_642' title='bbox 1309 4392 1441 4432; x_wconf 86' lang='lat' dir='ltr'><strong>vero</strong></span> <span class='ocrx_word' id='word_1_643' title='bbox 1477 4381 1712 4449; x_wconf 88' lang='lat' dir='ltr'><strong>pastoris</strong></span> <span class='ocrx_word' id='word_1_644' title='bbox 1737 4380 1823 4435; x_wconf 92' lang='lat' dir='ltr'><strong>sui</strong></span> <span class='ocrx_word' id='word_1_645' title='bbox 1855 4378 2025 4435; x_wconf 87' lang='lat' dir='ltr'><strong>adhuc</strong></span> 
     </span>
    </p>
   </div>
   <div class='ocr_carea' id='block_1_90' title="bbox 2129 4373 3725 4454">
    <p class='ocr_par' dir='ltr' id='par_1_90' title="bbox 2132 4381 3725 4454">
     <span class='ocr_line' id='line_1_90' title="bbox 2132 4381 3725 4454; baseline 0 -17"><span class='ocrx_word' id='word_1_646' title='bbox 2132 4382 2378 4438; x_wconf 82' lang='grc' dir='ltr'>κανόνων</span> <span class='ocrx_word' id='word_1_647' title='bbox 2405 4381 2691 4453; x_wconf 78' lang='grc' dir='ltr'>ἐπιτιμίας</span> <span class='ocrx_word' id='word_1_648' title='bbox 2716 4382 3071 4453; x_wconf 78' lang='grc' dir='ltr'>ἐξαιρήσεται</span> <span class='ocrx_word' id='word_1_649' title='bbox 3097 4382 3257 4451; x_wconf 84' lang='grc' dir='ltr'>λόγος</span> <span class='ocrx_word' id='word_1_650' title='bbox 3276 4423 3291 4448; x_wconf 90' lang='grc'><strong>,</strong></span> <span class='ocrx_word' id='word_1_651' title='bbox 3314 4384 3408 4437; x_wconf 75' lang='grc' dir='ltr'><strong>ἐπὶ</strong></span> <span class='ocrx_word' id='word_1_652' title='bbox 3439 4401 3725 4454; x_wconf 80' lang='grc' dir='ltr'>κεχρυσωο</span> 
     </span>
    </p>
   </div>
   <div class='ocr_carea' id='block_1_91' title="bbox 447 4438 2025 4550">
    <p class='ocr_par' dir='ltr' id='par_1_91' title="bbox 447 4438 2025 4539">
     <span class='ocr_line' id='line_1_91' title="bbox 447 4438 2025 4539; baseline 0.005 -22"><span class='ocrx_word' id='word_1_653' title='bbox 447 4464 741 4531; x_wconf 80' lang='lat' dir='ltr'><strong>praesentia</strong></span> <span class='ocrx_word' id='word_1_654' title='bbox 798 4464 1094 4536; x_wconf 73' lang='lat' dir='ltr'><strong>glorietur,</strong></span> <span class='ocrx_word' id='word_1_655' title='bbox 1151 4482 1251 4523; x_wconf 87' lang='lat' dir='ltr'><strong>nec</strong></span> <span class='ocrx_word' id='word_1_656' title='bbox 1312 4438 1494 4534; x_wconf 58' lang='lat' dir='ltr'><strong>desit,</strong></span> <span class='ocrx_word' id='word_1_657' title='bbox 1540 4470 1634 4539; x_wconf 91' lang='lat' dir='ltr'><strong>qui</strong></span> <span class='ocrx_word' id='word_1_658' title='bbox 1693 4471 1902 4526; x_wconf 90' lang='lat' dir='ltr'><strong>utiliter</strong></span> <span class='ocrx_word' id='word_1_659' title='bbox 1950 4470 2025 4525; x_wconf 91' lang='lat' dir='ltr'><strong>illi</strong></span> 
     </span>
    </p>
   </div>
   <div class='ocr_carea' id='block_1_92' title="bbox 2129 4438 3722 4550">
    <p class='ocr_par' dir='ltr' id='par_1_92' title="bbox 2135 4438 3722 4550">
     <span class='ocr_line' id='line_1_92' title="bbox 2135 4438 3722 4550; baseline -0.001 -23"><span class='ocrx_word' id='word_1_660' title='bbox 2135 4473 2284 4545; x_wconf 86' lang='grc' dir='ltr'>μένῳ</span> <span class='ocrx_word' id='word_1_661' title='bbox 2310 4473 2408 4527; x_wconf 65' lang='grc' dir='ltr'><strong>κα)⁸</strong></span> <span class='ocrx_word' id='word_1_662' title='bbox 2455 4438 2961 4550; x_wconf 46' lang='grc' dir='ltr'>ήρχυρωμένῳικιαὶ</span> <span class='ocrx_word' id='word_1_663' title='bbox 3017 4438 3454 4544; x_wconf 65' lang='grc' dir='ltr'>τιμίοίςλίθοις,</span> <span class='ocrx_word' id='word_1_664' title='bbox 3489 4438 3722 4527; x_wconf 57' lang='grc' dir='ltr'>ἀποστο-</span> 
     </span>
    </p>
   </div>
   <div class='ocr_carea' id='block_1_93' title="bbox 449 4554 2025 4645">
    <p class='ocr_par' dir='ltr' id='par_1_93' title="bbox 449 4554 2025 4630">
     <span class='ocr_line' id='line_1_93' title="bbox 449 4554 2025 4630; baseline 0.006 -21"><span class='ocrx_word' id='word_1_665' title='bbox 449 4554 801 4624; x_wconf 75' lang='lat' dir='ltr'><strong>lcgitimeqtte</strong></span> <span class='ocrx_word' id='word_1_666' title='bbox 846 4559 1164 4627; x_wconf 72' lang='lat' dir='ltr'><strong>praesideat;</strong></span> <span class='ocrx_word' id='word_1_667' title='bbox 1196 4575 1317 4630; x_wconf 78' lang='lat' dir='ltr'><strong>quae</strong></span> <span class='ocrx_word' id='word_1_668' title='bbox 1359 4575 1457 4617; x_wconf 88' lang='lat' dir='ltr'><strong>vos</strong></span> <span class='ocrx_word' id='word_1_669' title='bbox 1496 4562 1635 4618; x_wconf 83' lang='lat' dir='ltr'><strong>ratio</strong></span> <span class='ocrx_word' id='word_1_670' title='bbox 1678 4577 1708 4616; x_wconf 91' lang='lat' dir='ltr'><strong>a</strong></span> <span class='ocrx_word' id='word_1_671' title='bbox 1756 4564 2025 4619; x_wconf 67' lang='lat' dir='ltr'><strong>canonica</strong></span> 
     </span>
    </p>
   </div>
   <div class='ocr_carea' id='block_1_94' title="bbox 2129 4554 3740 4645">
    <p class='ocr_par' dir='ltr' id='par_1_94' title="bbox 2129 4563 3740 4645">
     <span class='ocr_line' id='line_1_94' title="bbox 2129 4563 3740 4645; baseline -0.002 -25"><span class='ocrx_word' id='word_1_672' title='bbox 2129 4566 2303 4629; x_wconf 82' lang='grc' dir='ltr'>λικοίς</span> <span class='ocrx_word' id='word_1_673' title='bbox 2334 4566 2432 4619; x_wconf 66' lang='grc' dir='ltr'>καὶ</span> <span class='ocrx_word' id='word_1_674' title='bbox 2466 4564 2782 4636; x_wconf 84' lang='grc' dir='ltr'>Πατρικοϊς,</span> <span class='ocrx_word' id='word_1_675' title='bbox 2814 4564 2981 4635; x_wconf 72' lang='grc' dir='ltr'>φημὶ,</span> <span class='ocrx_word' id='word_1_676' title='bbox 3006 4563 3233 4633; x_wconf 84' lang='grc' dir='ltr'>λογίοις,</span> <span class='ocrx_word' id='word_1_677' title='bbox 3274 4565 3511 4636; x_wconf 80' lang='grc' dir='ltr'>θεμελίῳ</span> <span class='ocrx_word' id='word_1_678' title='bbox 3526 4582 3740 4645; x_wconf 68' lang='grc' dir='ltr'>πεποιοῖ</span> 
     </span>
    </p>
   </div>
   <div class='ocr_carea' id='block_1_95' title="bbox 452 4644 2025 4729">
    <p class='ocr_par' dir='ltr' id='par_1_95' title="bbox 452 4644 2025 4726">
     <span class='ocr_line' id='line_1_95' title="bbox 452 4644 2025 4726; baseline 0.009 -28"><span class='ocrx_word' id='word_1_679' title='bbox 452 4644 815 4703; x_wconf 85' lang='lat' dir='ltr'><strong>districtionis</strong></span> <span class='ocrx_word' id='word_1_680' title='bbox 858 4651 1154 4707; x_wconf 86' lang='lat' dir='ltr'><strong>severitate</strong></span> <span class='ocrx_word' id='word_1_681' title='bbox 1182 4654 1410 4717; x_wconf 83' lang='lat' dir='ltr'><strong>eximat,</strong></span> <span class='ocrx_word' id='word_1_682' title='bbox 1439 4654 1529 4724; x_wconf 89' lang='lat' dir='ltr'><strong>qui</strong></span> <span class='ocrx_word' id='word_1_683' title='bbox 1554 4670 1721 4726; x_wconf 90' lang='lat' dir='ltr'><strong>super</strong></span> <span class='ocrx_word' id='word_1_684' title='bbox 1744 4671 1938 4711; x_wconf 87' lang='lat' dir='ltr'><strong>aurum</strong></span> <span class='ocrx_word' id='word_1_685' title='bbox 1973 4663 2025 4712; x_wconf 89' lang='lat' dir='ltr'><strong>et</strong></span> 
     </span>
    </p>
   </div>
   <div class='ocr_carea' id='block_1_96' title="bbox 2129 4644 3744 4729">
    <p class='ocr_par' dir='ltr' id='par_1_96' title="bbox 2129 4644 3744 4729">
     <span class='ocr_line' id='line_1_96' title="bbox 2129 4644 3744 4729; baseline -0.002 -17"><span class='ocrx_word' id='word_1_686' title='bbox 2129 4657 2374 4729; x_wconf 81' lang='grc' dir='ltr'>κιλμένῳ</span> <span class='ocrx_word' id='word_1_687' title='bbox 2393 4699 2409 4724; x_wconf 85' lang='grc'><strong>,</strong></span> <span class='ocrx_word' id='word_1_688' title='bbox 2437 4655 2646 4728; x_wconf 81' lang='grc' dir='ltr'>ξυλώδη</span> <span class='ocrx_word' id='word_1_689' title='bbox 2692 4656 2787 4710; x_wconf 76' lang='grc' dir='ltr'>καὶ</span> <span class='ocrx_word' id='word_1_690' title='bbox 2821 4654 3070 4728; x_wconf 87' lang='grc' dir='ltr'>χορτώδη</span> <span class='ocrx_word' id='word_1_691' title='bbox 3101 4658 3196 4710; x_wconf 70' lang='grc' dir='ltr'>καὶ</span> <span class='ocrx_word' id='word_1_692' title='bbox 3225 4658 3541 4729; x_wconf 86' lang='grc' dir='ltr'>καλαμίνην</span> <span class='ocrx_word' id='word_1_693' title='bbox 3573 4644 3744 4710; x_wconf 11' lang='lat' dir='ltr'><strong>erret-7&#39;</strong></span> 
     </span>
    </p>
   </div>
   <div class='ocr_carea' id='block_1_97' title="bbox 452 4743 2028 4816">
    <p class='ocr_par' dir='ltr' id='par_1_97' title="bbox 452 4743 2028 4816">
     <span class='ocr_line' id='line_1_97' title="bbox 452 4743 2028 4816; baseline 0.008 -26"><span class='ocrx_word' id='word_1_694' title='bbox 452 4746 763 4807; x_wconf 79' lang='lat' dir='ltr'><strong>argentum,</strong></span> <span class='ocrx_word' id='word_1_695' title='bbox 789 4755 1056 4811; x_wconf 88' lang='lat' dir='ltr'><strong>superque</strong></span> <span class='ocrx_word' id='word_1_696' title='bbox 1105 4743 1315 4814; x_wconf 90' lang='lat' dir='ltr'><strong>lapides</strong></span> <span class='ocrx_word' id='word_1_697' title='bbox 1352 4746 1622 4816; x_wconf 90' lang='lat' dir='ltr'><strong>pretiosos</strong></span> <span class='ocrx_word' id='word_1_698' title='bbox 1646 4788 1662 4814; x_wconf 89' lang='lat'><strong>,</strong></span> <span class='ocrx_word' id='word_1_699' title='bbox 1711 4762 1877 4815; x_wconf 88' lang='lat' dir='ltr'><strong>super</strong></span> <span class='ocrx_word' id='word_1_700' title='bbox 1902 4748 2028 4803; x_wconf 81' lang='lat' dir='ltr'><strong>fun-</strong></span> 
     </span>
    </p>
   </div>
   <div class='ocr_carea' id='block_1_98' title="bbox 452 4826 2028 4908">
    <p class='ocr_par' dir='ltr' id='par_1_98' title="bbox 452 4826 2028 4908">
     <span class='ocr_line' id='line_1_98' title="bbox 452 4826 2028 4908; baseline 0.01 -29"><span class='ocrx_word' id='word_1_701' title='bbox 452 4826 793 4891; x_wconf 89' lang='lat' dir='ltr'><strong>damentum,</strong></span> <span class='ocrx_word' id='word_1_702' title='bbox 831 4829 1077 4899; x_wconf 87' lang='lat' dir='ltr'><strong>inquam,</strong></span> <span class='ocrx_word' id='word_1_703' title='bbox 1121 4833 1489 4902; x_wconf 90' lang='lat' dir='ltr'><strong>apostolorum</strong></span> <span class='ocrx_word' id='word_1_704' title='bbox 1531 4836 1865 4908; x_wconf 84' lang='lat' dir='ltr'><strong>Patrumqno</strong></span> <span class='ocrx_word' id='word_1_705' title='bbox 1917 4837 2028 4894; x_wconf 90' lang='lat' dir='ltr'><strong>elo-</strong></span> 
     </span>
    </p>
   </div>
   <div class='ocr_carea' id='block_1_99' title="bbox 460 4918 2032 5000">
    <p class='ocr_par' dir='ltr' id='par_1_99' title="bbox 460 4918 2032 5000">
     <span class='ocr_line' id='line_1_99' title="bbox 460 4918 2032 5000; baseline 0.01 -31"><span class='ocrx_word' id='word_1_706' title='bbox 460 4918 605 4987; x_wconf 90' lang='lat' dir='ltr'><strong>quiis</strong></span> <span class='ocrx_word' id='word_1_707' title='bbox 665 4920 817 4977; x_wconf 89' lang='lat' dir='ltr'><strong>varie</strong></span> <span class='ocrx_word' id='word_1_708' title='bbox 848 4933 1196 4987; x_wconf 83' lang='lat' dir='ltr'><strong>exornatum,</strong></span> <span class='ocrx_word' id='word_1_709' title='bbox 1244 4924 1472 4995; x_wconf 83' lang='lat' dir='ltr'><strong>lignum,</strong></span> <span class='ocrx_word' id='word_1_710' title='bbox 1518 4924 1724 4993; x_wconf 74' lang='lat' dir='ltr'><strong>fenum,</strong></span> <span class='ocrx_word' id='word_1_711' title='bbox 1778 4928 2032 5000; x_wconf 87' lang='lat' dir='ltr'><strong>stipulam</strong></span> 
     </span>
    </p>
   </div>
   <div class='ocr_carea' id='block_1_100' title="bbox 453 5012 2034 5085">
    <p class='ocr_par' dir='ltr' id='par_1_100' title="bbox 453 5012 2034 5085">
     <span class='ocr_line' id='line_1_100' title="bbox 453 5012 2034 5085; baseline 0.008 -20"><span class='ocrx_word' id='word_1_712' title='bbox 453 5023 724 5078; x_wconf 69' lang='lat' dir='ltr'><strong>perversae</strong></span> <span class='ocrx_word' id='word_1_713' title='bbox 758 5012 882 5068; x_wconf 84' lang='lat' dir='ltr'><strong>ﬁdei</strong></span> <span class='ocrx_word' id='word_1_714' title='bbox 914 5026 1362 5085; x_wconf 78' lang='lat' dir='ltr'><strong>superexstruere</strong></span> <span class='ocrx_word' id='word_1_715' title='bbox 1392 5020 1614 5076; x_wconf 87' lang='lat' dir='ltr'><strong>tentatis</strong></span> <span class='ocrx_word' id='word_1_716' title='bbox 1655 5038 1670 5075; x_wconf 91' lang='lat'><strong>:</strong></span> <span class='ocrx_word' id='word_1_717' title='bbox 1702 5029 1762 5075; x_wconf 93' lang='lat' dir='ltr'><strong>ut</strong></span> <span class='ocrx_word' id='word_1_718' title='bbox 1800 5021 1884 5076; x_wconf 90' lang='lat' dir='ltr'><strong>vel</strong></span> <span class='ocrx_word' id='word_1_719' title='bbox 1914 5022 2034 5078; x_wconf 90' lang='lat' dir='ltr'><strong>ideo</strong></span> 
     </span>
    </p>
   </div>
   <div class='ocr_carea' id='block_1_101' title="bbox 453 5100 2032 5182">
    <p class='ocr_par' dir='ltr' id='par_1_101' title="bbox 453 5100 2032 5182">
     <span class='ocr_line' id='line_1_101' title="bbox 453 5100 2032 5182; baseline 0.009 -27"><span class='ocrx_word' id='word_1_720' title='bbox 453 5100 628 5155; x_wconf 88' lang='lat' dir='ltr'><strong>solum</strong></span> <span class='ocrx_word' id='word_1_721' title='bbox 662 5119 760 5172; x_wconf 86' lang='lat' dir='ltr'><strong>par</strong></span> <span class='ocrx_word' id='word_1_722' title='bbox 780 5105 1023 5160; x_wconf 85' lang='lat' dir='ltr'><strong>videatur</strong></span> <span class='ocrx_word' id='word_1_723' title='bbox 1040 5106 1193 5175; x_wconf 78' lang='lat' dir='ltr'><strong>juxta</strong></span> <span class='ocrx_word' id='word_1_724' title='bbox 1213 5124 1399 5164; x_wconf 90' lang='lat' dir='ltr'><strong>sacros</strong></span> <span class='ocrx_word' id='word_1_725' title='bbox 1417 5124 1656 5166; x_wconf 89' lang='lat' dir='ltr'><strong>canones</strong></span> <span class='ocrx_word' id='word_1_726' title='bbox 1673 5112 1857 5167; x_wconf 87' lang='lat' dir='ltr'><strong>violati</strong></span> <span class='ocrx_word' id='word_1_727' title='bbox 1887 5113 2032 5182; x_wconf 91' lang='lat' dir='ltr'><strong>ipso-</strong></span> 
     </span>
    </p>
   </div>
   <div class='ocr_carea' id='block_1_102' title="bbox 456 5191 2034 5268">
    <p class='ocr_par' dir='ltr' id='par_1_102' title="bbox 456 5191 2034 5268">
     <span class='ocr_line' id='line_1_102' title="bbox 456 5191 2034 5268; baseline 0.011 -26"><span class='ocrx_word' id='word_1_728' title='bbox 456 5206 574 5244; x_wconf 89' lang='lat' dir='ltr'><strong>rum</strong></span> <span class='ocrx_word' id='word_1_729' title='bbox 602 5191 743 5260; x_wconf 88' lang='lat' dir='ltr'><strong>juris</strong></span> <span class='ocrx_word' id='word_1_730' title='bbox 794 5209 916 5249; x_wconf 89' lang='lat' dir='ltr'><strong>reos</strong></span> <span class='ocrx_word' id='word_1_731' title='bbox 954 5210 1048 5251; x_wconf 91' lang='lat' dir='ltr'><strong>vos</strong></span> <span class='ocrx_word' id='word_1_732' title='bbox 1092 5197 1278 5267; x_wconf 79' lang='lat' dir='ltr'><strong>peragi</strong></span> <span class='ocrx_word' id='word_1_733' title='bbox 1329 5199 1421 5268; x_wconf 88' lang='lat' dir='ltr'><strong>qui</strong></span> <span class='ocrx_word' id='word_1_734' title='bbox 1451 5210 1639 5255; x_wconf 91' lang='lat' dir='ltr'><strong>contra</strong></span> <span class='ocrx_word' id='word_1_735' title='bbox 1680 5202 1815 5258; x_wconf 89' lang='lat' dir='ltr'><strong>adeo</strong></span> <span class='ocrx_word' id='word_1_736' title='bbox 1857 5203 2034 5260; x_wconf 88' lang='lat' dir='ltr'><strong>claras</strong></span> 
     </span>
    </p>
   </div>
   <div class='ocr_carea' id='block_1_103' title="bbox 457 5282 2036 5360">
    <p class='ocr_par' dir='ltr' id='par_1_103' title="bbox 457 5282 2036 5360">
     <span class='ocr_line' id='line_1_103' title="bbox 457 5282 2036 5360; baseline 0.007 -26"><span class='ocrx_word' id='word_1_737' title='bbox 457 5294 523 5336; x_wconf 90' lang='lat' dir='ltr'><strong>ac</strong></span> <span class='ocrx_word' id='word_1_738' title='bbox 558 5282 876 5339; x_wconf 89' lang='lat' dir='ltr'><strong>manifestas</strong></span> <span class='ocrx_word' id='word_1_739' title='bbox 910 5286 1162 5355; x_wconf 80' lang='lat' dir='ltr'><strong>pugnatis</strong></span> <span class='ocrx_word' id='word_1_740' title='bbox 1205 5295 1263 5340; x_wconf 92' lang='lat' dir='ltr'><strong>et</strong></span> <span class='ocrx_word' id='word_1_741' title='bbox 1307 5287 1560 5343; x_wconf 87' lang='lat' dir='ltr'><strong>insanitis</strong></span> <span class='ocrx_word' id='word_1_742' title='bbox 1607 5287 1772 5359; x_wconf 75' lang='lat' dir='ltr'><strong>leges,</strong></span> <span class='ocrx_word' id='word_1_743' title='bbox 1796 5303 2036 5360; x_wconf 80' lang='lat' dir='ltr'><strong>congrue</strong></span> 
     </span>
    </p>
   </div>
   <div class='ocr_carea' id='block_1_104' title="bbox 532 5417 2049 5498">
    <p class='ocr_par' dir='ltr' id='par_1_104' title="bbox 532 5417 2049 5498">
     <span class='ocr_line' id='line_1_104' title="bbox 532 5417 2049 5498; baseline 0.009 -29"><span class='ocrx_word' id='word_1_744' title='bbox 532 5417 646 5498; x_wconf 56' lang='lat'><strong>(30)</strong></span> <span class='ocrx_word' id='word_1_745' title='bbox 684 5420 992 5498; x_wconf 54' lang='lat' dir='ltr'><strong>llespicitur</strong></span> <span class='ocrx_word' id='word_1_746' title='bbox 1029 5423 1096 5476; x_wconf 88' lang='lat' dir='ltr'><strong>ad</strong></span> <span class='ocrx_word' id='word_1_747' title='bbox 1146 5423 1273 5482; x_wconf 91' lang='lat' dir='ltr'><strong>illud</strong></span> <span class='ocrx_word' id='word_1_748' title='bbox 1304 5424 1351 5480; x_wconf 86' lang='grc' dir='ltr'>Π</span> <span class='ocrx_word' id='word_1_749' title='bbox 1379 5424 1528 5483; x_wconf 84' lang='lat' dir='ltr'><strong>Petr.</strong></span> <span class='ocrx_word' id='word_1_750' title='bbox 1557 5436 1618 5497; x_wconf 88' lang='lat' dir='ltr'><strong>n,</strong></span> <span class='ocrx_word' id='word_1_751' title='bbox 1645 5427 1715 5483; x_wconf 82' lang='lat'><strong>5:</strong></span> <span class='ocrx_word' id='word_1_752' title='bbox 1746 5426 1932 5497; x_wconf 83' lang='lat' dir='ltr'><strong>quibus</strong></span> <span class='ocrx_word' id='word_1_753' title='bbox 1960 5444 2049 5491; x_wconf 68' lang='lat' dir='ltr'><strong>1u~</strong></span> 
     </span>
    </p>
   </div>
   <div class='ocr_carea' id='block_1_105' title="bbox 462 5486 1304 5550">
    <p class='ocr_par' dir='ltr' id='par_1_105' title="bbox 462 5486 1304 5550">
     <span class='ocr_line' id='line_1_105' title="bbox 462 5486 1304 5550; baseline 0.011 -9"><span class='ocrx_word' id='word_1_754' title='bbox 462 5486 659 5542; x_wconf 66' lang='lat' dir='ltr'><strong>eliciunt</strong></span> <span class='ocrx_word' id='word_1_755' title='bbox 686 5486 809 5550; x_wconf 75' lang='lat' dir='ltr'><strong>jani</strong></span> <span class='ocrx_word' id='word_1_756' title='bbox 832 5491 956 5544; x_wconf 86' lang='lat' dir='ltr'><strong>olim</strong></span> <span class='ocrx_word' id='word_1_757' title='bbox 988 5508 1089 5545; x_wconf 82' lang='lat' dir='ltr'><strong>non</strong></span> <span class='ocrx_word' id='word_1_758' title='bbox 1120 5507 1304 5550; x_wconf 73' lang='lat' dir='ltr'><strong>cessat.</strong></span> 
     </span>
    </p>
   </div>
   <div class='ocr_carea' id='block_1_106' title="bbox 537 5556 2037 5639">
    <p class='ocr_par' dir='ltr' id='par_1_106' title="bbox 537 5556 2037 5639">
     <span class='ocr_line' id='line_1_106' title="bbox 537 5556 2037 5639; baseline 0.01 -30"><span class='ocrx_word' id='word_1_759' title='bbox 537 5556 649 5639; x_wconf 61' lang='lat' dir='ltr'><strong>(2i)</strong></span> <span class='ocrx_word' id='word_1_760' title='bbox 681 5556 780 5611; x_wconf 82' lang='lat' dir='ltr'><strong>Ms.</strong></span> <span class='ocrx_word' id='word_1_761' title='bbox 811 5558 873 5639; x_wconf 58' lang='grc' dir='ltr'>τῇ</span> <span class='ocrx_word' id='word_1_762' title='bbox 905 5562 979 5639; x_wconf 77' lang='grc' dir='ltr'><strong>μή</strong></span> <span class='ocrx_word' id='word_1_763' title='bbox 999 5577 1027 5639; x_wconf 35' lang='grc' dir='ltr'><strong>ο.</strong></span> <span class='ocrx_word' id='word_1_764' title='bbox 1049 5566 1190 5630; x_wconf 83' lang='lat' dir='ltr'><strong>quod</strong></span> <span class='ocrx_word' id='word_1_765' title='bbox 1213 5566 1397 5639; x_wconf 83' lang='lat' dir='ltr'><strong>nescio</strong></span> <span class='ocrx_word' id='word_1_766' title='bbox 1423 5580 1582 5639; x_wconf 82' lang='lat' dir='ltr'><strong>quem</strong></span> <span class='ocrx_word' id='word_1_767' title='bbox 1607 5580 1826 5639; x_wconf 77' lang='lat' dir='ltr'><strong>sensum</strong></span> <span class='ocrx_word' id='word_1_768' title='bbox 1856 5566 2037 5639; x_wconf 86' lang='lat' dir='ltr'><strong>facere</strong></span> 
     </span>
    </p>
   </div>
   <div class='ocr_carea' id='block_1_107' title="bbox 468 5629 2028 5702">
    <p class='ocr_par' dir='ltr' id='par_1_107' title="bbox 468 5629 2028 5702">
     <span class='ocr_line' id='line_1_107' title="bbox 468 5629 2028 5702; baseline 0.008 -20"><span class='ocrx_word' id='word_1_769' title='bbox 468 5629 679 5698; x_wconf 87' lang='lat' dir='ltr'><strong>possit:</strong></span> <span class='ocrx_word' id='word_1_770' title='bbox 706 5629 930 5698; x_wconf 87' lang='lat' dir='ltr'><strong>suppleo</strong></span> <span class='ocrx_word' id='word_1_771' title='bbox 961 5629 1123 5701; x_wconf 77' lang='lat' dir='ltr'><strong>igitur</strong></span> <span class='ocrx_word' id='word_1_772' title='bbox 1155 5638 1298 5702; x_wconf 89' lang='lat' dir='ltr'><strong>quod</strong></span> <span class='ocrx_word' id='word_1_773' title='bbox 1329 5629 1602 5693; x_wconf 77' lang='lat' dir='ltr'><strong>excidisse</strong></span> <span class='ocrx_word' id='word_1_774' title='bbox 1629 5636 1849 5692; x_wconf 90' lang='lat' dir='ltr'><strong>librario</strong></span> <span class='ocrx_word' id='word_1_775' title='bbox 1879 5638 2028 5694; x_wconf 87' lang='lat' dir='ltr'><strong>vide-</strong></span> 
     </span>
    </p>
   </div>
   <div class='ocr_carea' id='block_1_108' title="bbox 2127 4747 3722 4823">
    <p class='ocr_par' dir='ltr' id='par_1_108' title="bbox 2127 4747 3722 4823">
     <span class='ocr_line' id='line_1_108' title="bbox 2127 4747 3722 4823; baseline -0.001 -18"><span class='ocrx_word' id='word_1_776' title='bbox 2127 4751 2380 4823; x_wconf 86' lang='grc' dir='ltr'>κοδομεῖν</span> <span class='ocrx_word' id='word_1_777' title='bbox 2432 4748 2797 4804; x_wconf 83' lang='grc' dir='ltr'>κακοπιστίαν</span> <span class='ocrx_word' id='word_1_778' title='bbox 2840 4747 3152 4814; x_wconf 77' lang='grc' dir='ltr'>ὲθέλονταςς</span> <span class='ocrx_word' id='word_1_779' title='bbox 3182 4749 3346 4802; x_wconf 75' lang='grc' dir='ltr'>Ὥστε</span> <span class='ocrx_word' id='word_1_780' title='bbox 3387 4750 3600 4803; x_wconf 81' lang='grc' dir='ltr'>δίκαιον</span> <span class='ocrx_word' id='word_1_781' title='bbox 3655 4749 3722 4803; x_wconf 78' lang='grc' dir='ltr'>ἂν</span> 
     </span>
    </p>
   </div>
   <div class='ocr_carea' id='block_1_109' title="bbox 2126 4839 3725 4914">
    <p class='ocr_par' dir='ltr' id='par_1_109' title="bbox 2126 4839 3725 4914">
     <span class='ocr_line' id='line_1_109' title="bbox 2126 4839 3725 4914; baseline -0.002 -18"><span class='ocrx_word' id='word_1_782' title='bbox 2126 4843 2211 4914; x_wconf 76' lang='grc' dir='ltr'>εἴη</span> <span class='ocrx_word' id='word_1_783' title='bbox 2236 4841 2331 4901; x_wconf 79' lang='grc' dir='ltr'>καὶ</span> <span class='ocrx_word' id='word_1_784' title='bbox 2358 4841 2530 4912; x_wconf 86' lang='grc' dir='ltr'>αὐτῆς</span> <span class='ocrx_word' id='word_1_785' title='bbox 2552 4841 2653 4913; x_wconf 83' lang='grc' dir='ltr'><strong>τῆς</strong></span> <span class='ocrx_word' id='word_1_786' title='bbox 2676 4839 2787 4895; x_wconf 80' lang='grc' dir='ltr'><strong>τῶν</strong></span> <span class='ocrx_word' id='word_1_787' title='bbox 2817 4840 2979 4911; x_wconf 78' lang='grc' dir='ltr'>ἱερῶν</span> <span class='ocrx_word' id='word_1_788' title='bbox 3006 4841 3251 4895; x_wconf 86' lang='grc' dir='ltr'>κανόνων</span> <span class='ocrx_word' id='word_1_789' title='bbox 3272 4840 3568 4911; x_wconf 88' lang='grc' dir='ltr'>ἀκριϐείας</span> <span class='ocrx_word' id='word_1_790' title='bbox 3595 4842 3725 4893; x_wconf 85' lang='grc' dir='ltr'>ὑπο-</span> 
     </span>
    </p>
   </div>
   <div class='ocr_carea' id='block_1_110' title="bbox 2137 4926 3725 5002">
    <p class='ocr_par' dir='ltr' id='par_1_110' title="bbox 2137 4926 3725 5002">
     <span class='ocr_line' id='line_1_110' title="bbox 2137 4926 3725 5002; baseline -0.004 -16"><span class='ocrx_word' id='word_1_791' title='bbox 2137 4926 2323 4995; x_wconf 84' lang='grc' dir='ltr'>δίκους</span> <span class='ocrx_word' id='word_1_792' title='bbox 2358 4931 2502 5002; x_wconf 81' lang='grc' dir='ltr'>ὑμᾶς</span> <span class='ocrx_word' id='word_1_793' title='bbox 2544 4931 2860 5000; x_wconf 81' lang='grc' dir='ltr'>ἀποφῆναι,</span> <span class='ocrx_word' id='word_1_794' title='bbox 2898 4929 3042 4984; x_wconf 78' lang='grc' dir='ltr'>οὓτω</span> <span class='ocrx_word' id='word_1_795' title='bbox 3082 4930 3222 5001; x_wconf 79' lang='grc' dir='ltr'>πρὸς</span> <span class='ocrx_word' id='word_1_796' title='bbox 3255 4930 3324 4984; x_wconf 88' lang='grc' dir='ltr'><strong>τά</strong></span> <span class='ocrx_word' id='word_1_797' title='bbox 3370 4930 3582 5000; x_wconf 74' lang='grc' dir='ltr'>ἐναργῆ</span> <span class='ocrx_word' id='word_1_798' title='bbox 3634 4929 3725 4983; x_wconf 74' lang='grc' dir='ltr'>καὶ</span> 
     </span>
    </p>
   </div>
   <div class='ocr_carea' id='block_1_111' title="bbox 2137 5020 3726 5092">
    <p class='ocr_par' dir='ltr' id='par_1_111' title="bbox 2137 5020 3726 5092">
     <span class='ocr_line' id='line_1_111' title="bbox 2137 5020 3726 5092; baseline -0.002 -18"><span class='ocrx_word' id='word_1_799' title='bbox 2137 5020 2277 5089; x_wconf 81' lang='grc' dir='ltr'>δῆλα.</span> <span class='ocrx_word' id='word_1_800' title='bbox 2328 5020 2662 5092; x_wconf 82' lang='grc' dir='ltr'>μαχομένοις</span> <span class='ocrx_word' id='word_1_801' title='bbox 2714 5022 2813 5075; x_wconf 71' lang='grc' dir='ltr'>καὶ</span> <span class='ocrx_word' id='word_1_802' title='bbox 2875 5020 3295 5092; x_wconf 86' lang='grc' dir='ltr'>ἀνοηταίνουσι,</span> <span class='ocrx_word' id='word_1_803' title='bbox 3357 5021 3456 5074; x_wconf 76' lang='grc' dir='ltr'>καὶ</span> <span class='ocrx_word' id='word_1_804' title='bbox 3505 5020 3726 5091; x_wconf 78' lang='grc' dir='ltr'>δεσμοῖς</span> 
     </span>
    </p>
   </div>
   <div class='ocr_carea' id='block_1_112' title="bbox 2138 5106 3726 5182">
    <p class='ocr_par' dir='ltr' id='par_1_112' title="bbox 2138 5106 3726 5182">
     <span class='ocr_line' id='line_1_112' title="bbox 2138 5106 3726 5182; baseline -0.002 -16"><span class='ocrx_word' id='word_1_805' title='bbox 2138 5113 2326 5176; x_wconf 82' lang='grc' dir='ltr'>ἀϊδίοις</span> <span class='ocrx_word' id='word_1_806' title='bbox 2347 5111 2643 5166; x_wconf 81' lang='grc' dir='ltr'>ὑποϐαλεῖν</span> <span class='ocrx_word' id='word_1_807' title='bbox 2667 5110 3058 5182; x_wconf 85' lang='grc' dir='ltr'>εὐκαιρότατα.</span> <span class='ocrx_word' id='word_1_808' title='bbox 3106 5110 3212 5164; x_wconf 87' lang='grc' dir='ltr'><strong>Τὸν</strong></span> <span class='ocrx_word' id='word_1_809' title='bbox 3245 5106 3340 5165; x_wconf 78' lang='grc' dir='ltr'>οὖν</span> <span class='ocrx_word' id='word_1_810' title='bbox 3368 5112 3575 5165; x_wconf 84' lang='grc' dir='ltr'>κανόνα</span> <span class='ocrx_word' id='word_1_811' title='bbox 3603 5110 3726 5164; x_wconf 73' lang='grc' dir='ltr'>τού-ν</span> 
     </span>
    </p>
   </div>
   <div class='ocr_carea' id='block_1_113' title="bbox 2137 5203 3727 5275">
    <p class='ocr_par' dir='ltr' id='par_1_113' title="bbox 2137 5203 3727 5275">
     <span class='ocr_line' id='line_1_113' title="bbox 2137 5203 3727 5275; baseline -0.001 -19"><span class='ocrx_word' id='word_1_812' title='bbox 2137 5219 2252 5268; x_wconf 87' lang='grc' dir='ltr'>τοις</span> <span class='ocrx_word' id='word_1_813' title='bbox 2276 5203 2644 5272; x_wconf 78' lang='grc' dir='ltr'>ὑπαναγνοὺς,</span> <span class='ocrx_word' id='word_1_814' title='bbox 2668 5203 2766 5257; x_wconf 79' lang='grc' dir='ltr'>καὶ</span> <span class='ocrx_word' id='word_1_815' title='bbox 2795 5203 3176 5275; x_wconf 88' lang='grc' dir='ltr'>καθαιρέσεως</span> <span class='ocrx_word' id='word_1_816' title='bbox 3210 5204 3543 5275; x_wconf 86' lang='grc' dir='ltr'>κατακρίσει</span> <span class='ocrx_word' id='word_1_817' title='bbox 3572 5218 3727 5275; x_wconf 83' lang='grc' dir='ltr'>περι-</span> 
     </span>
    </p>
   </div>
   <div class='ocr_carea' id='block_1_114' title="bbox 2134 5293 3722 5368">
    <p class='ocr_par' dir='ltr' id='par_1_114' title="bbox 2134 5293 3722 5368">
     <span class='ocr_line' id='line_1_114' title="bbox 2134 5293 3722 5368; baseline -0.001 -19"><span class='ocrx_word' id='word_1_818' title='bbox 2134 5295 2447 5368; x_wconf 72' lang='grc' dir='ltr'>δετμήσας,</span> <span class='ocrx_word' id='word_1_819' title='bbox 2483 5293 2588 5362; x_wconf 73' lang='grc' dir='ltr'><strong>ἔξω</strong></span> <span class='ocrx_word' id='word_1_820' title='bbox 2619 5294 2715 5349; x_wconf 80' lang='grc' dir='ltr'><strong>τοῦ</strong></span> <span class='ocrx_word' id='word_1_821' title='bbox 2745 5295 2896 5350; x_wconf 90' lang='grc' dir='ltr'>θείου</span> <span class='ocrx_word' id='word_1_822' title='bbox 2938 5297 3228 5368; x_wconf 86' lang='grc' dir='ltr'>περιϐόλου</span> <span class='ocrx_word' id='word_1_823' title='bbox 3263 5296 3526 5366; x_wconf 85' lang='grc' dir='ltr'>γενέσθαι</span> <span class='ocrx_word' id='word_1_824' title='bbox 3550 5310 3722 5367; x_wconf 87' lang='grc' dir='ltr'>προσ-</span> 
     </span>
    </p>
   </div>
   <div class='ocr_carea' id='block_1_115' title="bbox 2150 5432 3728 5505">
    <p class='ocr_par' dir='ltr' id='par_1_115' title="bbox 2150 5432 3728 5505">
     <span class='ocr_line' id='line_1_115' title="bbox 2150 5432 3728 5505; baseline -0.001 -16"><span class='ocrx_word' id='word_1_825' title='bbox 2150 5441 2260 5499; x_wconf 89' lang='lat' dir='ltr'><strong>tur,</strong></span> <span class='ocrx_word' id='word_1_826' title='bbox 2303 5443 2358 5490; x_wconf 90' lang='lat' dir='ltr'><strong>et</strong></span> <span class='ocrx_word' id='word_1_827' title='bbox 2404 5434 2659 5505; x_wconf 85' lang='grc' dir='ltr'>τόλμημα</span> <span class='ocrx_word' id='word_1_828' title='bbox 2708 5435 2789 5505; x_wconf 79' lang='grc' dir='ltr'>ἐν</span> <span class='ocrx_word' id='word_1_829' title='bbox 2821 5433 3005 5505; x_wconf 78' lang='lat' dir='ltr'><strong>legens</strong></span> <span class='ocrx_word' id='word_1_830' title='bbox 3056 5436 3465 5505; x_wconf 82' lang='lat' dir='ltr'><strong>hunesensum</strong></span> <span class='ocrx_word' id='word_1_831' title='bbox 3518 5432 3728 5505; x_wconf 82' lang='lat' dir='ltr'><strong>reddo:</strong></span> 
     </span>
    </p>
   </div>
   <div class='ocr_carea' id='block_1_116' title="bbox 2155 5503 3732 5575">
    <p class='ocr_par' dir='ltr' id='par_1_116' title="bbox 2155 5503 3732 5575">
     <span class='ocr_line' id='line_1_116' title="bbox 2155 5503 3732 5575; baseline 0.002 -21"><span class='ocrx_word' id='word_1_832' title='bbox 2155 5523 2172 5554; x_wconf 74' lang='grc' dir='ltr'><strong>ι</strong></span> <span class='ocrx_word' id='word_1_833' title='bbox 2216 5506 2402 5575; x_wconf 76' lang='lat' dir='ltr'><strong>Audax</strong></span> <span class='ocrx_word' id='word_1_834' title='bbox 2454 5503 2898 5575; x_wconf 58' lang='lat' dir='ltr'><strong>at&#39;lve&#39;rsusl)eow</strong></span> <span class='ocrx_word' id='word_1_835' title='bbox 2917 5517 3162 5562; x_wconf 86' lang='lat' dir='ltr'><strong>sacratos</strong></span> <span class='ocrx_word' id='word_1_836' title='bbox 3205 5504 3451 5569; x_wconf 86' lang='lat' dir='ltr'><strong>facinus,</strong></span> <span class='ocrx_word' id='word_1_837' title='bbox 3495 5503 3732 5575; x_wconf 86' lang='lat' dir='ltr'><strong>qualiter</strong></span> 
     </span>
    </p>
   </div>
   <div class='ocr_carea' id='block_1_117' title="bbox 2149 5573 2828 5669">
    <p class='ocr_par' dir='ltr' id='par_1_117' title="bbox 2149 5573 2828 5669">
     <span class='ocr_line' id='line_1_117' title="bbox 2149 5573 2828 5669; baseline -0.004 -39"><span class='ocrx_word' id='word_1_838' title='bbox 2149 5583 2322 5645; x_wconf 84' lang='lat' dir='ltr'><strong>potest</strong></span> <span class='ocrx_word' id='word_1_839' title='bbox 2349 5573 2611 5643; x_wconf 86' lang='lat' dir='ltr'><strong>judicium</strong></span> <span class='ocrx_word' id='word_1_840' title='bbox 2640 5574 2742 5632; x_wconf 89' lang='lat' dir='ltr'><strong>dici</strong></span> <span class='ocrx_word' id='word_1_841' title='bbox 2755 5575 2828 5669; x_wconf 34' lang='grc' dir='ltr'><strong>τ’»</strong></span> 
     </span>
    </p>
   </div>
  </div>
