3980 6140
260 307 383 374 125-

1789 305 1986 366 VITA.

3425 283 3527 346 126

253 424 512 477 ἔταττεν.
561 422 624 474 Οί
648 421 705 474 δέ
733 420 809 484 ὡς
844 420 952 474 ὑπὸ
985 421 1246 491 μάστιγος
1273 420 1662 492 ἐλαυνόμενοι,
1693 418 1842 489 λύπῃ

1970 414 2168 470 ιηιιιίηο
2205 409 2428 468 aeternis
2469 403 2702 463 v-inculis
2742 399 3084 474 subiiciendi.
3113 397 3374 452 Praelecto
3421 397 3520 464 igio

255 515 358 567 καὶ
400 513 568 584 μανίᾳ
605 513 892 583 γενόμενοι
940 512 1191 582 κάτοχοι,
1255 513 1352 565 σὺν
1399 515 1513 574 τοῖς
1551 509 1842 580 ἑπομένοις

255 605 453 663 αὐτοῖς
486 602 826 673 κωμολόγοις
860 602 956 656 καὶ⁵
989 604 1276 674 ἀγύρταις,
1314 603 1475 656 αὐτόν
1506 619 1564 654 τε
1595 601 1688 654 καί⁵
1733 600 1838 652 Ta.-

259 695 478 766 ράσιον,
509 695 634 756 τοὺς
667 695 766 762 τῆς
811 693 1138 764 Ἐκκλησίας
1177 694 1556 761 ἐδραιοτάτους
1591 691 1840 756 στύλους,

254 786 376 847 τοῖς
393 783 734 854 ἀναθέμασιν
751 783 980 836 ἔϐαλλον
1005 799 1018 812 ·
1038 785 1181 836 οὕτω
1201 801 1260 836 τε
1282 777 1468 836 λοιπὸν
1481 783 1568 835 διὰ
1589 783 1686 850 τῆς
1712 781 1845 832 λεω-

259 876 434 946 φόρου
471 874 978 945 ἐνασχημονοῦντες
1004 877 1052 928 οἱ
1089 875 1423 946 μιαρώτατοι
1441 887 1461 939 ,'
1489 875 1584 927 xui.
1615 872 1751 944 πρὸς
1773 872 1846 925 τὰ

261 965 520 1034 βασίλεια
553 966 650 1018 σὺν
685 967 802 1026 τοῖς
841 964 985 1018 κατά
1018 965 1130 1018 τῶν
1179 965 1350 1034 ἁγίων
1383 964 1712 1033 σκώμμασιν
1744 962 1844 1032 ἤδη

262 1055 592 1126 φερόμενοι,
628 1055 888 1125 ἠπείλουν
919 1055 1150 1109 ἐνώπιον
1182 1054 1276 1108 τοῦ
1325 1071 1388 1107 τε
1437 1052 1705 1124 βασιλέως
1750 1049 1846 1102 καὶ

262 1148 362 1200 τοῦ
410 1150 507 1216 τῆς
555 1147 824 1217 αἱρέσεως
858 1147 1134 1219 φορυτοῦ,
1175 1149 1279 1202 ὅσα
1327 1147 1570 1217 ἥκουσαν
1604 1142 1699 1196 καὶ¹
1747 1142 1849 1194 ὅσα

263 1239 550 1308 ἐποίησαν.

1949 518 2037 563 ιυι·
2064 507 2132 562 iis
2163 518 2391 569 canone,
2411 516 2474 556 ac
2502 497 2855 568 depositionis
2877 492 3213 564 promulgata
3233 489 3523 549 sententia,

1944 595 2099 666 jubet
2152 607 2248 647 eos
2298 599 2453 660 septo
2497 587 2682 642 divino
2736 585 3023 639 excedere.
3057 581 3138 634 Illi
3189 591 3352 649 porro
3407 587 3529 629 tan-

1949 701 2112 756 quam
2174 684 2342 753 ilagro
2403 679 2602 742 abacti,
2666 687 2895 746 atroque
2941 687 3176 728 maerore
3231 660 3293 723 ac
3347 667 3532 720 furore

1949 775 2189 846 perciti,
2249 772 2530 840 adjuncta.
2571 770 2673 824 sibi
2729 767 3087 839 petulantium
3131 761 3410 816 hominum
3477 763 3532 808 ct

1951 865 2508 923 circumforaneorum
2562 869 2807 920 caterva,
2852 858 3027 924 ipsum
3075 853 3283 922 pariter
3341 863 3404 901 ac
3432 844 3532 898 Ta-

1954 957 2158 1012 rasium
2217 954 2314 1023 (b),
2380 952 2718 1006 firmissimas
2772 946 3026 1003 Ecclesiae
3069 943 3369 1002 columnas,
3397 949 3530 989 ana-

1957 1049 2196 1102 themate
2235 1044 2436 1098 feriunt
2473 1062 2484 1096 :
2537 1052 2701 1112 atque
2749 1041 2821 1094 ita
2868 1033 3222 1108 impurissimi
3260 1030 3530 1085 homines.

1954 1139 2167 1210 publice
2214 1137 2602 1204 turpitudinem
2646 1131 2915 1199 jactatttes
2939 1143 3116 1191 suam,
3150 1124 3328 1178 redire
3377 1117 3534 1172 festi-

1956 1238 2089 1284 nant
2117 1228 2581 1295 adimperatoreut
2607 1240 2728 1278 cum
2759 1223 2824 1274 iis
2848 1220 3132 1283 conviciis,
3171 1215 3365 1285 quibus
3405 1225 3533 1262 san-

263 1337 386 1380 ctos
441 1328 863 1396 compleverant,
897 1336 950 1380 et
1003 1343 1184 1382 coram
1229 1329 1346 1398 ipso
1383 1326 1632 1397 vulgique
1683 1314 1925 1379 haeretici
1963 1318 2173 1386 impura
2229 1316 2384 1369 turba
2428 1318 2605 1368 mittas
2665 1313 2934 1382 crepando
2966 1350 2980 1374 ,
3045 1310 3286 1363 referunt
3352 1301 3534 1355 omnia

263 1436 386 1492 qua:
420 1421 740 1478 audiverant
787 1422 1158 1492 fecerantque.

1720 1569 1948 1646 CAPUT
1977 1549 2083 1622 'xr.

607 1691 916 1748 Periculum
947 1697 1086 1749 necis
1115 1705 1298 1750 sancto
1331 1695 1632 1765 Nic-ephoro
1666 1688 1978 1762 inferendae.
2019 1680 2223 1737 Ultima
2249 1678 2305 1732 in
2349 1678 2538 1747 templo
2565 1676 2863 1731 valedictio.
2899 1673 3176 1730 Exsilium.

337 1827 449 1895 ξς’.
498 1828 584 1894 Ὡς
605 1826 696 1886 οῦν
728 1835 825 1903 τῆς
857 1835 1068 1889 ἑαυτῶν
1109 1837 1408 1906 καταδίκης
1435 1837 1501 1913 ἐκ
1546 1837 1648 1906 τῆς
1716 1827 1842 1890 ⁸’κα-

2025 1821 2114 1878 66.
2163 1821 2237 1876 Ex
2271 1821 2534 1874 canonica
2581 1819 2741 1889 igitur
2783 1816 3126 1872 districtione
3153 1827 3271 1868 sese
3308 1811 3538 1865 damna-

265 1921 491 1988 νονικῆς
540 1923 827 1992 ἀκριϐείας
869 1927 1192 1998 ἐπῄσθοντο,
1226 1929 1321 1982 καὶ
1355 1929 1417 1980 τὸ
1448 1925 1725 1996 ἀπότομον
1752 1925 1851 1995 τῆς

195 2053 221 2096 ι
271 2011 427 2082 ἱερᾶς
469 2013 688 2084 ἐκείνης
718 2015 896 2086 ψυχῆς
927 2018 1035 2071 ἀπὸ
1066 2018 1176 2071 τῶν
1214 2019 1431 2072 οἰκείων
1465 2015 1853 2087 ψευδαγγέλων

267 2101 613 2184 ἀνέγνωσαν,
652 2105 872 2174 ύφῆκαν
900 2107 997 2161 τοῦ
1039 2107 1300 2180 θράσους,
1330 2108 1425 2161 καὶ
1457 2109 1557 2176 τῆς
1588 2105 1727 2176 πρὸς
1757 2103 1855 2158 αύ-

267 2193 364 2246 τδν
411 2195 630 2264 ὁμιλίας
685 2199 1009 2264 ἐθελουσίως
1045 2201 1393 2256 ἀπείπαντο·
1441 2201 1525 2268 ἐφ’
1569 2197 1762 2269 ἑτέραν
1797 2195 1854 2248 δὲ

268 2283 492 2336 ἀνοδίαν
544 2287 914 2356 τραπόμενοι,
971 2287 1064 2360 βίᾳ
1121 2288 1375 2343 καθελεῖν
1419 2285 1714 2356 ὲθρύλλουν
1761 2283 1854 2336 τὸν

275 2369 462 2438 ἅγιον,
485 2371 517 2441 ἢ
545 2371 792 2445 λαθραίῳ
850 2373 1222 2445 ὑπεξαγαγεῖν
1247 2376 1463 2447 θανάτῳ
1488 2374 1720 2446 μελέτην
1743 2372 1857 2425 ἐτί-

274 2461 454 2515 θεντο.
489 2464 600 2516 Καὶ
639 2466 688 2516 εί
737 2467 810 2536 μή
852 2484 937 2531 τις
962 2468 1073 2523 τῶν
1099 2472 1163 2540 τῇ
1192 2469 1326 2540 ὀρθῇ
1356 2467 1482 2539 δόξῃ
1524 2463 1856 2536 προσκειμέ-

272 2569 405 2618 νων,
434 2555 528 2607 καὶ
549 2555 625 2625 τῷ
653 2556 838 2628 κλήρῳ
859 2559 1323 2629 κατειλεγμένων,
1352 2559 1421 2611 τά
1443 2559 1540 2627 τῆς
1563 2555 1855 2625 ἐπιδουλῆς

274 2643 341 2696 ἐκ
371 2644 482 2697 τῶν
512 2646 613 2712 τῆς
651 2648 910 2717 ἀληθείας
963 2651 1310 2720 πεπυσμένος
1369 2649 1588 2719 σαφῶς,
1647 2645 1858 2716 ἀπεγύ-

274 2751 534 2802 μνωσεν,
582 2738 675 2790 καὶ
704 2739 773 2794 τὰ
822 2741 922 2810 τῆς
967 2741 1266 2811 ἀσφαλείας
1321 2740 1664 2812 προειδέσθαι
1720 2756 1856 2794 κατ’

272 2826 579 2891 έσπευσεν,
620 2829 763 2900 τάχα
804 2831 942 2900 μετά
995 2833 1303 2903 τραγῳδίας
1351 2832 1711 2904 ἐχαρτυπήθη
1761 2831 1858 2885 καὶ

271 2915 370 2968 νῦν
394 2916 768 2987 ὁλοφύρματα.
810 2919 899 2985 Ὠς
923 2922 980 2974 δέ
1011 2921 1106 2974 καὶ
1137 2939 1205 2975 πε
1215 2923 1267 2993 ρ).
1286 2921 1492 2992 ταύτην
1514 2923 1562 2975 oi
1588 2921 1859 2990 φονῶντες

271 3007 377 3078 τὴν
425 3007 868 3080 δραματουργίαν
915 3013 1230 3082 ἐστάλησαν
1279 3014 1358 3085 (ἡ
1413 3013 1522 3085 γὰρ
1577 3012 1690 3067 ἄνω
1739 3012 1860 3066 θεία

274 3098 423 3170 ῥοπὴ
463 3100 555 3152 τὸν
604 3103 801 3173 ἑαυτῆς
845 3103 1105 3176 ἐφρούρει
1143 3104 1616 3178 θεράποντοι),τὴν
1641 3104 1767 3176 περί
1794 3120 1858 3172 γε

1959 1925 2047 1971 tos
2096 1913 2430 1975 sentientes,
2487 1902 2739 1965 et’sacri
2805 1909 2949 1963 illius
3009 1908 3177 1961 animi
3246 1902 3532 1957 inﬂexibili

1955 2003 2260 2063 constantia
2289 2017 2358 2056 ex
2387 2001 2538 2056 falsis
2563 2001 2767 2055 nuntiis
2792 2001 2906 2053 suis
2931 1997 3136 2065 liquido
3163 1998 3403 2064 cognita,
3436 2007 3538 2044 au-

1955 2095 2165 2150 daciam
2200 2093 2464 2161 tantisper
2492 2091 2855 2151 remiserunt;
2896 2089 3148 2156 ultroque
3180 2101 3246 2139 ne
3271 2099 3392 2138 cum
3448 2081 3540 2135 iilo

1957 2188 2011 2242 in
2065 2185 2396 2253 colloquium
2446 2183 2694 2236 venirent
2741 2182 3120 2241 decernentes,
3144 2178 3209 2230 ad
3267 2175 3410 2229 aliud
3457 2172 3542 2226 di-

1963 2275 2112 2329 vium
2158 2279 2550 2328 converterunt
2586 2285 2664 2336 se,
2694 2280 2748 2324 et
2794 2259 3042 2324 sanctum
3071 2267 3120 2320 vi
3160 2251 3540 2333 deponendum

1966 2365 2348 2427 susurrabant,
2390 2363 2474 2417 vel
2505 2355 2666 2416 etiam
2721 2377 2784 2414 ex
2819 2359 3036 2414 insidiis
3075 2357 3287 2412 occulte
3353 2353 3547 2408 tollen-

1957 2455 2104 2509 dum.
2166 2453 2246 2508 Ac
2272 2452 2433 2519 forte,
2460 2451 2561 2504 nisi
2597 2465 2627 2504 e
2674 2449 2821 2503 clero
2861 2446 3056 2515 aliquis
3084 2454 3250 2500 recta:
3292 2442 3414 2496 fidei
3451 2440 3554 2494 ad-

1958 2546 2150 2601 dictior
2187 2583 2202 2608 ,
2235 2557 2373 2612 quas
2413 2557 2540 2597 vera
2598 2539 2874 2595 auditione
2923 2536 3352 2607 deprehenderat
3403 2540 3548 2586 stru-

1958 2647 2074 2693 ctas
2129 2635 2178 2690 ei
2232 2634 2455 2689 insidias
2535 2634 2708 2702 palam
2784 2631 3202 2694 detexisset,et
3265 2623 3543 2679 securitati

1958 2731 2074 2800 ejus
2146 2725 2455 2782 festinasset
2521 2724 2852 2795 prospicere,
2909 2719 3127 2788 tragicae
3207 2714 3556 2770 lamentatio-

1957 2838 2055 2879 nes
2104 2823 2170 2876 de
2216 2835 2281 2876 eo
2332 2819 2386 2874 in
2419 2819 2608 2872 charta
2667 2815 2825 2870 modo
2858 2820 3095 2867 exaratm
3117 2815 3414 2862 exstarent.
3445 2800 3554 2856 Ubi

1959 2925 2142 2970 autent
2209 2927 2278 2977 ne
2329 2911 2445 2964 haec
2486 2905 2704 2976 quidem
2765 2899 2990 2969 stropha
3034 2913 3099 2952 ex
3133 2905 3258 2950 voto
3307 2900 3552 2948 cesserat

1961 3004 2250 3062 homicidis
2300 2999 2506 3072 (divina
2533 2997 2678 3052 enim
2725 2990 2996 3065 protectio
3048 3003 3112 3042 ac
3151 3002 3282 3042 cura
3339 2984 3432 3037 Dei
3470 2983 3553 3037 fa-

1963 3100 2110 3154 mulo
2130 3097 2385 3172 praesidio
2409 3089 2584 3160 erat),
2616 3086 3015 3143 contenderunt
3044 3081 3197 3135 illata
3221 3079 3272 3132 vi
3303 3073 3428 3132 sede
3455 3090 3554 3130 sua

271 3186 372 3239 τοῦ
433 3186 624 3257 θρόνου
684 3189 776 3261 βίᾳ
841 3192 1092 3246 καθελεῖν
1139 3193 1375 3266 σπουδὴν
1429 3195 1668 3262 ὑφίεντο,
1699 3193 1862 3248 θάνα-

1970 3162 2201 3264 dejicere
2223 3199 2279 3246 et
2297 3191 2566 3257 deponere
2598 3189 2868 3244 sanctum,
2885 3175 3032 3232 omni
3058 3170 3408 3228 contentione
3431 3183 3554 3222 con-

273 3292 370 3328 τον
421 3277 775 3343 ἀπειλοῦντες
811 3283 983 3335 κακὸν
1014 3285 1080 3354 τῇ
1116 3283 1227 3336 τῶν
1260 3283 1398 3353 πρὸς
1433 3283 1533 3354 τὴν
1577 3281 1861 3338 ἀσθένειαν

278 3368 634 3421 συνοισόντων
654 3371 936 3442 ἀναιρέσει
957 3390 972 3402 ο
1003 3373 1104 3427 κᾶν
1132 3373 1179 3427 τ’
1200 3376 1301 3428 οὐκ
1329 3375 1611 3444 ἐνδόσιμον
1637 3370 1725 3444 ἦν,
1757 3391 1869 3427 στε·

296 3456 582 3527 ρίσκοντες
617 3462 780 3514 αὑτὸν
810 3464 909 3532 τῆς
943 3464 1008 3517 ἐκ
1035 3465 1142 3519 τῶν
1175 3466 1374 3532 ἔξωθεν
1405 3467 1720 3537 τημελείας,
1771 3467 1871 3536 τῆς

277 3563 342 3600 τε
389 3549 446 3600 ἐν
489 3553 607 3613 ταῖς
666 3552 915 3617 συνάξεσι
957 3555 1347 3626 νενομισμένης
1391 3556 1604 3626 (222-25)
1635 3556 1871 3626 μνήμης-

283 3637 445 3692 Οῦτω
477 3641 584 3710 γὰρ
606 3643 668 3695 τὸ
711 3645 1102 3714 μορμολυκεῖον
1139 3647 1314 3699 ἐκεῖνο
1347 3646 1728 3717 (ἐκκοπτέσθω
1766 3646 1874 3718 γὰρ

282 3729 346 3782 τδ
408 3730 634 3800 βασιλέα
679 3735 864 3789 καλεῖν
900 3737 1098 3807 αὑτὸν)
1145 3737 1450 3802 Ἰουδαϊκῶς
1482 3741 1590 3802 τοῖς
1623 3738 1870 3806 ἱερᾶσθαι

277 3822 543 3893 λαχοῦσιν
569 3827 979 3898 ἐπηπείλησεν,
1009 3829 1084 3892 ὠς
1122 3829 1219 3882 ἐάν
1256 3847 1342 3893 τις
1397 3830 1558 3884 αὐτὸν
1609 3829 1872 3902 ἀρχιερέα

281 3913 504 3983 τρανῶς
535 3914 852 3985 ὀνομάσειεν
871 3958 889 3984 ,
919 3919 1347 3989 ἀποσυνάγωγος
1371 3921 1618 3992 γένηται.

1973 3261 2057 3341 tra
2075 3297 2196 3337 eum
2219 3287 2513 3342 certantes,
2539 3269 2937 3329 comminantes
2957 3281 3140 3322 necem
3161 3275 3214 3320 et
3233 3261 3480 3323 verbera,
3499 3268 3558 3313 et

1973 3374 2234 3446 quidquid
2264 3372 2442 3427 dirum
2474 3378 2579 3430 est,
2622 3365 2666 3419 si
2700 3363 2822 3433 quis
2851 3359 3292 3415 subministraret
3325 3349 3552 3421 aliquid,

1975 3466 2116 3536 quod
2174 3462 2292 3533 ejus
2360 3457 2604 3515 levanda:
2643 3450 3006 3509 imbecillitati
3063 3447 3373 3511 conferret;
3430 3457 3555 3496 eum

1977 3534 2499 3624 deuique,quamvis
2548 3546 2748 3601 nullam
2791 3542 2922 3612 ipsis
2976 3539 3322 3595 occasionem
3377 3534 3555 3592 daret,

1978 3623 2204 3701 externo
2236 3642 2386 3698 omni
2422 3640 2696 3710 privantcs
2723 3642 2943 3696 ornatu,
2989 3633 3156 3685 etiam
3190 3625 3469 3683 memoria:
3499 3623 3553 3676 itt

1976 3735 2334 3794 conventibus
2362 3731 2533 3786 sacris
2566 3745 2659 3798 per
2699 3727 2846 3797 leges
2897 3722 3162 3778 faciendae
3193 3719 3409 3804 ‘honorc
3437 3729 3558 3784 spo-

1976 3831 2198 3885 liarunt.
2225 3827 2319 3895 Sic
2349 3839 2581 3892 namque
2613 3821 2759 3874 larva
2794 3819 2878 3872 illa
2914 3817 3080 3888 (absit
3108 3817 3252 3869 enim
3289 3820 3350 3865 ut
3378 3810 3555 3876 impe-

1972 3920 2169 3974 ratoris
2220 3916 2469 3986 regisque
2551 3928 2745 3966 nomen
2800 3907 3062 3972 obtineat)
3098 3905 3284 3960 furore
3329 3900 3557 3956 Judaico

282 4007 526 4075 percitus
555 4051 570 4074 ,
608 4009 692 4074 iis,
754 4010 844 4080 qui
896 4013 1218 4067 sacerdotali
1268 4013 1528 4083 dignitate
1588 4013 1860 4085 fulgebant
1890 4055 1906 4082 ,
1949 4011 2308 4069 comminatus
2371 4015 2489 4062 erat
2516 4045 2533 4073 ,
2579 4013 2639 4058 ut
2680 4005 2726 4058 si
2774 4001 2896 4073 quis
2941 4015 3061 4056 eum
3112 3995 3419 4069 pontificem
3465 3998 3560 4045 aut

282 4102 599 4173 episcopum
624 4104 800 4173 palam
835 4117 1075 4176 vocaret,
1128 4117 1280 4164 extra
1315 4125 1644 4181 synagogam
1684 4111 1861 4168 fieret.

358 4212 458 4280 EC".
493 4215 669 4279 Μόνος
694 4211 789 4270 οὖν
820 4217 1007 4271 λοιπὸν
1038 4219 1124 4272 ἐπ’
1156 4220 1331 4274 ἐλπίδι
1361 4221 1746 4285 κατοικισθεὶς,
1779 4222 1875 4276 καὶ

282 4308 411 4368 ταῖς
467 4304 710 4375 θλίψεσιν
749 4308 853 4361 ὑπὸ
909 4308 1046 4363 Θεοῦ
1092 4311 1452 4378 πλατυνθεὶς,
1489 4313 1566 4377 ὡς
1623 4313 1792 4368 Δαὸὶδ
1843 4313 1872 4366 ὁ

287 4396 572 4459 θειότατος
592 4435 606 4460 ,
640 4400 697 4450 ἐν
733 4398 908 4470 τούτῳ
941 4401 1037 4452 καὶ
1078 4402 1226 4472 μόνῳ
1254 4403 1443 4472 φέρειν
1480 4404 1581 4457 οὐκ
1610 4403 1830 4458 ἔσθενεν
1854 4445 1870 4469 ,

284 4488 347 4539 ἐν
369 4485 448 4556 τῷ
474 4485 574 4555 τὴν
595 4486 829 4559 ποίμνην
862 4491 994 4560 ὸρᾷν
1015 4489 1346 4562 ἠθετηκυίαν
1367 4493 1458 4546 τὸν
1479 4494 1870 4565 ἀρχιποίμενα,

285 4577 388 4630 καὶ⁵
429 4579 544 4638 τοῖς
587 4577 773 4642 λύκοις
823 4581 1127 4653 γενομένην
1174 4583 1469 4655 ὐπὸφορον.
1521 4585 1588 4638 Τί
1626 4585 1720 4639 οῦν
1765 4585 1874 4638 ἔδει

288 4671 471 4722 ποιεῖν
504 4662 572 4741 [ὧ
593 4669 702 4741 (24)
728 4669 852 4743 τᾶν]
882 4673 987 4744 πρὸ
1017 4673 1118 4744 τῆς
1161 4674 1316 4746 ὑμῶν
1350 4675 1530 4731 αὐτῶν
1561 4677 1873 4748 σωτηρίαςς

370 4869 413 4901 ⁸⁷
479 4869 622 4925 Psal.
657 4886 732 4937 tv,
780 4871 837 4935 2,

374 5003 450 5074 (ὁ)
471 5003 529 5059 1η
567 5004 882 5073 Appendice
908 5004 1254 5074 Theophanis
1291 5003 1508 5061 additur
1534 5017 1550 5057 :
1585 5020 1606 5058 ι
1636 5002 1722 5074 ,S.
1749 5001 1884 5060 Ger-

293 5089 513 5198 (rgtgltitluusr
548 5077 895 5199 pati-125cm,
925 5077 1016 5145 qui
1043 5073 1209 5131 Leoni
1251 5075 1492 5131 Isaurico
1518 5073 1815 5130 restiterat.
1858 5092 1880 5128 ι

373 5277 579 5352 (22-25)
610 5277 946 5334 Με.θάνατον
960 5278 1316 5352 ἀπειλοῦντες
1342 5281 1585 5352 κάκωσιν
1614 5281 1724 5335 τῶν
1752 5281 1888 5352 πρὸς

298 5347 402 5420 τὴν
436 5348 721 5420 ἀσθένειαν
759 5351 1112 5404 συνοισὸντων
1153 5350 1454 5420 ἀναίρεσιν,
1483 5351 1598 5404 ἀλλ’
1642 5353 1745 5405 οὐκ
1787 5347 1875 5404 ἐν·

298 5413 528 5499 δόσιμαξ
574 5413 665 5489 ἦν,
693 5420 1078 5499 crepidasque;
1119 5413 1296 5499 agree
1314 5421 1412 5490 τῆς
1440 5413 1504 5474 ἐκ
1533 5422 1643 5499 τῶν
1675 5421 1872 5488 ἔξωθεν

299 5487 630 5567 τημελείας,
657 5491 755 5567 της
783 5487 994 5567 ἐν-ταῖς
1025 5487 1879 5567 συνάξεσι-νε-νομισμένηςίμνή-

303 5556 433 5627 μηής.
609 5556 1004 5639 quibusrlonge
1057 5556 1642 5639 intricatissi_tnis,'sed
1663 5556 1880 5616 modica

301 5629 691 5708 emendatione
725 5629 779 5682 itt
815 5637 965 5708 te-xtu
1000 5631 1298 5708 correctis,
1335 5629 1424 5683 hic
1475 5645 1618 5685 nunc
1665 5633 1878 5685 demum

304 5709 498 5752 sensus
523 5694 752 5754 Latinus
773 5698 1000 5754 exsistet
1023 5715 1036 5750 :
1059 5715 1082 5753 ι
1097 5697 1286 5754 Malam
1313 5701 1704 5757 comminantes
1733 5715 1878 5756 mor-

2073 4218 2164 4274 67.
2193 4217 2251 4274 ln
2278 4216 2393 4272 sola
2424 4216 2588 4286 igitur
2621 4228 2716 4284 spe
2753 4211 3009 4278 deinceps
3040 4206 3316 4268 fundatus,
3337 4213 3393 4258 et
3420 4201 3561 4258 sicut

1982 4311 2358 4369 divinissimus
2387 4307 2557 4364 David
2601 4309 2654 4360 in
2707 4300 3154 4358 tribulationibus
3188 4297 3446 4351 dilatatus
3492 4293 3558 4355 ",

1982 4419 2146 4457 unum
2219 4402 2323 4456 hoc
2367 4408 2425 4454 ut
2477 4398 2647 4456 ferret
2703 4394 2894 4450 adduci
2955 4408 3059 4447 non
3104 4397 3354 4461 poterat,
3415 4387 3562 4450 quod

1982 4493 2188 4551 Christi
2243 4506 2501 4563 gregem,
2571 4503 2782 4545 summo
2841 4496 3059 4557 pastore
3114 4482 3369 4552 ahjecto,
3422 4477 3566 4546 lupis

1979 4585 2290 4660 expositum
2340 4583 2688 4652 praedamque
2727 4578 2927 4633 factam
2969 4576 3203 4630 videret.
3255 4571 3395 4638 Quid
3430 4582 3567 4638 ergo

1987 4688 2084 4745 per
2111 4681 2346 4729 vestram
2376 4673 2615 4740 ipsorum
2654 4671 2884 4726 salutem
2917 4667 3208 4738 agendum,
3245 4662 3379 4734 quid
3425 4675 3564 4729 pm-

1985 5009 2093 5056 tem
2122 5010 2307 5054 earum
2334 4996 2604 5053 ablatione
2641 5011 2820 5052 rerum
2862 5010 2982 5066 quae
3008 4994 3305 5049 infirmitati
3328 4991 3568 5066 levandae

1986 5071 2382 5135 conducerent;
2418 5077 2471 5123 et
2498 5067 2777 5140 (quamvis
2805 5063 2949 5119 nuila
2973 5068 3189 5120 adesset
3217 5064 3419 5140 causa)
3451 5063 3564 5140 pri-

1985 5149 2178 5195 vantcs
2207 5133 2381 5208 ipsum
2407 5133 2516 5192 tam
2546 5133 2778 5208 externo
2810 5145 3006 5208 ornatu
3041 5148 3212 5208 quain
3238 5134 3476 5208 legitima
3509 5133 3566 5208 in

1989 5210 2167 5266 sacris
2197 5202 2737 5264 commemoratione.
2775 5223 2795 5256 ι
2834 5205 3040 5258 Deinde
3073 5203 3215 5257 istud
3255 5204 3368 5265 τοῖς
3416 5202 3568 5271 ἱερᾶ-

1993 5281 2118 5404 εέῗῖιι
2143 5277 2396 5402 λαχοῦσι,
2428 5277 2730 5347 simplicius
2757 5275 2970 5339 reddes,
3001 5274 3190 5343 quibus
3220 5285 3373 5326 sacra
3391 5271 3568 5341 facere

2082 5367 2151 5404 ta:
2186 5366 2239 5402 se
2267 5387 2283 5402 .

1994 5353 2283 5418 obtigisset.

2057 5409 2170 5489 (ΞΔ)
2203 5418 2300 5473 Ms.
2324 5409 2390 5486 ᾧ,
2418 5431 2526 5487 quo
2561 5431 2659 5489 per
2688 5413 3058 5489 conjecturam
3090 5421 3327 5489 mutato,
3357 5422 3559 5489 caetera

1986 5483 2077 5545 sic
2099 5483 2474 5557 in'terpre'tor':
2513 5505 2530 5538 ‹
2562 5483 2700 5552 Quid
2729 5486 2892 5557 igitur
2919 5485 3225 5557 faciendum
3251 5484 3324 5547 ei,
3357 5483 3586 5557 charis;

1986 5561 2145 5624 simi,
2180 5553 2276 5626 pro
2307 5568 2486 5612 vestra
2529 5557 2724 5626 salute,
2745 5553 2890 5626 quid
2929 5554 3302 5626 praestandum
3351 5553 3504 5626 erat?
3538 5570 3560 5604 ι

1987 5629 2066 5684 Ac
2096 5624 2289 5683 dei—nde
2336 5627 2388 5682 in
2420 5627 2526 5682 fine
2570 5624 2818 5695 periodi:
2867 5643 2886 5676 ι
2925 5625 2995 5680 Ut
3041 5634 3300 5695 quantum
3349 5626 3400 5678 itt
3447 5624 3570 5678 inso

1988 5707 2108 5754 erat
2137 5700 2190 5754 in
2220 5707 2503 5767 peccatum
2533 5694 2640 5752 non
2683 5694 3036 5765 laberentur;
3064 5715 3082 5748 ι
3113 5703 3165 5750 et
3209 5695 3366 5764 paulo
3397 5700 3561 5761 post,
