3948 6154
408 286 508 350 127

1394 286 1452 346 S.
1497 285 1916 346 NICEPHORI
1956 283 2460 344 PATRIARCHE
2500 283 2608 342 CP.

3551 271 3662 339 123
3766 217 3770 219 Δ

407 396 656 450 standum
688 394 843 449 erat?
869 392 1114 462 Quandiu
1135 392 1463 448 multitudini
1491 392 1858 463 periculorum
1885 393 1968 446 in-

2100 391 2124 442 ί
2148 391 2614 462 διαπράττεσθαι;
2645 389 2824 459 Μέχρι
2844 387 2988 452 τίνος
3015 390 3080 458 τῇ
3103 385 3356 457 δαψιλείᾳ
3385 384 3496 440 τῶν
3528 385 3665 439 δυσ·-

411 486 698 540 natandum
729 487 806 541 sic
835 496 893 541 ut
921 501 1030 542 non
1079 496 1436 555 mergeretur,
1464 500 1570 540 non
1606 485 1823 539 cederet
1874 499 1976 561 ne-_

409 577 593 647 quitite
645 579 921 646 temporis,
964 592 1069 630 non
1116 576 1286 645 pejori
1322 577 1600 645 potestati,
1625 589 1852 644 eamque
1889 589 1978 630 se-

411 664 700 731 quentibus
734 664 908 717 locum
962 664 1147 717 daret?
1181 663 1460 730 Quomodo
1519 678 1715 719 cavere
1766 671 1979 734 poterat

413 759 473 804 ut
527 767 631 805 non
685 753 996 806 laberentur
1059 753 1113 806 in
1162 763 1464 822 peccatum,
1514 756 1657 823 quod
1719 754 1980 808 adversus

413 842 590 910 ipsum
625 842 946 910 patrabant?
977 841 1112 895 Nam
1163 858 1230 895 ne
1262 857 1354 896 eos
1378 843 1596 910 quidem
1628 857 1656 896 a
1694 857 1789 896 sua
1824 842 1978 896 abdi-

414 932 568 986 cabat
596 949 743 998 cura,
782 936 867 1002 qui
906 933 1251 988 lacessebant
1287 927 1505 1001 injuriis
1558 947 1794 1002 eumque
1855 947 1981 1003 per-

419 1025 808 1091 sequebantur,
867 1025 1070 1094 pietate
1125 1023 1328 1078 Christi
1375 1023 1694 1093 discipnlum
1737 1023 1978 1077 imitans.

413 1112 530 1167 Non
573 1115 653 1168 sic
688 1124 865 1168 autem
925 1115 1021 1180 illi,
1089 1131 1321 1184 quorum
1380 1129 1544 1167 unum
1587 1114 1691 1167 hoc
1743 1114 1979 1167 studium

415 1214 532 1257 erat
561 1214 721 1272 atque
762 1221 947 1275 opera,
983 1217 1038 1260 ut
1098 1207 1376 1261 beneﬁciis
1426 1205 1556 1260 solis
1605 1214 1817 1259 certare
1870 1213 1984 1258 stu-

416 1295 631 1348 dentem
680 1295 890 1350 insidiis
939 1306 1275 1365 appcterent.
1332 1294 1439 1348 Nec
1486 1295 1629 1348 enim
1683 1295 1861 1347 inania
1928 1293 1979 1346 in

415 1397 536 1436 eum
567 1385 833 1450 meditari,
862 1397 1172 1455 mortesque
1222 1387 1489 1438 intentare
1523 1384 1800 1438 desierunt
1835 1384 1984 1451 prius

416 1488 578 1542 quam
623 1485 776 1528 extra
837 1486 1048 1544 portam
1088 1475 1407 1546 (Ecclesiam
1472 1475 1696 1541 scilicet)
1754 1473 1980 1541 ejectum

417 1565 748 1626 occiderent.
771 1567 924 1637 juxta
981 1567 1192 1623 Domini
1239 1566 1549 1635 parabolam
1594 1565 1735 1619 illam
1787 1566 1982 1619 unani-

417 1657 580 1711 miter
642 1659 923 1714 dicentes:
969 1658 1146 1715 Venite
1194 1660 1493 1712 occidamus
1529 1673 1669 1722 eum,
1718 1665 1764 1710 et
1816 1657 1982 1724 possi-

417 1746 634 1802 deamus
682 1750 1035 1804 hereditatem
1075 1750 1189 1819 ejus
1215 1751 1280 1804 “'.
1304 1751 1435 1804 Cum
1475 1748 1658 1818 itaque
1710 1748 1982 1802 illumina-
2012 1728 2054 1783 Β

419 1837 643 1892 ιὶεεὶιιιιε
672 1840 866 1893 mentis
905 1840 1076 1904 radio,
1109 1840 1195 1893 cui
1221 1839 1518 1907 prophetici
1557 1837 1759 1906 aliquid
1786 1835 1991 1891 alllatus

421 1927 622 1982 inesset
670 1928 738 1983 ad
788 1931 1058 1984 anteriora
1083 1930 1480 1998 prospicienda,
1529 1927 1742 1982 illorum
1785 1928 1850 1980 ad
1877 1941 1994 1980 sce-

419 2015 505 2070 lus
550 2030 881 2074 excazcatum
933 2029 1096 2090 atque
1149 2020 1200 2074 in
1250 2020 1450 2075 caedem
1490 2020 1771 2074 incitatum
1803 2018 1992 2085 depre-

416 2095 686 2184 bcnderet
716 2110 978 2174 animum,
1014 2110 1066 2163 in
1096 2110 1403 2185 haecqverba
1432 2109 1740 2177 imperatori
1771 2108 1988 2162 scribit:

492 2195 580 2250 68.
612 2198 870 2266 Exposcit
924 2209 1159 2268 tempus,
1189 2209 1248 2254 ut
1271 2192 1273 2194 ’
1299 2200 1576 2254 humilitas
1638 2209 1844 2265 nostra,
1875 2213 1995 2267 quae

423 2287 477 2340 in
522 2289 659 2342 banc
692 2291 1070 2347 necessitatem
1102 2301 1263 2360 atque
1301 2292 1722 2346 invaletudinem
1755 2291 1992 2354 devenit,

423 2379 492 2433 ad
524 2378 652 2445 justi
706 2393 948 2438 tenacem
986 2384 1316 2450 maiestatem
1345 2393 1576 2438 vestram
1626 2384 1739 2438 haec
1776 2383 1992 2437 referat.

425 2466 697 2524 Hactenus
722 2485 818 2540 pro
841 2472 982 2526 virili
1011 2480 1194 2527 nostra
1222 2473 1475 2527 facultate
1511 2473 1720 2528 tuendae
1752 2473 1996 2528 veritatis

425 2573 490 2611 ac
520 2559 736 2626 pietatis
777 2575 936 2615 causa
989 2561 1409 2628 decertavimus,
1433 2577 1608 2631 neque
1653 2577 1841 2617 eorum
1879 2574 1997 2632 qua:

426 2651 600 2705 nostri
659 2653 898 2708 muneris
951 2663 1106 2707 erant
1157 2653 1451 2724 quidquam
1489 2654 1732 2709 videmur
1784 2653 1998 2709 subtra-

426 2742 592 2806 xisse,
627 2752 982 2812 procurantes
1012 2752 1070 2798 ut
1101 2758 1273 2812 neque
1293 2745 1599 2814 petentibus
1636 2745 2000 2799 defueritser-

431 2829 606 2884 monis
630 2832 943 2887 conferendi
976 2832 1229 2900 facultas,
1261 2847 1436 2902 neque
1459 2832 1707 2887 doctrina
1736 2832 2000 2901 recipien-

432 2921 594 2977 tibus.
648 2921 938 2993 Postquam
995 2939 1123 2978 vero
1181 2939 1247 2978 eo
1306 2924 1525 2980 nomine
1595 2923 1998 2978 tribulationem

430 3027 645 3066 omnem
664 3024 718 3068 et
745 3014 1050 3083 angustiam
1070 3001 1545 3084 amictionemque,
1566 3015 1864 3080 infamiam,
1883 3028 2002 3068 car-

432 3121 606 3170 ceres,
637 3106 1081 3175 proscriptiones,
1110 3105 1485 3160 famulantium
1514 3107 1678 3161 etiam
1727 3105 1997 3174 jacturam

433 3196 775 3266 pertulimus,
809 3211 874 3250 eo
905 3196 1118 3250 tandem
1149 3205 1515 3265 proruperunt
1540 3196 1782 3266 quidam,
1820 3197 1910 3266 qui
1943 3209 2003 3250 se

433 3285 716 3352 episcopos
749 3283 959 3352 dicunt,
993 3294 1050 3340 ut
1103 3282 1360 3352 majorem
1404 3285 1680 3353 prioribus
1726 3295 2004 3340 contume-

433 3370 560 3423 liam
585 3373 738 3426 nobis
771 3373 1072 3442 probraque
1104 3374 1431 3443 irrogarent,
1456 3387 1574 3426 cum
1607 3374 1748 3441 vulgi
1773 3375 2006 3429 circum-

439 3459 645 3515 foranei
704 3463 854 3516 turba
892 3463 1196 3531 gladiisque
1247 3477 1310 3517 ac
1353 3463 1513 3532 lignis
1560 3463 1822 3518 instructa
1867 3464 2000 3520 oﬂ'e-

436 3562 620 3608 rentes
647 3569 704 3608 se
733 3555 905 3609 nobis.
937 3555 1114 3622 Atque
1142 3554 1214 3608 illi
1249 3553 1487 3623 quidem,
1519 3554 1758 3624 cujusvis
1788 3556 2005 3626 generis

438 3643 682 3697 convicia
709 3643 1045 3713 injuriasque
1069 3642 1407 3712 impudenter
1436 3643 1903 3713 inverecundeque
1951 3646 2006 3699 in

437 3745 538 3785 nos
578 3731 954 3802 jactaverunt;
997 3749 1170 3804 neque
1203 3733 1298 3788 Dei
1349 3735 1598 3789 timorem
1640 3735 2008 3804 concipientes

437 3825 638 3887 animo,
674 3840 774 3880 nec
817 3825 926 3879 ulla
961 3826 1106 3880 ducti
1140 3827 1438 3881 reverentia
1473 3840 1598 3896 erga
1637 3840 1792 3880 suum
1837 3841 2007 3895 quon-

437 3916 559 3969 dam
594 3916 903 3984 prmsnlem,
948 3931 1179 3988 eumque
1202 3927 1439 3974 extrema
1489 3919 1896 3988 decumbentem
1917 3931 2010 3970 va-

440 4005 715 4071 letudine,
772 4023 836 4062 ac
884 4009 1000 4063 solo
1049 4009 1341 4078 languente
1378 4009 1574 4078 spiritu
1624 4007 2006 4077 superstitem;

439 4098 592 4152 turba
645 4113 792 4162 vero,
822 4115 941 4169 qua:
995 4101 1117 4155 illos
1173 4100 1568 4165 comitabatur,
1603 4107 1716 4152 tum
1765 4113 1851 4151 me
1899 4106 2010 4151 tum

438 4190 774 4246 decessorem
799 4193 1095 4245 antistitem
1151 4191 1284 4244 diris
1308 4190 1524 4244 devovit
1554 4209 1567 4243 :
1588 4190 1727 4258 quod
1751 4189 2012 4243 ambobus

439 4281 730 4347 gloriosum
761 4292 845 4335 est
871 4291 926 4334 et
959 4283 1124 4335 decus
1153 4281 1464 4334 maximum.
1494 4280 1669 4348 Super
1691 4281 1808 4334 haec
1835 4289 2012 4333 autem

2075 483 2252 554 χερῶν
2296 482 2675 554 ἐπινήχεσθαι,
2731 482 2828 535 καὶ
2872 482 2972 534 οὐκ
3001 479 3298 546 ἐνδιδόναι,
3338 480 3400 532 οὐ
3441 477 3519 549 τῷ
3559 494 3661 533 πο-

2074 574 2225 646 νηρῷ
2256 573 2436 644 καιρῷ
2468 571 2906 644 παραχωρῆσαι,
2931 570 2992 622 οὐ
3024 573 3090 639 τῇ
3123 569 3468 640 πονηροτέρᾳ
3499 567 3660 634 ἐξου-

2078 667 2169 736 σίᾳ
2190 707 2204 729 ,
2243 666 2337 719 καὶ
2369 667 2482 729 τοῖς
2520 665 2722 736 ταύτην
2755 665 2950 731 ἄγουσι
2985 661 3171 715 δοῦναι
3200 659 3393 725 τόπον,
3426 660 3503 723 ὡς
3535 659 3617 731 μὴ
3639 699 3659 727 ,

2075 758 2202 825 τόγε
2229 759 2308 820 είς
2343 756 2503 810 αὐτὸν
2529 751 2695 827 ἧκον,
2727 754 2972 826 ἁμαρτίᾳ
3007 747 3366 822 περιπεσεῖνς
3403 752 3515 804 Kal
3549 751 3665 820 γὰρ

2079 847 2218 918 ὑπὲρ
2250 845 2358 898 τῶν
2398 844 2811 916 ἐπηρεαζόντων
2858 843 2952 895 καὶ
2993 841 3296 894 διωκόντων
3335 839 3654 910 ἐφρόντιζε,

2078 938 2169 990 τὴν
2199 937 2520 990 διδάσκαλον
2553 934 2788 1006 Χριστὸν
2819 935 2876 986 ἐν
2902 931 3077 1002 τούτῳ
3107 931 3470 1001 μιμούμενος.
3514 930 3660 984 Ἀλλ’

2078 1029 2178 1080 οὐκ
2207 1029 2404 1080 ἐκεῖνοι
2425 1026 2653 1080 τοιοῦτοί
2689 1025 2877 1086 ποθεν,
2902 1024 3020 1090 οἵγε
3046 1023 3188 1077 κατά
3218 1023 3311 1075 τοῦ
3345 1023 3661 1091 εὐεργετεῖν

2080 1116 2420 1188 πειρωμένου
2455 1118 2827 1186 ἐπιτιθέμενοι
2861 1115 3099 1186 σπονδὴν
3133 1115 3542 1168 ἀπεδείκνυντο.
3583 1117 3660 1168 Οὐ

2079 1210 2188 1280 γὰρ
2222 1209 2546 1277 καθυφῆκαν
2581 1209 2700 1262 κατ’
2735 1206 2900 1260 αὐτοῦ
2942 1207 3073 1260 κενά
3117 1205 3352 1275 μελετᾷν
3376 1245 3388 1267 ,
3430 1205 3526 1257 καὶ
3565 1205 3662 1258 θα-

2080 1303 2274 1362 νάτους
2316 1299 2658 1363 ἐπαπειλεῖν,
2701 1298 2812 1351 ἐσθ’
2851 1297 2940 1350 ὅτε
3004 1297 3104 1364 τῆς
3159 1296 3335 1365 πύλης
3378 1293 3484 1361 ἔξω
3523 1295 3662 1364 (τῆς

2094 1389 2419 1458 Ἐκκλησίας
2447 1388 2628 1458 φημὶ)
2665 1385 2870 1452 ἐξῶσαι
2901 1385 2992 1437 καὶ
3031 1383 3420 1437 ἀποκτιννύναι
3451 1383 3661 1452 ὁμοθυ-

2085 1479 2251 1548 μαδὸν
2273 1520 2286 1542 ,
2332 1481 2450 1531 κατ’
2483 1479 2696 1546 ἐκείνην
2720 1477 2814 1528 καὶ
2850 1475 3006 1528 αὐτοὶ
3033 1475 3132 1542 τὴν
3165 1473 3452 1543 Κυριακὴν
3480 1489 3662 1542 παρα-

2084 1568 2246 1640 ϐολήν
2277 1569 2528 1637 λέγοντες
2547 1609 2562 1632 ,
2593 1568 2787 1632 Δεῦτε,
2823 1567 3269 1633 ἀποκτείνωμεν
3319 1564 3529 1624 αὐτὸν,
3561 1564 3661 1614 καὶ

2085 1661 2477 1729 κατάσχωμεν
2492 1659 2608 1726 τὴν
2622 1658 3030 1726 κληρονομίαν
3049 1654 3425 1709 αὑτοῦ.’¹Οθεν
3443 1653 3518 1722 τῷ
3534 1653 3664 1705 ἀθο-

2089 1747 2244 1819 λὼτῳ
2267 1748 2347 1802 νοῒ
2373 1749 2707 1820 προφητικός
2735 1765 2818 1811 τις
2847 1747 2925 1800 ὢν
2961 1747 3053 1799 καὶ.
3084 1745 3298 1814 βλέπων
3323 1744 3393 1796 τὰ
3417 1744 3665 1813 ἐμπροσ-

2092 1839 2212 1904 θεν,
2249 1838 2344 1910 τὴν
2384 1838 2806 1909 πεπωρωμένην
2861 1836 3044 1890 αὐτῶν
3081 1835 3309 1904 καρδίαν
3353 1832 3496 1902 ὁρῶν
3528 1832 3665 1902 πρὸς

2093 1929 2302 1997 αἵματα
2339 1927 2524 1980 λοιπὸν
2579 1926 2995 1980 ἀποϐλέπουσαν
3019 1963 3034 1990 ,
3066 1922 3369 1977 ἐπιστέλλει
3412 1920 3489 1990 τῷ
3527 1937 3665 1990 κρα-

2092 2018 2272 2072 τοῦντι
2296 2017 2383 2073 διὰ
2410 2018 2610 2084 λέξεως
2640 2010 2742 2071 ὧδε
2767 2033 2782 2049 ο

2166 2193 2267 2265 ξη’.
2319 2195 2528 2266 Καιρδς
2575 2197 2794 2248 ἀπαιτεῖ
2841 2193 2942 2266 τὴν
2985 2193 3261 2265 ἡμετέραν
3300 2189 3665 2255 ταπείνωσιν,

2095 2286 2175 2349 είς
2204 2285 2300 2357 τὴν
2334 2286 2654 2357 περίστασιν
2676 2286 2879 2357 ταύτην
2903 2287 2996 2340 καὶ
3019 2284 3118 2356 τὴν
3156 2283 3476 2354 σωματικὴν
3504 2283 3669 2336 ἀσθέ-

2095 2395 2244 2432 νειαν
2295 2378 2588 2444 ἐλθόντας,
2619 2378 2790 2431 ταῦτα
2845 2378 2980 2448 πρὸς
3022 2377 3084 2430 τὸ
3126 2377 3462 2445 φιλοδίκαιον
3510 2372 3668 2443 ὑμῶν

2097 2469 2296 2538 κράτος
2334 2469 2651 2537 ἀναγαγεῖν.
2689 2469 2834 2532 Ἕως
2863 2467 2956 2521 τοῦ
2982 2466 3075 2521 νῦν
3102 2465 3492 2537 ἠγωνισάμεθα
3525 2463 3670 2518 κατά

2095 2558 2194 2629 τὴν
2225 2557 2454 2628 δύναμιν
2483 2557 2641 2629 ήμῶν
2674 2557 2816 2626 ὑπὲρ
2838 2556 2940 2624 τῆς
2963 2554 3223 2625 ἀληθείας
3255 2553 3348 2607 καὶ
3374 2554 3476 2622 τῆς
3509 2551 3670 2603 εὐσε-

2098 2647 2287 2712 ϐείας·
2324 2649 2437 2715 καὶ,
2479 2649 2554 2711 ὡς
2601 2648 2901 2718 δοκοῦμεν,
2946 2646 3099 2699 οὐδὲν
3137 2645 3518 2712 παρελίπομεν
3563 2641 3672 2694 τῶν

2098 2740 2598 2811 κεχρεωστημένων
2633 2741 2765 2810 ἡμῖν
2787 2779 2802 2804 ,
2845 2738 2982 2808 μήτε
3013 2737 3149 2806 πρὸς
3174 2734 3409 2800 διάλεξιν
3447 2733 3556 2786 τῶν
3589 2733 3676 2784 αἰ-

2097 2829 2354 2895 τούντων,
2372 2833 2506 2902 μήτε
2535 2831 2669 2900 πρὸς
2695 2828 3044 2883 διδασκαλίαν
3066 2827 3173 2879 τῶν
3203 2823 3509 2896 δεχομένων
3539 2822 3675 2875 καθ-

2101 2921 2517 2990 υστερήσαντες.
2566 2918 2786 2988 Ἐπειδὴ
2850 2917 2906 2969 δὲ
2939 2916 3029 2970 διὰ
3083 2912 3242 2968 τοῦτο
3279 2915 3462 2968 πᾶσαν
3495 2911 3675 2980 θλίψιν

2101 3009 2199 3064 καὶ
2229 3009 2591 3080 στενοχωρίαν
2611 3009 2704 3062 καὶ
2732 3009 2975 3061 κάκωσιν
3002 3003 3400 3074 ὑπεμείναμεν,
3422 2999 3675 3070 ἀτιμίας,

2104 3099 2379 3168 φυλακὰς,
2420 3099 2732 3170 δημεύσεις,
2775 3099 2884 3151 τῶν
2930 3095 3349 3165 ὑπηρετούντων
3400 3093 3534 3161 ἡμῖν
3573 3090 3679 3158 τὴν
3763 3096 3772 3107 ’

2105 3190 2341 3262 βλάϐην·
2376 3191 2438 3245 τὺ
2477 3192 2787 3244 τελευταῖον
2815 3185 2969 3261 ἧλον,
3011 3187 3155 3249 τινὲς
3217 3183 3501 3245 δοκοῦντες
3539 3178 3680 3234 εἶναι

2103 3282 2395 3336 ἐπίσκοποι
2423 3323 2439 3349 ,
2473 3283 2564 3335 καὶ
2599 3282 2819 3335 πλείονα
2867 3279 2976 3332 τῶν
3010 3276 3392 3349 προλαϐόντων
3425 3272 3524 3344 τὴν
3559 3274 3682 3325 ἀτι-

2109 3373 2238 3444 μίαν
2287 3375 2420 3442 ήμίν
2461 3373 2852 3442 προσήγαγον,
2897 3369 3290 3440 ἐπιφερόμενοι
3321 3365 3477 3434 όχλον
3511 3364 3684 3432 ἀγυρ-

2104 3465 2249 3534 τώδη
2273 3465 2367 3518 καὶ
2401 3463 2691 3534 δημοτικὸν
2723 3462 2860 3533 μετὰ
2890 3461 3176 3532 μαχαιρῶν
3202 3459 3298 3513 καὶ
3329 3457 3522 3521 ξύλων,
3554 3456 3679 3507 ἐπι-

2109 3559 2404 3628 στήσαντες
2436 3558 2566 3626 ήμίν
2596 3553 2814 3616 αὐτούς.
2849 3553 2959 3607 Καὶ
2986 3552 3142 3604 αὐτοὶ
3177 3551 3274 3618 μὲν
3309 3549 3489 3600 πᾶσαν
3520 3545 3680 3614 ὓϐριν

2107 3648 2481 3719 ἀναισχύντως
2537 3648 2631 3700 καὶ
2667 3645 2903 3706 ἀναιδῶς
2937 3643 3322 3713 προσήνεγκαν
3344 3679 3358 3702 ,
3414 3639 3550 3708 μήτε
3589 3635 3684 3688 τὸν

2110 3739 2274 3807 φόϐον
2306 3737 2399 3791 τοῦ
2433 3736 2568 3790 Θεοῦ
2609 3737 2666 3787 ἐν
2728 3734 2803 3805 νῷ
2831 3733 3110 3795 λαϐόντες,
3149 3734 3284 3801 μήτε
3315 3729 3389 3792 ὼς
3419 3727 3686 3798 ἀρχιερέα

2110 3831 2288 3885 αὐτῶν
2318 3846 2448 3881 ποτε
2494 3826 2754 3895 γεγονότα
2805 3823 3228 3894 εὐλαϐηθέντες,
3277 3820 3370 3874 καὶ
3416 3818 3596 3870 ταῦτα
3626 3819 3686 3869 ἐν

2111 3920 2316 3992 ἐσχάτῃ
2359 3917 2610 3988 ἀσθενείᾳ
2666 3915 2938 3985 κείμενον,
2992 3914 3087 3966 καὶ
3134 3911 3234 3983 τὴν
3289 3909 3457 3978 πνοὴν
3522 3906 3686 3976 μόνον

2112 4011 2332 4081 ἔχοντα·
2376 4011 2424 4062 οί
2452 4008 2509 4062 δὲ
2545 4008 2690 4077 ὄχλοι
2738 4005 2837 4076 ἐμέ
2863 4022 2922 4058 τε
2951 4003 3161 4057 καὶτὸν
3202 3999 3548 4073 προλαϐόντα
3582 3998 3688 4068 ἀρ-

2113 4099 2303 4171 χιερέα
2354 4101 2467 4161 τοῖς
2503 4097 2839 4166 ἀναθὲμασιν
2870 4093 3110 4160 ἔϐαλλον,
3138 4093 3274 4162 ὅπερ
3301 4093 3434 4160 ἡμῖν
3461 4089 3688 4156 γέγονεν

2116 4191 2360 4262 εὐφημία
2391 4190 2485 4244 καὶ
2515 4187 2792 4258 ἐγκώμιον
2827 4186 3104 4255 μέγιστον.
3136 4181 3291 4237 Μετὰ
3315 4179 3485 4233 ταῦτα
3508 4179 3691 4232 πάντα

2117 4283 2185 4337 τὰ
2235 4281 2383 4336 κακὰ
2433 4279 2774 4349 ἠκούσαμεν,
2831 4279 2913 4330 ὅτι
2969 4279 3016 4330 οἱ
3073 4276 3170 4344 τῆς
3201 4271 3458 4341 ἀληθείας
3499 4269 3691 4338 ἐχθροὶ

440 4371 622 4424 omnia
661 4371 801 4423 mala
835 4379 982 4425 certa
1013 4373 1240 4440 cognovi
1267 4371 1532 4426 relatione
1557 4370 1801 4425 veritatis
1831 4370 1999 4425 hostes

2117 4373 2306 4443 ἔνεδρα
2348 4371 2468 4424 καθ’
2506 4370 2663 4441 ἡμῶν
2692 4368 3104 4432 συσκευάζουσι,
3151 4363 3460 4434 βουλόμενοι
3505 4359 3694 4413 ἐπιθέ-

443 4459 702 4514 adversus
741 4473 838 4512 nos
865 4459 1092 4515 insidias
1137 4470 1392 4516 struere:
1433 4459 1593 4528 idque
1620 4458 1727 4514 illis
1756 4459 2016 4514 constitu-

445 4557 559 4599 tum
591 4561 730 4612 esse,
759 4556 820 4600 ut
843 4547 926 4601 vel
951 4548 1221 4618 deponant
1255 4549 1337 4604 vel
1363 4548 1478 4603 neci
1510 4549 1722 4602 tradant
1742 4549 2013 4602 violentae.

425 4634 524 4689 -Νο
551 4650 680 4706 ergo
723 4636 901 4691 scelus
934 4647 1140 4691 tantum
1183 4638 1297 4702 fiat,
1324 4637 1484 4706 inque
1515 4639 1852 4708 majestatem
1896 4653 2016 4694 ves-

449 4737 586 4779 tram
618 4727 822 4780 crimen
852 4728 1075 4793 recidat,
1101 4743 1221 4782 cum
1258 4728 1428 4794 major
1463 4729 1605 4783 nulla
1647 4729 1701 4782 in
1741 4743 1838 4783 nos
1892 4743 2014 4796 per-

446 4816 653 4872 secutio
701 4817 997 4886 echgitari
1048 4820 1242 4886 possit,
1272 4833 1494 4873 necesse
1551 4819 1773 4874 omnino
1820 4827 1905 4874 est
1940 4827 2015 4874 ⁹ιιι

449 4907 784 4977 invitiatque
818 4908 1082 4975 nolentes,
1110 4909 1253 4964 velut
1279 4910 1344 4964 ab
1384 4907 1610 4964 infensis
1655 4909 1808 4963 nobis
1855 4909 2017 4963 hosti-

449 5000 552 5055 bus
606 5003 1039 5080 persecutionem
1090 5003 1258 5072 passi,
1298 5013 1481 5057 nostra
1529 5002 1821 5071 migremus
1867 5002 2015 5067 sede,

452 5091 647 5145 divinis
687 5093 828 5148 circa
860 5108 962 5148 nos
991 5107 1185 5163 resque
1236 5093 1692 5160 nostrasjudiciis
1741 5102 1796 5148 et
1833 5093 2016 5162 dispo-

452 5182 637 5236 siti0ni
681 5185 1108 5253 acquiescentes,
1154 5186 1380 5256 ejusque
1426 5185 1744 5254 benignitati
1802 5193 2021 5254 agentes

455 5275 673 5337 gratius.

529 5425 572 5454 "
627 5425 815 5481 Mattb.
845 5429 1067 5494 “1,18.

471 5574 493 5607 ο
528 5557 805 5614 Christum
835 5563 1148 5631 magistrum
1181 5561 1235 5615 in
1281 5558 1648 5631 bocimitatns
1676 5574 1696 5631 :_
1732 5554 1889 5631 rl’ro
1918 5571 2020 5631 quo

465 5631 644 5682 nescio
672 5625 1221 5700 quomodo—.cxciderit
1247 5670 1263 5697 ,
1300 5649 1316 5682 ι
1353 5629 1551 5697 pietate
1577 5625 1772 5680 Christi
1802 5625 2034 5694 discipu-

2120 4465 2244 4518 σθαι
2292 4465 2444 4532 ἡμῖν,
2495 4462 2587 4514 καλ¹
2630 4462 2662 4532 ἢ
2700 4458 2981 4529 ἀναίρεσιν
3007 4456 3039 4525 ἢ
3069 4453 3346 4518 κατένεξιν
3383 4450 3564 4521 βιαίαν
3595 4451 3692 4503 καὶ

2119 4554 2412 4625 θανατικὴν
2447 4549 2775 4623 ποιήσασθαι
2805 4552 2884 4612 είς
2921 4549 3088 4618 ἡμᾶς.
3124 4546 3219 4598 ’Ἰν’
3251 4541 3344 4598 οὖν
3379 4545 3576 4598 ἄτοπον
3614 4543 3690 4612 μὴ

2116 4646 2361 4716 γένηται,
2391 4641 2787 4714 μηδέἀμαρτία
2810 4638 3098 4709 ἀναδράμῃ
3119 4637 3199 4700 είς
3226 4636 3286 4688 τὸ
3307 4635 3508 4705 κράτος
3535 4632 3691 4702 ὑμῶν

2118 4737 2341 4806 (ἐπειδὴ
2370 4735 2591 4787 πλείονα
2613 4731 2854 4801 διωγμὸν
2875 4729 3227 4798 ἐπινοηθῆναι
3256 4726 3378 4780 καθ’
3412 4727 3444 4795 ή
3454 4724 3569 4793 μῶν
3589 4725 3694 4776 οὐκ

2122 4829 2324 4898 ἔστιν),
2349 4827 2573 4888 ἄκοντες
2620 4826 2714 4878 καὶ
2756 4822 2830 4893 μὴ
2879 4821 3214 4892 βουλόμενοι,
3239 4819 3332 4872 καὶ
3369 4816 3694 4885 διωκόμενοι

2099 4919 2227 4994 ,ὑπὸ
2272 4917 2382 4970 τῶν
2434 4914 2868 4986 ἐπηρεαζόντων,
2903 4909 3114 4979 ἀνάγκη
3173 4911 3323 4961 πᾶσα
3359 4905 3693 4976 μεταστῆναι

2109 5010 2272 5079 ,ἡμᾶς
2310 5005 2404 5060 τοῦ
2439 5005 2629 5077 θρόνου
2667 5001 2851 5072 ήμῶν*
2882 5001 2977 5054 καὶ
3004 4999 3077 5064 ὡς
3126 4999 3154 5049 ό
3188 4998 3319 5061 Θεὸς
3373 4997 3551 5066 κρινεῖ
3600 4995 3696 5046 καὶ

2124 5098 2470 5168 οἰκονομήσει
2521 5095 2589 5147 τὰ
2618 5092 2741 5145 καθ’
2785 5091 2951 5160 ἡμᾶς,
3001 5088 3302 5157 στέργομεν
3336 5087 3430 5137 καὶ
3463 5085 3694 5153 εὐχαρι-

2129 5191 2252 5245 στοῦ
2261 5207 2358 5262 μεν
2381 5191 2448 5259 τῇ
2477 5185 2776 5255 ἀγαθότητι
2802 5181 2988 5235 αὐτοῦ.

2133 5554 2242 5606 lum
2278 5552 2501 5606 imitari.
2542 5570 2558 5602 ι
2604 5549 2754 5616 Quod
2787 5555 2936 5603 esset
2961 5544 3025 5598 ad
3058 5551 3302 5616 sanctum
3333 5540 3689 5605 Stegilmnttm,

2143 5625 2205 5678 de
2243 5639 2345 5692 quo
2381 5622 2555 5677 nullus
2583 5615 2668 5674 hic
2696 5633 2873 5674 sermo
2895 5656 2908 5681 ,
2941 5615 3301 5670 referendum.
