3980 6140
251 255 356 321 129

245 459 552 530 ἐπιστολὴν
583 456 904 523 δεξάμενος,
942 457 1037 509 καὶ
1068 457 1299 526 μανικόν
1325 473 1378 509 τι
1409 459 1503 511 καὶ
1532 459 1843 528 σαρδόνειον

253 549 724 622 περιμειδιάσας,
781 547 876 599 ἐπὶ
907 550 971 617 τῇ
1014 546 1455 618 προδεικνυμένῃ
1491 547 1578 618 βίᾳ
1617 553 1839 620 προστί.

250 641 383 712 θησι
443 640 746 711 βιαιότερα.
798 636 890 706 Τῷ
934 637 1043 706 γὰρ
1073 636 1394 706 φρουράρχῃ
1441 638 1716 708 πατρικίῳ
1747 639 1840 692 τοῦ

253 731 522 802 θεοφόρου
549 729 765 800 Πατρός
793 725 1195 798 στρατιωτικὴν
1238 728 1568 797 ἐγχειρήσας
1611 729 1842 800 ἀπόμοι-

256 841 385 896 ραν,
421 821 696 893 μεσούσης
769 819 868 889 ἤδη
905 819 1120 883 νυκτὸς,
1161 819 1252 870 τὸν
1284 818 1376 870 τοῦ
1405 821 1590 887 φωτὸς
1635 821 1841 891 Κυρίου

259 906 637 986 [λαμπτῆρα]
660 907 1070 978 ἐξοστρακίζειν
1099 907 1407 961 ἐκέλευσεν.
1441 907 1507 959 Τί
1537 908 1732 976 τοῦτο;
1766 911 1841 963 Ού

249 1001 509 1073 τῆςκατά
536 997 770 1072 Χριστὸν
795 997 1204 1060 ἐπισυστάσεως
1223 997 1534 1051 διαλλάττει
1561 999 1622 1052 τὸ
1655 999 1842 1071 δρᾶμα

252 1094 356 1146 καὶ
411 1091 732 1160 σύνταγμαο
796 1089 916 1140 ούδέ
961 1087 1071 1158 γὰρ
1124 1088 1229 1153 ἔξω
1269 1088 1462 1152 νυκτὸς
1511 1091 1709 1142 ἐκεῖνοι
1741 1091 1843 1154 τὰς

253 1184 402 1238 κατὰ
439 1181 682 1254 Χριστοῦ
721 1179 883 1251 βολὰς
931 1179 965 1249 ἢ
1016 1178 1310 1242 ἐπιϐουλὰς
1359 1179 1685 1246 διετίθεσαν,
1746 1183 1840 1234 καὶ

252 1271 403 1330 οὗτοι
427 1274 604 1327 νύκτα
630 1274 929 1342 συνήγορον
963 1269 1177 1340 ἔχοντες
1209 1271 1296 1322 ἐπ’
1329 1271 1418 1344 ίσῃ
1457 1271 1717 1343 προδοσίᾳ
1747 1272 1840 1326 τοῦ

253 1365 424 1421 καλοῦ
449 1363 720 1433 Ποιμένος
751 1363 1117 1432 ἐλεγχόμενοι.
1173 1361 1232 1412 '0
1255 1361 1311 1413 δὲ
1340 1361 1440 1430 τὴν
1467 1361 1616 1432 ὥραν
1649 1363 1842 1433 ἐληλυ-

250 1457 429 1523 θυῖαν,
461 1457 554 1508 καὶ
575 1455 672 1526 τὴν
711 1455 941 1524 σπεῖραν
979 1452 1069 1503 ἐπ’
1105 1450 1267 1504 αὐτὸν
1297 1451 1540 1521 ἐμπίδων
1561 1453 1718 1522 δίκην
1749 1453 1842 1506 καὶ

251 1549 555 1620 παρνόπων
607 1545 877 1617 ᾁττόντων
936 1541 1234 1614 θεώμενος,
1287 1543 1519 1612 αἰτήσας
1564 1543 1718 1612 φῶτα
1747 1544 1841 1597 καὶ

249 1643 352 1710 τῆς
412 1639 599 1707 κλίνης
649 1637 934 1699 διαναστὰς
963 1675 976 1700 ,
1036 1635 1345 1704 ὑπερείδειν
1379 1635 1544 1688 αὑτὸν
1595 1635 1676 1687 ἐνὶ
1732 1635 1840 1687 τῶν

1779 259 1977 322 VITA.

322 367 422 436 60'.
462 366 679 436 Ταύτην
712 365 788 428 ὡς
819 363 1050 434 πληγὴνξ
1073 364 1312 435 ὑστάτην
1359 367 1388 419 ό
1416 365 1717 438 κοπρόνους
1744 359 1842 440 τὴν
1875 383 1917 438 Α

3421 275 3523 346 130

2023 373 2111 429 69.
2157 374 2269 432 IIac
2292 379 2517 448 epistola
2545 395 2642 436 ceu
2680 379 2971 436 novissima
3005 381 3158 454 plaga
3183 395 3404 455 accepta
3442 389 3528 443 in-

1946 467 2356 535 quinatissimus
2397 471 2484 525 ille
2525 472 2764 536 animus,
2791 471 3168 543 furiosumque
3206 474 3407 544 aliquid
3457 494 3522 532 ac

1945 558 2255 613 sardoninm
2306 563 2637 618 subridendo
2687 566 3294 631 immurmurans,'illi,
3359 583 3522 636 quam

1945 650 2207 706 hactenus
2247 656 2578 722 ostenderat,
2613 657 2883 712 violentiae
2911 656 3226 712 violentiora
3259 659 3520 730 adjuugit.

1943 740 2178 798 Patricio
2203 760 2458 814 namque,
2479 746 2622 802 illius
2653 749 2890 802 carceris
2911 763 3016 817 quo
3035 749 3243 803 divinus
3257 750 3416 805 Pater
3446 764 3526 806 te-

1952 834 2182 888 nebatur
2199 836 2453 904 praefecto
2472 837 2564 908 (c).
2587 839 2887 893 contradita
2909 839 3127 894 militari
3149 856 3332 904 manu,
3349 843 3522 896 media

1957 933 2118 979 nocte
2146 925 2443 981 Dominica;
2481 928 2619 982 lucis
2654 928 2934 999 praecepit,
2965 938 3024 982 ut
3062 929 3234 984 virum
3272 941 3521 984 sanctum

1946 1013 1998 1067 in
2023 1014 2277 1069 exsilium
2328 1017 2664 1085 deportaret.
2689 1019 2801 1073 Cur
2835 1035 2965 1074 vero
3017 1020 3204 1074 istud?
3228 1018 3432 1088 Nempe
3465 1030 3525 1076 ut

1944 1104 2123 1160 fabula
2146 1117 2200 1161 et
2233 1108 2564 1162 machinatio
2595 1125 2832 1178 prtesens
2865 1111 2932 1165 ab
2957 1125 3021 1164 ea
3067 1126 3188 1181 qua:
3215 1112 3266 1164 in
3307 1112 3523 1169 Christo

1944 1207 2314 1254 antecesserat
2358 1200 2738 1269 coniuratione
2795 1217 2899 1257 non
2947 1201 3234 1257 dissideret
3267 1221 3280 1255 :
3314 1219 3437 1256 nam
3469 1214 3524 1258 et

1944 1289 2021 1345 illi
2059 1292 2237 1345 noctis
2261 1291 2528 1346 beneficio
2564 1294 2646 1346 usi
2675 1308 2802 1347 suas
2832 1295 2882 1346 in
2914 1293 3190 1348 Christum
3242 1295 3522 1351 machinas

1944 1391 2104 1451 atque
2169 1383 2393 1438 insidias
2449 1386 2864 1451 instruxerunt;
2903 1397 2958 1440 et
3012 1387 3064 1440 hi
3119 1387 3283 1441 simili
3342 1388 3522 1442 noctis

1945 1470 2156 1526 favente
2189 1473 2426 1540 silentio,
2471 1491 2658 1544 parem
2718 1476 2844 1529 boni
2883 1453 3115 1543 pastoris
3157 1477 3519 1550 proditionem

1942 1573 2286 1631 perpetrasse
2314 1576 2640 1624 noscuntur.
2683 1567 2801 1635 Ipse
2845 1582 3007 1635 porro
3060 1569 3249 1622 horam
3309 1569 3521 1622 venisse

1945 1654 2152 1721 videns,
2181 1664 2236 1708 et
2267 1656 2546 1711 cohortem
2600 1656 2833 1711 culicum
2864 1657 3037 1712 instar
3085 1673 3149 1712 ac
3188 1641 3519 1712 locustarum

252 1730 528 1784 εἰωθότων
556 1728 923 1799 προσέταττεν
951 1725 1070 1796 (ἐτι
1100 1725 1211 1794 γὰρ
1249 1726 1310 1776 τὸ
1335 1727 1435 1796 τῆς
1464 1725 1622 1778 νόσου
1652 1727 1836 1796 ἢκμα-

1944 1744 2245 1798 salientium
2276 1747 2374 1800 sibi
2411 1747 2752 1815 ingruentem
2782 1759 3067 1816 contuens,
3097 1749 3280 1804 lumen
3320 1749 3516 1805 inferri

253 1822 347 1888 ξεν
374 1821 624 1892 ἄλγημα,
676 1819 827 1888 καὶὴ
857 1816 1136 1870 διοικοῦσα
1169 1815 1230 1868 τὸ
1267 1815 1427 1886 σῶμα
1467 1817 1702 1872 ύπὲλυεν
1751 1816 1844 1870 δύ-

251 1911 442 1984 ναμις.)
465 1927 478 1940 ’
516 1913 611 1965 καὶ
645 1913 712 1980 τῇ
742 1909 840 1980 μὲν
872 1910 998 1980 λαιᾷ
1018 1908 1088 1960 τά
1112 1907 1212 1977 τῆς
1233 1906 1542 1972 ἀσθενείας,
1581 1907 1655 1972 ὡς
1685 1908 1839 1980 ἔφην,

254 2005 564 2076 ύπέρειδεν,
604 2007 671 2074 τῇ
710 2003 861 2073 δεξιᾷ
887 2001 942 2052 δὲ
986 1999 1081 2054 τοῦ
1120 2000 1265 2053 θείου
1312 2001 1718 2071 ἐπειλημμένος
1742 2019 1844 2055 πυ-

257 2099 444 2170 ρείου,
475 2096 576 2161 τὰς
612 2095 719 2148 τῶν
762 2094 925 2166 ἱερῶν
979 2091 1204 2146 ἐκείνων
1262 2091 1522 2163 ταμιείων
1578 2093 1840 2158 εὐωδίαζε

253 2189 506 2260 δώματα.
539 2187 756 2250 Φθάσας
789 2183 882 2240 οὖν
917 2185 997 2248 είς
1024 2184 1116 2237 τὸν
1144 2183 1238 2236 τοῦ
1274 2183 1533 2254 μεγίστου
1586 2183 1692 2236 νεὼ
1744 2203 1840 2238 πετ-

256 2272 521 2352 ρίπυστον
551 2265 666 2348 (95)
713 2279 1147 2349 κατηχούμενον,
1179 2277 1235 2328 ἐν
1269 2268 1314 2342 ᾧ
1341 2274 1600 2338 πολλάκις
1633 2275 1838 2330 παννύ-

255 2387 377 2440 χοις
415 2371 665 2441 ἐλιπάρει
694 2371 756 2422 τὺ
791 2369 946 2422 Θεῖον
991 2367 1266 2433 ἐντεύξεσι
1289 2407 1302 2432 ,
1351 2368 1497 2420 δυοῖν
1527 2366 1833 2439 λαμπάδοιν

258 2463 479 2533 ὑφῆπτε
521 2462 732 2532 κηρῶν,
774 2457 892 2514 εἶτα
926 2461 996 2514 τά
1026 2461 1085 2512 ὲν
1132 2459 1290 2531 χερσὶ
1325 2458 1544 2530 μεθεὶς,
1575 2459 1834 2530 ἀνωτέρω

251 2569 315 2605 τε
365 2551 478 2606 τῶν
518 2552 816 2623 ὁρωμένων
846 2554 1157 2622 γενόμενος,
1194 2550 1255 2603 τὸ
1286 2550 1384 2622 μὲν
1415 2549 1576 2621 σῶμα
1614 2552 1825 2623 πρηνὲς

251 2644 332 2706 είς
373 2643 480 2712 γῆν
515 2641 862 2708 καταϐαλὼν,
904 2642 1086 2712 ὄρθιον
1123 2642 1181 2695 δέ
1222 2639 1319 2713 τὴν
1341 2639 1518 2713 ψυχὴν
1552 2642 1837 2705 ἀνατείνας

249 2734 331 2797 είς
362 2733 592 2804 οὐρανόν
632 2749 647 2764 ’

1943 1833 2127 1901 jussit,
2176 1852 2240 1890 ac
2260 1850 2318 1890 se
2374 1837 2572 1893 lectulo
2628 1839 2865 1909 erigens,
2911 1856 3076 1893 unum
3127 1854 3158 1895 e
3209 1841 3522 1895 domesticis

1949 1925 2220 1982 fulciendo
2265 1929 2368 1983 sibi
2411 1945 2633 1999 operam
2687 1931 3036 1986 commodare
3085 1931 3522 1999 jubet:vigebat

1946 2017 2092 2070 enim
2145 2017 2320 2072 adhuc
2370 2019 2712 2085 mgritudinis
2776 2020 2929 2074 dolor
2960 2059 2976 2084 ,
3034 2035 3098 2074 ac
3151 2035 3256 2088 qua
3315 2022 3522 2089 regitur

1945 2119 2164 2173 corpus,
2200 2105 2486 2162 fatiscebat
2532 2107 2784 2163 facultas.
2814 2108 3001 2178 Itaque
3027 2111 3248 2164 sinistra
3278 2111 3517 2178 quidem,

1947 2189 2020 2243 uti
2075 2191 2361 2259 dicebam,
2410 2193 2833 2250 imbecillitatem
2887 2206 3240 2262 sustentans,
3298 2199 3518 2252 dextera

1947 2281 2277 2338 thuribulum
2323 2287 2550 2355 accepit,
2599 2300 2653 2341 et
2698 2303 2981 2343 sacrarum
3042 2289 3252 2342 illarum
3320 2291 3517 2344 aedium

1951 2377 2086 2424 tecta
2113 2375 2268 2428 suavi
2317 2375 2574 2430 lustravit
2627 2377 2884 2446 incenso;
2924 2379 3252 2448 veniensque
3284 2380 3335 2433 in
3376 2387 3516 2434 tem-

1942 2461 2016 2530 pli
2046 2463 2271 2519 maximi
2305 2465 2611 2522 exaudibile
2635 2470 3128 2534 catechumenium,
3151 2470 3239 2524 ubi
3262 2487 3367 2525 non
3396 2487 3520 2527 raro

1941 2553 2426 2622 supplicationibus
2473 2559 2528 2612 in
2589 2566 2729 2614 totas
2784 2561 3064 2630 productis
3118 2573 3302 2617 noctes
3347 2561 3517 2617 Deum

1941 2647 2235 2704 obsecrare
2296 2664 2674 2720 consueverat,
2720 2655 2854 2709 duos
2905 2657 3150 2710 accendit
3187 2671 3377 2712 cereos
3416 2659 3514 2727 (ιι),

1942 2735 2330 2810 dimittensque
2357 2758 2420 2796 ea
2451 2745 2653 2808 omnia,
2683 2760 2801 2815 quae
2837 2747 2890 2800 in
2933 2747 3182 2802 manibus
3242 2758 3422 2812 erant,
3463 2756 3518 2802 et

249 2830 468 2884 cunctis
496 2841 616 2894 quae
638 2825 737 2879 sub
765 2833 1042 2893 aspectum
1081 2822 1284 2878 cadunt
1313 2820 1539 2879 effectus
1602 2824 1876 2894 superior,
1937 2842 2170 2898 pronum
2221 2831 2277 2886 in
2326 2840 2528 2887 terram
2577 2850 2774 2904 corpus
2825 2837 3039 2903 stravit,
3100 2847 3416 2909 rectumque
3460 2841 3515 2893 in

248 2919 452 2975 ctelum
484 2919 724 2973 animum
758 2917 1016 2988 dirigens,
1049 2915 1124 2970 ait
1155 2935 1167 2970 :

321 3019 386 3066 θ’.
427 3009 539 3066 Καὶ
558 3012 643 3074 σὺ,
670 3014 859 3078 φησὶν,
891 3011 924 3062 ὁ
943 3008 1328 3079 ὑπερμεγέθης
1363 3006 1458 3060 καὶ
1482 3005 1787 3080 ὑπερφυὴς,
1809 3009 1838 3062 ό
1865 3016 1907 3075 c

249 3104 362 3158 τῶν
379 3100 850 3172 θαυμασιωτάτων
877 3101 1192 3170 κτισμάτων
1218 3098 1451 3169 Κύριος,
1485 3100 1580 3152 καὶ
1616 3101 1715 3169 τῆς
1738 3101 1834 3153 ἀν-

250 3198 608 3269 εξερεύνητον
629 3195 821 3265 σοιλίας
844 3235 858 3258 ,
888 3190 956 3266 ἧς
976 3193 1162 3266 βραχὺ
1200 3193 1353 3262 μόλις
1391 3195 1456 3246 ἐκ
1473 3193 1679 3247 τούτων
1704 3194 1834 3247 ὑπο-

253 3289 470 3366 φαίνεις
499 3289 663 3358 ἴχνος,
679 3295 684 3299 “
697 3287 856 3358 μόνος
877 3285 1128 3356 εὑρέτης,
1149 3284 1446 3354 ἐπιφάνηθι
1468 3283 1834 3357 φιλανθρώπῳ

251 3379 557 3450 κηδεμονίᾳ
578 3379 668 3430 ἐπὶ
697 3377 795 3447 τὴν
819 3375 1064 3446 μεγάλην
1096 3375 1191 3428 καὶ
1219 3374 1432 3445 ὑψηλὴν
1457 3373 1552 3427 τοῦ
1580 3373 1709 3428 ναοῦ
1737 3391 1830 3428 σου

254 3468 713 3541 θαυματοποιίαν,
771 3468 829 3520 ἐν
879 3460 922 3534 ᾧ
958 3465 1067 3518 τῶν
1101 3465 1388 3536 ἀχράντων
1413 3465 1508 3518 καὶ
1539 3465 1834 3536 ἀκηράτων

329 3697 446 3769 (ΞΒ)
479 3695 630 3769 Alias
675 3704 729 3746 et
767 3690 1104 3760 frequentius
1139 3684 1425 3769 pluraliter
1454 3684 1521 3737 τὰ
1551 3683 1828 3769 κατηχούτ

258 3752 401 3842 μενά
425 3752 763 3842 [quandoque
803 3752 883 3816 σι’
902 3752 1396 3842 κρατηχουμενεὶίονζ
1417 3752 1760 3842 _q.uod_‘l:atin
1770 3768 1832 3842 us

255 3823 740 3900 servat-interpres
775 3849 788 3884 :
825 3823 1232 3900 auctores_vide
1259 3823 1423 3900 apud'
1449 3823 1830 3900 hicnrgjunﬂn

255 3889 576 3962 filossario:
617 3889 784 3953 'usnm
829 3899 1050 3953 Sinieon
1081 3889 1402 3948 Thessalon.
1456 3892 1550 3946 lib.
1596 3890 1685 3962 De,
1713 3889 1832 3962 iSa-

259 3961 458 4036 cram,
479 3971 738 4025 describit
770 3969 851 4022 his
880 3966 1060 4020 verbis
1089 3983 1101 4018 :
1138 3984 1156 4015 ι
1201 3963 1634 4036 Catechumena,
1675 3961 1726 4014 id
1753 3967 1836 4013 est

253 4031 773 4100 catecli'utnenorum
825 4037 1040 4097 domus,
1066 4043 1351 4101 propterea
1367 4031 1682 4101 excogitata
1711 4036 1836 4101 sunt

258 4099 510 4168 utetiam
544 4111 596 4162 hi
631 4107 813 4161 auditu
854 4099 1082 4171 visuque
1123 4099 1238 4155 solo
1257 4099 1578 4171 divinorum
1615 4099 1835 4167 partici-

254 4199 354 4251 pes
378 4182 593 4243 fierent,
623 4186 677 4230 et
701 4175 858 4251 labiis
884 4170 1353 4251 linguaquefidem
1382 4170 1785 4251 profiterentur.
1807 4185 1826 4217 ι

259 4237 428 4305 Εηιιιι
472 4237 653 4302 autem
698 4245 942 4312 porticus
965 4237 1058 4294 vel
1091 4237 1290 4293 atrium
1323 4239 1520 4312 templo
1549 4237 1649 4304 ipsi
1694 4252 1834 4305 pra:-

256 4331 504 4380 tensnm,
530 4317 614 4370 vel
640 4309 810 4382 ipsius
843 4313 1026 4379 templi
1056 4325 1180 4377 pars
1209 4309 1469 4382 anterior,
1504 4309 1556 4359 in
1587 4321 1692 4374 quo
1725 4321 1830 4359 non

255 4377 550 4458 baptizatis
583 4377 773 4438 licebat
814 4377 1111 4458 consistere
1142 4392 1312 4446 usque
1345 4377 1467 4430 dum
1500 4390 1657 4430 sacra
1715 4391 1830 4445 my-

255 4451 424 4513 steria
456 4457 789 4511 inferrentur
816 4453 879 4504 ad
908 4451 1097 4502 altare.
1130 4466 1146 4498 ι

335 4530 404 4596 (ε)
427 4527 484 4580 In
519 4523 824 4596 Appendi_ce
849 4519 1197 4596 Theophanis
1229 4516 1343 4569 haec
1389 4515 1454 4568 de
1491 4513 1610 4593 ejus
1645 4511 1837 4596 exsilio

256 4583 616 4652 narrantur:
659 4610 678 4642 ι
743 4583 1016 4644 Caeterum
1082 4587 1174 4640 Dei
1229 4601 1391 4638 manu
1451 4583 1832 4652 miraculorum

255 4666 535 4723 eﬂ‘eetrice
561 4661 808 4716 nonnihil
841 4657 1156 4711 sublevatus
1189 4664 1271 4708 est
1303 4653 1657 4723 patriarcha:
1683 4651 1831 4723 quod

255 4721 383 4792 cum
405 4733 660 4788 rescisset
679 4728 1042 4788 Chamaeleon,
1068 4721 1402 4793 quorundam
1427 4736 1528 4793 ope
1546 4722 1754 4793 milites
1776 4721 1830 4774 in

254 4791 800 4876 patriarchiutnclaln
837 4791 1121 4876 penetrare
1147 4794 1307 4875 jussit
1331 4801 1394 4876 et.
1417 4792 1640 4876 silentes
1659 4791 1830 4876 abdu-

255 4859 388 4930 cere
441 4893 456 4928 :
503 4881 621 4926 erat
678 4859 854 4938 porro'
896 4859 1224 4938 jejuniorutn
1268 4863 1513 4938 initium.
1555 4859 1826 4938 ﬂoriferta

256 4929 448 5011 itaque
481 4929 1056 5011 tnultitudinecoa‘cti,
1084 4931 1518 5011 velutdudmiitr
1549 4929 1824 5011 Christqu

256 4999 591 5073 insilientes,
633 5023 754 5061 cum
797 5006 988 5073 gladiis
1032 5013 1085 5055 et
1130 5003 1290 5073 lignis
1327 4999 1572 5073 ecclesia;
1625 4999 1822 5051 atrium

257 5067 627 5150 repleverunt,
660 5067 1036 5150 clamanteset
1060 5067 1388 5150 tumultuose
1421 5067 1818 5150 vociferantes:

255 5141 648 5222 caiperuntque
704 5144 980 5222 _cii_secrari
1026 5152 1105 5222 "et
1154 5142 1284 5194 diris
1338 5141 1600 5222 devovere
1643 5147 1827 5217 sancta

255 5206 313 5277 in
345 5206 636 5274 'tnetnoi'ia
685 5217 969 5286 defunctos
1021 5211 1348 5286 Germanum
1407 5219 1462 5286 et
1515 5206 1822 5286 Tarasiutn,

259 5294 372 5347 imo
396 5305 446 5344 et
480 5287 868 5356 Nicephorum.
895 5283 1026 5348 Qua:
1071 5283 1286 5356 quidem
1321 5279 1549 5356 audiens
1581 5279 1825 5356 patriar-

252 5365 379 5424 cha,
431 5359 544 5412 Deo
580 5347 702 5409 cum
744 5347 1000 5421 lacrynns
1035 5347 1238 5424 gratias
1269 5349 1401 5416 egit,
1451 5347 1592 5414 quod
1617 5347 1832 5424 pietatis

252 5414 612 5486 defendenda
639 5439 804 5479 causa
838 5414 953 5476 haec
997 5414 1186 5474 audire
1257 5414 1578 5486 increretnr.
1626 5414 1826 5470 Confe-

253 5484 379 5557 stnn
409 5495 751 5566 conspiranti
787 5493 1002 5566 impetu
1036 5489 1268 5566 populus
1301 5484 1512 5546 insiliit,
1546 5486 1677 5566 utin
1731 5499 1824 5552 pa-

253 5554 580 5626 tria-reliiuth
609 5554 1004 5635 ingrederetur.
1037 5554 1172 5612 ut):
1207 5554 1447 5635 'I‘lioomas
1478 5557 1698 5635 quidam
1729 5569 1824 5622 pa-

253 5645 470 5704 tricius,
486 5638 572 5693 bis
595 5627 876 5696 exconsnl,
897 5632 986 5700 qui
1005 5639 1132 5684 tunc
1154 5627 1294 5681 velut
1319 5627 1824 5694 imperatorisjussu

2014 3013 2101 3071 70.
2135 3013 2202 3068 Et
2257 3025 2312 3070 tu
2369 3031 2582 3072 omnem
2654 3018 3082 3086 magnitudinem
3141 3034 3205 3076 ac
3262 3032 3513 3078 naturam

1939 3119 2226 3174 superans,
2272 3121 2483 3172 summe
2528 3108 3074 3166 mirabiliumrerum
3101 3111 3380 3176 Dominus,
3413 3115 3514 3166 im-

1937 3183 2482 3266 pervestigabilisque
2507 3195 2814 3264 sapientiae,
2853 3196 3006 3265 cujus
3027 3198 3114 3252 vix
3141 3209 3300 3254 tenue
3347 3203 3517 3268 quod-

1938 3285 2060 3339 dam
2087 3299 2152 3346 ex
2177 3285 2266 3341 his
2291 3285 2580 3356 vestigium
2610 3287 2950 3342 subobscure
2972 3289 3233 3353 ostendis,
3263 3291 3519 3344 inventor

1936 3377 2108 3443 solus,
2134 3377 2523 3448 benignissima
2559 3365 2869 3448 dignatione
2903 3389 2990 3434 tua
3025 3395 3090 3435 ac
3137 3396 3269 3434 cura
3310 3396 3515 3451 apparo

1936 3482 2100 3538 super
2124 3483 2318 3539 magna
2345 3483 2408 3524 ac
2439 3469 2657 3525 sublimi
2706 3470 2970 3526 mirabills
3011 3471 3195 3540 templi
3234 3472 3309 3525 tui
3357 3463 3514 3526 'stru-

1938 3681 2235 3737 Ecclesiam
2286 3683 2561 3737 tutandam
2593 3691 2904 3752 susceperat
2932 3720 2952 3746 ,
2992 3683 3159 3752 portis
3195 3682 3508 3751 patriarcltii

1936 3753 2190 3815 occlusis,
2226 3766 2319 3806 eos
2364 3753 2614 3817 removit,
2656 3753 2800 3805 velut
2851 3753 3021 3806 inscio
3071 3754 3396 3820 imperatore
3436 3755 3510 3807 is-

1941 3823 2194 3874 tiusmodi
2253 3821 2497 3874 facinora
2553 3822 2788 3874 molitos.
2839 3821 3093 3876 Protinus
3140 3825 3204 3874 ad
3261 3822 3510 3876 Chamae-

1941 3890 2171 3944 leoatem
2218 3890 2474 3957 prmfatus
2531 3891 2614 3942 vlr
2681 3891 2972 3957 profectus,
3013 3891 3374 3944 inordinatum
3413 3907 3508 3958 po-

1943 3958 2052 4028 puli
2097 3969 2300 4012 motum
2351 3959 2707 4011 denuntiavit.
2753 3959 2848 4013 llle
2895 3960 3205 4025 pl‘O‘SOIilO
3253 3963 3508 4027 mendax,

1944 4043 2045 4082 nec
2073 4028 2362 4096 quidquam
2395 4029 2558 4088 scire,
2589 4043 2688 4080 nec
2733 4043 3057 4096 queinquam
3105 4043 3134 4080 a
3185 4043 3244 4081 se
3281 4029 3509 4085 missum

1943 4111 2160 4166 negare.
2189 4097 2410 4159 Verum,
2445 4096 2640 4163 inquit,
2696 4098 3018 4151 necessitate
3056 4098 3408 4166 compulsus,
3451 4108 3514 4153 et

1941 4165 2108 4220 animi
2152 4180 2384 4220 maerore
2415 4175 2588 4219 tactus
2625 4167 2870 4234 populus,
2893 4168 2944 4218 in
2978 4165 3283 4234 hujusmOdi
3308 4169 3508 4221 factum

1939 4237 2210 4305 prorupit.
2242 4235 2524 4289 b'nbinfert
2556 4234 2831 4288 Thomas:
2871 4236 2927 4289 Si
2975 4253 3097 4289 eum
3138 4237 3368 4304 jusseris
3409 4250 3509 4302 cx-

1940 4306 2094 4373 pelli,
2130 4306 2380 4367 domine,
2415 4321 2519 4358 non
2556 4320 2689 4373 Opus
2743 4307 2948 4361 multis.
2975 4305 3205 4360 Tantum
3263 4307 3508 4360 homines

1945 4375 2076 4428 duos
2097 4376 2268 4438 mitte,
2300 4374 2537 4442 aliosque
2570 4374 2660 4441 qui
2694 4373 2924 4428 efferant
2958 4392 2970 4428 :
3011 4390 3114 4428 non
3154 4377 3296 4442 enim
3331 4377 3510 4443 ingra-

1947 4453 2199 4498 vescente
2230 4443 2559 4508 valetudine,
2601 4459 2628 4494 τι
2657 4458 2737 4513 se
2778 4454 2953 4511 potest
2984 4445 3314 4512 procedere:
3349 4459 3510 4513 atque

1943 4513 2016 4566 ita
2045 4513 2396 4583 discedet._ld
2436 4515 2506 4566 ita
2564 4512 3357 4583 fecit,submissisnocte,'qui
3413 4512 3509 4581 pa-

1943 4581 2546 4651 triarchamcjicerent
2628 4582 2891 4636 Ecclesia.
2945 4602 2962 4634 ι
3023 4581 3301 4636 Incidebat
3349 4599 3510 4651 porro

1941 4651 2216 4705 Dominica
2253 4649 2634 4720 Sexagesimae,
2665 4651 2870 4706 Graecis
2915 4651 3208 4707 Orientalis
3235 4649 3507 4717 Ea-t-h-‘sizc,

1937 4731 2058 4787 post
2114 4736 2272 4786 quam
2325 4721 2586 4787 jejunium
2640 4722 3027 4788 auspicabatur
3071 4739 3211 4774 anno
3239 4722 3420 4777 8l5in
3455 4738 3509 4775 xl

1934 4790 2238 4876 Ecb'ruarii,
2269 4792 2419 4876 eicio
2441 4789 2578 4876 ln'iue
2603 4789 2690 4876 18,
2715 4792 2849 4876 solis
2869 4792 2960 4872 ιε,
2987 4791 3509 4876 Ιιιιοτξινροιιιὶιιιυίξεξ

1932 4855 1998 4913 G.
2034 4859 2248 4913 Interim
2301 4855 2676 4926 Theophanes
2715 4859 2852 4914 infra
2884 4855 2952 4914 in
2989 4861 3091 4913 alia
3136 4860 3253 4914 Vita
3287 4879 3408 4913 llltlll
3448 4863 3511 4915 Π

1929 4931 2120 4983 scribit
2145 4945 2202 4982 ιιι
2233 4928 2355 4982 Idus
2385 4929 2560 4982 Martii
2591 4947 2609 4978 ι
2637 4931 2690 4983 in
2723 4931 2968 4983 exsilium
2991 4931 3218 4996 ejectntn
3251 4931 3416 4982 fuisse
3444 4948 3458 4994 ;
3487 4948 3506 4979 ι

1929 5001 2068 5066 quod
2119 4999 2358 5069 intelligi
2393 5009 2562 5066 potest
2623 5002 2688 5054 de
2737 5001 2999 5068 ejcclione
3038 5016 3144 5068 quo
3191 5000 3306 5066 ipse
3364 4997 3511 5051 Con-

1935 5069 2279 5135 stantinopoli
2301 5068 2656 5133 discesserat,
2691 5079 2748 5121 ιιι
2779 5069 2932 5137 paulo
2961 5078 3079 5136 post
3106 5070 3319 5122 dicitur.

2002 5139 2081 5207 (ά)
2116 5137 2234 5191 Vita
2263 5139 2320 5190 S.
2345 5139 2543 5192 Nicetw
2570 5154 2582 5189 :
2628 5157 2646 5189 ι
2685 5139 2834 5191 Tunc
2855 5140 3149 5206 imperator
3176 5138 3319 5191 misit
3347 5153 3512 5190 unum

1903 5219 1997 5278 -εχ
2035 5209 2386 5277 Optitnatibns
2411 5209 2534 5275 ,qui
2571 5208 2850 5278 tyrannico
2870 5223 3017 5278 more
3043 5207 3215 5276 ipsum
3241 5209 3511 5276 deposuit,

1941 5277 2037 5330 Ille
2074 5293 2198 5330 vero
2229 5292 2350 5346 cum
2389 5280 2440 5330 in
2488 5277 2736 5346 inagitata
2780 5277 3064 5329 ecclesiam
3121 5278 3513 5341 descendisset,

1938 5359 1990 5399 et
2039 5362 2222 5400 cereas
2271 5345 2418 5400 taces
2469 5345 2844 5408 accendisset,
2900 5347 3166 5414 thuraque
3205 5358 3260 5400 et
3321 5361 3515 5413 preces

1937 5417 2296 5476 adhibuisset,
2316 5431 2438 5470 cum
2455 5418 2683 5484 populus
2714 5417 2828 5484 ipse
2855 5415 2996 5467 illius
3018 5418 3515 5484 peregrinationem

1936 5485 2343 5551 lamentaretur,
2371 5483 2508 5539 hanc
2538 5483 3060 5539 habuit’oratiouetn
3097 5502 3111 5539 :
3149 5483 3310 5551 Filii,
3356 5487 3519 5540 Chri-

1932 5557 2140 5612 stimos
2168 5570 2261 5610 vos
2287 5556 2487 5618 inveni,
2516 5554 2852 5611 Christianos
2891 5569 2982 5610 vos
3009 5555 3279 5626 relinquo.
3317 5575 3341 5609 ι
