3980 6140
483 331 584 399 I31

1482 332 1544 393 S.
1584 330 2007 392 NICEPHORI
2043 326 2551 390 PATRIARCH/E
2590 326 2700 385 ΟΡ.
2791 381 2794 385 ,

3656 322 3759 388 132

482 435 628 507 tura,
662 442 713 497 in
750 454 858 511 quo
888 440 1343 495 iulctneratorum
1378 452 1442 492 ac
1488 434 2062 507 itnmortalium‘mys-

2170 435 2486 507 μυστηρίων
2528 433 2627 496 τὰς
2673 432 3086 503 όλοκαρπώσεις
3117 430 3411 505 δεχόμενος
3439 475 3453 497 ,
3486 435 3756 510 ἁμαρ-τη-

482 538 746 592 teriorum
804 533 1119 588 holocausta
1196 528 1527 599 suscipiens,
1590 540 1934 598 peccatorum
1981 543 2067 581 re-

483 627 796 682 missionem
826 626 934 690 his,
966 625 1056 693 qui
1083 625 1243 692 digne
1264 621 1371 676 illis
1391 621 1740 691 impartieudi
1766 620 2062 683 astiterint,

484 716 739 771 conferre
769 715 1034 768 statuisti.
1060 712 1171 767 Hoc
1201 726 1449 781 namque
1463 713 1612 765 omni
1646 713 1808 763 sorde
1836 710 2066 778 labcque

487 808 849 876 purissimum
884 813 971 858 tua
1004 802 1383 873 potentissima
1418 803 1642 855 dextera
1675 815 1817 854 nunc
1848 813 2066 869 quoque

480 897 878 968 protegendum
939 894 1293 959 commendo;
1343 892 1489 962 quod
1541 906 1640 962 ego
1696 905 1922 947 munere
1975 901 2065 945 tuo

483 991 619 1044 mihi
666 987 1066 1049 concreditum,
1096 1002 1195 1056 pro
1228 984 1370 1039 virili
1420 1001 1540 1039 mea
1591 992 1778 1038 sancte
1841 978 2062 1036 conser-

482 1096 636 1145 vans,
671 1080 724 1132 in
758 1093 898 1132 vera:
932 1077 1288 1146 philowphize
1344 1084 1501 1146 petra
1532 1075 1744 1129 firmum
1765 1073 2062 1141 custodivi;

484 1172 744 1240 templum
791 1170 1018 1233 scilicet,
1051 1171 1195 1238 quod
1227 1183 1328 1222 ceu
1379 1166 1530 1221 locus
1559 1182 1623 1220 ac
1655 1165 2062 1220 tabernaculum

481 1263 665 1333 glorhe
700 1274 824 1325 tuae,
862 1261 1289 1331 pulcherrimum
1322 1259 1572 1313 decorem
1603 1274 1756 1312 suum
1786 1257 2061 1322 servavit;

481 1356 624 1408 tilios
662 1354 755 1407 tibi
781 1363 944 1420 atque
973 1353 1216 1405 lueredes
1244 1349 1576 1405 venerabilis
1596 1349 1795 1404 lavacri
1833 1346 2064 1402 fecunda

479 1443 630 1511 prole
688 1442 950 1511 plurimos
997 1441 1186 1506 edidit,
1252 1440 1677 1508 innumerosque
1723 1439 1842 1509 iugi
1892 1439 2065 1506 βοειιί-

482 1532 648 1583 tentia
697 1530 1226 1583 n‘iisericordissimaa
1306 1536 1412 1581 tua:
1466 1528 1769 1582 clementiae
1819 1527 2066 1581 reconci-

482 1623 655 1675 liavit.
716 1621 861 1685 Tibi,
901 1620 1177 1687 Salvator,
1229 1635 1540 1690 quanquam
1602 1617 1839 1688 indignis
1889 1617 2064 1671 mani-

479 1714 606 1777 bus,
631 1713 934 1781 depositum
975 1712 1131 1765 trado
1165 1727 1180 1765 :
1217 1709 1550 1779 iudiciorum
1597 1718 1814 1762 tuorum
1842 1707 2060 1777 abysso,

2170 528 2356 598 μάτων
2385 526 2706 598 ἀπαλλαγὴν
2727 527 2837 589 τοῖς
2863 525 3030 589 ἀξίως
3062 526 3446 598 μετειληχέναι
3472 532 3759 601 παραστή-

2169 639 2324 675 σασιν
2369 622 2584 683 ἑαυτοῖς
2642 621 2900 690 χορηγεῖν
2951 619 3298 683 ὲδικαίωσας.
3359 620 3566 677 Τοῦτον
3624 622 3755 693 γάρ,

2169 711 2371 774 παντὸς
2424 711 2616 765 σπίλου
2662 710 2755 764 καὶ
2803 709 2999 781 μώμου
3047 710 3239 783 πόρρω
3287 711 3651 782 τυγχάνοντα,
3690 716 3756 784 τῇ

2166 806 2478 873 παγκρατεῖ
2524 803 2618 856 καὶ
2649 803 2745 855 νῦν
2784 805 2928 874 χειρί
2963 819 3059 856 σου
3100 803 3481 873 παρατίθημι,
3511 803 3588 866 ὡς
3625 805 3758 876 παρ’

2166 895 2335 964 αὐτῆς
2385 895 2479 948 καὶ
2519 894 2835 956 πιστευθεὶς
2858 894 3048 948 τοῦτον
3080 895 3176 949 καὶ
3214 894 3560 966 διατηρήσας
3592 896 3758 961 όσίως

2168 989 2247 1050 είς
2271 988 2535 1058 δύναμιν,
2573 985 2668 1039 ἐπὶ
2710 989 2778 1058 τῇ
2825 985 3005 1058 πέτρᾳ
3034 989 3135 1056 τῆς
3155 985 3389 1057 ἀληθοῦς
3435 986 3758 1056 φιλοσοφίας

2165 1079 2556 1150 ἐρηρεισμένον
2588 1075 2831 1146 ἐφύλαξα
2855 1091 2869 1105 ”
2903 1076 2977 1139 ὡς
3008 1076 3173 1138 τόπος
3212 1076 3305 1128 καὶ
3358 1076 3639 1147 σκήνωμα
3661 1076 3758 1147 τῆς

2164 1171 2268 1240 σῆς
2294 1168 2452 1239 δόξης
2497 1167 2598 1239 τὴν
2625 1166 2822 1220 ἑαυτοῦ
2868 1167 3160 1236 παγκάλην
3192 1166 3532 1241 εὐπρέπειαν
3561 1166 3757 1219 διεσώ-

2169 1279 2320 1323 σατο,
2358 1260 2509 1325 υίούς
2554 1276 2637 1313 σοι
2682 1259 2778 1312 καὶ
2827 1258 3201 1330 κληρονόμους
3258 1259 3348 1312 διὰ
3405 1258 3507 1328 τῆς
3552 1259 3758 1330 σεπτῆς

2166 1351 2554 1423 κολυμϐήθρας
2604 1349 2833 1413 πολλοὺς
2890 1350 3243 1419 ὑπηγάγετο,
3303 1348 3398 1402 διὰ
3458 1349 3758 1419 μετανοίας

2165 1441 2456 1520 ἀνενδότου
2507 1442 2574 1510 τῇ
2611 1438 2975 1508 εὐσπλάγχνῳ
3009 1437 3269 1509 εὐμενείᾳ
3308 1454 3416 1491 ,σου
3473 1438 3760 1508 κρείττους

2162 1531 2405 1604 ἀριθμοῦ
2468 1529 2910 1602 προσῳκείωσεν.
2954 1530 3068 1596 Σοὶ,
3110 1529 3329 1600 Σῶτερ,
3368 1529 3468 1600 τὴν
3498 1547 3762 1600 παρακα-

2159 1623 2434 1694 ταθήκην,
2483 1622 2533 1675 εί.
2573 1620 2669 1675 καὶ
2692 1619 2941 1685 ἀναξίαις
2968 1620 3180 1690 χερσὶν,
3222 1620 3541 1689 ὲπιδίδωμι,
3576 1636 3764 1691 παρα-

2166 1715 2331 1789 χωρῶ
2373 1716 2440 1784 τῇ
2475 1716 2542 1785 σῇ
2587 1712 2698 1765 τῶν
2738 1711 3029 1781 κριμάτων
3060 1709 3284 1781 ἀϐύσσῳ
3312 1711 3381 1765 τὰ
3416 1710 3541 1765 κατ’
3569 1712 3760 1775 αὐτὸν,

482 1819 591 1872 quo
646 1778 901 1855 malueris
950 1803 1107 1855 modo
1167 1778 1509 1869 disponenda
1569 1800 1830 1853 concedo.
1896 1799 2063 1868 lingit

2170 1778 2501 1869 ῶςέὐδοκεῖς
2517 1778 2880 1855 διατίθεσθαι.
2897 1800 3049 1854 Λέων
3065 1800 3186 1853 κατ’
3208 1778 3382 1870 αύτῆς
3403 1800 3721 1871 ὲπωρύεται
3741 1843 3758 1870 ,

481 1889 592 1947 Leo
636 1894 899 1947 adversus
937 1893 1107 1951 aedem
1155 1901 1424 1957 sanctam,
1455 1905 1708 1961 quaerens
1752 1901 1810 1944 ut
1856 1891 2052 1957 rapiat,

483 1986 707 2053 suisque
760 1982 962 2037 catulis
996 1984 1403 2039 accommodam
1446 1982 1611 2037 faciat
1645 1980 2062 2036 habitationem.

480 2068 598 2127 Non
621 2074 876 2127 dormitet
903 2074 1167 2128 adversus
1184 2072 1440 2128 elfrenem
1459 2074 1601 2129 illius
1619 2073 1899 2127 audaciam
1927 2072 2065 2126 luci-

483 2169 741 2221 tlissimus
773 2181 837 2220 ac
867 2167 1250 2236 insoporabilis
1276 2167 1468 2222 oculus
1501 2177 1644 2221 tuus.
1675 2165 1877 2221 Noscat
1904 2178 2064 2233 quem

466 2260 798 2324 ~0lTendet'it,
845 2265 900 2311 et
951 2260 1003 2311 in
1034 2273 1200 2327 quem
1240 2270 1409 2312 oestro
1445 2258 1731 2325 impotenti
1774 2255 2067 2310 bacchatus

488 2352 587 2405 sit,
604 2349 861 2403 Pastores
884 2349 1128 2416 luporum
1151 2349 1547 2401 immanitatem
1572 2343 2065 2402 convertit.0vium

487 2442 679 2495 faciles
726 2439 959 2503 animos,
995 2448 1052 2492 ut
1104 2439 1171 2492 iis
1219 2439 1596 2507 obsequantur
1654 2439 1743 2508 qui
1794 2437 1931 2493 bene
1980 2449 2068 2490 re»

487 2538 621 2604 gu‘nt
660 2548 721 2586 ac
784 2541 1074 2600 praesunt,
1137 2544 1202 2584 ac
1257 2531 1311 2584 in
1370 2530 1748 2586 ἱιιοὺεάίειιιίιε
1799 2522 2064 2583 feritatem

482 2623 770 2691 compulit.
796 2624 880 2676 Ab
904 2623 1021 2692 ejus
1048 2635 1235 2676 errore
1257 2636 1474 2690 gregem
1525 2620 1721 2686 libera,
1758 2621 1849 2689 qui
1878 2633 1938 2674 se
1991 2618 2067 2672 illi

485 2716 718 2769 necdum
769 2712 1042 2783 adjunxit,
1074 2713 1456 2766 remissionem
1521 2727 1550 2765 a
1594 2710 1755 2766 malis
1798 2709 2064 2773 obtineat,

486 2814 712 2859 eruatur
785 2817 817 2855 a
863 2802 1141 2871 periculis.
1182 2799 1431 2855 Dextera:
1485 2798 1909 2869 tumtpossessio
1946 2807 2064 2862 est;

481 2910 558 2951 ne
580 2896 668 2961 iis,
691 2909 896 2964 quaeso,
929 2893 1084 2947 cedat
1121 2893 1173 2946 iu
1203 2878 1443 2962 praedam
1464 2892 1555 2960 qui
1606 2892 1777 2960 ipsam
1821 2896 2069 2959 quaerunt

489 2990 779 3043 deici-are.
814 2984 924 3038 Ncs
948 2998 1129 3037 autem
1161 2983 1254 3052 qui
1298 2983 1350 3035 in
1388 2991 1479 3035 tua
1521 2995 1620 3034 nos
1656 2980 1859 3050 judicia
1886 2977 2067 3047 proje-

2168 1892 2349 1965 ζητῶν
2374 1891 2644 1964 ἁρπάσαι,
2676 1891 2905 1953 καὶτοῖς
2938 1890 3133 1944 ἑαυτοῦ
3174 1889 3437 1963 σκύμνοις
3468 1894 3762 1963 ἑτοιμάσαι

2166 1980 2388 2052 δαψιλὲς
2416 1983 2734 2052 οἰκητήριον
2752 1996 2766 2009 ·
2804 1980 2881 2050 μὴ
2902 1980 3320 2045 ὲπινυσταξάτω
3351 1981 3495 2035 κατά
3529 1982 3634 2053 τῆς
3658 1983 3761 2035 αὖ-

2166 2076 2260 2130 τοῦ
2285 2072 2589 2146 τολμηρίας
2616 2074 2644 2126 ό
2674 2073 2942 2144 παμφαής
2972 2089 3066 2125 σου
3092 2074 3193 2126 καὶ
3220 2072 3525 2144 ἀκοίμητος
3555 2075 3763 2144 ὀφθαλ-

2170 2168 2270 2241 μός
2288 2184 2304 2198 ο
2329 2167 2544 2236 γνώτω,
2577 2165 2683 2218 τίνι
2712 2164 3183 2234 προσκέκρουκεν,
3212 2166 3307 2219 καὶ
3338 2166 3476 2237 πρὸς
3500 2165 3561 2219 δν
3584 2168 3760 2234 ἀκρα-

2168 2256 2275 2320 τῶς
2316 2254 2742 2327 πεπαρῴνηκεν.
2784 2256 2880 2318 Ei;
2918 2254 3101 2309 λύκων
3135 2255 3432 2327 θηριωδίαν
3468 2256 3600 2320 τοὺς
3633 2274 3760 2311 ποι-

2170 2348 2340 2419 μένας
2390 2345 2749 2417 μετήμειψεν,
2798 2346 2898 2415 τὴν
2947 2347 3085 2416 πρὸς
3131 2347 3261 2411 τοὺς
3289 2346 3476 2411 καλῶς
3524 2347 3760 2416 ἄγοντας

2166 2438 2275 2492 τῶν
2324 2437 2614 2509 προϐάτων
2662 2436 2976 2491 εὐπείθειαν
3030 2438 3167 2509 πρὸς
3215 2438 3502 2503 ἀπειθείας
3558 2439 3759 2510 ήλασεν

2166 2528 2498 2599 ἀχρειότητα
2517 2544 2531 2558 ·
2559 2526 2808 2598 ἅρπασον
2830 2527 2933 2598 τῆς
2963 2527 3131 2581 αὐτοῦ
3146 2528 3377 2600 πλάνης,
3396 2530 3458 2582 τὸ
3486 2528 3564 2600 μὴ
3589 2547 3761 2603 προσο

2167 2619 2321 2672 τεθὲν
2353 2617 2503 2689 αὐτῷ
2531 2618 2815 2690 ποίμνιον·
2860 2618 3113 2689 ἀνεθήτω
3168 2619 3279 2672 τῶν
3339 2619 3552 2685 δεινῶν,
3579 2621 3758 2675 ἀπαλ-

2166 2708 2389 2779 λαγήτω
2411 2707 2518 2760 τῶν
2549 2707 2849 2778 δυσχερῶν.
2879 2709 2993 2778 Τῆς
3024 2708 3126 2779 σῆς
3164 2710 3350 2781 χειρός
3383 2711 3500 2764 ἑστι
3521 2697 3756 2782 ⁵κτῆμα⁸

2173 2798 2248 2871 μή
2277 2801 2390 2861 τοῖς
2425 2801 2718 2852 καταπιεῖν
2750 2798 2972 2869 ζητοῦσι
3015 2799 3230 2866 γένοιτο
3283 2800 3529 2873 θήραμα.
3582 2803 3762 2875 Ἠμᾶς

2168 2888 2223 2941 δὲ
2262 2890 2373 2953 τοῖς
2416 2891 2530 2951 σοῖς
2568 2888 2794 2951 ἑαυτοὺς
2836 2888 3236 2960 ὲπιρῤίψαντας
3284 2892 3547 2962 κρίμασι,
3609 2911 3761 2965 χειρο

2171 2979 2454 3050 αγωγοίης
2484 2979 2581 3031 καὶ
2616 2978 2871 3049 ὁδηγοίης
2901 2980 3196 3048 ὃποιφίλον
3227 2983 3293 3052 τῇ
3327 2984 3393 3053 σῇ
3424 2984 3762 3056 κυϐερνήσει

482 3081 683 3141 cimus,
719 3092 880 3130 manu
909 3078 1076 3129 ducas
1099 3091 1164 3127 ac
1191 3075 1396 3144 dirigas
1436 3086 1543 3142 quo
1565 3070 1930 3140 gubernatrici
1964 3080 2065 3124 tua:

2174 3071 2529 3141 παρίσταται.
2554 3069 2675 3140 Τήν
2706 3069 2829 3140 βίαν
2857 3072 3012 3142 ὁρᾷς,
3041 3073 3195 3143 ὅσην,
3226 3072 3401 3144 Κύριε
3421 3091 3436 3104 ·
3473 3074 3551 3147 μὴ
3576 3078 3680 3146 τῆς
3703 3075 3763 3143 ἐξ

477 3167 1053 3241 ,υτονὶιιοιιιίωνίευιη
1114 3164 1295 3218 fuerit.
1353 3163 1532 3227 Vides,
1586 3162 1836 3235 Domine,
1866 3168 2065 3230 quanta

2175 3163 2344 3233 αὐτῆς
2389 3161 2753 3233 ἐγγινομένης
2793 3162 3117 3233 ἀντιδόσεως
3148 3165 3297 3235 ἡμᾶς
3329 3166 3758 3235 ἀποκλείσειας,

474 3257 938 3313 ιιιοὶιίε-νὶοιειιιίο
978 3255 1297 3309 incumbat:
1333 3267 1420 3317 ne,
1453 3253 1701 3315 obsecro,
1745 3268 1775 3305 a
1831 3250 2068 3304 retribu-

501 3351 669 3414 tione,
692 3363 813 3417 quae
845 3362 910 3400 ex
939 3345 1028 3399 illa
1053 3354 1159 3410 cst,
1192 3359 1290 3398 nos
1319 3343 1600 3398 excludas.
1633 3341 1711 3396 Ne
1739 3342 1885 3396 velut
1910 3343 2072 3411 impeo

484 3441 634 3494 .ritos
658 3440 941 3506 minusque
961 3436 1189 3490 solertes
1220 3446 1469 3505 pastores
1495 3449 1693 3504 arguas
1721 3451 1734 3488 :
1768 3446 1907 3486 unus
1926 3432 2068 3490 enim

497 3532 752 3599 solusque
800 3544 881 3595 es,
911 3529 1000 3583 cui
1048 3539 1106 3582 ut
1140 3531 1416 3597 sapienter
1459 3529 1716 3597 omnique
1769 3526 2071 3596 prudentia:

494 3626 656 3678 laude
688 3633 839 3690 regat
874 3636 937 3675 ac
983 3629 1546 3688 pascat,.concessum
1584 3628 1684 3673 est.
1724 3618 1801 3674 Ne
1842 3618 2071 3687 pigritiae

472 3716 1119 3781 .damuemur,tanquam
1151 3713 1231 3765 illi
1252 3712 1420 3765 dediti
1472 3712 1622 3764 utilia
1664 3712 1927 3765 doctrina:
1955 3708 2072 3778 pri-

488 3805 1113 3874 milivzeprodidcrimus
1134 3817 1150 3868 ;
1175 3812 1437 3871 quantum
1467 3801 1610 3855 enim
1638 3817 1732 3872 per
1755 3801 2071 3856 facultatem

475 3901 645 3955 licuit
667 3898 865 3953 collata
895 3910 1085 3966 opera,
1118 3896 1234 3948 haec
1288 3908 1507 3963 quoque
1547 3893 1666 3960 tibi,
1705 3891 2071 3963 primogeuilo

482 3993 665 4049 oruttis
693 3998 979 4054 creatura,
1016 3987 1358 4042 servavimus
1403 3986 1593 4041 illaesa.

556 4103 647 4156 71.
679 4089 808 4155 Vale
858 4099 1012 4162 mihi,
1047 4097 1271 4166 Sephia,
1302 4095 1459 4152 Verbi
1507 4096 1677 4152 divini
1726 4096 1920 4151 durum
1978 4094 2073 4150 fir-

471 4208 744 4261 unumque
817 4193 1102 4260 perspicue
1174 4189 1501 4255 delubrum;
1554 4201 1719 4243 recta:
1786 4189 1911 4242 ﬁdei
1970 4188 2070 4243 tibi

470 4287 723 4342 .claustra
757 4284 998 4351 impono,
1032 4296 1152 4357 quae
1202 4279 1364 4333 nullis
1411 4294 1649 4348 unquam
1693 4279 2069 4334 hareticorum

472 4379 736 4433 Ivectibus
786 4375 1187 4440 iul‘rangantur.
1243 4370 1363 4425 Tibi
1411 4370 1642 4425 sincera:
1709 4370 2070 4425 confessiOuis

2175 3244 2250 3327 μὴ
2280 3255 2356 3319 ὡς
2382 3254 2648 3325 ἀπείρους
2691 3254 2786 3308 καὶ
2834 3255 3105 3319 ἀσκεύους
3139 3257 3409 3327 ποιμένας
3439 3259 3725 3327 ὲλὲγξειας
3744 3278 3761 3293 ’

2174 3344 2257 3397 σοὶ
2275 3344 2384 3415 γάρ
2416 3343 2561 3414 μόνῳ
2582 3344 2643 3396 τὸ
2672 3345 2868 3416 ὲπιστη
2879 3344 3114 3415 μονικῶς
3141 3347 3297 3414 ἄγειν
3323 3349 3418 3400 καὶ
3443 3350 3764 3420 ποιμαίνειν

2171 3435 2542 3505 κεκλήρωται.
2564 3434 2657 3505 Μὴ
2676 3435 2949 3506 ρᾳθυμίαν
2971 3436 3332 3508 κατακριθείη
3341 3454 3463 3508 μεν,
3486 3439 3565 3500 ὠς
3587 3440 3762 3512 ταύτῃ

2172 3527 2462 3599 προδόντες
2506 3527 2574 3581 τὰ
2616 3527 2717 3598 τῆς
2768 3526 3119 3593 διδασκαλίας
3186 3528 3424 3600 βιωφελῆ
3475 3547 3763 3603 πρωτοτοο

2172 3624 2297 3674 κεῖα
2318 3635 2332 3649 ο
2379 3623 2445 3692 τῇ
2487 3621 2598 3691 γὰρ
2635 3619 2779 3673 κατὰ
2822 3619 3054 3691 δύναμιν
3084 3625 3429 3694 ,συνεισφορᾷ
3463 3625 3562 3679 καὶ
3588 3625 3763 3682 ταῦτά

2173 3728 2291 3779 σοι,
2321 3711 2400 3783 τῷ
2451 3711 2786 3784 πρωτοτόκῳ
2826 3713 3008 3782 πάσης
3044 3715 3146 3785 τῆς
3188 3714 3448 3784 κτίσεως,
3494 3717 3764 3789 autem:

2172 3801 2582 3874 τετηρήκαμεν.

2242 4099 2339 4149 οα’.
2384 4093 2556 4166 Χαῖρέ
2602 4109 2715 4161 μοι,
2744 4092 2939 4162 Σοφία,
2972 4093 3032 4147 τὸ
3058 4091 3152 4147 τοῦ
3197 4093 3345 4148 θείου
3372 4093 3538 4163 λόγου
3572 4096 3765 4167 σαφῶς

2170 4184 2492 4256 ἀμείλικτον
2524 4184 2770 4254 τέμενος,
2802 4186 2885 4237 σοὶ
2911 4184 2980 4237 τὰ
3005 4184 3107 4254 τῆς
3132 4185 3443 4258 όρθοδοξίας
3473 4186 3765 4258 ἐπιτίθημι

2173 4277 2433 4349 κλεῖθρα,
2485 4278 2706 4348 μοχλοῖς
2750 4277 3138 4348 αἱρετιζόντων
3162 4277 3426 4349 οὐδαμῶς
3472 4280 3763 4351 συντριϐό-

2176 4385 2335 4439 μενα.
2367 4368 2481 4436 Σοὶ,
2521 4372 2589 4439 τῇ
2628 4370 2885 4440 σφραγῖδι
2923 4370 3024 4439 τῆς
3051 4369 3383 4440 εἰλικρινοῦς
3427 4371 3759 4441 ὁμολογίας,

470 4466 666 4536 -sigillo
714 4463 983 4525 munitae,
1026 4459 1249 4514 Patrum
1303 4461 1521 4514 decreta
1563 4470 1621 4513 ut
1659 4461 2065 4528 concrederem,

2171 4460 2240 4513 τὰ
2268 4460 2377 4513 τῶν
2408 4461 2669 4531 Πατέρων
2701 4451 3143 4530 ἀσφαλισάμενος
3174 4461 3426 4532 δόγματα
3448 4504 3464 4529 ,
3518 4479 3762 4517 καταπι-

470 4569 667 4625 .operaa
707 4554 937 4621 pretium
993 4552 1145 4614 duxi,
1173 4566 1295 4621 qua:
1333 4552 1494 4608 nullae
1545 4568 1783 4623 unquam
1839 4553 2073 4609 violave-

474 4644 598 4696 n-int
623 4641 998 4694 lucreticorum
1036 4641 1263 4695 ιοοιιιια).
1301 4638 1457 4707 Vale,
1485 4643 1620 4697 mihi
1649 4643 1846 4698 dilecta
1879 4644 2068 4699 cathe-

469 4734 609 4799 κίνει,
641 4746 802 4800 quam
860 4731 964 4784 nisi
1013 4731 1068 4786 vi
1098 4734 1328 4788 adactus
1477 4739 1480 4743 ’
1515 4736 1837 4802 conscendi,
1872 4750 1903 4790 a
1961 4751 2066 4807 qua

470 4840 633 4879 .izuuc
682 4824 815 4878 cedo
860 4824 908 4876 vi
962 4824 1151 4890 majori
1180 4825 1458 4895 depulsus.
1495 4826 1709 4895 Valete,
1762 4838 2063 4901 martyrum

466 4915 726 4970 alivinam
770 4915 1023 4967 virtutem
1058 4916 1330 4983 spirantes
1367 4916 1853 4986 tumuli,:edcsque
1873 4932 2064 4985 sacrm,

468 5004 813 5075 tcvaugelicis
883 5003 1072 5072 ﬁguris
1123 5017 1178 5058 et
1231 5007 1628 5071 certaminum,
1685 5008 1881 5077 quibus
1939 5016 2069 5064 sunt

469 5095 780 5162 .defunctis,
829 5096 1077 5151 historiis
1127 5097 1509 5163 exornatae,iu
1560 5112 1698 5166 quas
1748 5098 1928 5153 insani
1964 5101 2064 5154 hoc

471 5188 661 5242 anines
719 5187 980 5257 profanas
1032 5187 1252 5257 quidem
1300 5202 1495 5243 manus
1572 5188 1851 5260 iujicienl;
1918 5191 2064 5246 haud

473 5291 666 5333 damen
697 5280 1098 5349 impendentem
1132 5281 1235 5335 sibi
1272 5282 1340 5336 ab
1375 5282 1573 5337 invicta
1604 5283 1696 5338 Dei
1739 5298 1904 5338 manu
1933 5283 2063 5339 sub-

386 5412 391 5419 .
480 5370 779 5441 terfugient
814 5372 1095 5427 ultionem.
1134 5373 1263 5429 Vale
1290 5385 1345 5428 et
1387 5385 1464 5439 lu,
1490 5373 1588 5430 Dei
1626 5391 1817 5447 magna
1847 5374 2061 5441 civitas,

458 5473 545 5512 Δία
600 5470 867 5531 quotquot
916 5464 968 5517 iu
1030 5473 1082 5519 te
1141 5479 1288 5519 same
1344 5465 1780 5520 ortbodoxorum
1839 5463 2061 5521 Patrum

548 5705 585 5751 ει
612 5706 696 5763 An
732 5708 1221 5783 ἑγκαλυνδούμενοι
1252 5712 1335 5766 vel
1369 5711 1872 5785 ὲγκαλυπτόμενοι.

2171 4553 2400 4607 στεῦσαι
2432 4552 2613 4617 καλῶς
2654 4552 3107 4627 προτεθύμημαι,
3155 4554 3425 4625 μηδαμῶς
3454 4558 3576 4619 ταῖς
3606 4558 3763 4626 αἶρε-

2166 4647 2348 4706 τικαῖς
2373 4644 2759 4714 ἀντιστροφαῖς
2793 4643 3093 4714 πληθῆναι
3119 4645 3606 4719 δυνάμενα.Χαῖρὲ
3644 4666 3759 4718 μοι,

2167 4733 2441 4804 καθέδρα,
2472 4735 2558 4803 ἐφ’
2585 4732 2653 4804 ἣν
2702 4734 2806 4787 οὐκ
2832 4732 3113 4799 ἀϐιάστως
3161 4735 3392 4807 ἐπέϐην,
3441 4740 3540 4791 καὶ
3569 4734 3637 4810 ἦς
3666 4738 3764 4791 νῦν

2166 4827 2437 4907 ύποχωρῶ
2473 4826 2802 4898 βιαιότερον.
2833 4827 3096 4898 Χαίρετε,
3120 4830 3282 4898 σηκοὶ
3313 4829 3612 4903 μαρτύρων
3645 4831 3765 4885 θεά⁴

2172 4918 2393 4990 ληπτοι,
2422 4920 2539 4982 τοῖς
2577 4917 2959 4986 εὐαγγελικοῖς
2987 4919 3080 4972 καὶ
3098 4918 3412 4989 ἀθλητικοῖς
3441 4924 3764 4995 χαρακτῆρ-

2168 5027 2253 5064 σιν
2274 5009 2760 5081 ὲγκαλυνόμενοιιι,
2778 5005 2959 5080 ὲφόἷς
2981 5014 3030 5067 οἱ
3054 5013 3418 5085 ἀφραίνοντες
3439 5015 3762 5069 ὲπιϐαλοῦσι

2158 5106 2272 5176 ,μὲν
2303 5104 2565 5190 βεϐήλῼυς
2614 5108 2839 5178 χεῖρας,
2894 5107 2995 5178 οὐχ
3042 5107 3305 5177 ὑφελοῦσι
3351 5110 3409 5163 δὲ
3436 5109 3537 5181 τὴν
3569 5112 3635 5164 ὲκ
3665 5110 3764 5180 τῆς

2173 5198 2445 5267 ἀηττήτου
2514 5196 2696 5268 χειρὸς
2762 5198 2948 5262 αὐτοῖς
3000 5200 3399 5271 ἐπηρτημένην
3460 5202 3759 5256 ἀντίδοσιν.

2171 5287 2344 5358 Χαῖρε
2407 5290 2501 5341 καὶ
2555 5290 2639 5351 σὺ,
2682 5288 2820 5342 Θεοῦ
2877 5291 3212 5361 μεγαλόπολι
3245 5333 3261 5359 ,
3323 5294 3419 5347 καὶ
3485 5295 3602 5349 δσοι
3650 5297 3766 5360 τοῖς

2170 5378 2381 5446 ὑγιέσιν
2436 5381 2493 5432 ἐν
2539 5379 2623 5433 σοὶ
2666 5380 2762 5434 καὶ
2807 5381 3101 5454 [ἰατρικοῖς
3147 5383 3760 5456 ἐπερείδονταιδόγμα-

2173 5484 2276 5533 σιν,
2311 5467 2405 5532 οὓς
2433 5473 2544 5533 τοῖς
2602 5469 2743 5524 Θεοῦ
2794 5474 2887 5527 καὶ
2929 5476 3043 5538 σοῖς
3087 5474 3442 5549 ὑποϐέϐληκα
3474 5478 3759 5551 πτέρυξιν,
