3980 6140
239 323 348 388 133

1775 312 1949 371 νιΤΑ
1962 357 1974 369 .

3418 305 3518 368 134

239 437 320 506 μή
360 452 414 489 τι
463 429 661 494 κακίας
719 428 918 499 πτερὸν
975 427 1256 496 ἀπαγάγοι
1307 426 1404 497 τῆς
1452 426 1546 496 σῆς
1583 424 1838 496 περιθὰλ-

1968 441 2201 496 Iuctrinac
2238 439 2527 502 inhaerent,
2558 433 2652 488 Dei
2710 433 2927 501 tuisque
2986 433 3183 500 pennis
3221 435 3519 505 subjectos,

236 528 412 598 ψεως.

313 701 415 771 οβ’.
451 697 610 751 Οὕτω
639 694 710 749 τὰ
754 694 857 765 τῆς
904 693 1164 764 εύκτικῆς
1199 692 1506 764 ίερολογίας
1537 693 1834 762 ἀνενέγκας

240 789 623 864 καρπώματα,
647 786 726 855 τῷ
759 786 965 858 φορείῳ
1008 787 1200 838 ἑαυτὸν
1231 785 1579 851 ἀποδίδωσιν,
1611 785 1707 837 καὶ
1733 786 1832 856 τὴν

241 884 330 951 ἐφ’
355 876 435 945 οἷς
463 879 616 946 ἄγειν
643 875 926 929 ἐϐούλοντο
952 875 1181 946 πορείαν
1206 877 1255 930 οἱ
1275 874 1515 944 βιασταὶ,
1546 874 1644 928 καὶ
1659 874 1830 940 ἄκων,

242 969 818 1028 ἐστέλλετο.Θάλασσα
845 968 902 1021 δὲ
932 970 1000 1023 τὰ
1026 969 1172 1022 νῶτα
1193 969 1395 1039 ἑαυτῆς
1433 967 1830 1037 ὑφαπλώσασα,

245 1066 465 1134 ἀκατίῳ
510 1063 603 1117 τὸν
648 1062 853 1116 δίκαιον
898 1061 1228 1132 ὑπεδέχετο,
1272 1062 1368 1114 καὶ
1397 1061 1534 1131 πρὸς
1582 1059 1682 1131 τὴν
1736 1061 1827 1113 ὑπ’

247 1157 419 1213 αὑτοῦ
471 1156 801 1228 δομηθείσαν
867 1154 1036 1226 μονὴν
1093 1152 1189 1206 τοῦ
1255 1151 1489 1221 Ἀγαθοῦ
1548 1153 1838 1222 παρεπέμ-

246 1269 406 1304 πετο.
450 1251 539 1305 Ἑν
635 1249 833 1320 μικρόν
859 1265 981 1300 τινα
1022 1246 1445 1317 προσδιατρίψαι
1476 1247 1670 1317 χρόνον
1700 1263 1836 1315 συγ-

246 1343 546 1413 χωρηθεὶς,
597 1340 754 1402 αὖθις
786 1339 893 1392 ὑπὸ
945 1337 1054 1391 τῶν
1096 1340 1194 1408 τῆς
1258 1337 1380 1407 βίας
1439 1337 1680 1407 εὑρετῶν
1737 1337 1836 1390 ἐπὶ

248 1435 352 1506 τὴν
397 1432 735 1502 πορρωτέρω
775 1429 1034 1498 κειμένην
1061 1429 1157 1481 καὶ
1198 1429 1289 1482 ὑπ’
1334 1428 1500 1480 αὑτοῦ
1531 1427 1840 1498 ἱδρυθεῖσαν

253 1524 414 1595 ἱερὰν
454 1521 622 1593 μονὴν
650 1519 744 1573 τοῦ
785 1519 1024 1589 μεγάλου
1059 1519 1336 1590 μάρτυρος
1387 1517 1665 1589 Θεοδώρου
1702 1517 1830 1588 μεθ-

253 1616 501 1669 ίσταται·
527 1615 587 1666 οὐ
619 1612 726 1682 γὰρ
756 1612 949 1682 ἔφερον
974 1612 1101 1682 ἄγχι
1133 1628 1210 1681 πη
1238 1611 1480 1682 καθορᾷν
1509 1613 1605 1682 τῆς
1631 1611 1840 1665 ἑαυτῶν

252 1706 545 1778 βδελυρίας
581 1703 976 1774 κατῳκημένον
1020 1703 1114 1756 τὸν
1138 1701 1368 1757 δίκαιον.
1397 1702 1682 1755 Στέλλεται
1711 1700 1842 1771 γοῦν

252 1800 348 1853 ἐπὶ
376 1797 554 1868 τούτῳ
586 1795 820 1866 Βάρδας,
861 1795 890 1847 ό
921 1793 1015 1846 τοῦ
1050 1793 1282 1857 Λέοντος
1327 1793 1545 1863 ἀνεψιὸς
1574 1794 1843 1846 οἰκειότα-

251 1909 347 1957 τος
366 1905 383 1922 ⁶
408 1891 468 1954 ὃς
497 1888 591 1942 ἐπὶ
619 1886 712 1940 τοῦ
738 1885 907 1940 τόπου
948 1884 1267 1954 γενόμενος,
1310 1885 1407 1938 καὶ
1440 1886 1540 1955 τῆς
1573 1885 1700 1954 νηὸς
1724 1885 1840 1935 ἑπι-

254 1986 383 2048 ϐὰς,
421 1982 519 2036 καὶ
566 1979 812 2049 καθέδρᾳ
851 1977 1182 2048 ὲφιδρυθεὶς,
1209 1976 1300 2029 τὸν
1348 1977 1521 2046 μέγαν
1579 1974 1844 2045 ἱεράρχην

1947 528 2164 586 custodi
2210 545 2279 584 ne
2329 542 2437 597 qua
2481 525 2723 594 nequitia
2761 522 2986 588 involet,
3022 531 3228 594 eosque
3253 539 3283 579 a
3320 535 3410 581 tua
3444 530 3524 584 fo-

1942 621 2119 674 ventis
2148 633 2280 673 cura
2308 619 2561 672 abducat.
2711 668 2716 670 _
3086 636 3091 640 ·

2013 709 2100 763 72.
2136 708 2288 762 llunc
2327 708 2380 761 in
2419 708 2635 762 modum
2665 719 2836 760 sacrae
2869 704 3200 774 precationis
3229 706 3521 763 holocaus-

1941 810 2148 856 tomate
2198 801 2402 864 oblato,
2439 814 2559 854 sese
2595 798 2804 854 lecticae
2841 795 3177 852 eﬁ‘erendum
3219 801 3384 855 traJit
3411 801 3515 872 (e);

1935 908 2044 962 quo
2096 891 2318 946 violenti
2377 890 2616 958 saavique
2669 891 2926 943 ductores
2953 889 3226 944 voluerint
3278 892 3518 955 trahere,

1935 983 2244 1048 eo,invitus
2281 981 2555 1050 quamvis,
2591 979 2962 1046 profecturus.
2986 979 3141 1033 Mare
3179 995 3311 1033 vero
3358 982 3521 1034 dorsa

1936 1075 2210 1143 explicans
2235 1073 2286 1126 in
2320 1072 2484 1125 lintre
2516 1069 2729 1139 excepit
2755 1068 2982 1136 justum,
3006 1072 3074 1122 ad
3106 1072 3520 1134 monasterium,

1936 1165 2078 1233 quod
2143 1166 2612 1233 ipseerstruxerat
2695 1158 2829 1213 Boni
2887 1160 3149 1224 nomine,
3191 1160 3517 1229 ablegatum.

1937 1255 2052 1310 Illic
2085 1256 2277 1309 breves
2312 1268 2498 1308 moras
2551 1250 2852 1320 permissus
2899 1264 3082 1320 agere,
3114 1250 3180 1303 ab
3232 1249 3374 1303 illius
3403 1250 3518 1303 vio-

1938 1346 2119 1402 lentia:
2150 1345 2488 1409 auctoribus,
2518 1345 2569 1397 in
2598 1341 2986 1396 monasterium
3021 1341 3235 1408 longius
3267 1342 3519 1395 dissitum

1938 1446 1993 1492 et
2042 1437 2212 1506 ipsius
2259 1450 2476 1505 quoque
2519 1443 2864 1504 exstructum
2917 1446 3105 1498 opera,
3141 1433 3320 1501 magni
3375 1446 3523 1484 mar-

1940 1529 2076 1599 tyris
2129 1526 2424 1590 Theodori,
2469 1524 2836 1593 transportari
2886 1523 3132 1592 iubetur.
3178 1522 3332 1577 llatid
3377 1522 3524 1577 enim

1941 1618 2225 1675 ferendum
2289 1619 2554 1688 putabant
2610 1624 2668 1670 ut
2711 1616 2891 1669 vicina
2939 1616 3182 1683 ipsorum
3232 1614 3524 1668 dementia:

1940 1711 2059 1766 loca
2093 1710 2274 1780 justus
2315 1708 2564 1763 habitare
2607 1707 3044 1775 conspiceretur.
3078 1706 3287 1759 Bardan
3336 1708 3520 1773 itaque

1943 1802 2142 1856 Leonis
2186 1799 2577 1854 consobrinum
2625 1804 2680 1850 et
2727 1796 3215 1849 familiarissimum
3267 1795 3335 1848 ad
3371 1793 3531 1848 Nice-

1943 1894 2178 1963 phorum
2217 1891 2518 1954 destinant,
2551 1888 2642 1954 qui
2695 1900 2993 1941 conscensa
3043 1901 3179 1939 nave
3228 1885 3293 1939 ad
3320 1928 3325 1938 ..
3353 1885 3529 1936 locum

1945 1983 2230 2048 deductus,
2281 1995 2406 2035 cum
2458 1978 2690 2034 sedisset
2742 1978 2797 2032 in
2857 1977 3139 2038 cathedra,
3171 1985 3225 2029 et
3275 1989 3533 2043 magnum

256 2071 398 2140 πρὸς
437 2066 633 2120 ἑαυτὸν
680 2064 1033 2130 ἐξεκαλεῖτο,
1094 2065 1190 2117 καὶ
1219 2059 1340 2118 εἶτα
1375 2065 1485 2118 τῶν
1533 2064 1847 2134 δορυφόρων

1968 2071 2240 2126 intistitent
2268 2083 2451 2124 coram
2495 2083 2559 2122 eo
2583 2067 2664 2121 sui
2698 2066 2978 2121 stetissent
3016 2065 3302 2128 satellites,
3335 2078 3402 2118 ne
3428 2064 3534 2117 ini-

257 2163 346 2214 ὲπ’
369 2159 559 2230 ὕψεσιν
585 2157 752 2210 αὐτοῦ
783 2156 1004 2210 ἑστάναι
1031 2154 1222 2208 τοῦτον
1253 2153 1665 2224 ἁμιλλωμένων,
1690 2153 1843 2206 οὐδὲν

257 2251 422 2313 αὐτὸς
446 2249 583 2320 πρὸς
612 2251 673 2301 τὸ
701 2247 966 2318 ἐράσμιον
989 2242 1091 2318 τῆς
1116 2248 1269 2318 ἱερᾶς
1297 2247 1598 2316 παρουσίας
1627 2246 1845 2315 ἐκείνης

257 2338 549 2401 εὐλαϐείας
589 2335 814 2401 διέδειξε
857 2336 1186 2407 πρόσχημα,
1222 2336 1364 2402 οὐδὲ,
1393 2337 1441 2389 εἰ
1484 2337 1560 2408 μή
1602 2355 1653 2390 τι
1683 2336 1843 2402 ἄλλο,

215 2488 220 2492 _
257 2431 362 2500 τὴν
401 2428 782 2498 παροιμιακὴν
814 2427 1142 2498 ὲδυσωπήθη
1171 2428 1520 2499 παραίνεσιν,
1551 2430 1669 2500 τὴν,
1709 2447 1728 2481 ι
1753 2429 1848 2482 Ἐκ

260 2519 561 2592 προσώπου
577 2518 765 2572 πολιοῦ
781 2517 1148 2592 ἐξαναστήσῃ,
1163 2539 1183 2572 ›
1204 2521 1383 2589 σοφῶς
1399 2521 1844 2590 διαγγέλλουσαψ

260 2611 438 2683 ἀπρὶξ
462 2612 518 2664 δὲ
545 2611 724 2680 εἴχετο
752 2613 852 2680 τῆς
882 2609 1175 2681 καθέδρας.
1217 2611 1276 2664 '0
1298 2612 1356 2664 δὲ
1383 2612 1482 2675 τὰς
1513 2612 1608 2665 τοῦ
1633 2614 1847 2666 νεανίου

261 2701 472 2772 φρένας
509 2699 834 2770 ὲωρημένας
878 2697 1022 2752 κατὰ
1072 2698 1172 2769 τὴν
1209 2700 1428 2770 ποίησιν
1467 2699 1694 2766 ύπιδὼν,
1723 2701 1854 2755 ἄλλο

265 2792 367 2863 μὲν
413 2791 591 2854 οὐδὲν,
637 2787 794 2864 τοῦτο
840 2789 898 2841 δὲ
934 2789 1071 2858 πρὸς
1128 2789 1292 2842 αὐτὸν
1348 2788 1732 2859 ἐπεφώνησεν·
1781 2786 1853 2843 Ὦ

260 2879 403 2934 καλὲ
449 2879 657 2949 Βάρδα,
693 2876 864 2946 γνῶθι
896 2880 1016 2940 ταῖς
1067 2877 1378 2948 ἀλλοτρίαις
1411 2882 1720 2950 συμφοραῖς
1755 2880 1854 2943 τὰς

264 2970 469 3025 ἑαυτοῦ
519 2969 702 3032 καλῶς
753 2968 1120 3023 διατίθεσθαι·
1179 2971 1274 3023 καὶ
1331 2970 1502 3023 ταῦτα
1553 2970 1724 3025 εἰπὼν
1785 2973 1854 3042 τῇ

265 3059 438 3133 βουλῇ
469 3058 578 3110 τῶν
607 3057 851 3125 ἀγόντων
882 3057 1074 3110 ἑαυτὸν
1099 3058 1427 3113 ἐπιδίδωσιν.
1465 3060 1530 3111 Ὢ
1557 3061 1654 3130 τῆς
1675 3059 1857 3131 διορα-

265 3154 431 3227 τικῆς
476 3147 570 3202 τοῦ
600 3149 873 3215 παναγίου
906 3147 1099 3219 ἀνδρὸς
1131 3148 1526 3219 καθαρότητος,
1563 3152 1630 3204 τὰ
1665 3152 1859 3222 πόρρω

270 3240 583 3314 βλεπούσης
614 3227 926 3308 ἐγγίζοντα,
953 3240 1048 3292 καὶ
1073 3240 1416 3310 συναγούσης
1447 3243 1562 3305 τοῖς
1597 3242 1858 3296 ἐνεστῶσι

268 3335 340 3387 τὰ
369 3329 668 3404 μέλλονταί
701 3329 776 3381 Οὐ
808 3330 918 3398 γὰρ
945 3328 1214 3398 ἀγχίπους
1245 3331 1280 3399 ὴ
1324 3329 1448 3401 δίκη
1482 3331 1561 3401 τῷ
1596 3334 1702 3401 νέῳ
1733 3349 1858 3385 συν-

270 3424 484 3484 είπετο,
508 3420 716 3491 χρόνων
740 3417 798 3471 δὲ
826 3420 1131 3487 τετρακτὺς
1165 3418 1365 3490 μικροῦ
1421 3422 1858 3492 παριππεύσασα

272 3511 429 3581 αὒτῷ
469 3511 570 3580 τὴν
606 3508 895 3579 συμφορὰν
930 3509 1300 3582 ἀπεγέννησεν
1321 3525 1334 3542 ·
1366 3512 1460 3564 καὶ
1503 3511 1556 3565 εἴ
1583 3530 1659 3582 τῳ
1705 3513 1857 3582 φίλον

272 3607 343 3660 τὰ
393 3602 519 3673 περὶ
562 3600 758 3654 τούτου
799 3599 998 3663 τελέως
1039 3601 1459 3668 πιστώσασθαι,
1516 3603 1864 3669 ἑντευξάσθω

1948 2163 2094 2216 nitna
2141 2161 2359 2229 quidem
2409 2157 2730 2214 reverentiae
2786 2157 2941 2224 signa
2987 2158 3054 2210 ad
3098 2156 3386 2210 amabilem
3427 2152 3534 2209 viri

1948 2251 2089 2305 sacri
2114 2250 2355 2305 ostendit
2377 2251 2704 2316 adventum;
2739 2251 2831 2303 sed
2863 2247 3223 2316 proverbialis
3261 2247 3402 2300 illius
3434 2247 3531 2299 ad-

1950 2339 2270 2393 monitionis
2324 2337 2523 2392 oblitus
2579 2313 2878 2398 rationem,
2902 2349 3008 2402 qua
3061 2335 3335 2402 sapienter
3382 2333 3539 2402 jube—
3599 2313 3612 2326 ’

1950 2447 2073 2486 mur
2105 2432 2172 2485 ad
2216 2429 2340 2484 cani
2402 2429 2599 2497 capitis
2652 2435 3004 2496 conspectum
3041 2439 3354 2493 assargere,
3390 2424 3539 2478 velut

1954 2519 2073 2574 sedi
2108 2533 2218 2572 suae
2245 2517 2384 2571 lixus
2408 2517 2670 2572 haerebat.
2695 2514 2743 2568 Is
2775 2531 2938 2584 porro
2972 2513 3381 2581 elatosjuvenis
3414 2512 3538 2566 ani-

1954 2625 2074 2665 mos
2105 2610 2344 2675 intuens,
2367 2609 2500 2662 nihil
2538 2608 2680 2661 aliud
2707 2608 3006 2661 nisisunum
3041 2607 3140 2658 hoc
3173 2606 3244 2658 illi
3275 2605 3541 2658 acclama-

1952 2701 2032 2754 vit
2068 2717 2081 2752 :
2119 2700 2163 2755 Ο
2202 2700 2341 2753 bone
2382 2698 2587 2752 Bardal
2613 2711 2677 2752 ex
2702 2697 2893 2751 alienis
2941 2696 3370 2757 calamitatibus,
3419 2707 3540 2750 tuas

1955 2791 2074 2860 ipse
2100 2804 2199 2858 pro
2235 2803 2301 2844 eo
2327 2805 2391 2842 ac
2422 2791 2597 2852 decet,
2629 2788 2772 2842 ferre
2803 2788 3057 2850 noveris;
3092 2800 3267 2853 eoque
3294 2786 3440 2838 dicto
3473 2800 3534 2838 se

1957 2881 2324 2946 trahentibus,
2353 2894 2461 2948 quo
2490 2880 2709 2944 vellent,
2744 2879 2942 2932 ducere
3005 2879 3278 2947 permisit.
3329 2875 3374 2930 Ο
3415 2891 3539 2942 per.-

1953 2975 2378 3044 spicacissimam
2393 2970 2757 3024 sanctissima:
2810 2968 3008 3022 mentis
3032 2967 3390 3022 munditiem?
3421 2981 3542 3036 qum

1960 3061 2120 3130 longe
2145 3072 2329 3116 essent
2349 3077 2520 3130 prOpe
2542 3061 2946 3125 admoventem,
2983 3076 3048 3114 ac
3081 3060 3258 3112 l'utura
3302 3049 3542 3127 praesen-

1961 3154 2107 3208 tibus
2152 3161 2592 3208 connectentem.
2626 3149 2779 3206 Haud
2819 3153 2961 3206 enim
3020 3161 3262 3206 actutum
3290 3151 3542 3219 juvenem

1962 3245 2096 3298 ultio
2127 3243 2331 3314 attigit,
2363 3245 2458 3298 sed
2481 3243 2826 3312 quadriennii
2856 3241 2982 3312 (f-g)
3015 3243 3126 3296 fere
3159 3243 3334 3310 spatio
3350 3243 3540 3295 subse-

1964 3347 2091 3389 cuta
2123 3336 2490 3390 calamitatem
2540 3335 2776 3400 invexit;
2805 3350 2965 3404 quam
2999 3337 3043 3388 si
3095 3335 3218 3403 quis
3263 3333 3547 3401 explorate

1963 3443 2126 3482 nosse
2163 3430 2367 3496 cupiat,
2423 3430 2597 3482 virum
2643 3431 2835 3492 adeat;
2885 3427 3186 3496 vidensque
3237 3426 3548 3480 laborantes

1967 3521 2179 3584 oculos,
2209 3523 2444 3585 tristem,
2474 3536 2581 3590 quo
2606 3531 2866 3588 exceptus
2905 3527 3012 3583 est,
3043 3535 3231 3573 casum
3261 3519 3550 3588 palamque

1971 3611 2362 3680 deplorandum
2393 3613 2703 3681 perspiciet.
2730 3608 2931 3665 Verum
2979 3611 3094 3665 hate
3125 3611 3278 3665 satis.

273 3695 375 3751 τοῦ
408 3695 618 3764 ἀνδρὸς,
658 3692 755 3746 καὶ
789 3691 850 3744 τὸ
876 3692 1112 3764 πονηρὸν
1141 3695 1251 3746 τῶν
1289 3695 1466 3764 ὄψεων
1536 3697 1896 3769 ἐποψόμενος,
1934 3706 2036 3775 τὴν
2065 3708 2152 3760 ἐπ’
2181 3707 2332 3778 αὐτῷ
2391 3707 2678 3777 συμϐᾶσαν
2709 3705 3018 3777 τραγῳδίαν
3048 3705 3148 3774 οὐχ
3181 3705 3384 3774 ἥκιστα
3418 3717 3486 3772 τρ

280 3789 615 3860 νωθήσεται.
640 3786 750 3840 Καὶ
777 3785 906 3856 περὶ
939 3787 1038 3858 μὲν
1067 3788 1274 3843 τούτων
1304 3788 1441 3854 ἃλις.

1715 4005 1949 4065 CAPUT
1991 4007 2104 4064 XII.

699 4189 810 4245 Sub
836 4187 1338 4259 pseudopatriarcha
1389 4187 1801 4242 conciliabulum
1829 4186 2071 4255 impium.
2105 4184 2414 4240 Persecutio
2445 4156 2644 4253 gravis.
2674 4183 2940 4256 Imagines
2967 4205 3153 4245 erasae.

361 4375 468 4436 ογ’.
504 4367 659 4420 Λέων
700 4365 756 4418 δὲ
795 4363 929 4433 πρὸς
959 4363 1183 4434 ἔρευναν
1227 4361 1395 4414 λύκου
1430 4361 1632 4431 μᾶλλον
1675 4360 1708 4431 ἦ
1752 4376 1874 4413 ποι-

293 4462 459 4542 μένος
483 4457 680 4510 ἑαυτὸν
700 4455 1025 4524 διανίστησι,
1059 4454 1154 4506 καὶ
1182 4451 1370 4506 τοῦτον
1396 4452 1455 4504 οὐ
1491 4451 1659 4504 πολλὰ
1685 4449 1879 4520 καμὼν

285 4548 681 4613 είσοικίζεται,
717 4546 890 4616 ἄνδρα
923 4544 1184 4614 βιωτικῆς
1251 4543 1528 4614 μερίμνης
1570 4542 1843 4607 ἀπόζοντα
1865 4579 1883 4605 ,

361 4773 436 4846 (ε)
467 4766 1193 4846 Appendix'l‘heopltaniss
1220 4784 1239 4816 ι
1285 4765 1384 4832 Qui
1433 4763 1875 4846 missihtfn-erant,

286 4834 477 4900 lec‘ti'ia
515 4834 883 4910 patriai-chain
917 4834 1280 4910 abducentes,
1330 4836 1533 4910 medio
1573 4834 1705 4888 Μηῐὶ
1747 4835 1872 4910 [oro

291 4904 595 4973 steterunt,
623 4917 684 4960 ut
711 4923 833 4962 eum
859 4907 1087 4961 militum
1123 4907 1340 4973 quidam
1383 4905 1716 4958 occiderent.
1745 4904 1876 4957 Erat

2054 4359 2144 4413 75.
2174 4359 2285 4414 Leo
2315 4373 2476 4428 porro
2495 4358 2670 4428 potius
2692 4359 2758 4412 ad
2787 4361 3134 4427 quaerendum
3169 4361 3351 4430 lupum
3398 4377 3565 4431 quam
3640 4391 3646 4397 ο

1989 4460 2262 4520 pastorem
2288 4451 2671 4505 inveniendum
2717 4451 2985 4506 adhibens
3013 4453 3252 4506 animant
3283 4455 3358 4524 (it)
3417 4454 3567 4508 facili

1991 4554 2118 4596 eum
2149 4541 2366 4611 negotio
2395 4543 2601 4610 reperit
2634 4541 2844 4595 :virum
2875 4543 3086 4597 scilicet
3113 4545 3240 4598 vitae
3284 4545 3569 4599 saecularis

2059 4766 2137 4835 (Ii)
2176 4763 2235 4819 ln
2291 4765 2586 4834 appendice
2622 4765 2970 4835 Theophanis
3005 4767 3115 4822 haec
3145 4767 3264 4821 dein
3304 4770 3371 4822 ab
3401 4771 3572 4835 impe-

1985 4844 2171 4905 ratore
2204 4846 2353 4903 gesta
2390 4836 2700 4889 referuntur
2734 4855 2748 4889 :
2792 4855 2812 4887 ι
2854 4837 3008 4890 Mane
3042 4838 3277 4891 comitiis
3333 4840 3528 4892 habitis
3552 4877 3571 4905 ,

2005 4904 2151 4974 lilius
2207 4904 2526 4974 perditionis
2561 4907 2626 4958 ad
2671 4908 2922 4974 populum
2975 4922 3282 4960 sermonem
3334 4908 3518 4959 habuit
3549 4923 3572 4961 :

291 4997 458 5053 porro
517 4971 782 5053 profunda
827 4971 1292 5053 IIOX,_SOIILII_OQU6
1331 4973 1876 5053 cu_pctis_dcpressis
1921 4977 1966 5032 D
2001 4971 2243 5053 Videtis,
2272 4973 2520 5053 _fratres_,
2572 4985 2628 5028 ut
2671 4971 3000 5053 patriarcha
3053 4976 3278 5053 ecclesia
3314 4977 3573 5053 derelicta

296 5043 477 5108 nullus
519 5043 782 5115 'seipsum
829 5045 1050 5115 movit.“
1084 5043 1217 5097 Post
1277 5044 1509 5115 mediam
1560 5043 1754 5115 horam
1820 5043 1876 5096 in

293 5122 467 5182 nullo,
495 5113 727 5186 quorum
765 5124 882 5169 erat
928 5113 1209 5186 molimen,
1236 5114 1602 5186 proﬁcientes,
1641 5113 1885 5186 tulerunt

290 5205 418 5244 cum
455 5181 586 5242 inde
613 5197 666 5239 et
694 5187 748 5238 in
782 5200 962 5238 arcem
995 5183 1344 5236 abduxerunt
1389 5185 1658 5248 lintreque
1707 5181 1886 5250 impo-

296 5262 460 5312 situm
501 5268 654 5309 trans
685 5258 879 5308 fretum
909 5254 974 5306 ad
1000 5251 1377 5321 Chrysopolim
1412 5251 1705 5321 proiecere.
1746 5269 1764 5301 ›
1823 5250 1910 5304 In,

297 5329 420 5382 Vita
455 5324 744 5380 S.Nicet:e
787 5341 800 5376 :
838 5341 855 5375 ι
893 5323 1138 5388 Cumque
1186 5326 1253 5374 ad
1303 5320 1614 5386 Acropolim
1659 5321 1890 5374 descen-

296 5401 488 5460 disset,
521 5395 794 5462 navigium
821 5391 1158 5454 conscendit,
1182 5398 1236 5443 et
1269 5392 1416 5445 venit
1452 5393 1503 5445 in
1527 5405 1649 5445 eum
1683 5389 1888 5458 locum,

295 5470 349 5522 in
381 5465 721 5535 quem‘exsttl
751 5463 1066 5535 ducebatur.
1082 5529 1091 5535 _
1109 5478 1126 5508 ι
1334 5529 1346 5535 _
1478 5531 1490 5535 _
1650 5511 1687 5535 ἢ,

369 5528 490 5607 (f-g)
512 5605 519 5607 ν
539 5533 728 5607 Barda‘.
770 5532 927 5598 hujus
957 5529 1303 5607 marbumpt.
1334 5529 1608 5607 interitum
1633 5528 1890 5607 describit

297 5597 525 5660 manu
582 5604 635 5655 in
672 5602 786 5655 Vita
819 5597 990 5653 sancti
1035 5597 1304 5651 Theodori
1351 5598 1576 5655 Stutlita:
1606 5600 1746 5666 apud
1782 5599 1884 5652 Ba-

299 5679 510 5731 rouium
551 5677 616 5726 ad
643 5689 731 5725 an.
764 5671 887 5734 8:20,
924 5686 1046 5722 nunt
1074 5668 1107 5722 5
1137 5679 1187 5720 ct
1216 5682 1370 5736 seqq.

1997 5043 2328 5105 discesserit,
2374 5046 2514 5111 quod
2565 5060 2685 5098 cum
2722 5059 2787 5099 eo
2833 5046 2896 5098 de
2939 5045 3259 5113 imaginibus
3311 5044 3574 5099 fuerimus

1995 5113 2268 5176 collociiti,
2310 5125 2363 5166 et
2395 5114 2807 5180 exposuerimus
2859 5123 3078 5180 propter
3130 5127 3221 5166 eas
3249 5128 3277 5165 a
3308 5113 3576 5167 Gentibus

1993 5197 2094 5237 nos
2125 5183 2305 5253 alliigi.
2339 5181 2389 5235 ls
2413 5198 2542 5236 vero
2573 5184 2815 5250 responsi
2839 5181 3063 5253 cnngrui
3079 5183 3302 5253 penitus
3327 5185 3571 5253 ignarus.
3616 5204 3619 5205 ν

1999 5254 2071 5304 ita
2109 5252 2348 5320 praeceps
2392 5262 2444 5305 et
2475 5253 2628 5305 nobis
2673 5253 2956 5319 neglectis,
3003 5252 3158 5320 abiit.
3201 5253 3376 5305 Alium
3413 5252 3576 5318 igitur

1997 5319 2365 5388 patriarcham
2411 5320 2618 5373 institui
2653 5335 2876 5375 necesse
2909 5331 3011 5374 est.
3049 5319 3127 5373 lla
3162 5322 3418 5374 mentitus
3451 5337 3576 5388 per-

1997 5393 2167 5443 suasit
2196 5391 2388 5458 populo
2409 5392 2688 5444 abdicasse
2709 5405 2767 5443 se
2783 5391 3064 5457 dignitate.
3087 5388 3348 5445 Joannem
3373 5393 3579 5458 quippe

1998 5456 2277 5514 Pancratii
2311 5459 2516 5524 lilium,
2562 5461 2702 5526 quod
2758 5456 2860 5512 sibi
2913 5461 3248 5527 adhaesisset,
3291 5459 3356 5512 ad
3390 5456 3587 5527 istius-ﬁ

1998 5531 2139 5581 modi
2172 5520 2730 5598 dignitatetn'proutox
2744 5543 2838 5582 ere
2862 5528 3136 5592 studebat,
3166 5520 3259 5584 sed
3281 5545 3308 5582 a
3339 5520 3588 5597 patriciis'

1997 5597 2477 5670 prohibitnsﬂcst,
2518 5618 2534 5648 ι
2567 5599 2643 5670 uti
2700 5599 2898 5670 ibidem
2961 5598 3200 5665 pluribus
3255 5601 3454 5670 agitur.
3507 5597 3587 5650 De

1992 5667 2401 5736 Jo::nnc,llylila
2434 5683 2524 5722 seu
2556 5666 2920 5725 Grammatice
2946 5670 3090 5725 dieto
3116 5708 3137 5734 ,
3163 5666 3328 5735 supra
3375 5679 3587 5728 actum.
