  <div class='ocr_page' id='page_1' title='image "/cluster/home/n/w/nwhite01/storage/ocr_20150623/100/mdp.39015005675668/075.png"; bbox 0 0 3948 6154; ppageno 0'>
   <div class='ocr_carea' id='block_1_1' title="bbox 444 279 2013 359">
    <p class='ocr_par' dir='ltr' id='par_1_1' title="bbox 444 291 1958 359">
     <span class='ocr_line' id='line_1_1' title="bbox 444 291 1958 359; baseline -0.005 -1"><span class='ocrx_word' id='word_1_1' title='bbox 444 295 548 359; x_wconf 75' lang='grc'><strong>135</strong></span> <span class='ocrx_word' id='word_1_2' title='bbox 1436 292 1493 350; x_wconf 85' lang='lat' dir='ltr'><strong>S.</strong></span> <span class='ocrx_word' id='word_1_3' title='bbox 1539 291 1958 352; x_wconf 80' lang='lat' dir='ltr'><strong>NICEPHORI</strong></span> 
     </span>
    </p>
   </div>
   <div class='ocr_carea' id='block_1_2' title="bbox 2125 279 3698 359">
    <p class='ocr_par' dir='ltr' id='par_1_2' title="bbox 2125 279 3698 359">
     <span class='ocr_line' id='line_1_2' title="bbox 2125 279 3698 359; baseline -0.004 -8"><span class='ocrx_word' id='word_1_4' title='bbox 2125 289 2673 359; x_wconf 15' lang='lat' dir='ltr'><strong>TRIARCHEACP.</strong></span> <span class='ocrx_word' id='word_1_5' title='bbox 3595 279 3698 345; x_wconf 79' lang='grc'><strong>136</strong></span> 
     </span>
    </p>
   </div>
   <div class='ocr_carea' id='block_1_3' title="bbox 442 394 2013 474">
    <p class='ocr_par' dir='ltr' id='par_1_3' title="bbox 442 398 2013 469">
     <span class='ocr_line' id='line_1_3' title="bbox 442 398 2013 469; baseline -0.001 -11"><span class='ocrx_word' id='word_1_6' title='bbox 442 417 598 458; x_wconf 89' lang='lat' dir='ltr'><strong>curas</strong></span> <span class='ocrx_word' id='word_1_7' title='bbox 627 401 954 456; x_wconf 84' lang='lat' dir='ltr'><strong>redolentem</strong></span> <span class='ocrx_word' id='word_1_8' title='bbox 982 399 1043 469; x_wconf 73' lang='grc' dir='ltr'><strong>(ἱ)</strong></span> <span class='ocrx_word' id='word_1_9' title='bbox 1075 407 1129 454; x_wconf 89' lang='lat' dir='ltr'><strong>et</strong></span> <span class='ocrx_word' id='word_1_10' title='bbox 1150 398 1324 452; x_wconf 89' lang='lat' dir='ltr'><strong>securi</strong></span> <span class='ocrx_word' id='word_1_11' title='bbox 1355 399 1571 454; x_wconf 89' lang='lat' dir='ltr'><strong>militari</strong></span> <span class='ocrx_word' id='word_1_12' title='bbox 1590 402 1753 456; x_wconf 91' lang='lat' dir='ltr'><strong>boum</strong></span> <span class='ocrx_word' id='word_1_13' title='bbox 1776 401 2013 456; x_wconf 89' lang='lat' dir='ltr'><strong>voratori</strong></span> 
     </span>
    </p>
   </div>
   <div class='ocr_carea' id='block_1_4' title="bbox 2125 394 3696 474">
    <p class='ocr_par' dir='ltr' id='par_1_4' title="bbox 2125 394 3696 474">
     <span class='ocr_line' id='line_1_4' title="bbox 2125 394 3696 474; baseline -0.006 -17"><span class='ocrx_word' id='word_1_14' title='bbox 2125 407 2212 458; x_wconf 75' lang='grc' dir='ltr'><strong>καὶ</strong></span> <span class='ocrx_word' id='word_1_15' title='bbox 2247 402 2626 474; x_wconf 73' lang='grc' dir='ltr'><strong>στρατιωτικῷ</strong></span> <span class='ocrx_word' id='word_1_16' title='bbox 2661 399 2856 453; x_wconf 84' lang='grc' dir='ltr'>πέλυκι</span> <span class='ocrx_word' id='word_1_17' title='bbox 2886 395 3240 466; x_wconf 68' lang='grc' dir='ltr'>τῷΒουθοίνᾳ</span> <span class='ocrx_word' id='word_1_18' title='bbox 3270 395 3382 464; x_wconf 71' lang='grc'>(27)</span> <span class='ocrx_word' id='word_1_19' title='bbox 3409 394 3696 466; x_wconf 82' lang='grc' dir='ltr'>παραϐαλ-</span> 
     </span>
    </p>
   </div>
   <div class='ocr_carea' id='block_1_5' title="bbox 442 485 2013 564">
    <p class='ocr_par' dir='ltr' id='par_1_5' title="bbox 442 491 2013 563">
     <span class='ocr_line' id='line_1_5' title="bbox 442 491 2013 563; baseline -0.001 -14"><span class='ocrx_word' id='word_1_20' title='bbox 442 493 664 549; x_wconf 82' lang='lat' dir='ltr'><strong>llerculi</strong></span> <span class='ocrx_word' id='word_1_21' title='bbox 723 491 1170 561; x_wconf 87' lang='lat' dir='ltr'><strong>comparabilem,</strong></span> <span class='ocrx_word' id='word_1_22' title='bbox 1229 491 1329 546; x_wconf 92' lang='lat' dir='ltr'><strong>soli</strong></span> <span class='ocrx_word' id='word_1_23' title='bbox 1371 493 1548 545; x_wconf 87' lang='lat' dir='ltr'><strong>ventri</strong></span> <span class='ocrx_word' id='word_1_24' title='bbox 1589 493 1888 563; x_wconf 77' lang='lat' dir='ltr'><strong>saginando</strong></span> <span class='ocrx_word' id='word_1_25' title='bbox 1940 494 2013 547; x_wconf 91' lang='lat' dir='ltr'><strong>in-</strong></span> 
     </span>
    </p>
   </div>
   <div class='ocr_carea' id='block_1_6' title="bbox 2125 485 3696 564">
    <p class='ocr_par' dir='ltr' id='par_1_6' title="bbox 2125 485 3696 564">
     <span class='ocr_line' id='line_1_6' title="bbox 2125 485 3696 564; baseline -0.004 -18"><span class='ocrx_word' id='word_1_26' title='bbox 2125 495 2348 564; x_wconf 88' lang='grc' dir='ltr'>λόμενον</span> <span class='ocrx_word' id='word_1_27' title='bbox 2367 533 2382 557; x_wconf 92' lang='grc'><strong>,</strong></span> <span class='ocrx_word' id='word_1_28' title='bbox 2413 493 2551 562; x_wconf 76' lang='grc' dir='ltr'>πρὸς</span> <span class='ocrx_word' id='word_1_29' title='bbox 2582 491 2752 560; x_wconf 79' lang='grc' dir='ltr'>μόνην</span> <span class='ocrx_word' id='word_1_30' title='bbox 2794 489 2892 558; x_wconf 79' lang='grc' dir='ltr'>τὴν</span> <span class='ocrx_word' id='word_1_31' title='bbox 2920 487 3164 556; x_wconf 82' lang='grc' dir='ltr'><strong>γαστέρα</strong></span> <span class='ocrx_word' id='word_1_32' title='bbox 3202 485 3470 556; x_wconf 79' lang='grc' dir='ltr'><strong>βλέποντα</strong></span> <span class='ocrx_word' id='word_1_33' title='bbox 3499 487 3592 539; x_wconf 72' lang='grc' dir='ltr'><strong>καὶ</strong></span> <span class='ocrx_word' id='word_1_34' title='bbox 3628 486 3696 539; x_wconf 74' lang='grc' dir='ltr'>τὰ</span> 
     </span>
    </p>
   </div>
   <div class='ocr_carea' id='block_1_7' title="bbox 442 576 2013 658">
    <p class='ocr_par' dir='ltr' id='par_1_7' title="bbox 442 581 2013 658">
     <span class='ocr_line' id='line_1_7' title="bbox 442 581 2013 658; baseline -0.001 -19"><span class='ocrx_word' id='word_1_35' title='bbox 442 594 650 639; x_wconf 87' lang='lat' dir='ltr'><strong>tentum</strong></span> <span class='ocrx_word' id='word_1_36' title='bbox 685 582 1060 637; x_wconf 88' lang='lat' dir='ltr'><strong>eteduliorum</strong></span> <span class='ocrx_word' id='word_1_37' title='bbox 1082 581 1303 658; x_wconf 82' lang='lat' dir='ltr'><strong>delicias</strong></span> <span class='ocrx_word' id='word_1_38' title='bbox 1325 591 1766 645; x_wconf 81' lang='lat' dir='ltr'><strong>consectantem;</strong></span> <span class='ocrx_word' id='word_1_39' title='bbox 1801 584 2013 653; x_wconf 81' lang='lat' dir='ltr'><strong>regendi</strong></span> 
     </span>
    </p>
   </div>
   <div class='ocr_carea' id='block_1_8' title="bbox 2125 576 3697 658">
    <p class='ocr_par' dir='ltr' id='par_1_8' title="bbox 2125 576 3697 653">
     <span class='ocr_line' id='line_1_8' title="bbox 2125 576 3697 653; baseline -0.006 -15"><span class='ocrx_word' id='word_1_40' title='bbox 2125 585 2230 638; x_wconf 82' lang='grc' dir='ltr'><strong>τῶν</strong></span> <span class='ocrx_word' id='word_1_41' title='bbox 2255 583 2553 653; x_wconf 84' lang='grc' dir='ltr'>ζωμαρίων</span> <span class='ocrx_word' id='word_1_42' title='bbox 2595 578 2855 641; x_wconf 83' lang='grc' dir='ltr'>ἐπιεικῶς</span> <span class='ocrx_word' id='word_1_43' title='bbox 2895 576 3316 648; x_wconf 88' lang='grc' dir='ltr'>καρυκεύματα,</span> <span class='ocrx_word' id='word_1_44' title='bbox 3357 577 3539 645; x_wconf 82' lang='grc' dir='ltr'><strong>πάσης</strong></span> <span class='ocrx_word' id='word_1_45' title='bbox 3573 577 3697 629; x_wconf 84' lang='grc' dir='ltr'>ἐπι-</span> 
     </span>
    </p>
   </div>
   <div class='ocr_carea' id='block_1_9' title="bbox 1436 289 2673 367">
    <p class='ocr_par' dir='ltr' id='par_1_9' title="bbox 1436 289 2673 367">
     <span class='ocr_line' id='line_1_9' title="bbox 1436 289 2673 367; baseline -0.003 -17"><span class='ocrx_word' id='word_1_46' title='bbox 1436 292 1493 350; x_wconf 79' lang='lat' dir='ltr'><strong>S.</strong></span> <span class='ocrx_word' id='word_1_47' title='bbox 1539 291 1958 352; x_wconf 80' lang='lat' dir='ltr'><strong>NICEPHORI</strong></span> <span class='ocrx_word' id='word_1_48' title='bbox 2029 289 2673 367; x_wconf 29' lang='lat' dir='ltr'><strong>PATRIARCHEOCP.</strong></span> 
     </span>
    </p>
   </div>
   <div class='ocr_carea' id='block_1_10' title="bbox 442 672 2022 742">
    <p class='ocr_par' dir='ltr' id='par_1_10' title="bbox 442 672 2022 742">
     <span class='ocr_line' id='line_1_10' title="bbox 442 672 2022 742; baseline -0.001 -13"><span class='ocrx_word' id='word_1_49' title='bbox 442 687 622 730; x_wconf 88' lang='lat' dir='ltr'><strong>autem</strong></span> <span class='ocrx_word' id='word_1_50' title='bbox 659 674 855 742; x_wconf 86' lang='lat' dir='ltr'><strong>peritia</strong></span> <span class='ocrx_word' id='word_1_51' title='bbox 913 673 1061 726; x_wconf 91' lang='lat' dir='ltr'><strong>omni</strong></span> <span class='ocrx_word' id='word_1_52' title='bbox 1110 672 1449 739; x_wconf 88' lang='lat' dir='ltr'><strong>destitutum,</strong></span> <span class='ocrx_word' id='word_1_53' title='bbox 1481 688 1577 727; x_wconf 91' lang='lat' dir='ltr'><strong>nec</strong></span> <span class='ocrx_word' id='word_1_54' title='bbox 1637 674 1739 728; x_wconf 88' lang='lat' dir='ltr'><strong>nisi</strong></span> <span class='ocrx_word' id='word_1_55' title='bbox 1807 676 2022 728; x_wconf 70' lang='lat' dir='ltr'><strong>solmca:</strong></span> 
     </span>
    </p>
   </div>
   <div class='ocr_carea' id='block_1_11' title="bbox 447 763 2022 833">
    <p class='ocr_par' dir='ltr' id='par_1_11' title="bbox 447 763 2022 833">
     <span class='ocr_line' id='line_1_11' title="bbox 447 763 2022 833; baseline -0.003 -12"><span class='ocrx_word' id='word_1_56' title='bbox 447 783 508 821; x_wconf 88' lang='lat' dir='ltr'><strong>ac</strong></span> <span class='ocrx_word' id='word_1_57' title='bbox 541 767 790 819; x_wconf 87' lang='lat' dir='ltr'><strong>barbarae</strong></span> <span class='ocrx_word' id='word_1_58' title='bbox 832 764 1085 817; x_wconf 75' lang='lat' dir='ltr'><strong>dictionis</strong></span> <span class='ocrx_word' id='word_1_59' title='bbox 1144 779 1371 833; x_wconf 73' lang='lat' dir='ltr'><strong>gnarum</strong></span> <span class='ocrx_word' id='word_1_60' title='bbox 1402 764 1691 820; x_wconf 91' lang='lat' dir='ltr'><strong>artiﬁcem.</strong></span> <span class='ocrx_word' id='word_1_61' title='bbox 1755 763 1932 827; x_wconf 82' lang='lat' dir='ltr'><strong>Hunc,</strong></span> <span class='ocrx_word' id='word_1_62' title='bbox 1963 772 2022 817; x_wconf 88' lang='lat' dir='ltr'><strong>ut</strong></span> 
     </span>
    </p>
   </div>
   <div class='ocr_carea' id='block_1_12' title="bbox 445 853 2021 924">
    <p class='ocr_par' dir='ltr' id='par_1_12' title="bbox 445 853 2021 924">
     <span class='ocr_line' id='line_1_12' title="bbox 445 853 2021 924; baseline 0.001 -16"><span class='ocrx_word' id='word_1_63' title='bbox 445 873 564 924; x_wconf 72' lang='lat' dir='ltr'><strong>qua:</strong></span> <span class='ocrx_word' id='word_1_64' title='bbox 589 865 715 908; x_wconf 87' lang='lat' dir='ltr'><strong>sunt</strong></span> <span class='ocrx_word' id='word_1_65' title='bbox 769 853 944 912; x_wconf 81' lang='lat' dir='ltr'><strong>Inedia</strong></span> <span class='ocrx_word' id='word_1_66' title='bbox 979 854 1142 905; x_wconf 86' lang='lat' dir='ltr'><strong>missa</strong></span> <span class='ocrx_word' id='word_1_67' title='bbox 1197 853 1416 919; x_wconf 80' lang='lat' dir='ltr'><strong>faciam,</strong></span> <span class='ocrx_word' id='word_1_68' title='bbox 1475 856 1633 909; x_wconf 91' lang='lat' dir='ltr'><strong>unius</strong></span> <span class='ocrx_word' id='word_1_69' title='bbox 1662 857 1799 910; x_wconf 89' lang='lat' dir='ltr'><strong>lucis</strong></span> <span class='ocrx_word' id='word_1_70' title='bbox 1837 855 2021 910; x_wconf 88' lang='lat' dir='ltr'><strong>labore</strong></span> 
     </span>
    </p>
   </div>
   <div class='ocr_carea' id='block_1_13' title="bbox 443 943 2022 1015">
    <p class='ocr_par' dir='ltr' id='par_1_13' title="bbox 443 943 2022 1015">
     <span class='ocr_line' id='line_1_13' title="bbox 443 943 2022 1015; baseline 0.001 -16"><span class='ocrx_word' id='word_1_71' title='bbox 443 948 724 1014; x_wconf 83' lang='lat' dir='ltr'><strong>expoliens</strong></span> <span class='ocrx_word' id='word_1_72' title='bbox 768 944 1149 1011; x_wconf 84' lang='lat' dir='ltr'><strong>erudiensque,</strong></span> <span class='ocrx_word' id='word_1_73' title='bbox 1203 943 1566 999; x_wconf 74' lang='lat' dir='ltr'><strong>sacerdotalis</strong></span> <span class='ocrx_word' id='word_1_74' title='bbox 1617 947 2022 1015; x_wconf 72' lang='lat' dir='ltr'><strong>trentendaeque</strong></span> 
     </span>
    </p>
   </div>
   <div class='ocr_carea' id='block_1_14' title="bbox 444 1037 2022 1107">
    <p class='ocr_par' dir='ltr' id='par_1_14' title="bbox 444 1037 2022 1107">
     <span class='ocr_line' id='line_1_14' title="bbox 444 1037 2022 1107; baseline 0.001 -16"><span class='ocrx_word' id='word_1_75' title='bbox 444 1040 590 1091; x_wconf 88' lang='lat' dir='ltr'><strong>sedis</strong></span> <span class='ocrx_word' id='word_1_76' title='bbox 637 1037 914 1091; x_wconf 89' lang='lat' dir='ltr'><strong>constituit</strong></span> <span class='ocrx_word' id='word_1_77' title='bbox 963 1037 1282 1104; x_wconf 83' lang='lat' dir='ltr'><strong>praesidem;</strong></span> <span class='ocrx_word' id='word_1_78' title='bbox 1321 1051 1539 1104; x_wconf 73' lang='lat' dir='ltr'><strong>suaeque</strong></span> <span class='ocrx_word' id='word_1_79' title='bbox 1594 1037 1765 1106; x_wconf 80' lang='lat' dir='ltr'><strong>ipsius</strong></span> <span class='ocrx_word' id='word_1_80' title='bbox 1817 1038 2022 1107; x_wconf 64' lang='lat' dir='ltr'><strong>supinat</strong></span> 
     </span>
    </p>
   </div>
   <div class='ocr_carea' id='block_1_15' title="bbox 446 1126 2022 1197">
    <p class='ocr_par' dir='ltr' id='par_1_15' title="bbox 446 1126 2022 1197">
     <span class='ocr_line' id='line_1_15' title="bbox 446 1126 2022 1197; baseline 0 -18"><span class='ocrx_word' id='word_1_81' title='bbox 446 1130 638 1179; x_wconf 79' lang='lat' dir='ltr'><strong>animae</strong></span> <span class='ocrx_word' id='word_1_82' title='bbox 677 1126 804 1197; x_wconf 88' lang='lat' dir='ltr'><strong>(non</strong></span> <span class='ocrx_word' id='word_1_83' title='bbox 840 1126 984 1180; x_wconf 91' lang='lat' dir='ltr'><strong>enim</strong></span> <span class='ocrx_word' id='word_1_84' title='bbox 1011 1126 1214 1179; x_wconf 89' lang='lat' dir='ltr'><strong>Christi</strong></span> <span class='ocrx_word' id='word_1_85' title='bbox 1245 1126 1452 1195; x_wconf 92' lang='lat' dir='ltr'><strong>ovium)</strong></span> <span class='ocrx_word' id='word_1_86' title='bbox 1494 1127 1762 1182; x_wconf 89' lang='lat' dir='ltr'><strong>barbarus</strong></span> <span class='ocrx_word' id='word_1_87' title='bbox 1810 1129 2022 1197; x_wconf 69' lang='lat' dir='ltr'><strong>procla~</strong></span> 
     </span>
    </p>
   </div>
   <div class='ocr_carea' id='block_1_16' title="bbox 445 1217 2021 1289">
    <p class='ocr_par' dir='ltr' id='par_1_16' title="bbox 445 1217 2021 1289">
     <span class='ocr_line' id='line_1_16' title="bbox 445 1217 2021 1289; baseline 0.003 -18"><span class='ocrx_word' id='word_1_88' title='bbox 445 1218 614 1271; x_wconf 69' lang='lat' dir='ltr'><strong>mai-it</strong></span> <span class='ocrx_word' id='word_1_89' title='bbox 643 1228 935 1285; x_wconf 78' lang='lat' dir='ltr'><strong>pastorem.</strong></span> <span class='ocrx_word' id='word_1_90' title='bbox 981 1217 1110 1270; x_wconf 90' lang='lat' dir='ltr'><strong>lude</strong></span> <span class='ocrx_word' id='word_1_91' title='bbox 1141 1233 1205 1270; x_wconf 80' lang='lat' dir='ltr'><strong>ex</strong></span> <span class='ocrx_word' id='word_1_92' title='bbox 1254 1217 1546 1287; x_wconf 84' lang='lat' dir='ltr'><strong>episcopis,</strong></span> <span class='ocrx_word' id='word_1_93' title='bbox 1581 1219 1671 1286; x_wconf 89' lang='lat' dir='ltr'><strong>qui</strong></span> <span class='ocrx_word' id='word_1_94' title='bbox 1705 1219 1819 1274; x_wconf 87' lang='lat' dir='ltr'><strong>sive</strong></span> <span class='ocrx_word' id='word_1_95' title='bbox 1845 1220 2021 1289; x_wconf 85' lang='lat' dir='ltr'><strong>poenis</strong></span> 
     </span>
    </p>
   </div>
   <div class='ocr_carea' id='block_1_17' title="bbox 445 1307 2016 1377">
    <p class='ocr_par' dir='ltr' id='par_1_17' title="bbox 445 1307 2016 1377">
     <span class='ocr_line' id='line_1_17' title="bbox 445 1307 2016 1377; baseline 0.001 -16"><span class='ocrx_word' id='word_1_96' title='bbox 445 1309 619 1361; x_wconf 82' lang='lat' dir='ltr'><strong>adacti</strong></span> <span class='ocrx_word' id='word_1_97' title='bbox 647 1309 760 1362; x_wconf 87' lang='lat' dir='ltr'><strong>sive</strong></span> <span class='ocrx_word' id='word_1_98' title='bbox 790 1309 952 1363; x_wconf 87' lang='lat' dir='ltr'><strong>etiam</strong></span> <span class='ocrx_word' id='word_1_99' title='bbox 978 1318 1168 1374; x_wconf 87' lang='lat' dir='ltr'><strong>sponte</strong></span> <span class='ocrx_word' id='word_1_100' title='bbox 1203 1307 1256 1360; x_wconf 91' lang='lat' dir='ltr'><strong>in</strong></span> <span class='ocrx_word' id='word_1_101' title='bbox 1289 1307 1416 1377; x_wconf 87' lang='lat' dir='ltr'><strong>ejus</strong></span> <span class='ocrx_word' id='word_1_102' title='bbox 1445 1318 1836 1363; x_wconf 83' lang='lat' dir='ltr'><strong>concesserant</strong></span> <span class='ocrx_word' id='word_1_103' title='bbox 1876 1322 2016 1375; x_wconf 81' lang='lat' dir='ltr'><strong>vom,</strong></span> 
     </span>
    </p>
   </div>
   <div class='ocr_carea' id='block_1_18' title="bbox 448 1401 2022 1471">
    <p class='ocr_par' dir='ltr' id='par_1_18' title="bbox 448 1401 2022 1471">
     <span class='ocr_line' id='line_1_18' title="bbox 448 1401 2022 1471; baseline 0.002 -19"><span class='ocrx_word' id='word_1_104' title='bbox 448 1410 611 1468; x_wconf 86' lang='lat' dir='ltr'><strong>atque</strong></span> <span class='ocrx_word' id='word_1_105' title='bbox 635 1416 698 1454; x_wconf 78' lang='lat' dir='ltr'><strong>ex</strong></span> <span class='ocrx_word' id='word_1_106' title='bbox 737 1401 1086 1454; x_wconf 90' lang='lat' dir='ltr'><strong>novatoribus</strong></span> <span class='ocrx_word' id='word_1_107' title='bbox 1114 1401 1465 1469; x_wconf 83' lang='lat' dir='ltr'><strong>profanisque</strong></span> <span class='ocrx_word' id='word_1_108' title='bbox 1517 1402 1793 1469; x_wconf 76' lang='lat' dir='ltr'><strong>magistris</strong></span> <span class='ocrx_word' id='word_1_109' title='bbox 1832 1418 2022 1471; x_wconf 83' lang='lat' dir='ltr'><strong>gracu-</strong></span> 
     </span>
    </p>
   </div>
   <div class='ocr_carea' id='block_1_19' title="bbox 446 1492 2022 1554">
    <p class='ocr_par' dir='ltr' id='par_1_19' title="bbox 446 1492 2022 1554">
     <span class='ocr_line' id='line_1_19' title="bbox 446 1492 2022 1554; baseline 0.002 -9"><span class='ocrx_word' id='word_1_110' title='bbox 446 1493 617 1545; x_wconf 89' lang='lat' dir='ltr'><strong>lorum</strong></span> <span class='ocrx_word' id='word_1_111' title='bbox 645 1492 997 1545; x_wconf 89' lang='lat' dir='ltr'><strong>tumultuario</strong></span> <span class='ocrx_word' id='word_1_112' title='bbox 1025 1500 1294 1545; x_wconf 88' lang='lat' dir='ltr'><strong>conventu</strong></span> <span class='ocrx_word' id='word_1_113' title='bbox 1338 1493 1592 1554; x_wconf 89' lang='lat' dir='ltr'><strong>adunato,</strong></span> <span class='ocrx_word' id='word_1_114' title='bbox 1629 1493 1878 1548; x_wconf 67' lang='lat' dir='ltr'><strong>Ecclesiae</strong></span> <span class='ocrx_word' id='word_1_115' title='bbox 1927 1493 2022 1548; x_wconf 85' lang='lat' dir='ltr'><strong>ad-</strong></span> 
     </span>
    </p>
   </div>
   <div class='ocr_carea' id='block_1_20' title="bbox 445 1583 2021 1654">
    <p class='ocr_par' dir='ltr' id='par_1_20' title="bbox 445 1583 2021 1654">
     <span class='ocr_line' id='line_1_20' title="bbox 445 1583 2021 1654; baseline 0.003 -19"><span class='ocrx_word' id='word_1_116' title='bbox 445 1599 660 1638; x_wconf 88' lang='lat' dir='ltr'><strong>versum</strong></span> <span class='ocrx_word' id='word_1_117' title='bbox 721 1585 772 1636; x_wconf 92' lang='lat' dir='ltr'><strong>in</strong></span> <span class='ocrx_word' id='word_1_118' title='bbox 846 1583 1082 1635; x_wconf 80' lang='lat' dir='ltr'><strong>Ecclesia</strong></span> <span class='ocrx_word' id='word_1_119' title='bbox 1147 1583 1434 1646; x_wconf 86' lang='lat' dir='ltr'><strong>concilium</strong></span> <span class='ocrx_word' id='word_1_120' title='bbox 1487 1583 1630 1650; x_wconf 82' lang='lat' dir='ltr'><strong>cogit</strong></span> <span class='ocrx_word' id='word_1_121' title='bbox 1661 1583 1767 1654; x_wconf 83' lang='lat' dir='ltr'><strong>(j):</strong></span> <span class='ocrx_word' id='word_1_122' title='bbox 1813 1587 1864 1637; x_wconf 92' lang='lat' dir='ltr'><strong>in</strong></span> <span class='ocrx_word' id='word_1_123' title='bbox 1915 1599 2021 1654; x_wconf 90' lang='lat' dir='ltr'><strong>quo</strong></span> 
     </span>
    </p>
   </div>
   <div class='ocr_carea' id='block_1_21' title="bbox 447 1669 2021 1743">
    <p class='ocr_par' dir='ltr' id='par_1_21' title="bbox 447 1669 2021 1743">
     <span class='ocr_line' id='line_1_21' title="bbox 447 1669 2021 1743; baseline 0.002 -18"><span class='ocrx_word' id='word_1_124' title='bbox 447 1676 712 1743; x_wconf 78' lang='lat' dir='ltr'><strong>quidquid</strong></span> <span class='ocrx_word' id='word_1_125' title='bbox 745 1674 872 1727; x_wconf 90' lang='lat' dir='ltr'><strong>olim</strong></span> <span class='ocrx_word' id='word_1_126' title='bbox 909 1675 1097 1727; x_wconf 88' lang='lat' dir='ltr'><strong>insano</strong></span> <span class='ocrx_word' id='word_1_127' title='bbox 1126 1673 1305 1726; x_wconf 91' lang='lat' dir='ltr'><strong>studio</strong></span> <span class='ocrx_word' id='word_1_128' title='bbox 1331 1669 1644 1727; x_wconf 63' lang='lat' dir='ltr'><strong>annot&#39;atum</strong></span> <span class='ocrx_word' id='word_1_129' title='bbox 1673 1684 2021 1739; x_wconf 73' lang='lat' dir='ltr'><strong>congestum-</strong></span> 
     </span>
    </p>
   </div>
   <div class='ocr_carea' id='block_1_22' title="bbox 2124 665 3697 745">
    <p class='ocr_par' dir='ltr' id='par_1_22' title="bbox 2124 665 3697 745">
     <span class='ocr_line' id='line_1_22' title="bbox 2124 665 3697 745; baseline -0.006 -17"><span class='ocrx_word' id='word_1_130' title='bbox 2124 674 2461 745; x_wconf 80' lang='grc' dir='ltr'>στημονικῆς</span> <span class='ocrx_word' id='word_1_131' title='bbox 2515 669 2808 742; x_wconf 72' lang='grc' dir='ltr'><strong>ἐμπειρίας</strong></span> <span class='ocrx_word' id='word_1_132' title='bbox 2847 668 3164 738; x_wconf 81' lang='grc' dir='ltr'>ἀλλότριον,</span> <span class='ocrx_word' id='word_1_133' title='bbox 3199 665 3301 735; x_wconf 81' lang='grc' dir='ltr'>τῆς</span> <span class='ocrx_word' id='word_1_134' title='bbox 3346 665 3402 718; x_wconf 83' lang='grc' dir='ltr'>δὲ</span> <span class='ocrx_word' id='word_1_135' title='bbox 3450 666 3697 720; x_wconf 79' lang='grc' dir='ltr'><strong>σολοίκου</strong></span> 
     </span>
    </p>
   </div>
   <div class='ocr_carea' id='block_1_23' title="bbox 2121 755 3696 836">
    <p class='ocr_par' dir='ltr' id='par_1_23' title="bbox 2121 755 3696 836">
     <span class='ocr_line' id='line_1_23' title="bbox 2121 755 3696 836; baseline -0.008 -17"><span class='ocrx_word' id='word_1_136' title='bbox 2121 768 2216 820; x_wconf 74' lang='grc' dir='ltr'><strong>καὶ</strong></span> <span class='ocrx_word' id='word_1_137' title='bbox 2242 765 2520 836; x_wconf 80' lang='grc' dir='ltr'>βαρϐάρου</span> <span class='ocrx_word' id='word_1_138' title='bbox 2552 763 2749 826; x_wconf 78' lang='grc' dir='ltr'>λέξεως</span> <span class='ocrx_word' id='word_1_139' title='bbox 2785 761 2878 814; x_wconf 75' lang='grc' dir='ltr'>καὶ</span> <span class='ocrx_word' id='word_1_140' title='bbox 2911 760 3029 812; x_wconf 89' lang='grc' dir='ltr'>λίαν</span> <span class='ocrx_word' id='word_1_141' title='bbox 3071 757 3438 828; x_wconf 82' lang='grc' dir='ltr'>ὲμπείραμον.</span> <span class='ocrx_word' id='word_1_142' title='bbox 3470 755 3696 821; x_wconf 87' lang='grc' dir='ltr'>Τοῦτον,</span> 
     </span>
    </p>
   </div>
   <div class='ocr_carea' id='block_1_24' title="bbox 2124 846 3700 924">
    <p class='ocr_par' dir='ltr' id='par_1_24' title="bbox 2124 846 3700 924">
     <span class='ocr_line' id='line_1_24' title="bbox 2124 846 3700 924; baseline -0.007 -14"><span class='ocrx_word' id='word_1_143' title='bbox 2124 858 2212 912; x_wconf 77' lang='grc' dir='ltr'><strong>ἵνα</strong></span> <span class='ocrx_word' id='word_1_144' title='bbox 2241 857 2308 909; x_wconf 75' lang='grc' dir='ltr'>τὰ</span> <span class='ocrx_word' id='word_1_145' title='bbox 2359 857 2418 909; x_wconf 92' lang='lat' dir='ltr'><strong>tv</strong></span> <span class='ocrx_word' id='word_1_146' title='bbox 2467 854 2615 924; x_wconf 78' lang='grc' dir='ltr'>μέσῳ</span> <span class='ocrx_word' id='word_1_147' title='bbox 2654 853 2852 922; x_wconf 72' lang='grc' dir='ltr'>παρεὶς</span> <span class='ocrx_word' id='word_1_148' title='bbox 2886 848 3100 922; x_wconf 56' lang='lat' dir='ltr'><strong>[stylis],</strong></span> <span class='ocrx_word' id='word_1_149' title='bbox 3144 849 3458 918; x_wconf 82' lang='grc' dir='ltr'>αύθήμερον</span> <span class='ocrx_word' id='word_1_150' title='bbox 3492 846 3700 910; x_wconf 81' lang='grc' dir='ltr'><strong>πλύνας</strong></span> 
     </span>
    </p>
   </div>
   <div class='ocr_carea' id='block_1_25' title="bbox 2122 937 3701 1012">
    <p class='ocr_par' dir='ltr' id='par_1_25' title="bbox 2122 937 3701 1012">
     <span class='ocr_line' id='line_1_25' title="bbox 2122 937 3701 1012; baseline -0.006 -11"><span class='ocrx_word' id='word_1_151' title='bbox 2122 948 2218 1002; x_wconf 74' lang='grc' dir='ltr'>καὶ</span> <span class='ocrx_word' id='word_1_152' title='bbox 2249 947 2509 1012; x_wconf 74' lang='grc' dir='ltr'>σοφίσας,</span> <span class='ocrx_word' id='word_1_153' title='bbox 2543 944 2635 996; x_wconf 58' lang='grc' dir='ltr'><strong>ἐπὶ¹</strong></span> <span class='ocrx_word' id='word_1_154' title='bbox 2673 946 2768 995; x_wconf 78' lang='grc' dir='ltr'><strong>τὸν</strong></span> <span class='ocrx_word' id='word_1_155' title='bbox 2814 940 3090 1011; x_wconf 80' lang='grc' dir='ltr'>ἱερατικὸν</span> <span class='ocrx_word' id='word_1_156' title='bbox 3131 940 3224 992; x_wconf 71' lang='grc' dir='ltr'><strong>καὶ</strong></span> <span class='ocrx_word' id='word_1_157' title='bbox 3255 937 3482 1009; x_wconf 77' lang='grc' dir='ltr'>φρικτὸν</span> <span class='ocrx_word' id='word_1_158' title='bbox 3509 938 3701 1008; x_wconf 85' lang='grc' dir='ltr'>θρόνον</span> 
     </span>
    </p>
   </div>
   <div class='ocr_carea' id='block_1_26' title="bbox 2121 1029 3698 1108">
    <p class='ocr_par' dir='ltr' id='par_1_26' title="bbox 2121 1029 3698 1108">
     <span class='ocr_line' id='line_1_26' title="bbox 2121 1029 3698 1108; baseline -0.008 -16"><span class='ocrx_word' id='word_1_159' title='bbox 2121 1039 2398 1108; x_wconf 79' lang='grc' dir='ltr'>ἐφίστησι,</span> <span class='ocrx_word' id='word_1_160' title='bbox 2437 1037 2534 1090; x_wconf 77' lang='grc' dir='ltr'>καὶ</span> <span class='ocrx_word' id='word_1_161' title='bbox 2571 1034 2806 1104; x_wconf 83' lang='grc' dir='ltr'>ποιμένα</span> <span class='ocrx_word' id='word_1_162' title='bbox 2847 1034 2946 1102; x_wconf 77' lang='grc' dir='ltr'>τῆς</span> <span class='ocrx_word' id='word_1_163' title='bbox 2983 1030 3174 1084; x_wconf 78' lang='grc' dir='ltr'>ἐαυτοῦ</span> <span class='ocrx_word' id='word_1_164' title='bbox 3207 1029 3482 1092; x_wconf 87' lang='grc' dir='ltr'>λυκώδους</span> <span class='ocrx_word' id='word_1_165' title='bbox 3515 1029 3698 1100; x_wconf 77' lang='grc' dir='ltr'>ψυχῆς</span> 
     </span>
    </p>
   </div>
   <div class='ocr_carea' id='block_1_27' title="bbox 2124 1121 3697 1201">
    <p class='ocr_par' dir='ltr' id='par_1_27' title="bbox 2124 1121 3697 1201">
     <span class='ocr_line' id='line_1_27' title="bbox 2124 1121 3697 1201; baseline -0.007 -18"><span class='ocrx_word' id='word_1_166' title='bbox 2124 1130 2218 1201; x_wconf 87' lang='grc' dir='ltr'>(ού</span> <span class='ocrx_word' id='word_1_167' title='bbox 2258 1129 2369 1200; x_wconf 85' lang='grc' dir='ltr'>γὰρ</span> <span class='ocrx_word' id='word_1_168' title='bbox 2392 1127 2497 1180; x_wconf 85' lang='grc' dir='ltr'>τῶν</span> <span class='ocrx_word' id='word_1_169' title='bbox 2528 1125 2766 1197; x_wconf 80' lang='grc' dir='ltr'>Χριστοῦ</span> <span class='ocrx_word' id='word_1_170' title='bbox 2828 1121 3194 1195; x_wconf 82' lang='grc' dir='ltr'>θρεμμάτων)</span> <span class='ocrx_word' id='word_1_171' title='bbox 3228 1124 3256 1174; x_wconf 85' lang='grc' dir='ltr'>ὁ</span> <span class='ocrx_word' id='word_1_172' title='bbox 3285 1121 3562 1191; x_wconf 85' lang='grc' dir='ltr'>βάρϐαρος</span> <span class='ocrx_word' id='word_1_173' title='bbox 3599 1121 3697 1174; x_wconf 80' lang='grc' dir='ltr'><strong>ἀν-</strong></span> 
     </span>
    </p>
   </div>
   <div class='ocr_carea' id='block_1_28' title="bbox 2120 1211 3697 1291">
    <p class='ocr_par' dir='ltr' id='par_1_28' title="bbox 2120 1211 3697 1291">
     <span class='ocr_line' id='line_1_28' title="bbox 2120 1211 3697 1291; baseline -0.007 -16"><span class='ocrx_word' id='word_1_174' title='bbox 2120 1221 2444 1291; x_wconf 88' lang='grc' dir='ltr'>ηγόρευσεν.</span> <span class='ocrx_word' id='word_1_175' title='bbox 2485 1217 2769 1270; x_wconf 82' lang='grc' dir='ltr'>Ἐντεῦθεν</span> <span class='ocrx_word' id='word_1_176' title='bbox 2805 1215 2991 1268; x_wconf 73' lang='grc' dir='ltr'>λοιπὸν</span> <span class='ocrx_word' id='word_1_177' title='bbox 3037 1215 3099 1266; x_wconf 77' lang='grc' dir='ltr'><strong>ἐκ</strong></span> <span class='ocrx_word' id='word_1_178' title='bbox 3123 1230 3184 1266; x_wconf 90' lang='grc' dir='ltr'><strong>τε</strong></span> <span class='ocrx_word' id='word_1_179' title='bbox 3215 1213 3320 1267; x_wconf 86' lang='grc' dir='ltr'><strong>τῶν</strong></span> <span class='ocrx_word' id='word_1_180' title='bbox 3365 1211 3697 1265; x_wconf 82' lang='grc' dir='ltr'>πεισθέντων</span> 
     </span>
    </p>
   </div>
   <div class='ocr_carea' id='block_1_29' title="bbox 2121 1296 3702 1374">
    <p class='ocr_par' dir='ltr' id='par_1_29' title="bbox 2121 1296 3702 1374">
     <span class='ocr_line' id='line_1_29' title="bbox 2121 1296 3702 1374; baseline -0.011 -10"><span class='ocrx_word' id='word_1_181' title='bbox 2121 1309 2436 1364; x_wconf 84' lang='grc' dir='ltr'>ἐπισκόπων</span> <span class='ocrx_word' id='word_1_182' title='bbox 2471 1309 2530 1374; x_wconf 78' lang='grc' dir='ltr'><strong>ἐξ</strong></span> <span class='ocrx_word' id='word_1_183' title='bbox 2561 1304 2835 1374; x_wconf 75' lang='grc' dir='ltr'>αἰκισμῶν</span> <span class='ocrx_word' id='word_1_184' title='bbox 2891 1302 2922 1372; x_wconf 83' lang='grc' dir='ltr'><strong>ἥ</strong></span> <span class='ocrx_word' id='word_1_185' title='bbox 2976 1301 3070 1354; x_wconf 75' lang='grc' dir='ltr'><strong>καὶ</strong></span> <span class='ocrx_word' id='word_1_186' title='bbox 3107 1299 3508 1367; x_wconf 85' lang='grc' dir='ltr'>ἐκουσιότητος,</span> <span class='ocrx_word' id='word_1_187' title='bbox 3539 1296 3604 1348; x_wconf 74' lang='grc' dir='ltr'>ἐκ</span> <span class='ocrx_word' id='word_1_188' title='bbox 3635 1311 3702 1349; x_wconf 88' lang='grc' dir='ltr'><strong>τε</strong></span> 
     </span>
    </p>
   </div>
   <div class='ocr_carea' id='block_1_30' title="bbox 2119 1390 3696 1470">
    <p class='ocr_par' dir='ltr' id='par_1_30' title="bbox 2119 1390 3696 1470">
     <span class='ocr_line' id='line_1_30' title="bbox 2119 1390 3696 1470; baseline -0.01 -16"><span class='ocrx_word' id='word_1_189' title='bbox 2119 1401 2231 1454; x_wconf 86' lang='grc' dir='ltr'>τῶν</span> <span class='ocrx_word' id='word_1_190' title='bbox 2254 1399 2686 1470; x_wconf 79' lang='grc' dir='ltr'>νεωτεριζόντων</span> <span class='ocrx_word' id='word_1_191' title='bbox 2724 1399 2818 1448; x_wconf 77' lang='grc' dir='ltr'><strong>καὶ</strong></span> <span class='ocrx_word' id='word_1_192' title='bbox 2846 1395 3080 1464; x_wconf 81' lang='grc' dir='ltr'>ἀνιέρων</span> <span class='ocrx_word' id='word_1_193' title='bbox 3111 1390 3449 1445; x_wconf 80' lang='grc' dir='ltr'>διδασκάλων</span> <span class='ocrx_word' id='word_1_194' title='bbox 3481 1404 3696 1457; x_wconf 87' lang='grc' dir='ltr'>συμφο-</span> 
     </span>
    </p>
   </div>
   <div class='ocr_carea' id='block_1_31' title="bbox 2125 1476 3698 1561">
    <p class='ocr_par' dir='ltr' id='par_1_31' title="bbox 2125 1476 3698 1561">
     <span class='ocr_line' id='line_1_31' title="bbox 2125 1476 3698 1561; baseline -0.008 -18"><span class='ocrx_word' id='word_1_195' title='bbox 2125 1491 2293 1561; x_wconf 85' lang='grc' dir='ltr'>ρήσας</span> <span class='ocrx_word' id='word_1_196' title='bbox 2317 1488 2583 1558; x_wconf 77' lang='grc' dir='ltr'>κολοιώδη</span> <span class='ocrx_word' id='word_1_197' title='bbox 2610 1487 2722 1558; x_wconf 75' lang='grc'><strong>(28)</strong></span> <span class='ocrx_word' id='word_1_198' title='bbox 2750 1485 2966 1554; x_wconf 81' lang='grc' dir='ltr'>λέσχην,</span> <span class='ocrx_word' id='word_1_199' title='bbox 2990 1483 3050 1534; x_wconf 87' lang='grc' dir='ltr'><strong>τὸ</strong></span> <span class='ocrx_word' id='word_1_200' title='bbox 3072 1481 3214 1534; x_wconf 84' lang='grc' dir='ltr'>κατὰ</span> <span class='ocrx_word' id='word_1_201' title='bbox 3237 1480 3336 1548; x_wconf 83' lang='grc' dir='ltr'>τῆς</span> <span class='ocrx_word' id='word_1_202' title='bbox 3369 1476 3698 1548; x_wconf 85' lang='grc' dir='ltr'>Ἐκκλησίας</span> 
     </span>
    </p>
   </div>
   <div class='ocr_carea' id='block_1_32' title="bbox 2124 1562 3698 1651">
    <p class='ocr_par' dir='ltr' id='par_1_32' title="bbox 2124 1562 3698 1651">
     <span class='ocr_line' id='line_1_32' title="bbox 2124 1562 3698 1651; baseline -0.01 -17"><span class='ocrx_word' id='word_1_203' title='bbox 2124 1584 2180 1634; x_wconf 86' lang='grc' dir='ltr'><strong>ἐν</strong></span> <span class='ocrx_word' id='word_1_204' title='bbox 2209 1584 2274 1651; x_wconf 81' lang='grc' dir='ltr'>τῇ</span> <span class='ocrx_word' id='word_1_205' title='bbox 2317 1579 2616 1649; x_wconf 74' lang='grc' dir='ltr'>Ἐκκλησία</span> <span class='ocrx_word' id='word_1_206' title='bbox 2648 1577 2928 1645; x_wconf 78' lang='grc' dir='ltr'>συνίστησι</span> <span class='ocrx_word' id='word_1_207' title='bbox 2962 1571 3346 1643; x_wconf 85' lang='grc' dir='ltr'>βουλευτήριον</span> <span class='ocrx_word' id='word_1_208' title='bbox 3381 1584 3394 1598; x_wconf 90' lang='grc'><strong>·</strong></span> <span class='ocrx_word' id='word_1_209' title='bbox 3429 1570 3487 1620; x_wconf 94' lang='lat' dir='ltr'><strong>tv</strong></span> <span class='ocrx_word' id='word_1_210' title='bbox 3587 1567 3698 1620; x_wconf 83' lang='grc' dir='ltr'><strong>πά-</strong></span> 
     </span>
    </p>
   </div>
   <div class='ocr_carea' id='block_1_33' title="bbox 2124 1657 3699 1743">
    <p class='ocr_par' dir='ltr' id='par_1_33' title="bbox 2124 1657 3699 1743">
     <span class='ocr_line' id='line_1_33' title="bbox 2124 1657 3699 1743; baseline -0.012 -15"><span class='ocrx_word' id='word_1_211' title='bbox 2124 1691 2222 1738; x_wconf 88' lang='grc' dir='ltr'><strong>σας</strong></span> <span class='ocrx_word' id='word_1_212' title='bbox 2260 1673 2357 1736; x_wconf 77' lang='grc' dir='ltr'><strong>τὰς</strong></span> <span class='ocrx_word' id='word_1_213' title='bbox 2391 1668 2889 1743; x_wconf 85' lang='grc' dir='ltr'>προμελετηθείσας</span> <span class='ocrx_word' id='word_1_214' title='bbox 2921 1666 3162 1736; x_wconf 75' lang='grc' dir='ltr'>ἀνοήτως</span> <span class='ocrx_word' id='word_1_215' title='bbox 3196 1658 3568 1731; x_wconf 81' lang='grc' dir='ltr'>παραγραφὰς</span> <span class='ocrx_word' id='word_1_216' title='bbox 3604 1657 3699 1711; x_wconf 77' lang='grc' dir='ltr'>καὶ</span> 
     </span>
    </p>
   </div>
   <div class='ocr_carea' id='block_1_34' title="bbox 445 1748 2013 1834">
    <p class='ocr_par' dir='ltr' id='par_1_34' title="bbox 445 1765 2013 1834">
     <span class='ocr_line' id='line_1_34' title="bbox 445 1765 2013 1834; baseline 0 -16"><span class='ocrx_word' id='word_1_217' title='bbox 445 1781 550 1834; x_wconf 88' lang='lat' dir='ltr'><strong>quc</strong></span> <span class='ocrx_word' id='word_1_218' title='bbox 601 1765 838 1827; x_wconf 81' lang='lat' dir='ltr'><strong>fuerant,</strong></span> <span class='ocrx_word' id='word_1_219' title='bbox 894 1766 1160 1828; x_wconf 81' lang='lat' dir='ltr'><strong>meditati,</strong></span> <span class='ocrx_word' id='word_1_220' title='bbox 1213 1774 1528 1818; x_wconf 87' lang='lat' dir='ltr'><strong>evomerent</strong></span> <span class='ocrx_word' id='word_1_221' title='bbox 1581 1773 1635 1818; x_wconf 85' lang='lat' dir='ltr'><strong>et</strong></span> <span class='ocrx_word' id='word_1_222' title='bbox 1677 1766 2013 1818; x_wconf 85' lang='lat' dir='ltr'><strong>consarcina-</strong></span> 
     </span>
    </p>
   </div>
   <div class='ocr_carea' id='block_1_35' title="bbox 2125 1748 3699 1834">
    <p class='ocr_par' dir='ltr' id='par_1_35' title="bbox 2125 1748 3699 1834">
     <span class='ocr_line' id='line_1_35' title="bbox 2125 1748 3699 1834; baseline -0.012 -18"><span class='ocrx_word' id='word_1_223' title='bbox 2125 1762 2432 1834; x_wconf 79' lang='grc' dir='ltr'>περικοπὰς</span> <span class='ocrx_word' id='word_1_224' title='bbox 2459 1759 2933 1832; x_wconf 84' lang='grc' dir='ltr'>προσεμέσαντες,</span> <span class='ocrx_word' id='word_1_225' title='bbox 2969 1756 3064 1808; x_wconf 76' lang='grc' dir='ltr'>καὶ</span> <span class='ocrx_word' id='word_1_226' title='bbox 3097 1753 3194 1822; x_wconf 83' lang='grc' dir='ltr'>τὴν</span> <span class='ocrx_word' id='word_1_227' title='bbox 3227 1748 3699 1821; x_wconf 84' lang='grc' dir='ltr'>προκαττυθεῖσαν</span> 
     </span>
    </p>
   </div>
   <div class='ocr_carea' id='block_1_36' title="bbox 447 1851 2021 1923">
    <p class='ocr_par' dir='ltr' id='par_1_36' title="bbox 447 1851 2021 1923">
     <span class='ocr_line' id='line_1_36' title="bbox 447 1851 2021 1923; baseline 0 -17"><span class='ocrx_word' id='word_1_228' title='bbox 447 1866 552 1906; x_wconf 73' lang='lat' dir='ltr'><strong>tam</strong></span> <span class='ocrx_word' id='word_1_229' title='bbox 583 1854 731 1920; x_wconf 86' lang='lat' dir='ltr'><strong>prius</strong></span> <span class='ocrx_word' id='word_1_230' title='bbox 772 1854 822 1906; x_wconf 91' lang='lat' dir='ltr'><strong>in</strong></span> <span class='ocrx_word' id='word_1_231' title='bbox 876 1852 1188 1906; x_wconf 86' lang='lat' dir='ltr'><strong>Blacheruis</strong></span> <span class='ocrx_word' id='word_1_232' title='bbox 1215 1851 1286 1922; x_wconf 80' lang='lat' dir='ltr'><strong>(k)</strong></span> <span class='ocrx_word' id='word_1_233' title='bbox 1332 1853 1671 1906; x_wconf 75' lang='lat' dir='ltr'><strong>Constantini</strong></span> <span class='ocrx_word' id='word_1_234' title='bbox 1735 1855 2021 1923; x_wconf 84' lang='lat' dir='ltr'><strong>synodum,</strong></span> 
     </span>
    </p>
   </div>
   <div class='ocr_carea' id='block_1_37' title="bbox 443 1944 2021 2007">
    <p class='ocr_par' dir='ltr' id='par_1_37' title="bbox 443 1944 2021 2007">
     <span class='ocr_line' id='line_1_37' title="bbox 443 1944 2021 2007; baseline -0.001 -8"><span class='ocrx_word' id='word_1_235' title='bbox 443 1945 686 1999; x_wconf 83' lang='lat' dir='ltr'><strong>subsidio</strong></span> <span class='ocrx_word' id='word_1_236' title='bbox 739 1954 1104 2007; x_wconf 87' lang='lat' dir='ltr'><strong>assumentes,</strong></span> <span class='ocrx_word' id='word_1_237' title='bbox 1161 1944 1301 1997; x_wconf 90' lang='lat' dir='ltr'><strong>hanc</strong></span> <span class='ocrx_word' id='word_1_238' title='bbox 1359 1944 1500 1998; x_wconf 84' lang='lat' dir='ltr'><strong>illius</strong></span> <span class='ocrx_word' id='word_1_239' title='bbox 1554 1945 2021 1998; x_wconf 89' lang='lat' dir='ltr'><strong>conﬁrmationem</strong></span> 
     </span>
    </p>
   </div>
   <div class='ocr_carea' id='block_1_38' title="bbox 445 2031 2019 2102">
    <p class='ocr_par' dir='ltr' id='par_1_38' title="bbox 445 2031 2019 2102">
     <span class='ocr_line' id='line_1_38' title="bbox 445 2031 2019 2102; baseline 0.001 -18"><span class='ocrx_word' id='word_1_240' title='bbox 445 2033 806 2102; x_wconf 65' lang='lat' dir='ltr'><strong>appellarunt,</strong></span> <span class='ocrx_word' id='word_1_241' title='bbox 865 2042 1024 2100; x_wconf 90' lang='lat' dir='ltr'><strong>atque</strong></span> <span class='ocrx_word' id='word_1_242' title='bbox 1056 2031 1108 2084; x_wconf 91' lang='lat' dir='ltr'><strong>id</strong></span> <span class='ocrx_word' id='word_1_243' title='bbox 1141 2046 1402 2098; x_wconf 87' lang='lat' dir='ltr'><strong>perquam</strong></span> <span class='ocrx_word' id='word_1_244' title='bbox 1433 2032 1626 2085; x_wconf 90' lang='lat' dir='ltr'><strong>merito</strong></span> <span class='ocrx_word' id='word_1_245' title='bbox 1655 2050 1669 2085; x_wconf 88' lang='lat'><strong>:</strong></span> <span class='ocrx_word' id='word_1_246' title='bbox 1705 2047 1824 2085; x_wconf 89' lang='lat' dir='ltr'><strong>cum</strong></span> <span class='ocrx_word' id='word_1_247' title='bbox 1875 2033 2019 2086; x_wconf 88' lang='lat' dir='ltr'><strong>enim</strong></span> 
     </span>
    </p>
   </div>
   <div class='ocr_carea' id='block_1_39' title="bbox 438 2119 2018 2190">
    <p class='ocr_par' dir='ltr' id='par_1_39' title="bbox 438 2119 2018 2190">
     <span class='ocr_line' id='line_1_39' title="bbox 438 2119 2018 2190; baseline 0.002 -16"><span class='ocrx_word' id='word_1_248' title='bbox 438 2138 560 2174; x_wconf 66' lang='lat' dir='ltr'><strong>eam</strong></span> <span class='ocrx_word' id='word_1_249' title='bbox 595 2136 657 2174; x_wconf 80' lang='lat' dir='ltr'><strong>ex</strong></span> <span class='ocrx_word' id='word_1_250' title='bbox 727 2119 950 2173; x_wconf 87' lang='lat' dir='ltr'><strong>Patrum</strong></span> <span class='ocrx_word' id='word_1_251' title='bbox 1003 2120 1260 2190; x_wconf 62' lang='lat' dir='ltr'><strong>sutl&#39;ragio</strong></span> <span class='ocrx_word' id='word_1_252' title='bbox 1305 2137 1464 2176; x_wconf 90' lang='lat' dir='ltr'><strong>omne</strong></span> <span class='ocrx_word' id='word_1_253' title='bbox 1528 2125 1692 2176; x_wconf 91' lang='lat' dir='ltr'><strong>robur</strong></span> <span class='ocrx_word' id='word_1_254' title='bbox 1743 2124 2018 2190; x_wconf 87' lang='lat' dir='ltr'><strong>deﬁceret,</strong></span> 
     </span>
    </p>
   </div>
   <div class='ocr_carea' id='block_1_40' title="bbox 447 2213 2018 2282">
    <p class='ocr_par' dir='ltr' id='par_1_40' title="bbox 447 2213 2018 2282">
     <span class='ocr_line' id='line_1_40' title="bbox 447 2213 2018 2282; baseline 0.002 -18"><span class='ocrx_word' id='word_1_255' title='bbox 447 2223 732 2281; x_wconf 72' lang='lat' dir='ltr'><strong>mque,ut</strong></span> <span class='ocrx_word' id='word_1_256' title='bbox 793 2214 876 2265; x_wconf 73' lang='lat' dir='ltr'><strong>lex</strong></span> <span class='ocrx_word' id='word_1_257' title='bbox 937 2213 1307 2266; x_wconf 86' lang='lat' dir='ltr'><strong>ecclesiastica</strong></span> <span class='ocrx_word' id='word_1_258' title='bbox 1367 2223 1541 2276; x_wconf 82' lang='lat' dir='ltr'><strong>cavet,</strong></span> <span class='ocrx_word' id='word_1_259' title='bbox 1599 2216 2018 2282; x_wconf 87' lang='lat' dir='ltr'><strong>apostolicarum</strong></span> 
     </span>
    </p>
   </div>
   <div class='ocr_carea' id='block_1_41' title="bbox 444 2291 2017 2372">
    <p class='ocr_par' dir='ltr' id='par_1_41' title="bbox 444 2291 2017 2372">
     <span class='ocr_line' id='line_1_41' title="bbox 444 2291 2017 2372; baseline 0.003 -15"><span class='ocrx_word' id='word_1_260' title='bbox 444 2307 653 2357; x_wconf 75' lang='lat' dir='ltr'><strong>sedtum</strong></span> <span class='ocrx_word' id='word_1_261' title='bbox 705 2305 978 2356; x_wconf 84' lang='lat' dir='ltr'><strong>antistites</strong></span> <span class='ocrx_word' id='word_1_262' title='bbox 1037 2291 1172 2357; x_wconf 87' lang='lat' dir='ltr'><strong>ullos</strong></span> <span class='ocrx_word' id='word_1_263' title='bbox 1238 2305 1640 2359; x_wconf 78' lang='lat' dir='ltr'><strong>consentientes</strong></span> <span class='ocrx_word' id='word_1_264' title='bbox 1689 2307 2017 2372; x_wconf 57' lang='lat' dir='ltr'><strong>haberet,“</strong></span> 
     </span>
    </p>
   </div>
   <div class='ocr_carea' id='block_1_42' title="bbox 442 2394 2016 2458">
    <p class='ocr_par' dir='ltr' id='par_1_42' title="bbox 442 2394 2016 2458">
     <span class='ocr_line' id='line_1_42' title="bbox 442 2394 2016 2458; baseline 0 -9"><span class='ocrx_word' id='word_1_265' title='bbox 442 2399 524 2450; x_wconf 91' lang='lat' dir='ltr'><strong>sui</strong></span> <span class='ocrx_word' id='word_1_266' title='bbox 582 2398 849 2450; x_wconf 88' lang='lat' dir='ltr'><strong>similibus</strong></span> <span class='ocrx_word' id='word_1_267' title='bbox 883 2410 977 2449; x_wconf 84' lang='lat' dir='ltr'><strong>sua</strong></span> <span class='ocrx_word' id='word_1_268' title='bbox 1018 2394 1402 2458; x_wconf 89' lang='lat' dir='ltr'><strong>conﬁrmabat,</strong></span> <span class='ocrx_word' id='word_1_269' title='bbox 1440 2410 1502 2449; x_wconf 90' lang='lat' dir='ltr'><strong>ac</strong></span> <span class='ocrx_word' id='word_1_270' title='bbox 1532 2396 1816 2451; x_wconf 87' lang='lat' dir='ltr'><strong>mendacio</strong></span> <span class='ocrx_word' id='word_1_271' title='bbox 1851 2412 2016 2451; x_wconf 88' lang='lat' dir='ltr'><strong>cona-</strong></span> 
     </span>
    </p>
   </div>
   <div class='ocr_carea' id='block_1_43' title="bbox 444 2484 2016 2556">
    <p class='ocr_par' dir='ltr' id='par_1_43' title="bbox 444 2484 2016 2556">
     <span class='ocr_line' id='line_1_43' title="bbox 444 2484 2016 2556; baseline 0 -13"><span class='ocrx_word' id='word_1_272' title='bbox 444 2491 603 2543; x_wconf 89' lang='lat' dir='ltr'><strong>batur</strong></span> <span class='ocrx_word' id='word_1_273' title='bbox 638 2487 852 2540; x_wconf 77' lang='lat' dir='ltr'><strong>veritati</strong></span> <span class='ocrx_word' id='word_1_274' title='bbox 911 2487 1210 2553; x_wconf 85' lang='lat' dir='ltr'><strong>imponere.</strong></span> <span class='ocrx_word' id='word_1_275' title='bbox 1241 2484 1336 2540; x_wconf 89' lang='lat' dir='ltr'><strong>His</strong></span> <span class='ocrx_word' id='word_1_276' title='bbox 1368 2486 1541 2555; x_wconf 90' lang='lat' dir='ltr'><strong>prima</strong></span> <span class='ocrx_word' id='word_1_277' title='bbox 1575 2488 1880 2556; x_wconf 86' lang='lat' dir='ltr'><strong>pestilentis</strong></span> <span class='ocrx_word' id='word_1_278' title='bbox 1905 2503 2016 2543; x_wconf 70' lang='lat' dir='ltr'><strong>suae</strong></span> 
     </span>
    </p>
   </div>
   <div class='ocr_carea' id='block_1_44' title="bbox 445 2577 2015 2639">
    <p class='ocr_par' dir='ltr' id='par_1_44' title="bbox 445 2577 2015 2639">
     <span class='ocr_line' id='line_1_44' title="bbox 445 2577 2015 2639; baseline -0.001 -5"><span class='ocrx_word' id='word_1_279' title='bbox 445 2579 704 2634; x_wconf 86' lang='lat' dir='ltr'><strong>sessionis</strong></span> <span class='ocrx_word' id='word_1_280' title='bbox 762 2578 847 2630; x_wconf 90' lang='lat' dir='ltr'><strong>die</strong></span> <span class='ocrx_word' id='word_1_281' title='bbox 882 2577 1131 2639; x_wconf 87' lang='lat' dir='ltr'><strong>sancitis,</strong></span> <span class='ocrx_word' id='word_1_282' title='bbox 1171 2587 1476 2631; x_wconf 81' lang='lat' dir='ltr'><strong>conventus</strong></span> <span class='ocrx_word' id='word_1_283' title='bbox 1525 2577 1737 2632; x_wconf 91' lang='lat' dir='ltr'><strong>solutus</strong></span> <span class='ocrx_word' id='word_1_284' title='bbox 1771 2587 1871 2632; x_wconf 91' lang='lat' dir='ltr'><strong>est.</strong></span> <span class='ocrx_word' id='word_1_285' title='bbox 1915 2578 2015 2633; x_wconf 84' lang='lat' dir='ltr'><strong>Se-</strong></span> 
     </span>
    </p>
   </div>
   <div class='ocr_carea' id='block_1_45' title="bbox 441 2664 2015 2738">
    <p class='ocr_par' dir='ltr' id='par_1_45' title="bbox 441 2664 2015 2738">
     <span class='ocr_line' id='line_1_45' title="bbox 441 2664 2015 2738; baseline 0.003 -19"><span class='ocrx_word' id='word_1_286' title='bbox 441 2668 630 2736; x_wconf 83' lang='lat' dir='ltr'><strong>quenti</strong></span> <span class='ocrx_word' id='word_1_287' title='bbox 691 2674 870 2719; x_wconf 89' lang='lat' dir='ltr'><strong>autem</strong></span> <span class='ocrx_word' id='word_1_288' title='bbox 923 2665 974 2718; x_wconf 91' lang='lat' dir='ltr'><strong>in</strong></span> <span class='ocrx_word' id='word_1_289' title='bbox 1047 2681 1214 2718; x_wconf 91' lang='lat' dir='ltr'><strong>unum</strong></span> <span class='ocrx_word' id='word_1_290' title='bbox 1277 2664 1631 2730; x_wconf 84' lang='lat' dir='ltr'><strong>conﬂuentes,</strong></span> <span class='ocrx_word' id='word_1_291' title='bbox 1683 2678 2015 2738; x_wconf 87' lang='lat' dir='ltr'><strong>occeperunt</strong></span> 
     </span>
    </p>
   </div>
   <div class='ocr_carea' id='block_1_46' title="bbox 442 2756 2014 2828">
    <p class='ocr_par' dir='ltr' id='par_1_46' title="bbox 442 2756 2014 2828">
     <span class='ocr_line' id='line_1_46' title="bbox 442 2756 2014 2828; baseline 0.002 -18"><span class='ocrx_word' id='word_1_292' title='bbox 442 2756 575 2810; x_wconf 79' lang='lat' dir='ltr'><strong>falsa</strong></span> <span class='ocrx_word' id='word_1_293' title='bbox 604 2759 852 2826; x_wconf 78' lang='lat' dir='ltr'><strong>dOgmata</strong></span> <span class='ocrx_word' id='word_1_294' title='bbox 880 2770 976 2809; x_wconf 86' lang='lat' dir='ltr'><strong>sua</strong></span> <span class='ocrx_word' id='word_1_295' title='bbox 1007 2770 1302 2824; x_wconf 84' lang='lat' dir='ltr'><strong>exponere,</strong></span> <span class='ocrx_word' id='word_1_296' title='bbox 1326 2771 1444 2825; x_wconf 79' lang='lat' dir='ltr'><strong>quae</strong></span> <span class='ocrx_word' id='word_1_297' title='bbox 1470 2757 1633 2810; x_wconf 90' lang='lat' dir='ltr'><strong>etiam</strong></span> <span class='ocrx_word' id='word_1_298' title='bbox 1689 2758 1865 2827; x_wconf 84' lang='lat' dir='ltr'><strong>palam</strong></span> <span class='ocrx_word' id='word_1_299' title='bbox 1889 2775 2014 2828; x_wconf 88' lang='lat' dir='ltr'><strong>pro-</strong></span> 
     </span>
    </p>
   </div>
   <div class='ocr_carea' id='block_1_47' title="bbox 443 2845 2014 2914">
    <p class='ocr_par' dir='ltr' id='par_1_47' title="bbox 443 2845 2014 2914">
     <span class='ocr_line' id='line_1_47' title="bbox 443 2845 2014 2914; baseline 0.002 -13"><span class='ocrx_word' id='word_1_300' title='bbox 443 2848 695 2902; x_wconf 88' lang='lat' dir='ltr'><strong>diderunt</strong></span> <span class='ocrx_word' id='word_1_301' title='bbox 725 2845 986 2900; x_wconf 64' lang='lat' dir='ltr'><strong>saevitiam</strong></span> <span class='ocrx_word' id='word_1_302' title='bbox 1048 2846 1344 2914; x_wconf 72' lang='lat' dir='ltr'><strong>pra-fracta:</strong></span> <span class='ocrx_word' id='word_1_303' title='bbox 1401 2862 1515 2901; x_wconf 68' lang='lat' dir='ltr'><strong>sure</strong></span> <span class='ocrx_word' id='word_1_304' title='bbox 1549 2849 1784 2901; x_wconf 78' lang='lat' dir='ltr'><strong>malitiae.</strong></span> <span class='ocrx_word' id='word_1_305' title='bbox 1821 2847 2014 2914; x_wconf 59' lang='lat' dir='ltr'><strong>Quaeso</strong></span> 
     </span>
    </p>
   </div>
   <div class='ocr_carea' id='block_1_48' title="bbox 446 2935 2008 3008">
    <p class='ocr_par' dir='ltr' id='par_1_48' title="bbox 446 2935 2008 3008">
     <span class='ocr_line' id='line_1_48' title="bbox 446 2935 2008 3008; baseline 0 -16"><span class='ocrx_word' id='word_1_306' title='bbox 446 2949 656 3002; x_wconf 85' lang='lat' dir='ltr'><strong>autem,</strong></span> <span class='ocrx_word' id='word_1_307' title='bbox 718 2937 1060 2990; x_wconf 81' lang='lat' dir='ltr'><strong>crudelitatis</strong></span> <span class='ocrx_word' id='word_1_308' title='bbox 1089 2951 1274 2990; x_wconf 90' lang='lat' dir='ltr'><strong>eorum</strong></span> <span class='ocrx_word' id='word_1_309' title='bbox 1305 2935 1685 2992; x_wconf 85' lang='lat' dir='ltr'><strong>enormitatem</strong></span> <span class='ocrx_word' id='word_1_310' title='bbox 1725 2939 2008 3008; x_wconf 86' lang='lat' dir='ltr'><strong>attendite.</strong></span> 
     </span>
    </p>
   </div>
   <div class='ocr_carea' id='block_1_49' title="bbox 2127 1837 3700 1922">
    <p class='ocr_par' dir='ltr' id='par_1_49' title="bbox 2127 1837 3700 1922">
     <span class='ocr_line' id='line_1_49' title="bbox 2127 1837 3700 1922; baseline -0.011 -17"><span class='ocrx_word' id='word_1_311' title='bbox 2127 1855 2184 1905; x_wconf 89' lang='lat' dir='ltr'><strong>tv</strong></span> <span class='ocrx_word' id='word_1_312' title='bbox 2244 1851 2578 1922; x_wconf 84' lang='grc' dir='ltr'>Βλαχέρναις</span> <span class='ocrx_word' id='word_1_313' title='bbox 2641 1846 3058 1900; x_wconf 82' lang='grc' dir='ltr'>Κωνσταντίνου</span> <span class='ocrx_word' id='word_1_314' title='bbox 3130 1840 3349 1896; x_wconf 78' lang='grc' dir='ltr'>σύνοδον</span> <span class='ocrx_word' id='word_1_315' title='bbox 3408 1837 3700 1908; x_wconf 77' lang='grc' dir='ltr'>ἐπίκουρον</span> 
     </span>
    </p>
   </div>
   <div class='ocr_carea' id='block_1_50' title="bbox 2124 1927 3695 2012">
    <p class='ocr_par' dir='ltr' id='par_1_50' title="bbox 2124 1927 3695 2012">
     <span class='ocr_line' id='line_1_50' title="bbox 2124 1927 3695 2012; baseline -0.011 -17"><span class='ocrx_word' id='word_1_316' title='bbox 2124 1943 2335 2012; x_wconf 75' lang='grc' dir='ltr'>ἔχοντες</span> <span class='ocrx_word' id='word_1_317' title='bbox 2355 1978 2370 2004; x_wconf 92' lang='grc'><strong>,</strong></span> <span class='ocrx_word' id='word_1_318' title='bbox 2401 1935 2811 2009; x_wconf 84' lang='grc' dir='ltr'>ἐπικυρωτικὴν</span> <span class='ocrx_word' id='word_1_319' title='bbox 2863 1933 3068 2004; x_wconf 88' lang='grc' dir='ltr'>ταύτην</span> <span class='ocrx_word' id='word_1_320' title='bbox 3115 1930 3330 2000; x_wconf 77' lang='grc' dir='ltr'>ἐκείνης</span> <span class='ocrx_word' id='word_1_321' title='bbox 3356 1927 3654 1995; x_wconf 82' lang='grc' dir='ltr'>ὠνόμασαν</span> <span class='ocrx_word' id='word_1_322' title='bbox 3678 1965 3695 1989; x_wconf 89' lang='grc'><strong>,</strong></span> 
     </span>
    </p>
   </div>
   <div class='ocr_carea' id='block_1_51' title="bbox 2122 2020 3697 2100">
    <p class='ocr_par' dir='ltr' id='par_1_51' title="bbox 2122 2020 3697 2100">
     <span class='ocr_line' id='line_1_51' title="bbox 2122 2020 3697 2100; baseline -0.011 -11"><span class='ocrx_word' id='word_1_323' title='bbox 2122 2037 2218 2089; x_wconf 72' lang='grc' dir='ltr'><strong>καὶ</strong></span> <span class='ocrx_word' id='word_1_324' title='bbox 2245 2035 2365 2088; x_wconf 86' lang='grc' dir='ltr'>λίαν</span> <span class='ocrx_word' id='word_1_325' title='bbox 2413 2034 2660 2096; x_wconf 75' lang='grc' dir='ltr'>εἰκότως.</span> <span class='ocrx_word' id='word_1_326' title='bbox 2694 2033 2789 2084; x_wconf 88' lang='grc' dir='ltr'>Ἐκ</span> <span class='ocrx_word' id='word_1_327' title='bbox 2825 2029 2935 2100; x_wconf 84' lang='grc' dir='ltr'><strong>γὰρ</strong></span> <span class='ocrx_word' id='word_1_328' title='bbox 2969 2025 3252 2097; x_wconf 75' lang='grc' dir='ltr'>[ἰατρικῆς</span> <span class='ocrx_word' id='word_1_329' title='bbox 3282 2021 3616 2092; x_wconf 87' lang='grc' dir='ltr'>συνηγορίας</span> <span class='ocrx_word' id='word_1_330' title='bbox 3635 2020 3697 2072; x_wconf 84' lang='grc' dir='ltr'><strong>τδ</strong></span> 
     </span>
    </p>
   </div>
   <div class='ocr_carea' id='block_1_52' title="bbox 2122 2113 3696 2196">
    <p class='ocr_par' dir='ltr' id='par_1_52' title="bbox 2122 2113 3696 2196">
     <span class='ocr_line' id='line_1_52' title="bbox 2122 2113 3696 2196; baseline -0.007 -17"><span class='ocrx_word' id='word_1_331' title='bbox 2122 2125 2290 2196; x_wconf 83' lang='grc' dir='ltr'>κῦρος</span> <span class='ocrx_word' id='word_1_332' title='bbox 2351 2127 2451 2178; x_wconf 75' lang='grc' dir='ltr'><strong>οὐκ</strong></span> <span class='ocrx_word' id='word_1_333' title='bbox 2501 2124 2764 2194; x_wconf 75' lang='grc' dir='ltr'>ἔχουσαν,</span> <span class='ocrx_word' id='word_1_334' title='bbox 2800 2121 2925 2176; x_wconf 76' lang='grc' dir='ltr'>οὔτε</span> <span class='ocrx_word' id='word_1_335' title='bbox 2969 2121 3028 2187; x_wconf 81' lang='grc' dir='ltr'><strong>ἐξ</strong></span> <span class='ocrx_word' id='word_1_336' title='bbox 3077 2115 3451 2173; x_wconf 64' lang='grc' dir='ltr'>ἀπστολικῶν</span> <span class='ocrx_word' id='word_1_337' title='bbox 3486 2113 3696 2183; x_wconf 79' lang='grc' dir='ltr'>θρόνων</span> 
     </span>
    </p>
   </div>
   <div class='ocr_carea' id='block_1_53' title="bbox 2122 2203 3695 2286">
    <p class='ocr_par' dir='ltr' id='par_1_53' title="bbox 2122 2203 3695 2286">
     <span class='ocr_line' id='line_1_53' title="bbox 2122 2203 3695 2286; baseline -0.004 -21"><span class='ocrx_word' id='word_1_338' title='bbox 2122 2216 2428 2286; x_wconf 82' lang='grc' dir='ltr'>συνέδρους,</span> <span class='ocrx_word' id='word_1_339' title='bbox 2455 2216 2531 2278; x_wconf 85' lang='grc' dir='ltr'>ὡς</span> <span class='ocrx_word' id='word_1_340' title='bbox 2564 2215 2725 2284; x_wconf 90' lang='grc' dir='ltr'>νόμος</span> <span class='ocrx_word' id='word_1_341' title='bbox 2767 2214 2914 2265; x_wconf 87' lang='grc' dir='ltr'>ἐστίν</span> <span class='ocrx_word' id='word_1_342' title='bbox 2945 2208 3414 2281; x_wconf 82' lang='grc' dir='ltr'>ἐκκλησιαστικδς,</span> <span class='ocrx_word' id='word_1_343' title='bbox 3455 2203 3695 2276; x_wconf 82' lang='grc' dir='ltr'>εὐπορή-</span> 
     </span>
    </p>
   </div>
   <div class='ocr_carea' id='block_1_54' title="bbox 2121 2299 3691 2375">
    <p class='ocr_par' dir='ltr' id='par_1_54' title="bbox 2121 2299 3691 2375">
     <span class='ocr_line' id='line_1_54' title="bbox 2121 2299 3691 2375; baseline -0.008 -15"><span class='ocrx_word' id='word_1_344' title='bbox 2121 2323 2313 2369; x_wconf 90' lang='grc' dir='ltr'>σασαν,</span> <span class='ocrx_word' id='word_1_345' title='bbox 2347 2307 2414 2360; x_wconf 87' lang='grc' dir='ltr'><strong>ἐκ</strong></span> <span class='ocrx_word' id='word_1_346' title='bbox 2446 2307 2503 2359; x_wconf 83' lang='grc' dir='ltr'><strong>δέ</strong></span> <span class='ocrx_word' id='word_1_347' title='bbox 2532 2306 2640 2358; x_wconf 88' lang='grc' dir='ltr'><strong>τῶν</strong></span> <span class='ocrx_word' id='word_1_348' title='bbox 2677 2304 2881 2375; x_wconf 84' lang='grc' dir='ltr'>ὁμοίων</span> <span class='ocrx_word' id='word_1_349' title='bbox 2909 2304 3044 2372; x_wconf 77' lang='grc' dir='ltr'>αὐτῇ</span> <span class='ocrx_word' id='word_1_350' title='bbox 3082 2301 3152 2354; x_wconf 82' lang='grc' dir='ltr'>τὰ</span> <span class='ocrx_word' id='word_1_351' title='bbox 3182 2300 3381 2368; x_wconf 80' lang='grc' dir='ltr'>ἑαυτῆς</span> <span class='ocrx_word' id='word_1_352' title='bbox 3417 2299 3691 2366; x_wconf 87' lang='grc' dir='ltr'>ἐπικυροί,</span> 
     </span>
    </p>
   </div>
   <div class='ocr_carea' id='block_1_55' title="bbox 2118 2387 3694 2468">
    <p class='ocr_par' dir='ltr' id='par_1_55' title="bbox 2118 2387 3694 2468">
     <span class='ocr_line' id='line_1_55' title="bbox 2118 2387 3694 2468; baseline -0.007 -18"><span class='ocrx_word' id='word_1_353' title='bbox 2118 2399 2212 2451; x_wconf 77' lang='grc' dir='ltr'><strong>καὶ</strong></span> <span class='ocrx_word' id='word_1_354' title='bbox 2255 2396 2334 2467; x_wconf 83' lang='grc' dir='ltr'>τῷ</span> <span class='ocrx_word' id='word_1_355' title='bbox 2375 2397 2564 2467; x_wconf 70' lang='grc' dir='ltr'>ψεύδει</span> <span class='ocrx_word' id='word_1_356' title='bbox 2611 2397 2869 2468; x_wconf 78' lang='grc' dir='ltr'>πειρᾶταί</span> <span class='ocrx_word' id='word_1_357' title='bbox 2923 2389 3385 2464; x_wconf 79' lang='grc' dir='ltr'>παραλογίζεσθαι</span> <span class='ocrx_word' id='word_1_358' title='bbox 3427 2389 3526 2458; x_wconf 84' lang='grc' dir='ltr'><strong>τὴν</strong></span> <span class='ocrx_word' id='word_1_359' title='bbox 3563 2387 3694 2457; x_wconf 77' lang='grc' dir='ltr'><strong>ἁλὴο</strong></span> 
     </span>
    </p>
   </div>
   <div class='ocr_carea' id='block_1_56' title="bbox 2118 2479 3686 2558">
    <p class='ocr_par' dir='ltr' id='par_1_56' title="bbox 2118 2479 3686 2558">
     <span class='ocr_line' id='line_1_56' title="bbox 2118 2479 3686 2558; baseline -0.006 -18"><span class='ocrx_word' id='word_1_360' title='bbox 2118 2488 2291 2542; x_wconf 89' lang='grc' dir='ltr'>θειαν.</span> <span class='ocrx_word' id='word_1_361' title='bbox 2311 2487 2499 2542; x_wconf 88' lang='grc' dir='ltr'>Ταῦτα</span> <span class='ocrx_word' id='word_1_362' title='bbox 2529 2490 2596 2558; x_wconf 78' lang='grc' dir='ltr'>τῇ</span> <span class='ocrx_word' id='word_1_363' title='bbox 2639 2487 2832 2558; x_wconf 80' lang='grc' dir='ltr'>πρώτῃ</span> <span class='ocrx_word' id='word_1_364' title='bbox 2869 2487 2970 2556; x_wconf 84' lang='grc' dir='ltr'>τῆς</span> <span class='ocrx_word' id='word_1_365' title='bbox 3017 2481 3298 2554; x_wconf 86' lang='grc' dir='ltr'>λυμὼδους</span> <span class='ocrx_word' id='word_1_366' title='bbox 3339 2479 3521 2534; x_wconf 75' lang='grc' dir='ltr'>αὐτῶν</span> <span class='ocrx_word' id='word_1_367' title='bbox 3555 2480 3686 2540; x_wconf 83' lang='grc' dir='ltr'>καθ-</span> 
     </span>
    </p>
   </div>
   <div class='ocr_carea' id='block_1_57' title="bbox 2118 2567 3695 2649">
    <p class='ocr_par' dir='ltr' id='par_1_57' title="bbox 2118 2567 3695 2649">
     <span class='ocr_line' id='line_1_57' title="bbox 2118 2567 3695 2649; baseline -0.007 -19"><span class='ocrx_word' id='word_1_368' title='bbox 2118 2577 2280 2647; x_wconf 88' lang='grc' dir='ltr'>έδρας</span> <span class='ocrx_word' id='word_1_369' title='bbox 2354 2578 2540 2649; x_wconf 75' lang='grc' dir='ltr'>ἡμέρα</span> <span class='ocrx_word' id='word_1_370' title='bbox 2593 2577 2952 2638; x_wconf 86' lang='grc' dir='ltr'>θεσπίσαντες</span> <span class='ocrx_word' id='word_1_371' title='bbox 2998 2573 3301 2628; x_wconf 87' lang='grc' dir='ltr'>διελύοντο·</span> <span class='ocrx_word' id='word_1_372' title='bbox 3348 2569 3502 2641; x_wconf 83' lang='grc' dir='ltr'>τῇδέ</span> <span class='ocrx_word' id='word_1_373' title='bbox 3553 2567 3695 2639; x_wconf 81' lang='grc' dir='ltr'>μετὰ</span> 
     </span>
    </p>
   </div>
   <div class='ocr_carea' id='block_1_58' title="bbox 2113 2657 3692 2737">
    <p class='ocr_par' dir='ltr' id='par_1_58' title="bbox 2113 2657 3692 2737">
     <span class='ocr_line' id='line_1_58' title="bbox 2113 2657 3692 2737; baseline -0.008 -16"><span class='ocrx_word' id='word_1_374' title='bbox 2113 2667 2321 2737; x_wconf 86' lang='grc' dir='ltr'>ταύτην</span> <span class='ocrx_word' id='word_1_375' title='bbox 2347 2667 2440 2719; x_wconf 75' lang='grc' dir='ltr'>ἐπὶ</span> <span class='ocrx_word' id='word_1_376' title='bbox 2464 2666 2525 2718; x_wconf 81' lang='grc' dir='ltr'><strong>τὸ</strong></span> <span class='ocrx_word' id='word_1_377' title='bbox 2558 2666 2688 2720; x_wconf 85' lang='grc' dir='ltr'>αὐτὸ</span> <span class='ocrx_word' id='word_1_378' title='bbox 2715 2665 3028 2737; x_wconf 71' lang='grc' dir='ltr'>συνέρρεον,</span> <span class='ocrx_word' id='word_1_379' title='bbox 3071 2663 3165 2716; x_wconf 76' lang='grc' dir='ltr'>καὶ</span> <span class='ocrx_word' id='word_1_380' title='bbox 3191 2659 3300 2715; x_wconf 79' lang='grc' dir='ltr'>τῶν</span> <span class='ocrx_word' id='word_1_381' title='bbox 3329 2659 3426 2713; x_wconf 89' lang='grc' dir='ltr'><strong>τοῦ</strong></span> <span class='ocrx_word' id='word_1_382' title='bbox 3459 2657 3692 2728; x_wconf 80' lang='grc' dir='ltr'>ψεύδους</span> 
     </span>
    </p>
   </div>
   <div class='ocr_carea' id='block_1_59' title="bbox 2113 2747 3694 2830">
    <p class='ocr_par' dir='ltr' id='par_1_59' title="bbox 2113 2747 3694 2830">
     <span class='ocr_line' id='line_1_59' title="bbox 2113 2747 3694 2830; baseline -0.006 -18"><span class='ocrx_word' id='word_1_383' title='bbox 2113 2759 2404 2829; x_wconf 82' lang='grc' dir='ltr'>δογμάτων</span> <span class='ocrx_word' id='word_1_384' title='bbox 2435 2760 2770 2829; x_wconf 83' lang='grc' dir='ltr'>ἀπήρχοντο,</span> <span class='ocrx_word' id='word_1_385' title='bbox 2798 2759 2854 2811; x_wconf 86' lang='grc' dir='ltr'><strong>ἐν</strong></span> <span class='ocrx_word' id='word_1_386' title='bbox 2942 2755 3038 2810; x_wconf 78' lang='grc' dir='ltr'>καὶ</span> <span class='ocrx_word' id='word_1_387' title='bbox 3064 2755 3126 2808; x_wconf 78' lang='grc' dir='ltr'><strong>τὸ</strong></span> <span class='ocrx_word' id='word_1_388' title='bbox 3153 2754 3362 2824; x_wconf 77' lang='grc' dir='ltr'>ἀπηνὲς</span> <span class='ocrx_word' id='word_1_389' title='bbox 3389 2751 3490 2822; x_wconf 83' lang='grc' dir='ltr'>τῆς</span> <span class='ocrx_word' id='word_1_390' title='bbox 3514 2747 3694 2804; x_wconf 79' lang='grc' dir='ltr'>αὐτῶν</span> 
     </span>
    </p>
   </div>
   <div class='ocr_carea' id='block_1_60' title="bbox 2114 2850 3199 2923">
    <p class='ocr_par' dir='ltr' id='par_1_60' title="bbox 2114 2850 3199 2923">
     <span class='ocr_line' id='line_1_60' title="bbox 2114 2850 3199 2923; baseline -0.005 -16"><span class='ocrx_word' id='word_1_391' title='bbox 2114 2852 2453 2923; x_wconf 81' lang='grc' dir='ltr'>ἀτεράμονος</span> <span class='ocrx_word' id='word_1_392' title='bbox 2486 2850 2788 2921; x_wconf 82' lang='grc' dir='ltr'>κακότητος</span> <span class='ocrx_word' id='word_1_393' title='bbox 2821 2850 3199 2904; x_wconf 89' lang='grc' dir='ltr'>διεδείκνυντο.</span> 
     </span>
    </p>
   </div>
   <div class='ocr_carea' id='block_1_61' title="bbox 510 3048 2013 3138">
    <p class='ocr_par' dir='ltr' id='par_1_61' title="bbox 510 3048 2006 3117">
     <span class='ocr_line' id='line_1_61' title="bbox 510 3048 2006 3117; baseline -0.001 -10"><span class='ocrx_word' id='word_1_394' title='bbox 510 3053 602 3107; x_wconf 78' lang='grc'><strong>74.</strong></span> <span class='ocrx_word' id='word_1_395' title='bbox 635 3051 768 3105; x_wconf 87' lang='lat' dir='ltr'><strong>Cum</strong></span> <span class='ocrx_word' id='word_1_396' title='bbox 815 3060 973 3103; x_wconf 69' lang='lat' dir='ltr'><strong>rectae</strong></span> <span class='ocrx_word' id='word_1_397' title='bbox 1002 3048 1360 3103; x_wconf 80' lang='lat' dir='ltr'><strong>confessionis</strong></span> <span class='ocrx_word' id='word_1_398' title='bbox 1409 3049 1693 3116; x_wconf 86' lang='lat' dir='ltr'><strong>episcopos</strong></span> <span class='ocrx_word' id='word_1_399' title='bbox 1743 3051 2006 3117; x_wconf 89' lang='lat' dir='ltr'><strong>quosdam</strong></span> 
     </span>
    </p>
   </div>
   <div class='ocr_carea' id='block_1_62' title="bbox 2125 3048 3695 3138">
    <p class='ocr_par' dir='ltr' id='par_1_62' title="bbox 2182 3051 3695 3124">
     <span class='ocr_line' id='line_1_62' title="bbox 2182 3051 3695 3124; baseline 0.002 -17"><span class='ocrx_word' id='word_1_400' title='bbox 2182 3053 2274 3107; x_wconf 85' lang='grc' dir='ltr'>οδ’.</span> <span class='ocrx_word' id='word_1_401' title='bbox 2302 3053 2412 3106; x_wconf 77' lang='grc' dir='ltr'><strong>Καὶ</strong></span> <span class='ocrx_word' id='word_1_402' title='bbox 2433 3053 2596 3124; x_wconf 73' lang='grc' dir='ltr'>ὁρᾶτε</span> <span class='ocrx_word' id='word_1_403' title='bbox 2617 3053 2713 3124; x_wconf 81' lang='grc' dir='ltr'>τὴν</span> <span class='ocrx_word' id='word_1_404' title='bbox 2741 3051 3048 3124; x_wconf 79' lang='grc' dir='ltr'>ὑπερϐολὴν</span> <span class='ocrx_word' id='word_1_405' title='bbox 3071 3052 3171 3122; x_wconf 81' lang='grc' dir='ltr'>τῆς</span> <span class='ocrx_word' id='word_1_406' title='bbox 3196 3053 3504 3124; x_wconf 82' lang='grc' dir='ltr'>ὠμότητος.</span> <span class='ocrx_word' id='word_1_407' title='bbox 3532 3056 3695 3110; x_wconf 73' lang='grc' dir='ltr'>Ἂπο·</span> 
     </span>
    </p>
   </div>
   <div class='ocr_carea' id='block_1_63' title="bbox 444 3139 2010 3211">
    <p class='ocr_par' dir='ltr' id='par_1_63' title="bbox 444 3139 2010 3211">
     <span class='ocr_line' id='line_1_63' title="bbox 444 3139 2010 3211; baseline -0.002 -13"><span class='ocrx_word' id='word_1_408' title='bbox 444 3143 814 3211; x_wconf 82' lang='lat' dir='ltr'><strong>delegissent,</strong></span> <span class='ocrx_word' id='word_1_409' title='bbox 870 3154 1007 3208; x_wconf 88' lang='lat' dir='ltr'><strong>quos</strong></span> <span class='ocrx_word' id='word_1_410' title='bbox 1060 3155 1088 3191; x_wconf 92' lang='lat' dir='ltr'><strong>a</strong></span> <span class='ocrx_word' id='word_1_411' title='bbox 1152 3139 1323 3207; x_wconf 85' lang='lat' dir='ltr'><strong>prima</strong></span> <span class='ocrx_word' id='word_1_412' title='bbox 1383 3139 1566 3192; x_wconf 88' lang='lat' dir='ltr'><strong>statim</strong></span> <span class='ocrx_word' id='word_1_413' title='bbox 1627 3143 2010 3209; x_wconf 77' lang='lat' dir='ltr'><strong>congressione</strong></span> 
     </span>
    </p>
   </div>
   <div class='ocr_carea' id='block_1_64' title="bbox 442 3228 2010 3289">
    <p class='ocr_par' dir='ltr' id='par_1_64' title="bbox 442 3228 2010 3289">
     <span class='ocr_line' id='line_1_64' title="bbox 442 3228 2010 3289; baseline -0.001 -2"><span class='ocrx_word' id='word_1_414' title='bbox 442 3233 723 3288; x_wconf 85' lang='lat' dir='ltr'><strong>subactum</strong></span> <span class='ocrx_word' id='word_1_415' title='bbox 758 3231 822 3282; x_wconf 92' lang='lat' dir='ltr'><strong>iri</strong></span> <span class='ocrx_word' id='word_1_416' title='bbox 871 3228 1280 3289; x_wconf 81' lang='lat' dir='ltr'><strong>existimabant,</strong></span> <span class='ocrx_word' id='word_1_417' title='bbox 1323 3229 1496 3281; x_wconf 89' lang='lat' dir='ltr'><strong>sacris</strong></span> <span class='ocrx_word' id='word_1_418' title='bbox 1532 3229 1742 3282; x_wconf 89' lang='lat' dir='ltr'><strong>illorutn</strong></span> <span class='ocrx_word' id='word_1_419' title='bbox 1771 3232 2010 3286; x_wconf 84' lang='lat' dir='ltr'><strong>vestibus</strong></span> 
     </span>
    </p>
   </div>
   <div class='ocr_carea' id='block_1_65' title="bbox 444 3311 2014 3388">
    <p class='ocr_par' dir='ltr' id='par_1_65' title="bbox 444 3311 2014 3388">
     <span class='ocr_line' id='line_1_65' title="bbox 444 3311 2014 3388; baseline 0 -12"><span class='ocrx_word' id='word_1_420' title='bbox 444 3324 498 3376; x_wconf 87' lang='lat' dir='ltr'><strong>in</strong></span> <span class='ocrx_word' id='word_1_421' title='bbox 530 3322 767 3375; x_wconf 90' lang='lat' dir='ltr'><strong>minutos</strong></span> <span class='ocrx_word' id='word_1_422' title='bbox 819 3334 1022 3388; x_wconf 89' lang='lat' dir='ltr'><strong>pannos</strong></span> <span class='ocrx_word' id='word_1_423' title='bbox 1057 3319 1370 3381; x_wconf 90' lang='lat' dir='ltr'><strong>conscissis,</strong></span> <span class='ocrx_word' id='word_1_424' title='bbox 1392 3333 1484 3372; x_wconf 89' lang='lat' dir='ltr'><strong>eos</strong></span> <span class='ocrx_word' id='word_1_425' title='bbox 1511 3333 1612 3388; x_wconf 85' lang='lat' dir='ltr'><strong>pro</strong></span> <span class='ocrx_word' id='word_1_426' title='bbox 1653 3319 1874 3388; x_wconf 88' lang='lat' dir='ltr'><strong>major-is</strong></span> <span class='ocrx_word' id='word_1_427' title='bbox 1921 3311 2014 3376; x_wconf 81' lang='lat' dir='ltr'><strong>ec-</strong></span> 
     </span>
    </p>
   </div>
   <div class='ocr_carea' id='block_1_66' title="bbox 443 3414 2015 3484">
    <p class='ocr_par' dir='ltr' id='par_1_66' title="bbox 443 3414 2015 3484">
     <span class='ocr_line' id='line_1_66' title="bbox 443 3414 2015 3484; baseline -0.002 -14"><span class='ocrx_word' id='word_1_428' title='bbox 443 3418 624 3471; x_wconf 70' lang='lat' dir='ltr'><strong>clesia:</strong></span> <span class='ocrx_word' id='word_1_429' title='bbox 675 3416 884 3470; x_wconf 77' lang='lat' dir='ltr'><strong>foribus</strong></span> <span class='ocrx_word' id='word_1_430' title='bbox 934 3425 1130 3481; x_wconf 83' lang='lat' dir='ltr'><strong>lentos,</strong></span> <span class='ocrx_word' id='word_1_431' title='bbox 1172 3416 1320 3468; x_wconf 90' lang='lat' dir='ltr'><strong>velut</strong></span> <span class='ocrx_word' id='word_1_432' title='bbox 1379 3415 1590 3469; x_wconf 91' lang='lat' dir='ltr'><strong>vinctos</strong></span> <span class='ocrx_word' id='word_1_433' title='bbox 1635 3423 1782 3468; x_wconf 88' lang='lat' dir='ltr'><strong>stare</strong></span> <span class='ocrx_word' id='word_1_434' title='bbox 1822 3414 2015 3484; x_wconf 84' lang='lat' dir='ltr'><strong>praeci-</strong></span> 
     </span>
    </p>
   </div>
   <div class='ocr_carea' id='block_1_67' title="bbox 444 3507 2012 3578">
    <p class='ocr_par' dir='ltr' id='par_1_67' title="bbox 444 3507 2012 3578">
     <span class='ocr_line' id='line_1_67' title="bbox 444 3507 2012 3578; baseline -0.001 -16"><span class='ocrx_word' id='word_1_435' title='bbox 444 3511 622 3578; x_wconf 82' lang='lat' dir='ltr'><strong>piunt,</strong></span> <span class='ocrx_word' id='word_1_436' title='bbox 652 3509 927 3576; x_wconf 88' lang='lat' dir='ltr'><strong>nmltaque</strong></span> <span class='ocrx_word' id='word_1_437' title='bbox 947 3509 1012 3560; x_wconf 88' lang='lat' dir='ltr'><strong>ad</strong></span> <span class='ocrx_word' id='word_1_438' title='bbox 1037 3523 1129 3560; x_wconf 89' lang='lat' dir='ltr'><strong>cos</strong></span> <span class='ocrx_word' id='word_1_439' title='bbox 1159 3507 1411 3575; x_wconf 87' lang='lat' dir='ltr'><strong>imperite</strong></span> <span class='ocrx_word' id='word_1_440' title='bbox 1429 3508 1736 3575; x_wconf 86' lang='lat' dir='ltr'><strong>loquentes,</strong></span> <span class='ocrx_word' id='word_1_441' title='bbox 1763 3522 1826 3576; x_wconf 79' lang='lat' dir='ltr'><strong>ac</strong></span> <span class='ocrx_word' id='word_1_442' title='bbox 1855 3521 2012 3560; x_wconf 84' lang='lat' dir='ltr'><strong>rana-</strong></span> 
     </span>
    </p>
   </div>
   <div class='ocr_carea' id='block_1_68' title="bbox 446 3591 2008 3667">
    <p class='ocr_par' dir='ltr' id='par_1_68' title="bbox 446 3591 2008 3667">
     <span class='ocr_line' id='line_1_68' title="bbox 446 3591 2008 3667; baseline -0.002 -14"><span class='ocrx_word' id='word_1_443' title='bbox 446 3615 565 3653; x_wconf 85' lang='lat' dir='ltr'><strong>rum</strong></span> <span class='ocrx_word' id='word_1_444' title='bbox 593 3614 739 3652; x_wconf 86' lang='lat' dir='ltr'><strong>more</strong></span> <span class='ocrx_word' id='word_1_445' title='bbox 774 3599 905 3652; x_wconf 87' lang='lat' dir='ltr'><strong>nihil</strong></span> <span class='ocrx_word' id='word_1_446' title='bbox 941 3598 1270 3653; x_wconf 63' lang='lat' dir='ltr'><strong>cohaerentia</strong></span> <span class='ocrx_word' id='word_1_447' title='bbox 1304 3608 1465 3667; x_wconf 89' lang='lat' dir='ltr'><strong>atque</strong></span> <span class='ocrx_word' id='word_1_448' title='bbox 1499 3599 1753 3652; x_wconf 86' lang='lat' dir='ltr'><strong>distincta</strong></span> <span class='ocrx_word' id='word_1_449' title='bbox 1815 3591 2008 3651; x_wconf 84' lang='lat' dir='ltr'><strong>tumul-</strong></span> 
     </span>
    </p>
   </div>
   <div class='ocr_carea' id='block_1_69' title="bbox 447 3689 2012 3760">
    <p class='ocr_par' dir='ltr' id='par_1_69' title="bbox 447 3689 2012 3760">
     <span class='ocr_line' id='line_1_69' title="bbox 447 3689 2012 3760; baseline 0 -16"><span class='ocrx_word' id='word_1_450' title='bbox 447 3692 624 3744; x_wconf 86' lang='lat' dir='ltr'><strong>tuarie</strong></span> <span class='ocrx_word' id='word_1_451' title='bbox 656 3691 982 3755; x_wconf 77' lang='lat' dir='ltr'><strong>etTutientes,</strong></span> <span class='ocrx_word' id='word_1_452' title='bbox 1010 3707 1104 3760; x_wconf 90' lang='lat' dir='ltr'><strong>per</strong></span> <span class='ocrx_word' id='word_1_453' title='bbox 1135 3691 1372 3744; x_wconf 90' lang='lat' dir='ltr'><strong>medium</strong></span> <span class='ocrx_word' id='word_1_454' title='bbox 1403 3706 1500 3744; x_wconf 90' lang='lat' dir='ltr'><strong>eos</strong></span> <span class='ocrx_word' id='word_1_455' title='bbox 1530 3707 1844 3746; x_wconf 89' lang='lat' dir='ltr'><strong>consessum</strong></span> <span class='ocrx_word' id='word_1_456' title='bbox 1871 3689 2012 3744; x_wconf 85' lang='lat' dir='ltr'><strong>trahi</strong></span> 
     </span>
    </p>
   </div>
   <div class='ocr_carea' id='block_1_70' title="bbox 438 3783 2014 3853">
    <p class='ocr_par' dir='ltr' id='par_1_70' title="bbox 438 3783 2014 3853">
     <span class='ocr_line' id='line_1_70' title="bbox 438 3783 2014 3853; baseline 0.002 -19"><span class='ocrx_word' id='word_1_457' title='bbox 438 3783 650 3850; x_wconf 84' lang='lat' dir='ltr'><strong>jubent.</strong></span> <span class='ocrx_word' id='word_1_458' title='bbox 679 3783 772 3836; x_wconf 88' lang='lat' dir='ltr'><strong>llis</strong></span> <span class='ocrx_word' id='word_1_459' title='bbox 803 3797 931 3835; x_wconf 91' lang='lat' dir='ltr'><strong>vero</strong></span> <span class='ocrx_word' id='word_1_460' title='bbox 949 3783 1012 3835; x_wconf 91' lang='lat' dir='ltr'><strong>ad</strong></span> <span class='ocrx_word' id='word_1_461' title='bbox 1045 3784 1299 3850; x_wconf 68' lang='lat' dir='ltr'><strong>nequitia:</strong></span> <span class='ocrx_word' id='word_1_462' title='bbox 1345 3783 1602 3851; x_wconf 64' lang='lat' dir='ltr'><strong>praesides</strong></span> <span class='ocrx_word' id='word_1_463' title='bbox 1652 3785 1871 3853; x_wconf 85' lang='lat' dir='ltr'><strong>prOpius</strong></span> <span class='ocrx_word' id='word_1_464' title='bbox 1921 3797 2014 3837; x_wconf 87' lang='lat' dir='ltr'><strong>ac-</strong></span> 
     </span>
    </p>
   </div>
   <div class='ocr_carea' id='block_1_71' title="bbox 443 3873 2016 3943">
    <p class='ocr_par' dir='ltr' id='par_1_71' title="bbox 443 3873 2016 3943">
     <span class='ocr_line' id='line_1_71' title="bbox 443 3873 2016 3943; baseline 0.001 -15"><span class='ocrx_word' id='word_1_465' title='bbox 443 3874 756 3928; x_wconf 83' lang='lat' dir='ltr'><strong>cedentibus</strong></span> <span class='ocrx_word' id='word_1_466' title='bbox 787 3873 1023 3928; x_wconf 85' lang='lat' dir='ltr'><strong>clantore</strong></span> <span class='ocrx_word' id='word_1_467' title='bbox 1053 3874 1263 3928; x_wconf 85' lang='lat' dir='ltr'><strong>sublato</strong></span> <span class='ocrx_word' id='word_1_468' title='bbox 1322 3875 1592 3942; x_wconf 89' lang='lat' dir='ltr'><strong>imperant</strong></span> <span class='ocrx_word' id='word_1_469' title='bbox 1646 3878 1872 3943; x_wconf 78' lang='lat' dir='ltr'><strong>gradum</strong></span> <span class='ocrx_word' id='word_1_470' title='bbox 1910 3875 2016 3929; x_wconf 86' lang='lat' dir='ltr'><strong>sis-</strong></span> 
     </span>
    </p>
   </div>
   <div class='ocr_carea' id='block_1_72' title="bbox 445 3963 2011 4033">
    <p class='ocr_par' dir='ltr' id='par_1_72' title="bbox 445 3963 2011 4033">
     <span class='ocr_line' id='line_1_72' title="bbox 445 3963 2011 4033; baseline -0.001 -15"><span class='ocrx_word' id='word_1_471' title='bbox 445 3974 580 4028; x_wconf 86' lang='lat' dir='ltr'><strong>tere,</strong></span> <span class='ocrx_word' id='word_1_472' title='bbox 610 3975 999 4033; x_wconf 80' lang='lat' dir='ltr'><strong>perspectaque</strong></span> <span class='ocrx_word' id='word_1_473' title='bbox 1026 3963 1077 4018; x_wconf 94' lang='lat' dir='ltr'><strong>in</strong></span> <span class='ocrx_word' id='word_1_474' title='bbox 1115 3965 1179 4019; x_wconf 91' lang='lat' dir='ltr'><strong>iis</strong></span> <span class='ocrx_word' id='word_1_475' title='bbox 1214 3963 1488 4019; x_wconf 88' lang='lat' dir='ltr'><strong>obﬁrmati</strong></span> <span class='ocrx_word' id='word_1_476' title='bbox 1517 3965 1683 4018; x_wconf 89' lang='lat' dir='ltr'><strong>animi</strong></span> <span class='ocrx_word' id='word_1_477' title='bbox 1748 3975 2011 4018; x_wconf 88' lang='lat' dir='ltr'><strong>constan-</strong></span> 
     </span>
    </p>
   </div>
   <div class='ocr_carea' id='block_1_73' title="bbox 443 4053 2013 4123">
    <p class='ocr_par' dir='ltr' id='par_1_73' title="bbox 443 4053 2013 4123">
     <span class='ocr_line' id='line_1_73' title="bbox 443 4053 2013 4123; baseline 0.001 -17"><span class='ocrx_word' id='word_1_478' title='bbox 443 4053 726 4122; x_wconf 87' lang='lat' dir='ltr'><strong>tia,quatn</strong></span> <span class='ocrx_word' id='word_1_479' title='bbox 772 4054 916 4108; x_wconf 87' lang='lat' dir='ltr'><strong>nulla</strong></span> <span class='ocrx_word' id='word_1_480' title='bbox 967 4054 1289 4121; x_wconf 88' lang='lat' dir='ltr'><strong>injuriarum</strong></span> <span class='ocrx_word' id='word_1_481' title='bbox 1337 4055 1417 4109; x_wconf 85' lang='lat' dir='ltr'><strong>vis</strong></span> <span class='ocrx_word' id='word_1_482' title='bbox 1473 4065 1660 4123; x_wconf 89' lang='lat' dir='ltr'><strong>posset</strong></span> <span class='ocrx_word' id='word_1_483' title='bbox 1708 4055 2013 4108; x_wconf 76' lang='lat' dir='ltr'><strong>convellere</strong></span> 
     </span>
    </p>
   </div>
   <div class='ocr_carea' id='block_1_74' title="bbox 443 4145 2013 4214">
    <p class='ocr_par' dir='ltr' id='par_1_74' title="bbox 443 4145 2013 4214">
     <span class='ocr_line' id='line_1_74' title="bbox 443 4145 2013 4214; baseline 0.002 -17"><span class='ocrx_word' id='word_1_484' title='bbox 443 4145 620 4213; x_wconf 91' lang='lat' dir='ltr'><strong>(duris</strong></span> <span class='ocrx_word' id='word_1_485' title='bbox 650 4145 792 4200; x_wconf 89' lang='lat' dir='ltr'><strong>enim</strong></span> <span class='ocrx_word' id='word_1_486' title='bbox 828 4145 1014 4214; x_wconf 87' lang='lat' dir='ltr'><strong>petris,</strong></span> <span class='ocrx_word' id='word_1_487' title='bbox 1059 4145 1275 4214; x_wconf 87' lang='lat' dir='ltr'><strong>altaque</strong></span> <span class='ocrx_word' id='word_1_488' title='bbox 1309 4146 1491 4200; x_wconf 88' lang='lat' dir='ltr'><strong>radice</strong></span> <span class='ocrx_word' id='word_1_489' title='bbox 1535 4145 1657 4200; x_wconf 77' lang='lat' dir='ltr'><strong>ﬁxis</strong></span> <span class='ocrx_word' id='word_1_490' title='bbox 1707 4145 2013 4214; x_wconf 86' lang='lat' dir='ltr'><strong>quercubus</strong></span> 
     </span>
    </p>
   </div>
   <div class='ocr_carea' id='block_1_75' title="bbox 2114 3142 3702 3214">
    <p class='ocr_par' dir='ltr' id='par_1_75' title="bbox 2114 3142 3702 3214">
     <span class='ocr_line' id='line_1_75' title="bbox 2114 3142 3702 3214; baseline 0.002 -19"><span class='ocrx_word' id='word_1_491' title='bbox 2114 3142 2403 3214; x_wconf 81' lang='grc' dir='ltr'>λεξάμενοι</span> <span class='ocrx_word' id='word_1_492' title='bbox 2437 3143 2547 3196; x_wconf 85' lang='grc' dir='ltr'><strong>τῶν</strong></span> <span class='ocrx_word' id='word_1_493' title='bbox 2578 3143 2678 3214; x_wconf 81' lang='grc' dir='ltr'><strong>τῆς</strong></span> <span class='ocrx_word' id='word_1_494' title='bbox 2707 3143 2874 3214; x_wconf 78' lang='grc' dir='ltr'>ὀρθῆς</span> <span class='ocrx_word' id='word_1_495' title='bbox 2905 3143 3200 3214; x_wconf 81' lang='grc' dir='ltr'>ὁμολογίας</span> <span class='ocrx_word' id='word_1_496' title='bbox 3254 3145 3573 3199; x_wconf 83' lang='grc' dir='ltr'>ἐπισκόπων</span> <span class='ocrx_word' id='word_1_497' title='bbox 3616 3164 3702 3200; x_wconf 77' lang='grc' dir='ltr'>τιο-</span> 
     </span>
    </p>
   </div>
   <div class='ocr_carea' id='block_1_76' title="bbox 2117 3227 3697 3309">
    <p class='ocr_par' dir='ltr' id='par_1_76' title="bbox 2117 3227 3697 3309">
     <span class='ocr_line' id='line_1_76' title="bbox 2117 3227 3697 3309; baseline 0.001 -21"><span class='ocrx_word' id='word_1_498' title='bbox 2117 3236 2255 3302; x_wconf 81' lang='grc' dir='ltr'>νὰς,</span> <span class='ocrx_word' id='word_1_499' title='bbox 2313 3235 2407 3299; x_wconf 84' lang='grc' dir='ltr'><strong>οὓς</strong></span> <span class='ocrx_word' id='word_1_500' title='bbox 2457 3227 2727 3301; x_wconf 73' lang='grc' dir='ltr'>ἐτόπαζον</span> <span class='ocrx_word' id='word_1_501' title='bbox 2779 3235 2885 3288; x_wconf 82' lang='grc' dir='ltr'>ὑπὸ</span> <span class='ocrx_word' id='word_1_502' title='bbox 2926 3239 3118 3306; x_wconf 87' lang='grc' dir='ltr'>χεῖρας</span> <span class='ocrx_word' id='word_1_503' title='bbox 3157 3235 3306 3304; x_wconf 82' lang='grc' dir='ltr'>σφῶν</span> <span class='ocrx_word' id='word_1_504' title='bbox 3355 3238 3420 3290; x_wconf 86' lang='grc' dir='ltr'><strong>ἐκ</strong></span> <span class='ocrx_word' id='word_1_505' title='bbox 3474 3238 3697 3309; x_wconf 84' lang='grc' dir='ltr'>πρώτης</span> 
     </span>
    </p>
   </div>
   <div class='ocr_carea' id='block_1_77' title="bbox 2120 3320 3698 3396">
    <p class='ocr_par' dir='ltr' id='par_1_77' title="bbox 2120 3320 3698 3396">
     <span class='ocr_line' id='line_1_77' title="bbox 2120 3320 3698 3396; baseline 0.003 -18"><span class='ocrx_word' id='word_1_506' title='bbox 2120 3326 2382 3395; x_wconf 80' lang='grc' dir='ltr'>ἐπιϐολῆς</span> <span class='ocrx_word' id='word_1_507' title='bbox 2433 3326 2620 3393; x_wconf 83' lang='grc' dir='ltr'>ἄγειν,</span> <span class='ocrx_word' id='word_1_508' title='bbox 2674 3320 2795 3379; x_wconf 77' lang='grc' dir='ltr'>εἷτα</span> <span class='ocrx_word' id='word_1_509' title='bbox 2829 3327 2929 3389; x_wconf 80' lang='grc' dir='ltr'>τὰς</span> <span class='ocrx_word' id='word_1_510' title='bbox 2959 3325 3113 3396; x_wconf 81' lang='grc' dir='ltr'>ἱερὰς</span> <span class='ocrx_word' id='word_1_511' title='bbox 3160 3326 3480 3396; x_wconf 84' lang='grc' dir='ltr'>ἀμπεχόνας</span> <span class='ocrx_word' id='word_1_512' title='bbox 3514 3328 3698 3382; x_wconf 78' lang='grc' dir='ltr'>αὐτῶν</span> 
     </span>
    </p>
   </div>
   <div class='ocr_carea' id='block_1_78' title="bbox 2124 3415 3695 3487">
    <p class='ocr_par' dir='ltr' id='par_1_78' title="bbox 2124 3415 3695 3487">
     <span class='ocr_line' id='line_1_78' title="bbox 2124 3415 3695 3487; baseline 0.003 -20"><span class='ocrx_word' id='word_1_513' title='bbox 2124 3417 2204 3478; x_wconf 90' lang='grc' dir='ltr'><strong>είς</strong></span> <span class='ocrx_word' id='word_1_514' title='bbox 2235 3416 2402 3485; x_wconf 86' lang='grc' dir='ltr'>ράκια</span> <span class='ocrx_word' id='word_1_515' title='bbox 2434 3415 2608 3486; x_wconf 76' lang='grc' dir='ltr'>μικρὰ</span> <span class='ocrx_word' id='word_1_516' title='bbox 2637 3415 3088 3486; x_wconf 79' lang='grc' dir='ltr'>περιρρήξαντες,</span> <span class='ocrx_word' id='word_1_517' title='bbox 3123 3415 3230 3487; x_wconf 78' lang='grc' dir='ltr'><strong>πρὸ</strong></span> <span class='ocrx_word' id='word_1_518' title='bbox 3250 3415 3356 3469; x_wconf 85' lang='grc' dir='ltr'>τῶν</span> <span class='ocrx_word' id='word_1_519' title='bbox 3387 3417 3571 3471; x_wconf 85' lang='grc' dir='ltr'>πυλῶν</span> <span class='ocrx_word' id='word_1_520' title='bbox 3597 3417 3695 3472; x_wconf 82' lang='grc' dir='ltr'><strong>τοῦ</strong></span> 
     </span>
    </p>
   </div>
   <div class='ocr_carea' id='block_1_79' title="bbox 2126 3505 3693 3577">
    <p class='ocr_par' dir='ltr' id='par_1_79' title="bbox 2126 3505 3693 3577">
     <span class='ocr_line' id='line_1_79' title="bbox 2126 3505 3693 3577; baseline 0.003 -18"><span class='ocrx_word' id='word_1_521' title='bbox 2126 3506 2382 3577; x_wconf 77' lang='grc' dir='ltr'>μεγίστου</span> <span class='ocrx_word' id='word_1_522' title='bbox 2429 3505 2534 3559; x_wconf 87' lang='grc' dir='ltr'>νεὼ</span> <span class='ocrx_word' id='word_1_523' title='bbox 2569 3506 2966 3577; x_wconf 88' lang='grc' dir='ltr'>κατεχομένους</span> <span class='ocrx_word' id='word_1_524' title='bbox 3011 3507 3086 3569; x_wconf 87' lang='grc' dir='ltr'>ὡς</span> <span class='ocrx_word' id='word_1_525' title='bbox 3133 3506 3422 3576; x_wconf 85' lang='grc' dir='ltr'>δεσμώτας</span> <span class='ocrx_word' id='word_1_526' title='bbox 3471 3509 3693 3563; x_wconf 81' lang='grc' dir='ltr'>ἑστάναι</span> 
     </span>
    </p>
   </div>
   <div class='ocr_carea' id='block_1_80' title="bbox 2122 3597 3695 3670">
    <p class='ocr_par' dir='ltr' id='par_1_80' title="bbox 2122 3597 3695 3670">
     <span class='ocr_line' id='line_1_80' title="bbox 2122 3597 3695 3670; baseline 0.003 -20"><span class='ocrx_word' id='word_1_527' title='bbox 2122 3597 2523 3668; x_wconf 88' lang='grc' dir='ltr'>προσέταττον,</span> <span class='ocrx_word' id='word_1_528' title='bbox 2561 3599 2654 3651; x_wconf 74' lang='grc' dir='ltr'><strong>καὶ</strong></span> <span class='ocrx_word' id='word_1_529' title='bbox 2681 3599 2747 3669; x_wconf 81' lang='grc' dir='ltr'>δὴ</span> <span class='ocrx_word' id='word_1_530' title='bbox 2778 3599 2947 3652; x_wconf 80' lang='grc' dir='ltr'>πολλὰ</span> <span class='ocrx_word' id='word_1_531' title='bbox 2973 3600 3094 3650; x_wconf 84' lang='grc' dir='ltr'>κατ’</span> <span class='ocrx_word' id='word_1_532' title='bbox 3119 3598 3299 3651; x_wconf 79' lang='grc' dir='ltr'>αὐτῶν</span> <span class='ocrx_word' id='word_1_533' title='bbox 3331 3598 3695 3670; x_wconf 83' lang='grc' dir='ltr'>βατταρίσαν-</span> 
     </span>
    </p>
   </div>
   <div class='ocr_carea' id='block_1_81' title="bbox 2118 3688 3692 3764">
    <p class='ocr_par' dir='ltr' id='par_1_81' title="bbox 2118 3688 3692 3764">
     <span class='ocr_line' id='line_1_81' title="bbox 2118 3688 3692 3764; baseline 0.002 -23"><span class='ocrx_word' id='word_1_534' title='bbox 2118 3705 2242 3753; x_wconf 86' lang='grc' dir='ltr'>τες,</span> <span class='ocrx_word' id='word_1_535' title='bbox 2287 3691 2383 3743; x_wconf 61' lang='grc' dir='ltr'><strong>καὶ⁸</strong></span> <span class='ocrx_word' id='word_1_536' title='bbox 2432 3688 2722 3760; x_wconf 86' lang='grc' dir='ltr'>βατράχων</span> <span class='ocrx_word' id='word_1_537' title='bbox 2765 3689 2920 3760; x_wconf 89' lang='grc' dir='ltr'>δίκην</span> <span class='ocrx_word' id='word_1_538' title='bbox 2961 3689 3253 3759; x_wconf 86' lang='grc' dir='ltr'>ἁσύμϐατα</span> <span class='ocrx_word' id='word_1_539' title='bbox 3301 3691 3396 3743; x_wconf 81' lang='grc' dir='ltr'>καὶ</span> <span class='ocrx_word' id='word_1_540' title='bbox 3444 3691 3692 3764; x_wconf 80' lang='grc' dir='ltr'>ἄναρθρα</span> 
     </span>
    </p>
   </div>
   <div class='ocr_carea' id='block_1_82' title="bbox 2120 3781 3692 3853">
    <p class='ocr_par' dir='ltr' id='par_1_82' title="bbox 2120 3781 3692 3853">
     <span class='ocr_line' id='line_1_82' title="bbox 2120 3781 3692 3853; baseline 0.001 -18"><span class='ocrx_word' id='word_1_541' title='bbox 2120 3781 2542 3852; x_wconf 85' lang='grc' dir='ltr'>θορυϐήσαντες,</span> <span class='ocrx_word' id='word_1_542' title='bbox 2572 3781 2663 3833; x_wconf 84' lang='grc' dir='ltr'>διὰ</span> <span class='ocrx_word' id='word_1_543' title='bbox 2688 3781 2858 3852; x_wconf 89' lang='grc' dir='ltr'>μέσης</span> <span class='ocrx_word' id='word_1_544' title='bbox 2879 3782 2978 3850; x_wconf 73' lang='grc' dir='ltr'>τῆς</span> <span class='ocrx_word' id='word_1_545' title='bbox 3005 3781 3212 3834; x_wconf 79' lang='grc' dir='ltr'>ἑαυτῶν</span> <span class='ocrx_word' id='word_1_546' title='bbox 3229 3781 3496 3852; x_wconf 84' lang='grc' dir='ltr'>καθέδρας</span> <span class='ocrx_word' id='word_1_547' title='bbox 3523 3800 3692 3853; x_wconf 85' lang='grc' dir='ltr'>προσ-</span> 
     </span>
    </p>
   </div>
   <div class='ocr_carea' id='block_1_83' title="bbox 2118 3863 3694 3942">
    <p class='ocr_par' dir='ltr' id='par_1_83' title="bbox 2118 3863 3694 3942">
     <span class='ocr_line' id='line_1_83' title="bbox 2118 3863 3694 3942; baseline 0 -18"><span class='ocrx_word' id='word_1_548' title='bbox 2118 3873 2404 3926; x_wconf 88' lang='grc' dir='ltr'>τάττουσιν</span> <span class='ocrx_word' id='word_1_549' title='bbox 2427 3871 2703 3927; x_wconf 72' lang='grc' dir='ltr'>ἕλκεσθαι.</span> <span class='ocrx_word' id='word_1_550' title='bbox 2744 3871 2832 3924; x_wconf 82' lang='grc' dir='ltr'>Ἐν</span> <span class='ocrx_word' id='word_1_551' title='bbox 2857 3863 2901 3938; x_wconf 84' lang='grc' dir='ltr'>ᾧ</span> <span class='ocrx_word' id='word_1_552' title='bbox 2941 3871 2997 3923; x_wconf 81' lang='grc' dir='ltr'><strong>δέ</strong></span> <span class='ocrx_word' id='word_1_553' title='bbox 3023 3874 3136 3934; x_wconf 85' lang='grc' dir='ltr'>τοῖς</span> <span class='ocrx_word' id='word_1_554' title='bbox 3177 3871 3277 3939; x_wconf 82' lang='grc' dir='ltr'>τῆς</span> <span class='ocrx_word' id='word_1_555' title='bbox 3303 3873 3501 3934; x_wconf 87' lang='grc' dir='ltr'>κακίας</span> <span class='ocrx_word' id='word_1_556' title='bbox 3531 3871 3694 3942; x_wconf 71' lang='grc' dir='ltr'>ἐξάρο</span> 
     </span>
    </p>
   </div>
   <div class='ocr_carea' id='block_1_84' title="bbox 2119 3961 3693 4032">
    <p class='ocr_par' dir='ltr' id='par_1_84' title="bbox 2119 3961 3693 4032">
     <span class='ocr_line' id='line_1_84' title="bbox 2119 3961 3693 4032; baseline 0 -17"><span class='ocrx_word' id='word_1_557' title='bbox 2119 3978 2237 4032; x_wconf 87' lang='grc' dir='ltr'>χοις</span> <span class='ocrx_word' id='word_1_558' title='bbox 2269 3962 2673 4032; x_wconf 80' lang='grc' dir='ltr'>προσήγγιζον.</span> <span class='ocrx_word' id='word_1_559' title='bbox 2711 3964 2902 4030; x_wconf 78' lang='grc' dir='ltr'>στῆναι</span> <span class='ocrx_word' id='word_1_560' title='bbox 2931 3961 3022 4016; x_wconf 82' lang='grc' dir='ltr'>διὰ</span> <span class='ocrx_word' id='word_1_561' title='bbox 3051 3961 3181 4031; x_wconf 85' lang='grc' dir='ltr'>βοῆς</span> <span class='ocrx_word' id='word_1_562' title='bbox 3218 3961 3558 4016; x_wconf 88' lang='grc' dir='ltr'>ἐπεκέλευον.</span> <span class='ocrx_word' id='word_1_563' title='bbox 3605 3963 3693 4024; x_wconf 81' lang='grc' dir='ltr'>Ὠς</span> 
     </span>
    </p>
   </div>
   <div class='ocr_carea' id='block_1_85' title="bbox 2118 4051 3693 4124">
    <p class='ocr_par' dir='ltr' id='par_1_85' title="bbox 2118 4051 3693 4124">
     <span class='ocr_line' id='line_1_85' title="bbox 2118 4051 3693 4124; baseline 0.002 -20"><span class='ocrx_word' id='word_1_564' title='bbox 2118 4053 2175 4104; x_wconf 81' lang='grc' dir='ltr'>δὲ</span> <span class='ocrx_word' id='word_1_565' title='bbox 2204 4051 2264 4104; x_wconf 81' lang='grc' dir='ltr'><strong>τὸ</strong></span> <span class='ocrx_word' id='word_1_566' title='bbox 2318 4051 2527 4123; x_wconf 78' lang='grc' dir='ltr'>ἑδραῖον</span> <span class='ocrx_word' id='word_1_567' title='bbox 2575 4052 2754 4104; x_wconf 78' lang='grc' dir='ltr'>αὐτῶν</span> <span class='ocrx_word' id='word_1_568' title='bbox 2790 4053 2927 4122; x_wconf 74' lang='grc' dir='ltr'>πρὸς</span> <span class='ocrx_word' id='word_1_569' title='bbox 2959 4053 3060 4115; x_wconf 76' lang='grc' dir='ltr'>τὰς</span> <span class='ocrx_word' id='word_1_570' title='bbox 3102 4053 3366 4124; x_wconf 77' lang='grc' dir='ltr'>ἐπηρείας</span> <span class='ocrx_word' id='word_1_571' title='bbox 3402 4054 3693 4107; x_wconf 81' lang='grc' dir='ltr'>ἁτίνακτον</span> 
     </span>
    </p>
   </div>
   <div class='ocr_carea' id='block_1_86' title="bbox 2120 4143 3692 4218">
    <p class='ocr_par' dir='ltr' id='par_1_86' title="bbox 2120 4143 3692 4218">
     <span class='ocr_line' id='line_1_86' title="bbox 2120 4143 3692 4218; baseline 0.001 -21"><span class='ocrx_word' id='word_1_572' title='bbox 2120 4143 2346 4198; x_wconf 78' lang='grc' dir='ltr'>ἔϐλεπον</span> <span class='ocrx_word' id='word_1_573' title='bbox 2376 4144 2395 4214; x_wconf 81' lang='lat'>(</span> <span class='ocrx_word' id='word_1_574' title='bbox 2414 4143 2642 4215; x_wconf 81' lang='grc' dir='ltr'>πέτραις</span> <span class='ocrx_word' id='word_1_575' title='bbox 2671 4146 2778 4216; x_wconf 82' lang='grc' dir='ltr'><strong>γὰρ</strong></span> <span class='ocrx_word' id='word_1_576' title='bbox 2809 4146 3063 4216; x_wconf 76' lang='grc' dir='ltr'>στερραῖς</span> <span class='ocrx_word' id='word_1_577' title='bbox 3094 4146 3128 4214; x_wconf 83' lang='grc' dir='ltr'>ἦ</span> <span class='ocrx_word' id='word_1_578' title='bbox 3159 4145 3314 4216; x_wconf 68' lang='grc' dir='ltr'>δρυσὶ</span> <span class='ocrx_word' id='word_1_579' title='bbox 3345 4145 3692 4218; x_wconf 80' lang='grc' dir='ltr'>βαθυρρίζοις</span> 
     </span>
    </p>
   </div>
   <div class='ocr_carea' id='block_1_87' title="bbox 517 4411 3690 4492">
    <p class='ocr_par' dir='ltr' id='par_1_87' title="bbox 517 4411 3690 4492">
     <span class='ocr_line' id='line_1_87' title="bbox 517 4411 3690 4492; baseline 0.004 -29"><span class='ocrx_word' id='word_1_580' title='bbox 517 4412 579 4492; x_wconf 81' lang='grc' dir='ltr'><strong>(ἱ)</strong></span> <span class='ocrx_word' id='word_1_581' title='bbox 618 4411 968 4492; x_wconf 75' lang='lat' dir='ltr'><strong>&#39;Theodptnm</strong></span> <span class='ocrx_word' id='word_1_582' title='bbox 1019 4413 1346 4492; x_wconf 40' lang='lat' dir='ltr'><strong>_C_a_ssiteranlt1_</strong></span> <span class='ocrx_word' id='word_1_583' title='bbox 1409 4413 2012 4492; x_wconf 80' lang='lat' dir='ltr'><strong>Le9_ni_Gra_mmatico,</strong></span> <span class='ocrx_word' id='word_1_584' title='bbox 2049 4423 2094 4480; x_wconf 87' lang='lat' dir='ltr'><strong>D</strong></span> <span class='ocrx_word' id='word_1_585' title='bbox 2128 4421 2294 4480; x_wconf 78' lang='lat' dir='ltr'><strong>lebat.</strong></span> <span class='ocrx_word' id='word_1_586' title='bbox 2337 4421 2408 4478; x_wconf 90' lang='lat' dir='ltr'><strong>ibi</strong></span> <span class='ocrx_word' id='word_1_587' title='bbox 2443 4422 2624 4488; x_wconf 89' lang='lat' dir='ltr'><strong>risus,</strong></span> <span class='ocrx_word' id='word_1_588' title='bbox 2667 4424 2850 4486; x_wconf 91' lang='lat' dir='ltr'><strong>lusus,</strong></span> <span class='ocrx_word' id='word_1_589' title='bbox 2885 4423 3082 4486; x_wconf 78' lang='lat' dir='ltr'><strong>luette,</strong></span> <span class='ocrx_word' id='word_1_590' title='bbox 3139 4420 3463 4492; x_wconf 84' lang='lat' dir='ltr'><strong>turpiloquia</strong></span> <span class='ocrx_word' id='word_1_591' title='bbox 3501 4421 3690 4478; x_wconf 81' lang='lat' dir='ltr'><strong>haberi</strong></span> 
     </span>
    </p>
   </div>
   <div class='ocr_carea' id='block_1_88' title="bbox 439 4479 2011 4558">
    <p class='ocr_par' dir='ltr' id='par_1_88' title="bbox 439 4479 2011 4558">
     <span class='ocr_line' id='line_1_88' title="bbox 439 4479 2011 4558; baseline 0.006 -24"><span class='ocrx_word' id='word_1_592' title='bbox 439 4479 1136 4558; x_wconf 62' lang='lat' dir='ltr'><strong>ast__att_ctprLAppendieis</strong></span> <span class='ocrx_word' id='word_1_593' title='bbox 1176 4498 1188 4532; x_wconf 90' lang='lat'><strong>:</strong></span> <span class='ocrx_word' id='word_1_594' title='bbox 1227 4502 1244 4534; x_wconf 81' lang='grc' dir='ltr'><strong>ι</strong></span> <span class='ocrx_word' id='word_1_595' title='bbox 1279 4483 1440 4558; x_wconf 85' lang='lat' dir='ltr'><strong>ﬁlium</strong></span> <span class='ocrx_word' id='word_1_596' title='bbox 1485 4485 1764 4558; x_wconf 64' lang='lat' dir='ltr'><strong>Michaelis</strong></span> <span class='ocrx_word' id='word_1_597' title='bbox 1804 4479 2011 4558; x_wconf 83' lang='lat' dir='ltr'><strong>patricii</strong></span> 
     </span>
    </p>
   </div>
   <div class='ocr_carea' id='block_1_89' title="bbox 441 4547 2015 4618">
    <p class='ocr_par' dir='ltr' id='par_1_89' title="bbox 441 4547 2015 4618">
     <span class='ocr_line' id='line_1_89' title="bbox 441 4547 2015 4618; baseline 0.005 -14"><span class='ocrx_word' id='word_1_598' title='bbox 441 4551 724 4614; x_wconf 76' lang='lat' dir='ltr'><strong>Melissini,</strong></span> <span class='ocrx_word' id='word_1_599' title='bbox 756 4547 1094 4604; x_wconf 89' lang='lat' dir='ltr'><strong>Constantini</strong></span> <span class='ocrx_word' id='word_1_600' title='bbox 1126 4553 1466 4618; x_wconf 89' lang='lat' dir='ltr'><strong>imperatoris</strong></span> <span class='ocrx_word' id='word_1_601' title='bbox 1513 4554 1773 4609; x_wconf 81' lang='lat' dir='ltr'><strong>Caballini</strong></span> <span class='ocrx_word' id='word_1_602' title='bbox 1804 4547 1876 4610; x_wconf 67' lang='grc' dir='ltr'>δι)</span> <span class='ocrx_word' id='word_1_603' title='bbox 1907 4570 2015 4612; x_wconf 90' lang='lat' dir='ltr'><strong>ter-</strong></span> 
     </span>
    </p>
   </div>
   <div class='ocr_carea' id='block_1_90' title="bbox 443 4619 2014 4694">
    <p class='ocr_par' dir='ltr' id='par_1_90' title="bbox 443 4619 2014 4694">
     <span class='ocr_line' id='line_1_90' title="bbox 443 4619 2014 4694; baseline 0.006 -22"><span class='ocrx_word' id='word_1_604' title='bbox 443 4619 714 4694; x_wconf 80' lang='lat' dir='ltr'><strong>tiatn__cj_ns</strong></span> <span class='ocrx_word' id='word_1_605' title='bbox 739 4635 958 4694; x_wconf 79' lang='lat' dir='ltr'><strong>uxorem</strong></span> <span class='ocrx_word' id='word_1_606' title='bbox 993 4620 1351 4694; x_wconf 82' lang='lat' dir='ltr'><strong>leviri._lstum</strong></span> <span class='ocrx_word' id='word_1_607' title='bbox 1386 4622 1719 4678; x_wconf 85' lang='lat' dir='ltr'><strong>Theodotum</strong></span> <span class='ocrx_word' id='word_1_608' title='bbox 1747 4626 2014 4694; x_wconf 88' lang='lat' dir='ltr'><strong>Spatharo</strong></span> 
     </span>
    </p>
   </div>
   <div class='ocr_carea' id='block_1_91' title="bbox 439 4689 2009 4756">
    <p class='ocr_par' dir='ltr' id='par_1_91' title="bbox 439 4689 2009 4756">
     <span class='ocr_line' id='line_1_91' title="bbox 439 4689 2009 4756; baseline 0.006 -14"><span class='ocrx_word' id='word_1_609' title='bbox 439 4689 823 4750; x_wconf 72' lang='lat' dir='ltr'><strong>candidatum,</strong></span> <span class='ocrx_word' id='word_1_610' title='bbox 862 4691 1095 4756; x_wconf 89' lang='lat' dir='ltr'><strong>opinatis</strong></span> <span class='ocrx_word' id='word_1_611' title='bbox 1134 4691 1247 4756; x_wconf 85' lang='lat' dir='ltr'><strong>ejus</strong></span> <span class='ocrx_word' id='word_1_612' title='bbox 1289 4695 1738 4756; x_wconf 88' lang='lat' dir='ltr'><strong>consentientem,</strong></span> <span class='ocrx_word' id='word_1_613' title='bbox 1777 4689 2009 4752; x_wconf 82' lang='lat' dir='ltr'><strong>maritali</strong></span> 
     </span>
    </p>
   </div>
   <div class='ocr_carea' id='block_1_92' title="bbox 445 4757 2015 4836">
    <p class='ocr_par' dir='ltr' id='par_1_92' title="bbox 445 4757 2015 4836">
     <span class='ocr_line' id='line_1_92' title="bbox 445 4757 2015 4836; baseline 0.006 -25"><span class='ocrx_word' id='word_1_614' title='bbox 445 4757 755 4836; x_wconf 74' lang='lat' dir='ltr'><strong>nuptiarum</strong></span> <span class='ocrx_word' id='word_1_615' title='bbox 807 4773 1006 4812; x_wconf 80' lang='lat' dir='ltr'><strong>corona</strong></span> <span class='ocrx_word' id='word_1_616' title='bbox 1058 4770 1318 4836; x_wconf 65' lang='lat' dir='ltr'><strong>notatum,</strong></span> <span class='ocrx_word' id='word_1_617' title='bbox 1380 4765 1587 4815; x_wconf 86' lang='lat' dir='ltr'><strong>tonderi</strong></span> <span class='ocrx_word' id='word_1_618' title='bbox 1635 4764 1795 4836; x_wconf 77' lang='lat' dir='ltr'><strong>jussit</strong></span> <span class='ocrx_word' id='word_1_619' title='bbox 1830 4779 1884 4818; x_wconf 89' lang='lat' dir='ltr'><strong>et</strong></span> <span class='ocrx_word' id='word_1_620' title='bbox 1918 4783 2015 4836; x_wconf 89' lang='lat' dir='ltr'><strong>pa-</strong></span> 
     </span>
    </p>
   </div>
   <div class='ocr_carea' id='block_1_93' title="bbox 440 4823 2009 4905">
    <p class='ocr_par' dir='ltr' id='par_1_93' title="bbox 440 4823 2009 4905">
     <span class='ocr_line' id='line_1_93' title="bbox 440 4823 2009 4905; baseline -0.015 1"><span class='ocrx_word' id='word_1_621' title='bbox 440 4823 739 4905; x_wconf 43' lang='lat' dir='ltr'><strong>yii‘rgbaln</strong></span> <span class='ocrx_word' id='word_1_622' title='bbox 762 4831 1116 4905; x_wconf 55' lang='lat' dir='ltr'><strong>-cm&#39;s&#39;t&#39;cmrl-</strong></span> <span class='ocrx_word' id='word_1_623' title='bbox 1157 4823 1556 4905; x_wconf 61' lang='lat' dir='ltr'><strong>Celfbralaest</strong></span> <span class='ocrx_word' id='word_1_624' title='bbox 1584 4823 1855 4905; x_wconf 55' lang='lat' dir='ltr'><strong>ordinatio</strong></span> <span class='ocrx_word' id='word_1_625' title='bbox 1891 4823 2009 4905; x_wconf 52' lang='lat' dir='ltr'><strong>eius</strong></span> 
     </span>
    </p>
   </div>
   <div class='ocr_carea' id='block_1_94' title="bbox 437 4896 2001 4970">
    <p class='ocr_par' dir='ltr' id='par_1_94' title="bbox 437 4896 2001 4970">
     <span class='ocr_line' id='line_1_94' title="bbox 437 4896 2001 4970; baseline 0.008 -24"><span class='ocrx_word' id='word_1_626' title='bbox 437 4897 730 4970; x_wconf 58' lang='lat' dir='ltr'><strong>fascltatis</strong></span> <span class='ocrx_word' id='word_1_627' title='bbox 759 4896 1061 4970; x_wconf 28' lang='lat' dir='ltr'><strong>festo-(ergo</strong></span> <span class='ocrx_word' id='word_1_628' title='bbox 1080 4900 1204 4970; x_wconf 76' lang='lat' dir='ltr'><strong>ipsis</strong></span> <span class='ocrx_word' id='word_1_629' title='bbox 1228 4897 1481 4954; x_wconf 77' lang='lat' dir='ltr'><strong>Kalendis</strong></span> <span class='ocrx_word' id='word_1_630' title='bbox 1511 4903 1726 4968; x_wconf 75' lang='lat' dir='ltr'><strong>Aprilis)</strong></span> <span class='ocrx_word' id='word_1_631' title='bbox 1751 4896 2001 4970; x_wconf 70' lang='lat' dir='ltr'><strong>hominis,</strong></span> 
     </span>
    </p>
   </div>
   <div class='ocr_carea' id='block_1_95' title="bbox 436 4967 2004 5043">
    <p class='ocr_par' dir='ltr' id='par_1_95' title="bbox 436 4967 2004 5043">
     <span class='ocr_line' id='line_1_95' title="bbox 436 4967 2004 5043; baseline 0.005 -24"><span class='ocrx_word' id='word_1_632' title='bbox 436 4967 684 5034; x_wconf 77' lang='lat' dir='ltr'><strong>inquam,</strong></span> <span class='ocrx_word' id='word_1_633' title='bbox 715 4967 828 5043; x_wconf 86' lang='lat' dir='ltr'><strong>qui_</strong></span> <span class='ocrx_word' id='word_1_634' title='bbox 847 4967 980 5019; x_wconf 87' lang='lat' dir='ltr'><strong>nihil</strong></span> <span class='ocrx_word' id='word_1_635' title='bbox 1039 4969 1320 5043; x_wconf 75' lang='lat' dir='ltr'><strong>spirituale</strong></span> <span class='ocrx_word' id='word_1_636' title='bbox 1354 4967 1596 5043; x_wconf 69' lang='lat' dir='ltr'><strong>calleret,</strong></span> <span class='ocrx_word' id='word_1_637' title='bbox 1641 4973 1786 5043; x_wconf 88' lang='lat' dir='ltr'><strong>nulla</strong></span> <span class='ocrx_word' id='word_1_638' title='bbox 1817 4967 2004 5043; x_wconf 50' lang='lat' dir='ltr'><strong>Scrin</strong></span> 
     </span>
    </p>
   </div>
   <div class='ocr_carea' id='block_1_96' title="bbox 435 5036 2005 5113">
    <p class='ocr_par' dir='ltr' id='par_1_96' title="bbox 435 5036 2005 5113">
     <span class='ocr_line' id='line_1_96' title="bbox 435 5036 2005 5113; baseline 0.001 -23"><span class='ocrx_word' id='word_1_639' title='bbox 435 5046 577 5113; x_wconf 62' lang='grc' dir='ltr'>ιυιςςε</span> <span class='ocrx_word' id='word_1_640' title='bbox 619 5048 771 5105; x_wconf 91' lang='lat' dir='ltr'><strong>parte</strong></span> <span class='ocrx_word' id='word_1_641' title='bbox 805 5036 943 5113; x_wconf 54' lang='lat' dir='ltr'><strong>[tiret</strong></span> <span class='ocrx_word' id='word_1_642' title='bbox 971 5039 1240 5113; x_wconf 77' lang='lat' dir='ltr'><strong>eruditus,</strong></span> <span class='ocrx_word' id='word_1_643' title='bbox 1273 5039 1374 5091; x_wconf 85' lang='lat' dir='ltr'><strong>nisi</strong></span> <span class='ocrx_word' id='word_1_644' title='bbox 1403 5037 1544 5094; x_wconf 77' lang='lat' dir='ltr'><strong>forte</strong></span> <span class='ocrx_word' id='word_1_645' title='bbox 1571 5042 1840 5094; x_wconf 85' lang='lat' dir='ltr'><strong>levissima</strong></span> <span class='ocrx_word' id='word_1_646' title='bbox 1869 5059 1885 5098; x_wconf 87' lang='lat'><strong>:</strong></span> <span class='ocrx_word' id='word_1_647' title='bbox 1911 5036 2005 5113; x_wconf 69' lang='lat' dir='ltr'><strong>qui</strong></span> 
     </span>
    </p>
   </div>
   <div class='ocr_carea' id='block_1_97' title="bbox 442 5105 2008 5179">
    <p class='ocr_par' dir='ltr' id='par_1_97' title="bbox 442 5105 2008 5179">
     <span class='ocr_line' id='line_1_97' title="bbox 442 5105 2008 5179; baseline 0.005 -19"><span class='ocrx_word' id='word_1_648' title='bbox 442 5105 642 5160; x_wconf 79' lang='lat' dir='ltr'><strong>nullam</strong></span> <span class='ocrx_word' id='word_1_649' title='bbox 665 5121 790 5179; x_wconf 76' lang='lat' dir='ltr'><strong>erga</strong></span> <span class='ocrx_word' id='word_1_650' title='bbox 821 5105 985 5158; x_wconf 89' lang='lat' dir='ltr'><strong>Deum</strong></span> <span class='ocrx_word' id='word_1_651' title='bbox 1007 5108 1258 5174; x_wconf 87' lang='lat' dir='ltr'><strong>pietatem</strong></span> <span class='ocrx_word' id='word_1_652' title='bbox 1282 5117 1602 5179; x_wconf 76' lang='lat' dir='ltr'><strong>ostentaret.</strong></span> <span class='ocrx_word' id='word_1_653' title='bbox 1635 5119 1842 5163; x_wconf 92' lang='lat' dir='ltr'><strong>tantum</strong></span> <span class='ocrx_word' id='word_1_654' title='bbox 1864 5105 2008 5179; x_wconf 59' lang='lat' dir='ltr'><strong>qu&#39;od</strong></span> 
     </span>
    </p>
   </div>
   <div class='ocr_carea' id='block_1_98' title="bbox 441 5177 2006 5248">
    <p class='ocr_par' dir='ltr' id='par_1_98' title="bbox 441 5177 2006 5248">
     <span class='ocr_line' id='line_1_98' title="bbox 441 5177 2006 5248; baseline 0.004 -20"><span class='ocrx_word' id='word_1_655' title='bbox 441 5177 855 5229; x_wconf 82' lang='lat' dir='ltr'><strong>mansuetudine</strong></span> <span class='ocrx_word' id='word_1_656' title='bbox 888 5188 1253 5248; x_wconf 72' lang='lat' dir='ltr'><strong>praestaretet</strong></span> <span class='ocrx_word' id='word_1_657' title='bbox 1287 5177 1457 5232; x_wconf 88' lang='lat' dir='ltr'><strong>bonus</strong></span> <span class='ocrx_word' id='word_1_658' title='bbox 1500 5179 1804 5248; x_wconf 89' lang='lat' dir='ltr'><strong>hominibus</strong></span> <span class='ocrx_word' id='word_1_659' title='bbox 1838 5177 2006 5248; x_wconf 85' lang='lat' dir='ltr'><strong>appa-</strong></span> 
     </span>
    </p>
   </div>
   <div class='ocr_carea' id='block_1_99' title="bbox 442 5247 2008 5320">
    <p class='ocr_par' dir='ltr' id='par_1_99' title="bbox 442 5247 2008 5320">
     <span class='ocr_line' id='line_1_99' title="bbox 442 5247 2008 5320; baseline 0.003 -22"><span class='ocrx_word' id='word_1_660' title='bbox 442 5255 587 5299; x_wconf 68' lang='lat' dir='ltr'><strong>veret</strong></span> <span class='ocrx_word' id='word_1_661' title='bbox 608 5248 1108 5320; x_wconf 67' lang='lat' dir='ltr'><strong>commendabatur.</strong></span> <span class='ocrx_word' id='word_1_662' title='bbox 1135 5247 1232 5300; x_wconf 83' lang='lat' dir='ltr'><strong>llic</strong></span> <span class='ocrx_word' id='word_1_663' title='bbox 1256 5263 1375 5300; x_wconf 89' lang='lat' dir='ltr'><strong>cum</strong></span> <span class='ocrx_word' id='word_1_664' title='bbox 1399 5247 1811 5320; x_wconf 81' lang='lat' dir='ltr'><strong>patriarchalem</strong></span> <span class='ocrx_word' id='word_1_665' title='bbox 1835 5247 2008 5320; x_wconf 79' lang='lat' dir='ltr'><strong>digni-</strong></span> 
     </span>
    </p>
   </div>
   <div class='ocr_carea' id='block_1_100' title="bbox 444 5314 2004 5386">
    <p class='ocr_par' dir='ltr' id='par_1_100' title="bbox 444 5314 2004 5386">
     <span class='ocr_line' id='line_1_100' title="bbox 444 5314 2004 5386; baseline 0.006 -21"><span class='ocrx_word' id='word_1_666' title='bbox 444 5323 615 5386; x_wconf 69' lang='lat' dir='ltr'><strong>tatem</strong></span> <span class='ocrx_word' id='word_1_667' title='bbox 663 5314 958 5386; x_wconf 74' lang='lat' dir='ltr'><strong>sultiisset.</strong></span> <span class='ocrx_word' id='word_1_668' title='bbox 1015 5317 1232 5384; x_wconf 85' lang='lat' dir='ltr'><strong>Opipara</strong></span> <span class='ocrx_word' id='word_1_669' title='bbox 1310 5317 1606 5370; x_wconf 87' lang='lat' dir='ltr'><strong>meridiana</strong></span> <span class='ocrx_word' id='word_1_670' title='bbox 1666 5314 2004 5386; x_wconf 56' lang='lat' dir='ltr'><strong>serotina&#39;que</strong></span> 
     </span>
    </p>
   </div>
   <div class='ocr_carea' id='block_1_101' title="bbox 439 5382 2007 5454">
    <p class='ocr_par' dir='ltr' id='par_1_101' title="bbox 439 5382 2007 5454">
     <span class='ocr_line' id='line_1_101' title="bbox 439 5382 2007 5454; baseline 0.004 -19"><span class='ocrx_word' id='word_1_671' title='bbox 439 5382 702 5437; x_wconf 76' lang='lat' dir='ltr'><strong>carnibus</strong></span> <span class='ocrx_word' id='word_1_672' title='bbox 731 5384 990 5452; x_wconf 87' lang='lat' dir='ltr'><strong>appositis</strong></span> <span class='ocrx_word' id='word_1_673' title='bbox 1026 5382 1191 5453; x_wconf 64' lang='lat' dir='ltr'><strong>coepit</strong></span> <span class='ocrx_word' id='word_1_674' title='bbox 1228 5386 1431 5454; x_wconf 79' lang='lat' dir='ltr'><strong>agitare</strong></span> <span class='ocrx_word' id='word_1_675' title='bbox 1457 5387 1726 5450; x_wconf 89' lang='lat' dir='ltr'><strong>convivia,</strong></span> <span class='ocrx_word' id='word_1_676' title='bbox 1751 5382 2007 5443; x_wconf 56' lang='lat' dir='ltr'><strong>clericos.</strong></span> 
     </span>
    </p>
   </div>
   <div class='ocr_carea' id='block_1_102' title="bbox 439 5455 2005 5523">
    <p class='ocr_par' dir='ltr' id='par_1_102' title="bbox 439 5455 2005 5523">
     <span class='ocr_line' id='line_1_102' title="bbox 439 5455 2005 5523; baseline 0.006 -21"><span class='ocrx_word' id='word_1_677' title='bbox 439 5466 550 5516; x_wconf 75' lang='lat' dir='ltr'><strong>que</strong></span> <span class='ocrx_word' id='word_1_678' title='bbox 579 5465 640 5523; x_wconf 79' lang='lat' dir='ltr'><strong>ac</strong></span> <span class='ocrx_word' id='word_1_679' title='bbox 668 5455 960 5508; x_wconf 83' lang='lat' dir='ltr'><strong>monachos</strong></span> <span class='ocrx_word' id='word_1_680' title='bbox 989 5470 1086 5508; x_wconf 91' lang='lat' dir='ltr'><strong>nec</strong></span> <span class='ocrx_word' id='word_1_681' title='bbox 1121 5468 1227 5507; x_wconf 92' lang='lat' dir='ltr'><strong>non</strong></span> <span class='ocrx_word' id='word_1_682' title='bbox 1256 5457 1560 5522; x_wconf 87' lang='lat' dir='ltr'><strong>episcopos,</strong></span> <span class='ocrx_word' id='word_1_683' title='bbox 1587 5457 1806 5523; x_wconf 84' lang='lat' dir='ltr'><strong>juvenili</strong></span> <span class='ocrx_word' id='word_1_684' title='bbox 1845 5470 2005 5512; x_wconf 66' lang='lat' dir='ltr'><strong>aetate</strong></span> 
     </span>
    </p>
   </div>
   <div class='ocr_carea' id='block_1_103' title="bbox 437 5520 2003 5595">
    <p class='ocr_par' dir='ltr' id='par_1_103' title="bbox 437 5520 2003 5595">
     <span class='ocr_line' id='line_1_103' title="bbox 437 5520 2003 5595; baseline 0.007 -23"><span class='ocrx_word' id='word_1_685' title='bbox 437 5520 684 5595; x_wconf 81' lang='lat' dir='ltr'><strong>carnium</strong></span> <span class='ocrx_word' id='word_1_686' title='bbox 716 5536 817 5595; x_wconf 75' lang='lat' dir='ltr'><strong>esu</strong></span> <span class='ocrx_word' id='word_1_687' title='bbox 857 5525 1208 5587; x_wconf 85' lang='lat' dir='ltr'><strong>abstinentes,</strong></span> <span class='ocrx_word' id='word_1_688' title='bbox 1245 5520 1627 5595; x_wconf 83' lang='lat' dir='ltr'><strong>continentiam</strong></span> <span class='ocrx_word' id='word_1_689' title='bbox 1661 5533 2003 5595; x_wconf 83' lang='lat' dir='ltr'><strong>abrumpere.</strong></span> 
     </span>
    </p>
   </div>
   <div class='ocr_carea' id='block_1_104' title="bbox 441 5590 1998 5664">
    <p class='ocr_par' dir='ltr' id='par_1_104' title="bbox 441 5590 1998 5664">
     <span class='ocr_line' id='line_1_104' title="bbox 441 5590 1998 5664; baseline 0.005 -22"><span class='ocrx_word' id='word_1_690' title='bbox 441 5598 501 5664; x_wconf 78' lang='lat' dir='ltr'><strong>et</strong></span> <span class='ocrx_word' id='word_1_691' title='bbox 523 5590 589 5642; x_wconf 86' lang='lat' dir='ltr'><strong>ad</strong></span> <span class='ocrx_word' id='word_1_692' title='bbox 624 5590 908 5664; x_wconf 67' lang='lat' dir='ltr'><strong>ingluviem</strong></span> <span class='ocrx_word' id='word_1_693' title='bbox 939 5595 1222 5664; x_wconf 82' lang='lat' dir='ltr'><strong>comedere</strong></span> <span class='ocrx_word' id='word_1_694' title='bbox 1247 5594 1502 5662; x_wconf 89' lang='lat' dir='ltr'><strong>compulit</strong></span> <span class='ocrx_word' id='word_1_695' title='bbox 1537 5611 1549 5647; x_wconf 94' lang='lat'>:</span> <span class='ocrx_word' id='word_1_696' title='bbox 1579 5606 1632 5649; x_wconf 90' lang='lat' dir='ltr'><strong>et</strong></span> <span class='ocrx_word' id='word_1_697' title='bbox 1656 5598 1741 5650; x_wconf 92' lang='lat' dir='ltr'><strong>ubi</strong></span> <span class='ocrx_word' id='word_1_698' title='bbox 1771 5590 1998 5664; x_wconf 81' lang='lat' dir='ltr'><strong>primum</strong></span> 
     </span>
    </p>
   </div>
   <div class='ocr_carea' id='block_1_105' title="bbox 437 5658 1996 5729">
    <p class='ocr_par' dir='ltr' id='par_1_105' title="bbox 437 5658 1996 5729">
     <span class='ocr_line' id='line_1_105' title="bbox 437 5658 1996 5729; baseline 0.006 -17"><span class='ocrx_word' id='word_1_699' title='bbox 437 5658 616 5729; x_wconf 76' lang='lat' dir='ltr'><strong>pietas</strong></span> <span class='ocrx_word' id='word_1_700' title='bbox 643 5659 898 5729; x_wconf 85' lang='lat' dir='ltr'><strong>plurima,</strong></span> <span class='ocrx_word' id='word_1_701' title='bbox 939 5662 1214 5728; x_wconf 84' lang='lat' dir='ltr'><strong>honestas,</strong></span> <span class='ocrx_word' id='word_1_702' title='bbox 1251 5658 1573 5718; x_wconf 78' lang='lat' dir='ltr'><strong>continentia</strong></span> <span class='ocrx_word' id='word_1_703' title='bbox 1606 5677 1655 5719; x_wconf 90' lang='lat' dir='ltr'><strong>et</strong></span> <span class='ocrx_word' id='word_1_704' title='bbox 1685 5658 1851 5721; x_wconf 76' lang='lat' dir='ltr'><strong>virtus</strong></span> <span class='ocrx_word' id='word_1_705' title='bbox 1883 5669 1996 5721; x_wconf 89' lang='lat' dir='ltr'><strong>cni-</strong></span> 
     </span>
    </p>
   </div>
   <div class='ocr_carea' id='block_1_106' title="bbox 2121 4491 3688 4561">
    <p class='ocr_par' dir='ltr' id='par_1_106' title="bbox 2121 4491 3688 4561">
     <span class='ocr_line' id='line_1_106' title="bbox 2121 4491 3688 4561; baseline -0.001 -15"><span class='ocrx_word' id='word_1_706' title='bbox 2121 4492 2324 4561; x_wconf 63' lang='lat' dir='ltr'><strong>{Ibsque</strong></span> <span class='ocrx_word' id='word_1_707' title='bbox 2389 4493 2684 4558; x_wconf 64' lang='lat' dir='ltr'><strong>disciplinae</strong></span> <span class='ocrx_word' id='word_1_708' title='bbox 2743 4495 3109 4560; x_wconf 80' lang='lat' dir='ltr'><strong>cujuscunque</strong></span> <span class='ocrx_word' id='word_1_709' title='bbox 3154 4492 3283 4560; x_wconf 71' lang='lat' dir='ltr'><strong>iugo</strong></span> <span class='ocrx_word' id='word_1_710' title='bbox 3357 4491 3610 4547; x_wconf 75' lang='lat' dir='ltr'><strong>vidisses.</strong></span> <span class='ocrx_word' id='word_1_711' title='bbox 3667 4511 3688 4545; x_wconf 69' lang='grc' dir='ltr'><strong>ι</strong></span> 
     </span>
    </p>
   </div>
   <div class='ocr_carea' id='block_1_107' title="bbox 2117 4560 3195 4626">
    <p class='ocr_par' dir='ltr' id='par_1_107' title="bbox 2117 4560 3195 4626">
     <span class='ocr_line' id='line_1_107' title="bbox 2117 4560 3195 4626; baseline -0.001 -12"><span class='ocrx_word' id='word_1_712' title='bbox 2117 4560 2324 4615; x_wconf 83' lang='lat' dir='ltr'><strong>Similia</strong></span> <span class='ocrx_word' id='word_1_713' title='bbox 2362 4562 2611 4626; x_wconf 67' lang='lat' dir='ltr'><strong>leguntur</strong></span> <span class='ocrx_word' id='word_1_714' title='bbox 2646 4564 2699 4615; x_wconf 90' lang='lat' dir='ltr'><strong>in</strong></span> <span class='ocrx_word' id='word_1_715' title='bbox 2733 4561 2850 4616; x_wconf 80' lang='lat' dir='ltr'><strong>Vita</strong></span> <span class='ocrx_word' id='word_1_716' title='bbox 2883 4563 2940 4614; x_wconf 71' lang='grc' dir='ltr'>ε.</span> <span class='ocrx_word' id='word_1_717' title='bbox 2973 4563 3195 4615; x_wconf 65' lang='lat' dir='ltr'><strong>Nieetae.</strong></span> 
     </span>
    </p>
   </div>
   <div class='ocr_carea' id='block_1_108' title="bbox 2187 4628 3694 4700">
    <p class='ocr_par' dir='ltr' id='par_1_108' title="bbox 2187 4628 3694 4700">
     <span class='ocr_line' id='line_1_108' title="bbox 2187 4628 3694 4700; baseline -0.003 -15"><span class='ocrx_word' id='word_1_718' title='bbox 2187 4631 2253 4700; x_wconf 79' lang='lat' dir='ltr'><strong>(j)</strong></span> <span class='ocrx_word' id='word_1_719' title='bbox 2285 4629 2380 4685; x_wconf 84' lang='lat' dir='ltr'><strong>Est</strong></span> <span class='ocrx_word' id='word_1_720' title='bbox 2431 4631 2534 4685; x_wconf 89' lang='lat' dir='ltr'><strong>hoc</strong></span> <span class='ocrx_word' id='word_1_721' title='bbox 2566 4632 2980 4686; x_wconf 88' lang='lat' dir='ltr'><strong>conciliatmhnn</strong></span> <span class='ocrx_word' id='word_1_722' title='bbox 3039 4632 3197 4686; x_wconf 87' lang='lat' dir='ltr'><strong>tomis</strong></span> <span class='ocrx_word' id='word_1_723' title='bbox 3226 4628 3588 4700; x_wconf 71' lang='lat' dir='ltr'><strong>Conciliorum</strong></span> <span class='ocrx_word' id='word_1_724' title='bbox 3619 4630 3694 4684; x_wconf 79' lang='lat' dir='ltr'><strong>in-</strong></span> 
     </span>
    </p>
   </div>
   <div class='ocr_carea' id='block_1_109' title="bbox 2117 4699 3691 4765">
    <p class='ocr_par' dir='ltr' id='par_1_109' title="bbox 2117 4699 3691 4765">
     <span class='ocr_line' id='line_1_109' title="bbox 2117 4699 3691 4765; baseline 0.001 -13"><span class='ocrx_word' id='word_1_725' title='bbox 2117 4699 2340 4765; x_wconf 83' lang='lat' dir='ltr'><strong>sertum,</strong></span> <span class='ocrx_word' id='word_1_726' title='bbox 2375 4702 2466 4754; x_wconf 91' lang='lat' dir='ltr'><strong>sed</strong></span> <span class='ocrx_word' id='word_1_727' title='bbox 2501 4701 2568 4754; x_wconf 85' lang='lat' dir='ltr'><strong>ad</strong></span> <span class='ocrx_word' id='word_1_728' title='bbox 2613 4716 2808 4755; x_wconf 90' lang='lat' dir='ltr'><strong>annum</strong></span> <span class='ocrx_word' id='word_1_729' title='bbox 2841 4700 2966 4765; x_wconf 76' lang='lat' dir='ltr'><strong>8H,</strong></span> <span class='ocrx_word' id='word_1_730' title='bbox 2999 4716 3121 4756; x_wconf 86' lang='lat' dir='ltr'><strong>cum</strong></span> <span class='ocrx_word' id='word_1_731' title='bbox 3157 4699 3397 4754; x_wconf 88' lang='lat' dir='ltr'><strong>habitum</strong></span> <span class='ocrx_word' id='word_1_732' title='bbox 3436 4700 3508 4754; x_wconf 88' lang='lat' dir='ltr'><strong>sit</strong></span> <span class='ocrx_word' id='word_1_733' title='bbox 3546 4715 3691 4754; x_wconf 88' lang='lat' dir='ltr'><strong>anno</strong></span> 
     </span>
    </p>
   </div>
   <div class='ocr_carea' id='block_1_110' title="bbox 2115 4769 2680 4837">
    <p class='ocr_par' dir='ltr' id='par_1_110' title="bbox 2115 4769 2680 4837">
     <span class='ocr_line' id='line_1_110' title="bbox 2115 4769 2680 4837; baseline 0.002 -14"><span class='ocrx_word' id='word_1_734' title='bbox 2115 4769 2173 4823; x_wconf 84' lang='lat' dir='ltr'><strong>8i</strong></span> <span class='ocrx_word' id='word_1_735' title='bbox 2188 4769 2240 4833; x_wconf 84' lang='lat'><strong>5,</strong></span> <span class='ocrx_word' id='word_1_736' title='bbox 2282 4785 2465 4822; x_wconf 85' lang='lat' dir='ltr'><strong>mense</strong></span> <span class='ocrx_word' id='word_1_737' title='bbox 2488 4771 2680 4837; x_wconf 86' lang='lat' dir='ltr'><strong>Aprili.</strong></span> 
     </span>
    </p>
   </div>
   <div class='ocr_carea' id='block_1_111' title="bbox 2189 4837 3690 4909">
    <p class='ocr_par' dir='ltr' id='par_1_111' title="bbox 2189 4837 3690 4909">
     <span class='ocr_line' id='line_1_111' title="bbox 2189 4837 3690 4909; baseline -0.001 -17"><span class='ocrx_word' id='word_1_738' title='bbox 2189 4838 2261 4909; x_wconf 82' lang='lat' dir='ltr'><strong>(k)</strong></span> <span class='ocrx_word' id='word_1_739' title='bbox 2297 4838 2350 4892; x_wconf 89' lang='lat' dir='ltr'><strong>In</strong></span> <span class='ocrx_word' id='word_1_740' title='bbox 2377 4840 2562 4893; x_wconf 90' lang='lat' dir='ltr'><strong>eadem</strong></span> <span class='ocrx_word' id='word_1_741' title='bbox 2613 4839 2922 4908; x_wconf 87' lang='lat' dir='ltr'><strong>Appendice</strong></span> <span class='ocrx_word' id='word_1_742' title='bbox 2959 4856 2978 4890; x_wconf 78' lang='grc' dir='ltr'><strong>ι</strong></span> <span class='ocrx_word' id='word_1_743' title='bbox 3027 4837 3297 4908; x_wconf 80' lang='lat' dir='ltr'><strong>Legerunt</strong></span> <span class='ocrx_word' id='word_1_744' title='bbox 3330 4847 3534 4892; x_wconf 82' lang='lat' dir='ltr'><strong>tomum</strong></span> <span class='ocrx_word' id='word_1_745' title='bbox 3576 4838 3690 4893; x_wconf 86' lang='lat' dir='ltr'><strong>edi-</strong></span> 
     </span>
    </p>
   </div>
   <div class='ocr_carea' id='block_1_112' title="bbox 2118 4909 3688 4989">
    <p class='ocr_par' dir='ltr' id='par_1_112' title="bbox 2118 4909 3688 4989">
     <span class='ocr_line' id='line_1_112' title="bbox 2118 4909 3688 4989; baseline 0.001 -29"><span class='ocrx_word' id='word_1_746' title='bbox 2118 4915 2231 4960; x_wconf 88' lang='lat' dir='ltr'><strong>tum</strong></span> <span class='ocrx_word' id='word_1_747' title='bbox 2273 4923 2316 4989; x_wconf 40' lang='lat' dir='ltr'><strong>.a</strong></span> <span class='ocrx_word' id='word_1_748' title='bbox 2351 4909 2726 4989; x_wconf 61' lang='lat' dir='ltr'><strong>defensoribus</strong></span> <span class='ocrx_word' id='word_1_749' title='bbox 2757 4909 3169 4979; x_wconf 81' lang='lat' dir='ltr'><strong>pseudosynodi,</strong></span> <span class='ocrx_word' id='word_1_750' title='bbox 3205 4912 3568 4989; x_wconf 45' lang='lat' dir='ltr'><strong>etndeenretum</strong></span> <span class='ocrx_word' id='word_1_751' title='bbox 3612 4923 3688 4962; x_wconf 91' lang='lat' dir='ltr'><strong>vtt</strong></span> 
     </span>
    </p>
   </div>
   <div class='ocr_carea' id='block_1_113' title="bbox 2115 4975 3688 5125">
    <p class='ocr_par' dir='ltr' id='par_1_113' title="bbox 2115 4975 3688 5125">
     <span class='ocr_line' id='line_1_113' title="bbox 2115 4975 3688 5046; baseline 0.001 -18"><span class='ocrx_word' id='word_1_752' title='bbox 2115 4977 2306 5046; x_wconf 85' lang='lat' dir='ltr'><strong>synodi</strong></span> <span class='ocrx_word' id='word_1_753' title='bbox 2345 4979 2410 5029; x_wconf 87' lang='lat' dir='ltr'><strong>ad</strong></span> <span class='ocrx_word' id='word_1_754' title='bbox 2441 4975 2774 5031; x_wconf 80' lang='lat' dir='ltr'><strong>Blachernas</strong></span> <span class='ocrx_word' id='word_1_755' title='bbox 2828 4975 3175 5031; x_wconf 73' lang='lat' dir='ltr'><strong>vocaverunt.</strong></span> <span class='ocrx_word' id='word_1_756' title='bbox 3220 4995 3240 5028; x_wconf 75' lang='grc' dir='ltr'><strong>ι</strong></span> <span class='ocrx_word' id='word_1_757' title='bbox 3269 4977 3326 5030; x_wconf 91' lang='lat' dir='ltr'><strong>S.</strong></span> <span class='ocrx_word' id='word_1_758' title='bbox 3365 4975 3688 5031; x_wconf 81' lang='lat' dir='ltr'><strong>Theodorus</strong></span> 
     </span>
     <span class='ocr_line' id='line_1_114' title="bbox 2116 5044 3685 5125; baseline 0 -25"><span class='ocrx_word' id='word_1_759' title='bbox 2116 5044 2327 5125; x_wconf 66' lang='lat' dir='ltr'><strong>Studita</strong></span> <span class='ocrx_word' id='word_1_760' title='bbox 2355 5045 2451 5125; x_wconf 73' lang='lat' dir='ltr'><strong>lib.</strong></span> <span class='ocrx_word' id='word_1_761' title='bbox 2477 5061 2538 5125; x_wconf 83' lang='lat' dir='ltr'><strong>t_t,</strong></span> <span class='ocrx_word' id='word_1_762' title='bbox 2571 5063 2657 5125; x_wconf 84' lang='lat' dir='ltr'><strong>ep.</strong></span> <span class='ocrx_word' id='word_1_763' title='bbox 2684 5048 2750 5125; x_wconf 67' lang='grc' dir='ltr'>ίξ</span> <span class='ocrx_word' id='word_1_764' title='bbox 2771 5048 2836 5099; x_wconf 90' lang='lat' dir='ltr'><strong>ad</strong></span> <span class='ocrx_word' id='word_1_765' title='bbox 2855 5046 3227 5101; x_wconf 85' lang='lat' dir='ltr'><strong>Patriarcham</strong></span> <span class='ocrx_word' id='word_1_766' title='bbox 3262 5047 3685 5125; x_wconf 60' lang='lat' dir='ltr'><strong>Antiochenam:</strong></span> 
     </span>
    </p>
   </div>
   <div class='ocr_carea' id='block_1_114' title="bbox 2121 5115 3688 5185">
    <p class='ocr_par' dir='ltr' id='par_1_114' title="bbox 2121 5115 3688 5185">
     <span class='ocr_line' id='line_1_115' title="bbox 2121 5115 3688 5185; baseline 0.003 -20"><span class='ocrx_word' id='word_1_767' title='bbox 2121 5131 2141 5165; x_wconf 76' lang='grc' dir='ltr'><strong>ι</strong></span> <span class='ocrx_word' id='word_1_768' title='bbox 2188 5115 2458 5184; x_wconf 84' lang='lat' dir='ltr'><strong>Synodns,</strong></span> <span class='ocrx_word' id='word_1_769' title='bbox 2490 5117 2685 5184; x_wconf 88' lang='lat' dir='ltr'><strong>inquit,</strong></span> <span class='ocrx_word' id='word_1_770' title='bbox 2719 5115 2859 5171; x_wconf 78' lang='lat' dir='ltr'><strong>facta</strong></span> <span class='ocrx_word' id='word_1_771' title='bbox 2886 5126 3243 5185; x_wconf 87' lang='lat' dir='ltr'><strong>est,veteretn</strong></span> <span class='ocrx_word' id='word_1_772' title='bbox 3288 5117 3430 5169; x_wconf 88' lang='lat' dir='ltr'><strong>illam</strong></span> <span class='ocrx_word' id='word_1_773' title='bbox 3465 5117 3688 5185; x_wconf 83' lang='lat' dir='ltr'><strong>impiam</strong></span> 
     </span>
    </p>
   </div>
   <div class='ocr_carea' id='block_1_115' title="bbox 2116 5184 3686 5251">
    <p class='ocr_par' dir='ltr' id='par_1_115' title="bbox 2116 5184 3686 5251">
     <span class='ocr_line' id='line_1_116' title="bbox 2116 5184 3686 5251; baseline 0 -14"><span class='ocrx_word' id='word_1_774' title='bbox 2116 5187 2470 5251; x_wconf 87' lang='lat' dir='ltr'><strong>conﬁrmans,</strong></span> <span class='ocrx_word' id='word_1_775' title='bbox 2494 5196 2545 5238; x_wconf 89' lang='lat' dir='ltr'><strong>et</strong></span> <span class='ocrx_word' id='word_1_776' title='bbox 2571 5189 2950 5251; x_wconf 75' lang='lat' dir='ltr'><strong>orthodoxmn,</strong></span> <span class='ocrx_word' id='word_1_777' title='bbox 2993 5184 3264 5241; x_wconf 62' lang='lat' dir='ltr'><strong>Nic-cnam</strong></span> <span class='ocrx_word' id='word_1_778' title='bbox 3289 5186 3522 5249; x_wconf 77' lang='lat' dir='ltr'><strong>scilicet,</strong></span> <span class='ocrx_word' id='word_1_779' title='bbox 3551 5184 3686 5238; x_wconf 57' lang='lat' dir='ltr'><strong>ana.</strong></span> 
     </span>
    </p>
   </div>
   <div class='ocr_carea' id='block_1_116' title="bbox 2119 5254 2733 5308">
    <p class='ocr_par' dir='ltr' id='par_1_116' title="bbox 2119 5254 2733 5308">
     <span class='ocr_line' id='line_1_117' title="bbox 2119 5254 2733 5308; baseline 0 -2"><span class='ocrx_word' id='word_1_780' title='bbox 2119 5254 2359 5307; x_wconf 75' lang='lat' dir='ltr'><strong>themate</strong></span> <span class='ocrx_word' id='word_1_781' title='bbox 2385 5255 2668 5308; x_wconf 85' lang='lat' dir='ltr'><strong>damnans.</strong></span> <span class='ocrx_word' id='word_1_782' title='bbox 2714 5273 2733 5306; x_wconf 72' lang='grc' dir='ltr'><strong>ι</strong></span> 
     </span>
    </p>
   </div>
   <div class='ocr_carea' id='block_1_117' title="bbox 2183 5321 3691 5394">
    <p class='ocr_par' dir='ltr' id='par_1_117' title="bbox 2183 5321 3691 5394">
     <span class='ocr_line' id='line_1_118' title="bbox 2183 5321 3691 5394; baseline 0.001 -20"><span class='ocrx_word' id='word_1_783' title='bbox 2183 5321 2616 5394; x_wconf 13' lang='grc' dir='ltr'>(27)γΒουθοίνας</span> <span class='ocrx_word' id='word_1_784' title='bbox 2646 5340 2742 5379; x_wconf 90' lang='lat' dir='ltr'><strong>seu</strong></span> <span class='ocrx_word' id='word_1_785' title='bbox 2787 5325 3074 5394; x_wconf 87' lang='grc' dir='ltr'>Βουθοίνης</span> <span class='ocrx_word' id='word_1_786' title='bbox 3135 5324 3338 5378; x_wconf 69' lang='lat' dir='ltr'><strong>Graecis</strong></span> <span class='ocrx_word' id='word_1_787' title='bbox 3374 5323 3558 5394; x_wconf 83' lang='lat' dir='ltr'><strong>dictus</strong></span> <span class='ocrx_word' id='word_1_788' title='bbox 3605 5332 3691 5376; x_wconf 78' lang='lat' dir='ltr'><strong>est.</strong></span> 
     </span>
    </p>
   </div>
   <div class='ocr_carea' id='block_1_118' title="bbox 2111 5391 3688 5465">
    <p class='ocr_par' dir='ltr' id='par_1_118' title="bbox 2111 5391 3688 5465">
     <span class='ocr_line' id='line_1_119' title="bbox 2111 5391 3688 5465; baseline -0.001 -20"><span class='ocrx_word' id='word_1_789' title='bbox 2111 5391 2374 5465; x_wconf 80' lang='lat' dir='ltr'><strong>Hercules</strong></span> <span class='ocrx_word' id='word_1_790' title='bbox 2406 5394 2548 5461; x_wconf 87' lang='lat' dir='ltr'><strong>quod</strong></span> <span class='ocrx_word' id='word_1_791' title='bbox 2600 5395 2803 5460; x_wconf 87' lang='lat' dir='ltr'><strong>boves,</strong></span> <span class='ocrx_word' id='word_1_792' title='bbox 2853 5391 3090 5465; x_wconf 62' lang='lat' dir='ltr'><strong>integros</strong></span> <span class='ocrx_word' id='word_1_793' title='bbox 3114 5410 3219 5449; x_wconf 91' lang='lat' dir='ltr'><strong>uno</strong></span> <span class='ocrx_word' id='word_1_794' title='bbox 3267 5393 3426 5464; x_wconf 90' lang='lat' dir='ltr'><strong>epulo</strong></span> <span class='ocrx_word' id='word_1_795' title='bbox 3467 5395 3688 5447; x_wconf 85' lang='lat' dir='ltr'><strong>absum-</strong></span> 
     </span>
    </p>
   </div>
   <div class='ocr_carea' id='block_1_119' title="bbox 2109 5463 2628 5530">
    <p class='ocr_par' dir='ltr' id='par_1_119' title="bbox 2109 5463 2628 5530">
     <span class='ocr_line' id='line_1_120' title="bbox 2109 5463 2628 5530; baseline 0.004 -16"><span class='ocrx_word' id='word_1_796' title='bbox 2109 5465 2284 5530; x_wconf 87' lang='lat' dir='ltr'><strong>psisse</strong></span> <span class='ocrx_word' id='word_1_797' title='bbox 2313 5463 2628 5530; x_wconf 72' lang='lat' dir='ltr'><strong>ﬁngeretur.</strong></span> 
     </span>
    </p>
   </div>
   <div class='ocr_carea' id='block_1_120' title="bbox 2177 5529 3684 5618">
    <p class='ocr_par' dir='ltr' id='par_1_120' title="bbox 2177 5529 3684 5618">
     <span class='ocr_line' id='line_1_121' title="bbox 2177 5529 3684 5618; baseline 0.003 -36"><span class='ocrx_word' id='word_1_798' title='bbox 2177 5530 2288 5618; x_wconf 50' lang='grc' dir='ltr'><strong>(ἒξ)</strong></span> <span class='ocrx_word' id='word_1_799' title='bbox 2318 5529 3130 5618; x_wconf 42' lang='lat' dir='ltr'><strong>Vide-turad‘etymonnmninis</strong></span> <span class='ocrx_word' id='word_1_800' title='bbox 3162 5533 3684 5618; x_wconf 32' lang='grc' dir='ltr'>κολοιρςηθναειιίω,</span> 
     </span>
    </p>
   </div>
   <div class='ocr_carea' id='block_1_121' title="bbox 2104 5601 3685 5668">
    <p class='ocr_par' dir='ltr' id='par_1_121' title="bbox 2104 5601 3685 5668">
     <span class='ocr_line' id='line_1_122' title="bbox 2104 5601 3685 5668; baseline 0.001 -16"><span class='ocrx_word' id='word_1_801' title='bbox 2104 5601 2290 5663; x_wconf 88' lang='lat' dir='ltr'><strong>alludi,</strong></span> <span class='ocrx_word' id='word_1_802' title='bbox 2323 5603 2463 5668; x_wconf 84' lang='lat' dir='ltr'><strong>quod</strong></span> <span class='ocrx_word' id='word_1_803' title='bbox 2507 5619 2536 5654; x_wconf 74' lang='grc' dir='ltr'><strong>ιι</strong></span> <span class='ocrx_word' id='word_1_804' title='bbox 2570 5601 2816 5656; x_wconf 80' lang='grc' dir='ltr'>κολεύειν</span> <span class='ocrx_word' id='word_1_805' title='bbox 2880 5603 3253 5657; x_wconf 83' lang='lat' dir='ltr'><strong>tumultuando</strong></span> <span class='ocrx_word' id='word_1_806' title='bbox 3287 5606 3503 5657; x_wconf 79' lang='lat' dir='ltr'><strong>(luctum</strong></span> <span class='ocrx_word' id='word_1_807' title='bbox 3553 5618 3685 5657; x_wconf 85' lang='lat' dir='ltr'><strong>cen-</strong></span> 
     </span>
    </p>
   </div>
   <div class='ocr_carea' id='block_1_122' title="bbox 2103 5669 3362 5744">
    <p class='ocr_par' dir='ltr' id='par_1_122' title="bbox 2103 5669 3362 5744">
     <span class='ocr_line' id='line_1_123' title="bbox 2103 5669 3362 5744; baseline 0.005 -22"><span class='ocrx_word' id='word_1_808' title='bbox 2103 5672 2202 5722; x_wconf 84' lang='lat' dir='ltr'><strong>sui:</strong></span> <span class='ocrx_word' id='word_1_809' title='bbox 2240 5670 2430 5726; x_wconf 64' lang='lat' dir='ltr'><strong>(Li-ltus</strong></span> <span class='ocrx_word' id='word_1_810' title='bbox 2475 5669 2840 5743; x_wconf 70' lang='lat' dir='ltr'><strong>Rhodiginus,</strong></span> <span class='ocrx_word' id='word_1_811' title='bbox 2880 5673 2968 5727; x_wconf 82' lang='lat' dir='ltr'><strong>lib.</strong></span> <span class='ocrx_word' id='word_1_812' title='bbox 3007 5689 3125 5735; x_wconf 76' lang='lat' dir='ltr'><strong>xm,</strong></span> <span class='ocrx_word' id='word_1_813' title='bbox 3160 5691 3274 5744; x_wconf 81' lang='lat' dir='ltr'><strong>sap.</strong></span> <span class='ocrx_word' id='word_1_814' title='bbox 3309 5675 3362 5728; x_wconf 67' lang='grc'><strong>4.</strong></span> 
     </span>
    </p>
   </div>
  </div>
