3980 6140
431 295 537 361 139

1428 302 1486 360 S.
1529 288 1948 361 NICEPHORI
1986 296 2490 358 PATRIARCH/E
2528 296 2636 355 (ΣΡ.

3594 282 3698 351 140

432 411 508 469 mi
537 422 737 468 stratos
759 410 951 480 jubent
979 428 1226 486 surgere,
1252 422 1307 469 et
1344 429 1453 485 qua
1507 420 1769 468 venerant
1815 412 2009 482 postli-

2118 424 2273 481 ορσον
2297 408 2396 479 τὴν
2425 406 2651 478 πορείαν
2674 400 2970 466 ποιεῖσθαι,
2988 400 3093 468 πὺξ
3114 396 3256 454 κατὰ
3289 397 3498 471 κόρρης
3524 398 3697 470 eam.

437 504 609 559 minio
654 505 858 573 redire,
890 515 948 560 ut
994 520 1284 577 porcorum
1316 506 1491 562 instar
1522 507 1664 577 abigi
1694 506 2012 560 viderentur

435 595 633 665 pugnis
660 595 715 650 in
749 610 921 667 genas
952 597 1188 652 incussis
1237 606 1460 667 totoque
1502 612 1735 667 corpore
1764 594 2008 651 calcibus

433 688 813 757 conquassati.
845 690 960 745 Hac
995 690 1308 759 perturbata
1338 692 1676 762 prolanaque
1702 691 1910 746 smvitia
1955 691 2008 743 in

434 791 659 835 sanctos
699 781 1018 837 debacchati
1046 797 1172 836 cum
1219 792 1407 837 essent
1436 793 1492 838 et
1523 798 1619 838 eos
1643 782 1754 850 jam
1780 782 1915 836 liora
1942 781 2008 834 ad

435 880 681 929 mensam
724 886 970 938 vocaret,
1005 872 1178 927 lloridi
1228 874 1427 939 eloquii
1461 874 1715 938 clericus,
1746 872 2007 927 sodalium

435 963 660 1017 nomine
718 962 1104 1030 imperatorem
1158 963 1446 1026 allocutus,
1504 963 1765 1018 laudavit.
1824 961 2011 1030 Itaque

435 1060 598 1107 rectae
638 1051 760 1107 ﬁdei
791 1053 1136 1122 prmsidibus,
1168 1056 1516 1110 anathemate
1549 1063 1609 1108 nt
1660 1055 1876 1122 quidem
1927 1056 2009 1107 vi-

436 1144 689 1209 debatur,
725 1146 793 1199 ad
835 1154 1144 1200 extremum
1185 1146 1418 1210 devotis,
1446 1145 1731 1202 solverunt
1774 1161 2009 1202 conven-

436 1243 573 1295 tum.

509 1327 597 1381 77.
637 1327 774 1394 Quia
806 1343 938 1384 vero
967 1331 1217 1384 insanum
1254 1327 1489 1383 furorem
1537 1334 1692 1384 suum
1724 1328 1782 1383 in
1828 1328 2012 1382 Eccle-

358 1456 365 1461 ρ
435 1417 571 1472 siam
603 1417 977 1487 expleverant,
1004 1419 1245 1490 regulam
1279 1427 1615 1488 componunt
1644 1433 1709 1474 ac
1738 1417 2010 1473 deﬁnitio-

437 1526 559 1564 nem
592 1525 622 1563 a
654 1512 903 1566 veritatis
950 1515 1198 1567 terminis
1230 1512 1384 1583 longe
1422 1512 1845 1569 remotissimam
1874 1531 1889 1566 :
1923 1512 2008 1567 cui

434 1611 490 1656 ut
523 1601 891 1656 subscriberet
918 1602 1258 1672 imperator,
1293 1602 1441 1671 pium
1473 1616 1593 1656 esse
1621 1601 1929 1656 monebant.
1962 1599 2011 1655 ls

434 1708 605 1762 porro
646 1693 787 1762 (erat
813 1695 984 1760 enim,
1020 1695 1069 1748 si
1097 1694 1222 1762 quis
1258 1694 1399 1749 alius
1449 1695 1504 1748 in
1533 1707 1699 1749 causa
1736 1692 2011 1762 religionis

432 1788 707 1842 versatilis
751 1786 941 1858 animi)
976 1802 1179 1842 morem
1213 1787 1280 1843 iis
1305 1798 1559 1858 gesturus
1608 1786 1770 1841 indici
1821 1799 2011 1839 rursus

435 1886 760 1932 conventum
785 1878 939 1948 jubet
965 1877 1067 1932 :‘in
1097 1892 1203 1946 quo
1237 1893 1358 1933 cum
1390 1879 1595 1942 sedem,
1625 1875 1769 1932 velut
1801 1875 1853 1931 in
1878 1890 2013 1944 quo-

435 1968 560 2021 dam
608 1968 842 2023 ambone
892 1967 1115 2022 sublimi
1159 1967 1398 2022 locatam
1464 1962 1910 2025 conscendisset,
1958 1969 2013 2015 ct

438 2058 704 2114 mendacii
746 2059 955 2128 patroni
990 2074 1124 2115 suas
1167 2072 1384 2127 quoque
1427 2061 1787 2125 occupassent
1833 2052 2009 2119 sedes,

435 2151 683 2207 omnium
734 2150 960 2206 auribus
1014 2150 1267 2205 iutimata
1310 2156 1395 2203 est
1434 2146 1735 2201 falsissima
1773 2142 2008 2213 regula:

435 2256 556 2311 qute
586 2255 709 2295 cum
757 2241 1031 2310 plerisque
1080 2239 1405 2302 astantium,
1453 2237 1556 2292 etsi
1598 2252 1702 2291 non
1735 2235 2009 2300 omnibus,

437 2331 765 2401 placuisset;
817 2331 1083 2399 rogabant
1120 2339 1185 2383 ut
1226 2329 1458 2398 quisque
1507 2340 1627 2381 eam
1671 2340 1862 2380 manus
1900 2339 2012 2379 suae

438 2425 840 2495 subscriptione
868 2426 1132 2479 ﬁrmaret.
1162 2423 1257 2480 llis
1287 2431 1466 2479 autem
1496 2422 1577 2479 sic
1604 2421 1862 2492 peractis,
1887 2432 2009 2473 cum

437 2518 656 2572 nomina
695 2531 793 2571 sua
843 2524 1008 2585 atque
1051 2514 1298 2569 fortunas
1342 2520 1652 2568 atramento
1698 2514 2012 2565 commacu-

438 2609 665 2676 lassent,
712 2606 890 2662 solitis
937 2619 1066 2674 erga
1108 2607 1471 2674 imperatores
1522 2597 2011 2656 acclamationibus

435 2710 490 2756 et
520 2699 783 2754 adversus
823 2694 1080 2751 Ecclesiae
1106 2693 1320 2747 lumina
1364 2687 1730 2745 anatltematis
1772 2682 2013 2740 defuncti

438 2790 829 2863 (prmioqnente
876 2786 1084 2843 scilicet
1134 2799 1236 2851 eo,
1285 2798 1444 2854 quem
1497 2779 1745 2837 dicebam
1789 2775 2008 2846 clerico)

437 2883 667 2952 dispersi
701 2888 844 2938 sunt.

2106 499 2372 571 τομένους
2418 499 2515 552 καὶ
2560 496 2765 558 σιάλοις
2830 491 2974 547 κατὰ
3025 491 3226 554 παντὸς
3281 490 3548 560 ὑομένους
3596 490 3697 544 τοῦ

2110 587 2382 659 σώματος,
2403 584 2828 644 ἀπελαύνεσθαι.
2849 582 3038 647 Οὕτως
3059 582 3310 644 ἀτάκτως
3326 582 3421 634 καὶ
3442 581 3697 649 ἁνάγνως

2107 683 2169 734 ὲν
2197 682 2313 744 τοῖς
2336 679 2556 747 -Ἀγίοις
2591 676 2873 732 κατὰ-τῶν
2930 675 3102 743 ἁγίων
3150 675 3694 744 ἑμπαροινήσαντες,

2107 774 2208 846 ἠδη
2253 775 2356 843 τῆς
2405 773 2556 845 ὧρας
2610 770 2886 839 καλούσης
2940 768 3078 839 πρὸς
3115 767 3431 838 τράπεζαν,
3461 767 3532 820 δι’
3575 767 3699 831 eve;

2107 862 2493 935 ἀνθηροερώνου
2544 862 2809 934 κληρικοῦ
2862 860 3309 932 προλογίζοντος.
3360 861 3495 924 τοὺς
3548 878 3695 930 κρα-

2106 954 2336 1019 τοῦντας
2351 954 2466 1026 (29)
2494 956 2706 1024 ὲπευφη
2716 955 3009 1024 μήσαντες,
3034 949 3162 1013 τούς
3189 966 3250 1003 τε
3273 949 3375 1020 τῆς
3395 948 3695 1020 ὀρθοτόμου

2107 1046 2345 1109 πίστεως
2399 1047 2677 1116 ἀρχηγοὺς
2735 1046 2851 1108 τοῖς
2911 1042 3290 1113 ἁναθέμασιν.
3349 1041 3425 1105 ὡς
3482 1039 3695 1113 ᾤοντο,

2109 1137 2576 1209 παραπέμψαντες
2609 1136 2905 1211 διελύοντο.

2178 1311 2272 1375 οζ’.
2317 1311 2458 1365 Ἀλλ’
2491 1312 2614 1364 ἐπεὶ
2642 1311 2705 1364 τὸ
2733 1313 2832 1382 τῆς
2862 1310 3051 1370 ἀνοίας
3077 1306 3261 1387 αὑτων
3288 1307 3528 1377 θυμικὸν
3552 1305 3697 1361 κατὰ

2105 1403 2205 1471 τῆς
2239 1401 2566 1471 Ἐκκλησίας
2590 1401 2917 1472 ἐξέπλησαν,
2944 1401 3069 1470 ὅρον
3091 1399 3472 1459 συντάττουσι,
3506 1400 3698 1471 πόρρω

2106 1492 2216 1546 τῶν
2234 1493 2333 1563 τῆς
2357 1492 2619 1563 ἀληθείας
2646 1492 2809 1563 ὁρίων
2837 1490 3151 1560 ἱστάμενον,
3183 1491 3243 1543 ὲν
3265 1483 3309 1556 ᾧ
3335 1488 3590 1557 καθυπογ
3602 1489 3696 1559 ρά-

2109 1603 2232 1655 φειν
2266 1581 2788 1653 εὐαγὲς-εἶναι’τὺν
2827 1582 3139 1653 κρατοῦντὰ
3193 1583 3491 1653 παρῄνουν.
3548 1581 3608 1634 Ὀ
3635 1582 3697 1634 δὲ

2117 1679 2211 1730 καὶ
2243 1672 2343 1747 (ἦν
2384 1679 2495 1748 γὰρ
2544 1678 2615 1730 τὰ
2649 1676 2786 1747 πρὸς
2828 1675 2989 1733 Θεὸν,
3012 1674 3482 1744 ἀλλοπρόσαλλος,
3516 1675 3566 1726 εί
3603 1674 3697 1726 καί

2117 1785 2201 1831 τις
2245 1767 2439 1837 ἄλλος)
2482 1767 2736 1821 πείθεται
2786 1765 3032 1829 τούτοις,
3073 1768 3168 1819 καὶ
3224 1763 3590 1827 συνελεύσεως
3638 1767 3697 1826 ἐς

2112 1852 2269 1920 αὖθις
2321 1857 2724 1927 κηρυχθείσης,
2759 1857 2835 1919 ὡς
2873 1858 2964 1908 ἐπί
3009 1873 3155 1920 τινος
3198 1856 3557 1926 ὸκρίόαντσς,
3604 1856 3697 1909 τὸν

2113 1947 2303 2019 θρόνον
2328 1948 2495 2000 αὑτοῦ
2522 1948 2887 2019 μετεωρίσας,
2921 1948 3211 2017 ἀνέτρεχεν
3236 1963 3248 1976 ·
3275 1947 3409 2000 οἵτε
3438 1946 3534 2000 τοῦ
3558 1945 3694 2017 ψεύ-

2109 2040 2234 2104 δους
2262 2041 2602 2094 ὑπασπισταὶ
2634 2040 2733 2103 τὰς
2760 2040 2970 2093 ἑαυτῶν
3008 2039 3281 2109 καθέδρας
3319 2036 3696 2109 σπουδῇκατ-

2109 2130 2415 2202 ελάμθανον
2434 2146 2447 2160 '
2482 2130 2577 2184 τοῦ
2598 2130 2655 2184 δὲ
2669 2128 3039 2199 πολυσφαλοῦς
3066 2132 3187 2192 ταῖς
3233 2129 3491 2183 ἁπάντων
3504 2130 3696 2192 ἀκοαῖς

2112 2223 2471 2295 ὲνηχηθέντος
2493 2225 2647 2293 ὅρου,
2680 2222 2777 2275 καὶ
2797 2223 2915 2285 τοῖς
2946 2219 3240 2293 παροῦσιν,
3268 2221 3327 2273 εί
3362 2220 3457 2273 καὶ
3493 2219 3569 2290 μὴ
3599 2220 3697 2272 πᾶ·

2114 2330 2219 2380 σιν,
2260 2314 2570 2385 ἀρέσαντσς
2589 2356 2604 2380 ,
2632 2313 3025 2381 συγκαταινεῖν
3059 2312 3292 2365 ἕκαστον
3321 2313 3504 2382 οίκείξ.
3550 2313 3695 2384 χειρὶ

2112 2405 2180 2458 τὰ
2223 2406 2280 2457 έν
2320 2404 2473 2475 αὑτῷ
2518 2402 2916 2474 σεσημασμένα
2958 2401 3324 2474 προέτρεπον.
3363 2403 3558 2456 Τοίνυν
3601 2404 3696 2458 καὶ

2111 2495 2271 2550 τοῦτο
2313 2495 2671 2557 τελέσαντες,
2702 2494 2811 2547 καὶ
2836 2492 2957 2557 ’τὰς
2988 2493 3201 2547 ἑαυτῶν
3232 2495 3608 2565 προσηγορίας
3634 2510 3695 2547 τε

2113 2589 2208 2641 καὶ
2238 2586 2407 2659 τύχας
2431 2587 2512 2658 τῷ
2541 2587 2730 2656 μέλανι
2761 2584 3229 2656 συμμολύναντες,
3261 2588 3384 2648 ταῖς
3410 2585 3696 2649 είωθυίαις

2112 2680 2414 2751 εὐφημίαις
2468 2680 2613 2750 πρὸς
2646 2679 2775 2742 τοὺς
2825 2677 3196 2747 κρατοῦντας,
3234 2679 3349 2740 τοῖς
3385 2692 3445 2728 τε
3500 2676 3698 2729 ἀναθε-

2115 2774 2413 2847 ματισμοῖς
2461 2772 2600 2847 πρὸς
2640 2773 2777 2835 τοὺς
2826 2775 2926 2842 τῆς
2971 2767 3303 2841 Ἐκκλησίας
3344 2770 3698 2841 ·λαμπτῆρας

2112 2867 2484 2939 χρησάμενοι,
2516 2862 2721 2934 δηλαδὴ
2770 2860 2865 2915 τοῦ
2890 2860 3066 2915 αὐτοῦ
3131 2860 3400 2932 κληρικοῦ
3443 2859 3698 2930 προλογί-

2113 2957 2299 3021 ζοντος
2319 2997 2334 3022 ,
2371 2955 2781 3011 ὲσκεδάννυντο.
3098 2974 3103 2977 ν

513 3064 606 3118 '28.
641 3061 918 3117 Scelerum
966 3070 1130 3129 porro
1162 3054 1326 3109 ultrix
1362 3052 1458 3108 Dei
1512 3048 1860 3118 justitia,,sic
1876 3046 2008 3102 il‘lu-

2118 3004 2954 3131 --οηῗκίὲᾇίῖῠιῇῖέμελλε
2994 3044 3100 3114 τῆς
3150 3043 3540 3123 μακροθυμίας
3586 3046 3700 3104 τοῖς

439 3172 533 3214 sos
566 3164 789 3213 sanctos
820 3166 916 3222 pro
948 3165 1045 3205 sua
1077 3145 1491 3218 longanimitate
1537 3143 1678 3197 haud
1726 3142 1815 3196 diu
1856 3140 2013 3194 dissi-

441 3250 733 3311 Inttlatura,
773 3244 1006 3300 celerem
1054 3240 1207 3296 haud
1250 3239 1369 3294 sine
1412 3236 1672 3290 miraculo
1720 3233 2010 3288 vindictam

439 3339 625 3397 intulit
654 3356 671 3393 :
700 3335 856 3392 brevi
888 3347 1123 3402 namque
1154 3342 1399 3400 tempore
1436 3327 1723 3394 interiecto
1750 3323 2011 3394 prtelocu-

439 3446 616 3490 torem
688 3427 952 3485 clericum
1019 3438 1178 3494 paena
1248 3420 1548 3489 corripuit,
1609 3417 2015 3473 obmutescente

439 3521 646 3593 lingua,
674 3533 738 3573 ac
758 3514 1144 3571 fatiscentibus
1175 3510 1451 3566 vocalibus
1476 3508 1715 3579 organis.
1740 3506 2016 3561 Advertite

443 3623 624 3666 autem
662 3607 840 3678 qualis
870 3621 934 3660 ac
963 3612 1169 3673 quanta
1206 3617 1220 3655 :
1254 3599 1300 3654 si
1342 3598 1635 3667 quis-enim
1668 3595 2012 3650 Psalmorutn

440 3703 659 3758 oracula
691 3700 809 3755 viro
841 3706 1179 3768 suggereret,
1212 3693 1387 3760 lingua
1414 3690 1589 3746 soluta
1624 3697 1741 3743 erat
1762 3689 1828 3741 ad
1850 3687 2014 3749 verba

442 3793 799 3850 ministrantla
829 3804 845 3844 :
878 3790 961 3843 sin
993 3785 1265 3843 sermonis
1291 3781 1499 3851 aliquid
1525 3795 1650 3834 cum
1682 3780 1862 3848 aliquo
1888 3793 2018 3831 con-

442 3890 632 3954 ferret,
678 3883 917 3951 undique
964 3880 1226 3935 dissoluta
1265 3892 1329 3932 ac
1364 3873 1620 3943 impedita
1668 3876 2019 3942 perinanens,

443 3981 691 4049 maleque
709 3974 997 4030 articulata
1031 3973 1240 4026 incerta
1285 3984 1351 4023 ac
1378 3968 1610 4023 sublecsa
1656 3962 2015 4034 obgannieus,

442 4073 679 4127 sonitum
717 4066 860 4135 nullo
893 4071 1249 4121 .constantem
1282 4075 1450 4116 sensu
1487 4060 1538 4113 in
1563 4057 1828 4111 auditoris
1856 4068 2018 4108 aures

442 4162 867 4220 transmittebat.
904 4156 1040 4212 Eum
1067 4156 1121 4210 iit
1155 4154 1372 4207 modum
1417 4149 1713 4217 castigatur
1751 4146 1931 4213 lingua
1966 4145 2016 4196 itt

442 4273 538 4314 eos
573 4251 988 4327 procacissima,
1026 4247 1116 4316 qui
1147 4241 1593 4312 ore~sapientiam
1631 4238 2016 4304 loquebantur,
2047 4280 2053 4293 ,

441 4365 507 4403 ac
566 4346 747 4402 cordis
813 4339 1177 4396 meditatione
1248 4331 1570 4388 eructabant
1651 4329 2015 4396 prudentiam.

2113 3141 2224 3194 τῶν
2293 3140 2466 3209 ἁγίων
2524 3128 2839 3207 ταώασμοῖς
2911 3137 3180 3206 ὲπιμῦσαι
3233 3137 3267 3205 ὴ
3332 3136 3701 3205 μισοπόνηρος

2112 3234 2266 3304 δίκη,
2311 3229 2635 3301 ἐπιταχῦναι
2702 3228 2760 3281 δὲ
2810 3228 2904 3281 καὶ
2955 3225 3057 3298 τὴν
3106 3225 3389 3296 ἐκδίκησιν
3437 3226 3524 3279 διὰ
3568 3225 3704 3279 θαυ-

2121 3323 2460 3395 ματουργίας
2529 3318 2904 3385 ἐνδείξεσθαι·
2978 3317 3179 3388 μικρὸν
3236 3316 3347 3386 γὰρ
3390 3317 3448 3368 ὲν
3509 3315 3698 3385 μέσῳ,

2115 3413 2211 3471 καὶ
2276 3417 2369 3469 τὸν
2420 3410 2793 3484 προλογιστὴν
2849 3413 3085 3465 ἐκεῖνον⁸
3130 3409 3396 3481 κληρικὸν
3447 3410 3545 3461 ἐπὶ
3601 3410 3702 3479 τῆς

2114 3508 2368 3579 γλώσσης
2395 3504 2777 3577 κατελάμϐανε
2810 3505 3056 3568 κόλασις,
3112 3503 3283 3574 ἀργία
3349 3503 3445 3555 καὶ
3479 3502 3701 3573 νάρκωο

2118 3617 2204 3663 σις
2254 3599 2364 3652 τῶν
2413 3596 2746 3669 φωνητικῶν
2804 3595 3053 3668 ὀργάνων
3112 3593 3264 3664 αὐτῷ
3321 3593 3698 3663 ἐπισκήψασα.

2117 3690 2228 3743 Καὶ
2246 3690 2524 3760 ὁρᾶτε-ὠς
2555 3688 2763 3759 χαλεπή
2789 3694 2804 3720 δ
2833 3686 2998 3758 ἡνίκα
3026 3685 3137 3755 γὰρ
3166 3685 3316 3754 αὐτῷ
3348 3683 3698 3753 ταψαλμικὰ

2115 3798 2199 3845 τις
2228 3782 2613 3851 ὑπεμίμνησκε
2633 3779 2810 3847 λόγια,
2843 3780 2943 3848 τὴν
2967 3777 3223 3845 γλῶτταν
3243 3773 3387 3847 εἶχεν
3410 3778 3703 3847 ἀνειμένην

2118 3875 2213 3927 καὶ
2251 3872 2617 3928 »διακονοῦσαν
2644 3874 2765 3934 τοῖς
2810 3871 3052 3941 ῥήμασιν
3078 3884 3089 3895 ·
3129 3871 3178 3925 εἰ
3211 3869 3268 3921 δέ
3297 3886 3348 3922 τι
3394 3869 3534 3940 πρός
3578 3886 3704 3923 τινα

2118 3963 2556 4031 κοινολογεῖσθαι
2599 3959 2913 4023 συνέϐαινε,
2955 3962 3185 4029 παρεῖτο
3238 3959 3509 4014 πᾶντοθεν
3560 3960 3703 4032 αὕτη

2118 4057 2214 4109 καὶ
2245 4054 2536 4125 πεπέδητο,
2564 4052 2662 4106 καὶ
2686 4051 2937 4122 ἄναρθρά
2961 4069 3077 4114 πως
3112 4053 3209 4104 καί⁵
3233 4051 3424 4123 ἄσημα
3447 4051 3541 4105 καὶ
3574 4053 3703 4105 ὑπό-

2116 4144 2326 4216 τραυλα
2392 4143 2773 4214 μινυρίζουσα,
2804 4140 3123 4211 ἀδιανόητον
3157 4139 3294 4210 πρὸς
3332 4140 3423 4193 τὸν
3475 4140 3705 4193 ἀκούον-

2118 4252 2188 4287 τα
2256 4234 2347 4287 τὸν
2415 4234 2653 4302 φθόγγον
2701 4232 3092 4303 παρέπεμπεν.
3131 4230 3320 4293 Οὕτως
3354 4232 3389 4299 ἡ
3418 4232 3564 4283 κατὰ
3593 4231 3704 4284 τῶν

2117 4325 2424 4379 λαλούντων
2473 4324 2668 4392 σοφίαν
2715 4322 2794 4393 τῷ
2835 4322 3087 4390 στόματι,
3137 4322 3232 4373 καὶ
3258 4324 3322 4390 τῇ
3363 4320 3562 4391 μελέτῃ
3602 4322 3715 4391 τῆς,

440 4440 700 4506 Adeoque
750 4442 1052 4504 opportune
1102 4426 1268 4483 divini
1323 4424 1453 4479 illud
1501 4423 1701 4492 eloquii
1753 4420 2014 4474 dicatur:

2123 4414 2351 4486 καρδίας
2385 4412 2603 4467 σύνεσιν
2622 4411 3014 4483 ἑρευγομένων
3050 4410 3431 4481 προαλεστάτη
3474 4411 3704 4479 γλῶσσα

445 4530 592 4586 Mors
620 4536 670 4584 et
698 4527 809 4581 vita
847 4525 901 4577 in
927 4537 1088 4575 manu
1119 4520 1350 4588 lingua;
1384 4515 1492 4587 Δ(ιιιιὶ
1539 4525 1712 4569 autem
1746 4512 2014 4566 continent

442 4639 582 4688 eam,
612 4619 879 4675 comedent
916 4614 1120 4684 fructus
1151 4611 1264 4679 eius
1299 4610 1366 4663 ιε.

513 4800 602 4855 79.
635 4797 837 4853 Verum
872 4795 986 4848 haec
1016 4791 1184 4846 missa
1218 4786 1379 4850 facio,
1417 4783 1605 4853 utique
1627 4781 1922 4837 suﬂ'ectura
1953 4791 2011 4835 ut

442 4904 498 4952 et
531 4895 744 4948 illorum
770 4887 1036 4956 malignus
1063 4888 1321 4952 arguatur
1349 4879 1583 4939 animus,
1619 4884 1673 4929 et
1698 4886 2014 4930 sanctorum

443 5003 563 5043 cum
615 4985 724 5039 Deo
768 4977 1075 5048 conjunctio
1122 4968 1455 5029 ostendatur.
1520 4968 1704 5036 Itaque
1752 4963 1876 5018 ﬁnis
1929 4963 2020 5017 hic

443 5090 563 5135 esto
585 5091 772 5133 eorum
799 5088 918 5143 qua:
942 5070 1007 5125 ad
1030 5067 1293 5140 synodum
1319 5069 1568 5133 spectant
1593 5057 2018 5123 narrandorum;

447 5183 633 5241 utpote
679 5183 799 5238 quae
851 5165 1141 5219 molestunt
1202 5157 1426 5213 auribus
1483 5152 1699 5206 taedium
1750 5150 2016 5219 ingerant.

447 5240 573 5331 Quae
599 5273 778 5315 autem
813 5256 1006 5312 exinde
1048 5253 1223 5308 noctis
1258 5259 1388 5303 atrae
1419 5245 1592 5314 caligo
1639 5241 1884 5297 incubuit
1915 5240 2022 5296 Ec-

520 5422 562 5450 ”
595 5419 753 5471 Prov.
780 5428 934 5480 xvttt,
958 5412 1050 5465 21.

518 5573 632 5647 (29)
663 5567 891 5624 l’luralis
913 5578 1180 5647 numerus
1207 5570 1261 5615 et
1284 5555 1554 5647 oppositin
1580 5554 1646 5607 ad
1663 5554 2025 5647 _ortltodo'xos,

450 5648 502 5702 in
527 5623 1017 5716 ιξᾷιίιιρίιιιὶρεξὶυιίὶ
1050 5634 1213 5716 Ιιιιῇιιε
1245 5623 1490 5716 membro
1530 5625 1865 5716 nominatos,
1900 5623 2030 5677 fat-it

540 5693 1038 5788 κρατοῦντας
1073 5693 1161 5760 ιιῖυ
1191 5711 1246 5758 et
1284 5699 1421 5757 infra
1460 5711 1567 5753 non
1601 5703 1808 5751 tantum
1855 5693 2027 5764 impc-

2126 4506 2461 4559 παιδεύεται.
2495 4502 2660 4559 Ὅθεν
2684 4503 2779 4555 ἐπὶ
2806 4500 3002 4572 καιροῦ
3039 4503 3100 4555 τὸ
3123 4501 3266 4554 θεῖον
3292 4503 3439 4572 ἐρεῖν
3464 4502 3582 4556 ἔστι
3618 4502 3707 4556 λό-

2132 4611 2244 4667 γιον
2271 4638 2285 4664 ,
2323 4597 2407 4650 ὅτι
2429 4595 2697 4660 Θάνατος
2724 4593 2822 4647 καί
2848 4592 2960 4661 Qui;
2971 4594 3042 4646 ἐν
3060 4594 3211 4662 χειρὶ
3228 4594 3535 4663 γλώσσης,
3560 4598 3617 4648 al
3635 4594 3708 4650 δὲ

2125 4686 2494 4758 κρατοῦντες
2518 4684 2708 4752 αὐτῆς
2736 4684 2973 4739 ἔδονται
3005 4685 3147 4750 τοὺς
3177 4684 3448 4752 καρποὺς
3486 4685 3702 4752 αὐτῆς.

2189 4777 2285 4831 σθ’.
2332 4776 2470 4829 Ἀλλ’
2507 4775 2726 4846 ἀπόχρη
2763 4772 2938 4827 ταῦτα
2976 4773 3200 4845 και-ξῆν
3223 4773 3450 4847 ἐκείνων
3481 4773 3705 4841 ἐλέγξαι

2120 4869 2434 4933 κακόνοιαν,
2467 4870 2563 4921 καὶ
2607 4867 2706 4938 τὴν
2738 4867 2847 4921 τῶν
2879 4865 3052 4933 ἁγίων
3087 4867 3348 4930 δωδείξαι
3401 4868 3538 4937 πρὸς
3572 4867 3705 4921 Θεὸν

2120 4966 2451 5038 οἰκειότητα.
2502 4965 2616 5018 Καὶ
2648 4963 2716 5016 τὰ
2769 4960 2867 5031 μὲν
2895 4960 3025 5029 περὶ
3051 4961 3149 5028 τῆς
3179 4959 3421 5018 συνόδου,
3471 4958 3566 5011 καὶ
3597 4958 3707 5010 τῶν

2120 5060 2221 5112 ὅσα
2246 5060 2381 5128 περὶ
2420 5055 2613 5126 αὐτὴν,
2658 5054 2733 5115 ὡς
2765 5055 2927 5122 κόρον
2964 5051 3103 5121 ἀηδῆ
3135 5052 3256 5117 ταῖς
3284 5050 3478 5128 ἀκοαῖς
3515 5052 3708 5102 ἐπεισ-

2126 5126 2371 5217 άγοντα,
2404 5145 2726 5202 πεπαύσθω.
2759 5146 2870 5214 Τὴν
2896 5142 2956 5206 ἐξ
2983 5144 3193 5197 ἐκείνου
3220 5141 3276 5195 δὲ
3305 5126 3425 5204 ταῖς
3478 5142 3708 5209 Ἐκκληο

2132 5241 2276 5305 σίαις
2297 5239 2774 5300 ὲπεισπολάσασαν
2791 5234 3006 5307 ζοφώδη
3038 5236 3409 5307 σκοτόμαιναν
3438 5235 3498 5286 εὐ
3530 5233 3708 5304 χρεὼν

2136 5559 2370 5604 ratorem
2419 5547 2515 5602 sed
2544 5555 2598 5601 et
2642 5541 3218 5614 pseudopatriarcltam
3264 5551 3318 5596 et
3350 5544 3486 5598 alios
3527 5541 3710 5596 conci-

2135 5620 2318 5672 liabuli
2353 5617 2608 5687 praesides
2637 5613 2943 5687 existimem
3001 5613 3106 5667 dici
3148 5631 3160 5667 :
3196 5630 3319 5669 nam
3370 5614 3453 5672 his
3492 5625 3710 5683 quoque

2138 5684 2427 5747 acclamat‘i
2459 5688 2514 5745 in
2537 5685 2758 5758 synodis
2788 5684 3018 5743 solebat.
