3948 6154
299 247 412 314 145

1834 256 2037 323 νιΤΑ.

3484 264 3592 328 146

294 365 394 421 καὶ
421 361 648 437 χρόνους
700 362 981 435 βασιλείας
1023 365 1404 437 ἑγκυμονῆσαι
1436 364 1638 439 ζητῶν,
1673 368 1893 439 ὠκυμό-

2002 372 2398 442 persecutionis
2427 370 2725 436 fabricatis,
2751 371 2928 442 atque
2953 368 3213 426 adversus
3258 373 3398 440 pios,
3434 372 3585 426 velut

296 475 398 530 ρου
439 457 591 527 ζωῆς
624 457 897 520 ἀπέτεκες
947 456 1364 530 ἀμϐλωθρίδια;
1407 460 1535 524 Πῶς
1560 461 1612 515 οί
1638 459 1892 516 ἀπδκοι-

293 549 422 612 λίας
444 548 760 618 φωνοῦντες
801 549 1209 620 γραμματικοὶ,
1251 549 1446 621 μισθοῦ
1478 551 1579 624 τὴν
1617 552 1895 624 βασιλείαν

295 642 430 713 ὑμῖν
478 640 905 712 καθορίζοντες,
966 641 1063 694 καλ⁹
1125 641 1350 712 μακρὰν
1405 643 1699 715 εὐετηρίαν
1760 646 1893 717 ὑμῖν

296 733 684 804 ἐρευγόμενοι,
711 732 807 803 τὴν
837 732 981 786 κατὰ
1011 733 1105 786 σοῦ
1137 733 1232 787 τοῦ
1266 734 1456 803 ξίφους
1498 734 1659 807 βολὴν
1700 752 1894 806 μαντι-

296 825 411 888 κῶς
443 826 509 878 οὐ
542 824 918 895 προέϐλεψαν;
946 824 1074 889 Πῶς
1101 825 1153 878 oi.
1182 826 1385 879 πεκταὶ
1412 827 1508 880 καὶ
1563 825 1894 898 ἀμαξασπαὶ

296 916 418 988 (50)
454 918 525 971 τὰ
543 918 646 987 τῆς
683 917 785 988 σῆς
820 916 1058 986 ἀπειλῆς
1097 916 1407 989 ἀκροθίνια,
1458 917 1562 990 τὴν
1604 919 1894 990 ὁρωμένην

296 1011 589 1080 ἀσχήμονα
612 1010 769 1075 θέαν,
803 1010 899 1064 καὶ
933 1010 1045 1064 τῶν
1078 1010 1333 1081 ὑφαίμων
1362 1010 1594 1082 ’ἀτίμων
1628 1013 1696 1066 τὰ
1725 1012 1892 1085 αἴσχη

298 1102 685 1172 παρέϐλεψανς
714 1102 826 1157 Ποῦ
850 1102 911 1156 τὸ
931 1103 1033 1173 τῆς
1056 1104 1377 1175 ἀλουργίδος
1398 1104 1660 1177 διάδημα,
1681 1105 1710 1159 δ
1740 1107 1892 1177 παρὰ

296 1191 399 1260 τῆς
432 1192 765 1262 Ἐκκλησίας
792 1192 985 1246 λαϐὼν
1016 1191 1077 1246 τὸ
1101 1192 1305 1263 ταῦτης
1333 1195 1530 1264 στέφος
1556 1196 1892 1268 ἀπέκειρας;

298 1284 427 1346 Πῶς
470 1284 721 1354 σήμερον
753 1284 969 1355 νεκρὸς,
991 1286 1021 1338 ό
1044 1285 1172 1355 χθὲς
1192 1285 1458 1356 σοϐαρόςς
1492 1287 1617 1351 Πῶς
1650 1287 1895 1360 πληγαῖς

295 1375 686 1443 κατάστικτος,
711 1376 741 1428 ὁ
792 1375 961 1430 πάλαι
997 1378 1140 1431 κατὰ
1185 1377 1295 1430 τῶν
1335 1377 1510 1447 ἁγίων
1556 1378 1893 1443 ἀκάθεκτος;

298 1464 414 1519 Ποῦ
448 1466 522 1519 τὰ
557 1467 705 1522 κατά
729 1467 826 1521 τοῦ
861 1468 1103 1538 μεγάλω
1147 1466 1408 1543 ποιμένος
1445 1470 1773 1540 τυρεύματα
1800 1468 1895 1523 καὶ

290 1556 617 1629 ὀνειρώδεις
670 1558 767 1612 καὶ
827 1559 1171 1632 ἀνῦπαρκτοι
1223 1559 1482 1630 ἔρευναι,
1523 1561 1593 1624 ἃς
1648 1561 1896 1627 ἔξέλιπες

295 1644 605 1715 ἐξερευνῶν
642 1648 1052 1719 ἀκατάληπτας
1086 1651 1165 1703 Οὐ
1203 1642 1312 1723 γάρ
1344 1650 1629 1722 ἐξίσχυσεν
1666 1652 1699 1722 ἡ
1730 1651 1894 1724 ζητη-

2000 462 2238 517 alterex
2270 461 2441 533 Cyrse
2475 460 2803 516 Salmoneus
2828 458 2899 531 (r)
2922 502 2936 525 ,
2973 458 3340 517 furiosissime
3359 462 3590 516 tonans?

1998 551 2116 619 Quo
2158 553 2445 623 praestigiae
2493 552 2768 618 abierunt,
2804 551 3001 620 quibus
3034 549 3284 606 initiatus
3330 566 3399 607 ac
3450 566 3581 607 con-

1998 654 2321 709 summatus,
2353 644 2545 714 longus
2591 644 2803 714 imperii
2841 658 3014 699 annos
3063 657 3315 714 quaerens
3366 658 3584 719 parere,

1997 739 2121 794 vitae
2154 738 2422 794 brevioris
2443 740 2701 794 abo'rsum
2728 736 2990 793 edidisti?
3017 736 3248 805 Quinam
3282 736 3334 792 id
3354 737 3580 799 factum,

1994 841 2057 886 ut
2094 831 2186 901 qui
2219 844 2287 886 ex
2318 841 2472 887 utero
2490 844 2677 886 vocem
2696 830 2897 884 dabant
2922 829 3285 898 grammatici,
3309 830 3578 886 mercedis

1997 925 2118 980 loco
2150 925 2432 995 imperium
2452 922 2547 979 tibi
2571 918 2921 989 deﬁnientes,
2942 922 3173 991 vitaeque
3203 922 3462 995 longioris
3485 938 3583 976 an-

1997 1031 2099 1072 nos
2114 1018 2310 1072 beatos
2328 1022 2665 1080 eructantes,
2700 1013 2887 1085 gladii,
2934 1027 3043 1083 quo
3075 1013 3416 1082 itnpetendus
3435 1029 3583 1071 eras.

1998 1109 2166 1163 letum
2210 1120 2489 1178 nunquam
2524 1104 2913 1170 divinaverint,
2938 1104 3310 1173 vaticinioque
3337 1105 3583 1173 provide-

1999 1198 2145 1254 rinttt
2164 1197 2445 1265 Quomodo
2467 1195 2670 1268 compti
2704 1196 2779 1251 illi
2807 1194 3065 1266 fatusque
3089 1195 3238 1261 elati,
3274 1195 3474 1251 excidii
3505 1198 3581 1250 tui

1997 1290 2290 1362 primitias,
2313 1288 2734 1358 expositumque
2755 1288 2927 1344 oculis
2954 1272 3157 1342 infame
3182 1282 3580 1355 spectaculum.

1997 1394 2055 1438 et
2079 1391 2399 1455 agnatorum
2429 1381 2728 1439 honoribus
2747 1380 3105 1453 spoliatorum
3133 1382 3331 1447 probra
3363 1379 3582 1451 oblique

1999 1474 2344 1544 aspicientes,
2374 1472 2428 1528 in
2469 1472 2539 1528 iis
2567 1471 2882 1527 hallucinati
2907 1469 3072 1526 sunt?
3112 1469 3213 1535 Ubi
3238 1484 3571 1540 purpureum

1998 1565 2268 1632 diadema,
2313 1564 2456 1635 quod
2489 1565 2557 1620 ab
2588 1562 2833 1619 Ecclesia
2870 1571 3086 1628 nactus,
3117 1552 3288 1630 ipsius
3316 1575 3601 1615 coronam

2000 1652 2331 1709 detondistii
2362 1650 2648 1718 Quomodo
2691 1652 2853 1707 hodie
2896 1659 3167 1715 mortuus,
3197 1650 3288 1720 qui
3324 1649 3442 1704 heri
3476 1664 3574 1702 ar-

293 1738 426 1808 τική
457 1754 554 1790 σου
592 1738 807 1793 ἐπίνοια
827 1782 842 1806 ,
871 1740 1045 1794 πολλά
1075 1741 1336 1810 καμοῦσα
1374 1743 1471 1797 καὶ
1512 1743 1689 1796 πολλά
1727 1743 1883 1813 μελε-

2002 1759 2183 1815 mgans
2214 1753 2379 1814 atque
2407 1742 2711 1812 superbus?
2743 1741 3032 1810 Quomodo
3065 1741 3161 1811 qui
3192 1740 3480 1811 impotenti
3521 1739 3574 1792 in

291 1831 540 1899 τήσασα,
570 1831 862 1899 ἐφικέσθαι
891 1833 1031 1901 πρὸς
1066 1832 1236 1904 μόνην
1262 1833 1434 1905 ἀκοὴν
1463 1834 1739 1905 φέρουσαν
1759 1834 1887 1889 κατ’

294 1919 467 1972 αὐτοῦ
523 1920 877 1992 μολύσματος
922 1923 1097 1977 αἴτιον
1134 1921 1307 1987 ἄξιον.
1356 1924 1577 1995 Ἐπειδὴ
1622 1925 1679 1977 δὲ
1723 1924 1886 1995 ἀμοι-

297 2011 421 2081 ροίη
472 2011 569 2064 τοῦ
620 2013 758 2084 πρὸς
818 2010 1114 2086 ἀπόκρισιν
1170 2016 1365 2085 λόγου,
1415 2016 1605 2070 τοῦτον
1654 2017 1887 2087 ἀφέντες

295 2102 531 2170 ἄπνουν,
575 2104 656 2174 τῷ
698 2105 895 2159 ἑαυτοῦ
944 2108 1435 2179 συμμολυνόμενον
1483 2107 1777 2178 πτώματι,
1815 2111 1883 2180 τῇ

293 2193 391 2246 τοῦ
425 2195 661 2266 αῖματος
702 2197 1007 2269 ραθάμιγγι
1028 2199 1351 2272 βάλλεσθαι,
1397 2201 1491 2255 ἐπὶ
1517 2201 1588 2255 τὰ
1631 2201 1758 2271 ἑξῆς
1785 2200 1881 2254 τοῦ

295 2284 460 2354 λόγου
502 2291 806 2360 προΐωμεν.

1994 1845 2212 1904 sanctos
2250 1846 2420 1893 (nstro
2460 1822 2759 1902 ferebaris,
2796 1849 2940 1890 nunc
2976 1834 3148 1905 plagis
3177 1841 3538 1905 compunctus
3558 1826 3597 1885 ἵε

1993 1926 2096 1984 Ubi
2130 1927 2235 1983 illae
2260 1929 2521 1985 adversus
2549 1942 2801 1999 magnum
2827 1935 3102 1997 pastorem
3137 1925 3348 1980 insidia:
3379 1924 3577 1979 insom-
3630 1946 3633 1951 η

1994 2018 2207 2088 niisque
2244 2020 2452 2075 similes
2482 2036 2547 2075 ae
2585 2035 2737 2073 vana:
2784 2018 3094 2088 indagines,
3142 2028 3278 2084 quas
3320 2014 3571 2070 deiecisti

1994 2123 2100 2164 non
2130 2111 2640 2181 comprehendenda
2673 2109 2988 2165 scrutatus?
3022 2106 3139 2161 Non
3197 2106 3343 2162 enim
3399 2108 3576 2177 potuit.

1993 2200 2206 2256 subtilis
2239 2200 2518 2270 inquisitio
2566 2210 2681 2265 tua,
2712 2201 2885 2257 multo
2914 2201 3077 2256 etiam
3110 2198 3298 2271 labore
3351 2212 3414 2251 ac
3449 2210 3569 2250 tne-

1991 2290 2259 2345 ditatione
2292 2305 2418 2356 usa,
2453 2286 2536 2346 vel
2565 2292 2752 2346 auditu
2786 2292 2900 2346 solo
2930 2274 3168 2360 assequi,
3202 2287 3353 2361 quod
3386 2287 3462 2344 illi
3495 2287 3579 2342 la-

296 2375 383 2430 bis
408 2379 615 2433 crimen
641 2378 897 2435 inferres.
936 2380 1138 2437 Verum
1175 2384 1299 2452 quia
1347 2382 1582 2437 facultas
1607 2381 1879 2437 sermonis
1918 2381 2097 2450 ipsum
2130 2380 2334 2447 deiicit,
2359 2380 2596 2459 illolsine
2654 2382 2848 2450 spiritu
2911 2381 3129 2454 vitaque
3196 2384 3410 2449 relicto,
3447 2380 3575 2434 dum

296 2484 395 2524 sua
415 2472 851 2565 commaculatus
872 2473 1026 2527 ruina
1048 2475 1102 2528 in
1129 2464 1347 2546 proprio
1370 2476 1645 2530 volutatur
1666 2489 1887 2541 cruore,
1925 2474 1993 2529 ad
2015 2486 2079 2528 ea
2110 2470 2230 2541 q‘ttze
2260 2474 2531 2529 sermonis
2566 2474 2719 2528 'sunt
2748 2474 2955 2544 reliqua
2979 2477 3359 2545 procedamus.
3432 2472 3439 2477 ’

371 2562 484 2633 πβ’.
530 2562 954 2636 Ἐπικοσμεῖται
980 2567 1163 2621 τοίνυν
1183 2569 1261 2640 τῷ
1295 2569 1396 2640 τῆς
1431 2569 1709 2641 βασιλείας
1737 2571 1767 2627 ὁ
1800 2569 1888 2623 δε-

298 2652 528 2723 σμώτης
561 2656 679 2725 μετ’
705 2657 871 2710 αὐτὸν
903 2657 1221 2730 διαδήματι,
1250 2659 1310 2723 ὃς
1340 2662 1398 2713 ἐν
1428 2659 1646 2714 ἐλπίσιν
1675 2659 1751 2714 ὢν
1790 2660 1889 2713 σὺν

297 2748 364 2815 τῇ
401 2746 506 2817 τῆς
539 2744 720 2820 ζώνης
756 2748 1000 2822 ἀποϐολῇ
1057 2752 1150 2804 καὶ
1196 2751 1368 2822 αὐτῆς
1418 2752 1518 2821 τῆς
1559 2752 1704 2824 ζωῆς
1754 2753 1890 2806 ὑπο-

300 2840 486 2908 μεῖναι
516 2840 621 2909 τὴν
651 2843 915 2912 στέρησιν
935 2884 949 2909 ,
980 2843 1058 2906 ὼς
1082 2844 1148 2896 ὲκ
1172 2842 1337 2913 βυθοῦ
1367 2843 1477 2898 τῶν
1505 2843 1723 2914 δεσμῶν
1755 2845 1889 2899 ἀνα-

297 2927 647 2999 νηξάμενος,
686 2932 1029 3005 στεφηφόρος
1076 2934 1202 2987 ἀντὶ⁵
1243 2934 1586 3006 δεσμοφόρου
1626 2933 1888 2988 καθίστα·

2062 2567 2153 2623 82.
2200 2566 2441 2622 Ornatur
2472 2568 2679 2638 itaque,
2730 2569 2823 2638 qui
2876 2568 2931 2623 in
2965 2568 3197 2622 vinculis
3245 2575 3384 2631 erat,
3431 2565 3578 2620 illius

1992 2675 2300 2727 successor,
2331 2660 2637 2715 diademate
2671 2659 2821 2728 regio
2856 2676 2881 2713 ες
2906 2659 2999 2729 qni
3039 2674 3176 2713 zona
3222 2660 3419 2731 posita,
3455 2654 3577 2709 'vittc

1992 2764 2207 2819 quoque
2233 2748 2503 2818 iacturam
2529 2758 2682 2803 certo
2699 2747 3074 2816 exspectabat,
3110 2748 3218 2800 imo
3253 2745 3416 2799 veluti
3441 2760 3575 2813 gnr-

1994 2843 2105 2911 gite
2133 2840 2372 2917 carceris
2398 2853 2681 2909 emergens
2710 2830 2925 2892 vincula
2955 2838 3009 2892 in
3029 2844 3307 2907 sceptrum
3333 2850 3574 2890 comtuu.

1997 2944 2096 3000 tat,
2135 2932 2549 3000 alternanteque
2582 2929 2832 2991 victoria,
2878 2926 3134 2997 superior
3182 2926 3365 2983 evadit
3416 2923 3611 2979 hoste.‘

299 3044 391 3081 ται
410 3068 426 3091 ,
456 3027 558 3080 καὶ
597 3024 901 3094 ἑτεραλκέα
932 3023 1031 3096 τὴν
1062 3023 1220 3095 νίκην
1255 3025 1509 3095 ποιήσας,
1542 3022 1637 3077 τοῦ
1667 3026 1888 3095 κρατεῖν

2002 3022 2099 3091 iam
2129 3035 2324 3077 securo
2373 3027 2426 3075 et
2479 3017 3042 3089 adversariijugulum
3080 3026 3381 3086 premente.
3423 3015 3577 3070 Ilum:

297 3118 629 3180 ἐλπίσαντος
671 3115 1137 3187 ἐπικρατέστερος
1176 3115 1386 3183 γίνεται
1409 3131 1424 3146 ·
1465 3116 1561 3169 καὶ
1584 3116 1685 3187 τὴν
1729 3114 1889 3185 βασι-

300 3207 456 3261 λείαν
486 3206 575 3277 ἐφ’
628 3205 823 3258 ἑαυτὸν
877 3204 1264 3275 μεταστήσας,
1315 3202 1410 3256 καὶ
1465 3204 1659 3276 μικρόν
1704 3219 1755 3255 τι
1789 3202 1891 3271 τῆς

301 3296 803 3369 προκατασχούσης
856 3295 1058 3358 κακίας
1108 3294 1412 3359 ὐπενδοὺς,
1468 3294 1595 3347 ὅσον
1646 3294 1775 3358 τοὺς
1833 3295 1890 3348 ὲν

300 3392 552 3461 εἱρκταῖς
604 3389 701 3441 καὶ
735 3388 920 3451 πόνοις
966 3385 1288 3457 ἐλευθερίαν
1315 3384 1578 3461 ὀνειρώδη
1619 3385 1890 3455 φαντάζε-

304 3456 462 3547 σθαι,
496 3481 560 3537 τὸ
605 3480 701 3534 τοῦ
749 3479 1003 3561 θανόντος
1045 3456 1325 3533 ὐπὲθαλπε
1357 3456 1613 3550 φ’ρόνημα
1634 3518 1648 3544 ,
1688 3478 1786 3532 καὶ
1815 3477 1892 3547 τῷ

306 3573 715 3645 ἀμφιϐλήστρῳ
774 3573 1111 3642 περιπαρεὶς
1166 3570 1272 3639 τῆς
1334 3570 1640 3641 αἱρέσεως,
1710 3569 1893 3642 ἰχθύος

302 3664 464 3733 δίκην
488 3666 606 3725 τοῖς
634 3659 745 3715 τῶν
774 3660 1063 3731 δογμάτων
1088 3659 1310 3731 σαθροῖς
1337 3660 1697 3712 ἐναπέθανεν.

378 3762 491 3824 πγ⁴.
523 3754 719 3808 Ταῦτα
748 3754 775 3805 ὸ
797 3750 1339 3820 διαγνωστικώτατος
1368 3749 1494 3811 νοῦς
1520 3750 1616 3802 τοῦ
1653 3748 1893 3820 μεγάλου

309 3845 633 3917 Νικηφόρου
669 3844 942 3912 διαγνοὺς,
985 3843 1083 3895 καὶ
1113 3843 1189 3906 ὡς
1219 3843 1283 3895 οὐ
1308 3840 1388 3910 τῷ
1419 3839 1562 3911 ὁλκῷ
1590 3839 1685 3894 τοῦ
1716 3840 1895 3911 ὄφεως

309 3933 698 4003 συνενεκρώοη
729 3932 792 3985 τδ
830 3932 929 4001 τῆς
967 3930 1237 4002 αἱρέσεως
1273 3928 1526 3999 οὐραῖον,
1575 3926 1792 3997 σκαίρει
1838 3925 1895 3978 δὲ

310 4027 404 4080 καὶ
451 4024 661 4094 νεκρὰν
694 4022 886 4090 ῶσπερ
925 4022 1025 4093 τὴν
1061 4021 1209 4091 ζωὴν
1256 4018 1653 4090 ὑποκρίνεται⁶
1690 4021 1755 4088 τῇ
1801 4015 1895 4070 τοῦ

310 4119 631 4189 πνεύματος
670 4114 896 4186 γραφίδι
930 4115 1000 4167 τά
1060 4115 1161 4183 τῆς
1196 4111 1511 4184 ὀρθοδοξίας
1578 4110 1895 4182 ὲνσημηνά-

315 4227 474 4282 μενος
500 4210 787 4279 δόγματα,
819 4207 956 4278 πρὸς
984 4205 1074 4259 τὸν
1129 4205 1391 4275 νεοστεφῆ
1424 4202 1652 4274 βασιλέα
1690 4201 1898 4255 στεῖλαι

310 4303 577 4373 προέθετο
599 4340 614 4364 ,
651 4299 741 4351 ἐπ’
770 4298 1075 4369 ὀφθαλμοῖς
1108 4297 1259 4366 ἄγων
1290 4296 1445 4367 αὐτῷ
1472 4296 1542 4350 τὰ
1582 4295 1758 4365 δεσμὰ
1802 4296 1899 4348 καὶ

1992 3111 2046 3166 iu
2080 3111 2296 3166 modum
2331 3110 2557 3177 adeptus
2599 3108 2911 3176 imperium,
2953 3109 3162 3162 remisit
3186 3107 3453 3174 tantisper
3491 3106 3577 3158 in-

1991 3209 2290 3257 veteratam
2315 3199 2596 3266 malitiam,
2632 3198 2808 3269 quoad
2847 3197 2879 3250 ii
2914 3197 3008 3268 qui
3066 3197 3119 3250 in
3145 3195 3375 3250 vinculis
3398 3208 3461 3247 ac
3494 3193 3575 3245 la-

1993 3293 2217 3348 boribus
2241 3292 2406 3345 vitam
2429 3293 2684 3361 agebant,
2718 3291 2864 3345 inani
2891 3291 3158 3367 libertatis
3190 3291 3396 3358 specie,
3414 3288 3570 3341 Velut

1991 3386 2203 3453 objecta
2233 3384 2286 3439 in
2316 3384 2524 3439 somnis
2554 3382 2788 3453 imagine
2837 3397 2902 3436 ac
2941 3388 3183 3452 spectro,
3212 3382 3532 3435 luderentur
3559 3394 3575 3433 :

1992 3475 2244 3546 quamvis
2273 3474 2489 3529 interitu
2527 3464 3044 3530 defuncti‘sensutn
3083 3471 3401 3528 subocculte
3428 3468 3581 3523 fove-

1994 3578 2099 3633 ret,
2133 3568 2467 3636 ltaereslsqne
2494 3554 2791 3622 transiiius
2824 3566 3021 3630 hamo,
3069 3566 3221 3622 velut
3253 3563 3441 3636 piscis,
3478 3574 3580 3634 pu-

1995 3661 2148 3716 trida;
2174 3660 2436 3714 doctrinae
2464 3672 2621 3714 emno
2644 3659 3050 3712 immoraretur.

2065 3751 2154 3807 85.
2171 3749 2461 3820 ﬂisitaqtte
2483 3764 2707 3821 magnus
2733 3748 3075 3819 Nicephorus
3097 3744 3577 3817 perspicacissitna

1996 3842 2195 3897 mentis
2217 3845 2335 3896 acie
2363 3841 2641 3910 dispectis,
2675 3850 2938 3908 ratusque
2991 3840 3133 3905 haud
3165 3854 3268 3891 una
3302 3851 3423 3890 cum
3461 3852 3578 3889 ser-

1996 3932 2174 4003 pentis
2198 3940 2373 3987 tractu
2401 3932 2627 3986 haeresis
2658 3932 2985 3986 exstinctam
3020 3929 3276 3991 caudam,
3316 3927 3409 3982 sed
3459 3943 3579 3981 eam

1996 4025 2259 4079 hactenus
2303 4021 2604 4093 palpitare,
2684 4021 2963 4090 vitamque
3025 4019 3373 4074 dissimulare
3433 4018 3581 4073 velut

1998 4124 2343 4179 emortuam;
2376 4114 2544 4169 divini
2578 4113 2804 4183 spiritus
2830 4112 2972 4183 stylo
3015 4121 3178 4165 rectae
3216 4110 3339 4165 lidei
3371 4108 3582 4163 doctri-

2002 4224 2124 4262 nutu
2165 4207 2521 4275 consignatus,
2562 4205 2628 4257 ad
2676 4203 3060 4273 imperatorem
3110 4215 3301 4256 recens
3341 4215 3579 4269 put-pura

2002 4308 2219 4353 auctum
2250 4312 2313 4351 ac
2334 4306 2655 4351 coronatum
2681 4296 2925 4351 scribere
2956 4293 3198 4349 destinat
3225 4306 3241 4347 :
3272 4291 3347 4345 ita
3375 4291 3607 4345 scilicet?

313 4396 400 4449 τὸν
422 4394 679 4448 σώσαντα
701 4434 717 4458 ,
744 4394 842 4446 καὶ
865 4392 960 4463 τὴν
983 4390 1080 4445 τοῦ
1105 4390 1375 4462 τυράννου
1406 4389 1661 4458 διακενῆς
1688 4390 1894 4459 ἀνομή-

2006 4401 2067 4443 ut
2088 4392 2137 4444 ei
2171 4389 2241 4444 ob
2264 4388 2455 4445 oculos
2481 4388 2694 4442 vincula
2736 4403 2834 4443 sua
2860 4400 3073 4457 ponens
3097 4395 3152 4439 et
3178 4385 3275 4454 qui
3310 4384 3484 4453 ipsum
3516 4398 3597 4437 ex.

317 4501 503 4548 σαντος
533 4482 804 4553 αἰσχύνην
835 4498 896 4534 τε
928 4481 1027 4533 καὶ
1066 4480 1389 4551 καθαίρεσιν
1408 4519 1427 4543 ,
1470 4481 1564 4533 καὶ
1597 4479 1697 4550 τὴν
1734 4480 1792 4532 ὲν
1818 4473 1901 4543 οἷς

316 4577 591 4647 ἐξήμαρτε
621 4577 810 4638 τόποις
845 4574 1142 4628 κατάλυσιν
1164 4590 1177 4603 ·
1218 4572 1583 4645 σκιαγραφῶν
1622 4571 1771 4643 αὑτῴ
1805 4573 1906 4642 τὴν

2002 4482 2089 4536 bis
2112 4492 2335 4536 eruerat
2367 4482 2558 4547 Deum,
2598 4472 3019 4551 repizeseutarel
3043 4482 3207 4532 etiam
3239 4478 3450 4549 tyranni
3480 4476 3589 4530 ft‘llv

2004 4583 2116 4627 stt‘a
2163 4573 2509 4642 tttaliguatttis
2560 4573 2819 4641 probrum
2876 4572 3085 4641 pariter
3131 4581 3296 4639 atque
3349 4568 3586 4629 ruinam,

318 4671 489 4739 ἀληθῆ
516 4672 614 4723 καὶ
645 4667 1139 4739 πατροπαράδοτον
1179 4664 1290 4718 τῶν
1323 4664 1484 4736 ἱερῶν
1523 4664 1894 4736 μορφωμάτωι

2010 4665 2269 4733 quodque
2301 4664 2371 4719 iis
2401 4666 2453 4719 itt
2495 4663 2655 4731 locis,
2692 4664 2744 4717 itt
2776 4664 2975 4733 quibus
3023 4662 3350 4732 déliquerat,
3414 4660 3589 4711 ultore

321 4762 668 4826 ἑκτύπωσιν,
706 4760 783 4822 ὡς
824 4760 886 4812 οὐ
923 4758 1086 4830 χθιζῇ
1129 4775 1236 4811 τινι
1272 4760 1366 4810 καὶ
1397 4757 1640 4829 νεωτέρα
1672 4755 1902 4826 ὲφευρὲο

325 4871 400 4907 σει
427 4856 489 4907 τὸ
523 4853 746 4920 βέϐαιον
791 4852 1119 4923 ἐπιφέρεται
1143 4892 1159 4918 ,
1188 4851 1250 4916 ἐξ
1276 4845 1337 4906 οὗ
1362 4850 1420 4904 δὲ
1464 4850 1527 4904 τὸ
1552 4850 1648 4904 τοῦ
1693 4848 1902 4921 κηρύγ-

392 5026 507 5100 (30)
542 5027 692 5100 Alibi
725 5026 953 5100 necdum
983 5025 1114 5100 mihi
1145 5032 1355 5092 reperta
1387 5024 1604 5078 nomina
1625 5032 1904 5100 ,__complos

329 5096 567 5167 {astuque
599 5096 770 5151 elatos
803 5098 969 5151 vertit
1009 5099 1313 5165 interpres,
1344 5110 1412 5167 ett
1447 5096 1704 5148 nonnulla
1721 5107 1789 5167 _ut
1827 5096 1903 5167 v_i-

330 5161 489 5222 detur
502 5168 869 5245 etymologica
898 5168 1110 5245 ratione
1135 5161 1300 5245 :Zcutu
1320 5164 1687 5245 ςπῇκωροοιθ,
1717 5161 1905 5245 ἅμαξα

271 5279 281 5284 -
326 5253 545 5293 currum
561 5235 873 5307 'signiii'cet.
900 5236 1098 5292 Verum
1126 5236 1170 5307 si
1203 5235 1332 5301 quid
1367 5235 1695 5307 lliCleill0_.
1730 5235 1900 5295 signi-

334 5309 559 5363 ﬁcantur
582 5305 669 5362 vel
701 5308 858 5361 arioli
887 5324 955 5364 ex
981 5305 1250 5377 striglium
1277 5306 1602 5373 equinorutn
1636 5305 1903 5377 plaustro-

331 5393 556 5447 rumque
575 5380 904 5432 tractatione
923 5374 1303 5447 superstitiosa
1338 5384 1517 5430 sortes
1544 5374 1761 5447 assueti
1807 5390 1901 5427 ca-

328 5463 456 5517 pere.
470 5445 494 5513 ῆς
526 5449 611 5502 vel
643 5450 967 5515 simpliciter
1001 5452 1114 5516 ipsa
1141 5445 1404 5514 equtl'uttn
1444 5446 1716 5517 regiorum
1743 5460 1894 5517 mau-

332 5514 467 5585 cipia
522 5520 595 5573 ab
637 5514 799 5587 equis
856 5514 1139 5587 pectendis
1185 5517 1595 5584 tractandtsque
1642 5514 1899 5587 plausttis

336 5589 590 5654 (tnaxitue
642 5585 703 5644 si
746 5585 1069 5658 ἀμαξάπται
1102 5587 1418 5658 legantur)
1482 5602 1698 5658 nomen
1737 5585 1897 5653 vulgo

334 5659 520 5727 adepta
558 5677 572 5713 :
629 5655 963 5730 itttcr'quac,
1003 5657 1166 5710 tariis
1220 5657 1384 5710 etiam
1428 5655 1901 5725 Sttpt‘l‘SliliOltiims

2008 4754 2120 4809 Deo
2150 4762 2459 4824 peremptus
2489 4753 2558 4808 sit
2592 4771 2605 4806 :
2643 4765 2755 4807 tum
2784 4769 2968 4807 veram
2996 4753 3069 4806 illi
3096 4762 3259 4822 atque
3286 4765 3314 4803 ει
3340 4748 3590 4802 Pultibus

2007 4844 2268 4899 traditam
2293 4858 2572 4898 sacrarum
2596 4842 2897 4912 imaginum
2920 4840 3241 4911 religionem
3275 4835 3589 4890 delineabat

2009 5020 2158 5076 circa
2201 5032 2372 5088 equos
2418 5017 2660 5088 utentia,
2698 5014 3025 5088 familiarius
3079 5010 3221 5088 forte
3264 5006 3595 5088 versabatur

2009 5091 2143 5153 Leo,
2173 5080 2317 5144 sicut
2345 5089 2411 5141 de
2439 5086 2800 5141 Constantino
2830 5086 3173 5153 Copronyano
3203 5080 3451 5204 legimus.

2082 5161 2155 5204 (ri
2202 5161 2312 5204 “ex
2359 5157 2528 5204 Elidis
2559 5156 2935 5204 imoiissimus.
2965 5162 3101 5204 satis
3126 5165 3194 5204 ex
3260 5148 3451 5204 inrilio

2082 5148 2155 5232 (τ’)
2200 5161 2312 5232 lies
2358 5157 2528 5232 Elidis
2559 5148 2935 5225 itnpiissituus',
2965 5148 3101 5206 satis
3126 5165 3194 5205 ex
3222 5148 3451 5232 Virgilio
3481 5165 3580 5202 no-

2010 5220 2102 5286 tus
2114 5220 2266 5297 {non
2304 5231 2430 5281 item
2454 5220 2669 5297 Cyrse':
2687 5241 2848 5297 quam
2871 5234 2997 5297 puta
3032 5220 3588 5297 concamerationem,

2012 5289 2341 5356 testudinem
2392 5289 2737 5365 seu'poutetit
2765 5289 2913 5347 illum
2947 5292 3260 5365 signtiieare
3290 5289 3431 5365 unde
3473 5289 3590 5365 ipse

2006 5370 2155 5427 lovis
2186 5370 2413 5423 t'uhnina
2458 5357 2808 5434 tonitrusque
2834 5378 2995 5431 supra
3012 5357 3301 5434 civitatem
3331 5357 3588 5434 imitaba-

2008 5454 2142 5497 tur:
2177 5437 2559 5510 xuptoqenim
2607 5428 3050 5510 cottvexus'est,
3077 5432 3218 5510 unde
3268 5428 3484 5499 κυρτόω
3535 5431 3591 5483 in

2002 5502 2293 5566 convexum
2331 5508 2474 5576 erigo
2517 5515 2593 5569 et,
2623 5506 2917 5574 κύρτωμα,
2949 5504 3002 5555 in
3032 5502 3215 5569 [omni
3237 5510 3469 5576 :_nutum
3508 5510 3594 5552 est

2006 5593 2191 5648 antem
2213 5579 2356 5648 qnol
2402 5572 2541 5644 apud
2573 5572 2795 5648 tiraueos
2821 5591 2850 5625 τ
2881 5584 2935 5627 εει
2964 5589 3123 5648 apro
3157 5572 3306 5627 varia
3355 5572 3593 5624 dialecw

2009 5644 2300 5711 nitentem,
2329 5654 2388 5701 υι
2420 5649 2489 5701 sit
2520 5646 2698 5716 κύίιση
2730 5662 2825 5714 pro
2851 5644 3047 5712 κυρτῄ.
