3980 6140
391 197 491 261 147

1383 199 1443 259 s.
1486 185 1909 266 NICE'PHOBI
1947 209 2457 271 PATRIARCHE
2488 196 2594 271 Cp.

3561 192 3668 269 1ιὸ

387 324 451 363 ac
477 306 820 363 describebat
847 321 968 364 esse
988 307 1279 387 eiusmodi,
1312 321 1370 366 ut
1393 327 1500 367 non
1530 315 1960 382 nudiustertius,

2089 338 2243 393 ιατος
2306 322 2601 393 μεγαλεῖον
2659 324 2729 394 τῇ
2792 320 3129 391 ἀποστολικῇ
3212 316 3480 389 σάλπιγγι
3560 323 3665 392 τὴν

387 413 687 467 recensque
726 398 947 476 inventa
991 400 1455 479 obtinuerit,_sed_
1482 404 1547 477 ex
1594 420 1704 476 quo
1730 410 1963 477 primum

390 480 797 574 praedicationis
820 491 1101 573 maiestas
1128 494 1423 562 apostolica
1463 497 1591 553 tuba
1640 498 1845 555 clarius
1881 500 1965 554 iu-

386 594 641 648 sonante,
676 585 863 659 orbem
890 585 1153 654 pervasit,
1178 588 1520 643 venerationi
1544 591 1616 645 sit
1648 590 1857 648 habita.

456 672 546 732 84.
587 674 639 730 ls
672 690 835 745 porro
866 674 1124 731 solertem
1141 676 1243 732 viri
1264 679 1503 733 animum
1523 681 1849 747 admiratus,
1871 684 1967 736 do-

385 767 684 836 ctrinaeque
711 776 765 821 et
794 766 995 837 eloquii
1036 752 1148 843 hvim
1197 769 1496 826 maximam
1534 783 1818 842 reputans,
1864 775 1968 830 etsi

388 858 575 914 talium
604 859 847 914 omnium
879 858 1114 914 maxime
1140 860 1292 916 rudis
1333 873 1474 925 erat,
1527 864 1858 933 imperitiam
1900 882 1968 922 ex

386 962 610 1021 paterna
643 949 859 1005 inscitia
884 946 1034 1006 velut
1059 952 1411 1008 sulIicientem
1452 954 1683 1025 adeptus
1711 957 1970 1012 substan-

388 1042 540 1106 tiam,
580 1041 631 1094 in
670 1039 814 1095 hunc
856 1039 975 1097 fere
1002 1043 1223 1099 modum
1269 1045 1513 1111 nuntiis,
1558 1046 1651 1116 qui
1686 1048 1967 1117 epistolam

384 1128 716 1196 efferebant,
758 1128 930 1185 fertur
970 1134 1323 1205 respondisse
1367 1152 1382 1190 :
1431 1134 1529 1203 Qui
1581 1137 1737 1192 nobis
1761 1139 1970 1208 priores

383 1220 759 1278 ecclesiastica
808 1223 1062 1293 dogmata
1110 1225 1346 1279 scrutari
1404 1225 1787 1293 instituerunt,
1839 1245 1968 1283 num

384 1314 524 1369 bene
556 1327 624 1367 an
656 1328 814 1368 secus
841 1316 1167 1381 sanxerunt,
1202 1315 1465 1373 rationem
1507 1313 1616 1370 Deo
1651 1316 1822 1387 judiei
1849 1304 1970 1373 rell-

384 1391 547 1456 dituri
579 1412 725 1457 sunt.
755 1401 864 1458 Nos
901 1415 1083 1459 autem
1119 1404 1172 1458 in
1225 1420 1334 1474 quo
1383 1405 1725 1461 incedentem
1779 1390 1970 1463 Eccle-

386 1494 521 1549 siam
550 1492 889 1560 invenimus,
924 1493 976 1549 in
1016 1510 1082 1550 eo
1123 1510 1345 1565 quoque
1369 1509 1697 1552 conservare
1724 1499 1970 1553 decrevi-

389 1598 531 1640 mus.
563 1566 703 1652 Quid
735 1601 897 1656 porro
921 1570 1009 1642 liic
1036 1572 1203 1642 animi
1237 1589 1344 1653 sit,
1384 1572 1588 1645 clarius
1628 1590 1970 1660 explicantes

2067 412 2396 483 οἰκουμένην
2428 410 2643 482 τρανῶς
2682 410 3052 483 περιήχησενε
3084 407 3162 478 τῷ
3194 406 3481 478 σεϐασμίῳ
3508 409 3662 460 τετε-

2071 514 2287 572 μηταιει
2362 544 2369 547 -

2141 652 2246 730 πδ’.
2299 678 2397 729 Ὃν
2441 677 2542 746 τῆς
2590 673 2874 744 νουνεχίας
2916 671 3245 742 θαυμάσας,
3278 670 3376 723 καὶ
3409 670 3505 738 τῆς
3543 667 3658 722 τῶν

2068 770 2244 838 λόγων
2271 768 2560 841 ἀκριϐείας
2602 766 3025 838 ὑπεραγᾰῳενος
3050 804 3066 827 ,
3099 766 3148 817 εἰ
3183 763 3278 816 καὶ
3308 762 3421 815 τῶν
3476 763 3660 831 ἀμυή-

2069 878 2178 916 των
2206 862 2335 933 περὶ
2364 861 2434 914 τὰ
2463 859 2692 914 τοιαῦτα
2716 857 2930 930 πρῶτος
2967 856 3287 925 ἐτύγχανεν,
3319 854 3563 925 ἀμαθίαν
3594 856 3662 906 ἐκ

2071 953 2332 1025 πατρῴας
2363 952 2724 1013 ἀπαιδευσίας
2756 949 2832 1012 ὡς
2862 947 3183 1018 περιουσίαν
3212 947 3406 1015 ἱκανὴν
3440 944 3662 1015 κληρω-

2073 1044 2332 1115 σάμενος,
2361 1042 2562 1096 οὑτωσί
2584 1058 2703 1109 πως
2727 1038 2864 1111 πρὸς
2892 1039 3021 1101 τοὺς
3050 1037 3111 1090 τὸ
3136 1037 3374 1108 γράμμα
3404 1037 3662 1105 διακομι-

2072 1137 2343 1207 σαμένσυς
2368 1134 2584 1203 λέγεται
2619 1131 2997 1202 φάναι’,”οσοι
3029 1129 3141 1182 τῶν
3181 1127 3660 1197 ὲκκλησιαστικῶν

2070 1214 2178 1295 πρὸ
2201 1225 2369 1296 ,ήμῶν
2399 1226 2456 1276 ὲν
2487 1223 2687 1295 ἐρεύνῃ
2718 1220 3008 1290 δογμάτων
3035 1220 3346 1287 γενόμενοι,
3374 1218 3534 1269 αὐτοὶ
3567 1217 3661 1268 τὸν

2072 1317 2201 1387 περὶ
2250 1314 2431 1369 αὐτῶν
2458 1314 2620 1382 λόγον
2661 1311 2813 1382 παρὰ
2850 1298 2971 1381 Θεῷ
3010 1308 3514 1378 εἰσπραχθήσονται
3538 1346 3554 1370 ,
3610 1305 3662 1356 ει

2071 1407 2132 1462 εὖ
2159 1409 2193 1479 ἢ
2226 1408 2320 1462 καὶ
2358 1407 2562 1476 ἑτέρως
2592 1404 2888 1458 ὲθέσπισαν
2909 1420 2923 1434 ·
2957 1404 3120 1474 ἡμεῖς
3148 1401 3205 1453 δὲ
3227 1402 3283 1454 ὲν
3312 1392 3357 1466 ᾧ
3384 1398 3484 1467 τὴν
3528 1397 3662 1448 Ἐκ-

2072 1497 2303 1567 κλησίαν
2333 1495 2661 1567 βαδίζουσαν
2702 1492 2975 1567 εὕρομεν,
3015 1492 3074 1542 ἐν
3104 1488 3282 1557 τούτῳ
3322 1489 3417 1540 καὶ
3462 1487 3662 1553 διαφυ-

2072 1589 2290 1644 λάττειν
2325 1588 2712 1660 προκρίνομεν.
2759 1583 2930 1637 Τοῦτο
2958 1583 3017 1636 δὲ
3062 1579 3494 1652 ἑπακριὸοὖντες
3531 1579 3655 1631 δια-

386 1664 675 1743 edicimus,
714 1678 928 1748 nequis
976 1664 1238 1748 deinceps
1267 1688 1361 1757 aut
1391 1680 1653 1736 adversus
1678 1680 1968 1753 imagines,

2089 1681 2437 1751 Ξεὸαιοῦμεν,
2484 1680 2561 1742 ὼς
2597 1664 2673 1749 μὴ
2731 1677 2957 1748 θαρρεῖν
2997 1691 3121 1728 τινα
3177 1672 3299 1726 κατ’
3336 1671 3575 1724 εἰκόνων
3623 1672 3657 1741 ἢ

390 1762 487 1820 aut
525 1782 623 1837 pro
651 1768 717 1823 iis
756 1760 998 1824 tutandis
1021 1767 1210 1842 aperte
1253 1770 1493 1840 linguam
1519 1787 1736 1829 movere
1769 1788 1973 1842 praesu-

390 1865 505 1911 mat
542 1874 557 1912 :
603 1860 696 1913 sed
767 1857 1044 1916 facessant
1095 1861 1561 1933 eliminenturque
1606 1846 1971 1919 tam'Tarasii

390 1936 652 2016 synodus,
681 1962 844 2015 quam
875 1965 995 2018 qua:
1016 1938 1224 2025 pridem
1242 1953 1344 2007 sub
1366 1938 1746 2021 Constantino,
1774 1970 1974 2025 nuper-

392 2050 500 2104 que
522 2038 625 2092 sub
657 2026 840 2117 Leone
882 2044 1126 2112 Augusto
1159 2053 1362 2097 coactae
1390 2054 1549 2113 sunt;
1596 2044 1976 2117 profundoque

392 2124 611 2181 silentio
666 2113 938 2199 sepultum
991 2142 1211 2187 maneat
1253 2140 1446 2197 totum,
1498 2113 1613 2203 quo
1668 2113 1973 2205 imaginum

396 2218 689 2282 memoria,
722 2210 1050 2281 invidiosum
1091 2222 1279 2292 utique
1320 2224 1623 2295 negotium,
1659 2227 1973 2290 ventilatur.

396 2302 447 2362 Is
489 2313 823 2383 auteniqui,
869 2314 931 2367 ut
961 2315 1075 2370 haec
1101 2314 1419 2384 loqueretur
1480 2331 1544 2371 ac
1592 2318 1975 2387 perscriberet,

397 2397 482 2453 sul
508 2403 748 2457 muneris
770 2412 891 2460 esse
911 2407 1139 2474 putavit,
1166 2408 1435 2476 siquidem
1467 2406 1608 2463 lianc
1638 2417 1830 2464 tenens
1858 2411 1978 2478 opi-

400 2491 631 2573 nionem
647 2494 903 2552 Ecclesiae
930 2490 1166 2568 praeesse
1201 2499 1355 2565 velit,
1399 2500 1466 2555 de
1500 2500 1797 2571 imaginum
1833 2504 1978 2556 veri-

403 2592 513 2640 tate
536 2576 969 2658 adorationeque
1016 2590 1227 2645 nullum
1255 2593 1514 2662 deinceps
1535 2594 1835 2650 collaturus
1860 2610 1979 2650 ser-

400 2682 639 2752 nionem,
668 2676 961 2748 omniaque
994 2666 1214 2736 silentio
1257 2673 1861 2750 prcssurushadveuiat
1885 2685 1976 2755 (ε).

468 2767 560 2822 85.
597 2765 707 2824 Has
733 2758 951 2826 absente
983 2772 1248 2828 orationis
1275 2773 1656 2842 imperatorias
1691 2790 1862 2842 nugas
1891 2776 1980 2831 ubi

399 2859 625 2917 auribus
678 2864 891 2933 accepit
952 2865 1144 2921 beatus
1209 2865 1387 2934 Pater,-
1433 2852 1802 2924 ﬂoccil’aciens
1833 2869 1977 2925 dicta

397 2959 571 3022 eaque
593 2954 660 3008 ad
687 2956 931 3011 animum
961 2958 1149 3011 subire
1177 2946 1550 3027 non‘patiens.
1584 2960 1751 3029 priori
1778 2962 1980 3015 verita-

400 3045 470 3098 tis
535 3033 876 3101 solidissima.-
939 3031 1272 3117 confessioni
1360 3050 1595 3105 inhaesit.
1668 3032 1980 3108 Dialecticis

399 3134 603 3191 deinde
633 3138 974 3206 argumentis
1022 3153 1095 3206 ac
1125 3139 1689 3197 demonstratiouibus
1717 3140 1977 3198 adversa-

400 3226 610 3281 riorum
647 3227 876 3301 fabellas
921 3223 1236 3296 roul‘utans,
1290 3230 1690 3287 demonstravit
1737 3234 1979 3299 unicam,

402 3335 635 3392 eamque
666 3320 807 3377 inter
835 3324 1205 3379 oaenmenicas
1223 3326 1511 3392 septimam
1542 3328 1828 3398 synodum,
1860 3343 1982 3384 esse

404 3415 804 3492 tenendam,ad
836 3431 1000 3485 quam
1032 3416 1135 3472 sub
1157 3398 1385 3472 Tarale
1408 3417 1615 3488 inclyto
1643 3430 1859 3488 pastore
1888 3434 1981 3474 ce-

404 3487 680 3559 leberrimi
710 3487 904 3562 Patres
933 3518 1313 3563 convenerunt
1344 3526 1358 3562 :
1394 3487 1766 3579 scelestasque
1788 3518 1843 3563 et
1865 3510 1984 3563 ina-

402 3596 506 3649 ‘ne's
533 3596 828 3651 ostendens
857 3611 981 3653 esse
1012 3585 1297 3667 opiniones
1322 3597 1664 3654 Constantini
1704 3599 1971 3655 adversus

403 3684 669 3756 imagines
696 3700 903 3753 sacras,
929 3689 1368 3758 dementiamque
1393 3705 1500 3759 qua
1524 3688 1634 3746 Leo
1661 3704 1757 3745 eas
1779 3691 1974 3746 contir-

406 3780 557 3843 mare
605 3776 762 3832 nisus
826 3780 932 3843 est,
990 3782 1275 3850 ipsumque
1325 3782 1529 3856 pariter
1592 3782 1981 3852 triumphatum

408 3864 647 3943 traduxit
669 3884 851 3925 coram
879 3873 1168 3939 universis,
1203 3874 1679 3946 quibnsjnculpali
1705 3874 1880 3937 cultus
1902 3883 1986 3930 at-

404 3958 509 4024 que
555 3956 677 4012 ﬁdei
714 3962 842 4014 cura
883 3960 1057 4017 adhuc
1086 3962 1262 4033 aliqua
1290 3963 1626 4035 suppetebat.
1666 4003 1670 4007 .

2076 1775 2217 1844 ὑπὲρ
2272 1771 2497 1826 εἰκόνων
2533 1769 2818 1841 παρρησία
2853 1767 2956 1835 τὴν
2995 1763 3248 1834 γλῶτταν
3274 1765 3448 1816 κινεῖν
3474 1778 3488 1791 '
3540 1757 3664 1813 ἀλλ’

2044 1865 2321 1920 πὲκποδὼν
2394 1861 2535 1915 ἔστω
2570 1861 2665 1913 καὶ
2714 1859 2946 1930 οἰχέσθω
2986 1856 3089 1910 καὶ
3130 1857 3163 1926 ἡ
3219 1854 3501 1925 Ταρασίου
3536 1854 3664 1907 σύνδ

2079 1955 2199 2017 οδος
2232 1959 2327 2026 καὶ
2359 1956 2392 2023 ἡ
2422 1952 2836 2006 Κωνσταντίνου
2878 1949 2974 2003 τοῦ
3008 1950 3180 2004 πάλαί
3219 1949 3315 2002 καὶ
3340 1951 3373 2018 ἡ
3409 1948 3529 2000 νυνὶ
3567 1949 3661 2000 ἐπὶ

2076 2043 2306 2105 Λέοντος
2337 2041 2687 2114 κροτηθεῖσα,
2729 2040 2824 2092 καὶ
2850 2041 2976 2109 σιγῇ
3010 2038 3204 2110 βαθείᾳ
3231 2042 3332 2109 τῆς
3367 2038 3480 2090 τῶν
3509 2036 3659 2090 εἰκόο

2078 2136 2184 2189 νων
2251 2133 2474 2205 μνήμης
2533 2132 2720 2185 ἕνεκεν
2780 2128 3230 2201 ὲμπολιτευέσθω
3280 2129 3345 2182 τὸ
3409 2128 3656 2182 σύνολον.

2078 2224 2252 2290 Αὐτὸς
2275 2226 2334 2280 δὲ
2358 2227 2386 2279 ό
2411 2224 2586 2277 ταῦτα
2623 2222 2805 2290 λέγειν
2836 2222 2931 2274 κα)⁸
2960 2221 3199 2292 γράφειν
3235 2220 3474 2289 σπουδὴν
3509 2219 3656 2271 τιθέσ

2082 2320 2366 2391 μενοςγεὶ
2418 2317 2512 2369 ἐπὶ
2548 2315 2675 2386 δόξῃ
2733 2313 2911 2387 ταύτῃ
2965 2313 3067 2384 τῆς
3136 2312 3465 2381 Ἐκκλησίας
3523 2309 3658 2364 καθὸ

2078 2410 2330 2485 ηγεῖσθαι
2363 2408 2590 2479 βούλοιο,
2615 2409 2795 2461 πᾶσαν
2810 2406 2937 2477 περὶ
2965 2406 3063 2476 τῆς
3093 2403 3202 2457 τῶν
3223 2404 3451 2458 εἰκόνων
3481 2403 3657 2471 ὑπάρο

2082 2504 2217 2574 ξεώς
2248 2521 2309 2557 τε
2358 2505 2453 2556 καὶ
2498 2500 2925 2573 προσκυνήσεως
2955 2497 3327 2568 ὲπισιώπησιν
3365 2496 3430 2550 τὸ
3472 2495 3661 2549 λοιπὸν

2082 2594 2494 2666 ἐνδεικνύμενος
2512 2634 2528 2659 ,
2563 2593 2797 2662 πάρεσο.

2153 2768 2257 2830 πε⁸.
2304 2762 2456 2828 Ἐπεὶ
2487 2770 2581 2826 οὖν
2608 2773 2636 2825 ὁ
2662 2771 2772 2825 τῶν
2803 2768 3100 2841 βασιλικῶν
3129 2767 3504 2839 ἀτοπημάτων
3526 2762 3662 2819 ἁπό-

2081 2869 2242 2936 λογος
2271 2867 2365 2919 κοιλ⁵
2396 2866 2587 2936 μέχρις
2618 2864 2774 2918 ὢτων
2806 2861 2904 2914 τοῦ
2938 2860 3213 2931 μακαρίου
3238 2859 3391 2929 διέϐη
3426 2858 3662 2928 Πατρός,

2084 2960 2164 3020 εἰς
2194 2956 2351 3010 οὐδὲν
2383 2954 2575 3008 τοῦτον
2614 2952 2865 3023 θέμενος,
2927 2949 3050 3003 οὐδὲ
3094 2951 3190 3003 ἐπὶ
3229 2950 3356 3003 νοῦν
3402 2948 3664 3019 βαλέσθαι

2085 3046 2453 3118 προθέμενος,
2485 3045 2584 3114 τῆς
2614 3035 2888 3115 προτέρας
2919 3042 3195 3112 ἀσφαλοῦς
3224 3041 3510 3113 ἀκριϐείας
3540 3044 3667 3094 ἀντ-

2086 3130 2323 3209 είχετοξ
2350 3136 2596 3205 λογικαῖς
2639 3134 2891 3206 μεθόδοις
2932 3135 3028 3187 καὶ
3080 3133 3394 3198 ἀποδείξεσι
3448 3134 3517 3186 τά
3558 3132 3668 3185 τῶν

2090 3227 2399 3283 ἀντιπάλων
2449 3224 2841 3289 ἁνασκευάζων
2876 3223 3136 3299 λογύδρια
3187 3225 3340 3293 (51),
3396 3223 3530 3293 μίαν
3574 3223 3669 3275 καὶ

2091 3310 2329 3390 ἑϐδόμην
2354 3316 2619 3371 συνιστῶν
2637 3317 2745 3370 τῶν
2771 3316 3170 3387 οἰκουμενικῶν
3190 3314 3431 3379 σύνοδον,
3453 3315 3554 3385 τὴν
3575 3315 3669 3366 ἐπὶ

2088 3412 2365 3482 Ταρασίου
2402 3409 2497 3463 τοῦ
2541 3409 2793 3479 ἀοιδίμου
2829 3408 2939 3461 τῶν
2982 3408 3359 3477 πανευιρήμων
3405 3407 3667 3477 Πατέρων

2092 3500 2438 3563 συνέλευσιν,
2477 3498 2576 3561 τάς
2612 3515 2672 3551 τε
2718 3497 3125 3566 παλιμφήμους
3164 3495 3323 3560 δόξας
3379 3498 3477 3558 τὰς
3528 3495 3668 3547 κατὰ

2087 3591 2198 3644 τῶν
2226 3589 2387 3659 ἱερῶν
2414 3588 2640 3658 εἰκόνων
2667 3586 3082 3639 Κωνσταντίνου
3123 3585 3386 3655 φρούδους
3449 3584 3667 3638 ἁποδειυ

2089 3685 2223 3744 κνὺς
2249 3682 2350 3744 τάς
2378 3697 2437 3734 τε
2454 3680 2684 3745 Λέοντος
2716 3677 3161 3749 ὲπικυρωτικὰς,
3209 3676 3306 3730 καὶ
3334 3677 3496 3731 αὑτὸν
3534 3678 3668 3729 πᾶσι

2090 3774 2360 3846 θρίαμϐον
2390 3770 2706 3844 προτιθεὶς,
2746 3770 2930 3840 πάσης
2964 3770 3299 3840 ἐπίπροσθεν
3330 3770 3482 3839 ἄγων
3514 3769 3670 3840 αἱρέ-

2088 3884 2229 3929 σεως
2259 3867 2359 3937 τὴν
2388 3864 2499 3919 τῶν
2529 3863 3153 3936 Χριστιανοκατηγόρων
3186 3863 3443 3916 ἀπόνοιαν
3461 3901 3476 3926 ,
3505 3856 3588 3923 οἷς
3618 3878 3669 3912 τι

2095 3962 2258 4034 μέλον
2292 3962 2423 4032 περὶ
2453 3960 2554 4031 τῆς
2579 3961 2885 4031 ἀμωμήτου
2918 3959 3178 4029 λατρείας
3211 3959 3307 4013 καὶ
3339 3959 3601 4022 πίστεως.

1830 4074 2062 4134 CAPUT
2103 4075 2237 4130 XIV.

773 4188 1116 4257 Comparatio
1146 4187 1650 4258 sancti‘Nicep‘hOri
1690 4204 1810 4245 cum
1861 4192 2062 4247 sanctis
2084 4190 2268 4243 variis.
2312 4187 2450 4256 Ejus
2485 4189 2673 4243 obitus.
2708 4187 2993 4258 ScriptOris
3018 4184 3303 4258 peroratio.

478 4298 570 4354 86.
615 4299 691 4352 Ea
719 4297 842 4365 tide,
890 4301 1079 4369 sicque
1104 4300 1334 4364 docens,
1385 4316 1450 4355 ac
1481 4312 1763 4358 strenuam
1790 4303 1979 4358 divinae

2160 4311 2279 4369 7:3".
2321 4303 2481 4358 Οὕτω
2527 4294 2741 4375 φρονῶν
2773 4305 2866 4357 καὶ
2904 4305 3174 4358 διδάσκων
3202 4305 3296 4357 καὶ
3342 4305 3455 4366 τοῖς
3503 4292 3673 4367 θείοις

409 4388 674 4449 iloctrinm
686 4407 906 4461 operam
925 4408 1130 4464 ponens
1149 4434 1164 4460 ,
1187 4395 1369 4449 mundi
1390 4397 1702 4453 universum
1721 4397 1984 4452 ambitum

408 4485 622 4540 sincera
647 4483 714 4538 de
744 4482 854 4541 Deo
894 4485 1150 4553 opinione
1178 4484 1445 4555 implei'it,
1473 4489 1706 4556 eximios
1738 4490 1984 4560 quosque

410 4565 629 4632 Veteris
657 4590 720 4631 ac
767 4575 900 4631 Νονί
957 4571 1293 4634 Testamenti
1335 4580 1503 4648 viros,
1555 4582 1737 4650 quoad
1772 4581 1987 4652 assequi

410 4677 648 4738 paterat,
699 4668 925 4740 vestigio
959 4673 1230 4739 premens.
1296 4670 1484 4742 Neque
1533 4668 1766 4727 Abrahae
1814 4689 1988 4727 mniu-

407 4758 553 4814 latus
603 4757 788 4831 lideiti,
846 4762 1019 4829 eaq'ne
1071 4754 1326 4817 incensus
1376 4762 1654 4831 animum,
1694 4763 1837 4817 sicut
1878 4760 1989 4830 ille,

410 4848 735 4906 vernaculus
770 4864 899 4906 suos
922 4852 1187 4907 doctrinae
1220 4853 1271 4907 vi
1318 4867 1558 4919 armans,
1592 4853 1990 4910 insanientibus

408 4940 671 5001 adversus
697 4940 997 4997 Ecclesium
1022 4941 1243 5011 regibus
1266 4940 1508 4996 detraxit
1527 4942 1725 5012 spolia,
1763 4945 1986 4998 eosdem

483 5118 743 5191 (5|)Quia
768 5133 952 5191 vocem
978 5119 1263 5191 λογύδριον
1294 5134 1561 5191 nusquam
1589 5119 1786 5190 legisse
1812 5121 1999 5175 memi-

412 5189 627 5254 neram,
656 5189 913 5244 tuendum
941 5199 1091 5245 ratus
1114 5190 1242 5243 alibi
1282 5190 1517 5257 λογίδιον
1546 5189 1826 5253 substitui,
1852 5193 1997 5259 quod

411 5272 479 5317 ex
504 5260 750 5332 omnium
802 5274 1072 5315 consensu
1126 5260 1376 5332 fabellam
1411 5261 1723 5332 signiticet:
1770 5277 1914 5316 nunc
1938 5275 2002 5316 ea

414 5330 661 5386 crebrius
694 5340 1012 5385 recurrentc
1036 5370 1051 5395 ,
1085 5331 1329 5398 suspicio
1353 5330 1529 5386 oritur
1569 5331 1809 5395 ejusdem
1837 5332 2002 5400 signi-

417 5401 692 5456 ticationis
721 5415 909 5456 vocem
937 5416 1081 5465 esse,
1126 5402 1222 5457 sed
1263 5417 1414 5457 novae
1442 5412 1498 5456 et
1536 5403 1736 5457 szeculo
1771 5402 1863 5470 illo
1893 5402 2001 5455 usi-

418 5480 544 5543 tata;
569 5472 1003 5543 compositionis,
1034 5486 1100 5525 ex
1126 5471 1287 5539 λόγος
1320 5470 1374 5543 et
1396 5470 1580 5543 ὓδριον
1601 5489 1615 5504 ο
1658 5473 1814 5541 quasi
1842 5472 2001 5543 dimi-7

417 5541 664 5612 nutivum
696 5541 763 5597 ex
809 5541 1070 5612 λογύδρος
1104 5541 1699 5611 εει-ρειιιὶηυςέειθιηο,
1742 5543 1857 5597 sive
1907 5542 2001 5611 qui

417 5608 592 5667 instar
619 5627 776 5684 aqum
807 5608 1072 5668 instabilis
1098 5613 1191 5668 sit.

2092 4396 2560 4466 ἐνασχολούμενος
2587 4383 2843 4466 δόγμασι,
2878 4397 2982 4467 τῆς
3018 4395 3348 4467 εἰλικρινοῦς
3379 4397 3560 4449 πάντα
3585 4396 3676 4448 τὸν

2092 4487 2297 4558 κόσμον
2322 4487 2450 4556 περὶ
2471 4486 2534 4540 τὸ
2555 4486 2708 4540 Θεῖον
2733 4487 3055 4559 ἐπλήρωσεν
3083 4487 3428 4558 ὑπολήψεως,
3458 4488 3679 4539 πάντων

2093 4579 2204 4632 τῶν
2234 4582 2292 4632 ὲν
2325 4574 2539 4651 Παλαιᾷ
2575 4566 2673 4633 καὶ
2712 4581 2888 4651 Καινῇ
2918 4581 3163 4650 Διαθήκῃ
3194 4579 3559 4650 μεγαλοφυῶν
3590 4580 3681 4631 ἁν-

2095 4667 2259 4739 δρῶν,
2290 4669 2415 4721 ὅσον
2448 4668 2696 4737 ἐφικτὸν,
2739 4667 2888 4722 κατὰ
2933 4668 3098 4732 πόδας
3136 4671 3251 4722 ἰών.
3295 4668 3553 4738 Ἀδραᾶμ
3582 4668 3679 4736 τῆν

2098 4761 2280 4813 πίστιν
2308 4759 2506 4830 ζηλῶν,
2535 4760 2631 4815 καὶ⁹
2662 4761 2840 4833 ταύτῃ
2873 4778 2946 4814 πυ
2959 4760 3255 4833 ρποληθεὶς
3276 4760 3376 4833 τήν
3403 4760 3643 4813 διάνοιαν
3661 4774 3676 4788 ο

2098 4853 2193 4906 καὶ
2220 4855 2286 4924 τῇ
2320 4853 2433 4905 τῶν
2474 4852 2649 4920 λόγων
2683 4852 2913 4924 δυνάμει
2946 4840 3020 4916 ὡς
3047 4852 3241 4916 ἄλλους
3274 4852 3488 4905 ἐκείνου
3538 4855 3681 4905 οἱκο-

2096 4946 2274 5012 γενείς
2300 4944 2669 5014 ὁπλισάμενος
2712 4944 2841 5007 τοὺς
2877 4944 3018 4997 κατὰ
3062 4944 3163 5015 τῆς
3211 4942 3547 5014 Ἐκκλησίας
3590 4958 3685 5013 μα-

2185 5121 2251 5195 (ε)
2278 5120 2556 5195 ΔΒονοιιίιιε
2589 5123 2656 5177 ad
2678 5138 2778 5195 an.
2803 5121 2930 5195 ΒΞ),
2954 5132 3106 5177 num.
3134 5121 3225 5195 56,
3264 5126 3571 5195 arbitratur
3594 5139 3684 5195 pa:-

2108 5192 2401 5250 triarcham
2457 5207 2562 5246 non
2594 5193 2822 5245 rediisse
2858 5193 3414 5260 Constantinopolim,
3448 5210 3513 5247 eo
3541 5193 3680 5261 quml

2109 5267 2292 5333 adhue
2323 5263 2613 5333 limreticus
2673 5264 2919 5317 iutrnsus
2969 5263 3496 5333 p50]!ti0pﬂh'lﬂl'(‘llzl
3527 5263 3681 5317 sede-

2106 5345 2212 5390 ret.
2257 5331 2322 5386 Et
2351 5331 2580 5402 σφάλμα
2617 5344 2705 5387 est
2764 5331 3008 5387 auctoris
3063 5332 3199 5388 Vita:
3253 5334 3425 5387 sancti
3478 5333 3679 5387 Nicolai

2107 5404 2356 5467 Studium,
2401 5402 2528 5456 dum
2589 5418 2737 5457 num.
2796 5404 2868 5458 26
2918 5403 3132 5466 scribit,
3191 5419 3293 5457 una
3355 5419 3479 5457 cum
3516 5418 3582 5456 eo
3627 5413 3682 5456 et

2104 5484 2291 5529 sancto
2320 5473 2608 5529 Theodoro
2639 5474 2854 5529 Studita
2884 5474 3113 5543 aliisque
3144 5476 3350 5529 adiisse
3396 5474 3681 5545 imperato-

2106 5559 2241 5600 rem.
