3980 6140
328 236 437 307 149

1852 246 2054 313 νΙΤΑ.

3486 239 3591 307 Πεο

320 354 519 415 νέντας
552 352 792 424 βασιλεῖς
810 353 1296 425 λαφυραγωγήσας
1327 355 1538 427 τρανῶς
1560 356 1913 426 ἐχειρώσατο,

2032 355 2178 417 ιιιιιιθ
2214 354 2527 424 proﬂigatis,
2565 355 2733 423 ipsam
2768 351 2909 407 velut
2936 348 3167 408 alterum
3193 351 3307 406 Lota
3328 352 3395 409 ab
3421 353 3592 408 bane-

322 448 422 503 καὶ
452 447 684 517 ταύτην,
717 446 1014 518 ὼςνέτερον
1063 447 1225 515 Λὼτ,
1268 449 1370 519 τῆς
1421 450 1502 511 είς
1546 449 1759 520 αἵρεσιν
1807 450 1915 502 ἀπ-

327 540 563 607 αγωγῆς
601 537 972 609 ἐλυτρώσοιτο.
1025 539 1209 592 Ἰσαὰκ
1237 539 1294 593 δὲ
1318 541 1416 610 τὴν
1456 539 1646 610 μέχρις
1684 540 1916 609 αἵματος

324 628 582 699 ὑπακοὴν
606 629 745 699 πρὸς
779 628 873 680 τὸν
901 628 1010 682 τῶν
1044 631 1183 683 ὅλων
1212 632 1435 701 Πατέρα
1474 631 1608 683 Θεὸν
1640 647 1915 701 προσκτη-

327 718 748 788 σάμενος,“καὶ
790 718 975 781 τυϐεὶς
1024 716 1126 789 μὲν
1168 718 1399 790 πλήθεσι
1452 719 1812 789 πειρασμῶν,
1852 718 1914 771 ού

328 810 655 882 πειρασθεὶς
685 811 742 865 δὲ
784 812 886 881 τῆς
932 811 1000 864 δι’
1031 811 1265 881 αἵματος
1294 809 1717 874 ὁλοκαυτώσεως
1742 826 1756 840 ’
1798 810 1917 863 ἀλλ’

327 904 522 973 ἱερεὺς
585 904 679 957 καὶ
711 903 878 975 δύτης
907 903 1008 972 τῆς
1039 904 1306 974 ἀληθινῆς
1335 906 1431 958 καὶ
1453 904 1689 973 ἀναίμου
1725 896 1917 966 θυσίας

324 995 650 1065 γενόμενος,
677 995 829 1057 υἱοὺς
853 994 989 1046 Θεοῦ
1018 997 1116 1048 καὶ
1136 994 1514 1065 κληρονόμους
1539 995 1604 1046 ἐκ
1623 996 1722 1063 τῆς
1747 994 1920 1063 ἁρμο-

329 1087 559 1155 σθείσης
588 1086 737 1157 αὐτῷ
765 1089 1169 1157 πνευματικῆς,
1203 1086 1365 1151 ὡςτὲξ
1391 1086 1560 1158 ἄλλης
1598 1084 1917 1147 Ῥεϐέκκας,

329 1179 436 1248 τῆς
509 1178 836 1245 Ἐκκλησίας
884 1178 1069 1249 σαφῶς
1125 1178 1237 1249 (5‘2)
1285 1178 1678 1247 ἀπεγέννησεν.
1727 1174 1918 1230 Ἰακὼϐ

329 1269 396 1323 τὸ
422 1271 482 1321 ἐν
510 1271 769 1337 ποιμέσιν
798 1270 1085 1340 εὐδόκιμον
1112 1269 1526 1340 ἐμμαξὰμενος,
1555 1270 1657 1321 οὐκ
1687 1268 1747 1335 ἐξ
1779 1269 1917 1338 ἀσή-

328 1380 480 1431 μων,
517 1363 633 1415 ἀλλ’
679 1364 971 1432 ἐπισήμων
1006 1363 1100 1415 καὶ
1137 1361 1376 1431 λογικῶν
1437 1361 1768 1432 θρεμμάτων
1819 1362 1920 1432 τὴν

329 1454 579 1521 ποίμνην
627 1454 960 1525 ἐπλήθυνεν,
1004 1456 1071 1525 ἣν
1114 1455 1211 1508 καὶ
1262 1454 1681 1522 ἐπευλογεῖσϐαι
1724 1454 1816 1506 ἐπὶ
1843 1453 1921 1522 τῷ

331 1544 507 1599 αὐτοῦ
540 1546 662 1598 ποδὶ
681 1546 839 1616 ,παρά
871 1547 1081 1615 Κυρίου
1103 1545 1466 1616 κεκαύχηται.
1514 1545 1715 1615 Ἰωσὴφ
1745 1545 1799 1598 δὲ
1820 1545 1921 1598 οὐκ

329 1635 433 1688 ἐπὶ
468 1628 798 1706 σωφροσύνῃ
840 1636 1003 1705 μόνον
1036 1636 1500 1706 ἐχαρακτήρισεν,
1532 1635 1648 1688 ἀλλ’
1686 1635 1785 1706 ἤδη
1824 1635 1918 1688 σὺν

2018 460 2141 500 secs
2170 445 2480 516 captivitate
2514 444 2761 499 redemit.
2800 441 2970 498 lsaaci
2999 453 3189 497 autem
3216 444 3582 498 obedientiam

2019 537 2396 590 universorum
2436 535 2584 589 Patri
2614 533 2723 588 Β·οο
2755 535 2819 586 ad
2856 534 3174 604 sanguinem
3217 549 3388 603 usque
3454 549 3595 603 pra:-

2029 628 2280 681 standmn
2308 636 2618 689 assecutus,
2657 634 2709 678 et
2737 624 3016 693 multiplici
3045 625 3353 679 tentatione
3386 636 3595 679 macta-

2021 727 2128 781 lus,
2179 733 2487 786 quanquam
2514 715 2817 771 bolocansﬁ
2843 715 3368 770 consummationem
3400 730 3597 769 cruore

2021 810 2142 865 fuso
2173 825 2282 864 non
2324 809 2664 879 promeruit;
2694 809 2956 864 sacerdos
2985 820 3165 863 tamen
3195 818 3251 863 et
3282 807 3597 862 immolator

2021 900 2133 954 veri
2163 911 2218 956 et
2256 900 2523 954 incruenti
2572 900 2827 955 sacriﬁcii
2879 900 3074 966 factus,
3110 901 3205 954 Dei
3247 899 3387 956 ﬁlios
3431 911 3598 970 atque

2020 993 2263 1046 brercdes
2287 988 2615 1059 exspiritali
2645 1008 2739 1046 sua
2797 1006 2994 1060 sponsa
3026 992 3289 1059 Ecclesia,
3348 1007 3447 1046 ceu
3478 991 3584 1045 alia

2025 1083 2291 1148 Rebecca,
2324 1084 2600 1151 ‘sapienter
2627 1085 2886 1153 suscepit.
2913 1082 3100 1138 Jacobi
3130 1083 3459 1153 pastoralem
3504 1096 3597 1138 so-

2021 1174 2233 1228 lertiam
2274 1172 2539 1239 referens,
2596 1189 2700 1227 non
2738 1188 2801 1226 ex
2864 1174 3136 1240 obscuris,
3168 1175 3264 1228 sed
3320 1172 3597 1244 prmclaris

2024 1262 2485 1330 rationalibusqne
2540 1263 2736 1321 ovibus
2779 1263 2930 1317 aruit
2982 1279 3244 1335 gregem,
3286 1264 3384 1323 cui
3432 1264 3599 1321 etiarn

2024 1353 2189 1407 Deum
2220 1354 2563 1409 benedixisse
2591 1357 2656 1409 ad
2702 1357 2892 1424 pedem
2931 1372 3088 1410 suum
3125 1357 3413 1425 gloriatur.
3440 1354 3600 1410 Jose-

2024 1445 2185 1511 phum
2237 1456 2345 1496 non
2377 1442 2552 1499 solum
2597 1443 2883 1512 prudentia
2941 1443 3235 1513 expressit,
3285 1445 3382 1499 sed
3432 1444 3598 1498 etiam

2025 1535 2433 1602 repraesentavit
2466 1542 2576 1586 tam
2612 1534 2808 1588 anima:
2833 1548 2993 1603 quam
3027 1533 3273 1603 corporis
3294 1532 3599 1603 pulchritu-

2024 1625 2183 1690 dine;
2238 1626 2437 1693 quippe
2482 1625 2574 1692 qui
2630 1640 2818 1680 amore
2848 1625 3018 1696 ipsius
3059 1637 3274 1695 captam
3304 1639 3448 1689 eam,
3481 1637 3601 1692 quae

328 1718 414 1795 τῷ
438 1724 657 1796 ψυχικῷ
685 1727 781 1779 καὶ
811 1727 889 1795 τῷ
918 1726 1015 1780 τοῦ
1045 1727 1304 1797 σώματος
1326 1727 1514 1780 κάλλει
1546 1727 1914 1797 παρήμειψεν,

2032 1730 2163 1770 nunc
2195 1725 2301 1779 est,
2323 1715 2653 1786 IEgyptiam,
2690 1717 2999 1784 nefandam,
3040 1716 3285 1786 inquam,
3318 1716 3593 1777 ltmresim,

327 1814 412 1876 ὡς
447 1813 773 1884 ἐρασθεῖσαν
821 1815 987 1867 αὐτοῦ
1019 1817 1118 1885 τὴν
1146 1816 1265 1869 νυνὶ
1306 1816 1640 1884 Αἰγυπτίαν,
1684 1815 1826 1885 φημὶ
1856 1816 1920 1886 δὴ

329 1902 436 1974 τὴν
468 1905 824 1973 κακέμςιατον
856 1906 1089 1976 αἵρεσιν,
1115 1909 1210 1960 καὶ
1247 1908 1339 1960 ἐπὶ¹
1367 1907 1624 1978 κοινωνίᾳ
1655 1908 1767 1961 τῶν
1795 1908 1921 1962 ἀθε-

330 1991 517 2059 μίτων
546 1992 836 2062 δογμάτων
876 1994 1270 2060 ἀνθέλκουσαν,
1317 1995 1796 2050 συναποδύσασθαι
1845 1998 1921 2069 μὴ

334 2083 399 2136 τὸ
428 2081 654 2152 ’ἱμάτιον
699 2086 895 2154 μόνον,
933 2086 1070 2140 ἀλλὰ
1109 2088 1204 2140 καὶ
1251 2087 1349 2158 τὴν
1398 2088 1553 2159 ἱερὰν
1586 2088 1920 2160 ἀμπεχόνην

336 2174 624 2245 ᾑρέτισεν.
679 2176 797 2229 Ἰὼϐ
833 2177 892 2230 δὲ
925 2178 984 2230 τὸ
1018 2178 1295 2247 τληπαῦὲς
1331 2179 1427 2232 καὶ
1460 2179 1599 2248 πρὸς
1632 2179 1726 2232 τὸν
1792 2179 1922 2233 ἀντ·

333 2267 646 2335 ἀγωνιστὴν
679 2269 1007 2338 καρτερικὸν
1034 2270 1370 2334 ἐπεδείξατο,
1390 2269 1696 2341 φιλοσοφῶν
1726 2272 1783 2324 ἐν
1807 2272 1921 2335 τοῖς

334 2356 658 2428 δυσχερέσι,
691 2360 786 2412 καὶ
828 2360 966 2426 ξέων
993 2362 1093 2415 οὐκ
1128 2362 1383 2431 ὀστράκῳ
1407 2361 1477 2415 τὰ
1513 2362 1613 2431 τῆς
1654 2362 1921 2432 ἐπηρείας

333 2445 514 2518 ἕλκη,
566 2449 634 2499 τὰ
682 2448 739 2500 δὲ
791 2448 901 2501 τῶν
954 2450 1268 2505 ἀντιπάλων
1323 2447 1729 2522 ἑξοστρακίζων
1786 2451 1924 2523 πρὸς

335 2537 655 2608 ἀξροσύνην
685 2540 988 2607 ἐφέλκοντα
1021 2543 1265 2612 ῥήματα.

413 2629 523 2691 πῖ.
558 2630 838 2692 Μωῦσέως
869 2629 947 2700 τῷ
978 2631 1360 2701 δημαγωγικῷ
1401 2632 1588 2685 κανόνι
1614 2631 1922 2703 ἐπηκολού-

335 2717 529 2788 θησεν,
562 2719 690 2772 λαὸν
721 2720 779 2786 ἐξ
824 2720 1202 2788 Αἰγυπτιακοῦ
1246 2723 1473 2785 σκότους
1501 2723 1601 2793 τῆς
1642 2724 1925 2794 αἱρετικῆς

335 2810 711 2878 κενοφωνίας,
762 2811 1010 2882 σκόρδοις
1038 2813 1133 2865 καὶ
1164 2813 1502 2883 κρομμύοις,
1541 2816 1656 2875 τοῖς
1679 2814 1922 2880 ὀδωδόσι,

332 2902 513 2970 φημὶ,
537 2901 858 2971 διδάγμασι,
885 2902 1012 2966 τοὺς
1047 2902 1580 2974 πειθομένουςαύτῇ
1608 2903 1922 2978 τρεφούσῃ,

338 2991 579 3057 ὲξᾶγων,
613 2992 706 3044 καὶ
733 2991 800 3046 δι’
831 2991 1012 3063 ἀλμης
1049 2993 1339 3064 Ἐρυθρᾶς,
1375 2994 1708 3064 στυφούσης,
1747 2995 1917 3064 λέγω,

336 3084 727 3148 διδασκαλίας,
781 3084 1237 3156 ἀποκλυσάμενος
1285 3086 1469 3140 αὐτῶν
1513 3086 1575 3139 τὸ
1620 3086 1786 3158 ἀηδὲς
1833 3087 1929 3147 καὶ

338 3176 710 3247 πολύόρωμον
742 3177 929 3248 ἄχθος,
963 3178 1102 3248 πρὸς
1123 3179 1180 3231 δὲ
1211 3180 1314 3249 γῆν
1348 3178 1620 3250 βρύουσαν
1657 3178 1800 3247 γάλα
1834 3181 1930 3234 καὶ

338 3272 495 3342 μέλι,
532 3271 631 3342 τὴν
662 3272 863 3344 λευκὴν
887 3273 982 3326 καὶ
1018 3273 1203 3327 ἄδολον
1241 3275 1335 3327 καὶ
1364 3274 1559 3344 ἡδονῆς
1585 3275 1765 3346 πλήρη
1797 3292 1929 3347 μετ-

337 3363 640 3433 οχετεύσας
680 3364 789 3416 τῶν
837 3364 999 3417 θείων
1023 3365 1315 3433 δογμάτων
1336 3364 1673 3433 γλυκύτητα.
1720 3363 1929 3435 Ἀαρὼν

338 3455 405 3508 τὸ
464 3457 521 3507 ἐν
573 3455 781 3526 ἱερεῦσι
816 3456 1110 3525 σεϐάσμιον
1147 3455 1536 3526 ἐκληρώσατο,
1582 3456 1646 3508 ού
1686 3456 1929 3526 Μωΰσῆν

339 3563 468 3600 τινα
518 3545 587 3599 τὰ
616 3546 754 3616 πρὸς
798 3546 931 3599 Θεὸν
965 3547 1332 3617 ἐξηγούμενον
1379 3547 1556 3616 ἔχων,
1590 3544 1824 3609 ἐνώπιος
1871 3546 1930 3599 δὲ

340 3639 569 3710 ἐωπέῳ
628 3641 750 3701 ταῖς
806 3640 1089 3702 εύκτικαῖς
1149 3637 1476 3708 ίερολογίαις
1534 3637 1620 3689 ἀεὶ
1676 3637 1932 3706 συγγινό-

346 3748 510 3799 μενος
534 3771 549 3796 ,
581 3731 702 3784 οὐδέ
732 3729 944 3801 κιδάρει
973 3731 1068 3785 καὶ
1099 3729 1334 3800 ἐπωμίδι
1363 3730 1460 3783 καὶ
1482 3729 1732 3783 κώδωσιν
1756 3728 1932 3791 ὲκνιαύ-

344 3838 442 3875 σια
474 3821 872 3890 φθεγγομένοις
926 3823 1005 3885 εἰς
1039 3822 1110 3874 τὰ
1149 3819 1318 3874 ἄδυτα
1341 3819 1565 3886 εἰσιὼν,
1615 3822 1683 3890 τῇ
1720 3819 1778 3873 δὲ
1822 3819 1931 3873 τῶν

337 3913 666 3967 ἀποστόλιιιν
721 3913 1113 3984 δωδεκαχόρδῳ
1196 3911 1339 3984 λύρᾳ
1405 3910 1802 3979 πληττόμενος,
1838 3913 1931 3976 ,είς

350 4004 424 4056 τά
458 4003 569 4055 τῶν
625 4004 796 4070 ἁγίων
824 4004 993 4071 ’Ἅγια
1029 4002 1401 4073 θαμινώτερον
1435 4001 1800 4072 εἰσδυόμενος,
1832 4004 1931 4074 τὴν

339 4095 457 4147 τῶν
499 4095 657 4147 θείων
692 4094 889 4164 λογίων
917 4095 1150 4165 δήλωσιν
1179 4095 1347 4148 πᾶσιν
1388 4094 1728 4148 ἀνέπτυσσεν
1765 4095 1824 4147 εὖ
1840 4112 1934 4167 ση-

345 4188 584 4257 μότατα.
628 4189 808 4257 Ἰησοῦ
840 4189 899 4242 τὸ
935 4189 1301 4259 στρατηγικὸν
1338 4189 1435 4242 καὶ
1490 4188 1628 4252 πρὸς
1663 4188 1931 4257 πολεμίας

340 4280 585 4349 ἐμϐολὰς
638 4281 1068 4353 ἀπαράτρεπτον
1118 4279 1464 4350 ἀνεμάξατο,
1515 4281 1577 4334 ού
1633 4284 1932 4351 φωστῆρας

341 4462 535 4533 ἡμέρα
582 4464 638 4516 δὲ
678 4465 774 4517 καὶ
822 4466 980 4518 νυκτὶ
1031 4463 1131 4528 τὰς
1181 4464 1323 4534 πρὸς
1361 4463 1495 4517 Θεὸν
1543 4463 1814 4527 ἐντεύξεις
1853 4461 1932 4525 ὠς

344 4554 690 4626 παρατάξεις
757 4555 1117 4627 ποιούμενος,
1175 4556 1284 4620 ἕως
1335 4556 1463 4619 τοὺς
1518 4554 1622 4624 τῆς
1670 4554 1931 4624 ἀληθείας

343 4648 582 4718 ἐχθροὺς
656 4650 770 4710 τοῖς
838 4648 1048 4701 ἑαυτῶν
1121 4647 1485 4717 λελουμένους
1555 4644 1931 4717 κατῴκτειρεν

346 4739 572 4805 αἵμασι.
629 4739 784 4791 Μετὰ
831 4739 1016 4802 Φινεὲς
1081 4739 1176 4791 ἐπὶ
1236 4737 1599 4808 πορνοκτονίᾳ
1653 4737 1932 4808 ἀνακηρυ-

344 4829 653 4900 χοήσεται·
709 4828 804 4880 καὶ
853 4821 1010 4892 οὗτος
1054 4827 1165 4898 γὰρ
1221 4828 1347 4890 τοὺς
1396 4826 1506 4880 ἀπὸ
1539 4825 1766 4881 ὄπισθεν
1820 4828 1936 4878 Κυ-

348 4920 509 4990 ρίου,
558 4918 702 4972 κατὰ
740 4920 802 4971 τὸ
855 4918 1215 4991 προφητικῶς
1258 4917 1690 4987 ἀπειλούμενον,
1743 4920 1940 4988 ἐκπορ-

346 5011 685 5073 νεύσαντας,
752 5011 848 5066 καὶ
907 5012 1133 5083 σπέρμα
1170 5011 1501 5071 ¹Χαλδαῖκὸν
1563 5012 1621 5063 ἐν
1676 5012 1792 5072 τοῖς
1840 5009 1941 5077 τῆς

361 5102 695 5173 Ἐκκλησίας
724 5102 1107 5175 ἀποστολικοῖς
1150 5100 1427 5172 νεώμασιν
1463 5099 1742 5172 ἐγκρύψαι
1780 5099 1942 5170 θελήο

351 5211 591 5256 σαντας,
620 5196 733 5257 τοῖς
777 5195 886 5246 τῶν
937 5194 1167 5248 δικαίων
1197 5193 1439 5261 λογικοῖς
1482 5191 1835 5263 βουκέντροις
1864 5191 1941 5255 ὡς

351 5285 667 5357 σιρομάστῃ
702 5285 1074 5356 χρησάμενος,
1130 5284 1507 5355 ἐξεκέντησεν.
1554 5283 1717 5338 Δαυῒδ
1750 5282 1811 5337 τὸ
1839 5284 1945 5353 πρὸ

430 5488 476 5521 ²¹
509 5487 625 5542 Jos.
659 5504 672 5541 l
704 5500 755 5542 et
781 5504 843 5543 ιι.
907 5487 1125 5542 “Num.
1148 5486 1389 5549 λαγώ-δ.
1468 5487 1513 5518 ’³
1545 5484 1699 5540 Oscae
1764 5502 1802 5552 ι,
1836 5486 1891 5540 2.

2024 1808 2192 1875 inque
2241 1808 2596 1861 exsecranda:
2621 1807 2882 1862 doctrinae
2931 1808 3246 1864 societatem
3280 1807 3497 1862 trahere
3523 1806 3602 1860 ni-

2025 1908 2226 1954 tentem
2274 1900 2495 1969 repulit,
2537 1916 2644 1956 non
2682 1911 2890 1956 tantum
2927 1911 3134 1957 vestem
3170 1901 3470 1970 vulgarem,
3500 1900 3597 1955 sed

2028 2001 2082 2045 et
2108 1991 2307 2046 stolam
2343 2007 2556 2047 sacram
2591 1994 2862 2048 dimittere
2892 2001 3220 2063 prteoptans.
3262 1992 3381 2048 Jobi
3417 2000 3601 2046 autem

2024 2082 2340 2151 patientiam
2381 2097 2446 2141 ac
2489 2084 2806 2139 tolerantem
2854 2099 2983 2155 erga
3019 2085 3392 2139 adversarium
3419 2072 3604 2137 osten-

2023 2172 2103 2227 dit
2131 2173 2397 2239 animrum,
2426 2174 2705 2245 egregium
2736 2176 2954 2231 virtutis
2987 2174 3262 2245 specimen
3297 2174 3456 2229 rebus
3497 2173 3601 2228 tri-

2023 2261 2199 2317 stibus
2216 2273 2381 2332 atque
2415 2265 2661 2320 molestis
2698 2265 2893 2330 edens,
2925 2278 3101 2335 neque
3148 2272 3283 2319 testa
3338 2264 3606 2318 abradens

2024 2353 2172 2408 illata
2204 2370 2300 2424 per
2348 2353 2606 2425 injuriam
2645 2356 2856 2419 ulcera,
2914 2356 3010 2410 sed
3057 2353 3500 2409 adversariorum
3531 2353 3599 2405 ad

2024 2447 2312 2502 stultitiam
2358 2448 2627 2503 trahentia
2664 2451 2823 2504 verba
2855 2447 3181 2504 ostracismo
3219 2446 3488 2501 damnans
3519 2451 3606 2498 at-

2022 2552 2133 2607 que
2168 2538 2438 2608 relegans.
3187 2588 3195 2596 .

2096 2629 2188 2685 87.
2234 2628 2400 2685 Musis
2434 2630 2689 2701 populum
2715 2631 2954 2700 regentis
3005 2645 3252 2687 normam
3299 2636 3607 2687 assectatus

2025 2730 2131 2787 est,
2160 2723 2399 2779 edncens
2426 2723 2598 2792 ipsum
2632 2738 2700 2777 ex
2754 2722 3096 2793 Egyptiacis
3143 2724 3386 2778 tenebris
3429 2722 3610 2776 haere-

2029 2812 2148 2867 tica:
2171 2814 2448 2879 vanitatis,
2466 2812 2763 2869 fetentibus
2784 2815 3019 2871 decretis
3047 2829 3144 2868 ceu
3171 2814 3313 2870 alliis
3341 2815 3610 2884 cepisque.

2027 2902 2130 2957 sibi
2177 2906 2463 2960 credentes
2500 2907 2772 2973 pascentis
2808 2915 2863 2961 et
2905 2906 3075 2961 maris
3104 2904 3275 2961 Rubri
3307 2905 3602 2967 salsedine,

2031 2995 2084 3050 id
2112 3005 2230 3060 est,
2259 2996 2504 3050 doctrina
2539 2998 2876 3068 astringente
2926 3012 2991 3053 ac
3026 2998 3345 3062 subamara,
3384 2998 3611 3051 insuave

2032 3094 2087 3140 et
2113 3086 2392 3157 multiplex
2416 3087 2633 3143 illorum
2664 3103 2801 3144 onus
2821 3090 3215 3160 submergens;
3248 3088 3613 3144 transferens-

2030 3193 2138 3249 que
2171 3179 2236 3232 ad
2268 3189 2468 3233 terram
2521 3189 2835 3235 manantem
2884 3181 3026 3237 lacte
3054 3197 3120 3236 ac
3166 3182 3346 3246 melle,
3378 3178 3611 3236 candida

2033 3269 2293 3324 nimirum
2338 3279 2393 3324 et
2439 3269 2563 3325 sine
2590 3270 2718 3327 dolo
2769 3271 3083 3328 dulcissima
3120 3273 3319 3328 divina:
3349 3271 3613 3327 doctrinm

2032 3362 2325 3417 suavitate.
2358 3363 2591 3420 Aaronis
2624 3367 2933 3421 sacerdmio
2957 3367 3283 3422 venerabilis
3325 3365 3614 3420 barredita-

2035 3464 2145 3509 tem
2180 3454 2410 3524 adeptus
2435 3468 2538 3524 est,
2563 3472 2671 3511 non
2705 3456 2892 3513 Mosen
2926 3460 3221 3528 quemdam
3256 3458 3311 3513 in
3343 3458 3454 3523 bis,
3493 3471 3614 3528 quae

2032 3547 2099 3600 ad
2141 3545 2310 3601 Deum
2349 3558 2498 3613 sunt,
2537 3550 2728 3604 ducem
2763 3550 2994 3617 habens,
3052 3557 3146 3607 sed
3203 3551 3320 3620 ipse
3368 3549 3513 3606 facie
3543 3549 3613 3604 ad

2034 3634 2250 3700 faciem,
2268 3652 2561 3707 coramque
2600 3641 3023 3711 sacris-precum
3050 3643 3393 3699 orationibus
3414 3640 3619 3712 iugiter

2034 3726 2110 3781 illi
2137 3740 2500 3785 consuescens
2520 3747 2541 3797 ς
2564 3746 2742 3800 neque
2761 3734 2933 3787 eidari
2977 3743 3071 3788 aut
3092 3733 3524 3802 superbumcrali
3550 3745 3616 3785 ac

2038 3818 2413 3874 tintinnabulis
2475 3825 2765 3890 quotannis
2827 3825 3194 3894 strepentibus
3226 3826 3386 3894 adyta
3442 3837 3614 3892 pene-

2038 3919 2206 3984 trans,
2246 3912 2714 3982 sed'apostolicam
2744 3916 3072 3971 chordarum
3109 3916 3393 3972 duodecim
3443 3914 3617 3984 lyram

2037 4009 2286 4067 tangens,
2317 4001 2369 4054 in
2402 4001 2601 4058 Sancta
2641 4016 2952 4060 sanctorum
2983 4006 3202 4061 subibat
3241 4005 3511 4070 crebrius,
3549 4015 3627 4061 et:

2036 4089 2342 4147 divinorum
2375 4093 2636 4149 scitorum
2683 4094 2888 4151 claram
2937 4095 3151 4152 eunetis
3209 4096 3476 4149 rationem
3528 4096 3618 4151 di-

2037 4179 2395 4238 stinctissime
2448 4184 2755 4253 promebat.
2808 4183 2935 4241 .lesu
2974 4185 3267 4240 militarem
3321 4183 3631 4241 scientiam.

2039 4269 2390 4341 animumque
2445 4274 2608 4330 nullis
2654 4276 3365 4348 bostium‘aggrcssionibus
3394 4290 3622 4347 supera-

245 4361 253 4369 ’
342 4371 593 4439 πεδήσας
659 4373 794 4442 πρὸς
857 4373 958 4444 τὴν
1018 4373 1127 4426 τῶν
1179 4373 1494 4427 ἀντιπάλων
1555 4371 1807 4442 ἄμυναν,
1873 4373 1925 4424 ἐν

2042 4359 2202 4415 bilem
2233 4365 2591 4433 expressit”,
2614 4383 2719 4422 non
2747 4369 2931 4423 mundi
2971 4368 3262 4427 luminaria
3296 4376 3622 4436 ulciscendis

2041 4454 2293 4512 hostibus
2347 4460 2615 4527 vinciens,
2668 4464 2764 4517 sed
2822 4463 3057 4518 diurnas.
3098 4476 3505 4541 nocturnasque
3550 4474 3619 4529 ad

2042 4557 2209 4611 Deum
2239 4568 2437 4624 preces,
2452 4554 2599 4607 velut
2622 4554 2796 4608 aciem
2839 4552 3163 4622 instruens;
3197 4557 3371 4617 donec
3403 4563 3450 4619 is
3473 4565 3624 4621 veri-

2043 4646 2766 4703 tatisbosles.miseraretur
2791 4645 2907 4701 suis
2946 4646 3190 4712 ipsorum
3218 4650 3434 4709 ablutos
3486 4671 3620 4711 san-

2042 4738 2319 4809 guinibus.
2364 4736 2499 4791 Cum
2556 4734 2788 4791 Pbinees
2840 4739 2909 4793 de
2943 4748 3127 4793 scorto
3163 4741 3348 4796 occiso
3374 4743 3622 4812 praeclari

2046 4829 2260 4882 laudem
2298 4825 2570 4896 praeconii
2623 4825 2786 4880 habet
2828 4828 2872 4859 "
2928 4846 2943 4883 :
2983 4843 3110 4882 nam
3162 4828 3251 4885 bic
3301 4846 3517 4901 quoque
3559 4833 3627 4888 de

2045 4928 2166 4990 post
2186 4919 2463 4973 dominum
2480 4916 2858 4973 esfnrnicatos
2874 4959 2889 4986 ,
2914 4928 2973 4972 ut
3000 4920 3316 4989 prophetica
3336 4920 3446 4975 fert
3472 4937 3625 4976 com-

2046 5009 2378 5081 minatio",
2426 5009 2625 5080 quibus
2671 5012 3028 5066 constitutum
3072 5025 3198 5073 esse
3244 5012 3623 5069 Chaldmorum

2046 5115 2231 5157 semen
2263 5101 2314 5156 in
2367 5101 2662 5171 apostolica
2695 5100 2953 5157 Ecclesiae
2980 5100 3191 5155 novalia
3224 5102 3482 5167 condere,
3536 5120 3627 5157 ra-

2051 5193 2345 5250 tionalibus
2375 5202 2691 5253 sanctorum
2717 5192 2942 5247 Patrum
2975 5192 3235 5258 stimulis,
3263 5208 3359 5249 ceu
3393 5196 3626 5264 pugione

2051 5298 2180 5339 usus
2210 5283 2417 5354 pupigit
2455 5294 2618 5352 atque
2671 5281 2933 5338 confodit.
2987 5282 3204 5340 Davidis
3256 5286 3483 5340 necdum
3525 5301 3622 5361 per

428 5642 541 5713 (3'2)
583 5643 636 5696 Id
667 5654 769 5709 est,
809 5644 1101 5711 Evideulrr,
1136 5644 1332 5713 palam.
1367 5644 1637 5714 interpres
1669 5642 1882 5698 videtur
1924 5641 2101 5711 σοφῶς
2133 5638 2348 5711 legisse.
