3948 6154
235 234 342 315 153

1761 243 1958 322 ι’[ΤΑ.

3403 258 3505 328 154

236 358 824 431 ἀπογεγραμμένωνή
869 357 1165 428 Ἐκκλησία
1201 360 1319 429 μετ’
1352 361 1484 431 ἤχου
1524 363 1826 432 χορεύουσα

1934 367 2202 438 requiem,
2235 365 2291 422 in
2329 370 2434 437 qua
2486 365 2883 436 primitivoru’m
2925 367 2978 422 in
3009 367 3164 424 caelis
3194 369 3499 440 descripto-

237 452 614 524 πανηγυρίζει
653 449 852 522 ἑορτὴν
887 449 987 521 τὴν
1017 450 1368 521 μακραίωνα,
1412 453 1529 522 μεθ’
1558 447 1633 506 ὧν
1665 473 1826 525 χορο-

239 534 479 608 στατῶν,
511 542 622 616 καὶ,
646 541 711 594 τὸ
746 541 847 610 τῆς
877 538 1195 607 άγιαστείας
1221 539 1654 611 άγγελοπρεπῶς
1693 545 1828 595 ὑπο-

238 634 569 705 κρινόμενος
599 629 780 700 ᾶγιον,
823 630 921 696 τῆς
953 630 1076 698 ἴσης
1118 629 1301 690 αὐτοῖς
1344 629 1452 682 τῶν
1483 631 1828 700 ἐπαγγελιῶν

239 724 622 796 κληρουργίας
673 723 1024 792 εὐμοίρησεν.
1069 721 1274 791 Ἐνάτῳ
1299 720 1356 774 δέ
1387 718 1480 775 οὖν
1512 723 1632 786 ἐνὸς
1661 723 1830 794 μηνὸς

238 819 416 872 δέοντι
444 817 628 886 χρόνῳ
655 816 751 886 τῆς
783 817 936 883 ίερᾶς
965 813 1133 866 αὑτοῦ
1162 813 1258 866 καὶ
1285 814 1531 884 ἀλήπτου
1557 831 1830 886 πατριαρ-

243 909 386 978 χίας,
432 911 537 977 τὴν
585 907 824 974 ὑστάτην
863 904 1109 958 ὑπελθὼν
1151 905 1486 975 ἀρρωστίαν,
1529 907 1828 960 ἐπιστάντα

241 1004 333 1054 τὸν
372 1004 499 1072 ὅρον
530 1001 626 1053 τοῦ
654 999 840 1062 τέλους
881 999 1134 1070 οὐδαμῶς
1164 998 1457 1070 ἠγνόησεν,
1490 998 1603 1051 ἀλλ’
1631 1000 1690 1052 ὃν
1716 999 1829 1052 ἐδε-

245 1094 350 1144 δίει
399 1091 590 1156 παλαι,
620 1091 709 1144 διὰ
746 1091 807 1142 τὸ
834 1090 1064 1161 φοϐερὸν
1093 1091 1190 1160 τῆς
1214 1090 1529 1158 ἀπροόπτου
1557 1091 1652 1144 καὶ
1684 1091 1831 1144 ὠκυ-

244 1185 413 1253 τάτης
439 1183 728 1245 ἐλεύσεως,
758 1184 882 1236 τότε
905 1183 1223 1254 περιχαρῶς
1251 1183 1632 1252 προσεδέχετο,
1667 1183 1828 1253 χάριν

245 1273 404 1336 εἰδὼς
437 1273 518 1343 τῷ
543 1274 770 1344 δήσαντι
818 1275 911 1327 καὶ
958 1275 1281 1344 ἀπαλλαγὴν
1327 1275 1434 1327 τῶν
1467 1276 1712 1345 ἀνιαρῶν
1741 1275 1830 1328 διὰ

243 1364 453 1427 λύσεως
488 1365 903 1434 προξενήσαντι,
930 1365 1023 1418 καὶ
1055 1361 1212 1428 αὖθις
1248 1366 1585 1435 συνδήσοντι,
1616 1365 1828 1436 κρίμα-

244 1475 328 1509 σιν
391 1453 476 1519 οἷς
534 1457 876 1519 ἐδικαίωσεν,
925 1456 1281 1528 ὑψηλότερον.
1361 1457 1448 1510 Ἐν
1508 1456 1641 1525 γοῦν
1707 1460 1830 1521 ταῖς

243 1550 548 1618 ρωστικαῖς
580 1548 676 1602 καὶ
706 1549 924 1613 άνόσοις
954 1549 1196 1611 ἐκείναις
1242 1549 1342 1616 τῆς
1370 1548 1536 1602 αὑτοῦ
1565 1550 1826 1604 κατακλί-

241 1657 385 1703 σεως
419 1642 683 1712 ἡμέραις,
714 1641 813 1693 οὐκ
846 1640 1079 1694 ἐνεδίδου
1121 1640 1300 1694 πάντα
1332 1641 1534 1711 τρόπον
1567 1642 1828 1696 διδασκαέ

1934 476 2049 513 rmn
2081 459 2321 514 Ecclesia
2349 455 2398 490 "
2417 474 2537 514 cum
2563 474 2697 515 sono
2721 458 2917 514 choros
2939 460 3109 526 ducit,
3139 461 3335 517 festum
3359 465 3502 519 diem

1931 551 2161 606 feliciter
2187 551 2435 620 agitans;
2469 565 2590 604 cum
2618 549 2812 618 quibus
2835 550 3039 619 pariter
3061 560 3116 605 et
3141 554 3253 621 ipse
3284 557 3504 622 praesul-

1930 651 2050 696 tans
2077 651 2238 709 atque
2265 641 2570 696 sanctitatis
2588 641 2966 696 castimoniam
2999 643 3239 712 angelica
3266 646 3502 713 puritate

1932 745 2370 802 repmseutans,
2423 747 2609 801 parem
2667 733 2771 787 illis
2833 736 3003 787 beatze
3070 737 3503 802 repromissionis

1931 825 2300 879 haereditatem
2341 833 2666 878 consecutus
2694 833 2798 878 est.
2831 825 2989 877 Auno
3028 825 3210 894 itaque
3243 841 3384 878 nouo
3416 827 3501 896 (ι),

1930 929 2040 968 uno
2086 914 2264 968 minus
2315 927 2518 976 mense,
2551 927 2614 965 ex
2647 926 2752 978 quo
2781 921 2970 966 sancte
3015 923 3176 978 atque
3232 913 3504 980 inculpate

1933 1015 2180 1061 tetulerat
2219 1007 2618 1074 patriai-Chattis
2661 1006 2897 1062 clavum.
2932 1005 2984 1056 in
3026 1016 3336 1071 supremam
3371 1006 3503 1081 inci:

1931 1100 2064 1152 dens
2102 1097 2502 1166 aegritudinem,
2537 1110 2878 1164 nequaquam
2912 1095 3182 1162 ignoravit
3210 1097 3388 1150 exitus
3418 1097 3500 1150 sui

1933 1192 2093 1245 flnem
2131 1209 2144 1244 :
2179 1190 2272 1245 sed
2303 1204 2462 1258 quem
2500 1187 2828 1241 formidabat
2856 1188 2981 1241 olim
3018 1189 3225 1241 ratione
3255 1190 3502 1253 terroris,

1935 1282 2232 1352 improviso
2264 1295 2329 1334 ac
2357 1280 2520 1334 celeri
2560 1281 2728 1349 ipsius
2760 1281 3016 1344 adventu,
3060 1280 3378 1346 incutiendi,
3419 1281 3504 1334 iu-

1931 1373 2078 1442 geuti
2121 1379 2252 1425 tunc
2293 1372 2494 1440 gaudio
2542 1371 2914 1438 exspectabat,
2969 1372 3172 1439 gratias
3207 1371 3280 1424 illi
3309 1388 3498 1440 agens,

1931 1466 2021 1534 qui
2063 1465 2208 1534 quod
2243 1464 2499 1518 vinxerat
2541 1465 2864 1519 resolvendo
2917 1463 3296 1518 liberationem
3341 1464 3440 1532 ipsi
3472 1481 3502 1516 a

1933 1555 2090 1608 malis
2135 1553 2381 1620 afferret;
2426 1554 2707 1622 solutaque
2739 1553 2935 1608 iterum
2987 1553 3328 1607 revincturus
3359 1564 3505 1608 esset

1931 1645 2182 1700 nobiliori
2232 1645 2468 1714 quadam
2505 1645 2740 1698 ratione.
2775 1643 2974 1699 Diebus
3017 1660 3150 1713 ergo
3183 1645 3268 1704 iis.
3307 1645 3504 1712 quibus

240 1731 363 1794 λίας
411 1732 530 1794 τοῖς
583 1730 900 1802 προσιοῦσιν
931 1732 1183 1792 ἐπινοῶν.
1234 1731 1541 1802 ἀπέχεσθαι
1599 1733 1699 1802 μὲν
1725 1735 1823 1804 τῆς

1932 1737 2069 1791 lecto
2111 1736 2444 1790 decumbens
2480 1735 2748 1802 tantisper
2781 1734 2956 1789 levata
3000 1735 3323 1804 mgritudiue
3356 1735 3507 1788 leva-

240 1823 534 1891 αἰρετικῆς
558 1821 896 1891 ἁναχύσεως,
925 1823 1282 1893 προφητικῶς
1307 1823 1370 1892 ξη
1381 1822 1673 1894 ραινούσης
1693 1823 1826 1878 ὀστᾶ

237 1913 420 1983 ψυχῆς
471 1913 570 1967 καὶ
621 1913 920 1982 ὀλλυούσης
976 1913 1170 1968 ἐλπίδα
1224 1915 1334 1968 τῶν
1372 1915 1827 1985 προστετηκότων

239 2006 420 2074 αὐτῇ’
483 2003 809 2074 ἀντέχεσθαι
863 2005 920 2058 δὲ
977 2006 1076 2075 τῆς
1129 2005 1299 2074 μόνης
1326 2005 1676 2069 διδασκαλίας
1731 2007 1828 2060 καὶ⁵

240 2099 506 2162 πίστεως,
541 2097 642 2166 τῆς
693 2095 798 2151 ὑπὸ
828 2095 935 2150 τῶν
968 2095 1110 2148 ἑπτά
1151 2095 1468 2166 σεϐασμίων
1515 2097 1612 2150 καὶ
1649 2098 1828 2150 οίκου-

245 2188 484 2258 μενικῶν
515 2188 749 2241 συνόδων
791 2187 1166 2257 τρανωθείσης
1198 2189 1292 2241 καὶ
1331 2187 1702 2258 κυρωθείσης,
1755 2187 1824 2258 ἢν

243 2282 335 2335 καὶ
357 2282 392 2351 η
414 2280 650 2333 καθόλου
690 2279 988 2348 Ἐκκλησία
1009 2278 1344 2342 σεϐαστικῶς
1367 2274 1822 2350 περιπτύσσεται,

241 2374 336 2424 καὶ
361 2373 549 2424 πᾶσαν
594 2372 789 2425 ἐλπίδα
826 2371 934 2424 τῶν
976 2370 1184 2424 πιστῶν
1238 2370 1374 2438 πρὸς
1435 2371 1569 2423 Θεὸν
1599 2372 1826 2442 διαπορο

242 2461 463 2532 θμεύει,
522 2463 619 2516 καὶ
663 2461 759 2514 τοῦ
801 2461 995 2530 ἐφετοῦ
1032 2461 1178 2513 ποιεῖ
1227 2461 1710 2532 περιδράττεσθαι.
1763 2462 1824 2514 Ἡ

240 2553 347 2624 γὰρ
374 2555 612 2624 εὐσεϐὴς
639 2553 748 2606 τῶν
778 2551 1038 2621 Πατέρων
1072 2552 1281 2615 πίστις,
1315 2552 1392 2615 ὡς
1425 2552 1539 2606 ίστε
1558 2592 1572 2617 ,
1607 2570 1825 2607 κενοτο·

244 2648 398 2715 μίαις
436 2646 694 2716 οὐδαμῶς
731 2643 1104 2715 ἀμϐλύνεσθαι
1131 2645 1522 2714 καταδέχεται,
1557 2645 1828 2716 κρατύνεέ

240 2739 364 2792 σθαι
385 2740 447 2793 δὲ
479 2738 685 2808 μᾶλλον
710 2736 1062 2808 ὀρθοτομίαις
1089 2736 1281 2789 εἴωθεν
1301 2737 1712 2800 ἀποστολικαῖς.

1926 1828 2107 1890 batur,
2137 1835 2192 1880 et
2227 1825 2538 1880 remissibre
2569 1824 2758 1878 morbo
2791 1827 3068 1887 utebatur,
3101 1839 3208 1878 non
3248 1829 3502 1878 cessabat

1925 1931 2142 1973 omnem
2165 1917 2429 1972 doctrinas
2451 1916 2666 1971 modum
2691 1917 2757 1970 ad
2779 1930 2838 1970 se
2862 1916 3186 1970 adeuntibus
3209 1916 3502 1976 inculcare.-

1926 2023 2277 2064 commonens
2303 2016 2361 2062 ut
2384 2009 2452 2063 ab
2485 2008 2738 2062 haeretica
2781 2007 3138 2061 dissolutione
3179 2021 3299 2061 sese
3331 2007 3502 2060 absti-

1929 2109 2142 2164 nerent,
2180 2108 2240 2153 ut
2268 2113 2389 2169 qua:
2417 2099 2583 2152 animi
2615 2099 2852 2153 exsiccet
2875 2113 2999 2151 ossa
3021 2106 3074 2152 et
3108 2097 3501 2152 adlnerentium

1933 2189 2036 2244 sibi
2070 2204 2195 2258 spes
2223 2190 2522 2246 secundum
2548 2190 2864 2259 prophetam
2893 2188 3073 2256 perire
3097 2187 3260 2241 faciat
3287 2205 3301 2241 :
3331 2186 3502 2241 solam

1932 2289 2112 2333 autem
2143 2280 2447 2334 doctrinam
2487 2296 2551 2335 ac
2584 2281 2744 2335 finem
2778 2289 3048 2344 tenerent,
3090 2295 3250 2348 quam
3282 2293 3508 2333 veneras

1930 2369 2119 2425 bilium
2148 2379 2203 2424 et
2229 2371 2688 2426 necumenicarum
2723 2381 2930 2439 septem
2966 2373 3296 2442 synodornm
3323 2372 3504 2424 studio

1931 2461 2257 2518 declaratam
2292 2459 2621 2531 Petrumque
2654 2461 2913 2532 suffragio
2945 2463 3347 2526 confirmatam,
3385 2461 3507 2513 uni-

1931 2553 2161 2608 versalis
2191 2553 2433 2608 Ecclesia
2471 2554 2663 2608 devote
2711 2553 3081 2623 amplectitur,
3111 2569 3230 2623 qum
3262 2553 3502 2606 fidelium

1929 2660 2080 2715 spem
2121 2659 2336 2700 onmem
2366 2645 2419 2699 in
2461 2643 2628 2700 Deum
2656 2643 3008 2709 transferens,
3042 2644 3176 2700 facit
3198 2655 3253 2698 ut
3283 2643 3505 2700 deside-

1933 2747 2049 2792 rata
2101 2747 2506 2806 consequantur
2539 2753 2553 2790 :
2586 2735 2679 2790 Pia
2737 2739 2905 2800 enim,
2953 2737 3155 2800 aiebat,
3201 2745 3259 2788 ut
3313 2733 3504 2795 nostis,

237 2829 467 2885 Patrum
520 2831 677 2892 ﬁdes,
713 2831 870 2884 Vanis
915 2829 1355 2886 adversariorum
1411 2830 1699 2884 canalibus
1730 2831 2010 2886 obscurari
2067 2843 2173 2886 non
2223 2839 2442 2901 potest;
2485 2831 2580 2884 sed
2653 2831 2816 2886 rectis
2868 2830 3179 2900 apostolicis
3238 2826 3506 2884 sensibus.

239 2935 403 2994 atque
460 2922 712 2977 doctrina
765 2921 880 2990 ipsa
937 2937 1035 2989 per
1078 2937 1138 2976 se
1193 2922 1445 2974 firmatur
1505 2923 1920 2990 roboraturque.

306 3014 378 3081 ις.
417 3013 582 3067 υῦτω
607 3011 802 3079 ταῦτα,
831 3011 926 3065 καὶ
959 3009 1142 3080 πολλῷ
1168 3009 1342 3063 πλείω
1372 3010 1604 3076 τούτων,
1645 3011 1711 3064 ἐκ
1732 3011 1828 3064 τοῦ

2000 3003 2096 3066 90.
2135 3009 2261 3066 Haec
2292 3019 2345 3064 et
2375 3009 2461 3065 his
2489 3008 2642 3078 plura
2669 3023 2733 3062 ex
2764 3008 3023 3078 opulento
3066 3009 3260 3063 divinae
3287 3025 3396 3064 sum
3422 3024 3509 3064 sa-

243 3104 525 3175 θησαυροῦ
562 3105 663 3173 τῆς
711 3102 907 3156 ἑαυτοῦ
957 3101 1288 3155 θεοπλούτου
1337 3101 1535 3171 σοφίας
1583 3101 1826 3173 βιωφελῆ

243 3193 730 3265 ἐπιφθεγξάμενος
779 3193 960 3260 λόγια,
992 3193 1088 3246 καὶ
1149 3192 1412 3264 στηρίξας
1459 3193 1535 3256 ὡς
1574 3193 1635 3258 ἐξ
1661 3192 1829 3264 ἄρτου

246 3285 630 3356 πνευματικοῦ
676 3284 778 3346 τὰς
815 3283 925 3336 τῶν
975 3283 1186 3338 πιστῶν
1237 3284 1545 3338 ἐπαϊόντων
1577 3285 1827 3354 καρδίας,

247 3382 336 3432 καὶ
365 3379 448 3442 τὸ,
511 3374 826 3446 Εὐλογητὸς
854 3378 882 3428 ὁ
928 3375 1062 3438 Θεὸς
1107 3375 1165 3439 ὸς
1194 3376 1297 3429 οὐκ
1341 3375 1544 3429 ἔδωκεν
1571 3373 1720 3445 ἡμᾶς
1751 3377 1829 3438 εἰς

248 3472 416 3542 θήραν
446 3471 564 3532 τοίς
595 3466 808 3521 ὀδοῦσιν
831 3465 1034 3530 αὑτῶν,
1063 3467 1202 3520 ἀλλὰ
1224 3467 1530 3537 ῥυσάμενος
1559 3467 1705 3536 ἡμᾶς
1729 3465 1831 3534 τὴν

249 3563 452 3630 παγίδα
492 3559 840 3628 συνέτριψεν,
874 3559 954 3621 είς
981 3559 1220 3627 ἐπήκοον
1247 3557 1356 3610 τῶν
1393 3557 1831 3628 συνειλεγμένων

249 3656 438 3720 εἰπὼν,
487 3656 682 3724 χερσὶν
725 3654 1026 3722 ἀνεπάφοις
1061 3651 1199 3704 Θεοῦ
1233 3652 1332 3721 τὴν
1362 3652 1514 3704 ὁσίαν
1551 3653 1648 3704 καὶ
1680 3651 1832 3720 ἱερὰν

248 3748 425 3818 ψυχὴν
464 3744 792 3798 ἐναπέθετο.
851 3745 1070 3797 ὐποῖον
1100 3744 1259 3806 ἀνίας
1285 3744 1380 3796 καὶ
1405 3742 1708 3812 κατηφείας
1736 3741 1832 3794 άλ-

247 3857 401 3910 γημα
457 3837 728 3901 λελοιπὼς
767 3840 881 3900 τοῖς
923 3836 1232 3906 θεόφροσιν,
1269 3835 1448 3898 οὐδεὶς
1477 3835 1831 3904 παραστῆσαι

247 3929 400 3997 λόγος
427 3928 759 3997 δυνήσεται·
801 3927 934 3994 ὅσην
961 3925 1016 3978 δὲ
1058 3923 1332 3994 θυμηδίας
1359 3929 1456 3978 καὶ
1510 3923 1830 3994 παρρησίας

248 4020 506 4092 ἀφορμὴν
545 4018 796 4080 δεδωκὼς
824 4019 940 4080 τοῖς
973 3999 1332 4086 κακόφροσιν,
1381 4018 1448 4068 ἐκ
1471 4015 1580 4069 τῶν
1611 4015 1830 4085 ὁρωμέ-

248 4128 349 4164 νων
374 4110 614 4172 εὐπετές
675 4109 926 4163 συνιδεῖν.
954 4109 1084 4161 ’Λτε
1111 4107 1222 4178 γὰρ
1251 4107 1390 4169 θῶες
1420 4107 1513 4159 καὶ
1544 4105 1829 4177 κερδάλαι,

249 4206 338 4258 καὶ
363 4205 420 4256 εί
449 4221 506 4257 τι
541 4203 682 4268 ζῶον
709 4204 804 4256 ἐπὶ
825 4202 1000 4273 δειλία
1027 4203 1416 4273 περίϐλεπτον,
1449 4201 1519 4255 τὰ
1550 4201 1660 4255 τῶν
1682 4201 1833 4256 λεόνο

248 4308 351 4346 των
383 4295 486 4363 οὐχ
527 4293 852 4361 ὑφίστανται
882 4293 1252 4364 προσϐλέπειν
1290 4295 1662 4364 σκιρτήματα,
1697 4294 1834 4362 ἀγα-

1930 3102 2147 3171 pientiaa
2182 3103 2435 3156 thesauro
2467 3101 2792 3169 depromeus
2827 3115 3078 3157 sermone
3102 3102 3350 3168 salutari,
3383 3116 3506 3156 cum

1930 3193 2188 3263 apiritalis
2241 3192 2640 3261 quodammodo
2689 3191 2849 3262 panis
2899 3207 3113 3260 annqra
3169 3193 3507 3247 audientium

1931 3287 2140 3343 animos
2189 3286 2567 3356 confirmasset
2606 3285 2661 3338 in
2714 3286 2842 3349 llde,
2901 3282 3114 3348 eorum,
3155 3285 3244 3352 qui
3293 3285 3506 3339 collecti

1931 3385 2109 3440 erant,
2162 3375 2492 3430 obaudiente
2541 3385 2688 3430 ctetu
2732 3376 2824 3430 illa
2869 3375 3241 3444 pronuntiavit
3292 3377 3505 3430 verba:

1929 3464 2258 3520 Benedictus
2304 3464 2470 3532 Deus,
2503 3465 2592 3534 qui
2636 3480 2743 3520 non
2781 3466 2931 3521 dedit
2979 3481 3079 3519 nos
3109 3465 3162 3518 in
3204 3467 3507 3535 captionem

1931 3554 2186 3610 dentibus
2216 3569 2428 3620 eorum,
2467 3555 2560 3609 sed
2597 3555 2844 3610 liberatis
2873 3557 3049 3620 nobis,
3085 3556 3334 3625 laqueum
3375 3571 3508 3610 con.

1935 3648 2100 3700 trivit.
2145 3647 2330 3715 Itaque
2379 3646 2430 3700 in
2466 3645 2559 3700 Dei
2603 3645 2854 3700 manibus
2904 3657 3150 3700 sanctam
3199 3661 3262 3700 ac
3294 3660 3506 3700 sacram

1932 3739 2170 3793 animam
2205 3753 2357 3792 suam
2403 3738 2673 3805 deposuit.
2719 3736 2890 3803 Quem
2936 3737 2982 3792 is
3011 3749 3239 3791 excessu
3287 3737 3380 3790 illo
3409 3751 3509 3790 suo

1935 3831 2192 3886 maeroris
2221 3844 2285 3884 ac
2317 3829 2552 3884 tristitiae
2575 3843 2794 3882 sensum
2815 3827 2994 3882 divina
3023 3827 3359 3894 sapientibus
3384 3826 3510 3879 reli-

1930 3923 2130 3994 querit,
2197 3934 2389 3987 nemo,
2440 3927 2866 3988 quantacunque
2908 3919 2957 3970 vi
3021 3919 3236 3970 dicendi
3288 3917 3506 3984 poileat,

1931 4021 2324 4084 reprasentare
2343 4012 2514 4080 possit
2543 4027 2557 4063 :
2587 4018 2844 4078 quantam
2869 4023 3000 4062 vero
3029 4008 3230 4060 lzetitia:
3257 4021 3320 4060 ac
3349 4017 3510 4074 petu.

1932 4106 2110 4160 lautia:
2161 4103 2505 4159 occasionem
2533 4100 2602 4154 ab
2626 4100 2744 4169 ejus
2775 4110 2950 4154 morte
3000 4098 3313 4166 acceperint
3365 4099 3509 4150 male

1932 4198 2261 4259 sentientes,
2290 4207 2358 4248 ex
2389 4192 2458 4247 iis
2483 4206 2603 4262 quae
2629 4191 2747 4245 visu
2779 4191 2895 4258 ipso
2923 4191 3055 4244 satis
3088 4202 3358 4258 superque
3383 4195 3511 4240 sunt

1931 4289 2230 4359 explorata,
2277 4284 2442 4340 facile
2473 4283 2843 4351 unusquisque
2887 4281 3245 4349 perspexerit.
3296 4279 3510 4332 Etenim

250 4385 389 4438 πῶσι
422 4386 483 4439 δὲ
532 4385 658 4437 λίαν
709 4385 845 4454 μηδέ
888 4386 988 4454 τῆς
1035 4385 1321 4456 πόρρωθεν
1367 4385 1545 4439 αὐτῶν
1591 4385 1827 4458 ἐρευγῆς

1938 4392 1998 4436 ιιι
2017 4379 2251 4436 cervarii
2281 4377 2392 4447 lupi
2424 4376 2738 4444 vulpesque,
2769 4389 2834 4429 ac
2863 4374 2909 4427 si
2942 4389 3044 4441 qua
3084 4381 3208 4426 sunt
3236 4371 3340 4424 alia
3365 4371 3510 4439 ejus-

250 4477 606 4531 ἐπαισθέσθαι
660 4477 722 4529 τὸ
775 4477 1018 4540 σύνολον,
1081 4478 1285 4548 ἣκιστα
1337 4478 1698 4548 συντελούσης
1751 4480 1832 4542 είς

251 4569 447 4638 θάρσος
504 4570 602 4620 καὶ
645 4569 1034 4638 γενναιότητα·
1096 4569 1273 4632 οὓτως
1312 4571 1362 4622 oi
1420 4571 1520 4639 τῆς
1566 4570 1832 4640 αἱρέσεως

251 4661 496 4726 πτῶκες,
547 4661 611 4714 τὸ
641 4661 906 4716 λεόντειον
947 4661 1041 4716 καὶ
1085 4661 1342 4724 πεποιθὸς
1373 4662 1470 4732 τῆς
1511 4661 1605 4716 τοῦ
1673 4662 1831 4728 ἁγίου

252 4751 494 4821 γλώττης
518 4752 601 4805 ἔτι
632 4752 935 4823 περιούσης
956 4752 1292 4825 αἰδούμενοι,
1325 4755 1421 4806 καὶ
1446 4752 1554 4807 τῶν
1581 4753 1676 4822 τῆς
1701 4770 1834 4823 καρο

253 4840 365 4904 δίας
391 4841 560 4894 αὐτοῦ
589 4841 753 4895 θείων
780 4843 1144 4912 ἐρευγμάτων
1181 4842 1511 4912 πτοούμενοι
1541 4841 1604 4894 τὸ
1639 4839 1832 4910 βλοσυ-

257 4932 344 5000 ρὸν
392 4933 490 4988 καὶ
542 4932 824 5002 θαύματος
883 4933 1056 4998 ἄξιον,
1089 4932 1297 5002 ὑποψία
1341 4948 1401 4985 τε
1438 4932 1602 5002 πολλῇ
1646 4930 1830 4995 πιεζό-

259 5040 426 5091 μενοι,
447 5019 523 5077 ὦν
543 5042 603 5078 τε
625 5027 709 5087 είς
735 5025 900 5078 αὐτὸν
927 5024 1186 5094 ἔδρασαν,
1225 5018 1301 5076 ὧν
1327 5038 1385 5074 τε
1415 5022 1552 5092 πρὸς
1581 5023 1678 5090 τῆς
1699 5021 1830 5090 ἁλη-

253 5111 404 5176 θείας
428 5115 598 5184 αὐτῆς
623 5114 1078 5185 άπηλέγχθησαν,
1126 5112 1250 5166 οὐδὲ
1283 5115 1599 5184 προϐαίνειν
1633 5111 1830 5183 ῥαδίως

255 5198 393 5274 εῐχον
440 5207 503 5258 ἐκ
533 5205 646 5258 τῶν
689 5206 791 5274 τῆς
819 5204 1022 5268 κακίας
1071 5203 1286 5258 ἐαυτῶν
1314 5203 1686 5258 καταδύσεων.
1741 5204 1831 5268 Ἐξ

253 5289 314 5348 οὗ
351 5295 405 5348 δὲ
424 5297 484 5350 τὸ
508 5297 657 5351 θεῖον
687 5299 870 5351 ἐκεῖνο
912 5297 1114 5367 σκῆνος
1146 5296 1284 5367 πρὸς
1321 5297 1420 5364 τὴν
1447 5296 1713 5366 ἀμείνονα
1743 5296 1830 5348 διὰ

257 5449 302 5480 ί⁵
400 5449 558 5507 Hebr.
601 5470 696 5515 xtl,
737 5452 831 5506 25.

332 5585 390 5650 lt)
411 5587 546 5640 Sunt
573 5587 707 5642 anni
751 5595 878 5640 ante
906 5585 1156 5641 exsilium
1177 5583 1573 5639 administrate
1604 5584 1653 5636 in
1685 5583 1832 5637 Cun-

261 5657 744 5727 stantinopolitana
818 5656 948 5712 sede
1051 5655 1334 5724 dignitatis
1406 5655 1821 5724 patriarchalis,

1938 4471 2081 4526 modi
2113 4469 2370 4525 animalia
2421 4467 2729 4521 timiditatis
2774 4464 3016 4536 majoris,
3051 4464 3095 4516 si
3123 4465 3285 4533 jubas
3325 4462 3510 4516 leones

1937 4564 2186 4633 quatiant
2213 4561 2505 4630 lustrisque
2531 4557 2805 4620 exsiliant,
2839 4572 2906 4610 ne
2925 4555 3100 4610 oculis
3120 4556 3337 4624 quidem
3364 4552 3509 4608 ferre

1934 4657 2238 4718 sustinent;
2277 4651 2370 4707 sed
2415 4651 2785 4721 gratissimum
2838 4647 3068 4710 habent,
3118 4647 3162 4700 si
3213 4660 3280 4699 ne
3324 4642 3508 4713 procul

1937 4747 2154 4815 quidem
2187 4745 2306 4798 illos
2328 4743 2548 4797 audiant
2578 4740 2872 4810 rugientes,
2892 4753 3200 4808 quanquam
3227 4737 3358 4790 nihil
3384 4736 3513 4790 inde

1939 4837 2179 4892 audaciae
2218 4837 2286 4890 iis
2315 4848 2380 4888 ac
2405 4832 2791 4904 generositatis
2844 4832 3066 4884 accedat
3101 4847 3114 4882 :
3151 4829 3231 4883 sic
3265 4827 3510 4881 haeretici

1939 4932 2179 5001 lepores,
2230 4943 2353 4983 cum
2385 4926 2657 4982 leoninam
2691 4925 2793 4978 viri
2843 4923 3242 4984 fortitudinem,
3281 4921 3509 4988 ejusque

1939 5021 2114 5074 adhuc
2165 5016 2475 5086 superstitis
2515 5016 2571 5070 in
2615 5014 2867 5083 loquendi
2917 5012 3172 5066 fiduciam
3231 5007 3507 5062 formidini

1940 5110 2219 5172 haberent,
2254 5115 2308 5163 et
2331 5107 2635 5162 divinarum
2679 5107 2849 5173 ipsius
2882 5103 3046 5157 animi
3100 5099 3506 5155 eructatiouum

1937 5201 2203 5273 gravitate
2232 5215 2295 5255 ac
2329 5199 2377 5253 vi
2417 5199 2680 5268 stupenda
2729 5195 3188 5266 percellereutur,
3230 5191 3506 5260 multaque

1937 5312 2032 5352 cos
2077 5293 2314 5363 suspicio
2384 5300 2628 5360 angeret,
2684 5304 2805 5343 cum
2852 5301 3040 5340 eorum
3098 5284 3334 5347 nomine,
3389 5299 3509 5352 quas

1942 5583 2007 5634 ah
2049 5583 2114 5634 12
2153 5583 2239 5636 die
2281 5583 2484 5648 Aprilis
2536 5582 2660 5633 anui
2692 5578 2817 5643 806,
2849 5593 2953 5646 quo
3004 5588 3357 5632 consecratus
3395 5587 3499 5640 est,

1932 5669 2102 5721 usque
2133 5653 2197 5706 ad
2229 5654 2288 5707 l5
2323 5651 2522 5717 Martii,
2555 5667 2660 5719 quo
2688 5653 2737 5703 in
2766 5649 3014 5705 cxsdium
3045 5660 3125 5704 e-t
3155 5651 3494 5714 deportatus.
