3980 6140
448 216 553 289 :55
1436 220 1496 287 s.
1536 216 1954 288 NICEPHORI
1994 206 2501 285 PATRIARCHAZ
2539 208 2652 281 cp;
3286 256 3297 271 .
3606 206 3717 273 156

442 334 633 407 grandi
658 333 867 390 scelere
897 334 953 389 in
986 348 1110 389 eum
1146 342 1546 405 perpetrarant,
1596 343 1708 389 tum
1739 335 1884 408 quod
1912 326 2010 388 sati

2147 331 2293 400 αφῆς
2319 327 2667 383 καταλέλυκε·
2689 322 2991 395 σκήνωσιν,
3021 321 3120 377 καὶ
3161 323 3288 391 σιγῇ
3322 319 3393 374 τά
3420 318 3526 388 τῆς
3557 318 3717 390 ἱερᾶς

444 421 567 489 pius
598 419 713 488 ipsa
746 419 961 476 vindice
985 420 1237 489 veritate,
1274 421 1547 476 rationum
1572 421 1690 489 ejus
1716 423 1769 476 vi
1797 421 2014 475 fuerant

2140 421 2327 490 κείνης
2370 416 2620 486 γλώττης
2662 412 2936 477 διεδέξατο
2981 411 3163 479 λόγια,
3194 411 3273 473 ὡς
3315 409 3410 462 ὲπί
3440 424 3495 461 τι
3522 408 3710 477 χαρᾶς

446 508 740 573 conlutati;
772 523 838 561 ne
866 509 969 563 boc
993 509 1208 577 quidem
1244 507 1350 562 sibi
1384 506 1543 562 facile
1573 507 1923 576 indulgebant
1956 515 2014 560 ut

2149 511 2420 582 νέδραμον
2455 506 2878 576 σκοπευτήριον,
2911 504 3008 557 καὶ
3048 504 3235 556 πᾶσαν
3269 500 3576 570 ὑπόκρισιν
3622 497 3718 550 διὰ

442 613 508 652 ex
544 600 797 669 nequitiae
828 616 941 655 sua:
986 600 1208 655 latebris
1255 600 1553 668 prodirent.
1591 600 1668 654 Ex
1695 614 1802 669 quo
1833 610 2013 654 autem

2140 600 2390 670 Γοφώδους
2428 596 2630 668 ἀχλύος
2675 594 3081 664 ἀπονιψάμενοι
3101 632 3119 657 ,
3148 593 3335 661 γυμνῇ
3365 594 3437 662 τῇ
3466 588 3712 659 κεφαλῇ,

445 688 690 742 divinum
725 688 857 742 illud
903 689 1311 743 tabernaculum
1348 690 1556 744 tumulo
1588 690 1865 745 comlitum
1909 700 2015 753 est,

2222 693 2288 764 δὴ
2317 692 2634 759 λεγόμενον,
2673 688 2745 742 τά
2781 688 2883 757 τῆς
2926 684 3218 757 τερθρείας
3271 683 3455 736 αὑτῶν
3500 672 3748 737 ἀνωιαέ

442 781 509 833 ad
548 781 791 835 melioris
829 782 993 843 sortis
1034 783 1217 836 sedem
1276 782 1457 835 anima
1514 782 1928 851 commigrante,
1963 792 2014 836 et

2143 785 2382 837 tumcum
2434 782 2831 854 ῥαψῳδήματα,
2873 778 3021 848 άπερ
3045 778 3167 838 ταῖς
3197 773 3548 843 πολυφιὶηοις
3577 771 3715 840 τηλο

440 871 717 926 silentium
739 888 907 926 sacra:
930 872 1077 926 illius
1107 871 1303 941 lingua:
1325 872 1537 940 eloquia
1565 873 1745 926 divina
1772 882 2012 936 tenuere,

2148 876 2351 942 ιυγίαις
2378 875 2488 927 τῶν
2541 874 2717 942 λόγων
2745 870 2845 939 (εὖ
2868 866 3018 940 οἶδα)
3044 866 3141 922 τοῦ
3170 868 3386 937 Πατρὶς
3413 866 3720 933 σκεδασθῆ-

442 977 721 1018 emersere
766 964 1115 1020 tenebriones
1153 964 1226 1018 illi
1256 963 1401 1018 velut
1424 963 1493 1018 ad
1528 964 1705 1019 laetum
1745 965 2014 1032 quoddam

2145 985 2297 1031 τεται,
2328 967 2422 1020 καὶ
2466 968 2547 1029 εἰς
2597 963 2967 1035 ἀνυπαρξίανν
2993 963 3241 1033 χωρήσει
3279 962 3382 1013 καὶ
3439 962 3717 1031 περιστή-

442 1054 807 1121 spectaculum
839 1073 853 1109 :
890 1065 944 1110 et
983 1055 1246 1125 quidquid
1282 1054 1649 1111 simulationis
1696 1063 1836 1120 erat,
1884 1054 2020 1109 cali-
2126 1075 2301 1111 σεται.

442 1149 628 1216 ginosa
669 1148 1013 1218 detergenles
1042 1150 1307 1212 caecitate,
1342 1151 1506 1216 nudo,
1533 1158 1591 1203 ut
1617 1148 1791 1214 aiunt,
1832 1149 2011 1216 capite
2049 1151 2447 1221 pmsligiamm
2518 1160 2741 1205 tuarum
2790 1164 2962 1218 nugas
3023 1146 3356 1218 producunt,
3406 1141 3551 1212 quas
3583 1139 3721 1195 nihil

444 1245 631 1300 dubito
654 1245 1005 1300 lucidissimis
1037 1246 1364 1313 scriptorum
1392 1245 1536 1300 beati
1570 1245 1671 1298 viri
1701 1245 2087 1314 splendoribus
2115 1247 2460 1316 dissipandas
2487 1246 2918 1315 redigendasque
2948 1244 3000 1297 in
3032 1242 3284 1295 nihilum.

512 1338 603 1393 9|.
640 1336 903 1406 Equidem
934 1339 1074 1406 quod
1111 1340 1288 1393 victus
1311 1349 1473 1408 atque
1496 1339 1779 1393 certamini
1812 1353 2019 1394 causa»

2196 1346 2305 1409 ιια’.
2356 1341 2498 1409 Ἐγὼ
2521 1341 2579 1393 δὲ
2608 1339 2799 1392 λοιπὸν
2822 1338 2917 1391 τὸν
2944 1336 3045 1406 τῆς
3069 1338 3211 1407 ἐμῆς
3241 1336 3417 1404 ἥττης
3441 1331 3538 1385 καὶ
3571 1329 3726 1382 πτῶ-

444 1445 550 1497 qne
573 1430 749 1497 impar
774 1431 1098 1493 exstiterim,
1131 1430 1334 1485 invicto
1360 1430 1433 1484 illi
1458 1431 1599 1485 inter
1630 1429 2016 1500 perorandum,

2150 1448 2263 1495 rem;
2288 1430 2380 1485 διά
2411 1431 2507 1483 τοῦ
2541 1429 2797 1497 ἐπιλόγου
2826 1428 3029 1482 ἀνοίσω
3059 1427 3198 1497 πρὸς
3224 1426 3284 1478 σὲ
3306 1425 3400 1477 τὸν
3422 1425 3722 1494 ἀήττητον,

445 1520 739 1585 ascribunt,
780 1521 826 1574 si
858 1524 1128 1591 quomodo
1168 1532 1520 1591 paternorum
1561 1522 1833 1577 viseerum
1867 1537 2017 1579 amo-

2152 1524 2299 1586 ῖπως
2347 1523 2461 1576 τῶν
2486 1521 2773 1593 πατρικῶν
2821 1538 2919 1574 σου
2967 1519 3298 1587 σπλάγχνων
3340 1517 3441 1585 τὴν
3480 1514 3724 1584 στοργὴν

449 1626 562 1665 rem
604 1610 875 1666 inllectam
908 1613 974 1665 ad
998 1611 1389 1676 miserendum,
1430 1614 1830 1682 sollicitamque
1862 1614 2021 1668 inter-

2154 1615 2338 1680 εινήσω
2377 1613 2516 1683 πρὸς
2545 1612 2727 1685 ἔλεον,
2769 1612 2864 1664 καὶ
2891 1610 2991 1678 τὴν
3020 1611 3102 1668 είς
3149 1608 3286 1661 Θεὸν
3318 1604 3726 1675 μεσιτεύουταν

2217 1705 2240 1716 ..
2378 1705 2402 1716 -
2604 1703 2615 1716 .
2832 1700 2862 1716 ρ
2901 1701 2915 1716 ο
3015 1699 3058 1716 η
3125 1698 3139 1715 ο
3357 1696 3412 1716 οι
3455 1695 3507 1716 ex
3561 1687 3726 1716 1-:A

447 1702 751 1755 cessionem
810 1708 958 1755 tuam
1022 1702 1154 1756 mihi
1206 1704 1345 1772 apud
1411 1702 1580 1758 Deum
1621 1704 2019 1758 meditatricetn

2154 1724 2157 1748 ι
2167 1705 2283 1774 μῶν
2299 1703 2666 1774 κηδεμονικὴν
2683 1700 2984 1772 πρεσϐείαν
3011 1698 3331 1767 ἑλκύσαιμι.
3357 1696 3429 1749 Σὺ
3451 1695 3533 1760 δὲ,
3557 1687 3605 1747 ὧ
3620 1694 3726 1762 τῆς

447 1793 745 1851 obtineam.
796 1791 877 1846 Tu
920 1808 1069 1859 vero,
1098 1794 1265 1848 divini
1320 1795 1593 1864 inspeetor
1641 1793 2019 1860 tabernaculi,

2154 1796 2279 1859 νείας
2329 1797 2537 1865 σκηνῆς
2588 1795 2803 1848 ὲπόπτα
2870 1795 2967 1847 καὶ
3016 1790 3351 1863 μυσταγωγὲ
3396 1789 3495 1842 καὶ
3539 1788 3726 1858 μύστα

449 1884 747 1952 doctorque
795 1899 861 1939 ac
903 1893 1076 1955 mysta
1126 1884 1504 1951 disertissime,
1558 1886 1651 1953 qui
1687 1886 1741 1940 in
1776 1884 2021 1955 supernis

2153 1886 2426 1956 rpavdta'cs
2451 1927 2466 1950 ,
2486 1872 2521 1939 ὅ
2543 1887 2663 1948 ταῖς
2689 1887 2802 1938 ἀνω
2826 1886 3173 1955 ίεραρχικαῖς
3193 1882 3411 1942 αὑλίαις
3445 1897 3511 1932 συ
3521 1895 3725 1950 μπερι-

445 1989 729 2028 sacrorum
766 1975 1168 2046 principatnum
1205 1976 1364 2031 atriis
1409 1976 1678 2040 ambulas,
1707 1992 1772 2031 ac
1799 1991 2017 2045 cormp-

2154 1976 2333 2040 πολῶν,
2370 1977 2467 2029 καὶ
2514 1979 2581 2047 τῇ
2615 1975 2913 2046 ἀνωλέθρῳ
2953 1973 3107 2045 λήξει
3140 1972 3237 2027 καὶ
3266 1974 3388 2032 ταῖς
3416 1970 3726 2040 ἀκηράτοις

449 2067 614 2133 tionis
652 2072 891 2122 nesciam
926 2077 1151 2131 sortem,
1200 2070 1465 2137 sedesque
1510 2068 1853 2123 immortales
1893 2083 2021 2137 pro-

2154 2069 2325 2131 ιοναίς
2353 2067 2737 2136 προσπελάσαι
2780 2064 3058 2130 ἀξιωθεὶς,
3096 2064 3193 2116 καὶ
3231 2063 3341 2116 τῶν
3375 2061 3726 2131 ἡτοιμασμέ-

448 2156 570 2224 pins
603 2156 755 2210 adire
797 2157 1067 2223 meruisti,
1117 2158 1256 2211 bona
1294 2158 1403 2212 illis
1428 2168 1619 2226 parata
1648 2160 1899 2227 adeptus,
1931 2161 2020 2228 qui

2152 2178 2234 2212 Ιων
2264 2158 2676 2228 ἐμφορούμενος
2704 2155 2948 2224 ἀγαθῶν,
2971 2158 3086 2218 τοῖς
3110 2155 3202 2207 διὰ
3240 2153 3497 2223 πράξεώς
3531 2170 3592 2204 τε
3624 2154 3724 2204 καὶ

449 2245 670 2301 actione
712 2246 911 2301 exculti
979 2248 1552 2316 contemplatimieqne
1604 2250 1823 2302 virtutis
1868 2249 2021 2304 fasti-

2154 2248 2365 2320 ιεωρίας
2392 2250 2453 2302 τὸ
2482 2252 2583 2318 τῆς
2620 2248 2824 2319 ἀρετῆς
2865 2247 3165 2318 κεφάλαιον
3194 2247 3593 2315 εὐπορήσασιν
3612 2260 3628 2275 ·
3662 2242 3726 2295 τὸ

449 2338 599 2407 gium
621 2339 897 2393 consecuti
923 2347 1067 2402 sunt,
1097 2338 1254 2407 plena
1281 2354 1468 2393 eorum
1491 2339 1745 2394 satietate
1769 2341 2021 2409 repleris;

2154 2342 2223 2394 :05
2253 2341 2369 2412 βίου
2398 2340 2684 2411 χαμερπὲς
2724 2338 2894 2409 ἡμῶν,
2928 2338 3025 2392 καὶ
3063 2336 3482 2408 κεχερσωμένον
3513 2335 3613 2388 καὶ
3640 2334 3726 2386 ἐν·

451 2426 723 2495 abjectum
760 2437 925 2495 atque
974 2427 1236 2481 incultum
1273 2441 1633 2496 crassumque
1657 2429 1800 2493 ,vita:
1829 2437 2023 2484 nostra:

2154 2431 2277 2491 ιλον,
2300 2433 2367 2500 τῇ
2414 2431 2551 2499 πρὸς
2580 2430 2673 2481 τὸν
2703 2429 2867 2498 μόνον
2899 2429 3154 2497 γεωργὸν
3181 2428 3293 2479 τῶν
3321 2426 3516 2497 ψυχῶν
3544 2427 3726 2494 ἐμμε-

452 2517 627 2587 solum
656 2532 755 2572 nec
793 2517 896 2573 nisi
943 2516 1125 2571 fenum
1168 2517 1472 2586 proferens,
1507 2519 1915 2586 diligentissima
1942 2531 2024 2574 tua

2153 2522 2363 2592 ,εστάτῃ
2416 2520 2687 2591 πρεσϐείᾳ.
2725 2536 2819 2572 σου
2850 2518 3141 2587 σιτοφόρον
3192 2517 3315 2571 ἀντὶ
3364 2514 3725 2585 σχοινοφόρου

454 2611 522 2662 ad
554 2609 730 2664 solum
762 2609 917 2665 illum
967 2609 1277 2670 animorum
1309 2609 1573 2664 cultorem
1620 2611 2026 2677 intercessione,

2156 2619 2326 2682 ῐείξον,
2364 2618 2543 2669 πᾶσαν
2580 2616 2863 2685 μοχθηρὰν
2897 2613 2996 2667 καὶ
3044 2613 3187 2683 πρὸς
3236 2613 3459 2677 εὐεξίαν
3502 2607 3728 2663 ἀντιτύ-

455 2701 674 2772 frugum
731 2700 883 2756 ferax
935 2700 1157 2766 ellicito,
1196 2710 1252 2755 et
1284 2701 1547 2770 quidquid
1603 2701 1679 2755 illi
1734 2701 2027 2755 dillicilium

2158 2726 2252 2771 τως
2277 2708 2508 2778 ἔχουσαν
2541 2705 2924 2777 προθέλυμνον
2959 2705 3296 2775 ὑφελόμενος
3321 2703 3595 2761 ἄκανθαν,
3630 2702 3730 2755 καὶ

453 2794 732 2862 spinarum
770 2794 1030 2861 boumque
1072 2793 1358 2847 adversum
1407 2793 1705 2847 habitudini
1739 2794 1882 2849 inest
1909 2793 2025 2848 imis

2156 2800 2279 2871 {sth
2326 2797 2635 2860 κλαπέντας
2665 2797 2761 2850 καὶ
2808 2794 3067 2866 κοινωνίᾳ
3104 2795 3464 2866 χρανθέντας,
3509 2793 3630 2848 ἀλλ’
3662 2794 3728 2846 οὐ

458 2899 487 2936 a
516 2885 788 2939 radicibus
809 2884 1000 2938 evelle.
1028 2884 1099 2939 lis
1128 2884 1218 2953 qui
1245 2884 1476 2947 seducti,
1497 2894 1550 2937 et
1579 2893 1867 2938 exsecrata
1885 2899 2030 2938 com-

2152 2890 2198 2941 τὸ
2220 2890 2320 2956 τῆς
2344 2888 2706 2958 συνειδήσεως
2753 2885 3236 2956 συμμολυνθέντας
3267 2887 3574 2956 κριτήριον,
3607 2886 3724 2947 τοῖς

457 2975 717 3029 munione
762 2975 979 3044 polluti,
1020 2975 1370 3031 conscientia:
1419 2985 1597 3030 tamen
1625 2975 1890 3044 judicium
1927 2991 2029 3030 non

2161 2977 2227 3031 ea:
2280 2978 2573 3047 μετανοίας
2611 2978 2707 3030 καὶ
2761 2977 2966 3045 πικρᾶς
3018 2974 3304 3044 ἐπιτιμίας
3352 2972 3733 3043 ἀπονίψασθαι

458 3080 611 3131 reque
642 3063 971 3119 faulaverunt
1020 3065 1256 3132 indulge,
1316 3074 1375 3116 ut
1410 3079 1549 3119 verae
1593 3065 1925 3133 paenitentiae
1958 3065 2030 3118 la-

2162 3070 2475 3125 ιατάνευσον
2520 3068 2785 3137 δάκρυσι,
2813 3069 3035 3136 τέμνειν
3063 3084 3123 3119 τε
3176 3068 3272 3120 καὶ
3302 3062 3458 3128 αὖθις
3495 3066 3600 3136 τὴν
3630 3067 3734 3134 τῆς

460 3155 663 3224 rrymis
709 3154 1229 3237 labvm‘letergant,
1280 3156 1589 3223 iterumque
1635 3156 1776 3209 viam
1820 3165 2032 3211 teneant

2163 3162 2396 3234 ιληθείας
2437 3161 2556 3214 ὁδὸν
2577 3159 2941 3224 καταξίωσον,
2992 3158 3163 3228 μόνης
3193 3158 3560 3228 ἐπιστροφῆς,
3615 3156 3735 3209 ἀλλ’

463 3247 732 3308 veritatis,
773 3247 970 3316 quibus
1017 3248 1297 3303 conversio
1346 3248 1461 3303 sola
1502 3248 1719 3313 sufﬁcit,
1776 3249 2035 3304 doctrinm

2164 3254 2200 3304 ιὺ
2234 3251 2457 3321 διδαχῆς
2485 3249 2778 3319 δεομένους
2804 3248 2866 3301 τὸ
2891 3246 3135 3301 σύνολον.
3169 3247 3305 3308 Ταῖς
3338 3247 3447 3317 γὰρ
3473 3247 3736 3317 ἀναντίρ-

462 3338 776 3391 rullulemls
809 3339 1011 3408 indigis
1044 3356 1059 3392 :
1087 3339 1304 3406 subtilis
1336 3340 1480 3393 enim
1508 3338 1766 3393 doctrinm
1792 3348 1900 3394 tua:
1925 3339 2034 3395 ine-

2162 3344 2326 3412 Βήτοις
2359 3339 2662 3410 ὑποθήκαις
2709 3338 2800 3391 καὶ
2862 3336 3253 3390 ὑποτυπώσεσι
3292 3337 3401 3390 τῶν
3444 3337 3734 3408 ὑμετέρων

461 3428 810 3483 luctabilibus
850 3429 1191 3485 documentis
1231 3445 1295 3484 ac
1323 3430 1804 3487 informationibus
1832 3432 2033 3489 lirmius

2163 3434 2355 3502 ,ὑήχων
2375 3431 2550 3499 λόγων
2572 3430 2671 3501 τὴν
2704 3429 2881 3500 φρένα
2910 3428 3126 3496 παγίως
3153 3429 3246 3480 ἐπὶ
3269 3430 3336 3497 τῇ
3361 3428 3596 3498 κρηπῖδι
3622 3426 3735 3479 τῶν

465 3520 517 3573 in
547 3520 965 3588 apostolicarum
999 3528 1458 3591 paternarumque
1490 3521 1831 3575 sattctionum
1858 3522 2037 3591 crepi-

2160 3521 2517 3576 ιποστολικῶν
2543 3522 2639 3574 καὶ⁸
2673 3519 2962 3590 πατρικῶν
2986 3518 3381 3587 θεσπισμάτων
3408 3517 3732 3584 ἐρείσαντες

464 3612 589 3664 dine
641 3612 818 3665 defixo
856 3612 1063 3677 animo,
1125 3614 1525 3677 inconcussam,
1583 3611 1731 3666 velut
1781 3612 1883 3669 sub
1931 3611 2036 3668 Deo

2165 3614 2473 3683 ικλόνητον,
2510 3613 2587 3674 ὡς
2629 3612 2723 3664 ἐπὶ
2760 3611 3003 3682 μάρτυρι
3045 3609 3204 3681 Θεῷ,
3245 3610 3641 3679 τετηρήκαμεν
3673 3608 3737 3662 τὸ

467 3712 626 3766 teste,
656 3703 925 3757 servaturi
957 3718 1145 3763 sumus
1172 3702 1295 3764 fidei
1322 3704 1716 3769 sinceritatem,
1745 3718 1906 3773 quam
1934 3703 2039 3758 ins-

2162 3707 2238 3761 τοῦ
2272 3706 2547 3775 δόγματος
2591 3704 2923 3773 εἰλικρινὲς,
2957 3698 3048 3757 οἷά
3097 3718 3148 3755 τι
3200 3701 3427 3770 σπέρμα
3474 3704 3592 3765 τοῖς
3635 3702 3734 3772 τῆς

468 3803 554 3845 tur
584 3795 810 3848 seminis
845 3794 1129 3863 cujusdam
1168 3796 1221 3849 in
1249 3795 1508 3850 cordibus
1545 3804 1816 3850 servatam
1860 3793 2040 3850 fovea-

2162 3798 2373 3870 ιαρδίας
2401 3795 2777 3866 αἰσθητηρίοις
2807 3793 3023 3863 τρανῶς
3075 3792 3481 3855 διασώσαντες.
3513 3793 3630 3845 Καὶ
3657 3794 3734 3865 μὴ

468 3902 609 3940 tuus.
644 3885 833 3956 Neque
867 3902 1000 3942 vero
1027 3885 1362 3943 defensionis
1390 3887 1505 3956 ipsa
1535 3886 1772 3951 exilitas,
1802 3895 2040 3942 assenta-

2166 3888 2206 3942 :b
2247 3890 2344 3958 τῆς
2383 3884 2680 3953 ἀπολογίας
2725 3882 2981 3949 ἀνάξιον,
3016 3882 3228 3937 θωπεία
3270 3899 3355 3943 τις
3391 3882 3486 3935 καὶ
3520 3881 3738 3948 ὑπόψυ-

469 3979 545 4033 tio
571 3980 816 4045 quaedam
851 3979 1158 4051 frigidaque
1190 3994 1457 4049 nugarum
1489 3979 1767 4034 ventilalio
1798 3979 2041 4033 videatur

2165 3996 2275 4051 (ρος
2302 3977 2538 4048 φλυαρία
2557 4018 2572 4041 ,
2601 3976 2751 4030 αἰτία
2786 3974 2984 4045 φανείη
3024 3976 3137 4036 τοῖς
3172 3973 3404 4026 πλεῖστα
3426 3973 3584 4042 παρά
3617 3972 3737 4042 Θεῷ

466 4070 640 4137 vobis,
677 4071 971 4141 plurimum
1007 4074 1147 4142 apud
1176 4071 1344 4126 Deum
1377 4070 1681 4135 valentibus
1707 4090 1720 4124 :
1746 4074 1841 4125 sed
1865 4070 2038 4126 cordis

2162 4072 2464 4141 Ξυναμένοις
2497 4069 2627 4137 ὑμῖν
2646 4084 2660 4098 ⁸
2698 4066 2815 4120 ἀλλ’
2856 4066 2932 4130 ὡς
2960 4066 3193 4138 καρδῖας
3218 4065 3573 4133 ὀδυνωμένης
3603 4081 3734 4132 γεν-

468 4164 648 4233 reipsa
682 4165 917 4220 dolentis
951 4165 1218 4234 germina,
1249 4179 1312 4218 ac
1345 4162 1668 4219 aﬂlictiones
1702 4164 1871 4218 animi
1917 4178 2040 4218 con-

2159 4158 2396 4227 νήματα,
2473 4158 2565 4209 καὶ
2626 4156 2808 4225 ψυχῆς
2878 4153 3257 4224 ἀλγυνομένης
3313 4153 3731 4223 συντρίμματα.

470 4253 607 4309 triti.
651 4254 924 4309 Inveniam
973 4255 1150 4309 locum
1205 4255 1533 4323 modumque
1585 4254 1855 4323 reliquum
1905 4255 2042 4323 apud

2164 4248 2328 4309 [ὀπον
2374 4248 2467 4300 καὶ
2499 4247 2701 4319 τρόπον
2743 4246 3208 4316 ὑπολελειμμένον
3250 4246 3381 4314 παρ’
3432 4247 3567 4314 ὑμῖν
3629 4247 3736 4317 ἀφ·-

468 4360 568 4401 vos
618 4347 902 4415 expiandae
961 4346 1251 4412 hmreseos,
1305 4361 1372 4401 ne
1418 4347 1642 4401 omnino
1699 4346 2040 4402 succumbam

2165 4340 2324 4401 Ξσεως
2371 4339 2672 4410 εὕροιμεν,
2723 4340 2800 4402 ὡς
2861 4339 2927 4391 ἀν
2986 4337 3062 4409 μὴ
3115 4337 3378 4391 παντελεί
3410 4337 3737 4409 πιεζόμενος

470 4451 785 4505 oppressus,
823 4452 892 4492 ne
920 4437 1303 4493 irremcdiobili
1352 4438 1730 4508 desperatione
1762 4440 2042 4505 conficior,

2167 4430 2467 4484 ὕποπτώσει
2526 4429 2868 4502 ἁνίατρεύτῳ
2919 4429 3180 4500 βληθείην
3241 4429 3590 4496 ὑπογνῶσει,
3643 4432 3739 4484 καὶ

472 4538 537 4579 ac
577 4527 722 4581 velut
756 4527 802 4581 is
832 4529 925 4598 qui
970 4528 1179 4599 exigua:
1212 4529 1520 4600 voluptatis
1559 4530 1733 4598 pretio
1775 4530 2044 4600 primitiva

2168 4525 2519 4597 ὶπορῤιφείην
2554 4523 2630 4587 ὡς
2666 4526 2694 4576 ὁ
2726 4523 2897 4577 πάλαι
2928 4524 3132 4593 μικρᾶς
3163 4521 3358 4593 ἡδονῆς
3384 4522 3638 4587 ἀντιδοὺς
3672 4523 3740 4577 τὰ

473 4613 679 4678 vendit,
714 4630 781 4671 eo
810 4618 953 4685 quod
988 4633 1256 4684 congruas
1305 4628 1542 4688 paternae
1572 4635 1774 4676 mensae
1806 4620 2045 4675 victimas

2168 4617 2348 4671 ἑαυτοῦ
2381 4617 2750 4687 πρωτοτόκια,
2783 4616 2907 4670 ἐπεὶ
2940 4615 3016 4687 μὴ
3042 4618 3289 4686 πατρικῇ
3322 4616 3576 4687 τραπέζῃ
3605 4618 3740 4670 ἀνά-

476 4719 583 4759 ιιοη
638 4707 916 4773 obtulerit,
967 4711 1215 4781 abjiciar.
1265 4711 1462 4768 Certus
1503 4713 1648 4767 enim
1696 4729 1815 4768 smn
1846 4710 1965 4767 fore
1995 4717 2048 4763 ut

2168 4720 2287 4777 ιογα
2336 4711 2684 4780 προσαγήοχε
2723 4706 2965 4778 θύματα.
3003 4709 3321 4778 Πέπεισμαι
3365 4708 3477 4778 γάρ
3519 4709 3597 4772 ὡς
3641 4710 3740 4763 οὑκ

471 4808 693 4867 propter
731 4801 875 4859 hunc
917 4803 1127 4874 lapsum
1173 4820 1276 4860 non
1327 4806 1552 4860 minima
1592 4808 1796 4875 patiar;
1825 4804 1920 4861 sed
1960 4820 2043 4858 va-

2162 4800 2412 4870 ἐλάχιστα
2451 4798 2806 4854 τοῦντοιοῦδε
2863 4799 3029 4870 χάριν
3079 4798 3380 4870 πτώματος
3428 4799 3734 4871 πείσομαι,

473 4888 650 4959 pulem
680 4891 866 4946 multis
892 4895 1124 4964 :quippe
1147 4896 1236 4961 qui
1260 4895 1468 4951 Domini
1489 4896 1821 4951 voluntatem
1844 4895 2045 4959 sciens,

2166 4890 2291 4944 ἀλλὰ
2328 4891 2567 4957 πολλὰς,
2598 4889 2676 4954 ὡς
2710 4891 3046 4960 ἐπεγνωκὼς
3083 4891 3144 4944 τὸ
3186 4892 3283 4945 τοῦ
3326 4893 3608 4946 Δεσπότου
3653 4893 3738 4947 θέ-

471 4995 592 5037 cam
643 5000 750 5040 non
804 4983 1065 5053 fecerim,
1134 4988 1379 5059 adeoque
1444 4987 1681 5043 formido
1712 5002 1795 5055 _ne
1847 4997 2043 5042 aeterno

2167 4987 2305 5054 truta
2360 4984 2455 5037 καὶ
2506 4982 2582 5055 μὴ
2633 4983 2905 5054 ποιήσας,
2961 4983 3277 5054 δαρήσομαι
3313 4984 3408 5037 καὶ
3455 4985 3739 5056 ἀπέραντα

476 5076 697 5145 planctu
729 5080 979 5149 lugeam;
1019 5095 1267 5151 quaerens
1300 5082 1395 5137 sed
1425 5097 1531 5136 non
1564 5081 1845 5136 inveniens
1880 5080 2048 5151 poeni-

2167 5072 2645 5145 μετακλαύσομαι,
2684 5073 2761 5136 ὡς
2809 5073 2910 5144 οὑχ
2937 5072 3191 5145 εὑρηκὼς
3233 5074 3445 5144 καίπερ
3495 5073 3739 5145 ζητήσας

477 5173 660 5229 tentia:
698 5173 898 5230 locum.
935 5172 1091 5229 Nunc
1128 5190 1260 5245 ergo
1309 5174 1625 5244 adjutricem
1660 5189 1879 5227 manum
1925 5187 2049 5242 por-

2163 5166 2486 5237 μετάμελον.
2531 5165 2649 5220 Νῦν
2686 5160 2778 5219 οὗν
2809 5165 2969 5236 χεῖρά
3018 5182 3111 5235 μοι
3144 5165 3402 5236 βοηθείας
3440 5166 3735 5238 ὲπόρεξον,

479 5262 625 5332 rige,
663 5281 727 5321 ac
771 5282 931 5333 quem
986 5267 1378 5322 incredulitatis
1446 5265 1644 5320 ﬂuctus
1712 5265 2049 5331 involverat,

2168 5260 2253 5312 καὶ
2276 5258 2353 5330 τῷ
2370 5258 2601 5317 κλύδωνι
2620 5256 3143 5312 καταϐαπτισθέντα
3170 5259 3270 5328 τῆς
3296 5257 3565 5322 ἀπιστίας
3587 5259 3740 5312 ἀνέλ-

479 5357 722 5411 extrahe.
746 5356 861 5412 Non
895 5373 982 5413 me
1008 5359 1291 5431 demergat
1322 5368 1616 5427 tempestas
1648 5371 1911 5426 aquarum
1933 5371 2051 5427 pra-

2168 5365 2324 5404 ιιυσον
2345 5367 2358 5379 ·
2384 5350 2459 5423 μή
2489 5368 2556 5421 με
2586 5350 3046 5405 καταποντισάτω
3073 5350 3331 5418 καταιγὶς
3362 5350 3578 5405 ὑδάτων
3597 5355 3740 5423 αἱρε-

484 5445 668 5501 vitatis
736 5449 1037 5517 bmreticm,
1097 5467 1275 5522 neque
1337 5450 1624 5507 absorbeat
1674 5463 1761 5504 me
1811 5448 2053 5504 alieni’a

2168 5443 2353 5507 πικῶν,
2388 5445 2527 5514 μηδὲ
2562 5444 2884 5498 καταπιέτω
2911 5460 2978 5512 με
3017 5442 3179 5513 βυθὸς
3215 5443 3422 5515 ἀχανής
3455 5445 3740 5518 ἀλλοτρίου

484 5534 714 5591 veritate
748 5553 940 5593 sensus
978 5540 1325 5610 profundum,
1356 5554 1533 5609 neque
1565 5546 1752 5608 urgeat
1777 5551 1941 5605 super
1973 5553 2056 5592 me

2170 5538 2258 5606 τῆς
2287 5535 2546 5607 ἀληθείας
2579 5536 2970 5606 φρονήματος,
3026 5535 3164 5606 μηδὲ
3205 5535 3455 5606 συτχέτω
3514 5538 3605 5591 ἐπ’
3647 5536 3742 5609 ἐμὲ

483 5639 549 5681 os
573 5640 729 5681 suum
758 5638 973 5697 puteus,
1014 5631 1281 5687 turbidam
1318 5643 1480 5702 atque
1530 5628 1782 5687 letltalcm
1817 5631 2055 5686 eversio-

2170 5627 2341 5700 φρέαρ
2386 5628 2445 5681 τὸ
2484 5627 2698 5699 στόμα,
2741 5626 2989 5697 πηγάζον
3022 5627 3338 5698 ἀνατροπὴν
3379 5627 3612 5698 θολερὰ-ι
3649 5630 3742 5683 καλ
