3948 6154
228 226 329 307 151

1756 233 1957 313 VlT'A.

3389 238 3496 309 158

224 354 525 426 θανάσιμον
546 372 562 387 ο
597 355 718 411 ἀλλ’
758 330 978 412 ίλέλωσαί
1003 376 1094 429 μοι
1121 359 1213 414 τὸν
1240 357 1456 432 κριτὴν,
1493 360 1583 414 τὸν
1614 363 1699 430 ἐφ’
1729 362 1808 414 ἑνὶ

1917 383 2037 420 nem
2081 362 2386 420 scaturiens
2417 379 2430 415 :
2464 346 2557 416 sed
2591 352 2800 416 enitere
2847 348 3099 430 precibus
3131 365 3190 412 ut
3224 357 3494 427 propitius

222 445 545 517 utaxphqt
598 448 958 518 μετανοοῦντι
996 449 1199 520 μᾶλλον
1223 491 1238 515 ,
1290 451 1324 521 ἢ
1384 452 1813 517 πολλαπλασίοις

219 538 454 600 δικαίοις
494 539 619 602 ταῖς
646 540 913 594 ἀνωτάτω
951 542 1217 611 δυνάμεσι
1251 543 1638 614 συνηδόμενον.
1686 544 1811 612 Ἐγ·-

220 631 438 700 γυητὴς
481 629 648 697 γενοῦ
686 630 793 701 τῆς
830 631 969 701 ὲμῆς
1019 632 1216 702 φρενὸς
1260 633 1399 701 πρὸς
1433 633 1527 685 τὸν
1568 633 1810 704 Κύριον,

224 722 328 775 καὶ
366 722 719 793 διασάφησδν
751 723 828 793 τῷ
861 724 1040 776 πάντα
1066 724 1231 777 εἰδότι
1266 726 1361 779 καὶ
1390 725 1498 795 πρὸ
1520 725 1810 794 γενέσεως,

220 813 296 873 ὡς
328 815 430 884 οὐχ
466 815 818 884 ἐκουσιότητι
848 815 1075 885 γνώμης
1110 815 1186 884 τῷ
1224 816 1325 885 τῆς
1352 816 1621 887 αἱρέσεως
1679 816 1814 869 Ἰτα-

223 906 403 978 6υρίῳ
438 907 852 978 προσέδραμον,
889 907 921 976 ἢ
954 909 1075 971 ταῖς
1105 910 1161 960 ἐν
1192 907 1342 978 αὐτῷ
1373 910 1605 975 παγίσιν
1635 908 1812 962 ἑάλων

221 999 316 1053 καὶ
350 998 721 1065 δυσδιεξόδοις
753 997 1105 1068 θηράμασιν,
1141 999 1277 1053 ἀλλὰ
1306 999 1581 1070 δριμείαις
1622 1001 1672 1053 εί
1720 1002 1813 1055 καὶ

222 1088 564 1158 ὑποσάθροις
589 1086 705 1158 (34)
736 1085 1012 1149 ἀπειλαῖς,
1044 1087 1141 1139 καὶ
1176 1089 1359 1141 πᾶσαν
1388 1088 1692 1158 ἀτραπιτόν
1722 1105 1812 1159 μοι

220 1178 403 1247 φυγῆς
446 1172 999 1247 προκαταλαὸούσαις
1038 1178 1281 1248 εἱρχθεὶς
1303 1220 1321 1244 ,
1350 1182 1464 1242 τοῖς
1497 1179 1667 1245 λίνοις
1702 1181 1811 1235 τῶν

218 1270 405 1340 ψυχᾶς
430 1270 780 1340 ἅγρευόντων
808 1270 1167 1339 κακοτρόπως
1190 1270 1539 1341 ἐζώγρημαι.
1566 1272 1731 1325 Ὅθεν
1753 1272 1813 1323 τδ

219 1359 314 1413 τοῦ
372 1359 651 1429 μώλωπος
680 1359 780 1427 τῆς
829 1359 997 1429 εὐχῆς
1044 1360 1320 1429 αὐστηρὸν
1351 1362 1623 1431 περιαλγῆ
1666 1364 1815 1415 ποιεῖ

224 1462 287 1521 με
333 1452 436 1503 καὶ
473 1449 848 1514 πολυὼδυνον,
895 1451 988 1504 καὶ
1020 1453 1079 1505 ὲν
1113 1451 1280 1523 μοίρᾳ
1310 1451 1418 1504 τῶν
1462 1453 1813 1523 κατακρίτων

221 1542 543 1610 συνίστησιν
568 1558 580 1569 ·
612 1541 748 1593 ἀλλά
770 1544 836 1612 τῇ
863 1541 1163 1613 ὐγιαςούσῃ
1190 1542 1289 1612 τῆς
1313 1543 1629 1613 προσευχῆς
1654 1543 1813 1614 ὑμῶν

221 1633 462 1705 μοτὼσει
505 1634 568 1685 τὸ
609 1632 873 1698 δυσαλθές
904 1635 1011 1693 ,καὶ
1060 1634 1453 1703 δυσανάγωγον
1516 1635 1656 1705 πρὸς
1712 1635 1813 1706 τὴν

216 1728 421 1780 εὐκλεᾶ
451 1728 548 1780 καὶ
586 1726 740 1779 λείαν
776 1726 878 1795 τῆς
912 1717 1153 1790 πίστεως
1195 1727 1384 1798 τρίϐον
1428 1718 1809 1794 συνούλωσον,
1846 1704 1887 1757 Β

214 1818 289 1880 ὠς
333 1817 405 1871 ἂν
436 1818 516 1888 μὴ
554 1821 622 1889 τῇ
678 1819 865 1889 μακρᾷ
910 1818 1227 1890 παροράσεί
1264 1821 1364 1889 τῆς
1405 1814 1813 1891 θεραπευτικῆς

215 1907 373 1975 ὐμῶν
413 1908 729 1977 ἐπισκοπῆς
756 1908 818 1960 τὸ
871 1907 1207 1979 φλεγμαῖνον
1238 1908 1343 1978 τῆς
1375 1907 1597 1979 πληγῆς
1630 1911 1815 1980 ἐντρε-

216 2001 483 2068 φόμενον,
515 2000 773 2052 δυσίατον
811 2000 845 2070 ἢ
876 2000 972 2082 καὶ
1010 1999 1295 2063 παντελῶς
1328 2000 1614 2071 διαφανείη
1655 2000 1812 2054 ἀνία-

212 2092 327 2146 ῖεον.
388 2084 486 2164 Μὴ
543 2091 726 2145 τοίνυν
780 2095 881 2163 τῆς
932 2092 1209 2163 σωστικῆς
1265 2092 1597 2164 ἐπικουρίας
1656 2091 1812 2163 ὐμῶν

217 2174 412 2255 πόρρω
462 2199 568 2236 που
625 2183 856 2254 σταίην,
921 2179 1058 2254 μηδὲ
1101 2176 1204 2252 τῆς
1261 2185 1466 2255 σεπτῆς
1517 2185 1812 2255 ὁμολογίας

217 2277 377 2346 ὐμῶν
425 2276 682 2347 κριθείην
730 2275 1034 2346 ἀμέτοχος,
1087 2267 1223 2348 μηδὲ
1264 2268 1521 2348 βληθείην
1567 2276 1672 2344 ἔξω
1709 2276 1811 2347 τῆς

216 2370 499 2440 ὐμετὲρας
539 2369 887 2439 ψυχοτρόφου
918 2367 1165 2439 διδαχῆς,
1196 2368 1457 2439 πεδηθεῖς
1490 2372 1683 2441 χεῖρας
1708 2371 1811 2424 καὶ

218 2463 413 2526 ῑτόδας,
458 2463 539 2524 ὡς
576 2464 791 2525 ἐκεῖνος
815 2463 843 2513 ὁ
878 2462 1016 2532 πρὸς
1045 2461 1291 2533 γαμικὴν
1322 2462 1561 2533 εὐωχίαν
1601 2460 1812 2515 ἐνδεδυ·

221 2552 387 2621 μένος
410 2552 616 2618 ἀνάξια
635 2568 651 2582 ·
705 2550 843 2622 μηδὲ
874 2550 1020 2621 λιμῷ
1052 2548 1399 2620 πιεζόμενος,
1429 2550 1531 2603 οὐκ
1556 2549 1614 2617 ἐξ
1643 2550 1810 2621 ἄρτου

220 2652 308 2710 μοι
340 2640 673 2711 γεωργηοὲν
709 2641 804 2694 καὶ
842 2639 1055 2705 ὓδατος,
1088 2640 1227 2694 ἀλλά
1254 2640 1350 2694 τοῦ
1374 2634 1611 2695 ἀκοῦσαι
1652 2639 1811 2708 λόγον

215 2729 524 2799 ὀρθοτόμου
579 2729 685 2797 τῆς
756 2727 1088 2799 Ἐκκλησίας
1142 2730 1572 2800 προσρήματος,
1663 2740 1809 2799 παρ-

215 2820 446 2891 οφθείην
481 2820 559 2882 ὡς
594 2822 627 2891 ἡ
669 2818 861 2892 μακρᾷ
900 2818 1043 2891 νόσῳ
1073 2819 1356 2873 Χαναναία
1398 2818 1808 2888 συγκύπτουσα,

213 2913 308 2964 καὶ
336 2912 603 2982 δεηθείην
642 2911 718 2974 ὡς
750 2911 936 2981 ἐκείνη
968 2902 1194 2964 δπισθεν
1232 2910 1494 2982 ἄπρακτα
1528 2910 1810 2983 κράζουσα

212 3002 314 3073 τῆς
345 3002 461 3055 τῶν
508 3002 875 3071 ἐφεπομένων
906 3001 1130 3073 Χριστῷ
1165 2996 1589 3074 παρακλήσεωςι
1648 3002 1809 3058 Ἀλλά

215 3095 327 3156 τοῖς
355 3094 465 3160 τῆς
506 3095 663 3163 ἱερᾶς
693 3093 851 3163 ὐμῶν
879 3091 975 3147 τοῦ
1010 3088 1173 3162 λόγου
1204 3095 1491 3166 τραπέζης
1531 3094 1808 3167 λειψάνοις

220 3183 292 3247 ὣς
334 3191 388 3238 τι
438 3184 721 3253 λιμῶττον
765 3184 1060 3257 διὰθρεψόν
1113 3202 1180 3255 με
1228 3185 1522 3256 κυνάριον,
1572 3187 1667 3240 καὶ
1710 3186 1807 3240 τοῦ

218 3274 419 3344 δεσμοῦ
466 3276 570 3344 τῆς
623 3277 707 3338 εἰς
766 3277 1030 3337 ἀπιστίαν
1084 3276 1339 3330 διάλυσον
1386 3275 1806 3341 κατανεύσεωςο

221 3368 384 3430 simu;
409 3364 549 3438 όρθά
584 3365 805 3436 βλέπειν
831 3368 1152 3439 δυνήσομαι,
1176 3369 1269 3423 καλ⁸
1294 3367 1374 3433 τὸ,
1411 3368 1476 3421 Ἥ
1502 3368 1687 3432 πίστις
1713 3378 1808 3422 σου

222 3460 463 3514 σέσωκέν
502 3477 563 3511 σε
600 3458 741 3530 πρὸς
784 3460 956 3524 Θεὸν,
998 3461 1226 3531 καὶτῆς
1256 3459 1530 3533 ὑμετέρας
1580 3462 1811 3516 ἀκούσο-

224 3569 319 3622 μαι
353 3551 628 3622 μειλιχίας
660 3553 755 3604 καὶ
798 3551 1059 3617 εὐκταίας
1090 3553 1215 3623 ἐμοὶ
1246 3554 1628 3625 προρρήσεως.
1675 3550 1808 3607 Ἰδοὺ

218 3643 325 3712 γάρ
360 3643 421 3695 τὺ
463 3643 778 3705 Χαναναῖος
801 3636 942 3697 εἶναι
971 3647 1324 3714 κατήργηκα,
1367 3643 1457 3697 καὶ
1489 3645 1590 3697 ὅσα
1622 3644 1808 3696 Χανα-

218 3734 416 3797 vitabo;
457 3733 658 3803 φρενὸς
709 3734 1066 3805 ἀποϐέϐληκα
1100 3736 1371 3806 δόγματα,
1402 3735 1684 3807 τιθέμενος
1716 3736 1810 3789 καὶ

219 3829 451 3906 ζωικῶν
479 3830 595 3891 τοῖς
621 3826 918 3898 ὑμετέροις
952 3827 1243 3897 βιωφελέσι
1274 3828 1605 3898 διδάγμασιν
1624 3869 1640 3893 ,
1674 3830 1810 3883 ἀπὸ⁴

218 3920 431 3986 στυγῶν
452 3920 511 3972 δὲ
537 3919 637 3972 καὶ
659 3919 1109 3990 ἀποτρεπόμενος
1136 3919 1283 3973 ἆτιαν
1308 3920 1459 3987 ξένον
1484 3922 1578 3975 καὶ
1604 3919 1811 3975 ὀθνεῖον

215 4013 307 4064 καὶ
364 4009 465 4064 τοῦ
539 4009 1003 4078 ἐκκλησιαστικοῦ
1067 4011 1357 4080 διεστηκὸς
1413 4011 1811 4083 ὲναυλίσματος

216 4102 415 4174 σαθρὸν
461 4102 764 4171 ὲπινόημα.
810 4102 885 4154 Τὸ
925 4103 1035 4173 γὰρ
1094 4103 1221 4172 ὑμῖν
1258 4105 1626 4173 συμφρονεῖν,
1674 4120 1811 4173 φρο-

215 4197 322 4247 νεῖν
346 4197 503 4267 ἐστιν
533 4196 617 4254 είς
646 4194 708 4246 τὸ
746 4196 1049 4265 σωφρονεῖν
1068 4209 1082 4224 ⁸
1116 4198 1211 4247 καὶ
1239 4196 1302 4247 τὸ
1349 4195 1449 4247 σὺν
1469 4195 1619 4265 ’ὐμῖν
1648 4197 1810 4249 τετά-

217 4287 363 4355 χθαι,
398 4285 609 4355 πολλὴν
638 4285 954 4355 οἰκειότητα
983 4284 1081 4354 τὴν
1110 4286 1247 4356 πρὸς
1278 4286 1412 4339 Θεὸν
1446 4287 1807 4358 ἀποφέρεται.

1918 459 2045 512 mihi
2098 458 2354 512 reddatur
2396 453 2583 522 judex,
2641 451 2814 523 magis
2869 450 3110 522 gaudens
3170 463 3333 515 super
3378 463 3493 500 uno

1914 560 2201 618 peccatore
2252 546 2624 616 paenitentiam
2680 554 2876 613 agente
2908 557 3073 611 quam
3122 555 3287 610 super
3323 537 3493 591 multo

1914 642 2096 710 plures
2146 639 2342 707 iustos,
2394 651 2658 706 supernas
2707 649 2902 703 nempe
2934 633 3194 689 caelorum
3235 632 3494 686 virtutes.

1912 733 2043 788 Esto
2072 733 2236 786 animi
2269 732 2373 785 mei
2423 744 2656 799 sponsor
2701 728 2839 797 apud
2875 726 3179 784 Dominum,
3211 724 3369 791 eique
3403 720 3497 791 qui

1912 824 2016 877 scit
2045 825 2251 884 onmia,
2300 823 2462 874 etiam
2510 830 2800 889 antequam
2846 817 3000 881 ﬂant,
3044 815 3215 882 aperi,
3264 827 3347 866 me
3390 827 3497 867 non

1912 924 2210 992 spontaneo
2281 923 2463 967 mente
2509 913 2575 965 ad
2623 912 2892 966 luereseos
2952 908 3244 978 ltabyrium
3304 920 3498 959 accur—

1915 1006 2049 1059 risse
2075 1006 2178 1074 lu),
2215 1006 2378 1074 inque
2405 1020 2470 1059 eo
2501 1003 2692 1072 positis
2738 1003 2945 1070 laqueis
2982 1009 3198 1069 captum
3231 1009 3282 1051 et
3321 997 3496 1051 inevi-

1914 1096 2151 1150 tabiliter
2200 1095 2535 1164 implicatum
2580 1094 2755 1149 fuiSse
2789 1111 2803 1146 :
2836 1092 2929 1146 sed
2968 1091 3140 1154 duris,
3190 1103 3498 1166 quanquam

1914 1188 2118 1255 putidis
2169 1200 2233 1240 ac
2277 1186 2587 1244 simulatis.
2646 1184 2808 1238 minis
2864 1195 3190 1250 omnemque
3234 1177 3498 1233 evadendi

1913 1278 2367 1348 przecludentibns
2393 1278 2597 1331 aditum
2622 1278 2673 1331 in
2695 1286 2984 1343 angustum
3012 1284 3260 1329 coactum
3281 1272 3334 1324 in
3361 1270 3496 1324 retia

1913 1372 2226 1425 venantium
2265 1372 2474 1424 animas
2504 1369 2789 1433 cecidisse,
2836 1369 3025 1435 eisque
3067 1366 3301 1435 praedam
3331 1361 3497 1419 eﬂec-
3538 1364 3550 1384 '

1914 1472 2024 1517 tum
2057 1478 2180 1517 esse
2212 1480 2227 1518 :
2261 1461 2609 1529 quamobrem
2644 1448 2876 1514 dilllcilis
2918 1458 3137 1529 quidem
3184 1456 3499 1525 deprecatio

1914 1553 2082 1622 plaga:
2108 1554 2441 1609 commerita:
2489 1554 2695 1608 tristem
2722 1548 2885 1607 eﬂlcit
2923 1559 3087 1621 atque
3119 1549 3397 1609 amictum,
3443 1556 3500 1600 et

1913 1644 1969 1697 in
2004 1660 2217 1698 reorum
2266 1654 2465 1699 sortem
2504 1644 2743 1698 adducit.
2785 1643 2865 1697 Tu
2891 1653 3093 1707 tamen,
3132 1640 3336 1695 salubri
3371 1654 3497 1708 pre-

1912 1751 2033 1791 cum
2092 1745 2303 1789 tuarum
2360 1734 2676 1801 linamento,
2729 1734 2781 1789 id
2832 1733 2975 1802 quod
3030 1731 3328 1787 remedium
3383 1727 3499 1782 fere

1916 1840 2179 1895 respuens
2227 1825 2625 1893 quodammodo
2663 1823 3001 1894 deploratum
3048 1832 3151 1884 est,
3183 1822 3250 1875 ad
3288 1828 3493 1875 rectam

1913 1932 2211 1987 sanamqne
2272 1916 2393 1971 fidei
2465 1918 2729 1971 rationem
2807 1930 3073 1987 compone
3112 1933 3125 1969 :
3161 1930 3227 1968 ne
3277 1913 3496 1981 longius

1913 2001 2083 2071 dilata
2137 2009 2472 2079 inspectione
2505 2017 2707 2073 vestra,
2750 2007 2919 2078 plagae
2950 2017 3129 2061 tumor
3167 2020 3495 2073 augescens,

1914 2101 1981 2153 ad
2012 2115 2199 2154 curam
2229 2097 2484 2165 difﬁcilis,
2518 2098 2627 2152 imo
2660 2099 2878 2169 penitus
2920 2095 3342 2152 immedicabilis
3370 2110 3498 2150 evao

1913 2188 2029 2271 dat.
2067 2173 2145 2242 Ne
2177 2188 2342 2256 igitur
2371 2202 2400 2241 a
2430 2187 2655 2242 salutari
2685 2187 2888 2241 auxilio
2918 2200 3099 2241 vestro
3141 2185 3329 2255 procul
3373 2200 3505 2240 con-s

1912 2280 2128 2344 sistam,
2172 2294 2271 2334 nec
2304 2280 2624 2335 veneranda:
2661 2289 2854 2334 vestrae
2896 2277 3262 2334 confessionis
3307 2290 3497 2332 exsors

1913 2372 2058 2437 liam,
2112 2381 2165 2424 et
2214 2369 2403 2437 cjiciar
2457 2378 2612 2424 extra
2670 2370 2868 2423 almam
2914 2369 3221 2423 dei-trinam
3260 2378 3496 2421 vestram

1911 2477 2107 2516 manus
2154 2463 2427 2532 pedesque
2478 2461 2711 2532 ligatus,
2763 2461 2911 2515 velut
2960 2459 3048 2515 ille
3095 2460 3189 2529 qui
3244 2459 3501 2513 indecore

1914 2554 2158 2618 indutus,
2205 2553 2435 2624 nuptiali
2469 2552 2719 2607 convivio
2746 2553 3088 2621 importunus
3123 2552 3390 2614 irruerat;
3430 2563 3501 2605 ne

1913 2659 2134 2713 pressus
2157 2634 2322 2712 fame,
2346 2660 2511 2715 quam
2540 2659 2643 2699 non
2668 2643 2822 2713 panis
2847 2650 2903 2697 et
2922 2657 3074 2710 aqua:
3092 2641 3317 2711 penuria
3345 2639 3495 2705 facit,

1912 2736 2008 2789 sed
2034 2735 2287 2790 audiendi
2324 2724 2550 2790 verbum
2582 2726 2743 2789 rectae
2773 2735 2826 2788 in
2851 2732 3088 2788 Ecclesia
3116 2732 3495 2802 professionis,

1912 2824 2055 2879 velut
2092 2824 2401 2879 Chananaea
2440 2825 2713 2892 despiciar
2762 2839 2827 2878 ex
2876 2827 3031 2891 longa
3078 2822 3297 2877 incurva
3336 2822 3497 2888 amri-

1914 2915 2121 2981 tudine,
2146 2929 2408 2985 oremque
2436 2924 2491 2968 ut
2515 2913 2603 2968 illa
2633 2912 2835 2967 frustra
2855 2912 3097 2967 clamans
3119 2922 3241 2981 post
3268 2911 3496 2982 vestigia

1911 3006 2256 3077 sequentium
2289 3005 2565 3060 Christum
2597 3014 2652 3059 et
2675 3005 3065 3060 intercessores
3095 3002 3329 3073 fatigans
3356 3018 3371 3068 ;
3402 3004 3496 3056 sed

1911 3111 2079 3153 sacrae
2122 3095 2393 3152 sermonis
2438 3095 2602 3150 vestri
2656 3109 2856 3149 mensae
2910 3095 3154 3169 reliquiis
3200 3108 3297 3148 ceu
3352 3091 3496 3145 fame

1911 3188 2274 3248 tabescentem
2296 3186 2546 3242 catellum
2574 3201 2758 3256 pasce,
2788 3195 2951 3255 atque
2977 3185 3194 3241 absolve
3218 3199 3246 3237 a
3279 3181 3496 3251 vinculo

1910 3280 2183 3351 Vergentis
2224 3277 2289 3332 ad
2342 3278 2777 3332 incredulitatem
2827 3276 3035 3341 animi;
3078 3276 3123 3330 si
3178 3290 3285 3345 quo
3340 3272 3498 3327 modo

1910 3380 2058 3428 recte
2107 3372 2295 3426 videre
2337 3377 2557 3447 qheam,
2611 3360 2936 3445 audiamque
2975 3383 3003 3422 a
3047 3366 3156 3421 Deo
3204 3383 3268 3421 ac
3317 3377 3494 3420 vestra

1910 3461 2329 3518 mansuetudine
2388 3459 2680 3532 optabilem
2727 3449 2873 3514 illam
2923 3456 3249 3513 sententiam
3286 3474 3299 3509 :
3336 3455 3498 3510 Fidrs

1912 3558 2002 3609 tua
2027 3563 2079 3609 te
2112 3551 2320 3609 salvum
2348 3546 2496 3609 fecit.
2531 3551 2669 3606 Ecce
2709 3552 2852 3606 enim
2881 3548 3222 3604 Chananaeus
3252 3561 3374 3602 esse
3399 3549 3494 3600 de-

1912 3646 2083 3712 sii,et
2128 3658 2463 3713 quzrcunqne
2510 3652 2639 3697 sunt
2685 3655 2878 3696 sensus
2931 3639 3226 3695 Chananaai
3279 3641 3497 3690 decreta

1910 3735 2108 3807 abjeci,
2122 3747 2400 3789 assensum
2421 3729 2534 3788 utili
2556 3743 2747 3787 vestra:
2769 3722 3026 3787 doctrina:
3044 3732 3494 3785 acComntodaus:

1911 3843 2073 3899 quam
2114 3835 2355 3892 secutus,
2388 3826 2651 3895 quidquid
2686 3825 2885 3892 putidae
2932 3821 3268 3878 inventionis
3307 3828 3493 3874 extra-

1914 3934 2072 3974 neum
2103 3926 2267 3986 atque
2318 3916 2666 3986 peregrinum
2695 3923 2781 3968 est
2809 3915 2877 3969 ab
2922 3912 3293 3968 ecclesiastica
3339 3910 3494 3965 caula

1913 4023 2137 4065 aversor
2161 4018 2214 4063 et
2238 4007 2347 4060 odi.
2394 4002 2509 4061 Una
2551 4004 2697 4058 enim
2733 4004 3010 4058 vobiscum
3045 4018 3258 4073 sapere,
3293 4013 3377 4057 est
3404 4017 3497 4057 sa-

1914 4116 2042 4168 pere
2087 4101 2152 4155 ad
2195 4098 2579 4164 sobrietatem;
2635 4096 2901 4165 vobisque
2952 4096 3301 4165 conjunctum
3352 4108 3494 4157 esse,

1914 4192 2140 4247 multam
2187 4192 2327 4259 apud
2381 4189 2549 4243 Deum
2599 4186 2858 4242 conciliat
2917 4187 3169 4257 gratiam.
3211 4182 3338 4238 Haec
3371 4193 3498 4237 sunt

1916 4280 2203 4353 inculpatae
2237 4282 2358 4339 vita:
2394 4290 2497 4335 tua:
2524 4279 2687 4334 veluti
2717 4278 2920 4332 cursim
2948 4277 3184 4331 delibata
3223 4273 3491 4344 insignia;

216 4377 401 4432 Ταῦτα
442 4378 543 4448 τῆς
578 4377 679 4446 σῆς
719 4376 964 4447 ἀλήπτου
1000 4377 1185 4448 βιοτῆς
1216 4378 1289 4440 ὡς
1321 4379 1378 4430 ὲν
1425 4377 1699 4450 ἐπιδρομῇ
1738 4379 1805 4432 τὰ

1914 4378 2029 4432 hzec
2075 4386 2252 4431 vestra
2283 4377 2348 4430 ad
2374 4373 2692 4445 sanguinem
2732 4385 2905 4441 usque
2952 4386 3094 4425 vera:
3128 4365 3493 4424 confessionis

218 4470 618 4540 γνωρίσματα,
674 4468 849 4522 ταῦτα
886 4472 986 4537 τῆς
1029 4470 1223 4540 μέχρις
1253 4470 1488 4540 αἵματος
1520 4470 1661 4542 ὑπὲρ
1705 4471 1802 4541 τῆς

1914 4482 2040 4537 ergo
2070 4467 2331 4521 exhausta
2363 4463 2699 4527 certamina;
2733 4462 2849 4516 haec
2868 4471 2950 4514 est
2982 4468 3175 4515 vestrae
3208 4456 3417 4511 fiduciae
3440 4454 3494 4509 in

217 4558 450 4629 ἀληθοῦς
498 4556 799 4631 ὁμολογίας
842 4562 996 4631 ὐμῶν
1049 4563 1446 4633 ἀγωνίσματα,
1492 4564 1665 4617 ταῦτα
1703 4564 1806 4634 τῆς

376 4644 517 4706 Θεὸν
548 4653 641 4705 διὰ
672 4652 832 4705 τοῦτο
865 4654 1185 4726 παρρησίας
1213 4648 1367 4724 ὐμῶν
1396 4653 1466 4707 τὰ
1485 4655 1800 4725 αὐχήματα.

219 4743 287 4796 Σὺ
325 4744 385 4795 δὲ
419 4746 560 4814 ἡμῖν
581 4783 597 4809 ,
630 4742 678 4797 ὧ
710 4744 870 4815 τιμία
896 4743 1045 4816 ψυχὴ
1092 4745 1188 4798 καὶ
1239 4744 1491 4813 ίσάγγελε
1512 4785 1527 4808 ,
1574 4744 1673 4814 τῆς
1707 4744 1804 4814 μὲν

221 4834 529 4905 προθυμίας
572 4834 872 4902 ἀπόδεξαι,
904 4836 994 4889 διὰ
1029 4834 1131 4906 τὴν
1175 4836 1273 4906 τῆς
1308 4835 1409 4906 σῆς
1453 4827 1806 4898 διδασκαλίας

228 4926 550 4996 πεποίθησιν
582 4929 697 4988 τοῖς
730 4926 870 4999 ὑπὲρ
899 4926 1132 4996 δύναμιν
1160 4926 1617 4999 ἐγχειρήσαντας,
1651 4928 1718 4997 τῇ
1748 4919 1803 4979 δὲ

224 5010 456 5089 ἰδιωτείᾴ
486 5017 583 5071 τοῦ
607 5018 772 5086 λόγου
810 5014 1145 5090 συγγνώμην
1169 5017 1424 5089 πάρασχε
1448 5018 1542 5071 καὶ
1578 5018 1801 5086 συμπα-

290 5286 402 5359 (ει)
433 5285 845 5359 Addebaturin
874 5301 979 5359 ms.
1007 5288 1040 5359 ᾑ
1078 5285 1279 5359 σκῆψις
1304 5286 1471 5355 ﬁctio,
1500 5284 1802 5359 simulatio,

221 5356 363 5413 unde
384 5356 445 5411 in
477 5357 679 5413 Latin'o
731 5356 1196 5411 είιιιιιίηιτείιιίιιω
1233 5359 1531 5425 leguntur:
1568 5356 1663 5409 sed
1698 5372 1803 5409 non

222 5430 373 5499 video
398 5429 680 5499 quomodo
704 5427 822 5499 hoc
843 5426 1246 5499 substantivum
1275 5428 1482 5499 servire
1516 5426 1600 5479 hic
1631 5426 1803 5499 possit

221 5497 378 5552 simili
410 5496 505 5552 aut
531 5497 698 5551 alteri
756 5496 917 5551 alicui
962 5513 1097 5552 sano
1128 5497 1349 5560 sensui,
1383 5498 1484 5550 nisi
1520 5496 1797 5560 repositis,

224 5583 338 5634 qua
361 5567 500 5622 forte
524 5567 887 5637 exciderunt,
922 5566 1196 5622 nonuttllis
1222 5583 1235 5620 :
1267 5583 1437 5637 quare
1466 5569 1637 5635 ipsum
1660 5607 1674 5629 ,
1710 5565 1796 5619 hic

225 5644 285 5694 ut
312 5638 649 5710 superﬂuum
671 5675 687 5701 ,
731 5634 914 5691 omisi.

1913 4558 2080 4613 Deum
2105 4573 2169 4613 ex
2201 4558 2267 4611 iis
2293 4555 2560 4626 gloriatio.
2585 4552 2665 4607 T-u
2696 4568 2845 4620 vero,
2879 4568 2911 4607 ο
2938 4551 3101 4605 chara
3129 4549 3286 4604 nobis
3313 4548 3492 4602 anima

1911 4657 2075 4718 atque
2106 4648 2314 4717 angelis
2344 4647 2734 4717 comparanda,
2768 4645 2908 4700 hanc
2935 4660 3062 4715 erga
3089 4651 3141 4697 te
3171 4654 3492 4711 propensam

1911 4744 2245 4796 voluntatem
2274 4755 2449 4794 meam
2478 4720 2757 4810 acceptam
2787 4737 2948 4802 habe,
2983 4738 3074 4804 qui
3104 4733 3359 4790 videlicet
3387 4741 3494 4787 tua:

1912 4832 2106 4887 ﬁducia
2158 4832 2423 4909 doctrina;
2472 4831 2682 4887 viribus
2736 4830 2941 4900 majora
2980 4828 3161 4884 conati
3192 4840 3406 4889 sumus,
3438 4834 3495 4879 et

1914 4924 2201 4980 rusticitati
2233 4925 2500 4980 sermonis
2545 4924 2757 4979 veniam
2786 4913 2966 4992 praebe
2996 4920 3239 4990 mihique
3271 4931 3495 4986 compa-

1912 5024 2083 5072 tere:
2134 5016 2439 5086 intelligens
2513 5017 2658 5084 quod
2720 5015 2795 5069 uti
2870 5027 3098 5081 scopum
3166 5017 3491 5071 assecutus,

1986 5286 2064 5356 (η)
2099 5285 2335 5341 Ortclins
2371 5287 2421 5339 in
2452 5285 2732 5340 Thesauro
2756 5292 2993 5356 montem
3020 5279 3261 5356 Thabor,
3285 5278 3487 5356 Christi

1916 5349 2392 5425 transllgutatione
2470 5357 2731 5425 nobilem,
2796 5353 3003 5415 Latinis
3067 5351 3172 5425 ait-
3210 5349 3491 5425 (tubirium

1911 5428 2013 5480 dici
2048 5444 2062 5480 :
2094 5421 2230 5495 apud
2261 5425 2558 5493 .losephum
2581 5435 2635 5479 et
2661 5424 3022 5492 llegesippum
3050 5421 3329 5491 Alabyrios
3359 5428 3442 5473 est
3474 5437 3489 5474 :

1908 5502 2003 5550 εμιι
2030 5514 2126 5551 cur
2160 5500 2244 5550 hic
2281 5515 2377 5566 pro
2410 5500 2611 5550 throno
2660 5495 2929 5547 hatrcscos
2982 5502 3211 5560 ponatur
3256 5507 3357 5545 non
3395 5506 3486 5545 ca-

1907 5584 2100 5635 llltlllh‘.
