3948 6154
326 278 349 315 1

478 220 580 289 159
1460 212 1519 281 s.
1563 219 1983 281 NICEPHORI
2022 203 2684 278 PATRIARCELECP.
3641 187 3751 266 tot)

477 335 907 402 inesspectatam
960 330 1126 385 habet
1173 330 1382 386 laudem
1411 349 1427 397 ;
1459 334 1547 386 sic
1571 334 1639 388 ab
1685 348 1750 387 eo
1791 334 2054 387 abet-rans

2185 345 2318 400 νησιν
2343 343 2359 358 ο
2394 325 2683 394 γινώσκων
2723 323 2807 377 ὅτι
2839 320 2899 376 τὸ
2945 319 3044 391 μὲν
3077 310 3359 389 ἑπιτνχεῗν
3394 315 3747 385 ἀπροσδόκη-

478 424 690 479 veniam
721 438 817 493 pro
854 422 1018 477 animi
1059 424 1293 477 candore
1331 432 1626 477 mereatur.

2185 436 2251 472 τον
2284 418 2397 488 ἔχει
2426 416 2518 469 τὸν
2547 415 2806 478 ἔπαινον,
2840 413 2902 467 τὸ
2928 412 2986 466 δὲ
3027 407 3358 480 σφάλλεσθαι
3402 404 3745 477 συγγνώμην

2159 508 2498 579 εὐγνώμονα.

494 716 3164 744 MM

753 1084 862 1146 DE
890 1081 1218 1145 EXSILIO
1258 1079 1542 1143 SANCTI
1590 1075 2053 1150 NICEPHORI,
2086 1072 2192 1137 ET
2237 1070 2861 1136 TRANSLATIONE
2897 1070 3488 1145 RELIQUIARUM,

1411 1244 1648 1299 Auctore
1684 1239 2019 1311 Theophane
2051 1239 2374 1310 presbytero
2403 1245 2460 1293 et
2494 1237 2813 1308 praeposito.

1109 1401 1337 1459 CAPUT
1378 1400 1420 1456 l.

520 1521 708 1579 Sancti
739 1518 1028 1588 Nicepltori
1067 1517 1486 1588 patriarchatus,
1521 1513 1788 1577 exsilium,
1824 1512 2020 1567 obitus.

555 1659 609 1713 1.
642 1657 877 1712 Plurima
916 1653 1161 1724 profecto
1193 1652 1432 1707 diversis
1471 1650 1869 1707 occasionibus
1896 1658 2062 1717 atque

486 1748 846 1820 temporibus,
868 1746 919 1800 in
947 1745 1203 1816 gentibus
1223 1753 1278 1798 et
1297 1742 1616 1799 civitatibus
1641 1741 1903 1810 praeclara
1928 1741 2064 1796 faci-

484 1854 645 1901 nora,
666 1838 733 1891 ad
756 1836 986 1891 eximias
1003 1835 1095 1889 Dei
1112 1835 1586 1903 maximarumque
1609 1848 1793 1888 rerum
1811 1834 2064 1889 demons-

487 1932 748 1985 trationes
770 1928 912 1982 facta
945 1927 1306 1997 sunt,quibus
1331 1941 1457 1980 vera
1492 1922 1663 1995 ipsius
1691 1925 1927 1995 cognitio
1944 1939 2065 1991 per—

486 2024 673 2090 spicue
710 2020 1157 2076 fuitconfirmata
1195 2032 1208 2074 τ
1239 2019 1697 2089 quemadmodum
1734 2019 1790 2073 in
1835 2018 2065 2073 Psalmis

487 2116 702 2166 canitur
727 2131 741 2166 :
767 2111 888 2165 Dies
909 2111 1015 2164 diei
1035 2119 1240 2164 eructat
1257 2110 1486 2175 verbum,
1505 2118 1554 2162 et
1578 2124 1681 2163 nos:
1704 2111 1847 2162 nocti
1864 2108 2067 2161 indicat

488 2203 761 2256 scientiam
791 2202 858 2255 “.
892 2200 1101 2267 Quibus
1126 2199 1315 2253 verbis
1370 2200 1477 2252 etsi
1528 2208 1787 2268 perpetua
1846 2198 1936 2252 illa
1970 2199 2063 2253 Dei

491 2298 686 2357 virtus,
717 2307 900 2345 rerum
933 2291 1179 2346 omnium
1237 2298 1403 2359 atque
1450 2289 1698 2344 universi
1745 2290 1898 2343 orbis
1938 2305 2072 2345 con-

493 2383 765 2438 servatrix
797 2398 862 2437 ac
915 2382 1249 2436 moderatrix
1291 2381 1587 2444 indicatur,
1631 2396 1734 2434 non
1772 2382 1950 2437 minus
1990 2392 2071 2436 ta-

494 2491 639 2540 men,
684 2476 795 2528 imo
835 2489 968 2528 vero
1003 2475 1174 2542 magis
1198 2474 1364 2527 etiam
1420 2472 1800 2542 significantur
1829 2488 1915 2537 ea,
1950 2484 2070 2543 qum

495 2567 697 2622 nostris
735 2565 1071 2636 temporibus
1096 2565 1151 2619 in
1200 2563 1392 2633 primis
1418 2564 1744 2618 excellentia
1778 2574 1951 2633 atque.
1973 2566 2070 2618 ad-

496 2658 770 2713 mirabilia
799 2665 1113 2733 gestasunt
1136 2656 1206 2712 ab
1230 2656 1422 2711 eadem
1479 2656 1593 2726 ipsa
1627 2656 1812 2711 divina
1843 2658 2070 2721 virtute,

494 2768 614 2822 qua:
651 2753 853 2806 eximia
881 2750 1125 2822 potentia
1153 2765 1250 2806 sua
1282 2750 1776 2819 cunctagnbernat
1804 2765 1869 2804 ac
1912 2750 2071 2819 regit.

495 2844 778 2914 Siquidem
807 2860 914 2897 non
949 2842 1003 2896 in
1027 2858 1131 2896 una
1158 2850 1336 2912 parte,
1376 2856 1552 2911 neque
1577 2842 1630 2895 in
1657 2851 1819 2912 gente.
1851 2844 2073 2897 minima

2168 1395 2304 1468 perii
2324 1403 2540 1466 sceptra
2559 1394 2632 1467 (υ)
2662 1394 3066 1457 moderabatur,
3086 1401 3143 1446 et
3169 1391 3510 1460 Nicephorus
3530 1404 3749 1445 sacram

2169 1488 2400 1544 excelsae
2422 1497 2585 1556 atque
2612 1486 2830 1541 urbium
2864 1484 3065 1554 regium
3097 1484 3336 1538 civitatis
3368 1482 3553 1536 sedem
3594 1480 3745 1534 obti-

2100 1612 2142 1667 B
2171 1584 2354 1650 nebat,
2387 1580 2725 1653 quiluminis
2770 1580 2943 1633 instar
2994 1589 3254 1648 perpetuo
3304 1574 3587 1645 fulgentis,
3623 1573 3750 1626 uni-

2169 1690 2389 1733 versum
2441 1673 2627 1728 orbem
2683 1680 2956 1725 terrarum
3010 1669 3271 1723 virtutum
3327 1666 3497 1720 radiis
3555 1663 3752 1718 illumi-

2166 1767 2353 1824 nabat.
2384 1764 2505 1820 Jam
2540 1771 2596 1818 et
2626 1763 2678 1817 in
2718 1761 2963 1831 principe
3002 1774 3066 1813 ac
3109 1760 3265 1813 beata
3317 1757 3593 1811 Trinitate
3639 1769 3748 1807 una

2170 1867 2226 1914 et
2247 1856 2433 1911 eadem
2448 1854 2710 1915 essentia,
2730 1859 2787 1906 et
2815 1852 2867 1904 in
2892 1865 2997 1904 una
3024 1849 3122 1905 Dei
3141 1846 3304 1903 Verbi
3326 1861 3551 1901 carnem
3578 1844 3750 1899 induti

2169 1964 2402 2021 persona
2440 1948 2558 2001 duae
2588 1955 2816 2008 naturae,
2842 1951 2899 1998 ct
2946 1943 3065 1997 dua:
3105 1940 3415 1996 voluntates
3446 1938 3753 1993 clarissime

2171 2043 2387 2099 fuerant
2409 2037 2731 2107 opportunis
2768 2033 3017 2089 conciliis
3038 2032 3350 2087 constituta:
3367 2038 3424 2084 et
3440 2028 3750 2089 declarata,

2170 2131 2466 2190 contrariis
2516 2127 2867 2199 opinionibus
2906 2123 3125 2192 rejectis
3176 2131 3342 2191 atque
3398 2118 3751 2188 improbatis,

2171 2236 2227 2279 et
2271 2222 2422 2279 utilis
2473 2234 2763 2275 sacrarum
2823 2217 3121 2285 imaginum
3163 2228 3295 2268 usus
3339 2211 3453 2281 jam
3496 2209 3627 2263 inde
3687 2205 3750 2260 ab

2173 2316 2331 2372 initio
2352 2313 2637 2370 institutus
2660 2319 2715 2366 et
2739 2325 2837 2378 per
2867 2323 3061 2362 manus
3094 2306 3349 2369 traditus,
3379 2305 3432 2356 in
3492 2300 3747 2355 omnibus

2179 2404 2438 2464 Ecclesiis
2456 2411 2649 2459 ornate
2674 2399 2983 2468 decoreque
3010 2395 3521 2451 demonstrabatur:
3549 2405 3749 2459 quem-

2174 2484 2465 2553 admodum
2518 2491 2784 2561 proximis
2831 2487 3205 2558 temporibus,
3260 2491 3574 2539 sanctorum
3658 2479 3762 2533 Pa-

2176 2600 2317 2645 trum
2347 2585 2637 2642 concilium
2667 2581 3065 2638 celebrantium
3116 2576 3390 2647 suﬂragiis
3424 2574 3505 2645 (π)
3550 2570 3756 2626 divini-

2177 2690 2263 2735 tus
2284 2677 2464 2732 fuerat
2490 2671 2904 2742 comprobatus.

2216 2768 2302 2823 ‘3.
2337 2766 2538 2823 Verum
2566 2772 2926 2833 posteaquam
2972 2758 3314 2828 Nicephorus
3342 2752 3416 2826 (y)
3463 2752 3767 2822 imperator

2180 2877 2286 2917 una
2321 2874 2444 2929 cum
2478 2857 2591 2912 filio
2613 2854 2774 2923 hujus
2801 2855 2930 2907 vitae
2974 2851 3144 2906 ﬁnem
3196 2849 3425 2903 sortitus
3453 2854 3559 2911 est,
3589 2853 3646 2897 et
3700 2842 3768 2895 ad

494 2948 590 2991 aut
620 2935 1023 2991 contemnenda
1049 2934 1315 3002 ejusmodi
1372 2937 1641 2990 bonorum
1697 2950 1924 2990 munera
1989 2937 2072 2991 vi-

2185 2950 2500 3007 Micbaelcm
2521 2947 2594 3018 (ι)
2620 2946 2741 3014 ejus
2762 2957 3020 3016 generum
3050 2939 3265 3015 imperii
3296 2935 3621 3007 gubernatio
3648 2947 3772 3001 per-

496 3038 774 3100 guerunt:
809 3024 911 3083 sed
947 3028 1161 3098 publice
1190 3037 1243 3083 et
1269 3028 1493 3096 passim,
1527 3036 1581 3082 et
1620 3029 1673 3082 in
1712 3029 1933 3098 preprio
1987 3039 2072 3084 at-

501 3135 608 3190 que
636 3120 814 3176 electo
845 3121 1047 3175 Christi
1085 3119 1256 3184 clero,
1290 3120 1384 3188 qui
1421 3119 1655 3187 apostoli
1704 3120 1849 3175 Petri
1893 3121 2077 3176 verbis

500 3212 697 3266 merito
747 3223 976 3266 vocatur
1015 3210 1199 3280 regale
1242 3211 1637 3274 sacerdotium,
1666 3227 1800 3280 gens
1850 3209 2076 3276 sancta,

498 3304 732 3373 pepulus
793 3302 1173 3374 acquisitionis
1199 3304 1269 3357 ⁸⁷.
1305 3301 1505 3357 Verum
1560 3304 1820 3372 quoniam
1885 3318 2070 3358 rerum

492 3394 870 3447 maximarum
902 3403 1221 3463 argumenta
1261 3395 1751 3462 praestantissimos
1795 3396 2082 3464 requirunt

496 3494 879 3547 enarratores,
913 3485 1006 3553 qui
1044 3485 1260 3540 dicendi
1286 3485 1334 3538 vi
1364 3500 1458 3540 eas
1500 3485 1718 3542 valeant
1775 3489 2078 3557 explicare,

499 3590 571 3629 ne
612 3575 860 3629 inornata
900 3575 1166 3630 orationis
1224 3577 1493 3633 tenuitate
1542 3592 1731 3632 earum
1789 3579 2084 3649 amplitudo

498 3666 1051 3748 imminuatur;ego,
1113 3667 1206 3737 qui
1269 3668 1541 3724 orationis
1595 3668 1786 3724 laboro
1849 3674 2085 3740 pauper-

500 3766 654 3823 tate,
713 3758 1068 3813 vehementer
1120 3773 1151 3812 a
1208 3758 1499 3814 scribendo
1560 3759 1879 3815 deterrebar
1933 3780 1945 3816 :
1991 3760 2085 3815 sed

499 3859 687 3904 tamen
737 3850 972 3905 assiduis
1026 3865 1113 3906 me
1151 3851 1219 3906 ad
1287 3867 1485 3906 munus
1518 3851 1623 3908 hoc
1679 3853 2083 3923 suscipiendum

496 3941 912 3996 adhortantium
937 3944 1192 4011 precibus
1223 3958 1327 3998 non
1353 3944 1504 4013 potui
1536 3960 1640 3999 non
1683 3946 2084 4014 obtemperare.

502 4033 598 4087 Dei
659 4035 841 4103 igitur,
882 4035 973 4103 qui
1008 4034 1226 4089 dicendi
1283 4012 1599 4090 facultatem
1622 4012 1907 4104 elargitur,
1934 4035 2089 4088 beni-

499 4124 717 4194 gnitate
755 4126 1016 4187 confisus,
1059 4118 1126 4178 ad
1158 4124 1507 4179 scribendum
1539 4125 1764 4192 accedo,
1799 4124 2090 4197 adjuvante

508 4229 595 4268 me
650 4214 907 4282 precibus
967 4206 1083 4268 suis
1112 4215 1526 4282 orationemque
1560 4214 1871 4269 moderante
1903 4214 2088 4269 divino

2178 3028 2348 3105 venit,
2379 3040 2482 3096 sub
2507 3037 2725 3093 leonino
2763 3033 2983 3089 nomine
3025 3030 3325 3087 crudeliter
3371 3027 3657 3085 frendens,
3692 3023 3771 3076 in.

2177 3124 2322 3188 vasit
2372 3133 2517 3186 hunc
2542 3128 2698 3182 valde
2737 3140 2915 3180 szevus
2967 3122 3331 3190 immanisque
3361 3116 3492 3183 Leo,
3531 3132 3601 3170 ex
3658 3117 3767 3168 Ar-
3808 3162 3820 3185 ,

2183 3222 2363 3281 menia
2394 3235 2564 3292 genus
2595 3221 2801 3273 ducens
2829 3237 2842 3272 :
2872 3216 2966 3286 qui
2996 3223 3052 3269 et
3081 3212 3445 3268 defectionem
3481 3206 3686 3272 a~Deo,
3714 3215 3768 3260 et

2160 3317 2444 3391 adversus
2480 3312 2888 3380 imperatorem,
2923 3306 3065 3374 apud
3096 3319 3257 3372 quem
3293 3303 3344 3354 in
3374 3292 3761 3361 honoreérat,

2183 3407 2406 3460 minime
2439 3403 2727 3458 obscuram
2760 3408 2854 3454 aut
2901 3408 3100 3454 tectam
3156 3392 3496 3465 tyrannidem
3548 3388 3763 3443 machi-

2181 3497 2438 3551 nabatur.
2465 3483 2618 3561 Quod
2660 3492 2879 3562 quidem
2938 3490 3012 3544 illi
3047 3503 3085 3543 er
3140 3484 3411 3541 sententia
3439 3481 3708 3535 successit
3737 3496 3752 3532 :

2184 3603 2308 3642 nam
2340 3604 2435 3658 per
2459 3587 2567 3640 vim
2592 3586 2693 3639 sibi
2723 3572 3011 3652 imperium
3038 3577 3338 3633 vindicavit
3366 3574 3466 3646 (a).
3492 3571 3768 3628 Caeterum

2185 3679 2330 3733 haud
2358 3678 2518 3732 aliter
2552 3672 2705 3731 duxit
2732 3674 3028 3744 potentiam
3077 3685 3233 3724 suam
3278 3668 3394 3722 fore
3425 3665 3772 3724 diuturnam,

2184 3770 2287 3825 nisi
2319 3776 2509 3823 contra
2545 3782 2642 3822 nos
2670 3767 2934 3821 audacter
2996 3762 3196 3817 bellum
3222 3757 3551 3826 susciperet,
3579 3762 3776 3809 etrve-

2185 3859 2506 3916 ncrabilium
2545 3859 2841 3929 imaginum
2873 3853 3155 3909 interitum
3188 3849 3336 3905 omni
3377 3848 3561 3902 studio
3607 3854 3778 3914 atque

2186 3962 2303 4007 arte
2339 3951 2645 4006 moliretur.
2676 3950 2754 4004 Ad
2800 3949 2946 4003 hunc
2992 3945 3136 3999 enim
3171 3942 3410 3996 furorem
3443 3947 3612 4006 atque
3676 3935 3777 3989 de-

2188 4042 2447 4097 mentiam
2486 4056 2515 4094 a
2549 4039 2907 4102 daemonibus,
2935 4052 2964 4091 a
3021 4035 3221 4104 quibus
3272 4027 3682 4089 instruebatur,
3718 4034 3777 4078 et

2190 4134 2345 4189 falsis
2374 4144 2560 4187 vatum
2602 4131 2948 4185 mendacium
2999 4124 3230 4183 somniis
3255 4132 3310 4176 et
3345 4120 3568 4175 incertis
3640 4128 3782 4172 tem-

2189 4238 2380 4295 porum
2413 4221 2701 4292 promissis
2730 4220 2935 4274 misere
2964 4213 3280 4285 compulsus
3312 4221 3453 4265 erat.

505 4303 670 4359 Patre
725 4302 1052 4372 Nicephoro,
1084 4303 1173 4371 qui
1207 4315 1265 4355 se
1297 4302 1455 4358 nobis
1479 4303 1774 4356 maximum
1812 4303 1878 4356 ad
1902 4302 2078 4359 dicen-

2263 4315 2319 4372 4.
2351 4313 2580 4383 ltnpium
2611 4321 2792 4366 autem
2830 4319 2994 4378 atque
3014 4308 3191 4363 audax
3220 4302 3436 4357 facinus
3461 4298 3527 4353 ad
3558 4306 3783 4367 optatos

510 4395 638 4448 dum
680 4402 1057 4464 argumentum
1091 4392 1340 4462 praebuit.

580 4484 639 4538 2.
659 4483 798 4538 Cum
832 4483 1092 4552 prreclare
1124 4500 1211 4539 res
1235 4493 1435 4540 nostrae
1457 4499 1577 4539 sese
1613 4484 1899 4554 baberent,
1932 4499 1987 4543 et
2022 4504 2090 4544 ex

514 4577 752 4632 utilitate
806 4592 869 4632 ac
927 4578 1188 4647 dignitate
1244 4587 1589 4650 gererentur,
1630 4590 1758 4635 tunc
1804 4580 2085 4645 nimirum,

508 4680 647 4726 cum
671 4685 809 4725 unus
842 4669 894 4725 in
948 4667 1191 4725 Ecclesia
1256 4684 1453 4725 sensus
1512 4671 1753 4739 vigebat,
1804 4678 1861 4726 et
1922 4672 2090 4742 impia

507 4773 708 4817 cnnrta
739 4778 803 4817 ac
834 4761 1121 4832 peregrina
1151 4761 1425 4832 dogmata,
1463 4771 1717 4830 tanquam
1753 4763 1962 4818 scelera
2002 4776 2089 4818 at-

509 4869 623 4923 que
652 4853 860 4922 piacula
895 4851 1211 4908 detestanda
1242 4849 1525 4919 rcjiciens,
1557 4867 1749 4907 omnes
1807 4853 2094 4910 haeretico-

513 4960 635 5001 rum
658 4960 833 5016 nugas
868 4944 934 4997 ad
994 4942 1223 4998 nihilum
1267 4943 1575 5013 redigebat;
1603 4942 1940 5012 Nicephorus
1993 4945 2098 4999 ini—

595 5121 643 5155 “
686 5119 832 5175 Psal.
880 5135 1033 5186 xvm,
1068 5118 1122 5173 5.
1201 5119 1277 5172 "l
1303 5118 1449 5172 Pctr.
1478 5135 1538 5181 lt,
1564 5117 1620 5172 9.

588 5261 661 5331 (υ)
690 5258 1028 5331 ’ᾅῇιευῃιιοτιιδ
1076 5256 1253 5331 factus
1299 5264 1383 5308 est
1433 5255 1730 5331 imperator
1780 5266 1924 5331 anno
1960 5252 2086 5331 802.

591 5323 979 5401 (aiiNicmnuni
1006 5344 1041 5381 ιι
1080 5327 1322 5381 habitum
1374 5342 1516 5378 almo
1557 5323 1683 5386 737,
1715 5323 1799 5377 cui
1843 5324 2095 5378 interluc-

519 5398 651 5456 t'unt
669 5400 857 5453 Patres
885 5398 1009 5452 530.

598 5472 674 5539 ty)
706 5467 1277 5539 NicephoriusVoccisus
1307 5462 1378 5518 26
1416 5460 1541 5539 Julii
1573 5462 1700 5539 ξηιιί
1753 5460 1877 5539 8_ll,
1901 5476 2093 5539 θυννεί-

525 5530 977 5596 ΐυίι⁷ειειιιι·εἱςίυε
1013 5538 1154 5589 lilius
1184 5530 1355 5602 usque
1376 5536 1441 5587 ad
1475 5533 1529 5585 ll
1569 5531 1812 5585 Januarii
1842 5536 2096 5600 proxnni.

602 5611 683 5677 (ι)
734 5606 964 5661 Michael
1010 5607 1365 5675 Curopalatcs
1419 5604 1748 5661 ate-clamatus
1803 5603 2097 5672 imperator

2199 4402 2377 4460 exitus
2397 4388 2461 4459 se
2485 4405 2868 4474 perducturum
2895 4416 3001 4455 non
3033 4397 3295 4468 speravit,
3315 4393 3418 4447 nisi
3447 4390 3776 4460 praeclarum

2202 4497 2463 4551 Ecclesiae
2492 4497 2708 4559 ducem,
2743 4502 2799 4549 et
2826 4493 2895 4547 ab
2925 4490 3073 4545 omni
3134 4485 3563 4557 reprehensione
3593 4496 3779 4534 remoo

2195 4596 2342 4653 tum,
2362 4597 2525 4641 recta:
2547 4585 2812 4641 doctrina:
2852 4582 3119 4652 regulam,
3163 4579 3527 4648 Nicephorum
3556 4588 3588 4627 e
3617 4586 3779 4626 sacra

2192 4679 2323 4735 sede
2352 4679 2774 4745 eXturbaret,nt
2834 4677 3067 4748 propriae
3110 4672 3332 4728 malitiae
3392 4680 3783 4739 pr0pugnacu-

2196 4768 2304 4822 lum
2346 4766 2643 4823 Ecclesiam
2682 4767 3063 4830 constitueret,
3088 4773 3144 4817 et
3202 4760 3413 4816 nemine
3482 4756 3777 4810 conatibus

2197 4860 2310 4914 suis
2334 4858 2700 4929 repugnante,
2736 4857 2921 4913 omnia
2957 4871 3024 4910 ex
3049 4853 3323 4910 sententia
3347 4864 3445 4905 sua
3475 4857 3532 4903 et
3556 4861 3778 4907 eorum,

2200 4950 2291 5019 qui
2353 4950 2455 5005 sibi
2512 4949 2813 5016 favebant,
2874 4956 2999 5003 tuto.
3057 4945 3457 5001 moderaretur.
3537 4936 3781 4992 Primum

2194 5255 2231 5310 2
2254 5255 2439 5311 octob.
2469 5256 2593 5310 anni
2622 5256 2748 5310 8H.

2268 5327 2344 5396 (τι)
2378 5328 2485 5381 Leo
2514 5336 2808 5380 coronatur
2851 5324 2909 5378 11
2936 5324 3055 5396 jnli_i
3089 5321 3355 5396 anni8l5
3388 5338 3401 5373 :
3441 5319 3785 5396 correximus

2196 5391 2550 5465 autemquod
2592 5397 2860 5465 interpres
2891 5391 2982 5449 hic
3021 5393 3230 5465 Leontii
3254 5407 3468 5465 rnonicn
3514 5405 3631 5465 pro
3677 5391 3783 5440 leo-

2199 5466 2329 5590 ἶιίιὶῗ
2347 5459 2565 5547 inomine
2595 5459 2892 5536 scripserat
2912 5466 2966 5519 in
2993 5463 3324 5533 amphibolia
3343 5463 3489 5517 vocis
3514 5459 3785 5518 λεόντειος

2219 5553 2265 5589 in
2316 5544 2586 5590 uctnatus.
3592 5540 3605 5548 ’

2219 5540 2586 5591 inllucinatus.
3592 5540 3605 5548 ’
