3948 6154
206 304 302 375 ιω
1310 303 1362 325 ’⁶

1731 309 1929 368 VITA.

3355 307 3457 378 162

203 422 364 491 igitur
419 411 647 486 tempus
675 415 1024 479 observabat,
1055 425 1114 470 ttt
1164 430 1288 470 eum
1335 417 1546 474 artibus
1587 434 1650 474 ac
1685 420 1782 475 dou
1814 439 1860 490 Α
1890 439 1997 490 que
2041 422 2323 492 suppliciis
2355 421 2645 478 alliciebat.
2676 422 2782 476 Alii
2817 423 2962 477 enim
2997 424 3238 492 ipsorum
3287 425 3457 494 plagis

205 515 269 568 lis
320 513 373 566 itt
407 511 740 565 sententiam
778 524 930 564 suam
961 509 1277 572 adduceret,
1319 510 1528 582 fingens
1557 525 1678 566 sese
1726 513 1782 567 in

216 614 363 662 recta
423 605 740 671 dogmatutn
815 600 1214 655 exercitatione
1278 603 1509 656 versari.
1571 601 1819 692 Verum‘

204 711 323 750 eum
358 695 442 748 vir
475 695 568 747 ille
614 693 922 746 divinarum
959 705 1144 745 rerum
1183 692 1550 759 peritissimus
1579 702 1636 747 et
1655 708 1784 762 pru-

203 785 721 848 dentissimus,ttttu
790 781 977 835 multis
1003 782 1394 846 ~serntonibus,
1443 789 1554 835 tum
1597 782 1784 850 Scrip-

209 891 457 932 tttrarttm
486 873 840 939 testimoniis,
870 881 980 927 tum
1018 871 1324 942 longissimi
1355 873 1616 941 temporis
1643 887 1792 928 con--

204 963 964 1033 suetudine—comprobatum
1003 966 1302 1032 imaginum
1359 980 1516 1020 usum
1564 966 1787 1022 demon-

204 1066 406 1111 straret
429 1071 531 1110 nec
557 1065 738 1108 tamen
774 1053 1095 1108 insolentem
1150 1054 1424 1108 hominem
1447 1069 1476 1107 a
1508 1055 1786 1123 preposito

204 1156 392 1216 posset
437 1145 745 1209 dimovere,
781 1153 910 1198 tunc
953 1144 1133 1208 dolus,
1165 1145 1255 1214 qui
1314 1153 1474 1200 antea
1529 1145 1782 1211 latuerat,

205 1240 255 1291 in
285 1247 540 1306 apertum
589 1236 774 1304 erupit
813 1254 828 1291 :
884 1251 1064 1291 mores
1124 1237 1268 1290 enim
1323 1237 1531 1291 ferinos
1577 1237 1784 1293 uotuini

202 1321 578 1398 congruentes
625 1330 872 1396 gerebat.
897 1327 1090 1397 Itaque
1140 1335 1398 1396 tanquam
1447 1329 1789 1397 perniciosus

201 1422 424 1489 quidam
456 1435 614 1490 aper,
630 1428 723 1473 aut
747 1419 1093 1477 suavissimus
1119 1417 1229 1483 leo,
1258 1420 1618 1490 immanisque
1645 1419 1786 1484 fera,

203 1511 544 1565 salutaribus
575 1509 818 1580 Magistri
867 1511 1210 1567 documentis
1259 1511 1348 1568 sic
1395 1525 1557 1566 aures
1603 1512 1786 1565 occlu-

203 1603 358 1667 deus,
413 1612 480 1654 ut
530 1603 676 1671 aspis
722 1600 1203 1668 incantationibus,
1255 1601 1390 1657 nihil
1439 1603 1786 1668 movebatur,

202 1691 296 1746 sed
325 1690 666 1745 obstinatius
688 1687 1018 1744 insaniebat.
1600 1699 1602 1701 '

268 1798 322 1852 5.
365 1797 570 1851 Statim
607 1798 774 1869 igitur
801 1809 856 1852 et
887 1799 1106 1868 pietatis
1139 1800 1257 1855 zelo
1297 1812 1353 1857 et
1403 1805 1776 1873 praestantiori
1814 1793 1858 1848 Β

199 1891 409 1946 auxilio
439 1891 803 1946 conﬁrmatus
831 1891 934 1958 vir,
962 1892 1102 1946 cuia
1127 1895 1356 1948 victoria
1389 1911 1586 1952 nomen
1634 1908 1774 1963 erat,

200 1994 249 2036 et
285 1993 580 2050 propterea
615 1983 956 2052 Nicephorus
975 1987 1296 2052 vocabatur,
1330 1996 1553 2046 strenue
1582 1991 1778 2045 adver-

202 2089 294 2128 sus
325 2075 667 2142 impietatem
704 2085 759 2130 et
791 2087 1078 2146 tyranuum
1110 2077 1404 2148 impietatis
1430 2081 1769 2137 defensorem

204 2168 516 2229 instruitur,
552 2168 868 2235 coactisque
914 2169 1187 2238 primariis
1217 2173 1612 2240 sacerdotibus,
1640 2176 1774 2229 viris

205 2267 314 2309 tum
375 2259 486 2309 vita
549 2271 659 2312 tum
725 2262 968 2314 doctrina
1016 2263 1279 2330 probatis,
1325 2265 1417 2334 qui
1472 2266 1630 2319 simul
1681 2283 1778 2336 pro

204 2352 402 2416 pietat--
433 2365 680 2418 pugnare
706 2351 879 2420 parati
930 2361 1108 2414 erant,
1137 2355 1202 2407 de
1228 2357 1501 2408 communi
1551 2368 1784 2411 sentem--

205 2440 276 2492 tia
304 2441 493 2508 inique
519 2455 578 2493 se
611 2451 892 2507 gerentem
925 2443 1332 2510 imperatorem,
1369 2445 1496 2499 licet
1549 2448 1774 2508 frustra,

203 2543 590 2600 coargueruut,
630 2542 686 2585 et
742 2543 1000 2602 tanquam
1043 2538 1494 2591 contumeliosum
1548 2539 1643 2593 Dei
1687 2556 1774 2594 re-

205 2632 432 2691 rumque
459 2619 769 2677 divinarum
803 2627 1011 2679 hostem
1039 2626 1378 2694 judicarunt.
1407 2629 1774 2694 Quamobrem

202 2730 467 2784 arrogans
485 2725 540 2768 et
572 2717 839 2784 superbus
863 2718 954 2771 ille
973 2717 1260 2772 confestim
1293 2731 1347 2774 et
1375 2720 1774 2780 simulationem

200 2817 360 2868 quam
425 2804 760 2865 occultabat,
821 2808 1056 2872 aperire,
1082 2815 1135 2858 et
1164 2809 1496 2862 reconditam
1555 2811 1778 2863 malitiae

200 2891 495 2953 rationem,
547 2901 804 2964 tanquam
863 2893 1258 2953 redundantem
1319 2894 1608 2964 quamdam
1657 2913 1778 2952 eor-

203 2989 486 3048 ruptorum
521 2981 808 3034 humerum
845 2997 911 3036 ex
934 2984 1202 3037 cruditate
1223 2965 1458 3053 copiam,
1492 3002 1771 3052 evomere,

202 3079 290 3142 aut
319 3068 602 3123 deformes
653 3079 710 3124 et
757 3071 824 3122 ittt
843 3071 1112 3139 perfectos
1156 3088 1219 3125 ex
1287 3074 1480 3126 abortu
1538 3075 1678 3128 fetus
1723 3075 1774 3127 itt

1886 527 1952 566 ac
1983 512 2272 568 tormentis
2310 512 2627 566 crudelibus
2649 513 3104 568 excruciabantttr
3133 530 3148 566 :
3179 513 3271 566 alii
3319 515 3460 568 fatue

1885 610 1940 656 et
1993 601 2081 656 siti
2151 601 2206 655 in
2261 616 2480 656 carcere
2526 601 2616 655 diu
2673 601 3056 670 premebantur
3090 619 3104 656 :
3137 603 3286 656 tuulti
3341 605 3461 660 sine

1887 690 1994 745 ulla
2059 691 2230 745 venias
2270 706 2366 760 spe
2423 691 2778 760 mittebantur
2835 691 2890 744 in
2955 692 3208 745 exsilium
3269 710 3283 746 :
3347 709 3456 752 non

1883 779 2043 850 pauci
2106 779 2482 849 spoliabantur
2535 779 2772 833 fortunis
2828 780 2897 833 ob
2943 780 2994 832 id
3041 779 3254 843 solum,
3312 783 3458 850 quod

1885 881 2045 926 erant
2071 872 2290 940 pietatis
2324 871 2552 925 studiosi
2583 888 2596 924 :
2627 871 2847 939 quidam
2880 872 3067 935 etiam,
3095 882 3153 924 ut
3181 872 3322 925 fama
3351 883 3458 936 est,

1884 963 2022 1018 clam
2084 964 2440 1020 necabantur.
2501 961 2752 1018 Nonnulli
2797 962 2959 1033 igitur
3005 965 3357 1031 magistratus
3401 973 3458 1016 et

1884 1055 1938 1109 in
1968 1056 2262 1126 dignitates
2290 1054 2593 1116 constituti,
2625 1064 2679 1108 et
2711 1056 3044 1118 sacerdotes,
3075 1063 3130 1108 et
3178 1056 3458 1120 monachi,

1884 1154 1938 1198 et
1973 1135 2040 1199 es
2087 1144 2292 1213 reliqua
2344 1144 2713 1206 multitudine,
2765 1144 2961 1210 partim
3015 1145 3354 1211 intpetrantis
3405 1145 3456 1204 vi

1886 1236 2163 1305 pertracti,
2184 1236 2258 1289 illi
2281 1236 2662 1300 adhaerebant;
2686 1235 2880 1302 partim
2901 1245 3066 1294 metu,
3087 1236 3281 1302 partim
3309 1235 3459 1304 igna-

1883 1327 1991 1390 via,
2026 1326 2221 1395 partim
2257 1326 2439 1396 gloriae
2468 1326 2767 1394 cupiditate
2795 1327 3280 1394 corrumpebantur
3314 1342 3328 1378 :
3361 1325 3455 1378 sed

1887 1420 2126 1474 maxima
2159 1433 2285 1488 pars
2306 1419 2528 1474 stabiles
2571 1427 2630 1474 et
2664 1427 2984 1473 constantes
3019 1419 3074 1471 in
3112 1420 3215 1473 tide
3245 1418 3457 1472 animos

1885 1513 2266 1565 conservabat.

1954 1623 2184 1680 7.-Tunc
2229 1639 2384 1679 sacra
2433 1625 2485 1678 in
2535 1624 2696 1692 regiae
2728 1623 2968 1679 civitatis
3022 1623 3148 1676 sede
3198 1633 3308 1676 tres
3341 1621 3456 1675 veri

1887 1717 2121 1784 pastoris
2156 1715 2475 1778 adversarii,
2501 1715 2692 1768 ordine
2741 1729 2879 1768 unus
2931 1723 3051 1781 post
3070 1713 3254 1774 alium,
3296 1713 3456 1780 impie

1885 1808 2264 1870 consederunt,
2299 1807 2608 1860 Theodotus
2643 1805 2737 1875 (c),
2764 1806 3050 1868 Antonius,
3074 1814 3128 1858 et
3167 1803 3402 1857 Joannes
3435 1819 3450 1855 :

1887 1899 1977 1965 qui
2005 1907 2256 1966 tanquam
2285 1911 2478 1965 graves
2511 1896 2730 1965 quidam
2768 1894 2902 1964 lupi,
2933 1896 3128 1963 passim
3159 1894 3453 1948 Ect-lesiam

1886 1987 2261 2044 laceraverunt
2288 2002 2351 2040 ac
2376 1991 2725 2041 devorarunt.
2763 1985 2827 2038 Et
2861 1986 2983 2037 aliis
3020 1986 3074 2036 in
3120 1985 3250 2037 locis
3299 1993 3353 2037 et
3384 1983 3459 2037 ci-

1886 2080 2176 2145 vitatibus,
2223 2079 2460 2148 ejusdem
2491 2077 2764 2146 opinionis
2812 2077 3126 2130 sacerdotes
3184 2090 3246 2127 ac
3287 2075 3456 2130 duces

1887 2171 2153 2240 imperiti,
2191 2183 2246 2224 et
2274 2169 2472 2223 ttttllitts
2518 2169 2677 2238 pretii
2724 2168 2975 2221 homines
3005 2165 3262 2219 Ecclesiis
3321 2182 3452 2232 prtu-

1886 2261 2011 2314 fecti
2046 2270 2172 2314 sunt
2205 2274 2220 2312 :
2259 2260 2350 2329 qui
2387 2259 2722 2313 exsecrabile
2755 2272 2818 2311 ac
2868 2256 3244 2309 detestandum
3296 2268 3456 2310 secta:

1885 2363 1995 2403 sua:
2033 2348 2310 2402 decretum
2359 2347 2524 2414 impie
2555 2355 2610 2400 et
2653 2345 2815 2398 stulte
2848 2345 3252 2406 continuantes,
3291 2345 3456 2398 variis

1888 2438 2063 2492 modis
2091 2441 2162 2492 ita
2188 2438 2368 2494 conati
2393 2448 2519 2490 sunt
2554 2437 2848 2504 imaginum
2879 2450 3031 2490 nsunt
3061 2438 3343 2503 abrogare,
3375 2448 3453 2502 ut,

1897 2539 2159 2600 quantum
2203 2531 2257 2583 in
2288 2530 2420 2594 ipsis
2450 2529 2573 2592 fuit,
2611 2528 2813 2588 nullum
2851 2544 3032 2580 earum
3057 2528 3339 2595 vestigium
3373 2543 3456 2581 re-

1889 2620 2251 2689 linqueretur,
2284 2621 2428 2688 quod
2454 2619 2538 2674 vel
2570 2619 2663 2671 Dei
2693 2617 2852 2672 Verbi
2889 2633 3107 2672 carnem
3135 2619 3334 2682 induti,
3368 2618 3454 2682 Vel

1885 2709 2243 2764 sanctissima:
2278 2709 2368 2762 Dei
2408 2705 2721 2766 Genitricis,
2764 2707 2846 2759 vel
2880 2707 3182 2774 cmlestiutu
3221 2709 3440 2777 angelo-

1888 2815 2025 2863 rum,
2059 2809 2152 2852 aut
2196 2799 2357 2851 totius
2397 2797 2587 2866 reliqui
2637 2807 2945 2850 sanctorum
2981 2807 3142 2866 atque
3183 2797 3452 2866 jttstortttn

1884 2890 2090 2943 ordinis
2113 2890 2348 2956 speciem
2374 2902 2485 2955 pra:
2517 2901 2574 2940 se
2591 2885 2779 2946 ferret.
2812 2887 2939 2942 Erat
2963 2899 3139 2940 autem
3164 2888 3452 2951 admodum

1884 2978 2176 3032 absurdum
2229 2988 2283 3028 et
2339 2989 2542 3044 grave,
2596 2975 2779 3028 videre
2845 2977 3043 3042 passim
3101 2987 3451 3031 sacrosancta

1887 3070 2080 3140 templa
2110 3069 2176 3120 ab
2211 3065 2456 3120 obscuris
2497 3074 2552 3119 et
2591 3067 2943 3120 exsecrandis
2976 3067 3307 3131 hominibus,
3332 3067 3451 3136 pul-

204 3159 375 3213 lttcem
407 3151 582 3214 edere
603 3173 827 3214 coactus
855 3171 957 3215 est.
992 3161 1294 3231 Tyrannica
1343 3165 1506 3231 igitur
1553 3166 1776 3219 audacia
1806 3148 1848 3204 (ἶ
1882 3159 2191 3214 eltrituditte
2223 3171 2318 3208 sua
2352 3165 2409 3208 et
2441 3157 2711 3215 veteribus
2749 3159 3080 3212 ornamentis
3110 3157 3354 3224 spoliari.

203 3250 617 3306 celeberrimum
677 3254 1065 3321 patriarcham,
1097 3269 1129 3307 e
1181 3255 1308 3308 sede
1341 3270 1439 3309 sua
1495 3256 1777 3320 depulsum

204 3342 253 3393 in
279 3343 484 3396 exsilio
507 3342 694 3396 vivere
725 3344 987 3411 compulit
1013 3344 1089 3413 (ὁ)
1125 3361 1138 3397 :
1175 3359 1241 3397 ne
1273 3345 1400 3398 illttd
1429 3346 1645 3414 quidem
1687 3361 1779 3400 ve-

204 3431 359 3493 ritus,
396 3431 442 3484 si
480 3431 634 3492 nihil
668 3431 834 3495 aliud,
856 3432 1000 3506 quod
1044 3431 1396 3499 itupositioue
1424 3443 1480 3487 et
1528 3435 1778 3502 obsigna-

208 3522 350 3574 tione
380 3537 650 3576 tuattuutn
671 3522 1036 3593 ipsius-(quod
1060 3523 1176 3578 fieri
1196 3539 1300 3580 non
1329 3523 1536 3592 debuit)
1559 3523 1770 3592 imperii

204 3625 462 3664 coronam
496 3627 808 3680 acceperat.
836 3613 1035 3668 Verum
1060 3624 1119 3667 ut
1147 3613 1438 3668 verisimile
1469 3625 1571 3678 est,
1597 3613 1776 3667 defec-

206 3701 366 3753 tionis
419 3711 475 3753 et
561 3703 864 3774 tyrannidis
923 3703 1132 3757 lubrico
1189 3703 1390 3771 lapsus,
1443 3704 1605 3758 simul
1651 3718 1772 3759 cum

207 3788 406 3853 pietate
431 3790 777 3857 prudentiam
805 3793 1143 3845 et'rationem
1161 3807 1225 3844 ac
1245 3801 1477 3846 mentem
1498 3792 1772 3846 amiserat.

205 3874 388 3946 Itaque
439 3880 673 3932 nefanda
720 3881 1016 3948 impietatis
1054 3893 1216 3951 atque
1257 3884 1495 3936 audaciae
1535 3869 1776 3946 facinora

204 3972 651 4038 aggrediebatttr.

272 4084 325 4136 6.
361 4085 686 4137 Patriarcha
711 4099 861 4148 vero,
897 4094 954 4138 ut
989 4087 1202 4155 pacifici
1241 4086 1483 4156 magistri
1541 4088 1774 4157 discipu-

209 4171 308 4235 lus,
349 4175 420 4226 ab
444 4173 694 4228 Ecclesia
729 4175 983 4228 discessit
1019 4177 1188 4228 tristis
1213 4186 1266 4228 et
1303 4177 1804 4244 laetymabtrndus,'

209 4273 261 4313 ut
289 4264 378 4331 qui
411 4279 670 4332 sponsam
703 4265 1126 4327 immaculatum,
1156 4268 1256 4320 sibi
1292 4280 1322 4319 a
1357 4267 1467 4322 Deo
1498 4268 1772 4333 traditam,

209 4357 445 4411 discessu
476 4371 578 4410 suo
633 4367 952 4414 maerentem
1005 4360 1557 4428 ingemiscentetnque
1611 4359 1776 4413 relino

209 4459 414 4515 queret.
453 4449 724 4520 Populum
751 4457 929 4502 autem
961 4460 1017 4503 et
1040 4461 1254 4519 gregem
1282 4466 1439 4512 suum
1455 4453 1773 4520 opportunis
1803 4487 1848 4543 υ

209 4539 550 4593 sermonibus
583 4541 883 4594 insttuebat
911 4552 965 4595 et
993 4544 1398 4607 cohortabatur,
1427 4554 1483 4595 ut
1506 4544 1770 4611 integram

211 4629 257 4680 in
290 4630 509 4683 vinculo
541 4632 690 4698 pacis
729 4631 888 4685 fidem
921 4633 1261 4687 observaret.
1292 4635 1471 4688 Atille
1500 4634 1774 4690 insaniens

210 4731 257 4772 et
285 4719 470 4774 furore
521 4723 785 4789 pet-citus,
817 4723 1072 4790 pietatctu
1131 4711 1227 4792 pro
1255 4724 1461 4780 viribus
1518 4725 1774 4794 pergebat

213 4813 501 4865 inscctari:
548 4827 648 4867 nec
699 4797 984 4868 contentus
1028 4815 1118 4878 iis,
1145 4830 1266 4882 quae
1299 4816 1358 4868 itt
1407 4817 1769 4885 patriarcham

213 4902 444 4954 divinum
493 4894 1071 4969 cetntuis’erat,adhue
1133 4905 1353 4960 malitia:
1401 4921 1512 4961 sua:
1553 4921 1769 4977 specta-

211 4995 343 5060 cula,
376 4996 857 5058 lamentationibus
881 5002 936 5051 et
966 4999 1254 5068 gemitibus
1277 5001 1458 5069 digtta,
1496 5001 1546 5053 itt
1590 5000 1770 5070 plures

211 5086 414 5141 edebat.
458 5087 686 5152 Omnes,
714 5089 804 5156 qui
859 5099 1007 5144 recta
1052 5072 1296 5145 veritatis
1339 5095 1585 5160 dogmata
1625 5105 1774 5145 com-

213 5175 343 5242 plexi
376 5193 499 5232 cum
535 5181 800 5248 magistro
839 5167 1254 5248 consenserant,
1281 5184 1543 5252 primario
1585 5197 1770 5237 sacer-

211 5267 376 5333 dotes,
399 5272 806 5340 monachosque
861 5284 914 5328 et
959 5283 1276 5343 praestantes
1314 5276 1367 5328 itt
1418 5275 1632 5344 populo,
1658 5285 1769 5328 tum

208 5360 349 5416 viros
390 5374 498 5416 tum
545 5365 710 5418 etiam
735 5365 995 5430 feminas,
1025 5382 1131 5430 non
1177 5367 1412 5420 ferendis
1453 5372 1626 5436 pamis
1684 5379 1766 5420 at-

268 5538 336 5602 fb)
361 5538 587 5603 Eiectos
616 5551 703 5595 est
728 5542 793 5595 M
815 5542 1084 5598 Februarii
1124 5544 1250 5597 anni
1286 5543 1406 5596 815.

265 5609 330 5676 (ε)
373 5609 698 5680 Theodotus
718 5612 1036 5676 Cassiteras,
1063 5615 1330 5666 Antonius
1355 5629 1420 5666 ex
1463 5611 1676 5680 Syilteo.
1697 5621 1755 5666 et

195 5673 422 5736 Ioannes
450 5681 573 5736 sive
601 5679 808 5735 Janncs
841 5673 1122 5752 Sytteelltts
1145 5699 1288 5737 anno
1329 5682 1430 5736 84?.
1455 5673 1749 5752 dépnsitus.

1949 3247 2004 3301 8.
2035 3248 2212 3313 Atque
2239 3245 2341 3298 ista
2367 3244 2583 3313 quidem
2610 3244 2734 3302 tituli
2764 3245 3060 3304 dominatio
3101 3247 3448 3314 gravissimas

1879 3337 2214 3408 Calatnitates
2257 3337 2481 3402 invexit,
2529 3345 2584 3392 et
2627 3346 2820 3390 Cuncta
2875 3337 3191 3405 permiscuit
3230 3356 3293 3391 ac
3325 3354 3445 3405 pcr-

1882 3428 2136 3492 turbavit,
2171 3442 2275 3480 non
2310 3429 2506 3493 exiguo
2556 3436 2646 3478 attt
2677 3427 2828 3482 brevi
2867 3431 3125 3496 temporis
3157 3428 3440 3482 intervallo

1879 3518 2222 3584 imperatoris
2253 3521 2444 3572 robore
2485 3519 2716 3583 ntttnita,
2741 3520 2836 3577 sed
2871 3520 3086 3585 triginta
3131 3522 3209 3587 (ιι)
3273 3536 3441 3588 prope

1877 3623 2141 3662 annorum
2202 3611 2397 3678 spatio.
2448 3609 2688 3673 Quorum
2716 3611 3352 3679 cumquatttordecim(e)
3386 3615 3438 3664 in

1876 3698 2067 3754 eXsilio
2089 3700 2244 3752 divus
2273 3699 2785 3766 PaterNicephorus
2832 3704 3199 3767 transegisset,
3225 3703 3292 3754 ab
3339 3704 3442 3756 hac

1878 3791 2092 3846 mortali
2125 3793 2232 3851 vita
2259 3793 2600 3860 migravitad
2642 3792 3005 3845 immortalem
3045 3809 3058 3844 :
3099 3802 3154 3846 et
3194 3797 3441 3862 sepultus

1877 3894 1962 3940 est
2008 3885 2159 3952 juxta
2209 3886 2460 3953 templum
2509 3884 2680 3937 sancti
2719 3886 2972 3952 martyris
3015 3883 3284 3939 Theodori
3326 3929 3339 3952 ,
3378 3889 3428 3939 itt

1878 3976 2210 4030 monasterio
2265 3978 2406 4042 quod
2437 3976 2550 4042 ipse
2576 3988 2605 4024 a
2636 3972 2999 4026 fundamentis
3033 3983 3434 4028 construxerat.

1876 4064 1933 4121 In
1964 4065 2066 4120 hoc
2105 4065 2268 4126 enim,
2303 4077 2424 4116 cum
2467 4072 2616 4116 esset
2649 4063 2906 4116 multatus
2952 4061 3162 4126 exsilio,
3189 4063 3330 4130 piam
3381 4073 3437 4122 et

1875 4168 2084 4209 sacram
2122 4154 2284 4206 vitam
2314 4151 2570 4213 traduxit,
2603 4160 2658 4202 ct
2683 4151 2944 4204 virtutum
2990 4153 3170 4204 studio
3200 4162 3432 4206 mentem

1876 4257 2026 4295 suam
2073 4241 2359 4310 diligenter
2407 4238 2643 4292 excoluit
2679 4251 2846 4306 atque
2890 4242 3236 4308 expurgat/it,
3270 4256 3435 4309 seque

1877 4349 2067 4402 purum
2097 4332 2189 4388 Dei
2220 4344 2507 4402 rerumque
2528 4330 2834 4387 divinat-um
2865 4332 3123 4399 templum
3163 4334 3430 4404 exhibuit,

1875 4439 1996 4478 cum
2022 4424 2212 4478 similis
2242 4413 2386 4476 esScl
2415 4425 2749 4488 angelorum,
2780 4432 2834 4486 et
2864 4423 3023 4477 simul
3081 4434 3189 4478 ttnu
3241 4440 3430 4480 mona-

1875 4519 2023 4572 stictn
2048 4528 2157 4570 tttttt
2187 4516 2472 4586 pontificitc
2500 4517 2620 4569 vita:
2640 4516 2964 4584 dignitatem
2989 4521 3282 4574 virtutibus
3315 4521 3428 4576 suis

1871 4609 2172 4666 exornavit.

1942 4720 1994 4775 9.
2030 4719 2298 4774 Hactenus
2354 4720 2918 4785 commemoravimus,
2975 4723 3428 4797 quemadmodum

1871 4812 2213 4867 beatissimus
2254 4810 2626 4879 .Nicephorus,
2677 4820 2734 4863 ut
2786 4813 3022 4880 optimus
3076 4818 3427 4883 gubernator,

1876 4920 2070 4958 munus
2097 4903 2526 4958 eclcesiasticum
2584 4905 2858 4973 sapienter
2891 4908 3285 4962 administrarit
3327 4926 3340 4962 :
3373 4917 3426 4963 et

1880 5008 1985 5050 tam
2015 4996 2134 5050 vita:
2157 4996 2434 5051 honestate
2465 5010 2623 5064 quam
2656 4997 2980 5065 cognitionis
3021 4999 3343 5054 excellentia
3371 5010 3426 5065 et

1874 5105 2080 5145 sensus.
2100 5103 2284 5143 omnes
2304 5097 2358 5142 et
2389 5086 2627 5140 animum
2674 5098 2820 5144 recte
2850 5092 2916 5142 ad
2977 5091 3233 5159 pietatem
3270 5093 3424 5148 insti—

1875 5182 2077 5236 tuerit:
2115 5190 2169 5235 et
2211 5180 2344 5250 quod
2377 5181 2440 5232 ad
2469 5179 2624 5236 fidem
2676 5181 2927 5249 pertinet,
2957 5184 3242 5251 tranquille
3289 5201 3433 5240 sent—

1863 5265 1965 5344 per
1988 5288 2200 5326 cursum
2248 5274 2469 5325 tenuerit
2501 5281 2554 5326 et
2603 5272 2874 5340 legitimas
2909 5276 3030 5328 vita:
3061 5277 3233 5330 civilis
3267 5278 3421 5332 iusti.-

1872 5367 2104 5420 tutiones
2123 5365 2416 5419 ohservarit
2449 5377 2462 5415 :
2495 5371 2548 5416 et
2567 5365 3011 5430 quemadmodum
3039 5366 3258 5432 invidia,
3303 5385 3406 5437 qua

1937 5539 2013 5602 ((1)
2044 5540 2123 5592 Ab
2153 5555 2293 5593 anno
2331 5537 2450 5601 815,
2487 5536 2552 5589 ad
2583 5517 2779 5588 annum
2802 5535 2923 5590 84?.

1933 5611 2001 5672 (ρ)
2052 5609 2162 5663 imo
2198 5625 2319 5662 cum
2351 5608 2413 5660 14
2466 5606 2636 5660 exsilii
2681 5622 2883 5658 annum
2933 5615 3149 5676 ageret,
3213 5607 3416 5661 scilicet

1863 5701 1892 5738 a
1923 5681 1984 5735 l3
2016 5679 2187 5735 Martii
2214 5695 2299 5733 an.
2323 5678 2422 5732 8l5
2442 5691 2607 5745 usque
2627 5677 2692 5732 ad
2716 5691 2804 5730 an.
2829 5678 2953 5743 8:28,
2981 5687 3036 5732 ct
3067 5677 3212 5732 dietn
3233 5679 3265 5732 2
3287 5677 3410 5741 Jun.
