3980 6140
467 288 566 352 163

1483 290 1544 348 S.
1582 286 2000 348 NlCEPHORI
2038 285 2544 346 PATRIARCHE
2579 284 2686 354 ΕΡ,

3611 270 3716 334 liii

462 415 610 459 recte
662 401 808 457 facta
861 416 1090 473 carpere
1137 403 1453 466 consuevit,
1512 401 1686 455 livore
1745 413 2034 466 commota,
2067 421 2112 473 Α
2140 401 2409 470 proponit.
2437 398 2680 466 Cumque
2702 398 2844 450 idem
2868 406 3059 447 omnes
3082 391 3382 445 sentientes
3411 390 3714 456 comperis-

462 511 585 547 cum
617 491 815 547 Christi
841 507 1058 563 gregem
1089 490 1306 560 optimis
1351 492 1660 561 quibusque
1690 502 1906 545 auctum
1948 503 2033 546 at-

461 597 568 654 que
605 593 858 638 ornatum
888 583 1148 636 institutis
1185 582 1385 635 intueri
1415 597 1524 635 non
1576 590 1778 650 posset,
1800 580 2034 634 Leonem

465 675 874 741 imperatorem,
906 673 1272 742 perniciosmn
1328 673 1522 724 animae
1581 672 1813 740 propriae
1853 671 2036 724 inimi-

471 782 616 831 cum,
646 765 940 834 impulerit,
971 773 1027 817 ut
1046 778 1306 817 novarum
1335 779 1512 817 rerum
1549 764 1603 814 in
1640 764 1900 831 religione
1920 774 2037 817 stu-

469 857 558 912 dio
592 859 849 910 adversus
877 857 1040 908 Deum
1090 855 1418 922 insurgeret,
1453 864 1509 908 et
1556 870 1653 921 pro
1693 854 1895 907 viribus
1951 868 2037 908 res

469 962 684 1004 sanctas
715 958 876 1016 atque
901 948 1115 1002 divinas
1146 949 1488 1002 contumeliis
1513 947 1754 1000 alliceret
1791 955 1859 1001 'et
1905 961 2036 1000 con-

470 1041 782 1103 taminaret,
815 1048 873 1093 et
901 1039 970 1092 ad
998 1049 1303 1092 extremum
1353 1053 1385 1093 e
1423 1053 1578 1093 sacra
1633 1041 1760 1093 sede
1793 1039 2034 1090 divinum

467 1133 608 1186 hunc
637 1133 810 1184 virum
839 1131 1152 1184 exturbaret
1186 1140 1347 1198 atque
1377 1130 1432 1184 in
1485 1131 1732 1184 exsilium
1771 1129 1991 1196 ejiceret
2019 1147 2034 1181 :

465 1223 554 1274 ubi
590 1221 878 1273 virtutibus
907 1230 962 1272 et
992 1219 1546 1290 coulemplationibus
1589 1223 1826 1273 animum
1877 1233 2038 1272 exco-

466 1311 581 1365 leus
605 1320 657 1363 et
687 1327 810 1364 cum
837 1312 946 1363 Deo
974 1325 1218 1374 versans,
1254 1312 1390 1363 bene
1417 1311 1681 1378 beateque
1710 1313 1877 1361 vitam
1925 1318 2032 1361 tra-

466 1401 641 1454 duxit.
673 1401 825 1454 Nunc
859 1409 1042 1453 autem
1073 1410 1281 1468 tempus
1306 1410 1390 1454 est
1422 1409 1500 1464 ut,
1533 1415 1652 1453 cum
1699 1399 2035 1468 provident—ia

466 1491 560 1545 Dei
595 1493 683 1558 qui
713 1492 902 1544 mortis
926 1491 1172 1543 umbram
1193 1492 1242 1544 in
1271 1493 1598 1544 matutinum
1620 1491 1960 1559 splendorem
1983 1497 2038 1541 et

469 1579 723 1632 tenebras
751 1579 804 1630 in
839 1578 1011 1631 lucem
1070 1579 1358 1638 convertit,
1390 1593 1678 1634 maerorem
1732 1588 1894 1644 atque
1930 1576 2033 1629 tri-

467 1667 673 1719 stitiam
707 1667 756 1719 iu
784 1667 1037 1735 gaudium
1061 1666 1407 1734 laetitiamque
1434 1665 1807 1731 commutavit,
1835 1666 1884 1718 in
1909 1667 2033 1723 reli-

2135 502 2239 557 set,
2276 493 2576 559 diurnoque
2635 488 2755 558 ejus
2827 486 2904 538 rei
2969 481 3240 538 desiderio
3305 479 3503 541 teneri.
3542 491 3717 548 atque

2135 585 2316 637 animo
2337 579 2638 636 excruciari
2675 585 2893 646 propter
2923 573 3195 642 religionis
3229 572 3282 625 in
3320 587 3382 624 ea
3418 586 3478 624 re
3531 581 3715 624 muta-

2139 675 2428 737 tationem;
2462 671 2773 740 postulavit,
2807 678 2867 722 ut
2908 682 2966 720 se
3011 665 3232 718 Patrum
3265 665 3430 718 etiam
3475 662 3716 716 auctori-

2139 765 2343 819 tatibus
2369 766 2452 818 ad
2489 764 2774 818 veritatem
2825 758 3394 830 conﬁrmarenthquas
3440 755 3608 808 Variis
3659 757 3713 808 in

2136 856 2290 910 libris
2321 855 2656 916 invenissent
2687 869 2700 905 :
2738 829 3121 918 mandavitque
3147 829 3258 915 quo
3296 848 3346 899 in
3377 845 3494 898 loco
3525 845 3715 913 palatii

2137 948 2434 1018 praeﬁnitus
2462 956 2638 1000 cattus
2661 941 3032 997 ecclesiaticus
3077 939 3362 993 universus
3401 948 3713 1007 eugereIur,

2136 1049 2191 1091 et
2219 1039 2284 1091 ad
2325 1037 2576 1106 populum
2613 1049 2674 1088 ea
2729 1034 2795 1086 de
2851 1048 2911 1086 re
2953 1045 3114 1100 quam
3161 1029 3504 1099 apertissime
3548 1027 3714 1080 verba

2139 1129 2364 1182 faceret.
2423 1109 2598 1180 Tanta
2675 1135 2892 1188 autem,
2945 1122 3240 1175 multitudo
3299 1117 3597 1179 conﬂuxit,
3657 1126 3717 1169 ut

2139 1234 2365 1273 numero
2381 1217 2764 1284 comprehendi
2791 1230 2895 1268 non
2919 1221 3125 1282 posset.
3149 1211 3538 1270 Convencrunt
3560 1208 3709 1260 enim

2139 1327 2244 1364 non
2268 1309 2439 1364 solum
2467 1308 2563 1374 illi,
2586 1309 2675 1376 qui
2709 1307 2940 1360 mentem
2971 1321 3158 1360 sanam
3184 1303 3481 1372 iuipietatis
3503 1312 3718 1369 tempea-

2141 1401 2292 1454 ribus
2327 1408 2736 1460 conservaram,
2766 1411 2954 1449 verum
2998 1395 3162 1448 etiam
3191 1395 3498 1461 complures
3523 1407 3590 1444 ex
3625 1391 3715 1454 iis,

2139 1489 2230 1557 qui
2285 1502 2406 1541 cum
2451 1485 2672 1556 pietatis
2728 1469 2977 1538 hostibus
3031 1489 3445 1543 consenserant,
3509 1480 3719 1547 quique

2139 1577 2460 1634 Sacerdotiis
2481 1585 2534 1627 et
2569 1574 2824 1630 Ecclesiis
2849 1572 3102 1641 regendis
3137 1573 3206 1625 ab
3233 1571 3366 1638 ipsis
3393 1571 3553 1624 electi
3583 1568 3718 1637 fue-

2143 1680 2268 1724 rant
2313 1689 2324 1724 :
2380 1685 2410 1722 e
2455 1667 2787 1736 vcstigioque
2837 1674 3046 1717 mutata
3107 1663 3402 1725 sententia,
3447 1676 3563 1726 eos,
3619 1660 3717 1728 qui

468 1772 571 1826 qua
599 1755 856 1811 orationis
890 1767 1043 1825 parte
1072 1755 1312 1809 breviter
1362 1756 1820 1818 demonstremus,
1851 1771 2038 1822 quem-
2073 1758 2112 1816 Β
2140 1769 2356 1815 sanctas
2413 1760 2688 1828 imagines,
2712 1763 3108 1827 oppugnarunt,
3147 1753 3482 1818 anathemati
3524 1751 3716 1820 subje-

467 1846 755 1898 admodum
793 1860 1008 1899 sacrum
1059 1844 1201 1898 illius
1260 1860 1456 1914 corpus
1505 1846 1556 1898 in
1598 1846 1795 1914 regiam
1853 1846 2038 1906 urbem

433 1963 440 1969 ’
473 1937 792 1991 translatum
831 1935 902 1987 sit
932 1953 946 1988 :
976 1936 1076 1989 hoc
1107 1935 1252 1988 enim
1281 1936 1437 1988 nobis
1468 1936 1809 2004 potissimum
1846 1951 2039 2002 propu-

471 2041 755 2080 sueramus
796 2041 810 2090 ;
843 2025 968 2087 licet
1021 2026 1071 2078 in
1121 2025 1242 2080 aliis
1287 2025 1444 2080 rebus
1483 2026 1834 2086 recensendis
1868 2027 2039 2086 simus

469 2117 761 2172 immorati.

1083 2252 1314 2307 CAPUT
1353 2253 1420 2306 ll.

470 2362 666 2434 Corpus
713 2364 880 2421 sancti
949 2361 1237 2431 Nicepliori
1283 2382 1473 2433 magna
1524 2367 1853 2420 solemnitate
1898 2364 2034 2430 Con.-

862 2436 1253 2502 stantinmwlint
1289 2440 1628 2500 translatum,

543 2611 628 2666 10.
659 2611 1018 2679 Posteaquam
1069 2612 1234 2670 enim,
1271 2611 1526 2664 defuncto
1579 2612 1882 2683 Theophila
1941 2618 2033 2685 (Γ),

471 2705 754 2774 imperium
786 2705 852 2755 ad
879 2705 995 2772 ejus
1025 2718 1246 2755 uxorem
1279 2701 1618 2756 Theodoram
1657 2707 1755 2772 (g),
1787 2716 1840 2759 et
1870 2707 2036 2761 [ilium

470 2810 658 2850 eorum
693 2793 1008 2846 Michaelcm
1047 2793 1333 2845 admodum
1369 2793 1764 2848 adolescentem
1795 2799 2035 2853 delatum

469 2897 570 2948 est,
628 2886 681 2937 in
733 2883 951 2953 pietatis
1001 2883 1241 2937 studium
1270 2897 1563 2951 curamque
1595 2888 1826 2940 maxime
1885 2890 2039 2944 iucu-

471 2977 588 3028 bttit
638 2975 873 3038 femina;
915 2988 1040 3026 vere
1073 2973 1163 3026 Dei
1191 2988 1418 3026 munere
1447 2973 1526 3041 (ut
1558 2990 1748 3029 nomen
1792 2978 1907 3046 ejus
1953 2980 2038 3032 in-

476 3065 638 3132 dicat)
672 3064 819 3127 data,
855 3079 916 3116 cx
954 3063 1205 3121 omnibus
1237 3063 1511 3132 prmclaris
1543 3074 1598 3118 et
1644 3068 1864 3134 magnis
1905 3067 2037 3122 fagi.

2140 1863 2353 1914 CCI'UIH.
2761 1867 2766 1871 “

2210 1966 2296 2020 12.
2327 1966 2440 2031 Qua
2473 1965 2688 2034 quidem
2732 1963 2894 2016 celeri
2916 1971 2980 2014 ot-
3011 1961 3286 2028 insperata
3323 1974 3502 2012 rerum
3548 1973 3706 2012 eom-

2141 2058 2458 2119 mutatioue,
2491 2055 2750 2118 Joannes,
2773 2045 2863 2120 qui
2889 2049 3025 2106 tunc
3052 2053 3214 2120 impie
3246 2067 3440 2105 munus
3488 2051 3714 2120 pontifi-

2140 2153 2281 2203 cium
2302 2147 2742 2206 administrabat.
2775 2155 2997 2213 stupore
3018 2157 3071 2198 et
3101 2144 3295 2198 tuentis
3321 2143 3552 2211 caligine
3579 2157 3714 2210 cap-

2141 2255 2246 2307 tus,
2269 2254 2460 2308 parum
2507 2238 2701 2302 abluit,
2738 2235 2870 2304 quin
2917 2236 3022 2292 sibi
3053 2236 3177 2302 ipse
3226 2250 3417 2287 Illaltlls
3470 2233 3712 2293 afferret,

2141 2345 2476 2399 mortemque
2528 2329 2913 2382 conscisceret.
2950 2324 3047 2378 llic
3081 2325 3224 2380 enim
3270 2325 3495 2377 sceleris
3551 2333 3716 2390 caput

2137 2437 2191 2485 et
2225 2441 2430 2480 summa
2469 2421 2645 2476 fuerat
2683 2435 2698 2474 :
2738 2419 2828 2488 qui
2865 2433 2986 2478 cum
3025 2417 3186 2485 impie
3213 2416 3458 2479 sentiret,
3484 2424 3540 2468 et
3571 2416 3713 2483 apud

2142 2522 2517 2587 imperatorem
2573 2515 2896 2567 auctoritate
2939 2519 3121 2579 posset
3171 2519 3330 2562 antea
3381 2508 3714 2577 plurimum,

2139 2621 2259 2657 eum
2305 2603 2598 2656 mendaciis
2629 2611 2685 2652 ct
2751 2599 2892 2657 dolis
2942 2598 3282 2665 impudenter
3338 2597 3717 2648 inconsidera-

2141 2705 2296 2760 teque
2320 2694 2589 2754 confictis,
2620 2690 2672 2746 in
2709 2688 3006 2756 impietatis
3025 2685 3340 2740 barathrum
3379 2685 3712 2753 impellebat.

2139 2782 2216 2840 Eo
2257 2784 2418 2844 igitur
2444 2792 2663 2849 propter
2703 2778 2924 2846 ﬂagitia,
2952 2793 3073 2846 qua:
3115 2777 3165 2829 in
3193 2776 3360 2830 Deum
3395 2777 3715 2841 admiserat,

2140 2889 2246 2926 uno
2288 2873 2528 2928 omnium
2570 2885 2837 2926 consensu
2875 2879 2929 2924 et
2980 2869 3190 2922 eunetis
3227 2879 3337 2920 tum
3384 2882 3716 2935 magnorum

2141 2967 2524 3031 imperatorum
2561 3002 2574 3026 ,
2636 2971 2747 3015 tum
2817 2961 3058 3014 Universi
3125 2969 3300 3014 ccetus
3354 2961 3719 3014 ecclesiastici

2140 3055 2435 3125 suffragiis,
2493 3070 2520 3106 a
2580 3069 2731 3108 sacra
2788 3054 2917 3106 sede
2973 3067 3095 3106 cum
3163 3052 3461 3120 ignominia
3514 3053 3716 3118 eiecto,

479 3111 636 3132 -..ν-η,
675 3111 819 3127 .-η-π
1237 3111 1510 3132 νην-.---
1547 3111 1597 3118 --
1905 3111 2008 3122 -ι..,.

477 3154 723 3215 nuribus,
781 3151 978 3219 quibus
1031 3150 1302 3219 principes
1345 3150 1559 3218 probari
1611 3153 1807 3216 solent,
1837 3156 2038 3209 nullum

2149 3111 2542 3214 MClllOvdiUSUl)
2575 3146 2656 3196 vir
2680 3153 2733 3196 et
2763 3144 2869 3195 vita
2905 3153 2958 3195 et
2982 3142 3228 3196 doctrina
3247 3143 3412 3196 valde
3433 3145 3718 3215 probatus,

477 3242 821 3312 przestantius
877 3241 1214 3303 existimans,
1247 3256 1354 3309 quo
1388 3243 1552 3294 tutius
1603 3243 1705 3296 sibi
1757 3246 2039 3313 imperimn

476 3335 838 3394 conﬁrmaret,
885 3341 978 3384 aut
1013 3331 1221 3385 virilem
1262 3333 1312 3384 in
1349 3329 1584 3398 feminea
1622 3349 1848 3401 persona
1893 3335 2042 3391 furti-

479 3423 718 3476 tudinem
765 3428 1255 3488 exerceret,quam
1313 3420 1358 3474 si
1414 3421 1630 3487 pictatis
1661 3435 1715 3476 et
1770 3427 2043 3495 religionis

478 3509 625 3564 cultu
657 3508 820 3561 Deum
852 3508 951 3560 sibi
983 3508 1276 3577 propitium
1306 3508 1580 3562 redderet.
1605 3509 1660 3564 ld
1695 3523 1872 3566 autem
1898 3516 2043 3575 nullo

479 3611 636 3668 paeto
689 3596 898 3648 facilius
936 3605 1031 3664 aut
1073 3593 1412 3648 commodius
1470 3610 1630 3664 posse
1687 3601 2038 3669 contingere,

479 3703 639 3756 quam
686 3687 730 3738 si
764 3684 1224 3752 perturbationem
1258 3686 1312 3737 in
1365 3684 1603 3738 Ecclesia
1648 3684 1853 3753 jamdiu
1898 3693 2044 3742 exci-

481 3790 642 3832 tatam
663 3779 898 3840 sedaret,
931 3786 984 3831 et
1010 3783 1218 3844 partem
1255 3777 1306 3832 in
1338 3777 1429 3829 illa
1476 3779 1670 3832 morbo
1702 3780 2039 3834 laborantem

478 3874 761 3926 reduceret
813 3868 881 3922 ad
924 3869 1206 3923 sanitatem
1250 3885 1266 3922 :
1311 3878 1390 3935 ut,
1421 3871 1512 3937 qui
1558 3871 1699 3924 inter
1745 3887 1804 3926 se
1851 3874 2044 3928 animis

478 3970 658 4014 essent
687 3959 997 4021 abalienati,
1018 3958 1436 4013 conciliarentur
1455 3969 1616 4028 atque
1658 3961 1798 4015 idem
1821 3965 2043 4018 omnino

480 4054 747 4106 sentirent
782 4069 795 4104 :
831 4051 909 4104 sic
935 4051 1079 4104 cnim
1106 4049 1242 4114 fore,
1275 4061 1336 4105 ut
1366 4067 1487 4106 cum
1515 4068 1618 4106 una
1637 4064 1779 4108 esset
1802 4070 2040 4108 omnium

479 4144 743 4198 sententia
765 4153 931 4211 atque
959 4143 1097 4195 idem
1124 4157 1340 4206 sensus,
1373 4157 1501 4196 vera
1533 4145 1852 4212 sinceraque
1886 4146 2039 4212 ﬁdes,

478 4236 843 4304 apostolorum
883 4233 1213 4302 Patrumque
1255 4233 1516 4287 institutis
1559 4230 1811 4302 tanquam
1856 4237 2043 4292 solidis

483 4326 850 4380 fundamentis
881 4325 1172 4388 inhaerens,
1204 4323 1357 4374 ﬁrma
1389 4332 1551 4391 atque
1598 4325 1887 4379 immobilis
1916 4341 2042 4381 cou-

483 4427 836 4472 servaretur:
867 4424 923 4468 et
950 4415 1054 4468 sibi
1095 4415 1351 4481 deinceps
1375 4413 1580 4484 imperii
1614 4417 1929 4486 gubernatio
1955 4420 2034 4472 fa-

486 4509 604 4562 cilis
642 4523 704 4561 ac
732 4506 1033 4561 tolerabilis
1072 4519 1410 4574 permanere.

560 4597 646 4649 ll.
685 4595 807 4649 llam
833 4595 997 4662 igitur
1032 4610 1154 4649 cum
1181 4594 1271 4648 illa
1295 4611 1420 4650 vere
1453 4597 1631 4650 animo
1671 4599 1954 4659 excellens.
1979 4616 2043 4655 ac

485 4697 664 4744 mente
703 4688 854 4742 fortis
901 4687 1102 4756 Regina
1152 4687 1365 4754 ingenio
1399 4702 1499 4742 suo
1559 4691 1944 4759 excogitasset,
1987 4700 2042 4745 et

487 4780 767 4848 prudentia
811 4778 1242 4844 considerasset;
1295 4793 1353 4831 re
1411 4794 1530 4831 cum
1595 4779 1720 4844 illis,
1752 4781 1841 4850 qui
1887 4793 2044 4836 erant

485 4871 538 4925 in
572 4870 887 4936 magistratu
923 4880 975 4923 et
1014 4869 1274 4939 dignitate
1303 4871 1596 4935 constituti,
1626 4875 2038 4938 communicata,

485 4964 718 5016 accersit
744 4979 863 5016 cum
905 4960 1035 5030 ipsis
1064 4976 1155 5014 eos
1191 4962 1279 5030 qui
1322 4960 1462 5014 inter
1500 4963 1786 5017 monachos
1816 4974 2039 5032 prasta-

487 5058 612 5109 lmut
642 5095 656 5120 ,
721 5064 776 5109 ct
833 5055 896 5107 de
936 5053 1228 5123 imaginum
1263 5051 1646 5113 instauratione
1691 5055 2039 5121 qumslionem

557 5322 619 5391 (1)
644 5320 769 5376 Post
786 5319 1021 5391 Leonem
1049 5323 1344 5391 Armenmn
1366 5323 1429 5391 _et
1462 5313 1770 5370 Michaclem
1793 5315 2036 5377 Baibum,

487 5386 610 5446 sub
642 5407 750 5460 quo
791 5389 1129 5460 Nirepltorus
1187 5387 1296 5440 vita
1361 5386 1579 5460 fuucms
1636 5396 1750 5460 est,
1794 5397 2042 5460 regnarat

487 5456 824 5530 Theophilus
859 5456 1005 5512 Balbi
1044 5458 1206 5519 ﬁlius,
1229 5456 1535 5530 exstinctus
1584 5457 1684 5510 sub
1724 5456 1882 5508 ﬁnem
1915 5456 2067 5508 anni'

485 5534 579 5586 8-H
618 5529 711 5586 aut
741 5531 958 5585 initimn
991 5529 1292 5597 sequentis.

556 5604 629 5673 (g)
768 5594 1456 5673 'l‘lteodorteimpcratricis
1493 5594 1957 5673 \'itam__(lrrlimns
1991 5612 2044 5673 xi

483 5665 798 5730 Februarii:
845 5674 1033 5740 inqua
1089 5665 1368 5738 sequentia
1413 5667 1516 5722 late
1567 5665 1919 5737 explicantur,
1966 5668 2043 5727 uti

2066 4463 2114 4522 Β

2139 3249 2194 3292 et
2230 3239 2322 3306 qui
2381 3252 2477 3306 pro
2522 3237 2752 3290 veritate
2795 3245 2851 3288 et
2900 3233 3158 3304 religione
3215 3234 3482 3303 permulta
3533 3246 3720 3290 certa-

2142 3329 2284 3382 mina
2338 3341 2394 3381 et
2432 3327 2650 3396 longum
2699 3326 2950 3380 exsilium
3011 3324 3329 3392 pertulerat,
3375 3332 3543 3395 atque
3592 3327 3721 3381 inde

2141 3413 2311 3482 plagis
2345 3423 2402 3466 et
2450 3427 2673 3468 carcere
2715 3414 2805 3466 diu
2847 3413 3125 3466 cruciatus
3171 3413 3429 3476 redierat.
3459 3415 3720 3472 omnibus

2142 3505 2194 3555 iu
2253 3504 2514 3572 dignitate
2570 3505 2881 3556 constitutis
2955 3502 3382 3572 approbantibus
3418 3543 3434 3569 ,
3507 3505 3719 3560 electus

2141 3606 2259 3657 est,
2317 3597 2408 3664 qui
2457 3610 2669 3657 sacram
2723 3595 2922 3662 regium
2982 3595 3198 3659 urbium
3239 3596 3484 3654 civitatis
3532 3599 3716 3655 sedem

2141 3688 2435 3742 obtineret.

2216 3778 2302 3831 15.
2325 3761 2475 3830 Tunc
2500 3776 2692 3831 Nic-«eat
2725 3779 3021 3836 secundum
3046 3777 3307 3833 divinitus
3336 3779 3570 3834 electum
3597 3795 3721 3836 san.-

2152 3880 2295 3921 ctum
2326 3867 2719 3922 mcumenicum
2749 3869 3062 3933 concilium,
3091 3870 3233 3937 quod
3261 3869 3430 3924 lrena:
3451 3871 3513 3941 (ὅ)
3546 3872 3719 3940 impe-

2143 3959 2379 4024 ratricis,
2400 3974 2586 4013 verum
2607 3961 2676 4013 ab
2699 3961 2814 4030 ipsa
2844 3976 2978 4027 pace.
3004 3975 3201 4020 nomen
3221 3962 3498 4026 habentis,
3533 3975 3589 4018 et
3612 3963 3719 4019 Ta.-

2143 4051 2270 4104 rasii
2304 4049 2520 4104 maximi
2550 4049 2960 4119 beatissimique
2981 4053 3342 4118 patriarclue‘
3361 4055 3545 4112 studio
3564 4055 3710 4107 cele-

2141 4143 2356 4196 bratqu
2372 4152 2480 4210 est,
2507 4143 2702 4198 merito
2732 4144 2944 4198 ﬁrmam
2969 4144 3208 4201 obtinuit
3235 4145 3618 4198 auctoritatem
3652 4161 3717 4199 ac

2146 4234 2339 4300 robur;
2373 4249 2499 4290 cum
2547 4247 2759 4298 omnes,
2793 4249 2936 4302 quax,
2977 4235 3085 4289 Deo
3142 4235 3445 4300 napirante,
3495 4237 3548 4289 in
3602 4239 3718 4306 ipso

2143 4325 2359 4379 decreta
2417 4324 2649 4389 fuerant,
2681 4326 3119 4391 comprobarent.
3168 4323 3321 4379 Tunc
3364 4341 3558 4380 ouines
3617 4327 3720 4381 Ec-

2142 4416 2319 4470 clesia:
2350 4431 2505 4468 suum
2539 4417 2738 4486 ubique
2779 4416 2945 4470 decus
2977 4428 3322 4484 receperunt,
3351 4425 3406 4486 ct
3433 4420 3719 4472 venerabi-

2146 4507 2273 4560 lium
2323 4491 2943 4576 itnaginum’splendore
2978 4506 3195 4560 fuerunt
3236 4507 3540 4562 ‘illustratze
3566 4527 3580 4562 :
3610 4511 3720 4576 ejc-

2149 4601 2356 4667 ctisque
2385 4598 2512 4663 illis,
2541 4599 2635 4668 qui
2685 4613 2780 4652 eas
2816 4596 3024 4658 nefarie
3061 4599 3491 4664 insectabantur,
3533 4616 3718 4656 sacer-

2150 4693 2300 4749 dotes
2334 4693 2386 4745 in
2411 4693 2494 4749 eis
2527 4704 2589 4745 ac
2619 4691 2804 4758 duces,
2840 4690 2971 4751 recti
3007 4690 3276 4760 dogmatis
3300 4693 3557 4760 studiosi,
3593 4705 3720 4748 sunt

2148 4775 2444 4840 c0uslituti.

2217 4874 2308 4928 M.
2339 4872 2706 4939 Quadriennio
2731 4873 2894 4944 igitur
2925 4883 3048 4947 post
3121 4871 3530 4928 sacratissimus
3604 4873 3720 4927 Me-

2147 4966 2381 5027 tltmlius,
2426 4965 2606 5018 divino
2655 4966 2815 5034 plane
2873 4966 3065 5038 spiritu
3109 4965 3396 5034 impulsus,
3417 4976 3720 5037 opportune

2149 5055 2536 5123 sapienterque
2615 5056 2854 5111 divinam
2915 5055 3313 5127 imperatricem
3375 5056 3717 5126 Theodoram

2145 5328 2198 5379 et
2229 5320 2437 5390 scelera
2474 5319 2666 5375 .launis
2698 5336 2793 5375 seu
2815 5319 3042 5376 Joannis
3072 5322 3423 5390 patriarchae.

2219 5389 2291 5457 (lit
2359 5390 2594 5444 Sanctus
2619 5392 2924 5446 Methodius
2971 5389 3167 5447 colitur
3203 5393 3266 5448 M-
3295 5391 3467 5460 Junii,
3511 5403 3727 5450 creatus

2148 5461 2456 5526 patriarcha
2485 5476 2630 5515 anno
2657 5463 2783 5518 849..

2220 5527 2281 5598 (ὅ)
2313 5531 2577 5610 coluntur
2599 5531 2972 5610 sancta__l:ene
3014 5533 3330 5610 i'mperatrix
3360 5535 3426 5590 i3
3475 5534 3726 5610 Augusti,

2151 5607 2203 5653 ct
2231 5609 2450 5655 sanctus
2474 5600 2729 5661 Tarasius
2851 5602 3152 5658 Februarii.
