3948 6154
227 321 327 389 165

1756 336 1944 396 VITA.

3373 340 3472 405 166

234 436 545 501 admonuit,
593 451 704 491 non
743 452 868 493 esse
908 453 977 494 ex
1009 439 1223 509 imperii
1276 449 1331 497 et
1374 444 1600 513 reipubl.
1647 445 1818 512 digni-
1847 451 1890 504 Α
1923 461 2043 498 cum
2075 443 2409 498 constituunt
2434 460 2536 499 non
2577 444 2862 499 habentem
2894 448 3154 501 maculam
3193 467 3361 518 neque
3379 471 3473 507 ru.

237 537 362 591 tate,
399 525 546 594 quod
577 528 926 597 venerandus
965 537 1020 582 et
1051 528 1194 584 inter
1222 530 1556 598 patriarchas
1587 531 1811 586 illustris

230 619 593 688 Nicephorus,
622 619 715 687 qui
768 633 865 687 pro
896 619 1140 688 gloriosae
1180 621 1512 691 sinceraeque
1547 621 1672 676 ﬁdei
1714 623 1809 677 de-

230 708 478 762 fensione
527 723 565 767 ,ιι
625 722 784 761 sacra
842 709 969 763 sede
1034 710 1329 777 depulsus,
1388 712 1442 765 iu
1495 712 1809 781 longissimo

233 799 426 853 exsilio
476 797 772 854 defunctus
822 808 962 862 erat,
1011 800 1376 869 ncgligeretur
1439 820 1452 856 :
1520 804 1612 856 sed
1658 805 1806 857 omni

233 888 415 942 studio
453 890 754 943 curandum
793 903 933 954 esse,
969 897 1031 944 ut
1059 890 1301 945 divinum
1334 907 1526 960 corpus
1551 895 1714 962 ipsius
1754 897 1805 948 ln

231 981 514 1033 civitatem
559 989 956 1047 reportaretur.
987 981 1237 1050 Alioquin
1289 982 1483 1052 ingrati
1517 986 1681 1038 anitui
1722 984 1808 1038 vi-

227 1071 388 1134 tium,
417 1070 614 1138 inquit,
641 1085 747 1123 uon
778 1069 1120 1133 evitabimus,
1151 1071 1196 1124 si
1240 1081 1362 1139 post
1389 1083 1616 1125 mortem
1643 1073 1806 1125 etiam

227 1163 405 1227 ipsmn
456 1161 510 1212 in
538 1160 755 1223 exsilio,
805 1149 1058 1227 tauquam
1112 1160 1236 1227 jure
1297 1162 1633 1226 damnatum,
1679 1163 1806 1216 reli-

229 1251 515 1316 querimus
548 1268 562 1302 :
603 1251 903 1318 praesertim
932 1265 1053 1301 cum
1087 1265 1192 1302 non
1230 1251 1545 1319 ignoremus
1587 1268 1682 1306 eos
1715 1254 1804 1320 qui

226 1355 288 1392 ex
349 1354 556 1407 genere
613 1349 770 1392 erant
817 1338 1046 1408 Ioseph,
1095 1341 1146 1394 in
1210 1341 1598 1397 benedictionis
1655 1353 1808 1412 parte

227 1427 503 1492 posuisse,
542 1437 602 1478 ut
651 1427 820 1494 patris
856 1441 990 1479 rossa
1045 1437 1167 1495 post
1231 1431 1650 1500 quadringentos
1697 1431 1808 1485 fere

225 1532 399 1570 annos
439 1532 508 1570 ex
566 1515 804 1586 Egypto
846 1517 899 1570 in
961 1517 1376 1574 Chananitidem
1427 1531 1803 1589 exportarent.

219 1607 377 1674 Quod
426 1624 552 1662 cum
605 1610 678 1662 ita
719 1609 810 1673 sit,
845 1610 1083 1678 nos,qui
1151 1625 1338 1665 sumus
1404 1612 1625 1680 pietatis
1688 1613 1805 1679 ﬁlii,

224 1699 431 1752 diutius
499 1699 696 1766 privari
727 1700 995 1766 patiemur
1013 1701 1202 1756 Patris
1253 1702 1399 1757 illius
1431 1705 1740 1771 praesentia,
1773 1719 1803 1758 a

221 1806 329 1857 quo
360 1790 564 1843 divinis
591 1790 929 1845 documentis
945 1793 1164 1846 enutriti
1189 1779 1410 1848 sumus?
1434 1794 1556 1848 Haec
1588 1796 1803 1862 quidem
1837 1779 1879 1834 Β

221 1881 496 1942 omnium,
522 1894 658 1947 quas
709 1880 948 1934 intuetur
991 1882 1093 1944 sol,
1118 1883 1328 1936 urbium
1357 1885 1806 1951 praestantissima

225 1981 279 2027 et
336 1973 489 2053 regia
545 1973 764 2036 civitas,
819 1973 963 2027 sacri
1019 1975 1171 2029 ducis
1219 1986 1380 2044 atque
1432 1979 1668 2047 pastoris
1722 1981 1806 2034 sui

228 2064 499 2132 reliquias
545 2073 766 2120 sanctas
802 2065 1094 2131 desiderat,
1125 2082 1260 2135 quas
1287 2069 1374 2136 pie
1411 2079 1702 2125 conservet
1751 2079 1806 2125 et

223 2155 388 2210 colat.
409 2155 610 2224 Sponsi
633 2156 714 2209 sui
748 2157 1034 2225 praesentia
1063 2157 1277 2212 fruatur
1313 2155 1526 2214 rursum
1560 2159 1802 2218 Ecclesia

229 2248 394 2316 ipsius
431 2247 830 2312 amantissima,
856 2255 910 2302 et
926 2263 1034 2317 quo
1067 2248 1558 2316 vivoinjustissima
1582 2251 1805 2319 impera.

230 2340 358 2393 toris
391 2355 556 2393 manu
603 2340 834 2409 spoliata
868 2339 990 2405 fuit,
1027 2341 1223 2395 mortui
1270 2357 1492 2410 corpus,
1527 2352 1804 2398 annuente

227 2431 466 2485 studiosa
494 2433 732 2500 pastoris
761 2432 1128 2502 imperatrice,
1167 2434 1581 2504 complectatur.
1610 2435 1804 2490 Cernis

226 2521 680 2588 quemadmodum
711 2522 800 2576 hic
832 2523 1082 2592 populus,
1111 2525 1200 2593 qui
1233 2539 1330 2594 per
1378 2534 1429 2579 te
1462 2541 1688 2581 securus
1744 2529 1798 2582 in

225 2626 350 2665 vera
383 2612 656 2681 religione
698 2614 1056 2683 conquiescit,
1094 2616 1396 2670 incredibili
1457 2618 1632 2670 studio
1685 2625 1808 2686 post

225 2714 456 2758 mortem
492 2706 654 2757 etiam
687 2719 876 2759 vocem
911 2706 1025 2774 ejus
1059 2707 1246 2761 audire
1281 2707 1333 2760 in
1365 2708 1557 2776 spiritu
1606 2725 1805 2763 concu-

224 2796 420 2864 piscit?
451 2795 608 2862 Quod
633 2797 678 2850 si
708 2798 1116 2852 tabernaculum
1144 2797 1262 2868 ejus
1298 2808 1506 2853 tantunt
1540 2800 1608 2855 ad
1630 2815 1687 2854 se
1716 2817 1803 2855 re-

227 2887 391 2940 latum
448 2889 747 2956 aspexerit,
778 2903 837 2944 se
879 2890 1028 2944 illum
1067 2891 1240 2959 ipsum
1293 2891 1560 2958 recepisse
1595 2892 1807 2960 spiram-

229 2986 331 3032 tem
382 2979 748 3043 existimabit,
781 2990 835 3034 et
877 2990 1130 3050 tanquam
1191 2985 1502 3037 thesaurum
1564 2986 1804 3053 aliquem

227 3071 682 3138 pretiosissimum
709 3073 969 3128 recondet
995 3084 1046 3129 et
1078 3076 1406 3130 observabit.
1432 3075 1527 3130 His
1558 3079 1804 3145 precibus

231 3171 280 3216 ct
310 3164 780 3219 cohortationibus
803 3165 1084 3219 celerrime
1128 3182 1189 3220 ac
1213 3167 1570 3224 libentissime
1601 3169 1805 3238 inclyta

232 3257 416 3307 annuit
464 3255 778 3324 itnperatrix
823 3257 1218 3324 :Perspicuum
1270 3268 1352 3313 est
1390 3260 1556 3322 enim,
1609 3261 1802 3329 inquit,

232 3347 331 3401 boc
359 3349 504 3414 apud
553 3364 743 3404 omnes
783 3359 1031 3420 posteros
1059 3361 1114 3404 et
1148 3351 1277 3406 mihi
1338 3361 1394 3406 et
1437 3350 1621 3406 liberis
1670 3353 1805 3405 meis

235 3437 422 3490 honori
460 3441 727 3494 futurum.

308 3529 395 3585 15.
441 3528 596 3584 Tunc
629 3546 786 3584 sacer
816 3530 1058 3586 civitatis
1081 3532 1329 3596 antistes,
1365 3545 1485 3586 cum
1517 3531 1808 3585 sacerdoti-

234 3623 333 3676 bus
381 3633 438 3676 et
491 3617 1191 3692 monacltis‘universoque
1252 3626 1470 3692 populo,
1501 3625 1566 3678 ad
1622 3625 1803 3679 Sancti

235 3712 503 3767 Theodori
557 3714 814 3782 templum
866 3717 1094 3779 accedit,
1141 3716 1195 3768 in
1243 3731 1349 3784 quo
1401 3717 1574 3784 gratia
1639 3715 1808 3783 plenae

239 3805 481 3874 reliquiae
527 3805 804 3874 iacebant,
829 3819 1034 3874 easque
1081 3821 1202 3860 cum
1238 3807 1584 3859 veneratione
1631 3816 1685 3859 et
1732 3807 1806 3860 la-

234 3898 437 3967 erymis
493 3897 878 3965 complectens,
910 3907 1165 3965 tanquam
1213 3908 1463 3951 sanctum
1509 3899 1681 3966 ipsum
1728 3898 1808 3950 vi.

234 3995 450 4039 ventem
484 3986 564 4040 sic
585 3987 855 4040 allocutus
885 3996 966 4040 est
1004 4005 1017 4041 :
1043 3986 1092 4042 Ο
1120 3989 1204 4041 vir
1225 3987 1554 4052 beatissime,
1586 3992 1675 4057 qui
1701 3990 1804 4044 eis-

235 4078 350 4130 dem
386 4077 666 4132 laboribus
697 4088 751 4132 et
784 4080 1064 4143 aerumnis,
1092 4081 1290 4149 quibus
1320 4089 1541 4134 sanctus
1568 4078 1804 4135 Joannes

233 4168 684 4238 Cbrysostomus,
724 4169 947 4224 allectus
986 4185 1066 4234 es,
1099 4171 1241 4225 sicut
1283 4172 1474 4224 eodem
1528 4171 1806 4241 religionis

232 4259 417 4310 studio
479 4268 532 4310 et
611 4257 825 4311 dicendi
904 4256 1152 4312 libertate
1211 4259 1533 4324 praestabas;
1605 4260 1804 4328 quique

233 4350 440 4417 pariter
459 4359 512 4402 et
539 4349 665 4402 sede
686 4349 947 4415 privatus,
977 4357 1028 4401 et
1055 4348 1313 4402 multatus
1342 4349 1551 4411 exsilio,
1579 4361 1632 4402 et
1662 4351 1799 4402 idem

234 4441 453 4509 triginta
516 4440 677 4492 trium
737 4454 1002 4493 annorum
1081 4441 1311 4508 spatium
1373 4441 1612 4493 extorris
1690 4450 1877 4507 tumD

231 4529 387 4580 vivus
422 4539 532 4580 tum
588 4537 829 4581 mortuus
881 4529 1185 4596 transegisti
1219 4545 1231 4580 :
1281 4543 1420 4582 nunc
1458 4539 1508 4581 te
1544 4529 1696 4583 nobis
1727 4531 1798 4582 tui

233 4618 624 4669 amantissimis
679 4618 939 4680 restitue,
993 4630 1152 4686 atque
1203 4619 1330 4672 hinc
1382 4619 1684 4684 discedens,
1735 4621 1800 4671 ad

233 4708 450 4774 prepria
503 4709 637 4769 redi,
681 4718 739 4760 ut
793 4720 845 4762 te
879 4725 1043 4770 nunc,
1080 4719 1136 4760 ιιι
1173 4709 1345 4777 ipsum
1394 4708 1544 4773 olim,
1577 4710 1802 4777 populus

238 4799 309 4850 tui
342 4799 779 4853 studiosissimus
814 4815 936 4852 cum
968 4799 1166 4868 gaudio
1220 4799 1496 4867 suscipiat.
1524 4799 1640 4852 Tibi
1672 4801 1802 4852 alie-

203 4886 329 4942 'nus
371 4905 400 4942 a
445 4889 552 4942 Deo
580 4891 872 4957 imperator
921 4891 1118 4944 viventi
1159 4891 1472 4945 adversatus
1520 4902 1601 4944 est
1639 4901 1692 4943 et
1751 4902 1802 4945 te

236 4979 634 5033 inconsiderate
676 4981 750 5033 ab
787 4980 1022 5034 Ecclesia
1069 4981 1269 5050 depulit
1307 5000 1318 5034 :
1357 4984 1448 5035 sed
1490 4982 1677 5051 dignas
1722 4982 1802 5032 lu-

237 5085 354 5122 rore
393 5087 492 5124 suo
535 5086 730 5139 pinnas
758 5072 923 5136 dedit,
951 5073 1368 5144 miserandoque
1392 5075 1536 5126 exitu
1577 5075 1801 5140 imperio

235 5161 392 5213 simul
438 5173 490 5214 et
521 5162 630 5213 rita
662 5162 908 5228 privatus
943 5171 1050 5224 est,
1085 5163 1432 5232 audaciaeque
1484 5180 1594 5218 sua:
1623 5165 1798 5217 debita

234 5253 448 5317 przemia
483 5251 627 5304 tulit.
663 5250 835 5305 Hodie
871 5253 1244 5320 imperatores,
1281 5253 1391 5307 Deo
1434 5262 1650 5321 propter
1683 5271 1797 5307 mo-

235 5355 347 5393 rum
391 5343 650 5410 pietatem
703 5344 1035 5411 cbarissimi,
1068 5357 1280 5399 mortuo
1327 5345 1622 5400 Ecclesiam
1677 5349 1798 5399 red-

236 5431 388 5497 dunt,
421 5449 610 5502 quam,
647 5444 705 5485 ut
752 5433 846 5486 lilii
902 5450 997 5502 per
1057 5435 1405 5504 Evangelium
1457 5435 1655 5502 clTecti,
1689 5451 1800 5490 me-

302 5609 367 5679 (ἰ)
403 5611 455 5661 lu
489 5610 715 5664 Menaeis
752 5608 952 5664 Grzrcis
976 5610 1213 5671 additur.
1247 5611 1304 5666 S.
1332 5611 1561 5679 Sophim.

1910 549 2048 601 gain,
2086 535 2296 602 qualem
2325 535 2432 587 tuis
2467 537 2709 588 ornatam
2739 545 2790 588 et
2815 535 3182 590 conﬁrmatam
3216 539 3475 597 institutis

1912 625 2201 693 reliquiSIi.
2233 627 2434 694 Aspice
2479 635 2533 679 et
2564 627 2682 680 vide
2709 638 3059 697 congregatos
3095 627 3255 693 ﬁlios,
3285 631 3375 699 qui
3406 647 3473 685 ex

1911 714 2211 782 prepinquo
2240 722 2525 777 venerunt,
2562 727 2684 766 cum
2712 714 2902 782 reliqui
2934 715 3118 781 procul
3139 724 3284 767 tuum
3317 719 3380 769 ad
3417 732 3474 769 se

1914 803 2144 856 reditum
2178 812 2493 872 exspectent
2527 820 2541 856 :
2573 818 2709 872 quos
2745 813 2821 869 tu,
2857 804 3002 856 velut
3047 806 3340 873 orphanos,
3367 806 3473 858 noli

1908 902 1997 946 tua
2050 903 2341 947 mmrentes
2385 895 2629 948 absentia
2679 894 3006 962 relinquere.
3041 893 3242 950 Habeat
3285 897 3477 950 civitas

1912 992 2000 1036 tua
2037 983 2153 1038 loco
2196 985 2439 1039 muneris
2481 985 2852 1054 pretiosissimi
2912 995 3056 1039 ιιιιιιιι
3106 987 3475 1040 beatissimum

1913 1074 2338 1139 tabernaculum,
2365 1090 2471 1144 quo
2505 1075 2672 1144 magis
2700 1091 2859 1144 quam
2887 1077 3097 1146 itnperii
3129 1077 3477 1145 amplitudine

1911 1174 2099 1217 ornata
2130 1167 2397 1233 glorietur
2436 1175 2489 1218 et
2522 1167 2774 1234 gaudeat.

1982 1298 2072 1352 16.
2109 1299 2236 1353 Ηειιο
2265 1314 2398 1354 voce
2421 1298 2585 1354 ﬂebili
2625 1301 2931 1370 supplicans
2955 1304 3348 1356 sacratissimus
3381 1320 3475 1373 pa-

1911 1391 2144 1444 triarcha
2174 1391 2497 1454 Methodius,
2525 1403 2848 1448 nocturnum
2894 1393 3224 1459 psalmorum
3258 1407 3473 1448 cantum

1910 1490 1965 1534 et
2010 1482 2295 1551 mysticum
2349 1482 2672 1537 sacriﬁcium
2716 1498 2838 1537 cum
2880 1484 3077 1553 populo
3127 1484 3266 1539 ﬁdeli
3307 1487 3471 1554 perli-

1910 1571 2084 1636 ciens,
2133 1571 2449 1639 praclarum
2499 1587 2530 1627 e
2572 1572 2776 1627 tumulo
2821 1587 3016 1643 corpus
3080 1575 3296 1638 retexit,
3332 1575 3472 1643 quod

1911 1660 2246 1731 undeviginti
2283 1677 2548 1717 annorum
2595 1663 2770 1732 spatio
2795 1665 3081 1733 ,integrum
3119 1667 3337 1719 omnino
3377 1682 3476 1734 pu-

1911 1767 2143 1820 rumque
2171 1762 2444 1806 manserat
2472 1770 2486 1807 :
2518 1761 2571 1807 et
2594 1755 2649 1808 in
2688 1769 2811 1807 arca
2845 1754 2910 1806 ab
2949 1754 3065 1822 ipso
3119 1757 3471 1823 compositum

1908 1854 1962 1897 et
2001 1843 2340 1897 sacerdotum
2396 1843 2642 1898 manibus
2691 1843 2987 1906 sublatum,
3022 1859 3142 1899 cum
3182 1845 3475 1900 luminibus

1907 1945 1961 1988 et
2020 1935 2285 2003 frequenti
2336 1935 2666 2003 psalmorum
2707 1944 2869 1990 cantu
2922 1936 2975 1989 in
3041 1937 3215 1988 navim
3265 1938 3329 1990 ad
3376 1939 3477 1992 hoc

1911 2035 2155 2094 paratam
2177 2025 2384 2079 illatum
2409 2035 2512 2080 est.
2534 2025 2639 2080 Sed
2663 2041 2785 2080 cum
2814 2026 3010 2080 fretum
3059 2026 3388 2092 trajecisset,
3421 2037 3476 2082 et

1908 2119 1975 2171 ad
2032 2115 2184 2171 urbis
2235 2116 2386 2171 littus
2447 2117 2955 2186 appropinquasset,
2985 2115 3212 2170 Michael
3262 2117 3476 2185 juvenis

1909 2205 2002 2261 Dei
2050 2222 2179 2260 cura
2240 2208 2558 2274 imperator,
2615 2215 2668 2259 et
2727 2207 3077 2274 amplissimis
3126 2207 3476 2275 dignitatibus

1909 2307 2225 2368 praestantes
2271 2299 2394 2362 viri,
2437 2307 2492 2351 et
2555 2299 2790 2367 patricii,
2846 2307 2899 2350 et
2932 2299 3120 2365 reliqui
3151 2299 3318 2361 cives,
3367 2299 3474 2352 butt

1906 2391 2164 2459 facesque
2223 2391 2471 2445 manibus
2517 2399 2783 2454 tenentes,
2810 2391 3024 2446 obviam
3071 2403 3471 2458 processerunt,

1908 2494 1964 2536 et
2003 2497 2183 2536 arcam
2217 2482 2360 2534 illam
2395 2481 2685 2550 pretiosam
2717 2496 2840 2535 cum
2888 2481 2991 2535 ﬁde
3027 2497 3092 2536 ac
3131 2483 3475 2537 veneratione

1909 2555 2147 2628 humeris
2164 2573 2276 2627 suis
2306 2574 2620 2637 subeuntes,
2644 2573 2707 2626 ad
2734 2572 2977 2641 Magnam
3004 2587 3172 2641 usque
3194 2582 3474 2640 gestarum.

1909 2665 2214 2726 ecclesiam,
2247 2679 2310 2718 ex
2341 2679 2444 2733 qua
2479 2665 2569 2735 (j),
2602 2665 2872 2732 pontiﬁcia
2901 2665 3167 2734 dignitate
3189 2665 3470 2734 spoliatus,

1905 2756 2114 2824 ejectus
2145 2755 2338 2810 fuerat.

1981 2869 2066 2922 l7.
2105 2867 2233 2921 Inde
2260 2881 2494 2931 rursum,
2540 2866 2772 2920 assiduis
2832 2866 2960 2922 item
3011 2869 3219 2922 diurnis
3250 2884 3470 2923 noetnr-

1910 2960 2100 3029 nisque
2155 2958 2486 3027 psalmorum
2552 2944 3089 3013 cantibusvicissim
3147 2971 3383 3022 utentes,
3421 2971 3474 3015 et

1909 3067 2030 3106 cum
2093 3050 2237 3104 omni
2305 3049 2565 3102 luminum
2609 3064 2807 3120 genere
2851 3065 2946 3118 per
3012 3051 3245 3104 mediam
3288 3053 3471 3106 urbem

1911 3139 2082 3208 ipsum
2107 3147 2403 3206 gestantes.
2428 3138 2478 3190 in
2505 3137 2830 3191 Sanctorum
2858 3137 3239 3205 Apostolorum
3271 3143 3472 3209 templo

1909 3229 2263 3283 collocarunt.
2306 3226 2481 3281 Tanta
2509 3237 2689 3281 autem
2730 3238 2848 3282 erat
2868 3231 3242 3283 concurrentis
3287 3233 3469 3299 populi

1910 3319 2148 3372 virorum
2185 3329 2237 3372 et
2268 3317 2592 3372 feminarum
2627 3327 2788 3385 atque
2821 3327 3038 3370 zelatum
3073 3319 3312 3371 omnium
3336 3322 3474 3372 mul-

1909 3409 2099 3474 titudo,
2132 3418 2190 3460 ut
2228 3409 2498 3462 numerari
2531 3425 2634 3461 non
2690 3417 2893 3477 posset.
2943 3409 2999 3462 In
3035 3410 3190 3464 biviis
3231 3412 3374 3464 enim
3420 3422 3474 3464 et

1909 3499 2226 3574 porticubus
2285 3499 2690 3568 premebantur,
2745 3509 2800 3554 et
2839 3499 3039 3567 ubique
3073 3516 3168 3570 per
3209 3503 3314 3554 vim
3368 3504 3470 3556 sibi

1907 3593 2110 3646 exitum
2173 3592 2438 3659 parabant
2479 3609 2491 3645 :
2525 3591 2658 3645 adeo
2691 3600 2764 3656 ut,
2802 3592 3050 3660 quamvis
3077 3592 3257 3646 multm
3301 3609 3469 3661 prop-

1911 3693 1992 3736 ter
2035 3683 2389 3750 imperatores
2433 3692 2487 3734 et
2551 3683 2861 3736 sacerdotes
2913 3681 3078 3736 variis
3138 3685 3474 3752 temporibus

1908 3773 2252 3827 celebritates
2283 3771 2613 3834 exstiterint,
2639 3774 2782 3826 nulla
2825 3781 3005 3829 tamen
3041 3789 3164 3828 cum
3210 3775 3311 3828 hac
3341 3791 3475 3828 eon-

1908 3865 2036 3918 ferri
2117 3873 2296 3932 queat.
2371 3862 2625 3917 Nonnulli
2692 3865 2856 3918 etiam
2929 3866 2980 3918 in
3044 3865 3128 3918 via
3190 3867 3473 3935 spiritibus

1909 3952 2200 4005 immundis
2242 3953 2446 4015 vexati,
2486 3953 2609 4005 dum
2671 3953 2738 4006 ab
2788 3954 2906 4008 aliis
2953 3956 3467 4023 comprimerenlnr,

1909 4043 2246 4098 miserandas
2295 4055 2458 4113 atque
2524 4042 2816 4098 maledicas
2861 4059 3023 4099 voces
3069 4047 3386 4102 emittebant
3453 4068 3468 4104 :

1909 4143 2136 4202 quorum
2176 4151 2207 4187 ιι
2267 4148 2494 4188 numero
2529 4135 2754 4202 quidam
2817 4134 2884 4189 ab
2945 4137 3060 4205 ipso
3094 4139 3269 4192 curati
3321 4148 3468 4193 sunt.

1908 4223 2091 4292 Populi
2126 4224 2290 4289 igitur
2343 4224 2544 4293 impetu
2579 4224 2666 4278 vix
2706 4223 2929 4283 evitato.
2984 4233 3230 4278 sanctum
3281 4227 3469 4279 eximii

1907 4316 2232 4384 patriarcha:
2299 4330 2496 4386 corpus
2566 4316 2619 4369 in
2686 4315 3039 4371 celeberrimo
3089 4316 3470 4385 Apostolorum

1913 4407 2130 4476 templo,
2156 4409 2326 4464 sacris
2365 4406 2635 4478 mysteriis
2685 4405 2794 4461 Deo
2827 4407 3083 4475 peractis,
3117 4408 3169 4462 in
3224 4409 3472 4477 sepulcro

1911 4515 2102 4554 recens
2124 4507 2436 4553 constructo
2463 4499 2712 4552 manilius
2761 4499 2932 4568 ipsius
2957 4498 3214 4555 Methodii
3244 4516 3466 4569 compo-

1909 4590 2071 4643 situm
2097 4599 2204 4651 est.
2227 4589 2384 4643 tertio
2425 4589 2549 4642 ldus
2574 4589 2749 4642 Martii
2783 4586 3003 4660 (k),qno
3040 4589 3255 4658 quidem
3284 4592 3369 4645 die
3416 4592 3468 4645 in

1908 4679 2160 4733 exsilium
2191 4680 2351 4731 etiam
2385 4678 2590 4746 ejectus
2619 4679 2887 4745 luerat,ut
2907 4688 3137 4749 utraque
3172 4696 3231 4738 re
3256 4683 3327 4738 sit
3356 4699 3466 4738 me-

1910 4769 2206 4823 morabilis.

1983 4898 2069 4953 18.
2095 4895 2204 4951 Nos
2259 4904 2463 4963 autem,
2509 4915 2542 4954 ο
2594 4895 2816 4954 Patrum
2875 4900 3239 4964 sanctissime,
3299 4917 3330 4955 ο
3380 4916 3468 4952 sa-

1908 5003 2124 5042 crorum
2173 5004 2480 5058 praeconum
2526 4991 2723 5055 decus,
2761 4990 2851 5059 qui
2884 4991 3026 5059 digni
3067 4992 3193 5045 facti
3249 5005 3466 5054 sumus,

1912 5089 1969 5131 ut
2021 5089 2071 5132 te
2113 5090 2167 5132 et
2225 5088 2538 5137 terrestrem
2594 5082 2919 5137 haberemus
2970 5081 3141 5135 civem
3199 5089 3251 5134 et
3309 5081 3470 5133 cccle-

1909 5177 2045 5222 stem
2105 5171 2244 5239 apud
2290 5170 2458 5225 Deum
2511 5172 2948 5236 intercessorem,
2985 5171 3050 5223 ad
3102 5186 3282 5226 arcam
3324 5180 3468 5224 tuam

1906 5269 2027 5308 cum
2060 5255 2330 5311 desiderio
2369 5257 2696 5321 accedimus,
2737 5272 2968 5325 eamque
3008 5273 3131 5311 cum
3191 5261 3336 5313 omni
3382 5273 3470 5311 ve-

1907 5347 2188 5401 neratione
2241 5348 2684 5416 complcctentes,
2736 5351 2835 5402 bas
2882 5349 2973 5401 tibi
3027 5363 3186 5402 voces
3238 5348 3467 5402 eﬁ'undi-

1907 5452 2027 5490 uins
2064 5453 2076 5490 :
2110 5436 2154 5491 Ο
2181 5439 2488 5492 sublimium
2513 5448 2568 5492 et
2601 5455 2926 5494 arcanorum
2951 5442 3328 5511 mysteriorum
3363 5442 3471 5496 ius-

297 5678 372 5748 (ἑ)
398 5681 634 5734 Additur
682 5681 738 5734 in
770 5681 970 5733 eisdem
1028 5681 1284 5736 Menreis:
1337 5700 1353 5732 ι
1402 5678 1488 5736 ubi
1539 5683 1907 5737 anniversaria
1942 5680 2058 5751 ejus
2090 5680 2351 5736 memoria
2389 5681 2689 5749 peragitur.
2725 5699 2748 5734 ι
