3948 6154
462 309 561 375 167
1449 306 1511 366 S.
1549 304 1973 366 NICEPHORI
2012 304 2027 363 1

2133 302 2534 364 ΓΒΙΑΒΕΗΑΞ.
2574 302 2677 361 GP.

3600 292 3701 356 168

463 430 649 490 pector
681 426 734 471 et
792 414 1222 484 contemplator;
1279 427 1314 468 ο
1344 412 1513 468 divini
1558 422 1819 480 aspectus
1870 423 2029 480 atque
2057 416 2106 473 Α
2135 420 2242 465 tem
2272 410 2544 474 instituta,
2576 407 2744 461 variis
2770 406 2822 460 in
2847 404 2999 483 libris
3045 419 3074 459 a
3123 412 3174 457 te
3232 403 3421 459 relicta
3468 402 3700 474 perlegi-

462 505 767 578 splendoris
798 503 969 573 gloria
994 504 1210 561 abunde
1251 512 1471 572 propter
1504 503 1700 556 mentis
1734 502 2028 570 puritatem

465 597 760 662 illustrate;
787 609 821 648 ο
846 593 1287 663 patriarcharum
1313 602 1475 662 atque
1497 592 1810 662 pontiﬁcum
1852 593 2030 652 socie-

463 684 590 739 tatis
650 681 940 751 particeps,
968 681 1059 750 qui
1112 688 1168 736 et
1217 681 1433 736 nomine
1468 690 1523 736 et
1580 694 1645 734 re
1699 679 1862 733 simul
1905 694 2029 739 cum

462 770 572 824 illis
599 769 846 823 victoria;
876 767 1148 837 praeconia
1181 776 1236 823 et
1263 768 1509 838 praemia,
1537 770 1796 827 aerumnis
1824 775 1878 823 et
1930 782 2024 837 pe-

463 857 653 913 riculis
676 856 970 925 superatis,
1012 856 1305 925 percepisti
1337 870 1353 910 :
1381 855 1599 925 suscipe
1630 856 1857 927 benigne
1912 857 2027 915 sin-

461 952 573 1025 ceri
596 948 774 1006 cordis
803 963 930 1019 erga
981 956 1036 1004 te
1093 948 1252 1002 ﬁdem
1278 956 1335 1003 et
1358 946 1723 1010 affectionem,
1758 944 2026 1001 vicissim-

460 1055 567 1110 que
593 1049 714 1094 tuas
737 1055 836 1109 pro
865 1038 1025 1094 nobis
1051 1038 1118 1093 ad
1177 1037 1344 1093 Deum
1371 1052 1538 1107 puras
1568 1046 1854 1105 castasque
1896 1049 2027 1104 pre-

460 1144 553 1186 ces
577 1131 775 1185 exhibe
823 1147 838 1184 :
879 1137 938 1183 ut
996 1127 1243 1184 Ecclesia
1292 1135 1489 1185 sancta
1535 1127 1590 1183 in
1639 1124 2029 1199 tranquillitate

460 1231 730 1286 versetur,
760 1232 815 1275 et
845 1220 1209 1289 (idesintegra
1237 1219 1596 1288 custodiatur.
1623 1217 1678 1272 ln
1703 1224 2028 1287 perpetuum

463 1312 620 1368 nobis
663 1311 835 1368 Deum
869 1311 1166 1383 propitium
1210 1310 1400 1376 redde,
1430 1318 1486 1365 et
1519 1323 1638 1373 nos,
1686 1309 1779 1378 qui
1831 1307 2030 1379 jucun-

462 1402 686 1459 dissima
722 1413 808 1459 tua
844 1410 1221 1474 monumenta,
1252 1401 1345 1482 qui
1392 1399 1754 1482 pulcherrima
1790 1398 1858 1456 ad
1890 1397 2029 1468 salu.-

2134 513 2280 566 mus,
2319 497 2376 552 in
2420 505 2576 553 recta,
2603 497 2915 566 dogmatum
2942 476 3200 549 doctrina
3234 495 3420 548 ﬁrmos
3452 493 3699 548 immobio

2133 585 2323 654 lesque
2361 596 2630 653 conserva
2685 594 2740 639 et
2786 583 3015 637 inomni
3075 593 3381 653 temporum
3433 583 3700 641 varietate

2131 687 2488 733 constantes:
2536 686 2594 741 ut
2635 690 2854 740 omnem
2911 674 3175 742 reliquam
3226 674 3392 736 yitam
3452 674 3702 743 exemplo

2133 778 2227 823 tuo
2252 778 2440 823 sancte
2502 752 2889 836 transigamus,
2946 775 3006 821 ut
3045 765 3157 822 Deo
3214 766 3365 829 chari
3424 766 3616 834 simus,
3646 774 3703 823 et

2132 859 2428 929 quaajustis
2457 859 2720 931 promissa
2751 866 2898 927 sunt,
2923 858 3063 922 bona
3087 871 3514 925 consequantur,
3559 857 3702 914 illius

2133 949 2511 1005 misericordia
2563 963 2629 1005 ac
2680 963 2926 1014 munere,
2971 948 3063 1017 qui
3118 958 3342 1017 propter
3387 961 3486 1001 nos
3536 947 3700 1011 homo

2135 1039 2278 1104 ﬂeri,
2307 1048 2362 1094 et
2380 1030 2555 1095 carne
2601 1038 2828 1095 indutus
2855 1039 3029 1093 videri
3074 1054 3180 1093 non
3223 1047 3307 1093 est
3362 1038 3699 1112 dedignatus,

2134 1129 2380 1186 Christus
2409 1130 2550 1185 Deus
2584 1140 2815 1191 noster:
2862 1131 2955 1200 qui
2992 1130 3257 1205 colendus
3296 1137 3353 1199 et
3392 1126 3701 1183 adorandus

2132 1230 2220 1276 est
2244 1236 2367 1276 cum
2399 1220 2582 1287 Patre,
2610 1221 2703 1291 qui
2736 1230 2819 1276 est
2867 1231 2993 1277 ante
3036 1220 3384 1293 principium,
3416 1229 3472 1276 et.
3519 1220 3702 1274 divino

2136 1307 2367 1379 Spiritu,
2394 1309 2488 1378 qui
2508 1318 2592 1365 est
2623 1309 2865 1380 ejusdem
2890 1325 3013 1367 cum
3050 1310 3160 1366 illis
3186 1310 3459 1381 essentia,
3485 1317 3703 1364 auctor-

2135 1416 2242 1490 que
2279 1401 2409 1469 vita:
2439 1402 2491 1457 in
2526 1391 2720 1469 macula
2749 1401 3089 1473 saeculorum,
3115 1401 3311 1476 Amen.
