3928 6142
394 239 491 306 171

1403 245 1467 305 S.
1507 242 1925 306 NICEPHORI
1965 241 2468 301 PATRIARCHE
2504 242 2611 302 ΕΡ.

3508 230 3605 291 172

458 357 529 413 At
554 368 682 410 vero
716 368 814 424 ego
839 359 949 405 non
986 351 1032 404 is
1066 364 1182 404 sum
1211 348 1301 416 qui
1332 348 1515 401 istlnec
1546 347 1643 399 rite
1672 346 1934 399 moderari

2107 345 2228 416 Ἐγώ
2272 346 2323 398 δὲ
2365 349 2419 399 οὑ
2449 345 2541 399 τῶν
2571 352 2843 420 οἰκονομεῖν
2870 351 2950 403 καί
2985 351 3158 404 ἰθύνειν
3187 348 3602 410 ταῦτα-δεδυνη-

389 448 810 517 dispensareque
836 441 1066 504 valeam,
1095 440 1187 493 sed
1213 437 1302 506 qui
1335 437 1561 489 aliorum
1586 433 1947 488 moderamine

390 544 554 606 atque
585 532 876 586 directione
906 530 1059 599 plane
1091 529 1392 595 indigeam;
1433 539 1558 578 sum
1587 524 1728 576 enim
1760 524 1945 575 admo-

390 628 516 679 dum
557 624 814 691 exiguus,
862 635 987 672 vere
1024 618 1260 671 omnium
1306 614 1557 678 infimus,
1601 621 1653 666 et
1697 612 1797 665 hac
1836 620 1946 664 tam

388 718 646 785 prmelara
677 724 822 769 sorte
849 721 1101 780 tantaque
1128 709 1403 765 iunctione
1430 706 1643 774 penitus
1676 705 1943 774 indignus,

388 821 443 863 et
469 808 692 877 proinde
722 803 981 865 Ecclesia,
1005 816 1122 868 qua:
1150 800 1337 852 domus
1366 797 1461 849 Dei
1490 798 1556 849 ab
1580 795 1832 862 Apostolo
1859 795 1950 847 de-

390 890 592 963 ﬁnitur,
616 894 818 950 homini
849 898 1052 946 naturre
1077 904 1247 957 usque
1278 888 1409 940 adeo
1436 886 1753 938 inﬁrmm'ac
1782 884 1949 936 imbe-

389 988 543 1051 cillis,
570 985 979 1050 divinarumque
1007 980 1379 1049 purgationum
1407 976 1668 1038 beneficio
1693 973 1947 1041 majorem

388 1078 444 1131 in
490 1083 697 1143 partem
744 1072 918 1126 adhuc
968 1070 1220 1124 destituto
1251 1066 1339 1138 (ne
1379 1066 1507 1134 quid
1550 1064 1693 1117 aliud
1734 1063 1949 1131 gravius

388 1165 585 1237 dicam)
621 1164 763 1217 nulla
810 1162 1016 1215 ratione
1062 1157 1322 1213 committi
1368 1155 1662 1218 debuerat;
1712 1153 1804 1207 sed
1849 1167 1949 1206 nec

388 1272 486 1327 ego
515 1270 748 1324 quoque,
779 1267 901 1306 cum
932 1248 1304 1315 memetipsum
1334 1259 1518 1313 regere
1547 1250 1775 1311 apteque
1802 1256 1950 1296 com-

385 1358 585 1414 ponere
625 1343 852 1398 necdum
891 1339 1023 1393 satis
1052 1335 1364 1397 didicerim,
1410 1345 1583 1399 nequc
1612 1331 1735 1384 vilia
1774 1330 1863 1383 illa
1898 1337 1951 1383 et

387 1441 603 1485 terrena
647 1427 778 1481 satis
816 1425 993 1478 adhuc
1022 1420 1389 1489 despexerim,
1433 1419 1731 1470 animarum
1764 1430 1947 1470 curam

386 1521 934 1591 gubernationemque
984 1514 1260 1580 suscipere
1311 1510 1579 1564 ullatenus
1628 1510 1945 1570 debueram,

386 1626 510 1665 eum
542 1609 620 1663 illi
648 1621 891 1677 quoque,
934 1604 1024 1672 qui
1062 1600 1413 1677 amplioribus
1454 1606 1508 1651 et
1548 1598 1710 1650 animi
1744 1604 1799 1654 et
1830 1612 1950 1649 cor—

2045 439 2220 505 μένων,
2259 444 2357 493 τῶν
2405 436 2455 492 δὲ
2497 439 2849 507 οἰκονομεῖσθαι
2893 441 2977 490 καὶ
3019 435 3231 509 ἄγεσθαι
3276 436 3601 508 δεδευμένων,

2045 532 2421 602 μεμοιραμένος²
2469 528 2640 587 ἔπειδή
2680 531 2890 602 σμικρὸς
2932 526 3093 601 ἄγαν,
3137 532 3215 582 καί
3254 536 3352 583 τῶν
3400 528 3602 582 πάντων

2045 620 2337 688 ἐλάχιστος,
2370 622 2449 673 καί
2500 619 2796 677 τηλικαύτης
2836 620 3088 690 εὐμοιρίας
3133 618 3346 686 πάμπαν
3388 620 3472 671 καί
3518 619 3604 670 εὖ·

2044 709 2243 782 κληρίας
2280 708 2690 777 ἀπολειπόμενος,
2730 709 2810 761 καί
2852 706 2934 761 διὰ
2974 715 3134 760 ταῦτα
3175 704 3286 759 οὑδί
3316 705 3603 762 Ἐκκλησίαν

2043 799 2394 862 πιστεύεσθαι,
2437 800 2549 856 ἣτις
2592 797 2723 850 ἐστίν
2768 795 3111 853 ἀποστολικῶς
3162 789 3291 852 οἶκος
3331 789 3479 857 Θεοῦ,
3520 794 3604 868 βε-

2049 885 2366 958 ϐουλημένος.
2410 893 2481 957 τῷ
2528 882 2799 955 ἀνισχύρῳ
2838 885 2921 938 καὶ
2965 883 3253 952 νωθεστέρῳ
3288 879 3600 952 [νοθεστὲρῳ]

2046 986 2137 1036 τῆς
2179 981 2397 1049 φύσεως,
2425 982 2605 1049 καὶτῷ
2656 977 2867 1033 ἐνδέοντι
2906 986 2997 1035 τῆς
3035 983 3132 1031 τῶν
3173 978 3434 1051 θειοτέρων
3482 981 3605 1046 μυή-

2048 1089 2195 1127 σεως,
2221 1066 2348 1140 ᾗπερ
2385 1071 2547 1121 εἰπεῖν
2586 1067 2969 1138 ἀναγκαιότερον
3001 1067 3083 1138 [ἧς
3124 1085 3219 1138 περ
3262 1070 3424 1119 εἰπεῖν
3456 1068 3605 1120 οἰκει-

2042 1155 2250 1251 ότερονΓ
2315 1155 2392 1214 ὅτι
2421 1164 2490 1230 μή
2520 1159 2583 1213 τὰ
2610 1158 2788 1212 ἑαυτοῦ
2829 1152 2882 1211 εὖ
2910 1159 3131 1224 θέμενος,
3155 1155 3279 1227 μηδέ
3305 1163 3400 1209 τῶν
3422 1176 3601 1210 ταπει-

2046 1244 2140 1301 νῶν
2182 1252 2265 1303 καὶ
2292 1248 2624 1317 χαμαιζήλων
2651 1245 2973 1327 ὑπερκύψας,
3001 1244 3113 1298 οὐδὲ
3158 1244 3344 1313 ψυχῶν
3374 1264 3602 1317 προστα-

2049 1340 2163 1392 σίαν
2188 1337 2583 1406 καίιὲπιμέ).ειαν
2635 1336 2829 1404 εἱλόμην
2872 1330 2932 1385 ἂν
2975 1334 3345 1407 ἔγχειρίζεσθαι
3379 1336 3603 1387 πώποτε·

2050 1436 2075 1464 ⁸
2102 1423 2171 1486 οἷς
2201 1429 2300 1500 γὰρ
2330 1433 2422 1485 τῆς
2462 1431 2559 1478 τῶν
2598 1425 2786 1477 οἰκείων
2816 1421 3047 1479 σπουδῆς
3082 1423 3136 1472 οὑ
3184 1422 3453 1489 μεθέστηκε
3490 1418 3605 1487 βελ-

2046 1520 2292 1579 τιώσεως,
2329 1516 2496 1588 σχολῇ
2523 1511 2569 1585 γ’
2584 1509 2641 1566 ἂν
2668 1509 2808 1566 οὗτοι
2834 1514 2900 1565 τὰ
2927 1517 3026 1565 τῶν
3068 1511 3222 1569 πέλας
3252 1503 3304 1561 εὖ
3346 1509 3606 1564 διαθέσθαι

2047 1607 2455 1662 ἰκανοθήσονται.
2485 1610 2573 1659 καί
2601 1604 2706 1675 ἅμα
2731 1614 2824 1665 τῆς
2850 1603 3042 1677 δωρεᾶς
3070 1605 3253 1661 ἐκείνης
3279 1605 3362 1654 καί
3391 1604 3607 1674 χάριτος

392 1701 537 1764 roris
572 1698 730 1752 bonis
771 1693 1023 1749 cumulati
1069 1699 1193 1745 sunt
1217 1730 1230 1753 ,
1280 1666 1757 1742 administrationis
1788 1686 1943 1753 hrjus

2056 1693 2243 1755 ἀνάξιον
2284 1693 2461 1746 ἔαυτόν
2506 1696 2681 1765 κρίνων
2723 1697 2808 1745 καί
2848 1693 3188 1763 λογιζόμενος,
3232 1695 3315 1745 καί
3355 1689 3518 1763 ὄφελόν
3550 1711 3607 1762 γε

390 1786 550 1840 finem
580 1799 719 1853 aegre
748 1782 1045 1836 admodum-
1074 1777 1326 1846 consequi
1353 1777 1585 1829 valeant.
1635 1774 1704 1828 At
1740 1782 1949 1842 postea-

386 1890 547 1951 quam
577 1873 741 1929 semel
786 1874 852 1925 ad
894 1886 1089 1926 munus
1116 1870 1251 1932 hoc,
1298 1883 1404 1937 quo
1432 1882 1642 1934 semper
1674 1866 1946 1933 indignum

388 1980 476 2021 me
518 1962 754 2032 iudicavi
808 1969 864 2015 et
914 1961 1212 2015 etiamnum
1257 1956 1442 2023 judico
1467 1993 1483 2019 ,
1528 1962 1747 2008 evectus
1789 1965 1946 2013 sum,

388 2052 623 2118 utinam,
676 2051 721 2106 si
772 2050 899 2104 illud
926 2048 1278 2111 beatitudinis
1308 2044 1538 2112 elogium
1586 2057 1690 2096 non
1733 2042 1949 2095 omnino

386 2157 716 2213 promerear,
765 2156 830 2195 eo
876 2140 1062 2195 saltem
1103 2136 1464 2190 calamitatum
1504 2131 1950 2197 miseriarumque

390 2248 498 2289 non
522 2233 819 2295 deveniam,
842 2239 901 2284 ut
921 2234 1173 2298 perverso
1196 2226 1574 2291 obstinatoque
1600 2221 1763 2275 animi
1790 2233 1951 2274 sensu

390 2339 421 2376 a
462 2322 785 2378 rectitudine
824 2322 1162 2380 abstractus,
1216 2315 1516 2386 oppositam
1562 2320 1761 2366 sortem
1786 2349 1801 2376 ,
1848 2309 1951 2365 hoc

384 2420 476 2468 est
501 2411 720 2480 maligni
767 2410 908 2463 illius
954 2408 1096 2461 servi
1136 2406 1342 2459 cladem
1384 2402 1759 2469 fortunamque
1784 2409 1970 2469 ,σερε-ε

391 2501 504 2556 riar
542 2501 561 2571 (
592 2501 679 2555 hic
706 2499 849 2569 enim
879 2513 1000 2552 cum
1033 2496 1256 2566 ignavia:
1286 2492 1815 2561 intemperantiaeque
1834 2486 1956 2554 plu-

390 2590 586 2646 rimum
630 2589 907 2657 indulgens
944 2584 1146 2640 domini
1193 2584 1479 2637 adventum
1512 2578 1844 2649 negligeret,
1895 2582 1953 2627 et

390 2691 607 2746 gravem
656 2684 916 2745 praeterea
962 2670 1460 2738 intolerabilemque
1503 2667 1616 2721 suis
1660 2679 1779 2719 sese
1826 2677 1954 2717 con-

395 2765 567 2821 servis
612 2765 923 2828 exhiberet,
954 2771 1008 2816 et
1036 2776 1160 2815 cum
1204 2758 1430 2815 ebriosis
1459 2754 1840 2811 commercium
1866 2766 1955 2806 so—

388 2860 749 2927 cietatemque
775 2856 998 2910 haberet
1017 2893 1031 2919 ,
1070 2852 1353 2921 repentino
1383 2848 1583 2902 domini
1612 2846 1693 2900 sui
1723 2844 1953 2898 adventu

392 2950 622 3016 divisus,
663 2948 1013 3015 eamdemque
1039 2959 1160 2999 cum
1195 2940 1490 3012 hypocritis
1516 2947 1724 3006 partem
1754 2934 1809 2988 in
1839 2932 1949 2988 sul-

396 3042 600 3111 phureo
628 3045 819 3105 stagno
848 3035 1073 3088 sortitus
1104 3027 1340 3099 legitur),
1369 3034 1464 3080 aut
1487 3033 1634 3080 certe
1663 3022 1835 3084 illius,
1863 3019 1954 3087 qui

393 3141 516 3181 cum
549 3123 808 3179 talentum
838 3128 1116 3190 acceptum
1147 3116 1452 3178 defodisset,
1484 3121 1538 3166 et
1566 3111 1665 3166 sub
1695 3119 1842 3163 terra
1867 3123 1957 3162 oc-

392 3214 671 3277 culuisset,
701 3209 891 3266 acerbe
920 3208 1269 3279 graviterque
1297 3211 1579 3257 accusatus
1598 3239 1613 3266 ,
1648 3214 1756 3253 non
1785 3197 1957 3252 solum

398 3313 576 3370 tenus,
601 3310 656 3357 et
681 3300 811 3355 illud
838 3297 1250 3367 multiplicatum
1281 3291 1602 3363 postulatur,
1629 3300 1813 3340 verum
1844 3285 1959 3353 ipso

397 3406 608 3465 quoque
633 3390 850 3461 capitali
885 3386 1246 3456 despoliatus,
1290 3381 1344 3436 in
1383 3380 1633 3435 tenebras
1667 3374 1960 3445 exmriores

397 3483 649 3552 abjicitur
680 3477 895 3554 (Matth.
928 3476 1077 3545 xxv).
1129 3473 1348 3528 Utinam
1394 3469 1449 3523 in
1499 3468 1691 3521 horum
1737 3476 1960 3521 numero

398 3550 506 3628 non
536 3550 802 3632 inveniar,
828 3579 1002 3633 neque
1032 3566 1086 3616 in
1115 3558 1419 3628 exemplum
1450 3550 1881 3620 derisio'nem'que
1908 3557 1963 3604 et

401 3659 593 3730 capitis
638 3656 931 3710 motionem
961 3650 1210 3707 omnibus
1262 3643 1592 3700 intuentibus
1637 3638 1959 3709 propositus,

401 3749 470 3805 ab
497 3761 670 3816 eoque
706 3743 798 3814 qui
827 3742 1008 3798 omnia
1042 3746 1224 3794 nostra
1274 3734 1425 3789 novit
1469 3740 1524 3786 et
1567 3737 1839 3785 scrutatur
1880 3740 1964 3784 re-

402 3841 659 3909 dargutus
686 3842 743 3889 et
769 3832 1177 3889 condemnatus,
1206 3824 1424 3879 meritas
1462 3821 1769 3888 iniquarum
1796 3816 1965 3876 aetio-

404 3943 531 3983 num
559 3940 749 3998 pmnas
774 3918 1200 3979 olim’exsolvere
1228 3912 1533 3989 compellar,
1579 3909 1652 3963 ita
1691 3916 1749 3961 ut
1794 3906 1831 3959 ii
1871 3903 1965 3972 qui

404 4021 462 4075 in
493 4018 699 4073 similes
726 4014 866 4070 forte
902 4026 1071 4066 noxas
1106 4006 1307 4077 lapsnri
1348 4009 1533 4064 erant,
1573 4013 1693 4053 meo
1720 3993 1964 4062 exemplo

405 4109 770 4179 supplicioque
800 4101 1056 4158 admoniti
1100 4113 1130 4151 ει
1173 4095 1373 4150 scelere
1408 4106 1465 4145 se
1502 4089 1850 4167 contineant,
1882 4082 1962 4134 vi-

408 4211 620 4266 tamque
646 4194 940 4261 corrigam.

477 4258 739 4355 Quoniam
767 4258 897 4348 ergo
924 4279 1033 4331 Deo
1057 4272 1401 4343 permittente
1437 4275 1491 4320 et
1528 4262 1847 4319 connivente
1879 4258 1966 4326 ju-

411 4348 538 4448 gum
562 4373 705 4429 istud
731 4368 901 4432 subii,
941 4374 1287 4435 praesensque
1331 4352 1693 4411 ministerium.
1718 4358 1772 4403 et
1797 4348 1967 4402 famu-

413 4437 579 4521 vlatum
607 4462 771 4517 invite
797 4473 861 4512 ae
884 4463 1093 4510 tantum
1129 4467 1235 4505 non
1266 4464 1362 4519 per
1386 4447 1495 4501 vim
1526 4440 1766 4509 suscepi,
1796 4437 1968 4507 qualis

414 4555 549 4612 mihi
573 4552 727 4608 annis
754 4555 900 4604 retro
935 4545 1069 4599 actis
1095 4541 1297 4597 functio
1325 4538 1553 4604 viaeque
1581 4532 1717 4586 ratio
1745 4527 1967 4584 exstite-

415 4647 516 4708 rit,
557 4635 1005 4712 quemadmodum
1039 4630 1286 4686 omnibus
1315 4621 1695 4696 propemodum
1731 4612 1972 4684 comper-

418 4705 532 4790 tum
568 4705 679 4793 est,
728 4725 965 4782 breviter
990 4719 1287 4789 expediam.
1339 4713 1523 4781 Itaque
1561 4709 1681 4764 aliis
1710 4705 1853 4760 aliud
1890 4711 1975 4756 est

417 4821 654 4879 studium
680 4827 917 4885 opusque
947 4809 1118 4879 majus
1151 4806 1236 4860 vel
1275 4803 1452 4857 minus
1473 4840 1487 4865 ,
1535 4804 1693 4867 prout
1724 4794 1970 4848 uniuscu—

415 4915 606 4984 jusque
628 4908 731 4963 fert
754 4902 940 4968 libido,
963 4909 1017 4955 et
1042 4898 1215 4968 quivis
1238 4893 1378 4964 quod
1404 4888 1743 4984 profuturum
1769 4888 1969 4981 sperat,

421 4971 609 5073 suopte
650 4998 917 5054 arbitratu
963 4991 1065 5047 sibi
1111 4987 1277 5058 eligit.
1336 4975 1789 5048 Quemadmodum
1830 4971 1985 5073 enim.

423 5058 586 5148 varia:
615 5089 888 5146 hominum
922 5089 1048 5138 sunt
1085 5074 1362 5133 sententia:
1382 5110 1397 5134 ,
1435 5067 1688 5132 variaque
1717 5058 1938 5114 consilia
1957 5095 1972 5120 ,

425 5187 647 5240 diversa:
689 5179 756 5233 ad
801 5178 917 5231 huic
951 5165 1361 5227 consuetudines
1404 5166 1459 5213 et
1483 5167 1680 5216 mores,
1712 5151 1787 5204 ita
1815 5149 1983 5202 etiam-

426 5274 713 5328 clectiones
740 5268 982 5333 ritusque
1008 5256 1221 5313 vivendi
1248 5250 1415 5305 variis
1452 5243 1623 5300 modis
1650 5241 1789 5294 inter
1812 5251 1871 5290 se
1884 5248 1980 5312 ’se-

429 5369 742 5425 cernuntur,
767 5364 823 5413 et
845 5327 1236 5425 quodammodo
1264 5342 1333 5396 ad
1357 5336 1674 5394 infinitatem
1696 5327 1983 5399 quamdam

505 5546 531 5576 ι
554 5534 631 5589 Ex
654 5532 833 5589 codice
855 5522 1190 5595 Siguieriano
1216 5511 1573 5587 supplevimus
1597 5518 1715 5574 qum
1740 5502 1978 5556 deerant.

1979 2986 2023 3049 C

2049 1784 2115 1840 ὡς
2158 1784 2214 1833 οὺ
2239 1786 2325 1835 τοῦ
2365 1786 2688 1854 μακαρισμοῦ
2737 1783 2921 1834 ἐκείνου
2964 1779 3123 1843 ἄξιος,
3154 1778 3280 1850 μηδί
3319 1786 3410 1834 τοῦ
3446 1777 3609 1838 ἅθλιος

2048 1867 2170 1926 εἶναι
2196 1874 2277 1925 καί
2307 1872 2653 1934 ταλανιζεσθαε
2685 1868 2893 1934 δίκαιος,
2926 1867 3053 1938 μηδέ
3094 1877 3185 1929 τῆς
3216 1856 3469 1923 ἀντιθέων
3494 1872 3609 1936 μοί·

2047 1982 2160 2038 ρας,
2189 1966 2273 2016 καὶ
2295 1971 2383 2017 τοῦ
2408 1964 2704 2018 ὑπεναντίον
2731 1966 3037 2036 φρονήματος
3067 1961 3247 2014 ἐκείνου
3271 1966 3359 2015 τοῦ
3386 1964 3606 2032 πονηροῦ

2048 2058 2129 2105 καί
2156 2055 2436 2129 κακούργου
2480 2051 2678 2115 δούλου,
2711 2049 2765 2111 ὃς
2791 2050 2873 2105 διὰ
2916 2050 3096 2108 πολλὴν
3144 2050 3385 2125 ρᾳθυμίαν
3430 2068 3482 2102 τε
3524 2053 3610 2103 καί

2047 2144 2295 2215 ἀκρασίαν
2359 2148 2447 2201 τὴν
2493 2148 2585 2196 τοῦ
2632 2138 2884 2196 δεσπότου
2935 2140 3258 2212 ὑπερτίθεται
3303 2135 3499 2209 ἔφοδον,
3527 2139 3610 2191 καί

2034 2234 2211 2307 βαρὺς
2250 2241 2354 2293 τοῖς
2385 2230 2669 2292 συνδούλοις
2693 2233 2777 2285 καί
2817 2229 3126 2301 δυσφόρητος
3165 2232 3372 2300 γίνεται,
3399 2231 3482 2283 καί
3507 2248 3609 2282 κοι-

2048 2331 2219 2389 νωνεῖ,
2231 2326 2527 2393 μεθύουσιν·
2571 2320 2723 2393 ἐφ’ὧν
2766 2321 2980 2379 ἕπεο-τάξ
3023 2321 3079 2373 οὑ
3119 2317 3536 2394 προσδοκώμενος
3577 2315 3606 2372 ό

2049 2415 2219 2485 κύριος
2242 2415 2324 2466 καί
2346 2410 2471 2484 διχῇ
2513 2408 2685 2463 διελὼν
2711 2416 2817 2468 τοῖς
2863 2414 3160 2481 ὑποκριταῖς
3201 2409 3603 2479 σνναριθμήσεεε,

2048 2499 2173 2569 μηδέ
2198 2506 2291 2553 τοῦ
2320 2498 2670 2557 πιστευθέντος
2697 2499 2756 2553 τὸ
2785 2497 3025 2556 τάλαντον
3051 2499 3135 2549 καί
3162 2498 3262 2549 ὑπὸ
3285 2503 3375 2566 γῆν
3402 2494 3605 2563 Orpheu

2049 2589 2137 2642 καί
2157 2586 2597 2661 κατακρύψαντος·
2621 2583 2808 2649 καί,δά
2829 2592 2978 2641 τοῦτο
3005 2590 3197 2657 πικρῶς
3223 2583 3605 2654 ἐγιαλουμενου,

2054 2679 2143 2732 καί
2167 2677 2225 2729 οὑ
2252 2677 2335 2731 τόν
2373 2676 2517 2731 τόκον
2548 2675 2690 2745 μόνον
2719 2676 2802 2729 καί
2825 2674 2887 2728 τὸ
2912 2673 3252 2727 πολυπλάσιον
3302 2673 3609 2749 εἰσπραττοο

2052 2768 2222 2836 μένου,
2264 2766 2389 2820 ἀλλὰ
2431 2764 2758 2835 ζημιουμίνου
2795 2767 2883 2818 καί
2913 2764 2971 2818 τὸ
3007 2762 3282 2834 κεφάλαιον,
3313 2764 3396 2816 καὶ
3436 2760 3605 2831 σκότῳ

2051 2857 2508 2929 παραπεμπομένου
2531 2853 2603 2925 τῷ
2637 2855 2882 2928 ἐξωτέρῳ.
2909 2851 3017 2907 Εἴθε
3038 2858 3109 2923 μὴ
3136 2854 3186 2905 ἓν
3208 2853 3409 2911 τούτοις
3433 2849 3603 2911 όιλοὺς,

2053 2947 2373 3022 παράδειγμα
2416 2954 2519 3006 τοῖς
2562 2947 2765 3006 πολλοῖς
2814 2945 3140 3019 προτεθείην,
3183 2945 3265 2997 καὶ
3308 2943 3376 2999 εἰς
3419 2942 3608 2998 κίνησεν

2054 3040 2262 3112 κεφαλῆς
2307 3046 2414 3098 τοῖς
2459 3039 2709 3109 καθορῶσι
2750 3036 3026 3107 λογισθείην
3068 3033 3320 3104 ἐλεγχθεὶς
3359 3050 3485 3084 ποτε
3523 3030 3610 3082 καί

2054 3129 2362 3203 κατακριθείς
2413 3126 2515 3180 ὑπὸ
2570 3125 2666 3179 τοῦ
2704 3126 2873 3178 πάντα
2923 3121 3114 3182 εἰδότος
3156 3122 3242 3173 καί
3291 3116 3611 3181 ἰξετοίζοντος

2052 3220 2121 3274 τὰ
2167 3219 2403 3290 ἡμέτερα,
2436 3218 2518 3271 καί
2561 3216 2744 3285 ἀχθεὶς
2784 3215 2885 3268 ὑπό
2939 3214 3193 3283 μάστιγας
3239 3209 3466 3283 πράξεων
3503 3206 3611 3276 οὑχ

2055 3312 2207 3369 όσίων
2257 3311 2396 3370 δίκας
2440 3311 2622 3389 ἰκανῶς
2659 3308 3141 3381 εἰσπραχθήσομαε,
3170 3304 3250 3357 ἵνα
3291 3302 3337 3356 οί
3382 3301 3467 3354 hri
3501 3305 3613 3359 τοῖς

2059 3401 2246 3470 ὁμοίοις
2269 3385 2496 3455 ὑπόδικοι
2523 3398 2823 3475 φωραθέντες
2849 3401 2921 3466 τῷ
2946 3392 3035 3448 ἀπ’
3053 3393 3172 3461 ἰμοῦ
3193 3392 3339 3448 πάθει
3369 3385 3613 3463 σωφρονί-

2059 3494 2243 3554 ζοιντο,
2273 3490 2359 3545 καί
2385 3491 2473 3547 τὴν
2494 3485 2760 3561 διόρθωσιν
2796 3482 3137 3555 ἇπιδᾶχοεντοι

2136 4252 2277 4307 Ἐπεί
2301 4253 2463 4305 τοίνυν
2500 4247 2834 4317 συνχωρῆσει
2852 4260 2908 4297 τε
2932 4241 3015 4294 καί
3049 4233 3331 4310 παροράσει
3356 4236 3484 4285 Θεοῦ
3513 4224 3621 4282 ὑπό

2066 4345 2337 4399 τὸνάὐτοῦ
2378 4340 2619 4406 εἰσήχθην
2657 4335 2826 4403 ζυγόν,
2858 4334 2935 4385 καί
2982 4330 3168 4383 ταύτην
3211 4330 3299 4381 τήν
3339 4319 3623 4391 ὑπηρεσίαν

2066 4438 2148 4488 καί
2187 4431 2430 4486 διακονίαν
2473 4430 2557 4480 οὑιι
2602 4426 2853 4481 ἐθελοντής
2902 4415 3232 4485 ἀναδέδεγμαε
3253 4453 3268 4472 ,
3327 4410 3403 4464 ότι
3444 4406 3621 4480 τρόπῳ

2069 4524 2384 4596 βιαζόμενος,
2413 4515 2494 4571 οῖοὶ
2537 4536 2621 4586 μοι
2652 4516 2717 4568 τὰ
2744 4514 2843 4585 πρό
2889 4506 3058 4570 τοῦδε,
3098 4506 3178 4557 καί
3214 4505 3284 4559 εἰς
3320 4496 3423 4554 οἷον
3450 4515 3624 4563 κεχω-

2069 4618 2248 4685 ρήκασι
2300 4608 2681 4665 καταστάσεως,
2733 4604 2798 4659 ὡς
2848 4599 3033 4655 πάντες
3091 4589 3283 4660 σχεδόν
3324 4586 3370 4640 οἰ
3411 4583 3626 4637 ὶντοιῦθα

2067 4671 2241 4754 ἰσασιν
2265 4700 2386 4769 ἐρῶν
2409 4694 2653 4768 ἔρχομαι.
2685 4689 2842 4755 ’Δλλῳ
2987 4680 3074 4738 οὖν
3101 4679 3216 4769 ὖλλο
3238 4700 3289 4733 τε
3316 4671 3628 4740 ἇπιτήδευμά

2075 4812 2141 4845 τε
2159 4792 2243 4843 καί
2265 4789 2520 4856 τέχνημα,
2548 4781 2578 4840 ἦ
2603 4780 2776 4850 μικρὸν
2800 4777 2830 4834 ἦ
2860 4779 3042 4846 μεῖζον,
3068 4774 3134 4829 ὡς
3159 4764 3215 4822 ἂν
3243 4766 3391 4823 αὑτός
3415 4763 3628 4818 ἕκαστος

2076 4886 2149 4950 τῷ
2186 4875 2486 4942 αὑτεξουσίῳ
2533 4870 2839 4942 ὁρμώμενος,
2880 4866 2965 4915 καί
3001 4864 3088 4917 τήν
3133 4858 3327 4929 αἳρεσιν
3358 4857 3459 4905 τῶν
3485 4867 3628 4919 πραε-

2076 4942 2227 5023 κτέων
2271 4967 2339 5036 ἔφ’
2374 4965 2537 5030 ἑαυτῷ
2579 4961 2735 5033 φέρων
2783 4952 3065 5029 προέλοιτο.
3109 4943 3309 5002 Ἐπειδύ
3359 4942 3482 5014 γάρ.
3537 4957 3631 4990 καθ

2078 5060 2236 5131 θὰπερ
2314 5049 2585 5108 πολυειδεῖς
2642 5052 2739 5101 τῶν
2806 5028 3075 5114 ἆνθρὼτων
3135 5037 3189 5090 αἰ
3253 5039 3489 5106 γνῶμαι,
3545 5028 3629 5080 καί

2079 5151 2142 5203 τὰ
2186 5120 2466 5203 έιαθοὺλια,
2499 5138 2705 5212 διάφορά
2752 5154 2805 5189 τε
2846 5133 2909 5187 τὰ
2949 5127 3041 5187 ἤθη
3083 5129 3169 5180 καί
3205 5123 3231 5178 ό
3264 5120 3449 5196 τρόπος
3484 5137 3629 5194 παμ-

2081 5239 2330 5299 ποίκιλος,
2388 5232 2521 5286 οὕτω
2564 5227 2624 5287 δὴ
2678 5230 2757 5280 καί
2817 5224 2871 5278 αἱ
2918 5224 3046 5276 κατὰ
3107 5218 3192 5271 τόν
3252 5214 3357 5285 βίον
3412 5209 3632 5284 αἱρέσεις

2082 5292 2428 5399 διατέμνοντα
2468 5315 2795 5390 πολυτρόπως
2849 5314 2934 5367 καὶ
2976 5307 3331 5375 διασχὶζονται
3353 5339 3370 5367 ,
3422 5293 3503 5352 παι
3559 5292 3632 5354 εἰς
