3980 6140
403 337 505 403 1'13

1350 342 1713 407 EPISTULA
1754 345 1851 404 AD
1886 343 2197 404 LEONEM
2236 344 2329 404 III
2367 338 2638 403 PAPAM.

3511 341 3610 402 174

407 462 614 536 ἔπειρον
658 466 900 525 ποικιλίας
944 487 998 521 τι
1044 467 1124 519 καί
1173 466 1394 525 πληθύος
1445 461 1764 519 ἐπιδιδόασιν.
1794 453 1950 513 Ἐνιοι

2051 453 2384 521 perveniunt.
2409 452 2632 517 Quidam
2654 464 2884 519 namque
2911 452 3236 505 mechanica:
3258 451 3377 504 vitae
3403 453 3611 506 exerci-

525 596 540 617 ,
595 559 696 607 τῶν
747 553 1014 624 βαναύσων
1066 561 1305 610 τοσοῦτον
1365 551 1426 611 δὴ
1479 555 1564 607 τὸν
1608 552 1815 623 ,οἰκτρὸν
1870 552 1956 603 καί

407 642 775 711 πεπλανημένον
811 643 1065 697 ἀνελέσθαι
1105 648 1453 718 προκεκρίκασι
1496 642 1632 711 βίον·
1685 639 1822 696 ἄλλοι
1864 648 1954 702 τῆς

404 735 655 803 γεωργίας
695 733 753 787 τὸ
792 734 984 786 πανικὸν
1020 732 1484 796 ὶξεπιτηδεύσαντες
1528 734 1795 802 φαίνονταί
1825 733 1956 791 τινὲς

408 830 496 880 τῆς
553 822 799 894 ἐμπορίας
844 821 1220 892 διακληροῦνται
1262 823 1319 877 τὸ
1376 821 1655 895 φιλοκερδὲς
1700 825 1781 875 καί
1826 822 1957 892 φιλό-

404 913 639 976 πλουτον,
684 911 715 971 ἦ
760 921 850 971 τῆς
900 914 1153 973 ναυτιλίας
1200 916 1256 967 τὸ
1302 912 1634 983 φιλαπόδημὸν
1676 934 1729 966 τε
1763 917 1839 966 καί
1879 934 1958 983 φι-

401 999 711 1063 λοκίνδυνον.
742 1005 823 1054 καί
869 1000 1011 1056 ἄλλοι
1050 1002 1113 1055 δι’
1133 999 1281 1061 ἄλλης
1328 1011 1420 1062 τῆς
1468 1009 1566 1057 τῶν
1611 1005 1956 1075 χειροτέχνων

404 1091 679 1171 ἐργασίας,
698 1095 780 1147 ἵνα
816 1098 885 1163 μὴ
909 1094 1213 1148 καθέκαστον
1239 1093 1474 1164 λέγωμεν,
1507 1095 1762 1170 προΐασιν,
1792 1095 1956 1166 ἕτεροι

401 1182 457 1237 δέ
482 1186 568 1236 καί
595 1184 838 1253 όλιγοστοί
862 1205 970 1259 πως
1007 1185 1105 1237 εἰσί
1132 1186 1214 1236 καί
1241 1182 1479 1256 ἔκκριτοι,·
1499 1185 1543 1237 οἱ
1568 1186 1652 1239 τὸν
1693 1184 1957 1241 ἀσκητικὸν

401 1292 455 1324 τε
505 1273 590 1325 καί
640 1271 896 1343 φιλόσοφον
941 1272 1296 1340 ἀσπασάμενοι
1337 1274 1560 1347 τρόπον,
1608 1272 1790 1341 ψυχάς
1829 1272 1953 1341 ὁμοῦ

401 1363 484 1413 καί
530 1364 747 1430 σώματα
793 1360 1120 1433 διικάθῃραν,
1173 1365 1256 1415 καί
1304 1363 1463 1435 ταύτῃ
1512 1370 1619 1433 Θεῷ
1665 1363 1977 1426 πλησιάζειν

398 1451 651 1512 ἠξίωνται,
681 1441 856 1509 καίέἰς
881 1455 967 1508 τήν
998 1448 1095 1504 ἆνω
1115 1451 1248 1513 λῆξιν
1275 1454 1359 1505 καί
1379 1453 1631 1525 μακαρίαν
1652 1452 1953 1522 ἐπείγονται.

396 1536 455 1591 Ἦ
488 1538 736 1608 λογιότητι
774 1539 1034 1611 ἐκλογικῶν
1090 1540 1378 1611 ἐπιστημῶν
1423 1544 1509 1595 καί
1544 1548 1740 1609 τεχνῶν
1795 1562 1955 1596 κατα-

400 1627 756 1696 κοσμούμενοι.
778 1631 862 1681 καί
890 1629 1031 1685 ἤθεσι
1055 1637 1302 1702 χρηστοῖς
1331 1626 1680 1699 σεμνυνόμενοι
1722 1631 1814 1688 τὰς
1840 1630 1957 1684 έαυ·

398 1723 500 1769 τῶν
552 1714 736 1786 ψυχὰς
800 1715 1242 1790 ἐμουσούργησαν,
1288 1721 1369 1770 καί
1422 1720 1489 1778 ὡς
1545 1719 1736 1788 ἑκάστῳ
1789 1718 1955 1773 λοιπὸν

394 1800 495 1863 ἡδύ
536 1809 618 1862 καί
654 1807 783 1877 φίλον
821 1806 1001 1873 ἐδόκει,
1032 1811 1113 1864 καί
1159 1816 1235 1880 τῷ
1273 1809 1486 1877 ἐπιϐὀλῳ
1530 1806 1825 1881 [ἐπιϐούλῳ]
1865 1817 1955 1869 τῆς

396 1897 598 1966 φύσεως
620 1896 881 1969 ἐξεγένετο.

471 2167 609 2236 Ἐμοί
636 2162 691 2222 δέ
732 2166 862 2224 οὕτω
885 2168 948 2222 τὰ
972 2175 1063 2227 τῆς
1103 2169 1370 2241 παρούσης
1396 2170 1569 2241 βιοτῆς
1609 2172 1951 2247 περιέστηκεν.

397 2254 572 2313 Ἠνίκα
612 2259 775 2311 τοίνυν
810 2259 880 2317 είς
922 2255 1107 2333 ἄνδρας
1151 2259 1372 2322 ἐτέλουν,
1401 2260 1460 2314 τὸ
1494 2261 1602 2314 νέον
1638 2269 1728 2321 τῆς
1765 2263 1956 2325 ἡλικίας

399 2345 869 2423 παραμειψάμενος,
902 2346 997 2406 ἤδη
1046 2350 1159 2425 περί
1184 2346 1279 2409 τὰς
1312 2348 1593 2418 βασιλείους
1607 2352 1955 2423 ἐπιχωριάζειν

399 2442 574 2506 αὐλὰς,
625 2446 896 2514 στρατείας
941 2443 1071 2502 τινὸς⁵
1122 2442 1433 2517 ἐπεκύρησα,
1484 2444 1567 2497 καί
1622 2446 1814 2503 ταύτης
1867 2446 1957 2499 οὒκ

400 2531 614 2603 ἆεργοῦς
640 2533 721 2584 καί
746 2528 1019 2601 ἆνειμένης,
1050 2529 1173 2584 ἀλλά
1209 2540 1303 2589 τῆς
1342 2529 1425 2586 διὰ
1455 2538 1644 2601 χειρῶν
1672 2534 1754 2585 καί
1800 2532 1956 2586 καλά’

398 2642 509 2691 μων
551 2622 927 2693 ἐκπονουμένης·
957 2624 1164 2697 καὶγὰρ
1189 2630 1288 2678 τῶν
1335 2623 1606 2692 βασιλικῶν
1638 2624 1957 2700 ὑπογραφεὺς

401 2709 685 2781 ἐτύγχανον
713 2704 813 2778 ὧν,
852 2714 1132 2786 ἀσηκρῆτις
1161 2711 1213 2767 δέ
1254 2710 1469 2774 τούτους
1516 2714 1684 2767 καλεῖν
1729 2716 1957 2776 εἰωθυίας

399 2808 493 2859 τῆς
530 2799 789 2862 Λατινίόος
826 2802 1049 2871 γλώττης
1088 2801 1235 2873 ἴσμεν
1274 2805 1552 2872 ἐπιφώνημα.
1584 2813 1658 2855 Ἐν
1684 2806 1845 2877 ταύτῃ
1875 2806 1959 2858 έπέ

400 2911 541 2951 τινας
593 2891 810 2965 χρόνους
852 2892 1262 2964 ἐπιζυγούμενος,
1304 2896 1390 2946 καί
1441 2893 1765 2963 ἀνθρωπίνοις
1811 2912 1957 2967 περι-

399 2974 738 3048 δεσμούμενος
785 2980 1095 3052 πράγμασιν,
1126 2982 1196 3041 εἰς
1236 2980 1558 3037 συναίσθησιν
1609 2987 1708 3034 τῶν
1744 2980 1792 3032 ἐν
1824 2977 1956 3049 τῷδε

400 3074 474 3136 τῷ
662 3057 891 3143 ῥευστῶν
948 3067 1114 3132 έλθών,
1162 3070 1288 3134 βοῦς
1337 3068 1492 3141 [νοῦν]
1532 3069 1820 3134 ἁνείλιττον,
1868 3071 1955 3124 καί

396 3154 675 3226 λογισμούς·
719 3158 962 3211 ἀνεκίνουν
985 3196 1001 3223 ,
1039 3161 1107 3220 ὡς
1144 3157 1246 3232 ἄρα
1291 3159 1513 3231 χαλεπὸν
1554 3162 1636 3212 καί
1676 3157 1957 3233 δυσκατόρ-

400 3247 576 3311 θωτον,
635 3250 755 3309 τοὺς
794 3255 856 3323 τῇ
898 3247 952 3303 δε
1000 3249 1435 3319 ἐνησχολημένουςι
1479 3257 1577 3303 τῶν
1638 3248 1957 3319 ὑψηλοτέρων

399 3334 600 3404 ψαύειν,
645 3337 864 3392 μάλιστὰ
887 3360 964 3398 τις
996 3339 1257 3410 ἐπιτυχὼν
1300 3354 1390 3400 τῆς
1424 3342 1700 3414 κρείττονος
1735 3338 1954 3404 ἐλπίδος,

401 3428 492 3479 οὐκ
544 3420 605 3479 ἂν
644 3424 1014 3503 διαμαρτήσειε·
1062 3423 1130 3485 τὰ
1173 3432 1263 3499 μέν
1307 3432 1409 3504 γὰρ
1457 3431 1765 3495 παιζόντων,
1792 3433 1859 3486 τὰ
1901 3429 1956 3485 δέ

403 3513 792 3579 σπουδαζόντων
817 3514 942 3572 εἶναι
963 3518 1200 3588 ἐνόμιζον,
1224 3524 1426 3578 ἐκείνοις
1442 3541 1495 3574 τε
1516 3522 1719 3593 χαίρειν
1745 3519 1957 3594 ἔφραζον

402 3609 486 3661 καί
526 3609 721 3662 τούτων
758 3610 1095 3682 περιέχεσθαι
1134 3606 1232 3667 ὅση
1268 3608 1497 3680 δύναμις,
1535 3614 1621 3665 καί
1673 3612 1864 3681 βέλτιον
1903 3613 1955 3666 έν

402 3696 604 3754 τούτοις
642 3697 847 3769 είσορᾷν
887 3698 1102 3768 ἀμαυ-τὸν
1149 3693 1519 3767 διεσκοπούμην
1561 3698 1955 3773 παρευδοκιμοῦφ

401 3803 568 3852 μενον,
591 3785 721 3857 ἥπερ
748 3788 943 3846 ἐκείνοις⁹
980 3795 1184 3857 φανῆναι
1216 3790 1277 3843 τὸ
1299 3788 1465 3843 λοιπὸν
1505 3787 1950 3863 καθωραϊζόμενον,

400 3874 488 3928 καί
534 3893 618 3943 με,
653 3875 720 3933 ὡς
764 3872 906 3944 ἔχειν
955 3877 1157 3947 ἐμαυτῷ
1182 3878 1470 3957 ννομοθετῶ,
1495 3881 1581 3931 καί
1625 3886 1888 3950 προφητῶν
1925 3878 1952 3933 ὅ

401 3959 612 4036 ἄριστος
641 3964 940 4028 ίξεπαίδευε,
971 3969 1056 4021 καί
1100 3972 1265 4023 πάντα
1297 3964 1575 4037 ματαιότης
1605 3972 1954 4039 ματαιοτήτων

399 4055 465 4105 τὰ
494 4050 636 4126 τῇδε,
663 4057 744 4108 καί
773 4057 849 4116 τίς
873 4060 1140 4131 περισσεία
1163 4063 1234 4126 τῷ
1255 4058 1499 4129 ἀνθρώπῳ
1530 4057 1578 4110 ἐν
1601 4060 1753 4113 παντί
1773 4059 1952 4130 μόχθῳ

401 4142 581 4208 αὐτοῦ,
697 4144 885 4213 μοχθεῑ
923 4144 1025 4199 ὑπὸ
1062 4147 1145 4201 τὸν
1180 4147 1336 4212 ἥλιον,
1377 4144 1524 4207 ἄλλος
1562 4149 1713 4218 σοφὸς
1754 4170 1952 4220 παρηγ-

399 4229 593 4308 γύησε,
638 4235 880 4307 παράγειν
927 4236 985 4289 τὸ
1045 4244 1230 4307 σχῆμα
1277 4243 1365 4292 τοῦ
1411 4238 1602 4306 κόσμου
1652 4242 1853 4304 τούτου,
1893 4242 1949 4296 τὸ

402 4328 582 4384 σκεῦος
623 4324 681 4378 τὸ
728 4325 972 4378 θεόλεκτον
1006 4326 1327 4399 ἀνεκήρυττε,
1361 4330 1443 4386 καί
1484 4324 1639 4381 ἄλλων
1666 4327 1718 4383 δέ
1746 4337 1951 4403 Γραφῶν

401 4413 546 4483 ίερῶν
574 4415 773 4475 τούτοις·
799 4415 1247 4489 παραγ-μελλουσῶν
1272 4416 1744 4487 κατακουτιζὸμενος
1770 4417 1947 4488 [κατα-
1973 4427 2025 4486 D

401 4504 756 4576 κοντιζὸμενος]
784 4506 1131 4578 παραπλήσια,
1162 4508 1244 4560 καί
1292 4504 1399 4576 ἅμα
1442 4507 1493 4560 ἐν
1531 4514 1600 4578 νῷ
1638 4505 1799 4576 ἔχων.
1825 4506 1948 4585 ὅπερ

400 4596 543 4669 παρά
584 4614 679 4650 τινι
717 4602 815 4648 τῶν
857 4596 1065 4667 θύραθεν
1103 4596 1185 4647 ἐπὶ
1212 4596 1361 4667 σοφίᾳ
1389 4592 1787 4665 διαϐεϐοημένων
1824 4592 1947 4663 ᾁδό-

401 4705 547 4752 μενον
572 4682 809 4755 ἔγνωμεν,
842 4701 860 4733 ι
894 4692 1126 4759 κρεῖσσον
1152 4682 1453 4748 ἰδιωτεύειν,
1479 4684 1511 4746 ἧ
1545 4688 1784 4755 μεγίστην
1809 4685 1951 4753 ἔχειν

404 4776 660 4840 ἐξουσίαν,
674 4774 825 4845 μηδέν
846 4772 978 4839 ἄξιον
998 4775 1235 4829 ἐπιτελεῖν
1252 4775 1502 4843 μέλλοντα⁶
1527 4792 1546 4826 ε
1573 4775 1793 4842 καθάπερ
1826 4796 1949 4833 σκη-

401 4870 491 4924 νήν
529 4871 618 4924 τήν
655 4870 922 4940 παροῦσαν
968 4867 1033 4924 ὡς
1090 4866 1405 4919 ἀπανθοῦσαν
1452 4863 1595 4928 δόξαν
1650 4859 1927 4937 ἐπεκερτόςο

404 4976 565 5027 μησα.

456 5532 551 5588 Καὶ
592 5528 719 5604 πρὸς
745 5533 835 5586 τὴν
877 5529 1093 5599 ίμαυτοῦ
1138 5524 1394 5598 ἐπίσκεψιν
1434 5523 1529 5585 ἤδη
1572 5527 1819 5598 τρέπομαι
1848 5527 1944 5580 αύ-

405 5621 536 5675 τίκα.
581 5618 757 5673 Διόπερ
797 5616 854 5675 δή
897 5613 949 5670 εὖ
982 5620 1271 5683 παρασχὼν
1304 5613 1380 5669 οἷα
1424 5623 1545 5668 Θεοῦ
1596 5615 1942 5685 συλλαμϐανο-

2056 543 2309 595 tationem
2332 540 2720 611 quantumlibet
2740 540 2917 606 vilem,
2933 541 3310 606 miserabilem,
3329 541 3612 596 incertam-

2054 645 2157 698 que
2181 630 2406 684 tolerare
2421 631 2800 694 decreverunt;
2828 630 2961 683 alios
2979 620 3315 700 agri'culturm
3336 630 3614 686 laboribus

2056 720 2419 787 molestiisque
2461 719 2703 792 addictos
2743 718 2963 784 videas;
3015 720 3254 773 nonnulli
3298 728 3613 773 mercaturae

2055 818 2262 877 qucestu
2301 819 2567 875 opumque
2608 806 3061 875 congerelldarum
3105 806 3281 859 studio
3307 807 3608 867 ducuntur;

2054 908 2155 948 nec
2187 895 2377 948 desunt
2399 894 2511 962 qui,
2533 892 2933 963 peregrinorum
2955 894 3191 947 locorum
3215 894 3614 955 lustrandorum

2055 983 2320 1035 desiderio
2346 982 2475 1047 acti,
2499 983 2857 1050 navigationis
2880 981 3134 1051 periculis
3161 997 3280 1037 sese
3309 990 3610 1050 exponant;

2054 1074 2109 1122 et
2145 1085 2212 1122 ne
2247 1069 2468 1137 singulis
2503 1069 2843 1122 recensendis
2878 1069 3151 1133 immorer,
3192 1068 3279 1121 alii
3319 1067 3453 1121 alias
3488 1083 3616 1136 ope-

2054 1171 2207 1211 rosas
2224 1164 2370 1211 artes
2390 1165 2785 1221 consectantur,
2805 1158 2962 1226 pauci
2985 1158 3293 1211 selectiores
3316 1158 3614 1211 solitariam

2056 1246 2202 1301 illam
2239 1248 2768 1317 philosophicamque
2798 1249 3011 1302 vivendi
3037 1249 3298 1303 rationem
3326 1248 3611 1316 complexi,

2056 1336 2269 1391 animos
2292 1337 2449 1391 simul
2479 1346 2536 1391 et
2560 1353 2789 1407 corpora
2812 1347 3065 1393 eliercent
3094 1355 3157 1393 ac
3180 1348 3442 1408 purgant,
3480 1341 3618 1393 Deo-

2054 1438 2159 1493 que
2178 1425 2505 1480 bac‘ratione
2526 1428 2984 1496 appropinquare,
2999 1434 3054 1480 et
3080 1428 3146 1481 ad
3170 1429 3442 1481 caelestem
3468 1428 3614 1482 illam

2052 1513 2371 1585 beatamque
2396 1516 2561 1570 vitam
2604 1518 2909 1586 pertingere
2952 1516 3283 1587 contingunt.
3339 1516 3613 1583 Quosdam

2030 1613 2314 1672 praeterea
2343 1604 2665 1673 comperias,
2711 1605 2804 1675 qui
2850 1605 3168 1673 eloquentiae
3210 1604 3614 1674 logiearumque

2055 1694 2401 1748 scientiarum
2447 1710 2512 1749 ac
2552 1695 2951 1765 disciplinarum
2995 1695 3366 1749 exercitationi
3414 1696 3613 1762 dediti,

1982 1776 2029 1835 B
2056 1781 2401 1849 honestisque
2428 1768 2666 1837 moribus
2692 1783 2890 1838 exculti
2921 1790 3129 1837 mentes
3172 1798 3297 1838 suas
3339 1782 3614 1839 musarum

2054 1866 2293 1921 ollicinas
2318 1869 2648 1922 constituant
2684 1869 2967 1938 :denique,
3003 1878 3063 1924 ut
3091 1870 3379 1941 unicuique
3403 1880 3616 1942 gratum

2054 1956 2391 2025 amicumque
2418 1955 2601 2022 fuerit,
2628 1972 2843 2026 sumque
2867 1967 3073 2015 naturae
3097 1959 3384 2027 propensio
3408 1960 3615 2024 tulerit,

2054 2046 2127 2099 ita
2155 2046 2298 2100 aliud
2323 2054 2484 2115 atque
2508 2046 2651 2101 aliud
2678 2047 2802 2101 vitae
2829 2060 2997 2117 genus
3022 2048 3414 2117 complectitur.
3628 2031 3633 2036 ’

2120 2137 2188 2189 At
2216 2152 2343 2190 vero
2379 2151 2510 2191 meae
2537 2138 2661 2191 vitae
2697 2138 2837 2192 ratio
2864 2138 3124 2207 ejusmodi
3160 2138 3388 2192 exstitit.
3444 2136 3617 2193 Simul

2052 2233 2214 2296 atque
2240 2227 2447 2281 virilem
2474 2235 2648 2299 togam
2680 2227 3054 2298 sumpsissem,
3082 2243 3206 2281 mox
3233 2228 3287 2281 in
3312 2228 3615 2298 principum

2052 2316 2202 2371 aulas
2223 2319 2502 2386 abreptus,
2529 2333 2723 2371 munus
2752 2316 2977 2385 adeptus
3003 2332 3121 2370 sum
3149 2316 3371 2371 minime
3392 2317 3497 2371 vile
3521 2326 3615 2370 aut

2053 2404 2322 2473 ignavum,
2351 2405 2444 2459 sed
2472 2406 2775 2474 expeditum
2807 2414 2861 2460 et
2890 2407 3203 2473 ingenuum,
3239 2406 3433 2475 quippe
3467 2407 3611 2475 quod
3638 2468 3649 2475 ι

2052 2506 2306 2546 manuum
2336 2493 2769 2561 calamorumque
2802 2493 3065 2547 industria
3096 2494 3356 2565 majorem
3396 2495 3449 2548 in
3488 2509 3613 2563 par-

2052 2570 2161 2635 tem
2182 2581 2561 2651 perﬁceretur;
2595 2591 2810 2636 creatus
2834 2597 2952 2636 sum
2980 2575 3120 2636 cnim
3147 2584 3326 2653 regius
3350 2584 3613 2647 notarius,

2053 2672 2351 2741 cujusmodi
2392 2690 2423 2726 a
2461 2674 2668 2726 secretis
2708 2673 2887 2726 Latini
2925 2673 3212 2742 appellant.
3272 2672 3441 2728 Porro
3490 2674 3617 2728 huic

2053 2761 2352 2816 ministerio
2392 2761 2699 2829 aliquandiu
2739 2763 3065 2827 obstrictus,
3111 2764 3465 2832 humanisque
3510 2778 3609 2819 ne-

2052 2849 2213 2918 gotiis
2236 2849 2559 2918 implicatus,
2584 2850 2705 2904 vita:
2730 2852 3012 2920 praesentis
3041 2851 3440 2907 instabilitatem
3470 2853 3615 2909 serio

2051 2950 2261 2990 mecum
2289 2945 2618 3006 pertractare
2645 2938 2819 3006 coepi;
2870 2954 3099 3008 cumque
3118 2947 3245 3007 post
3273 2924 3491 2995 crebros
3516 2955 3610 2994 va-

2054 3012 2269 3093 riosque
2311 3023 2691 3094 cogitationum
2720 3023 2912 3080 ﬂuctus
2938 3026 3315 3095 comperissem
3337 3066 3352 3092 ,
3401 3024 3614 3081 difﬁcile

1980 3093 2025 3156 (ἶ
2061 3129 2304 3185 peneque
2343 3093 2677 3185 impossibile
2716 3130 2863 3180 esse,
2910 3115 3002 3186 qui
3045 3093 3349 3183 bujusmodi
3386 3117 3616 3185 negotiis

2058 3205 2345 3260 mundanis
2389 3203 2792 3281 distinerentur,
2845 3204 2963 3259 illos
3010 3203 3078 3257 ad
3124 3203 3434 3257 sublimiora
3482 3203 3617 3258 divi-

2060 3296 2318 3364 nioraque
2344 3295 2630 3366 aliquando
2656 3294 2960 3363 pertingere
2989 3282 3195 3376 posse}:
3217 3290 3617 3376 cogitaremque

2058 3383 2227 3437 nihilo
2273 3383 2451 3438 secius
2498 3383 2613 3437 haec
2659 3383 2839 3437 omnia
2884 3381 3088 3437 ludicra
3142 3370 3617 3452 callucaquef'illa

2056 3487 2183 3526 vero
2205 3472 2345 3526 seria
2366 3481 2671 3540 alternaque
2692 3471 2943 3536 existere,
2969 3470 3179 3526 decrevi
3205 3480 3457 3541 certoque
3477 3473 3616 3541 apud

2055 3578 2143 3616 me
2179 3563 2471 3626 constitui,
2520 3562 2604 3618 his
2644 3562 2859 3631 quidem
2896 3546 3078 3632 primo
3125 3576 3334 3631 quoque
3373 3550 3614 3631 tempore

2054 3635 2299 3705 nuntium
2338 3651 2641 3715 remittere,
2687 3650 2791 3705 illis
2820 3664 2948 3704 vero
2988 3634 3237 3704 manibus
3278 3651 3613 3721 pedibusque

2053 3738 2303 3808 deinceps
2342 3739 2687 3805 incumbere;
2735 3740 2790 3793 in
2833 3747 3065 3794 mentem
3110 3756 3340 3811 namque
3366 3743 3614 3797 veniebat

2053 3827 2222 3882 satius
2259 3842 2378 3881 esse
2420 3828 2464 3881 si
2491 3828 2574 3883 vel
2614 3827 2956 3883 mediocriter
2984 3830 3038 3882 in
3068 3829 3470 3886 sublimioribus
3508 3832 3613 3887 illis

2051 3917 2390 3981 excellercm,
2416 3918 2774 3987 probatusque
2806 3918 3035 3983 viderer,
3064 3933 3223 3988 quam
3250 3920 3294 3973 si
3323 3919 3521 3975 inlimis
3551 3922 3612 3974 il-

2050 4007 2117 4061 lis
2141 4008 2535 4077 eomptissimus
2564 4009 3131 4079 splendidissimusque
3164 4011 3411 4077 haberer,
3444 4014 3611 4068 multo

2050 4113 2235 4152 rursus
2262 4098 2609 4167 prazstabilius
2635 4099 2681 4153 si
2709 4114 2793 4153 me
2816 4098 2987 4169 ipsum
3015 4100 3345 4169 possiderem
3376 4102 3611 4171 mihique

2050 4186 2441 4255 quodammodo
2484 4186 2567 4240 lex
2612 4203 2816 4251 essem,
2860 4203 3019 4257 quam
3051 4189 3095 4243 si
3127 4189 3300 4243 aliena
3331 4206 3605 4246 curarem:

2051 4276 2164 4331 haec
2195 4277 2375 4345 itaque
2400 4278 2562 4331 etiam
2586 4286 2745 4345 atque
2767 4277 2930 4330 etiam
2952 4278 3276 4347 expendens,
3300 4266 3603 4349 omniaque,

2046 4365 2200 4434 juxta
2253 4364 2730 4436 princellentissimi
2782 4365 3056 4434 prophetia
3106 4381 3290 4420 vocem
3319 4407 3333 4432 ,
3383 4368 3607 4422 vanitati

2050 4452 2285 4521 subjecta
2314 4464 2466 4518 eSSe,
2512 4455 2749 4522 nihilque
2794 4454 2995 4509 homini
3039 4454 3104 4511 de
3144 4457 3395 4510 universo
3423 4455 3607 4512 labore

2049 4558 2152 4613 quo
2182 4543 2389 4597 laborat
2418 4543 2517 4597 sub
2542 4543 2653 4596 sole
2684 4557 2963 4612 superesse
2994 4543 3011 4615 (
3040 4541 3204 4605 Eccle.
3237 4562 3319 4612 Ill,
3339 4545 3421 4616 ϐ),
3450 4544 3604 4613 juxta

2048 4632 2304 4700 sapientis
2333 4630 2663 4695 doctrinam,
2713 4639 2766 4685 et
2803 4632 2985 4684 mundi
3020 4631 3180 4701 hujus
3212 4634 3434 4704 ﬁguram
3469 4651 3607 4704 pral-

2050 4722 2211 4777 tcrire
2237 4720 2289 4792 (1
2319 4720 2441 4781 Car.
2470 4736 2577 4784 vll,
2604 4719 2731 4791 51),
2777 4720 2930 4789 juxta
2961 4722 3116 4777 Vasis
3157 4723 3438 4779 electionis
3478 4739 3603 4779 sen-

2049 4808 2306 4872 tentiam,
2354 4809 2407 4862 in
2450 4808 2628 4861 animo
2658 4808 2897 4873 habens,
2940 4809 3135 4864 multas
3166 4819 3425 4879 praeterea
3469 4811 3603 4865 alias

2049 4895 2353 4964 Scripturas
2399 4895 2453 4948 in
2497 4894 2741 4948 eumdem
2788 4909 3002 4948 sensum
3049 4895 3373 4950 disserentes
3417 4895 3600 4950 scdulo

2047 4985 2385 5053 expendens,
2426 4991 2480 5038 et
2519 4984 2852 5038 celeberrimi
2884 4983 3160 5052 cujusdam
3190 4985 3488 5053 philosophi
3521 4987 3594 5040 di-

2042 5081 2188 5128 ctum
2233 5073 2426 5127 tacitus
2468 5087 2676 5127 meeum
2720 5073 3034 5128 revolvens:
3068 5092 3086 5123 ι
3119 5073 3376 5139 ΡΓῖἓεῑέὶῐ,
3424 5075 3598 5145 inquit

2048 5167 2153 5230 ille,
2181 5167 2444 5236 privatum
2472 5179 2648 5235 agere,
2679 5180 2836 5236 quam
2866 5166 3155 5218 maximam
3180 5165 3425 5219 obtinere
3449 5176 3593 5234 pote-

2045 5260 2257 5317 statem,
2289 5253 2334 5306 si
2364 5253 2496 5307 nihil
2522 5254 2791 5323 egregium
2821 5255 2897 5306 sis
2920 5255 3352 5322 designatumsn
3388 5266 3595 5307 omnem

2046 5338 2336 5408 gloriamin
2351 5342 3124 5409 prtesentiarumhlandientcm
3154 5342 3315 5394 veluti
3353 5340 3586 5395 fabulam

2047 5432 2336 5485 arbitratus
2359 5446 2494 5483 sum.

2116 5521 2233 5575 Mox
2257 5536 2383 5589 ergo
2417 5521 2483 5573 ad
2518 5521 2619 5573 mei
2661 5521 2824 5588 ipsius
2848 5520 3325 5575 considerationem
3357 5522 3594 5575 animum

2045 5622 2288 5676 vertens,
2336 5620 2647 5679 certumque
2682 5614 2774 5666 Dei
2813 5612 3067 5665 auxilium
3116 5613 3241 5666 mihi
3286 5612 3591 5683 spondens,
