3980 6140
378 255 476 325 1.ἷὸ

1354 261 1412 320 S.
1454 260 1875 321 NICEPIIORI
1916 261 2421 322 PATRIARCILE
2461 264 2572 323 (ΣΡ.

3495 265 3592 329 176

373 396 582 437 munem
608 383 864 436 honorem
891 394 1207 448 omnemque
1234 379 1607 433 auctoritatem
1635 377 1842 439 abdico,
1865 384 1918 429 et

2038 377 2162 429 ιένου
2207 399 2311 446 μοι,
2340 384 2482 432 τοῦτε
2514 379 2787 446 ἀξιώματος
2832 379 3118 450 ὑπερόπτης
3162 382 3473 449 καθίστηκα,
3500 388 3587 437 καὶ

373 474 439 528 ab
471 471 592 527 aula
631 471 774 541 regia
805 470 1153 538 civilibusque
1186 469 1500 524 tumultibus
1535 484 1622 522 me
1656 466 1919 531 avellens,

372 578 645 619 recessum
672 562 954 630 quemdam
978 575 1266 629 rupemque
1288 575 1531 630 asperam
1555 569 1608 613 et
1628 574 1763 629 pene
1782 559 1925 612 inac-

370 667 576 706 cessam
599 657 908 729 occupatus,
934 650 1119 703 stadiis
1144 664 1249 703 non
1274 650 1460 717 paucis
1483 649 1625 702 circa
1642 646 1924 715 Proponti-

372 745 453 797 dis
479 743 754 811 regionem
785 756 814 794 a
841 740 987 809 regia
1013 739 1229 793 civitate
1252 737 1489 801 discedo,
1512 738 1691 806 ibique
1714 743 1924 790 aetatem

371 851 531 904 agere
552 834 602 888 vi
611 843 781 902 tazque
803 832 1054 885 solitariae
1070 827 1245 899 (cujus
1266 828 1562 883 incredibili
1585 828 1815 895 quodam
1836 827 1926 879 de-

370 923 570 979 siderio
598 921 909 990 jamdudum
936 926 1059 972 ante
1088 915 1330 988 tenebar)
1376 916 1672 984 periculum
1715 913 1924 979 facere,

371 1029 545 1080 neque
572 1012 696 1064 alibi
727 1024 885 1078 quam
917 1007 1007 1061 illo
1046 1007 1100 1060 in
1143 1007 1261 1061 loco
1289 1012 1587 1058 extremum
1612 1003 1735 1056 vita:
1764 1003 1926 1071 spiri-

371 1112 480 1154 tum
507 1101 686 1163 edere,
710 1097 937 1151 ﬁrmiter
957 1095 1096 1163 apud
1122 1108 1207 1147 me
1229 1093 1512 1147 constituo.
1543 1091 1649 1145 Sed
1674 1092 1927 1159 quoniam

371 1191 483 1244 tieri
519 1189 705 1257 nequit
732 1193 790 1240 ut
830 1185 1010 1240 omnia
1050 1184 1294 1237 omnibus
1341 1197 1404 1235 ex
1455 1180 1616 1234 animi
1665 1180 1927 1233 sententia

368 1278 655 1335 succedant
694 1276 781 1347 (in
832 1275 1013 1328 multis
1040 1287 1271 1340 namque
1299 1271 1452 1340 quasi
1485 1269 1658 1325 fatalis
1686 1268 1929 1337 quaedam

370 1368 663 1424 necessitas
690 1364 1018 1427 dominathr,
1062 1361 1390 1429 humanique
1434 1366 1657 1413 conatus
1688 1358 1926 1419 exitum,

371 1471 473 1510 non
504 1454 717 1522 qualem
746 1453 928 1514 homo,
960 1450 1054 1503 sed
1080 1447 1293 1517 qualem
1322 1448 1462 1500 Deus
1488 1446 1628 1510 vult,
1672 1459 1778 1498 non
1806 1458 1928 1496 raro

369 1540 722 1612 sortiuntur),
749 1539 960 1592 accedit
1003 1537 1108 1591 hoc
1154 1536 1369 1604 ipsum,
1417 1548 1608 1602 nempe
1658 1539 1718 1585 ut
1764 1530 1928 1584 animi

369 1634 734 1703 propositique
775 1630 881 1684 mei
916 1643 1008 1697 spe
1050 1627 1364 1689 frustrarer,
1413 1633 1468 1678 et
1514 1624 1645 1679 mihi
1692 1637 1921 1692 quoque.

370 1696 580 1776 iitenim
611 1696 825 1789 a-grata
855 1696 1248 1783 illaiamicaque
1279 1712 1582 1773 solitudine,
1612 1706 1801 1763 nescio
1822 1724 1927 1778 quo
1955 1696 2002 1754 Β

362 1811 564 1881 judicio
595 1807 778 1880 (Deus,
812 1807 902 1875 qui
936 1804 1199 1876 permisit,
1230 1811 1322 1857 aut
1350 1803 1423 1856 ita
1453 1802 1613 1855 etiam
1643 1800 1927 1862 ordinavit,

370 1894 562 1966 novit),
587 1895 650 1948 ad
680 1894 885 1964 regium
911 1892 1169 1962 palatium
1199 1890 1523 1950 abstractus,
1551 1894 1695 1941 certe
1720 1886 1931 1939 illorum

368 1987 639 2039 voluntate
664 1985 753 2053 qui
786 1999 883 2054 per
911 1983 964 2038 id
994 1991 1204 2050 tempus
1238 1979 1388 2049 regni
1418 1978 1549 2033 solia
1578 1977 1927 2040 obtinebant,

369 2072 752 2140 communique
798 2070 960 2123 totius
1001 2068 1131 2125 cleri
1173 2082 1237 2121 ac
1276 2074 1527 2129 senatus,
1568 2062 1933 2118 inexcusabile

370 2162 637 2229 quoddam
664 2169 717 2213 et
745 2157 1051 2223 inevitabile
1075 2155 1283 2209 facinus
1314 2152 1736 2207 machinantium
1759 2190 1775 2215 ,
1817 2149 1931 2204 suf-

374 2252 542 2320 fragio
574 2249 736 2321 (quod
762 2248 923 2317 regia:
949 2246 1183 2301 civitatis
1210 2237 1409 2312 praesul
1439 2242 1549 2296 vita
1579 2240 1899 2294 excessisset
1916 2281 1930 2305 ,

373 2352 427 2395 et
464 2348 523 2395 ut
559 2342 721 2395 homo
754 2339 992 2393 debitum
1037 2332 1388 2404 exsolvisset)
1436 2333 1503 2387 ad
1547 2334 1690 2387 hanc
1731 2332 1936 2400 episco—

374 2435 546 2507 palem
577 2434 761 2488 sedem
786 2430 986 2485 invitus
1007 2470 1022 2495 ,
1063 2428 1399 2494 multumque
1430 2426 1731 2480 reclamans
1759 2424 1936 2495 (testis

373 2535 458 2580 cst
483 2525 615 2580 mihi
644 2521 805 2593 Deus)
832 2527 1119 2591 provectus
1136 2557 1152 2585 ,
1189 2526 1244 2572 et
1270 2516 1546 2588 tyrannide
1570 2515 1751 2584 potius
1773 2528 1935 2582 quam

276 2665 296 2678 ,
373 2598 635 2679 consulto,
668 2619 762 2667 aut
787 2611 895 2685 ulla
925 2609 1145 2665 omnino
1173 2606 1551 2678 persuasione,
1594 2604 1712 2659 aliis
1737 2602 1932 2672 guber-

374 2710 565 2764 nandis
588 2706 872 2778 praefectus
897 2718 1035 2759 sum.

445 2874 578 2943 Quia
622 2889 770 2944 ergo,
810 2871 939 2927 licet
981 2869 1195 2931 invitus,
1242 2866 1377 2921 colla
1417 2865 1545 2934 jugo
1588 2860 1933 2925 submittere,

377 2965 788 3031 animarumque
823 2975 1007 3015 curam
1048 2972 1221 3026 neque
1249 2955 1436 3026 digne,
1482 2966 1656 3020 neque
1688 2949 1936 3004 eharilati

2020 474 2114 526 τῆς
2138 466 2394 535 βασιλείου
2425 467 2573 525 αὐλῆς
2614 472 2697 521 καί
2729 474 2826 522 τῶν
2878 470 3096 522 ἀστικῶν
3139 472 3365 544 θορύϐων
3403 473 3582 545 πόῤῥω

2020 576 2120 611 που
2152 558 2471 627 ἀπαγόμενος
2500 557 2852 629 διεσκήνωμαι,
2895 560 3142 629 ἐσχατιὰν
3177 566 3303 629 γοῦν
3345 583 3460 617 τινα
3489 584 3583 616 καθ

2020 646 2325 717 ταλαμϐἁνω
2362 650 2446 701 καί
2482 649 2791 720 ἀκρώρειαν,
2818 651 3071 723 τραχεῖάν
3104 670 3158 703 τε
3193 645 3354 704 οὖσαν
3394 654 3477 705 καί
3496 651 3584 707 δυ-

2024 736 2332 813 σπρόσοδον
2363 738 2584 799 σταδίοις
2624 738 2773 799 οὗτος
2801 741 2978 811 ὀλίγοις
3008 744 3127 814 περὶ
3170 746 3259 798 τήν
3286 742 3583 813 Προπόντιον

2022 832 2219 900 χώραν,
2249 837 2336 884 τοῦ
2368 830 2624 900 βασιλείου
2652 831 2937 903 διειργόμην
2971 828 3353 905 Ιδιειργεμὲνην]
3376 829 3580 893 ἄστεος,

2020 914 2276 973 κάνταῦθα
2359 922 2452 979 τὰς
2506 918 2769 993 διατριϐὰς
2822 922 3069 975 ποιεῖσθαι
3125 919 3468 986 ἐσπούδαζον,
3515 924 3584 979 ὡς

2023 1005 2123 1080 ἄρα
2155 1011 2197 1062 εί
2237 1007 2507 1080 δυναίμην,
2533 1018 2622 1063 τοῦ
2662 1014 2911 1083 μονήρους
2944 1011 3058 1079 βίου
3102 1010 3455 1081 ἐφαπτόμενος,
3503 1014 3585 1064 καί

2023 1105 2173 1152 τοῦτο
2213 1101 2310 1171 γὰρ
2357 1101 2632 1168 ἠπειγόμην
2676 1102 2729 1153 ἐκ
2767 1101 3024 1162 πλείονος,
3060 1101 3141 1153 καί
3183 1104 3259 1159 τις
3301 1099 3428 1173 ἔρως
3468 1097 3585 1170 εἶχε

2023 1193 2114 1244 τῆς
2149 1188 2353 1261 ἐρημίας
2393 1191 2474 1241 καί
2519 1191 2751 1256 ήτυχίας
2804 1186 3120 1252 δεινότατος,
3173 1192 3295 1259 μήτε
3338 1190 3588 1258 ἀλλαχόθι

2024 1294 2111 1327 ποι
2138 1275 2197 1327 τὸ
2236 1276 2396 1352 τέρμα
2421 1284 2510 1334 τῆς
2534 1280 2689 1338 ζωῆς,
2728 1275 2758 1334 ή
2786 1277 2994 1330 ἐνταῦθα
3041 1277 3408 1345 ἀπολήψεσθαι.
3456 1274 3587 1333 ’Δλλ’

2025 1360 2197 1419 ἕπειδή
2248 1383 2303 1431 γε
2347 1366 2403 1415 οὐ
2459 1369 2615 1419 πᾶσιν
2664 1364 2866 1420 ἅπαντα
2923 1366 3054 1421 κατά
3099 1369 3298 1438 γνώμην
3346 1368 3589 1423 ἐκϐαίνειν

2025 1445 2127 1501 οἶόν
2169 1471 2256 1512 τε,
2296 1450 2398 1503 ἀλλ’
2417 1450 2553 1505 ἔστιν
2602 1449 2764 1522 ἐφόἷς
2811 1455 2896 1506 καί
2937 1455 2993 1506 τὸ
3036 1458 3207 1525 χρεὼν
3248 1455 3588 1528 ἕπρυτάνευσε

2025 1538 2109 1589 καί
2148 1537 2216 1596 ὡς
2251 1532 2308 1589 ἂν
2342 1537 2569 1608 βούλοιτο
2614 1540 2769 1601 Θεὸς,
2800 1540 2858 1594 τὸ
2899 1541 3061 1613 πίρας
3101 1548 3200 1595 τῶν
3245 1526 3589 1613 ἐγχειρήσεων

2026 1623 2298 1681 ἐπιτίθησι·
2324 1627 2608 1691 συμϐέϐηκε
2639 1634 2789 1681 τοῦτο
2812 1630 2979 1681 τοίνυν
2999 1632 3082 1682 καί
3118 1629 3194 1681 ἐπ’
3214 1630 3349 1699 ίμοί.
3376 1632 3466 1682 καί
3490 1638 3590 1684 τῶν

2029 1714 2156 1765 κατά
2214 1718 2329 1766 νοῦν
2374 1711 2706 1788 διημάρτηκα,
2753 1717 2833 1769 καί
2880 1717 2968 1768 ούκ
3003 1711 3115 1771 οἶδα
3160 1713 3230 1776 οἷς
3285 1721 3529 1788 κρίμασιν
3564 1718 3590 1773 ό

2028 1804 2195 1853 ταῦτα
2246 1804 2620 1876 συγχωρήσας,
2670 1806 2755 1857 καί
2802 1801 3029 1876 παριδὼν
3069 1804 3191 1863 Θεὸς
3243 1805 3588 1870 ἔξεπίσταται,

2029 1886 2367 1975 ἀπεσπάσθην
2406 1896 2496 1947 τῆς
2529 1890 2669 1957 φίλης
2702 1891 2930 1964 ἐρημίας,
2974 1894 3060 1945 καὶ
3097 1894 3182 1945 ἐπί
3215 1896 3303 1950 τήν
3341 1892 3593 1963 βασίλειον

2031 1975 2220 2047 [πάλιν]
2245 1978 2435 2047 ήχθην,
2466 1980 2536 2038 ὡς
2565 1979 2665 2033 ύπὸ
2702 1986 2809 2049 Θεῷ
2835 1983 3089 2056 μάρτυρι,
3122 1981 3271 2053 ψήφῳ
3307 1986 3393 2036 καί
3426 1988 3594 2056 κρίσει

2030 2074 2129 2122 τῶν
2172 2075 2442 2125 τηνικαῦτα
2482 2070 2529 2121 ἓν
2565 2069 2671 2128 τοῖς
2709 2071 2981 2141 βασιλείοις
3023 2070 3349 2145 ἕνιδρυμένων
3391 2074 3588 2135 θώκοις,

2030 2164 2117 2211 τοῦ
2160 2178 2214 2211 τε
2251 2155 2411 2212 κοινοῦ
2462 2166 2552 2218 τῆς
2589 2158 2888 2219 Ἐκκλήσίας
2946 2161 3085 2233 ἱεροῦ
3135 2166 3463 2229 συστήματος
3507 2165 3594 2215 καί

2031 2253 2121 2306 τῆς
2152 2247 2431 2316 συγκλήτου
2470 2247 2674 2317 βουλῆς,
2703 2249 3159 2319 συμϐραϐευόντων
3180 2251 3509 2322 ἀπαραίτητά
3537 2270 3592 2303 τε

2032 2337 2111 2387 καί
2156 2336 2529 2407 ἀσυγχώρητα,
2581 2337 2786 2408 ἐπείπερ
2841 2335 2936 2394 ήδη
2973 2345 3064 2395 τῆς
3103 2335 3363 2407 βασιλίδος
3397 2337 3422 2391 ό
3461 2339 3592 2411 πρόσ

2033 2423 2178 2498 εδρος
2233 2426 2315 2480 τὸν
2367 2427 2475 2496 βίον
2524 2427 2814 2498 μετήλλαξεν
2837 2465 2852 2488 ,
2892 2419 2976 2481 οἷά
3030 2448 3128 2501 περ
3185 2426 3446 2502 ἄνθρωπος
3506 2431 3593 2483 τὸν

2033 2513 2355 2587 ἀνθρώπινον,
2387 2514 2488 2584 οἶγε
2523 2515 2684 2567 καίτοι
2714 2515 2870 2569 πολλά
2903 2518 3284 2586 ὑπερτιθέμενον
3309 2520 3392 2570 καί
3418 2519 3593 2570 ἀπαυ-

2035 2599 2412 2671 θαδειαζόμενον
2449 2603 2532 2655 ἐπὶ
2577 2604 2658 2656 τὸν
2697 2603 2945 2675 ἱερατικὸν
2979 2609 3175 2660 τουτονὶ
3217 2605 3387 2676 θρόνον
3429 2610 3590 2682 προή-

2035 2717 2183 2767 γαγον
2211 2737 2224 2760 ,
2273 2697 2563 2771 τυραννίδος
2643 2701 2827 2770 μᾶλλον
2891 2700 2922 2759 ἦ
2981 2702 3186 2761 πειθοῦς
3244 2698 3388 2781 ἔργον
3453 2702 3593 2771 γινό-

2035 2805 2197 2854 μενον.

2104 2874 2236 2931 Ἐπεὶ
2280 2871 2365 2930 οὖν
2409 2880 2491 2931 καί
2527 2884 2595 2948 μή
2639 2880 2937 2950 βουλόμενος
2979 2882 3064 2935 τὸν
3105 2882 3252 2953 ζυγὸν
3296 2879 3437 2936 τόνδε
3472 2880 3597 2933 ύπὸ-

2041 2965 2246 3040 δραμον,
2277 2970 2359 3021 καί
2388 2971 2482 3028 τὰς
2504 2967 2763 3042 φροντίδας
2795 2970 3128 3044 ἀναδέδεγμαι
3161 2975 3250 3026 οὐκ
3286 2973 3453 3035 ἀξίως,
3484 2970 3595 3027 οῦδῦ

377 3070 591 3123 quoque
643 3052 775 3105 satis
822 3056 1183 3103 eonsentanee
1234 3044 1508 3112 suscipere
1557 3046 1775 3095 coactus
1821 3037 1937 3101 fui,

2043 3060 2109 3117 ὡς
2158 3067 2378 3131 προσῆκε
2413 3067 2475 3132 τῇ
2521 3061 2730 3136 χάριτι,
2767 3059 2964 3115 δέδοικα
2999 3065 3088 3130 μὲν
3125 3069 3325 3135 πρῶτον
3356 3062 3450 3122 τὰς
3483 3082 3597 3118 ποι·

380 3145 528 3198 saria
561 3142 906 3211 apprimeque
950 3137 1204 3206 perplexa
1251 3134 1417 3189 totius
1458 3131 1673 3185 malitiae
1709 3127 1943 3182 auctoris

382 3233 811 3291 machinamenta
841 3245 904 3283 ac
937 3228 1181 3295 laqueos,
1220 3224 1681 3292 malignorumque
1729 3234 1792 3272 ac
1832 3218 1945 3271 ina—

383 3321 757 3394 rpectabilium
779 3320 1064 3390 spirituum
1088 3315 1336 3375 insultus,
1362 3313 1708 3379 innatamque
1729 3321 1943 3362 eorum-

381 3414 505 3468 :Zem
537 3410 795 3466 saavitiem
836 3423 941 3461 non
978 3420 1162 3475 parum
1193 3411 1393 3465 metuo,
1427 3414 1494 3454 ne
1520 3397 1770 3452 videlicet
1799 3396 1946 3449 inco-

380 3503 640 3571 gitantem
688 3497 1043 3562 omnibusque
1076 3492 1333 3545 virtutum
1383 3485 1714 3543 ornamentis
1758 3481 1945 3551 prtesi-

386 3592 595 3658 diisque
628 3588 939 3642 destitutum
980 3591 1197 3652 repente
1236 3579 1487 3635 invadant
1534 3575 1751 3647 (norunt
1803 3574 1943 3626 enim

386 3697 475 3739 me
499 3682 555 3738 in
583 3677 950 3749 spiritualibus
979 3674 1279 3741 divinisque
1308 3665 1783 3724 exercitationibus
1822 3677 1946 3717 nec-

389 3773 514 3825 dum
554 3769 686 3824 satis
724 3767 1064 3830 institutum,
1113 3762 1208 3817 sed
1240 3773 1415 3830 neque
1460 3759 1708 3827 ignorant
1736 3768 1951 3822 quoque

390 3859 521 3914 artis
547 3856 819 3928 pugnandi
847 3854 1104 3909 adversus
1133 3851 1277 3921 ipsos
1313 3848 1570 3902 hactenus
1606 3859 1693 3897 me
1731 3843 1948 3896 minime

384 3953 621 4023 peritum
649 3946 929 4019 esse),nee
956 3961 1058 3998 non
1089 3950 1432 4012 peccatorum
1446 3934 1638 4004 jaculis
1667 3932 1950 3988 convulne-

392 4049 723 4109 rent,eaque
747 4038 957 4092 ratione
981 4033 1400 4090 ecclesiasticum
1428 4042 1640 4098 gregem
1667 4025 1947 4092 dissipent,

392 4148 457 4186 ac
487 4132 654 4197 aciem
685 4130 822 4184 bene
851 4127 1152 4181 ordinatam
1181 4121 1523 4182 conturbent,
1556 4125 1611 4170 et
1638 4115 1804 4169 ruinae
1837 4122 1948 4167 tan-

395 4224 515 4276 dem
555 4219 769 4273 indocte
812 4215 1162 4283 imperiteque
1207 4207 1448 4278 praelium
1489 4204 1767 4273 dirigentis
1796 4211 1948 4271 petu-

393 4312 594 4366 lantius
634 4307 909 4361 insultent.
962 4303 1043 4357 Ad
1080 4303 1195 4355 luce
1231 4313 1353 4352 cum
1380 4297 1588 4349 videam
1624 4294 1950 4347 dominatum

397 4413 610 4455 omnem
647 4394 860 4450 invidia:
892 4392 1207 4460 plerumque
1232 4385 1791 4450 obtrectationumque
1833 4382 1952 4436 telis

400 4485 692 4542 obnoxium
735 4495 896 4546 esse,
946 4477 1292 4533 invidentium
1340 4474 1489 4529 dolos
1539 4471 1953 4539 eorumdemque

400 4572 720 4647 pravitatem
769 4585 877 4623 non
922 4564 1267 4620 mediocriter
1296 4569 1597 4631 suspectam
1646 4559 1851 4623 habeo,
1897 4567 1956 4613 ut

402 4663 494 4733 qui
523 4675 611 4716 res
638 4670 849 4714 nostras
874 4658 985 4713 sive
1019 4657 1173 4719 bene,
1206 4654 1321 4708 sive
1350 4667 1506 4707 secus
1534 4651 1825 4714 habentes,
1864 4665 1955 4704 cu-

405 4751 699 4807 riosissime
744 4748 1034 4805 observare
1077 4745 1265 4800 solent.
1318 4743 1451 4796 Nam
1501 4742 1625 4796 dum
1673 4742 1853 4795 trabes
1899 4740 1953 4797 in

405 4840 575 4897 oculis
605 4839 716 4895 suis
745 4853 851 4893 non
882 4835 1346 4898 animadvertunt,
1386 4845 1559 4900 neque
1586 4830 1956 4900 lippitudinem

407 4935 520 4989 suis
548 4931 840 4986 luminibus
865 4928 1104 4982 adimere
1136 4930 1415 4994 satagunt,
1462 4922 1687 4991 aliorum
1727 4919 1958 4974 festucas

407 5024 618 5079 curiose
647 5019 953 5090 inquirunt,
986 5026 1274 5083 rerumque
1302 5011 1588 5069 admodum
1620 5009 1857 5063 tenuium
1883 5009 1960 5061 vi-

412 5116 649 5182 tiumque
674 5117 730 5167 et
752 5109 951 5164 nullius
977 5119 1113 5176 pene
1140 5102 1395 5158 momenti
1419 5116 1579 5155 causa
1606 5098 1815 5167 linguas
1839 5112 1962 5150 suas

408 5212 598 5261 contra
642 5202 902 5274 primates
949 5196 1114 5267 impie
1158 5194 1556 5260 virulenterque
1603 5194 1862 5252 exerunt,
1908 5194 1964 5239 et

410 5297 661 5363 utrinque
685 5290 1049 5347 amarulenter
1072 5285 1436 5352 scelerateque
1454 5279 1778 5351 iaculantur.

488 5387 682 5440 Verum
724 5381 1018 5441 certamine
1064 5379 1167 5433 hoc
1214 5389 1335 5429 cum
1382 5373 1466 5426 bis
1513 5377 1675 5424 tanta:
1716 5364 1965 5436 potentiae

419 5472 663 5528 hostibus
692 5481 962 5541 suscepto,
1003 5467 1155 5537 cujus
1195 5465 1420 5520 alterius
1458 5475 1614 5532 Opem
1642 5473 1706 5512 ac
1735 5456 1966 5525 patroci-

424 5566 572 5620 nium
599 5561 873 5632 implerem
903 5558 1271 5622 commodius,
1323 5567 1482 5624 quam
1532 5550 1672 5604 illius
1718 5547 1807 5617 qui
1855 5546 1966 5599 base

2040 3148 2176 3206 αἰλας
2229 3151 2314 3201 καί
2362 3146 2708 3208 πολυπλόκους
2773 3153 3158 3226 μηχανουργίας
3210 3148 3299 3204 τοῦ
3354 3157 3596 3220 σοφιστοῦ

2040 3244 2130 3296 τῆς
2164 3238 2362 3298 κακίας,
2387 3239 2470 3290 καί
2506 3244 2604 3291 τῶν
2649 3245 2873 3309 πονηρῶν
2913 3242 2994 3292 καί
3041 3241 3268 3314 ἀοράτων
3296 3242 3601 3310 πνευμάτων

2040 3333 2128 3385 τήν
2179 3328 2551 3394 ἐπανάστασιν,
2585 3333 2777 3398 μήποτε
2821 3330 3006 3401 γυμνὸν
3041 3334 3120 3384 καί
3170 3322 3359 3385 ἄοπλον
3403 3338 3503 3387 τῶν
3543 3333 3598 3386 bc

2041 3425 2132 3476 τῆς
2186 3419 2370 3485 ἀρετῆς
2418 3419 2811 3490 κατορθωμάτων
2877 3420 3227 3488 ἓπειλημμένα.
3277 3417 3434 3473 οῦπω
3499 3425 3599 3491 γάρ

2042 3524 2103 3573 με
2133 3512 2239 3563 τοῖς
2268 3513 2621 3574 πνευματικοῖς
2646 3508 2725 3558 καί
2751 3507 2896 3564 θείοις
2931 3503 3413 3577 παιδοτριϐούμενον
3440 3504 3597 3575 ἔγνω-

2044 3618 2164 3658 σαν,
2196 3596 2225 3654 ή
2258 3605 2319 3669 τῇ
2355 3597 2467 3652 κατ’
2488 3598 2649 3650 αὐτῶν
2697 3598 3156 3669 ίγγεγυμνασμίνον
3179 3596 3211 3655 ἦ
3238 3594 3599 3668 διαγωνισάμε-

2043 3706 2123 3737 νον
2148 3687 2280 3758 πάλῃ
2307 3684 2678 3756 προσέϐλεψαν,
2707 3692 2813 3744 τοῖς
2843 3692 2932 3743 τῆς
2960 3683 3219 3756 ἁμαρτίας
3243 3688 3600 3760 τιτρώσκοντες

2047 3775 2213 3844 βέλεσι
2245 3777 2302 3829 τὸ
2340 3774 2630 3833 Ἐκκλησίας
2672 3774 2920 3828 θεόλεκτον
2946 3775 3268 3848 ύποῤῥήξωσι
3298 3792 3489 3844 cum,
3520 3778 3603 3826 καί

2045 3872 2134 3923 τήν
2162 3864 2400 3920 εὔτακτον
2425 3866 2610 3923 ταύτης
2639 3867 2961 3937 παράστασιν
2987 3863 3386 3933 διαλυμήνωνται
3412 3871 3485 3935 τῷ
3512 3870 3596 3917 τοῦ

2048 3955 2275 4013 ἀϐούλως
2327 3958 2408 4008 καί
2456 3955 2657 4024 ἀμαθῶς
2708 3955 3106 4027 ταξιᾶρχοῦντος
3159 3954 3602 4022 ἐπικαγχάσαντες

2048 4048 2302 4114 πτώματι.
2324 4042 2535 4099 Ἐπειτα
2568 4042 2620 4099 δὲ
2654 4043 2770 4098 ίδών
2797 4046 2882 4098 καί
2908 4051 2999 4102 τῆς
3030 4045 3204 4115 ἀρχῆς
3234 4044 3290 4097 τὸ
3316 4043 3603 4096 ἐπείσακτον

2049 4140 2135 4191 καὶ
2162 4138 2410 4207 ἐπίφθονον
2444 4142 2542 4190 τῶν
2585 4134 2955 4205 βασκαινόντων
3001 4131 3269 4193 ύπείδομαι
3304 4133 3363 4186 τό
3407 4132 3604 4205 δολερὸν

2050 4226 2134 4277 καί
2171 4223 2404 4282 κακόηθες
2427 4221 2471 4276 οἳ
2498 4226 2657 4293 πάντῃ
2700 4222 2951 4292 ἐπιτηρεῖν
2999 4217 3342 4282 σπουδάζουσι
3387 4221 3453 4273 τὰ
3488 4220 3607 4289 πὸμέ-

2052 4334 2176 4388 τερα
2219 4309 2275 4366 εὖ
2313 4331 2367 4366 τε
2398 4314 2478 4365 καί
2509 4313 2575 4369 ὡς
2600 4310 2781 4381 ἕτέρως
2810 4307 3019 4379 ἔχοντα.
3052 4310 3153 4367 Τὰς
3182 4311 3269 4377 μὲν
3300 4305 3477 4366 δοκούς
3504 4315 3606 4366 τοῖς

2056 4404 2245 4458 ἑαυτῶν
2333 4402 2643 4472 ὶπικειμὲνας
2680 4402 2735 4455 οῦ
2773 4400 3032 4469 βλέποντες
3069 4395 3309 4469 ὄμμασιν,
3355 4396 3473 4451 οὐδὲ
3516 4402 3606 4454 τήν

2055 4493 2210 4567 λήμην
2239 4495 2339 4547 ἀπὸ
2362 4500 2462 4548 τῶν
2485 4492 2739 4563 ὀφθαλμῶν
2758 4491 3105 4564 προκαθαίρειν
3131 4488 3440 4560 αἱρούμενοι,
3468 4487 3609 4540 ἀλλό-

2057 4606 2175 4658 τρια
2220 4583 2270 4638 δέ
2317 4585 2476 4657 κάρφη
2516 4580 2966 4656 περιεργαζόμενοι,
2993 4581 3080 4633 καί
3123 4585 3346 4651 σμικρῶν
3374 4575 3503 4647 ἄγαν
3529 4579 3610 4629 καί

2060 4675 2260 4730 εὐτελῶν
2284 4669 2468 4738 ἕνεκεν,
2496 4676 2581 4727 καί
2610 4679 2695 4727 τοῦ
2725 4671 2932 4742 μηδενος
2967 4668 3116 4740 λόγου
3160 4670 3308 4732 ἀξίων
3332 4670 3427 4728 τὰς
3453 4669 3610 4737 γλῶσ-

2062 4785 2160 4823 σας
2197 4764 2289 4822 τάς
2317 4758 2506 4816 ἑαυτῶῦ
2542 4755 2669 4815 κατά
2711 4767 2807 4815 τῶν
2849 4757 3174 4833 προεχόντων
3222 4757 3434 4815 ἀνοσίως
3472 4754 3607 4808 όπλί-

2057 4857 2226 4918 ζουσι,
2266 4854 2346 4906 καί
2398 4851 2735 4924 ἀμφοτέρωθεν
2784 4855 2974 4922 πικρῶς
3021 4852 3106 4902 καί
3154 4845 3441 4902 ἀδικώτατα
3490 4844 3610 4917 βάλ’

2054 4945 2218 4999 λουσι.

2127 5362 2267 5418 Ἀλλά
2301 5362 2499 5417 τουτονί
2539 5357 2927 5430 ἀναδεδέγμενος
2966 5357 3049 5411 τὸν
3083 5355 3282 5428 ἀγῶνα,
3312 5359 3411 5410 τίνι
3451 5354 3617 5408 λοιπὸν

2064 5456 2244 5529 ἀρωγῷ
2275 5474 2359 5507 και
2405 5452 2709 5523 συλλήπτορι
2751 5452 3035 5519 χρήσομαι,
3062 5446 3092 5505 ἦ
3138 5453 3210 5517 τῷ
3247 5452 3408 5500 ταῦτα
3452 5464 3616 5513 παρα-

2068 5551 2324 5617 χωροῦντι
2387 5538 2664 5615 Θεῷζῐὶαβ
2694 5536 2750 5593 οὗ
2800 5539 2976 5600 ἕξπιτῶ
3029 5538 3182 5613 ῥοπήν
3238 5538 3319 5589 καί
3359 5535 3611 5606 βοήθειαν,
