3928 6142
383 365 480 430 ΓΠ

1361 356 1724 419 EPISTOLA
1760 355 1860 414 AD
1899 351 2208 414 LEONEM
2246 351 2338 412 ῙιῙ
2376 348 2651 410 ΡΑΡΑλῐξ

3513 343 3613 408 1³78

386 485 722 557 εύσπλᾶγχνῳ
746 485 832 538 καί
858 485 1053 553 εὖμενεῖ
1077 473 1265 552 ὄμματι
1309 483 1394 538 hri
1423 488 1512 542 τήν
1539 483 1654 551 ἐμήν
1680 477 1943 548 ἐπιϐλέψαι

2056 472 2310 542 permisit,
2340 472 2442 526 hoc
2469 478 2549 525 est
2581 469 2714 524 Dei?
2763 467 2888 538 Ejus
2920 465 3144 536 proinde
3168 465 3423 520 virtutem
3451 465 3610 517 auxi-

389 574 733 649 μετριότητα,
767 576 1017 647 κρατῆσαί
1060 593 1115 628 τε
1157 581 1245 634 τῆς
1297 573 1474 646 χειρὸς
1511 579 1600 630 τῆς
1645 569 1834 632 δεξιᾶς,
1866 569 1951 622 καί

386 665 635 738 ίδηῆσαι
660 659 790 738 πρός
814 683 866 718 τε
891 663 950 740 τό
975 665 1128 718 αὐτοῦ
1155 665 1339 724 θέλημα
1366 665 1448 718 καί
1481 659 1581 716 τῶν
1617 661 1950 737 ἐγχειρισθέν·

385 776 483 811 των
507 757 640 830 πρὸς
671 757 924 828 σωτηρίαν
953 755 1266 831 κυϐέρνησιν.
1308 751 1404 816 ’ος
1429 773 1485 827 γε
1513 757 1594 808 καὶ
1622 751 1952 808 ἀναϐάλλεται

383 845 466 898 hri
485 849 592 902 τοῖς
619 840 906 916 δυσχερέσι
940 845 1142 902 τούτοις
1169 846 1253 898 καί
1277 845 1496 898 ἀνιῶσιν·
1537 841 1567 900 ἧ
1599 841 1682 897 3ιά
1711 846 1802 900 τήν
1829 842 1952 910 ἦμε-

383 934 536 1006 τέραν
571 933 744 984 κακίαν
777 934 864 984 καί
901 931 1163 1002 βελτίωσιν
1213 932 1657 1002 έπανάγωνὴμᾶς,
1686 929 1716 989 ἦ
1741 929 1868 1006 πρὸς
1894 927 1953 982 τὸ

328 1069 334 1074 .
387 1021 582 1075 ἐκείνων
615 1021 687 1080 είς
732 1021 867 1089 ἡμᾶς
905 1022 1366 1094 παραγυμνοῦσθαι
1408 1022 1495 1075 τὸν
1547 1027 1830 1094 κακοῦργον
1871 1019 1954 1072 καί

385 1107 694 1182 δύστροπον,
726 1111 794 1166 ὡς
829 1103 888 1162 ἂν
913 1113 984 1178 μή
1238 1110 1416 1182 πικρία
1458 1109 1697 1170 ὕπουλος,
1723 1109 1772 1160 έν

387 1197 603 1272 δολερῶς
663 1199 1054 1270 ἐμφωλεύουσα,
1103 1200 1208 1257 ἀλλ’
1229 1203 1302 1262 εἰς
1349 1195 1608 1276 προῦπτον
1631 1200 1835 1270 dif/ﬂet
1868 1201 1953 1252 καί

387 1289 596 1356 έμφανές
618 1287 676 1342 τὸ
705 1287 1070 1360 κρυπτόμεννν.

2051 563 2288 632 liumque
2323 562 2523 633 iugiter
2569 561 2778 624 invoco,
2826 558 3204 628 eumdcmque,
3254 563 3316 610 ut
3355 554 3618 610 benewilo

2051 653 2491 721 misericordique
2515 651 2672 706 oculo
2700 649 2767 704 ad
2797 664 2973 704 meam
2999 649 3318 704 tenuitatem
3345 645 3620 716 respiciat,

2052 743 2350 812 dextraque
2377 756 2537 796 manu
2568 755 2656 794 me
2683 739 2900 803 fulciat,
2935 745 2989 794 et
3018 738 3083 792 ad
3107 752 3262 792 suam
3291 735 3622 790 voluntatem

2003 869 2014 880 -
2051 831 2451 901 salutaremque
2506 831 2844 886 subditorum
2905 827 3383 900 gubernationem.
3409 837 3626 892 semper

2052 921 2278 990 dirigat,
2307 921 2470 974 etiam
2503 929 2667 988 atque
2693 919 2859 972 etiam
2885 931 3036 986 rogo.
3081 915 3182 982 Qui
3225 914 3442 984 quidem
3481 912 3526 965 si
3567 912 3624 965 in

2050 1011 2407 1080 praesentibus
2434 1007 2838 1064 difﬁcultatibus
2880 1021 2945 1060 ac
2983 1004 3244 1060 molestiis
3272 1016 3445 1072 opem‘
3469 1015 3626 1055 suam

2051 1101 2334 1156 obscurius
2357 1099 2634 1164 declarat,
2668 1098 2723 1152 id
2756 1103 2980 1168 propter
3007 1103 3247 1150 nostram
3278 1092 3474 1147 accidit
3514 1103 3627 1144 nra-

2052 1191 2223 1246 litiam
2251 1205 2360 1261 quo
2390 1189 2646 1244 nimirum
2676 1188 2778 1242 hac
2805 1201 2903 1240 nos
2929 1185 3139 1240 ratione
3177 1183 3244 1238 ad
3276 1184 3401 1237 vita:
3439 1196 3626 1236 emen-

2052 1281 2323 1336 dationem
2363 1279 2601 1345 alliciat;
2661 1277 2745 1332 vel
2776 1277 2914 1332 “ideo
2961 1291 3112 1340 sane,
3161 1287 3267 1344 quo
3312 1273 3524 1328 illorum
3573 1270 3628 1324 in

2051 1385 2151 1425 nos
2179 1369 2568 1440 malignitatem
2597 1383 2662 1422 ac
2689 1366 3100 1438 perversitatem
3125 1361 3303 1434 palam
3333 1363 3527 1426 faciat,
3559 1376 3628 1414 ne

2051 1458 2404 1514 subdolorum
2429 1457 2719 1513 virulentia
2763 1457 2959 1512 callide
2999 1457 3056 1510 in
3099 1456 3284 1511 animo
3322 1453 3588 1509 occultata
3611 1494 3625 1517 ,

2051 1556 2270 1604 maneat
2294 1549 2602 1618 incognita,
2651 1547 2748 1603 sed
2787 1545 3144 1617 quodcunque
3170 1543 3442 1600 occultum
3471 1543 3629 1598 abdi-

2051 1647 2273 1710 tumque
2299 1639 2351 1694 in
2382 1637 2598 1692 illorum
2629 1637 2828 1692 animis
2857 1635 3146 1701 delitescit,
3177 1635 3232 1690 id
3261 1641 3436 1688 totum
3465 1631 3520 1686 in
3549 1631 3622 1685 lu-

2051 1743 2168 1784 cem
2197 1727 2525 1800 proferatur.

455 1835 514 1888 Εἰ
547 1827 602 1889 δέ
645 1827 853 1907 ἀδελφός
899 1837 1002 1892 ύπὸ
1048 1831 1256 1908 ἀδελφοῦ
1307 1830 1667 1906 βοηθούμενος,
1711 1833 1779 1892 ὡς
1809 1833 1954 1892 πόλις

2125 1817 2261 1884 Quia
2289 1834 2420 1888 ergo
2445 1817 2615 1874 frater
2655 1834 2686 1873 a
2728 1817 2901 1873 fratre
2941 1814 3188 1886 adjutus,
3233 1823 3318 1872 est
3344 1815 3510 1870 veluti
3545 1817 3626 1870 ci-

389 1927 586 1998 ὀχυρά,
634 1930 717 1980 καί
759 1928 1170 2000 μεμοχλευμένον
1209 1920 1494 1998 βασίλειον,
1545 1926 1678 1980 κατά
1720 1923 1958 1982 τὸνΣολο-

387 2018 630 2084 μῶντειον
651 2059 666 2082 ,
715 2018 845 2086 ἡμᾶς
895 2019 1207 2076 νενουθέτηκε
1228 2057 1242 2080 ,
1286 2015 1462 2087 δέομαι
1517 2019 1605 2086 μέν
1665 2017 1752 2069 καί
1801 2010 1958 2068 ἄλλων

389 2104 626 2158 πλειόνων
658 2107 836 2176 εὐχῶν
875 2112 947 2168 εἷς
980 2109 1230 2178 βοήθειαν,
1261 2107 1485 2177 μάλιστα
1524 2103 1578 2160 δέ
1618 2108 1819 2161 πάντων
1866 2113 1958 2166 τῆς

388 2192 532 2260 ὑμῶν
575 2193 623 2244 έν
655 2195 906 2263 πνεύματι
944 2195 1298 2255 ποθεινοτάτης
1334 2197 1416 2249 καί
1459 2195 1598 2268 ἱερᾶς
1627 2192 1958 2267 ἀδελφότητος

390 2281 560 2356 ἱεραῖς
609 2285 790 2354 εὐχαῖς
831 2286 916 2338 καί
960 2289 1086 2360 πρὸς
1133 2287 1256 2340 Θεὸν
1295 2288 1574 2356 μεσιτείαις
1613 2289 1956 2360 κεχρήσομαι,

393 2371 459 2429 ὡς
493 2371 743 2440 μεγίστην
777 2374 894 2442 ἡμῖν
933 2373 1200 2445 φερούσαις
1215 2369 1384 2431 ὄνησίν
1413 2392 1467 2428 τε
1497 2376 1580 2428 καί
1613 2375 1957 2447 έπικούρησιν,

391 2452 468 2512 οἷα
498 2465 610 2531 Θεῷ
648 2459 1085 2529 πλησιαζούσαις,
1130 2464 1213 2516 καί
1251 2463 1378 2536 πρὸς
1423 2464 1480 2517 τὸ
1517 2461 1619 2518 ἅνω
1659 2466 1744 2518 καί
1791 2455 1960 2537 νοερὸν

391 2545 779 2626 ἀναφερομέναις
821 2550 1198 2626 θυσιαστήριον,
1253 2553 1483 2625 καθαρῶς
1521 2551 1962 2624 προσομιλούντων

391 2637 530 2709 ύμῶν
559 2643 646 2693 καί
679 2641 1039 2712 ἀκροωμένων,
1073 2647 1328 2710 σιγώντων
1363 2661 1418 2696 τε
1460 2643 1546 2695 καί
1592 2641 1959 2712 ἐπιϐοωμένων,

392 2729 617 2802 καθάπερ
662 2728 710 2782 οί
751 2731 872 2800 περί
908 2730 1132 2784 Μωυσέα
1179 2733 1262 2783 καί
1304 2731 1530 2802 Σαμουὴλ
1573 2733 1844 2794 ἠκούοντο,
1878 2736 1962 2788 καί

393 2815 543 2878 εἴτις
572 2815 719 2876 ἄλλος
760 2818 872 2872 κατ’
887 2819 1074 2878 αύτούς
1111 2820 1228 2891 περὶ
1271 2826 1342 2888 τῷ
1371 2823 1641 2890 πνεύματι.
1685 2815 1772 2874 Διά
1812 2828 1962 2876 τοῦτο

391 2907 798 2978 συλλαμϐάνεσθὲ
843 2929 940 2979 μου
969 2917 1031 2982 τῇ
1072 2910 1321 2984 ἀσθενείᾳ,
1357 2913 1440 2964 καί
1477 2917 1667 2986 χεῖρας
1706 2910 1847 2972 ὁσίας
1890 2914 1962 2973 εἰς

393 2993 526 3064 ἕψος
553 2993 784 3071 δεάρατε.
816 2999 1136 3070 Πεπείσμεθα
1164 3001 1263 3072 γὰρ
1291 2999 1492 3053 ύπεῑναι
1524 3001 1624 3054 ἀπὸ
1644 3007 1737 3060 τῆς
1763 3003 1962 3080 παρρη·

389 3091 506 3146 σίας
532 3092 624 3146 τήν
657 3085 890 3157 δύναμιν,
924 3086 1105 3143 ἄνωθεν
1131 3091 1252 3158 ἡμῖν
1295 3092 1380 3144 τὸν
1427 3087 1564 3144 ἵλεον
1598 3091 1841 3153 ἕλκοντες,
1877 3093 1962 3147 καί

387 3176 534 3232 ἶλεων
559 3180 649 3234 τόν
670 3180 792 3234 Θεὸν
812 3182 932 3252 ἡμῖν
955 3181 1293 3254 ἐργαζόμενοι,
1317 3179 1612 3250 δυναμῶσαι
1634 3185 1718 3236 καί
1739 3184 1960 3256 έπιρῥῶ·

393 3289 486 3322 σαι
511 3269 573 3322 τὸ
601 3269 808 3329 ἀσθενές
841 3289 896 3324 τε
920 3274 1002 3324 καί
1025 3269 1216 3336 ἄτονον,
1244 3274 1324 3325 καί
1349 3271 1432 3326 τόν
1459 3273 1664 3344 θώρακα
1691 3275 1964 3344 ἠμφιεσμέ-

388 3379 505 3419 νους
543 3367 638 3418 τῆς
676 3362 902 3420 πίστεως
929 3365 1008 3416 καί
1043 3367 1134 3421 τήν
1177 3363 1558 3435 περικεφαλαίαν
1601 3364 1964 3435 περιϐαλλομέ-

388 3471 527 3516 νους,
554 3459 738 3510 στῆναι
758 3455 996 3524 γενναίως
1019 3454 1146 3528 πρὸς
1168 3455 1262 3514 τὰς
1289 3454 1462 3527 ἀρχὰς
1483 3456 1568 3508 καί
1594 3455 1685 3514 τάς
1711 3457 1958 3519 ἐξουσίας,

391 3546 472 3596 καί
493 3545 618 3604 τούς
647 3542 1057 3622 κοσμοκράτοραῖ
1078 3552 1170 3600 τοῦ
1213 3545 1429 3607 σκότους
1451 3553 1538 3602 τοῦ
1571 3549 1747 3606 αἰῶνος
1776 3548 1960 3602 τούτου

392 3637 520 3704 πρός
565 3637 636 3690 τά
677 3638 993 3705 πνευματικά
1034 3645 1127 3697 τῆς
1173 3639 1452 3708 πονηρίας,
1491 3640 1621 3713 πρὸς
1665 3637 1726 3698 ἃς
1778 3641 1898 3710 ἡμῖν
1931 3641 1963 3697 ἠ

393 3726 525 3784 πάλη
572 3727 896 3791 καθέστηκεν,
928 3726 1128 3800 ἔδραῖόν
1159 3748 1214 3783 τε
1250 3732 1335 3783 καί
1373 3729 1716 3788 ἀκατάϐλητον
1739 3738 1830 3790 τῆς
1857 3729 1960 3801 ψυ-

394 3822 494 3884 χῆς
531 3815 854 3888 φυλαχθῆναι
894 3813 1334 3889 [δωφυλαχθῆναι]
1379 3819 1436 3872 τό
1473 3819 1732 3884 σύντονον,
1763 3817 1836 3874 ἔτι
1877 3822 1964 3876 καὶ

390 3907 519 3979 πρὸς
553 3909 886 3968 ἀπειθοῦντας
912 3911 996 3962 καί
1037 3910 1421 3975 ἀντιτείνοντας,
1455 3912 1636 3970 αἰσίως
1675 3914 1757 3965 καί
1791 3909 1964 3976 δεξιῶς

390 3995 645 4068 φέρεσθαι,
687 3999 770 4051 καί
825 4003 893 4058 ὡς
934 4000 1083 4054 τέκνα
1127 4001 1347 4062 τούτους
1393 4007 1484 4060 τῆς
1523 4000 1810 4062 Ἐκκλησίας
1849 4003 1960 4056 υίο-

293 4117 306 4126 -
389 4088 665 4153 ποιεῖσθαι,
693 4091 778 4142 καί
823 4090 1060 4164 πρόϐατα
1108 4091 1307 4164 λογικῆς
1347 4090 1557 4165 played]
1600 4102 1692 4156 τῆς
1732 4095 1962 4157 ἓκλεκτῆς

390 4182 478 4232 τοῦ
501 4184 726 4254 Χριστοῦ
755 4181 970 4250 ποίμνης
999 4184 1406 4256 καταρτίζοντες,
1434 4185 1521 4236 καί
1541 4190 1602 4256 τῇ
1629 4185 1736 4258 θείᾳ
1762 4183 1961 4260 μάνδρᾳ

387 4273 481 4326 τῆς
501 4265 793 4329 Ἐκκλησίας
836 4271 1174 4338 ἐναυλίζεσθαι
1217 4275 1708 4346 παρασκευάζοντες,
1732 4277 1962 4334 ἀνάλωτα

388 4365 493 4419 τοῖς
524 4355 745 4420 ἆνηλεῶς
778 4363 1155 4436 σπαράσσουσι
1197 4363 1364 4426 λύκοις
1413 4369 1638 4439 γίνεσθαι
1685 4375 1796 4430 τοῖς
1843 4369 1958 4440 ὁμο-

387 4446 518 4504 νοίας
542 4449 628 4500 καί
651 4451 935 4518 συμπνοίας
969 4452 1276 4526 σημάντροις
1311 4453 1760 4526 δσφραγισμένους,
1785 4461 1958 4514 duim:-

391 4537 694 4601 ϐουλεύτους
741 4545 825 4596 καί
875 4545 1134 4618 ἀτρώτους
1182 4542 1509 4618 ἐπάρχοντας
1554 4545 1918 4620 [διαμένοντας]
1939 4595 1954 4620 ,

385 4627 468 4682 ἵνα
514 4638 577 4702 τῇ
621 4631 824 4687 πάντων
865 4633 1006 4702 ἡμῶν
1056 4635 1239 4708 κεφαλῇ
1283 4645 1487 4710 Χριστῷ
1522 4646 1593 4706 τῷ
1633 4643 1958 4715 ἀρχιποίμενι

357 4717 762 4788 ⁷ύτιότιὶισσοιντο
817 4726 902 4778 καί
957 4725 1142 4784 εὐήνιον
1191 4727 1330 4796 αύτῷ
1384 4729 1468 4780 τόν
1514 4729 1716 4799 αύχένα
1767 4734 1955 4804 ὑπογέ-

388 4823 537 4876 ροιεν.

457 5047 766 5120 Καθαροῆναι
799 5048 855 5108 δέ
887 5055 1019 5127 ἡμᾶς
1048 5062 1131 5112 καὶ
1169 5058 1540 5136 λαμπρυνθῆναι
1559 5103 1572 5125 ,
1609 5068 1690 5119 καί
1727 5069 1958 5137 γενέσθαι

388 5130 546 5215 τέλεια
589 5137 780 5192 τελείου
822 5145 982 5214 φωτὸς
1030 5148 1314 5215 γεννήματα
1336 5187 1353 5214 ,
1391 5151 1522 5204 ὥστε
1577 5130 1821 5210 δύνασθαι
1870 5159 1958 5212 καί

387 5214 550 5314 ἀλλοις
578 5225 902 5294 μεταδιδόναι
928 5214 1283 5309 λαμπρότητος
1307 5243 1388 5294 καί
1415 5241 1726 5314 καθάρσεως,
1759 5243 1955 5304 δοθῆναι

391 5306 602 5412 δέαῆμῑν
645 5316 788 5390 λόγον
822 5318 872 5374 έν
917 5323 1098 5388 ἀνοίξει
1117 5329 1213 5380 τοῦ
1244 5329 1501 5398 στόματος
1531 5332 1604 5392 εἰς
1634 5336 1690 5388 τὸ
1735 5335 1952 5412 πληροῦν

389 5401 502 5462 τούς
519 5405 866 5478 ἀκροωμένους
885 5415 1193 5484 πνεύματος,
1222 5420 1301 5472 καί
1327 5417 1608 5494 κηρύσσειν
1657 5401 1844 5488 ἀόκνως
1869 5433 1951 5482 καί

389 5497 779 5595 σνρτονωτάτως
816 5506 917 5554 τῶν
959 5501 1064 5556 καθ’
1083 5507 1218 5576 ἡμᾶς
1257 5513 1556 5579 μυστηρίων
1589 5517 1678 5572 τὴν
1718 5513 1946 5586 δύναμιν,

391 5591 688 5680 χειριτιποῦ
715 5597 1010 5680 τρανοῧντος
1035 5594 1269 5664 γλῶσσαν
1289 5596 1585 5671 μογγιλείλον
1602 5601 1945 5680 [μογιλάλων],

391 5671 472 5722 καί
501 5670 664 5733 πόδας
710 5675 884 5748 ὀρθοῦν
923 5679 1196 5754 δυναμένου
1245 5686 1587 5758 χωλεύοντας,
1634 5699 1712 5748 καί
1747 5670 1948 5772 cpi/eis;

1989 3143 2030 3200 C

2022 1909 2198 1964 -vitas
2235 1910 2476 1974 munita,
2522 1909 2890 1978 palatiumque
2934 1909 3202 1980 repagulis
3245 1909 3589 1964 obﬁrmatum
3611 1950 3627 1972 ,

2057 1998 2504 2067 quemadmodum
2519 1998 2772 2053 Salomon
2791 1998 2986 2054 alicubi
3007 2006 3238 2053 testatur
3254 1994 3435 2071 (Prov.
3449 1999 3628 2070 xvm),

2056 2088 2348 2160 piurimum
2382 2090 2602 2160 quidem
2635 2080 2900 2145 orationis
2928 2089 3180 2160 imploro,
3227 2091 3369 2144 sicut
3394 2089 3630 2160 plurium

2057 2197 2270 2252 quoque
2305 2179 2542 2252 przesidii
2579 2181 2834 2252 indigeo:
2867 2190 2926 2238 at
2959 2183 3201 2237 omnium
3229 2195 3361 2236 vero
3399 2181 3634 2257 maxime

2058 2279 2274 2327 sanctas
2294 2279 2496 2326 sancte
2528 2279 2584 2326 et
2619 2271 2676 2326 in
2711 2273 2904 2342 spiritu
2935 2271 3410 2328 desideratissimce
3440 2270 3632 2326 frater~

2055 2363 2244 2418 uitatis
2275 2371 2465 2419 vestrae
2492 2379 2684 2434 preces
2723 2373 2778 2420 et
2817 2363 2884 2420 ad
2921 2364 3091 2418 Deum
3120 2364 3534 2419 intercessiones
3576 2363 3634 2418 in

2057 2456 2343 2526 praesentia
2369 2464 2584 2526 erepto,
2615 2457 2944 2528 easdemque
2979 2458 3322 2526 summopere
3351 2455 3630 2520 desidero;

2060 2560 2184 2600 cum
2219 2547 2365 2600 enim
2399 2553 2503 2601 tuae
2531 2562 2722 2616 preces
2757 2548 2902 2603 haud
2947 2562 3103 2604 secus
3145 2555 3307 2618 atque
3337 2546 3536 2618 Moysis
3580 2556 3640 2600 et

2063 2635 2359 2703 Samuelis,
2397 2646 2490 2692 aut
2521 2639 2566 2694 si
2595 2640 2864 2710 quispiam
2893 2640 3031 2696 alius
3059 2655 3299 2710 unquam
3328 2640 3414 2694 bis
3441 2637 3636 2694 similis

2059 2727 2298 2792 exstitit,
2343 2729 2413 2784 ob
2453 2731 2535 2784 sui
2577 2730 2868 2798 puritatem
2907 2731 3142 2786 maxime
3185 2731 3297 2786 Deo
3343 2729 3634 2799 appropin-

2061 2826 2256 2885 quent,
2285 2827 2539 2888 rectaque
2568 2814 2636 2874 ad
2663 2820 2884 2875 caeleste
2911 2819 3043 2876 illud
3070 2829 3126 2874 et
3156 2819 3435 2889 spirituale
3463 2819 3637 2875 altare

2061 2906 2322 2972 ferantur,
2352 2923 2457 2963 non
2493 2909 2800 2964 dubitamus
2834 2911 2963 2979 quin
2994 2911 3287 2965 maximam
3332 2910 3436 2965 illae
3478 2911 3636 2966 nobis

2063 3011 2217 3066 opem
2266 2997 2657 3068 utilitatemque
2701 3000 2942 3056 allatura:
2995 3000 3122 3056 sint.
3187 3000 3354 3072 Opem
3405 3003 3634 3072 proinde

2063 3103 2198 3142 mem
2225 3087 2363 3144 ferte
2392 3089 2723 3167 infirmitati,
2761 3099 3084 3163 sanctasque
3113 3102 3322 3150 vestras
3354 3111 3546 3152 manus
3580 3095 3635 3151 in

2063 3177 2232 3233 altum
2261 3179 2546 3234 sustollite.
2587 3173 2920 3238 Conﬁdimus
2946 3185 3090 3238 enim
3122 3184 3416 3240 ellicaciam
3443 3194 3638 3242 vestra)

2062 3267 2272 3325 fiducia:
2302 3285 2410 3326 non
2441 3271 2743 3328 defuturam
2766 3315 2781 3340 ,
2823 3277 2919 3331 sed
2951 3275 3047 3330 Dei
3085 3277 3508 3334 misericordiam
3543 3281 3637 3335 he-

2060 3359 2505 3430 nignitatemque,
2537 3377 2634 3432 per
2661 3364 2799 3418 hanc
2827 3373 3171 3434 provocatam
3192 3407 3207 3434 ,
3233 3377 3459 3439 repente
3477 3372 3638 3426 nobis

2061 3447 2388 3516 adfuturam,
2417 3459 2770 3523 nostramque
2795 3453 3188 3524 inﬁmitatem,
3213 3473 3276 3514 ac
3299 3460 3634 3517 debilitatem

2061 3537 2501 3595 confirmaturum
2523 3543 3122 3616 corroboraturamque,
3141 3563 3248 3616 quo
3268 3548 3391 3604 fidei
3410 3549 3634 3605 loricam

2063 3627 2255 3694 induti,
2281 3639 2336 3683 et
2359 3631 2472 3700 spei
2500 3631 2650 3704 galea
2679 3634 3014 3692 circumtecti
3037 3635 3252 3709 (Ephes.
3275 3655 3361 3706 v1;
3395 3640 3424 3693 Ι
3452 3639 3633 3696 Thess.

2061 3717 2115 3790 ν)
2170 3720 2436 3790 intrepide
2468 3725 2858 3792 potestatibus,
2897 3727 3267 3798 principibus,
3299 3739 3360 3798 et
3387 3730 3639 3786 tenebra-

2061 3825 2181 3864 rum
2219 3812 2400 3867 eteculi
2439 3813 2598 3882 hujus
2631 3818 3018 3886 potentatibus,
3047 3822 3258 3891 spiritui
3286 3839 3498 3894 quoque
3523 3841 3639 3880 mas

2061 3897 2225 3966 litim,
2275 3901 2592 3970 quibuscum
2634 3916 2896 3976 perpetua
2936 3910 3091 3966 nobis
3133 3911 3275 3967 lucta
3317 3915 3635 3982 intercedit,

2011 3993 2019 4000 '
2061 3989 2408 4058 obsistamus,
2435 4000 2492 4047 et
2517 3995 2765 4050 stabilem
2795 3997 3284 4070 inconcussamque
3309 4005 3475 4059 animi
3505 4021 3637 4062 σου·

2062 4080 2710 4150 stautiamretineamus;
2767 4085 2996 4142 rebelles
3045 4098 3306 4158 praeterea
3353 4093 3632 4166 hucusque

2061 4171 2428 4239 adversantes,
2473 4173 2664 4231 dextre
2691 4175 3054 4247 decenterque
3082 4179 3300 4237 Christo
3322 4182 3634 4240 lucrifacia-

2060 4274 2214 4326 mus,
2245 4269 2301 4314 et
2325 4261 2490 4316 veluti
2521 4265 2823 4334 adeptionis
2850 4266 2990 4324 filios
3017 4277 3216 4325 sanctae
3253 4271 3346 4328 Dei
3383 4273 3635 4344 Ecclesia

2061 4351 2428 4419 restituamus,
2456 4370 2584 4410 oves
2611 4355 2681 4411 ad
2705 4358 2823 4413 haec
2850 4359 3132 4416 rationalis
3161 4363 3428 4436 electique
3455 4373 3633 4438 gregis

2062 4440 2278 4500 Christo
2306 4445 2669 4515 perﬁciamus,
2717 4459 2773 4506 et
2815 4452 2868 4506 in
2910 4467 3094 4510 sacras
3128 4455 3382 4512 Ecclesia:
3425 4457 3628 4522 caulas,

2060 4545 2128 4584 ne
2172 4547 2204 4585 a
2249 4532 2388 4603 lupis
2430 4533 2737 4592 immaniter
2773 4539 3069 4596 dilacerare
3111 4543 3286 4600 solitis
3327 4547 3629 4617 capiantur,

2059 4619 2413 4688 inducamus,
2461 4639 2568 4694 quo
2607 4641 2794 4683 omnes
2833 4631 3046 4688 tandem
3085 4637 3459 4698 consensionis
3501 4655 3632 4693 eon-

2059 4709 2363 4778 cordiueque
2390 4713 2679 4783 signaculis
2703 4718 2917 4785 muniti,
2939 4721 3099 4777 nullis
3123 4723 3376 4796 deinceps
3401 4726 3630 4791 insidiis,

2058 4799 2219 4855 nullis
2249 4801 2621 4873 discerpuntur
2654 4811 2952 4878 morsibus,
3000 4815 3096 4868 sed
3129 4814 3346 4874 Christo
3387 4821 3628 4876 omnium

2058 4902 2299 4948 nostrum
2327 4896 2487 4964 capiti
2519 4898 2890 4972 subjiciuntur,
2915 4905 3196 4978 eidemque
3221 4925 3390 4980 prona
3417 4917 3474 4967 et
3499 4914 3630 4968 obe-

2057 4981 2258 5038 dientia
2286 4985 2422 5040 colla
2447 4989 2780 5046 submittant.

2125 5071 2308 5140 Orate,
2339 5075 2582 5144 obsecro,
2609 5079 2980 5152 instanterque
3018 5095 3222 5157 rogate,
3251 5095 3306 5143 ut
3337 5089 3478 5146 idem
3510 5092 3630 5163 ipse

2057 5179 2156 5218 nos
2211 5165 2514 5223 illuminare
2563 5185 2627 5226 ac
2675 5175 2970 5232 emundare
3023 5179 3308 5248 dignetur,
3370 5197 3478 5252 quo
3530 5184 3626 5238 ﬁlii

2054 5252 2306 5322 perfecta:
2353 5256 2488 5312 lucis
2533 5258 2706 5315 ell‘ecti
2733 5301 2748 5327 ,
2803 5265 2938 5320 alios
2970 5281 3184 5336 quoque
3231 5270 3536 5329 illuminare
3573 5284 3628 5328 ct

2053 5343 2346 5398 emundare
2365 5346 2667 5416 valeamus;
2696 5366 2998 5408 sermonem
3020 5357 3366 5415 nihilominus
3390 5359 3447 5416 in
3469 5377 3626 5432 apern

2061 5433 2205 5489 tione
2229 5437 2340 5492 oris
2364 5437 2750 5508 subministret,
2776 5458 2882 5512 quo
2902 5447 3174 5504 auditores
3195 5457 3409 5506 nostros
3432 5454 3624 5522 spiritu

2057 5525 2475 5596 adimpleamus,
2519 5539 2574 5586 et
2613 5535 2991 5603 mysteriorum
3034 5549 3338 5598 nostrorum
3368 5545 3620 5600 virtutem

2055 5615 2280 5688 impigre
2324 5635 2623 5690 magnaque
2665 5638 2786 5678 cum
2828 5631 3171 5684 contentione
3204 5635 3624 5703 rleprmdieemus

2057 5707 2195 5764 illius
2237 5726 2448 5780 semper
2481 5712 2650 5782 gratia
2817 5705 3030 5761 Stblliki
3057 5749 3075 5776 ›
3175 5715 3265 5778 qui
3431 5728 3616 5780 tralbu-
