3980 6140
343 285 443 354 179

1269 329 1282 343 .
1369 289 1432 351 S.
1465 291 1884 353 NICEPHORI
1927 293 2429 355 PATRIARCHE
2465 295 2572 361 (ΖΡ.

3497 300 3592 366 1⁹0

350 411 597 467 tientium
630 411 841 483 linguas
865 410 995 468 facit
1025 412 1274 480 disertas,
1308 422 1366 470 et
1393 415 1788 471 claudicautum
1827 431 1919 486 pe-

2019 417 2337 498 minem;
2356 423 2442 476 τήν
2468 423 2557 473 τοῦ
2592 417 2891 488 εὐαγγελίου
2930 421 3230 489 ἕτοιμασίαν
3257 435 3580 495 κρατυνοντος

346 505 466 568 des,
487 511 546 558 ut
569 503 637 558 ad
651 503 923 586 Evangelii
947 505 1378 573 praedicationem
1399 506 1650 561 alacriter
1668 516 1906 574 currant,

343 593 632 649 confirmat
660 594 1095 664 consolidatque;
1127 597 1382 652 talentum
1409 605 1668 666 praeterea
1694 613 1912 653 concre-

343 685 513 738 ditum
543 685 894 754 multiplicet,
936 691 997 739 ut
1033 692 1272 754 tempore
1309 695 1639 756 opportuno,
1675 687 1731 742 id
1771 687 1915 756 quod

341 774 722 843 patrifamilias
769 775 1023 840 debetur,
1075 791 1182 830 non
1231 777 1432 844 absque
1476 775 1660 830 fenore
1705 777 1920 842 restitui

342 861 652 932 contingat;
698 875 871 929 neque
903 862 957 914 id
985 862 1158 916 solum
1187 862 1342 916 nobis
1371 863 1731 932 impertiatur,
1765 871 1825 916 ut
1859 864 1913 917 in

342 949 510 1006 fertili
558 951 647 1006 illa
691 951 846 1004 vinea
891 965 1192 1019 operemur,
1244 951 1338 1005 sed
1377 951 1621 1005 laborum
1649 953 1914 1021 gravitate

341 1041 696 1109 molestiaque
739 1053 896 1108 atque
944 1040 1124 1093 animo
1176 1039 1457 1104 toleratis,
1517 1050 1758 1110 aestuque
1805 1042 1911 1096 diei

272 1197 284 1210 γ
341 1129 636 1189 exantlato,
674 1127 1004 1198 operationis
1034 1141 1246 1196 quoque
1281 1129 1558 1196 praemium
1590 1129 1909 1194 referamus,

337 1225 399 1273 et
436 1217 520 1272 bis
555 1215 647 1285 qui
683 1215 822 1270 citra
855 1215 1162 1284 pactionem
1194 1217 1294 1270 sub
1323 1217 1659 1272 undecimam
1691 1219 1914 1272 introie-

335 1313 493 1372 rant,
513 1306 567 1362 in
592 1307 840 1362 mercede
863 1305 1237 1376 consequenda
1263 1322 1537 1380 aequemur
1561 1307 1905 1380 (Matt/1.11);

344 1396 578 1468 denique
607 1398 804 1454 mentis
835 1385 1031 1453 nostra:
1058 1397 1270 1452 oculum
1303 1398 1562 1464 illustret,
1595 1409 1653 1454 ut
1682 1399 1912 1468 spiritali

339 1489 462 1545 luce
486 1491 763 1557 illustrati,
785 1491 1104 1560 sublatoque
1127 1501 1182 1546 et
1204 1491 1348 1546 eluto
1365 1493 1512 1561 quod
1531 1493 1726 1547 animae
1743 1494 1912 1549 aciem

343 1580 701 1634 conturbabat
757 1587 812 1635 et
857 1579 1197 1635 intellectum
1251 1591 1493 1634 nostrum
1551 1580 1869 1636 obfuscabat
1893 1623 1907 1647 ,

340 1670 778 1739 propheticarum
804 1686 993 1726 vocum
1031 1686 1246 1756 sensum
1285 1673 1540 1741 liquidius
1573 1674 1907 1737 bauriamus,

344 1759 756 1828 divinorumque
772 1745 1165 1830 praeceptorum
1186 1761 1480 1816 ministeria
1506 1762 1737 1817 alacrius
1757 1763 1912 1817 obea-
1938 1745 1986 1804 Β

343 1862 493 1910 mus,
542 1855 598 1902 ct
641 1863 710 1902 ne
754 1847 824 1904 ab
861 1846 1293 1904 adversariorum
1329 1847 1525 1918 jaculis
1567 1851 1908 1920 impetamur,

342 1937 637 1994 studiosius
679 1953 1004 2004 caveamus,
1053 1953 1262 2010 nosque
1311 1939 1675 1994 custodiamus
1719 1949 1772 1994 et
1817 1940 1912 1994 iraa

342 2029 538 2091 divinae
580 2029 816 2100 gladium
863 2029 1238 2099 peccatoribus
1281 2029 1652 2086 imminentem
1697 2030 1910 2086 cautius

339 2117 747 2188 pnevideamus.
781 2126 842 2174 ut
871 2118 916 2174 si
943 2118 1157 2193 quidem
1185 2118 1300 2172 fieri
1327 2125 1535 2188 potest,
1565 2119 1805 2190 periculo
1835 2119 1914 2176 in-

341 2209 580 2276 tellecto,
607 2210 931 2279 numineque
960 2211 1192 2280 placato,
1239 2218 1347 2264 tam
1387 2210 1490 2279 ipsi
1527 2225 1688 2279 quam
1716 2209 1910 2279 reliqui

341 2317 572 2372 quorum
625 2303 788 2358 duces
836 2301 1116 2360 constituti
1169 2317 1395 2379 sumus,
1443 2309 1725 2355 venturam
1775 2300 1912 2355 iram

341 2391 658 2463 efl’ugiamus
701 2410 714 2446 :
766 2392 910 2462 quod
956 2393 1000 2447 si
1047 2403 1337 2462 utrumque
1377 2392 1633 2461 consequi
1681 2405 1913 2460 nequea-

342 2499 497 2548 mus,
533 2483 721 2538 saltem
761 2485 996 2539 animam
1032 2498 1241 2548 meam,
1283 2483 1436 2553 juxta
1470 2479 1600 2548 justi
1636 2481 1778 2535 illius
1811 2479 1912 2534 Lot

341 2577 680 2646 exemplum,
715 2576 804 2644 qui
841 2575 1075 2630 animam
1114 2590 1264 2630 suam
1295 2575 1363 2630 ab
1391 2573 1640 2628 incendio
1679 2572 1913 2627 liberare

341 2669 621 2739 satagebat
635 2665 784 2738 (Gen.
804 2683 916 2730 xxx,
933 2667 1044 2736 2‘2),
1061 2666 1259 2722 salvam
1281 2664 1492 2720 faciam.
1511 2665 1714 2718 Vestrae
1734 2665 1913 2733 itaque

339 2772 552 2828 preces,
595 2756 995 2828 spiritualisque
1022 2756 1252 2826 praesidii
1281 2762 1505 2810 conatus
1535 2755 1639 2808 huc
1671 2755 1910 2808 tendant.

341 2843 412 2899 At
451 2846 576 2916 quia
619 2845 831 2900 occasio
875 2845 946 2900 ita
993 2845 1140 2908 tulit,
1185 2845 1332 2899 lubet
1362 2843 1465 2898 hoc
1506 2843 1626 2898 loco
1662 2858 1912 2912 magnam

344 2934 490 2989 illam
512 2950 866 3006 souoramque
887 2935 1190 2998 buccinam,
1209 2934 1730 3002 disertissimumque
1743 2933 1916 2986 Evan-

2016 509 2096 562 καί
2145 508 2500 582 στηρίζοντος’
2553 507 2999 566 πολλαπλασιάσαι
3041 507 3096 564 δὲ
3137 511 3196 566 τὸ
3249 514 3584 584 συγχωρηθὲν

2013 597 2254 654 τάλαντον
2284 601 2363 652 καί
2397 598 2445 651 ἓν
2484 605 2644 672 καιρῷ
2680 597 2960 654 ἀποδοῦναι
2984 602 3080 654 σὺν
3107 598 3235 672 τόκῳ
3256 609 3330 669 τῷ
3357 599 3580 674 δεσπότῃ

2013 689 2071 744 τὸ
2110 689 2438 760 ὀφειλόμενον
2467 689 2764 762 ἐργάζεσθαι
2802 687 2856 746 δὲ
2889 690 2962 750 εὶς
2980 675 3086 744 ’τόν
3113 690 3258 744 καλὸν
3287 686 3581 760 ἀμπελῶνα,

2011 783 2096 836 καί
2121 782 2180 835 τὸ
2210 778 2413 850 δόκιμον
2441 787 2532 839 τῆς
2561 781 2804 850 ἐργασίας
2828 781 3220 850 ἀπενέγκασθαι,
3250 779 3584 852 διενεγκόντας

2013 871 2102 938 μὲν
2129 876 2229 924 τῶν
2251 869 2417 924 πόνων
2458 869 2844 939 μεγαλοψύχως
2870 869 2928 922 τὸ
2959 869 3099 943 βαρύ
3129 890 3184 924 τε
3216 873 3300 924 καί
3327 869 3588 947 δυσαχθὶ-

2010 976 2196 1012 στατον
2227 957 2308 1009 καὶ
2351 956 2720 1024 βαστάσαντας
2749 958 2982 1026 γενναίως
3009 965 3102 1015 τῆς
3128 959 3316 1030 ἠμέρας
3335 961 3421 1012 τὸν
3453 961 3584 1014 καύ-

2033 1060 2173 1110 com,
2198 1047 2284 1099 καί
2310 1053 2416 1104 τοῖς
2436 1046 2558 1112 περὶ
2584 1050 2672 1103 τὴν
2699 1043 2962 1103 ἑνδεκάτην
2981 1050 3224 1104 εἰσιοῦσιν
3251 1050 3586 1118 ἀσυμφώνους

2012 1137 2063 1191 ἐν
2095 1144 2158 1211 τῇ
2192 1135 2399 1208 διανομῇ
2424 1144 2517 1194 τῆς
2550 1133 2955 1204 μισθαποδοσίας
2984 1135 3584 1206 συγκαταλεχθήσεσθαι’

2014 1226 2318 1296 αὖγασθῆναι
2359 1222 2413 1277 δέ
2459 1219 2599 1292 ἡμῶν
2632 1231 2724 1281 τῆς
2774 1221 2994 1282 διανοίας
3036 1225 3092 1276 τὸ
3135 1226 3360 1287 ὀπτικὸν,
3393 1229 3479 1279 καί
3525 1235 3589 1296 τῇ

2011 1313 2228 1390 διόπτρᾳ
2267 1309 2643 1374 δνατενίζοντας
2672 1317 2734 1381 τῇ
2759 1316 2851 1364 τοῦ
2881 1313 3200 1380 πνεύματος,
3231 1314 3362 1368 ὥστε
3387 1334 3589 1387 προφη-

2012 1412 2163 1460 τικῶν
2191 1409 2360 1472 φωνῶν
2392 1402 2649 1476 ἀκροατὰς
2687 1401 2938 1472 γίνεσθαι,
2988 1401 3128 1454 θείων
3163 1421 3217 1456 τε
3253 1404 3586 1476 προσταγμὰμ

2011 1515 2110 1549 των
2151 1489 2446 1566 προθύμους
2505 1491 2768 1562 ὑπηρέτας
2809 1493 2896 1543 καί
2923 1491 3108 1545 τούτου
3157 1489 3594 1563 ὗποδεδεγμὲνους

2012 1590 2102 1642 τήν
2141 1581 2354 1654 δωρεὰν,
2378 1583 2437 1636 τό
2473 1579 2640 1634 θολσῦν
2667 1581 2751 1635 τόν
2789 1587 2882 1640 τῆς
2917 1579 3100 1650 ψυχῆς
3141 1581 3385 1652 ὀφθαλμὸν
3417 1585 3508 1638 καί
3531 1594 3590 1640 τὸ

2015 1676 2064 1730 ἐν
2091 1679 2210 1744 ἡμῖν
2241 1677 2412 1742 νοερὸν
2440 1673 2728 1736 ἕπισκιοὶζον
2772 1673 3154 1746 ἐκκαθαίρεσθαι
3183 1675 3270 1726 καί
3311 1675 3590 1728 ἀπονίπτε-

2013 1765 2152 1822 σθαι,
2183 1761 2504 1832 πανταχόθεν
2543 1763 2634 1830 μὲν
2669 1761 2886 1820 ἑαυτοὺς
2931 1769 3306 1835 περιφρουρεῖν,
3348 1765 3437 1814 καὶ
3475 1782 3593 1815 συν-

2011 1859 2182 1928 τηρεῖν
2216 1859 2328 1932 ταῖς
2368 1857 2469 1906 τῶν
2511 1847 2743 1904 ὶναντίων
2768 1849 2938 1920 βολίσι
2964 1851 3128 1918 μένειν
3177 1851 3590 1924 ἀπροσϐλήτους.

2011 1939 2318 2014 προϐλὲπειν
2345 1937 2396 1993 δί
2419 1943 2510 1996 τὴν
2537 1937 2804 2010 ῥομφαίαν,
2833 1937 2978 1992 ἡνίκα
2997 1937 3083 1989 ἐπί
3108 1945 3216 1996 τοῖς
3240 1936 3592 2012 ἁμαρτάνουσι

2011 2028 2251 2088 θεήλατος
2276 2026 2630 2100 παραγίνεται,
2649 2027 2730 2078 ἶνα
2755 2025 2799 2077 εί
2823 2025 2914 2094 μέν
2942 2021 3046 2078 οἷόν
3075 2044 3129 2078 τε
3154 2025 3430 2098 παράσχῃ
3446 2027 3590 2090 Θεὸς,

2013 2115 2116 2182 ὅτε,
2146 2117 2401 2186 σημαίνων
2441 2119 2530 2172 τήν
2571 2112 2736 2186 ἔφοδον
2761 2114 2820 2168 τό
2863 2114 2993 2167 θεῖον
3035 2114 3402 2187 ἑξιλεούμενος,
3439 2113 3593 2174 αὐτός

2011 2225 2066 2258 τε
2101 2209 2179 2260 καί
2209 2203 2260 2258 οί
2285 2203 2656 2278 κηρυσσόμενα
2695 2203 2748 2255 ἐκ
2785 2209 2876 2262 τῆς
2912 2203 3066 2276 ὀργῆς
3107 2200 3393 2276 διαφύγοιεν
3413 2219 3428 2234 ⁸
3459 2207 3506 2258 εί
3531 2203 3588 2258 δε

2011 2301 2082 2370 μή
2127 2303 2306 2362 τοῦτο,
2342 2300 2433 2354 τήν
2473 2301 2592 2366 γοῦν
2641 2293 2862 2363 ἐμαυτοῦ
2915 2290 3252 2360 διασώσωμαι
3343 2287 3524 2359 ψυχήν
3549 2306 3565 2321 ⁵

2012 2391 2143 2444 κατά
2167 2390 2256 2444 τόν
2278 2391 2394 2442 Λὼτ
2421 2387 2618 2449 ἐκεῖνον,
2641 2385 2723 2440 τόν
2748 2382 2961 2448 δίκαιον,
2998 2379 3058 2444 ὃς
3083 2391 3253 2438 σῶσαι
3280 2389 3368 2443 τὴν
3397 2384 3592 2439 εαυτοῦ

2011 2483 2194 2554 ψυχὴν
2221 2488 2310 2538 τοῦ
2345 2483 2645 2557 ἐμπρησμοῦ
2687 2473 3224 2553 διεπραγματεύσατο.
3263 2477 3355 2528 Καί
3393 2477 3461 2529 τὰ
3495 2476 3594 2544 μὲν

2013 2581 2106 2632 τῆς
2155 2573 2405 2642 ὑμετέρας
2454 2571 2616 2640 εὐχῆς
2639 2589 2695 2624 τε
2737 2571 2820 2622 καί
2869 2573 3210 2636 πνευματικῆς
3278 2565 3592 2636 συμμαχίας

2013 2648 2230 2718 ἐνταῦθα
2261 2662 2462 2716 κείσθω.
2505 2662 2682 2732 ιαιρὸς
2722 2657 2776 2712 δὲ
2817 2658 2983 2710 λοιπὸν
3016 2656 3234 2732 πάρεστι
3258 2659 3348 2712 τὴν
3375 2653 3595 2725 μεγάλην

2012 2764 2104 2816 τῆς
2138 2756 2366 2815 ἀληθείας
2395 2753 2674 2824 σάλπιγγα,
2703 2754 2791 2806 τὸν
2824 2750 3290 2822 μεγαλοφωνότατον
3315 2753 3404 2802 τοῦ
3429 2747 3595 2817 Ethy-

2013 2845 2178 2918 γιλίου
2227 2847 2456 2914 κήρυκα,
2507 2841 2698 2895 Παῦλον
2746 2841 3061 2912 καταθρῇσαι
3102 2837 3186 2892 τόν
3229 2833 3452 2906 ἀοίδιμον
3506 2836 3596 2891 ἐπι

2013 2939 2122 2992 τοῖς
2151 2932 2304 2987 πάλαι
2343 2938 2548 2990 πιστοῖς
2573 2932 2830 3000 Ῥωμαίοις
2851 2925 2981 2998 ἄγαν
3013 2926 3476 3002 παρακαλούμενον,
3506 2927 3596 2982 και

343 3025 468 3096 gelii
494 3041 826 3095 prarconcm,
855 3026 1154 3094 apostolum
1179 3025 1404 3093 Paulum
1431 3025 1639 3079 audire.
1684 3021 1785 3076 llic
1811 3023 1912 3076 ita-

2019 3026 2120 3085 οἷον
2159 3034 2441 3101 σκιρτῶντα
2473 3033 2546 3096 τῷ
2577 3026 2849 3095 πνεύματι,
2881 3022 3120 3097 καὶπρὸς
3147 3021 3208 3076 τὸ
3241 3029 3333 3082 τῆς
3365 3023 3596 3082 πίστεως

2060 3122 2074 3132 .
2123 3127 2145 3132 μ
2369 3117 2394 3132 .
2434 3125 2456 3132 -
2607 3119 2618 3132 .
2650 3117 2673 3132 ι.
2780 3116 2794 3132 ι
3170 3117 3193 3128 -
3407 3114 3420 3132 .
3498 3112 3550 3132 ιι,

344 3133 450 3187 que
478 3117 542 3172 de
570 3125 810 3172 veterum
839 3115 1201 3172 Romanorum
1232 3115 1463 3180 fervore,
1491 3113 1914 3182 eorumdeinque

344 3207 402 3262 in
441 3206 546 3262 fide
579 3213 635 3259 et
671 3204 927 3275 religione
963 3205 1264 3259 constantia
1301 3205 1559 3273 majorem
1598 3203 1652 3258 in
1691 3203 1912 3258 modum

345 3297 400 3349 in
434 3295 622 3364 spiritu
660 3294 958 3358 exsultans,
996 3295 1235 3362 adeoque
1273 3295 1326 3347 in
1366 3292 1603 3362 Epistola
1645 3307 1805 3360 quam
1847 3291 1916 3348 ad

343 3385 492 3454 ipsos
520 3383 726 3449 scribit,
750 3399 856 3437 non
881 3383 1082 3452 absque
1107 3391 1292 3436 sancta
1315 3381 1546 3450 quadam
1568 3381 1908 3450 gloriatione,

343 3474 668 3543 ﬁliorumque
711 3472 966 3542 pietatem
1010 3483 1066 3524 et
1104 3469 1263 3524 ﬁdem
1318 3477 1429 3523 toto
1475 3478 1743 3524 terrarum
1786 3468 1917 3523 orbe

257 3600 268 3622 κ
346 3563 610 3634 divulgari
636 3571 691 3617 et
715 3561 975 3617 celebrari
998 3561 1230 3630 jactans,
1258 3559 1578 3628 publiceque
1606 3566 1916 3613 contestans

348 3657 491 3710 inter
528 3663 720 3710 caetera
759 3654 834 3708 ita
872 3653 1098 3708 scribit:
1137 3650 1349 3706 Gratias
1377 3666 1473 3720 ago
1501 3648 1611 3702 Dea
1647 3665 1780 3715 meo,
1823 3665 1918 3718 per

346 3746 530 3801 Iesum
560 3743 824 3800 Christum
849 3760 944 3816 pro
979 3742 1216 3796 omnibus
1241 3741 1406 3805 vobis,
1431 3740 1556 3811 quia
1581 3739 1712 3808 ﬁdes
1745 3748 1917 3794 vestra

349 3837 698 3891 annuntiatur
718 3835 774 3888 in
798 3833 1037 3887 universo
1066 3831 1258 3886 mundo
1282 3829 1457 3902 (Rom.
1482 3845 1521 3893 ι,
1543 3829 1619 3900 8).
1654 3828 1762 3884 Sed
1786 3843 1918 3882 nun-

351 3925 478 4001 quid
509 3941 643 3996 pura
675 3925 763 3980 illa
793 3926 1112 3992 sinceraque
1133 3920 1408 3992 Evangelii
1438 3920 1604 3976 nostri
1633 3919 1785 3986 fides,
1826 3935 1924 3974 ex—

350 4026 434 4072 tra
462 4031 620 4086 quam
657 4016 760 4070 alia
798 4015 939 4069 nulla
969 4023 1051 4068 est
1075 4053 1090 4078 ,
1141 4013 1282 4066 inter
1311 4011 1678 4065 Romanorum
1709 4017 1920 4064 tantum

349 4108 486 4164 ﬁnes
511 4105 760 4164 conclusa
790 4105 1044 4160 tenetur?
1072 4101 1440 4172 Nequaquam.
1473 4099 1626 4153 Nulla
1657 4103 1800 4154 enim
1830 4098 1920 4152 illa

349 4207 485 4264 certi
531 4204 826 4275 cuiuspiam
855 4201 959 4257 loci
1008 4198 1254 4254 terminis
1297 4194 1776 4259 circumscribitur,
1824 4206 1920 4246 ve-

351 4313 472 4354 rum
503 4305 612 4352 tam
639 4295 750 4348 late
779 4289 1112 4352 diffunditur,
1153 4287 1450 4359 diffusaque
1475 4290 1827 4353 propagatur,
1861 4291 1923 4342 ut

2013 3122 2180 3178 αὐτῶν
2223 3117 2505 3174 σπουδαῖον
2537 3119 2621 3172 καί
2649 3116 2852 3189 θερμὸν,
2881 3117 3291 3184 μεγαφρονοῦντα
3335 3114 3423 3166 καί
3449 3112 3592 3184 φιλο-

2013 3209 2332 3280 τιμούμενον,
2359 3208 2444 3260 καί
2477 3211 2860 3280 μαρτυροῦντα,
2893 3198 3106 3273 ἔφ’ὅλοις
3153 3221 3208 3254 τε
3257 3205 3346 3256 τοῦ
3394 3200 3594 3270 κόσμου

2013 3306 2128 3358 τοῖς
2184 3299 2374 3370 πέρασι
2433 3291 2838 3370 περιηχοῦμενον
2887 3293 2970 3344 καί
3021 3287 3460 3362 διαγγελλόμενον,
3510 3292 3595 3344 καὶ

2016 3389 2453 3460 μεγαλαυχοῦντα
2496 3386 2675 3457 λέγειν·
2729 3382 2793 3440 δι’
2814 3379 2881 3436 ὧν
2929 3383 3103 3446 αὐτοῖς
3139 3382 3446 3438 ἐπιστέλλων
3487 3381 3598 3452 φαί-

2013 3499 2153 3533 νεται
2182 3491 2198 3507 ⁰
2233 3494 2252 3525 ι
2284 3477 2592 3550 Εὖχαριστῶ
2639 3481 2714 3545 τῷ
2777 3467 2886 3528 Θεῶ
2933 3492 3033 3543 μου
3075 3469 3206 3542 [διὰ
3251 3470 3416 3528 Ἰησοῦ
3469 3479 3592 3550 ξρι-

2015 3573 2142 3624 στοῦ
2177 3567 2308 3638 ὑπὲρ
2359 3567 2561 3620 πάντων
2624 3561 2828 3636 ripae],
2882 3559 2960 3616 ὅτι
3005 3563 3036 3618 ἦ
3097 3563 3274 3620 πίστις
3314 3561 3457 3631 ὑμῶν
3503 3581 3595 3614 κα-

2014 3655 2338 3728 ταγγέλλεται
2395 3653 2444 3706 ἐν
2486 3649 2584 3724 ὅλῳ
2629 3658 2702 3723 τῷ
2749 3650 2950 3721 κόσμῳ.
2995 3667 3015 3700 ι
3055 3652 3142 3703 καί
3198 3645 3372 3707 ἔπειδή
3426 3649 3458 3706 τό
3493 3650 3604 3702 καθ’

2015 3746 2149 3816 ἡμᾶς
2173 3751 2262 3800 τοῦ
2287 3741 2590 3814 Εὐαγγελίου
2628 3741 2821 3810 καθαρὰ
2849 3733 2932 3793 καί
2958 3737 3225 3798 ἀκίϐδηλος
3260 3740 3465 3804 πίστις,
3497 3739 3588 3791 καί

2015 3831 2148 3906 ὕπερ
2173 3833 2230 3890 ἢν
2259 3833 2344 3884 οὐκ
2371 3828 2401 3884 ἕ
2405 3849 2516 3884 στιν
2546 3829 2712 3908 ἑτέρα,
2733 3820 2846 3881 οὔτε
2879 3835 3170 3896 Ῥωμαϊκοῖς
3201 3823 3341 3897 ὅροις
3375 3824 3596 3881 συστελ-

2015 3924 2194 3997 λομένη
2249 3921 2634 3996 περιγράφεται,
2677 3916 2793 3974 οὔτε
2845 3918 3038 3993 πέρασι
3088 3918 3438 3988 περικοσμίοις
3488 3912 3596 3987 ὁρί-

2019 4015 2176 4076 ζεται,
2207 4013 2292 4066 ἐπὶ
2325 4017 2571 4066 τοσοῦτον
2620 4007 2674 4064 δέ
2711 4008 2896 4079 μᾶλλον
2925 4007 3288 4080 ὖπερήπλωται
3322 4009 3406 4061 καί
3430 4010 3593 4083 ὑπερ·-

2019 4103 2234 4169 κέχυται
2256 4139 2272 4164 ,
2324 4103 2408 4153 καί
2459 4106 2785 4172 προφητικαῖς
2851 4099 2935 4152 καί
2993 4096 3350 4155 ἆποστολικαῖς
3412 4102 3595 4168 φωναῖς

2017 4192 2414 4266 παρορμώμενος
2468 4189 2651 4260 φάναι”
2699 4203 2718 4235 t
2769 4187 2860 4246 Εἰς
2919 4189 3096 4241 πᾶσαν
3151 4189 3241 4243 τήν
3293 4192 3386 4254 γῆν
3424 4182 3451 4238 ό
3500 4179 3594 4238 to;

2019 4280 2150 4332 θείου
2196 4275 2524 4350 κηρύγματος
2569 4277 2773 4349 φθόγγος
2831 4275 3082 4340 ἐξελήλυθε
3136 4276 3222 4327 καὶ
3274 4275 3347 4332 εἰς
3389 4275 3458 4331 τὰ
3501 4273 3596 4328 πί·-

349 4384 680 4458 prophetiae
739 4371 1151 4448 apostolicaeque
1202 4389 1364 4428 voces
1415 4379 1760 4440 erumpentes
1789 4409 1803 4434 ,
1861 4371 1916 4426 in

2019 4387 2151 4440 ρατα
2196 4374 2287 4426 τῆς
2334 4367 2628 4434 οἰκουμένης
2661 4373 2758 4420 τῶν
2811 4362 3164 4441 κηρυσσόντων
3205 4363 3270 4417 τά
3312 4363 3541 4435 ῥήματα.
3572 4379 3590 4412 t

353 4486 570 4528 omnem
601 4478 798 4523 terram
818 4466 1009 4521 divina:
1029 4461 1426 4534 praedicationis
1446 4476 1635 4516 sonum
1661 4460 1912 4522 cxivisse;
1941 4467 1953 4474 ’

354 4571 412 4618 et
447 4561 500 4614 in
540 4557 672 4612 fines
708 4555 854 4610 orbis
891 4562 1048 4609 terra:
1086 4553 1385 4608 caelestium
1422 4565 1729 4620 praeconum
1757 4551 1918 4603 verba

347 4643 698 4716 personuisse
719 4639 894 4714 (Rom.
915 4655 970 4706 x;
993 4643 1140 4696 Ρεαι.
1160 4638 1338 4709 xvnt),
1355 4638 1624 4694 amrmare
1640 4651 1749 4693 non
1771 4633 1932 4692 dubi-

352 4747 490 4793 teut.
523 4736 638 4790 lmo
669 4748 818 4796 vero,
850 4743 910 4788 ut
939 4733 1170 4804 amplius
1210 4733 1465 4804 quiddam
1503 4731 1705 4793 dicam,
1739 4727 1831 4782 illa
1867 4744 1934 4782 ne

349 4829 420 4884 ab
447 4828 582 4898 ipsis
609 4828 827 4898 quidem
859 4826 1036 4892 caelis,
1064 4826 1444 4896 supremisque
1464 4835 1520 4879 et
1549 4819 1930 4878 intellectuali-

349 4921 456 4976 bus
475 4907 770 4974 virtutibus
796 4917 1096 4973 secluditur
1121 4933 1137 4982 ;
1160 4932 1284 4971 nam
1311 4916 1413 4972 etsi
1439 4913 1686 4984 supe’rior
1708 4912 1798 4966 illa
1830 4911 1933 4965 Ec-

351 5012 517 5070 clesia
542 5011 1026 5084 primogenitorum
1051 5009 1105 5064 in
1131 5009 1282 5064 caelis
1301 5008 1618 5079 justificata,
1635 5005 1825 5059 civitas
1841 5017 1932 5058 eo-

353 5121 472 5159 rum
506 5105 598 5174 qui
632 5120 726 5173 per
753 5103 909 5178 iidem
938 5102 1220 5170 iustificati
1249 5109 1376 5155 sunt
1399 5095 1574 5178 (Rom.
1596 5097 1672 5165 τ),
1695 5094 1932 5178 caelestis

358 5182 724 5246 Hierusalem,
755 5175 764 5178 “
811 5179 968 5250 cujus
1051 5179 1302 5234 conditor
1340 5185 1397 5231 et
1433 5175 1612 5246 opifex
1645 5184 1726 5232 est
1764 5177 1926 5241 Deus,

354 5274 452 5344 qui
476 5283 689 5329 terrena
715 5270 1024 5326 emlestibus
1049 5266 1376 5330 conciliavit,
1399 5274 1454 5320 et
1475 5265 1762 5320 maceriem
1787 5264 1930 5334 scpis

361 5364 562 5429 diruit,
606 5373 661 5418 et
700 5374 857 5416 ovem
895 5353 1159 5428 pei‘ditam
1191 5357 1246 5410 in
1277 5356 1500 5410 humero
1530 5355 1797 5409 sublatam
1835 5371 1933 5424 per

362 5454 739 5512 admirabilem
789 5451 1104 5506 descensum
1153 5447 1688 5516 inexplicabilemqm
1730 5447 1931 5500 demis-

363 5543 572 5599 sionem
601 5541 927 5611 salvat,etiis
940 5539 1023 5608 qui
1051 5537 1396 5606 perstiterant
1425 5537 1680 5602 inseruit,
1710 5537 1935 5605 aliisque

363 5634 420 5692 id
449 5647 618 5704 genus
645 5629 952 5686 nominibus
980 5626 1301 5698 appellatur,
1341 5633 1424 5680 est
1451 5632 1629 5680 tamen
1659 5639 1764 5681 non
1796 5625 1898 5679 alia
1918 5665 1932 5691 ,

2022 4461 2080 4512 Εἰ
2136 4455 2188 4511 δὲ
2241 4455 2320 4511 δεῖ
2360 4460 2443 4511 καί
2491 4458 2680 4510 τούτων
2727 4461 2888 4515 εἰπεῖν
2948 4454 3290 4526 ὑψηλότερον,
3341 4453 3476 4510 αὕτη
3517 4454 3598 4507 καὶ

2025 4549 2075 4602 ἂν
2119 4547 2312 4619 οὐρανῷ
2362 4553 2478 4606 ταῖς
2523 4546 2764 4599 ἀνωτάτω
2819 4547 2906 4598 καί
2941 4550 3142 4620 νοεραῖς
3179 4541 3420 4610 δυνάμεσι
3468 4541 3597 4608 παῤ-

2026 4639 2339 4711 βησιὰζεται,
2391 4638 2438 4691 εί
2480 4637 2578 4708 γὰρ
2623 4638 2706 4689 καί
2747 4637 2840 4705 μία
2877 4633 3138 4692 Ἐκκλησία
3185 4633 3233 4685 ἐν
3278 4633 3477 4704 οὖρανῷ
3514 4631 3598 4684 καί

2030 4727 2114 4780 ἐπί
2177 4734 2304 4796 γῆς,
2357 4728 2442 4779 καί
2497 4723 2785 4782 Ἐκκλησίαν
2854 4721 3188 4796 πρωτοτόκων
3253 4722 3306 4776 ἐν
3366 4723 3596 4794 οὐρανοῖς

2030 4813 2416 4885 δεδικαιωμίνην
2463 4815 2638 4870 ἕκεῖθεν
2683 4811 2972 4885 ἀκούομεν,
3031 4815 3114 4866 καί
3176 4811 3322 4870 πόλις
3387 4818 3489 4866 τῶν
3547 4811 3597 4864 ἕν

2032 4907 2207 4959 πίστει
2231 4902 2624 4975 δεδικαιωμένων
2667 4903 2699 4960 ἦ
2741 4899 2844 4956 ἅνω
2875 4899 3229 4976 Ἰερουσαλήμ’
3260 4898 3321 4959 ἧς
3358 4901 3598 4968 τεχνίτης

2030 4996 2110 5048 καί
2150 4991 2455 5067 δημιουργὸς
2493 4992 2519 5046 ὁ
2559 4992 2700 5058 Θεὸς,
2733 4988 2882 5046 ὃςκαί
2923 4991 3192 5052 κατήλλαξε
3222 4992 3288 5046 τὰ
3323 4989 3598 5062 ἐπουράνια

2029 5091 2140 5146 τοῖς
2188 5086 2426 5154 ἐπιγείοις
2459 5085 2542 5138 καί
2566 5085 2622 5136 τὸ
2657 5082 2966 5150 μεσότοιχον
3014 5087 3106 5138 τοῦ
3135 5085 3366 5154 φραγμοῦ
3405 5079 3596 5140 λέλυκε,

2031 5179 2117 5231 καί
2169 5179 2228 5232 τὸ
2280 5175 2534 5236 ἀπολωλὸς
2579 5175 2662 5229 ἐπί
2718 5182 2818 5230 τῶν
2853 5173 3001 5247 ὤμων
3051 5175 3303 5248 ἀράμενος
3355 5170 3418 5227 δι’

2030 5287 2152 5322 στου
2221 5259 2652 5338 συγκαταϐάσεως
2719 5271 2824 5326 τοῖς
2881 5264 3184 5333 σωζομένοις
3243 5265 3323 5318 καί
3369 5263 3600 5332 μένουσιν

2029 5356 2319 5428 ἕγκατέμιξε
2345 5371 2358 5385 ·
2396 5356 2560 5428 ταύτῃ
2610 5375 2689 5409 τοι
2736 5357 2821 5408 καὶ
2863 5354 2998 5414 μάλα
3037 5351 3235 5412 δικαίως
3282 5354 3341 5410 τὸ
3424 5351 3598 5406 inde!

2031 5451 2114 5500 καί
2161 5445 2468 5502 ἀδιάστατον
2513 5443 2730 5516 ἔχομεν’
2766 5449 2926 5502 Ἦνίκα
2952 5444 3153 5500 σύνεσιν
3198 5444 3287 5497 καὶ
3317 5441 3599 5509 σύμπνοιαν

2034 5537 2064 5592 ἦ
2101 5535 2266 5594 κτίσις
2309 5543 2370 5606 τῇ
2419 5536 2593 5590 πίστει
2630 5541 2869 5589 συνοῖσεν
2906 5529 3202 5609 [advocata]:
3238 5533 3295 5585 οὐ
3327 5531 3424 5605 γὰρ
3454 5528 3508 5586 ἐν

2033 5627 2259 5700 Ἰουδαίᾳ
2285 5627 2430 5697 μόνον
2463 5626 2686 5700 γνωστὸς
2713 5625 2738 5681 ὃ
2769 5622 2910 5688 Θεὸς.
