3972 6130
390 349 491 413 183

393 557 463 610 ab
489 555 737 612 omnibus
765 555 1174 623 aspectabilibus
1204 551 1773 622 inaspectabilibusque
1799 563 1948 601 erea-

393 646 532 698 turis
559 643 759 698 cultam
785 650 840 696 et
864 643 1177 708 adoratam.

445 729 650 790 ‘Trium
682 740 859 785 autem
896 733 1251 800 bypostaseon
1273 744 1406 798 quas
1437 729 1491 782 in
1533 725 1796 779 Trinitate
1827 738 1955 777 con-

394 821 716 883 sideramus,
748 820 850 873 alia
878 827 961 873 est
990 819 1168 881 Pater,
1207 817 1468 886 principio
1500 829 1710 876 carens,
1756 813 1953 866 nullam

394 927 507 967 sua:
532 910 828 964 existentire
857 923 1072 962 causam
1103 906 1335 970 habens,
1367 920 1541 972 neque
1570 904 1714 958 enim
1744 901 1956 982 aliunde

391 1008 496 1063 est,
527 1001 618 1053 sed
645 1014 674 1051 a
705 999 900 1066 seipso,
932 1005 984 1051 et
1020 997 1073 1048 in
1112 996 1286 1062 seipso
1317 995 1478 1048 habet
1515 1007 1653 1047 esse.
1694 991 1808 1044 Alia
1838 1007 1956 1044 rur-

391 1104 509 1143 sum
522 1088 800 1150 estFilius,
827 1087 918 1155 qui
945 1086 1191 1154 principii
1221 1097 1412 1152 expers
1444 1098 1550 1136 non
1572 1090 1675 1146 est,
1705 1095 1770 1134 ex
1800 1079 1957 1132 Patre

392 1180 535 1232 enim
569 1188 651 1232 est
688 1195 700 1230 :
744 1177 903 1230 Pater
940 1189 1171 1243 namque
1212 1174 1334 1227 Filii
1371 1172 1697 1242 principium
1725 1179 1779 1222 et
1809 1168 1958 1236 origo

390 1268 606 1331 existit;
639 1267 782 1335 quod
817 1267 860 1319 si
892 1265 1147 1332 temporis
1187 1263 1393 1316 initium
1424 1269 1664 1330 spectes,
1695 1273 1846 1328 aeque
1871 1257 1960 1309 Fi-

389 1355 496 1410 lius
523 1357 786 1425 principio
819 1363 968 1409 caret
1003 1369 1066 1407 ac
1114 1353 1274 1406 Pater
1307 1371 1318 1405 :
1352 1359 1437 1406 est
1470 1350 1613 1404 enim
1657 1357 1956 1416 temporum

390 1445 656 1508 conditor,
690 1460 796 1498 non
828 1442 1101 1510 subjectus
1119 1442 1345 1510 tempori
1371 1457 1384 1505 ;
1419 1439 1755 1508 inseparabili
1783 1445 1960 1490 autem

389 1543 699 1602 aeternaque
753 1533 1097 1604 generatione
1147 1546 1211 1584 ex
1263 1531 1423 1584 Patre
1469 1530 1665 1594 elucet,
1707 1535 1960 1596 tanquam

391 1621 576 1692 gloriae
615 1621 756 1675 illius
803 1621 1052 1689 splendor
1097 1627 1440 1687 pateramque
1475 1617 1788 1672 substantiae
1835 1616 1962 1681 cha-

389 1721 592 1768 racter.
626 1711 748 1764 Alia
799 1712 1010 1764 tandem
1042 1717 1124 1763 est
1167 1709 1396 1777 Spiritus
1431 1716 1672 1771 sanctus,
1702 1720 1768 1759 ex
1803 1705 1963 1758 Patre

1371 336 1434 397 S.
1472 334 1893 395 NICEPHORI
1931 337 1970 394 P

2078 334 2439 394 RIARCH/E
2474 333 2582 394 (ΖΡ.
2976 369 2989 383 .
3039 399 3044 403 ἡ
3507 327 3603 388 181

391 470 513 540 pari
543 467 807 538 potentia,
830 467 1018 535 πριιιιιί
1059 467 1205 537 regni
1242 463 1522 533 majestate
1559 461 1948 532 gloriﬁcatam:
1981 461 2031 518 Α
3085 444 3092 452 ’

2121 726 2228 772 Τῶν
2266 719 2316 772 ἕν
2351 716 2528 790 Τριάδι
2561 720 2926 790 θεωρουμένων.
2965 721 3022 772 τὸ
3057 720 3145 787 μὲν
3175 724 3343 792 Πατήρ
3375 717 3612 790 ἄναρχος

2054 809 2136 860 καὶ
2178 809 2408 865 ἀναιτίως
2446 807 2718 879 ὑπάρχων*
2745 808 2805 860 οὐ
2832 809 2930 878 γὰρ
2969 803 3028 859 ἔκ
3049 827 3200 871 τινος,
3230 811 3280 861 ἐν
3308 809 3475 881 ἑαυτῷ
3512 813 3614 884 γὰρ

2053 899 2112 951 τὸ
2160 895 2282 952 εἶναι
2327 898 2484 968 ἔχων.
2523 903 2590 952 Τὸ
2631 898 2685 952 δέ
2733 900 2846 956 Υἱὸς
2899 902 2980 952 καί
3023 901 3106 952 οὐκ
3149 899 3399 975 ἄναρχος,
3433 904 3486 955 ἐκ
3524 909 3615 957 τοῦ

2055 989 2245 1060 Πατρός
2287 989 2406 1057 γὰρ,
2447 990 2590 1060 ἁρχὴ
2629 990 2730 1061 γάρ
2774 989 2887 1041 ἰ’ίοῦ
2929 993 3118 1061 Πατὴρ,
3161 991 3228 1048 ὡς
3270 984 3446 1044 αἴτιον·
3479 993 3521 1043 αἱ
3568 989 3618 1045 δέ

2056 1083 2145 1135 τὴν
2189 1078 2290 1131 ἀπὸ
2335 1079 2526 1150 χρόνου
2568 1078 2835 1146 λαμϐάνοις
2870 1079 3057 1151 ἀρχὴν,
3083 1081 3166 1131 καί
3201 1076 3447 1153 ἄναρχος·
3476 1101 3624 1138 ποιη-

2057 1172 2147 1226 τής
2189 1170 2288 1241 γὰρ
2340 1168 2557 1239 χρόνων⁴
2599 1170 2705 1237 οὐχ
2754 1169 2855 1221 ὐπό
2921 1168 3144 1238 χρόνον’
3193 1177 3439 1241 γεννητῶς
3497 1175 3622 1240 μέν,

2058 1257 2231 1317 ἀϊδίως
2292 1256 2346 1311 δὲ
2396 1261 2477 1310 καὶ
2527 1256 2844 1317 ἁδιαστάτως
2899 1259 3161 1328 ἐκλάμψας
3212 1268 3284 1329 τῷ
3335 1265 3508 1334 Πατρί,
3559 1264 3626 1321 ὡς

2061 1350 2380 1419 ἀπαύγασμα
2409 1346 2766 1420 [ἀπαύγασμα]
2811 1359 2901 1409 τῆς
2946 1349 3089 1437 δόξης
3131 1354 3210 1404 καὶ
3239 1360 3331 1412 τῆς
3379 1363 3630 1426 «arrpuit;

2063 1442 2334 1512 χαρακτὴρ
2380 1437 2730 1496 ὑποστάσεως.
2790 1441 2856 1492 Τὸ
2910 1437 2962 1492 δέ
3012 1447 3208 1509 Πνεῦμα
3245 1440 3388 1510 ἅγιον
3435 1442 3486 1494 ἐκ
3537 1448 3631 1496 τοῦ

2062 1527 2253 1599 Πατρός
2280 1531 2368 1582 τήν
2417 1524 2629 1598 ὕπαρξιν
2662 1522 2808 1596 ἕχον,
2841 1528 2899 1580 οὐ
2929 1535 3170 1597 γεπητῶς
3196 1532 3307 1600 μὲν,
3349 1526 3632 1594 carituro-

2063 1619 2274 1684 ρευτῶς,
2322 1612 2495 1673 ἀϊδίως
2532 1618 2689 1686 Πατρὶ
2742 1618 2821 1668 καί
2867 1618 2969 1685 Υίῷ
3021 1620 3468 1688 συνθεωρούμινον,
3540 1620 3630 1683 οὐκ

2065 1700 2294 1778 ἄναρχον
2327 1706 2415 1774 μὲν
2440 1703 2540 1758 ’διὰ
2583 1711 2671 1762 τάν
2719 1705 2771 1757 ἐκ
2804 1711 2894 1759 τοῦ
2925 1709 3114 1779 Πατρός
3139 1709 3455 1780 ἔκπόρευσιν·
3485 1713 3628 1784 ἀρχή

391 1803 807 1866 nonnativitate,
846 1801 937 1856 sed
977 1801 1322 1869 processione
1344 1799 1700 1853 substantiam
1737 1797 1958 1857 habens,

2074 1799 2164 1868 γὰρ
2206 1799 2288 1850 καί
2322 1798 2474 1851 αὐτοῦ
2514 1796 2539 1850 ὁ
2589 1801 2754 1870 Πατὴρ
2801 1800 2935 1851 κατά
2983 1800 3066 1853 τὸν
3115 1806 3203 1854 τοῦ
3244 1802 3412 1857 αἰτίου
3460 1803 3630 1872 λόγον.

319 1935 323 1939 η
393 1899 744 1964 eamdemque
769 1911 889 1949 cum
912 1895 1071 1948 Patre
1097 1902 1151 1947 et
1169 1893 1304 1948 Filio
1325 1894 1680 1949 aeternitatem
1709 1891 1961 1955 sortitus;

391 1993 627 2040 aternus
651 1985 884 2053 quidem,
905 1999 1011 2037 non
1044 1991 1220 2036 tamen
1246 1982 1448 2051 absque
1474 1982 1762 2052 principio,
1790 1989 1850 2034 ut
1868 1983 1964 2050 qui

393 2088 425 2126 a
456 2072 616 2126 Patre
647 2071 903 2140 procedat
938 2086 950 2123 :
999 2078 1082 2124 est
1111 2071 1254 2124 enim
1294 2070 1454 2124 Pater
1498 2071 1709 2124 ratione
1741 2071 1964 2140 originis

393 2173 452 2220 et
498 2165 644 2220 illius
686 2179 896 2232 quoque
959 2163 1278 2231 principium
1333 2177 1348 2215 :
1393 2177 1579 2216 verum
1627 2163 1706 2218 .ad
1759 2169 1968 2230 tempus

393 2254 540 2323 quod
576 2254 787 2317 attinet,
814 2260 866 2307 et
892 2252 1006 2320 ipse
1032 2265 1246 2318 quoque
1270 2249 1519 2318 principii
1551 2265 1746 2318 expers
1766 2258 1870 2304 est.

472 2341 623 2396 Unus
649 2341 813 2408 igitur
836 2348 920 2394 est
955 2339 1096 2395 Deus
1121 2337 1280 2392 Pater
1304 2353 1370 2392 ex
1395 2352 1502 2406 quo
1523 2339 1724 2403 omnia,
1755 2345 1810 2391 et
1830 2354 1967 2393 unus

395 2430 657 2486 Dominus
706 2427 862 2484 Jesus
893 2427 1138 2483 Christus
1169 2443 1264 2495 per
1306 2429 1708 2496 quem'omnia,
1749 2436 1804 2482 et
1829 2443 1967 2482 unus

395 2517 635 2588 Spiritus
669 2527 894 2572 sanctus
915 2518 968 2570 in
998 2533 1156 2585 quem
1185 2518 1386 2571 omnia.
1417 2517 1496 2570 Ex
1529 2518 1614 2572 his
1643 2517 1819 2571 tribus
1844 2533 1968 2586 per-

395 2608 555 2664 fectis
590 2624 703 2668 una,
733 2608 1152 2678 perfectissima,
1195 2607 1304 2662 imo
1335 2608 1627 2662 secundum
1659 2624 1716 2663 se
1754 2609 1970 2663 absolu-

395 2698 602 2754 tissima
618 2705 830 2752 constat
855 2698 1480 2767 denas-,proprietatibus
1501 2712 1631 2752 sane
1645 2697 1968 2751 distinctivis

395 2803 462 2844 ac
505 2789 875 2859 personalibus
904 2789 1221 2858 hypostases
1263 2787 1404 2841 inter
1437 2802 1494 2842 se
1534 2795 1657 2842 sunt
1703 2787 1968 2841 distinctae

397 2877 670 2947 (quaelibet
699 2891 929 2945 namque
957 2890 1311 2944 personarum
1329 2917 1342 2939 ,
1372 2877 1534 2930 etiam
1566 2877 1608 2929 si
1639 2884 1861 2945 propter
1884 2891 1968 2930 es-

395 2967 584 3022 sentia?
613 2964 1043 3032 coniunctionem
1090 2965 1156 3018 ab
1193 2965 1361 3018 altera
1391 2964 1596 3018 secerni
1639 2980 1744 3019 non
1782 2973 1966 3034 queat,

396 3053 726 3123 preprietate
760 3059 940 3104 tamen
975 3052 1242 3118 personali
1274 3053 1579 3121 mentisque
1614 3061 1872 3122 conceptu
1902 3055 1970 3108 ab

399 3143 572 3196 altera
601 3142 970 3211 distinguitur,
999 3141 1246 3209 Deusque
1286 3142 1574 3210 perfectus,
1605 3145 1709 3198 hoc
1737 3152 1819 3198 est
1848 3159 1966 3198 om-

397 3233 560 3288 nibus
589 3232 806 3286 deitatis
832 3230 1250 3298 proprietatibus
1273 3239 1460 3289 ornata
1493 3247 1610 3286 esse
1640 3233 1884 3287 noscitur
1919 3241 1972 3288 et

397 3321 686 3391 creditur),
711 3329 767 3375 at
809 3337 975 3374 unum
1003 3320 1216 3379 interim
1266 3321 1543 3376 divinitate
1592 3330 1717 3375 sunt
1761 3337 1968 3376 omnes.

397 3411 608 3467 Rursus
632 3412 757 3466 licet
781 3411 938 3465 simul
967 3410 1268 3478 conjunctae
1298 3420 1409 3467 tres
1437 3412 1564 3475 sint,
1608 3427 1746 3466 unus
1776 3412 1971 3466 nihilo-

397 3503 580 3558 minus
629 3502 881 3556 adoratur
930 3500 1072 3555 Deus
1112 3516 1125 3554 :
1179 3501 1384 3556 obtinet
1437 3501 1525 3555 hic
1565 3501 1708 3555 enim
1760 3501 1974 3555 trinitas

399 3591 697 3647 secundum
729 3589 1084 3644 substantiam
1108 3629 1123 3652 ,
1166 3590 1344 3642 unitas
1371 3590 1534 3642 etiam
1569 3590 1862 3643 secundum
1891 3605 1975 3644 es-

401 3681 663 3744 sentiam;
706 3688 865 3748 atque
893 3679 966 3732 ita
999 3686 1186 3733 contra
1223 3677 1468 3732 insanam
1503 3678 1974 3747 inordinatamque

400 3768 680 3838 paganica:
730 3769 960 3822 vesania:
1011 3766 1448 3836 confusionisque
1499 3767 1814 3822 seditionem
1871 3783 1975 3822 non

402 3857 716 3926 polyarchia
749 3873 780 3910 a
817 3856 970 3911 nobis
1014 3856 1226 3922 colitur,
1265 3857 1358 3912 sed
1394 3858 1737 3922 monarchia;
1765 3873 1979 3912 monar-

405 3946 529 4000 chia
579 3955 756 4001 autem
802 3962 907 4001 non
951 3947 1110 4001 unius
1163 3962 1407 4015 personae
1460 3947 1884 4016 circumscriptio
1956 3987 1971 4013 ,

404 4051 476 4090 ne
518 4033 752 4090 Judaica:
789 4037 1084 4091 tenuitatis
1131 4036 1474 4105 infamiaeque
1522 4035 1978 4106 imperiectionem

405 4125 800 4195 ruditatemque
828 4126 1168 4189 inducamus,
1212 4126 1306 4180 sed
1345 4140 1503 4193 quam
1535 4136 1742 4178 naturae
1763 4125 1981 4192 aquali—

405 4220 514 4281 tas,
533 4201 823 4270 sententia:
849 4217 1158 4280 concordia,
1208 4215 1462 4268 motionis
1499 4215 1771 4280 identitas,
1813 4216 1982 4270 idem-

406 4319 513 4374 que
541 4306 870 4375 singulorum
893 4313 1055 4358 nutus
1081 4305 1148 4358 ad
1169 4319 1333 4357 unum
1357 4303 1614 4358 declarat.
1643 4305 1755 4360 l-loc
1778 4315 1977 4371 autem,

2068 1884 2295 1958 ἄναρχον
2321 1886 2373 1942 δέ
2403 1890 2488 1942 καὶ
2511 1888 2630 1941 αὐτό
2660 1889 2782 1940 κατὰ
2806 1888 3012 1959 χρόνον.

2136 2328 2195 2384 E1-
2279 2325 2305 2348 λγ
2441 2330 2453 2346 ι
2519 2329 2532 2346 ο
2687 2334 2695 2348 ι
2771 2328 2813 2364 σε
2877 2329 2900 2345 ν
2988 2330 2998 2342 “
3090 2331 3100 2346 '
3324 2333 3336 2352 ‘
3513 2335 3524 2351 '
3618 2352 3639 2363 ι,

2175 2352 2217 2389 ις
2250 2352 2342 2384 ουν
2369 2339 2490 2390 Θεος
2511 2353 2536 2384 ο
2565 2339 2731 2407 Πατηρ
2765 2351 2812 2393 3,
2843 2351 2901 2383 ου
2943 2353 3008 2385 τα
3036 2351 3225 2395 παντα,
3252 2353 3340 2386 και
3367 2328 3437 2392 εἷς
3468 2349 3632 2406 Rupta.

2067 2422 2264 2481 Ἰησοῦς
2294 2424 2510 2496 Χριστὸς
2539 2419 2602 2476 δι’
2619 2419 2677 2474 οὗ
2715 2422 2780 2475 τά
2823 2419 3012 2488 πάντα,
3045 2425 3131 2475 καί
3177 2421 3227 2474 ἓν
3267 2430 3466 2491 Πνεῦμα
3504 2425 3639 2499 ἅγιον

2068 2513 2120 2566 ἓν
2140 2509 2179 2584 ᾦ
2215 2515 2280 2567 τὰ
2311 2516 2497 2567 πάντα.
2532 2512 2621 2564 Ἐκ
2655 2519 2756 2567 τῶν
2783 2519 2934 2583 τριῶν
2969 2513 3164 2566 τελείων
3188 2509 3238 2566 ἓν
3263 2516 3537 2590 ὑπερτελὲς
3559 2529 3638 2574 καὶ

2067 2603 2351 2675 προτέλειον
2382 2604 2412 2660 ἠ
2436 2603 2609 2662 θεότης
2629 2619 2641 2631 ·
2682 2609 2789 2661 τοῖς
2829 2604 2916 2672 μὲν
2939 2605 3282 2676 ἀφοριστικοὶς
3317 2609 3401 2659 καί
3426 2627 3638 2681 προσω-

2068 2699 2237 2750 πικοῖς
2284 2689 2522 2761 ίδιώμασι
2556 2695 2634 2744 καὶ
2667 2691 2892 2751 ἀλλήλοις
2919 2689 3214 2763 διαφέροντα
3238 2708 3253 2723 ⁶
3289 2695 3503 2748 ἕκαστον
3543 2699 3640 2770 γὰρ

2069 2778 2391 2846 τούτων,τῶν
2419 2780 2568 2849 φύσει
2589 2781 2903 2852 ἀχωρίστων
2925 2777 3007 2833 διὰ
3023 2781 3079 2834 τὸ
3102 2782 3316 2852 συναφὲς
3335 2789 3424 2840 τῆς
3445 2784 3643 2850 οὐσίας,

2067 2872 2213 2931 ἡνίκα
2255 2877 2365 2930 ταῖς
2393 2876 2486 2924 τοῦ
2514 2877 2602 2923 νοῦ
2643 2871 2897 2930 ἐπιϐολαῖς
2927 2871 3210 2942 μπρῖζὲταιι
3231 2873 3358 2930 Θεὸς
3391 2873 3642 2947 ὁμολογιῖ-

2069 2978 2156 3014 ται
2201 2957 2491 3034 παρ’ἡμῶν,
2546 2961 2629 3012 καί
2674 2957 2994 3025 πιστεύεται,
3045 2962 3247 3014 πάντων
3293 2963 3641 3035 πληρέστατον

2071 3053 2316 3121 ὑπάρχον
2359 3059 2457 3105 τῶν
2505 3058 2595 3111 τῆς
2641 3051 2872 3110 Θεὸτητος
2925 3049 3226 3121 ἰδιωμάτων.
3285 3055 3373 3108 Καὶ
3422 3057 3488 3108 τὰ
3531 3058 3642 3127 τρία

2075 3143 2298 3202 ἀλλήλοις
2345 3143 2722 3212 συναπτόμενα,
2747 3136 2816 3199 εἷς
2861 3141 2983 3199 Θεὸς
3029 3140 3150 3213 παρ’
3190 3143 3306 3211 ἡμῖν
3335 3151 3641 3213 προσκυνεῖ-

2075 3251 2176 3295 ται,
2217 3229 2488 3303 τριαδικῶς
2520 3231 2608 3299 μὲν
2637 3225 2770 3284 κατά
2800 3234 2891 3287 τὴν
2929 3231 3239 3296 ὑπόστασιν,
3287 3231 3563 3301 μοναδικῶς
3593 3233 3644 3288 δὲ

2073 3321 2206 3374 κατά
2263 3323 2354 3377 τήν
2399 3317 2596 3386 ουσίαν,
2639 3322 2726 3372 καί
2775 3321 3040 3392 μοναρχία
3086 3320 3210 3393 παρ’
3237 3323 3358 3388 ἡμῖν
3395 3324 3451 3376 τὸ
3487 3327 3642 3394 τιμώο

2074 3433 2250 3484 μενον,
2318 3413 2376 3464 οὐ
2441 3413 2735 3484 πολυαρχία
2779 3409 2862 3464 διὰ
2910 3411 2967 3465 τὸ
3017 3408 3230 3464 ἄτακτον
3286 3417 3365 3465 καὶ
3427 3421 3646 3468 στασιῶ-

2075 3502 2158 3562 δες
2189 3511 2278 3562 τῆς
2309 3499 2586 3561 Ἑλληνικῆς
2638 3501 2998 3575 ἐμϐροντησίας
3031 3505 3113 3556 καὶ
3160 3505 3504 3574 συγχύσεως·
3553 3525 3643 3575 μοι

2075 3599 2272 3669 ναρχία
2321 3593 2396 3660 δέ,
2435 3597 2539 3664 οὐχ
2585 3596 2615 3651 ἠ
2653 3595 2759 3652 ἑνὸς
2812 3597 3090 3666 προσώπου
3140 3602 3426 3668 περιγραφή
3476 3595 3554 3665 [ἦν
3597 3599 3644 3652 εν

2078 3687 2366 3755 προσώπων
2402 3679 2726 3757 περιγραφῇ],
2759 3680 2844 3737 διὰ
2881 3683 2939 3735 τὸ
2987 3683 3157 3741 ἀτελὲς
3205 3687 3288 3736 καὶ
3317 3684 3641 3754 στοιχειῶδες

2077 3784 2164 3835 τῆς
2216 3774 2495 3833 Ἰουδαϊκῆς
2531 3778 2702 3834 πενίας
2751 3778 2832 3828 καὶ
2881 3774 3196 3837 νηπιότητος,
3237 3776 3340 3829 ἀλλ’
3365 3778 3421 3834 ἣν
3453 3783 3646 3850 φύσεως

2080 3864 2336 3934 ὁμοτιμία,
2365 3868 2447 3919 καί
2479 3867 2679 3935 γνώμης
2705 3866 2980 3936 σύμπνοια,
3016 3867 3099 3918 καὶ
3135 3865 3381 3925 ταυτότης
3410 3872 3647 3925 κινήσεως

2079 3954 2347 4019 δείκνυσιν,
2373 3957 2452 4008 καὶ
2498 3957 2628 4028 πρὸς
2673 3957 2730 4009 τὸ
2776 3953 2827 4008 ἓν
2873 3956 2903 4013 ἡ
2945 3962 3044 4010 τῶν
3085 3956 3134 4018 ἐξ
3165 3959 3324 4010 αὑτοῦ
3349 3956 3642 4021 σύννευσις,

2084 4043 2211 4118 ὅπερ
2265 4047 2346 4099 ἐπὶ
2376 4053 2466 4105 τῆς
2510 4052 2743 4115 γεννικῆς
2789 4045 2988 4116 φύσεως
3018 4047 3317 4115 ἀμήχανον,
3377 4047 3410 4122 ᾖ
3450 4049 3644 4118 φησινό

2082 4137 2238 4207 μέγας
2276 4137 2326 4189 ἐν
2376 4135 2622 4206 θεολόγοις
2657 4136 2948 4208 Γρηγόριος,
2978 4138 3062 4189 καί
3085 4134 3224 4191 οὐδὲν
3251 4139 3308 4192 τό
3337 4140 3646 4209 συνημμένον

2082 4228 2164 4279 καί
2200 4226 2430 4297 συμφυὲς
2457 4233 2547 4283 τῆς
2594 4226 2644 4277 ἓν
2677 4223 2844 4297 τριάδι
2878 4226 3218 4300 θεωρουμένης
3262 4227 3498 4287 Θεὸτητος
3542 4225 3650 4282 δια-

2082 4316 2332 4386 τέμνεται.
2362 4313 2752 4386 ’Λλλοτριούσθω
2793 4315 2892 4385 γὰρ
2923 4317 3082 4383 ἡμῶν,
3113 4318 3197 4367 καὶ
3236 4318 3596 4385 ἀποτεμνέσθω
3614 4319 3643 4374 ἡ

413 4394 711 4448 secundum
753 4408 1024 4446 summum
1055 4391 1207 4444 illum
1233 4391 1536 4461 theologum
1560 4391 1894 4462 Gregorium,
1925 4397 1970 4450 in

2083 4408 2172 4458 τοῦ
2197 4400 2477 4472 μανιώδους
2503 4405 2692 4475 ’Δρείου
2722 4401 2985 4467 κακοδοξία
3014 4405 3102 4457 καί
3142 4404 3336 4457 λύσσα·
3367 4404 3648 4482 ἀδιαίρετος

410 4483 702 4554 generabili
740 4490 932 4535 natura
976 4482 1154 4536 locum
1186 4483 1386 4538 habere
1415 4499 1522 4539 non
1546 4493 1722 4554 potest
1750 4504 1762 4539 :
1801 4487 1980 4542 unitas

410 4574 556 4628 enim
583 4582 637 4626 et
661 4573 904 4640 cognatio
932 4572 1145 4628 deitatis
1167 4573 1220 4627 in
1247 4574 1486 4628 trinitate
1507 4575 1858 4631 considerata:
1886 4590 1979 4631 ne-

411 4678 684 4733 quaquam
715 4663 1052 4728 distrahitur,
1100 4671 1193 4717 aut
1243 4664 1297 4717 in
1327 4673 1510 4734 partes
1546 4673 1784 4731 secatur,
1821 4673 1880 4719 ut
1915 4666 1981 4721 ﬁt

410 4751 470 4808 in
491 4753 651 4805 rebus
679 4752 895 4816 creatis,
925 4752 1049 4805 dum
1076 4755 1348 4822 supposita
1379 4755 1817 4831 multiplicantur.
1843 4754 1982 4809 Pro-

413 4842 503 4896 cul
548 4842 690 4897 enim
724 4839 914 4896 insana
944 4849 998 4895 et
1039 4841 1241 4898 furiosa
1285 4844 1398 4897 Arii
1436 4845 1616 4913 opinio
1647 4852 1702 4899 et
1743 4845 1924 4899 rabies
1950 4860 1981 4898 a

414 4930 573 4986 nobis
601 4930 827 4986 facessat
854 4950 867 4984 :
900 4938 984 4985 est
1005 4932 1146 4985 enim
1175 4931 1411 4986 Trinitas
1435 4933 1731 4986 secundum.
1755 4932 1982 5002 gloriam

419 5030 476 5075 et
501 5024 853 5076 arternitatem
884 5022 1055 5076 modis
1080 5022 1329 5074 omnibus
1359 5022 1604 5085 indivisa,
1636 5021 1886 5090 nullaque
1915 5035 1982 5075 ex

415 5119 571 5178 parte
596 5111 693 5164 abs
721 5125 839 5166 sese
872 5110 1132 5176 alienata;
1175 5125 1348 5180 neque
1375 5112 1444 5165 ob
1491 5111 1544 5164 id
1581 5118 1761 5165 tamen
1792 5110 1986 5164 divinze

415 5215 666 5269 personm
691 5217 750 5255 se
777 5209 963 5256 mutuo
985 5210 1295 5270 permeant,
1326 5203 1428 5256 hoc
1449 5210 1558 5265 est,
1593 5203 1645 5255 in
1678 5217 1736 5257 se
1759 5201 1986 5256 invicem

419 5297 887 5355 transmutantur,
931 5290 1023 5345 sed
1066 5293 1257 5344 harum
1308 5290 1559 5360 quaalibet
1590 5287 1990 5345 indemutabllis

417 5387 606 5432 manet
632 5386 686 5433 et
707 5379 987 5434 inconfusa
1019 5388 1073 5436 et
1099 5392 1332 5446 mterna;
1371 5381 1526 5452 longe
1558 5381 1698 5436 enim
1740 5380 1991 5433 amanda-

421 5477 512 5523 tur
538 5469 872 5540 pellaturque
904 5472 1077 5527 insani
1117 5473 1398 5542 stolidique
1430 5471 1646 5526 Sabellii
1689 5469 1987 5536 deceptoria

423 5556 688 5614 confusio.

500 5645 734 5703 Veneror
755 5666 964 5720 quoque
985 5661 1036 5705 et
1058 5654 1222 5706 adoro
1245 5652 1627 5706 incarnationis
1649 5649 1984 5719 mysterium,

2083 4495 2181 4563 γὰρ
2208 4494 2238 4549 ἠ
2267 4493 2394 4550 αἶ)τὴ
2431 4493 2605 4565 Τριάς,
2655 4490 2772 4562 δόξῃ
2821 4493 2905 4544 καὶ
2950 4490 3200 4549 ἆῐδιότητι
3243 4498 3312 4562 μή
3357 4497 3649 4568 μεριζομένη

2085 4579 2209 4652 μηδὲ
2242 4581 2723 4654 ἀπαλλοτριουμένη,
2752 4575 2866 4634 οὔτε
2889 4587 2987 4635 τῶν
3007 4582 3292 4654 Θιαρχικῶν.
3315 4583 3646 4637 ὑποστάσεων

2085 4677 2511 4743 μιταπιπτουσῶν
2561 4673 2645 4724 καὶ
2693 4677 3098 4742 περιχωρουσῶν
3144 4674 3219 4731 εἰς
3269 4671 3502 4735 ἀλλήλας,
3548 4673 3649 4726 ἀλλ’

2086 4762 2391 4834 ἐφ’ἑκάστης
2441 4764 2630 4817 τούτων
2667 4764 3036 4830 ἀμιταπτώτου
3086 4765 3169 4818 καί
3209 4764 3517 4834 ἀσυγχύτου
3562 4787 3649 4834 φυ-

2085 4853 2386 4922 λαττομένης
2433 4861 2522 4911 τῆς
2557 4851 2861 4916 ὰῐδιὸτητος,
2912 4851 3086 4921 πὸῥρω
3134 4853 3236 4924 γὰρ
3272 4850 3647 4921 ἀποπεμπέσθω

2083 4933 2168 4983 καὶ
2197 4930 2556 4984 ἆπελαυνίσθω
2579 4933 2608 4988 ἡ
2636 4936 2724 4984 τοῦ
2749 4930 3116 5000 ματαιόφρονος
3149 4931 3416 4986 Σαϐιλλίου
3443 4933 3643 4990 ἀπατη-

2087 5025 2197 5078 uti:
2231 5021 2518 5092 σύγχυσις.

2145 5661 2274 5713 Σίϐω
2311 5662 2363 5716 δέ
2407 5661 2490 5713 καί
2536 5667 2807 5732 προσκυνῶ
2842 5661 2902 5718 τό
2933 5667 3032 5735 πρό
3077 5665 3271 5720 πάντων
3310 5670 3406 5719 τῶν
3440 5663 3630 5717 αἰώνων
