3972 6130
396 303 499 366 185

1382 304 1750 367 EPISTOLA
1790 306 1891 365 AD
1911 305 2234 366 LEONEM
2280 300 2381 368 III.
2402 308 2673 370 PAPAM.

3522 308 3619 372 186

392 419 673 495 ὡρισμίνον
714 420 1009 495 μυστήριον,
1041 417 1379 486 ἔπ’ἕσχάτων
1407 416 1461 473 δέ
1482 425 1580 472 τῶν
1607 418 1805 492 χρόνων
1833 421 1945 474 ἆποη

2062 428 2187 476 ante
2204 423 2383 476 omnia
2404 421 2597 477 saecula
2621 416 3037 489 pmdetlnitum,
3082 417 3136 472 in
3161 419 3467 475 novissimis
3490 435 3617 478 vero

340 543 344 547 .
387 505 626 585 καλυφοὲν
671 503 753 557 ixi
800 508 1028 580 σωτηρίᾳ
1074 507 1265 567 παντὸς
1310 512 1399 561 τοῦ
1447 508 1617 578 γένους
1666 509 1803 573 ἡμῶν
1827 546 1841 570 ,
1872 509 1956 562 καὶ

388 593 702 648 ἔπιτελεσθὲν
730 590 813 648 διά
854 602 944 652 τῆς
970 593 1185 664 μεγάλης
1211 594 1665 665 συγκαταϐάσεως,
1693 615 1773 648 και
1796 594 1955 664 άρὅή-

386 706 480 741 του
523 686 806 744 οἰκονομίας
833 688 925 739 τοῦ
967 685 1077 744 ἰνὸς
1101 692 1193 745 τῆς
1222 685 1390 758 ἁγίας,
1423 688 1508 740 καί
1536 690 1785 748 ζωοποιοῦ
1805 686 1953 759 Τριά-

384 773 478 835 ὂος
503 780 727 848 Χριστοῦ
755 779 845 829 τοῦ
887 774 1116 832 ἀληθινοῦ
1142 780 1268 829 Θεοῦ
1308 776 1476 843 ἡμῶν
1503 775 1586 829 ἴνα
1617 773 1726 835 ὅθεν
1754 775 1870 845 ἡμῖν
1895 774 1952 826 τὸ

384 861 510 920 εἶναι
536 867 727 939 ὑπῆρξε
752 863 838 919 διά
870 870 960 923 τήν
982 863 1171 935 ἄφατον
1198 865 1351 920 αὐτοῦ
1391 865 1697 934 ἀγαθότητα,
1741 865 1953 918 ἐντεῦθεν

383 957 472 1011 ’καὶ
496 956 554 1010 τό
578 949 639 1009 εὖ
664 949 789 1008 εἶναι
817 956 939 1025 ἡμῖν
982 957 1277 1029 χαρισθείη.
1323 956 1573 1026 Ὁμολογῶ
1614 949 1700 1007 οὖν
1742 957 1823 1008 καί
1860 975 1946 1009 πι-

382 1048 586 1111 στεύω,
631 1045 779 1101 αὓτόν
831 1048 916 1100 τόν
961 1047 1050 1100 ἕνα
1099 1054 1188 1106 τῆς
1233 1050 1526 1120 ζωαρχικῆς
1567 1048 1654 1099 καί
1702 1049 1950 1119 μακαρίας

381 1132 597 1210 Τριάδος
624 1133 711 1189 τόν
737 1139 826 1190 τοῦ
854 1140 979 1187 Θεοῦ
1009 1134 1125 1189 Υίόν
1158 1137 1241 1188 καὶ
1272 1132 1428 1207 Λόγον
1463 1134 1549 1187 τόν
1568 1140 1658 1205 ,τῷ
1685 1136 1841 1208 Πατρὶ
1866 1137 1950 1188 καὶ

382 1229 461 1297 τῷ
519 1218 647 1296 ἁγίῳ
703 1225 951 1296 Πνιύματι
1023 1221 1197 1283 ἀϊδίως
1258 1226 1803 1298 συμπροσκυνοῦμενον
1863 1224 1950 1278 καὶ

378 1308 821 1380 συνδοξαζόμενον,
867 1313 936 1371 ὦς
983 1310 1246 1380 όμοούσιον
1300 1315 1387 1364 καί
1431 1313 1704 1386 σύνθρονον
1752 1313 1947 1384 ἀπείρῳ

377 1397 724 1474 φιλανθρωπίᾳ
766 1396 1049 1470 κινούμενον
1094 1400 1226 1472 πρὸς
1256 1393 1417 1454 οἶκτον
1458 1397 1551 1454 τοῦ
1593 1403 1776 1454 οἰκείου
1822 1400 1950 1455 πλάὲ

372 1508 617 1556 σματος,
672 1487 876 1561 εὐδοκία
921 1495 1145 1563 πατρικῇ
1185 1490 1264 1543 καὶ
1319 1494 1613 1560 οἰκτιρμοῑς,
1663 1491 1847 1564 χάριτί
1890 1510 1946 1545 τε

378 1581 470 1633 καί
510 1580 751 1653 συνεργίᾳ
793 1585 882 1632 τοῦ
914 1581 1160 1650 παναγίου
1207 1580 1511 1650 Πνεύματος,
1553 1574 1849 1635 κατελθόντα
1892 1581 1947 1634 ix

384 1674 481 1720 τῶν
525 1668 745 1744 οὐρανῶν
792 1675 907 1728 τοῖς
966 1667 1241 1741 ἀνθρώποις
1303 1676 1780 1744 συναναστραφῆναι
1802 1707 1817 1733 ,
1862 1670 1945 1725 ἵνα

2056 511 2383 580 temporibus
2412 512 2479 566 ad
2509 510 2672 566 totius
2698 508 2918 563 humani
2958 508 3167 577 generis
3207 508 3437 563 salutem
3465 504 3617 580 pate-

2054 595 2274 663 factum,
2296 607 2352 653 et
2373 614 2470 668 per
2489 613 2738 668 magnum
2763 597 2911 663 illum
2935 597 3410 667 admirabilemque
3434 601 3615 665 unius,

2052 693 2251 741 sancta:
2275 686 2604 756 viridemque
2631 686 2912 740 Trinitatis
2938 700 3203 754 personaz,
3229 685 3430 743 Christi
3458 690 3618 745 nimi-

2053 790 2171 828 rum
2226 777 2346 830 veri‘
2392 777 2488 830 Dei
2528 777 2719 841 nostri,
2776 776 3093 830 descensum
3116 815 3132 841 ,
3189 776 3618 848 ineﬂ'abilemqne

2052 860 2286 928 ejusdem
2313 864 2767 934 dispensationem
2795 873 3251 932 consummatum;
3275 874 3336 920 ut
3354 869 3493 923 unde
3519 884 3618 938 per

2050 952 2475 1023 inexplicabilem
2506 955 2671 1024 ipsius
2706 956 2999 1009 bonitatem
3028 971 3147 1010 esse
3177 972 3391 1012 eramus
3418 959 3611 1021 sortiti,

2049 1042 2175 1098 inde
2208 1045 2372 1099 etiam
2399 1045 2571 1115 ipsum
2597 1045 2738 1100 bene
2763 1060 2881 1100 esse
2919 1046 3306 1114 acciperemus.
3344 1046 3617 1103 Conﬁteor

2049 1131 2229 1200 itaque
2271 1139 2326 1187 et
2368 1134 2531 1187 credo
2568 1133 2785 1187 unicum
2815 1133 3233 1202 opulentissimae
3263 1134 3617 1193 beatissima:-

2048 1232 2150 1286 que
2177 1219 2459 1274 Trinitatis
2500 1221 2856 1289 suppositum,
2903 1220 3077 1289 ipsum
3118 1223 3366 1278 videlicet
3402 1224 3497 1279 Dei
3526 1224 3616 1279 Fi-

2045 1305 2175 1360 lium
2200 1314 2257 1361 et
2283 1306 2539 1373 Verbum,
2555 1308 2697 1376 quod
2725 1322 2847 1361 cum
2871 1308 2982 1361 Deo
2994 1307 3154 1363 Patre
3181 1317 3238 1363 et
3265 1309 3467 1380 Spiritu
3490 1328 3613 1368 san-

2046 1402 2132 1450 cto
2154 1395 2208 1449 in
2235 1410 2393 1450 omne
2414 1411 2586 1455 aevum
2609 1396 2767 1454 simul
2790 1395 3044 1449 adoratur
3061 1404 3116 1449 et
3151 1398 3612 1467 congloriﬁeatur,

2044 1494 2106 1540 ut
2130 1494 2255 1556 pote
2277 1487 2468 1541 iisdem
2491 1486 2844 1541 coessentiale
2867 1494 2923 1540 et
2943 1487 3212 1555 eozequale
3235 1488 3497 1556 existens,
3526 1491 3612 1544 in-

2044 1576 2194 1630 ﬁnita
2256 1576 2586 1645 benignitate
2633 1583 2689 1630 et
2734 1576 3102 1630 misericordia
3158 1590 3286 1647 erga
3337 1578 3613 1648 proprium

2042 1664 2251 1732 plasma
2282 1671 2508 1730 motum,
2539 1664 2831 1719 accedente
2870 1664 2977 1718 huc
3002 1674 3227 1733 paterna
3252 1664 3526 1720 voluntate
3560 1674 3615 1720 et

382 1756 500 1814 τοὺς
546 1753 933 1829 κατακριθῦτας
979 1754 1113 1827 ἡμᾶς
1149 1757 1307 1812 πάλαι
1344 1766 1406 1828 τῇ
1460 1758 1686 1834 ἁμαρτίᾳ
1730 1761 1814 1812 καί
1849 1767 1945 1821 τῆς

2046 1752 2413 1818 miseratione,
2461 1761 2517 1807 et
2557 1753 2732 1808 sancti
2760 1767 2970 1821 quoque
3004 1751 3235 1822 Spiritus
3258 1753 3452 1823 gratia,
3476 1752 3615 1822 ejus-

383 1852 571 1921 ερυφῆς
596 1847 975 1909 ἕκπεπτωκότας
1004 1848 1336 1923 παραδείσου,
1376 1853 1456 1906 καί
1486 1858 1545 1925 τῇ
1579 1853 1735 1925 φθορᾷ
1759 1852 1944 1910 ὑπενη-

379 1938 654 2008 δεγμὲνους
702 1938 889 2013 χάριτι
952 1942 1301 2009 ἆνασῶσηται,
1350 1946 1433 1996 καὶ
1489 1945 1625 2003 θείας
1682 1946 1945 2005 κοινωνοῦς

379 2026 737 2102 Ξπεργάσηται
791 2031 1008 2099 φύσεως.
1055 2031 1344 2092 Ἐνοικήσας
1391 2033 1487 2106 γάρ
1535 2034 1587 2087 ἐν
1638 2042 1701 2105 τῇ
1753 2035 1946 2107 γαστρί

380 2124 469 2178 τῆς
521 2119 787 2194 Παρθένου,
842 2123 931 2175 καί
976 2122 1159 2194 κυρίως
1207 2125 1294 2177 καὶ
1350 2120 1541 2183 ἀληθῶς
1569 2125 1814 2179 Θεοτόκου
1861 2126 1946 2179 καὶ

371 2203 557 2276 ψυχὴν
602 2208 700 2260 καί
731 2208 899 2282 σάρκα
950 2210 1383 2283 προκαθαρθείσης
1426 2219 1498 2284 τῷ
1541 2213 1812 2284 Πνεύματι,
1858 2214 1945 2267 καὶ

378 2290 497 2351 ὅλον
547 2296 618 2355 είς
669 2295 848 2351 ἑαυτὸν
911 2298 1181 2370 ἀνειληφὼς
1226 2300 1278 2362 ἑξ
1341 2301 1495 2360 αὐτῆς
1555 2302 1614 2356 τό
1671 2303 1941 2376 ἡμέτερον,

374 2384 553 2459 ὅσπερ
595 2386 644 2438 ἓν
681 2387 827 2461 ἀρχῇ
866 2389 1272 2451 ζωοπλαστήσας
1307 2392 1392 2444 τίν
1432 2388 1943 2466 ἅνθρωπονλπροῆλθε

373 2471 498 2533 θεὸς
524 2477 926 2549 σεσαρκωμένος,
935 2478 1108 2547 μείνας
1137 2482 1288 2532 τοῦτο
1325 2475 1453 2553 ὅπερ
1480 2476 1537 2537 ἦν
1563 2480 1710 2539 Θιός.

443 2731 684 2804 Παρθένον
710 2734 797 2787 καί
823 2735 952 2804 μετὰ
986 2734 1132 2789 τόκον
1167 2742 1256 2796 τήν
1286 2738 1551 2813 ὑπερφυῶς
1580 2745 1665 2794 καὶ
1704 2743 1941 2820 ἀρῥήτως

371 2826 625 2874 τεκοῦσαν
659 2827 1009 2895 συντηρήσας,
1039 2825 1284 2895 μηδαμῶς
1322 2836 1413 2888 τῆς
1459 2831 1588 2885 κατὰ
1628 2834 1775 2901 φύσιν
1802 2852 1941 2906 παρ·-

369 2909 536 2966 Θενίας
561 2908 843 2981 τραπείσης
862 2913 935 2972 εἰς
958 2910 1161 2976 ἔνδειξιν
1182 2915 1335 2973 ἀληθῆ
1355 2924 1445 2977 τῆς
1465 2919 1595 2972 κατά
1615 2925 1703 2977 τήν
1724 2920 1942 2994 πρόοδον

371 2995 534 3051 αὐτοῦ
580 3006 670 3058 τῆς
713 3005 989 3069 γεννήσεως
1040 3003 1283 3083 ἀτρε-ψὶας
1327 3008 1411 3059 καὶ
1451 3006 1780 3063 ἁναλλοεώτου
1823 3007 1939 3064 δια-

2045 1840 2273 1909 demque
2316 1842 2691 1911 c00peratione
2726 1842 2792 1895 de
2827 1841 2963 1896 caelo
3001 1842 3363 1908 descendisse,
3396 1849 3457 1897 et
3490 1858 3613 1899 cum

2045 1929 2350 1982 hominibus
2378 1937 2749 1984 conversatum
2778 1943 2918 1993 esse,
2948 1943 3055 1998 quo
3084 1944 3183 1984 nos
3209 1930 3411 1984 dudum
3445 1946 3614 2001 prop-

2045 2025 2129 2073 ter
2155 2027 2434 2089 peccatum
2464 2021 2767 2086 damnatos,
2798 2027 2855 2073 et
2878 2035 2909 2074 e
2929 2018 3164 2088 paradisi
3199 2020 3404 2075 deliciis
3427 2021 3612 2090 expul-

2045 2126 2148 2174 sos,
2181 2110 2619 2179 corruptionique
2658 2110 2949 2173 obnoxios,
2978 2123 3078 2179 per
3096 2109 3322 2179 gratiam
3361 2109 3611 2172 salvaret,

2044 2208 2099 2254 et
2128 2200 2322 2254 divinae
2364 2207 2569 2253 natum
2591 2199 2886 2268 participes
2912 2198 3165 2253 ediceret.
3203 2199 3261 2252 ln
3291 2206 3445 2253 utero
3469 2199 3613 2253 enim

2043 2290 2280 2361 Virginis
2300 2303 2428 2343 vere
2457 2290 2781 2359 proprieque
2806 2288 3052 2358 Deiparae
3082 2288 3408 2353 inhabitans,
3428 2295 3484 2343 et
3514 2302 3611 2357 per

2044 2380 2303 2450 Spiritum
2331 2387 2578 2434 sanctum
2608 2380 2843 2433 animam
2866 2388 2921 2433 et
2943 2395 3163 2434 carnem
3193 2380 3295 2434 sibi
3325 2380 3611 2450 adaptans,

2042 2479 2320 2539 totamque
2334 2478 2573 2525 nostram
2591 2478 2718 2523 natu
2726 2485 2836 2523 ram
2848 2509 2862 2533 ,
2878 2469 3612 2537 quemadmodunrbominem

2042 2562 2097 2615 in
2124 2561 2390 2630 principio
2416 2560 2664 2624 ﬁnxerat,
2695 2558 2797 2614 sibi
2820 2559 3112 2623 aseiscens,
3137 2558 3336 2628 prodiit
3362 2557 3504 2614 Deus
3540 2557 3613 2612 in-

2043 2657 2319 2705 carn‘atus.

2112 2740 2385 2810 Virginem
2414 2754 2648 2808 quoque,
2684 2754 2803 2808 quae
2829 2738 3313 2808 supernaturaliter
3336 2745 3391 2792 et
3418 2735 3608 2792 ineﬂa-

2041 2827 2221 2882 biliter
2244 2834 2546 2896 pepererat,
2572 2835 2695 2895 post
2726 2834 2939 2895 partum
2962 2826 3225 2896 virginem
3244 2828 3611 2892 conservavit,

2041 2918 2350 2990 virginitate
2388 2918 2532 2972 illius
2559 2918 2852 2972 secundum
2878 2924 3126 2971 naturam
3166 2917 3310 2971 nulla
3353 2933 3420 2973 ex
3459 2926 3613 2988 parte

2042 3006 2315 3060 demutata
2350 3012 2441 3057 aut
2481 3003 2833 3067 labefactata,
2867 3003 2934 3057 ad
2966 3003 3353 3071 designandum
3392 3019 3489 3072 per
3521 3018 3612 3058 se-

371 3094 549 3155 μονῆς.
597 3100 653 3143 ‘0
679 3087 751 3163 τῷ
798 3095 957 3166 ηατρί
992 3088 1092 3166 γάρ
1139 3102 1394 3168 συμφυής,
1437 3096 1463 3151 ό
1505 3097 1776 3168 όμοούσιος
1824 3102 1938 3169 ἡμῖν

2045 3094 2231 3148 cundze
2249 3093 2544 3147 nativitatis
2566 3107 2899 3161 processum,
2927 3092 3126 3145 nullam
3155 3105 3378 3161 prorsus
3404 3101 3614 3147 natura!

370 3179 506 3231 κατά
552 3179 742 3244 πάντα,
792 3185 959 3256 χωρὶς
1004 3182 1261 3256 ἁμαρτίας
1310 3186 1599 3257 γενόμενος,
1643 3190 1939 3260 σπέρματος

370 3264 605 3339 ’Δϐραάμ
647 3268 1065 3339 ὶπιλαμϐάνεται,
1110 3274 1485 3347 παραπλησίως
1543 3278 1663 3347 ἡμῖν
1726 3299 1942 3332 κεκοινω-

370 3357 534 3416 νηκὼς
573 3357 788 3425 αἵματος
832 3361 911 3413 καὶ
940 3361 1147 3435 σαρκός⁶
1189 3365 1355 3438 σάρκα
1429 3364 1773 3435 δψυχωμένην
1809 3366 1941 3421 ἀνεί-

370 3442 491 3517 ληφε
539 3447 692 3519 ψυχῇ
738 3450 911 3526 λογικῇ
956 3454 1042 3506 καὶ
1079 3459 1226 3525 νοερᾷ
1267 3454 1498 3525 οὐδαμῶς
1538 3463 1941 3531 προϋποστᾶσαν

364 3532 657 3623 ’τῆςῶιρας
699 3538 946 3606 ὶνῶσεως,
992 3543 1116 3598 ἀλλά
1172 3549 1263 3614 μία
1305 3546 1435 3623 σάρξ
1485 3544 1733 3618 ἔμψυχος
1772 3549 1940 3620 λογικὴ

373 3620 461 3676 επὶ
495 3630 589 3683 τῆς
620 3629 752 3681 κατά
796 3629 1008 3702 Χριστόν
1049 3632 1309 3703 συμφυΐας
1352 3620 1672 3700 πιστεύεται,
1715 3638 1774 3689 οὺ
1822 3637 1948 3691 κατά

377 3714 539 3785 χάριν
571 3718 837 3779 σκηνῶσας
880 3721 931 3773 ἓν
967 3722 1106 3792 ἡμῖν,
1156 3721 1263 3777 ἀλλ’
1280 3721 1396 3784 ὅλος
1434 3723 1521 3797 ὅλῃ
1561 3734 1624 3800 τῇ
1665 3728 1947 3801 ἀνθρωπεία

373 3806 527 3876 φύσει
569 3805 917 3877 συμπλακείς⁹
970 3813 1327 3884 ἀσυγχύτως,
1370 3819 1453 3871 καὶ
1500 3815 1815 3890 άδιαιρίτως,
1860 3821 1948 3873 καὶ

376 3893 649 3966 ὑπερφυῶς
684 3901 776 3955 τὴν
803 3898 981 3954 ἕνωσιν
1025 3901 1386 3976 ἐργασάμενος,
1415 3906 1496 3959 ἶνα
1522 3906 1575 3960 αἱ
1613 3908 1944 3964 συνελθοῦσαι
1970 3943 1976 3949 ο

373 3984 553 4038 οὐσίαι
605 3985 834 4048 θεότητός
883 4008 940 4044 τι
982 3993 1070 4044 καὶ
1101 3992 1504 4065 ἂνθρωπότητος,
1532 3996 1584 4048 ὲν
1625 3993 1836 4054 ἰδιότητι
1879 4005 1942 4072 τῇ

373 4078 505 4130 κατά
530 4078 678 4149 φύσιν
703 4076 1019 4150 διαμείνωσι,
1047 4086 1130 4137 καὶ
1170 4082 1399 4156 οὐδαμῶς
1428 4087 1498 4146 εἰς
1526 4086 1741 4148 ἀλλήλας
1790 4108 1943 4158 μετα·

375 4163 563 4219 ϐῶσιν·
601 4171 643 4220 εἰ
679 4171 764 4220 καί
806 4179 833 4207 ⁸
875 4170 1194 4232 κατακλίσεις
1240 4180 1311 4244 τῷ
1347 4173 1480 4246 λόγῳ
1532 4181 1624 4234 τῆς
1683 4177 1943 4249 συμφυΐας

373 4262 711 4330 παραχωρεῖν
758 4257 978 4318 εὗσεϐὖς
1023 4266 1231 4333 νοοῦμεν
1276 4259 1360 4316 διά
1403 4267 1493 4321 τήν
1542 4269 1641 4317 τῶν
1687 4265 1942 4334 ὀνομάτων

2045 3184 2188 3240 illius
2215 3185 2510 3239 accessisse
2539 3185 2920 3247 mutationem,
2964 3189 3057 3236 aut
3088 3181 3479 3236 alterationem.
3510 3182 3614 3249 Qui

2044 3288 2174 3344 ergo
2222 3274 2460 3344 ejusdem
2503 3281 2585 3327 est
2639 3287 2762 3326 cum
2817 3271 2977 3326 Patre
3029 3279 3236 3325 natura:
3259 3310 3275 3336 ,
3318 3271 3474 3325 nobis
3519 3286 3616 3340 per

2044 3365 2223 3418 omnia
2242 3405 2256 3430 ,
2288 3371 2511 3434 peccato
2542 3371 2752 3417 tantum
2784 3363 3026 3428 seclusa,
3060 3362 3234 3417 factus
3260 3369 3342 3416 est
3362 3376 3615 3418 coessen-

2045 3453 2220 3518 tialis;
2269 3452 2472 3507 etenim
2496 3452 2702 3508 semine
2731 3451 3003 3506 Abraham
3030 3460 3312 3522 suscepto,
3348 3453 3526 3508 carnis
3560 3460 3616 3507 et

2021 3544 2337 3613 ,sanguinis,
2366 3544 2589 3613 perinde
2613 3557 2677 3596 ac
2711 3558 2849 3621 unus
2876 3558 2941 3597 ex
2970 3543 3144 3609 nobis,
3174 3542 3348 3598 factus
3377 3551 3460 3598 est
3485 3559 3611 3613 par-

2042 3634 2227 3703 ticeps,
2252 3647 2577 3703 carnemque
2602 3633 2783 3686 anima
2810 3633 3143 3703 intelligente
3171 3634 3503 3689 viviﬁcatam
3531 3651 3615 3689 as-

2042 3724 2288 3794 sumpsit,
2332 3723 2481 3777 nullo
2528 3724 2745 3792 quidem
2790 3732 2948 3792 pacto
2997 3732 3123 3779 ante
3158 3739 3424 3778 summam
3468 3713 3651 3779 illam-

2041 3813 2292 3867 unionem
2320 3813 2753 3882 pmexistentem
2778 3852 2792 3877 ,
2835 3813 2929 3866 sed
2958 3811 3115 3866 simul
3154 3827 3414 3881 carnem,
3454 3813 3615 3867 simul

2044 3902 2223 3956 anima
2279 3900 2503 3957 rationis
2550 3910 2797 3970 compote
2838 3901 3131 3955 animatam
3158 3939 3173 3965 ,
3219 3902 3380 3955 simul
3435 3903 3612 3961 Verbo

2044 3993 2282 4058 unitam;
2330 4007 2434 4047 nec
2469 4007 2685 4046 rursum
2729 3991 3021 4045 secundum
3067 3990 3236 4045 solam
3278 3992 3507 4061 gratiam
3557 3994 3613 4047 in

2043 4088 2228 4136 nostra
2258 4087 2448 4133 natura
2477 4079 2776 4144 habitavit,
2815 4078 2911 4132 sed
2937 4085 3081 4132 totus
3106 4078 3205 4133 toti
3238 4079 3486 4134 humana“:
3517 4096 3609 4135 na-

2043 4178 2179 4225 tura:
2203 4168 2520 4237 conjunctus
2538 4208 2553 4233 ,
2581 4166 2942 4232 inconfusam,
2973 4167 3293 4223 indivulsam
3311 4210 3325 4234 ,
3353 4185 3602 4241 superna-

2043 4258 2375 4326 turalemque
2419 4256 2672 4311 unionem
2718 4262 2970 4324 operatus
3006 4263 3092 4311 est
3121 4269 3137 4310 :
3178 4257 3357 4311 divina
3387 4259 3535 4312 enim
3559 4269 3612 4314 et

376 4343 645 4410 ἔπίζευξιν,
685 4345 873 4416 ἕπινοίᾳ
919 4350 1018 4422 γάρ
1054 4347 1180 4422 μόνῃ
1217 4354 1300 4405 καὶ
1339 4353 1393 4405 οὐ
1438 4349 1709 4425 πράγματι
1764 4351 1945 4409 διίστα-

2045 4352 2272 4405 humana
2316 4355 2507 4402 natura
2553 4347 2694 4401 inter
2737 4361 2795 4400 se
2841 4356 3099 4402 coeuntes
3153 4347 3209 4401 in
3246 4348 3476 4401 naturali
3512 4364 3608 4403 sua

374 4433 498 4489 σθαι
543 4433 842 4510 δοξάζομεν,
892 4437 974 4495 διά
1022 4446 1112 4502 τήν
1166 4441 1401 4521 ὑπερφυᾶ
1449 4451 1547 4499 τῶν
1611 4446 1940 4504 συνελθόντων

374 4521 576 4578 ἕνωσιν.

352 5248 357 5253 ’
451 5251 524 5308 ἰνδ
562 5249 831 5325 μοναδικόν
856 5249 909 5308 δὲ
937 5255 1022 5307 καί
1039 5259 1221 5311 ένιαῖον
1246 5261 1338 5316 τῆς
1360 5253 1723 5319 ὑποστάσεως,
1753 5251 1938 5326 φυλάτ-

381 5342 559 5396 τεσθαι
621 5338 923 5411 πιστεύομεν
989 5338 1209 5411 ἄτμητον
1268 5344 1352 5395 καὶ
1413 5341 1632 5414 ἁρραγίς
1691 5339 1937 5411 διαμενον⁹

384 5426 745 5484 καταϐαλέσθαι
791 5431 890 5500 γάρ
916 5431 947 5487 ἦ
985 5426 1331 5501 φαντασιὼδης
1356 5434 1445 5483 τοῦ
1487 5430 1775 5508 ἀπατεῶνος
1840 5431 1940 5484 Εὖ-

455 5552 735 5636 ιηνθῐίιιε,
763 5559 887 5636 κατὰ
910 5558 1220 5636 tibimet-.3”:
1243 5562 1360 5632 mp!
1393 5569 1587 5636 χωρεῖν
1614 5579 1625 5613 :
1651 5570 1711 5617 ut
1730 5562 1799 5616 sit
1824 5577 1937 5636 sen-

387 5625 587 5691 tentia;
644 5627 926 5680 secundum
974 5625 1340 5698 appellationis
1371 5625 1639 5694 ,"rittione
1690 5630 1945 5685 naturalis

2037 4440 2375 4510 proprietate
2405 4437 2754 4491 indemutaue
2808 4436 3104 4505 persistunt
3137 4445 3609 4507 perseverantquc,

2038 4545 2137 4584 nec
2175 4527 2283 4582 ulla
2323 4542 2387 4581 ex
2416 4534 2571 4595 parte
2596 4525 2650 4578 in
2687 4540 2745 4579 se
2768 4534 2957 4579 mutuo
2993 4525 3471 4581 transformamur.
3509 4528 3617 4580 Ve-

2039 4626 2344 4672 rumtamen
2383 4621 2603 4687 propter
2624 4614 2923 4669 naturalem
2948 4614 3094 4669 illam
3127 4615 3413 4669 coitionem
3440 4623 3495 4669 et
3514 4630 3578 4669 eo

2036 4706 2239 4778 pulam,
2256 4704 2532 4759 nominum
2556 4717 2768 4773 quoque
2790 4703 3329 4759 communicationem
3348 4710 3607 4758 mutuam-

2037 4811 2144 4864 que
2166 4793 2647 4864 reciprocationem
2667 4793 2753 4862 pie
2775 4793 3172 4847 concedendam
3208 4794 3605 4857 existimamus,

2038 4884 2467 4959 quandoquidem
2494 4890 2713 4953 propter
2737 4883 3015 4953 physicam
3048 4882 3191 4936 illam
3213 4882 3581 4936 admirandam

2038 4992 2143 5049 que
2171 4976 2478 5031 coeuntium
2506 4982 2821 5029 naturarum
2842 4975 2983 5028 inter
3005 4989 3063 5028 se
3087 4973 3363 5036 unionem,
3393 4986 3500 5026 non
3524 4988 3602 5036 re,

2039 5068 2134 5123 sed
2167 5065 2278 5121 sola
2318 5064 2717 5135 imaginatione,
2743 5064 2901 5118 unius
2942 5062 3290 5132 ejusdemque
3318 5061 3602 5130 quamdam

2037 5159 2128 5214 hic
2157 5157 2554 5213 distinctionem
2581 5154 2886 5209 statuimus.

2110 5252 2279 5308 Porro
2317 5257 2495 5305 autem
2519 5288 2535 5314 ,
2580 5249 2722 5317 quod
2752 5263 2873 5303 cum
2908 5254 3227 5302 naturarum
3263 5246 3604 5302 distinctione

2039 5357 2283 5415 persona:
2305 5339 2649 5410 singularitas
2671 5338 3016 5409 ejusdemque
3034 5337 3214 5392 unitas
3238 5334 3499 5392 indivuisa
3523 5339 3602 5391 in-

2036 5427 2448 5499 interruplaque
2470 5444 2685 5499 semper
2713 5427 2975 5483 consistat
2999 5432 3421 5497 permaneatque
3453 5423 3596 5494 (nam

2037 5566 2428 5634 conjunctionis.
2456 5583 2545 5620 eas
2571 5568 2626 5620 in
2654 5583 2706 5621 se
2727 5565 2944 5619 invicem
2973 5565 3214 5619 exsistere
3231 5565 3313 5633 pie
3333 5561 3600 5633 intelliga-

2038 5652 2171 5690 mus.
2206 5636 2522 5691 thomsus.
