3972 6130
413 259 516 328 187

1403 264 1464 326 s.
1505 263 1922 328 NICEPIIORI
1960 265 2465 344 nummatis
2501 267 2611 332 cr.

3541 268 3639 332 188

411 383 772 436 monstrosam
800 372 1109 443 impostoris
1141 372 1452 444 Eutychetis
1467 411 1483 437 ,
1507 381 1562 427 et
1584 372 1824 426 Dioscuri
1848 385 1970 424 con-

2073 370 2262 439 τυχίου
2313 369 2616 442 [Εὐτυχίος]
2663 373 2742 425 καί
2795 373 3070 449 Διοσκόρου
3123 375 3390 450 σύγχυσίς
3435 401 3492 440 τε
3546 392 3635 446 καὶ

413 467 682 523 fusionem
732 464 1196 520 concretioncmve
1249 463 1433 532 procul
1462 464 1589 516 hinc
1617 461 1970 534 ablegamus),

415 554 476 610 ﬁt
502 561 564 608 ut
589 567 750 607 unum
780 551 1132 621 eumdemque
1157 551 1508 609 conﬁteamur
1531 559 1771 606 creatum
1810 557 1866 605 et
1893 546 1974 604 in-

414 651 678 707 creatum,
719 649 976 697 internum
1017 651 1072 698 et
1114 649 1552 711 temporanenm,
1604 640 1877 696 (mlesth
1917 648 1974 695 et

417 745 714 800 terrenum,
741 733 1205 802 circumscriptum
1230 741 1284 788 et
1307 731 1852 800 incircumscriptum,
1881 745 1974 798 pa-

413 824 620 878 tibilem
645 831 700 876 et
724 821 1088 890 impatibilem,
1113 821 1230 874 sine
1259 828 1428 874 matre
1455 827 1510 874 et
1531 819 1649 873 sine
1670 825 1824 888 patre
1853 835 1865 870 :
1892 817 1973 870 al-

413 921 586 967 terum
605 911 822 980 quidem
843 917 1060 979 propter
1083 907 1424 972 ineﬂ‘abilem,
1447 916 1719 970 aeternam,
1739 913 1794 960 et
1815 919 1974 960 omne

416 1003 670 1057 stneulum
711 1001 1114 1057 antecedentem
1151 1015 1215 1054 cx
1261 999 1422 1055 Patre
1447 999 1803 1062 nativitatem,
1839 998 1974 1052 alte-

412 1107 529 1145 rum
561 1105 690 1154 vero
723 1096 944 1158 propter
978 1104 1228 1143 arcanam
1273 1089 1974 1157 incomprehensibilemque

412 1198 534 1244 cum
570 1189 754 1240 nostra
781 1187 971 1240 natura
1003 1180 1284 1245 unionem;
1310 1181 1442 1234 duas
1469 1179 1614 1233 enim
1645 1179 1811 1248 ipsius
1836 1179 1974 1232 nati-

411 1279 464 1331 vi
474 1285 634 1340 tates,
662 1290 874 1330 omnem
895 1289 1114 1330 sensum
1131 1284 1452 1339 omnemque
1476 1267 1798 1324 intellectum
1825 1281 1977 1320 exce-

415 1369 601 1422 dentes
646 1366 984 1434 agnoscimus
1020 1381 1035 1417 :
1085 1362 1388 1431 unigenitus
1428 1359 1572 1414 enim
1587 1355 1976 1419 Filius,cumin

413 1455 584 1510 forma
608 1457 706 1516 Dei
727 1470 789 1509 ac
809 1455 864 1507 in
891 1454 1030 1516 sinu,
1055 1452 1154 1507 hoc
1174 1458 1276 1516 est,
1307 1451 1424 1505 usia
1447 1448 1624 1504 Patris
1645 1441 1808 1512 esset,
1829 1453 1885 1500 et
1909 1445 1975 1499 ab

411 1551 613 1598 aeterno
647 1558 714 1597 ex
749 1542 865 1611 ipso
891 1541 1160 1603 eluceret,
1201 1539 1300 1594 sub
1336 1536 1650 1594 saeculorum
1689 1534 1850 1590 ﬁnem
1885 1547 1975 1588 ξος

412 1634 700 1702 metipsum
727 1631 1042 1690 exinanivit.
1072 1629 1424 1699 servilemque
1457 1626 1706 1692 formam,
1739 1625 1842 1680 hoc
1865 1631 1972 1692 est,

412 1731 654 1776 nostram
693 1721 1044 1776 substantiam
1066 1719 1319 1790 suscepit.

482 1809 622 1864 Unio
645 1799 824 1878 itaque
853 1809 905 1862 in
929 1808 1146 1862 Christo
1175 1807 1470 1862 secundum
1495 1805 1807 1876 bypostasin
1829 1804 1970 1860 aliud

411 1897 479 1951 ad
503 1896 647 1950 aliud
673 1896 936 1966 adjungit,
973 1905 1102 1965 puta
1146 1895 1358 1952 visibile
1392 1895 1461 1950 ad
1516 1892 1805 1956 invisibile,
1830 1892 1971 1961 patio

409 1983 517 2038 bile
562 1983 629 2039 ad
689 1983 1002 2053 impatibile,
1033 1992 1336 2052 cunctaque
1373 1997 1441 2037 ex
1492 1981 1689 2051 quibus
1726 1979 1973 2036 Salvator

412 2075 779 2139 constituitur,
807 2090 914 2129 non
957 2081 1134 2128 tamen
1167 2073 1331 2130 alium
1378 2081 1433 2127 et
1460 2071 1625 2126 alium
1668 2070 1967 2136 constituit,

409 2164 569 2218 absit.
617 2162 795 2220 Unum
820 2178 1051 2234 namque
1082 2165 1435 2232 eamdemque
1477 2162 1645 2218 Deum
1673 2159 1972 2230 perfectum

415 2259 472 2306 et
514 2251 782 2308 hominem
839 2253 1020 2310 itidem
1073 2251 1369 2322 perfectum
1437 2249 1777 2305 conﬁtemur.
1835 2245 1968 2304 Nam

418 2343 524 2397 etsi
580 2349 892 2397 naturarum
943 2341 1300 2400 differentiam
1369 2338 1583 2394 Christo
1636 2337 1922 2394 tribuimus
1951 2375 1968 2404 ,

415 2447 580 2486 unum
612 2437 790 2485 tamen
819 2430 1174 2498 eamdemque
1207 2430 1368 2482 etiam
1403 2435 1524 2498 post
1552 2425 1970 2481 incarnationem

413 2521 770 2590 agnoscimus,
807 2527 863 2573 et
891 2535 996 2588 quo
1025 2517 1248 2572 stolidus
1273 2515 1552 2570 Nestorius
1581 2529 1614 2567 a
1645 2511 1838 2567 divinis
1883 2525 1971 2566 se-

411 2609 518 2678 ptis
565 2607 814 2674 facessat,
851 2614 1066 2676 propter
1105 2614 1418 2658 naturarum
1459 2602 1526 2654 ad
1579 2599 1968 2670 hypostaticam

411 2697 661 2751 unionem
708 2697 1012 2752 coeuntium
1050 2693 1434 2756 diversitatem,
1485 2706 1593 2745 non
1646 2690 1778 2744 duos
1807 2687 1966 2753 ﬁlios,

410 2797 503 2842 aut
543 2786 852 2840 dualitatem
915 2785 1146 2838 ﬁliorum
1197 2781 1532 2845 inducimus,
1563 2793 1748 2834 omnes
1790 2786 1968 2833 autem

409 2877 610 2933 Christi
652 2877 910 2939 actiones,
950 2887 1070 2942 quae
1096 2871 1280 2939 utique
1309 2868 1655 2932 theandricae,
1705 2868 1808 2920 hoc
1861 2873 1966 2932 est,

409 2969 506 3023 Dei
533 2965 694 3021 simul
720 2973 776 3018 et
799 2963 1052 3026 hominis,
1081 2967 1256 3022 erant,
1284 2959 1375 3012 uni
1399 2958 1700 3012 tribuimus.
1733 2955 1869 3009 Nam
1909 2961 1969 3008 ut

2001 1704 2048 1766 B

2071 463 2434 520 συνουσίωσις·
2467 462 2688 516 ἐντεῦθεν
2714 465 2800 516 τόν
2841 465 2994 518 αὑτὸν
3043 467 3244 522 κτιστὸν
3283 471 3367 524 καὶ
3394 468 3636 536 οἴκτιστον

2071 545 2418 619 ὁμολογοῦμεν,
2449 549 2741 620 πρωιὼνιόν
2783 572 2838 608 τε
2889 555 2974 606 καὶ
3019 554 3370 628 ύπὲρχρονον,
3403 562 3636 635 οὐράνιόν

2071 654 2126 688 τε
2175 637 2264 710 καί
2314 637 2559 715 ἐπίγειον,
2607 639 2946 712 περί-γραπτὸν
2997 661 3050 694 τε
3102 645 3187 695 καί
3227 647 3630 720 ἀπερίγραπτον,

2070 723 2287 780 παθητόν
2321 744 2373 779 τε
2403 729 2485 778 καὶ
2528 727 2714 794 ἀπαθῆ,
2759 731 2992 804 ἀμήτορα
3033 735 3120 784 καί
3161 733 3416 808 ἀπάτορα,
3443 741 3500 793 τὸ
3541 745 3632 812 μέν

2070 811 2156 866 διά
2206 819 2294 872 τὴν
2337 811 2594 886 ἆρρητον,
2653 821 2738 870 καί
2782 815 3044 892 ἄναρχον,
3094 825 3176 874 καί
3232 811 3629 897 προαιῶνεονγᾶκ

2071 905 2265 976 Πατρός
2298 908 2542 976 γέννησιν,
2586 909 2643 962 τὸ
2671 906 2723 964 δὲ
2774 907 2856 964 διά
2903 915 2992 968 τήν
3030 914 3282 984 καθ’ἡμᾶς
3327 920 3534 990 κρνφίαν
3573 942 3628 976 τε

2072 997 2153 1046 καί
2189 995 2509 1066 άπερινὸητον
2556 995 2753 1060 ἕνωσιν,
2787 1001 2868 1051 καί
2911 996 3002 1051 δύο
3043 1001 3198 1053 αὐτοῦ
3248 1003 3337 1062 τάς
3377 1011 3632 1076 γεννήσεις

2073 1085 2403 1160 κηρύσσομεν,
2447 1088 2830 1148 ἀκαταλήπτους
2847 1129 2862 1153 ,
2888 1094 2972 1142 καί
3000 1091 3128 1164 ὑπὲρ
3155 1092 3296 1164 λόγον
3338 1101 3631 1168 τυγχανού-

2073 1188 2188 1234 σας⁶
2238 1171 2262 1226 ὁ
2293 1180 2388 1248 γάρ
2429 1174 2476 1226 ἓν
2515 1184 2672 1251 μορφῇ
2707 1184 2830 1254 Θεοῦ
2882 1177 3140 1254 ὑπάρχων
3183 1191 3450 1254 μονογενής
3491 1189 3626 1254 Υἱὸς,

2073 1259 2100 1314 ὅ
2147 1258 2212 1324 ὧν
2246 1262 2297 1313 ἐν
2338 1269 2450 1324 τοῖς
2477 1263 2674 1329 κόλποις
2699 1249 2790 1319 τοῦ
2821 1270 3035 1340 Πατρός,
3062 1271 3321 1326 τουτέστιν
3354 1272 3378 1327 ὅ
3405 1276 3452 1328 ἔν
3481 1279 3628 1334 οὐσία

2071 1359 2162 1407 τοῦ
2199 1353 2389 1427 Πατρὸς
2429 1357 2726 1432 προαιὼνιος
2771 1357 2822 1422 ἐξ
2851 1361 3006 1413 αὑτοῦ
3049 1360 3340 1432 ἕκλάμψας,
3371 1366 3456 1423 ἐπὶ

2071 1441 2234 1514 τελείᾳ
2273 1451 2370 1496 τῶν
2412 1445 2600 1502 αἰώνων
2652 1445 2828 1502 ἔαυτὸν
2863 1451 3118 1516 κεδιίνωκε,
3147 1455 3226 1509 καί
3250 1459 3338 1512 τήν
3375 1461 3463 1514 τοῦ
3506 1455 3628 1515 δού-

2071 1532 2158 1589 λου
2180 1537 2370 1607 μορφήν
2395 1533 2624 1594 ἀνέλαϐεν
2641 1575 2657 1604 ,
2684 1533 2711 1590 ὅ
2737 1539 2847 1593 ἐστι
2873 1544 2958 1598 τήν
2989 1541 3230 1616 ἡμετέραν
3255 1544 3448 1604 οὐσίαν.

2141 1800 2195 1844 Ἦ
2234 1791 2281 1845 ἐν
2323 1801 2527 1866 Χριστῷ
2572 1786 2656 1850 οὖν
2694 1797 2796 1852 καθ’
2817 1797 3098 1854 ύπὸστασιν
3140 1799 3352 1872 ἕνωσις,
3384 1801 3501 1861 ἄλλο
3539 1810 3630 1878 μέν

2070 1880 2198 1952 πρὸς
2231 1879 2348 1936 ἄλλο
2385 1885 2450 1941 τά
2483 1886 2534 1949 ἒξ
2576 1882 2642 1940 ὧν
2684 1885 2710 1942 ὃ
2763 1893 2965 1956 Σωτήρ.
3011 1893 3246 1962 συνάγειο
3297 1889 3394 1948 οἷον
3441 1895 3502 1957 δή
3577 1897 3631 1948 τὸ

2071 1970 2280 2045 ἀόρατον
2311 1977 2396 2028 καί
2427 1974 2691 2048 ὁρώμενον,
2717 1979 2933 2036 παθητὸν
2959 1982 3042 2032 καί
3067 1982 3335 2054 ἀκήρατον,
3371 1986 3456 2038 οῦκ
3483 1980 3629 2042 ἄλλον

2071 2056 2126 2114 δέ
2151 2065 2237 2114 καί
2269 2060 2517 2136 ἄλλον,μή
2548 2068 2757 2137 γένοιτο.
2803 2069 2923 2122 Θεὸν
2952 2072 3035 2124 τὸν
3065 2073 3213 2126 αὐτὸν
3250 2073 3433 2128 τέλειον
3474 2076 3628 2138 άληθῆ

2071 2151 2154 2238 καί
2198 2146 2457 2226 ἄνθρωπον
2511 2154 2694 2208 τέλειον
2741 2155 3104 2232 ὁμολογοῦμεν’
3153 2163 3212 2213 τὸ
3257 2159 3492 2238 διάφορον
3531 2173 3631 2220 τῶν

2070 2233 2266 2309 φύσεων
2301 2241 2688 2315 προσνέμοντες,
2731 2243 2814 2299 ἕνα
2858 2250 2936 2302 καὶ
2969 2247 3054 2302 τὸν
3095 2249 3244 2304 αὐτὸν
3278 2233 3624 2322 γινώσκοντες,

2069 2331 2148 2384 καὶ
2173 2331 2303 2399 μετά
2331 2336 2418 2389 τήν
2455 2333 2727 2410 σάρκωσιν,
2765 2336 2854 2390 οὐκ
2885 2326 2956 2396 εἰς
2987 2335 3150 2392 δυάδα
3175 2339 3293 2394 υἱῶν
3319 2344 3625 2414 μερίζοντες,

2070 2415 2152 2472 διά
2190 2421 2248 2474 τὸ
2287 2420 2512 2494 ἑτεροῖον
2567 2431 2666 2479 τῶν
2713 2425 3114 2498 συνδραμουσῶν
3153 2431 3234 2483 ἐπὶ
3280 2439 3342 2505 τῇ
3372 2432 3482 2485 καθ’
3501 2432 3629 2488 ὑπό·

2069 2527 2250 2562 στασιν
2298 2509 2466 2565 ἓνῶσει
2513 2515 2732 2584 φύσεων,
2783 2515 2866 2568 ἵνα
2919 2513 3099 2580 ίξωσθῆ
3115 2525 3206 2578 τῆς
3241 2521 3376 2579 θείας
3415 2523 3570 2582 αὐλῆς
3599 2521 3627 2577 ὃ

2068 2601 2343 2672 παράφρων
2369 2604 2660 2672 Νεστὸριος,
2689 2605 2854 2660 πάντα
2882 2605 2935 2660 δέ
2959 2610 3021 2662 τά
3047 2617 3136 2668 τῆς
3161 2611 3447 2684 θεανδρικῆς
3471 2616 3625 2668 αὗτσῧ

2069 2685 2316 2774 ξνεργείας
2355 2689 2724 2747 ἐπιτελέσαντα.
2756 2700 2838 2756 Ὠς
2871 2697 2966 2770 γάρ
3008 2697 3128 2756 Θεὸς
3156 2703 3344 2774 ἐνήργει
3385 2703 3454 2755 τά
3495 2703 3624 2766 θεῖα,

2069 2770 2310 2864 διἀύτῶν
2338 2779 2430 2838 τάς
2459 2780 2755 2852 θεοσημείας
2783 2786 2868 2838 καί
2907 2785 2970 2839 τά
3007 2770 3246 2859 θαύματα
3279 2790 3625 2864 ἕργαζόμενος,

2070 2866 2138 2924 ὡς
2167 2863 2424 2956 ἅνθρωπος
2449 2867 2524 2937 δὲ,
2555 2871 2580 2926 ὃ
2610 2875 2754 2936 αὐτὸς
2781 2877 2848 2930 τά
2875 2878 3006 2936 πάθη
3046 2881 3130 2932 καί
3163 2881 3255 2939 τάς
3285 2863 3630 2956 ῦϐρειςῗὲκου-

2069 2957 2192 3015 σίως
2221 2955 2534 3020 κατεδέξατο.
2566 2964 2654 3016 Διά
2683 2972 2830 3018 τοῦτο
2857 2967 2988 3036 μετά
3012 2975 3108 3022 τῶν
3140 2967 3228 3040 δύο
3274 2955 3472 3040 φύσεων
3503 2975 3625 3029 ἄιο-

416 3055 561 3110 Deus
585 3061 722 3117 erat,
758 3051 949 3105 edebat
979 3063 1142 3117 opera
1187 3047 1385 3110 divina,
1417 3046 1564 3114 signa
1623 3044 1876 3097 nimirum
1921 3049 1970 3097 cl

2074 3043 2261 3105 λούθως
2313 3051 2398 3101 καί
2449 3051 2748 3120 ἀναγκαίως,
2805 3056 3096 3126 ἰσαρίθμους
3141 3060 3221 3112 καὶ
3273 3034 3367 3120 τάς
3415 3063 3629 3132 φυσικάς

413 3137 672 3200 miracula
705 3161 718 3196 :
756 3150 815 3196 ut
844 3149 1024 3195 autem
1077 3140 1236 3192 homo
1267 3138 1408 3192 idem
1438 3137 1551 3207 ipse
1579 3144 1765 3206 sponte
1821 3135 1968 3190 subi-

409 3235 505 3288 liat
532 3233 830 3301 passiones,
867 3229 1269 3294 sustinebatque
1298 3226 1493 3295 probra
1519 3233 1574 3279 et
1602 3223 1968 3279 contumelias.

412 3323 568 3378 Unde
589 3336 712 3376 cum
749 3321 954 3374 duabus
988 3317 1193 3371 naturis
1227 3323 1602 3379 consentanee,
1659 3315 1765 3368 imo
1789 3329 1974 3369 neces-

411 3411 577 3476 sario,
604 3409 758 3480 juxta
779 3408 898 3478 pias
921 3407 1233 3474 divinasque
1281 3405 1579 3458 divinorum
1623 3411 1836 3479 patrum
1875 3419 1972 3458 no—

411 3509 646 3554 strorum
672 3497 1006 3560 traditiones,
1055 3495 1188 3548 duas
1211 3507 1424 3562 quoque
1450 3492 1723 3546 naturales
1773 3506 1968 3561 opera-

411 3591 584 3643 tiones
610 3587 751 3640 illius
771 3585 1032 3661 glorilico,
1061 3583 1295 3652 ipsarum
1326 3580 1721 3652 quodammodo
1755 3587 1970 3633 natura-

412 3693 534 3732 rum
571 3686 624 3733 et
649 3676 1067 3732 substantiarum
1105 3673 1306 3727 indices
1352 3679 1514 3739 atque
1547 3671 1963 3725 constitutriccs.

414 3767 540 3823 Pari
574 3767 730 3822 modo
757 3777 812 3822 et
841 3766 976 3820 duas
1007 3779 1215 3834 quoque
1242 3761 1510 3817 naturales
1531 3760 1690 3814 unius
1709 3761 1970 3828 ejusdem-

417 3871 523 3928 que
570 3855 664 3910 Dei
709 3863 764 3910 et
822 3854 1031 3908 Domini
1056 3853 1224 3908 nostri
1271 3851 1397 3906 Jesu
1452 3849 1648 3904 Christi
1673 3839 1971 3903 voluntates

409 3960 656 4000 veneror.
690 3944 824 3997 Nam
869 3943 1022 4013 juxta
1050 3951 1330 4009 utramque
1359 3949 1628 4003 naturam,
1678 3952 1742 3990 ex
1774 3937 1968 4005 quibus

411 4043 468 4088 et
491 4034 542 4088 in
573 4032 767 4102 quibus
788 4031 970 4086 existit
1003 4039 1056 4083 et
1091 4028 1429 4098 intelligitur,
1465 4025 1754 4080 voluntatis
1803 4023 1968 4077 facul-

414 4129 578 4176 tatem
606 4122 652 4174 ci
703 4121 1110 4175 tribuimus:ut
1136 4118 1280 4170 enim
1341 4121 1595 4182 operatur
1640 4112 1967 4180 salutarique

411 4207 646 4280 passioni
681 4208 822 4261 ultro
853 4220 970 4260 sese
1006 4203 1238 4271 exponit,
1267 4201 1340 4254 ita
1369 4209 1423 4254 et
1455 4200 1569 4253 vult
1594 4215 1824 4268 quoque.

480 4299 652 4354 Credo
684 4313 895 4352 rursum
927 4295 1076 4350 illum
1105 4295 1274 4362 ipsum
1324 4291 1638 4346 crucifixum
1689 4305 1826 4354 esse,
1858 4307 1964 4344 non

411 4388 625 4450 quidem
648 4389 701 4440 in
731 4392 1000 4438 eanatura
1033 4383 1085 4435 in
1113 4397 1215 4450 qua
1255 4396 1376 4435 cum
1403 4380 1563 4434 Patre
1597 4379 1736 4433 lucet
1790 4388 1843 4434 et
1885 4395 1971 4434 rc-

413 4481 540 4546 guat
562 4473 683 4544 (etsi
721 4473 900 4544 gloria:
925 4471 1180 4525 Dominus
1208 4477 1428 4540 prepter
1454 4469 1766 4523 idiomatum
1819 4483 1969 4522 com-

413 4562 829 4616 municationem
881 4558 1174 4614 cruciﬁxus
1227 4557 1478 4627 dicatur),
1531 4558 1621 4610 sed
1664 4557 1718 4610 in
1753 4565 1966 4622 natura,

412 4651 517 4705 hoc
539 4657 642 4712 est,
696 4657 930 4710 terrena,
979 4647 1267 4700 secundum
1313 4660 1470 4714 quam
1517 4651 1822 4698 terrestrem
1868 4659 1968 4698 no-

413 4745 582 4790 stram
642 4751 875 4792 massam
905 4735 1164 4802 suscepit,
1213 4741 1269 4786 et
1319 4732 1492 4786 factus
1519 4739 1602 4786 est
1631 4731 1968 4786 maledictum

410 4833 633 4898 propter
677 4833 900 4896 peccata
955 4833 1162 4888 nostra,
1185 4838 1290 4892 quo
1315 4838 1424 4876 sua:
1461 4839 1560 4876 nos
1585 4822 1970 4876 benedictionis

413 4917 618 4972 faceret
647 4930 766 4970 esse
793 4915 1110 4986 participes;
1133 4923 1188 4970 et
1227 4913 1406 4968 carnis
1434 4921 1658 4966 mortem
1685 4912 1752 4964 ab
1779 4912 1975 4979 impro-

412 5005 496 5060 bis
541 5006 742 5061 illatam
789 5007 1061 5076 patienter
1115 5004 1390 5067 sustinuit,
1417 5018 1522 5071 quo
1563 5001 1756 5054 mortis
1781 5000 1970 5053 stimu-

412 5093 548 5158 lum,
580 5095 633 5147 id
665 5104 747 5148 est
773 5105 1050 5164 peccatum
1099 5095 1150 5147 in
1177 5107 1337 5148 carne
1359 5107 1455 5146 sua
1489 5091 1886 5150 condemnaret,
1919 5095 1974 5140 et

411 5181 716 5240 destrueret
764 5200 886 5238 eum
917 5186 1006 5256 qui
1044 5182 1235 5238 mortis
1272 5183 1504 5236 habebat
1536 5180 1839 5248 imperium,
1872 5177 1973 5230 hoc

413 5280 498 5326 est
519 5273 807 5330 diabolum.
833 5273 1006 5330 Credo
1031 5288 1222 5341 corpus
1241 5287 1398 5326 suum
1437 5270 1730 5340 sepultum
1759 5276 1977 5330 contra:

416 5357 608 5424 ditum,
631 5359 996 5430 incorruptum
1025 5373 1394 5425 conservasse,
1423 5358 1568 5412 nullo
1612 5358 1826 5428 quidem
1855 5371 1971 5410 mo-

415 5444 486 5497 do
513 5445 580 5498 ab
615 5462 808 5503 arcana
843 5451 930 5504 illa
959 5449 1424 5518 inexplicabilique
1444 5449 1638 5502 unione
1677 5447 1966 5512 divulsum,

418 5533 520 5590 etsi
538 5533 664 5588 illud
686 5538 845 5592 tridui
871 5540 960 5594 illo
981 5539 1258 5594 intervallo
1279 5539 1454 5594 anima
1474 5539 1632 5593 fuerit
1653 5537 1964 5606 spoliatum;

2071 3133 2230 3186 αὐτοῦ
2274 3136 2513 3210 ἐνεργείας
2543 3138 2757 3206 δοξάζω,
2789 3145 2855 3204 ὡς
2879 3141 3152 3206 δηλωτικάς
3187 3149 3273 3200 καί
3307 3153 3628 3214 συστατιιάς

2069 3225 2237 3279 αὐτῶν
2263 3234 2364 3281 τῶν
2407 3230 2583 3284 οὐσιῶν
2627 3231 2780 3301 ἤγουν
2823 3237 3034 3307 φύσεων,
3067 3236 3194 3291 κατά
3242 3237 3332 3297 τάς
3376 3240 3628 3300 θεοσεϐεῖς

2070 3316 2156 3368 καὶ
2183 3315 2474 3388 θεοπρεπεῖς
2495 3327 2594 3372 τῶν
2620 3321 2861 3392 θεοσὸφων
2887 3325 3025 3392 ἡμῶν
3043 3325 3272 3400 πατέρων
3292 3325 3622 3399 παραδόσεις.

2069 3403 2332 3464 Ὡσαύτως
2359 3407 2442 3459 καί
2469 3404 2560 3460 δύο
2588 3409 2804 3469 θελήσας
2837 3410 2990 3482 ἤγουν
3026 3413 3277 3482 θελήματα
3312 3416 3501 3484 φυσικά
3534 3421 3624 3472 τοῦ

2068 3497 2227 3552 αὐτοῦ
2255 3497 2361 3559 ἕνός
2388 3501 2569 3578 Κυρίου
2597 3505 2682 3556 καί
2711 3508 2833 3556 Θεοῦ
2861 3505 2996 3576 ἡμῶν
3021 3503 3184 3562 Ἰησοῦ
3211 3513 3434 3574 Χριστοῦ
3461 3528 3626 3580 πρεσ-

2071 3585 2224 3639 ϐεύω.
2269 3589 2530 3646 Θελητικόν
2573 3591 2668 3664 γάρ
2703 3593 2848 3646 αὐτὸν
2887 3595 3112 3664 ’γινώσκω
3157 3591 3268 3647 καθ’
3309 3594 3484 3669 ἔτέραν
3509 3604 3626 3652 ’τῶν

2069 3677 2284 3746 φύσεων,
2313 3679 2366 3740 ἐξ
2399 3676 2462 3730 ὧν
2503 3682 2585 3732 καί
2621 3681 2667 3732 ἔν
2699 3675 2775 3739 αἷς
2801 3681 3029 3754 ὑπάρχει
3075 3683 3161 3734 καί
3205 3688 3416 3738 νοεῖται·
3447 3685 3624 3759 ὥσπερ

2067 3761 2358 3836 ἐνεργοῦντα
2381 3765 2512 3820 οὕτω
2541 3770 2622 3820 καί
2655 3768 2868 3824 θέλονταθ
2903 3769 2986 3824 ἐπὶ
3013 3770 3072 3824 τὸ
3101 3771 3256 3832 πάθος
3284 3769 3336 3828 δὲ
3361 3772 3419 3826 τὸ
3448 3777 3626 3840 σωτή-

2021 3926 2027 3933 _
2067 3870 2172 3923 ρισν
2201 3851 2443 3914 ἑκουσίως
2473 3855 2694 3910 ἐλθόντα.

2137 4292 2360 4347 Πιστεύω
2399 4289 2546 4348 αῦτὸν
2591 4293 2936 4369 σταυρωθῆναι
2969 4294 3056 4348 οῦκ
3109 4294 3206 4360 ἕνῇ
3233 4294 3500 4368 διαλάμπει
3531 4297 3622 4348 σύν

2069 4387 2140 4447 τῷ
2163 4383 2320 4451 Πατρί
2347 4382 2510 4455 οὐσίᾳ·
2542 4386 2586 4435 εἰ
2621 4383 2812 4437 καὶτὸν
2839 4385 3014 4458 Κύριον
3052 4391 3143 4442 τῆς
3178 4383 3322 4447 δόξης
3364 4388 3610 4458 ἐσταυρῶ

2071 4471 2184 4522 σθαι
2209 4470 2400 4538 λέγεται
2431 4468 2754 4544 [γέγραπται]
2776 4479 2848 4540 τῷ
2874 4471 3002 4542 λόγῳ
3029 4479 3120 4532 τῆς
3141 4471 3463 4534 ἀντιδόσεως·
3503 4472 3624 4528 ἀλλά

2068 4563 2131 4628 τῇ
2159 4559 2263 4610 καθ’
2279 4561 2410 4627 ἡμᾶς
2431 4565 2554 4632 Ἱερᾷ
2579 4558 2778 4631 [γεηρᾷ]
2794 4561 2960 4629 φύσει,
2989 4561 3093 4613 καθ’
3115 4561 3172 4618 ἦν
3194 4563 3250 4614 τὸ
3282 4563 3456 4629 χοῖκόν
3483 4563 3622 4630 ἡμῶν

2069 4645 2272 4698 ἀνέλαϐε
2325 4647 2560 4717 φύραμα,
2591 4651 2675 4700 καὶ
2713 4649 2909 4716 κατάρα
2950 4649 3080 4720 ὑπὲρ
3114 4650 3248 4720 ἡμῶν
3288 4651 3514 4719 γέγονεν,
3542 4651 3620 4702 ἵνα

2066 4742 2157 4795 τῆς
2201 4731 2505 4808 παρ’έαυτῷ
2541 4735 2770 4806 εὓλογίας
2805 4739 3060 4797 κοινωνούς
3088 4740 3219 4808 ἡμᾶς
3260 4737 3510 4806 ἀναδείξῃ,
3541 4741 3620 4792 καί

2066 4824 2149 4876 τὸν
2194 4829 2294 4876 τῶν
2342 4825 2628 4899 κακούργων
2662 4827 2791 4881 κατὰ
2834 4831 2924 4883 τήν
2973 4829 3144 4900 σάρκα
3195 4827 3442 4894 ἠνέσχετο
3491 4827 3618 4880 ύπο-

2067 4917 2226 4981 μεῖναι
2259 4908 2486 4968 θάνατον,
2513 4912 2592 4964 ἵνα
2631 4913 2691 4966 τὸ
2727 4919 2818 4967 τοῦ
2861 4915 3070 4968 θανάτου
3103 4917 3316 4988 κέντρον.
3339 4919 3429 4974 τήν
3458 4914 3618 4990 ἆμαρ·

2067 4999 2176 5050 τίαν
2213 4999 2477 5070 κατακρίνῃ
2521 5000 2571 5051 ἓν
2717 5003 2869 5074 σαρκί
2896 5005 3074 5068 αὐτοῦ,
3099 5005 3180 5056 καί
3215 5007 3512 5076 καταργήσῃ
3535 5005 3617 5058 τὸν

2068 5085 2127 5138 τὸ
2161 5088 2346 5158 κράτος
2374 5085 2566 5154 ἔχοντα
2592 5095 2684 5141 τοῦ
2711 5091 2924 5144 θανάτου
2941 5131 2955 5150 ,
2985 5094 3216 5146 τουτέστι
3243 5095 3326 5146 τὰν
3369 5092 3612 5148 διάϐολον.

2067 5183 2205 5248 Tagi-.5
2229 5174 2282 5229 δέ
2315 5175 2591 5246 παραδοθὲν
2617 5180 2773 5231 αὐτοῦ
2815 5181 2870 5232 τὸ
2904 5187 3050 5250 σῶμα
3092 5177 3336 5252 ἄφθαρτον
3381 5179 3617 5253 διατηρῆ-

2071 5284 2230 5343 σαντα
2257 5261 2498 5336 μὴδαμῶς
2525 5273 2615 5326 τῆς
2659 5268 2944 5342 ἀποῤῥήτου
2983 5272 3063 5322 καὶ
3111 5271 3448 5344 ὰνεκφράστου
3490 5267 3616 5324 διαι-

2071 5357 2209 5429 ρεθέν
2248 5355 2488 5414 ἑνὼσεως·
2535 5358 2579 5410 εἰ
2621 5359 2701 5410 καί
2743 5365 2832 5416 τῆς
2869 5359 3064 5429 lor/c717;-
3107 5360 3264 5411 αὐτοῦ
3309 5360 3398 5411 καί
3443 5359 3617 5430 νοερᾶς

2071 5443 2250 5514 ψυχῆς
2290 5445 2548 5516 ἐχωρίσθη
2588 5445 2638 5498 ἐν
2671 5453 2744 5516 τῷ
2783 5447 3035 5518 τριημέρῳ
3081 5445 3407 5516 διαστήματι·
3435 5443 3614 5516 μεθ’ὖς

2071 5536 2216 5594 αὐτὸς
2263 5537 2343 5589 καί
2393 5538 2466 5593 είς
2521 5533 2644 5606 ᾅδου
2699 5537 3028 5607 καταϐέϐηκε,
3051 5541 3133 5592 καὶ
3181 5546 3286 5596 τοῖς
3328 5539 3378 5592 ἐν
3426 5536 3612 5609 φυλακῇ
