3972 6130
319 275 426 344 189

1311 265 1669 326 ΕΡΙδΤΟΙΛ
1713 266 1811 322 AD
1849 266 2153 324 LEONEH
2194 267 2285 326 III
2324 267 2592 329 PAPAM.

3449 263 3550 333 190

319 395 633 460 πνεύμασιν,
685 392 752 451 ὦς
797 387 824 443 ὃ
868 394 1126 460 κορυφαῖος
1172 385 1255 438 καί
1295 385 1427 440 θεῖος
1480 380 1628 450 ἔφησε
1677 381 1876 450 Πέτρος¹

1987 389 2106 428 cum
2143 389 2247 442 qua
2295 375 2473 427 anima
2527 383 2580 428 et
2607 375 2718 443 ipse
2745 387 2956 446 quoque
2987 378 3055 434 ad
3082 377 3282 434 inferos
3327 379 3546 436 descen-

320 483 585 554 πορευθεὶς
631 479 831 550 ἐκήρυξε
873 484 962 533 τήν
1011 477 1307 536 ἀνάστασιν,
1344 476 1428 526 καί
1474 491 1561 527 την
1609 470 1883 538 ἐλευθερίαν

319 575 402 626 καί
432 570 784 640 ἀπολύτρωσιν
807 567 1108 638 ἐχαρίσατο,
1133 563 1408 633 ἀφθαρσίας
1436 557 1488 613 δὲ
1523 561 1635 630 ἡμῖν
1661 560 1883 631 ἀπαρχὴ

317 662 540 732 γέγονεν·
586 661 636 712 ἐν
769 656 1087 730 πρωτότοκος
1125 655 1181 706 ἐκ
1227 661 1324 708 τῶν
1367 660 1550 726 νεκρῶν
1589 653 1880 708 ἀνεϐίωσεν.

329 752 517 807 Atiam
691 749 759 806 ὡς
801 748 940 807 Θεὸς,
981 748 1215 803 πατήσας
1260 744 1342 796 τὸν
1397 742 1618 806 θάνατον,
1663 741 1880 814 προοδο-

317 847 482 894 ποιῶν
726 838 887 911 ,σαρκί
935 840 1024 893 την
1085 834 1388 896 ἀνάστασιν,
1441 836 1523 885 καὶ
1577 833 1882 891 συνέστησεν

316 927 481 998 ὐμᾶς,
506 927 628 988 τοὺς
651 910 904 986 «cateiam;
934 932 1007 998 τῷ
1033 931 1122 985 τῆς
1147 922 1402 994 ἁμαρτίας
1425 923 1682 992 πτώματι.

386 1370 694 1426 Ἐπιστάντα
731 1368 784 1424 δέ
828 1370 955 1440 μετά
981 1373 1071 1428 την
1112 1369 1392 1425 ἀνάστασιν
1426 1378 1538 1430 ταῖς
1568 1373 1772 1440 γυναιξί,
1798 1373 1880 1425 καί

314 1466 408 1520 τὴν
454 1462 624 1536 χαράν
667 1463 840 1520 αὐταῖς
879 1459 1299 1532 προαγγείλαντα,
1333 1461 1416 1511 καί
1460 1465 1548 1517 τήν
1571 1461 1624 1511 ἐκ
1660 1467 1750 1512 τοῦ
1794 1461 1880 1518 θή-

311 1551 425 1614 λεος
483 1553 601 1624 ἡμῖν
653 1549 970 1619 ἐνσκήψασαν
1019 1549 1180 1605 λύπην
1232 1549 1628 1619 ἐξαφανίσαντα,
1673 1549 1877 1620 ὀφθέντα

311 1637 370 1694 δὲ
415 1642 499 1692 καὶ
542 1647 640 1697 τοῖς
687 1639 970 1696 θεσπεσίοις
1021 1639 1174 1690 αὐτοῦ
1226 1637 1476 1706 μαθηταῖς
1523 1636 1583 1690 τὸ
1617 1645 1708 1694 τῆς·
1757 1639 1878 1690 άνα-

1990 465 2086 530 dit,
2138 465 2326 532 iisque,
2377 465 2465 533 qui
2497 465 2550 517 in
2577 481 2738 518 carne
2767 477 2923 521 erant
2958 470 3236 537 spiritibus
3274 468 3550 542 (quemad-

1987 555 2201 608 modum
2253 556 2614 623 apostolorum
2645 559 2956 628 coryphccus
2984 561 3196 620 divinus
3219 565 3413 622 Petrus
3452 583 3548 623 ex-

1985 643 2179 715 ponit),
2214 645 2666 703 resurrectionem
2695 653 3034 720 praedicavit,
3056 653 3461 724 libertatemque
3501 667 3556 710 ct

1987 732 2408 806 redemptionem
2439 740 2751 807 impertivit,
2779 748 2832 795 et
2861 741 3014 795 nobis
3064 757 3297 811 quoque,
3345 752 3405 797 ut
3430 757 3556 814 pote

1983 828 2371 898 primogenitus
2419 837 2775 894 mortuorum,
2821 845 2919 898 per
2960 832 3408 896 resurrectionem
3459 834 3554 886 ali-

1987 921 2125 984 quod
2167 919 2584 986 incorruptionis
2626 919 2946 986 principium
2995 920 3201 973 exstitit
3252 935 3267 974 :
3317 923 3553 976 surrexit

1985 1006 2126 1059 enim
2156 1016 2215 1059 ut
2261 1008 2420 1070 Deus,
2472 1015 2698 1060 mortem
2745 1009 3116 1074 pessumdans,
3169 1010 3542 1078 universasque

1984 1097 2132 1149 carni
2163 1097 2227 1149 ad
2257 1099 2703 1150 resurrectionem
2725 1098 2865 1150 viam
2887 1098 3255 1165 patefaciens;
3292 1114 3410 1165 nos,
3441 1102 3536 1169 qui

1975 1185 2186 1252 peccati
2233 1201 2361 1238 casu
2393 1186 2444 1237 in
2473 1194 2699 1238 mortem
2734 1187 3162 1251 concideramus,
3205 1202 3310 1241 una
3361 1204 3544 1243 secum

1982 1277 2374 1346 quodammodo
2395 1279 2681 1332 suscitans.

2049 1369 2222 1424 Credo
2246 1370 2560 1425 mulieribus
2602 1379 2726 1440 post
2754 1372 3203 1426 resurrectionem
3236 1387 3388 1426 suam
3413 1375 3545 1428 asti-

1980 1461 2128 1522 tisse,
2161 1461 2487 1530 tristitiaque
2537 1477 2654 1531 quae
2683 1479 2748 1515 ex
2776 1463 3000 1516 muliere
3037 1464 3103 1516 ad
3129 1478 3228 1517 nos
3256 1464 3549 1519 devenerat

1979 1547 2194 1609 abolita,
2217 1549 2466 1616 gaudium
2486 1547 2831 1617 laetitiamque
2853 1550 2953 1602 illis
2979 1551 3344 1605 annuntiasse.
3369 1552 3545 1606 Credo

1973 1637 2170 1692 divinis
2199 1639 2472 1706 discipulis
2498 1640 2674 1692 vivum
2709 1655 2829 1695 sese
2849 1643 3176 1708 exhibuisse,
3207 1659 3317 1697 sum
3366 1661 3542 1700 resur-

314 1727 550 1785 στάσεως
577 1727 730 1780 αὐτοῦ
769 1727 1104 1796 πιστούμενον
1142 1728 1440 1797 μυστήριον
1484 1727 1571 1779 καί
1597 1723 1874 1789 δεικνύντα,

1981 1727 2234 1780 rectionis
2264 1729 2577 1796 mysterium
2599 1728 2971 1793 confirmasse,
3004 1745 3068 1784 ac
3110 1733 3380 1799 quomodo
3407 1734 3549 1787 idem

313 1814 434 1894 [ὡς]
462 1818 538 1882 τίς
577 1818 731 1876 αὑτὸς
767 1814 824 1874 ἦν
856 1819 936 1870 καὶ
983 1817 1083 1888 πρὸ
1121 1823 1212 1874 τῆς
1256 1815 1578 1872 ἀναστάσεως
1597 1813 1681 1870 διά
1707 1835 1760 1868 τε
1787 1825 1878 1875 τῆς

304 1915 576 1988 βρώσεως,
610 1913 696 1966 καί
740 1918 832 1968 τῆς
879 1912 966 1964 τοῦ
1013 1913 1167 1978 σοφοῦ
1225 1911 1385 1980 Θωμᾶ
1435 1910 1566 1962 κατά
1614 1913 1706 1966 την
1745 1911 1878 1962 θείαν

309 1998 534 2068 πλευράν
577 2001 802 2067 ὶπαφῆς,
851 1997 1184 2066 ἀναληφθέντα
1231 2017 1284 2050 τε
1331 1999 1402 2055 εἰς
1451 1999 1573 2057 τοὺς
1615 1998 1874 2071 οὐρανούς,

310 2091 398 2142 καί
444 2089 742 2142 καθεσθέντα
790 2089 842 2140 ἐκ
881 2086 1052 2150 δεξιῶν
1087 2093 1177 2140 τοῦ
1211 2092 1338 2141 Θεοῦ
1388 2090 1471 2141 καὶ
1512 2089 1700 2159 Πατρὸς
1749 2089 1878 2156 μετά

311 2185 404 2231 τοῦ
460 2179 890 2251 προσλήμματος,
935 2175 1111 2248 μεθόὖ
1161 2173 1302 2236 αὖθις
1355 2177 1613 2232 ἐλεύσεται
1657 2179 1707 2230 ἓν
1759 2177 1878 2247 δόξῃ

310 2270 588 2339 θεοπρεπεῖ
639 2271 722 2322 καί
767 2270 970 2332 ἐξουσία
1021 2277 1084 2336 τῇ
1121 2269 1246 2320 κατὰ
1281 2269 1452 2325 πάσης
1514 2269 1746 2327 κτίσεως,
1796 2269 1878 2319 καί

310 2362 488 2430 κριτής
522 2359 884 2415 καθεσθήσεται
922 2358 1118 2427 ἑκάστῳ
1159 2359 1288 2411 κατά
1316 2357 1373 2410 τὸ
1407 2357 1698 2424 βεϐιωμένον
1744 2357 1876 2411 ἀπο-

309 2446 503 2506 διδούς·
541 2446 735 2508 πάντας
777 2451 876 2522 γάρ
920 2452 1056 2517 ἡμᾶς
1103 2450 1438 2522 φανερωθῆναι
1483 2447 1564 2503 δεῖ
1585 2448 1878 2522 ἔμπροσθεν

308 2543 401 2590 τοῦ
432 2535 656 2607 βήματος
696 2542 788 2591 τοῦ
817 2541 1065 2608 Χριστοῦ.

381 2627 520 2680 Μετά
559 2633 722 2680 ταῦτα
750 2624 976 2681 πιστεύω
1008 2629 1091 2679 καί
1127 2627 1317 2700 σαρκὸς
1357 2627 1648 2692 ἀνάστασιν,
1674 2629 1809 2686 ἡνίκα
1845 2629 1876 2686 ἦ

307 2721 404 2771 τοῦ
454 2715 645 2786 κόσμου
699 2717 1168 2787 μεταστοεχείωσις
1209 2717 1430 2786 γένηται,
1476 2717 1559 2770 ἶνα
1606 2719 1666 2772 τὸ
1709 2717 1878 2774 θνητὸν

307 2807 450 2876 ἡμῶν
492 2805 764 2864 ἕνδύσηται
799 2808 1094 2871 ἀθανασίαν,
1124 2809 1208 2860 καί
1255 2807 1552 2880 τό’φθαρτόν
1597 2807 1878 2880 ἀφθαρσίαν

307 2892 664 2964 περιϐάληται.
719 2891 970 2964 Ὀμολογῶ
1016 2896 1100 2947 καί
1157 2889 1210 2944 ἓν
1263 2895 1533 2965 βάπτισμα
1586 2896 1658 2954 είς
1703 2892 1878 2964 ἄφεσιν

307 2983 596 3048 ἁμαρτιῶν,
627 2984 684 3038 τὸ
731 2987 804 3042 εἰς
849 2986 1046 3060 Πατέρα
1075 2987 1160 3037 καί
1205 2987 1318 3038 Υίόν
1367 2987 1448 3038 καί
1494 2983 1632 3057 ἅγιον
1677 2983 1874 3055 Πνεῦμα

1977 1817 2091 1885 ipse
2140 1816 2309 1881 foret,
2340 1818 2430 1886 qui
2477 1827 2603 1871 ante
2641 1821 3208 1890 resurrectionem,p,er
3242 1825 3536 1878 manduca-

1977 1905 2178 1958 tionem
2206 1907 2450 1973 sacrique
2486 1907 2690 1972 lateris,
2726 1907 2866 1975 quod
2896 1908 3113 1975 sapiens
3149 1909 3380 1965 Thomas
3408 1927 3538 1966 con-

1977 1995 2246 2060 trectavit,
2279 1995 2681 2059 exhibitionem,
2733 1996 3146 2050 demonstrasse.
3187 1997 3362 2053 Credo
3387 2001 3539 2055 deni—

1977 2097 2080 2149 que
2108 2091 2438 2149 assumptum
2479 2083 2673 2136 essein
2709 2083 2893 2149 caelos,
2919 2092 2973 2138 et
3007 2085 3074 2138 ad
3127 2085 3406 2141 dexteram
3453 2089 3550 2144 Dei

1975 2169 2151 2224 Patris
2205 2170 2532 2234 consedisse,
2581 2177 2635 2222 et
2673 2185 2798 2223 cum
2855 2180 3130 2240 assumpto
3158 2183 3382 2243 corpore
3433 2193 3539 2232 non

1975 2259 2178 2325 absque
2203 2256 2396 2326 gloria,
2435 2258 2722 2326 divinaque
2749 2259 3030 2328 majestate
3063 2261 3191 2316 olim
3220 2264 3393 2318 denuo
3413 2281 3548 2320 ven-

1976 2353 2155 2400 turum
2202 2361 2340 2410 esse,
2373 2344 2609 2413 judicem
2637 2361 2930 2412 sessurum,
2962 2359 3016 2401 et
3052 2351 3349 2420 unicuique
3381 2352 3538 2421 juxta

1974 2437 2098 2490 vita:
2145 2451 2256 2490 sua:
2299 2436 2547 2514 rationes
2599 2424 2976 2491 redditurum:
3014 2454 3202 2496 omnes
3256 2443 3399 2497 enim
3443 2461 3546 2500 nos

1974 2522 2309 2578 manifestari
2343 2531 2552 2592 oportet
2579 2535 2703 2578 ante
2741 2524 2973 2578 tribunal
2996 2525 3217 2581 Christi.
3533 2545 3542 2553 ·

2045 2611 2219 2666 Credo
2248 2613 2798 2690 postquammundus
2833 2613 2920 2667 hie
2946 2613 3108 2668 fuerit
3140 2616 3441 2683 innovatus,
3485 2628 3541 2673 et

1975 2702 2369 2770 quodammodo
2425 2703 2948 2768 transelementatus,
2994 2712 3048 2757 et
3101 2706 3280 2759 carnis
3333 2722 3546 2778 quoque

1977 2781 2433 2844 resurrectionem
2459 2789 2711 2855 futuram,
2742 2807 2846 2858 quo
2869 2793 3121 2846 nimirum
3154 2803 3395 2849 nostrum
3441 2798 3546 2851 hoc

1977 2877 2202 2931 mortale
2259 2877 2448 2930 induat
2475 2878 2932 2932 immortalitatem
2977 2888 3030 2933 et
3069 2883 3416 2950 corruptibile
3461 2885 3541 2938 in-

1979 2965 2378 3034 corruptionem
2432 2965 2508 3036 (Ἰ
2536 2962 2798 3038 Canxv).
2854 2967 3126 3024 Conﬁteor
3175 2971 3333 3024 etiam
3380 2989 3544 3028 unum

347 3037 354 3048 .
424 3037 434 3048 .
583 3037 650 3045 ,κ
782 3037 796 3042 -
1214 3037 1283 3038 κέ
1420 3037 1423 3038 ν
1533 3037 1597 3057 ,η

305 3073 600 3143 τελούμενον
635 3076 765 3130 κατά
807 3080 896 3132 τήν
942 3074 1260 3145 εύαγγελικὴν
1287 3077 1366 3127 καὶ
1401 3075 1530 3127 θείαν
1560 3073 1869 3148 παράδοσιν.

1981 3056 2240 3124 baptisma
2279 3056 2334 3108 in
2364 3056 2731 3110 remissionem
2761 3067 3119 3125 peccatorum,
3171 3062 3310 3128 quod
3346 3077 3538 3116 secun-

305 3171 486 3218 ταῦτα
540 3172 630 3223 τῆς
679 3162 942 3237 ὀρθοδϋξου
990 3166 1073 3216 καὶ
1127 3164 1268 3236 ἱερᾶς
1315 3165 1454 3232 ἡμῶν
1509 3164 1739 3238 λατρείας
1783 3183 1873 3218 σε·

310 3256 507 3323 ϐάσμιει
549 3254 777 3327 δόγματα
813 3251 900 3308 καί
933 3258 1188 3326 μυστήρια
1237 3255 1366 3308 κατά
1419 3275 1473 3309 τε
1517 3261 1605 3313 τήν
1651 3253 1874 3328 παραδοο

306 3348 476 3400 θεῖσαν
521 3347 642 3415 ἡμῖν
686 3346 825 3418 παρά
867 3353 964 3399 τῶν
1031 3348 1171 3405 θείων
1211 3352 1561 3416 μυσταγωγῶν
1599 3345 1790 3414 ὑψηλήν
1821 3367 1873 3402 τε

311 3439 397 3488 καί
443 3437 870 3508 ἀκραιφνεστάτην
916 3435 1182 3504 θεολογίαν,
1213 3437 1296 3488 καί
1338 3440 1428 3492 τήν
1465 3439 1714 3508 σωτήριον
1756 3440 1875 3509 περί

308 3529 448 3593 ἡμᾶς
469 3531 562 3580 τοῦ
591 3533 715 3581 Θεοῦ
743 3525 891 3597 λόγου
929 3527 1230 3594 οἰκονομίαν,
1261 3527 1346 3578 καὶ
1374 3523 1476 3578 ὅσα
1511 3527 1710 3585 τούτοις
1735 3549 1874 3595 συμ-

313 3616 552 3670 ϐαίνοντα
576 3617 838 3687 ,ἐφάμιλλα
883 3617 1181 3690 κηρύγματα
1226 3615 1354 3681 μετά
1393 3613 1566 3674 πάσης
1603 3617 1874 3686 ἀποδοχῆς

311 3707 400 3761 καί
425 3710 652 3768 πίστεως
675 3715 909 3782 συντηρῶ
934 3727 990 3764 τε
1018 3711 1094 3761 καὶ
1125 3709 1439 3778 ἀσπάζομαι.

382 4033 730 4104 ’Δποδέχομαι
773 4033 827 4090 δὲ
881 4040 966 4089 καί
1007 4038 1184 4100 ἕξαιτῶ
1220 4039 1310 4098 τάς
1355 4057 1408 4092 τε
1461 4039 1739 4109 πρεσϐείας
1789 4038 1872 4090 καί

312 4126 445 4198 πρὸς
488 4126 610 4178 Θεὸν
661 4127 918 4188 ἐντεύξεις⁸
975 4133 1171 4200 πρῶτον
1347 4131 1430 4182 καί
1483 4129 1748 4203 ἐξαίρετον,
1782 4133 1873 4186 τῆς

312 4217 570 4284 πανάγνου
609 4218 696 4268 καί
733 4219 1044 4285 παναμὼμου
1094 4219 1180 4273 καί
1231 4221 1558 4290 ἀειπαρθένου
1610 4218 1873 4276 δεσποίνης

313 4305 454 4374 ἡμῶν
480 4308 808 4378 Θεομητορος·
833 4303 1009 4359 ἔπειτα
1029 4314 1126 4360 τῶν
1162 4309 1296 4361 θείων
1332 4312 1413 4360 καί
1440 4307 1678 4382 οὐρανίων
1716 4306 1870 4361 δυνά·

312 4415 474 4464 μεων,
494 4403 595 4448 τῶν
638 4395 791 4466 ἁγίων
827 4399 911 4450 καί
938 4404 1264 4467 πανευφήμων
1309 4400 1737 4459 ἀποστόλων,τῶν
1767 4420 1868 4466 μα-

315 4482 501 4552 καρίων
546 4489 824 4553 προρητῶν,
856 4486 939 4536 καί
983 4482 1185 4547 ἐνδοξων
1228 4488 1312 4538 καί
1355 4485 1631 4541 καλλινίκων
1669 4483 1870 4558 μαρτύ-

316 4589 442 4639 ρων,
473 4572 555 4620 καί
601 4571 854 4643 Θεοοόρων
898 4574 1145 4637 Πατέρων,
1197 4577 1279 4626 καὶ
1323 4576 1524 4628 πάντων
1569 4582 1668 4629 τῶν
1718 4575 1872 4644 ἁγίων

315 4666 417 4711 τῶν
463 4657 553 4709 ἀπ’
572 4663 748 4718 αἰῶνος
794 4662 1232 4730 εύαρεστησάντων
1408 4662 1608 4734 Κυρίῳ·
1649 4661 1692 4714 οἳ
1741 4667 1870 4724 ζῶσι

320 4748 595 4808 διαπαντὸς
617 4751 664 4802 ἐν
690 4753 838 4818 αὐτῷ·
868 4751 1042 4821 ψυχαί
1063 4754 1159 4823 γάρ
1187 4750 1386 4806 δικαίων
1415 4753 1463 4804 ἓν
1482 4755 1638 4824 σχειρὶ
1667 4758 1866 4827 Κυρίου·

323 4842 394 4899 ὥς
430 4843 669 4911 μεγίστην
703 4843 956 4911 σωτηρίαν
1001 4841 1221 4900 ἐντεῦθεν
1268 4841 1450 4912 ψυχῆς
1496 4845 1584 4899 καί
1637 4844 1877 4911 σώματος

327 4931 689 5002 καρπούμενος.

395 5190 659 5256 Προσκυνῶ
696 5181 749 5236 δέ
794 5186 878 5236 καὶ
901 5185 1310 5256 περιπτύσσομαι
1335 5184 1398 5236 τά
1433 5183 1687 5254 σεϐάσμια
1715 5184 1878 5237 αὐτῶν

321 5268 556 5340 λείψανα,
591 5274 657 5332 ὡς
704 5273 919 5342 ἰατρεῖον
957 5272 1197 5341 ψυχικῶν
1232 5292 1286 5324 τε
1324 5275 1404 5324 καί
1440 5278 1737 5340 σωματικῶν
1778 5293 1878 5324 πα-

325 5361 557 5428 θημάτων
599 5357 944 5432 τυγχάνοντα.
993 5360 1210 5429 ’Δνυμνῶ
1241 5356 1329 5413 οὖν
1371 5363 1534 5414 αὐτῶν
1571 5367 1661 5418 τήν
1700 5367 1880 5430 σεμνὴν

329 5451 411 5499 καί
452 5445 620 5500 ἔνθεον
648 5449 900 5502 πολιτείαν
940 5451 1020 5500 καὶ
1055 5451 1175 5506 τοὺς
1223 5447 1477 5518 ἀοιδίμους
1503 5451 1665 5502 αὐτῶν
1689 5452 1882 5519 ἀγῶνας

329 5539 410 5588 καὶ
459 5535 674 5602 ἄθλους,
719 5539 933 5609 γεραίρω
980 5538 1068 5595 τὰς
1124 5537 1309 5601 θήιας,
1353 5541 1437 5592 καί
1484 5547 1595 5598 ταῖς
1639 5541 1881 5596 ἀνωτάτω

1973 3146 2101 3199 dum
2135 3145 2511 3215 .evangelicam
2545 3145 2998 3214 apostolicamque
3040 3149 3384 3204 traditionem
3409 3164 3536 3220 per-

1973 3236 2152 3290 ﬁcitur
2182 3237 2236 3290 in
2265 3238 2481 3290 nomine
2517 3234 2713 3302 Patris,
2739 3246 2792 3291 et
2829 3238 2972 3304 Filii,
3009 3249 3064 3292 et
3091 3239 3324 3308 Spiritus
3347 3244 3541 3296 sancti.

1973 3325 2098 3381 Haec
2144 3327 2447 3380 veneranda
2509 3328 2791 3380 orthodoxi
2839 3331 3084 3398 sacrique
3137 3332 3311 3386 cultus
3369 3334 3540 3386 nostri

1973 3417 2220 3485 dogmata
2265 3417 2552 3484 divinaque
2593 3419 2868 3486 mysteria,
2900 3434 3018 3487 qua:
3057 3421 3210 3488 juxta
3257 3423 3538 3477 sublimem

1973 3503 2498 3571 sincerissimamque
2543 3503 2860 3573 theologiam
2897 3506 3066 3558 divini
3088 3509 3545 3576 sacriquc'doctc-

1972 3607 2059 3645 res
2081 3591 2234 3645 nobis
2255 3592 2620 3655 tradiderunt,
2645 3600 2758 3645 tum
2793 3593 3083 3647 salutarem
3119 3611 3330 3664 quoque
3369 3597 3536 3652 divini

1972 3680 2123 3732 verbi
2161 3694 2286 3748 erga
2313 3693 2411 3732 nos
2440 3679 2916 3746 dispensationem,
2951 3687 3063 3734 tum
3090 3690 3314 3736 cmteras
3357 3699 3542 3738 omnes

1974 3767 2124 3820 hisce
2156 3767 2358 3820 similes
2383 3776 2436 3821 et
2463 3776 2852 3822 consentaneas
2895 3769 3170 3824 doctrinas
3201 3773 3545 3839 praedicatio-

1972 3871 2174 3923 ncsque
2211 3870 2330 3909 cum
2367 3856 2513 3909 omni
2561 3857 2924 3924 acceptatione
2954 3865 3006 3910 et
3032 3857 3135 3912 ﬁde
3161 3859 3454 3926 amplector
3483 3872 3536 3914 et

1973 3961 2148 4000 εει-νο.

2041 4033 2336 4090 Exosculor
2357 4033 2702 4088 nihilominus
2740 4042 2795 4086 et
2821 4042 3010 4101 expeto
3041 4041 3342 4087 sanctorum
3391 4036 3532 4102 apud

1971 4123 2142 4178 Deum
2187 4123 2484 4193 patrocinia
2530 4131 2584 4176 et
2632 4123 3092 4176 intercessiones:
3125 4105 3298 4194 primo
3326 4125 3540 4194 quidem

1971 4215 2344 4283 praecipueque
2389 4212 2740 4266 sanctissimae
2771 4220 2825 4265 et
2853 4211 3355 4266 immaculatissima:
3394 4227 3538 4266 sem-

1976 4318 2072 4372 per
2100 4304 2325 4373 virginis
2359 4319 2422 4356 ac
2455 4302 2682 4356 dominae
2710 4312 2906 4356 nostra:
2931 4303 3022 4355 Dei
3053 4303 3259 4364 matris,
3291 4317 3413 4356 mox
3439 4319 3534 4357 ve—

1975 4407 2036 4445 ro
2083 4392 2384 4446 divinarum
2441 4391 2844 4458 cmlestiumque
2893 4391 3166 4452 virtutum,
3225 4400 3535 4446 sanctorum

1975 4482 2581 4550 laudatissimorumque
2640 4481 3026 4549 apostolorum,
3081 4483 3358 4534 beatorum
3412 4496 3539 4548 pro-

1969 4571 2270 4639 phetarum,
2289 4560 2789 4638 gloriosissimorum
2805 4570 3380 4638 invictissimorumque
3397 4586 3538 4623 mar-

1971 4667 2173 4728 tyrum,
2204 4657 2504 4711 divinorum
2526 4657 2764 4719 Patrum,
2794 4675 2855 4711 ac
2885 4659 3126 4710 omnium
3153 4659 3380 4726 denique
3408 4673 3531 4711 san-

1973 4755 2204 4809 ctorum,
2230 4745 2321 4814 qui
2345 4746 2411 4798 ab
2442 4745 2596 4798 initio
2617 4747 2798 4803 mundi
2848 4747 3071 4800 Domino
3095 4745 3437 4813 placuerunt,
3481 4753 3535 4798 et

1977 4835 2179 4903 absque
2201 4834 2308 4887 ullo
2335 4835 2552 4888 omnino
2583 4835 2688 4888 (ine
2735 4836 2790 4888 in
2821 4835 2936 4902 ipso
2961 4843 3014 4888 et
3042 4851 3137 4902 per
3158 4835 3330 4902 ipsum
3353 4837 3537 4888 vivunt

1979 4923 2195 4993 (anima:
2209 4921 2623 4988 enimjustorum
2647 4925 2698 4976 in
2713 4938 2870 4975 manu
2889 4923 2980 4977 Dei
2993 4931 3116 4976 sunt
3138 4921 3288 4992 [Sap.
3317 4937 3398 4984 ιιι,
3424 4921 3476 4992 l]
3495 4924 3532 4990 ),

1979 5017 2038 5062 ut
2079 5009 2171 5077 qui
2201 5008 2488 5064 maximam
2532 5009 2656 5064 hinc
2693 5010 2883 5063 animae
2918 5010 3260 5077 corporisque
3311 5009 3537 5063 salutem

1979 5113 2300 5166 consequar.

2047 5188 2225 5242 Adoro
2257 5187 2387 5241 item
2412 5195 2467 5244 et
2497 5188 2780 5244 exosculor
2805 5189 3134 5242 venerandas
3174 5187 3384 5242 illorum
3407 5188 3535 5243 reli-

1981 5278 2155 5346 quias,
2195 5277 2390 5346 quippe
2413 5293 2531 5346 qua:
2561 5287 2762 5333 certam
2807 5277 3104 5330 animorum
3146 5293 3538 5347 corporumque

1983 5366 2184 5419 morbis
2211 5365 2460 5430 salutem,
2516 5367 2938 5432 medieinamque
2967 5364 3260 5418 conferant.
3296 5366 3539 5433 Suscipio

1982 5462 2240 5522 praeterea
2272 5469 2335 5507 ac
2357 5454 2515 5506 laudo
2560 5455 2915 5508 venerandam
2942 5454 3281 5523 divinamque
3328 5457 3537 5511 illorum

1986 5545 2468 5610 conversationem,
2511 5543 2988 5610 celeberrimosque
3014 5547 3316 5597 cor-murium
3344 5559 3541 5610 agones
