3928 6142
271 254 377 317 193

1233 248 1594 309 EPISTOLA
1636 249 1735 308 AD
1775 250 2081 310 LEONEM
2123 251 2214 310 Ill
2256 254 2524 314 PAPAM.

3395 260 3494 325 124

270 374 426 427 πόλιν
469 369 892 443 συγκροτηθεῖσαν
931 367 1075 434 ἁγίαν
1114 368 1342 436 πέμπτην
1373 367 1586 421 σύνοδον
1614 375 1711 420 τῶν
1737 365 1828 440 ρῖί

1937 375 2074 418 trum
2115 368 2388 435 synodum,
2432 383 2547 435 quze
2585 367 2636 419 in
2668 367 2766 420 hac
2815 369 3004 422 iterum
3051 373 3226 428 divina
3270 373 3486 446 Deoque

269 466 428 535 ἁγίων
456 461 689 532 Πατέρων
716 461 874 526 ἡμῶν,
905 460 1014 518 ἥτις
1044 461 1108 512 τά
1141 457 1398 531 Θεοδώρου
1426 462 1509 511 καί
1535 462 1829 532 Νεστορίου,

267 553 398 624 πρὸς
436 547 492 604 δέ
530 550 617 624 καὶ
651 545 950 618 Ὠριγένως.
990 544 1204 615 Διδύμου
1247 566 1299 599 τε
1349 550 1436 598 καί
1471 547 1834 621 Εύαγρίουικαί

267 646 371 692 τῶν
418 637 741 707 ἀμφάύτούς
770 633 1044 697 κακοδόξων
1077 635 1236 689 ἀσεϐῆ
1285 633 1535 705 δόγματα,
1574 636 1700 692 τέως
1745 629 1849 701 μέν’

270 729 413 800 παρά
469 733 574 784 τοῖς
619 724 815 782 πολλοῖς
850 726 1190 798 κρυπτόμενα,
1238 730 1506 777 τηνικαῦτα
1547 721 1600 775 δὲ
1645 729 1834 795 πικρῶς

274 813 553 888 ἀναφυέντα
605 817 693 868 καὶ
745 813 1194 870 ἁναϐλαστήσαντα
1246 813 1474 880 ἐξέτεμε*
1534 807 1682 865 δι’ὦν
1735 816 1833 884 γὰρ

277 903 426 957 αῦτοί
484 900 762 974 ἰληρὼδουν
823 900 1241 969 μυθολογημάτων
1265 936 1279 960 ,
1327 897 1568 968 Ἰουδαϊκῇ
1633 917 1687 950 τε
1750 900 1836 950 καί

277 991 528 1066 Ἐλληνικῇ
593 991 775 1062 μᾶλλον
798 1027 815 1054 ,
872 988 902 1046 ἦ
959 993 1280 1060 Χριστιανικῇ
1341 985 1457 1055 δόξῃ
1511 985 1836 1041 ἐπηκολούθη-

279 1101 397 1134 σαν.

345 1184 490 1252 Ἐξῆς
534 1192 625 1244 τῆν
659 1187 801 1242 ἕκτην
841 1193 938 1239 τῶν
974 1185 1046 1256 ρο’
1093 1187 1235 1260 ἱερῶν
1271 1185 1460 1262 ἀνδρῶν
1502 1190 1834 1258 οἰκουμενικὴν

280 1275 488 1332 σύνοδον
551 1280 631 1330 καί
687 1274 843 1334 animi?
891 1279 1019 1332 κατὰ
1071 1283 1222 1331 τοῦτο
1286 1279 1342 1332 τὸ
1396 1278 1644 1348 βασίλειον
1701 1275 1832 1331 ἄστυ

280 1371 609 1438 συνηγμένην,
639 1371 723 1422 καὶ
759 1375 855 1422 τῶν
881 1370 1011 1422 κατά
1036 1369 1252 1439 Χριστόν
1281 1370 1474 1437 φύσεων
1500 1371 1592 1426 τάς
1617 1389 1670 1422 τε
1709 1366 1833 1420 ἰδιό-

279 1479 432 1516 τητας
471 1460 558 1510 καί
593 1459 824 1529 φυσικάς-
846 1459 1095 1534 ίνεργείας
1132 1460 1222 1512 καί
1257 1459 1476 1517 θελήσεις
1524 1458 1830 1530 κηρύξασαν,

278 1548 716 1615 ἆναθεματίσασαν
745 1543 797 1600 δέ
821 1545 1076 1618 Θεόδωρον
1099 1547 1188 1600 τὸν
1218 1555 1309 1605 τῆς
1345 1549 1506 1620 Φαράν
1543 1548 1831 1609 ἐπίσκοπον,

280 1640 359 1688 καί
394 1639 650 1708 Ὁνώριον,
701 1632 853 1704 εὗρόν
903 1655 955 1689 τε
1002 1637 1084 1689 καί
1126 1636 1344 1709 Σίργιον,
1387 1636 1596 1706 Πύρρον,
1647 1635 1834 1688 Παῦλον

282 1727 364 1777 καὶ
399 1727 603 1796 Πέτρον,
641 1727 757 1783 τοὺς
795 1729 1130 1797 συγχωρήσει
1177 1734 1302 1781 Θεοῦ
1341 1728 1468 1779 κατά
1512 1731 1600 1782 τὴν
1637 1723 1833 1782 Ἐκκλη-

279 1816 394 1866 σίαν
448 1815 498 1865 έν
657 1815 902 1885 ἱερωσύνῃ
950 1817 1325 1889 είσφθαρέντας’
1364 1813 1438 1868 ἔτι
1465 1816 1547 1866 καί
1582 1814 1834 1885 Μακάρων

282 1901 699 1972 τὸνἌντιοχείᾳκ
750 1901 1095 1970 ὀνομασθέντα
1151 1903 1428 1977 πρόεδρον,
1469 1906 1553 1956 καί
1599 1904 1834 1973 Στέφανον

279 1998 363 2049 τόν
415 1998 599 2051 τούτου
647 1995 904 2063 μαθητήνο
945 1997 1072 2068 πρὸς
1115 1995 1166 2049 δὲ
1217 1998 1297 2049 καὶ
1347 1994 1709 2066 Πολυχρόνιον,
1748 1995 1834 2047 τόν

281 2087 582 2156 νηπιόφρονα
618 2068 848 2156 γέροντα·
889 2083 934 2138 οἳ
971 2083 1020 2138 ἓν
1066 2086 1266 2154 θέλημα,
1312 2087 1395 2138 καί
1437 2086 1552 2155 μίαν
1591 2084 1834 2154 ίνέργειαν

283 2175 364 2228 ἐπὶ
409 2181 500 2229 τοῦ
555 2181 778 2244 Σωτῆρος
854 2175 989 2243 ἡμῶν
1047 2172 1272 2246 Χριστοῦ
1326 2175 1410 2226 καὶ
1469 2178 1594 2225 Θεοῦ
1662 2169 1834 2234 ἐδόξαο

285 2267 385 2326 ζον.

351 2439 459 2490 Ἐπί
494 2435 683 2496 ταύτης
714 2435 765 2490 δὲ
807 2436 950 2490 πάλιν
978 2438 1060 2488 καί
1097 2435 1224 2504 μετὰ
1252 2437 1416 2486 ταῦτα
1442 2436 1529 2489 τήν
1557 2432 1607 2482 ἐν
1648 2430 1836 2499 Νικαὶᾳ

290 2527 349 2582 τό
378 2525 610 2598 δεύτερον
649 2527 984 2580 συνελθοῦσαν
1009 2529 1103 2576 τῶν
1125 2524 1174 2574 ἐν
1210 2529 1313 2581 τοῖς
1341 2518 1445 2572 καθ’
1467 2522 1598 2588 ἡμᾶς
1625 2517 1834 2588 χρόνοις

287 2620 356 2690 ρν¹
405 2618 636 2688 Πατέρων
689 2613 900 2683 ἑϐδόμην
937 2616 1019 2667 καὶ
1055 2613 1185 2686 ἱερὰν
1223 2609 1428 2665 σύνοδον
1455 2650 1468 2673 ,
1513 2611 1622 2666 ἧτις
1666 2609 1836 2666 πάσας

288 2708 376 2763 τὰς
404 2706 766 2775 προλαςούσας
803 2703 949 2774 ἁγίας
987 2700 1226 2758 συνόδους
1265 2698 1621 2770 ἑπεσφράγισε,
1651 2699 1736 2748 καί
1772 2695 1836 2749 τά

285 2795 477 2845 τούτων
515 2790 761 2862 δόγματα,
802 2797 901 2845 τῶν
947 2795 1144 2843 σεπτῶν
1192 2790 1276 2840 καί
1321 2788 1458 2861 ἱερῶν
1503 2785 1698 2838 εἰκόνων
1748 2788 1836 2846 τήν

286 2881 510 2949 ἀρχῆθεν
571 2877 972 2950 παραδεδομένην
1039 2885 1100 2946 τῇ
1156 2874 1422 2945 Ἐκκλησία
1494 2869 1836 2944 προσκύνησιν

288 2970 571 3032 ἀνεδέξατο,
611 2967 831 3042 ὁρίσασα
872 2966 1228 3039 παραπλησίως
1265 2964 1419 3020 αύτὰς
1463 2957 1535 3028 τῷ
1574 2961 1718 3028 τύπῳ
1747 2964 1831 3012 τοῦ
1860 3002 1902 3062 C

285 3066 528 3122 ζωοποιοῦ
601 3064 816 3128 σταυροῦ
883 3056 1286 3129 προσκυνεῖσθαι.
1357 3050 1686 3118 ’Δπεϐάλομεν
1740 3056 1830 3106 τῆς

284 3153 572 3210 Ἐκπὺησέας
605 3152 724 3209 τούς
760 3147 996 3220 ἐφ’ῦϐρει
1034 3149 1115 3200 καὶ
1162 3150 1480 3214 καταστροφῇ
1524 3143 1713 3195 τούτων
1754 3161 1832 3192 κε-

279 3241 680 3310 νολογησαντας,
729 3237 816 3289 καί
859 3232 956 3290 τῶν
1005 3227 1312 3306 Χριστιανῶν
1366 3232 1828 3302 κατηγορήσαντας,

291 3327 367 3382 ὅτι
393 3331 460 3386 ὡς
488 3330 615 3385 θεοῖς
643 3327 816 3383 αὐτοῖς
843 3324 1243 3398 προσεκύνησαν
1272 3321 1510 3374 τουτέστι
1539 3315 1826 3379 Θεοδόσιον,

290 3423 564 3485 Βασίλειον,
612 3422 857 3492 Σισίννιον,
881 3420 998 3476 τούς
1052 3415 1336 3488 παροράσει
1391 3417 1514 3466 Θεοῦ
1570 3411 1829 3484 ίερατικῶν

287 3512 458 3582 θρόνων
497 3509 771 3581 ἄρξαντας.

358 3682 445 3732 lati
470 3676 665 3736 ταύτας
701 3679 793 3744 τὰς
821 3675 1076 3750 εἰρημένας
1103 3672 1247 3741 ἁγίας
1295 3671 1633 3742 οἰκουμενικάς
1681 3669 1829 3724 συνό-

288 3765 404 3824 δους
445 3764 790 3832 ἀποδέχομαι,
819 3767 902 3816 καὶ
938 3765 1131 3816 πάντων
1154 3767 1250 3815 τῶν
1281 3761 1508 3830 ἐκκρίτων
1546 3761 1630 3810 καί
1667 3779 1830 3826 μακαο

282 3856 399 3927 ρίων
423 3854 652 3925 Πατέρων
687 3852 750 3905 τά
786 3871 838 3903 τε
865 3849 1087 3920 δόγματα
1122 3850 1204 3900 καὶ
1231 3852 1495 3914 πονήματα
1517 3847 1825 3915 ἀσπάζομαι,

283 3945 356 4003 ὦς’
379 3942 700 3998 διδασκαλίαν
731 3943 1057 3999 ἀνεπίληπτον
1081 3942 1164 3994 καί
1205 3941 1456 4011 σωτηρίας
1492 3939 1728 4002 θεμέλιον,
1755 3943 1830 3992 καί

283 4032 368 4092 οῦς
390 4035 419 4090 ἡ
447 4033 677 4089 καθολική
696 4031 954 4089 Ἐκκλησία
979 4032 1244 4104 προσίεται
1272 4027 1614 4098 ἀποδέχομαι,
1637 4031 1719 4079 καὶ
1746 4025 1830 4085 οῦς

281 4120 623 4186 ἀποτρέπεται
658 4121 1055 4192 ἀποστρέφομαι.
1093 4114 1456 4182 ’Λποϐοἱλλομαι
1494 4113 1545 4168 δὲ
1584 4119 1668 4167 καί
1705 4136 1832 4168 πανο

281 4210 429 4269 τελῶς
457 4210 811 4282 ἆποτρέπομαι
847 4211 965 4267 τοὺς
1003 4207 1102 4263 ἀπὸ
1145 4211 1356 4277 Σίμωνος
1396 4212 1485 4260 τοῦ
1523 4203 1713 4276 Μάγου.
1749 4208 1831 4259 καί

279 4298 440 4370 μέχρι
474 4304 565 4351 τοῦ
626 4295 772 4373 δεῦρο
808 4306 896 4357 τῆς
947 4298 1203 4355 εὐσεϐείας
1257 4297 1577 4349 παντάπασιν
1635 4295 1827 4348 ἁποπε-
1854 4320 1906 4380 D

280 4385 563 4449 πτωκότας,
601 4389 685 4439 καί
736 4384 903 4449 δόξαις
948 4391 1173 4460 πονηρῶν
1217 4384 1479 4456 δογμάτων
1521 4386 1602 4436 καί
1649 4385 1826 4455 φθορο-

280 4468 434 4527 ποιὲἶιν
469 4474 794 4545 ίμφυρέντας,
820 4475 902 4526 καί
940 4478 1027 4530 τήν
1064 4480 1162 4527 τῶν
1211 4471 1360 4542 ἁγίων
1395 4473 1674 4546 παράδοσιν
1715 4473 1832 4526 άθεο

279 4566 548 4626 τήσαντας,
593 4565 676 4616 καί
719 4565 802 4616 τὸν
838 4566 1012 4638 πικρόν
1047 4570 1143 4618 τῶν
1179 4567 1402 4627 ζιζανίων
1437 4565 1628 4638 σπόρον
1674 4585 1828 4618 συναο

279 4651 474 4719 νειμῖξαι
508 4659 570 4722 τῇ
598 4662 689 4711 τῆς
723 4652 1006 4728 όρθοδοξίας
1035 4653 1226 4726 άρούρᾳ
1261 4653 1603 4722 τολμήσαντας
1641 4654 1828 4714 αὐτούς

278 4758 332 4791 τε
383 4740 746 4809 ἀναθεματίζω,
791 4744 872 4794 καί
928 4743 1117 4800 πάντας
1163 4744 1278 4801 τούς
1326 4735 1597 4810 ἑπομένους
1639 4744 1824 4807 αὐτοῖς,

277 4831 358 4880 καί
394 4830 461 4887 ὡς
497 4829 656 4897 λύμην
709 4839 799 4888 τῆς
848 4833 976 4886 κατά
1010 4831 1226 4903 Χριστόν
1273 4831 1561 4890 Ἐκκλησίας
1598 4829 1826 4902 διαπτύω

280 4920 359 4970 καί
391 4926 462 4990 τῷ
489 4921 758 4992 ἄναθέματι
787 4921 1161 4974 καθυποεάλλω.
1195 4926 1353 4992 Ἦμξῖς
1391 4922 1480 4988 μέν
1507 4917 1590 4972 οὖν
1617 4923 1670 4975 τὸ
1712 4921 1828 4988 ἡμέ-

279 5025 418 5079 τερον
453 5010 676 5083 φρόνημα
709 5019 822 5069 τοῖς
869 5012 1268 5082 μακαριωτάτοις
1314 5011 1433 5080 ὑμῖν
1477 5011 1558 5062 καί
1592 5008 1827 5064 Θιοδιδὰ-

279 5114 408 5153 κτοις
459 5099 588 5152 κατά
640 5105 807 5152 ταῦτα
843 5096 1184 5165 δεδηλωμένων
1232 5101 1719 5170 προσπεφωνήκαμεν
1754 5105 1826 5168 τῷ

280 5176 460 5235 ἄνωθεν
513 5185 830 5256 κεκρατηκότι
890 5185 1278 5255 ἐκκλησιαστικῷ
1345 5187 1512 5254 θεσμῷ
1579 5185 1824 5254 ἑπόμενοι,

279 5263 381 5321 οἷόν
417 5291 511 5323 τινι
540 5271 764 5341 ἐμψύχῳ
806 5277 998 5346 κήρυκι,
1027 5281 1096 5343 τῷ
1124 5273 1176 5327 δὲ
1214 5277 1350 5342 ἡμῶν
1378 5273 1828 5346 προσχρησάμενα

279 5362 350 5427 τῷ
389 5358 678 5430 γράμματι,
709 5371 800 5419 τῆς
827 5363 875 5413 ἐν
902 5371 1096 5436 Χριστῷ
1143 5366 1340 5434 ἀγάπης
1392 5366 1475 5416 καί
1514 5365 1641 5434 πρός
1684 5363 1827 5419 ἀλλή·

277 5442 396 5504 λους
429 5451 710 5518 συμπνοίας
755 5450 836 5500 καί
873 5447 1100 5518 ὁμονοίας
1151 5453 1245 5508 τὰς
1287 5449 1466 5521 ἐγγύας
1516 5452 1822 5520 ἐπαγομένω.

278 5537 332 5586 ’Β
360 5529 415 5587 δέ
450 5534 669 5608 ύμτέρα
712 5537 1024 5607 ποθεινοτέρα
1071 5539 1119 5591 ἐν
1168 5542 1324 5613 κυρίῳ
1371 5538 1636 5612 ἀδελφότης
1682 5542 1822 5608 ἀμεί-

1935 460 2139 513 addicta
2204 460 2413 512 civitate
2455 467 2657 523 coacta,
2713 461 2872 528 impia
2909 461 3190 528 Theodori,
3237 464 3489 533 Nestorii,

1931 547 2194 617 Origenis,
2239 549 2464 616 Didymi,
2491 549 2718 617 Evagrii,
2749 550 3178 620 reliquorumque
3207 554 3488 609 haaretico-

1932 653 2050 690 rum
2084 637 2335 706 praedicta
2378 639 2696 690 sectantium
2725 639 2994 708 dogmata,
3032 642 3226 694 dudum
3278 645 3494 711 quidem

1932 737 2053 782 ante
2096 728 2233 795 apud
2274 727 2552 797 plerosque
2603 730 2836 791 occulta,
2879 745 2973 797 per
3021 731 3074 784 id
3113 747 3241 785 vero
3287 741 3492 802 tempus

1931 818 2150 870 acerbos
2177 819 2348 870 denuo
2388 831 2565 872 ramos
2599 818 2942 886 surculosque
2977 819 3321 886 proferentia,
3339 822 3485 889 juste

1931 906 2128 958 excidit
2153 923 2166 957 :
2189 921 2306 973 qua:
2330 907 2471 958 enim
2498 907 2595 974 ipsi
2619 916 2795 960 mente
2817 907 2982 960 delira
3005 917 3057 960 et
3075 906 3312 961 fabulose
3334 909 3495 977 profi-

1933 995 2196 1057 tebantur,
2223 1009 2283 1047 ea
2299 993 2600 1048 Judaaorum
2615 1004 2668 1047 et
2680 1011 3005 1063 paganorum
3026 997 3390 1067 imaginationi
3403 1015 3494 1051 ve-

1931 1082 2066 1144 rius,
2098 1091 2258 1150 quam
2303 1081 2729 1136 Christianorum
2760 1083 2880 1136 fidei
2911 1092 3268 1136 consentanea
3313 1094 3489 1138 erant.

1999 1172 2127 1226 Post
2177 1175 2316 1227 hanc
2343 1181 2396 1226 et
2431 1181 2638 1224 sextam
2667 1188 2879 1240 quoque
2920 1181 3157 1226 sanctam
3185 1182 3237 1226 et
3266 1187 3496 1228 cacume-

1933 1265 2104 1317 nicam
2132 1264 2230 1316 170
2259 1272 2564 1317 sanctorum
2609 1265 2849 1316 virorum
2889 1265 3170 1332 synodum,
3211 1265 3402 1318 iterum
3430 1266 3487 1318 in

1931 1351 2074 1421 regia
2101 1352 2196 1403 hac
2217 1352 2348 1403 urbe
2390 1360 2761 1420 congregatam
2788 1365 3035 1413 veneror,
3075 1367 3192 1419 qua:
3213 1367 3310 1420 pro
3341 1360 3495 1405 natu-

1932 1457 2111 1492 rarum
2149 1440 2352 1492 Christi
2381 1442 2606 1503 ratione,
2637 1440 2875 1507 ejusdem
2901 1455 3110 1507 quoque
3139 1442 3494 1509 proprietates

1931 1529 2305 1597 naturalesque
2351 1531 2708 1598 Operationes,
2747 1538 2803 1582 et
2822 1529 3116 1582 voluntates
3166 1531 3409 1582 distinxit
3427 1545 3490 1582 ac

1929 1619 2254 1687 praedicavit,
2295 1626 2348 1672 et
2391 1619 2727 1672 Theodorum
2765 1619 3070 1686 episcopum
3110 1617 3342 1682 Pharan,
3385 1619 3492 1674 Ho-

1934 1708 2162 1771 norium,
2209 1706 2424 1776 Cyrum,
2461 1707 2726 1774 Sergium,
2779 1709 3064 1777 Pyrrhum,
3112 1707 3352 1771 Paulum,
3403 1708 3497 1761 Pe-

1933 1801 2092 1858 trum,
2120 1796 2207 1862 qui
2230 1795 2492 1863 permissu
2511 1795 2604 1848 Dei
2632 1811 2728 1863 per
2753 1796 3148 1863 corruptionem
3181 1803 3234 1846 et
3256 1795 3495 1849 fraudem

1933 1884 1988 1936 in
2018 1885 2267 1938 Ecclesiae
2295 1886 2655 1939 sacerdotium
2683 1887 3032 1955 irrepserant,
3077 1886 3362 1940 Macarium
3389 1887 3498 1941 An-

1932 1979 2142 2031 tiochiae
2176 1978 2492 2041 antistitem,
2519 1986 2572 2031 et
2612 1977 2940 2046 Stephanum
2994 1977 3208 2030 Macarii
3266 1978 3496 2047 discipu-

1932 2066 2061 2130 lum,
2090 2075 2144 2118 et
2189 2065 2598 2134 Polychronium
2629 2066 2883 2134 puerilem
2922 2066 3270 2132 insanumque
3310 2081 3492 2120 senem

1932 2155 2253 2207 anathemati
2282 2153 2506 2220 subjecit
2535 2171 2546 2205 :
2581 2170 2741 2206 unam
2765 2155 2908 2208 enim
2936 2154 2992 2208 hi
3021 2155 3281 2208 duntaxat
3312 2155 3497 2207 volun-

1932 2255 2116 2310 tatem,
2149 2261 2412 2314 unamque
2451 2247 2815 2314 operationem
2857 2245 3071 2300 Christo
3100 2245 3371 2300 Servatori
3395 2261 3495 2299 no-

1933 2345 2045 2390 stro
2075 2337 2409 2390 tribuendam
2444 2351 2564 2390 esse
2591 2321 2873 2390 docebant.

2001 2425 2217 2492 Recipio
2249 2423 2462 2476 tandem
2511 2424 2793 2491 septimam
2817 2437 3023 2477 sacram
3064 2424 3164 2478 l50
3191 2433 3496 2478 sanctorum

1932 2515 2154 2568 Patrum
2182 2514 2441 2583 synodum
2485 2522 2668 2567 nostro
2703 2514 2805 2566 hoc
2841 2529 2953 2567 zevo
2981 2515 3032 2566 in
3063 2515 3276 2567 civitate
3321 2514 3494 2567 Nicaea

1933 2605 2103 2675 denuo
2134 2603 2478 2664 celebratam,
2504 2619 2621 2670 qua:
2657 2617 2844 2656 omnes
2899 2603 3262 2670 prmcedentes
3306 2617 3488 2660 sacras

1933 2694 2162 2762 synodos
2189 2707 2483 2760 earumque
2525 2691 2773 2759 dogmata
2803 2706 2866 2743 ac
2903 2691 3113 2743 decreta
3156 2690 3495 2744 conﬁrmavit

1933 2789 1985 2835 et
2012 2782 2402 2848 quodammodo
2423 2779 2747 2848 obsignavit,
2779 2795 3159 2848 sacrarumque
3181 2795 3244 2831 ac
3272 2795 3497 2833 venerao

1933 2869 2120 2921 bilium
2163 2868 2459 2936 imaginum
2500 2866 2698 2918 cultum
2727 2865 3199 2930 adorationcmque
3221 2863 3332 2930 jam
3364 2865 3497 2919 inde

1935 2957 2001 3009 ab
2023 2958 2170 3010 initio
2194 2956 2446 3009 Ecclesiis
2477 2955 2725 3007 traditam
2752 2953 3348 3022 suscepitdeﬁnivitque
3378 2969 3484 3007 non

1932 3062 2085 3100 secus
2106 3047 2433 3099 venerandas
2463 3060 2580 3098 esse
2607 3053 2764 3112 atque
2790 3044 3014 3097 vivificae
3042 3045 3216 3097 crucis
3244 3043 3491 3113 effigiem.

1928 3137 2031 3189 Eos
2081 3135 2300 3204 proinde
2360 3150 2426 3188 ex
2471 3133 2722 3187 Ecclesiis
2753 3133 3014 3200 ejicimus,
3054 3133 3143 3200 qui
3199 3133 3251 3185 in
3301 3135 3490 3186 harum

1927 3224 2295 3278 contumeliam
2325 3232 2377 3276 et
2406 3224 2737 3276 eversionem
2789 3222 2925 3275 futili
2981 3222 3296 3291 garrulitate
3339 3222 3497 3275 Chri~

1928 3317 2114 3370 stianis
2141 3317 2419 3378 insultant,
2463 3317 2614 3384 quasi
2652 3317 2870 3369 deorum
2911 3316 3026 3369 loco
3083 3317 3344 3370 hactenus
3378 3316 3493 3370 illas

1926 3405 2153 3457 habeant
2177 3413 2616 3471 venerenturque,
2641 3405 2824 3471 quales
2849 3413 2970 3457 sunt
2998 3405 3328 3458 Theodosius
3356 3445 3369 3466 ,
3394 3404 3494 3456 Ba-

1927 3493 2096 3554 silius,
2124 3499 2177 3544 et
2206 3491 2496 3554 Sisinnius,
2542 3493 2627 3560 qui
2671 3493 2763 3545 Dei
2802 3493 3151 3560 permissione
3171 3493 3487 3560 episcopali-

1926 3579 2024 3633 bus
2040 3581 2253 3633 sedibus
2270 3579 2547 3648 prrefuere.

1996 3666 2104 3718 Has
2128 3667 2304 3733 itaque
2333 3668 2614 3734 praedictas
2639 3682 2819 3720 sacras
2858 3675 2908 3720 et
2934 3669 3289 3721 mcumenicas
3329 3682 3489 3737 syno-

1928 3755 2024 3808 dos
2073 3756 2324 3822 suscipio,
2378 3764 2432 3809 et
2470 3757 2708 3808 omnium
2766 3756 3058 3808 electorum
3107 3757 3492 3824 beatorumque

1928 3843 2143 3895 Patrum
2170 3841 2414 3910 dogmata
2459 3852 2512 3896 et
2538 3844 2808 3910 opuscula,
2854 3844 2912 3895 ut'
2936 3859 3052 3910 qua:
3104 3843 3172 3896 ab
3220 3845 3363 3896 omni
3403 3859 3488 3896 reu-

1927 3931 2278 3998 prehensione
2331 3931 2558 3982 alienam
2600 3931 2899 3983 doctrinam
2955 3931 3249 3997 salutisque
3298 3931 3488 3984 funda-

1929 4030 2164 4074 mentum
2210 4021 2534 4083 contineant,
2574 4035 2639 4072 ex
2675 4019 2852 4073 animo
2883 4019 3223 4086 complector,
3274 4019 3486 4070 demum

1929 4124 2270 4179 quoscunque
2299 4109 2532 4162 Ecclesia
2559 4109 2817 4162 catholica
2849 4108 3055 4175 recipit,
3079 4107 3196 4171 illos
3231 4122 3326 4174 ego
3351 4123 3490 4175 quo-

1930 4216 2032 4270 que
2053 4200 2271 4268 recipio,
2295 4208 2350 4252 et
2371 4214 2716 4266 quoscunque
2739 4199 2839 4252 ista
2864 4207 3160 4263 aversatur,
3189 4198 3304 4251 illos
3344 4199 3487 4266 ipsos

1931 4295 1986 4341 et
2027 4302 2125 4356 ego
2173 4288 2353 4340 itidem
2409 4302 2646 4340 aversor.
2701 4287 2962 4340 Exsccror
2999 4287 3160 4340 etiam
3202 4287 3481 4354 modisque

1930 4378 2172 4430 omnibus
2195 4377 2450 4441 detestor,
2475 4377 2566 4445 qui
2592 4393 2620 4429 a
2653 4376 2869 4431 Simone
2903 4376 3049 4446 Mago
3077 4377 3485 4445 appellationem

1929 4467 2102 4521 sortiti
2123 4473 2174 4520 et
2202 4467 2268 4519 ab
2293 4467 2437 4521 omni
2472 4482 2689 4536 prorsus
2725 4468 2921 4535 pietate
2950 4467 3112 4530 exuti,
3153 4467 3219 4520 ad
3246 4483 3478 4535 prcescn-

1930 4565 2034 4610 tem
2065 4571 2229 4624 usque
2250 4557 2386 4609 diem
2427 4571 2707 4622 pravorum
2753 4555 3150 4624 exitialiumque
3177 4543 3480 4626 (logmatum

1927 4647 2260 4718 Opiniouibus
2315 4654 2620 4698 sanctorum
2661 4645 2997 4697 traditionem
3029 4644 3303 4700 infirmare
3339 4647 3484 4698 viru-

1928 4736 2233 4804 lentumque
2264 4735 2590 4788 zizaniorum
2628 4749 2808 4788 semen
2849 4734 3156 4788 orthodoxa:
3198 4735 3318 4790 fidei
3350 4752 3477 4805 agro

1931 4825 2230 4879 immiscere
2276 4840 2378 4878 non
2423 4833 2670 4888 cessant;
2730 4826 2847 4887 hos,
2901 4825 3140 4892 inquam,
3186 4839 3478 4892 omnesque

1929 4913 2232 4966 eorumdem
2257 4929 2509 4983 sequaces
2544 4929 2810 4976 exsecror,
2838 4923 2891 4966 et
2915 4915 3075 4967 veluti
3118 4914 3478 4966 Ecclesiarum

1931 5001 2126 5056 Christi
2162 5013 2335 5071 pestes
2373 5018 2564 5072 respuo
2585 5015 2637 5058 et
2673 5003 3082 5056 anathematizo.
3125 5001 3232 5054 Nos
3260 5002 3480 5070 proinde

1931 5093 2284 5146 Ecclesiarum
2312 5095 2661 5156 sanctionem,
2697 5108 2813 5160 qua:
2828 5090 2938 5157 jam
2967 5093 3086 5145 inde
3109 5092 3174 5144 ab
3203 5091 3353 5144 initio
3387 5093 3480 5144 oi,»-

1932 5184 2109 5247 tinuit,
2147 5184 2336 5248 secuti,
2386 5185 2532 5238 hisce
2577 5183 2775 5236 nostris
2816 5181 3010 5235 litteris
3036 5181 3197 5234 veluti
3243 5182 3478 5234 animato

1930 5275 2155 5341 quodam
2183 5288 2446 5342 przecone,
2483 5281 2536 5324 et
2565 5270 2839 5324 charitatis
2867 5271 2916 5322 in
2944 5270 3155 5323 Christo
3182 5279 3479 5336 mutumque

1929 5361 2070 5414 inter
2097 5375 2194 5414 nos
2217 5362 2513 5414 concordia:
2538 5370 2591 5413 et
2620 5359 2864 5412 amicitia:
2885 5359 3107 5412 vadibus
3131 5359 3233 5422 usi,
3274 5374 3370 5411 vos
3394 5375 3480 5411 sa-

1925 5447 2170 5502 lutandos
2221 5456 2558 5516 nostramque
2605 5447 2920 5500 sententiam
2969 5445 3115 5498 vobis
3151 5445 3478 5500 beatissimis

1929 5539 2140 5608 Deoque
2187 5539 2386 5594 edoctis
2429 5539 2568 5590 hunc
2607 5538 2658 5590 in
2706 5535 2917 5589 modum
2950 5534 3236 5590 faciendam
3268 5536 3481 5607 putavi-
