3972 6130
435 262 534 329 199

433 456 775 510 sanctissimo
810 453 1128 523 Christoque
1156 454 1351 508 dilecto
1401 452 1777 520 Philadelphia:
1814 453 2002 506 civita-

437 548 505 600 tis
533 545 961 615 metropolitano,
993 546 1060 599 ad
1101 545 1346 599 dilectam
1387 544 1852 611 desideratamque
1890 541 2000 595 fra-

434 636 742 691 ternitatem
767 644 999 693 vestram
1023 635 1338 690 deferendas
1359 635 1693 690 tradidimus.
1724 636 1788 689 Et
1814 650 2004 703 quam-

434 727 516 781 vis
551 741 618 781 ex
662 740 910 781 sermone
945 736 998 779 et
1036 724 1302 793 colloquio
1337 727 1479 793 quod
1535 740 1662 779 cum-
1677 741 1743 779 eo
1785 725 2005 779 miscui-

435 831 574 880 mus,
619 815 983 884 conjecturam
1036 812 1315 877 facientes,
1363 828 1468 867 non
1516 814 1821 868 dubitemus
1870 815 2001 882 quin

431 909 577 962 omni
617 923 737 962 cum
778 906 1109 961 humanitate
1131 920 1252 957 eum
1290 906 1586 973 suscepturi
1622 905 1862 972 laetisque
1883 919 2005 958 ocu-

433 999 498 1051 lis
527 995 792 1064 aspectari
826 995 962 1058 sitis,
991 1009 1241 1062 rogamus
1278 993 1626 1048 nihilominus
1653 1001 1874 1061 propter
1908 1007 2004 1047 no-

432 1093 600 1134 stram
641 1080 985 1150 parvitatem,
1031 1086 1092 1131 ut
1132 1093 1404 1148 germane,
1462 1076 1794 1129 familiariter
1836 1076 2005 1129 bono-

434 1167 691 1235 riliceque
732 1183 765 1220 a
802 1166 951 1220 vobis
997 1166 1294 1234 excipiatur
1341 1164 1741 1230 reﬁciaturque.
1769 1161 1820 1215 ls
1856 1161 1999 1214 enim

434 1265 519 1310 est
544 1258 635 1325 qui
661 1257 874 1310 sincero
900 1253 1209 1322 fervidoque
1238 1251 1431 1306 aﬂ‘ectu
1483 1259 1718 1305 vestram
1758 1250 2003 1304 dilectio-

435 1360 557 1397 nem
606 1340 997 1413 complectitur,
1068 1354 1429 1410 magnumque
1471 1340 1525 1393 in
1554 1339 1716 1393 rebus
1744 1339 2007 1393 ecclesia-

434 1435 584 1490 Sticis
629 1435 862 1488 studium
915 1432 1498 1505 promptitudinemque
1560 1430 1819 1495 declarat,
1867 1430 2005 1484 etin

434 1537 705 1587 sermone,
743 1523 973 1589 vitaque
1006 1521 1336 1590 integritate,
1376 1528 1430 1572 et
1472 1519 1672 1571 virtute
1718 1518 2005 1572 admOdum

434 1613 699 1667 excellere
731 1612 966 1676 videtur,
1019 1610 1111 1678 qui
1151 1610 1313 1664 etiam
1362 1609 1472 1661 Deo
1520 1608 1673 1661 illum
1717 1607 2002 1676 dirigente,

1437 262 1496 320 S.
1533 256 1951 322 NICEPHDBI
1988 252 2492 316 PATRIARCIIE
2533 256 2638 317 ΕΡ.

492 368 755 421 Cmtcrum
781 372 991 420 nostras
1014 363 1177 419 hasce
1199 362 1482 433 synodicas
1508 363 1717 416 litteras
1744 361 1990 415 Michaeli
2020 368 2064 422 Α

3561 261 3662 325 ιοθ

2164 362 2376 431 Μιχαὴλ
2421 361 2474 415 δὲ
2520 370 2592 434 τῷ
2634 360 2898 415 ὁσιωτάτω
2942 361 3284 435 μητροπολίτῃ
3322 369 3415 424 τῆς
3446 371 3473 399 ⁸
3514 365 3657 423 Oth-

2105 450 2280 522 δίλφον
2329 445 2678 520 [συναδέλφου]
2724 448 3058 519 φιλοχρίστου
3106 449 3295 509 πόλεως
3333 454 3402 506 τὰ
3436 453 3661 529 παρόντα

2102 542 2240 608 ἡμῶν
2287 536 2527 593 συνοδικοὶ
2564 539 2843 611 γράμματα
2878 539 3009 610 πρὸς
3049 542 3140 596 τήν
3183 541 3433 613 ἡμετέραν
3470 548 3662 615 ris/mna

2102 631 2248 701 μένην
2278 633 2364 683 καί
2406 630 2634 687 ποθεινὴν
2665 628 2974 698 ἀδελφότητα
3019 631 3423 705 ἐνεχειρίσαμεν.
3456 637 3550 688 καί
3574 655 3664 690 πε-

2100 720 2351 788 πείσμεθα
2377 721 2467 789 μίν
2497 719 2550 771 lx
2577 726 2668 779 τῆς
2694 718 2785 777 ἤδη
2812 719 3171 795 προλαϐούσης
3204 723 3364 775 αὐτοῦ
3403 722 3665 785 ἐντεύξεῶς

2101 828 2157 862 τε
2207 813 2289 863 καί
2325 809 2540 879 ὁμιλίας,
2571 813 2639 870 ὡς
2685 810 2982 884 φιλοφρόνως
3032 811 3319 885 παρ’ύμῶν
3361 811 3668 886 ὁραθήσεται

2102 899 2187 949 καί
2215 894 2546 966 δεχθήσεται,
2574 899 2962 973 παρακαλοῦμεν
2996 897 3050 954 δέ
3075 904 3159 954 καί
3183 895 3269 955 διὰ
3307 906 3398 960 τήν
3427 903 3669 975 ἡμετέραν

2103 987 2430 1062 μετριότητα,
2466 992 2783 1062 γνησιώτερα
2825 992 2907 1043 καί
2949 987 3225 1066 οἰκειετερα
3258 992 3322 1045 τᾶ
3353 1000 3447 1051 τῆς
3474 990 3664 1045 imode-

2106 1083 2207 1142 χῆς
2235 1078 2316 1127 καί
2342 1082 2489 1142 τιμῆς
2519 1078 2602 1129 καί
2632 1076 2969 1136 ἀναπαύσεως
3016 1075 3158 1148 αύτῷ
3200 1078 3322 1150 παρ’
3343 1080 3483 1146 ύμῶν
3526 1082 3662 1149 γενέ·-

2104 1164 2244 1216 σθαι.
2288 1166 2384 1217 Καί
2424 1166 2537 1238 γὰρ’
2561 1168 2646 1218 καί
2672 1166 2803 1240 πρὸς
2846 1171 2937 1224 τήν
2985 1166 3237 1239 ὑμετέραν
3286 1168 3508 1238 ἀγάπην,
3537 1170 3667 1221 πάνυ

2104 1252 2164 1307 τὸ
2191 1251 2374 1324 θερμὸν
2397 1255 2479 1306 καί
2503 1257 2702 1321 γνήσιον
2748 1257 2999 1321 κέκτηται,
3030 1259 3115 1308 καί
3139 1259 3189 1308 ίν
3213 1263 3320 1315 τοῖς
3345 1265 3436 1314 τῆς
3461 1257 3669 1310 Ἐκκλη-

2109 1344 2228 1400 σίας
2253 1345 2540 1415 πράγμασι,
2571 1345 2629 1399 τὸ
2674 1345 2959 1399 σπουδαῖον
2999 1349 3082 1399 καὶ
3111 1347 3363 1422 πρόθυμον
3391 1346 3672 1401 ἐπιδείκνυ-

2105 1453 2212 1496 ται,
2240 1435 2414 1506 ὥσπερ
2444 1438 2527 1488 καί
2553 1435 2601 1487 ἐν
2621 1436 2754 1506 λόγῳ
2784 1439 2868 1489 καί
2908 1437 3003 1506 βίῳ
3030 1440 3114 1490 καί
3153 1439 3307 1512 ἀρετῇ
3334 1440 3392 1491 τὸ
3434 1434 3671 1513 προῦχον

2105 1523 2438 1594 ἀποφέρεται,
2470 1520 2524 1583 ὃς
2569 1527 2653 1577 καί
2680 1525 2844 1591 μέλλει
2891 1532 3017 1579 Θεοῦ
3063 1526 3353 1588 εὐοδοῦντος
3376 1531 3545 1598 τούτῳ
3589 1532 3674 1583 καί

2106 1611 2242 1679 ύμᾶς
2270 1617 2537 1674 κινοῦντος,
2568 1612 2636 1665 τὰ
2678 1619 2771 1671 τῆς
2813 1613 3012 1683 ἀγάπης
3039 1616 3121 1668 καί
3148 1614 3379 1683 ὁμονοίας
3409 1617 3668 1685 σύμϐολα,

438 1702 783 1769 animumque
822 1707 1059 1754 vestrum
1095 1706 1443 1767 permovente
1487 1698 1556 1750 ad
1602 1695 1858 1764 majorem
1910 1712 2007 1752 no-

2110 1704 2343 1756 τουτίστι
2371 1704 2462 1761 τὰς
2490 1700 2667 1774 τιμέας
2690 1704 2831 1771 ύμῶν
2866 1707 3074 1777 κεραίας
3096 1713 3196 1761 τῶν
3223 1704 3272 1761 έν
3303 1695 3465 1781 χερσί
3488 1710 3674 1763 συλλα-

436 1802 604 1845 stram
649 1791 886 1845 laetitiam
933 1788 1265 1858 spiritualem
1291 1788 1772 1859 perfectioremque
1811 1797 2008 1844 nostra:

435 1882 492 1935 in
518 1881 742 1939 Domino
782 1880 1083 1935 dilectionis
1132 1878 1492 1944 affectionem,
1543 1879 1847 1933 dilectionis
1885 1894 2009 1933 con-

438 1970 736 2039 conlisaque
773 1969 1036 2039 symbola,
1064 1971 1167 2023 hoc
1193 1978 1295 2033 est,
1324 1968 1658 2023 venerandas
1684 1979 1894 2023 vestras
1915 1969 2006 2023 lit-

442 2070 587 2114 teras
631 2052 779 2115 hisce
834 2060 1190 2130 presentibus
1260 2060 1649 2129 respondentes
1684 2060 1750 2113 ad
1787 2074 1887 2114 nos
1931 2067 2014 2114 est

433 2149 720 2204 relaturus.
773 2149 1094 2204 Universam
1141 2165 1261 2219 qua:
1297 2150 1571 2204 vobiscum
1593 2151 1705 2220 agit
1754 2150 2010 2205 fraterni-

435 2247 605 2291 tatem
660 2239 952 2307 plurimum
1016 2240 1312 2293 salutamus
1353 2240 1409 2294 in
1461 2239 1699 2294 Christo.
1775 2240 1906 2294 Vale
1959 2241 2013 2294 in

440 2327 692 2382 Domino.
761 2328 867 2383 Ora
925 2343 1026 2397 pro
1075 2330 1251 2392 nobis,
1314 2329 1651 2383 sanctissime
1720 2337 1775 2383 et
1814 2329 2015 2385 beatis-

439 2420 576 2472 sime
627 2418 817 2483 frater,
850 2420 1201 2472 mediatorem
1229 2426 1282 2472 et
1327 2434 1617 2489 synergum
1663 2417 1801 2487 apud
1845 2419 2013 2474 Deum

435 2523 779 2562 communem
829 2518 1115 2578 patronum
1169 2507 1540 2577 fautoremque
1596 2518 1854 2574 nostrum,
1900 2524 2015 2563 ma-

438 2614 605 2667 gnum
651 2600 797 2653 illum
837 2600 1240 2669 principemque
1297 2600 1597 2669 apostolum
1627 2603 1872 2670 adeptus,
1922 2602 2009 2655 cui

435 2702 531 2754 pro
557 2688 711 2743 nobis
734 2689 966 2759 indignis
1000 2690 1139 2744 illius
1166 2691 1336 2744 servis
1368 2690 1785 2745 intercessiones
1817 2689 2010 2746 offerre

435 2796 501 2833 ne
528 2781 786 2850 graveris.
815 2780 874 2833 ln
906 2782 1114 2851 signum
1154 2791 1335 2836 autem
1376 2782 1660 2835 charitatis
1705 2797 1825 2850 quae
1863 2781 2008 2834 inter

436 2885 534 2922 nos
561 2870 618 2922 in
657 2869 883 2925 Domino
912 2872 1214 2936 intercedit,
1255 2872 1500 2925 misimus
1530 2870 1782 2946 fraternae
1813 2882 2009 2926 vestrm

437 2957 752 3013 beatitudini
782 2959 1081 3028 encolpium
1117 2976 1363 3025 aureum,
1392 2960 1542 3027 cujus
1588 2960 1819 3013 alterum
1868 2960 2009 3014 latus

2111 1791 2210 1843 ϐῶν
2238 1793 2515 1864 ἀντίγραφα
2544 1793 2673 1865 πρὸς
2707 1796 2839 1859 ἡμᾶς
2881 1799 3114 1864 κομίζειν,
3149 1799 3221 1869 εἰς
3261 1798 3465 1853 πλείονα
3492 1802 3672 1873 εὖφρο·

2110 1882 2265 1937 σύνην
2301 1877 2438 1949 ἡμῶν
2464 1889 2822 1953 πνευματικὴν,
2849 1886 2929 1938 καί
2953 1886 3290 1959 καταρτισμὸν
3314 1891 3406 1946 τῆς
3432 1888 3484 1940 ἓν
3513 1890 3673 1960 κυρίῳ

2109 1971 2297 2041 φιλικῆς
2323 1973 2459 2041 ἡμῶν
2487 1970 2773 2034 διαθέσεως.
2800 1979 2974 2030 Πᾶσαν
2995 1980 3084 2034 τήν
3108 1978 3203 2029 σὺν
3238 1977 3363 2048 ύμῖν
3392 1979 3442 2031 ἓν
3467 1988 3674 2054 Χριστῷ

2109 2059 2418 2130 ἀδελφότητα
2480 2062 2698 2118 πλεῖστα
2751 2065 3217 2137 προσαγορεύομεν.
3266 2064 3571 2142 Ἐῥρωμίνος
3626 2072 3674 2123 ἐν

2109 2150 2272 2220 κυρίῳ
2320 2151 2617 2222 ύπερεύχου
2669 2153 2827 2223 ἡμῶν,
2879 2152 3125 2225 ἁγιώτατε
3177 2158 3261 2207 καὶ
3320 2159 3675 2232 μακαριώτατε

2111 2237 2316 2308 ἀδελφὲ,
2363 2241 2573 2308 μεσίτην
2621 2244 2707 2294 καί
2754 2243 2992 2318 συνεργὸν
3038 2243 3166 2318 πρὸς
3212 2244 3337 2298 Θεὸν
3381 2246 3468 2299 τὸν
3514 2248 3675 2301 κοινὸν

2108 2327 2401 2400 προστάτην
2433 2331 2516 2381 καί
2553 2329 2893 2403 ἀντιλὴπτορα
2919 2333 3080 2400 ἡμῶν,
3106 2332 3191 2386 τὸν
3223 2333 3383 2404 μίγαν
3410 2337 3493 2388 καί
3528 2356 3675 2412 κορυ-

2109 2424 2249 2487 φαῖον
2299 2418 2578 2473 ἀπόστολον
2623 2421 2941 2488 κεκτημένος,
2991 2417 3030 2492 ᾧ
3079 2423 3174 2480 τὰς
3218 2422 3350 2495 ύπέρ
3389 2425 3527 2491 ἡμῶν
3577 2431 3675 2478 τῶν

2109 2497 2320 2572 ἀναξίοον
2368 2506 2555 2564 δούλων
2599 2510 2757 2564 αὑτοῦ
2807 2511 3069 2576 ἐντεύξεις,
3098 2512 3377 2583 προσάγειν
3412 2518 3487 2581 μὴ
3528 2535 3676 2569 κατο-

2110 2598 2319 2670 κνήσῃς.
2349 2600 2431 2657 Εἰς
2460 2599 2710 2668 σύμϐολον
2746 2597 2801 2654 δὲ
2838 2606 2930 2658 τῆς
2973 2601 3346 2667 μεσιτευούσης
3390 2602 3439 2654 ἐν
3471 2604 3589 2673 ἡμῖν
3626 2604 3675 2657 ἐν

2111 2692 2274 2763 Κυρίῳ
2310 2688 2530 2763 ἀγάπης.
2556 2690 2914 2760 ἀπεστείλαμεν
2957 2698 3019 2763 τῇ
3057 2688 3288 2765 ἀδελφικῇ
3333 2696 3475 2761 ὑμῶν
3514 2714 3676 2761 μακα-

2107 2781 2326 2853 ριότητι,
2372 2780 2625 2852 ἐγκόλπιον
2673 2785 2925 2848 χρυσοῦν,
2955 2776 3012 2832 οὗ
3042 2783 3071 2838 ἠ
3096 2782 3191 2848 μία
3219 2777 3335 2850 ὄψις
3361 2782 3675 2856 κρυστάλλου

2111 2869 2626 2942 ἐγκατακεκλεισμένη,
2674 2870 2706 2926 ἡ
2759 2868 2813 2923 δὲ
2862 2869 3006 2942 ἑτέρα
3054 2870 3364 2940 εἱκωεσμένη
3411 2868 3478 2924 δι’
3499 2873 3679 2943 ἐγκαύ-

2113 2981 2264 3024 σεως,
2295 2961 2381 3013 καί
2407 2958 2543 3018 ἐντὸς
2571 2957 2601 3012 ἒ
2605 2979 2702 3027 χον
2730 2958 2900 3032 ἕτερον
2929 2954 3208 3029 ἐγκὸλπιον,
3238 2960 3289 3011 ἐν
3319 2955 3357 3029 ᾧ
3383 2960 3489 3013 εισι
3528 2961 3676 3029 μερί-

437 3047 686 3115 crystallo
708 3055 791 3101 est
808 3048 1092 3111 inclusum,
1115 3048 1341 3101 alterum
1358 3063 1519 3117 opere
1531 3048 1673 3102 l'usili
1693 3047 1977 3115 efﬁgiatqu
1996 3068 2009 3119 ;

2117 3048 2198 3109 δες
2224 3054 2322 3103 τῶν
2347 3050 2521 3119 τιμίων
2546 3046 2704 3111 ξύλων
2747 3047 3166 3115 ἐντετυπωμέναυ
3194 3049 3464 3117 πιχάρισν
3508 3048 3679 3102 λευκὸν

438 3136 600 3189 habet
634 3137 689 3191 id
719 3138 861 3190 intra
891 3138 1191 3191 sealterum
1219 3138 1639 3208 encolpium,cui
1654 3140 2011 3206 pretiosorum

438 3227 703 3296 lignorum
753 3228 1027 3297 particula:
1068 3217 1267 3282 caelata:
1318 3230 1533 3284 insertae
1574 3239 1728 3293 sunt;
1783 3231 2014 3284 accessit

441 3317 524 3371 bis
558 3316 843 3371 candidum
872 3318 1205 3383 sticharium,
1236 3327 1291 3371 et
1315 3320 1549 3372 castanei
1573 3320 1767 3373 coloris
1801 3329 2014 3373 contex-

441 3415 552 3458 tum
592 3405 925 3474 phenolium,
971 3415 1081 3460 tum
1122 3408 1532 3476 cpitrachelium
1570 3424 1782 3478 quoque
1822 3418 1878 3463 et
1924 3424 2012 3462 en-

440 3494 669 3547 chirium
692 3510 825 3548 auro
848 3496 1118 3566 variegata
1149 3505 1203 3551 et
1222 3507 1429 3551 ornata.
1460 3499 1648 3552 lsthaec
1673 3498 2007 3569 mnemosyni

442 3582 559 3636 loco
591 3584 669 3637 ad
706 3580 1106 3638 misericordem
1143 3584 1293 3638 illum
1341 3587 1697 3655 apostolatum
1738 3588 1847 3641 Deo
1876 3588 2010 3641 duce

442 3671 809 3725 transferenda
836 3672 1206 3743 submisseque
1230 3673 1500 3728 offerenda
1539 3675 1751 3729 sindoni
1794 3675 2007 3745 elegan-

442 3772 524 3816 ιρι·
577 3763 775 3818 involvi
829 3764 1183 3833 plumbcoque
1236 3766 1412 3837 sigillo
1461 3767 1739 3839 obsignari
1790 3768 2008 3822 curavi-

444 3868 584 3906 tuus.

514 3981 537 4008 ιι
592 3967 687 4023 llic
732 3968 925 4025 desinit
963 3970 1130 4024 codex
1162 3968 1526 4038 Siguierianus
1560 3953 1835 4041 postremo
1870 3966 2005 4021 folio
2041 3963 2303 4019 abscisso.

2115 3143 2198 3192 καί
2227 3139 2470 3211 φαινὸλιον
2496 3140 2737 3192 κάστανον
2753 3135 2970 3215 ἅρῥαφα,
2992 3136 3356 3210 ίπιτραχήλιον
3381 3139 3469 3190 καί
3506 3138 3681 3210 ἐγχεί-

2117 3249 2241 3300 ριον,
2273 3229 2626 3298 πεποικιλμένα
2671 3234 2880 3299 χρυσῷ.
2923 3228 3026 3280 Καὶ
3061 3231 3225 3280 ταῦτα
3267 3223 3521 3296 δεχομένη
3550 3233 3679 3282 Θεοῦ

2117 3317 2407 3378 εύοδοῦντος
2448 3321 2531 3372 καί
2555 3317 2891 3380 διασώζοντος
2914 3315 3179 3389 μετριάσει
3206 3317 3334 3389 πρὸς
3359 3319 3450 3374 τήν
3478 3318 3679 3390 οἰκτρὰν

2117 3406 2306 3466 ταύτην
2352 3411 2679 3478 ὑπομνήσεως
2727 3407 2906 3479 χάριν,
2939 3403 3240 3468 ἀποστολὴν,
3264 3408 3427 3458 ταῦτα
3454 3405 3506 3456 ἰν
3534 3404 3675 3475 ὀθόνῃ

2119 3502 2315 3571 εὐφυῶς
2353 3497 2743 3568 διατυλιχθέντοι
2795 3494 3086 3567 διετάξαμεν
3136 3490 3396 3564 μολιϐδίνη
3437 3491 3679 3564 evomit:

2117 3590 2497 3656 ἐνσημανθῆναι.
