3972 6130
273 247 377 316 soi
1273 232 1590 309 suum
1621 243 2021 309 ADVERSUS
2046 212 2619 308 'tcoxonacnos.
3436 249 3545 315 202

298 366 3511 405 W
1403 386 3161 404 —-———-—-—-——-———————-——-———-———————_.....
3169 395 3511 405 m

3169 379 3536 407 m

1284 492 1557 582 ANG.
1633 491 1842 578 MAI
1925 492 2560 586 PBAEFATIO

389 647 465 709 In
530 647 594 709 S.
635 639 975 729 Nicephori
1020 610 1698 721 Constantinopolitani
1747 640 1978 721 scripta
2039 644 2338 707 adversus
2390 646 2851 715 Iconomachos
2908 650 2988 712 ab
3050 651 3193 731 ipso
3234 652 3420 715 edita.

1132 760 1143 769 '
1479 761 1801 823 (Bibliotheca
1830 766 1989 827 Nova,
2018 771 2054 814 t.
2079 766 2135 826 V,
2171 780 2218 829 p.
2255 768 2325 829 v.)

343 882 387 937 Ι.
434 880 700 937 δειῑειιιηι
731 877 1098 950 Nicephorum
1123 877 1387 933 doctrina:
1416 875 1747 946 pietatisque
1783 876 2004 933 rictibus
2036 892 2261 935 cunctos
2289 881 2600 953 Byzantiitre
2640 881 2904 938 Ecclesia:
2939 895 3061 952 post
3089 884 3542 956 Clnysostomum

267 970 536 1037 praesules
563 982 880 1038 superasse,
920 980 1047 1020 vere
1079 964 1210 1019 mihi
1241 963 1447 1018 dixisse
1472 963 1687 1016 videtur
1713 961 2009 1020 Anselmus
2069 967 2399 1035 Bandurius,
2436 971 2527 1039 qui
2564 969 2704 1025 illius
2738 985 2905 1040 opera
2955 987 3021 1026 ex
3072 988 3211 1026 "I05.
3260 974 3539 1044 ('Olligll'e,

267 1069 323 1113 et
355 1059 572 1113 duobus
606 1057 1002 1126 comprehensa
1036 1053 1402 1108 voluminibus
1424 1052 1589 1107 edere
1637 1053 2041 1129 COllStlllltl‘ill;
2096 1069 2406 1125 quanquam
2445 1057 2563 1125 ejus
2585 1057 2900 1123 consilium,
2945 1075 3049 1112 non
3099 1061 3318 1114 insolito
3348 1061 3543 1114 Imma-

279 1162 477 1200 narum
514 1161 702 1200 rerum
728 1160 880 1208 casu,
919 1152 1104 1211 postea
1150 1139 1396 1196 evanuit.
1435 1139 1566 1194 Mihi
1625 1140 1678 1193 in
1711 1139 1973 1194 Vaticana
2019 1142 2348 1197 bibliotheca
2374 1144 2479 1198 duo
2510 1159 2622 1213 pra:
2652 1145 2869 1199 caeteris
2911 1147 3182 1201 observati
3218 1147 3439 1202 fuerunt
3462 1151 3544 1201 ii:-

276 1235 556 1289 editorum
582 1231 874 1301 Nicephori
908 1230 1234 1299 scriptorum
1264 1228 1519 1283 codices:
1561 1241 1701 1281 unus
1742 1226 1924 1283 in-l‘ol.
1958 1228 2358 1296 pulcherrimus
2390 1238 2567 1295 vetus,
2614 1229 2770 1299 cujus
2803 1232 3036 1301 primam
3079 1234 3330 1301 paginam
3375 1235 3544 1287 habes

277 1321 331 1374 in
373 1321 477 1374 hoc
508 1329 697 1374 nostro
727 1318 1002 1372 volumine
1028 1331 1138 1372 aere
1157 1330 1450 1379 excusant;
1483 1315 1637 1383 isque
1657 1314 1906 1369 continet
1939 1333 1951 1369 :
1996 1314 2045 1370 l.
2077 1315 2489 1385 Apologeticum
2516 1332 2616 1385 pro
2645 1319 2820 1372 sacris
2850 1319 3181 1387 imaginibus
3201 1321 3383 1389 (quem
3408 1321 3542 1375 ilico

272 1409 563 1477 majorem,
591 1419 649 1462 ut
672 1423 700 1461 a
735 1410 947 1461 minore
986 1405 1093 1458 alio
1121 1405 1479 1473 distinguant,
1517 1410 1595 1457 de
1616 1419 1724 1473 quo
1755 1402 1939 1468 mox);
1973 1401 2027 1456 2.
2063 1399 2198 1455 Tres
2223 1405 2486 1458 adversus
2521 1403 2937 1459 Constantinum
2965 1406 3389 1477 Copi-unymum,
3418 1407 3539 1461 lco-
3580 1454 3583 1457 .

273 1499 602 1550 ttoinachum
630 1497 831 1559 dirum,
858 1493 1279 1547 Antirrhcticos.
1302 1493 1454 1544 Alter
1479 1501 1659 1544 autem
1684 1491 1866 1559 (quem
1897 1491 2057 1559 paulo
2081 1491 2255 1543 serius
2279 1490 2584 1560 cmptajam
2614 1490 2854 1546 editione
2888 1493 3110 1563 reperi),
3142 1498 3354 1562 pt'isctts
3383 1510 3538 1564 mque

268 1588 468 1643 codex.
495 1584 834 1652 subjuuetam
873 1578 1095 1635 Nicteno
1131 1594 1170 1633 tt
1203 1579 1435 1633 concilio
1459 1577 1688 1647 praebuit
1734 1576 1869 1630 mihi
1901 1576 2145 1646 ejusdem
2183 1576 2796 1647 Nicephoriorationcm
2828 1594 2923 1634 seu
2960 1581 3198 1634 libellum
3232 1596 3329 1650 pro
3364 1598 3543 1636 sacris

244 1672 404 1726 item
441 1671 792 1740 imaginibus,
813 1684 972 1736 quem
1005 1667 1400 1737 Apologeticum
1421 1667 1674 1719 minorem
1697 1664 1977 1734 inscripsi.
2008 1663 2175 1719 l’orro
2208 1666 2352 1720 hunc
2383 1666 2648 1722 minorem
2677 1687 2704 1720 a
2734 1667 3042 1735 Nicephoro
3075 1668 3247 1722 fuisse
3275 1672 3543 1737 composi-

273 1772 384 1811 tum
421 1762 525 1811 sub
571 1757 752 1811 Leone
779 1757 1061 1818 Armenio,
1091 1756 1295 1824 pariter
1318 1752 1698 1817 lconomacho,
1750 1766 1894 1805 anno
1920 1748 2060 1815 8l3;
2113 1751 2373 1821 majorem
2400 1765 2604 1819 autem,
2642 1764 2898 1826 regnante
2932 1756 3143 1818 eodem,
3173 1771 3264 1809 an.
3289 1756 3416 1819 817,
3442 1768 3557 1811 uer
3648 1758 3651 1759 ⁷

269 1848 575 1901 monstravi
604 1848 657 1899 in
681 1854 832 1916 parte
873 1844 1162 1898 voluminis
1198 1843 1386 1911 Latina
1428 1856 1481 1910 p.
1522 1840 1580 1894 ll
1609 1851 1662 1895 et
1692 1839 1809 1894 I74.
1840 1839 2104 1894 Editiouis
2130 1851 2311 1894 autem
2345 1842 2487 1896 hunc
2519 1843 2764 1897 ordinem
2808 1842 2979 1906 tenui,
3013 1853 3067 1895 ut
3090 1843 3264 1910 prium
3289 1836 3398 1898 uc.-
3431 1846 3541 1897 Au-

269 1936 570 1989 tirrlteticos
600 1949 880 2004 ponerem,
906 1948 1136 2002 quorum
1157 1930 1532 2003 jncrmdiorem
1556 1928 1842 1984 lectionem
1877 1928 1988 1982 l'orc
2017 1928 2321 1982 existimavi
2350 1948 2364 1984 :
2393 1931 2587 1985 deinde
2635 1929 2900 1999 Majorem
2935 1930 3352 2000 Apolagelicum,
3386 1936 3540 2002 cujus

270 2024 566 2092 prolixitas
600 2032 652 2077 ct
682 2021 787 2075 alta
822 2020 1105 2090 theologia;
1132 2031 1312 2074 strues
1346 2018 1517 2072 multo
1544 2018 1719 2087 majus
1749 2014 2115 2070 sludiosormn
2141 2017 2311 2070 otium
2350 2017 2612 2085 requirit:
2637 2027 2820 2087 postea
2857 2017 3117 2073 Collocari
3142 2018 3539 2088 Apologetirum

270 2114 535 2164 minorem
569 2125 688 2163 cum
728 2111 979 2177 adjuncta
1034 2109 1482 2177 interpretatione
1516 2123 1529 2160 :
1566 2106 1796 2174 denique
1828 2103 1993 2157 trium
2046 2103 2517 2159 Antirrheticorum
2551 2118 2604 2159 et
2637 2105 2960 2176 Apologett'ci
3010 2106 3234 2174 iunioris
3282 2111 3535 2163 Latinam

272 2211 407 2250 item
461 2197 991 2266 int-'rpretatiouem,
1027 2209 1150 2248 cum
1180 2195 1326 2248 brevi
1356 2194 1702 2247 mat-:riarum
1732 2190 1935 2246 indice.

348 2285 416 2339 ll.
463 2284 670 2340 Bellum
703 2283 843 2352 apud
870 2281 1100 2337 Graecos
1122 2280 1576 2335 lconoclaSticnm
1602 2295 1724 2333 cum
1754 2279 1902 2334 multi

1972 2297 2058 2334 am
2094 2280 2436 2350 scripserint,
2463 2297 2562 2352 ego
2590 2282 2730 2338 hanc
2755 2285 2972 2353 quidem
2999 2289 3276 2341 cranihcm
3306 2304 3412 2343 nou
3446 2301 3536 2341 rc-

287 2390 527 2442 coquam
568 2389 583 2426 :
619 2371 714 2426 sed
750 2372 874 2439 quia
900 2369 1243 2438 Nicephorus
1280 2368 1332 2421 in
1362 2367 1591 2421 Minoris
1626 2365 1950 2437 .lpologclici
2001 2369 2159 2423 titulo
2186 2372 2261 2422 ait
2289 2385 2347 2423 se
2391 2385 2553 2425 causa
2587 2371 2711 2424 novi
2747 2374 3059 2429 schismatis
3116 2377 3403 2441 scribere,-
3433 2377 3536 2429 hoc

284 2476 458 2514 unum
492 2462 692 2519 dicam,
726 2458 1026 2511 demortuis
1052 2466 1363 2511 sanctarum
1399 2456 1695 2525 imaginum
1730 2455 1976 2511 hostibus
2008 2453 2193 2509 Leone
2244 2455 2487 2512 Isaurico
2529 2467 2584 2511 et
2610 2457 2992 2530 Copruuymo,
3019 2477 3194 2532 eaque
3254 2464 3444 2518 ltatresi
3481 2466 3532 2519 iu

274 2549 512 2601 Νιςειξιιο
539 2562 578 2600 tt
605 2546 840 2600 concilio
861 2560 951 2599 an.
987 2544 1112 2609 787,
1135 2546 1412 2605 damnata,
1435 2558 1623 2596 rursus
1647 2544 1746 2597 sub
1775 2541 1953 2598 Leone
1980 2543 2260 2607 Armenio,
2293 2560 2454 2615 quem
2489 2546 2789 2613 factusjaiu
2822 2550 3129 2616 patriarcha
3152 2548 3527 2620 Nicephorius,

273 2655 372 2690 an.
401 2636 533 2700 8l5,
562 2642 944 2696 coronaverat,
979 2630 1318 2686 e"cineribus
1344 2629 1460 2685 suis
1492 2638 1737 2683 renatum
1767 2632 1973 2684 erroris
2014 2630 2274 2701 hydrum,
2314 2647 2453 2707 novo
2490 2633 2542 2687 in
2574 2632 2815 2690 Ecclesia
2860 2639 3165 2703 schismati,
3198 2642 3263 2694 de
3288 2655 3396 2709 quo
3440 2640 3535 2694 ΝΙ-

275 2724 563 2793 cephorus
600 2714 857 2790 loquitur,
894 2721 1234 2775 occasionem
1264 2717 1565 2784 obtulisse;
1603 2735 1712 2788 quo
1765 2729 2009 2788 tempore
2064 2719 2283 2775 brevem
2334 2721 2512 2789 primo
2581 2721 3003 2791 Apologeticum,
3045 2727 3202 2794 quasi
3244 2732 3535 2795 qttattttlam

274 2811 683 2874 velitationem,
717 2810 930 2864 edidit:
964 2808 1015 2862 in
1051 2821 1156 2874 quo
1187 2820 1365 2859 rrrnm
1398 2817 1674 2874 gesntrum
1704 2805 1815 2873 jam
1853 2808 1976 2862 inde
2018 2809 2085 2862 ab
2130 2808 2286 2862 initio
2316 2811 2525 2863 erroris
2554 2812 2934 2879 compendium
2970 2813 3326 2877 adumbrans;
3374 2816 3532 2870 inve-
3573 2802 3578 2807 ’

274 2902 435 2955 hitur
471 2908 663 2968 postea
686 2898 740 2950 in
772 2886 1048 2965 apostatas
1082 2894 1379 2962 praesertim
1405 2892 1714 2960 episcopos,
1749 2893 1837 2959 qui
1871 2908 1900 2946 a
1929 2895 2050 2951 lidei
2084 2897 2137 2951 in
2173 2895 2392 2952 Nicaeuo
2415 2898 2648 2953 concilio
2670 2898 2852 2967 jurata
2887 2915 3074 2955 rursus
3103 2902 3523 2959 discesserant:

268 2991 363 3042 cui
399 2987 658 3048 concilio,
684 2999 993 3055 quanquam
1021 2985 1194 3037 sacris
1223 2983 1459 3034 nondum
1492 2979 1676 3033 infulis
1705 2982 1985 3048 praiditus,
2013 2982 2354 3055 Nicephorus
2382 2986 2497 3055 ipse
2520 2985 2871 3053 interfuerat,
2899 2990 3081 3059 ibique
3105 3006 3200 3059 pro
3223 2992 3532 3050 orthodoxa
3576 3046 3581 3051 ,

272 3077 536 3132 doctrina
567 3082 943 3144 peroraverat,
972 3081 1030 3124 ut
1061 3069 1181 3138 ejus
1211 3068 1544 3138 biographus
1578 3065 1821 3138 lgnatius
1847 3069 2113 3126 diaconus
2137 3086 2346 3138 narrat,
2381 3083 2438 3127 et
2463 3073 2756 3143 synodales
2779 3085 2935 3128 actus
2963 3086 3250 3131 testantur.
3287 3078 3531 3150 Scripto,

271 3181 337 3220 ut
379 3166 522 3231 dixi,
554 3178 699 3217 anno
730 3162 836 3217 815
870 3161 1074 3213 Minore
1125 3157 1489 3227 Apalogetica,
1519 3167 1735 3210 secutus
1763 3165 1846 3210 est
1875 3157 2384 3215 calamitosissintus
2418 3175 2593 3221 annus
2615 3161 2744 3225 8l5,
2771 3176 2878 3231 quo
2919 3160 3263 3232 Nicrphorus
3287 3184 3313 3221 a
3347 3169 3531 3223 Leoni:

269 3255 544 3311 Armenio
572 3250 931 3307 lronomacho
958 3248 1201 3318 dejectus
1238 3250 1365 3300 sedc
1400 3248 1698 3316 pulsusque
1738 3246 1790 3299 iu
1823 3248 2074 3303 exsilium
2112 3247 2235 3313 fuit,
2269 3259 2392 3316 post
2420 3262 2625 3301 annum
2657 3250 3059 3317 patriarchatus
3092 3269 3318 3317 nouum,
3367 3273 3529 3322 quem

271 3361 430 3401 attno
457 3343 673 3400 scilicet
705 3341 812 3397 80b
855 3334 1190 3409 sttsccp‘eral.
1222 3341 1277 3390 lu
1308 3336 1502 3391 exsilio
1537 3336 1702 3406 igitur
1727 3347 1922 3391 t-tetera
1956 3336 2291 3403 conscripsit
2339 3350 2530 3406 opera,
2555 3353 2748 3407 nempe
2808 3336 3070 3407 Majoreiu
3131 3341 3530 3411 Apologeticum

273 3450 426 3489 anno
464 3431 595 3498 817,
626 3441 681 3486 et
706 3429 903 3484 deinde
949 3426 1358 3489 Antirrhcticos,
1397 3435 1453 3477 ut
1485 3424 1599 3494 ipse
1633 3424 1789 3479 initio
1812 3423 1972 3494 primi
2006 3439 2104 3478 nos
2128 3426 2329 3490 docet;
2354 3429 2528 3479 donec
2558 3441 2702 3480 anno
2725 3424 2852 3490 828,
2890 3431 3342 3497 septuageuarius
3371 3432 3532 3497 obiit,

274 3525 364 3577 vel
392 3523 449 3577 in
478 3522 677 3575 cmlum
702 3518 882 3588 potius
914 3516 1246 3594 fortissimus
1272 3513 1609 3594 orthodoxae
1652 3513 1801 3583 pugil
1833 3513 2093 3570 evolavit.

346 3610 440 3665 Ill.
480 3608 600 3664 .Iam
629 3608 773 3677 quod
799 3608 996 3660 attinet
1027 3605 1095 3658 ad
1122 3588 1533 3666 inanimo”,
1563 3601 1666 3655 etsi
1696 3598 2078 3672 Cupronymus
2108 3599 2304 3654 multos
2331 3609 2459 3653 ante
2481 3614 2655 3654 annos
2676 3601 2785 3654 vita
2813 3592 3156 3666 excesserat,
3181 3605 3534 3660 nihilominus

270 3702 578 3770 prudenter
606 3696 942 3768 Necphorus
973 3700 1140 3749 totam
1177 3708 1329 3747 suam
1356 3703 1545 3745 contra
1577 3688 1964 3745 lconomaehos
1992 3688 2356 3742 invectionem
2381 3687 2433 3741 in
2461 3685 2795 3759 Capronymi
2818 3691 3022 3743 diserte
3048 3706 3250 3747 nomen
3278 3694 3531 3759 contulit,

272 3780 399 3843 tum
435 3799 495 3843 ut
518 3786 745 3841 liberius
767 3786 833 3839 de
855 3788 1070 3837 mortuo
1094 3777 1440 3850 loqueretur;
1478 3789 1587 3832 tum
1621 3778 1745 3846 quia
1780 3786 1988 3831 mutato
2025 3778 2264 3841 nomine,
2303 3786 2360 3829 ut
2382 3776 2458 3830 ait
2482 3791 2667 3845 poeta,
2698 3780 2764 3832 de
2791 3776 2973 3832 Leone
3000 3781 3263 3837 Armenio
3292 3783 3531 3850 vivente,

269 3891 328 3933 ct
351 3875 671 3945 religiosum
709 3871 907 3926 bellum
942 3868 1301 3932 instauraute,
1332 3864 1511 3920 fabula
1544 3858 1655 3920 tota
1697 3866 1975 3920 narrabat.
2005 3862 2153 3917 Nihil
2179 3866 2326 3918 enim
2355 3866 2820 3931 eratevideutius,
2851 3882 3033 3935 quam,
3066 3872 3287 3938 quoties
3312 3871 3525 3940 Copro-

268 3976 476 4035 nyuins
518 3958 844 4022 feriebatur,
884 3957 1044 4011 tcties
1076 3953 1259 4025 jacula
1308 3956 1376 4005 ad
1412 3951 1651 4007 Leonem
1705 3952 1853 4020 paris
1880 3951 2064 4007 meriti
2098 3952 2371 4031 bomipem
2403 3962 2708 4022 penetrare.
2738 3952 2871 4007 Pars
2903 3957 2956 4009 lu
2991 3956 3076 4010 his
3134 3958 3530 4014 Atttirrltettcis

267 4054 655 4118 inexspectata
690 4056 743 4099 et
774 4045 990 4100 curiosa
1026 4055 1131 4106 est,
1164 4050 1242 4095 tot
1266 4039 1354 4094 illa
1393 4040 1670 4109 segmenta
1694 4054 1814 4107 qua:
1857 4040 2161 4094 recitantur
2186 4054 2215 4092 a
2247 4038 2553 4108 Nicephoro
2585 4040 2710 4093 libri
2744 4041 3010 4096 hactenus
3037 4043 3295 4113 incogniti
3335 4048 3527 4100 lconna

267 4156 388 4193 mat
402 4138 622 4202 borum,
648 4132 974 4202 Copronymi
1008 4128 1156 4201 regio
1193 4129 1411 4182 ttotuiuc
1451 4134 1506 4183 ct
1533 4126 1859 4183 auctoritate
1884 4127 2099 4197 scripti,
2130 4143 2293 4198 quem
2327 4127 2679 4197 Nicephorus
2715 4129 3079 4199 particulatim
3127 4133 3318 4186 irridet
3365 4145 3528 4205 atque

268 4228 500 4282 refutat.
539 4223 614 4277 lbi
641 4222 920 4278 enimvero
947 4219 1177 4274 subtiles
1219 4219 1599 4272 haereticorum
1634 4217 1861 4282 tecbux,
1897 4216 2153 4271 simulata
2190 4219 2383 4289 pietas,
2421 4226 2878 4286 argumentorum
2927 4216 3179 4283 fallacia),
3215 4232 3537 4292 caetera-que

263 4313 546 4382 ejusmodi
578 4311 796 4365 fraudes
825 4312 1090 4379 apparent
1116 4324 1130 4360 :
1179 4320 1298 4374 qua:
1319 4305 1500 4359 omnia
1532 4303 1868 4381 Nicephorus
1891 4302 2107 4359 sublimi
2140 4302 2373 4372 ingenio,
2400 4303 2549 4370 gravi
2574 4304 2834 4357 doctrina:
2857 4306 3242 4363 ecclesiastica:
3267 4312 3530 4379 pondere,

271 4405 497 4459 exactis
537 4401 723 4470 logica:
753 4398 889 4452 artis
942 4397 1143 4466 regulis
1196 4394 1397 4449 invicte
1429 4394 1750 4464 promeruit.
1813 4391 1879 4447 Et
1925 4392 1977 4445 itt
2028 4390 2206 4458 primo
2255 4389 2475 4459 quidem
2509 4391 2599 4444 diu
2629 4402 2686 4444 et
2735 4402 2894 4448 acuto
2925 4395 2991 4447 de
3028 4408 3219 4448 natura
3258 4398 3533 4465 imaginis,

269 4495 350 4547 de
383 4498 680 4560 puomtypo
710 4502 804 4542 seu
833 4491 1158 4558 archetypo,
1184 4484 1251 4537 de
1286 4482 1520 4553 pictura,
1553 4481 1620 4535 de
1652 4480 2034 4547 descriptione,
2064 4480 2130 4533 de
2159 4479 2465 4549 hypostasi,
2499 4481 2564 4535 de
2598 4481 2982 4552 cnhypostato,
3018 4494 3066 4537 et
3093 4484 3161 4539 de
3192 4487 3537 4552 circmnscri-

263 4593 368 4654 pto
427 4580 772 4648 potissimum
804 4588 859 4630 et
896 4575 1391 4641 incircumscripto.
1427 4571 1480 4623 lu
1517 4569 1759 4624 secundo
1789 4582 1972 4623 autem
2019 4569 2291 4632 breviore,
2330 4570 2471 4622 inter
2500 4579 2695 4623 caetera
2721 4572 2787 4625 de
2829 4573 3055 4642 angelis,
3109 4576 3173 4629 de
3204 4575 3533 4633 ruanul’actis

274 4669 649 4732 Cherubinis,
675 4678 724 4721 et
755 4667 885 4735 quid
908 4667 1018 4719 sint
1048 4664 1279 4734 γράφειν
1310 4673 1366 4714 et
1404 4659 1769 4731 περιγράφειν
1801 4671 1924 4711 cum
1948 4655 2228 4719 derivatis.
2265 4667 2318 4710 et
2350 4656 2514 4710 multa
2546 4657 2854 4725 huiusmodi
2883 4662 3157 4716 edisserit.
3196 4662 3414 4721 Tertius
3442 4669 3535 4719 de-

264 4764 445 4827 nidue
479 4773 573 4811 seu
607 4768 917 4823 postremus
949 4753 1366 4812 Antirrlteticus,
1402 4751 1556 4801 valde
1589 4749 1832 4816 prolixus
1862 4755 1915 4799 et
1952 4745 2155 4806 varius,
2185 4745 2472 4797 historiam
2507 4747 2704 4813 partim
2739 4760 2794 4800 ct
2828 4750 3128 4804 honorandi
3162 4767 3347 4807 sacras
3398 4756 3532 4807 ima-

265 4851 437 4919 gines
471 4847 710 4899 rationes
748 4844 1061 4913 potissimos
1096 4840 1317 4909 expetiit
1347 4855 1361 4891 :
1387 4853 1618 4906 quarum
1654 4835 1921 4906 pracipua
1958 4841 2043 4887 est
2074 4848 2203 4887 usus
2228 4834 2441 4902 priscos
2467 4843 2524 4886 et
2563 4845 2843 4901 constans,
2885 4837 2935 4890 id
2964 4850 3047 4892 est
3073 4841 3317 4907 traditio,
3350 4840 3535 4896 Eccle-

264 4939 374 4991 sia-
408 4932 715 4993 catholiczr,
760 4945 881 4999 qua:
909 4929 1051 4981 ironi
1089 4939 1141 4982 et
1167 4926 1314 4980 cruci
1346 4924 1640 4978 Dominicte
1674 4936 2086 4993 martyrumque
2124 4931 2179 4975 et
2206 4933 2520 4976 sanctorum
2553 4926 2793 4979 virorum
2839 4927 3085 4995 reliquiis
3121 4937 3175 4983 et
3212 4930 3538 4999 imaginibus

266 5026 427 5079 nullo
458 5033 702 5087 tempore
732 5021 994 5071 honorem
1031 5031 1135 5068 non
1169 5012 1377 5067 tribuit.
1412 5009 1597 5079 Itaque
1629 5009 2041 5074 lcouotnachos,
2072 5012 2161 5078 qui
2206 5012 2496 5066 catholicis
2543 5013 2868 5067 itlttlulull'ici
2896 5016 3074 5068 cultus
3106 5017 3312 5071 Crimen
3341 5019 3537 5088 impin-

263 5115 500 5184 gcbaut,
549 5122 688 5159 nmo
717 5110 988 5159 int-roseos
1019 5104 1173 5157 titulo
1206 5109 1487 5169 nuncupat
1517 5100 1831 5169 Χριστιανοι

1967 5100 2183 5171 γὸρουςε
2238 5100 2441 5156 Praeter
2473 5102 2571 5156 hos
2610 5113 2719 5156 tres
2751 5122 2779 5155 a
2829 5104 2984 5156 nobis
3008 5105 3182 5159 editos
3211 5107 3535 5161 Antii-riteri-

264 5215 389 5260 cos,
430 5194 735 5250 Baudurius
766 5192 905 5246 alios
938 5205 1157 5261 quoque
1206 5187 1496 5257 Nicephori
1537 5186 1924 5241 Aulim/retices
1965 5190 2016 5242 iu
2060 5190 2343 5244 codicibus
2387 5190 2545 5254 vidit,
2589 5205 2785 5261 nempe
2835 5193 2883 5245 1,
2915 5191 3196 5249 Adversus
3242 5196 3532 5251 Ευερωηη,

264 5300 442 5346 secta:
478 5282 887 5340 lconoclistica:
918 5283 1242 5349 principem.
1271 5277 1327 5331 2.
1360 5277 1637 5331 Adversus
1669 5264 2056 5344 Epiphauidem
2090 5286 2540 5330 consectaneum.
2571 5276 2626 5328 5.
2671 5278 2953 5333 Adversus
2987 5295 3081 5335 eos
3104 5283 3193 5350 qui
3235 5282 3536 5339 Salvatoris

264 5376 570 5445 imaginem
597 5373 797 5425 idolum
825 5384 949 5423 eese
985 5368 1262 5421 ditehant.
1309 5364 1692 5417 Verumtamen
1736 5366 1785 5416 hi
1821 5374 1930 5417 tres
1971 5366 2230 5432 postremi
2261 5366 2312 5417 in
2349 5365 2629 5420 Vaticanis
2665 5367 2796 5420 inihi
2831 5367 3111 5424 codicibus
3143 5388 3248 5425 non
3274 5388 3535 5426 occurre-

263 5471 406 5526 ιιςιηι
433 5467 538 5533 (α).
572 5460 691 5515 ,1.ιιιι
727 5458 1072 5513 Theodorum
1107 5470 1323 5524 quoque
1354 5453 1649 5516 Studitam,
1681 5449 1973 5516 Nicephori
2012 5452 2476 5521 contemporalem
2514 5467 2577 5505 ac
2605 5452 2953 5518 familiarem,
2979 5466 3089 5510 tres
3128 5468 3314 5511 contra
3349 5457 3537 5514 lemm-

345 5585 426 5686 l'a')
454 5578 961 5706 Ni‘cgcght‘iggmip)?
987 5573 1162 5627 sacris
1190 5572 1519 5641 imaginibus
1560 5573 1667 5626 vidi
1703 5573 1930 5628 citatum
1972 5573 2136 5627 etiam
2175 5570 2469 5642 a‘Geurgio
2508 5562 2821 5627 llamartolo
2863 5574 2916 5627 iu
2959 5572 3231 5629 Chronico
3271 5590 3375 5631 uis.
3418 5576 3536 5633 Vat.

386 5655 480 5706 b3.
626 5690 641 5706 .
740 5658 796 5706 “,
871 5649 882 5671 ‘
928 5667 959 5698 ι.

316 5694 330 5708 .
362 5649 480 5713 '53,
514 5650 641 5713 t89,
678 5649 796 5711 tea,
838 5649 959 5698 tuo.

265 5671 330 5725 ι).
362 5657 480 5717 '53,
514 5657 641 5713 189,
678 5657 796 5711 I92,
838 5657 959 5698 wn.

562 5734 830 5791 l’A'rROL.
882 5727 998 5786 Gtt.
1036 5721 1104 5783 C.

1948 5814 2039 5822 ὡ-
2290 5819 2316 5822 η
2424 5772 2427 5777 ι
2680 5772 2691 5779 ς
3196 5726 3227 5787 2
