3972 6130
366 146 397 169 “’
423 149 526 213 203
1491 139 1919 216 NICEPHORI

2121 143 2466 203 MARCIUS
2510 142 2617 204 (ΞΡ.
3577 140 3689 209 θοι

423 257 646 314 ruat-hos
669 255 971 326 scripsisse
1023 251 1423 310 Antirrheticos
1451 298 1465 321 ,
1501 271 1660 311 nemo
1693 263 1814 326 post
1859 252 2298 307 Sirmondianam
2349 253 2580 320 ipsorum
2626 250 2918 307 editionem
2960 250 3136 307 nescit
3167 267 3183 305 :
3214 257 3593 308 verumtamen
3631 253 3694 310 bi

430 346 560 398 nihil
624 344 827 421 npstris
852 382 867 408 ,
896 353 1091 413 prater
1121 343 1333 396 titulum
1364 353 1415 396 et
1459 353 1854 412 argumentum,
1887 340 2062 394 simile
2091 340 2307 393 habent.

503 429 591 486 ιν.
634 431 904 485 Caterum
939 439 1065 484 ante
1118 430 1497 483 Antirrheticos
1522 470 1536 496 ,
1567 429 1955 498 Apologeticum
1981 426 2230 496 majorem
2264 427 2556 494 scripserat
2591 427 2640 480 in
2677 426 2850 482 exsilii
2887 427 3088 496 pariter
3118 426 3304 497 quiete
3333 425 3696 500 Nicephorus,

433 533 569 588 opus
625 519 832 585 grande
877 532 942 571 ac
977 517 1232 585 spissum,
1287 517 1591 570 eruditione
1637 515 1892 585 plurima,
1940 512 2353 578 declamatione,
2387 515 2710 579 iuvectione,
2749 515 3155 584 egressionibus
3209 515 3378 570 etiam
3429 515 3601 570 variis
3641 525 3701 568 ct

387 631 391 641 -
436 605 696 675 episodiis
750 605 1042 674 ﬁguratum
1076 615 1239 674 atque
1268 603 1613 658 redundans.
1653 602 1834 672 Stylus
1868 600 2105 654 auctoris
2137 615 2283 664 acer,
2341 611 2452 653 tum
2505 602 2591 654 hic
2622 611 2731 654 tum
2763 602 2817 654 in
2849 601 3233 666 Autirrheticis,
3259 602 3698 656 adversariorum

439 694 616 747 latera
675 702 734 746 et
787 693 1087 762 prasertim
1111 691 1437 762 Copronynti
1469 691 1576 743 alte
1602 689 1941 764 confodiens,
1969 702 2194 754 quorum
2225 687 2428 740 nullum
2453 689 2641 741 vitium
2674 703 2779 741 non
2812 689 3009 742 acerbo
3032 689 3401 744 conviciorum
3435 688 3552 742 sale
3575 704 3700 757 per-

443 779 643 833 fundit.
705 779 996 833 Contendit
1028 778 1173 832 enim
1206 792 1320 843 eos,
1363 786 1559 846 prater
1598 791 1804 830 morum
1849 775 2230 844 turpitudinem
2262 775 2516 844 graphice
2546 777 2900 844 descriptam,
2931 775 3090 829 modo
3127 789 3250 830 esse
3283 774 3701 831 Pbantasiastas

392 896 396 902 λ
439 874 534 920 aut
598 855 1002 934 Monophysitas
1030 873 1081 918 et
1112 865 1437 932 Acephalos,
1479 863 1639 917 modo
1666 861 1897 917 Arianos
1928 870 2018 914 aut
2048 860 2370 916 Manichaos
2405 863 2487 915 vel
2531 861 2778 924 Judaos,
2809 862 3013 916 Christi
3060 877 3123 916 ac
3173 862 3234 916 Β.
3273 861 3460 918 Maria
3524 861 3699 918 infen-

440 953 688 1009 sissimos
740 951 946 1015 hostes,
975 950 1250 1012 ethnicos,
1285 949 1677 1015 Antichristos,
1703 949 1905 1003 diaboli
1937 948 2076 1002 filios
2103 966 2117 1002 :
2150 949 2350 1016 passim
2374 948 2606 1016 denique
2629 947 3173 1011 stolidos,"ebri-osos,
3205 963 3270 1002 ac
3289 947 3505 1003 belluas
3523 949 3706 1018 appel-

441 1043 539 1094 lat.
613 1036 936 1107 Quanquam
972 1050 1165 1107 reapse
1196 1037 1260 1090 ad
1290 1036 1694 1108 Copronymum
1732 1036 1878 1106 quod
1905 1036 2099 1091 attinet.
2132 1035 2268 1089 nihil
2318 1050 2416 1105 par
2448 1034 2704 1100 fceditati,
2735 1035 2978 1103 saevitia,
3028 1035 3399 1104 impietatique
3442 1034 3566 1101 ejus
3599 1036 3704 1088 dici

439 1122 631 1192 potuit.
704 1123 830 1178 Hac
863 1137 1045 1187 narro;
1079 1138 1186 1177 non
1235 1122 1364 1192 quia
1398 1123 1450 1176 id
1481 1122 1909 1177 tam-vehemens
1945 1131 2000 1176 et
2041 1121 2386 1191 prafractum
2435 1122 2808 1178 invectionum
2849 1136 3023 1190 genus
3080 1122 3244 1178 indoli
3279 1137 3415 1178 mea
3452 1123 3704 1193 placeat;

396 1209 547 1265 “sed-
588 1218 648 1264 ut
718 1224 832 1263 rem
879 1218 1039 1279 prout
1081 1222 1140 1264 se
1179 1205 1345 1262 habet
1379 1222 1646 1277 exponam
1693 1225 1705 1261 :
1737 1224 1860 1262 nam
1898 1222 1997 1262 nec
2025 1209 2196 1264 sancti
2227 1209 2538 1281 Hieronymi
2573 1209 3263 1266 ardentioresinvectiones
3293 1209 3495 1264 imitari
3546 1211 3710 1279 Vulgo

400 1320 416 1326 -~
441 1295 706 1351 solemus.
749 1294 1052 1364 Cateroqui
1117 1293 1286 1362 zelus,
1337 1295 1509 1350 honor
1541 1295 1742 1349 Christi
1769 1303 1861 1349 aut
1893 1295 2104 1351 virtutis
2127 1296 2384 1365 oﬂ'ensns,
2409 1298 2668 1374 solemnia
2713 1297 2990 1364 scandala,
3040 1297 3328 1367 impiorum
3368 1299 3706 1366 triumphus,

401 1415 410 1426 ι
434 1385 708 1438 honorum
749 1384 1152 1453 oppressiones,
1179 1381 1454 1452 religionis
1485 1382 1662 1446 ruina,
1688 1378 2053 1452 siejnterdum
2076 1393 2385 1438 sanctorum
2409 1386 2619 1439 animos
2649 1384 3006 1449 inﬂammant,
3032 1387 3138 1440 utii
3159 1386 3459 1453 praesertim
3479 1388 3573 1454 qui
3599 1387 3712 1439 elo-

408 1487 414 1500 λ
443 1471 684 1542 quentia
736 1471 937 1541 impetu
975 1470 1172 1537 valent,
1189 1470 1425 1540 querelis
1449 1480 1504 1525 et
1521 1470 2000 1540 vituperationibus
2016 1472 2134 1526 sine
2157 1469 2493 1526 modo‘frena
2518 1471 2782 1527 relaxent.
2810 1470 2926 1527 lam
2949 1472 3035 1527 hic
3059 1471 3425 1542 Apotogeticus
3453 1474 3508 1527 in
3529 1475 3714 1542 priore

448 1559 533 1615 sui
550 1569 730 1630 parte,
751 1559 871 1615 fidei
893 1559 1207 1615 orthodoxa:
1229 1559 1646 1630 descriptionem
1663 1559 1927 1624 continet,
1949 1566 2001 1612 et
2018 1565 2348 1627 quantopere
2367 1555 2662 1612 Christiani
2681 1558 2750 1612 ab
2768 1557 3090 1612 idololatria
3115 1557 3348 1613 crimine
3403 1560 3588 1613 absint
3611 1561 3712 1614 de-

453 1655 741 1702 monstrat.
764 1647 968 1702 Deinde
986 1646 1039 1702 in
1071 1647 1245 1702 media
1275 1647 1671 1716 quodammodo
1694 1655 1847 1717 parte
1863 1644 2648 1714 complurarecitat-sacrorum
2677 1642 3338 1708 Bibliorum'testimonia,
3371 1654 3432 1698 ut
3453 1647 3714 1701 ostendat

458 1733 818 1788 itloloiatriam
843 1748 872 1787 a
903 1733 1124 1790 Christo
1143 1748 1373 1804 prorsus
1403 1734 1573 1788 fuisse
1595 1734 1946 1797 destructam,
1969 1733 2040 1786 ita
2065 1740 2120 1786 ut
2139 1730 2279 1784 illius
2306 1730 2544 1785 Ecclesia
2569 1730 2766 1786 morbo
2795 1730 2898 1786 hoc
2927 1729 3176 1786 laborare
3200 1745 3306 1786 non
3330 1732 3528 1800 possit,
3549 1747 3715 1786 secus

445 1837 515 1875 ac
535 1821 1141 1892 Χριστιανοκατήγοροι
1195 1817 1442 1876 haretici
1473 1817 2013 1874 calumniabantur.-'l

2142 1829 2194 1872 et
2217 1817 2318 1872 alia
2351 1817 2659 1873 scribuntur
2686 1818 2941 1886 plurima,
2964 1833 3085 1888 qua
3113 1818 3284 1874 ferme
3310 1834 3340 1873 a
3370 1821 3612 1890 capitulo
3637 1820 3710 1875 65

407 1907 734 1962 -~ordinntur
753 1946 771 1972 ,
793 1907 860 1961 de
897 1907 1091 1963 ritibus
1118 1907 1311 1971 variis,
1344 1906 1550 1977 figuris,
1579 1907 1946 1969 tabernaculo,
1975 1921 2123 1970 arca,
2143 1905 2514 1975 praecipueque
2532 1906 2597 1961 de
2627 1905 3058 1961 Cherubinorum
3090 1907 3283 1975 positis
3307 1907 3360 1960 in
3392 1922 3454 1961 ea
3488 1906 3708 1972 formi-,

447 2000 506 2044 et
539 1991 608 2046 de
648 1989 995 2046 Salomoniee
1057 1992 1258 2062 templo
1288 1993 1521 2062 ejusque
1557 1993 1729 2048 sacris
1779 1991 2193 2046 emblematibus
2221 2001 2313 2045 aut
2345 1993 2678 2048 ornamentis
2709 1993 2910 2047 dicitur
2936 2010 2950 2046 :
2981 2008 3102 2064 qua
3138 1995 3319 2048 omnia
3355 1994 3501 2050 sacri
3531 1993 3715 2049 cultus

449 2093 667 2147 genera,
699 2081 765 2134 ad
792 2091 1072 2135 sacrarum
1100 2079 1394 2149 imaginum
1431 2081 1760 2134 suadendum
1795 2082 2205 2133 venerationem
2231 2088 2422 2133 auctor
2446 2079 2631 2132 trahit.
2663 2077 2798 2134 Tum
2833 2080 3018 2135 multis
3051 2079 3355 2149 huiusmodi
3377 2081 3710 2150 disputatis,

419 2167 910 2236 .prascriptionem
943 2166 1174 2236 denique
1197 2167 1634 2237 octingentorum
1661 2181 1928 2220 annorum
1959 2167 2170 2235 arripit,
2195 2164 2260 2219 ab
2281 2165 2531 2220 Ecclesia
2557 2166 2868 2235 primordiis
2892 2181 3067 2238 usque
3094 2169 3162 2222 ad
3182 2177 3396 2223 atatem
3426 2185 3618 2234 suam;
3656 2180 3713 2222 nt

452 2255 583 2307 hinc
615 2255 932 2320 concludat,
959 2253 1219 2308 honorent
1241 2255 1414 2308 sacris
1452 2253 1778 2322 imaginibus
1808 2257 2010 2320 absque
2037 2268 2206 2306 sacra
2245 2252 2582 2320 antiquitatis
2609 2254 2956 2308 accusatione
2989 2254 3176 2324 negari
3211 2270 3314 2309 non
3348 2269 3526 2325 posse.
3562 2255 3711 2309 Jam-

449 2355 581 2395 vero
647 2355 769 2395 cum
805 2356 834 2394 a
883 2339 1181 2410 .Niccphori
1260 2341 1588 2408 temporibus
1622 2356 1792 2410 usque
1841 2342 1905 2394 ad
1933 2339 2268 2408 nostraplus
2293 2353 2454 2408 quam
2490 2339 2634 2394 mille
2663 2340 2791 2395 anni
2825 2340 3187 2406 decurrerint,
3219 2351 3602 2412 perseverante
3631 2344 3712 2395 in-

454 2427 615 2483 terim
680 2427 820 2496 apud
837 2426 1184 2482 ’t-Catltolicos
1237 2440 1516 2481 sacrarum
1553 2427 1843 2498 imaginum
1876 2427 2240 2491 veneratione,
2275 2427 2517 2494 sequitur
2541 2436 2597 2481 ut
2627 2429 2960 2498 praescriptio
2997 2428 3166 2486 multo
3196 2430 3372 2484 adhuc
3416 2430 3713 2500 longavior

457 2514 612 2568 nobis
667 2511 846 2568 faveat
871 2515 1131 2569 adversus
1154 2513 1446 2569 hodiernos
1475 2514 1885 2570 occidentalium
1920 2514 2191 2584 regionum
2225 2513 2630 2579 lconomachos,
2659 2517 2748 2584 qui
2780 2530 2812 2570 a
2840 2515 3094 2572 damnato
3139 2516 3230 2570 ilio
3261 2532 3449 2572 errore
3473 2519 3711 2570 nondum

454 2603 756 2656 discedunt.
775 2601 952 2670 Atque
985 2601 1040 2655 hi
1065 2601 1290 2667 utinatn,
1323 2610 1520 2669 prater
1552 2599 2125 2670 NicephorumJegant
2155 2600 2312 2655 docili
2349 2601 2531 2655 animo
2546 2603 2723 2671 magni
2752 2603 3037 2671 Augustini
3070 2605 3218 2659 loces
3259 2603 3518 2658 classicos
3563 2604 3711 2656 circa

452 2690 711 2743 honorem
759 2687 858 2743 SS.
881 2699 1176 2759 martyrum
1210 2687 1288 2742 De
1324 2687 1384 2742 C.
1416 2687 1483 2741 ο.
1518 2688 1612 2742 lib.
1645 2703 1755 2752 xu,
1789 2703 1908 2756 cap.
1946 2689 2066 2752 ult.,
2111 2702 2316 2742 necnon
2347 2689 2590 2742 eumdem
2631 2687 2825 2742 Contra
2850 2687 3113 2742 Faustum
3139 2689 3472 2744 ManichJib.
3493 2689 3666 2750 xx,2l
3696 2692 3710 2743 !

425 2844 440 2846 ﬁ
521 2775 592 2830 Ὗ.
627 2776 740 2845 Age
773 2789 923 2842 vero,
955 2769 1177 2844 quinam
1211 2789 1361 2829 meus
1391 2776 1443 2829 in
1472 2775 1574 2831 hoc
1601 2776 1806 2830 edendo
1836 2773 2136 2844 Nicephoro
2163 2773 2312 2828 labor
2346 2773 2529 2839 fuerit,
2559 2774 2593 2827 ii
2626 2774 2786 2830 facile
2811 2775 3176 2840 astimabunt,
3210 2777 3302 2844 qui
3334 2775 3520 2846 plures
3580 2792 3713 2831 eru-

459 2867 602 2919 ditos
635 2880 825 2919 saxum
857 2864 908 2917 id
943 2861 1414 2917 versaremolitos
1442 2863 1640 2928 sciunt,
1668 2863 1761 2918 sed
1813 2862 2194 2931 defatigatione
2226 2871 2319 2914 aut
2365 2861 2623 2930 impensis
2657 2862 2946 2917 deterritos
2989 2865 3288 2918 abstitissc.
3320 2863 3454 2916 Nam
3516 2875 3718 2933 prater

457 2953 806 3014 Bandurium,
827 2950 1130 3005 Turrianus
1151 2950 1336 3016 etiam,
1367 2950 1608 3016 Crusius,
1631 2949 2007 3013 Combefisius,
2041 2961 2217 3018 atque,
2238 2959 2300 3002 ut.
2325 2949 2504 3012 audio,
2535 2948 2784 3012 Allatins,
2818 2949 2885 3004 de
2917 2950 3158 3005 editione
3209 2949 3310 3006 hac
3363 2951 3717 3030 cogitarunt;

458 3053 510 3094 τι
547 3039 794 3094 Petavius
821 3039 936 3107 ipse
965 3037 1174 3092 nonnisi
1199 3037 1363 3090 breve
1387 3035 1743 3107 fragmentum
1786 3036 2023 3106 protulit.
2059 3034 2220 3091 Certe
2244 3035 2311 3090 ad
2340 3033 2587 3090 Latinam
2621 3035 3030 3107 translationem
3057 3037 3204 3108 quod
3254 3039 3496 3104 attinet,
3549 3053 3717 3108 quam

463 3125 690 3180 diversis
713 3125 1045 3194 temporibus
1080 3124 1220 3178 inter
1248 3123 1849 3193 varias'occupationes,
1868 3133 1924 3178 et
1959 3124 2118 3177 modo
2147 3123 2200 3176 in
2237 3123 2388 3189 urbe,
2420 3123 2578 3177 modo
2608 3111 2957 3194 peregrinaris
2993 3163 3008 3189 ,
3053 3126 3380 3195 scriptitavi,
3437 3142 3526 3182 res
3589 3128 3720 3196 qui-

463 3219 584 3267 dam
629 3231 721 3283 per
763 3229 823 3269 se
887 3213 1111 3267 molesta
1143 3222 1195 3266 et
1221 3211 1427 3280 prolixa
1459 3213 1672 3268 taditrm
1709 3213 1984 3282 ingerebat
2017 3229 2032 3268 :
2065 3212 2273 3282 perstiti
2303 3222 2501 3276 tamen,
2529 3226 2835 3283 quanquam
2865 3214 3046 3269 multis
3078 3213 3212 3270 locis
3241 3227 3462 3286 pr0pter
3504 3217 3720 3271 theolo-

465 3307 638 3369 giCattt
665 3299 866 3356 Graca
904 3300 1106 3354 schola
1135 3299 1476 3364 locutionem,
1513 3299 1755 3368 aliasque
1797 3300 2059 3363 salebras,
2095 3314 2199 3352 non
2236 3313 2360 3353 raro
2397 3300 2718 3363 astuabatn,
2754 3316 2930 3372 neque
2962 3317 3045 3357 tne
3071 3318 3285 3373 semper
3309 3319 3423 3359 rem
3477 3303 3717 3358 feliciter

466 3387 706 3456 gessisse
738 3395 979 3438 autumo.
1012 3382 1154 3437 Sane
1180 3379 1468 3450 Nicephori
1501 3383 1684 3437 stilum
1727 3383 1972 3446 Photius,
1999 3398 2034 3438 ci

2152 3383 2240 3450 65,
2273 3385 2325 3439 in
2359 3386 2550 3454 primis
2581 3386 2762 3441 laudat
2806 3407 2819 3442 :
2865 3387 3198 3462 Καλλιλεξίᾳ
3229 3406 3291 3442 τε
3345 3389 3442 3444 καὶ
3474 3390 3720 3465 συνθήκῃ

467 3473 626 3540 λόγου
653 3470 1012 3540 κεχρημένος,
1037 3470 1125 3540 οἵᾳ
1152 3469 1218 3522 ἂν
1240 3469 1506 3538 χρήσαιτο
1530 3469 1558 3519 ὁ
1608 3469 1898 3540 ῥητορικὸς
1935 3469 2012 3533 ὡς

2152 3470 2272 3540 leo;
2322 3471 2418 3526 καὶ
2450 3471 2664 3538 τέλειος
2693 3475 2836 3546 ἀνήρ
2889 3493 2904 3530 :
2954 3475 3036 3530 Ea
3066 3479 3339 3531 verborum
3373 3489 3644 3532 renuunt:
3673 3489 3720 3532 et

469 3558 727 3611 orationis
760 3556 1131 3624 compositione
1183 3557 1367 3618 utitur,
1404 3555 1610 3625 qualem
1647 3554 1914 3610 adhiberet
1958 3558 2220 3627 perfectus
2252 3560 2463 3613 omnino
2501 3568 2702 3614 orator.
2760 3559 3012 3617 Profecto
3056 3577 3223 3632 purus
3255 3573 3340 3620 est
3367 3562 3725 3619 hellenismt's

473 3644 780 3714 [\‘icepbori,
807 3643 1103 3698 artiﬁciosa
1133 3653 1187 3696 et
1215 3653 1402 3696 ornata
1427 3642 1680 3707 elucutio,
1714 3658 1816 3698 non
1848 3654 2026 3699 tamen
2058 3645 2223 3700 Attici
2253 3647 2468 3715 generis
2535 3649 2628 3703 sed
2663 3649 2848 3703 Asiani
2886 3667 2902 3717 ;
2939 3650 3048 3704 imo
3103 3666 3208 3705 non
3258 3653 3423 3708 semel
3476 3664 3535 3707 ut
3591 3652 3724 3706 mihi

472 3733 689 3799 quidem
725 3731 936 3785 videtur
985 3729 1279 3798 tautologia
1322 3744 1552 3799 peccans
1585 3729 1664 3782 vel
1688 3729 1876 3785 saltem
1909 3731 2256 3802 perissologia
2294 3752 2306 3788 :
2343 3749 2466 3787 nam
2498 3735 2825 3790 sententiam
2857 3736 3027 3791 semel
3056 3737 3284 3804 dictam,
3315 3740 3419 3794 alia
3480 3755 3605 3793 mox
3648 3756 3729 3792 ra-

477 3824 620 3876 tione
661 3819 914 3888 replicat,
973 3817 1307 3871 multimodis
1333 3826 1630 3871 cornumtat
1664 3826 1718 3870 et
1752 3826 1938 3871 versat
1966 3833 1980 3870 :
2012 3827 2064 3872 et
2087 3819 2229 3888 quod
2255 3819 2343 3873 alii
2383 3835 2489 3875 uno
2518 3831 2789 3876 commate
2822 3822 3161 3891 clauderent,
3213 3826 3259 3880 is
3305 3826 3518 3896 integro
3550 3826 3728 3880 inter-

469 3913 599 3963 dum
658 3907 866 3979 periodi
903 3906 1110 3961 ambitu
1157 3904 1450 3974 expandit;
1483 3904 1736 3974 quodqtm
1759 3911 1914 3958 antea
1946 3905 2178 3968 dixerat,
2208 3904 2389 3960 multis
2407 3906 2601 3961 deinde
2629 3907 2970 3979 interpositis
3001 3910 3053 3964 in
3090 3925 3315 3966 scenam
3343 3913 3521 3966 denuo
3569 3915 3730 3967 rettu-

471 3997 566 4051 cit.
601 3995 912 4065 Aliquando
938 3993 1105 4048 etiam
1138 3992 1225 4046 vel
1254 3991 1423 4046 nimia
1447 3992 1655 4062 ingenii
1692 3994 1960 4058 ubertate,
1993 3991 2078 4044 vel
2112 3993 2412 4064 auagogico
2445 3995 2741 4065 mysticove
2776 4011 2940 4052 sensu
2997 3999 3272 4068 abreptus,
3320 4001 3392 4052 ita
3438 4015 3534 4070 per
3567 4017 3728 4055 sacra

470 4081 638 4136 Biblia
671 4091 918 4152 vagatur,
953 4089 1012 4134 ut
1047 4092 1185 4148 pene
1214 4076 1408 4133 devius
1440 4090 1596 4132 extra
1629 4093 1784 4132 suum
1831 4078 2162 4147 propositum
2190 4078 2447 4135 deerrare
2491 4082 2757 4136 videatur.
2789 4081 3055 4140 Caterutn
3091 4084 3334 4154 Nicepho
3350 4087 3392 4140 ri
3425 4087 3599 4140 dictio
3629 4104 3729 4141 no-

475 4171 596 4224 bilis
633 4180 735 4233 est,
767 4168 976 4232 utdixi,
1007 4166 1211 4230 suavis,
1247 4165 1498 4230 rotunda,
1529 4175 1582 4218 et
1624 4165 1776 4234 quasi
1801 4167 2124 4233 potnpatiea,
2154 4166 2454 4235 cujusmodi
2485 4168 2710 4224 decebat
2734 4170 3042 4237 hominem,
3087 4173 3257 4238 omni,
3302 4183 3359 4226 ut
3384 4174 3459 4225 ait
3485 4172 3732 4243 lgnatius

474 4257 826 4326 biographus,
885 4252 1291 4322 disciplinarum
1324 4263 1524 4320 genere
1553 4267 1582 4303 a
1623 4251 1855 4319 pueritia
1893 4251 2188 4316 excultum,
2229 4254 2546 4309 scribendis
2598 4256 2845 4324 plurimis
2888 4259 2978 4312 diu
3018 4260 3340 4323 exercitum,
3395 4260 3511 4312 otio
3561 4262 3731 4313 etiam

411 4360 445 4406 χ
478 4345 864 4407 abundantem,
907 4348 964 4394 et
990 4340 1247 4393 librorum
1300 4337 1625 4406 optimorum
1649 4337 1979 4406 supellectile
1999 4339 2144 4395 laute
2165 4340 2511 4397 instructum.
2541 4343 2825 4399 Postremo
2849 4362 2951 4400 non
2982 4361 3158 4401 meum
3191 4348 3286 4401 sed
3327 4347 3582 4401 Bandurii
3634 4349 3726 4414 jn-

478 4431 675 4484 ilicium
711 4442 928 4498 ponam,
959 4425 1012 4479 in
1053 4436 1343 4493 conspectu
1374 4422 1623 4492 cogitata
1659 4437 1770 4476 sua
1812 4424 2064 4480 editionis
2109 4426 2183 4480 ita
2225 4427 2516 4497 loquentis.
2549 4430 2746 4496 Quanti
2778 4434 3097 4487 astimanda
3167 4433 3274 4486 sint
3306 4433 3495 4488 isthac
3533 4451 3723 4504 opera,

479 4518 580 4570 ctsi
622 4531 709 4569 res
738 4517 850 4584 ipsa
885 4528 980 4584 per
1013 4527 1071 4567 se
1126 4511 1396 4582 loquatur,
1425 4511 1611 4579 paucis
1639 4521 1816 4566 tamen
1852 4527 2138 4568 recensere
2170 4529 2237 4568 ne
2279 4517 2526 4585 pigeat...
2558 4517 2633 4588 (ὁ)

561 4602 646 4655 γι.
699 4600 820 4656 Jam
856 4600 929 4672 (c)
979 4603 1170 4654 horum
1201 4597 1490 4667 Nicephori
1524 4613 1746 4667 operum
1785 4599 1989 4655 fructus
2019 4599 2176 4669 paulo
2201 4601 2378 4656 adhuc
2408 4606 2810 4660 numerosiores
2838 4609 3106 4662 recenseri
3130 4623 3354 4679 queunt.
3385 4613 3521 4668 Nam
3554 4615 3734 4681 primo

485 4691 669 4743 insunt
705 4686 1006 4742 testimonia
1045 4686 1344 4757 dogtnatica
1413 4685 1480 4740 de
1506 4685 1628 4739 fidei
1657 4686 1888 4740 indubia
1914 4688 2256 4750 necessitate,
2285 4688 2351 4742 de
2383 4690 2752 4745 sacratissima
2781 4690 3145 4759 Eucharistia,
3169 4698 3233 4750 de
3255 4699 3581 4752 auctoritate
3611 4716 3736 4768 per-

492 4775 757 4846 emptoria
788 4774 1002 4829 concilii
1043 4773 1388 4836 acumenici,
1421 4773 1487 4827 de
1514 4770 1770 4826 Romana
1793 4772 2050 4829 Ecclesia
2077 4774 2334 4844 primatu,
2364 4777 2431 4830 de
2468 4778 2798 4847 virginitatis
2837 4779 3062 4844 honore,
3093 4783 3158 4836 de
3198 4785 3408 4852 angelis
3437 4785 3628 4849 multa,
3679 4797 3736 4840 ιιι

482 4865 548 4920 de
575 4863 698 4919 aliis
724 4861 840 4935 (d);
871 4877 939 4917 ne
971 4862 1099 4931 quid
1119 4861 1293 4915 dicam
1319 4861 1384 4914 de
1403 4859 1745 4915 invocatione
1767 4869 2107 4926 sanctorum,
2125 4877 2246 4931 qua
2271 4871 2384 4918 toto
2407 4866 2587 4935 operis
2610 4875 2930 4936 argumento
2947 4872 3377 4925 commendatur.
3408 4871 3546 4925 Sunt
3567 4874 3733 4927 etiam

554 5066 630 5146 (ὁ)
657 5065 786 5146 Qua
826 5065 913 5146 hic
941 5063 1306 5146 rssecayimus
1328 5062 1626 5146 legesnpra
1653 5062 2056 5146 cola-lilium.
2169 5067 2486 5146 feph0_l"llllt,
2520 5079 2682 5139 atque
2735 5071 2837 5125 alia
2889 5072 2955 5126 de
3005 5075 3193 5130 eodem
3232 5075 3538 5146 Nicephoro
3592 5081 3735 5134 dicta

563 5130 634 5204 lc)
675 5130 820 5189 inter
861 5135 918 5188 S.
953 5132 1242 5202 Nicephori
1293 5133 1600 5204 laudatores
1625 5133 1839 5204 excellit
1872 5130 2050 5185 Theo-
2167 5130 2484 5191 honorifica.

485 5201 652 5284 dorus
704 5204 948 5284 Studita,
983 5201 1142 5284 quem
1189 5218 1286 5284 nos
1308 5203 1541 5284 feliciter
1579 5201 1680 5255 hoc
1725 5202 1911 5284 eodem
1970 5217 2062 5251 vo-
2169 5206 2438 5284 _“(tl)_Sic
2473 5221 2686 5284 ex._gr.
2721 5208 2776 5263 in
2810 5209 2961 5279 Apol.
2994 5213 3196 5281 majore
3242 5231 3360 5283 cap.
3406 5215 3501 5284 ‘26,
3556 5219 3732 5275 innuit

488 5278 692 5356 lumine
728 5273 899 5356 .Silltltl
957 5270 1188 5326 edimus.
1226 5270 1345 5324 Fltil
1383 5273 1562 5356 enini.
1585 5272 1811 5356 aqualis
1842 5270 2058 5356 t‘jltSJaC
2167 5270 2508 5356 Fit-epilogus
2541 5270 3282 5356 pulo"!mamimcngiorum
3309 5270 3510 5353 Iugum}
3531 5270 3732 5356 quia];

489 5346 807 5424 familiaris,_
825 5355 879 5396 et
923 5357 1291 5424 atruntnarutn
1322 5341 2057 5424 pronorthotloxiaexantla-
2165 5345 2268 5398 huc
2306 5347 2356 5397 in
2400 5341 2586 5400 Graca
2624 5347 2863 5424 Ecclesia
2889 5355 3242 5424 perseverat)
3294 5341 3730 5419 q_uom."‘,'mmm

494 5426 670 5468 ηνυιιι
697 5415 899 5491 socius,
921 5425 981 5491 et
1008 5413 1224 5491 biennio
1246 5410 1551 5491 anteilltitn
1580 5413 1927 5491 tlentortuus.
1959 5411 2056 5491 lx‘c-
2162 5430 2282 5491 cunt
2313 5431 2412 5491 ego
2470 5421 2820 5491 aspexerim,
2850 5410 2970 5489 ej'us
3010 5410 3425 5491 descriptionem
3479 5426 3571 5480 hic
3607 5410 3731 5483 nun

494 5496 691 5557 gautur
727 5485 865 5552 apud
920 5480 1267 5536 Sirmomlum
1307 5481 1549 5548 epistola:
1580 5482 1805 5533 Hudita
1856 5480 1918 5533 ad
1969 5481 2061 5532 Ni-
2161 5480 2474 5545 subtraham
2507 5480 2917 5544 («Linteolum
2951 5493 3001 5544 iu
3045 5480 3204 5561 (τοῖσιδ’
3229 5497 3406 5550 medio
3442 5513 3598 5562 crux,
