3972 6130
406 132 552 196 407

1476 128 1538 187 s.
1578 94 2001 188 NICEPHORI
2038 124 2548 186 PATRIARCHIE
2585 124 2696 185 CP.

3610 124 3720 189 208

449 244 890 301 Christianorum
945 242 1260 314 religionem
1314 242 1610 313 impietatis
1664 242 1869 298 idolicre
1933 258 2035 312 pn-

2140 238 2488 311 Χριστιανῶν
2529 236 2866 304 θεοσέϐειαν,
2918 236 3237 303 δυσσεϐείας
3295 234 3583 307 είδωλικῆς
3628 237 3725 291 διὰ

389 354 594 417 ~ram,
658 337 832 393 sacris
907 335 1106 392 litteris
1168 335 1435 399 recitatis,
1487 335 1815 405 praecedens
1853 349 2033 389 sermo

2140 333 2241 385 τῶν
2302 331 2466 403 ἱερῶν
2518 332 2866 401 γραμμάτων
2901 331 2931 383 ό
2976 330 3134 399 λόγος
3185 328 3497 401 προλαϐὼν,
3550 328 3723 383 καθα·

409 464 416 471 -
456 430 820 493 monstravit;
860 427 983 483 illos
1011 443 1144 483 vero
1168 428 1261 497 qui
1290 427 1631 497 iniquitatem
1669 427 1722 481 in
1754 426 2030 482 excelsum

404 534 421 561 ι
453 522 620 578 locuti
656 530 790 576 sunt
825 520 841 551 ³
876 534 941 574 ac
974 519 1244 584 meditati,
1276 532 1375 573 ceu
1408 520 1692 573 dementes
1741 519 2033 573 traducens

404 652 407 655 ν
453 614 656 686 abegit.
683 612 840 669 Nunc
862 622 1043 667 autem
1071 610 1302 666 accincti
1321 609 1501 665 denuo
1518 610 1747 664 alterum
1769 609 2034 665 adversus

402 730 427 737 υ
452 706 787 775 impietatem
846 702 1182 774 ingredimur
1221 701 1481 785 stadium.
1531 701 1828 768 Quoniam,
1890 702 2035 756 sicut

400 818 410 831 ·
446 800 560 865 jam
592 807 751 852 antea
784 795 1038 859 diximus,
1063 793 1258 862 duplex
1289 807 1317 847 a
1355 794 1600 849 veritatis
1633 794 1882 849 hostibus
1906 808 2037 848 con-

455 902 537 943 tra
566 885 947 943 orthodoxiam
978 883 1226 953 praelium
1255 884 1647 949 committitur,
1667 899 1767 939 nos
1795 898 2033 954 quoque,

408 968 598 1036 "haud
633 993 791 1035 secus
823 992 984 1047 quam
1015 979 1219 1032 zelotes
1240 975 1501 1042 Phinees,
1534 976 1643 1032 telo
1695 977 1889 1031 armati
1923 977 2035 1046 spi-

403 1085 411 1093 '
456 1076 613 1139 ritus,
656 1083 711 1128 et
737 1069 987 1126 auxiliari
1049 1071 1168 1138 ipsa
1211 1069 1444 1124 veritate
1495 1078 1736 1133 utentes,
1774 1083 1871 1139 pro
1927 1084 2033 1138 qua

454 1177 757 1238 pugnantes
797 1180 1077 1220 armorum
1112 1163 1432 1219 societatem
1461 1161 1739 1228 inivimus,
1769 1170 1824 1216 et
1880 1160 2036 1231 cujus

452 1276 616 1314 causa
648 1257 911 1319 boc,item
944 1256 1101 1312 nobis
1126 1254 1383 1311 obortum
1428 1260 1518 1309 est.
1570 1253 1795 1318 bellum,
1828 1251 2031 1308 Madia-

455 1349 680 1404 ltilifalll
735 1347 1068 1418 impietatem
1130 1359 1254 1400 cum
1294 1342 1674 1399 incredulitate
1710 1342 1950 1412 jndaica,
1983 1341 2035 1397 id

453 1449 542 1495 est.
588 1439 943 1494 mauichteam
985 1436 1194 1492 rabiem
1227 1451 1350 1492 cum
1381 1434 1570 1490 ariana
1614 1434 1856 1503 vesania,
1891 1434 2036 1503 peri—

454 1531 710 1586 rncndam
736 1528 1074 1585 curabimus.

2135 422 2405 492 ρεύουσαν
2448 423 2782 492 ἀποδέδειχε,
2841 422 2972 485 τοὺς
3011 422 3071 475 δὲ
3100 421 3317 475 ἀδικίαν
3369 423 3450 484 εἰς
3486 420 3549 473 τὸ
3586 419 3723 491 ὕψος

2133 514 2575 586 λαλήσαντάςτε
2623 515 2717 567 καὶ
2774 513 3204 584 μελετήσαντας,
3250 512 3613 583 στηλιτεύσας
3645 512 3726 575 ὡς

2134 608 2494 676 παράφρονας
2537 605 2914 678 ἀπερῤἀπισε.
2959 603 3076 658 Νῦν
3105 606 3164 659 δὲ
3204 600 3362 669 αὖθις
3392 605 3490 658 ἐπὶ
3522 603 3726 667 τδ,ἒτε-

2137 715 2230 769 ρον
2283 699 2382 768 τῆς
2433 697 2694 760 ἀσεϐείας
2738 696 3150 766 ἀποδυσάμενοι
3193 697 3425 768 μέτιμεν
3481 695 3722 748 στάδιον.

2147 790 2433 860 Έπείπερ,
2465 788 2609 842 καθά
2643 789 2708 861 δὴ
2735 791 2830 843 καὶ
2867 789 3136 861 πρότερον
3167 789 3303 859 ἡμῖν
3349 787 3584 860 ἐρρήθη,
3614 786 3729 840 διτ-

2134 880 2227 944 τὸς
2252 879 2405 950 παρά
2432 878 2541 931 τῶν
2573 879 2673 950 τῆς
2690 879 2947 950 ἀληθείας
2976 878 3189 950 ἐχθρῶν
3219 881 3249 932 ὸ
3280 880 3539 947 κατάτῆς
3566 879 3727 930 εὐσε-

2135 971 2287 1034 ϐείας
2314 971 2648 1044 συνέστηκεν
2682 970 2850 1040 ἀγὼν,
2911 971 3054 1026 κατὰ
3102 971 3195 1025 τὸν
3242 970 3497 1042 ζηλωτὴν
3538 970 3727 1031 Φινεὲς

2134 1063 2215 1135 τῷ
2250 1065 2590 1136 σειρομάστῃ
2639 1063 3101 1129 καθοπλισθέντες
3135 1064 3232 1119 τοῦ
3263 1046 3608 1133 πνεύματός,
3633 1064 3729 1115 καὶ

2135 1156 2273 1226 αὐτῇ
2312 1158 2379 1226 τῇ
2409 1154 2644 1226 ἀληθείᾳ
2667 1155 2919 1227 συνεργῷ
2951 1159 3249 1227 χρώμενοι,
3282 1156 3424 1226 ὑπὲρ
3453 1149 3523 1226 ἦς
3557 1155 3729 1224 μαχό-

2138 1262 2290 1316 μενοι
2340 1244 2803 1316 συμμαχούμεθα,
2834 1246 2932 1300 καὶ
2974 1249 3004 1299 ό
3054 1243 3248 1316 παρὼν
3315 1246 3452 1315 ἡμῖν
3504 1246 3732 1296 ἐπισυν-

2136 1338 2335 1408 έστηκε
2377 1336 2637 1407 πόλεμος,
2668 1337 2766 1408 τὴν
2786 1338 3105 1392 Μαδιανῖτιν
3130 1336 3321 1390 ἀθεῖαν
3346 1339 3414 1406 τῇ
3453 1333 3727 1403 Ἰουδαῖκῇ

2135 1429 2389 1500 ἀπιστίᾳ,
2423 1427 2521 1498 τὴν
2576 1428 2927 1499 Μανιχαῖκήν
2976 1445 3121 1498 φημι
3154 1426 3356 1480 λύτταν
3390 1427 3459 1496 τῇ
3505 1426 3729 1494 ’Δρεια-

2136 1523 2260 1593 νικῇ
2296 1521 2465 1592 μανίᾳ
2500 1520 3047 1591 συνεκκεντήσοντες.

494 1618 501 1626 ’
527 1621 576 1675 1.
609 1619 666 1675 Si
696 1620 816 1688 quis
845 1620 1025 1688 itaque
1046 1634 1140 1674 eos
1161 1618 1481 1687 interroget,
1500 1615 1718 1671 ubinam
1747 1615 2036 1685 aliquando

2208 1621 2277 1667 α’.
2330 1614 2486 1668 Ἐπεὶ
2514 1608 2610 1667 οὖν
2655 1614 2709 1666 εί
2731 1631 2814 1678 τις
2843 1612 3024 1667 αὐτῶν
3062 1611 3405 1675 διαπύθοιτο,
3457 1610 3567 1665 ποῦ
3595 1628 3731 1666 ποτε

446 1710 802 1766 Christianos
827 1709 1019 1764 idoliea
1055 1708 1338 1773 scandala,
1365 1718 1622 1776 tanquam
1676 1705 1810 1761 deos
1839 1707 2034 1775 depre-

457 1802 747 1858 henderint
781 1804 1091 1868 adorantes,
1114 1800 1243 1868 qttid
1275 1799 1642 1869 respondeant
1673 1813 1779 1853 non
1810 1799 2031 1864 habent,

458 1896 623 1949 valde
641 1905 821 1949 autem
848 1893 1114 1963 vertigine
1143 1893 1415 1954 laborant,
1450 1892 1520 1945 ah
1552 1891 1669 1963 ipsa
1703 1890 1937 1946 veritate
1968 1893 2035 1943 ad

457 1986 652 2040 incitas
680 1984 911 2047 redacti,
935 1994 989 2037 et
1019 1983 1200 2052 lingua
1257 1982 1523 2052 impediti,
1560 1995 1615 2038 et
1649 1984 1829 2037 anima
1885 1991 2037 2037 tene-

456 2074 1131 2142 ιιι-ἱεοιηοιιρτιιο.λΔΙίο‹ιιιί
1180 2074 1346 2127 etiam
1396 2075 1642 2128 sentiunt
1692 2088 1753 2129 se
1812 2088 2037 2143 magno-

457 2182 586 2232 pere
608 2166 874 2221 adversus
888 2164 1056 2220 Deum
1084 2180 1332 2235 peccare,
1351 2167 1479 2223 dum
1498 2170 1553 2221 in
1579 2184 1637 2222 re
1661 2181 1816 2222 sacra
1838 2176 2038 2236 prmter

460 2266 538 2310 tas
567 2260 821 2314 labuntur
868 2274 1162 2327 :-cntnque
1199 2258 1268 2313 iis
1298 2260 1358 2312 lit
1402 2258 1763 2328 exploratum,
1808 2267 2036 2327 quanto-

460 2364 587 2417 pere
613 2348 794 2417 injurii
824 2349 954 2411 sint,
997 2359 1127 2403 tunc
1158 2348 1225 2403 ad
1290 2349 1749 2419 incircumscripti
1803 2350 2037 2402 vocabu-

462 2444 568 2494 lum
606 2440 944 2511 confugiunt.
981 2439 1281 2511 Sperantes
1311 2441 1456 2495 enim
1500 2456 1561 2495 se
1594 2440 1807 2511 injuria:
1846 2453 2037 2494 exces-

458 2546 577 2584 sum
626 2532 821 2597 vitare,
879 2532 1162 2587 honestam
1212 2534 1594 2605 excogitarunt
1654 2535 1877 2590 induere
1928 2531 2033 2587 sibi

460 2639 768 2693 personam,
834 2640 1031 2694 nempe
1089 2624 1545 2693 incircutnscripti
1615 2624 2032 2695 appellationem

458 2731 619 2785 quam
649 2715 869 2772 Christo
896 2715 1202 2770 attribuunt
1230 2732 1244 2770 :
1274 2717 1415 2770 hanc
1432 2717 1530 2771 sibi
1550 2717 1735 2791 veluti
1760 2716 2032 2771 cautelam

456 2809 956 2875 circnmponentes,
985 2816 1069 2872 ut,
1098 2809 1224 2861 dmn
1255 2808 1530 2863 aiuntnon
1552 2816 1815 2879 oportere
1855 2808 2035 2863 facere

460 2900 744 2969 imagines,
782 2897 1071 2953 videantur
1099 2906 1278 2953 tamen
1336 2898 1578 2955 vesania.
1636 2901 1895 2955 adversus
1944 2914 2031 2953 res
2062 2934 2106 2992 Ο

459 3002 677 3044 sant-tas
710 2990 914 3043 crimen
945 2988 1142 3044 vitare.
1176 2989 1340 3057 Atqui
1366 2989 1418 3043 in
1451 2990 1555 3045 hoc
1585 2990 1758 3060 major
1794 2990 2032 3059 ipsorum

459 3079 731 3144 protervia
786 3079 1146 3149 cumperitur.
1181 3077 1453 3134 Malitiose
1510 3080 1709 3149 quippe
1766 3090 2037 3134 conantur

464 3177 626 3224 heum
661 3169 907 3224 laterein
952 3170 1037 3224 his
1058 3171 1459 3239 quaeadversus
1511 3184 1634 3224 eum
1674 3182 1900 3240 peccant
1932 3170 2039 3242 ιϐ

454 3261 660 3316 ςιυιὶιιί.
693 3258 866 3316 Porro
894 3275 1018 3315 cum
1056 3260 1158 3331 ipsi
1192 3261 1413 3317 sibimet
1441 3258 1623 3316 fucum
1668 3261 1895 3330 faciant,
1932 3263 2035 3317 hoc

459 3362 676 3412 domum
711 3358 1082 3428 insipientium
1139 3368 1301 3430 atque
1336 3358 1388 3413 in
1450 3373 1641 3415 errore
1702 3360 2034 3416 versantium

460 3449 721 3511 indicium
740 3458 846 3504 est.

530 3627 585 3682 2.
622 3624 833 3684 Rursus
865 3627 1048 3699 itaque
1071 3628 1124 3683 in
1156 3629 1257 3685 hac
1288 3644 1503 3701 quoque
1528 3630 1823 3702 impietatis
1884 3640 2038 3701 parte

462 3720 816 3776 consentanei
847 3719 951 3776 sibi
984 3731 1129 3777 sunt.
1157 3720 1343 3792 Neque
1371 3724 1517 3778 enim
1564 3723 1854 3779 veritatem
1887 3725 2039 3779 inve-

462 3815 580 3868 nire
606 3811 849 3880 student,
885 3812 982 3869 sed
1032 3812 1296 3869 Mamonae
1347 3828 1735 3882 errorem,cen
1794 3815 2036 3884 regulam

459 3914 517 3959 ul.
549 3912 800 3960 exactam
847 3905 1163 3976 dogmatum
1189 3906 1452 3963 rationem
1489 3907 1541 3962 hi
1593 3908 1781 3962 miseri
1818 3908 2038 3976 adopta-

462 4004 607 4050 rnnt.
660 3993 868 4066 Quippe
918 3996 990 4050 ita
1049 3996 1118 4052 ab
1148 4010 1304 4066 atquc
1332 3995 1623 4052 ratiocinio
1668 4006 2035 4060 recesserunt,

456 4097 508 4140 et
547 4085 867 4155 turpitudini
917 4085 1234 4158 sulfraginm
1289 4101 1447 4151 suum
1483 4088 1867 4155 contulerunt;
1897 4088 2039 4142 unde

463 4178 597 4243 ipsis
637 4194 774 4233 vana
817 4180 933 4234 hmc
966 4180 1211 4233 doctrina
1276 4179 1597 4246 insipienter
1652 4179 1880 4235 conﬂata
1933 4188 2035 4235 est.

2137 1708 2247 1778 ἀρα
2313 1706 2679 1777 Χριστιανοὺς
2737 1706 3037 1770 εἰδωλικοῖς
3101 1703 3583 1776 προσοχθίσμασιν
3653 1712 3735 1767 ὼς

2146 1799 2291 1862 θεοῖς
2343 1798 2637 1870 ἐφώρασαν
2690 1796 3098 1868 ὑποκύψαντας,
3146 1797 3246 1850 οὐκ
3275 1796 3463 1867 ἔχουσι
3497 1797 3525 1849 ὃ
3550 1813 3604 1851 τι.
3636 1795 3736 1849 καὶ

2137 1891 2605 1961 άντιφθέγξαοντο,
2637 1890 2911 1961 ίλιγγιῶσι
2948 1891 3007 1943 δὲ
3032 1889 3271 1960 μάλιστα
3292 1890 3386 1942 ὑπ’
3420 1890 3599 1958 αὐτῆς
3629 1893 3733 1963 τῆς

2139 1985 2400 2055 ἀληθείας
2437 1983 2885 2055 στρεϐλούμενοι,
2932 1983 3028 2036 καὶ
3072 1983 3168 2053 τὴν
3193 1981 3451 2050 γλῶσσαν
3488 1980 3732 2050 δεσμούς

2141 2095 2313 2149 μενοι,
2367 2078 2460 2131 καὶ
2505 2078 2607 2147 τὴν
2645 2076 2828 2147 ψυχὴν
2880 2075 3107 2140 σκότους
3160 2074 3557 2146 πληρούμενοι.
3620 2073 3732 2126 Καὶ

2137 2170 2318 2233 ἄλλως
2371 2168 2792 2238 συναισθόμενοι
2839 2167 2916 2231 ὡς
2976 2167 3099 2219 λίαν
3159 2164 3422 2218 ἀσεϐοῦσι
3471 2164 3543 2216 τὰ
3588 2163 3734 2232 πρὸς

2137 2261 2270 2314 Θεὸν
2297 2264 2411 2323 τοῖς
2445 2262 2611 2331 ἱεροῖς
2651 2259 2909 2329 ἀθέσμως
2941 2258 3400 2330 προσπταίοντες,
3439 2255 3730 2324 ἐγνωσμέ-

2137 2373 2227 2410 νον
2254 2357 2444 2420 αύτοῖς
2477 2356 2601 2408 ὅποι
2631 2355 2700 2407 τὰ
2741 2353 2847 2424 τῆς
2907 2353 3120 2425 ὕϐρεως
3159 2352 3522 2422 ἀναφέρεται,
3571 2368 3727 2420 τηνι-

2138 2447 2318 2502 καῦτα
2367 2446 2642 2518 χωροῦσιν
2704 2447 2798 2499 ἐπὶ
2849 2444 2912 2498 τὸ
2954 2443 3399 2515 ἀπερίγραπτον.
3470 2442 3730 2512 υἰόμενιι

2137 2537 2248 2608 γὰρ
2276 2536 2562 2609 διαδρᾶναι
2610 2535 2671 2588 τὸ
2721 2535 2821 2604 τῆς
2873 2533 3084 2607 ὕϐρεως
3127 2534 3458 2603 ὑπέρογκον,
3515 2530 3732 2601 κομσζνὺν

2136 2627 2436 2696 ἐπενόησαν
2472 2627 2609 2697 ὅπερ
2652 2625 2927 2678 ὑπέδυσαν
2975 2627 3340 2695 ⁴ιινροσωπεῖον,
3403 2624 3492 2677 τοῦ
3526 2628 3731 2693 ἀπερι-

2137 2718 2384 2790 γράπτου
2433 2718 2493 2770 τὸ
2531 2715 2855 2786 πρόσρημα,
2891 2714 2920 2767 ὃ
2961 2715 3027 2782 δὴ
3078 2714 3158 2785 τῷ
3213 2714 3438 2785 Χριστῷ
3489 2715 3734 2783 ἐπιγρά-

2138 2827 2327 2881 φουσι·
2380 2808 2555 2879 ταύτῃ
2596 2807 2757 2878 δῆθεν
2809 2804 3318 2871 κατασκευάζοντες
3346 2805 3409 2858 τὸ
3452 2805 3736 2876 ἀπρόσκοο

2139 2921 2261 2966 πον,
2298 2903 2374 2966 ὼς
2405 2901 2470 2956 ἂν
2493 2899 2573 2971 τῷ
2601 2899 2677 2972 μὴ
2706 2900 2819 2953 δεῖν
2854 2898 3237 2964 είκονίζεσθαι,
3270 2899 3339 2952 τὰ
3369 2898 3464 2951 επὶ
3490 2901 3561 2969 τῇ
3590 2915 3736 2969 παρο

2138 2993 2279 3065 οινίᾳ
2327 2993 2437 3045 τῶν
2480 2990 2655 3060 ἀγίων
2690 2990 2868 3046 ἄτοπα
2931 2989 3355 3058 διαπεφευγέναι
3386 2987 3629 3056 δόξαιεν.
3668 2989 3735 3042 ’Ὀ

2142 3085 2333 3157 μεῖζον
2375 3084 2563 3149 αὐτοῖς
2610 3085 2692 3148 είς
2742 3082 2976 3138 ἀτοπίαν
3031 3082 3348 3153 ἐξεύρηται.
3394 3081 3735 3151 Σοφίζονται

2138 3178 2248 3247 γὰρ
2285 3177 2574 3231 λανθάνειν
2606 3174 2764 3241 Θεὸν,
2806 3175 2892 3243 ἐφ’
2926 3167 3009 3237 οἷς
3035 3175 3117 3238 είς
3145 3173 3311 3227 αὑτὸν
3340 3173 3645 3227 ἀσεϐοῦσιν
3683 3175 3735 3227 οἱ

2138 3268 2428 3322 ἀσύνετον
2491 3265 2752 3337 λελήθασι
2813 3262 2872 3316 δὲ
2931 3261 3010 3333 τῷ
3063 3262 3181 3316 ὄντι
3233 3264 3379 3333 σφᾶς
3418 3263 3629 3326 αὐτοὺς
3684 3263 3737 3316 οί

2122 3351 2509 3429 πλανώμενοι,
2568 3358 2645 3422 ὡς
2693 3357 2756 3411 τό
2810 3372 2874 3427 γε
2939 3356 3171 3418 ἑαυτοὺς
3225 3354 3731 3426 παραλογίζεσθαι,

2137 3451 2244 3506 τῶν
2287 3450 2531 3522 ἀνοήτων
2573 3449 2716 3503 πάνυ
2753 3450 2850 3504 καὶ
2897 3445 3187 3518 σφαλερῶν
3235 3446 3476 3518 ὑπάρχει
3513 3447 3732 3518 τεκμήσ

2140 3560 2275 3616 ριον.

2213 3634 2279 3706 β’.
2331 3634 2502 3689 Πάλιν
2547 3628 2642 3689 οὖν
2672 3635 2777 3688 κάν
2809 3630 2985 3704 τούτῳ
3018 3630 3096 3702 τῷ
3131 3631 3291 3704 μέρει
3336 3630 3439 3702 τῆς
3469 3630 3735 3694 ἀσεϐείας

2140 3724 2357 3786 ἑαυτοῖς
2383 3721 2807 3786 ἀκολουθοῦντες
2837 3737 2853 3753 ο
2883 3723 2946 3775 οὐ
2980 3720 3091 3794 γὰρ
3117 3720 3181 3794 δὴ
3205 3721 3305 3793 τὴν
3334 3723 3433 3792 τῆς
3464 3719 3734 3791 ἀληθείας

2137 3810 2524 3868 διασκοποῦσιν
2574 3810 2820 3882 εὕρεσιν.
2885 3811 2986 3883 τὴν
3021 3812 3135 3871 ,τοῦ
3192 3811 3452 3881 Μαμωνᾶ
3494 3809 3733 3881 πλάνην,

2140 3906 2341 3960 κανόνα
2373 3906 2467 3959 καὶ
2497 3904 2788 3975 δογμάτων
2825 3904 3116 3976 ἀκρίϐειαν
3166 3905 3217 3958 οί
3271 3902 3498 3957 δείλαιοι
3558 3902 3738 3966 ἑξεδέ-

2141 3997 2322 4063 ξαντο.
2352 3996 2509 4050 Οὕτω
2538 3999 2650 4068 γὰρ
2678 3995 2773 4051 τοῦ
2803 3995 3020 4060 δέοντος
3052 3994 3551 4067 παρεκομίσθησαν
3582 3993 3673 4060 λοι
3691 4010 3735 4046 ι-

2143 4088 2307 4157 σμοῦ,
2346 4090 2444 4143 καὶ
2473 4091 2587 4153 τοῖς
2623 4087 2862 4158 αἱσχίοσι
2916 4088 3018 4159 τὴν
3063 4087 3246 4159 ψῆφον
3294 4087 3566 4157 ἦνεγκαν,
3610 4085 3736 4137 ὅθεν

2142 4182 2326 4244 αὐτοῖς
2356 4179 2418 4235 τδ
2443 4181 2551 4234 πᾶν
2573 4180 2673 4250 τῆς
2700 4178 2916 4243 εἰκαίας
2935 4180 3139 4249 ταύτης
3183 4176 3540 4243 διδασκαλίας
3567 4177 3736 4243 rimi;-

460 4269 602 4325 Vere
640 4271 707 4325 de
730 4270 803 4323 ita
832 4269 1195 4323 sentientibus
1241 4283 1387 4324 nunc
1416 4284 1633 4341 quoque
1677 4269 1908 4336 dicetur,
1969 4287 2034 4327 ex

2140 4288 2249 4334 τως
2281 4270 2634 4340 συνέστηκεν.
2683 4270 2894 4332 Ὄντως
2926 4268 3125 4338 ἀληθὲς
3165 4267 3297 4339 περὶ
3326 4266 3434 4319 τῶν
3464 4259 3569 4319 ὧδε
3595 4283 3735 4335 φρο-

459 4364 567 4416 tite
628 4362 1012 4425 Sodomorum,
1069 4376 1189 4416 esse
1259 4362 1422 4417 vitem
1485 4377 1712 4430 eorum;
1756 4364 2078 4435 palmitem,

456 4467 643 4506 eorum
677 4466 741 4508 ex
770 4451 1099 4521 Gomorrha,
1135 4461 1192 4509 et
1250 4470 1407 4509 uvam
1436 4470 1627 4511 eorum
1675 4472 1831 4511 uvam
1871 4457 2033 4518 fellis.

461 4559 730 4619 racemum
765 4559 955 4598 eorum
979 4545 1443 4602 amaritudinem‘.
1462 4545 1710 4619 Namque
1741 4548 2036 4618 impietatis

463 4635 610 4687 illinc
641 4650 909 4690 meracam
938 4637 1106 4691 veluti
1142 4638 1456 4695 haurientes
1499 4642 1943 4703 amaritudinem,
1982 4650 2036 4695 et

459 4727 758 4782 rlahoratis
814 4742 843 4781 a
877 4726 1121 4782 Mamuna
1162 4729 1310 4785 falsis
1340 4730 1535 4785 fabulis
1575 4732 1840 4786 chriatam
1883 4748 2037 4785 incn-

462 4832 565 4874 tem
587 4828 860 4887 gerentes,
878 4820 943 4873 ad
964 4820 1302 4891 prodigiosas
1320 4833 1375 4875 et
1398 4806 1798 4878 irrationabiles
1813 4839 2037 4894 prorsus

456 4909 807 4979 garrttlitates
870 4912 1106 4982 linguam
1191 4913 1588 4968 ahsnrdissime
1671 4924 2035 4967 cummovent.

457 5002 624 5057 Multo
648 5003 831 5074 itaque
862 5019 918 5058 sc
946 5004 1133 5059 labore
1173 5013 1495 5067 atterentes.
1538 5004 1842 5072 multusque
1871 5004 2039 5058 libros

458 5101 871 5162 currumpentes
917 5100 1080 5162 atque
1121 5093 1512 5159 adulterantes,
1539 5094 1911 5162 plurimasque
1951 5094 2032 5145 in-

457 5184 725 5255 elytorum
758 5183 979 5238 Patrum
1031 5186 1355 5247 sententias,
1384 5199 1593 5238 necnon
1622 5195 1677 5237 et
1706 5184 1934 5238 aliut-nm
1967 5185 2036 5237 ab

458 5274 717 5331 Ecclesiae
749 5287 895 5331 metu
925 5278 1274 5347 expttlsornnt
1311 5288 1648 5337 scrutantes.
1673 5277 1878 5344 hasque
1916 5295 2039 5347 pcr-

374 5401 393 5409 ~
460 5369 680 5424 turbare
697 5378 752 5423 et
769 5369 955 5423 l'ttcarc
974 5379 1255 5436 cenantcs,
1276 5369 1445 5423 nihilo
1475 5368 1648 5438 magis
1669 5369 2034 5438 profecerunt.

531 5549 552 5584 ⁸
587 5546 733 5605 Psal.
765 5565 932 5617 Lxxtt,
970 5552 1024 5606 8.
1101 5553 1120 5582 θ
1162 5549 1317 5605 Deut.
1354 5565 1525 5618 um,
1556 5548 1646 5606 5‘23.

2141 4362 2398 4426 νούντων,
2431 4362 2597 4431 φάναι
2625 4360 2719 4415 καὶ
2743 4359 2859 4424 νῦν,
2890 4360 2967 4423 ὡς
2994 4361 3079 4432 εἴη
3110 4359 3171 4425 ἐξ
3193 4357 3445 4429 ἀμπέλου
3475 4357 3735 4426 Σοδόμων

2143 4457 2175 4526 ὴ
2205 4454 2450 4525 ἄμπελος
2495 4453 2700 4520 αὐτῶν,
2731 4456 2765 4523 ἡ
2804 4452 3079 4523 κληματὶς
3102 4452 3283 4505 αὐτῶν
3309 4452 3373 4504 ἐκ
3411 4450 3733 4526 Γομόρρας,

2142 4547 2174 4616 ή
2211 4545 2455 4614 σταφυλὴ
2498 4534 2685 4598 αὐτῶν
2739 4542 2986 4612 σταφυλὴ
3032 4542 3466 4615 χολῆςλβότρυς
3505 4542 3736 4613 πικρίας

2143 4637 2347 4692 αὐτῶν.
2381 4637 2485 4690 Τὸν
2517 4637 2624 4708 γάρ
2655 4637 2755 4706 τῆς
2779 4636 3040 4699 ἀσεϐείας
3068 4635 3282 4689 ἐκεῖθεν
3314 4636 3512 4704 πικρδν
3540 4634 3739 4705 ὥσπερ

2146 4731 2472 4802 ἐκχεάμενοι
2506 4731 2766 4802 ἄκρατον,
2795 4731 2888 4783 καὶ
2916 4731 3031 4792 τοῖς
3075 4729 3550 4800 ἐκπεπονημένοις
3583 4730 3740 4800 αὕτῷ

2144 4821 2639 4893 ψευδομυθήμασιν
2683 4821 3162 4893 ὲκμεμεθυσμένοι
3228 4823 3320 4874 τὸν
3382 4820 3535 4883 νοῦν,
3597 4821 3739 4893 πρὸς

2145 4914 2469 4977 ἀλλοκότους
2518 4915 2612 4969 καὶ
2653 4914 2972 4979 ἀλογίστους
3004 4912 3280 4984 φλυαρίας
3319 4913 3420 4985 τὴν
3475 4912 3740 4981 γλῶσσαν

2145 5006 2469 5062 ἀτοπώτατα
2501 5009 2938 5079 παραφέρονται.
2980 5006 3159 5060 Πολλά
3185 5006 3251 5077 δὴ
3293 5003 3389 5060 οὕν
3437 5008 3738 5076 καμόντες,

2145 5100 2239 5153 καὶ
2265 5099 2465 5164 πολλὰς
2507 5100 2724 5171 βέϐλους
2774 5098 3189 5170 διαφθείραντες
3226 5099 3321 5151 καὶ
3351 5098 3736 5161 νοθεύσαντες,

2149 5190 2408 5254 πλείσταις
2441 5207 2499 5243 τε
2528 5188 2685 5254 δόξας
2711 5189 2822 5242 τῶν
2847 5206 2906 5242 τε
2941 5188 3201 5259 ἀοιδίμων
3249 5187 3737 5259 Πατέρωνεήμεῖη,

2150 5282 2285 5351 πρὸς
2307 5282 2363 5334 δὲ
2397 5282 2624 5335 καὶτῶν
2652 5282 2810 5345 ἐκτὸς
2837 5282 2932 5334 καὶ
2963 5281 3060 5334 τοῦ
3095 5281 3195 5350 τῆς
3234 5280 3570 5351 Ἐκκ).ησία;
3635 5284 3741 5336 ἀπ·

2148 5374 2500 5446 εληλαμένων
2534 5374 2699 5447 χοροῦ
2736 5375 3221 5447 ἐξερευνήσαντες,
3249 5371 3346 5426 καὶ
3379 5372 3594 5436 ταύτας
3640 5389 3744 5426 πα-
