3972 6130
1487 388 1501 397 ι
1514 383 1611 400 διεδ--

132 484 238 548 209

850 490 1480 557 ANTIRRHETICUS
1520 496 1549 556 Ι
1611 498 1784 560 ADV.
1823 498 2426 562 CONSTANTINUM
2466 499 2683 560 COPR.

3319 496 3429 563 ΞΗ]

140 596 390 665 ρακινεῖν
459 596 558 649 καὶ
622 596 813 651 δολοῦν
873 602 1232 670 πειραθέντες
1258 621 1272 635 ·
1317 605 1523 675 ήνυσαν
1567 606 1729 661 πλέον

1859 608 2144 665 damonam
2202 625 2332 665 vero
2363 610 2585 681 paribus
2628 623 2693 665 ac
2736 608 2939 663 ethnici
2989 606 3286 664 honoribus
3314 584 3447 665 ma:

140 686 243 753 μὲν
263 685 423 739 οὐδέν
452 704 507 741 τι
538 704 552 717 ο
593 689 806 743 ἐκεῖνον
836 689 894 743 δὲ
924 694 1044 755 ταῖς
1085 694 1311 757 ἰσοθέοις
1366 695 1491 750 καθ’
1535 696 1738 769 ’Έλλη-

136 794 235 841 νας
278 780 611 852 γεραίρουσι
635 784 850 852 τιμαῖς,
883 785 950 854 τῇ
984 801 1046 837 τε
1077 783 1205 857 δόξῃ
1232 789 1298 859 τῇ
1340 787 1504 842 αὐτοῦ
1542 792 1635 844 καὶ
1659 789 1738 861 τῷ

136 873 455 943 φρονήματι
505 875 941 946 προστρέχοντες
978 877 1383 947 ἀφρονέστατα,
1419 882 1494 946 ὡς
1536 885 1739 938 οἰκεῖον

137 960 618 1033 περιπτύσσονται
679 965 777 1017 καὶ
832 964 1197 1030 ἀσπάζονται.
1240 970 1351 1024 Καὶ
1390 971 1600 1025 τούτων
1636 973 1739 1044 μά-

139 1053 302 1107 λιστα
341 1055 393 1107 οί
424 1056 671 1127 ἀνοήτως
699 1060 798 1128 τῆς
832 1057 1047 1112 ἐκείνου
1086 1061 1428 1128 ἀποστασίας
1466 1082 1741 1137 προεστη-

140 1144 322 1211 κότες,
355 1149 422 1198 ἐκ
449 1146 550 1217 τῆς
570 1148 832 1219 τοιαύτης
865 1150 1131 1224 αἰσχύνης
1151 1153 1212 1206 τὸ
1237 1157 1542 1225 περιφανὲς
1578 1174 1741 1211 κατα-

142 1237 384 1292 κτᾶσθαι
425 1239 686 1310 οίόμενοι,
734 1242 830 1295 καὶ
876 1242 1089 1307 τούτοις
1135 1246 1366 1317 ἐρεύνης
1413 1248 1510 1301 καὶ
1556 1249 1742 1316 ἐξετά-

147 1347 287 1394 σεως
323 1331 455 1385 ἄνευ
502 1331 843 1387 συντίθενται
868 1351 884 1365 ο
923 1335 1114 1405 ἐπειδὴ
1154 1340 1510 1411 πρόχειρονὴ
1545 1341 1738 1407 κακία,

144 1423 241 1473 καὶ
274 1420 444 1485 πολὺς
498 1423 592 1476 ἐπὶ
641 1423 702 1476 τὸ
729 1427 914 1494 χεῖρον
952 1427 981 1478 ό
1018 1426 1241 1498 δρόμος,
1291 1429 1384 1481 καὶ
1414 1429 1478 1482 τὸ
1504 1429 1640 1500 πρὸς
1673 1431 1742 1486 τὰ

145 1513 491 1585 περικόσμια
546 1515 658 1569 τῶν
690 1516 1039 1588 φιλοσάρκων
1102 1520 1428 1591 ὲπιῤῥεπές.
1489 1521 1615 1591 Ὑφ’
1663 1516 1743 1578 ὧν

143 1606 548 1677 ὲναυξηθέντος
589 1609 776 1673 αὐτοῖς
825 1610 921 1664 τοῦ
975 1611 1174 1678 κακοῦ,
1232 1613 1302 1668 τὰ
1367 1614 1468 1683 τῆς
1530 1616 1743 1681 οἰκείας

145 1700 461 1771 ἀσφαλείας
484 1700 834 1773 προῦδωκαν,
884 1701 1076 1775 ὥσπερ
1110 1703 1363 1776 λοιμικοῦ
1394 1724 1542 1771 τινος
1575 1710 1742 1779 ἐφερ-

145 1793 428 1859 πύσαντος
460 1796 556 1849 καὶ
579 1795 929 1867 ψυχοφθόρου
963 1796 1195 1863 πάθους.
1241 1797 1526 1855 Ἐντεῦθεν
1551 1804 1620 1874 τῇ
1647 1801 1743 1856 τοῦ

145 1887 577 1958 ἀπεριγράπτου
632 1888 989 1944 συνίστανται
1049 1893 1225 1961 φωνῇ,
1273 1891 1344 1945 δι’
1379 1887 1448 1964 ἦς
1505 1894 1608 1964 τὴν
1645 1893 1741 1948 τοῦ

149 1957 409 2049 Σωτῆρος
465 1979 624 2050 ήμῶν
680 1980 836 2035 θείαν
879 1957 1201 2053 οἰκονομίαν
1251 1957 1580 2056 πανούργως
1642 1988 1740 2041 καὶ
1772 1957 1817 2018 Β

150 2070 447 2142 κακοήθως
476 2074 543 2125 ὲκ
566 2071 784 2144 βάθρων
813 2073 996 2129 αὐτῶν
1019 2075 1352 2146 ἀνατρέπειν
1374 2076 1741 2150 ἐπιχειροῦσι,

147 2161 246 2217 καὶ
271 2162 486 2236 ταύτην
511 2165 655 2219 κατὰ
672 2167 780 2220 τῶν
809 2166 1185 2222 εὐσεϐούντων
1235 2169 1755 2243 προχειριζόμενοι,

147 2256 245 2309 καὶ
264 2255 459 2326 ῶσπερ
491 2255 1006 2327 δυσκαταγώνιστον
1062 2260 1421 2331 ἐπιτείχισμα
1484 2262 1745 2328 κατεξαν-

150 2347 406 2412 ιστάντες
480 2347 687 2416 αὐτοῖς,
753 2350 1011 2420 αἱρήσειν
1072 2351 1311 2406 οἴονται·
1377 2352 1455 2416 ὡς
1520 2355 1570 2406 εί
1662 2354 1741 2427 μὴ

145 2439 428 2509 δέξαιντο,
507 2441 819 2512 διαιρήσειν
898 2443 998 2513 τὴν
1075 2443 1219 2498 κατὰ
1294 2444 1533 2517 Χριστὸν
1608 2445 1740 2516 μίαν

148 2532 454 2585 ὑπόστασιν
542 2532 1019 2604 ἑκϐιασθήσοιντο.
1110 2532 1255 2589 Ἀλλ’
1342 2537 1533 2609 ἐπειδὴ
1621 2555 1740 2592 ποι-

147 2624 302 2679 κίλον
357 2627 453 2679 καὶ
506 2625 826 2697 πολυσχιδὲς
878 2626 940 2680 τὸ
987 2628 1085 2682 τοῦ
1152 2626 1383 2698 ψεύδους
1433 2630 1740 2702 τέχνασμα,

147 2715 588 2772 ὐποπλάττονται
651 2719 749 2789 μὲν
802 2719 1011 2790 ταύτην
1076 2719 1363 2791 δέχεσθαι,
1440 2721 1602 2794 μέχρι
1653 2722 1743 2791 ψι-

147 2806 257 2860 λῶν
310 2808 576 2878 ῥημάτων
625 2794 803 2879 μόνων
851 2809 1256 2883 περιιστάντες,
1302 2810 1365 2864 τὸ
1433 2813 1744 2885 ὲτερόδοξον

149 2903 567 2975 αἰσχυνόμενοι,
620 2903 768 2976 ἔργῳ
822 2904 879 2959 δὲ
919 2906 1004 2960 ὅτι
1042 2905 1119 2979 μὴ
1156 2907 1550 2962 ἀπαναίνονται
1595 2910 1779 2979 μόνον,

1845 711 2016 770 ctant,
2060 703 2112 757 in
2142 705 2369 772 ejusque
2426 715 2634 758 sectam
2659 711 2823 772 alque
2850 702 3176 757 sententiam
3205 694 3429 774 pedibus

1840 804 2033 863 euntes
2073 793 2604 861 imprudentissime,
2646 803 2910 863 tanquam
2967 794 3243 864 propriam
3286 797 3430 852 asci-

1840 895 2081 940 scuntac
2112 884 2363 956 diligunt.
2388 886 2571 956 Atque
2605 887 2657 940 in
2688 886 2774 941 bis
2805 887 3209 957 prtecipue,qui
3234 887 3430 944 stolide
3486 936 3507 952 ,

1841 977 1896 1031 in
1919 976 2066 1032 illius
2096 979 2369 1047 apostasia
2402 980 2746 1050 antesignani
2776 988 2925 1045 sunt,
2963 992 3030 1036 ex
3066 980 3168 1034 hac
3202 980 3432 1051 ignomi-

1843 1070 1931 1123 nia
1957 1069 2161 1124 claram
2187 1069 2388 1125 famam
2416 1071 2640 1140 adipisci
2666 1078 2793 1140 puta
2812 1080 2958 1136 ntes,
2987 1072 3139 1127 hisee
3164 1071 3431 1143 dogmati.

1844 1163 1945 1215 hns
1990 1160 2328 1229 inexplorate
2359 1177 2423 1217 ac
2465 1162 2582 1218 sine
2611 1163 2720 1218 ullo
2745 1163 2994 1218 examine
3027 1161 3419 1235 sull‘ragantnr.

1843 1252 2055 1308 Etenim
2078 1267 2320 1323 przeceps
2345 1264 2428 1309 est
2449 1255 2679 1321 malitia,
2711 1256 3113 1327 vehemensque
3148 1257 3215 1312 ad
3244 1257 3430 1326 pejora

1843 1358 2056 1410 cursus,
2082 1355 2138 1400 et
2173 1346 2454 1401 hominum
2491 1348 2922 1418 voluptariorum
2959 1352 3025 1405 ad
3082 1365 3171 1406 res
3204 1353 3432 1407 munda-

1844 1449 1947 1491 nas
1975 1435 2143 1490 multa
2171 1435 2506 1506 proclivitas.
2544 1437 2623 1492 Ex
2667 1439 2864 1509 quibus
2896 1450 3058 1495 aucto
3082 1442 3216 1511 ipsis
3257 1442 3437 1510 malo,

1844 1528 2118 1599 propriam
2150 1529 2382 1584 salutem
2406 1530 2781 1599 prodiderunt,
2810 1541 2962 1601 peste
2995 1532 3163 1587 veluti
3189 1534 3436 1601 quadam,

1845 1627 1900 1674 et
1914 1618 2150 1674 exitioso
2178 1618 2343 1673 animi
2374 1620 2566 1676 morbo
2592 1619 2731 1691 ipsis
2755 1623 3074 1692 obrepentc.
3096 1621 3243 1683 Hinc
3266 1624 3432 1678 inciro

1845 1711 2164 1782 cumscripti
2201 1712 2465 1768 vocabulo
2480 1700 2944 1784 .pa‘trocinantur,
2971 1729 3078 1785 quo
3117 1713 3433 1772 Servatoris

1845 1812 2017 1866 nostri
2047 1809 2295 1866 divinam
2318 1810 2755 1868 incarnationem
2812 1809 3004 1866 callide
3052 1809 3436 1884 malitioseqne

1846 1911 2092 1958 evertere
2106 1901 2353 1958 funditus
2380 1901 2697 1957 moliun‘tur.
2721 1900 2886 1972 quue
2902 1900 3222 1957 vocabulum
3244 1903 3436 1957 ortho-
3514 1953 3518 1959 .

1843 1994 2003 2050 doxis
2030 2003 2392 2064 opponentes,
2419 2004 2477 2050 et
2523 2000 2783 2067 tanquam
2840 1993 3258 2066 inexpugnabile
3311 2010 3436 2049 mn-

1844 2086 2029 2143 nimen
2077 2096 2269 2143 contra
2320 2100 2419 2143 eos
2484 2094 2782 2153 struentes,
2839 2088 3154 2158 superiores
3199 2102 3260 2142 se
3315 2086 3434 2143 fore

1844 2185 2110 2246 sperant;
2148 2175 2339 2246 quasi,
2367 2176 2469 2231 nisi
2524 2176 2696 2232 nostri
2740 2176 2793 2231 id
2854 2176 3170 2241 admittant,
3212 2176 3434 2230 unicam

1845 2265 2052 2323 Christi
2085 2280 2376 2336 personam
2396 2266 2683 2336 adigantur
2706 2264 2974 2319 dividere.
3012 2262 3125 2323 Sed
3176 2261 3434 2333 quoniam

1847 2358 2139 2430 versipelle
2170 2358 2490 2427 variumque
2509 2357 2776 2412 mendacii
2796 2356 3091 2412 artiﬁcium
3119 2364 3228 2421 est,
3261 2354 3435 2410 simu-

1847 2449 1962 2506 lant
1990 2466 2050 2507 se
2108 2448 2542 2506 incarnationem
2599 2449 2863 2520 recipere,
2922 2449 3254 2503 verbotenus
3312 2444 3440 2500 sub-

1849 2546 2131 2609 sistentes,
2188 2541 2317 2612 quia
2380 2540 2743 2597 heterodoxos
2802 2540 2975 2596 videri
3031 2549 3328 2605 verentur;
3382 2552 3440 2591 re

1854 2644 2034 2689 tamen
2061 2646 2193 2688 vera
2226 2646 2333 2687 non
2369 2631 2656 2701 repudiant
2684 2638 2918 2695 tantum,
2942 2628 3048 2685 sed
3093 2637 3148 2683 et
3195 2628 3314 2682 illos
3346 2630 3436 2695 qm

1851 2725 2170 2789 admittunt,
2209 2723 2451 2779 hostium
2482 2723 2604 2779 loco
2628 2723 2914 2787 habentes,
2939 2721 3138 2778 acerbe
3164 2736 3255 2787 re,
3276 2735 3327 2772 :.,

1852 2817 2107 2885 nullaque
2140 2818 2296 2872 venia
2319 2816 2636 2888 dignantur.

1856 2912 1958 2984 ήδη
2033 2914 2091 2967 δὲ
2159 2911 2255 2967 καὶ
2327 2912 2454 2976 τοὺς
2536 2910 2936 2983 προσιεμένους
3009 2910 3085 2974 ὡς
3145 2907 3436 2979 δυσμενεῖς

146 2994 415 3065 ὁρῶντες,
456 2995 683 3064 πικρῶς,
710 2996 1253 3081 άπελαύνογσιίμηδὲ
1298 3003 1430 3072 μιᾶς
1453 3001 1733 3068 ἀξιοῦντες
1773 3003 2013 3073 φειδοῦς.

220 3090 297 3154 γ’.
326 3084 395 3138 Τί
434 3085 497 3156 δὴ
527 3082 620 3140 οὖν
647 3087 835 3142 λοιπὸν
877 3089 939 3142 τὸ
974 3089 1226 3144 ἐντεῦθεν
1266 3094 1492 3145 σκοπεῖν
1529 3086 1744 3157 έξεστι;

150 3177 217 3231 Τί
242 3177 303 3232 δὲ
342 3176 532 3250 ἇλλοῆ
572 3177 731 3233 τοῦτό
773 3197 837 3248 γε
885 3181 1085 3254 ἀληθὲς
1124 3183 1327 3235 ἐννοεῖν
1359 3184 1453 3236 καὶ
1490 3181 1744 3255 φράζειν,

1925 3097 1979 3152 5.
2030 3096 2170 3165 Quid
2213 3112 2345 3167 ergo
2408 3098 2502 3153 hic
2550 3095 3093 3151 animadvertendum
3159 3089 3438 3162 superest!

1856 3178 2020 3256 Quid,
2055 3191 2302 3259 inquam,
2346 3191 2491 3245 aliud
2537 3191 2642 3247 nisi
2683 3191 2785 3245 hoc
2833 3203 2959 3244 vere
3011 3198 3067 3243 et
3116 3187 3359 3255 cOgitare
3384 3195 3441 3238 et

152 3271 240 3324 ὅτι
267 3270 337 3342 δή
359 3270 525 3325 πάλιν
554 3273 588 3343 ή
623 3271 720 3326 τοῦ
745 3273 1028 3337 Μάνεντος
1059 3274 1340 3345 Χάρυϐδις
1378 3274 1553 3329 πλατὺ
1581 3274 1749 3345 χάνα-

1859 3281 2057 3347 dicere,
2090 3281 2233 3347 quod
2276 3281 2457 3337 denuo
2499 3279 2731 3335 Manetis
2774 3278 3078 3349 Charybdis
3117 3276 3224 3331 late
3280 3275 3439 3330 hians

155 3378 227 3414 σα
253 3363 370 3425 τοῖς
398 3362 456 3414 ὲν
482 3364 549 3433 τῇ
571 3361 836 3433 ἁπλότητι
856 3363 949 3416 τοῦ
969 3362 1088 3434 βίου
1121 3365 1211 3418 τὸν
1242 3364 1411 3419 πλοῦν
1441 3365 1751 3432 ἐξανύουσι,

157 3453 388 3515 στόλους
425 3453 582 3518 ὅλους
621 3454 810 3525 ψυχῶν
864 3456 1282 3528 ἀναρπάζουσα,
1335 3459 1432 3511 καὶ
1497 3457 1755 3529 βρυχίους

155 3545 237 3615 τῷ
264 3544 418 3616 βυθῷ
455 3547 557 3618 τῆς
597 3547 877 3611 ἀπωλείας
900 3549 1211 3618 ὑπάγουσα,
1242 3550 1612 3621 παραδίδωσι;

226 3643 294 3696 δ’.
331 3640 503 3697 Πάλιν
535 3642 634 3713 τῆς
669 3644 1017 3714 ’Λρειανικῆς
1052 3645 1250 3714 φλογὸς
1303 3648 1336 3717 ἡ
1396 3645 1656 3718 χίμαιρα,
1678 3647 1758 3717 τῲ

156 3732 495 3805 ψυχοφθόρῳ
544 3735 680 3806 πυρὶ
726 3722 836 3789 τῶν
891 3735 992 3805 τῆς
1038 3736 1331 3806 ἀθεότητος
1383 3735 1754 3807 διδαγμάτων,

154 3824 270 3877 τῶν
316 3825 647 3894 ἀπροόπτως
693 3841 812 3888 πως
858 3828 953 3878 καὶ
986 3825 1317 3892 ἀφυλάκτως
1403 3843 1755 3898 παρατυγχα-

156 3916 369 3970 νόντων
403 3919 496 3970 τὸν
526 3918 675 3983 νοῦν,
706 3918 1108 3989 παραναλίσκει
1137 3917 1529 3989 διαφλέγουσα.

230 4015 298 4064 ε’.
336 4009 513 4065 Πάλιν
563 4012 598 4081 ή
659 4011 1037 4081 πολυκέφαλος
1078 4010 1219 4082 ὕδρα
1267 4010 1375 4063 τῶν
1445 4012 1757 4080 Ἀκεφάλων

159 4104 254 4156 καὶ
286 4102 389 4173 τῆς
420 4104 760 4183 συγχυτικῆς
803 4102 913 4158 τῶν
947 4102 1287 4174 Εὑτυχιτῶν,
1339 4102 1538 4173 μᾶλλον
1579 4103 1635 4156 δὲ
1661 4104 1757 4155 Δο-

156 4191 348 4260 κητῶν
387 4191 718 4263 συμπνοίας,
765 4193 857 4245 ἐπὶ
903 4192 1168 4262 διαιρέσει
1219 4193 1314 4245 καὶ
1349 4190 1499 4264 λύμῃ
1519 4190 1613 4244 τοῦ
1658 4193 1757 4262 τῆς

171 4283 515 4355 Ἐκκλησίας
556 4284 738 4345 καλῶς
761 4284 1043 4355 ήνωμένου
1092 4284 1369 4355 σώματος,
1412 4284 1755 4352 πολυσχιδείς

156 4378 258 4440 τὰς
286 4375 657 4447 παραφυάδας
682 4376 792 4429 τῶν
822 4376 1038 4448 πικρῶν
1056 4374 1751 4447 γεννημάτωνὲδλάστησε.

157 4470 271 4523 Καὶ
298 4467 377 4532 ὠς
412 4466 479 4521 ἂν
515 4466 797 4521 συλλαϐών
829 4485 915 4532 τις
949 4472 1116 4533 εἴποι,
1149 4470 1214 4521 ἐκ
1251 4468 1354 4535 τῆς
1404 4467 1757 4537 Μανιχαῖκῆς

159 4560 402 4632 ἐχίδνης,
443 4560 664 4630 καὶτῆς
722 4560 1072 4630 ’Δρειανικῆς
1092 4559 1339 4625 ἀσπίδος,
1370 4557 1558 4630 ἕτερός
1588 4575 1671 4621 τις
1694 4561 1758 4611 ἐκ

1857 3370 2120 3424 adversus
2151 3382 2265 3435 eos,
2300 3367 2390 3439 qui
2425 3368 2476 3422 in
2507 3368 2716 3422 insania
2746 3366 2906 3436 hujus
2935 3362 3118 3418 mundi
3150 3361 3428 3430 navigant,

1858 3462 2059 3517 classes
2143 3461 2382 3532 integras
2439 3460 2744 3514 animarum
2804 3457 2961 3527 rapit,
3017 3466 3335 3524 mersasque
3387 3450 3440 3505 in

1857 3555 2184 3626 perditionis
2214 3554 2530 3609 barathrum
2566 3551 2766 3605 trahit!

1930 3646 1983 3699 ι.
2018 3645 2232 3698 Arianae
2262 3646 2387 3698 item
2413 3643 2645 3697 ﬂammae
2664 3643 2947 3705 chimaera,
2977 3639 3140 3693 noxio
3189 3653 3286 3693 suo
3330 3638 3446 3702 ani-

1859 3737 2053 3792 mabus
2099 3738 2219 3808 igne
2269 3737 2643 3793 doctrinarum
2699 3734 3149 3803 irreligiosnrum,
3197 3741 3434 3783 mentem

1860 3827 2074 3882 illarum
2099 3828 2189 3896 qui
2215 3827 2513 3897 improviso
2542 3834 2595 3881 et
2625 3825 2840 3879 incaute
2886 3823 3463 3889 inciduntatnlmrens,

1860 3919 2199 3988 pessumdat.

1930 4009 1983 4064 5.
2016 4008 2310 4063 Multorum
2343 4008 2548 4080 pariter
2574 4008 2810 4077 capitum
2841 4007 3012 4079 hydra
3040 4004 3441 4074 Acephnlnrnm

1859 4114 1918 4158 et
1957 4101 2304 4158 confusaneze
2348 4101 2811 4172 Eutychianorum
2860 4100 2947 4154 vel
2997 4100 3174 4167 potius
3203 4097 3445 4151 Phanta-

1860 4193 2153 4247 siastarnm
2185 4189 2628 4261 conspirationis,
2666 4189 2732 4241 ad
2762 4188 3052 4243 discidium
3094 4198 3256 4255 atque
3317 4200 3440 4255 per-

1863 4283 2058 4337 niciem
2109 4283 2333 4351 pulchre
2363 4282 2626 4350 cmnpacti
2664 4280 2919 4337 Ecclesiae
2965 4278 3233 4350 corporis,
3265 4277 3446 4330 multi-

1861 4374 2054 4443 plicem
2094 4377 2411 4429 acerborum
2438 4375 2773 4442 geniminnm
2837 4373 3079 4427 sobolem
3133 4370 3441 4441 pullulavit.

1860 4468 2035 4535 Atque
2061 4475 2118 4519 nt
2152 4466 2392 4520 breviter
2422 4465 2625 4519 dictum
2654 4463 2746 4529 sit,
2781 4478 2848 4519 ex
2906 4462 3207 4517 mnniclma
3236 4462 3445 4529 vipera,

1864 4569 1918 4613 et
1950 4559 2149 4612 Ariana
2199 4558 2406 4627 aspide,
2433 4556 2570 4610 alius
2627 4556 2846 4624 quidam
2898 4571 2962 4609 ex
2999 4555 3193 4609 harum
3249 4554 3442 4624 copula

161 4652 492 4726 συμπλοκῆς
542 4654 748 4708 τούτων
778 4647 899 4707 ὀἷον
929 4654 1209 4724 ἐρπυστὴς
1250 4651 1640 4723 ἅμφικέφαλος
1672 4650 1749 4716 sa-

1866 4662 2026 4705 natus
2056 4659 2138 4703 est
2165 4647 2351 4715 biceps
2384 4662 2642 4717 serpens;
2685 4647 2898 4719 qualem
2950 4647 3112 4703 etiam
3161 4646 3446 4718 llypsistn-

159 4748 266 4816 έσρυ
294 4763 308 4776 ·
342 4747 535 4800 ὁποίαν
553 4746 619 4817 δὴ
637 4746 729 4800 καὶ
746 4747 844 4818 τὴν
858 4745 1352 4815 τῶνὙψισταρίων
1374 4743 1627 4815 κίϐδηλον
1661 4745 1758 4797 καὶ

162 4839 437 4910 βδελυρὰν
478 4838 779 4910 θρησκείαν
810 4836 1108 4909 ἀκούομεν,
1150 4838 1208 4904 ἐξ
1268 4837 1595 4906 Ἑλληνικῆς
1624 4852 1755 4906 τερ-

161 4930 355 5002 θρείας
399 4931 737 5001 καὶνομικῆς
757 4928 1044 5001 τερατείας
1068 4928 1471 5000 συνισταμένην
1486 4944 1499 4958 ο
1527 4927 1621 4980 καὶ
1643 4926 1755 4979 δεισ

161 5021 252 5073 νὺν
266 5020 415 5074 κατὰ
435 5020 547 5074 τῶν
572 5022 672 5089 τῆς
712 5020 863 5084 θείας
884 5020 1106 5090 ἐντολῆς
1128 5018 1526 5089 ὑπερορώντων
1558 5015 1752 5086 ρέψας,

159 5108 237 5168 ὧν
270 5115 371 5168 καὶ
408 5115 652 5185 πτέρναν
688 5116 879 5185 τηρεῖν
937 5113 1041 5186 ήδη
1084 5112 1512 5182 προστέτακται,
1560 5109 1756 5179 πικρὸν

158 5211 255 5263 τὸν
286 5209 368 5263 ίὸν
402 5210 497 5262 καὶ
526 5207 769 5279 ὀλέθριον
820 5209 941 5270 ταῖς
991 5205 1194 5277 ψυχαῖς
1233 5204 1341 5258 τῶν
1375 5202 1757 5274 εὐπαρακόμι-

162 5318 293 5355 στον
327 5302 410 5365 είς
432 5299 595 5353 τοῦτο
622 5300 917 5370 τὴντικοὴν
951 5300 1184 5370 ἐχόντων
1213 5298 1446 5367 ἐνέχεεν.
1478 5296 1603 5349 Ὅτι
1656 5293 1755 5364 μὲν

162 5388 275 5458 γὰρ
346 5380 620 5458 ’Ᾱρειανοα
668 5387 998 5459 Μανιχαίοις
1055 5387 1456 5459 συμφύρονται,
1530 5387 1587 5438 ὲν
1643 5386 1759 5447 τοῖς

165 5480 313 5549 μετὰ
340 5478 746 5550 ταῦταασαφῶς
769 5483 1219 5553 παραστήσομεν.

239 5572 323 5640 ς’·
379 5573 557 5645 Δῆλον
589 5573 647 5627 δὲ
673 5573 848 5645 δήπου
893 5574 1082 5639 παντὶ,
1107 5573 1182 5637 ὼς
1228 5572 1477 5643 βούλεται
1514 5570 1698 5633 αὐτοῖς
1726 5571 1758 5640 ή

169 5666 406 5739 σπουδὴ,
440 5666 545 5730 τὰς
571 5664 1034 5738 πολυανθρώπους
1076 5665 1294 5729 ὲκείνας
1334 5664 1427 5718 καὶ
1446 5662 1763 5727 θεολέκτους

240 5878 322 5946 (ι)
353 5874 749 5932 Hzcreticornm
790 5883 962 5946 secta,
993 5870 1084 5942 qui
1119 5872 1285 5927 Deum
1311 5869 1645 5946 altissimum
1679 5868 1754 5921 ita

166 5941 466 6015 colebant,
503 5956 562 6005 ut
601 5941 1025 6004 autitrinitarios
1050 5957 1110 6001 se
1145 5955 1267 6000 esse
1292 5941 1750 5999 demonstrarent.

1864 4740 2069 4797 riornn'i
2104 4738 2443 4811 (4)5puriam
2484 4740 3011 4809 ahominandamque
3049 4748 3254 4794 sectam
3306 4738 3450 4792 audi-

1867 4849 2008 4897 mus,
2037 4848 2103 4887 ex
2172 4831 2392 4887 ethnica
2447 4829 2662 4885 fallacia
2688 4839 2742 4886 et
2770 4830 3079 4901 prodigioso
3132 4828 3443 4884 Jutlzrorunt

1869 4925 1971 4995 17
2029 4923 2313 4978 mendacio
2343 4933 2691 4991 concretam;
2720 4924 2810 4994 qui
2852 4938 3079 4993 serpens
3128 4921 3445 4976 terribilizer

1866 5016 1932 5070 ad
1975 5015 2072 5068 hos
2103 5013 2268 5069 divini
2305 5014 2562 5084 praecepti
2596 5025 2998 5084 contemptores
3053 5028 3270 5082 repens,
3309 5026 3447 5080 quo-

1868 5124 1986 5161 rnm
2046 5107 2213 5161 etiam
2269 5108 2583 5181 calcaneum
2632 5106 2841 5174 jamdiu
2919 5104 3210 5159 observare
3258 5084 3464 5181 jussus!

1866 5200 1990 5266 fuit,
2026 5214 2272 5255 amarum
2373 5199 2777 5267 exitiosumque
2823 5212 3089 5252 venenmn
3154 5193 3446 5263 animqlvus

1864 5307 2076 5357 eorum,
2128 5293 2219 5361 qui
2268 5291 2482 5346 facilem
2525 5291 2653 5345 huic
2701 5289 2889 5345 haeresi
2935 5303 3121 5343 aurem
3181 5287 3445 5357 przcbent,

1867 5386 2110 5441 all‘undit.
2140 5384 2273 5439 Nam
2307 5385 2449 5455 quod
2477 5385 2663 5441 Ariani
2704 5399 2826 5437 cum
2875 5380 3191 5437 Manichaeis
3218 5381 3444 5450 conspi-

1869 5489 2007 5545 rent,
2045 5479 2098 5533 in
2124 5477 2476 5549 sequentibus
2498 5477 2838 5547 perspicuum
2875 5473 3158 5531 faciemus.

1937 5569 1990 5625 6.
2022 5569 2119 5626 Est
2151 5579 2332 5625 autem
2363 5568 2559 5638 cuique
2583 5566 2948 5636 exploratum,
2983 5567 3158 5622 studia
3210 5565 3437 5621 istorum

1836 5678 1935 5719 .eo
1962 5663 2203 5725 tendere.
2241 5670 2300 5717 ut
2322 5676 2640 5717 numerosas
2666 5659 2786 5714 illas
2802 5670 2857 5715 et
2890 5676 2916 5715 a
2953 5657 3062 5716 Deo
3090 5668 3446 5730 congregatas

1864 5866 1937 5919 De
1963 5864 2045 5920 his
2067 5863 2200 5917 satis
2221 5861 2549 5931 Snicerusin
2569 5859 2733 5914 Thes.
2753 5861 2909 5927 eccl.,
2934 5860 3117 5918 citatis
3144 5858 3438 5931 Hesychia,

1864 5936 2052 6003 Suida,
2083 5933 2327 6004 Nysseno
2354 5947 2417 5988 ac
2450 5930 2815 6029 Nazianzenu.
