  <div class='ocr_page' id='page_1' title='image "/cluster/home/n/w/nwhite01/storage/ocr_20150623/100/mdp.39015005675668/114.png"; bbox 0 0 3972 6130; ppageno 0'>
   <div class='ocr_carea' id='block_1_1' title="bbox 207 410 314 479">
    <p class='ocr_par' dir='ltr' id='par_1_1' title="bbox 207 410 314 479">
     <span class='ocr_line' id='line_1_1' title="bbox 207 410 314 479; baseline -0.009 -1"><span class='ocrx_word' id='word_1_1' title='bbox 207 410 314 479; x_wconf 66' lang='grc'><strong>213</strong></span> 
     </span>
    </p>
   </div>
   <div class='ocr_carea' id='block_1_2' title="bbox 925 349 2781 471">
    <p class='ocr_par' dir='ltr' id='par_1_2' title="bbox 925 349 2781 471">
     <span class='ocr_line' id='line_1_2' title="bbox 925 349 2781 471; baseline -0.009 -2"><span class='ocrx_word' id='word_1_2' title='bbox 925 403 1550 471; x_wconf 81' lang='lat' dir='ltr'><strong>ANTIRBHETICUS</strong></span> <span class='ocrx_word' id='word_1_3' title='bbox 1585 402 1616 462; x_wconf 96' lang='lat' dir='ltr'>I</span> <span class='ocrx_word' id='word_1_4' title='bbox 1681 399 1849 462; x_wconf 80' lang='lat' dir='ltr'><strong>ADV.</strong></span> <span class='ocrx_word' id='word_1_5' title='bbox 1889 393 2482 458; x_wconf 80' lang='lat' dir='ltr'><strong>CONSTANTINUM</strong></span> <span class='ocrx_word' id='word_1_6' title='bbox 2523 393 2735 454; x_wconf 86' lang='lat' dir='ltr'><strong>COPR.</strong></span> <span class='ocrx_word' id='word_1_7' title='bbox 2769 349 2781 359; x_wconf 21' lang='grc' dir='ltr'>κ</span> 
     </span>
    </p>
   </div>
   <div class='ocr_carea' id='block_1_3' title="bbox 3364 389 3516 454">
    <p class='ocr_par' dir='ltr' id='par_1_3' title="bbox 3364 389 3516 454">
     <span class='ocr_line' id='line_1_3' title="bbox 3364 389 3516 454; baseline 0.007 -1"><span class='ocrx_word' id='word_1_8' title='bbox 3364 389 3469 454; x_wconf 68' lang='grc'><strong>214</strong></span> <span class='ocrx_word' id='word_1_9' title='bbox 3509 425 3516 438; x_wconf 87' lang='lat'><strong>-</strong></span> 
     </span>
    </p>
   </div>
   <div class='ocr_carea' id='block_1_4' title="bbox 211 507 1823 595">
    <p class='ocr_par' dir='ltr' id='par_1_4' title="bbox 211 517 1823 595">
     <span class='ocr_line' id='line_1_4' title="bbox 211 517 1823 595; baseline -0.008 -12"><span class='ocrx_word' id='word_1_10' title='bbox 211 530 333 592; x_wconf 73' lang='grc' dir='ltr'>ταῖς</span> <span class='ocrx_word' id='word_1_11' title='bbox 361 526 626 586; x_wconf 75' lang='grc' dir='ltr'>ἁπάντων</span> <span class='ocrx_word' id='word_1_12' title='bbox 673 524 1121 595; x_wconf 76' lang='grc' dir='ltr'><strong>ὁμολογουμένων</strong></span> <span class='ocrx_word' id='word_1_13' title='bbox 1158 523 1348 594; x_wconf 71' lang='grc' dir='ltr'>ὄψεσιν</span> <span class='ocrx_word' id='word_1_14' title='bbox 1390 522 1665 593; x_wconf 76' lang='grc' dir='ltr'>προΐασιν,</span> <span class='ocrx_word' id='word_1_15' title='bbox 1715 517 1823 580; x_wconf 79' lang='grc' dir='ltr'>ὼς,</span> 
     </span>
    </p>
   </div>
   <div class='ocr_carea' id='block_1_5' title="bbox 1928 507 3473 595">
    <p class='ocr_par' dir='ltr' id='par_1_5' title="bbox 1932 507 3473 584">
     <span class='ocr_line' id='line_1_5' title="bbox 1932 507 3473 584; baseline -0.004 -16"><span class='ocrx_word' id='word_1_16' title='bbox 1932 530 2012 570; x_wconf 59' lang='lat' dir='ltr'><strong>uae</strong></span> <span class='ocrx_word' id='word_1_17' title='bbox 2031 515 2273 569; x_wconf 89' lang='lat' dir='ltr'><strong>omnium</strong></span> <span class='ocrx_word' id='word_1_18' title='bbox 2302 513 2540 584; x_wconf 98' lang='lat' dir='ltr'><strong>aspectui</strong></span> <span class='ocrx_word' id='word_1_19' title='bbox 2567 516 2836 582; x_wconf 88' lang='lat' dir='ltr'><strong>prostant,</strong></span> <span class='ocrx_word' id='word_1_20' title='bbox 2865 517 3031 578; x_wconf 75' lang='lat' dir='ltr'><strong>atque</strong></span> <span class='ocrx_word' id='word_1_21' title='bbox 3091 507 3231 578; x_wconf 86' lang='lat' dir='ltr'><strong>apud</strong></span> <span class='ocrx_word' id='word_1_22' title='bbox 3284 524 3473 564; x_wconf 86' lang='lat' dir='ltr'><strong>omnes</strong></span> 
     </span>
    </p>
   </div>
   <div class='ocr_carea' id='block_1_6' title="bbox 215 612 1795 689">
    <p class='ocr_par' dir='ltr' id='par_1_6' title="bbox 215 612 1795 689">
     <span class='ocr_line' id='line_1_6' title="bbox 215 612 1795 689; baseline -0.003 -17"><span class='ocrx_word' id='word_1_23' title='bbox 215 623 295 684; x_wconf 80' lang='grc' dir='ltr'><strong>είς</strong></span> <span class='ocrx_word' id='word_1_24' title='bbox 346 619 565 688; x_wconf 84' lang='grc' dir='ltr'>γέλωτα</span> <span class='ocrx_word' id='word_1_25' title='bbox 627 617 831 689; x_wconf 60' lang='grc' dir='ltr'>μᾶλλον</span> <span class='ocrx_word' id='word_1_26' title='bbox 873 616 908 688; x_wconf 76' lang='grc' dir='ltr'>ἢ</span> <span class='ocrx_word' id='word_1_27' title='bbox 950 617 1135 684; x_wconf 77' lang='grc' dir='ltr'>ὄνησιν</span> <span class='ocrx_word' id='word_1_28' title='bbox 1188 618 1303 679; x_wconf 81' lang='grc' dir='ltr'>τοῖς</span> <span class='ocrx_word' id='word_1_29' title='bbox 1359 613 1602 684; x_wconf 84' lang='grc' dir='ltr'><strong>σώφροσι</strong></span> <span class='ocrx_word' id='word_1_30' title='bbox 1673 612 1795 674; x_wconf 73' lang='grc' dir='ltr'>ταῖς</span> 
     </span>
    </p>
   </div>
   <div class='ocr_carea' id='block_1_7' title="bbox 217 699 1794 782">
    <p class='ocr_par' dir='ltr' id='par_1_7' title="bbox 217 699 1794 782">
     <span class='ocr_line' id='line_1_7' title="bbox 217 699 1794 782; baseline -0.005 -18"><span class='ocrx_word' id='word_1_31' title='bbox 217 699 512 782; x_wconf 76' lang='grc' dir='ltr'>ἀληθείαις</span> <span class='ocrx_word' id='word_1_32' title='bbox 543 707 887 782; x_wconf 85' lang='grc' dir='ltr'>προκεῖσθαι.</span> <span class='ocrx_word' id='word_1_33' title='bbox 917 705 1042 771; x_wconf 85' lang='grc' dir='ltr'>Πῶς</span> <span class='ocrx_word' id='word_1_34' title='bbox 1059 707 1166 778; x_wconf 78' lang='grc' dir='ltr'><strong>γάρ</strong></span> <span class='ocrx_word' id='word_1_35' title='bbox 1203 707 1304 759; x_wconf 84' lang='grc' dir='ltr'><strong>οὐκ</strong></span> <span class='ocrx_word' id='word_1_36' title='bbox 1341 705 1490 770; x_wconf 81' lang='grc' dir='ltr'>ἀξιον</span> <span class='ocrx_word' id='word_1_37' title='bbox 1535 703 1794 773; x_wconf 80' lang='grc' dir='ltr'><strong>γέλωτος,</strong></span> 
     </span>
    </p>
   </div>
   <div class='ocr_carea' id='block_1_8' title="bbox 219 795 1799 873">
    <p class='ocr_par' dir='ltr' id='par_1_8' title="bbox 219 795 1799 873">
     <span class='ocr_line' id='line_1_8' title="bbox 219 795 1799 873; baseline -0.006 -18"><span class='ocrx_word' id='word_1_38' title='bbox 219 802 281 855; x_wconf 86' lang='grc' dir='ltr'><strong>τὸ</strong></span> <span class='ocrx_word' id='word_1_39' title='bbox 325 805 394 873; x_wconf 80' lang='grc' dir='ltr'>τῇ</span> <span class='ocrx_word' id='word_1_40' title='bbox 437 801 602 872; x_wconf 83' lang='grc' dir='ltr'>φύσει</span> <span class='ocrx_word' id='word_1_41' title='bbox 639 800 750 854; x_wconf 93' lang='grc' dir='ltr'><strong>τῶν</strong></span> <span class='ocrx_word' id='word_1_42' title='bbox 807 798 1152 870; x_wconf 79' lang='grc' dir='ltr'><strong>πραγμάτων</strong></span> <span class='ocrx_word' id='word_1_43' title='bbox 1202 799 1364 866; x_wconf 79' lang='grc' dir='ltr'>αὐτῇ,</span> <span class='ocrx_word' id='word_1_44' title='bbox 1441 797 1683 858; x_wconf 74' lang='grc' dir='ltr'>καὶτοῖς</span> <span class='ocrx_word' id='word_1_45' title='bbox 1735 795 1799 846; x_wconf 80' lang='grc' dir='ltr'>ὲκ</span> 
     </span>
    </p>
   </div>
   <div class='ocr_carea' id='block_1_9' title="bbox 219 885 1801 964">
    <p class='ocr_par' dir='ltr' id='par_1_9' title="bbox 219 885 1801 964">
     <span class='ocr_line' id='line_1_9' title="bbox 219 885 1801 964; baseline -0.006 -17"><span class='ocrx_word' id='word_1_46' title='bbox 219 893 488 947; x_wconf 83' lang='grc' dir='ltr'>πλειόνων</span> <span class='ocrx_word' id='word_1_47' title='bbox 523 893 734 964; x_wconf 84' lang='grc' dir='ltr'><strong>χρόνων</strong></span> <span class='ocrx_word' id='word_1_48' title='bbox 763 893 860 945; x_wconf 73' lang='grc' dir='ltr'><strong>καὶ</strong></span> <span class='ocrx_word' id='word_1_49' title='bbox 899 888 1104 959; x_wconf 82' lang='grc' dir='ltr'><strong>γενεῶν</strong></span> <span class='ocrx_word' id='word_1_50' title='bbox 1170 887 1381 942; x_wconf 77' lang='grc' dir='ltr'>πολλῶν</span> <span class='ocrx_word' id='word_1_51' title='bbox 1412 888 1500 941; x_wconf 76' lang='grc' dir='ltr'>ἐπ’</span> <span class='ocrx_word' id='word_1_52' title='bbox 1549 885 1801 957; x_wconf 79' lang='grc' dir='ltr'>εὐσεϐείᾳ</span> 
     </span>
    </p>
   </div>
   <div class='ocr_carea' id='block_1_10' title="bbox 219 978 1802 1056">
    <p class='ocr_par' dir='ltr' id='par_1_10' title="bbox 219 978 1802 1056">
     <span class='ocr_line' id='line_1_10' title="bbox 219 978 1802 1056; baseline -0.006 -17"><span class='ocrx_word' id='word_1_53' title='bbox 219 983 525 1056; x_wconf 76' lang='grc' dir='ltr'>γνωρίμων</span> <span class='ocrx_word' id='word_1_54' title='bbox 620 985 719 1037; x_wconf 77' lang='grc' dir='ltr'><strong>καὶ</strong></span> <span class='ocrx_word' id='word_1_55' title='bbox 805 979 1323 1051; x_wconf 76' lang='grc' dir='ltr'>μεμαρτυρημένων</span> <span class='ocrx_word' id='word_1_56' title='bbox 1359 1019 1375 1042; x_wconf 94' lang='grc'><strong>,</strong></span> <span class='ocrx_word' id='word_1_57' title='bbox 1460 979 1522 1031; x_wconf 83' lang='grc' dir='ltr'>τὺ</span> <span class='ocrx_word' id='word_1_58' title='bbox 1608 978 1802 1031; x_wconf 78' lang='grc' dir='ltr'>πιστὸν</span> 
     </span>
    </p>
   </div>
   <div class='ocr_carea' id='block_1_11' title="bbox 221 1070 1806 1154">
    <p class='ocr_par' dir='ltr' id='par_1_11' title="bbox 221 1070 1806 1154">
     <span class='ocr_line' id='line_1_11' title="bbox 221 1070 1806 1154; baseline -0.003 -26"><span class='ocrx_word' id='word_1_59' title='bbox 221 1076 321 1128; x_wconf 77' lang='grc' dir='ltr'>καὶ</span> <span class='ocrx_word' id='word_1_60' title='bbox 349 1074 450 1145; x_wconf 80' lang='grc' dir='ltr'>τὴν</span> <span class='ocrx_word' id='word_1_61' title='bbox 487 1075 665 1144; x_wconf 79' lang='grc' dir='ltr'>ἰσχὺν,</span> <span class='ocrx_word' id='word_1_62' title='bbox 697 1071 1103 1154; x_wconf 66' lang='grc' dir='ltr'><strong>ἀπομάχεσθαι,</strong></span> <span class='ocrx_word' id='word_1_63' title='bbox 1139 1072 1234 1124; x_wconf 73' lang='grc' dir='ltr'><strong>καὶ</strong></span> <span class='ocrx_word' id='word_1_64' title='bbox 1267 1070 1497 1125; x_wconf 71' lang='grc' dir='ltr'>αὐτόθεν</span> <span class='ocrx_word' id='word_1_65' title='bbox 1520 1071 1583 1124; x_wconf 82' lang='grc' dir='ltr'><strong>τὸ</strong></span> <span class='ocrx_word' id='word_1_66' title='bbox 1625 1072 1806 1141; x_wconf 81' lang='grc' dir='ltr'>ἀσφα-</span> 
     </span>
    </p>
   </div>
   <div class='ocr_carea' id='block_1_12' title="bbox 221 1164 1807 1237">
    <p class='ocr_par' dir='ltr' id='par_1_12' title="bbox 221 1164 1807 1237">
     <span class='ocr_line' id='line_1_12' title="bbox 221 1164 1807 1237; baseline -0.003 -17"><span class='ocrx_word' id='word_1_67' title='bbox 221 1169 338 1230; x_wconf 73' lang='grc' dir='ltr'>λὲς,</span> <span class='ocrx_word' id='word_1_68' title='bbox 365 1167 446 1236; x_wconf 81' lang='grc' dir='ltr'><strong>τῷ</strong></span> <span class='ocrx_word' id='word_1_69' title='bbox 477 1167 972 1237; x_wconf 79' lang='grc' dir='ltr'>παρακεχωρηκότι</span> <span class='ocrx_word' id='word_1_70' title='bbox 1015 1167 1233 1220; x_wconf 83' lang='grc' dir='ltr'>πάντων</span> <span class='ocrx_word' id='word_1_71' title='bbox 1279 1166 1377 1236; x_wconf 84' lang='grc' dir='ltr'>τῆς</span> <span class='ocrx_word' id='word_1_72' title='bbox 1407 1165 1641 1228; x_wconf 75' lang='grc' dir='ltr'>ἐννοίας,</span> <span class='ocrx_word' id='word_1_73' title='bbox 1669 1164 1807 1234; x_wconf 84' lang='grc' dir='ltr'>πρὸς</span> 
     </span>
    </p>
   </div>
   <div class='ocr_carea' id='block_1_13' title="bbox 223 1257 1803 1329">
    <p class='ocr_par' dir='ltr' id='par_1_13' title="bbox 223 1257 1803 1329">
     <span class='ocr_line' id='line_1_13' title="bbox 223 1257 1803 1329; baseline 0 -19"><span class='ocrx_word' id='word_1_74' title='bbox 223 1259 389 1324; x_wconf 82' lang='grc' dir='ltr'>λόγου</span> <span class='ocrx_word' id='word_1_75' title='bbox 422 1259 798 1329; x_wconf 74' lang='grc' dir='ltr'>πληροφορίαν</span> <span class='ocrx_word' id='word_1_76' title='bbox 833 1261 915 1322; x_wconf 88' lang='grc' dir='ltr'><strong>είς</strong></span> <span class='ocrx_word' id='word_1_77' title='bbox 934 1259 1210 1326; x_wconf 80' lang='grc' dir='ltr'>ἀπόδειξιν</span> <span class='ocrx_word' id='word_1_78' title='bbox 1235 1259 1328 1312; x_wconf 72' lang='lat' dir='ltr'><strong>ml.</strong></span> <span class='ocrx_word' id='word_1_79' title='bbox 1367 1257 1666 1327; x_wconf 87' lang='grc' dir='ltr'>βεϐαίωσιν</span> <span class='ocrx_word' id='word_1_80' title='bbox 1699 1273 1803 1310; x_wconf 85' lang='grc' dir='ltr'>πα-</span> 
     </span>
    </p>
   </div>
   <div class='ocr_carea' id='block_1_14' title="bbox 229 1348 724 1420">
    <p class='ocr_par' dir='ltr' id='par_1_14' title="bbox 229 1348 724 1420">
     <span class='ocr_line' id='line_1_14' title="bbox 229 1348 724 1420; baseline 0.004 -19"><span class='ocrx_word' id='word_1_81' title='bbox 229 1348 724 1420; x_wconf 72' lang='grc' dir='ltr'>ραλαμϐάνεσθαι;</span> 
     </span>
    </p>
   </div>
   <div class='ocr_carea' id='block_1_15' title="bbox 314 1597 1810 1671">
    <p class='ocr_par' dir='ltr' id='par_1_15' title="bbox 314 1597 1810 1671">
     <span class='ocr_line' id='line_1_15' title="bbox 314 1597 1810 1671; baseline 0 -21"><span class='ocrx_word' id='word_1_82' title='bbox 314 1598 408 1662; x_wconf 85' lang='grc' dir='ltr'>Ὠς</span> <span class='ocrx_word' id='word_1_83' title='bbox 442 1597 572 1666; x_wconf 84' lang='grc' dir='ltr'>γοῦν</span> <span class='ocrx_word' id='word_1_84' title='bbox 596 1598 699 1671; x_wconf 70' lang='grc' dir='ltr'>ἤδη</span> <span class='ocrx_word' id='word_1_85' title='bbox 724 1599 951 1653; x_wconf 75' lang='grc' dir='ltr'>τοιαῦτα</span> <span class='ocrx_word' id='word_1_86' title='bbox 979 1599 1074 1654; x_wconf 76' lang='grc' dir='ltr'><strong>καὶ</strong></span> <span class='ocrx_word' id='word_1_87' title='bbox 1096 1598 1271 1662; x_wconf 77' lang='grc' dir='ltr'>οὕτως</span> <span class='ocrx_word' id='word_1_88' title='bbox 1293 1598 1488 1670; x_wconf 76' lang='grc' dir='ltr'>ἔχοντα</span> <span class='ocrx_word' id='word_1_89' title='bbox 1516 1597 1810 1668; x_wconf 64' lang='grc' dir='ltr'>ἔγνωσται,</span> 
     </span>
    </p>
   </div>
   <div class='ocr_carea' id='block_1_16' title="bbox 233 1688 1815 1770">
    <p class='ocr_par' dir='ltr' id='par_1_16' title="bbox 233 1688 1815 1770">
     <span class='ocr_line' id='line_1_16' title="bbox 233 1688 1815 1770; baseline 0.002 -30"><span class='ocrx_word' id='word_1_90' title='bbox 233 1688 376 1756; x_wconf 81' lang='grc' dir='ltr'>μηδὲ</span> <span class='ocrx_word' id='word_1_91' title='bbox 451 1689 551 1759; x_wconf 81' lang='grc' dir='ltr'>τὴν</span> <span class='ocrx_word' id='word_1_92' title='bbox 592 1689 766 1760; x_wconf 81' lang='grc' dir='ltr'>ἀρχὴν</span> <span class='ocrx_word' id='word_1_93' title='bbox 812 1690 1115 1759; x_wconf 69' lang='grc' dir='ltr'><strong>ἀντιλέγειν</strong></span> <span class='ocrx_word' id='word_1_94' title='bbox 1160 1690 1362 1762; x_wconf 75' lang='grc' dir='ltr'>ἐχρῆνο</span> <span class='ocrx_word' id='word_1_95' title='bbox 1401 1690 1486 1744; x_wconf 76' lang='grc' dir='ltr'>ἵνα</span> <span class='ocrx_word' id='word_1_96' title='bbox 1519 1691 1593 1770; x_wconf 73' lang='grc' dir='ltr'>μὴ</span> <span class='ocrx_word' id='word_1_97' title='bbox 1619 1689 1815 1744; x_wconf 80' lang='grc' dir='ltr'>ταύτὸν</span> 
     </span>
    </p>
   </div>
   <div class='ocr_carea' id='block_1_17' title="bbox 227 1778 1817 1852">
    <p class='ocr_par' dir='ltr' id='par_1_17' title="bbox 227 1778 1817 1852">
     <span class='ocr_line' id='line_1_17' title="bbox 227 1778 1817 1852; baseline 0.002 -21"><span class='ocrx_word' id='word_1_98' title='bbox 227 1778 470 1843; x_wconf 86' lang='grc' dir='ltr'>ὲκείνοις</span> <span class='ocrx_word' id='word_1_99' title='bbox 511 1781 840 1836; x_wconf 76' lang='grc' dir='ltr'>πεπονθέναι</span> <span class='ocrx_word' id='word_1_100' title='bbox 867 1781 1186 1852; x_wconf 87' lang='grc' dir='ltr'>όφθείημεν,</span> <span class='ocrx_word' id='word_1_101' title='bbox 1213 1782 1311 1836; x_wconf 77' lang='grc' dir='ltr'>καὶ</span> <span class='ocrx_word' id='word_1_102' title='bbox 1357 1781 1684 1852; x_wconf 75' lang='grc' dir='ltr'>ἀϐελτερίας</span> <span class='ocrx_word' id='word_1_103' title='bbox 1722 1781 1817 1834; x_wconf 77' lang='grc' dir='ltr'>καὶ</span> 
     </span>
    </p>
   </div>
   <div class='ocr_carea' id='block_1_18' title="bbox 1896 601 3471 676">
    <p class='ocr_par' dir='ltr' id='par_1_18' title="bbox 1896 601 3471 676">
     <span class='ocr_line' id='line_1_18' title="bbox 1896 601 3471 676; baseline -0.004 -15"><span class='ocrx_word' id='word_1_104' title='bbox 1896 609 1950 661; x_wconf 87' lang='lat' dir='ltr'><strong>in</strong></span> <span class='ocrx_word' id='word_1_105' title='bbox 1974 606 2218 662; x_wconf 83' lang='lat' dir='ltr'><strong>confesso</strong></span> <span class='ocrx_word' id='word_1_106' title='bbox 2249 613 2397 670; x_wconf 91' lang='lat' dir='ltr'><strong>sunt,</strong></span> <span class='ocrx_word' id='word_1_107' title='bbox 2420 603 2737 676; x_wconf 90' lang='lat' dir='ltr'><strong>procedunt,</strong></span> <span class='ocrx_word' id='word_1_108' title='bbox 2766 608 2824 655; x_wconf 81' lang='lat' dir='ltr'><strong>ut</strong></span> <span class='ocrx_word' id='word_1_109' title='bbox 2852 601 2980 656; x_wconf 86' lang='lat' dir='ltr'><strong>risui</strong></span> <span class='ocrx_word' id='word_1_110' title='bbox 3005 601 3344 672; x_wconf 87' lang='lat' dir='ltr'><strong>potiusquam</strong></span> <span class='ocrx_word' id='word_1_111' title='bbox 3379 601 3471 655; x_wconf 90' lang='lat' dir='ltr'><strong>ulli</strong></span> 
     </span>
    </p>
   </div>
   <div class='ocr_carea' id='block_1_19' title="bbox 1898 692 3474 767">
    <p class='ocr_par' dir='ltr' id='par_1_19' title="bbox 1898 692 3474 767">
     <span class='ocr_line' id='line_1_19' title="bbox 1898 692 3474 767; baseline -0.003 -16"><span class='ocrx_word' id='word_1_112' title='bbox 1898 697 2017 752; x_wconf 91' lang='lat' dir='ltr'><strong>usui</strong></span> <span class='ocrx_word' id='word_1_113' title='bbox 2056 698 2196 767; x_wconf 88' lang='lat' dir='ltr'><strong>apud</strong></span> <span class='ocrx_word' id='word_1_114' title='bbox 2221 711 2312 750; x_wconf 90' lang='lat' dir='ltr'><strong>eos</strong></span> <span class='ocrx_word' id='word_1_115' title='bbox 2343 696 2433 765; x_wconf 92' lang='lat' dir='ltr'><strong>qui</strong></span> <span class='ocrx_word' id='word_1_116' title='bbox 2471 708 2598 750; x_wconf 84' lang='lat' dir='ltr'><strong>vere</strong></span> <span class='ocrx_word' id='word_1_117' title='bbox 2659 692 2895 763; x_wconf 88' lang='lat' dir='ltr'><strong>sapiunt,</strong></span> <span class='ocrx_word' id='word_1_118' title='bbox 2912 692 3151 766; x_wconf 70' lang='lat' dir='ltr'><strong>expositi</strong></span> <span class='ocrx_word' id='word_1_119' title='bbox 3198 693 3327 747; x_wconf 88' lang='lat' dir='ltr'><strong>sint.</strong></span> <span class='ocrx_word' id='word_1_120' title='bbox 3361 692 3474 746; x_wconf 90' lang='lat' dir='ltr'><strong>Cur</strong></span> 
     </span>
    </p>
   </div>
   <div class='ocr_carea' id='block_1_20' title="bbox 1900 785 3518 857">
    <p class='ocr_par' dir='ltr' id='par_1_20' title="bbox 1900 785 3518 857">
     <span class='ocr_line' id='line_1_20' title="bbox 1900 785 3518 857; baseline -0.003 -15"><span class='ocrx_word' id='word_1_121' title='bbox 1900 789 2041 842; x_wconf 90' lang='lat' dir='ltr'><strong>enim</strong></span> <span class='ocrx_word' id='word_1_122' title='bbox 2073 787 2181 841; x_wconf 86' lang='lat' dir='ltr'><strong>risu</strong></span> <span class='ocrx_word' id='word_1_123' title='bbox 2207 803 2310 841; x_wconf 91' lang='lat' dir='ltr'><strong>non</strong></span> <span class='ocrx_word' id='word_1_124' title='bbox 2366 787 2438 841; x_wconf 86' lang='lat' dir='ltr'><strong>sit</strong></span> <span class='ocrx_word' id='word_1_125' title='bbox 2475 787 2716 857; x_wconf 82' lang='lat' dir='ltr'><strong>dignum,</strong></span> <span class='ocrx_word' id='word_1_126' title='bbox 2737 785 2837 855; x_wconf 91' lang='lat' dir='ltr'><strong>ipsi</strong></span> <span class='ocrx_word' id='word_1_127' title='bbox 2885 795 3129 840; x_wconf 86' lang='lat' dir='ltr'><strong>actarum</strong></span> <span class='ocrx_word' id='word_1_128' title='bbox 3164 799 3346 838; x_wconf 89' lang='lat' dir='ltr'><strong>rerum</strong></span> <span class='ocrx_word' id='word_1_129' title='bbox 3375 800 3472 838; x_wconf 86' lang='lat' dir='ltr'><strong>na-</strong></span> <span class='ocrx_word' id='word_1_130' title='bbox 3503 826 3518 832; x_wconf 87' lang='lat'><strong>..</strong></span> 
     </span>
    </p>
   </div>
   <div class='ocr_carea' id='block_1_21' title="bbox 1900 875 3466 949">
    <p class='ocr_par' dir='ltr' id='par_1_21' title="bbox 1900 875 3466 949">
     <span class='ocr_line' id='line_1_21' title="bbox 1900 875 3466 949; baseline -0.005 -15"><span class='ocrx_word' id='word_1_131' title='bbox 1900 887 2035 934; x_wconf 76' lang='lat' dir='ltr'><strong>turae</strong></span> <span class='ocrx_word' id='word_1_132' title='bbox 2052 889 2106 934; x_wconf 90' lang='lat' dir='ltr'><strong>et</strong></span> <span class='ocrx_word' id='word_1_133' title='bbox 2125 879 2469 949; x_wconf 86' lang='lat' dir='ltr'><strong>opinionibus</strong></span> <span class='ocrx_word' id='word_1_134' title='bbox 2507 892 2675 947; x_wconf 65' lang='lat' dir='ltr'><strong>quate</strong></span> <span class='ocrx_word' id='word_1_135' title='bbox 2713 875 3005 930; x_wconf 87' lang='lat' dir='ltr'><strong>multorum</strong></span> <span class='ocrx_word' id='word_1_136' title='bbox 3029 890 3321 940; x_wconf 86' lang='lat' dir='ltr'><strong>annorum,</strong></span> <span class='ocrx_word' id='word_1_137' title='bbox 3357 876 3466 927; x_wconf 89' lang='lat' dir='ltr'><strong>imo</strong></span> 
     </span>
    </p>
   </div>
   <div class='ocr_carea' id='block_1_22' title="bbox 1903 965 3474 1036">
    <p class='ocr_par' dir='ltr' id='par_1_22' title="bbox 1903 965 3474 1036">
     <span class='ocr_line' id='line_1_22' title="bbox 1903 965 3474 1036; baseline -0.004 -12"><span class='ocrx_word' id='word_1_138' title='bbox 1903 979 2118 1024; x_wconf 70' lang='lat' dir='ltr'><strong>aetatum</strong></span> <span class='ocrx_word' id='word_1_139' title='bbox 2165 967 2485 1024; x_wconf 76' lang='lat' dir='ltr'><strong>orthodoxia</strong></span> <span class='ocrx_word' id='word_1_140' title='bbox 2541 967 2831 1022; x_wconf 82' lang='lat' dir='ltr'><strong>illustrium</strong></span> <span class='ocrx_word' id='word_1_141' title='bbox 2878 980 2944 1020; x_wconf 88' lang='lat' dir='ltr'><strong>ac</strong></span> <span class='ocrx_word' id='word_1_142' title='bbox 2993 967 3346 1036; x_wconf 89' lang='lat' dir='ltr'><strong>probatarum</strong></span> <span class='ocrx_word' id='word_1_143' title='bbox 3377 965 3474 1018; x_wconf 89' lang='lat' dir='ltr'><strong>de-</strong></span> 
     </span>
    </p>
   </div>
   <div class='ocr_carea' id='block_1_23' title="bbox 1905 1055 3516 1128">
    <p class='ocr_par' dir='ltr' id='par_1_23' title="bbox 1905 1055 3516 1128">
     <span class='ocr_line' id='line_1_23' title="bbox 1905 1055 3516 1128; baseline -0.004 -12"><span class='ocrx_word' id='word_1_144' title='bbox 1905 1076 2090 1126; x_wconf 90' lang='lat' dir='ltr'><strong>cursu,</strong></span> <span class='ocrx_word' id='word_1_145' title='bbox 2123 1060 2570 1128; x_wconf 70' lang='lat' dir='ltr'><strong>fideturoburque</strong></span> <span class='ocrx_word' id='word_1_146' title='bbox 2588 1059 2815 1125; x_wconf 77' lang='lat' dir='ltr'><strong>habent,</strong></span> <span class='ocrx_word' id='word_1_147' title='bbox 2841 1056 3311 1125; x_wconf 49' lang='lat' dir='ltr'><strong>_adversari?”qnte</strong></span> <span class='ocrx_word' id='word_1_148' title='bbox 3385 1055 3471 1109; x_wconf 90' lang='lat' dir='ltr'><strong>ni-</strong></span> <span class='ocrx_word' id='word_1_149' title='bbox 3505 1092 3516 1099; x_wconf 66' lang='grc' dir='ltr'><strong>ι</strong></span> 
     </span>
    </p>
   </div>
   <div class='ocr_carea' id='block_1_24' title="bbox 1907 1147 3522 1220">
    <p class='ocr_par' dir='ltr' id='par_1_24' title="bbox 1907 1147 3522 1220">
     <span class='ocr_line' id='line_1_24' title="bbox 1907 1147 3522 1220; baseline -0.002 -14"><span class='ocrx_word' id='word_1_150' title='bbox 1907 1153 2102 1206; x_wconf 91' lang='lat' dir='ltr'><strong>mirum</strong></span> <span class='ocrx_word' id='word_1_151' title='bbox 2137 1150 2418 1220; x_wconf 85' lang='lat' dir='ltr'><strong>Opiniones</strong></span> <span class='ocrx_word' id='word_1_152' title='bbox 2454 1149 2592 1202; x_wconf 80' lang='lat' dir='ltr'><strong>vim‘</strong></span> <span class='ocrx_word' id='word_1_153' title='bbox 2619 1163 2771 1203; x_wconf 89' lang='lat' dir='ltr'><strong>suam</strong></span> <span class='ocrx_word' id='word_1_154' title='bbox 2812 1147 3474 1207; x_wconf 35' lang='lat' dir='ltr'><strong>indidemwobtinuerunt,</strong></span> <span class='ocrx_word' id='word_1_155' title='bbox 3513 1196 3522 1203; x_wconf 92' lang='lat'><em>.</em></span> 
     </span>
    </p>
   </div>
   <div class='ocr_carea' id='block_1_25' title="bbox 1909 1237 3520 1312">
    <p class='ocr_par' dir='ltr' id='par_1_25' title="bbox 1909 1237 3520 1312">
     <span class='ocr_line' id='line_1_25' title="bbox 1909 1237 3520 1312; baseline -0.006 -14"><span class='ocrx_word' id='word_1_156' title='bbox 1909 1257 2103 1312; x_wconf 87' lang='lat' dir='ltr'><strong>nempe</strong></span> <span class='ocrx_word' id='word_1_157' title='bbox 2159 1241 2226 1295; x_wconf 89' lang='lat' dir='ltr'><strong>ab</strong></span> <span class='ocrx_word' id='word_1_158' title='bbox 2287 1240 2529 1295; x_wconf 91' lang='lat' dir='ltr'><strong>omnium</strong></span> <span class='ocrx_word' id='word_1_159' title='bbox 2566 1238 2826 1294; x_wconf 89' lang='lat' dir='ltr'><strong>mentium</strong></span> <span class='ocrx_word' id='word_1_160' title='bbox 2861 1239 3244 1303; x_wconf 84' lang='lat' dir='ltr'><strong>concessione;</strong></span> <span class='ocrx_word' id='word_1_161' title='bbox 3279 1237 3376 1292; x_wconf 82' lang='lat' dir='ltr'><strong>ita</strong></span> <span class='ocrx_word' id='word_1_162' title='bbox 3421 1245 3520 1290; x_wconf 49' lang='lat' dir='ltr'><strong>ut»</strong></span> 
     </span>
    </p>
   </div>
   <div class='ocr_carea' id='block_1_26' title="bbox 1911 1327 3477 1402">
    <p class='ocr_par' dir='ltr' id='par_1_26' title="bbox 1911 1327 3477 1402">
     <span class='ocr_line' id='line_1_26' title="bbox 1911 1327 3477 1402; baseline -0.006 -15"><span class='ocrx_word' id='word_1_163' title='bbox 1911 1335 1964 1387; x_wconf 90' lang='lat' dir='ltr'><strong>in</strong></span> <span class='ocrx_word' id='word_1_164' title='bbox 2009 1332 2275 1402; x_wconf 71' lang='lat' dir='ltr'><strong>ambiguis</strong></span> <span class='ocrx_word' id='word_1_165' title='bbox 2303 1331 2465 1385; x_wconf 85' lang='lat' dir='ltr'><strong>etiam</strong></span> <span class='ocrx_word' id='word_1_166' title='bbox 2493 1339 2544 1383; x_wconf 88' lang='lat' dir='ltr'><strong>et</strong></span> <span class='ocrx_word' id='word_1_167' title='bbox 2595 1343 2694 1398; x_wconf 89' lang='lat' dir='ltr'><strong>ope</strong></span> <span class='ocrx_word' id='word_1_168' title='bbox 2718 1329 2896 1396; x_wconf 80' lang='lat' dir='ltr'><strong>aliqua</strong></span> <span class='ocrx_word' id='word_1_169' title='bbox 2957 1329 3022 1382; x_wconf 90' lang='lat' dir='ltr'><strong>ad</strong></span> <span class='ocrx_word' id='word_1_170' title='bbox 3074 1327 3477 1398; x_wconf 83' lang='lat' dir='ltr'><strong>persuasionem</strong></span> 
     </span>
    </p>
   </div>
   <div class='ocr_carea' id='block_1_27' title="bbox 1910 1412 3481 1492">
    <p class='ocr_par' dir='ltr' id='par_1_27' title="bbox 1910 1412 3481 1492">
     <span class='ocr_line' id='line_1_27' title="bbox 1910 1412 3481 1492; baseline -0.008 -14"><span class='ocrx_word' id='word_1_171' title='bbox 1910 1423 2213 1492; x_wconf 77' lang='lat' dir='ltr'><strong>egentibus,</strong></span> <span class='ocrx_word' id='word_1_172' title='bbox 2235 1437 2299 1476; x_wconf 82' lang='lat' dir='ltr'><strong>ex</strong></span> <span class='ocrx_word' id='word_1_173' title='bbox 2352 1420 2627 1490; x_wconf 68' lang='lat' dir='ltr'><strong>pra&#39;dictis</strong></span> <span class='ocrx_word' id='word_1_174' title='bbox 2655 1418 2998 1474; x_wconf 87' lang='lat' dir='ltr'><strong>adminiculis</strong></span> <span class='ocrx_word' id='word_1_175' title='bbox 3025 1412 3028 1416; x_wconf 65' lang='grc'><strong>’</strong></span> <span class='ocrx_word' id='word_1_176' title='bbox 3058 1415 3481 1472; x_wconf 84' lang='lat' dir='ltr'><strong>demonstratio-</strong></span> 
     </span>
    </p>
   </div>
   <div class='ocr_carea' id='block_1_28' title="bbox 1913 1510 2986 1580">
    <p class='ocr_par' dir='ltr' id='par_1_28' title="bbox 1913 1510 2986 1580">
     <span class='ocr_line' id='line_1_28' title="bbox 1913 1510 2986 1580; baseline -0.003 -14"><span class='ocrx_word' id='word_1_177' title='bbox 1913 1528 2035 1567; x_wconf 87' lang='lat' dir='ltr'><strong>nem</strong></span> <span class='ocrx_word' id='word_1_178' title='bbox 2096 1512 2673 1580; x_wconf 82' lang='lat' dir='ltr'><strong>conﬁrmationemque</strong></span> <span class='ocrx_word' id='word_1_179' title='bbox 2697 1510 2986 1578; x_wconf 83' lang='lat' dir='ltr'><strong>recipiant.</strong></span> 
     </span>
    </p>
   </div>
   <div class='ocr_carea' id='block_1_29' title="bbox 1985 1601 3522 1670">
    <p class='ocr_par' dir='ltr' id='par_1_29' title="bbox 1985 1601 3522 1670">
     <span class='ocr_line' id='line_1_29' title="bbox 1985 1601 3522 1670; baseline -0.004 -13"><span class='ocrx_word' id='word_1_180' title='bbox 1985 1605 2117 1670; x_wconf 56' lang='lat' dir='ltr'><strong>Quae</strong></span> <span class='ocrx_word' id='word_1_181' title='bbox 2145 1619 2267 1657; x_wconf 91' lang='lat' dir='ltr'><strong>cum</strong></span> <span class='ocrx_word' id='word_1_182' title='bbox 2299 1603 2369 1656; x_wconf 87' lang='lat' dir='ltr'><strong>ita</strong></span> <span class='ocrx_word' id='word_1_183' title='bbox 2409 1617 2468 1657; x_wconf 89' lang='lat' dir='ltr'><strong>se</strong></span> <span class='ocrx_word' id='word_1_184' title='bbox 2501 1603 2700 1656; x_wconf 87' lang='lat' dir='ltr'><strong>habere</strong></span> <span class='ocrx_word' id='word_1_185' title='bbox 2744 1601 2856 1669; x_wconf 87' lang='lat' dir='ltr'><strong>jam</strong></span> <span class='ocrx_word' id='word_1_186' title='bbox 2894 1601 2966 1656; x_wconf 86' lang='lat' dir='ltr'><strong>sit</strong></span> <span class='ocrx_word' id='word_1_187' title='bbox 3010 1601 3374 1670; x_wconf 76' lang='lat' dir='ltr'><strong>exploratum,</strong></span> <span class='ocrx_word' id='word_1_188' title='bbox 3420 1613 3522 1651; x_wconf 84' lang='lat' dir='ltr'><strong>ne-</strong></span> 
     </span>
    </p>
   </div>
   <div class='ocr_carea' id='block_1_30' title="bbox 1916 1689 3520 1762">
    <p class='ocr_par' dir='ltr' id='par_1_30' title="bbox 1916 1689 3520 1762">
     <span class='ocr_line' id='line_1_30' title="bbox 1916 1689 3520 1762; baseline -0.004 -14"><span class='ocrx_word' id='word_1_189' title='bbox 1916 1693 2294 1748; x_wconf 78' lang='lat' dir='ltr'><strong>relutationetn</strong></span> <span class='ocrx_word' id='word_1_190' title='bbox 2345 1693 2560 1762; x_wconf 88' lang='lat' dir='ltr'><strong>quidem</strong></span> <span class='ocrx_word' id='word_1_191' title='bbox 2589 1691 2870 1762; x_wconf 86' lang='lat' dir='ltr'><strong>suscipere</strong></span> <span class='ocrx_word' id='word_1_192' title='bbox 2901 1706 3036 1762; x_wconf 91' lang='lat' dir='ltr'><strong>opus</strong></span> <span class='ocrx_word' id='word_1_193' title='bbox 3065 1697 3211 1753; x_wconf 69' lang='lat' dir='ltr'><strong>erat,</strong></span> <span class='ocrx_word' id='word_1_194' title='bbox 3227 1706 3295 1744; x_wconf 90' lang='lat' dir='ltr'><strong>ne</strong></span> <span class='ocrx_word' id='word_1_195' title='bbox 3342 1689 3484 1743; x_wconf 78' lang='lat' dir='ltr'><strong>forte</strong></span> <span class='ocrx_word' id='word_1_196' title='bbox 3517 1721 3520 1723; x_wconf 98' lang='lat'><em>-</em></span> 
     </span>
    </p>
   </div>
   <div class='ocr_carea' id='block_1_31' title="bbox 1920 1780 3520 1851">
    <p class='ocr_par' dir='ltr' id='par_1_31' title="bbox 1920 1780 3520 1851">
     <span class='ocr_line' id='line_1_31' title="bbox 1920 1780 3520 1851; baseline -0.004 -15"><span class='ocrx_word' id='word_1_197' title='bbox 1920 1783 2058 1837; x_wconf 90' lang='lat' dir='ltr'><strong>idem</strong></span> <span class='ocrx_word' id='word_1_198' title='bbox 2089 1793 2250 1850; x_wconf 87' lang='lat' dir='ltr'><strong>atque</strong></span> <span class='ocrx_word' id='word_1_199' title='bbox 2277 1781 2348 1836; x_wconf 88' lang='lat' dir='ltr'><strong>illi</strong></span> <span class='ocrx_word' id='word_1_200' title='bbox 2407 1795 2631 1851; x_wconf 87' lang='lat' dir='ltr'><strong>peccare</strong></span> <span class='ocrx_word' id='word_1_201' title='bbox 2661 1781 2941 1834; x_wconf 75' lang='lat' dir='ltr'><strong>videamur</strong></span> <span class='ocrx_word' id='word_1_202' title='bbox 2962 1820 2977 1845; x_wconf 95' lang='lat'><strong>,</strong></span> <span class='ocrx_word' id='word_1_203' title='bbox 3001 1829 3009 1836; x_wconf 89' lang='lat'>.</span> <span class='ocrx_word' id='word_1_204' title='bbox 3033 1780 3378 1846; x_wconf 81' lang='lat' dir='ltr'><strong>levitatisque</strong></span> <span class='ocrx_word' id='word_1_205' title='bbox 3433 1786 3520 1832; x_wconf 79' lang='lat' dir='ltr'><strong>et—</strong></span> 
     </span>
    </p>
   </div>
   <div class='ocr_carea' id='block_1_32' title="bbox 232 1855 1823 1944">
    <p class='ocr_par' dir='ltr' id='par_1_32' title="bbox 232 1871 1816 1944">
     <span class='ocr_line' id='line_1_32' title="bbox 232 1871 1816 1944; baseline 0.001 -21"><span class='ocrx_word' id='word_1_206' title='bbox 232 1871 596 1936; x_wconf 82' lang='grc' dir='ltr'>ἀπαιδευσίας</span> <span class='ocrx_word' id='word_1_207' title='bbox 618 1873 952 1944; x_wconf 87' lang='grc' dir='ltr'>όφλήσαντες</span> <span class='ocrx_word' id='word_1_208' title='bbox 969 1875 1202 1943; x_wconf 84' lang='grc' dir='ltr'>γέλωτα,</span> <span class='ocrx_word' id='word_1_209' title='bbox 1222 1874 1322 1944; x_wconf 82' lang='grc' dir='ltr'>τὴν</span> <span class='ocrx_word' id='word_1_210' title='bbox 1350 1874 1474 1943; x_wconf 86' lang='grc' dir='ltr'>ῐσην</span> <span class='ocrx_word' id='word_1_211' title='bbox 1489 1872 1816 1942; x_wconf 82' lang='grc' dir='ltr'>ἀπενεγκοί-</span> 
     </span>
    </p>
   </div>
   <div class='ocr_carea' id='block_1_33' title="bbox 1928 1855 3482 1944">
    <p class='ocr_par' dir='ltr' id='par_1_33' title="bbox 1928 1871 3482 1940">
     <span class='ocr_line' id='line_1_33' title="bbox 1928 1871 3482 1940; baseline -0.004 -10"><span class='ocrx_word' id='word_1_212' title='bbox 1928 1875 2147 1931; x_wconf 78' lang='lat' dir='ltr'><strong>inscitiae</strong></span> <span class='ocrx_word' id='word_1_213' title='bbox 2179 1889 2340 1929; x_wconf 90' lang='lat' dir='ltr'><strong>causa</strong></span> <span class='ocrx_word' id='word_1_214' title='bbox 2372 1875 2540 1928; x_wconf 89' lang='lat' dir='ltr'><strong>risum</strong></span> <span class='ocrx_word' id='word_1_215' title='bbox 2576 1881 3003 1937; x_wconf 81' lang='lat' dir='ltr'><strong>commoventes,</strong></span> <span class='ocrx_word' id='word_1_216' title='bbox 3025 1886 3206 1940; x_wconf 79' lang='lat' dir='ltr'><strong>parem</strong></span> <span class='ocrx_word' id='word_1_217' title='bbox 3255 1871 3362 1925; x_wconf 83' lang='lat' dir='ltr'><strong>illis</strong></span> <span class='ocrx_word' id='word_1_218' title='bbox 3395 1885 3482 1924; x_wconf 90' lang='lat' dir='ltr'><strong>re-</strong></span> 
     </span>
    </p>
   </div>
   <div class='ocr_carea' id='block_1_34' title="bbox 235 1962 1820 2036">
    <p class='ocr_par' dir='ltr' id='par_1_34' title="bbox 235 1962 1820 2036">
     <span class='ocr_line' id='line_1_34' title="bbox 235 1962 1820 2036; baseline 0.001 -20"><span class='ocrx_word' id='word_1_219' title='bbox 235 1962 384 2031; x_wconf 73' lang='grc' dir='ltr'>μεθα</span> <span class='ocrx_word' id='word_1_220' title='bbox 410 1964 650 2036; x_wconf 76' lang='grc' dir='ltr'>γραφὴν,</span> <span class='ocrx_word' id='word_1_221' title='bbox 680 1967 794 2029; x_wconf 83' lang='grc' dir='ltr'>τοῖς</span> <span class='ocrx_word' id='word_1_222' title='bbox 846 1964 1264 2036; x_wconf 84' lang='grc' dir='ltr'>μειρακιώδεσιν</span> <span class='ocrx_word' id='word_1_223' title='bbox 1299 1964 1684 2028; x_wconf 74' lang='grc' dir='ltr'>ἐπιϐάλλοντες</span> <span class='ocrx_word' id='word_1_224' title='bbox 1731 1962 1820 2017; x_wconf 85' lang='grc' dir='ltr'>λό-</span> 
     </span>
    </p>
   </div>
   <div class='ocr_carea' id='block_1_35' title="bbox 233 2053 1820 2128">
    <p class='ocr_par' dir='ltr' id='par_1_35' title="bbox 233 2053 1820 2128">
     <span class='ocr_line' id='line_1_35' title="bbox 233 2053 1820 2128; baseline 0.001 -24"><span class='ocrx_word' id='word_1_225' title='bbox 233 2067 385 2119; x_wconf 67' lang='grc' dir='ltr'>γοις-</span> <span class='ocrx_word' id='word_1_226' title='bbox 406 2053 592 2107; x_wconf 80' lang='grc' dir='ltr'>Ἔοικε</span> <span class='ocrx_word' id='word_1_227' title='bbox 611 2054 718 2126; x_wconf 79' lang='grc' dir='ltr'>γὰρ</span> <span class='ocrx_word' id='word_1_228' title='bbox 743 2055 772 2108; x_wconf 86' lang='grc' dir='ltr'><strong>ό</strong></span> <span class='ocrx_word' id='word_1_229' title='bbox 792 2054 966 2109; x_wconf 80' lang='grc' dir='ltr'>ταῦτα</span> <span class='ocrx_word' id='word_1_230' title='bbox 981 2055 1312 2127; x_wconf 88' lang='grc' dir='ltr'>ἀνατρέπειν</span> <span class='ocrx_word' id='word_1_231' title='bbox 1333 2055 1701 2128; x_wconf 87' lang='grc' dir='ltr'>πειρώμενος,</span> <span class='ocrx_word' id='word_1_232' title='bbox 1719 2053 1820 2116; x_wconf 80' lang='grc' dir='ltr'>τὰς</span> 
     </span>
    </p>
   </div>
   <div class='ocr_carea' id='block_1_36' title="bbox 238 2141 1832 2216">
    <p class='ocr_par' dir='ltr' id='par_1_36' title="bbox 238 2141 1832 2216">
     <span class='ocr_line' id='line_1_36' title="bbox 238 2141 1832 2216; baseline 0.001 -22"><span class='ocrx_word' id='word_1_233' title='bbox 238 2141 386 2194; x_wconf 81' lang='grc' dir='ltr'>κατὰ</span> <span class='ocrx_word' id='word_1_234' title='bbox 420 2143 643 2197; x_wconf 79' lang='grc' dir='ltr'>παιδιὰν</span> <span class='ocrx_word' id='word_1_235' title='bbox 681 2147 747 2198; x_wconf 81' lang='grc' dir='ltr'>ὲκ</span> <span class='ocrx_word' id='word_1_236' title='bbox 805 2144 1037 2216; x_wconf 82' lang='grc' dir='ltr'>ψάμμου</span> <span class='ocrx_word' id='word_1_237' title='bbox 1101 2145 1312 2199; x_wconf 79' lang='grc' dir='ltr'>παίδων</span> <span class='ocrx_word' id='word_1_238' title='bbox 1347 2145 1633 2216; x_wconf 86' lang='grc' dir='ltr'>ἀθύρμασι</span> <span class='ocrx_word' id='word_1_239' title='bbox 1680 2161 1832 2197; x_wconf 54' lang='grc' dir='ltr'>κατ-ν</span> 
     </span>
    </p>
   </div>
   <div class='ocr_carea' id='block_1_37' title="bbox 239 2235 1822 2308">
    <p class='ocr_par' dir='ltr' id='par_1_37' title="bbox 239 2235 1822 2308">
     <span class='ocr_line' id='line_1_37' title="bbox 239 2235 1822 2308; baseline 0.003 -25"><span class='ocrx_word' id='word_1_240' title='bbox 239 2235 653 2300; x_wconf 71' lang='grc' dir='ltr'>ετκευασμένας</span> <span class='ocrx_word' id='word_1_241' title='bbox 674 2235 1033 2308; x_wconf 88' lang='grc' dir='ltr'>περιτρέπειν</span> <span class='ocrx_word' id='word_1_242' title='bbox 1054 2237 1255 2308; x_wconf 82' lang='grc' dir='ltr'>μᾶλλον</span> <span class='ocrx_word' id='word_1_243' title='bbox 1281 2236 1619 2306; x_wconf 72' lang='grc' dir='ltr'>οἰκοδομίας,</span> <span class='ocrx_word' id='word_1_244' title='bbox 1651 2235 1685 2306; x_wconf 83' lang='grc' dir='ltr'>ἢ</span> <span class='ocrx_word' id='word_1_245' title='bbox 1707 2237 1822 2298; x_wconf 85' lang='grc' dir='ltr'>τοῖς</span> 
     </span>
    </p>
   </div>
   <div class='ocr_carea' id='block_1_38' title="bbox 242 2319 1822 2399">
    <p class='ocr_par' dir='ltr' id='par_1_38' title="bbox 242 2319 1822 2399">
     <span class='ocr_line' id='line_1_38' title="bbox 242 2319 1822 2399; baseline -0.001 -19"><span class='ocrx_word' id='word_1_246' title='bbox 242 2319 403 2380; x_wconf 66' lang='lat' dir='ltr'><strong>mea:</strong></span> <span class='ocrx_word' id='word_1_247' title='bbox 421 2320 536 2369; x_wconf 72' lang='grc' dir='ltr'><strong>πᾶσ</strong></span> <span class='ocrx_word' id='word_1_248' title='bbox 543 2335 558 2368; x_wconf 87' lang='grc' dir='ltr'><strong>ι</strong></span> <span class='ocrx_word' id='word_1_249' title='bbox 573 2328 683 2380; x_wconf 60' lang='grc' dir='ltr'>τοῖς</span> <span class='ocrx_word' id='word_1_250' title='bbox 707 2326 977 2380; x_wconf 83' lang='grc' dir='ltr'>συνιοῦσιν</span> <span class='ocrx_word' id='word_1_251' title='bbox 1001 2328 1076 2391; x_wconf 83' lang='grc' dir='ltr'>ὡς</span> <span class='ocrx_word' id='word_1_252' title='bbox 1093 2327 1312 2399; x_wconf 86' lang='grc' dir='ltr'>ἀληθῶς</span> <span class='ocrx_word' id='word_1_253' title='bbox 1330 2328 1426 2382; x_wconf 77' lang='grc' dir='ltr'><strong>καὶ</strong></span> <span class='ocrx_word' id='word_1_254' title='bbox 1441 2329 1542 2397; x_wconf 84' lang='grc' dir='ltr'>τὴν</span> <span class='ocrx_word' id='word_1_255' title='bbox 1561 2327 1822 2397; x_wconf 83' lang='grc' dir='ltr'>ἀλήθειαν</span> 
     </span>
    </p>
   </div>
   <div class='ocr_carea' id='block_1_39' title="bbox 1680 2417 1822 2472">
    <p class='ocr_par' dir='ltr' id='par_1_39' title="bbox 1680 2417 1822 2472">
     <span class='ocr_line' id='line_1_39' title="bbox 1680 2417 1822 2472; baseline -0.014 0"><span class='ocrx_word' id='word_1_256' title='bbox 1680 2417 1822 2472; x_wconf 81' lang='grc' dir='ltr'>Ἀλλ’</span> 
     </span>
    </p>
   </div>
   <div class='ocr_carea' id='block_1_40' title="bbox 249 2491 1822 2579">
    <p class='ocr_par' dir='ltr' id='par_1_40' title="bbox 249 2491 1822 2579">
     <span class='ocr_line' id='line_1_40' title="bbox 249 2491 1822 2579; baseline 0.013 -38"><span class='ocrx_word' id='word_1_257' title='bbox 249 2491 442 2560; x_wconf 74' lang='grc' dir='ltr'>ἐπειδὴ</span> <span class='ocrx_word' id='word_1_258' title='bbox 467 2491 658 2564; x_wconf 85' lang='grc' dir='ltr'>ὥσπερ</span> <span class='ocrx_word' id='word_1_259' title='bbox 680 2496 740 2561; x_wconf 70' lang='grc' dir='ltr'>ἐξ</span> <span class='ocrx_word' id='word_1_260' title='bbox 769 2497 1146 2566; x_wconf 76' lang='grc' dir='ltr'>ἐπιτάγματος</span> <span class='ocrx_word' id='word_1_261' title='bbox 1172 2511 1324 2574; x_wconf 73' lang='grc' dir='ltr'>σοφοὶ</span> <span class='ocrx_word' id='word_1_262' title='bbox 1345 2507 1484 2564; x_wconf 71' lang='grc' dir='ltr'>εἶναι</span> <span class='ocrx_word' id='word_1_263' title='bbox 1517 2509 1822 2579; x_wconf 82' lang='grc' dir='ltr'>βούλονται,</span> 
     </span>
    </p>
   </div>
   <div class='ocr_carea' id='block_1_41' title="bbox 249 2580 1824 2669">
    <p class='ocr_par' dir='ltr' id='par_1_41' title="bbox 249 2580 1824 2669">
     <span class='ocr_line' id='line_1_41' title="bbox 249 2580 1824 2669; baseline 0.013 -37"><span class='ocrx_word' id='word_1_264' title='bbox 249 2580 330 2652; x_wconf 84' lang='grc' dir='ltr'><strong>μὴ</strong></span> <span class='ocrx_word' id='word_1_265' title='bbox 370 2581 454 2634; x_wconf 74' lang='lat' dir='ltr'><strong>i&#39;m</strong></span> <span class='ocrx_word' id='word_1_266' title='bbox 487 2582 588 2652; x_wconf 79' lang='grc' dir='ltr'>τῆς</span> <span class='ocrx_word' id='word_1_267' title='bbox 631 2584 890 2655; x_wconf 80' lang='grc' dir='ltr'>ἀληθείας</span> <span class='ocrx_word' id='word_1_268' title='bbox 939 2584 1540 2663; x_wconf 74' lang='grc' dir='ltr'>ἀντέχεσθαισπουδην</span> <span class='ocrx_word' id='word_1_269' title='bbox 1568 2599 1824 2669; x_wconf 85' lang='grc' dir='ltr'>ποιούμε-</span> 
     </span>
    </p>
   </div>
   <div class='ocr_carea' id='block_1_42' title="bbox 245 2674 1824 2753">
    <p class='ocr_par' dir='ltr' id='par_1_42' title="bbox 245 2674 1824 2753">
     <span class='ocr_line' id='line_1_42' title="bbox 245 2674 1824 2753; baseline 0.004 -23"><span class='ocrx_word' id='word_1_270' title='bbox 245 2691 354 2739; x_wconf 86' lang='grc' dir='ltr'>νοι,</span> <span class='ocrx_word' id='word_1_271' title='bbox 387 2674 481 2731; x_wconf 79' lang='grc' dir='ltr'>τοῦ</span> <span class='ocrx_word' id='word_1_272' title='bbox 509 2677 739 2747; x_wconf 81' lang='grc' dir='ltr'>ψεύδους</span> <span class='ocrx_word' id='word_1_273' title='bbox 775 2696 834 2732; x_wconf 89' lang='grc' dir='ltr'><strong>τε</strong></span> <span class='ocrx_word' id='word_1_274' title='bbox 857 2679 934 2744; x_wconf 85' lang='grc' dir='ltr'>ὡς</span> <span class='ocrx_word' id='word_1_275' title='bbox 959 2675 1062 2734; x_wconf 79' lang='grc' dir='ltr'>οἷοί</span> <span class='ocrx_word' id='word_1_276' title='bbox 1105 2682 1166 2734; x_wconf 87' lang='grc' dir='ltr'><strong>τέ</strong></span> <span class='ocrx_word' id='word_1_277' title='bbox 1197 2683 1303 2734; x_wconf 87' lang='grc' dir='ltr'>είσι</span> <span class='ocrx_word' id='word_1_278' title='bbox 1348 2689 1824 2753; x_wconf 76' lang='grc' dir='ltr'>μεταποιούμενοι,</span> 
     </span>
    </p>
   </div>
   <div class='ocr_carea' id='block_1_43' title="bbox 246 2765 1830 2844">
    <p class='ocr_par' dir='ltr' id='par_1_43' title="bbox 246 2765 1830 2844">
     <span class='ocr_line' id='line_1_43' title="bbox 246 2765 1830 2844; baseline 0.006 -28"><span class='ocrx_word' id='word_1_279' title='bbox 246 2765 544 2836; x_wconf 65' lang='grc' dir='ltr'>ὲρεσχελίᾳ</span> <span class='ocrx_word' id='word_1_280' title='bbox 564 2767 730 2840; x_wconf 84' lang='grc' dir='ltr'>πολλῇ</span> <span class='ocrx_word' id='word_1_281' title='bbox 753 2771 849 2822; x_wconf 68' lang='grc' dir='ltr'><strong>καὶ</strong></span> <span class='ocrx_word' id='word_1_282' title='bbox 872 2769 1114 2841; x_wconf 75' lang='grc' dir='ltr'>φλυαρίᾳ</span> <span class='ocrx_word' id='word_1_283' title='bbox 1145 2771 1239 2824; x_wconf 74' lang='grc' dir='ltr'><strong>καὶ</strong></span> <span class='ocrx_word' id='word_1_284' title='bbox 1273 2770 1662 2842; x_wconf 86' lang='grc' dir='ltr'>βατταρισμοϊς</span> <span class='ocrx_word' id='word_1_285' title='bbox 1685 2773 1830 2844; x_wconf 83' lang='grc' dir='ltr'>χρώ-</span> 
     </span>
    </p>
   </div>
   <div class='ocr_carea' id='block_1_44' title="bbox 250 2858 1828 2935">
    <p class='ocr_par' dir='ltr' id='par_1_44' title="bbox 250 2858 1828 2935">
     <span class='ocr_line' id='line_1_44' title="bbox 250 2858 1828 2935; baseline 0.006 -29"><span class='ocrx_word' id='word_1_286' title='bbox 250 2871 431 2925; x_wconf 84' lang='grc' dir='ltr'>μενοι,</span> <span class='ocrx_word' id='word_1_287' title='bbox 473 2858 566 2911; x_wconf 76' lang='grc' dir='ltr'><strong>ἐπὶ</strong></span> <span class='ocrx_word' id='word_1_288' title='bbox 600 2862 668 2930; x_wconf 80' lang='grc' dir='ltr'>τῇ</span> <span class='ocrx_word' id='word_1_289' title='bbox 698 2860 808 2913; x_wconf 92' lang='grc' dir='ltr'><strong>τῶν</strong></span> <span class='ocrx_word' id='word_1_290' title='bbox 855 2860 1070 2914; x_wconf 82' lang='grc' dir='ltr'>πολλῶν</span> <span class='ocrx_word' id='word_1_291' title='bbox 1097 2861 1266 2935; x_wconf 80' lang='grc' dir='ltr'>λύμῃ,</span> <span class='ocrx_word' id='word_1_292' title='bbox 1321 2863 1724 2934; x_wconf 80' lang='grc' dir='ltr'>συναρπάζουσι</span> <span class='ocrx_word' id='word_1_293' title='bbox 1757 2863 1828 2916; x_wconf 89' lang='grc' dir='ltr'>δι’</span> 
     </span>
    </p>
   </div>
   <div class='ocr_carea' id='block_1_45' title="bbox 248 2945 1825 3024">
    <p class='ocr_par' dir='ltr' id='par_1_45' title="bbox 248 2945 1825 3024">
     <span class='ocr_line' id='line_1_45' title="bbox 248 2945 1825 3024; baseline 0.005 -25"><span class='ocrx_word' id='word_1_294' title='bbox 248 2945 434 3000; x_wconf 78' lang='grc' dir='ltr'>αὐτῶν</span> <span class='ocrx_word' id='word_1_295' title='bbox 461 2949 587 3012; x_wconf 79' lang='grc' dir='ltr'>τοὺς</span> <span class='ocrx_word' id='word_1_296' title='bbox 613 2950 1054 3021; x_wconf 73' lang='grc' dir='ltr'>ἀκεραιοτέρους,</span> <span class='ocrx_word' id='word_1_297' title='bbox 1077 2952 1141 3005; x_wconf 83' lang='grc' dir='ltr'>ὲκ</span> <span class='ocrx_word' id='word_1_298' title='bbox 1163 2952 1380 3023; x_wconf 86' lang='grc' dir='ltr'>πολλῆς</span> <span class='ocrx_word' id='word_1_299' title='bbox 1399 2951 1540 3022; x_wconf 87' lang='grc' dir='ltr'>ἀγαν</span> <span class='ocrx_word' id='word_1_300' title='bbox 1572 2953 1825 3024; x_wconf 88' lang='grc' dir='ltr'>ἀποπλη-</span> 
     </span>
    </p>
   </div>
   <div class='ocr_carea' id='block_1_46' title="bbox 249 3036 1827 3112">
    <p class='ocr_par' dir='ltr' id='par_1_46' title="bbox 249 3036 1827 3112">
     <span class='ocr_line' id='line_1_46' title="bbox 249 3036 1827 3112; baseline 0.006 -24"><span class='ocrx_word' id='word_1_301' title='bbox 249 3036 373 3101; x_wconf 78' lang='grc' dir='ltr'>ξίας</span> <span class='ocrx_word' id='word_1_302' title='bbox 408 3038 504 3091; x_wconf 77' lang='grc' dir='ltr'><strong>καὶ</strong></span> <span class='ocrx_word' id='word_1_303' title='bbox 527 3039 848 3104; x_wconf 88' lang='grc' dir='ltr'>δυσϐουλίας</span> <span class='ocrx_word' id='word_1_304' title='bbox 869 3042 1384 3112; x_wconf 75' lang='grc' dir='ltr'>αἰχμαλωτίζοντες,</span> <span class='ocrx_word' id='word_1_305' title='bbox 1418 3045 1499 3106; x_wconf 78' lang='grc' dir='ltr'>εἰς</span> <span class='ocrx_word' id='word_1_306' title='bbox 1523 3044 1584 3096; x_wconf 83' lang='grc' dir='ltr'><strong>τὸ</strong></span> <span class='ocrx_word' id='word_1_307' title='bbox 1629 3045 1827 3097; x_wconf 78' lang='grc' dir='ltr'>οἰκεῖον</span> 
     </span>
    </p>
   </div>
   <div class='ocr_carea' id='block_1_47' title="bbox 249 3129 1828 3207">
    <p class='ocr_par' dir='ltr' id='par_1_47' title="bbox 249 3129 1828 3207">
     <span class='ocr_line' id='line_1_47' title="bbox 249 3129 1828 3207; baseline 0.006 -26"><span class='ocrx_word' id='word_1_308' title='bbox 249 3129 459 3198; x_wconf 84' lang='grc' dir='ltr'>πτῶμα</span> <span class='ocrx_word' id='word_1_309' title='bbox 470 3131 594 3194; x_wconf 74' lang='grc' dir='ltr'>τοὺς</span> <span class='ocrx_word' id='word_1_310' title='bbox 607 3132 836 3196; x_wconf 78' lang='grc' dir='ltr'>πολλοὺς</span> <span class='ocrx_word' id='word_1_311' title='bbox 848 3133 1044 3201; x_wconf 74' lang='grc' dir='ltr'>ἕλξειν.</span> <span class='ocrx_word' id='word_1_312' title='bbox 1064 3129 1159 3198; x_wconf 80' lang='grc' dir='ltr'>θῖς</span> <span class='ocrx_word' id='word_1_313' title='bbox 1176 3134 1275 3207; x_wconf 79' lang='grc' dir='ltr'><strong>ήδη</strong></span> <span class='ocrx_word' id='word_1_314' title='bbox 1294 3135 1510 3189; x_wconf 77' lang='grc' dir='ltr'>καὶτῶν</span> <span class='ocrx_word' id='word_1_315' title='bbox 1526 3137 1647 3206; x_wconf 92' lang='grc' dir='ltr'>λογι</span> <span class='ocrx_word' id='word_1_316' title='bbox 1655 3137 1828 3207; x_wconf 84' lang='grc' dir='ltr'>μωτέ-</span> 
     </span>
    </p>
   </div>
   <div class='ocr_carea' id='block_1_48' title="bbox 253 3221 1822 3298">
    <p class='ocr_par' dir='ltr' id='par_1_48' title="bbox 253 3221 1822 3298">
     <span class='ocr_line' id='line_1_48' title="bbox 253 3221 1822 3298; baseline 0.006 -27"><span class='ocrx_word' id='word_1_317' title='bbox 253 3236 364 3290; x_wconf 86' lang='grc' dir='ltr'><strong>ρων</strong></span> <span class='ocrx_word' id='word_1_318' title='bbox 380 3221 661 3287; x_wconf 77' lang='grc' dir='ltr'>δοκοῦντες</span> <span class='ocrx_word' id='word_1_319' title='bbox 684 3224 779 3277; x_wconf 80' lang='grc' dir='ltr'><strong>καὶ</strong></span> <span class='ocrx_word' id='word_1_320' title='bbox 812 3226 1290 3298; x_wconf 84' lang='grc' dir='ltr'>περιφανεστέρων</span> <span class='ocrx_word' id='word_1_321' title='bbox 1322 3227 1491 3294; x_wconf 80' lang='grc' dir='ltr'>τινὲς,</span> <span class='ocrx_word' id='word_1_322' title='bbox 1532 3228 1822 3283; x_wconf 87' lang='grc' dir='ltr'>σκανδαλί-</span> 
     </span>
    </p>
   </div>
   <div class='ocr_carea' id='block_1_49' title="bbox 251 3311 1831 3390">
    <p class='ocr_par' dir='ltr' id='par_1_49' title="bbox 251 3311 1831 3390">
     <span class='ocr_line' id='line_1_49' title="bbox 251 3311 1831 3390; baseline 0.006 -26"><span class='ocrx_word' id='word_1_323' title='bbox 251 3311 460 3377; x_wconf 81' lang='grc' dir='ltr'>ζονται,</span> <span class='ocrx_word' id='word_1_324' title='bbox 478 3314 667 3386; x_wconf 73' lang='grc' dir='ltr'>ἐπειδὴ</span> <span class='ocrx_word' id='word_1_325' title='bbox 697 3315 931 3370; x_wconf 76' lang='grc' dir='ltr'>ἅπτεται</span> <span class='ocrx_word' id='word_1_326' title='bbox 949 3317 1023 3379; x_wconf 86' lang='grc' dir='ltr'>ὡς</span> <span class='ocrx_word' id='word_1_327' title='bbox 1043 3317 1112 3370; x_wconf 80' lang='grc' dir='ltr'><strong>τά</strong></span> <span class='ocrx_word' id='word_1_328' title='bbox 1134 3317 1306 3372; x_wconf 86' lang='grc' dir='ltr'>πολλά</span> <span class='ocrx_word' id='word_1_329' title='bbox 1335 3318 1560 3372; x_wconf 79' lang='grc' dir='ltr'>καὶτῶν</span> <span class='ocrx_word' id='word_1_330' title='bbox 1589 3319 1831 3390; x_wconf 84' lang='grc' dir='ltr'>ἀρίστων</span> 
     </span>
    </p>
   </div>
   <div class='ocr_carea' id='block_1_50' title="bbox 248 3399 1828 3478">
    <p class='ocr_par' dir='ltr' id='par_1_50' title="bbox 248 3399 1828 3478">
     <span class='ocr_line' id='line_1_50' title="bbox 248 3399 1828 3478; baseline 0.007 -26"><span class='ocrx_word' id='word_1_331' title='bbox 248 3399 284 3452; x_wconf 81' lang='grc' dir='ltr'>ὁ</span> <span class='ocrx_word' id='word_1_332' title='bbox 301 3399 518 3470; x_wconf 58' lang='grc' dir='ltr'>μῶμος</span> <span class='ocrx_word' id='word_1_333' title='bbox 543 3402 798 3474; x_wconf 88' lang='grc' dir='ltr'>καθάπερ</span> <span class='ocrx_word' id='word_1_334' title='bbox 815 3406 931 3474; x_wconf 81' lang='grc' dir='ltr'>γὰρ</span> <span class='ocrx_word' id='word_1_335' title='bbox 953 3406 1281 3476; x_wconf 87' lang='grc' dir='ltr'>φθοροποιοῦ</span> <span class='ocrx_word' id='word_1_336' title='bbox 1305 3409 1616 3478; x_wconf 87' lang='grc' dir='ltr'>νοσήματος</span> <span class='ocrx_word' id='word_1_337' title='bbox 1640 3411 1828 3475; x_wconf 80' lang='grc' dir='ltr'>πᾶσιν,</span> 
     </span>
    </p>
   </div>
   <div class='ocr_carea' id='block_1_51' title="bbox 253 3489 1828 3570">
    <p class='ocr_par' dir='ltr' id='par_1_51' title="bbox 253 3489 1828 3570">
     <span class='ocr_line' id='line_1_51' title="bbox 253 3489 1828 3570; baseline 0.009 -29"><span class='ocrx_word' id='word_1_338' title='bbox 253 3489 334 3553; x_wconf 85' lang='grc' dir='ltr'>ὡς</span> <span class='ocrx_word' id='word_1_339' title='bbox 383 3490 513 3555; x_wconf 73' lang='grc' dir='ltr'>ἔπος</span> <span class='ocrx_word' id='word_1_340' title='bbox 555 3493 757 3559; x_wconf 77' lang='grc' dir='ltr'>εἰπεῖν,</span> <span class='ocrx_word' id='word_1_341' title='bbox 813 3496 914 3565; x_wconf 84' lang='grc' dir='ltr'><strong>τῆς</strong></span> <span class='ocrx_word' id='word_1_342' title='bbox 951 3497 1185 3552; x_wconf 60' lang='grc' dir='ltr'>ἑαυτῶν</span> <span class='ocrx_word' id='word_1_343' title='bbox 1238 3498 1584 3567; x_wconf 83' lang='grc' dir='ltr'>μεταδιδόασι</span> <span class='ocrx_word' id='word_1_344' title='bbox 1628 3498 1828 3570; x_wconf 83' lang='grc' dir='ltr'>λώϐης.</span> 
     </span>
    </p>
   </div>
   <div class='ocr_carea' id='block_1_52' title="bbox 251 3580 1833 3665">
    <p class='ocr_par' dir='ltr' id='par_1_52' title="bbox 251 3580 1833 3665">
     <span class='ocr_line' id='line_1_52' title="bbox 251 3580 1833 3665; baseline 0.009 -32"><span class='ocrx_word' id='word_1_345' title='bbox 251 3580 348 3652; x_wconf 84' lang='grc' dir='ltr'><strong>Τῷ</strong></span> <span class='ocrx_word' id='word_1_346' title='bbox 375 3583 690 3654; x_wconf 77' lang='grc' dir='ltr'>φαινομένῳ</span> <span class='ocrx_word' id='word_1_347' title='bbox 718 3585 826 3656; x_wconf 87' lang='grc' dir='ltr'><strong>γάρ</strong></span> <span class='ocrx_word' id='word_1_348' title='bbox 859 3589 953 3640; x_wconf 76' lang='grc' dir='ltr'>καὶ</span> <span class='ocrx_word' id='word_1_349' title='bbox 985 3589 1356 3660; x_wconf 79' lang='grc' dir='ltr'>κεχρωσμένῳ</span> <span class='ocrx_word' id='word_1_350' title='bbox 1387 3590 1498 3643; x_wconf 91' lang='grc' dir='ltr'><strong>τῶν</strong></span> <span class='ocrx_word' id='word_1_351' title='bbox 1526 3591 1628 3662; x_wconf 82' lang='grc' dir='ltr'>τὴν</span> <span class='ocrx_word' id='word_1_352' title='bbox 1660 3591 1833 3665; x_wconf 79' lang='grc' dir='ltr'>ἀκοὴν</span> 
     </span>
    </p>
   </div>
   <div class='ocr_carea' id='block_1_53' title="bbox 251 3675 1833 3750">
    <p class='ocr_par' dir='ltr' id='par_1_53' title="bbox 251 3675 1833 3750">
     <span class='ocr_line' id='line_1_53' title="bbox 251 3675 1833 3750; baseline 0.009 -26"><span class='ocrx_word' id='word_1_353' title='bbox 251 3675 682 3744; x_wconf 74' lang='grc' dir='ltr'>περισαινόντων</span> <span class='ocrx_word' id='word_1_354' title='bbox 719 3677 898 3745; x_wconf 89' lang='grc' dir='ltr'>λόγων</span> <span class='ocrx_word' id='word_1_355' title='bbox 932 3679 1402 3750; x_wconf 85' lang='grc' dir='ltr'>περιθελγόμενοι,</span> <span class='ocrx_word' id='word_1_356' title='bbox 1464 3683 1556 3735; x_wconf 79' lang='grc' dir='ltr'>τὸν</span> <span class='ocrx_word' id='word_1_357' title='bbox 1588 3683 1658 3736; x_wconf 77' lang='grc' dir='ltr'><strong>’δὲ</strong></span> <span class='ocrx_word' id='word_1_358' title='bbox 1698 3701 1833 3739; x_wconf 85' lang='grc' dir='ltr'>κατ-</span> 
     </span>
    </p>
   </div>
   <div class='ocr_carea' id='block_1_54' title="bbox 251 3766 1834 3842">
    <p class='ocr_par' dir='ltr' id='par_1_54' title="bbox 251 3766 1834 3842">
     <span class='ocr_line' id='line_1_54' title="bbox 251 3766 1834 3842; baseline 0.008 -24"><span class='ocrx_word' id='word_1_359' title='bbox 251 3766 644 3836; x_wconf 82' lang='grc' dir='ltr'>ορωρυγμένον</span> <span class='ocrx_word' id='word_1_360' title='bbox 663 3770 756 3823; x_wconf 79' lang='grc' dir='ltr'>καὶ</span> <span class='ocrx_word' id='word_1_361' title='bbox 790 3771 1175 3841; x_wconf 77' lang='grc' dir='ltr'>κεκρυμμένον</span> <span class='ocrx_word' id='word_1_362' title='bbox 1205 3771 1398 3842; x_wconf 83' lang='grc' dir='ltr'>βόθρον</span> <span class='ocrx_word' id='word_1_363' title='bbox 1433 3774 1522 3827; x_wconf 76' lang='grc' dir='ltr'>διὰ</span> <span class='ocrx_word' id='word_1_364' title='bbox 1550 3776 1610 3829; x_wconf 84' lang='grc' dir='ltr'><strong>τὸ</strong></span> <span class='ocrx_word' id='word_1_365' title='bbox 1641 3777 1834 3831; x_wconf 87' lang='grc' dir='ltr'>ἀνεπι-</span> 
     </span>
    </p>
   </div>
   <div class='ocr_carea' id='block_1_55' title="bbox 255 3857 1834 3941">
    <p class='ocr_par' dir='ltr' id='par_1_55' title="bbox 255 3857 1834 3941">
     <span class='ocr_line' id='line_1_55' title="bbox 255 3857 1834 3941; baseline 0.008 -31"><span class='ocrx_word' id='word_1_366' title='bbox 255 3857 527 3927; x_wconf 80' lang='grc' dir='ltr'>στάτητον</span> <span class='ocrx_word' id='word_1_367' title='bbox 556 3859 618 3911; x_wconf 84' lang='grc' dir='ltr'><strong>οὐ</strong></span> <span class='ocrx_word' id='word_1_368' title='bbox 654 3859 1051 3932; x_wconf 82' lang='grc' dir='ltr'>προορώμενοι,</span> <span class='ocrx_word' id='word_1_369' title='bbox 1105 3866 1228 3926; x_wconf 84' lang='grc' dir='ltr'>ταῖς</span> <span class='ocrx_word' id='word_1_370' title='bbox 1275 3866 1481 3934; x_wconf 83' lang='grc' dir='ltr'>πάγαις</span> <span class='ocrx_word' id='word_1_371' title='bbox 1515 3867 1574 3933; x_wconf 78' lang='grc' dir='ltr'><strong>ἐξ</strong></span> <span class='ocrx_word' id='word_1_372' title='bbox 1624 3870 1834 3941; x_wconf 82' lang='grc' dir='ltr'>ἀπροσ-</span> 
     </span>
    </p>
   </div>
   <div class='ocr_carea' id='block_1_56' title="bbox 249 3948 1832 4028">
    <p class='ocr_par' dir='ltr' id='par_1_56' title="bbox 249 3948 1832 4028">
     <span class='ocr_line' id='line_1_56' title="bbox 249 3948 1832 4028; baseline 0.008 -28"><span class='ocrx_word' id='word_1_373' title='bbox 249 3948 406 4016; x_wconf 73' lang='grc' dir='ltr'>εξίας</span> <span class='ocrx_word' id='word_1_374' title='bbox 434 3949 532 4020; x_wconf 84' lang='grc' dir='ltr'>τῆς</span> <span class='ocrx_word' id='word_1_375' title='bbox 553 3951 814 4014; x_wconf 84' lang='grc' dir='ltr'>ἀπιστίας</span> <span class='ocrx_word' id='word_1_376' title='bbox 848 3952 1061 4016; x_wconf 85' lang='grc' dir='ltr'>ἀκλεῶς</span> <span class='ocrx_word' id='word_1_377' title='bbox 1079 3955 1526 4025; x_wconf 77' lang='grc' dir='ltr'>περιπίπτουσιν.</span> <span class='ocrx_word' id='word_1_378' title='bbox 1568 3959 1656 4012; x_wconf 86' lang='grc' dir='ltr'>Ἐν</span> <span class='ocrx_word' id='word_1_379' title='bbox 1692 3976 1832 4028; x_wconf 88' lang='grc' dir='ltr'>προ-</span> 
     </span>
    </p>
   </div>
   <div class='ocr_carea' id='block_1_57' title="bbox 256 4043 1832 4118">
    <p class='ocr_par' dir='ltr' id='par_1_57' title="bbox 256 4043 1832 4118">
     <span class='ocr_line' id='line_1_57' title="bbox 256 4043 1832 4118; baseline 0.008 -25"><span class='ocrx_word' id='word_1_380' title='bbox 256 4045 501 4111; x_wconf 73' lang='grc' dir='ltr'>σχήματι</span> <span class='ocrx_word' id='word_1_381' title='bbox 543 4043 654 4113; x_wconf 79' lang='grc' dir='ltr'>γὰρ</span> <span class='ocrx_word' id='word_1_382' title='bbox 682 4045 1113 4114; x_wconf 78' lang='grc' dir='ltr'>Χριστιανισμοῦ</span> <span class='ocrx_word' id='word_1_383' title='bbox 1159 4046 1224 4100; x_wconf 78' lang='grc' dir='ltr'><strong>τὸ</strong></span> <span class='ocrx_word' id='word_1_384' title='bbox 1270 4048 1654 4118; x_wconf 80' lang='grc' dir='ltr'>Χριστιανίζον</span> <span class='ocrx_word' id='word_1_385' title='bbox 1685 4052 1832 4106; x_wconf 72' lang='grc' dir='ltr'>ἅπαν</span> 
     </span>
    </p>
   </div>
   <div class='ocr_carea' id='block_1_58' title="bbox 253 4132 1827 4211">
    <p class='ocr_par' dir='ltr' id='par_1_58' title="bbox 253 4132 1827 4211">
     <span class='ocr_line' id='line_1_58' title="bbox 253 4132 1827 4211; baseline 0.006 -27"><span class='ocrx_word' id='word_1_386' title='bbox 253 4132 500 4196; x_wconf 83' lang='grc' dir='ltr'>εὐσεϐῶς</span> <span class='ocrx_word' id='word_1_387' title='bbox 536 4133 753 4188; x_wconf 83' lang='grc' dir='ltr'>όταῦτα</span> <span class='ocrx_word' id='word_1_388' title='bbox 781 4136 1257 4207; x_wconf 87' lang='grc' dir='ltr'>συγγεγραφηκὼς</span> <span class='ocrx_word' id='word_1_389' title='bbox 1285 4138 1566 4207; x_wconf 87' lang='grc' dir='ltr'>δυσμενῶς</span> <span class='ocrx_word' id='word_1_390' title='bbox 1597 4141 1827 4211; x_wconf 82' lang='grc' dir='ltr'>ἐξεπόρ-</span> 
     </span>
    </p>
   </div>
   <div class='ocr_carea' id='block_1_59' title="bbox 253 4225 1828 4306">
    <p class='ocr_par' dir='ltr' id='par_1_59' title="bbox 253 4225 1828 4306">
     <span class='ocr_line' id='line_1_59' title="bbox 253 4225 1828 4306; baseline 0.006 -29"><span class='ocrx_word' id='word_1_391' title='bbox 253 4225 414 4296; x_wconf 85' lang='grc' dir='ltr'>θησε.</span> <span class='ocrx_word' id='word_1_392' title='bbox 448 4226 637 4298; x_wconf 79' lang='grc' dir='ltr'>Ταύτῃ</span> <span class='ocrx_word' id='word_1_393' title='bbox 657 4241 740 4279; x_wconf 83' lang='grc' dir='ltr'><strong>τοι</strong></span> <span class='ocrx_word' id='word_1_394' title='bbox 756 4229 849 4281; x_wconf 74' lang='grc' dir='ltr'>καὶ</span> <span class='ocrx_word' id='word_1_395' title='bbox 877 4229 978 4282; x_wconf 83' lang='grc' dir='ltr'><strong>οὐκ</strong></span> <span class='ocrx_word' id='word_1_396' title='bbox 1004 4228 1265 4300; x_wconf 79' lang='grc' dir='ltr'>ἀκόσμως</span> <span class='ocrx_word' id='word_1_397' title='bbox 1305 4249 1358 4284; x_wconf 86' lang='grc' dir='ltr'><strong>τι</strong></span> <span class='ocrx_word' id='word_1_398' title='bbox 1401 4232 1650 4297; x_wconf 75' lang='grc' dir='ltr'>δόξαντες</span> <span class='ocrx_word' id='word_1_399' title='bbox 1673 4235 1828 4306; x_wconf 74' lang='grc' dir='ltr'>δρᾷν,</span> 
     </span>
    </p>
   </div>
   <div class='ocr_carea' id='block_1_60' title="bbox 254 4317 1831 4395">
    <p class='ocr_par' dir='ltr' id='par_1_60' title="bbox 254 4317 1831 4395">
     <span class='ocr_line' id='line_1_60' title="bbox 254 4317 1831 4395; baseline 0.008 -27"><span class='ocrx_word' id='word_1_400' title='bbox 254 4317 340 4379; x_wconf 80' lang='grc' dir='ltr'><strong>είς</strong></span> <span class='ocrx_word' id='word_1_401' title='bbox 375 4317 533 4387; x_wconf 81' lang='grc' dir='ltr'>τήνδε</span> <span class='ocrx_word' id='word_1_402' title='bbox 561 4317 668 4371; x_wconf 90' lang='grc' dir='ltr'><strong>τῶν</strong></span> <span class='ocrx_word' id='word_1_403' title='bbox 697 4318 873 4386; x_wconf 90' lang='grc' dir='ltr'>λόγων</span> <span class='ocrx_word' id='word_1_404' title='bbox 911 4320 1010 4392; x_wconf 85' lang='grc' dir='ltr'>τὴν</span> <span class='ocrx_word' id='word_1_405' title='bbox 1055 4321 1304 4386; x_wconf 77' lang='grc' dir='ltr'>ἐξέτασιν</span> <span class='ocrx_word' id='word_1_406' title='bbox 1333 4324 1660 4395; x_wconf 73' lang='grc' dir='ltr'>καθήκαμεν</span> <span class='ocrx_word' id='word_1_407' title='bbox 1703 4328 1831 4380; x_wconf 76' lang='grc' dir='ltr'>ἑαυ-</span> 
     </span>
    </p>
   </div>
   <div class='ocr_carea' id='block_1_61' title="bbox 252 4405 1832 4490">
    <p class='ocr_par' dir='ltr' id='par_1_61' title="bbox 252 4405 1832 4490">
     <span class='ocr_line' id='line_1_61' title="bbox 252 4405 1832 4490; baseline 0.006 -29"><span class='ocrx_word' id='word_1_408' title='bbox 252 4405 404 4469; x_wconf 79' lang='grc' dir='ltr'>τούς.</span> <span class='ocrx_word' id='word_1_409' title='bbox 434 4408 544 4462; x_wconf 74' lang='grc' dir='ltr'>Καὶ</span> <span class='ocrx_word' id='word_1_410' title='bbox 589 4409 688 4462; x_wconf 82' lang='grc' dir='ltr'>οὐκ</span> <span class='ocrx_word' id='word_1_411' title='bbox 736 4410 802 4464; x_wconf 83' lang='grc' dir='ltr'>ἂν</span> <span class='ocrx_word' id='word_1_412' title='bbox 842 4412 1261 4484; x_wconf 83' lang='grc' dir='ltr'>άποκνήσαιμεν</span> <span class='ocrx_word' id='word_1_413' title='bbox 1289 4414 1464 4486; x_wconf 80' lang='grc' dir='ltr'>σαθρά</span> <span class='ocrx_word' id='word_1_414' title='bbox 1490 4418 1584 4470; x_wconf 71' lang='grc' dir='ltr'><strong>καὶ</strong></span> <span class='ocrx_word' id='word_1_415' title='bbox 1631 4419 1832 4490; x_wconf 81' lang='grc' dir='ltr'>κατερσ</span> 
     </span>
    </p>
   </div>
   <div class='ocr_carea' id='block_1_62' title="bbox 244 2405 1595 2489">
    <p class='ocr_par' dir='ltr' id='par_1_62' title="bbox 244 2405 1595 2489">
     <span class='ocr_line' id='line_1_62' title="bbox 244 2405 1595 2489; baseline 0.015 -38"><span class='ocrx_word' id='word_1_416' title='bbox 244 2405 605 2470; x_wconf 77' lang='grc' dir='ltr'>τετιμηκόσιν</span> <span class='ocrx_word' id='word_1_417' title='bbox 659 2407 1119 2482; x_wconf 62' lang='grc' dir='ltr'>ἐπεγνωεμένοις,</span> <span class='ocrx_word' id='word_1_418' title='bbox 1185 2419 1595 2489; x_wconf 82' lang='grc' dir='ltr'>συναγορεύειν.</span> 
     </span>
    </p>
   </div>
   <div class='ocr_carea' id='block_1_63' title="bbox 1921 1953 3481 2036">
    <p class='ocr_par' dir='ltr' id='par_1_63' title="bbox 1921 1953 3481 2036">
     <span class='ocr_line' id='line_1_63' title="bbox 1921 1953 3481 2036; baseline -0.005 -18"><span class='ocrx_word' id='word_1_419' title='bbox 1921 1953 2336 2036; x_wconf 80' lang='lat' dir='ltr'><strong>preltensionem</strong></span> <span class='ocrx_word' id='word_1_420' title='bbox 2369 1964 2733 2028; x_wconf 83' lang='lat' dir='ltr'><strong>incurramus,</strong></span> <span class='ocrx_word' id='word_1_421' title='bbox 2767 1963 2856 2030; x_wconf 93' lang='lat' dir='ltr'><strong>qui</strong></span> <span class='ocrx_word' id='word_1_422' title='bbox 2887 1961 3182 2030; x_wconf 84' lang='lat' dir='ltr'><strong>puerilibus</strong></span> <span class='ocrx_word' id='word_1_423' title='bbox 3215 1961 3481 2013; x_wconf 89' lang='lat' dir='ltr'><strong>tricantur.</strong></span> 
     </span>
    </p>
   </div>
   <div class='ocr_carea' id='block_1_64' title="bbox 1921 2048 3490 2122">
    <p class='ocr_par' dir='ltr' id='par_1_64' title="bbox 1921 2048 3490 2122">
     <span class='ocr_line' id='line_1_64' title="bbox 1921 2048 3490 2122; baseline -0.006 -11"><span class='ocrx_word' id='word_1_424' title='bbox 1921 2053 2278 2111; x_wconf 89' lang='lat' dir='ltr'><strong>sermonibus.</strong></span> <span class='ocrx_word' id='word_1_425' title='bbox 2327 2052 2463 2108; x_wconf 87' lang='lat' dir='ltr'><strong>Nam</strong></span> <span class='ocrx_word' id='word_1_426' title='bbox 2515 2055 2607 2122; x_wconf 90' lang='lat' dir='ltr'><strong>qui</strong></span> <span class='ocrx_word' id='word_1_427' title='bbox 2669 2051 2973 2120; x_wconf 83' lang='lat' dir='ltr'><strong>ltujusmodi</strong></span> <span class='ocrx_word' id='word_1_428' title='bbox 3045 2058 3363 2120; x_wconf 80' lang='lat' dir='ltr'><strong>argumenta</strong></span> <span class='ocrx_word' id='word_1_429' title='bbox 3395 2048 3490 2102; x_wconf 83' lang='lat' dir='ltr'><strong>atl-</strong></span> 
     </span>
    </p>
   </div>
   <div class='ocr_carea' id='block_1_65' title="bbox 1921 2140 3497 2206">
    <p class='ocr_par' dir='ltr' id='par_1_65' title="bbox 1921 2140 3497 2206">
     <span class='ocr_line' id='line_1_65' title="bbox 1921 2140 3497 2206; baseline -0.005 -5"><span class='ocrx_word' id='word_1_430' title='bbox 1921 2145 2288 2201; x_wconf 87' lang='lat' dir='ltr'><strong>versariorum</strong></span> <span class='ocrx_word' id='word_1_431' title='bbox 2353 2154 2600 2199; x_wconf 84' lang='lat' dir='ltr'><strong>evertere</strong></span> <span class='ocrx_word' id='word_1_432' title='bbox 2635 2143 2854 2206; x_wconf 86' lang='lat' dir='ltr'><strong>nititur,</strong></span> <span class='ocrx_word' id='word_1_433' title='bbox 2902 2141 2952 2195; x_wconf 88' lang='lat' dir='ltr'><strong>is</strong></span> <span class='ocrx_word' id='word_1_434' title='bbox 2989 2140 3352 2195; x_wconf 24' lang='lat' dir='ltr'><strong>domunculasv</strong></span> <span class='ocrx_word' id='word_1_435' title='bbox 3391 2154 3497 2204; x_wconf 84' lang='lat' dir='ltr'><strong>po—-</strong></span> 
     </span>
    </p>
   </div>
   <div class='ocr_carea' id='block_1_66' title="bbox 1925 2231 3486 2303">
    <p class='ocr_par' dir='ltr' id='par_1_66' title="bbox 1925 2231 3486 2303">
     <span class='ocr_line' id='line_1_66' title="bbox 1925 2231 3486 2303; baseline -0.005 -13"><span class='ocrx_word' id='word_1_436' title='bbox 1925 2236 2028 2291; x_wconf 91' lang='lat' dir='ltr'><strong>tius</strong></span> <span class='ocrx_word' id='word_1_437' title='bbox 2093 2235 2210 2289; x_wconf 87' lang='lat' dir='ltr'><strong>lusu</strong></span> <span class='ocrx_word' id='word_1_438' title='bbox 2265 2233 2456 2303; x_wconf 86' lang='lat' dir='ltr'><strong>puerili</strong></span> <span class='ocrx_word' id='word_1_439' title='bbox 2506 2231 2796 2287; x_wconf 81' lang='lat' dir='ltr'><strong>fabricatas</strong></span> <span class='ocrx_word' id='word_1_440' title='bbox 2834 2232 3047 2286; x_wconf 90' lang='lat' dir='ltr'><strong>videtur</strong></span> <span class='ocrx_word' id='word_1_441' title='bbox 3093 2237 3439 2300; x_wconf 86' lang='lat' dir='ltr'><strong>prosternere</strong></span> <span class='ocrx_word' id='word_1_442' title='bbox 3472 2267 3486 2289; x_wconf 93' lang='lat'><strong>.</strong></span> 
     </span>
    </p>
   </div>
   <div class='ocr_carea' id='block_1_67' title="bbox 1922 2319 3495 2396">
    <p class='ocr_par' dir='ltr' id='par_1_67' title="bbox 1922 2319 3495 2396">
     <span class='ocr_line' id='line_1_67' title="bbox 1922 2319 3495 2396; baseline -0.008 -14"><span class='ocrx_word' id='word_1_443' title='bbox 1922 2340 2085 2396; x_wconf 87' lang='lat' dir='ltr'><strong>quam</strong></span> <span class='ocrx_word' id='word_1_444' title='bbox 2119 2325 2277 2381; x_wconf 88' lang='lat' dir='ltr'><strong>rebus</strong></span> <span class='ocrx_word' id='word_1_445' title='bbox 2305 2323 2445 2393; x_wconf 87' lang='lat' dir='ltr'><strong>apud</strong></span> <span class='ocrx_word' id='word_1_446' title='bbox 2488 2336 2677 2376; x_wconf 90' lang='lat' dir='ltr'><strong>omnes</strong></span> <span class='ocrx_word' id='word_1_447' title='bbox 2707 2336 2832 2377; x_wconf 90' lang='lat' dir='ltr'><strong>vere</strong></span> <span class='ocrx_word' id='word_1_448' title='bbox 2885 2322 3160 2390; x_wconf 86' lang='lat' dir='ltr'><strong>sapientes</strong></span> <span class='ocrx_word' id='word_1_449' title='bbox 3216 2319 3495 2373; x_wconf 84' lang='lat' dir='ltr'><strong>veritatis-</strong></span> 
     </span>
    </p>
   </div>
   <div class='ocr_carea' id='block_1_68' title="bbox 1922 2408 3485 2490">
    <p class='ocr_par' dir='ltr' id='par_1_68' title="bbox 1922 2408 3485 2490">
     <span class='ocr_line' id='line_1_68' title="bbox 1922 2408 3485 2490; baseline -0.005 -20"><span class='ocrx_word' id='word_1_450' title='bbox 1922 2430 2030 2490; x_wconf 87' lang='lat' dir='ltr'><strong>que</strong></span> <span class='ocrx_word' id='word_1_451' title='bbox 2092 2415 2330 2470; x_wconf 83' lang='lat' dir='ltr'><strong>cu—ltores</strong></span> <span class='ocrx_word' id='word_1_452' title='bbox 2404 2413 2722 2468; x_wconf 85' lang='lat' dir='ltr'><strong>certissimis</strong></span> <span class='ocrx_word' id='word_1_453' title='bbox 2789 2410 3148 2482; x_wconf 88' lang='lat' dir='ltr'><strong>patrociuari.</strong></span> <span class='ocrx_word' id='word_1_454' title='bbox 3195 2409 3301 2464; x_wconf 82' lang='lat' dir='ltr'><strong>Sed</strong></span> <span class='ocrx_word' id='word_1_455' title='bbox 3359 2408 3485 2478; x_wconf 92' lang='lat' dir='ltr'><strong>quia</strong></span> 
     </span>
    </p>
   </div>
   <div class='ocr_carea' id='block_1_69' title="bbox 1926 2501 3495 2576">
    <p class='ocr_par' dir='ltr' id='par_1_69' title="bbox 1926 2501 3495 2576">
     <span class='ocr_line' id='line_1_69' title="bbox 1926 2501 3495 2576; baseline -0.004 -15"><span class='ocrx_word' id='word_1_456' title='bbox 1926 2517 2181 2576; x_wconf 86' lang='lat' dir='ltr'><strong>tanquam</strong></span> <span class='ocrx_word' id='word_1_457' title='bbox 2235 2506 2499 2560; x_wconf 90' lang='lat' dir='ltr'><strong>arbitratu</strong></span> <span class='ocrx_word' id='word_1_458' title='bbox 2533 2519 2632 2559; x_wconf 90' lang='lat' dir='ltr'><strong>suo</strong></span> <span class='ocrx_word' id='word_1_459' title='bbox 2683 2504 2959 2573; x_wconf 88' lang='lat' dir='ltr'><strong>sapientes</strong></span> <span class='ocrx_word' id='word_1_460' title='bbox 2979 2517 3099 2557; x_wconf 88' lang='lat' dir='ltr'><strong>esse</strong></span> <span class='ocrx_word' id='word_1_461' title='bbox 3131 2501 3340 2565; x_wconf 89' lang='lat' dir='ltr'><strong>volunt,</strong></span> <span class='ocrx_word' id='word_1_462' title='bbox 3378 2510 3495 2554; x_wconf 86' lang='lat' dir='ltr'><strong>tan-</strong></span> 
     </span>
    </p>
   </div>
   <div class='ocr_carea' id='block_1_70' title="bbox 1927 2593 3520 2666">
    <p class='ocr_par' dir='ltr' id='par_1_70' title="bbox 1927 2593 3520 2666">
     <span class='ocr_line' id='line_1_70' title="bbox 1927 2593 3520 2666; baseline -0.004 -15"><span class='ocrx_word' id='word_1_463' title='bbox 1927 2608 2152 2666; x_wconf 90' lang='lat' dir='ltr'><strong>tumque</strong></span> <span class='ocrx_word' id='word_1_464' title='bbox 2196 2611 2228 2650; x_wconf 85' lang='lat' dir='ltr'><strong>a</strong></span> <span class='ocrx_word' id='word_1_465' title='bbox 2274 2596 2521 2650; x_wconf 83' lang='lat' dir='ltr'><strong>veritatis</strong></span> <span class='ocrx_word' id='word_1_466' title='bbox 2561 2595 2742 2649; x_wconf 90' lang='lat' dir='ltr'><strong>studio</strong></span> <span class='ocrx_word' id='word_1_467' title='bbox 2782 2594 2979 2648; x_wconf 90' lang='lat' dir='ltr'><strong>absunt</strong></span> <span class='ocrx_word' id='word_1_468' title='bbox 3043 2603 3099 2648; x_wconf 90' lang='lat' dir='ltr'><strong>ut</strong></span> <span class='ocrx_word' id='word_1_469' title='bbox 3149 2593 3520 2647; x_wconf 84' lang='lat' dir='ltr'><strong>mendacium</strong></span> 
     </span>
    </p>
   </div>
   <div class='ocr_carea' id='block_1_71' title="bbox 1929 2683 3498 2756">
    <p class='ocr_par' dir='ltr' id='par_1_71' title="bbox 1929 2683 3498 2756">
     <span class='ocr_line' id='line_1_71' title="bbox 1929 2683 3498 2756; baseline -0.004 -14"><span class='ocrx_word' id='word_1_470' title='bbox 1929 2698 2040 2742; x_wconf 90' lang='lat' dir='ltr'><strong>toto</strong></span> <span class='ocrx_word' id='word_1_471' title='bbox 2093 2687 2288 2742; x_wconf 79' lang='lat' dir='ltr'><strong>aﬂ&#39;ectu</strong></span> <span class='ocrx_word' id='word_1_472' title='bbox 2337 2687 2756 2756; x_wconf 88' lang='lat' dir='ltr'><strong>amplectantur,</strong></span> <span class='ocrx_word' id='word_1_473' title='bbox 2817 2686 3161 2741; x_wconf 84' lang='lat' dir='ltr'><strong>cavillatione</strong></span> <span class='ocrx_word' id='word_1_474' title='bbox 3219 2683 3390 2737; x_wconf 89' lang='lat' dir='ltr'><strong>multa</strong></span> <span class='ocrx_word' id='word_1_475' title='bbox 3440 2690 3498 2735; x_wconf 86' lang='lat' dir='ltr'><strong>et</strong></span> 
     </span>
    </p>
   </div>
   <div class='ocr_carea' id='block_1_72' title="bbox 1928 2775 3498 2841">
    <p class='ocr_par' dir='ltr' id='par_1_72' title="bbox 1928 2775 3498 2841">
     <span class='ocr_line' id='line_1_72' title="bbox 1928 2775 3498 2841; baseline -0.001 -15"><span class='ocrx_word' id='word_1_476' title='bbox 1928 2777 2261 2841; x_wconf 82' lang='lat' dir='ltr'><strong>stultiloquio</strong></span> <span class='ocrx_word' id='word_1_477' title='bbox 2301 2791 2363 2830; x_wconf 89' lang='lat' dir='ltr'><strong>ac</strong></span> <span class='ocrx_word' id='word_1_478' title='bbox 2405 2777 2572 2830; x_wconf 91' lang='lat' dir='ltr'><strong>veluti</strong></span> <span class='ocrx_word' id='word_1_479' title='bbox 2632 2776 2870 2830; x_wconf 88' lang='lat' dir='ltr'><strong>balbutie</strong></span> <span class='ocrx_word' id='word_1_480' title='bbox 2921 2784 3154 2839; x_wconf 87' lang='lat' dir='ltr'><strong>utentes,</strong></span> <span class='ocrx_word' id='word_1_481' title='bbox 3213 2775 3336 2828; x_wconf 89' lang='lat' dir='ltr'><strong>ideo</strong></span> <span class='ocrx_word' id='word_1_482' title='bbox 3391 2787 3498 2826; x_wconf 90' lang='lat' dir='ltr'><strong>nou</strong></span> 
     </span>
    </p>
   </div>
   <div class='ocr_carea' id='block_1_73' title="bbox 1929 2863 3494 2932">
    <p class='ocr_par' dir='ltr' id='par_1_73' title="bbox 1929 2863 3494 2932">
     <span class='ocr_line' id='line_1_73' title="bbox 1929 2863 3494 2932; baseline -0.001 -15"><span class='ocrx_word' id='word_1_483' title='bbox 1929 2864 2048 2917; x_wconf 86' lang='lat' dir='ltr'><strong>siue</strong></span> <span class='ocrx_word' id='word_1_484' title='bbox 2080 2863 2368 2916; x_wconf 90' lang='lat' dir='ltr'><strong>multorum</strong></span> <span class='ocrx_word' id='word_1_485' title='bbox 2397 2866 2719 2919; x_wconf 88' lang='lat' dir='ltr'><strong>detrimento</strong></span> <span class='ocrx_word' id='word_1_486' title='bbox 2748 2868 2861 2920; x_wconf 71' lang='lat' dir='ltr'><strong>haec</strong></span> <span class='ocrx_word' id='word_1_487' title='bbox 2917 2865 3230 2919; x_wconf 80' lang='lat' dir='ltr'><strong>blaterando</strong></span> <span class='ocrx_word' id='word_1_488' title='bbox 3285 2863 3494 2932; x_wconf 87' lang='lat' dir='ltr'><strong>simpli-</strong></span> 
     </span>
    </p>
   </div>
   <div class='ocr_carea' id='block_1_74' title="bbox 1929 2952 3496 3024">
    <p class='ocr_par' dir='ltr' id='par_1_74' title="bbox 1929 2952 3496 3024">
     <span class='ocr_line' id='line_1_74' title="bbox 1929 2952 3496 3024; baseline -0.001 -18"><span class='ocrx_word' id='word_1_489' title='bbox 1929 2952 2104 3008; x_wconf 88' lang='lat' dir='ltr'><strong>ciores</strong></span> <span class='ocrx_word' id='word_1_490' title='bbox 2156 2952 2453 3021; x_wconf 90' lang='lat' dir='ltr'><strong>decipiunt,</strong></span> <span class='ocrx_word' id='word_1_491' title='bbox 2502 2952 2651 3021; x_wconf 81' lang='lat' dir='ltr'><strong>gravi</strong></span> <span class='ocrx_word' id='word_1_492' title='bbox 2704 2955 2895 3008; x_wconf 89' lang='lat' dir='ltr'><strong>horum</strong></span> <span class='ocrx_word' id='word_1_493' title='bbox 2928 2963 3147 3024; x_wconf 89' lang='lat' dir='ltr'><strong>stupore</strong></span> <span class='ocrx_word' id='word_1_494' title='bbox 3172 2963 3226 3007; x_wconf 91' lang='lat' dir='ltr'><strong>et</strong></span> <span class='ocrx_word' id='word_1_495' title='bbox 3257 2954 3496 3008; x_wconf 88' lang='lat' dir='ltr'><strong>inconsi-</strong></span> 
     </span>
    </p>
   </div>
   <div class='ocr_carea' id='block_1_75' title="bbox 1929 3045 3501 3110">
    <p class='ocr_par' dir='ltr' id='par_1_75' title="bbox 1929 3045 3501 3110">
     <span class='ocr_line' id='line_1_75' title="bbox 1929 3045 3501 3110; baseline -0.001 -10"><span class='ocrx_word' id='word_1_496' title='bbox 1929 3045 2175 3100; x_wconf 86' lang='lat' dir='ltr'><strong>derantia</strong></span> <span class='ocrx_word' id='word_1_497' title='bbox 2225 3046 2291 3098; x_wconf 90' lang='lat' dir='ltr'><strong>ad</strong></span> <span class='ocrx_word' id='word_1_498' title='bbox 2325 3045 2672 3099; x_wconf 89' lang='lat' dir='ltr'><strong>irretieudum</strong></span> <span class='ocrx_word' id='word_1_499' title='bbox 2730 3047 3038 3110; x_wconf 80' lang='lat' dir='ltr'><strong>abutentes,</strong></span> <span class='ocrx_word' id='word_1_500' title='bbox 3067 3049 3238 3101; x_wconf 90' lang='lat' dir='ltr'><strong>donec</strong></span> <span class='ocrx_word' id='word_1_501' title='bbox 3300 3047 3501 3100; x_wconf 86' lang='lat' dir='ltr'><strong>multos</strong></span> 
     </span>
    </p>
   </div>
   <div class='ocr_carea' id='block_1_76' title="bbox 1933 3132 3524 3204">
    <p class='ocr_par' dir='ltr' id='par_1_76' title="bbox 1933 3132 3524 3204">
     <span class='ocr_line' id='line_1_76' title="bbox 1933 3132 3524 3204; baseline -0.001 -17"><span class='ocrx_word' id='word_1_502' title='bbox 1933 3149 2117 3188; x_wconf 88' lang='lat' dir='ltr'><strong>secum</strong></span> <span class='ocrx_word' id='word_1_503' title='bbox 2164 3135 2465 3204; x_wconf 68' lang='lat' dir='ltr'><strong>praecipites</strong></span> <span class='ocrx_word' id='word_1_504' title='bbox 2527 3133 2761 3188; x_wconf 75' lang='lat' dir='ltr'><strong>tralmnt.</strong></span> <span class='ocrx_word' id='word_1_505' title='bbox 2781 3132 2990 3200; x_wconf 86' lang='lat' dir='ltr'><strong>Quibus</strong></span> <span class='ocrx_word' id='word_1_506' title='bbox 3040 3149 3109 3190; x_wconf 80' lang='lat' dir='ltr'><strong>ex</strong></span> <span class='ocrx_word' id='word_1_507' title='bbox 3163 3135 3326 3189; x_wconf 86' lang='lat' dir='ltr'><strong>rebus</strong></span> <span class='ocrx_word' id='word_1_508' title='bbox 3358 3133 3524 3202; x_wconf 58' lang='lat' dir='ltr'><strong>jam-</strong></span> 
     </span>
    </p>
   </div>
   <div class='ocr_carea' id='block_1_77' title="bbox 1933 3226 3526 3296">
    <p class='ocr_par' dir='ltr' id='par_1_77' title="bbox 1933 3226 3526 3296">
     <span class='ocr_line' id='line_1_77' title="bbox 1933 3226 3526 3296; baseline -0.001 -15"><span class='ocrx_word' id='word_1_509' title='bbox 1933 3227 2020 3282; x_wconf 91' lang='lat' dir='ltr'><strong>diu</strong></span> <span class='ocrx_word' id='word_1_510' title='bbox 2076 3226 2316 3280; x_wconf 87' lang='lat' dir='ltr'><strong>nonnulli</strong></span> <span class='ocrx_word' id='word_1_511' title='bbox 2357 3241 2571 3296; x_wconf 89' lang='lat' dir='ltr'><strong>quoque</strong></span> <span class='ocrx_word' id='word_1_512' title='bbox 2610 3240 2676 3280; x_wconf 84' lang='lat' dir='ltr'><strong>ex</strong></span> <span class='ocrx_word' id='word_1_513' title='bbox 2707 3227 2774 3280; x_wconf 89' lang='lat' dir='ltr'><strong>iis</strong></span> <span class='ocrx_word' id='word_1_514' title='bbox 2797 3227 2888 3295; x_wconf 83' lang='lat' dir='ltr'><strong>qui</strong></span> <span class='ocrx_word' id='word_1_515' title='bbox 2920 3226 3171 3280; x_wconf 86' lang='lat' dir='ltr'><strong>videntur</strong></span> <span class='ocrx_word' id='word_1_516' title='bbox 3219 3226 3526 3294; x_wconf 80' lang='lat' dir='ltr'><strong>sapientes—</strong></span> 
     </span>
    </p>
   </div>
   <div class='ocr_carea' id='block_1_78' title="bbox 1931 3317 3530 3389">
    <p class='ocr_par' dir='ltr' id='par_1_78' title="bbox 1931 3317 3530 3389">
     <span class='ocr_line' id='line_1_78' title="bbox 1931 3317 3530 3389; baseline -0.003 -15"><span class='ocrx_word' id='word_1_517' title='bbox 1931 3327 1986 3374; x_wconf 91' lang='lat' dir='ltr'><strong>et</strong></span> <span class='ocrx_word' id='word_1_518' title='bbox 2051 3317 2390 3384; x_wconf 87' lang='lat' dir='ltr'><strong>illustriores,</strong></span> <span class='ocrx_word' id='word_1_519' title='bbox 2443 3319 2758 3373; x_wconf 85' lang='lat' dir='ltr'><strong>scandalum</strong></span> <span class='ocrx_word' id='word_1_520' title='bbox 2795 3319 3072 3389; x_wconf 90' lang='lat' dir='ltr'><strong>patiuntur</strong></span> <span class='ocrx_word' id='word_1_521' title='bbox 3108 3336 3121 3370; x_wconf 92' lang='lat'><strong>:</strong></span> <span class='ocrx_word' id='word_1_522' title='bbox 3153 3317 3494 3386; x_wconf 85' lang='lat' dir='ltr'><strong>quandoqui-</strong></span> <span class='ocrx_word' id='word_1_523' title='bbox 3519 3356 3530 3359; x_wconf 44' lang='grc' dir='ltr'>-ν</span> 
     </span>
    </p>
   </div>
   <div class='ocr_carea' id='block_1_79' title="bbox 1931 3406 3504 3478">
    <p class='ocr_par' dir='ltr' id='par_1_79' title="bbox 1931 3406 3504 3478">
     <span class='ocr_line' id='line_1_79' title="bbox 1931 3406 3504 3478; baseline -0.002 -16"><span class='ocrx_word' id='word_1_524' title='bbox 1931 3408 2053 3464; x_wconf 91' lang='lat' dir='ltr'><strong>dem</strong></span> <span class='ocrx_word' id='word_1_525' title='bbox 2077 3409 2292 3478; x_wconf 77' lang='lat' dir='ltr'><strong>attingit</strong></span> <span class='ocrx_word' id='word_1_526' title='bbox 2315 3423 2455 3478; x_wconf 80' lang='lat' dir='ltr'><strong>saepe</strong></span> <span class='ocrx_word' id='word_1_527' title='bbox 2472 3411 2704 3478; x_wconf 90' lang='lat' dir='ltr'><strong>optimos</strong></span> <span class='ocrx_word' id='word_1_528' title='bbox 2723 3410 2888 3462; x_wconf 87' lang='lat' dir='ltr'><strong>etiam</strong></span> <span class='ocrx_word' id='word_1_529' title='bbox 2905 3408 3074 3476; x_wconf 82' lang='lat' dir='ltr'><strong>labes,</strong></span> <span class='ocrx_word' id='word_1_530' title='bbox 3099 3422 3219 3476; x_wconf 71' lang='lat' dir='ltr'><strong>qua:</strong></span> <span class='ocrx_word' id='word_1_531' title='bbox 3239 3406 3504 3476; x_wconf 37' lang='lat' dir='ltr'><strong>pestilens</strong></span> 
     </span>
    </p>
   </div>
   <div class='ocr_carea' id='block_1_80' title="bbox 1934 3499 3498 3572">
    <p class='ocr_par' dir='ltr' id='par_1_80' title="bbox 1934 3499 3498 3572">
     <span class='ocr_line' id='line_1_80' title="bbox 1934 3499 3498 3572; baseline -0.003 -16"><span class='ocrx_word' id='word_1_532' title='bbox 1934 3502 2004 3557; x_wconf 86' lang='lat' dir='ltr'><strong>tis</strong></span> <span class='ocrx_word' id='word_1_533' title='bbox 2053 3502 2223 3556; x_wconf 88' lang='lat' dir='ltr'><strong>instar</strong></span> <span class='ocrx_word' id='word_1_534' title='bbox 2252 3502 2446 3572; x_wconf 80' lang='lat' dir='ltr'><strong>morbi,</strong></span> <span class='ocrx_word' id='word_1_535' title='bbox 2471 3501 2701 3566; x_wconf 85' lang='lat' dir='ltr'><strong>eunetis,</strong></span> <span class='ocrx_word' id='word_1_536' title='bbox 2740 3513 2796 3554; x_wconf 92' lang='lat' dir='ltr'><strong>ut</strong></span> <span class='ocrx_word' id='word_1_537' title='bbox 2843 3501 3010 3555; x_wconf 84' lang='lat' dir='ltr'><strong>verbo</strong></span> <span class='ocrx_word' id='word_1_538' title='bbox 3035 3501 3234 3564; x_wconf 89' lang='lat' dir='ltr'><strong>dicam,</strong></span> <span class='ocrx_word' id='word_1_539' title='bbox 3261 3499 3498 3554; x_wconf 80' lang='lat' dir='ltr'><strong>exitium</strong></span> 
     </span>
    </p>
   </div>
   <div class='ocr_carea' id='block_1_81' title="bbox 1933 3593 3499 3663">
    <p class='ocr_par' dir='ltr' id='par_1_81' title="bbox 1933 3593 3499 3663">
     <span class='ocr_line' id='line_1_81' title="bbox 1933 3593 3499 3663; baseline -0.003 -15"><span class='ocrx_word' id='word_1_540' title='bbox 1933 3609 2088 3648; x_wconf 90' lang='lat' dir='ltr'><strong>suum</strong></span> <span class='ocrx_word' id='word_1_541' title='bbox 2110 3594 2496 3649; x_wconf 83' lang='lat' dir='ltr'><strong>communicat.</strong></span> <span class='ocrx_word' id='word_1_542' title='bbox 2521 3593 2728 3649; x_wconf 85' lang='lat' dir='ltr'><strong>Etenim</strong></span> <span class='ocrx_word' id='word_1_543' title='bbox 2754 3594 2938 3663; x_wconf 88' lang='lat' dir='ltr'><strong>specie</strong></span> <span class='ocrx_word' id='word_1_544' title='bbox 2964 3609 3025 3648; x_wconf 89' lang='lat' dir='ltr'><strong>ac</strong></span> <span class='ocrx_word' id='word_1_545' title='bbox 3045 3593 3166 3647; x_wconf 78' lang='lat' dir='ltr'><strong>luco</strong></span> <span class='ocrx_word' id='word_1_546' title='bbox 3187 3607 3499 3647; x_wconf 87' lang='lat' dir='ltr'><strong>sermonum</strong></span> 
     </span>
    </p>
   </div>
   <div class='ocr_carea' id='block_1_82' title="bbox 1934 3684 3494 3753">
    <p class='ocr_par' dir='ltr' id='par_1_82' title="bbox 1934 3684 3494 3753">
     <span class='ocr_line' id='line_1_82' title="bbox 1934 3684 3494 3753; baseline -0.003 -15"><span class='ocrx_word' id='word_1_547' title='bbox 1934 3684 2155 3740; x_wconf 87' lang='lat' dir='ltr'><strong>auribus</strong></span> <span class='ocrx_word' id='word_1_548' title='bbox 2175 3685 2566 3740; x_wconf 85' lang='lat' dir='ltr'><strong>blandientium</strong></span> <span class='ocrx_word' id='word_1_549' title='bbox 2597 3685 2826 3747; x_wconf 82' lang='lat' dir='ltr'><strong>deliniti.</strong></span> <span class='ocrx_word' id='word_1_550' title='bbox 2845 3699 3020 3753; x_wconf 87' lang='lat' dir='ltr'><strong>neque</strong></span> <span class='ocrx_word' id='word_1_551' title='bbox 3047 3685 3115 3738; x_wconf 90' lang='lat' dir='ltr'><strong>ob</strong></span> <span class='ocrx_word' id='word_1_552' title='bbox 3142 3700 3293 3737; x_wconf 88' lang='lat' dir='ltr'><strong>suam</strong></span> <span class='ocrx_word' id='word_1_553' title='bbox 3325 3684 3494 3738; x_wconf 88' lang='lat' dir='ltr'><strong>insci-</strong></span> 
     </span>
    </p>
   </div>
   <div class='ocr_carea' id='block_1_83' title="bbox 1935 3773 3500 3845">
    <p class='ocr_par' dir='ltr' id='par_1_83' title="bbox 1935 3773 3500 3845">
     <span class='ocr_line' id='line_1_83' title="bbox 1935 3773 3500 3845; baseline -0.002 -16"><span class='ocrx_word' id='word_1_554' title='bbox 1935 3777 2062 3829; x_wconf 84' lang='lat' dir='ltr'><strong>tiam</strong></span> <span class='ocrx_word' id='word_1_555' title='bbox 2111 3774 2359 3830; x_wconf 79' lang='lat' dir='ltr'><strong>ell&#39;ossam</strong></span> <span class='ocrx_word' id='word_1_556' title='bbox 2413 3776 2778 3844; x_wconf 86' lang='lat' dir='ltr'><strong>latentetnque</strong></span> <span class='ocrx_word' id='word_1_557' title='bbox 2799 3775 3005 3830; x_wconf 74' lang='lat' dir='ltr'><strong>foveam</strong></span> <span class='ocrx_word' id='word_1_558' title='bbox 3033 3774 3412 3845; x_wconf 81' lang='lat' dir='ltr'><strong>praevidentes,</strong></span> <span class='ocrx_word' id='word_1_559' title='bbox 3446 3773 3500 3826; x_wconf 90' lang='lat' dir='ltr'><strong>in</strong></span> 
     </span>
    </p>
   </div>
   <div class='ocr_carea' id='block_1_84' title="bbox 1935 3867 3511 3936">
    <p class='ocr_par' dir='ltr' id='par_1_84' title="bbox 1935 3867 3511 3936">
     <span class='ocr_line' id='line_1_84' title="bbox 1935 3867 3511 3936; baseline -0.002 -14"><span class='ocrx_word' id='word_1_560' title='bbox 1935 3869 2328 3923; x_wconf 82' lang='lat' dir='ltr'><strong>incredulitatis</strong></span> <span class='ocrx_word' id='word_1_561' title='bbox 2396 3871 2620 3936; x_wconf 87' lang='lat' dir='ltr'><strong>laqueos</strong></span> <span class='ocrx_word' id='word_1_562' title='bbox 2672 3868 3068 3922; x_wconf 83' lang='lat' dir='ltr'><strong>inconsiderate</strong></span> <span class='ocrx_word' id='word_1_563' title='bbox 3157 3867 3511 3936; x_wconf 69' lang='lat' dir='ltr'><strong>turpiterque-</strong></span> 
     </span>
    </p>
   </div>
   <div class='ocr_carea' id='block_1_85' title="bbox 1934 3957 3525 4025">
    <p class='ocr_par' dir='ltr' id='par_1_85' title="bbox 1934 3957 3525 4025">
     <span class='ocr_line' id='line_1_85' title="bbox 1934 3957 3525 4025; baseline 0.001 -12"><span class='ocrx_word' id='word_1_564' title='bbox 1934 3959 2204 4014; x_wconf 88' lang='lat' dir='ltr'><strong>labuntur.</strong></span> <span class='ocrx_word' id='word_1_565' title='bbox 2235 3957 2367 4012; x_wconf 86' lang='lat' dir='ltr'><strong>Nam</strong></span> <span class='ocrx_word' id='word_1_566' title='bbox 2425 3959 2525 4014; x_wconf 87' lang='lat' dir='ltr'><strong>sub</strong></span> <span class='ocrx_word' id='word_1_567' title='bbox 2557 3957 2964 4014; x_wconf 87' lang='lat' dir='ltr'><strong>Cbristianismi</strong></span> <span class='ocrx_word' id='word_1_568' title='bbox 3005 3959 3258 4012; x_wconf 77' lang='lat' dir='ltr'><strong>simulata</strong></span> <span class='ocrx_word' id='word_1_569' title='bbox 3294 3957 3525 4025; x_wconf 40' lang='lat' dir='ltr'><strong>specii»</strong></span> 
     </span>
    </p>
   </div>
   <div class='ocr_carea' id='block_1_86' title="bbox 1935 4048 3498 4121">
    <p class='ocr_par' dir='ltr' id='par_1_86' title="bbox 1935 4048 3498 4121">
     <span class='ocr_line' id='line_1_86' title="bbox 1935 4048 3498 4121; baseline -0.004 -15"><span class='ocrx_word' id='word_1_570' title='bbox 1935 4051 2022 4106; x_wconf 83' lang='lat' dir='ltr'><strong>hic</strong></span> <span class='ocrx_word' id='word_1_571' title='bbox 2044 4050 2132 4121; x_wconf 89' lang='lat' dir='ltr'><strong>qui</strong></span> <span class='ocrx_word' id='word_1_572' title='bbox 2163 4049 2283 4103; x_wconf 87' lang='lat' dir='ltr'><strong>talia</strong></span> <span class='ocrx_word' id='word_1_573' title='bbox 2311 4050 2553 4120; x_wconf 85' lang='lat' dir='ltr'><strong>scripsit,</strong></span> <span class='ocrx_word' id='word_1_574' title='bbox 2579 4051 2942 4105; x_wconf 76' lang='lat' dir='ltr'><strong>orthodoxam</strong></span> <span class='ocrx_word' id='word_1_575' title='bbox 2969 4059 3134 4102; x_wconf 86' lang='lat' dir='ltr'><strong>totam</strong></span> <span class='ocrx_word' id='word_1_576' title='bbox 3161 4048 3498 4103; x_wconf 87' lang='lat' dir='ltr'><strong>Curistiani-</strong></span> 
     </span>
    </p>
   </div>
   <div class='ocr_carea' id='block_1_87' title="bbox 1937 4137 3530 4211">
    <p class='ocr_par' dir='ltr' id='par_1_87' title="bbox 1937 4137 3530 4211">
     <span class='ocr_line' id='line_1_87' title="bbox 1937 4137 3530 4211; baseline -0.005 -15"><span class='ocrx_word' id='word_1_577' title='bbox 1937 4151 2097 4197; x_wconf 87' lang='lat' dir='ltr'><strong>tatem</strong></span> <span class='ocrx_word' id='word_1_578' title='bbox 2126 4141 2397 4196; x_wconf 84' lang='lat' dir='ltr'><strong>hostiliter</strong></span> <span class='ocrx_word' id='word_1_579' title='bbox 2426 4140 2782 4211; x_wconf 86' lang='lat' dir='ltr'><strong>depopulatus</strong></span> <span class='ocrx_word' id='word_1_580' title='bbox 2827 4149 2930 4195; x_wconf 90' lang='lat' dir='ltr'><strong>est.</strong></span> <span class='ocrx_word' id='word_1_581' title='bbox 2965 4139 3059 4195; x_wconf 81' lang='lat' dir='ltr'><strong>Sic</strong></span> <span class='ocrx_word' id='word_1_582' title='bbox 3111 4139 3317 4208; x_wconf 88' lang='lat' dir='ltr'><strong>itaque,</strong></span> <span class='ocrx_word' id='word_1_583' title='bbox 3369 4137 3530 4190; x_wconf 82' lang='lat' dir='ltr'><strong>nlbil~</strong></span> 
     </span>
    </p>
   </div>
   <div class='ocr_carea' id='block_1_88' title="bbox 1935 4228 3536 4303">
    <p class='ocr_par' dir='ltr' id='par_1_88' title="bbox 1935 4228 3536 4303">
     <span class='ocr_line' id='line_1_88' title="bbox 1935 4228 3536 4303; baseline -0.005 -15"><span class='ocrx_word' id='word_1_584' title='bbox 1935 4231 2247 4288; x_wconf 76' lang='lat' dir='ltr'><strong>indecorum</strong></span> <span class='ocrx_word' id='word_1_585' title='bbox 2299 4247 2461 4303; x_wconf 75' lang='lat' dir='ltr'><strong>agere</strong></span> <span class='ocrx_word' id='word_1_586' title='bbox 2507 4231 2908 4298; x_wconf 75' lang='lat' dir='ltr'><strong>existimantes,</strong></span> <span class='ocrx_word' id='word_1_587' title='bbox 2959 4231 3010 4285; x_wconf 94' lang='lat' dir='ltr'><strong>in</strong></span> <span class='ocrx_word' id='word_1_588' title='bbox 3069 4231 3172 4284; x_wconf 90' lang='lat' dir='ltr'><strong>hoc</strong></span> <span class='ocrx_word' id='word_1_589' title='bbox 3244 4228 3536 4282; x_wconf 73' lang='lat' dir='ltr'><strong>doctrinae-</strong></span> 
     </span>
    </p>
   </div>
   <div class='ocr_carea' id='block_1_89' title="bbox 1933 4321 3500 4394">
    <p class='ocr_par' dir='ltr' id='par_1_89' title="bbox 1933 4321 3500 4394">
     <span class='ocr_line' id='line_1_89' title="bbox 1933 4321 3500 4394; baseline -0.007 -13"><span class='ocrx_word' id='word_1_590' title='bbox 1933 4341 2161 4381; x_wconf 73' lang='lat' dir='ltr'><strong>examen</strong></span> <span class='ocrx_word' id='word_1_591' title='bbox 2190 4336 2401 4382; x_wconf 86' lang='lat' dir='ltr'><strong>nosmet</strong></span> <span class='ocrx_word' id='word_1_592' title='bbox 2419 4325 2766 4392; x_wconf 87' lang='lat' dir='ltr'><strong>conjecimus.</strong></span> <span class='ocrx_word' id='word_1_593' title='bbox 2794 4322 2979 4394; x_wconf 87' lang='lat' dir='ltr'><strong>Neque</strong></span> <span class='ocrx_word' id='word_1_594' title='bbox 3002 4321 3500 4387; x_wconf 37' lang='lat' dir='ltr'><strong>recusabimus‘pu-</strong></span> 
     </span>
    </p>
   </div>
   <div class='ocr_carea' id='block_1_90' title="bbox 1937 4411 3506 4484">
    <p class='ocr_par' dir='ltr' id='par_1_90' title="bbox 1937 4411 3506 4484">
     <span class='ocr_line' id='line_1_90' title="bbox 1937 4411 3506 4484; baseline -0.007 -12"><span class='ocrx_word' id='word_1_595' title='bbox 1937 4418 2079 4474; x_wconf 80' lang='lat' dir='ltr'><strong>trida</strong></span> <span class='ocrx_word' id='word_1_596' title='bbox 2113 4433 2178 4474; x_wconf 87' lang='lat' dir='ltr'><strong>ac</strong></span> <span class='ocrx_word' id='word_1_597' title='bbox 2208 4419 2497 4474; x_wconf 87' lang='lat' dir='ltr'><strong>dilabentia</strong></span> <span class='ocrx_word' id='word_1_598' title='bbox 2518 4428 2930 4484; x_wconf 18' lang='lat' dir='ltr'><strong>etaraneorum,</strong></span> <span class='ocrx_word' id='word_1_599' title='bbox 2955 4422 3208 4470; x_wconf 79' lang='lat' dir='ltr'><strong>contextu</strong></span> <span class='ocrx_word' id='word_1_600' title='bbox 3241 4411 3506 4466; x_wconf 68' lang='lat' dir='ltr'><strong>debiliora</strong></span> 
     </span>
    </p>
   </div>
   <div class='ocr_carea' id='block_1_91' title="bbox 255 4499 1823 4579">
    <p class='ocr_par' dir='ltr' id='par_1_91' title="bbox 255 4499 1823 4575">
     <span class='ocr_line' id='line_1_91' title="bbox 255 4499 1823 4575; baseline 0.006 -22"><span class='ocrx_word' id='word_1_601' title='bbox 255 4499 502 4570; x_wconf 77' lang='grc' dir='ltr'>ρυηκότα</span> <span class='ocrx_word' id='word_1_602' title='bbox 532 4502 628 4554; x_wconf 75' lang='grc' dir='ltr'>καὶ</span> <span class='ocrx_word' id='word_1_603' title='bbox 653 4501 927 4572; x_wconf 85' lang='grc' dir='ltr'>ἀραχνίων</span> <span class='ocrx_word' id='word_1_604' title='bbox 957 4502 1323 4575; x_wconf 77' lang='grc' dir='ltr'>ἀσθενέστερα</span> <span class='ocrx_word' id='word_1_605' title='bbox 1355 4507 1422 4559; x_wconf 79' lang='grc' dir='ltr'>τὰ</span> <span class='ocrx_word' id='word_1_606' title='bbox 1447 4507 1651 4561; x_wconf 84' lang='grc' dir='ltr'>τούτων</span> <span class='ocrx_word' id='word_1_607' title='bbox 1695 4510 1823 4562; x_wconf 88' lang='grc' dir='ltr'>ἀπο-</span> 
     </span>
    </p>
   </div>
   <div class='ocr_carea' id='block_1_92' title="bbox 1928 4499 3499 4579">
    <p class='ocr_par' dir='ltr' id='par_1_92' title="bbox 1935 4503 3499 4579">
     <span class='ocr_line' id='line_1_92' title="bbox 1935 4503 3499 4579; baseline -0.004 -16"><span class='ocrx_word' id='word_1_608' title='bbox 1935 4509 2126 4564; x_wconf 85' lang='lat' dir='ltr'><strong>ltorum</strong></span> <span class='ocrx_word' id='word_1_609' title='bbox 2179 4520 2494 4579; x_wconf 74' lang='lat' dir='ltr'><strong>argumenta</strong></span> <span class='ocrx_word' id='word_1_610' title='bbox 2531 4523 2824 4578; x_wconf 82' lang='lat' dir='ltr'><strong>exponere,</strong></span> <span class='ocrx_word' id='word_1_611' title='bbox 2863 4517 2920 4561; x_wconf 93' lang='lat' dir='ltr'><strong>ut</strong></span> <span class='ocrx_word' id='word_1_612' title='bbox 2971 4507 3060 4568; x_wconf 86' lang='lat' dir='ltr'><strong>iis,</strong></span> <span class='ocrx_word' id='word_1_613' title='bbox 3097 4503 3342 4558; x_wconf 87' lang='lat' dir='ltr'><strong>veritatis</strong></span> <span class='ocrx_word' id='word_1_614' title='bbox 3384 4517 3499 4564; x_wconf 87' lang='lat' dir='ltr'><strong>ore,</strong></span> 
     </span>
    </p>
   </div>
   <div class='ocr_carea' id='block_1_93' title="bbox 255 4589 1830 4670">
    <p class='ocr_par' dir='ltr' id='par_1_93' title="bbox 255 4589 1830 4670">
     <span class='ocr_line' id='line_1_93' title="bbox 255 4589 1830 4670; baseline 0.009 -29"><span class='ocrx_word' id='word_1_615' title='bbox 255 4589 474 4658; x_wconf 81' lang='grc' dir='ltr'>φαίνειν</span> <span class='ocrx_word' id='word_1_616' title='bbox 528 4592 914 4662; x_wconf 86' lang='grc' dir='ltr'>προϐλήματα,</span> <span class='ocrx_word' id='word_1_617' title='bbox 952 4595 1080 4658; x_wconf 82' lang='grc' dir='ltr'>τοὺς</span> <span class='ocrx_word' id='word_1_618' title='bbox 1133 4596 1232 4665; x_wconf 79' lang='grc' dir='ltr'><strong>τῆς</strong></span> <span class='ocrx_word' id='word_1_619' title='bbox 1277 4597 1538 4668; x_wconf 86' lang='grc' dir='ltr'>ἀληθείας</span> <span class='ocrx_word' id='word_1_620' title='bbox 1575 4599 1830 4670; x_wconf 77' lang='grc' dir='ltr'>ἐλέγχους</span> 
     </span>
    </p>
   </div>
   <div class='ocr_carea' id='block_1_94' title="bbox 256 4680 1832 4760">
    <p class='ocr_par' dir='ltr' id='par_1_94' title="bbox 256 4680 1832 4760">
     <span class='ocr_line' id='line_1_94' title="bbox 256 4680 1832 4760; baseline 0.008 -28"><span class='ocrx_word' id='word_1_621' title='bbox 256 4680 531 4751; x_wconf 74' lang='grc' dir='ltr'>εὐστόχως</span> <span class='ocrx_word' id='word_1_622' title='bbox 581 4683 897 4750; x_wconf 77' lang='grc' dir='ltr'>ἐπάγοντες,</span> <span class='ocrx_word' id='word_1_623' title='bbox 963 4685 1039 4748; x_wconf 86' lang='grc' dir='ltr'>ὡς</span> <span class='ocrx_word' id='word_1_624' title='bbox 1079 4684 1146 4739; x_wconf 80' lang='grc' dir='ltr'><strong>ἂν</strong></span> <span class='ocrx_word' id='word_1_625' title='bbox 1179 4686 1346 4757; x_wconf 82' lang='grc' dir='ltr'>δήλης</span> <span class='ocrx_word' id='word_1_626' title='bbox 1405 4689 1575 4742; x_wconf 79' lang='grc' dir='ltr'>ἅπασι</span> <span class='ocrx_word' id='word_1_627' title='bbox 1630 4691 1731 4760; x_wconf 84' lang='grc' dir='ltr'>τῆς</span> <span class='ocrx_word' id='word_1_628' title='bbox 1774 4693 1832 4745; x_wconf 81' lang='grc' dir='ltr'>ὲν</span> 
     </span>
    </p>
   </div>
   <div class='ocr_carea' id='block_1_95' title="bbox 259 4764 1833 4849">
    <p class='ocr_par' dir='ltr' id='par_1_95' title="bbox 259 4764 1833 4849">
     <span class='ocr_line' id='line_1_95' title="bbox 259 4764 1833 4849; baseline 0.007 -24"><span class='ocrx_word' id='word_1_629' title='bbox 259 4775 442 4836; x_wconf 77' lang='grc' dir='ltr'>αὐτοῖς</span> <span class='ocrx_word' id='word_1_630' title='bbox 472 4773 700 4838; x_wconf 88' lang='grc' dir='ltr'>ἀτοπίας</span> <span class='ocrx_word' id='word_1_631' title='bbox 755 4776 1184 4849; x_wconf 82' lang='grc' dir='ltr'>καθισταμένης,</span> <span class='ocrx_word' id='word_1_632' title='bbox 1221 4781 1495 4848; x_wconf 81' lang='grc' dir='ltr'>ὲπιγνοϊεν</span> <span class='ocrx_word' id='word_1_633' title='bbox 1524 4783 1574 4834; x_wconf 81' lang='lat' dir='ltr'><strong>ei</strong></span> <span class='ocrx_word' id='word_1_634' title='bbox 1620 4764 1833 4836; x_wconf 76' lang='grc' dir='ltr'>συνετοὶ</span> 
     </span>
    </p>
   </div>
   <div class='ocr_carea' id='block_1_96' title="bbox 258 4865 1833 4945">
    <p class='ocr_par' dir='ltr' id='par_1_96' title="bbox 258 4865 1833 4945">
     <span class='ocr_line' id='line_1_96' title="bbox 258 4865 1833 4945; baseline 0.006 -27"><span class='ocrx_word' id='word_1_635' title='bbox 258 4865 319 4918; x_wconf 73' lang='grc' dir='ltr'>τὸ</span> <span class='ocrx_word' id='word_1_636' title='bbox 369 4865 650 4934; x_wconf 83' lang='grc' dir='ltr'>ἀπατηλὸν</span> <span class='ocrx_word' id='word_1_637' title='bbox 697 4866 874 4920; x_wconf 83' lang='grc' dir='ltr'>αὐτῶν</span> <span class='ocrx_word' id='word_1_638' title='bbox 922 4867 1019 4921; x_wconf 68' lang='grc' dir='ltr'><strong>καὶ</strong></span> <span class='ocrx_word' id='word_1_639' title='bbox 1066 4869 1530 4939; x_wconf 81' lang='grc' dir='ltr'>κατεπτυσμένον,</span> <span class='ocrx_word' id='word_1_640' title='bbox 1589 4875 1685 4926; x_wconf 74' lang='grc' dir='ltr'><strong>καὶ</strong></span> <span class='ocrx_word' id='word_1_641' title='bbox 1734 4877 1833 4945; x_wconf 82' lang='grc' dir='ltr'>τῆς</span> 
     </span>
    </p>
   </div>
   <div class='ocr_carea' id='block_1_97' title="bbox 258 4954 1832 5031">
    <p class='ocr_par' dir='ltr' id='par_1_97' title="bbox 258 4954 1832 5031">
     <span class='ocr_line' id='line_1_97' title="bbox 258 4954 1832 5031; baseline 0.006 -25"><span class='ocrx_word' id='word_1_642' title='bbox 258 4954 469 5008; x_wconf 79' lang='grc' dir='ltr'>ἑαυτῶν</span> <span class='ocrx_word' id='word_1_643' title='bbox 499 4957 801 5025; x_wconf 84' lang='grc' dir='ltr'>ἀσφαλείας</span> <span class='ocrx_word' id='word_1_644' title='bbox 847 4961 1227 5030; x_wconf 86' lang='grc' dir='ltr'>προνοήσαιεν.</span> <span class='ocrx_word' id='word_1_645' title='bbox 1264 4963 1386 5016; x_wconf 85' lang='grc' dir='ltr'>Ὅτι</span> <span class='ocrx_word' id='word_1_646' title='bbox 1417 4962 1517 5031; x_wconf 81' lang='grc' dir='ltr'><strong>μὲν</strong></span> <span class='ocrx_word' id='word_1_647' title='bbox 1548 4959 1642 5017; x_wconf 72' lang='grc' dir='ltr'><strong>οὖν</strong></span> <span class='ocrx_word' id='word_1_648' title='bbox 1672 4964 1746 5029; x_wconf 86' lang='grc' dir='ltr'>ὼς</span> <span class='ocrx_word' id='word_1_649' title='bbox 1773 4967 1832 5018; x_wconf 84' lang='grc' dir='ltr'>ὲν</span> 
     </span>
    </p>
   </div>
   <div class='ocr_carea' id='block_1_98' title="bbox 259 5032 1831 5120">
    <p class='ocr_par' dir='ltr' id='par_1_98' title="bbox 259 5032 1831 5120">
     <span class='ocr_line' id='line_1_98' title="bbox 259 5032 1831 5120; baseline 0.008 -24"><span class='ocrx_word' id='word_1_650' title='bbox 259 5043 464 5098; x_wconf 75' lang='grc' dir='ltr'>ἅπασιν</span> <span class='ocrx_word' id='word_1_651' title='bbox 495 5032 882 5112; x_wconf 77' lang='grc' dir='ltr'>ἀσυνετοῦντές</span> <span class='ocrx_word' id='word_1_652' title='bbox 907 5050 1001 5102; x_wconf 77' lang='grc' dir='ltr'>καὶ</span> <span class='ocrx_word' id='word_1_653' title='bbox 1034 5051 1568 5120; x_wconf 75' lang='grc' dir='ltr'>ἀμαθαίνοντες,κάν</span> <span class='ocrx_word' id='word_1_654' title='bbox 1601 5055 1831 5120; x_wconf 83' lang='grc' dir='ltr'>ταύταις</span> 
     </span>
    </p>
   </div>
   <div class='ocr_carea' id='block_1_99' title="bbox 258 5135 1831 5215">
    <p class='ocr_par' dir='ltr' id='par_1_99' title="bbox 258 5135 1831 5215">
     <span class='ocr_line' id='line_1_99' title="bbox 258 5135 1831 5215; baseline 0.008 -29"><span class='ocrx_word' id='word_1_655' title='bbox 258 5135 701 5204; x_wconf 86' lang='grc' dir='ltr'>ἀποσφάλλονται</span> <span class='ocrx_word' id='word_1_656' title='bbox 723 5142 841 5202; x_wconf 86' lang='grc' dir='ltr'>ταῖς</span> <span class='ocrx_word' id='word_1_657' title='bbox 889 5144 1115 5208; x_wconf 81' lang='grc' dir='ltr'>φωναῖς,</span> <span class='ocrx_word' id='word_1_658' title='bbox 1151 5143 1228 5211; x_wconf 86' lang='grc' dir='ltr'>τῷ</span> <span class='ocrx_word' id='word_1_659' title='bbox 1257 5143 1522 5214; x_wconf 82' lang='grc' dir='ltr'>ἀγράπτῳ</span> <span class='ocrx_word' id='word_1_660' title='bbox 1557 5162 1629 5215; x_wconf 89' lang='grc' dir='ltr'><strong>φη</strong></span> <span class='ocrx_word' id='word_1_661' title='bbox 1640 5147 1702 5215; x_wconf 76' lang='grc' dir='ltr'><strong>μὶ</strong></span> <span class='ocrx_word' id='word_1_662' title='bbox 1737 5148 1831 5200; x_wconf 78' lang='grc' dir='ltr'><strong>καὶ</strong></span> 
     </span>
    </p>
   </div>
   <div class='ocr_carea' id='block_1_100' title="bbox 256 5226 1830 5304">
    <p class='ocr_par' dir='ltr' id='par_1_100' title="bbox 256 5226 1830 5304">
     <span class='ocr_line' id='line_1_100' title="bbox 256 5226 1830 5304; baseline 0.009 -26"><span class='ocrx_word' id='word_1_663' title='bbox 256 5226 685 5299; x_wconf 83' lang='grc' dir='ltr'>ἀπεριγράπτῳ,</span> <span class='ocrx_word' id='word_1_664' title='bbox 724 5228 799 5293; x_wconf 84' lang='grc' dir='ltr'>ὡς</span> <span class='ocrx_word' id='word_1_665' title='bbox 839 5226 1013 5300; x_wconf 77' lang='grc' dir='ltr'>οἶμαι,</span> <span class='ocrx_word' id='word_1_666' title='bbox 1051 5232 1214 5285; x_wconf 88' lang='grc' dir='ltr'>παντί</span> <span class='ocrx_word' id='word_1_667' title='bbox 1247 5251 1323 5302; x_wconf 80' lang='grc' dir='ltr'><strong>τῳ</strong></span> <span class='ocrx_word' id='word_1_668' title='bbox 1356 5236 1526 5304; x_wconf 80' lang='grc' dir='ltr'>σαφές</span> <span class='ocrx_word' id='word_1_669' title='bbox 1550 5253 1562 5264; x_wconf 87' lang='grc'><strong>·</strong></span> <span class='ocrx_word' id='word_1_670' title='bbox 1594 5239 1672 5300; x_wconf 78' lang='grc' dir='ltr'>εἰς</span> <span class='ocrx_word' id='word_1_671' title='bbox 1701 5239 1830 5292; x_wconf 78' lang='grc' dir='ltr'><strong>ταύ-</strong></span> 
     </span>
    </p>
   </div>
   <div class='ocr_carea' id='block_1_101' title="bbox 252 5313 1832 5396">
    <p class='ocr_par' dir='ltr' id='par_1_101' title="bbox 252 5313 1832 5396">
     <span class='ocr_line' id='line_1_101' title="bbox 252 5313 1832 5396; baseline 0.007 -28"><span class='ocrx_word' id='word_1_672' title='bbox 252 5313 351 5368; x_wconf 73' lang='grc' dir='ltr'><strong>τὸν</strong></span> <span class='ocrx_word' id='word_1_673' title='bbox 373 5318 664 5389; x_wconf 70' lang='grc' dir='ltr'>ἀμφότερα</span> <span class='ocrx_word' id='word_1_674' title='bbox 700 5321 1136 5390; x_wconf 87' lang='grc' dir='ltr'>συνενεγκόντες,</span> <span class='ocrx_word' id='word_1_675' title='bbox 1183 5322 1252 5375; x_wconf 72' lang='grc' dir='ltr'><strong>τά</strong></span> <span class='ocrx_word' id='word_1_676' title='bbox 1286 5325 1343 5375; x_wconf 81' lang='grc' dir='ltr'>ὲν</span> <span class='ocrx_word' id='word_1_677' title='bbox 1385 5326 1601 5389; x_wconf 83' lang='grc' dir='ltr'>πολλοῖς</span> <span class='ocrx_word' id='word_1_678' title='bbox 1640 5327 1832 5396; x_wconf 74' lang='grc' dir='ltr'>διαφέ-</span> 
     </span>
    </p>
   </div>
   <div class='ocr_carea' id='block_1_102' title="bbox 253 5406 1830 5488">
    <p class='ocr_par' dir='ltr' id='par_1_102' title="bbox 253 5406 1830 5488">
     <span class='ocr_line' id='line_1_102' title="bbox 253 5406 1830 5488; baseline 0.008 -28"><span class='ocrx_word' id='word_1_679' title='bbox 253 5423 444 5478; x_wconf 85' lang='grc' dir='ltr'>ροντα,</span> <span class='ocrx_word' id='word_1_680' title='bbox 477 5411 605 5481; x_wconf 71' lang='grc' dir='ltr'>περὶ</span> <span class='ocrx_word' id='word_1_681' title='bbox 647 5406 721 5465; x_wconf 84' lang='grc' dir='ltr'>ὧν</span> <span class='ocrx_word' id='word_1_682' title='bbox 750 5413 833 5474; x_wconf 82' lang='grc' dir='ltr'><strong>είς</strong></span> <span class='ocrx_word' id='word_1_683' title='bbox 891 5413 1120 5484; x_wconf 80' lang='grc' dir='ltr'>ὕστερον</span> <span class='ocrx_word' id='word_1_684' title='bbox 1176 5415 1573 5486; x_wconf 74' lang='grc' dir='ltr'>διαληψόμεθα,</span> <span class='ocrx_word' id='word_1_685' title='bbox 1620 5421 1720 5488; x_wconf 84' lang='grc' dir='ltr'><strong>τήν</strong></span> <span class='ocrx_word' id='word_1_686' title='bbox 1774 5439 1830 5473; x_wconf 90' lang='grc' dir='ltr'><strong>τε</strong></span> 
     </span>
    </p>
   </div>
   <div class='ocr_carea' id='block_1_103' title="bbox 249 5498 1830 5580">
    <p class='ocr_par' dir='ltr' id='par_1_103' title="bbox 249 5498 1830 5580">
     <span class='ocr_line' id='line_1_103' title="bbox 249 5498 1830 5580; baseline 0.01 -30"><span class='ocrx_word' id='word_1_687' title='bbox 249 5498 526 5571; x_wconf 72' lang='grc' dir='ltr'>διαφορὰν</span> <span class='ocrx_word' id='word_1_688' title='bbox 573 5504 668 5554; x_wconf 77' lang='grc' dir='ltr'>καὶ</span> <span class='ocrx_word' id='word_1_689' title='bbox 700 5503 800 5573; x_wconf 76' lang='grc' dir='ltr'><strong>τὴν</strong></span> <span class='ocrx_word' id='word_1_690' title='bbox 833 5505 930 5558; x_wconf 88' lang='grc' dir='ltr'>ἀπ’</span> <span class='ocrx_word' id='word_1_691' title='bbox 969 5506 1150 5560; x_wconf 87' lang='grc' dir='ltr'>αὐτῶν</span> <span class='ocrx_word' id='word_1_692' title='bbox 1191 5508 1603 5580; x_wconf 80' lang='grc' dir='ltr'>σημαινομένην</span> <span class='ocrx_word' id='word_1_693' title='bbox 1661 5511 1830 5566; x_wconf 81' lang='grc' dir='ltr'>δόνα-</span> 
     </span>
    </p>
   </div>
   <div class='ocr_carea' id='block_1_104' title="bbox 251 5594 1830 5674">
    <p class='ocr_par' dir='ltr' id='par_1_104' title="bbox 251 5594 1830 5674">
     <span class='ocr_line' id='line_1_104' title="bbox 251 5594 1830 5674; baseline 0.009 -32"><span class='ocrx_word' id='word_1_694' title='bbox 251 5607 352 5658; x_wconf 84' lang='grc' dir='ltr'><strong>μιν</strong></span> <span class='ocrx_word' id='word_1_695' title='bbox 376 5594 863 5665; x_wconf 76' lang='grc' dir='ltr'>ὲττισκεπτόμενοι.</span> <span class='ocrx_word' id='word_1_696' title='bbox 923 5597 1012 5652; x_wconf 86' lang='grc' dir='ltr'>Ἐν</span> <span class='ocrx_word' id='word_1_697' title='bbox 1051 5599 1128 5670; x_wconf 84' lang='grc' dir='ltr'>τῷ</span> <span class='ocrx_word' id='word_1_698' title='bbox 1161 5599 1390 5669; x_wconf 85' lang='grc' dir='ltr'>παρόντι</span> <span class='ocrx_word' id='word_1_699' title='bbox 1421 5601 1502 5664; x_wconf 76' lang='grc' dir='ltr'>δὲ,</span> <span class='ocrx_word' id='word_1_700' title='bbox 1527 5605 1591 5674; x_wconf 81' lang='grc' dir='ltr'>τῇ</span> <span class='ocrx_word' id='word_1_701' title='bbox 1626 5605 1830 5658; x_wconf 76' lang='grc' dir='ltr'>τούτων</span> 
     </span>
    </p>
   </div>
   <div class='ocr_carea' id='block_1_105' title="bbox 248 5683 1832 5763">
    <p class='ocr_par' dir='ltr' id='par_1_105' title="bbox 248 5683 1832 5763">
     <span class='ocr_line' id='line_1_105' title="bbox 248 5683 1832 5763; baseline 0.009 -28"><span class='ocrx_word' id='word_1_702' title='bbox 248 5683 706 5754; x_wconf 65' lang='grc' dir='ltr'>ἀπαιδευσίᾳκαὶ</span> <span class='ocrx_word' id='word_1_703' title='bbox 737 5688 976 5760; x_wconf 76' lang='grc' dir='ltr'>ἀμουσίᾳ</span> <span class='ocrx_word' id='word_1_704' title='bbox 1009 5691 1531 5762; x_wconf 78' lang='grc' dir='ltr'>συγκαθιστάμενοι,</span> <span class='ocrx_word' id='word_1_705' title='bbox 1566 5695 1705 5763; x_wconf 76' lang='grc' dir='ltr'>πρὸς</span> <span class='ocrx_word' id='word_1_706' title='bbox 1732 5697 1832 5760; x_wconf 76' lang='grc' dir='ltr'><strong>τὰς</strong></span> 
     </span>
    </p>
   </div>
   <div class='ocr_carea' id='block_1_106' title="bbox 244 5774 1829 5855">
    <p class='ocr_par' dir='ltr' id='par_1_106' title="bbox 244 5774 1829 5855">
     <span class='ocr_line' id='line_1_106' title="bbox 244 5774 1829 5855; baseline 0.008 -28"><span class='ocrx_word' id='word_1_707' title='bbox 244 5774 346 5827; x_wconf 78' lang='grc' dir='ltr'>τοῦ</span> <span class='ocrx_word' id='word_1_708' title='bbox 362 5775 689 5833; x_wconf 70' lang='grc' dir='ltr'>διδασκάλου</span> <span class='ocrx_word' id='word_1_709' title='bbox 711 5781 888 5834; x_wconf 74' lang='grc' dir='ltr'>αὐτῶν</span> <span class='ocrx_word' id='word_1_710' title='bbox 911 5783 1363 5854; x_wconf 63' lang='grc' dir='ltr'>προϐεϐλημέναις</span> <span class='ocrx_word' id='word_1_711' title='bbox 1387 5784 1590 5855; x_wconf 76' lang='grc' dir='ltr'>φωνάς,</span> <span class='ocrx_word' id='word_1_712' title='bbox 1614 5788 1829 5851; x_wconf 78' lang='grc' dir='ltr'>οἰκείως</span> 
     </span>
    </p>
   </div>
   <div class='ocr_carea' id='block_1_107' title="bbox 1940 4594 3507 4671">
    <p class='ocr_par' dir='ltr' id='par_1_107' title="bbox 1940 4594 3507 4671">
     <span class='ocr_line' id='line_1_107' title="bbox 1940 4594 3507 4671; baseline -0.008 -15"><span class='ocrx_word' id='word_1_713' title='bbox 1940 4601 2292 4658; x_wconf 82' lang='lat' dir='ltr'><strong>refutationes</strong></span> <span class='ocrx_word' id='word_1_714' title='bbox 2315 4613 2437 4670; x_wconf 85' lang='lat' dir='ltr'><strong>apte</strong></span> <span class='ocrx_word' id='word_1_715' title='bbox 2464 4616 2802 4671; x_wconf 88' lang='lat' dir='ltr'><strong>opponamus</strong></span> <span class='ocrx_word' id='word_1_716' title='bbox 2825 4617 2839 4666; x_wconf 92' lang='lat'><strong>;</strong></span> <span class='ocrx_word' id='word_1_717' title='bbox 2863 4611 3025 4668; x_wconf 88' lang='lat' dir='ltr'><strong>atque</strong></span> <span class='ocrx_word' id='word_1_718' title='bbox 3059 4598 3132 4652; x_wconf 89' lang='lat' dir='ltr'><strong>ita</strong></span> <span class='ocrx_word' id='word_1_719' title='bbox 3160 4594 3507 4650; x_wconf 78' lang='lat' dir='ltr'><strong>manifestata</strong></span> 
     </span>
    </p>
   </div>
   <div class='ocr_carea' id='block_1_108' title="bbox 1938 4687 3504 4763">
    <p class='ocr_par' dir='ltr' id='par_1_108' title="bbox 1938 4687 3504 4763">
     <span class='ocr_line' id='line_1_108' title="bbox 1938 4687 3504 4763; baseline -0.006 -15"><span class='ocrx_word' id='word_1_720' title='bbox 1938 4694 2188 4748; x_wconf 89' lang='lat' dir='ltr'><strong>omnibus</strong></span> <span class='ocrx_word' id='word_1_721' title='bbox 2232 4693 2471 4763; x_wconf 91' lang='lat' dir='ltr'><strong>ipsorum</strong></span> <span class='ocrx_word' id='word_1_722' title='bbox 2530 4688 2888 4756; x_wconf 85' lang='lat' dir='ltr'><strong>absurditate,</strong></span> <span class='ocrx_word' id='word_1_723' title='bbox 2944 4699 3241 4760; x_wconf 83' lang='lat' dir='ltr'><strong>agnoscant</strong></span> <span class='ocrx_word' id='word_1_724' title='bbox 3294 4687 3504 4742; x_wconf 83' lang='lat' dir='ltr'><strong>cordati</strong></span> 
     </span>
    </p>
   </div>
   <div class='ocr_carea' id='block_1_109' title="bbox 1941 4767 3506 4847">
    <p class='ocr_par' dir='ltr' id='par_1_109' title="bbox 1941 4767 3506 4847">
     <span class='ocr_line' id='line_1_109' title="bbox 1941 4767 3506 4847; baseline -0.007 -9"><span class='ocrx_word' id='word_1_725' title='bbox 1941 4784 2188 4838; x_wconf 86' lang='lat' dir='ltr'><strong>homines</strong></span> <span class='ocrx_word' id='word_1_726' title='bbox 2217 4781 2461 4837; x_wconf 80' lang='lat' dir='ltr'><strong>fraudem</strong></span> <span class='ocrx_word' id='word_1_727' title='bbox 2509 4767 2732 4836; x_wconf 46' lang='lat' dir='ltr'><strong>illorunt‘</strong></span> <span class='ocrx_word' id='word_1_728' title='bbox 2766 4797 2828 4837; x_wconf 87' lang='lat' dir='ltr'><strong>ac</strong></span> <span class='ocrx_word' id='word_1_729' title='bbox 2857 4781 3142 4846; x_wconf 74' lang='lat' dir='ltr'><strong>vilitatem,</strong></span> <span class='ocrx_word' id='word_1_730' title='bbox 3178 4789 3233 4834; x_wconf 87' lang='lat' dir='ltr'><strong>et</strong></span> <span class='ocrx_word' id='word_1_731' title='bbox 3275 4777 3506 4847; x_wconf 69' lang='lat' dir='ltr'><strong>propria:</strong></span> 
     </span>
    </p>
   </div>
   <div class='ocr_carea' id='block_1_110' title="bbox 1942 4869 3536 4943">
    <p class='ocr_par' dir='ltr' id='par_1_110' title="bbox 1942 4869 3536 4943">
     <span class='ocr_line' id='line_1_110' title="bbox 1942 4869 3536 4943; baseline -0.005 -15"><span class='ocrx_word' id='word_1_732' title='bbox 1942 4874 2119 4929; x_wconf 78' lang='lat' dir='ltr'><strong>tutelae</strong></span> <span class='ocrx_word' id='word_1_733' title='bbox 2171 4874 2478 4929; x_wconf 87' lang='lat' dir='ltr'><strong>consulant.</strong></span> <span class='ocrx_word' id='word_1_734' title='bbox 2515 4874 2665 4941; x_wconf 80' lang='lat' dir='ltr'><strong>Quod</strong></span> <span class='ocrx_word' id='word_1_735' title='bbox 2699 4874 2864 4943; x_wconf 82' lang='lat' dir='ltr'><strong>igitur</strong></span> <span class='ocrx_word' id='word_1_736' title='bbox 2913 4873 3097 4927; x_wconf 89' lang='lat' dir='ltr'><strong>stolidi</strong></span> <span class='ocrx_word' id='word_1_737' title='bbox 3127 4887 3203 4926; x_wconf 87' lang='lat' dir='ltr'><strong>ac-</strong></span> <span class='ocrx_word' id='word_1_738' title='bbox 3235 4870 3397 4923; x_wconf 87' lang='lat' dir='ltr'><strong>rudes</strong></span> <span class='ocrx_word' id='word_1_739' title='bbox 3444 4869 3496 4921; x_wconf 91' lang='lat' dir='ltr'><strong>in</strong></span> <span class='ocrx_word' id='word_1_740' title='bbox 3529 4910 3536 4943; x_wconf 51' lang='grc' dir='ltr'><em>ρ</em></span> 
     </span>
    </p>
   </div>
   <div class='ocr_carea' id='block_1_111' title="bbox 1942 4962 3502 5035">
    <p class='ocr_par' dir='ltr' id='par_1_111' title="bbox 1942 4962 3502 5035">
     <span class='ocr_line' id='line_1_111' title="bbox 1942 4962 3502 5035; baseline -0.007 -15"><span class='ocrx_word' id='word_1_741' title='bbox 1942 4967 2024 5021; x_wconf 89' lang='lat' dir='ltr'><strong>bis</strong></span> <span class='ocrx_word' id='word_1_742' title='bbox 2049 4980 2265 5035; x_wconf 91' lang='lat' dir='ltr'><strong>quoque</strong></span> <span class='ocrx_word' id='word_1_743' title='bbox 2298 4975 2484 5020; x_wconf 87' lang='lat' dir='ltr'><strong>errant</strong></span> <span class='ocrx_word' id='word_1_744' title='bbox 2514 4966 2812 5029; x_wconf 75' lang='lat' dir='ltr'><strong>vocabulis,</strong></span> <span class='ocrx_word' id='word_1_745' title='bbox 2861 4963 3200 5033; x_wconf 84' lang='lat' dir='ltr'><strong>indescripli,</strong></span> <span class='ocrx_word' id='word_1_746' title='bbox 3257 4962 3502 5027; x_wconf 89' lang='lat' dir='ltr'><strong>inquam,</strong></span> 
     </span>
    </p>
   </div>
   <div class='ocr_carea' id='block_1_112' title="bbox 1939 5051 3504 5127">
    <p class='ocr_par' dir='ltr' id='par_1_112' title="bbox 1939 5051 3504 5127">
     <span class='ocr_line' id='line_1_112' title="bbox 1939 5051 3504 5127; baseline -0.006 -15"><span class='ocrx_word' id='word_1_747' title='bbox 1939 5068 1994 5112; x_wconf 91' lang='lat' dir='ltr'><strong>et</strong></span> <span class='ocrx_word' id='word_1_748' title='bbox 2049 5057 2750 5127; x_wconf 82' lang='lat' dir='ltr'><strong>incircumscripti,cuique</strong></span> <span class='ocrx_word' id='word_1_749' title='bbox 2801 5056 3141 5124; x_wconf 81' lang='lat' dir='ltr'><strong>exploratqu</strong></span> <span class='ocrx_word' id='word_1_750' title='bbox 3170 5062 3334 5122; x_wconf 83' lang='lat' dir='ltr'><strong>puto;</strong></span> <span class='ocrx_word' id='word_1_751' title='bbox 3378 5051 3504 5103; x_wconf 90' lang='lat' dir='ltr'><strong>dum</strong></span> 
     </span>
    </p>
   </div>
   <div class='ocr_carea' id='block_1_113' title="bbox 1940 5145 3506 5217">
    <p class='ocr_par' dir='ltr' id='par_1_113' title="bbox 1940 5145 3506 5217">
     <span class='ocr_line' id='line_1_113' title="bbox 1940 5145 3506 5217; baseline -0.007 -15"><span class='ocrx_word' id='word_1_752' title='bbox 1940 5148 2006 5202; x_wconf 85' lang='lat' dir='ltr'><strong>ad</strong></span> <span class='ocrx_word' id='word_1_753' title='bbox 2037 5163 2195 5202; x_wconf 88' lang='lat' dir='ltr'><strong>unam</strong></span> <span class='ocrx_word' id='word_1_754' title='bbox 2222 5149 2491 5203; x_wconf 90' lang='lat' dir='ltr'><strong>notionem</strong></span> <span class='ocrx_word' id='word_1_755' title='bbox 2533 5159 2820 5217; x_wconf 84' lang='lat' dir='ltr'><strong>utrumque</strong></span> <span class='ocrx_word' id='word_1_756' title='bbox 2851 5145 3156 5210; x_wconf 78' lang='lat' dir='ltr'><strong>conferunt,</strong></span> <span class='ocrx_word' id='word_1_757' title='bbox 3184 5157 3304 5210; x_wconf 70' lang='lat' dir='ltr'><strong>qua:</strong></span> <span class='ocrx_word' id='word_1_758' title='bbox 3330 5150 3506 5194; x_wconf 87' lang='lat' dir='ltr'><strong>tamen</strong></span> 
     </span>
    </p>
   </div>
   <div class='ocr_carea' id='block_1_114' title="bbox 1942 5233 3505 5307">
    <p class='ocr_par' dir='ltr' id='par_1_114' title="bbox 1942 5233 3505 5307">
     <span class='ocr_line' id='line_1_114' title="bbox 1942 5233 3505 5307; baseline -0.008 -13"><span class='ocrx_word' id='word_1_759' title='bbox 1942 5240 2095 5294; x_wconf 69' lang='lat' dir='ltr'><strong>Valde</strong></span> <span class='ocrx_word' id='word_1_760' title='bbox 2114 5238 2403 5306; x_wconf 70' lang='lat' dir='ltr'><strong>dill‘eruul;</strong></span> <span class='ocrx_word' id='word_1_761' title='bbox 2438 5241 2504 5294; x_wconf 92' lang='lat' dir='ltr'><strong>de</strong></span> <span class='ocrx_word' id='word_1_762' title='bbox 2525 5239 2719 5307; x_wconf 86' lang='lat' dir='ltr'><strong>quibus</strong></span> <span class='ocrx_word' id='word_1_763' title='bbox 2740 5248 2924 5306; x_wconf 87' lang='lat' dir='ltr'><strong>postea</strong></span> <span class='ocrx_word' id='word_1_764' title='bbox 2960 5233 3335 5298; x_wconf 74' lang='lat' dir='ltr'><strong>tractabimus,</strong></span> <span class='ocrx_word' id='word_1_765' title='bbox 3380 5246 3505 5284; x_wconf 91' lang='lat' dir='ltr'><strong>cum</strong></span> 
     </span>
    </p>
   </div>
   <div class='ocr_carea' id='block_1_115' title="bbox 1944 5323 3510 5398">
    <p class='ocr_par' dir='ltr' id='par_1_115' title="bbox 1944 5323 3510 5398">
     <span class='ocr_line' id='line_1_115' title="bbox 1944 5323 3510 5398; baseline -0.006 -14"><span class='ocrx_word' id='word_1_766' title='bbox 1944 5333 2179 5398; x_wconf 88' lang='lat' dir='ltr'><strong>ipsorum</strong></span> <span class='ocrx_word' id='word_1_767' title='bbox 2199 5329 2554 5385; x_wconf 75' lang='lat' dir='ltr'><strong>dill&#39;ereutiam</strong></span> <span class='ocrx_word' id='word_1_768' title='bbox 2575 5339 2629 5384; x_wconf 87' lang='lat' dir='ltr'><strong>et</strong></span> <span class='ocrx_word' id='word_1_769' title='bbox 2646 5328 3057 5398; x_wconf 78' lang='lat' dir='ltr'><strong>signiﬁcativam</strong></span> <span class='ocrx_word' id='word_1_770' title='bbox 3077 5325 3182 5378; x_wconf 89' lang='lat' dir='ltr'><strong>vim</strong></span> <span class='ocrx_word' id='word_1_771' title='bbox 3202 5323 3510 5379; x_wconf 65' lang='lat' dir='ltr'><strong>censiderav</strong></span> 
     </span>
    </p>
   </div>
   <div class='ocr_carea' id='block_1_116' title="bbox 1944 5416 3511 5490">
    <p class='ocr_par' dir='ltr' id='par_1_116' title="bbox 1944 5416 3511 5490">
     <span class='ocr_line' id='line_1_116' title="bbox 1944 5416 3511 5490; baseline -0.008 -15"><span class='ocrx_word' id='word_1_772' title='bbox 1944 5422 2139 5476; x_wconf 88' lang='lat' dir='ltr'><strong>bimus.</strong></span> <span class='ocrx_word' id='word_1_773' title='bbox 2173 5422 2226 5475; x_wconf 91' lang='lat' dir='ltr'><strong>lu</strong></span> <span class='ocrx_word' id='word_1_774' title='bbox 2260 5421 2510 5490; x_wconf 84' lang='lat' dir='ltr'><strong>praesenti</strong></span> <span class='ocrx_word' id='word_1_775' title='bbox 2544 5428 2724 5472; x_wconf 84' lang='lat' dir='ltr'><strong>autem</strong></span> <span class='ocrx_word' id='word_1_776' title='bbox 2753 5427 2941 5472; x_wconf 87' lang='lat' dir='ltr'><strong>contra</strong></span> <span class='ocrx_word' id='word_1_777' title='bbox 2992 5417 3217 5470; x_wconf 81' lang='lat' dir='ltr'><strong>istorum</strong></span> <span class='ocrx_word' id='word_1_778' title='bbox 3251 5416 3511 5483; x_wconf 86' lang='lat' dir='ltr'><strong>ignoran-</strong></span> 
     </span>
    </p>
   </div>
   <div class='ocr_carea' id='block_1_117' title="bbox 1946 5507 3507 5583">
    <p class='ocr_par' dir='ltr' id='par_1_117' title="bbox 1946 5507 3507 5583">
     <span class='ocr_line' id='line_1_117' title="bbox 1946 5507 3507 5583; baseline -0.008 -14"><span class='ocrx_word' id='word_1_779' title='bbox 1946 5516 2072 5569; x_wconf 79' lang='lat' dir='ltr'><strong>liam</strong></span> <span class='ocrx_word' id='word_1_780' title='bbox 2125 5513 2562 5583; x_wconf 87' lang='lat' dir='ltr'><strong>imperitiamque</strong></span> <span class='ocrx_word' id='word_1_781' title='bbox 2600 5510 2851 5574; x_wconf 89' lang='lat' dir='ltr'><strong>accincti,</strong></span> <span class='ocrx_word' id='word_1_782' title='bbox 2885 5509 2950 5562; x_wconf 89' lang='lat' dir='ltr'><strong>ad</strong></span> <span class='ocrx_word' id='word_1_783' title='bbox 2994 5524 3055 5564; x_wconf 88' lang='lat' dir='ltr'><strong>ea</strong></span> <span class='ocrx_word' id='word_1_784' title='bbox 3091 5522 3210 5575; x_wconf 75' lang='lat' dir='ltr'><strong>qua:</strong></span> <span class='ocrx_word' id='word_1_785' title='bbox 3266 5507 3507 5575; x_wconf 88' lang='lat' dir='ltr'><strong>ipsormu</strong></span> 
     </span>
    </p>
   </div>
   <div class='ocr_carea' id='block_1_118' title="bbox 1945 5601 3501 5678">
    <p class='ocr_par' dir='ltr' id='par_1_118' title="bbox 1945 5601 3501 5678">
     <span class='ocr_line' id='line_1_118' title="bbox 1945 5601 3501 5678; baseline -0.007 -18"><span class='ocrx_word' id='word_1_786' title='bbox 1945 5608 2204 5678; x_wconf 75' lang='lat' dir='ltr'><strong>magister</strong></span> <span class='ocrx_word' id='word_1_787' title='bbox 2237 5604 2492 5661; x_wconf 85' lang='lat' dir='ltr'><strong>vocabula</strong></span> <span class='ocrx_word' id='word_1_788' title='bbox 2515 5603 2700 5674; x_wconf 87' lang='lat' dir='ltr'><strong>objicit</strong></span> <span class='ocrx_word' id='word_1_789' title='bbox 2724 5603 2992 5672; x_wconf 88' lang='lat' dir='ltr'><strong>peculiare</strong></span> <span class='ocrx_word' id='word_1_790' title='bbox 3008 5601 3242 5655; x_wconf 88' lang='lat' dir='ltr'><strong>studimn</strong></span> <span class='ocrx_word' id='word_1_791' title='bbox 3259 5605 3501 5654; x_wconf 83' lang='lat' dir='ltr'><strong>nostrum</strong></span> 
     </span>
    </p>
   </div>
   <div class='ocr_carea' id='block_1_119' title="bbox 1944 5689 3506 5766">
    <p class='ocr_par' dir='ltr' id='par_1_119' title="bbox 1944 5689 3506 5766">
     <span class='ocr_line' id='line_1_119' title="bbox 1944 5689 3506 5766; baseline -0.006 -12"><span class='ocrx_word' id='word_1_792' title='bbox 1944 5707 2345 5754; x_wconf 84' lang='lat' dir='ltr'><strong>convertemus.</strong></span> <span class='ocrx_word' id='word_1_793' title='bbox 2382 5695 2549 5750; x_wconf 86' lang='lat' dir='ltr'><strong>Porro</strong></span> <span class='ocrx_word' id='word_1_794' title='bbox 2571 5695 2920 5766; x_wconf 83' lang='lat' dir='ltr'><strong>conspicuum</strong></span> <span class='ocrx_word' id='word_1_795' title='bbox 2945 5694 3067 5758; x_wconf 88' lang='lat' dir='ltr'><strong>erit,</strong></span> <span class='ocrx_word' id='word_1_796' title='bbox 3102 5692 3245 5761; x_wconf 82' lang='lat' dir='ltr'><strong>quod</strong></span> <span class='ocrx_word' id='word_1_797' title='bbox 3289 5690 3331 5745; x_wconf 90' lang='lat' dir='ltr'><strong>si</strong></span> <span class='ocrx_word' id='word_1_798' title='bbox 3366 5689 3506 5757; x_wconf 69' lang='lat' dir='ltr'><strong>eius.</strong></span> 
     </span>
    </p>
   </div>
   <div class='ocr_carea' id='block_1_120' title="bbox 1942 5782 3506 5859">
    <p class='ocr_par' dir='ltr' id='par_1_120' title="bbox 1942 5782 3506 5859">
     <span class='ocr_line' id='line_1_120' title="bbox 1942 5782 3506 5859; baseline -0.004 -17"><span class='ocrx_word' id='word_1_799' title='bbox 1942 5791 2031 5859; x_wconf 85' lang='lat' dir='ltr'><strong>qui</strong></span> <span class='ocrx_word' id='word_1_800' title='bbox 2065 5798 2252 5845; x_wconf 85' lang='lat' dir='ltr'><strong>auctor</strong></span> <span class='ocrx_word' id='word_1_801' title='bbox 2272 5788 2395 5844; x_wconf 92' lang='lat' dir='ltr'><strong>mali</strong></span> <span class='ocrx_word' id='word_1_802' title='bbox 2419 5787 2538 5854; x_wconf 74' lang='lat' dir='ltr'><strong>fuit,</strong></span> <span class='ocrx_word' id='word_1_803' title='bbox 2566 5785 3269 5856; x_wconf 82' lang='lat' dir='ltr'><strong>machinasdisjeccrimus,</strong></span> <span class='ocrx_word' id='word_1_804' title='bbox 3290 5782 3506 5836; x_wconf 85' lang='lat' dir='ltr'><strong>illorum</strong></span> 
     </span>
    </p>
   </div>
  </div>
