3972 6130
468 234 576 299 227

1503 237 1566 298 S.
1608 237 2029 299 NICEPHORI
2069 235 2574 299 PATRIARCHzE
2612 234 2720 295 (ιν.
3638 234 3713 295 ΞΞ

470 360 535 401 ex
565 345 760 418 quibus
806 345 1271 415 imagoconstat,
1305 345 1373 399 ab
1420 345 1657 402 hominis
1708 358 1902 403 natura
1945 364 2049 402 non

2170 347 2434 411 ιλλάκτως
2491 346 2636 417 ἔχειν
2663 345 2732 399 τά
2759 361 2818 398 τε
2848 342 3117 415 χρώματα
3151 344 3245 398 καὶ
3272 344 3371 415 τὴν
3406 344 3579 415 ἄλλην
3609 345 3736 417 ὓλην

474 439 748 493 differant.
783 437 1302 508 Oporteretautem,
1340 438 1639 493 secundum
1688 440 1829 494 idem
1883 440 2054 494 ratio—

474 532 700 595 ciuium,
726 541 784 585 ut
801 546 890 586 res
906 541 1136 601 utraque
1150 529 1395 585 eamdem
1419 531 1639 586 haberet
1662 532 2055 597 deﬁnitionem,

487 633 651 694 atque
679 626 927 678 eamdem
953 630 1272 691 sequeretur
1292 621 1838 676 consubstantialium
1874 623 2059 676 condi-

477 718 717 770 tionem:
751 729 943 785 nempe
975 723 1030 768 ut
1052 715 1212 767 homo
1243 713 1467 767 relative
1498 713 1561 767 ad
1595 713 1758 767 alium
1787 714 2057 768 hominem

476 805 576 859 snb
617 805 861 858 eamdem
909 803 1054 857 cadit
1094 803 1465 858 deﬁnitionem
1493 843 1508 864 ,
1537 805 1607 856 ita
1653 813 1709 857 et
1750 805 1943 871 ligura.
1994 804 2061 858 Et

480 895 736 961 quoniam
777 880 1264 946 homo‘estanimal
1292 893 1580 956 rationale,
1617 894 1864 957 mortale,
1910 909 2061 947 men-

482 987 548 1039 tis
581 995 634 1038 et
661 985 902 1038 scientiae
939 1000 1107 1054 capax
1130 1029 1144 1049 ,
1179 985 1469 1054 imaginem
1505 985 1707 1053 pariter
1741 1000 1873 1053 opus
1923 985 2061 1040 foret

484 1076 751 1131 ratiOnale
784 1076 985 1130 animal
1013 1091 1156 1139 esse,
1192 1076 1437 1136 mortale,
1469 1076 1666 1129 utentis
1709 1076 2062 1144 scicntimque

441 1151 445 1159 ’
479 1184 672 1237 capax,
697 1167 953 1236 nullaque
976 1182 1033 1221 re
1051 1166 1329 1220 dichrens.
1362 1165 1524 1235 Atqui
1546 1166 1660 1220 ﬁeri
1694 1183 1798 1220 nnn
1824 1182 1979 1235 posse
2006 1176 2062 1220 ut

422 1268 427 1273 ‘
480 1260 584 1313 ttlla
614 1259 916 1313 similitudo
963 1268 1131 1313 totam
1189 1258 1522 1312 adamussim
1572 1268 1826 1326 exaequet
1863 1259 2062 1313 verita-

481 1358 610 1408 tem,
641 1346 757 1414 ipsa
806 1346 1008 1400 veritas
1038 1345 1272 1398 alIirmat
1308 1359 1430 1397 cum
1457 1345 1822 1398 summatibus
1850 1345 2061 1399 theolo-

481 1439 562 1504 gis
594 1437 728 1505 (18).
770 1437 882 1491 Ιιιιο
910 1437 1075 1490 etiam
1124 1451 1251 1489 vere
1282 1435 1481 1489 dicitur
1528 1434 1690 1489 homo
1742 1436 1855 1506 ipse
1901 1451 1929 1488 a
1980 1450 2065 1490 se-

494 1538 606 1581 met
635 1526 880 1591 differre,
911 1542 974 1581 ex
999 1526 1229 1581 diversis
1258 1525 1470 1579 naturis
1514 1535 1775 1579 constans
1798 1563 1813 1589 ,
1860 1527 2061 1589 anima,

2159 437 2258 507 τὴν
2284 437 2492 508 ἄψυχον
2522 436 2581 503 ἐξ
2611 429 2686 489 ὧν
2722 436 2754 504 ἡ
2790 433 2953 487 είκὼν
2999 433 3328 505 συνέστηκε,
3357 434 3501 505 πρὸς
3527 435 3627 504 τὴν
3653 436 3739 489 ἀν-

2160 527 2384 596 θρώπου
2421 528 2605 596 φύσιν.
2639 525 2841 597 Ἐχρῆν
2861 524 2941 589 δὲ,
2973 524 3117 578 κατά
3154 525 3246 579 τὸν
3274 512 3524 581 τοιοῧτον
3561 526 3737 594 λόγον,

2160 621 2256 673 καὶ
2279 621 2651 673 ἐπικοινωνεῖν
2677 617 2754 688 τῷ
2778 616 2994 688 ὁρισμῷ
3016 617 3440 689 ἀμφότερα,καὶ
3458 618 3556 673 τὸν
3583 619 3739 673 αὑτὸν

2160 711 2473 775 ἀποσώζειν
2489 712 2647 780 λόγον
2670 709 2780 763 τῶν
2797 711 3104 780 ὁμοουσίων
3128 726 3142 740 ’
3168 704 3281 762 οἷον
3298 707 3495 780 ὥσπερ
3529 709 3743 782 ἄνθρω-

2160 819 2260 866 πος
2319 805 2458 874 πρὸς
2493 800 2782 871 ἄνθρωπον
2839 799 2919 871 τῷ
2952 798 3104 870 αὐτῷ
3153 800 3266 872 ὅρῳ
3317 800 3740 863 ὑποπέπτωκεν,

2161 894 2426 949 οὖτω’καὶ
2457 894 2519 947 τὸ
2543 893 2866 962 ἀπείκασμα
2890 907 2902 919 ·
2931 892 3023 944 καὶ
3051 892 3100 944 εί
3123 893 3151 944 ὁ
3179 891 3471 962 ἄνθρωπος
3502 892 3644 957 ζῶον
3660 892 3745 945 λο·

2161 988 2338 1056 γικδν,
2374 985 2589 1056 θνητὸν,
2614 983 2706 1037 νοῦ
2744 983 2840 1036 καὶ
2874 984 3189 1054 ἐπιστήμης
3213 981 3493 1047 δεκτικὸν,
3529 983 3626 1037 καὶ
3649 990 3748 1055 την

2163 1080 2348 1132 είκόνα
2401 1077 2540 1142 ζῶον
2588 1076 2833 1145 λογικὸν,
2873 1075 3088 1143 θνητὸν,
3139 1074 3232 1127 νοῦ
3278 1074 3373 1128 καὶ
3431 1076 3746 1145 ἐπιστήμης

2161 1169 2411 1223 δεκτικὸν
2459 1168 2722 1230 ὡσαύτως
2780 1163 2943 1228 εἶναι,
3005 1166 3174 1237 μηδὲν
3225 1166 3740 1236 παραλλάσσουσαν.

2175 1258 2315 1315 Ἀλλ’
2342 1261 2439 1329 οὐχ
2458 1254 2569 1313 οἷόν
2588 1273 2649 1312 τε
2670 1258 2775 1312 τῶν
2797 1257 3170 1329 είκαιῖομένων
3191 1257 3347 1310 οὐδὲν
3399 1258 3541 1329 πρὸς
3569 1260 3746 1313 πᾶσαν

2164 1351 2493 1417 ἐξικνεῖσθαι
2542 1350 2800 1418 καθαρῶς
2843 1350 2945 1419 τὴν
2977 1349 3265 1420 ἀλήθειαν,
3310 1349 3342 1420 ἡ
3389 1349 3630 1421 ἀλήθεια
3661 1349 3746 1419 βε-

2165 1446 2329 1502 ϐαιοῖ.
2357 1446 2450 1496 καὶ
2469 1442 2576 1496 τῶν
2604 1440 2870 1510 θεολόγων
2896 1443 2947 1492 οξ
2981 1441 3246 1510 ἔκκριτοι,
3284 1442 3392 1493 Καὶ
3419 1442 3450 1494 ὁ
3479 1441 3587 1511 μὲν
3616 1441 3745 1512 ἀλη-

2166 1534 2264 1605 θὴς
2301 1534 2459 1602 λόγος
2490 1533 2582 1586 καὶ
2613 1533 2706 1586 τὸν
2753 1531 3043 1601 ἄνθρωπον
3099 1531 3264 1584 αὑτὸν
3325 1529 3527 1585 ἑαυτοῦ
3561 1530 3749 1599 διαφέ-

485 1620 732 1689 inquatn,
757 1630 812 1672 et
835 1633 1105 1687 corpore;
1140 1617 1353 1672 etiamsi
1384 1633 1550 1671 unum
1577 1619 1706 1686 quid
1738 1632 1803 1671 ex
1837 1619 1919 1672 his
1966 1633 2063 1671 ex-

2170 1639 2286 1694 ρειν
2314 1618 2474 1687 οἶδεν,
2499 1621 2558 1686 ἐξ
2585 1620 2897 1692 ἑτεροφυῶν
2924 1619 3258 1682 συνεστῶτα,
3284 1620 3464 1696 ψυχῆς
3481 1620 3632 1691 λέγω
3656 1622 3749 1675 καὶ

485 1713 632 1766 sistit
656 1712 817 1765 homo
851 1728 864 1763 :
903 1718 1135 1779 utraque
1166 1710 1311 1763 enim
1348 1724 1433 1763 res
1457 1710 1736 1778 propriam
1768 1708 1937 1765 habet
1978 1711 2065 1764 dc-

2170 1689 2444 1786 σὼματος,
2472 1716 2523 1769 εί
2548 1715 2645 1770 καὶ
2672 1689 2732 1768 ἐν
2760 1689 2813 1766 τι
2845 1715 2909 1767 ἐκ
2953 1713 3160 1767 τούτων
3189 1716 3218 1767 ὁ
3262 1689 3591 1787 ἀνθ-ρωπος·
3620 1715 3748 1769 ἑκά·
3768 1753 3784 1765 .

487 1804 783 1858 ﬁnitionem
810 1819 826 1866 ;
858 1816 1092 1869 namque
1127 1800 1231 1854 alia
1260 1811 1342 1854 est
1374 1796 1574 1854 'animze
1615 1800 1774 1866 ratio,
1809 1800 1911 1854 alia
1945 1808 2066 1854 eor-

488 1896 656 1963 poris,
680 1909 801 1948 cum
826 1891 1153 1948 diii'erentiis
1184 1891 1429 1960 pluribus
1459 1899 1622 1961 atque
1662 1890 2061 1946 accidentibus.

490 1986 693 2041 Sumus
725 1985 922 2054 quippe
960 1998 1060 2037 nos
1086 1984 1394 2052 compositi,
1432 1983 1539 2046 imo
1582 1992 1637 2037 et
1674 1984 1905 2052 oppositi
1954 1991 2065 2037 tum

487 2077 645 2132 nobis
673 2075 805 2145 ipsis
839 2085 949 2129 tum
983 2074 1104 2128 aliis
1142 2074 1376 2130 invicem
1413 2074 1745 2129 hominibus.
1791 2074 2066 2129 Mantonas

488 2179 666 2223 autem
698 2181 765 2221 ne
784 2166 1080 2220 simulacra
1112 2162 1332 2234 quidem
1363 2165 1432 2218 ab
1464 2165 1531 2218 iis
1576 2179 1633 2219 re
1666 2165 1796 2228 ulla,
1834 2179 2063 2234 quorum

488 2257 941 2321 suntsinmhcra,
976 2256 1197 2312 diﬂ‘erre
1218 2258 1466 2326 putabat,
1501 2257 1595 2311 sed
1631 2258 1875 2312 eamdem
1904 2270 2068 2325 atque

488 2348 599 2423 24
625 2349 737 2415 illa,
769 2365 886 2417 qua:
916 2356 1328 2418 repraesentant,
1360 2349 1596 2404 retinere
1630 2359 1875 2403 naturam
1904 2357 2067 2418 atque

491 2440 875 2494 substantiam.
905 2441 1159 2494 Attamen
1186 2439 1277 2509 qui
1310 2438 1429 2493 ﬁeri
1462 2447 1639 2509 potest
1665 2451 1723 2493 ut
1774 2438 1953 2510 imago
1981 2441 2063 2495 di-

491 2541 648 2584 catur
674 2530 755 2583 vel
784 2530 1160 2595 simulacrum,
1192 2530 1296 2584 nisi
1332 2529 1602 2584 diversam
1645 2530 1841 2585 habeat
1880 2546 1910 2586 a
1939 2546 2066 2602 pro-

493 2632 675 2694 tntypn
699 2637 808 2689 suo.
831 2622 1118 2685 naturam?
1150 2622 1230 2678 Ab
1253 2621 1424 2687 omni,
1473 2621 1638 2700 igitur
1695 2623 1921 2679 veritate
1980 2638 2067 2679 se-

493 2714 740 2784 jnngitur
778 2715 866 2768 hic
901 2712 1357 2782 sapientissimus,
1382 2722 1546 2781 atque
1586 2728 1615 2766 a
1648 2728 1828 2768 rerum
1862 2715 2064 2769 intelli-

374 2806 379 2811 ’
492 2805 670 2874 gentia
710 2804 1030 2875 longissime
1073 2802 1379 2859 abest._Eu
1412 2802 1556 2857 aliud
1594 2803 1812 2872 insuper
1851 2805 1994 2873 quod
2034 2819 2063 2858 a

494 2897 649 2952 nobis
681 2898 807 2951 huic
832 2897 937 2950 dici
970 2911 1181 2965 :rquum
1230 2903 1312 2951 est
1338 2913 1353 2950 :
1387 2908 1581 2965 nempe
1608 2897 1807 2961 nescis,
1858 2910 1892 2950 ο
1918 2896 2066 2951 colu-

495 3004 619 3043 men
653 2988 1139 3058 philosophorum,
1190 2998 1243 3043 te
1287 2987 1507 3043 tuismet
1553 2988 1892 3057 argumentis
1925 2989 2066 3043 irre-

492 3080 583 3133 tiri
626 3098 641 3132 :
684 3080 807 3147 quia
842 3079 1011 3144 enim,
1044 3088 1101 3132 ut
1133 3078 1330 3140 tuais,
1367 3079 1888 3134 consubstantialem
1931 3080 2067 3134 inta-

495 3166 674 3234 ginem
704 3176 825 3220 esse
848 3174 1131 3235 prototypo
1161 3174 1404 3235 oportet,
1444 3167 1732 3236 imaginem
1760 3176 1941 3223 autem
1962 3171 2069 3224 cir-

496 3256 884 3325 cumscriptam
934 3271 1057 3312 esse
1080 3267 1137 3311 tu
1172 3272 1386 3327 quoque
1422 3259 1687 3314 concedes
1710 3262 1909 3330 (neque
1930 3262 2070 3330 quis-

497 3363 657 3418 quam
680 3349 815 3403 adeo
840 3348 1095 3414 insaniet,
1122 3360 1179 3402 ut
1204 3350 1306 3404 hoc
1334 3348 1538 3421 neget),
1573 3353 1818 3420 sequitur
1854 3361 1914 3407 ut
1945 3368 2069 3423 pre-

498 3450 740 3512 totypum
788 3455 1042 3511 quoque,
1081 3451 1265 3513 utpote
1305 3445 1801 3511 consubstantiale,
1831 3448 2068 3501 cireum-

484 3533 762 3609 scriptnm
791 3535 882 3587 sit.
909 3533 1044 3587 Nam
1066 3534 1552 3591 consubstantialia
1579 3535 1800 3591 diﬂ‘erre
1827 3538 1966 3593 inter
1988 3553 2066 3602 se,

488 3623 639 3699 quod
670 3624 734 3676 ad
770 3624 1129 3679 substantiam
1158 3627 1387 3693 attinet,
1421 3641 1645 3696 prorsus
1691 3637 1775 3683 est
1820 3629 2072 3698 impossi-

500 3712 604 3766 bile
648 3728 662 3766 :
697 3714 1134 3785 quandoquidem
1177 3722 1232 3769 tu
1275 3730 1493 3785 quoque
1519 3716 1984 3786 circumscriptum
2018 3725 2073 3773 et

394 3823 398 3829 ’
484 3791 1025 3875 incircumscriptum
1079 3805 1132 3860 in
1186 3808 1508 3861 substantias
1572 3807 1781 3862 ratione
1823 3823 2074 3879 compre-

438 3924 451 3944 ι
484 3890 713 3952 luendis.
742 3895 799 3950 Si
831 3913 963 3969 ergo
1016 3898 1159 3969 apud
1202 3906 1256 3955 te
1306 3899 1499 3968 dogma
1534 3900 1782 3965 steterit,
1819 3901 2071 3954 machina

497 4000 587 4044 tua
634 3989 941 4060 disjicitur,
992 3998 1046 4045 et
1093 4000 1412 4062 argumenta
1454 3999 1774 4046 sternuntur
1824 3991 2072 4046 veritatis

496 4079 678 4141 fitnda,
714 4080 992 4149 armisque
1019 4078 1141 4134 aliis
1169 4080 1343 4135 valide
1372 4091 1701 4150 expugnata.
1750 4078 1962 4148 Reapse
1992 4092 2074 4135 ta-

495 4173 624 4223 lium
674 4172 1061 4239 magistrorum
1108 4171 1317 4227 similes
1374 4170 1500 4228 esSe
1540 4176 1820 4245 opportuit
1854 4158 2073 4233 exortes

497 4279 642 4319 nunc
691 4263 1020 4333 discipulos!
1057 4260 1274 4316 Talium
1313 4272 1459 4330 sunt,
1510 4264 1754 4333 inquam,
1817 4280 2072 4322 arvorum

2165 1826 2325 1880 τερον
2353 1808 2463 1879 γὰρ
2489 1809 2580 1861 τὸν
2606 1809 2805 1860 οίκεῖον
2836 1806 2963 1877 ὂρον
2995 1806 3335 1877 ἀποφέρεται
3359 1820 3373 1834 '
3409 1805 3572 1869 ἄλλος
3596 1806 3746 1876 γάρό

2165 1900 2265 1969 τῆς
2292 1899 2470 1970 ψυχῆς
2495 1898 2675 1966 λόγος,
2706 1897 2804 1952 καὶ
2831 1899 2860 1951 ὁ
2890 1898 2984 1951 τοῦ
3029 1897 3283 1967 σώματος
3305 1896 3518 1968 ἕτερος,
3555 1898 3745 1966 διαφο-

2169 1992 2291 2061 ραῖς
2348 1990 2405 2043 δὲ
2454 1991 2549 2043 καὶ
2595 1976 2976 2060 συμϐεϐηκόσι
3030 1989 3268 2045 πλείοσι,
3325 1987 3582 2042 Σύνθετοι
3638 1988 3745 2058 γὰρ

2165 2083 2350 2151 ἡμεῖς,
2381 2080 2518 2134 ἀλλά
2543 2082 2637 2134 καὶ
2659 2079 2929 2134 ἀντίθετοι
2973 2081 3065 2133 καὶ
3093 2080 3313 2143 ἑαυτοῖς
3338 2078 3432 2131 καὶ
3463 2079 3741 2149 ἀλλήλοις.

2178 2173 2236 2225 '0
2266 2172 2324 2225 δὲ
2355 2173 2477 2226 οὐδὲ
2511 2172 2584 2225 τά
2615 2172 3006 2242 ἀπεικάσματα
3043 2171 3187 2225 κατά
3216 2187 3269 2225 τι
3334 2169 3464 2240 γοῦν
3513 2170 3622 2223 τῶν
3662 2163 3737 2223 ὧν

2166 2264 2303 2317 είσιν
2381 2263 2774 2333 ἀπεικάσματα
2849 2257 3261 2331 παραλλάσσειν
3322 2262 3507 2330 ἠγεῖτο
3540 2301 3557 2324 ,
3630 2259 3744 2315 ἀλλ’

2164 2351 2483 2424 ἀκραιφνῶς
2507 2350 2817 2415 ἀποσώζειν
2845 2351 2983 2422 πρὸς
3009 2350 3078 2404 τά
3105 2350 3522 2419 ἁπεικαζόμενα
3536 2349 3598 2403 τὸ
3619 2352 3745 2420 ὁμο·

2167 2445 2300 2515 φυὲς
2339 2443 2435 2497 καί⁸
2466 2442 2752 2514 ὁμοούσιον
2774 2460 2788 2474 ’
2819 2441 2937 2507 πῶς
2961 2443 3007 2496 δ’
3049 2443 3116 2496 ἂν
3138 2442 3219 2496 ἔτι
3258 2443 3427 2496 εἰκὼν
3463 2444 3561 2496 καὶ
3585 2444 3741 2496 ἀπεί-

2166 2554 2354 2607 κασμα
2376 2536 2616 2607 λεχθείη,
2648 2536 2699 2587 εί
2731 2533 2805 2607 μὴ
2833 2535 2896 2587 τὸ
2945 2534 3206 2598 ἀπεοικὸς
3241 2534 3356 2605 ἔχει
3406 2533 3485 2604 τῷ
3518 2535 3744 2605 ἑτεροίῳ

2165 2629 2275 2683 τῶν
2302 2630 2552 2699 φύσεων;
2596 2629 2972 2701 Ἀπέρρηκται
3002 2623 3096 2682 οὖν
3125 2627 3307 2698 πάντη
3343 2627 3443 2696 τῆς
3481 2626 3746 2698 ἀληθείας

2165 2725 2195 2775 ὁ
2220 2721 2551 2791 σοφώτατος,
2589 2721 2683 2772 καὶ
2717 2721 2907 2792 πόρρω
2954 2735 3057 2772 που
3108 2719 3210 2789 τῆς
3258 2718 3369 2772 τῶν
3403 2718 3749 2789 πραγμάτων

2167 2810 2523 2882 καταλήψεως
2547 2809 2972 2873 ἀποπέπτωκεν.
3006 2809 3192 2874 ’Ἄξιον
3219 2809 3278 2862 δὲ
3299 2809 3394 2863 καί¹
3423 2809 3587 2863 τοῦτο
3608 2809 3745 2881 πρὸς

2168 2905 2330 2959 αὐτὸν
2367 2906 2574 2958 εἰπεῖν’
2606 2903 2690 2957 ὅτι
2711 2903 2959 2973 Λέληθας
2995 2902 3221 2956 σεαυτδν
3247 2902 3551 2971 κάνταῦθα,
3583 2897 3632 2958 ὦ
3659 2921 3750 2972 φι-

2167 2980 2533 3068 λοσοφώτατε,
2583 2996 2697 3060 τοῖς
2730 2994 2957 3060 οίκείοις
3001 2996 3351 3067 περιπίπτων
3380 2997 3755 3069 ἐπιχειρήμα-

2170 3109 2255 3146 σιν
2276 3107 2292 3118 ⁶
2314 3089 2504 3161 ἐπειδὴ
2525 3089 2657 3160 γὰρ,
2682 3088 2824 3142 κατὰ
2852 3087 2946 3142 τὸν
2971 3088 3064 3141 σὺν
3092 3086 3274 3156 λόγον,
3293 3086 3588 3159 δμοούσιον
3610 3085 3755 3142 εἶναι

2167 3181 2249 3234 δεῖ
2280 3181 2381 3250 τὴν
2410 3179 2597 3233 εἰκόνα
2629 3176 2710 3248 τῷ
2758 3174 3122 3250 πρωτοτύπῳ,
3152 3180 3186 3247 ἡ
3210 3178 3285 3233 ’δὲ
3317 3177 3484 3232 είκὼν
3527 3179 3614 3232 ὅτι
3657 3197 3756 3233 πεσ-

2170 3272 2448 3347 ριγραπτὴ
2481 3271 2790 3343 συμφήσεις
2821 3271 3040 3334 πάντως
3064 3270 3161 3324 καὶ
3212 3270 3398 3337 αὐτὸς,
3436 3271 3499 3324 ού
3548 3275 3664 3343 γὰρ
3693 3273 3759 3326 ἂν

2170 3364 2312 3421 οὓτω
2346 3363 2542 3435 μανείη
2563 3379 2645 3426 τις
2678 3361 2754 3432 μὴ
2782 3359 2905 3432 οὐχὶ
2932 3360 3110 3424 οὕτως
3153 3360 3298 3431 ἔχειν
3342 3361 3520 3416 ταῦτα
3561 3363 3756 3432 φάναι,
3794 3396 3797 3397 ν

2170 3455 2326 3510 ἔσται
2351 3456 2447 3508 καὶ
2472 3455 2534 3508 τὸ
2563 3455 2920 3525 πρωτότυπον
2938 3453 3315 3523 περιγραπτὺν
3336 3452 3413 3516 ὡς
3437 3453 3754 3523 ὀμοούσιον.

2170 3545 2251 3599 Τά
2279 3546 2387 3615 γὰρ
2424 3541 2682 3615 ὁμοούσια
2713 3541 2991 3613 διαφέρειν
3022 3543 3295 3613 ἀλλήλων,
3322 3544 3449 3597 ὅσον
3491 3544 3638 3598 κατὰ
3666 3546 3758 3597 τὸν

2169 3637 2269 3707 τῆς
2298 3635 2490 3699 οὐσίας
2520 3635 2700 3704 λόγον,
2731 3633 2986 3704 οὐδαμῶς
3009 3629 3123 3688 οἷόν
3145 3634 3207 3687 τέ
3227 3637 3378 3688 ἐστιν
3408 3653 3421 3667 ·
3461 3635 3635 3704 ἡνίκα
3665 3639 3760 3689 καὶ

2171 3727 2335 3791 αὐτὸς
2365 3726 2426 3780 τὸ
2449 3726 2830 3798 περιγραπτὸν
2860 3727 2955 3780 καὶ
2976 3726 3397 3797 ἀπερίγραπτον
3425 3728 3509 3790 είς
3535 3727 3632 3781 τὸν
3660 3729 3761 3797 τῆς

2171 3817 2387 3881 οὐσίαςί
2416 3816 2877 3889 παραλαμϐάνεις
2923 3817 3102 3885 λόγον.
3160 3816 3229 3870 Et
3257 3833 3342 3872 σοι
3379 3814 3474 3873 οὖν
3531 3819 3603 3872 τὰ
3664 3820 3761 3873 τοῦ

2171 3908 2442 3980 δόγματος
2490 3909 2772 3979 στήσεται,
2821 3907 3236 3979 κατέστραπται
3263 3925 3358 3961 σου
3416 3909 3451 3978 ἡ
3512 3908 3760 3979 μηχανὴ,

2171 3998 2271 4052 καὶ
2303 3997 2659 4052 καταλέλυται
2700 3998 2770 4052 τὰ
2813 3998 3198 4069 ὲγχειρήματα
3248 3998 3316 4065 τῇ
3350 3996 3618 4069 σφενδόνῃ
3661 3999 3762 4066 τῆς

2172 4086 2435 4158 ἀληθείας
2470 4088 2710 4150 καὶτοῖς
2750 4085 2937 4148 ὅπλοις
2986 4083 3268 4155 κραταιῶς
3312 4083 3760 4154 ὲκπορθούμενα.

2178 4181 2385 4240 Ὄντως
2405 4177 2513 4231 ἔδει
2537 4176 2798 4231 τοιούτων
2817 4175 3157 4230 διδασκάλων
3205 4173 3485 4240 τοιούτους
3503 4166 3649 4228 εἶναι
3669 4177 3764 4227 καὶ

2174 4269 2300 4331 τοὺς
2333 4266 2429 4321 νῦν
2451 4265 2835 4336 ἀνακύψαντας
2855 4263 3142 4334 φοιτητὰς,
3175 4263 3271 4316 καὶ⁹
3298 4261 3564 4316 τοιούτων
3603 4261 3668 4326 ἐξ
3688 4254 3765 4316 ὧν

499 4356 743 4422 fructus,
774 4367 839 4407 ex
886 4354 1046 4408 malis
1079 4352 1334 4423 pessimi,
1363 4367 1429 4406 ex
1464 4355 1711 4424 turpibus
1750 4356 2066 4424 turpissimi.

2177 4359 2343 4430 ὃμοια
2395 4358 2464 4415 τὰ
2506 4355 2777 4428 γεώργια,
2826 4355 3017 4409 κακῶν
3069 4355 3310 4409 κάκιστα
3363 4354 3462 4407 καὶ
3516 4354 3766 4425 αἰσχρῶν

568 4556 656 4610 17.
693 4555 883 4611 Adhuc
942 4556 995 4611 in
1044 4554 1240 4619 eadem
1287 4564 1487 4618 mente,
1538 4554 1640 4621 vel,
1693 4561 1752 4609 ut
1778 4554 1962 4612 verius
1996 4554 2073 4610 di-

496 4670 640 4720 cam,
663 4654 899 4709 amentia
964 4668 1322 4725 perseverans
1357 4653 1528 4707 dicit:
1563 4668 1581 4703 ι
1622 4649 1695 4707 Ut
1741 4661 1913 4707 totum
1951 4665 2070 4706 ser-

500 4757 696 4813 vetur;
728 4745 929 4814 alioqui
977 4759 1046 4800 ne
1076 4744 1252 4815 imago
1278 4744 1519 4812 quidem.
1560 4762 1580 4796 ι
1634 4741 1691 4796 ld
1737 4756 1954 4812 quoque
2002 4744 2070 4797 ab

498 4840 707 4896 insania
739 4838 857 4908 ejus
894 4847 978 4892 est
1016 4846 1179 4905 atque
1206 4835 1543 4904 stnpiditate.
1584 4832 1716 4886 Nam
1742 4831 1832 4901 qtti
1880 4847 2068 4889 sanam

494 4940 550 4986 et
581 4930 845 5001 integram
869 4935 1107 4981 mentem
1138 4925 1359 4989 habent,
1393 4936 1444 4979 et
1474 4925 1727 4993 loquendi
1788 4923 2072 4979 rectitudi—

498 5036 622 5075 nem
652 5020 910 5084 retinent,
946 5015 1280 5072 contrarium
1313 5015 1494 5082 potius
1521 5014 1722 5079 dicent,
1754 5014 1895 5082 quod
1920 5013 1962 5066 si
1991 5022 2074 5065 Io-

499 5122 609 5163 tum
652 5122 842 5176 nempe
869 5111 1139 5167 servatur,
1170 5102 1312 5157 haud
1339 5099 1453 5170 jam
1485 5101 1661 5170 imago
1689 5107 1791 5165 est,
1818 5098 1916 5155 sed
1945 5099 2075 5154 illud

499 5199 671 5266 ipsum
696 5197 840 5266 quod
875 5194 1139 5264 figuratur
1182 5206 1198 5244 :
1227 5203 1464 5257 namque
1503 5188 1619 5242 bare
1646 5188 1829 5257 specie
1870 5195 2075 5240 tantum

501 5301 607 5342 una
635 5286 935 5353 eademque
965 5298 1051 5337 res
1083 5282 1357 5341 videntur,
1401 5294 1508 5333 non
1537 5276 1786 5347 sbbjecto
1822 5294 1840 5347 :g
1876 5275 2074 5329 Manto-

500 5394 602 5435 uas
629 5388 809 5433 autem
834 5377 1028 5439 credit,
1060 5373 1162 5428 nisi
1193 5373 1370 5443 imago
1403 5370 1639 5425 animata
1675 5370 1746 5423 sit
1774 5378 1829 5423 et
1861 5368 2079 5436 proprio

2178 4448 2434 4518 αἴσχιστα

2253 4541 2339 4605 ιζ’.
2379 4540 2500 4592 Ἔτι
2531 4538 2628 4608 τῆς
2661 4537 2831 4609 αὐτῆς
2865 4535 3101 4601 ἐννοίας,
3156 4534 3191 4606 ἢ
3237 4534 3427 4598 ἀνοίας
3478 4536 3657 4609 εἰπεῖν
3683 4534 3762 4586 διο

2179 4631 2364 4685 καιότε
2375 4647 2488 4699 ρον,
2512 4629 2771 4700 ὲχόμενός
2797 4643 2984 4699 φησιν’
3020 4646 3039 4678 ι
3071 4628 3190 4679 Ἵνα
3214 4626 3275 4679 τὸ
3300 4624 3421 4678 ὅλον
3450 4624 3625 4696 σωθῇ,
3645 4621 3766 4675 ἐπεὶ

2179 4722 2306 4776 οὐδὲ
2333 4721 2516 4775 εἰκών.
2552 4741 2570 4773 ι
2609 4721 2721 4792 Τῆς
2756 4719 2966 4773 ἐκείνου
2994 4718 3167 4772 ταῦτα
3195 4715 3507 4787 παρανοίας
3534 4717 3630 4768 καὶ
3664 4714 3765 4781 τῆς

2178 4813 2510 4886 παχύτητος.
2540 4814 2605 4865 Οί
2634 4814 2742 4882 γὰρ
2776 4813 2907 4880 ὑγιᾶ
2942 4810 3040 4881 τὴν
3070 4810 3243 4881 φρένα
3273 4808 3636 4879 κεκτημένοι,

2181 4908 2370 4976 ἄρτιον
2404 4907 2499 4959 καὶ
2526 4906 2587 4959 τὸ
2613 4906 2671 4957 ὲν
2701 4905 2882 4971 λόγοις
2913 4902 3129 4974 καίριον
3157 4901 3545 4966 διασώζοντες,
3570 4904 3635 4955 ὲκ
3670 4898 3763 4953 τοῦ

2181 4999 2428 5053 ἐναντίου
2460 4998 2697 5069 φήσουσι
2724 4995 2948 5067 μᾶλλον,
2973 4996 3055 5048 ὅτι
3086 4996 3135 5048 εί
3164 4995 3225 5048 τὸ
3253 4994 3377 5047 ὅλον
3407 4994 3763 5052 διασώζεται,

2152 5167 2158 5173 ο
2184 5091 2306 5176 esse
2328 5091 2514 5155 εἰκὼν,
2543 5090 2661 5143 ἀλλ’
2704 5088 2840 5144 αὐτὸ
2873 5088 3052 5143 ἐκεῖνό
3079 5089 3199 5141 ἐστι
3227 5086 3289 5140 τὸ
3329 5086 3761 5163 είκονιςόμενον,

2186 5167 2267 5248 οἷς
2293 5182 2354 5237 τὸ
2388 5183 2587 5236 ταύτὸν
2622 5181 2755 5235 εἴδει
2790 5181 2972 5251 μόνον,
3030 5180 3148 5234 ἀλλ’
3205 5179 3265 5232 οὐ
3299 5178 3378 5248 τῷ
3403 5160 3764 5248 ὑποκειμένῳ

2185 5276 2541 5346 ἐμφαίνεται.
2583 5274 2674 5344 Τῷ
2695 5274 2751 5327 δὲ
2787 5274 3122 5344 ὑπείληπται
3150 5272 3225 5336 ὡς
3261 5274 3310 5324 εἰ
3350 5272 3425 5342 μὴ
3456 5271 3557 5324 καὶ
3597 5269 3767 5339 ἓμύυο

2185 5384 2278 5438 χον
2323 5368 2408 5438 εἴη
2463 5368 2556 5420 καὶ
2610 5365 2988 5435 αὐτοκίνητον,
3030 5365 3126 5419 καὶ
3155 5366 3256 5419 ὅσα
3304 5362 3402 5415 τοῦ
3455 5360 3765 5434 ἀρχετύπου

570 5582 683 5653 (18)
720 5579 1344 5653 lntelligitNicephorus
1376 5560 1787 5653 _Nazianzetttttn
1851 5580 1994 5636 orat,
2027 5568 2066 5623 9.

2170 5569 2268 5624 ll:
2348 5569 2603 5641 Μηδεμία
2649 5568 2815 5623 εἰκὼν
2873 5568 3069 5637 φθάνει
3128 5567 3266 5638 πρὸς
3315 5567 3418 5636 τὴν
3478 5564 3767 5637 ἀληθειαν,

503 5650 850 5719 ηιιηαϊηιαςο
881 5651 1151 5704 veritatem
1178 5650 1498 5720 assequitur.
