3972 6130
201 250 316 314 299

949 249 1580 312 ANTIRRHETICUS
1625 253 1648 312 I
1689 255 1856 314 ADV.
1898 253 2492 316 CONSTANTINUM
2524 256 2738 318 COPR.

3357 273 3447 337 230

201 363 331 418 οὐδὲ
355 358 548 416 είκών.
590 359 659 415 Εἰ
689 360 749 414 δὲ
775 358 950 414 ταῦτα
972 363 1074 414 οὑκ
1095 363 1329 426 εἰκόνος,
1352 364 1627 436 ἀνῄρηται
1652 364 1793 436 αὑτῷ

1913 376 2059 419 motu
2094 367 2339 436 pra-dita,
2362 379 2413 421 et
2438 369 2620 422 omnia
2651 368 2929 440 arzhrtypi
2958 371 3218 428 attributa
3255 375 3456 445 haben,

201 458 231 509 ὁ
261 455 366 525 τῆς
406 452 615 516 είκὸνος
636 451 797 522 λόγος
819 454 1161 508 παντάπασι.
1195 456 1260 508 Τί
1287 453 1380 509 οὖν
1409 458 1663 510 ἐντεῦθεν
1688 477 1701 522 ;
1735 459 1794 511 τὸ

201 545 265 600 ιν
296 545 394 599 καὶ
445 545 667 611 ταύτὸν,
724 547 868 598 κατά
912 546 1111 600 ταύτὸν
1146 549 1241 601 καὶ
1275 547 1335 600 ἓν
1385 546 1524 603 εἶναι
1575 550 1795 603 καὶδύο

204 636 593 707 συμϐήσεται·
633 636 772 690 ἀλλά
821 637 916 689 καὶ
957 637 1208 709 ἀλλήλων
1260 640 1476 703 εἰκόνας
1528 641 1793 712 γνωρίζε-

203 729 338 784 σθαι
377 732 473 783 καὶ
515 729 831 801 ἀρχέτυπα,
879 730 975 784 καὶ¹
1011 731 1198 800 ὅμοιον
1231 733 1410 785 ἐκεῖνο
1463 734 1660 804 τούτῳ,
1700 734 1795 787 καὶ

202 823 448 895 ἔμπαλιν
471 822 633 876 τοῦτο
665 824 883 893 ἐκείνῳ.
915 824 1027 893 Οὑχ
1055 823 1249 896 ὥσπερ
1285 824 1375 878 ἐπί
1409 844 1553 887 tino;
1584 825 1797 898 ἀνθρώο

202 938 339 983 που,
369 919 504 990 φέρε
536 921 738 985 εἰπεῖν,
763 919 924 988 ὁμοία
959 919 1057 989 μὲν
1085 919 1234 989 αὑτῷ
1266 920 1487 988 λέγεται
1517 923 1548 992 ἡ
1579 921 1791 974 ἐκείνου

203 1011 396 1075 εἰκὼν,
423 1011 540 1064 ἀλλ’
568 1011 669 1064 οὑκ
688 1011 898 1071 ἐκεῖνος
931 1011 1122 1078 ὅμοιος
1151 1011 1308 1081 αὐτῇ.
1337 1011 1445 1064 Καὶ
1479 1012 1542 1082 δὴ
1571 1015 1666 1065 καὶ
1699 1014 1792 1064 ἀν-

191 1105 613 1175 ,τιστρέφουσαν
685 1102 784 1172 τὴν
846 1104 1263 1173 ἐνυπάρχουσαν
1327 1104 1514 1166 αὐτοῖς
1585 1103 1790 1173 σχέσιν,

203 1195 409 1264 ἐπίσης
464 1195 560 1247 καὶ
612 1194 1056 1264 ἀπαραλλάκτως
1122 1192 1301 1262 ἔχειν,
1355 1195 1450 1245 καὶ
1505 1193 1794 1262 ἄνθρωπον

205 1287 441 1348 εἰκόνος,
490 1286 565 1356 μὴ
599 1286 682 1338 ὅτι
726 1285 888 1355 μόνον
929 1284 1224 1356 ἀνθρώπου
1273 1286 1457 1338 εἰκόνα
1500 1284 1790 1355 εἰρῆσθαι·

206 1378 304 1429 ἐπὶ
343 1377 556 1440 τούτοις
583 1377 686 1448 ήδη
725 1377 819 1430 καὶ
842 1376 1241 1447 διαπορεῖσθαι,
1273 1378 1533 1446 ὁπότερον
1559 1377 1791 1446 θατέρου

204 1469 384 1524 αἴτιον
412 1463 553 1522 εἶναι
585 1470 675 1521 καὶ
703 1469 995 1539 πρότερον.
1019 1467 1207 1521 Ταῦτα
1237 1468 1293 1521 δὲ
1326 1469 1424 1538 τήν
1457 1469 1669 1531 ἐκείμου
1697 1486 1794 1520 σα-

206 1561 326 1630 φῶς
361 1563 664 1632 παρίστησι
702 1563 940 1614 σύνεσιν.
975 1557 1125 1629 Ἀρα
1154 1563 1264 1632 γάρ
1311 1563 1372 1615 οὑ
1407 1561 1665 1632 κιϐδήλου
1695 1560 1792 1614 καὶ

207 1654 709 1726 παρενηνεγμένης
762 1654 996 1725 φρενὸς,
1047 1653 1116 1706 τὰ
1169 1653 1402 1708 τοιαῦτα
1459 1655 1788 1725 εὑρήματα;

1899 475 1965 511 ne
2000 460 2286 528 imaginem
2320 463 2539 530 quidem
2571 477 2727 530 posse
2766 463 2892 518 dici.
2927 463 3080 534 Quod
3122 467 3166 520 si
3216 466 3319 522 hec
3360 487 3453 526 nou

1894 560 2021 602 sunt
2054 551 2302 621 imaginis
2337 554 2576 622 propria,
2603 556 2779 610 omnis
2813 559 2950 612 ratio
2985 558 3235 628 imaginis
3259 559 3334 616 illi
3371 580 3456 632 pc-

1897 640 1987 692 rit.
2026 639 2164 705 Quid
2193 658 2320 712 ergo
2345 645 2469 697 hinc
2494 647 2782 712 sequitur?
2805 664 2996 719 nempe
3030 661 3085 703 ut
3118 668 3222 706 una
3243 655 3457 709 eadem-

1893 745 1998 798 que
2027 747 2132 796 res,
2160 744 2210 786 et
2241 750 2345 788 una
2391 736 2549 789 simul
2592 737 2659 791 sit
2712 748 2765 792 et
2810 740 2968 794 dum:
3023 741 3132 796 imo
3190 753 3240 797 ιιι
3277 757 3456 798 tnutuo

1896 822 2155 892 imagines
2186 825 2370 880 sintut
2404 830 2739 901 archetypa;
2779 845 2834 886 et
2885 835 2987 888 hoc
3027 835 3123 898 illi,
3174 836 3286 890 illul
3337 837 3456 891 huic

1895 916 2129 969 vicissim
2158 918 2332 972 simile
2362 921 2452 973 sil.
2483 923 2673 988 Aliter,
2701 939 2838 978 esten
2864 926 2934 992 pii
2975 943 3161 992 causa,
3209 945 3354 998 atque
3398 935 3451 981 lu

1894 1006 2111 1060 homine
2159 1012 2449 1078 nsuvenil,
2502 1015 2585 1066 cui
2628 1015 2805 1083 imago
2825 1011 3049 1069 'dicitur
3107 1019 3318 1081 simiis,
3357 1037 3452 1074 ntn

1897 1100 2056 1152 hmno
2084 1101 2326 1171 imagini.
2358 1104 2574 1172 Alioqui
2617 1109 3024 1161 convertibilem
3073 1111 3318 1165 haberent
3363 1112 3452 1163 de-

1895 1192 2319 1245 notuinatiouem
2353 1209 2543 1262 suam;
2592 1197 2662 1251 ita
2691 1207 2748 1250 ut
2785 1215 2936 1268 :rqne
2989 1202 3451 1271 indill'crerterqre

1897 1283 2056 1337 homo
2091 1287 2254 1339 etiam
2277 1287 2550 1357 imaginis,
2579 1299 2630 1343 et
2665 1307 2771 1344 non
2810 1302 3016 1346 tantmn
3082 1295 3258 1385 imagp
3293 1297 3450 1349 inomi-

1897 1374 1979 1426 nis
2015 1375 2291 1430 diceretur
2345 1388 2548 1447 :atque
2603 1381 3058 1448 itadnbitaretnr
3092 1374 3268 1438 utrnin
3293 1387 3450 1438 utrius

1893 1467 2049 1534 origo
2098 1476 2239 1520 esset
2291 1480 2344 1521 et
2381 1473 2728 1527 antecedens.
2783 1473 2907 1528 Huic
2957 1477 3168 1530 scilicet
3214 1477 3449 1531 Mam-mm

1895 1569 2122 1607 acumen
2157 1556 2456 1614 declarant.
2503 1559 2689 1613 Nonne
2715 1563 2856 1615 enim
2909 1563 3076 1618 futilis
3121 1574 3174 1618 ct
3225 1567 3458 1620 alienata:

1897 1647 2099 1700 mentis
2141 1647 2254 1702 haec
2306 1661 2612 1704 commenta
2657 1654 2819 1706 sunt?
2850 1655 3072 1709 Adeone
3124 1656 3214 1710 hic
3274 1657 3456 1710 inscius

138 1747 152 1757 ’
206 1745 490 1800 Τοσοῦτον
515 1747 929 1810 ἀνεπίσκεπτος
959 1747 1058 1816 τῆς
1087 1747 1196 1799 τῶν
1231 1746 1402 1800 ὄντων
1438 1746 1674 1814 φύσεως,
1699 1747 1793 1800 καὶ

1896 1747 2101 1789 natura)
2134 1752 2311 1790 rerum
2343 1753 2454 1804 est,
2500 1750 2554 1795 et
2585 1759 2612 1796 a
2667 1745 2894 1798 veritate
2947 1748 3129 1814 procul
3189 1753 3454 1803 semotus!

201 1841 315 1892 τῶν
348 1837 567 1910 ἀληθῶν
589 1837 806 1909 μακρὰν
826 1837 1186 1908 διῳκισμένος
1206 1837 1594 1900 κινδυνεύσειε,
1618 1838 1794 1890 ταῦτα

203 1931 364 1984 οὐδὲν
394 1931 622 1999 ἄμεινον
650 1924 790 1982 εἶναι
822 1929 932 1982 τῶν
956 1931 1014 1982 ὲν
1044 1932 1155 1991 τοῖς
1184 1929 1599 1996 γυναικωνίτισι
1641 1927 1793 1996 παρά

201 2026 321 2086 τοῖς
365 2021 840 2089 κωθωνιζομένοις
873 2021 1144 2091 γραϊδίοις
1207 2022 1348 2074 κατά
1413 2021 1516 2085 τὰς
1574 2021 1795 2092 μακρὰς

202 2114 428 2184 ὁμιλίας
457 2113 734 2186 ᾀδομένων
767 2111 1220 2184 μυθολογήματα.

281 2301 372 2367 ιη’.
413 2294 501 2359 Ὠς
527 2291 622 2349 οὖν
653 2294 856 2365 ἥκιστα
887 2295 1039 2366 αὑτῷ
1058 2297 1345 2367 εὐσεϐείας
1382 2299 1592 2370 προσῆν
1632 2299 1793 2354 ἔναυ-

207 2400 325 2454 σμα
355 2383 596 2451 πώποτε,
645 2385 768 2438 οὐδὲ
811 2385 1038 2456 λογικῆς
1098 2388 1415 2460 ἐπιστήμης
1461 2387 1565 2442 κᾶν
1618 2389 1792 2461 βραχὺ

202 2474 341 2543 γοῦν
367 2492 419 2526 τι
452 2477 794 2544 περιγέγονε.
830 2475 1003 2528 Πόθεν
1031 2477 1140 2546 γὰρ
1182 2478 1334 2546 αὑτῷ
1375 2479 1548 2532 αἰτίου
1582 2481 1678 2534 καὶ
1703 2483 1791 2533 αἱ·

204 2566 396 2621 τιατοῦ
427 2567 459 2636 ἤ
487 2569 585 2637 τῆς
613 2566 708 2619 τοῦ
739 2567 930 2636 ὁμοίου
964 2571 1325 2639 παραθέσεως
1349 2571 1377 2622 ὁ
1408 2569 1568 2639 λόγος
1591 2571 1792 2624 διασω-

203 2659 461 2728 οήσεται,
504 2657 627 2729 ἢτὸ
683 2659 911 2727 μετέχον
947 2661 1045 2712 καὶ
1098 2660 1485 2730 μετεχόμενον,
1538 2663 1794 2735 ἑτερότης

201 2767 263 2802 τε
330 2750 428 2802 καὶ
487 2750 719 2820 διαφορά
759 2750 1221 2823 ὲπικριθήσεταις
1258 2754 1404 2824 ἆπερ
1453 2755 1544 2808 ὲπί
1592 2773 1651 2808 τε
1693 2756 1789 2809 τοῦ

200 2840 526 2910 ἀρχετύπου
557 2843 650 2894 καὶ
679 2842 780 2911 τῆς
809 2843 1016 2906 εἰκόνος
1047 2843 1290 2910 φυσικῶς
1317 2845 1685 2916 ένθεωρεῖται,
1725 2847 1794 2902 τὰ

205 2936 314 3005 μὲν
334 2933 434 3003 τὴν
459 2934 646 3002 σχέσιν
675 2936 769 2986 καὶ
794 2935 894 3005 τὴν
938 2935 1200 3006 ποιότητα
1237 2937 1336 3007 τὴν
1369 2938 1428 2989 ὲν
1473 2938 1678 3003 αὑτοῖς,
1720 2939 1790 2992 τά

1897 1827 2201 1882 Periculum
2232 1840 2423 1894 est,ut
2477 1835 2590 1886 haec
2657 1835 2826 1913 nihilo
2877 1840 3094 1891 meliora
3144 1841 3268 1906 sint,
3303 1857 3454 1910 quam

1896 1933 2014 1986 qua:
2052 1920 2101 1972 in
2152 1924 2419 1990 gyna‘Ceis
2467 1941 2493 1974 a
2534 1924 2812 1980 bibat-ibus
2848 1931 3041 1986 vetulis
3093 1935 3232 1987 inter
3289 1933 3462 2004 longas

1895 2011 2369 2066 conl‘almlationcs
2422 2016 2606 2075 paeane
2645 2030 2931 2076 canuntur.

1969 2288 2052 2343 l8.
2083 2287 2272 2342 Nullus
2309 2291 2493 2360 itaque
2518 2293 2644 2346 huic
2675 2293 2816 2348 inest
2850 2303 3008 2350 recta:
3036 2295 3308 2364 religionis
3335 2297 3467 2365 igni-

1893 2380 2078 2449 Cnlusi.
2124 2397 2298 2450 neque
2345 2383 2530 2448 logica:
2567 2385 2810 2438 scicntizn
2854 2387 2933 2440 vel
2973 2389 3263 2442 tantillum.
3318 2386 3470 2444 Unde

1893 2470 2034 2522 enim
2077 2470 2124 2524 ei
2167 2487 2327 2524 causa
2363 2483 2414 2525 et
2459 2485 2779 2537 causatmn,
2828 2477 2908 2531 vel
2967 2478 3222 2530 similium
3289 2492 3468 2531 nmina

1894 2562 2230 2630 comparatio
2262 2546 2570 2618 constabit?
2609 2567 2691 2619 vel
2729 2569 3057 2636 participans
3096 2578 3147 2620 et
3187 2570 3471 2638 participa-

1896 2663 2030 2719 tum,
2057 2655 2142 2707 vel
2174 2655 2462 2709 diversitas
2497 2668 2550 2710 et
2581 2657 2885 2712 dill‘crcntia
2915 2659 3332 2728 dijudicabitur‘l
3354 2677 3471 2728 qua:

1893 2745 2110 2812 quidem
2133 2747 2183 2799 in
2210 2749 2506 2818 archetypo
2533 2759 2589 2802 et
2634 2751 2866 2818 imagine
2907 2752 3231 2804 naturaliter
3260 2756 3472 2816 conspi-

1893 2837 2130 2910 ciuntur,
2160 2839 2356 2906 partim
2403 2841 2723 2893 relationem
2759 2841 2977 2894 illorum
3025 2852 3078 2895 et
3130 2843 3466 2910 qualitatem,

1893 2928 2088 2996 partim
2123 2930 2348 2999 sobjecti
2382 2931 2749 2986 diversitatem
2778 2933 2931 2986 nobis
2956 2934 3354 2989 describentia?
3378 2935 3414 2989 ll
3442 2952 3471 2988 c

199 3021 262 3077 ὃὲ
285 3023 350 3076 τὸ
379 3025 622 3093 ἑτεροῖον
659 3023 756 3076 τοῦ
795 3025 1165 3094 ὑποκειμένου
1209 3025 1341 3095 ἡμῖν
1377 3026 1786 3098 ὑπογράφοντα.

1895 3031 2072 3074 autem
2124 3021 2265 3076 idem
2325 3022 2826 3091 atqueindiﬂ'erens
2894 3027 2945 3079 in
3002 3036 3233 3096 utroque
3267 3043 3470 3096 ponens

203 3109 386 3178 οὗτος
429 3115 487 3168 δὲ
523 3115 585 3167 τὸ
624 3115 822 3168 ταύτὸν
865 3115 960 3168 καὶ
993 3116 1416 3186 ἀπαράλλακτον
1463 3119 1549 3172 ἐπ’
1584 3121 1789 3190 ἀμφοῖν

203 3209 523 3278 τιθέμενος,
558 3209 756 3280 ἀγνοίᾳ
781 3208 882 3277 τῆς
914 3209 1024 3262 τῶν
1057 3208 1228 3263 ὄντων
1274 3210 1638 3282 ἐπισκέψεως,
1697 3199 1803 3265 τὸν

205 3297 307 3367 τῆς
333 3297 544 3360 είκόνος
583 3297 741 3362 λόγον
796 3297 1109 3368 ὁλοτρόπως
1163 3299 1395 3365 ἀνεῖλεν,
1451 3303 1586 3373 ὅπερ
1640 3303 1791 3359 ἐστὶν

205 3388 498 3444 ἀδύνατον.
549 3389 707 3442 Οὕτω
739 3389 850 3460 γάρ
877 3392 974 3443 καὶ
1024 3390 1134 3443 τῶν
1167 3394 1512 3463 πραγμάτων
1549 3396 1581 3465 ή
1617 3387 1788 3463 φύσις

138 3515 144 3526 ι
206 3480 365 3552 αὑτῷ
398 3483 911 3553 Μρακεχάρακται.
952 3481 1094 3534 Ἀλλ’
1121 3481 1272 3537 ἔοικα
1305 3487 1369 3556 τῇ
1412 3487 1549 3558 αὑτῇ
1595 3488 1791 3559 ἐκείνῳ

205 3569 545 3641 ἀπαιδευσίᾳ
576 3570 1142 3642 συμπεριηνεγμένος,
1174 3571 1266 3625 τὸν
1291 3574 1372 3635 είς
1413 3575 1636 3644 μνήμην
1663 3575 1790 3628 τού-

207 3678 320 3714 των
348 3661 452 3714 οὑκ
474 3660 779 3732 ἀφιγμένον
807 3661 1032 3716 πώποτε
1059 3661 1517 3734 καταιτιώμενος.
1563 3665 1790 3737 Δόξαιμι

206 3750 318 3822 γάρ
341 3749 410 3805 ἂν
441 3751 636 3804 ταύτόν
667 3767 720 3804 τι
746 3755 942 3815 ποιεῖν,
967 3751 1044 3816 ὡς
1065 3751 1118 3804 εί
1141 3769 1228 3815 τις
1247 3752 1340 3805 τὸν
1365 3753 1608 3825 γεωργὸν
1635 3757 1668 3826 ἢ
1698 3757 1790 3811 τὸν

208 3843 507 3914 βάναυσον,
539 3843 616 3914 τῷ
655 3844 975 3916 θεωρητικῷ
1013 3843 1315 3898 διευθύνειν
1359 3847 1689 3920 ἐπιχειροίη.
1725 3850 1790 3902 Τί

205 3934 318 4004 γὰρ
345 3933 430 3986 δεῖ
447 3933 539 3985 τὸν
573 3933 900 4005 ἀνδροφόνον
960 3934 1055 3987 καὶ
1106 3935 1344 4005 ἄμουσον
1398 3934 1645 4005 λογικαῖς
1692 3939 1791 4008 ἐφ-

205 4025 353 4088 όδοις
387 4025 869 4096 μετέρχεσθαι,τὸν
889 4025 1115 4096 αἴμασιν
1133 4026 1491 4098 ἀνθρωπείαις
1509 4029 1601 4082 καὶ
1619 4029 1792 4084 ταῦτα

205 4117 556 4193 Χριστιανῶν
589 4116 870 4188 χαίροντα,
900 4117 1025 4170 κυσί
1055 4134 1112 4170 τε
1145 4119 1240 4172 καὶ
1288 4119 1441 4172 συσὶν
1485 4120 1793 4189 ἐπαγαλλό-

209 4225 398 4278 μενον,
422 4203 502 4270 οἷς
534 4208 598 4260 τὺ
628 4207 794 4263 πλέον
813 4208 916 4279 τῆς
936 4208 1085 4279 ζωῆς
1131 4208 1491 4280 χαριζόμενος
1533 4210 1788 4282 ἔνειμεν;

203 4299 333 4353 ὃθεν
365 4299 518 4370 αὑτῷ
551 4300 584 4370 ή
617 4299 816 4372 μελέτη
845 4299 954 4354 τῶν
989 4299 1279 4372 δογμάτων
1311 4301 1637 4372 ἐξήρτηται,
1693 4302 1792 4355 καὶ

207 4391 306 4462 τῆς
339 4390 544 4462 πολλῆς
571 4392 884 4463 ἐπιστήμης
929 4390 1018 4445 διὰ
1050 4391 1150 4462 τῆς
1175 4391 1284 4446 τῶν
1321 4391 1582 4446 τοιούτων
1609 4393 1791 4464 ἀσκή-

207 4499 351 4545 σεως
385 4482 842 4554 συναγήγερταιή
867 4481 1194 4554 κατάληψις.
1235 4484 1445 4554 Ἐῶμεν
1473 4479 1646 4537 τᾶλλα
1696 4483 1793 4538 τοῦ

209 4575 332 4645 βίου
356 4574 539 4642 λέγειν
557 4573 627 4628 τά
648 4574 765 4642 νῦν,
787 4574 822 4629 ἃ
849 4577 943 4629 καὶ
969 4574 1154 4643 λέγειν
1175 4577 1422 4646 αἰσχρὸν,
1451 4577 1545 4629 καὶ
1570 4575 1796 4630 ἀκούειν

185 4665 485 4734 -λεγόντων
508 4665 861 4736 αίσχρότερόν
886 4682 947 4719 τε
973 4666 1069 4720 καὶ
1098 4666 1260 4737 βλαὸε
1271 4667 1530 4738 ρὼτερον.
1559 4667 1654 4730 Τίς
1685 4667 1794 4737 γάρ

209 4758 282 4812 ἃν
311 4757 417 4812 ίδοι
437 4755 727 4829 ἄνθρωπον
750 4757 1160 4827 κυνηλατοῦντα
1212 4759 1306 4812 καὶ
1350 4758 1494 4810 συῶν
1545 4757 1641 4810 καὶ
1675 4757 1795 4811 ὲλά-

210 4863 335 4915 φων
373 4845 496 4915 ἴχνη
547 4846 676 4898 κυσὶ
709 4846 802 4899 καὶ
835 4845 1032 4917 θηρσὶν
1059 4844 1322 4909 ὡσαύτως
1370 4844 1793 4918 περιαθροῦντα,

211 4939 314 4992 καὶ
346 4937 449 5008 τῆς
475 4937 640 5008 φίλης
674 4938 898 5002 ἱππείας
926 4938 998 5002 ὡς
1032 4938 1260 5011 ἡδίστης
1285 4937 1794 5009 περιαληλιμμὲνον

208 5033 314 5086 καὶ
341 5032 686 5102 δεδευμένον,
715 5033 811 5087 καὶ
840 5032 916 5096 ὡς
940 5031 1174 5095 εὐώδους
1225 5031 1400 5103 μύρου
1427 5031 1797 5101 ἀντειλημμέ-

204 5141 329 5185 νον,
358 5126 475 5186 τοῖς
499 5122 724 5192 ὑψηλοῖς
746 5123 846 5195 τῆς
876 5123 1161 5187 εὐσεϐείας
1191 5123 1450 5193 ἀσφαλῶς
1501 5125 1593 5176 καὶ
1627 5123 1795 5191 ὑγιῶς

207 5214 625 5288 προσϐαίνοντα
681 5215 946 5286 δόγμασι;
992 5213 1150 5286 Ῥᾷον
1194 5216 1302 5286 γὰρ
1347 5216 1410 5269 ἀν
1442 5232 1525 5278 τις
1583 5215 1797 5268 ἀκούων

205 5309 441 5374 οῐσειεν,
471 5309 532 5360 ὲν
567 5307 730 5381 κώπῃ
766 5306 867 5378 τὴν
911 5307 1217 5378 κεραμείαν
1253 5307 1286 5378 ἢ
1333 5307 1627 5376 γεωργίαν,
1663 5306 1799 5360 ἀλλά

210 5402 296 5473 μὴ
325 5401 428 5472 τὴν
455 5399 736 5454 ναυτιλίαν
765 5399 891 5452 τινὰ
931 5397 1371 5459 ὲκπαιδεύεσθαι.
1409 5399 1501 5450 καὶ
1552 5397 1798 5467 θωρακο-

209 5491 499 5563 φοροῦντα
528 5489 883 5544 θαλαττεύειν
915 5489 1118 5559 μᾶλλον
1148 5489 1247 5558 οὑχ
1281 5487 1609 5550 ὁπλιτεύειν,
1643 5487 1675 5556 ἢ
1709 5486 1798 5541 τὸν

205 5587 275 5637 ἐν
309 5583 520 5655 κοπρίᾳ
546 5582 1015 5653 καὶαίσχρότησιν
1046 5581 1307 5652 ἀρρήτοις
1337 5579 1797 5650 ὲμμολυνόμενον,

209 5674 315 5730 καὶ
348 5675 513 5747 χερσὶ
564 5673 1047 5748 καθῃμαγμέναις,
1095 5674 1189 5728 καὶ
1230 5671 1513 5742 ἀκολάστῳ
1553 5671 1796 5743 γλώσσῃ,

1893 3109 2114 3179 (quippe
2154 3126 2243 3167 res
2278 3114 2656 3169 considerandi
2710 3115 2950 3186 ignarus)
3003 3126 3166 3170 totam
3220 3119 3470 3188 imaginis

1893 3204 2156 3256 rationem
2214 3205 2464 3270 sustulit,
2521 3209 2664 3275 quod
2717 3222 2941 3276 prorsus
2989 3208 3102 3262 lieri
3146 3211 3349 3277 nequit.
3381 3209 3467 3260 Sin

1891 3294 2035 3347 enim
2075 3311 2252 3349 rermn
2279 3311 2496 3366 quoque
2547 3308 2739 3351 natura
2796 3301 2864 3353 ab
2894 3315 2958 3354 eo
2990 3299 3318 3354 aboleretur.
3362 3301 3462 3354 Sed

1886 3381 1996 3450 jam
2029 3384 2160 3438 mihi
2199 3385 2385 3440 videor
2418 3389 2469 3440 iu
2502 3387 2689 3440 eadem
2733 3401 2796 3442 ac
2833 3389 2948 3456 ipse
2983 3390 3195 3444 inscitia
3226 3391 3422 3444 versari
3447 3431 3460 3452 ,

1892 3475 2018 3528 dum
2045 3490 2168 3529 eum
2196 3476 2536 3546 reprehendo
2562 3478 2654 3548 qui
2684 3479 2882 3532 nullam
2910 3496 3141 3550 unquam
3171 3496 3349 3535 rerum
3379 3483 3464 3535 ha-

1893 3580 2012 3619 rum
2045 3568 2290 3621 notitiam
2317 3569 2526 3624 habuit.
2568 3569 2778 3624 Credar
2806 3573 2950 3624 enim
2986 3574 3125 3626 idem
3171 3574 3369 3638 facere,
3405 3590 3464 3627 ac

1894 3655 1938 3709 si
1958 3657 2079 3724 quis
2107 3657 2400 3728 agricolam
2421 3668 2515 3713 aut
2541 3659 2778 3724 bajulum
2809 3662 3140 3730 speculativa
3177 3663 3459 3730 disciplena

1893 3746 2021 3800 velit
2047 3745 2360 3802 informare.
2399 3749 3017 3813 Quidenimmatnmonm
3054 3764 3287 3806 cruento
3325 3754 3466 3805 rudi-

1892 3852 1998 3906 que
2021 3837 2225 3892 homini
2251 3854 2373 3893 cum
2407 3839 2598 3908 logicis
2643 3839 2988 3896 facultatibus
3029 3843 3227 3912 πρεπῆ
3263 3845 3370 3896 sit?
3419 3845 3462 3899 ei

1893 3943 2083 3996 nempe
2107 3930 2197 3997 qui
2227 3929 2482 3994 humano,
2514 3941 2565 3984 et
2595 3931 2812 3999 quidem
2839 3932 3299 3997 Christumormn,
3340 3950 3463 3986 san-

1892 4019 2050 4087 guine
2076 4018 2182 4090 25
2210 4021 2422 4090 gaudet,
2459 4022 2686 4074 canibus
2713 4023 2966 4092 aprisqne
2999 4025 3316 4088 delectatur,
3353 4028 3464 4094 qui-

1892 4111 1996 4174 bus
2017 4110 2303 4180 plurimam
2329 4113 2452 4166 vita:
2490 4128 2600 4166 sua:
2639 4125 2842 4182 partem
2903 4117 3201 4182 tmpentlit;
3248 4118 3385 4170 unde
3423 4119 3462 4171 is

1893 4203 2142 4258 videlicet
2169 4204 2577 4259 meditationem
2602 4208 2908 4275 dogmatuut
2939 4208 3158 4271 didicit,
3189 4210 3465 4279 tuulttl'que

1892 4292 2129 4346 scientize
2155 4294 2222 4346 ab
2257 4293 2623 4362 hujuscemodi
2653 4296 2928 4349 exercitiis
2954 4312 3219 4349 summam
3241 4298 3463 4369 collegit.

1824 4387 1868 4441 D
1894 4383 2170 4439 Mittamus
2218 4400 2361 4439 nunc
2415 4385 2676 4455 reliquam
2711 4391 2873 4440 vitam
2920 4387 3120 4451 dicere,
3152 4405 3310 4458 quam
3350 4407 3466 4443 nar-

1896 4491 2018 4532 rare
2047 4486 2204 4547 turpe
2243 4486 2350 4543 est,
2387 4478 2575 4532 audire
2621 4489 2802 4533 autem
2862 4493 3135 4534 narratam
3171 4485 3382 4552 turpius
3409 4501 3468 4536 ac

1895 4569 2276 4638 perniciosius.
2311 4567 2445 4623 Nam
2481 4571 2602 4637 quis
2627 4587 2863 4640 unquam
2901 4573 3031 4625 vidit
3068 4575 3337 4627 ltom‘ncm
3386 4592 3469 4627 re-

1898 4669 2165 4726 natorem,
2199 4677 2456 4730 aprorum
2485 4677 2878 4732 cervorumque
2910 4666 3154 4734 vestigia,
3189 4683 3283 4719 ceu
3311 4683 3469 4722 canes

1897 4746 2132 4818 feraeque
2165 4751 2367 4816 solent,
2399 4760 2841 4819 persequentem,
2870 4754 3066 4807 dilecto
3096 4755 3468 4820 agilattdorum

1897 4855 2156 4910 equorum
2186 4842 2362 4894 studio
2386 4841 2627 4896 deditum
2662 4852 2715 4896 et
2749 4843 3096 4908 devinctum,
3144 4845 3302 4912 idque
3351 4863 3471 4899 sua-

1898 4933 2103 4988 vissimi
2146 4935 2406 5004 unguenti
2441 4933 2559 4989 loco
2587 4934 2898 5000 habentem,
2923 4937 3245 4990 sublimibus
3273 4939 3472 5004 parit-r

1901 5024 2179 5094 religionis
2213 5025 2556 5095 dogmatibus
2599 5034 2716 5079 tuto
2748 5041 2810 5080 ac
2837 5029 3131 5081 salubriter
3189 5044 3246 5081 se
3297 5028 3472 5080 immi-

1899 5115 2167 5170 scentem?
2184 5115 2420 5171 Facilius
2448 5118 2715 5186 quispiam
2743 5118 2947 5182 credet,
2981 5117 3048 5170 ab
3067 5132 3130 5170 eo
3151 5118 3240 5186 qui
3270 5133 3473 5172 remum

1901 5217 2045 5262 tenet
2075 5208 2312 5278 liglinam
2344 5219 2436 5263 aut
2478 5209 2862 5279 agriculturam
2899 5224 2998 5278 pro
3041 5226 3095 5261 re
3131 5209 3345 5261 ttattlica
3382 5219 3476 5260 «ιο-

1901 5299 2037 5365 ccri,
2067 5300 2148 5354 vel
2185 5300 2472 5355 loricatam
2499 5302 2767 5355 hominem
2807 5301 3171 5371 navigationis
3208 5300 3323 5351 lucu
3377 5302 3476 5353 mi-

1903 5393 2030 5446 litia:
2052 5392 2266 5456 addici;
2297 5406 2458 5461 quam
2495 5393 2766 5446 hominem
2823 5401 3065 5445 stercore
3125 5389 3479 5460 nefandisque

1907 5484 2332 5554 turpitudinibus
2349 5484 2707 5550 sordidatum,
2731 5483 2982 5537 manibus
3009 5484 3438 5553 sanguinolentis
3458 5522 3476 5548 ,

1903 5578 2080 5648 lingua
2119 5578 2536 5644 intemperante,
2569 5577 2916 5645 marcidaque
2948 5586 3150 5640 mente,
3183 5576 3358 5629 divina
3384 5578 3480 5628 dou

1903 5679 2080 5740 ginata
2108 5667 2396 5738 attingere,
2440 5665 2639 5738 Deique
2663 5670 2918 5740 mysteria
2948 5668 3150 5739 eloqui,
3177 5686 3292 5740 quae
3321 5683 3480 5751 mu»-
