3972 6130
412 265 514 329 24Ἱ

1436 283 1494 341 S.
1539 283 1957 345 NICEPHORI
1997 288 2501 352 PATRIARCHE
2541 295 2648 354 CP.

3559 297 3668 360 248

411 383 590 447 initio,
621 391 674 437 et
707 382 1011 452 invisibilis,
1042 385 1402 458 intangibilis,
1432 389 1634 460 absque
1658 392 1764 446 ulla
1796 393 1981 463 figura,

2094 417 2154 451 τε
2183 404 2277 452 καὶ
2314 403 2748 474 ἀσχημὰτιστον,
2783 406 2877 458 καὶ
2911 406 3010 459 ὅσα
3048 407 3172 477 περὶ
3208 407 3299 461 τὸν
3333 407 3510 476 Λόγον
3548 412 3665 464 ἐστὶ

411 486 466 529 et
499 489 835 544 quacunque
889 478 996 530 alia
1034 479 1087 531 in
1122 478 1298 534 Verbo
1349 483 1816 552 contemplamur?
1845 500 1984 554 pra:-

411 566 598 620 sertim
632 564 763 633 quia
798 568 912 622 haec
945 569 1177 624 invicem
1205 571 1646 640 subsequuntur:
1685 591 1807 629 nam
1844 579 1985 645 quod

413 665 497 710 est
557 658 1114 728 iucircumscriptum,
1171 660 1312 717 idem
1362 672 1446 718 est
1500 665 1797 734 invisibile;
1845 669 1987 738 quod

411 747 707 812 invisibile,
728 749 869 804 idem
905 750 1171 806 infinitum
1195 770 1210 819 ;
1235 752 1339 808 hoc
1375 767 1556 808 autem
1577 750 1986 827 incomprehen-

411 839 572 894 sibile
590 842 751 894 etiam
773 853 875 897 εει.
900 840 1034 896 Tum
1062 844 1204 912 quod
1229 855 1309 899 est
1334 846 1688 914 impassibile,
1727 849 1880 904 idem
1901 851 1986 904 in-

413 931 798 1001 corruptibile;
830 935 972 1001 quod
1006 933 1440 1005 incorruptibile,
1474 937 1614 991 idem
1641 937 1983 1007 immortale;

412 1022 555 1089 quod
600 1023 928 1088 immortale,
961 1027 1350 1094 sempiternum
1382 1042 1598 1099 quoque
1628 1039 1732 1095 est,
1755 1029 1987 1099 ideoque

412 1113 518 1167 line
567 1127 780 1169 carens.
817 1114 913 1168 Sic
964 1115 1146 1185 itaque
1179 1132 1240 1172 se
1271 1118 1490 1173 habebit
1539 1121 1701 1174 etiam
1751 1135 1899 1186 caro,
1929 1131 1987 1176 ut

409 1214 663 1275 tanquam
712 1209 999 1276 congenita
1033 1210 1212 1265 Verbo
1258 1220 1313 1266 et
1349 1213 1782 1270 substantialiter
1838 1231 1986 1271 com-

411 1310 590 1364 pacta,
629 1308 794 1368 atque
824 1315 1016 1355 omnes
1047 1303 1410 1371 proprietates
1442 1305 1652 1377 adepta,
1687 1321 1754 1361 ex
1791 1309 1988 1377 quibus

409 1392 571 1450 Verbi
623 1397 928 1452 substantia
985 1401 1347 1470 dignoscitur,
1396 1403 1563 1456 etiam
1627 1405 1985 1458 consubstan-

413 1485 556 1541 tialis
585 1487 663 1542 illi
694 1491 908 1544 evadat.
941 1489 1054 1546 imo
1079 1531 1094 1557 ,
1123 1491 1167 1546 si
1215 1507 1312 1546 nos
1340 1501 1552 1562 oportet
1583 1494 1982 1564 rationabilius,

409 1577 688 1632 vobiscum
743 1580 1182 1648 congredientes,
1242 1583 1461 1649 dicere,
1517 1585 1779 1652 quoniam
1832 1601 1983 1651 caro,

408 1686 476 1725 ex
531 1673 802 1726 sententia
847 1683 1050 1739 vestra,
1085 1675 1570 1732 consubstantialis
1632 1676 1810 1733 Verbo
1857 1679 1983 1744 data

2092 491 2446 561 θεωρούμενα
2471 510 2483 558 ;
2505 495 2628 546 ἐπεὶ
2657 494 2748 547 καὶ
2769 495 2962 549 ἕπεται
2993 498 3068 561 ὡς
3091 499 3159 552 τὰ
3180 500 3350 553 πολλὰ
3372 501 3626 569 ἀλλήλοις
3650 517 3664 531 ·

2088 579 2150 632 τὸ
2187 582 2296 651 γὰρ
2325 583 2762 655 ἀπερίγραπτον,
2789 590 2880 642 καὶ
2911 589 3143 660 ἀόρατον
3165 605 3179 620 ⁸
3215 591 3276 644 τὸ
3306 589 3363 645 δὲ
3396 593 3663 668 ἀόρατον,

2089 672 2184 725 καί
2217 672 2469 748 ἀόριστον
2493 691 2506 704 ·
2532 675 2692 728 τοῦτο
2719 677 2798 741 δὲ,
2835 679 3079 748 ἄληπτον
3100 697 3116 711 ο
3143 681 3202 733 τὸ
3232 681 3290 734 δὲ
3339 683 3436 735 καὶ
3457 683 3669 746 ἀπαθὲς

2089 764 2184 816 καὶ
2233 764 2510 834 ἄφθαρτον
2531 783 2546 798 ο
2579 767 2639 818 τὸ
2673 767 2730 820 δὲ
2757 767 3058 839 ἄφθαρτον,
3103 773 3198 824 καὶ
3245 771 3518 826 ἀθάνατον
3543 788 3557 800 ·
3603 774 3668 826 τὸ

2086 852 2142 904 δὲ
2174 853 2467 920 ἀθάνατον,
2499 857 2589 909 καὶ
2620 858 2813 920 ἀΐδιον,
2837 859 3010 930 ταύτῃ
3037 877 3121 913 τοι
3151 862 3243 914 καὶ
3273 863 3666 931 ἀτελεύτητον.

2090 946 2286 998 Ἔσται
2311 946 2367 999 δὲ
2396 947 2567 1000 ταῦτα
2593 949 2691 1002 καὶ
2723 951 2754 1020 ἡ
2782 950 2941 1022 σὰρξ,
2965 953 3051 1004 ἵνα
3077 953 3328 1024 καθάπερ
3351 958 3669 1023 συμφυεῖσα

2085 1034 2164 1102 τῷ
2185 1035 2343 1106 Λόγῳ
2369 1038 2462 1089 καὶ
2491 1040 2942 1104 συνουσιωθεῖσα,
2970 1043 3065 1096 καὶ
3095 1045 3273 1098 πάντα
3298 1045 3368 1097 τὰ
3393 1045 3667 1114 ἰδιώματα

2087 1128 2336 1194 φυσικῶς
2381 1130 2955 1202 κατακληρωσαμένη,
2988 1135 3048 1200 ἐξ
3086 1129 3160 1189 ὧν
3191 1137 3360 1197 αὑτοῦ
3414 1139 3449 1208 ἡ
3504 1137 3668 1190 οὐσία

2085 1219 2577 1290 χαρακτηρίζεται,
2608 1223 2703 1276 καὶ
2724 1224 3014 1293 όμοούσιος
3040 1226 3190 1297 αὐτῷ
3215 1227 3322 1295 εἰη.
3349 1229 3530 1280 Καὶεί
3552 1229 3663 1298 χρὴ

2085 1311 2452 1383 λογικώτερον
2489 1314 2619 1382 ὑμῖν
2681 1317 3107 1386 συμπλακέντας
3149 1320 3356 1380 εἰπεῖν,
3395 1319 3482 1371 ὅτι
3511 1320 3668 1371 ἐπει-

2085 1402 2152 1470 δὴ
2173 1403 2459 1473 όμοούσιος
2499 1407 2531 1475 ἠ
2571 1405 2730 1474 σὰρξ,
2761 1408 2885 1461 καθ’
2922 1410 3089 1479 ὑμᾶς,
3123 1409 3200 1478 τῷ
3240 1411 3400 1479 Λόγῳ
3425 1409 3665 1478 δέδοται,

2085 1498 2113 1550 6
2143 1497 2199 1550 δὲ
2232 1498 2407 1566 Λόγος
2437 1499 2514 1569 τῷ
2543 1501 2722 1571 Πατρὶ
2750 1503 3058 1571 όμοούσιος,
3101 1505 3240 1558 ἐστω
3270 1505 3357 1560 διὰ
3389 1507 3486 1559 τὸν
3523 1507 3667 1576 ὑμέ-

2083 1603 2241 1657 τερον
2261 1587 2418 1655 λόγον
2449 1589 2544 1642 καὶ
2572 1591 2604 1660 ή
2632 1590 2770 1658 σὰρξ
2799 1592 2878 1661 τῷ
2921 1595 3098 1664 Πατρί
3125 1595 3435 1664 όμοούσιος,
3475 1596 3667 1650 ὡσαύ-

2084 1694 2189 1740 τως
2223 1677 2278 1730 δὲ
2303 1681 2396 1732 καί⁵
2428 1679 2506 1750 τῷ
2549 1681 2853 1752 Πνεύματι.
2910 1684 3005 1747 Εἰς
3034 1685 3193 1738 τοῦτο
3230 1687 3377 1755 ὑμᾶς
3404 1688 3507 1756 τῆς
3536 1688 3667 1740 dus-

406 1771 491 1816 est
532 1804 548 1830 ,
592 1761 829 1818 Verbum
885 1774 1066 1820 autem
1111 1764 1263 1820 Patri
1339 1774 1424 1822 est
1486 1769 1981 1837 cousubstautiale,

2091 1769 2243 1833 6είας
2273 1771 2334 1824 τὸ
2387 1774 2833 1844 κεκομψευμένον
2878 1776 2976 1828 καὶ
3003 1777 3283 1846 ἐκπρεπὲς
3309 1778 3402 1831 τοῦ
3458 1780 3665 1848 ἀπερι-

407 1853 660 1922 sequitur
697 1894 713 1922 ,
755 1856 910 1926 juxta
987 1857 1331 1914 ratiocinium
1387 1848 1628 1916 vestrum
1659 1903 1674 1928 ,
1745 1870 1806 1916 ut
1859 1877 1986 1917 caro

407 1944 556 1999 Patri
615 1961 831 2017 quoque
907 1949 980 2003 sit
1031 1950 1547 2020 eonsubstantialis,
1584 1953 1820 2022 itemque
1865 1954 1985 2021 Spi-

410 2035 560 2091 ritui.
614 2036 674 2091 in
735 2047 942 2095 tantum
985 2055 1081 2094 vos
1140 2040 1435 2111 impietatis
1487 2032 1814 2099 barathrum
1870 2061 1989 2116 spe-

408 2129 554 2182 ciosa
594 2128 706 2184 hzec
765 2139 820 2184 et
868 2129 1128 2198 praeclara
1182 2132 1670 2203 incircumscriptio
1723 2137 1982 2206 proiecit!

411 2218 516 2274 Sed
568 2229 621 2274 et
670 2220 800 2276 illud
847 2223 1096 2300 addam,
1159 2222 1317 2280 aliter
1360 2224 1524 2279 etiam
1577 2225 1838 2282 Mamertae
1889 2242 1984 2282 no-

408 2311 509 2367 stri
535 2326 839 2368 sermonem
880 2314 932 2369 in
985 2325 1288 2368 extremam
1318 2315 1566 2370 desinere
1595 2315 1928 2384 impietatem
1965 2336 1979 2371 :

407 2411 561 2458 certe
618 2403 672 2458 in
742 2415 1002 2474 quautam
1079 2405 1444 2476 irreligionem
1513 2407 1795 2475 abripiat,
1857 2407 1983 2461 hinc

409 2511 716 2550 noseemtts.
749 2496 996 2566 Namque
1053 2496 1107 2551 lti
1160 2498 1304 2554 sicut
1350 2497 1496 2553 circa
1549 2496 1983 2557 incarnationem

409 2586 461 2639 iu
491 2587 605 2654 ipsa
639 2587 959 2642 rei-summa
1013 2589 1289 2653 aberrant,
1315 2587 1387 2642 ita
1418 2589 1580 2642 etiam
1629 2587 1684 2641 in
1738 2587 1982 2642 doctrina

321 2675 324 2677 ’
407 2677 474 2730 de
502 2678 616 2748 ipso
649 2677 760 2733 Deo
778 2677 1140 2744 otfendentes,
1174 2677 1425 2748 capitalis
1459 2677 1704 2732 criminis
1731 2678 1803 2731 rei
1843 2677 1984 2731 suis-

2083 1861 2332 1932 γράπτου
2385 1863 2698 1934 ἐξηκόντισε
2758 1867 3034 1938 βάραθρον
3073 1869 3084 1919 i
3140 1869 3359 1922 Ὀτι-οῖον
3407 1869 3468 1922 δὲ
3511 1871 3662 1940 δήτι

2085 1955 2309 2007 κάκεῖνό
2335 1971 2501 2026 φημι,
2531 1958 2605 2020 ὡς
2627 1958 2721 2011 καὶ
2751 1959 2929 2022 ἄλλως
2960 1961 3040 2022 εἰς
3070 1961 3167 2030 τὴν
3197 1961 3387 2013 πασῶν
3420 1961 3662 2029 ἐσχάτην

2083 2047 2112 2098 6
2148 2044 2306 2114 λόγος
2339 2046 2490 2117 αὐτῷ
2529 2048 2854 2104 δυσσέϐειαν
2891 2049 3176 2121 ἐξοίχοιτο.
3208 2051 3303 2104 καὶ
3343 2052 3471 2104 ὅποι
3525 2052 3662 2103 ποτὲ

2084 2136 2274 2200 ἀθεῖας
2324 2138 2552 2206 ἀπάγει,
2603 2141 2856 2195 ἐντεῦθεν
2909 2141 3193 2212 εἰσόμεθα.
3227 2141 3500 2211 Καθάπερ
3549 2141 3661 2211 γὰρ

2085 2229 2181 2281 ἐπὶ
2202 2229 2302 2298 τῆς
2332 2231 2646 2301 οἰκονομίας
2679 2233 2761 2296 εἰς
2792 2234 2932 2288 αὑτὰ
2957 2234 3400 2304 ἀποσφάλλονται
3428 2233 3500 2284 τὰ
3526 2249 3656 2288 συν-

2083 2319 2446 2386 εκτικώτατα,
2480 2323 2556 2394 τῷ
2589 2325 2740 2396 αὐτῷ
2771 2325 2834 2395 δὴ
2867 2327 3042 2396 τούτῳ
3085 2326 3273 2397 τρόπῳ
3311 2325 3406 2379 καὶ
3437 2323 3534 2378 ἐπὶ
3563 2324 3657 2393 τῆς

2085 2409 2363 2480 θεολογίας
2419 2415 2870 2482 προσπταίοντες,
2905 2418 2985 2482 εἰς
3029 2414 3097 2469 τὰ
3141 2417 3331 2486 καίρια
3393 2414 3654 2485 φωραθή-

2086 2517 2291 2567 σονται,
2315 2506 2428 2566 τοῖς
2445 2505 2654 2558 ἑαυτῶν
2683 2506 2899 2577 βρόχοις
2923 2507 3273 2576 ἁλισκόμενοι
3289 2505 3650 2559 ἀϐουλότατα·

2081 2593 2275 2665 ἐπειδὴ
2329 2595 2806 2660 ὰντιπεπονθότως
2861 2598 2932 2650 τὰ
2974 2596 3082 2650 τῶν
3133 2599 3374 2668 σχέσεων
3417 2597 3506 2651 διὰ
3553 2595 3651 2667 τὴν

2083 2681 2401 2751 ἐπαλλαγὴν
2431 2685 2489 2735 ἐν
2525 2685 2766 2755 ἑκατέρᾳ
2793 2685 3102 2756 θεωρεῖται.

408 2777 516 2822 met
571 2769 715 2837 capti
770 2768 978 2839 laqueis
1037 2769 1426 2832 incautissime
1481 2769 1972 2840 deprchendemur.
2016 2769 2231 2832 Etenim
2264 2775 2460 2830 talione
2521 2777 2920 2845 quodammodo
2965 2778 3266 2835 relationes
3298 2777 3570 2833 alternare
3599 2777 3648 2831 in

405 2873 637 2934 utraque
663 2879 723 2919 re
754 2871 1071 2920 cernuntur.

474 3007 568 3060 2|.
613 3004 746 3058 Nam
779 3003 918 3059 sicut
981 3006 1033 3059 in
1065 3001 1470 3060 incarnatione
1527 3008 1849 3077 copulantur
1889 3024 1982 3062 na-

2161 3006 2266 3062 κα’.
2299 3000 2375 3077 ’ᾙ
2415 3007 2522 3076 μὲν
2544 3005 2652 3076 γὰρ
2686 2966 2944 3065 ἐνοῦνται,
2964 3004 3058 3068 ἐπὶ
3091 3003 3192 3073 τῆς
3238 3004 3558 3073 οἰκονομίας
3597 3007 3652 3058 αἰ

409 3107 544 3151 tum
585 3095 658 3149 ad
697 3094 1052 3163 ltypostasim,
1084 3095 1160 3148 ita
1188 3095 1570 3150 discernuntur
1615 3097 1668 3149 in
1701 3096 1976 3150 Trinitate

2087 3095 2276 3164 φύσεις
2310 3097 2446 3166 πρὸς
2483 3095 2580 3166 τὴν
2604 3097 2928 3158 ὑπόστασιν,
2954 3085 3128 3166 ταύτῃ
3157 3095 3535 3164 διακέκρινται
3560 3098 3653 3150 ἐπὶ

405 3189 733 3258 hypostases
767 3192 985 3253 propter
1034 3185 1350 3253 personales
1391 3186 1772 3255 proprietates.
1805 3186 1978 3240 Vit-is.

406 3277 506 3329 sint
535 3274 855 3343 copulantur
887 3275 938 3326 in
967 3272 1235 3328 Trinitate
1268 3276 1607 3344 ltypostases,
1639 3277 1707 3331 ob
1731 3277 1975 3330 eamdem

408 3369 462 3420 in
555 3366 644 3422 bis.
716 3350 1000 3432 naturam;
1071 3353 1448 3419 discernuntur
1495 3375 1697 3434 autem
1772 3377 1978 3422 natura:

409 3459 460 3510 in
512 3457 906 3523 incarnatione,
951 3467 1173 3524 propter
1220 3457 1536 3510 substantia:
1594 3457 1973 3523 dilferentiam,

409 3549 564 3602 facta!
612 3548 924 3603 individum.
960 3548 1113 3604 Sicut
1141 3565 1270 3618 ergo
1320 3548 1372 3603 bi
1421 3565 1526 3603 non
1567 3550 1846 3617 assignant
1882 3564 1976 3618 pe-

406 3641 645 3694 euliares
699 3649 1016 3694 naturarum
1068 3643 1119 3694 in
1167 3642 1542 3696 incarnatione
1600 3641 1974 3710 proprietates,

406 3747 527 3792 quae
590 3732 710 3785 illas
761 3732 830 3786 ab
882 3731 1258 3801 heterogeneis
1305 3741 1614 3797 secernunt,
1687 3733 1756 3785 ita
1803 3747 1871 3785 ne
1923 3731 1974 3784 in

407 3821 676 3875 Trinitate
719 3820 936 3890 quidem
1013 3821 1298 3875 distinctas
1351 3823 1574 3875 omnino
1641 3820 1978 3875 exhibebunt

410 3913 770 3982 bypostaseon
799 3920 979 3974 notas,
1031 3926 1150 3980 quae
1205 3912 1349 3980 ipsas
1384 3912 1702 3982 Itypostnses
1761 3913 1815 3963 in
1870 3924 1976 3963 una

407 4003 706 4071 eademque
785 4000 1084 4055 substantia
1176 4010 1451 4068 spei-tatas
1513 4002 1653 4055 inter
1728 4014 1788 4055 se
1863 4001 1976 4054 dis-

410 4095 684 4164 tinguunt.
743 4091 918 4162 Atque
966 4100 1025 4145 ut
1091 4091 1202 4144 illic
1260 4092 1329 4145 de
1376 4092 1692 4160 ltypostasi,
1747 4091 1821 4146 ita
1889 4091 1978 4146 hic

408 4190 476 4244 de
535 4197 727 4243 natura
779 4187 1104 4241 rixabuntur
1175 4202 1188 4238 :
1244 4184 1512 4253 siquidem
1582 4185 1975 4252 proprietatum

409 4282 549 4350 apud
593 4281 741 4349 ipsos
795 4293 900 4331 non
937 4277 1151 4330 videtur
1185 4275 1296 4327 ﬁeri
1351 4275 1648 4328 distinctio.
1683 4274 1817 4338 Quid
1849 4289 1979 4340 ergo

408 4373 474 4426 ad
513 4372 630 4425 htec
660 4369 931 4424 dicimus?
954 4367 1155 4434 Nempe
1178 4368 1320 4435 quod
1351 4367 1392 4419 si
1419 4366 1571 4434 juxta
1599 4366 1809 4419 illorum
1856 4382 1982 4436 pro-

409 4463 732 4532 positiones,
779 4469 1001 4529 promer
1062 4459 1316 4519 unionem
1360 4475 1483 4513 cum
1539 4456 1753 4521 Verbo,
1813 4474 1977 4527 opor-

414 4565 488 4611 tet
539 4567 755 4607 caruem
799 4567 922 4607 esse
973 4551 1540 4620 incircumscriptam,
1579 4566 1801 4605 necesse
1839 4560 1982 4604 este

409 4646 712 4708 contrario,
746 4644 1001 4713 quoniam
1034 4645 1334 4713 oppositam
1372 4643 1633 4698 rationem
1673 4658 1757 4696 res
1799 4643 1979 4695 incar-

411 4737 653 4794 nationis
714 4736 938 4800 habent,
964 4736 1104 4794 idem
1171 4737 1429 4804 consepti
1494 4735 1798 4805 ﬂagitium.
1838 4736 1982 4787 situt

411 4844 595 4887 sermo
668 4837 855 4882 uoster
921 4827 1217 4881 decurrens
1270 4827 1680 4880 demonstrabit.
1751 4824 1882 4878 Nam
1933 4824 1978 4876 si

412 4922 572 4977 Pater
620 4931 704 4977 cst
759 4920 1054 4990 ingenitus,
1115 4919 1284 4974 Filius
1337 4929 1513 4971 autem
1574 4917 1818 4986 genitus;
1872 4915 1980 4967 erit

413 5025 633 5086 propter
687 5029 849 5075 unam
910 5012 1266 5086 eamdemque
1321 5020 1565 5064 naturam
1604 5048 1618 5070 ,
1679 5008 1976 5062 secundum

410 5123 574 5178 quam
625 5106 988 5162 iudiﬁ‘ereutia
1043 5115 1097 5160 et
1137 5102 1417 5173 a-qualitas
1454 5101 1504 5154 in
1535 5099 1797 5153 ambobus
1821 5113 1980 5166 spec-

413 5212 580 5263 tatur,
629 5201 756 5265 erit,
818 5201 1060 5268 inquam,
1106 5197 1267 5251 Pater
1321 5205 1536 5262 quoque
1591 5191 1844 5259 genitus,
1897 5190 1978 5240 vel

411 5292 617 5362 alioqui
641 5292 814 5348 Filius
845 5291 1148 5362 ingenitus;
1186 5288 1442 5354 idemque
1473 5297 1654 5337 sermo
1683 5283 1748 5334 de
1778 5280 1980 5349 Spiritu

411 5384 576 5438 etiam
632 5394 823 5440 sancto
865 5381 1088 5436 valebit.
1120 5379 1232 5434 Hoc
1254 5386 1434 5431 autem
1485 5373 1611 5444 quid
1665 5373 1770 5426 dici
1806 5379 1984 5440 potest

414 5471 702 5527 scelestius
725 5482 779 5527 et
826 5467 1221 5540 irrcligiosius?
1249 5466 1355 5521 Sed
1384 5464 1492 5531 jaut
1539 5461 1676 5514 adeo
1735 5459 1983 5514 absurdis

409 5563 651 5627 orttissis,
679 5565 744 5618 ad
778 5563 1012 5636 rciiquas
1041 5560 1306 5620 sermonis
1325 5565 1507 5632 partes
1533 5568 1838 5623 pergamus.

479 5676 584 5749 33
633 5677 722 5733 2:2.
756 5677 1108 5747 Prosequitur
1145 5689 1271 5744 ergo
1299 5672 1572 5728 Mamonas
1611 5685 1621 5720 :
1662 5687 1678 5719 (
1713 5665 1974 5733 Queniazn

2083 3184 2181 3253 τῆς
2211 3183 2487 3252 θεολογίας
2520 3185 2577 3238 αἰ
2634 3185 2981 3249 ὑποστάσεις,
3014 3185 3101 3237 διὰ
3149 3185 3249 3247 τὰς
3294 3185 3655 3256 προσωπικὰς

2087 3271 2360 3342 ἰδιότητας
2384 3288 2398 3301 ·
2507 3272 2562 3325 δὲ
2591 3273 2825 3342 ἥνωνται
2849 3275 2942 3324 ἐπὶ
2967 3273 3064 3343 τῆς
3093 3272 3370 3341 θεολογίας
3413 3275 3471 3327 αἱ
3519 3275 3654 3327 ὑπο·-

2086 3361 2306 3423 στὰσεις
2345 3361 2430 3413 διὰ
2478 3362 2577 3432 τὴν
2617 3362 2852 3432 φυσικὴν
2901 3365 3229 3433 ταυτότητα,
3259 3364 3434 3435 ταύτῃ
3464 3364 3652 3418 διαιιέ⁴

2083 3468 2299 3522 κρινται
2330 3454 2422 3504 ἐπὶ
2453 3453 2550 3522 τῆς
2574 3453 2908 3522 οἰκονομίας,
2941 3454 3084 3506 κατὰ
3105 3455 3202 3516 τὰς
3227 3453 3416 3522 φύσεις
3444 3457 3536 3510 διὰ
3554 3457 3654 3520 τὰς

2082 3543 2359 3606 οὐσιῶδεις
2403 3543 2668 3613 διαφορὰς
2710 3544 3029 3613 ίδιούμεναι.
3079 3546 3290 3614 Ὠσπερ
3335 3545 3431 3599 οὖν
3479 3549 3542 3600 οὐ
3570 3549 3651 3601 δι-

2083 3634 2266 3687 δόασιν
2300 3637 2476 3687 ἐκεῖσε
2500 3636 2569 3686 τὰ
2597 3637 3077 3706 χαρακτηριστικὰ
3116 3639 3223 3691 τῶν
3255 3640 3471 3708 φύσεων
3504 3639 3649 3693 ἰδιώ-

2087 3741 2254 3794 ματα.
2279 3725 2423 3795 ἆπερ
2439 3725 2608 3788 αὑτὰς
2634 3725 2742 3777 τῶν
2767 3727 2850 3778 ἐτε
2862 3727 3074 3796 ροφυῶν
3103 3728 3394 3800 διίστησιν,
3412 3729 3536 3782 οὐδὲ
3572 3732 3657 3783 ἐνι-

2085 3814 2260 3870 ταῦθα
2283 3816 2502 3879 πάντως
2523 3817 2592 3869 τὰ
2626 3817 2957 3886 ἁφοριστικὰ
2985 3820 3096 3872 τῶν
3129 3822 3478 3874 ὑποστάσεων
3515 3839 3659 3891 παρ-

2082 3906 2264 3973 έξουσι
2294 3909 2675 3978 γνωρίσματα,
2708 3910 2852 3979 ἅπερ
2881 3911 3052 3973 αὐτὰς
3082 3913 3210 3982 περὶ
3237 3913 3336 3983 τὴν
3359 3914 3532 3983 αὐτὴν
3555 3915 3650 3966 καὶ

2087 3997 2219 4068 μίαν
2240 3999 2427 4052 οὐσίαν
2467 3999 2867 4068 θεωρουμένας,
2892 4002 2989 4053 ἀπ’
3019 4001 3264 4073 ἀλλήλων
3291 4003 3651 4074 διακρίνουσι.

2084 4091 2197 4143 Καὶ
2219 4092 2321 4144 ὅσα
2371 4091 2558 4145 λοιπὸν
2593 4094 2723 4161 περί⁸
2752 4093 2851 4162 τὴν
2882 4093 3184 4146 ὑπόστασιν
3234 4096 3368 4159 ἐκεῖ,
3412 4094 3652 4147 τοσαῦτα

2085 4181 2181 4232 καὶ
2211 4182 2302 4234 διὰ
2337 4181 2436 4252 τὴν
2470 4182 2633 4251 φύσιν
2683 4183 2916 4238 ἐνταῦθα
2964 4184 3461 4253 ζυγομαχήσουσιν,
3495 4186 3652 4252 εἴπερ

2090 4272 2350 4342 ἰδιότητος
2378 4276 2508 4344 παρ’
2539 4276 2722 4336 αὐτοῖς
2742 4277 2838 4345 οὐχ
2865 4277 3058 4346 ὁρᾶται
3087 4275 3362 4346 διαστολή.
3391 4278 3537 4344 Πρὸς
3561 4273 3652 4329 οὖν

2085 4363 2138 4416 τί
2169 4363 2346 4418 ταῦτά
2377 4381 2554 4435 φημι;
2587 4367 2710 4419 Ὀτι
2738 4368 2787 4418 εἰ
2821 4366 2966 4419 κατὰ
2997 4366 3095 4428 τὰς
3128 4367 3414 4427 ὑποθέσεις
3446 4365 3648 4430 αὐτῶν,

2013 4437 2056 4496 D
2083 4456 2174 4510 διὰ
2207 4457 2304 4528 τὴν
2332 4459 2464 4528 πρὸς
2495 4457 2586 4510 τὸν
2619 4459 2790 4524 Λόγον
2815 4457 3030 4520 ἕνωσιν,
3068 4459 3483 4528 ἀπερίγραπτον
3514 4455 3653 4509 εἶναι

2083 4550 2184 4619 τὴν
2239 4550 2418 4621 σάρκα
2455 4551 2556 4610 δεῖ,
2611 4550 2828 4616 ἀνάγκη
2883 4552 2947 4603 ἐκ
3009 4550 3101 4603 τοῦ
3160 4549 3426 4610 ἐναντίου,
3465 4548 3651 4617 ἐπειδὴ

2085 4640 2326 4708 ἔμπαλιν
2351 4641 2587 4693 ἐνταῦθα
2610 4641 2641 4710 ἢ
2666 4643 2758 4692 ἐπὶ
2779 4641 2878 4710 τῆς
2905 4641 3218 4710 οἰκονομίας
3247 4641 3378 4707 ἔχει,
3415 4641 3482 4690 τὰ
3514 4639 3652 4693 αὐτὰ

2087 4732 2446 4801 περαίνεσθαι
2477 4732 2713 4800 ἄθεσμα,
2741 4733 2813 4796 ὡς
2836 4735 2863 4786 6
2881 4733 3034 4800 λόγος
3060 4732 3328 4799 ἐψοδεύων
3367 4733 3651 4801 παραστή-

2085 4840 2255 4878 σειεν.
2290 4824 2352 4877 Εἰ
2387 4825 2497 4895 γὰρ
2521 4825 2550 4876 ό
2597 4826 2782 4895 Πατὴρ
2823 4826 3133 4894 ἀγέννητος,
3154 4826 3190 4895 ,ό
3217 4823 3273 4875 δὲ
3296 4823 3425 4886 Υἱὸς
3466 4840 3646 4890 γεννη-

2085 4917 2199 4980 τὸς,
2238 4915 2376 4970 ἔστω
2410 4916 2495 4970 διὰ
2536 4917 2634 4986 τὴν
2669 4917 2796 4987 μίαν
2829 4919 2923 4970 καὶ
2952 4917 3158 4985 ταυτὴν
3206 4914 3392 4983 φύσιν,
3428 4914 3548 4966 καθ’
3584 4915 3651 4984 ἣν

2085 5010 2145 5067 τδ
2178 5009 2376 5066 ταυτὸν
2407 5009 2501 5062 καὶ
2537 5007 2960 5078 ἀπαράλλακτον
2991 5007 3078 5065 ἐπ’
3109 5009 3313 5076 ἀμφοῖν
3339 5005 3645 5077 θεωρεῖται,

2089 5103 2181 5152 γαὶ
2208 5101 2235 5152 ὁ
2267 5102 2459 5169 Πατὴρ
2498 5101 2774 5169 γεννητὸς,
2804 5101 2835 5170 ἢ
2869 5101 2897 5152 6
2923 5098 3048 5160 Υἱὸς
3080 5098 3377 5167 ἅγέννητος
3398 5115 3411 5128 ·
3440 5099 3468 5150 ὁ
3491 5096 3650 5157 αὐτὸς

2087 5190 2143 5241 δὲ
2175 5191 2332 5257 λόγος
2373 5191 2638 5260 κρατήσει
2670 5192 2760 5243 καὶ
2784 5191 2910 5258 περὶ
2955 5187 3048 5240 τοῦ
3093 5186 3249 5254 ἁγίου
3308 5184 3646 5254 Πνεύματος.

2084 5281 2302 5336 Τούτων
2327 5282 2383 5334 δὲ
2417 5282 2469 5334 τί
2506 5280 2571 5334 ἂν
2607 5281 2818 5348 γένοιτο
2845 5278 3205 5350 ἀσεϐέστερον
3242 5276 3276 5349 ἢ
3310 5277 3648 5348 ἁθεὼτερονς

2094 5372 2254 5425 Ἀλλὰ
2280 5371 2387 5426 τῶν
2417 5371 2588 5436 οὕτως
2613 5372 2826 5426 ἀτόπων
2856 5371 3142 5441 ἀφέμενοι,
3175 5370 3269 5423 ἐπὶ
3295 5369 3364 5422 τὰ
3395 5369 3525 5437 ἑξῆς
3558 5365 3648 5422 τοῦ

2081 5464 2242 5533 λόγου
2271 5465 2460 5537 ἴωμεν.

2161 5671 2262 5740 2,3'.
2325 5669 2548 5738 Ἐπάγει
2596 5667 2724 5736 γοῦν
2751 5683 2762 5698 ⁸
2801 5688 2816 5719 ι
2899 5665 3114 5734 Ἐπειδὴ
3152 5663 3285 5734 μετὰ
3319 5661 3413 5731 τὴν
3463 5657 3653 5711 ἐπίωσιν
