3972 6130
221 359 322 424 Ξίθ

936 361 1558 424 ANTIRRI—IETICUS
1594 361 1621 419 Ι
1663 356 1828 422 Αῡν.
1871 362 2463 424 CONSTANTINUM
2501 363 2714 423 COPR.

3360 353 3468 417 250

221 476 449 546 ἐκείνην
491 473 796 544 ἀχώριστος
835 472 865 542 ἡ
911 474 1286 544 πραγματεία,
1315 475 1390 537 ὡς
1424 473 1798 544 ὁμολογοῦμεν

1931 485 2020 528 ost
2051 475 2192 528 illam
2218 474 2471 530 unionem
2510 474 2752 528 indivisa
2779 479 2860 526 est
2887 464 3052 532 actio,
3091 465 3232 521 sicut
3255 467 3306 520 in
3343 467 3472 535 dog-

223 569 282 619 ἐν
306 565 388 634 τῷ
409 565 674 635 δόγματι·
705 565 753 616 εί
782 563 838 617 δὲ
869 564 961 617 καὶ
1009 565 1110 634 τῆς
1139 566 1343 634 σαρκὸς
1391 564 1561 634 μόνης
1612 563 1798 614 εἰκόνα

227 656 402 720 ποιεῖ,
443 652 634 707 λοιπὸν
675 653 769 707 καὶ
810 653 1109 722 πρόσωπον
1138 653 1231 706 ἐπὶ
1256 656 1322 723 τῇ
1357 651 1525 721 σαρκὶ
1559 651 1688 704 [διον
1721 650 1800 703 δί-

219 742 360 796 δωσι
386 758 400 772 ·
421 741 518 794 καὶ
542 740 753 807 γίνεται
780 739 942 793 τοῦτο
967 743 1031 809 τῇ
1053 740 1149 811 ὅλῃ
1182 740 1400 808 θεότητι
1423 737 1615 809 τέρας,
1651 755 1805 791 τουτ-

221 830 346 884 έστι
378 831 510 900 τρία
538 831 810 900 πρόσωπα
839 830 934 882 ἐπὶ
967 830 1065 898 τῆς
1104 829 1378 896 θεότητος,
1411 827 1506 879 καὶ
1535 826 1594 880 ἓν
1616 827 1677 878 τὺ
1703 827 1803 896 τῆς

224 920 676 989 ἁνθρωπὸτητος,
709 919 805 971 καὶ
855 917 972 971 ἔστι
1019 918 1210 980 κακῶς
1235 916 1417 970 τοῦτο.
1461 935 1477 967 ι
1540 918 1686 968 Ἀνω
1709 917 1805 968 καὶ

223 1013 384 1065 κάτω
421 1011 521 1079 τὴν
550 1009 746 1062 ἕνωσιν
775 1008 1072 1080 map-nar,
1108 1008 1173 1079 ἣν
1204 1007 1510 1077 ἀχώριστόν
1561 1007 1726 1075 φησιν
1779 1007 1806 1058 ὁ

227 1108 436 1176 σοφός’
472 1106 559 1159 ἵνα
591 1102 660 1159 δι’
710 1104 882 1173 αὐτῆς
926 1103 1055 1175 δόξῃ
1086 1102 1379 1173 κρατύνειν
1423 1101 1485 1154 τὸ
1527 1100 1703 1170 δόγμα
1748 1099 1809 1153 τδ

227 1197 454 1263 ἑαυτοῦ,
469 1198 564 1251 καὶ
576 1196 674 1267 τὴν
693 1195 835 1248 κατά
847 1195 1083 1265 Χριστὸν
1099 1195 1198 1249 ἀνθ
1206 1193 1500 1264 ρωπότητα
1515 1191 1803 1261 συσκιάσῃ.

230 1289 334 1344 Διά
359 1287 520 1342 τοῦτό
573 1303 760 1357 φησιν,
793 1287 876 1340 ὅτι
924 1287 974 1338 εἰ
1024 1286 1124 1356 τῆς
1167 1285 1370 1355 σαρκὸς
1418 1283 1577 1353 μόνον
1626 1281 1810 1334 εἰκόνα

232 1383 402 1434 ποιεῖ.
431 1379 542 1433 Καὶ
571 1376 812 1432 ἐνταῦθα
832 1378 894 1430 τὸ
919 1377 1082 1446 σοφὸν
1111 1377 1292 1428 έκεῖνο
1320 1375 1574 1428 ὑπειπεῖν
1601 1373 1806 1441 λόγιον,

231 1473 319 1526 ὅτι
371 1471 563 1540 Σοφία
606 1469 1045 1538 ἀνεξέλεγκτος
1098 1465 1423 1532 πλανᾶται,
1479 1465 1579 1519 καὶ
1625 1463 1814 1531 σοφία

230 1564 437 1634 μωροῦ
458 1561 820 1629 ἀδιεξίτητοι
848 1561 1018 1630 λόγιοι
1039 1576 1052 1590 ·
1085 1559 1202 1625 καὶ,
1229 1558 1374 1615 Οὐαὶ
1400 1561 1452 1611 οὶ
1472 1556 1654 1625 σοφοὶ
1676 1555 1812 1624 παρ’

228 1653 494 1720 ἑαυτοῖς,
537 1652 636 1707 καὶ
675 1651 936 1705 ἐνώπιον
981 1649 1216 1705 ἑαυτῶν
1261 1649 1690 1718 ἐπιστήμονες]
1723 1646 1815 1700 ὅτι

227 1745 547 1816 ἐμωράνθη
565 1745 604 1811 ἡ
628 1744 928 1810 ἀσύνετος
955 1741 1160 1797 αὐτῶν
1186 1741 1382 1810 ψυχὴ,
1408 1741 1504 1794 καὶ
1534 1735 1812 1806 ἐπωρώθη

229 1839 438 1894 αὐτῶν
462 1841 536 1892 τὰ
583 1836 978 1906 διανοήματα.
1028 1834 1175 1903 Πρὸς
1202 1834 1313 1904 γὰρ
1359 1833 1459 1902 τὴν
1503 1829 1814 1900 ἀληθότητα

230 1931 346 1986 τῶν
374 1928 558 2000 ὀρθῶν
604 1929 707 1999 τῆς
758 1927 1090 1998 Ἐκκλησίας
1119 1925 1412 1996 δογμάτων
1444 1923 1632 1975 τέλεον
1679 1925 1816 1974 ἀπο-

235 2021 609 2090 σφάλλονται·
659 2018 785 2073 οὔτε
834 2019 936 2082 τὰς
987 2020 1052 2071 ὲκ
1105 2017 1214 2070 τῶν
1266 2015 1580 2070 ὑποθέσεων
1635 2013 1816 2066 αὐτῶν

233 2109 687 2192 ἀναφαινομένας
722 2109 955 2170 ἀτοπίας
998 2106 1406 2178 προειδόμενοι,
1435 2098 1675 2169 εἰς-οἷον
1717 2103 1816 2155 αὐ-

234 2205 366 2264 τοὺς
394 2201 674 2268 ἀπάγουσι
709 2199 953 2270 κρημνόν
974 2216 990 2232 ·
1024 2198 1119 2251 καὶ
1148 2197 1302 2250 οὐδὲν
1332 2197 1514 2259 αὐτοῖς
1543 2193 1717 2257 οὕτως
1737 2194 1818 2256 είς

237 2292 568 2364 περιουσίαν
604 2289 940 2359 φιλοτιμίας,
976 2290 1052 2353 ὡς
1075 2289 1176 2360 τῆς
1209 2287 1450 2358 ἀμαθίας
1476 2291 1509 2358 ἡ
1548 2288 1815 2357 μάθησις·

238 2387 309 2453 τῇ
342 2384 456 2453 γὰρ
489 2381 595 2452 ἰδίᾳ
635 2379 866 2452 αἰσχύνῃ
907 2378 1408 2448 ὲγκαλλωπίζονται
1428 2396 1454 2409 ··
1476 2372 1550 2431 ὧν
1576 2377 1652 2440 ὡς
1685 2378 1820 2447 ἀλη-

241 2471 357 2535 θῶς
381 2474 415 2538 ἠ
452 2470 581 2534 δόξα
615 2473 674 2522 ὲν
698 2473 764 2540 τῇ
796 2469 1005 2524 ἑαυτῶν
1044 2469 1299 2542 αἰσχύνῃ.
1343 2468 1505 2521 Ἀλλά
1552 2469 1718 2538 φαίη-ν
1754 2466 1820 2520 ἂν

240 2561 425 2630 ἔγωγε
479 2561 615 2631 πρὸς
645 2561 738 2613 τὸν
784 2555 887 2614 ὦδε
935 2560 1273 2630 διειληφότα,
1329 2561 1426 2613 καὶ
1475 2560 1623 2621 ὅστις
1652 2558 1824 2612 ταῦτα

243 2655 470 2722 φρονεῖν
500 2651 781 2722 προῄρητο
801 2667 815 2682 ο
848 2652 932 2705 Σὺ,
960 2645 1055 2705 οὖν
1091 2651 1184 2704 δύο
1215 2651 1408 2720 φύσεις
1455 2651 1514 2703 ὲν
1547 2652 1660 2712 τοῖς
1710 2650 1823 2711 σοῖς

241 2745 432 2813 λόγοις
467 2743 875 2812 ὑποτιθέμενος,
927 2743 1092 2796 ποίαν
1133 2743 1339 2796 τούτων
1385 2741 1672 2812 ὁμολογεῖς
1732 2739 1824 2792 ἐπὶ

242 2835 346 2904 τῆς
385 2834 529 2886 κατά
559 2832 798 2904 Χριστὸν
851 2833 1088 2904 μορφῆς,
1137 2831 1358 2886 καὶτοῦ
1406 2831 1700 2899 προσώπου
1729 2829 1825 2885 τοῦ

245 2923 548 2996 ὁραθέντος
577 2924 671 2976 καὶ
723 2924 1024 2992 φανέντος;
1058 2925 1119 2976 El
1153 2924 1251 2992 μὲν
1295 2923 1393 2992 τὴν
1430 2921 1581 2976 θείαν
1627 2921 1824 2986 είποις,

248 3011 722 3082 ὲνταῦθαὸράτὴν
757 3011 1045 3081 ἀπέφηνας
1069 3012 1166 3083 τὴν
1199 3011 1439 3081 ἄληπτον
1475 3011 1570 3062 καὶ
1599 3010 1828 3081 ἀόρατον

1904 576 2050 620 male
2106 564 2464 630 confitemur;
2539 576 2593 619 et
2667 574 2995 631 quamquam
3062 556 3234 611 solius
3291 557 3473 610 carnis

1903 644 2212 725 imaginem.
2239 655 2370 708 facit
2413 653 2676 728 (artifex),
2710 662 2949 706 attamen
2982 649 3144 704 etiam
3184 660 3472 716 personam

1905 747 2054 800 carni
2110 745 2386 816 prepriam
2422 746 2534 798 dat.
2570 743 2760 812 Fitque
2789 742 2891 796 hoc
2941 739 2995 793 in
3034 747 3144 792 tom
3176 734 3475 789 divinitate

1905 847 2251 901 monstrum,
2314 837 2365 891 id
2415 845 2499 889 est
2561 846 2670 888 tres
2729 833 2784 886 in
2833 829 3116 884 divinitate
3179 837 3472 894 personat,

1907 933 1959 978 et
2020 939 2126 977 una
2191 923 2548 978 humanitatis
2593 939 2606 974 :
2647 920 2790 990 quod
2851 917 3097 987 profecto
3155 925 3474 983 perversum

1907 1025 1990 1068 est
2017 1013 2151 1083 (Q9).
2198 1033 2216 1067 ι
2279 1014 2562 1082 Susdeque
2596 1012 2848 1066 unionem
2887 1010 3160 1069 decantat,
3187 1019 3352 1074 quam
3387 1002 3474 1055 itt-

1909 1107 2264 1177 separabilem
2301 1107 2387 1161 hic
2417 1106 2632 1175 sapiens
2662 1104 2808 1164 dicit,
2847 1109 2902 1154 ut
2931 1116 3022 1170 per
3050 1099 3194 1152 illam
3227 1095 3478 1148 videatur

1912 1201 2104 1267 dogma
2160 1212 2319 1252 suum
2378 1195 2681 1258 roborare,
2733 1203 2894 1260 atque
2953 1191 3026 1243 ita
3079 1187 3476 1242 humanitatem

1910 1287 2112 1342 Christi
2141 1287 2486 1342 obumbrare.
2513 1283 2720 1337 Idcirco
2748 1283 2823 1336 ait
2861 1299 2873 1334 :
2910 1273 3134 1332 Etiamsi
3171 1277 3338 1331 solius
3360 1288 3481 1327 car-

1911 1381 1998 1435 nis
2045 1379 2333 1448 imaginem
2374 1376 2522 1430 facit.
2552 1375 2728 1443 Atque
2775 1372 2879 1426 hoc
2920 1371 3040 1424 loco
3089 1367 3304 1438 sapiens
3350 1364 3480 1420 illud

1913 1469 2191 1524 oraculum
2223 1465 2558 1520 recitandum
2604 1471 2686 1516 est
2726 1480 2738 1514 :
2789 1479 2807 1512 ι
2849 1457 3122 1528 Sapientia
3164 1470 3346 1508 carens
3399 1453 3483 1505 in-

1918 1559 2234 1629 crepatione,
2280 1565 2462 1619 errat;
2509 1564 2556 1609 et
2590 1553 2854 1622 sapientia
2892 1547 3170 1611 insensati,
3195 1544 3485 1611 inexplica-

1916 1649 2040 1703 bilia
2066 1648 2216 1703 verba
2234 1648 2369 1701 "°".
2392 1645 2459 1700 Et
2483 1665 2497 1700 :
2533 1644 2621 1698 Va:
2640 1645 2706 1697 iis
2725 1649 2812 1712 qui
2832 1639 2970 1707 apud
2995 1654 3049 1692 se
3073 1638 3212 1706 ipsas
3230 1634 3486 1702 sapientes

1917 1750 2062 1804 sunt,
2093 1748 2142 1793 et
2177 1737 2385 1806 judicio
2433 1736 2648 1805 proprio
2698 1729 3019 1801 prudentes!
3047 1727 3186 1792 Quia
3217 1724 3490 1792 infatuem

1919 1840 1994 1885 est
2021 1829 2269 1896 insipiens
2297 1826 2530 1894 ipsorum
2550 1823 2748 1886 anima,
2771 1830 2818 1874 et
2854 1826 3117 1873 excecata
3145 1813 3334 1867 mentis
3355 1825 3486 1864 con-

1920 1921 2043 1976 silia
2075 1919 2140 1972 ⁸⁸.
2167 1917 2414 1986 Namque
2445 1931 2472 1969 a
2507 1915 2736 1968 veritate
2764 1921 3034 1966 rectorum
3071 1903 3327 1961 Ecclesiae
3355 1902 3492 1971 dog-

1923 2022 2126 2068 matum
2189 2009 2421 2078 denique
2491 2007 2796 2068 excidunt;
2853 2015 3026 2070 neque
3071 1997 3374 2054 emicantes
3421 2006 3490 2048 ex

1923 2106 2039 2162 suis
2167 2103 2631 2173 propositionibus
2663 2098 3026 2152 absut-ditatcs
3070 2091 3392 2161 prtevident,
3433 2086 3489 2140 in

1923 2196 2081 2266 quale
2107 2195 2360 2248 videlicet
2389 2207 2484 2247 eos
2510 2190 2828 2260 pertrahunt
2874 2182 3230 2255 prmcipitium
3274 2196 3288 2233 :
3329 2175 3492 2231 nihil-

1925 2263 2030 2358 que
2063 2285 2163 2355 ipsi
2193 2283 2366 2352 magis
2416 2281 2654 2344 student,
2697 2277 2858 2346 quam
2889 2273 3250 2344 ignorantiam
3304 2263 3492 2321 condi-

1926 2355 2200 2441 scet‘e;et
2232 2373 2449 2443 quidem
2477 2384 2576 2424 suo
2626 2369 2866 2438 ipsorum
2912 2362 3207 2432 opprobrio
3253 2355 3494 2429 glorian-

1929 2479 2051 2534 tur;
2081 2479 2311 2534 quorum
2348 2475 2533 2516 revera
2569 2459 2737 2528 gloria
2765 2467 2849 2511 est
2872 2457 2922 2510 in
2963 2450 3278 2508 eorumdem
3337 2449 3496 2518 igno-

1929 2557 2095 2612 tuinia
2124 2555 2188 2609 ¹⁹.
2217 2554 2379 2622 Atqui
2399 2566 2497 2620 ego
2524 2551 2648 2604 huic
2672 2549 2744 2602 ita
2787 2543 3160 2606 contendenti,
3192 2549 3246 2595 et
3270 2538 3498 2594 cuilibet

1928 2651 2078 2720 paria
2106 2645 2315 2716 opinari
2349 2643 2548 2698 volenti
2579 2641 2659 2696 sic
2685 2652 2966 2694 occurram
2991 2653 3005 2688 :
3030 2634 3112 2689 Ttt
3137 2646 3288 2702 ergo,
3315 2641 3494 2699 quan-

1931 2739 2219 2808 doquidem
2247 2737 2381 2792 duas
2415 2744 2638 2788 naturas
2669 2745 2791 2787 esse
2819 2729 3030 2792 delinis,
3063 2735 3238 2779 utram
3303 2722 3494 2776 harum

1931 2830 2208 2888 cenliteris
2238 2827 2293 2882 in
2324 2826 2526 2881 Christi
2558 2824 2756 2887 forma,
2795 2830 2848 2875 et
2879 2820 2931 2873 in
2969 2830 3195 2887 persona
3230 2827 3348 2882 qua:
3380 2824 3498 2864 cer-

1933 2921 2084 2976 nitur
2109 2929 2273 2988 atquc
2306 2917 2567 2986 apparet?
2598 2916 2654 2969 Si
2690 2913 2925 2968 divinam
2963 2909 3186 2973 dixeris,
3223 2916 3350 2960 tunc
3369 2903 3500 2959 visi-

1934 3013 2096 3067 bilem
2134 3026 2254 3064 esse
2281 3007 2514 3062 allirmas
2551 3004 2709 3062 V'erbi
2744 3003 2946 3071 alioqui
2975 2995 3498 3066 incomprehensibi-

250 3105 348 3157 τοῦ
403 3105 582 3173 Λόγου
642 3105 906 3178 Baden-ra-
953 3105 1108 3158 οὐδὲν
1159 3105 1215 3159 δὲ
1243 3105 1434 3158 διοίσει
1489 3105 1687 3166 εἰπεῖν,
1736 3105 1827 3156 καὶ

1937 3103 2040 3159 lem
2077 3111 2241 3171 atque
2293 3097 2618 3168 invisibilem
2675 3097 2967 3160 deitatem;
2998 3093 3139 3161 quod
3170 3089 3392 3158 perinde
3417 3095 3505 3142 est

255 3196 668 3266 περιγραπτήν.
717 3197 835 3249 Πᾶν
866 3194 978 3265 γὰρ
1010 3195 1072 3248 τὸ
1119 3194 1418 3266 ὁρώμενον,
1454 3194 1831 3266 περιγραπτὸν

256 3288 355 3342 καὶ
401 3287 637 3357 ὁριστὸν,
685 3289 760 3349 ὼς
819 3289 885 3358 τῇ
941 3287 1194 3356 αἰσθήσει
1257 3286 1695 3349 ὑποπεπτωκός·
1738 3285 1833 3337 καὶ

255 3377 399 3446 ὅπερ
440 3375 626 3430 δοῦναι
657 3379 722 3446 τῇ
768 3379 931 3446 σαρκὶ
973 3378 1074 3429 οὐκ
1125 3376 1374 3446 ἠνέσχου,
1430 3375 1588 3429 τοῦτο
1617 3377 1683 3446 τῇ
1715 3374 1835 3444 θείᾳ

259 3469 427 3536 φῦσει
448 3468 848 3540 προσέρριψας.
873 3469 987 3520 Καὶ
1014 3469 1115 3521 οὐκ
1135 3466 1376 3538 ἐκφεύξῃ
1401 3467 1461 3520 τὸ
1489 3466 1833 3536 βλάσφημον,

259 3560 387 3614 οὐδὲ
430 3559 735 3630 παρανοίας
791 3559 1160 3629 ἐγκλημάτων
1202 3558 1463 3620 ἀπέλθοις
1511 3550 1834 3618 ἀνεύθυνος·

260 3649 346 3701 ὅτι
380 3649 446 3719 δὴ
479 3649 568 3701 διὰ
602 3648 863 3718 πλείστης
895 3647 1026 3716 ὅσης
1064 3646 1322 3715 σπουδῆς,
1361 3645 1421 3697 τὸ
1447 3643 1640 3714 ὁρατὸν
1677 3643 1840 3714 ἀόρα-

260 3759 379 3807 τον,
409 3745 505 3795 καὶ
533 3741 594 3794 τὺ
627 3740 1009 3811 περιγραπτὺν
1039 3739 1453 3810 ἀπερίγραπτον
1486 3734 1838 3807 παραστῆσαι

266 3832 577 3904 βουληθεὶς,
607 3837 674 3903 τῇ
715 3833 1038 3903 ματαιότητι
1067 3833 1175 3884 τῶν
1207 3830 1315 3885 σῶν
1346 3829 1567 3884 ἐννοιῶν
1600 3830 1840 3883 ἀποϐου-

265 3926 627 3995 κολούμενος,
647 3927 726 3989 είς
753 3925 815 3978 τὸ
844 3924 1085 3994 ἔμπαλίν
1145 3941 1228 3976 σοι
1254 3924 1323 3976 τὰ
1353 3922 1447 3975 τοῦ
1484 3921 1644 3990 λόγου
1687 3938 1843 3991 περι-

267 4018 503 4088 ήγαγες.
530 4013 605 4068 Τὸ
620 4014 728 4084 γὰρ
756 4013 1008 4085 ἀόρατον,
1031 4015 1095 4067 ἐκ
1115 4013 1209 4067 τοῦ
1237 3995 1479 4068 ἐναντίου
1508 4014 1726 4084 ὁρατὸν,
1750 4013 1844 4067 καὶ

273 4109 340 4161 τὺ
408 4106 824 4178 ἁπερίγραπτον
902 4106 1275 4178 περιγραπτδν
1345 4104 1516 4171 οὕτως
1575 4105 1641 4160 ἂν
1695 4107 1849 4176 εἰσή-

269 4212 467 4266 γαγες.

360 4329 498 4381 Ἀλλ’
555 4331 604 4382 εἰ
663 4328 737 4400 μὴ
783 4329 942 4383 τοῦτο
990 4332 1165 4384 εἰπεῖν
1197 4332 1693 4403 κατατολμήσεισς,
1745 4330 1847 4401 τὴν

273 4419 629 4490 ἀνθρωπίνην
675 4420 784 4491 ἄρα
816 4422 986 4491 μόνην
1029 4423 1129 4493 τὴν
1171 4424 1458 4494 ὁρωμένην
1507 4422 1566 4488 ἐξ
1597 4423 1848 4492 ἀνάγκης

274 4511 502 4574 δώσεις.
541 4513 651 4565 Καὶ
683 4513 772 4566 ἵνα
798 4515 895 4583 τὴν
922 4515 1120 4583 ὁμοίαν
1144 4515 1222 4584 τῷ
1254 4514 1333 4584 σῷ
1361 4515 1506 4586 λόγῳ
1543 4515 1850 4583 ἀπάντησιν

277 4600 669 4671 ποιησώμεθα,
701 4603 1032 4673 μεμέρισται
1064 4605 1203 4670 σοιή
1231 4604 1549 4670 ὑπόστασις,
1581 4605 1677 4658 καὶ
1700 4604 1852 4673 ψιλὸν

279 4693 577 4762 ἄνθρωπον
606 4693 697 4746 τὸν
724 4695 963 4765 Χριστὸν
993 4695 1380 4766 ἐδογμάτισας,
1406 4696 1501 4750 καὶ
1520 4695 1854 4768 ἀπήρτισται

281 4801 366 4836 σοι
388 4784 755 4854 τρανέστερον
787 4787 880 4838 καὶ
901 4787 1364 4856 περιφανέστερον
1384 4790 1418 4858 ἡ
1445 4789 1664 4858 τετράς.
1694 4788 1854 4843 Ἴδιον

277 4873 389 4940 γάρ
430 4872 724 4942 πρόσωπον
767 4877 834 4945 τῇ
886 4877 1055 4945 σαρκὶ
1104 4875 1348 4946 ἕνειμας,
1388 4877 1484 4930 καὶ
1541 4877 1850 4948 πεποίηκας

276 4964 371 5036 τὸν
398 4964 638 5034 Χριστὸν
661 4966 864 5032 κτίσμα
894 4967 1078 5035 μόνον,
1107 4967 1182 5029 ὡς
1210 4969 1311 5034 τὴν
1339 4968 1568 5038 θεότητα
1601 4969 1678 5038 μὴ
1710 4964 1852 5022 εῖναι

274 5054 363 5118 είς
393 5055 595 5108 αὐτόν·
637 5057 731 5108 καὶ
767 5056 1146 5126 περιέγραψας
1173 5057 1502 5129 τελεώτερον
1537 5060 1633 5112 καὶ
1677 5061 1855 5128 ἀσφα-

277 5145 560 5217 λέστερον,
607 5147 702 5202 καὶ
747 5147 904 5200 τοῦτο
961 5147 1083 5200 λίαν
1133 5149 1322 5211 κακῶς
1370 5151 1463 5202 καὶ
1512 5149 1850 5217 ἐπισφαλῶς.

288 5235 502 5299 Ἐάλως
535 5236 632 5289 οὖν
659 5239 771 5299 τοῖς
801 5236 1027 5300 οἰκείοις
1070 5237 1351 5290 κάνταῦθα
1395 5238 1710 5310 περιπεσὼν
1745 5257 1853 5307 μη-

279 5329 587 5400 χανήμασι.
623 5328 746 5392 Πῶς
796 5328 905 5398 γὰρ
951 5328 1138 5386 λοιπὸν
1190 5333 1288 5400 τῆς
1319 5331 1619 5401 Νεστορίου
1655 5345 1852 5401 φρενο-

1933 3209 1998 3248 ac
2031 3192 2077 3247 si
2125 3192 2276 3246 dicas
2330 3188 2822 3257 circumscriptam.
2857 3183 3100 3252 Namque
3153 3193 3314 3234 omne
3359 3177 3501 3247 quod

1934 3285 2192 3349 cernitur,
2238 3280 2709 3349 circumscriptum
2751 3287 2836 3332 est
2884 3291 2949 3331 ac
3011 3272 3313 3336 definitum,
3376 3269 3502 3338 quia

1935 3377 2183 3431 videlicet
2243 3375 2342 3429 sub
2396 3386 2592 3427 sensus
2632 3369 2778 3424 cadit
2826 3384 2840 3421 :
2889 3367 3143 3436 quodque
3206 3359 3506 3416 attribuere

1936 3468 2088 3522 carni
2147 3464 2390 3530 noluisti,
2439 3462 2492 3517 id
2557 3462 2610 3515 in
2659 3460 2897 3513 divinam
2953 3465 3205 3509 naturam
3263 3449 3503 3520 projicis.

1935 3563 2123 3631 Neque
2150 3574 2280 3615 sane
2304 3555 2506 3611 vitabis
2535 3535 2946 3622 blasphemiam,
2981 3561 3155 3616 neque
3185 3545 3249 3600 de
3279 3542 3508 3602 crimine

1939 3630 2225 3704 dementire
2275 3661 2403 3700 reus
2438 3659 2546 3698 non
2575 3643 2719 3706 eris;
2765 3630 2889 3708 quia
2933 3645 3055 3706 post
3103 3637 3204 3690 hoc
3248 3631 3508 3686 eximium

1939 3742 2177 3798 Studium
2229 3748 2421 3801 tuum,
2452 3727 2576 3790 dum
2619 3732 2831 3786 visibile
2876 3742 2996 3783 esse
3058 3722 3329 3780 invisibile
3364 3761 3378 3782 .
3403 3720 3512 3775 cir-

1942 3831 2328 3898 cumscriptum
2383 3821 2510 3881 essd
2559 3820 3092 3889 incircumscriptum
3138 3816 3512 3871 demonstrare

1943 3922 2048 3986 vis,
2101 3919 2487 3989 cogitationum
2553 3926 2765 3970 tuarum
2804 3910 3046 3964 vanitate
3109 3907 3364 3974 deceptus
3394 3941 3410 3966 ,
3458 3901 3511 3954 in

1944 4011 2277 4066 contrarium
2311 4020 2526 4062 sensum
2551 4006 2708 4059 verba
2734 4010 2823 4055 tua
2848 3996 3180 4053 convertisti.
3205 3994 3336 4048 Nam
3371 3995 3514 4060 quod

1943 4111 2028 4158 est
2082 4098 2372 4160 invisibile,
2425 4104 2610 4149 contra
2666 4093 2725 4145 fit
2812 4087 3068 4152 visibile;
3110 4096 3166 4140 et
3227 4085 3516 4138 incircum-

1947 4191 2232 4261 scriptum,
2249 4197 2300 4242 te
2334 4187 2565 4249 dicente,
2586 4184 2640 4237 fit
2664 4179 3155 4248 circumscriptum.

1969 4357 1972 4359 -
2018 4320 2089 4378 At
2137 4321 2182 4378 si
2225 4321 2365 4375 forte
2395 4319 2576 4374 dicere
2600 4317 2652 4372 id
2682 4329 2788 4371 non
2815 4314 3042 4376 audeas,
3077 4311 3367 4365 humanam
3393 4315 3518 4361 tan-

1953 4415 2235 4469 tummodo
2281 4410 2544 4467 visibilem
2615 4398 2870 4462 naturam
2940 4403 3158 4459 Christo
3230 4401 3516 4454 attribues.

1953 4508 2129 4575 Atque
2187 4511 2248 4558 ut
2301 4501 2534 4558 similem
2591 4499 2824 4554 orationi
2874 4506 2980 4551 tua:
3031 4491 3518 4550 contradictionem

1949 4597 2250 4660 faciamus,
2297 4592 2631 4663 hypostasim
2669 4600 2724 4644 tu
2770 4586 3037 4651 divisisti,
3111 4583 3522 4653 simplicemque

1951 4686 2226 4742 hominem
2275 4681 2552 4736 Christum
2598 4694 2719 4734 esse
2767 4677 3024 4740 deﬁnisti,
3052 4672 3334 4742 magisque
3394 4685 3521 4740 per-

1951 4778 2137 4847 spicue
2163 4783 2327 4842 atque
2356 4772 2638 4826 evidenter
2671 4771 3092 4840 quaternitatem
3117 4764 3364 4820 eﬂecisli.
3389 4763 3524 4816 Pro—

1953 4868 2127 4938 priam
2174 4865 2319 4920 enim
2381 4877 2666 4931 personam
2715 4860 2864 4916 carni
2919 4856 3523 4922 attribuisti,,uihilque

1957 4959 2105 5015 aliud
2129 4971 2292 5027 quam
2319 4967 2628 5012 creaturam
2653 4953 2928 5009 Christum
2957 4952 3155 5016 fecisti,
3198 4951 3273 5003 ita
3307 4957 3364 5001 ut
3406 4946 3518 5000 dei-

1955 5062 2039 5108 tas
2069 5049 2122 5105 in
2145 5063 2210 5104 eo
2245 5063 2350 5104 non
2413 5048 2506 5112 sit,
2530 5046 2930 5117 perfectiusque
2957 5051 3012 5097 et
3049 5042 3259 5096 ﬁrmius
3289 5039 3522 5091 circum-

1952 5141 2252 5212 scripsisti;
2271 5141 2430 5209 idque
2447 5154 2609 5209 prave
2629 5139 2916 5192 admodum
2940 5145 2994 5189 et
3022 5132 3305 5186 fallaciter.
3321 5128 3526 5198 Captus

1955 5235 2140 5305 itaque
2189 5248 2250 5289 es
2299 5233 2522 5288 tuismet
2576 5230 2870 5302 implicitus
2917 5225 3186 5281 artificiis.
3230 5221 3364 5277 Nam
3417 5233 3530 5288 quo

1957 5338 2114 5398 pacto
2165 5327 2420 5395 deinceps
2477 5324 2809 5381 Nestoriana:
2867 5320 3090 5376 insaniae
3143 5313 3530 5382 divisionisqu

351 5528 471 5566 '3'"
506 5526 671 5583 Prov.
710 5541 763 5594 ι,
795 5530 879 5586 l7.
955 5530 998 5562 ⁸⁸
1040 5527 1204 5587 Eccli.
1247 5545 1358 5598 ut,
1388 5531 1478 5585 21.
1559 5531 1602 5563 ¹⁹
1640 5528 1836 5600 Philip.
1871 5545 1950 5598 ιιι,
1997 5529 2081 5585 l9.

354 5712 471 5783 (29)
505 5711 702 5770 Recole
732 5713 930 5768 dictant
963 5726 990 5766 a
1028 5709 1278 5777 Macario,
1322 5725 1372 5782 p.
1401 5709 1490 5776 26,
1525 5717 1635 5765 ttot.
1672 5707 1755 5764 19.
