3972 6130
300 267 406 335 263

1013 271 1636 335 ANTIRRHETICUS
1673 274 1701 334 Ι
1737 275 1903 337 ADV.
1944 276 2538 339 CONSTANTINUM
2577 278 2791 340 COPR.

3443 279 3549 346 254

299 381 486 454 ψυχὴν
523 380 1014 453 ἀπεργαζόμενοςο
1062 384 1152 437 ἴνα
1201 386 1235 453 ἡ
1281 384 1379 455 μὲν
1422 384 1744 457 βλασφημία
1779 386 1867 458 τὴν

1981 389 2189 444 illorum
2225 391 2315 460 qui
2361 405 2666 444 sermonem
2707 389 2824 457 ejus
2859 389 3165 458 recipiunt,
3200 386 3544 443 manifestam

300 472 565 528 ἀσέϐειαν
588 511 604 533 ,
653 475 687 542 ή
743 473 1099 544 τερατολογία
1169 473 1228 526 δὲ
1283 475 1384 544 τήν
1439 477 1746 546 παράνοιαν
1782 477 1877 531 τοῦ

298 577 363 614 τε
395 561 873 632 λογογραφοῦντος
893 603 909 629 ,
939 564 1048 616 τῶν
1077 581 1136 618 τε
1163 564 1256 617 τὸν
1277 563 1434 632 λόγον
1457 565 1668 620 ἐκείνου
1700 584 1880 640 παρα-

299 654 674 724 δεδεγμένων,
710 655 898 725 σαφῶς
931 657 1136 711 ἅπασιν
1167 657 1574 727 ὲμφανίζοιεν.-
1623 678 1625 680 ·

374 743 444 796 Τί
467 744 599 815 γὰρ,
635 745 825 814 φησὶν,
861 747 920 799 ὲν
962 747 1073 808 τοίς
1109 745 1240 815 ἑξῆς
1266 747 1410 801 κατὰ
1436 747 1498 800 τὸ
1532 747 1757 820 συνεχὲς
1783 747 1878 802 τοῦ

301 833 511 902 λόγους
569 855 587 888 ι
639 835 902 890 Τουτέστι
946 839 1373 909 χαρακτηρίζων
1409 839 1734 910 πρόσωπον,
1783 841 1879 893 καὶ

302 925 482 978 ποιῶν
509 926 600 979 τὸν
628 926 862 998 Χριστὸν
893 928 1100 996 κτίσμα
1125 932 1218 982 καὶ
1252 930 1434 1000 μόνον,
1471 933 1567 985 καὶ
1595 931 1692 1001 τὴν
1726 931 1879 985 Θείαν

302 1016 473 1086 φύσιν
505 1017 583 1090 μὴ
611 1015 750 1072 εἶναι
781 1019 860 1083 εἰς
896 1020 1082 1074 αὐτόν.
1121 1039 1141 1072 s
1171 1020 1360 1074 Ταῦτα
1381 1021 1480 1091 τῆς
1501 1021 1750 1088 ἐξουσίας
1782 1021 1879 1074 καὶ

300 1109 406 1175 τῆς
455 1108 798 1180 παχύτητος,
829 1107 890 1174 ἐξ
915 1104 991 1164 ὧν
1015 1111 1348 1182 ἀμφοτέρων
1392 1116 1591 1181 φυεῐσα
1620 1113 1715 1166 καὶ
1739 1129 1877 1181 συγ-

301 1199 639 1267 κροτηθεῖσα
672 1202 706 1271 ή
751 1201 1012 1268 ἀσέϐεια,
1062 1203 1202 1256 κατά
1236 1204 1336 1272 τῆς
1371 1203 1674 1273 ἀμωμήτου
1720 1202 1878 1273 ήμῶν

302 1285 649 1341 νεανιεύεται
677 1288 919 1353 πίστεως
936 1330 950 1352 ,
977 1290 1203 1344 καὶτῶν
1222 1290 1401 1360 όρθῶν
1432 1291 1716 1360 δογμάτων
1739 1308 1876 1344 κατ-

300 1379 662 1443 αγωνίζεται.
723 1380 884 1434 Ἀλλά
923 1381 1061 1451 πρὸς
1118 1381 1242 1445 τοὺς
1293 1382 1565 1445 τοιούτους
1609 1382 1875 1452 ἐμέτους,

305 1467 400 1519 ἴνα
430 1469 730 1533 Πατοικοῖς
755 1469 937 1538 λόγοις
966 1472 1470 1542 ὲγκαλλωπίσωμαι
1501 1472 1876 1542 στηλιτεύουσι

298 1557 401 1610 τοῦ
437 1559 602 1628 σοφοῦ
635 1559 734 1630 τὴν
761 1557 1040 1625 ἀπόνοιαν,
1074 1561 1191 1625 πῶς
1219 1563 1320 1616 οὐκ
1345 1563 1567 1633 ἄμεινον
1595 1565 1626 1632 ἡ
1658 1565 1873 1635 σιωπή;

1977 483 2228 538 omnibus
2277 481 2496 539 faciant.

2051 747 2189 814 Quid
2218 748 2361 802 enim
2399 747 2475 802 ait
2504 749 2556 801 in
2582 749 3030 816 subsequentibus
3051 764 3355 804 sermonem
3381 750 3548 803 conti-

1982 838 2200 892 nuans?
2239 855 2258 890 ι
2311 837 2512 906 Nempe
2563 853 2842 906 personam
2883 839 3177 895 ell‘ormaus
3225 842 3542 912 (imaginum

1979 927 2219 996 artifex),
2251 928 2526 984 Christum
2554 928 2756 984 faciens
2787 930 3086 997 simplicem
3119 940 3448 995 creaturam,
3486 939 3538 984 ιιι

1980 1027 2039 1072 ut
2071 1019 2247 1073 divina
2267 1029 2454 1072 natura
2481 1019 2533 1072 in
2559 1033 2624 1075 eo
2643 1033 2746 1072 non
2771 1020 2861 1075 sit.
2894 1039 2914 1072 ι
2942 1019 3114 1075 Verba
3143 1032 3267 1076 sunt
3287 1021 3385 1075 ista
3407 1038 3546 1090 prae-

1979 1107 2228 1176 potentize
2265 1122 2329 1161 ac
2363 1107 2635 1174 ruditatis,
2667 1122 2734 1162 ex
2770 1124 3002 1178 quarum
3026 1120 3255 1179 utraque
3282 1111 3462 1180 genita
3489 1119 3546 1164 et

1979 1198 2205 1250 conllata
2242 1196 2490 1265 impietas
2518 1208 2706 1251 contra
2733 1199 3270 1268 irreprehensibilem
3301 1209 3540 1254 nostram

1972 1287 2262 1356 jnvenatur
2289 1287 2469 1351 ﬁdem,
2497 1298 2551 1342 et
2580 1297 2724 1343 recta
2761 1291 3007 1358 dogmata
3045 1301 3341 1359 oppugnat.
3378 1289 3540 1360 Atqui

1976 1381 2232 1435 adversus
2263 1381 2361 1435 hos
2392 1389 2598 1444 ructus,
2647 1391 2705 1435 ut
2728 1380 2951 1435 Patrum
2992 1381 3171 1435 verbis
3209 1392 3330 1435 utar
3354 1382 3444 1450 qui
3488 1381 3540 1434 in

1977 1471 2136 1539 lmjus
2163 1470 2423 1541 sapientis
2453 1470 2782 1525 invehuntur
2816 1471 3112 1536 inscitiam,
3162 1485 3342 1525 nonne
3383 1471 3542 1526 silere

1975 1565 2147 1620 satius
2188 1563 2299 1617 sit?
2345 1561 2428 1617 Ne
2483 1565 2799 1632 respondeas
2839 1565 2975 1618 enim
3033 1563 3193 1618 stulto
3253 1565 3541 1617 secundum

297 1648 406 1717 Μὴ
441 1650 772 1718 ἀποκρίνου
805 1650 914 1722 γὰρ
948 1653 1162 1720 ἄφρονι
1191 1653 1342 1707 κατὰ
1370 1653 1484 1722 τὴν
1516 1655 1867 1723 ἀφροσύνην

1977 1655 2263 1708 stultitiam
2290 1669 2442 1708 suam
2465 1653 2514 1698 "-
2535 1655 2800 1724 scriptum
2824 1667 2932 1712 est.
2952 1656 3203 1710 Attamen
3235 1670 3301 1709 ne
3327 1655 3380 1709 hi
3407 1654 3542 1708 falso

296 1715 514 1802 αὐτοῦ,
539 1715 897 1810 γέγραπται..
918 1715 1056 1795 Ἀλλ’
1087 1744 1173 1797 ἵνα
1218 1744 1293 1815 μὴ
1322 1715 1531 1799 δοκοῖεν
1557 1715 1616 1798 ὀί
1651 1715 1867 1816 δοκησί-

1980 1745 2168 1801 crediti
2212 1746 2482 1814 sapientes
2527 1715 2916 1816 apostasiteque
2963 1746 3270 1801 defensores
3319 1759 3538 1799 causam

298 1845 460 1898 σοφοι
493 1831 590 1883 καὶ
617 1831 715 1900 τῆς
745 1833 1084 1896 ἀποστασίας
1108 1835 1490 1902 ὑπασπισταὶ,
1526 1838 1742 1908 ἐρήμην
1763 1838 1874 1893 τῶν

294 1917 676 1973 εὐσεϐούντων
714 1922 974 1976 καταθεῖν
1001 1922 1192 1994 ὥσπερ
1226 1925 1320 1977 τοῦ
1346 1925 1540 1994 λόγου,
1580 1927 1873 1997 ἀκαταγώ-

292 2009 614 2080 νιστονὶτὸν
651 2012 719 2063 ὲκ
745 2009 1113 2082 ψευδομυθίας
1160 2013 1641 2084 καὶεὶκαιότητος
1689 2017 1873 2080 αὐτοῖς

294 2098 769 2170 ὲπικουρούμενον
805 2101 963 2170 λόγον
993 2098 1135 2156 εἶναι
1162 2104 1423 2172 οἰόμενοι.
1455 2105 1625 2176 ταύτῃ
1662 2123 1744 2160 τοι
1766 2146 1781 2167 .
1824 2109 1872 2161 εί

294 2190 396 2243 καὶ
448 2191 672 2260 αἰσχρὸν
723 2193 818 2245 καὶ
867 2193 1101 2258 ἀκαλλὲς
1154 2198 1268 2256 τοῖς
1312 2195 1455 2250 οὓτω
1506 2199 1726 2268 σαθροῖς
1777 2201 1872 2254 καὶ

292 2283 651 2353 εὐχειρώτοις
683 2285 1075 2356 ἀντιφέρεσθαι
1097 2325 1112 2351 ,
1137 2287 1286 2357 ὅμως
1321 2289 1441 2351 ταῖς
1471 2291 1677 2350 κοιναῖς
1699 2291 1874 2344 ἀπάν-

290 2392 406 2428 των
450 2375 751 2446 ὐπολήψεσι
791 2375 1103 2448 χρώμενοι,
1157 2377 1256 2441 τάς
1300 2377 1444 2431 κατά
1483 2378 1580 2448 τῆς
1612 2379 1870 2456 ἀληθείας

291 2465 484 2528 αὐτοῖς
519 2464 890 2537 ὲξευρημένας
927 2467 1180 2535 μηχανὰς
1208 2468 1302 2521 καὶ
1335 2469 1554 2533 δόλους,
1599 2463 1868 2539 οἷς-ἀνοή-

287 2569 404 2615 τως
437 2555 530 2608 καὶ
558 2553 802 2618 ἀϐούλως
829 2556 966 2627 αὐτῇ
993 2557 1578 2628 ἀντιπαρατάττονται,
1603 2561 1748 2631 μάλα
1779 2563 1870 2614 εὖ-

291 2642 505 2706 σοενῶς
542 2645 1065 2718 ὲκπολιορκήσομεν.
1135 2649 1252 2703 Ἐπ’
1284 2651 1598 2718 ἀλογίστους
1632 2652 1741 2722 γὰρ
1773 2651 1868 2705 καὶ

292 2730 534 2793 ἀτόπους
582 2734 787 2796 ἐννοίας
819 2736 992 2789 ἵενται
1016 2776 1030 2801 ,
1066 2737 1149 2804 ἐφ’
1179 2736 1216 2790 ἀ
1248 2737 1323 2808 μὴ
1355 2740 1596 2809 προσῆκε
1648 2742 1864 2810 περιελ-

293 2818 561 2888 κόμενοι,
616 2823 709 2875 καὶ
751 2824 877 2892 είκῆ
928 2825 1283 2895 φυσιούμενος.
1328 2828 1432 2881 ὑπὸ
1472 2830 1568 2882 τοῦ
1613 2829 1733 2892 νοὸς
1768 2831 1866 2899 τῆς

289 2910 500 2978 σαρκὸς
527 2911 707 2964 αὐτῶν
731 2953 747 2978 ,
778 2914 876 2966 καὶ
908 2913 944 2967 ἀ
983 2915 1170 2985 μηδεὶς
1212 2913 1318 2970 οἶδε
1361 2919 1471 2971 τῶν
1499 2914 1556 2972 εὗ
1605 2922 1866 2989 φρονούν-

287 3017 425 3062 των,
457 3003 594 3072 μηδὲ
635 3005 668 3072 ἡ
699 3004 861 3073 φύσις
883 3005 1024 3076 αὑτὴ
1050 3007 1158 3059 τῶν
1185 3010 1528 3080 πραγμάτων
1550 3011 1859 3074 ἐπίσταται,

290 3092 677 3163 διοριζόμενοι.
716 3097 858 3166 Πρὸς
889 3097 997 3170 γάρ
1027 3097 1110 3168 τῷ
1140 3101 1347 3165 ἀσεϐεῖ,
1382 3103 1475 3155 καὶ
1509 3104 1570 3155 τὸ
1601 3103 1864 3156 ἀπίθανον

289 3181 592 3250 κέκτηνται
618 3200 644 3214 ι
663 3186 804 3255 πρὸς
847 3185 908 3240 ἓν
937 3187 994 3240 δὲ
1021 3189 1114 3241 καὶ
1146 3189 1306 3258 μόνον
1336 3190 1645 3258 βλέποντες,
1688 3195 1866 3248 πᾶσάν

289 3291 353 3326 τε
382 3276 620 3347 σπουδὴν
649 3279 945 3347 τιθέμενοι,
981 3284 1078 3334 καὶ
1105 3282 1281 3335 πάντα
1298 3284 1499 3347 κάλων,
1528 3285 1588 3338 τὸ
1614 3285 1678 3356 δὴ
1708 3285 1864 3354 λεγόο

292 3367 756 3432 μενον,σείοντες,
777 3370 1128 3440 ἀνατρέπειν,
1163 3372 1238 3435 ὡς
1266 3371 1490 3439 οἴονται,
1523 3375 1584 3427 τδ
1609 3376 1704 3445 τῆς
1727 3377 1865 3447 Χρι-

295 3457 424 3510 στοῦ
448 3461 766 3529 οἰκονομίας
797 3465 1116 3535 μυστήριον,
1143 3465 1218 3529 ὡς
1242 3467 1414 3538 ταύτῃ
1444 3468 1522 3538 τῷ
1542 3468 1636 3522 τοῦ
1667 3472 1864 3541 ἀπερι-

294 3548 549 3616 γράπτου
593 3553 964 3623 προϐλήματι,
996 3556 1057 3608 τὸ
1093 3557 1426 3628 ἀφομοὶωμα
1448 3560 1543 3612 τοῦ
1568 3561 1864 3630 σεϐασμίου

291 3643 644 3710 χαρακτῆρος
687 3643 853 3697 αὑτοῦ
899 3646 1317 3714 ὲξαφανίζοιτο·
1370 3649 1525 3701 οὐδὲν
1569 3649 1626 3703 δὲ
1668 3650 1864 3706 ἄτοπον

289 3732 505 3793 εἰπεῖν,
555 3733 649 3784 καὶ
692 3735 725 3802 ή
759 3735 927 3788 αὐτοῦ
968 3736 1210 3806 Χριστοῦ
1243 3739 1435 3808 μνήμη
1471 3741 1860 3811 συνοιχήσοιτο.

303 3819 448 3871 Ἀλλ’
480 3821 706 3886 εἰκότως
750 3823 1039 3891 φθέγξοιτο
1068 3828 1204 3897 πρὸς
1232 3828 1430 3891 αὐτοὺς
1465 3831 1498 3898 ἡ
1545 3831 1682 3902 σοφὴ
1716 3832 1864 3903 Παρ-

287 3911 448 3979 οιμὶα
476 3928 489 3939 ·
543 3914 640 3978 ’⁸ος
676 3914 960 3982 ἐρείδεται
1017 3907 1334 3987 ψεύδεσιν,
1379 3917 1558 3987 οὗτος
1593 3925 1866 3992 ποιμανεῖ

287 3999 554 4068 ἀνέμους
573 4018 588 4032 ·
631 4005 663 4056 ό
689 4003 758 4058 δὲ
796 4005 979 4071 αὐτὸς
1020 4007 1291 4072 διώξεται
1332 4009 1507 4077 ὄρνεα
1535 4015 1858 4081 πετόμεναο

282 4089 543 4160 συνάγει
579 4091 648 4145 δὲ
675 4095 891 4162 χερσὶν
911 4097 1235 4165 ἀκαρπίαν.
1267 4101 1723 4169 Συμπλάσσονται
1753 4104 1863 4177 γὰρ

282 4181 767 4251 ὀνειροπολοῦντες
795 4183 866 4237 τά
898 4185 1090 4256 ψευδῆ,
1125 4185 1272 4258 ἀπερ
1317 4190 1505 4254 αὐτοῖς
1535 4191 1568 4260 ἡ
1601 4192 1864 4263 σκαιότης

282 4273 396 4325 τῶν
425 4273 848 4341 λογισμῶν,,καὶ
879 4276 949 4331 τὰ
973 4277 1075 4346 τῆς
1116 4278 1347 4350 βεϐήλου
1385 4280 1566 4352 ψυχῆς
1591 4283 1864 4338 ἕωλασκαὶ

1975 1835 2187 1903 piorum
2233 1833 2532 1902 patrocinio
2569 1833 2886 1888 destitutam
2937 1834 3226 1888 videantur
3263 1833 3536 1895 invadere,

1973 1925 2254 1980 invictam.
2284 1940 2436 1980 suam
2477 1926 2760 1980 mendacii
2821 1926 3184 1994 vanitatisque
3237 1924 3535 1977 doctrinam

1972 2026 2252 2084 putantes;
2298 2031 2604 2085 propterea,
2653 2017 2755 2070 etsi
2793 2026 2949 2085 turpe
2989 2027 3073 2070 est
3113 2027 3275 2084 atque
3315 2015 3539 2069 indeco-

1973 2122 2091 2161 rum
2122 2123 2245 2161 cum
2277 2110 2410 2162 adeo
2441 2108 2601 2162 debili
2624 2123 2686 2161 ac
2714 2107 3003 2175 superabili
3035 2108 3187 2160 hoste
3221 2103 3534 2174 conﬂigere,

1973 2200 2326 2253 nihilominus
2390 2200 2662 2253 communi
2732 2199 3006 2252 hominum
3059 2214 3220 2252 sensu
3269 2209 3479 2251 utentes
3518 2235 3534 2262 ,

1969 2291 2299 2358 excogitatas
2331 2291 2399 2344 ab
2457 2290 2576 2344 istis
2627 2291 2889 2344 adversus
2929 2291 3208 2343 veritatem
3257 2288 3536 2342 machinas

1969 2391 2133 2451 atque
2164 2379 2402 2444 fraudes,
2433 2393 2573 2448 quas
2596 2381 2759 2433 stulte
2803 2391 2992 2433 contra
3029 2381 3198 2447 ipsam
3252 2388 3308 2432 et
3355 2379 3536 2432 incon-

1967 2474 2202 2527 siderate
2240 2473 2290 2525 in
2332 2473 2505 2524 aciem
2559 2474 2817 2534 educunt,
2845 2472 3058 2525 naviter
3105 2471 3394 2524 admodum
3447 2484 3537 2536 op-

1967 2561 2346 2630 pugnabimus.
2399 2559 2611 2629 Quippe
2672 2561 2725 2613 in
2784 2560 3134 2613 stolidissima
3196 2571 3251 2614 et
3304 2559 3532 2612 absurda

1965 2650 2186 2705 consilia
2212 2649 2434 2717 abeunt,
2462 2664 2527 2703 eo
2551 2664 2656 2718 quo
2697 2663 2802 2700 non
2834 2647 2994 2721 decet
3026 2649 3295 2716 provecti;
3326 2657 3378 2699 et
3411 2661 3534 2699 ear-

1965 2741 2047 2793 nis
2069 2755 2178 2794 sute
2225 2752 2458 2794 mentem
2511 2754 2648 2792 vane
2699 2737 2934 2792 inﬂatam
2988 2750 3255 2806 gerentes,
3299 2753 3360 2792 ea
3415 2751 3535 2805 quae

1962 2842 2121 2881 nemo
2167 2828 2420 2882 cordatus
2479 2828 2658 2889 scivit,
2694 2843 2864 2896 neque
2920 2827 3034 2896 ipsa
3108 2843 3284 2880 rerum
3342 2835 3531 2880 natura

1962 2920 2222 2988 agnoscit,
2258 2915 2576 2974 de'cernuut.
2619 2918 2752 2971 Nam
2811 2927 3010 2986 praeter
3057 2917 3418 2986 impietatem,
3456 2917 3535 2969 in-

1964 3009 2371 3064 credibilitatem
2391 3024 2605 3078 quoque
2626 3009 2876 3063 comitem
2913 3010 3110 3062 habent
3141 3024 3156 3061 :
3193 3007 3357 3060 unum
3403 3023 3530 3060 svo-

1965 3118 2088 3173 pum
2117 3111 2439 3172 spectantes,
2480 3115 2639 3154 omne
2665 3101 2899 3153 studium
2925 3099 3280 3159 adhibentes,
3315 3111 3530 3150 omnem

1967 3196 2194 3262 lapidem
2231 3191 2350 3261 (Gr.
2380 3188 2684 3260 rudentem)
2731 3197 2790 3243 ut
2827 3191 2898 3243 ita
2931 3189 3108 3244 dicam
3144 3200 3440 3253 moventes,
3477 3197 3536 3242 ttt

1964 3285 2218 3341 nimirum
2260 3283 2543 3345 subruunt,
2575 3291 2735 3350 prout
2769 3291 3014 3350 sperant,
3047 3280 3249 3333 Christi
3312 3294 3533 3332 memm-

1964 3377 2084 3430 mia:
2115 3374 2465 3444 mysterium,
2497 3371 2603 3440 35
2629 3381 2791 3438 atque
2823 3372 2922 3423 hoc
2955 3367 3534 3436 incircumscriptionis

1965 3464 2249 3536 praetextu,
2291 3465 2610 3517 veneranda:
2651 3462 2769 3532 ejus
2826 3461 3013 3515 formte
3074 3460 3361 3529 imaginem
3409 3459 3534 3510 alm-

1967 3555 2129 3610 Ieant.
2161 3552 2268 3608 Sed
2323 3552 2518 3606 merito
2547 3549 2756 3604 diceret
2783 3560 2970 3604 contra
3002 3562 3096 3602 eos
3123 3547 3367 3600 divinum
3399 3543 3534 3596 l‘r'o-

1963 3646 2208 3715 verbium
2253 3660 2268 3698 :
2312 3642 2417 3708 Qui
2457 3642 2703 3695 innititur
2725 3628 3033 3702 mendaciis,
3065 3639 3148 3690 hic
3187 3647 3361 3690 ventos
3409 3651 3533 3701 ραις

1969 3736 2336 3803 eit;idemque
2362 3733 2688 3802 persequitur
2727 3747 2844 3784 ana
2892 3728 3211 3785 volantes.“
3255 3735 3530 3794 congregat

1963 3826 2197 3880 manibus
2221 3826 2544 3878 sterilitatem
2574 3824 2640 3876 ".
2683 3821 3043 3890 Compingunt
3069 3819 3212 3873 enim
3253 3819 3532 3871 somniari-

1966 3919 2095 3972 tium
2142 3917 2316 3969 lnstar
2366 3915 2654 3977 falsitates,
2706 3927 2843 3979 quas
2915 3910 3047 3978 ipsis
3123 3909 3530 3961 ratiociniornm

1963 4010 2218 4080 pravitas,
2281 4017 2336 4061 et
2384 4019 2523 4058 vana
2582 4015 2745 4071 atque
2791 4000 3286 4065 fallacia-impura:
3338 3998 3534 4048 aninue

1961 4107 2172 4168 spectra
2227 4101 2536 4165 suggerunt.
2579 4091 2715 4146 Nam
2757 4091 2899 4160 quod
2958 4098 3136 4142 mente
3192 4087 3526 4147 deerrattles,

1962 4200 2122 4257 quam
2155 4186 2435 4254 reprobam
2457 4191 2674 4252 gerunt,
2695 4180 2858 4249 longe
2919 4195 2946 4231 a
2989 4179 3218 4231 veritate
3271 4187 3530 4242 rectaque

1961 4280 2046 4332 via
2094 4278 2366 4340 recedant,
2403 4290 2578 4346 neque
2641 4290 2669 4328 a
2728 4271 3014 4343 praestigiis
3063 4278 3300 4335 cessent,
3352 4281 3530 4335 neque

281 4361 543 4430 ἀπατηλὰ
592 4362 909 4417 ὑποτίθεται
967 4366 1250 4436 φάσματα.
1291 4369 1414 4421 Ὅτι
1467 4371 1567 4439 μὲν
1613 4371 1724 4441 γὰρ
1768 4372 1860 4426 τὸν

1970 4369 2226 4422 vanitates
2255 4366 2375 4421 illas
2415 4363 2651 4420 conﬂare
2707 4363 2982 4427 omittaut,
3017 4373 3178 4414 nemo
3209 4359 3372 4412 credo
3400 4358 3536 4411 reh-a

279 4453 412 4504 νοῦν
441 4453 866 4524 περιαλώμενοι,
901 4455 1165 4527 ἀδόκιμον
1212 4453 1412 4530 οἷάπερ
1440 4460 1602 4513 αὐτὸν
1622 4461 1858 4530 ἔχοντες,

1967 4460 2150 4527 giosus
2176 4468 2230 4512 et
2263 4471 2372 4512 suze
2406 4455 2602 4518 mentis
2629 4467 2848 4521 compos
2882 4468 2987 4504 non
3017 4450 3366 4503 assentietur.

283 4544 477 4613 πόρρω
507 4560 611 4598 που
645 4548 744 4616 τῆς
765 4546 1023 4617 ἀληθείας
1054 4549 1278 4620 καὶτῆς
1309 4551 1441 4604 εὐθὺ
1500 4552 1742 4622 ἀγούσης
1767 4551 1888 4610 ὁδοῦ
1926 4551 2372 4618 ἀπονοσφίζονται
2406 4562 2423 4580 ο
2475 4548 2538 4616 οὐ,
2581 4547 2690 4616 γὰρ
2730 4544 3068 4613 ἀπολήγουσι
3111 4541 3540 4608 τερατευόμενοι.

281 4634 540 4697 καὶτοὺς
583 4635 894 4708 φληνάφους
968 4641 1212 4704 ἐκείνους
1283 4642 1717 4714 μυθουργοῦντες
1744 4661 1759 4679 ο
1785 4644 1902 4706 ,πᾶς
1940 4660 2047 4707 τις,
2089 4639 2263 4711 οἶμαι,
2320 4639 2430 4693 τῶν
2481 4637 2850 4690 εὐσεϐούντων
2903 4635 2995 4688 καὶ
3045 4632 3306 4703 λογισμοῦ
3341 4631 3538 4699 κύριος-

282 4723 636 4789 συνΘὴσεται.

367 4816 531 4884 ’ἀλλὰ
568 4816 869 4885 λεγόντων,
913 4821 1081 4877 πόθεν
1106 4824 1137 4876 ὁ
1184 4824 1360 4894 μέγας
1390 4826 1572 4882 αὐτῶν
1597 4829 1857 4884 διδάσκα-

277 4907 372 4967 λος
401 4906 574 4960 ταῦτα
615 4908 795 4962 λαϐὼν
840 4911 987 4981 ἔχει;
1015 4915 1078 4968 Et
1114 4915 1215 4986 μὲν
1260 4918 1410 4988 παρά
1445 4919 1555 4974 τῶν
1584 4921 1859 4991 θεοπαρα-

278 4995 450 5047 ﬁdem
487 4995 684 5064 λογίων
709 4999 802 5053 τοῦ
834 5002 1182 5072 Πνεύματος,
1232 5005 1266 5077 ἢ
1299 5009 1402 5079 τῆς
1439 5008 1550 5062 τῶν
1582 5008 1859 5079 Θεοσόφων

280 5087 545 5153 Πατέρων
575 5088 730 5156 ήμῶν
760 5091 1146 5160 διδασκαλίας,
1190 5097 1560 5154 δεικνύτωσαν
1591 5100 1694 5154 ποῦ
1715 5141 1730 5166 ,
1762 5102 1859 5155 καὶ

280 5177 444 5260 iussi;
484 5192 546 5242 γε
575 5180 907 5249 σιγήσομεν·
940 5184 988 5236 ει
1021 5185 1079 5236 δὲ
1123 5187 1188 5239 ἐκ
1220 5189 1328 5240 τῶν
1372 5189 1518 5242 ἰδίων
1541 5191 1726 5256 λαλεῖ,
1761 5192 1857 5260 ἀφ’

276 5257 356 5315 ἄν
405 5263 502 5316 καὶ
546 5265 607 5316 τὸ
637 5268 832 5334 ψεῦδος
873 5273 1204 5344 ἐξήρτηται,
1255 5278 1339 5340 τίς
1393 5278 1542 5350 αὐτῷ
1594 5257 1851 5352 προσέξει

277 5354 486 5422 ἀνόητα
538 5357 839 5425 φράζοντι;
871 5361 966 5424 Τίς
1012 5364 1118 5434 γὰρ
1167 5365 1311 5420 οὕτω
1361 5368 1453 5421 νοῦ
1500 5370 1593 5422 καὶ
1637 5371 1852 5440 φρενῶν

275 5443 606 5512 ἐστέρηται,
637 5448 774 5502 ὥστε
810 5453 1097 5522 συμφῆσαι
1133 5456 1216 5509 ὅτι
1245 5457 1308 5528 δὴ
1357 5461 1849 5532 ὀχχαρακτηρέζων

351 5598 396 5630 ⁸⁸
439 5597 598 5654 [‘rov.
649 5614 789 5666 xm,
825 5607 874 5659 εί.
955 5607 994 5637 ²¹
1039 5607 1196 5663 Prov.
1253 5627 1304 5678 ι,
1341 5612 1390 5665 Ii.

2033 4826 2137 4882 Sed
2173 4841 2273 4896 age
2302 4827 2504 4888 dicant,
2545 4823 2815 4878 undcuam
2869 4837 3095 4891 magnus
3130 4821 3373 4890 ipsorqu
3410 4836 3527 4876 ma-v

1959 4921 2122 4986 gisler
2147 4918 2258 4972 haec
2303 4927 2521 4986 accopta
2567 4915 2794 4969 habeat?
2841 4912 2972 4966 Nam
3005 4913 3050 4966 si
3087 4913 3308 4981 quidem
3345 4911 3534 4964 adivit

1961 5010 2107 5064 nitus
2140 5010 2279 5064 datis
2305 5009 2540 5079 Spiritus
2565 5007 2824 5066 oraculis,
2882 5005 2964 5058 vel
2997 5020 3026 5058 a
3063 5004 3240 5057 divina
3275 5001 3507 5055 scientia

1961 5102 2350 5156 iusti-notorum
2398 5101 2620 5152 Patrum
2665 5109 2982 5156 nostrorum
3037 5093 3378 5160 magisterio,
3429 5093 3533 5145 (lC!

1963 5200 2263 5244 IIIOttSlrettt
2295 5189 2536 5254 ubinam,
2564 5198 2619 5241 et
2647 5203 2746 5240 nos
2771 5188 2912 5240 ultro
2951 5184 3254 5239 silebimus.
3287 5185 3382 5237 Sin
3420 5198 3521 5249 ρος

1963 5284 2066 5335 tius
2098 5282 2369 5335 Mantonas
2402 5297 2465 5334 ex
2492 5297 2588 5334 suo
2627 5279 2851 5333 cerebro
2888 5277 3145 5346 loquitur,
3177 5277 3320 5329 unde
3355 5276 3524 5327 etiam

1960 5373 2036 5427 rei
2096 5372 2304 5426 falsitas
2339 5372 2559 5441 pendet,
2600 5369 2722 5438 quis
2781 5369 2829 5421 ei
2861 5367 3192 5419 anscultahit
3230 5365 3397 5419 stnita
3436 5367 3523 5418 ιΙίσ..

1959 5465 2138 5521 centi?
2163 5463 2291 5534 Quis
2320 5465 2452 5519 adeo
2501 5470 2680 5516 mente
2712 5459 3130 5529 prmcordiisquc
3180 5459 3525 5524 destituitur,
