3972 6130
325 216 433 281 £57

1063 217 1684 281 ANTIRRHETICUS
1723 220 1752 280 Ι
1791 221 1959 283 ADV.
2000 220 2587 286 CONSTANTINUM
2626 225 2838 286 COPR.

3475 231 3582 295 258

322 320 618 396 ὁμοούσιον
641 321 777 379 εἶναι
809 327 889 380 δεῖ
913 320 1005 380 τού
1030 327 1386 399 εἰκαζομένου
1415 331 1479 382 τὸ
1504 332 1898 404 ἀπεικόνισμαε

2015 333 2159 398 beat,
2191 349 2330 404 opus
2351 349 2471 391 esse
2496 335 2723 406 llguram
2749 339 3269 396 consubstantialem
3298 354 3418 397 esse
3443 328 3580 412 tigu;

325 421 409 488 μὴ
453 416 610 480 εἰδὼς
651 417 751 487 τὴν
798 421 855 471 ὲν
889 419 1074 482 αὐτοῖς
1114 421 1146 490 ἢ
1184 421 1360 485 διδοὺς
1389 422 1688 494 διαφορὰν,
1718 423 1908 496 ὥσπερ

319 511 452 563 ωδε
483 509 732 579 ἐμψύχου
765 510 858 562 καὶ
898 508 1129 578 ἀψύχου,
1165 509 1198 580 ἦ
1230 511 1450 580 λογικοῦ
1488 515 1583 566 καὶ
1620 515 1839 583 ἀλόγου,
1873 516 1906 588 ἢ

318 599 439 651 ’τῶν
474 597 648 661 οὕτως
683 597 1276 670 ἀντιδιαστελλομένων
1310 603 1447 673 πρὸς
1473 603 1681 670 ἄλληλα
1706 606 1766 658 τὸ
1795 605 1908 660 διά-

322 706 496 759 φορον
543 689 942 758 ἐπιστάμενος,
1001 689 1061 753 ἐξ
1106 683 1168 743 οὗ
1207 690 1479 745 δείκνυται
1529 695 1590 747 τὸ
1618 696 1762 750 κατὰ
1809 695 1908 769 τὴν

321 781 559 850 γνώμην
596 781 878 849 ἀνίδρυτον
923 781 1017 834 καὶ
1055 782 1431 853 ἀστεύομητον
1476 783 1901 860 [ἀστάθμητονΓ

321 873 474 928 οὕτω
512 875 576 944 δὴ
615 876 719 928 κᾶν
747 874 960 938 τούτοις
990 878 1054 946 τῇ
1093 877 1228 946 αύτῇ
1257 878 1470 949 διανοίᾳ
1492 879 1794 949 χρώμενος,
1835 885 1902 954 τῇ

325 969 454 1017 κατ’
481 968 642 1018 αὑτὸν
681 965 930 1036 θεολογίᾳ
958 966 1054 1035 τὴν
1092 967 1414 1037 μυθολογίαν
1444 971 1506 1022 ἐκ
1535 972 1737 1042 πολλῆς
1767 974 1904 1041 ἄγαν

324 1056 613 1123 ἀγχινοίας
637 1058 728 1108 καὶ
755 1055 873 1118 νοὸς
907 1055 1117 1125 νήψεως
1153 1061 1233 1118 είς
1267 1059 1435 1130 ἄκρον
1478 1063 1780 1126 συντιθεῖςν
1824 1067 1904 1128 εἰς

322 1145 528 1199 ταυτον
562 1147 684 1213 ἄγει
739 1146 1091 1215 πρωτότυπον
1148 1151 1244 1203 καὶ
1277 1154 1632 1222 παράγωγον.
1673 1157 1779 1208 Καὶ
1828 1157 1904 1220 ὼς

323 1237 435 1290 ἀνὰ
471 1229 636 1306 μέσον
664 1237 817 1306 ἁγίου
866 1240 960 1291 καὶ
995 1239 1229 1310 βεϐήλου
1280 1242 1577 1298 διαστείλαι
1611 1246 1672 1298 οὐ
1713 1248 1902 1317 προεί-

320 1328 484 1390 λετο,
515 1328 638 1382 οὐδὲ
685 1328 890 1381 τούτων
939 1331 1042 1384 ἀνὰ
1081 1331 1246 1400 μέσον
1282 1333 1557 1404 διακρῖναι
1600 1338 1900 1406 ἠνέσχετο,

318 1421 435 1472 οὐδ’
475 1421 599 1474 ὅσον
644 1420 732 1474 ἐπ’
778 1421 924 1491 ἄκρᾳ
953 1421 1173 1493 γλώσσῃ
1215 1422 1308 1475 τοῦ
1343 1426 1472 1494 περὶ
1511 1425 1692 1480 αὐτῶν
1740 1428 1901 1495 λόγου

319 1509 664 1578 ἐξάψασθαι.
717 1509 779 1563 Ὀ
808 1511 917 1581 γὰρ
945 1511 1033 1564 διὰ
1070 1514 1170 1582 τῆς
1202 1513 1412 1578 εἰκόνος
1456 1516 1776 1586 μερίζεσθαι
1810 1519 1901 1572 τὸν

318 1602 562 1671 Χριστὸν
600 1603 865 1668 οἰόμενος,
909 1603 1064 1656 οὐδὲν
1103 1603 1290 1676 ἕτερον
1312 1605 1524 1672 δοξάζει
1563 1609 1596 1678 ἢ
1636 1609 1716 1662 ὅτι
1751 1609 1899 1663 οὐδὲν

317 1691 515 1743 διοίσει
567 1691 801 1760 Χριστὸς
845 1692 944 1760 τῆς
987 1693 1184 1747 ἑαυτοῦ
1216 1696 1459 1760 εἰκόνος,
1515 1697 1652 1752 ἀλλὰ
1704 1701 1898 1754 ταυτὸν

316 1778 465 1834 εἶναι
525 1781 833 1852 ἀμφότερα.
879 1783 966 1845 Ὠς
1009 1784 1064 1836 εί
1091 1802 1156 1853 γε
1213 1785 1313 1855 τὴν
1349 1786 1553 1841 τούτων
1593 1790 1776 1860 κρίσιν
1822 1791 1898 1843 δι-

316 1874 496 1941 έγ-ω,
527 1874 628 1926 οὐκ
667 1874 733 1926 ἂν
761 1873 868 1926 τῶν
912 1874 1074 1945 ἱερῶν
1113 1876 1210 1929 καὶ
1244 1877 1516 1948 σεϐασμοῦ
1551 1880 1716 1944 ἀξίων
1767 1899 1896 1936 κατ-

317 1967 488 2032 έγνω.
526 1966 603 2035 Τῇ
645 1965 755 2035 γὰρ
787 1967 916 2034 κενῇ
945 1965 1071 2038 δόξῃ
1100 1968 1193 2020 καὶ
1227 1970 1550 2039 ματαιότητι
1574 1973 1668 2025 τοῦ
1696 1972 1895 2042 κόσμου

316 2057 670 2125 ἡττώμενος,
721 2056 816 2109 καὶ
870 2056 1128 2128 φιλαυτία
1176 2059 1270 2112 καὶ
1321 2060 1597 2133 έμπαθείᾳ
1650 2063 1898 2116 καταϐα-

315 2148 677 2216 πτιζόμενος,
708 2147 997 2217 ἐσκοτίσθη
1026 2147 1124 2217 τὴν
1163 2149 1360 2220 ψυχὴν,
1389 2141 1484 2204 καὶ
1521 2151 1614 2205 τοῦ
1647 2154 1745 2222 τῆς
1769 2155 1899 2226 ἀλη-

316 2237 471 2300 θείας
502 2236 794 2306 ἐστέρηται
827 2237 1007 2306 φωτὸς
1028 2279 1041 2303 ,
1073 2238 1226 2291 οὐδὲν
1259 2238 1422 2292 πλέον
1463 2240 1571 2294 τῶν
1603 2234 1896 2312 ὁρωμένων

316 2325 480 2388 εἰδὼς
533 2324 564 2395 ἦ
620 2324 1044 2395 φανταζόμενος.
1097 2325 1312 2397 Γεώδης
1347 2325 1451 2400 γὰρ
1497 2327 1572 2383 ὣν
1603 2331 1697 2400 καὶ
1747 2331 1896 2384 κάτω

315 2417 613 2480 νενευκὼς,
645 2417 745 2486 τὴν
781 2417 1236 2488 ὲγκεκρυμμένην
1258 2421 1370 2482 τοῖς
1411 2421 1576 2490 ἱεροῖς
1604 2422 1766 2504 χάριν
1801 2423 1922 2503 καὶ.

314 2507 754 2578 ἐναποκειμένην
779 2509 838 2559 ού
861 2502 1210 2578 κατενόησεν,
1237 2502 1433 2580 οἷάπερ
1465 2509 1627 2580 μέχρι
1645 2502 1739 2583 τῆς
1764 2510 1895 2583 ὕλης

315 2599 544 2654 καὶτῶν
569 2599 881 2667 κτισμάτων
919 2599 1008 2652 τὸν
1039 2599 1164 2652 νοῦν
1200 2601 1618 2672 συνιστάμενος.

402 2693 564 2746 Ἀλλὰ
604 2691 666 2762 δὴ
713 2692 742 2745 ὃ
788 2709 852 2760 γε
883 2692 1136 2762 ἑλόμενος
1163 2733 1177 2756 ,
1221 2689 1310 2746 οἷα
1360 2697 1388 2747 ὁ
1442 2695 1755 2764 σοφώτατος
1801 2698 1894 2752 καὶ

313 2783 806 2857 θεωρητικὼτατος
843 2778 996 2848 οὗτος
1019 2825 1032 2847 ,
1068 2788 1285 2855 φρονεῖν
1315 2803 1374 2838 τε
1421 2789 1514 2840 καὶ
1551 2789 1896 2860 προχειρίζε-

315 2879 480 2942 σθαι,
525 2877 807 2948 ἐρομένοις
867 2880 1002 2948 ἡμῖν
1055 2878 1475 2954 ἀποκρινέσθω,
1532 2882 1626 2934 καὶ
1677 2881 1895 2935 συνδια-

2013 434 2150 490 rato,
2181 428 2434 484 nesciens
2482 429 2564 484 vel
2599 446 2712 486 non
2769 433 3075 487 concedens
3135 431 3492 487 dillerentiam
3527 436 3581 488 in

2007 514 2162 582 ipsis,
2192 517 2338 571 velut
2361 533 2537 588 neque
2568 521 2792 576 animati
2849 531 2904 576 et
2935 521 3242 587 inanimali,
3271 537 3443 592 neque
3489 539 3581 577 ra-

2011 605 2230 662 tionalis
2274 617 2330 662 et
2388 609 2742 676 irrationalis,
2795 611 2876 664 vel
2927 611 3154 665 aliarum
3197 627 3376 666 rerum
3415 613 3574 682 plane

2007 695 2150 750 inter
2171 711 2232 751 se
2271 698 2653 779 dist’inctarum
2708 702 3083 757 diversitatem
3126 718 3464 772 agnoscens;
3500 719 3568 758 ex

2006 800 2114 855 quo
2147 792 2474 843 sententiam
2515 790 2631 858 ejus
2675 803 2899 860 apparet
2945 793 3213 846 inﬁrmam
3248 810 3367 848 esse
3397 805 3452 849 et
3498 797 3582 848 in-

2003 877 2285 934 stabilem:
2309 881 2463 936 sicin
2499 882 2583 936 his
2599 882 2788 949 etiam,
2818 884 3004 936 eadem
3028 895 3206 938 mente
3225 896 3402 950 utens,
3425 887 3580 941 theo—

2007 965 2165 1037 logia:
2191 970 2717 1041 sttzetnytltologiarn
2779 974 2946 1026 multo
3000 975 3281 1028 enimvero
3323 977 3580 1040 acumine

2005 1072 2072 1109 ac
2100 1059 2299 1127 ruentis
2330 1061 2628 1117 sobrietate
2658 1063 2931 1132 exquisite
2967 1065 3299 1132 admiscens,
3349 1067 3578 1134 perinde

2006 1150 2172 1203 habet
2193 1161 2542 1223 prototypum
2582 1162 2636 1209 et
2667 1154 2784 1219 eius
2803 1156 3266 1210 simulamentum.
3309 1160 3385 1211 Ac
3414 1160 3574 1212 sicuti

1989 1233 2147 1319 Linter
2203 1257 2451 1297 sanctum
2505 1255 2557 1298 et
2594 1245 2852 1314 pollutum
2896 1263 3001 1300 non
3047 1250 3163 1300 vult
3204 1249 3576 1318 distinguere;

2004 1345 2071 1382 ne
2114 1330 2257 1382 inter
2299 1336 2412 1384 haec
2465 1335 2682 1400 quidem
2744 1335 3060 1390 discernere
3114 1337 3340 1406 patitur,
3401 1351 3454 1390 et
3511 1352 3577 1390 ne

2001 1421 2229 1475 summis
2261 1422 2478 1503 quidem
2531 1423 2700 1478 labris
2753 1427 3057 1479 doctrinam
3120 1428 3258 1480 hanc
3307 1428 3571 1481 delibare.

2001 1509 2134 1564 Nam
2181 1515 2273 1582 qui
2334 1515 2403 1567 ob
2457 1514 2657 1568 factam
2729 1516 3020 1586 imaginem
3077 1519 3240 1572 dividi
3294 1519 3572 1572 Christum

2005 1611 2180 1670 putat,
2242 1604 2375 1657 nihil
2431 1605 2576 1660 aliud
2633 1609 2956 1673 arbitratur,
3009 1610 3112 1662 nisi
3169 1609 3446 1662 Christum
3507 1609 3574 1664 ab

2007 1691 2239 1762 imagine
2275 1709 2370 1748 sua
2413 1711 2517 1748 non
2568 1695 2817 1760 differre,
2860 1703 2953 1752 sed
2987 1701 3147 1753 ambo
3207 1713 3326 1753 esse
3380 1713 3569 1752 unum.

2005 1781 2195 1847 Secus,
2225 1784 2268 1837 si
2311 1786 2425 1839 haec
2473 1788 2721 1841 novisset
2754 1789 3091 1854 discernere,
3147 1805 3233 1844 res
3293 1804 3476 1844 sacras
3519 1797 3575 1842 et

2005 1873 2150 1927 cultu
2181 1875 2372 1942 dignas
2415 1892 2518 1930 non
2548 1879 2879 1934 damnasset.
2919 1879 2986 1932 At
3015 1879 3160 1933 enim
3193 1895 3329 1933 vana
3378 1879 3568 1948 gloria,

2002 1975 2058 2018 et
2084 1967 2268 2021 mundi
2301 1969 2536 2024 stultitia
2569 1970 2767 2032 victus,
2804 1971 2965 2024 nimis
2996 1971 3079 2025 sui
3121 1987 3310 2024 amans
3336 1981 3390 2024 et
3420 1973 3571 2039 cupi-

2003 2057 2262 2113 ditatibus
2297 2075 2532 2126 mersus,
2573 2061 2808 2114 animam
2833 2061 2973 2130 gerit
3004 2051 3433 2126 ohtcnebratam,
3475 2077 3570 2114 ve-

2004 2147 2292 2218 ritatisque
2321 2150 2525 2204 lumine
2550 2162 2722 2213 caret,
2761 2153 2896 2206 nihil
2921 2161 3118 2221 prretcr
3138 2152 3372 2207 visibilia
3393 2154 3570 2206 sciens

2002 2245 2167 2304 atque
2229 2237 2551 2305 imaginaris.
2600 2237 2734 2292 Nam
2788 2249 3038 2294 terrenus
3089 2231 3256 2302 totus,
3313 2250 3367 2294 et
3422 2241 3568 2293 humi

2002 2341 2231 2396 pronus,
2284 2328 2529 2381 abditam
2581 2331 3032 2399 reconditamque
3082 2331 3134 2384 in
3184 2331 3362 2385 sacris
3407 2331 3568 2384 rebus

2000 2417 2226 2486 gratiam
2267 2433 2371 2471 non
2408 2421 2676 2488 agnoscit,
2716 2429 2900 2489 utpote
2948 2422 3044 2490 qui
3093 2421 3235 2474 intra
3286 2421 3568 2476 materiam

1999 2515 2210 2562 tantum
2245 2520 2295 2564 et
2329 2521 2610 2567 creaturas
2643 2521 2876 2566 mentem
2901 2512 3160 2567 continet.

2070 2689 2182 2756 Age
2218 2704 2344 2744 vero
2372 2689 2414 2743 si
2456 2690 2596 2759 quis,
2658 2705 2809 2759 aeque
2847 2705 2912 2744 ac
2977 2691 3078 2745 iste
3131 2691 3570 2759 sapientissimus

1999 2789 2161 2848 atque
2189 2779 2560 2845 acutissimus,
2606 2781 2679 2834 ita
2717 2781 2959 2851 cogitare
2997 2791 3051 2835 et
3095 2782 3334 2851 protiteri
3383 2783 3570 2836 decre-

2005 2873 2100 2936 vit,
2133 2873 2592 2941 interrogantibus
2622 2873 2776 2928 nohis
2802 2875 3152 2943 respondeat,
3192 2889 3255 2926 ac
3283 2889 3446 2943 porro
3476 2873 3571 2926 det

315 2970 672 3033 σκεπτέσθω,
728 2969 804 3032 ὡς
856 2969 922 3023 ἂν
971 2970 1124 3039 γνοίη
1181 2972 1302 3023 ὅποι
1366 2972 1436 3025 τὰ
1487 2973 1594 3027 τῶν
1653 2974 1892 3045 προϐλη-

2003 2979 2222 3032 Operam
2258 2975 2313 3017 ut
2341 2973 2601 3034 agnoscat
2633 2979 2916 3034 quousque
2973 2964 3373 3034 propositiones
3425 2964 3570 3018 illius

317 3062 509 3133 μάτων
564 3060 711 3130 αύτῷ
763 3058 917 3124 ἐξίοι.
977 3061 1200 3127 Λεγέτω
1248 3061 1358 3128 γὰρ
1408 3063 1540 3130 ἡμῖν
1593 3062 1894 3134 πρότερον,

313 3152 367 3203 εἰ
419 3151 550 3218 παρ’
602 3150 822 3226 ὁτουοῦν
879 3149 1222 3218 Χριστιανῶν
1273 3147 1414 3202 οὓτω
1461 3150 1620 3219 δόξης
1668 3153 1900 3205 ἐπύθετο

311 3241 554 3310 ἔχοντος.
639 3239 781 3292 Ἀλλ’
824 3240 924 3290 οὐκ
975 3237 1042 3290 ἂν
1091 3239 1266 3291 εἰπεῖν
1319 3238 1618 3309 ίσχύσειεν,
1670 3242 1770 3294 οὐκ
1832 3241 1897 3296 ἂν

315 3331 432 3400 ἔχοι
463 3328 631 3394 δεῖξαι
657 3343 669 3357 ⁶
713 3328 994 3398 τέχνασμα
1036 3328 1144 3399 γὰρ
1175 3330 1269 3382 καὶ⁸
1299 3330 1667 3403 κακούργημα
1693 3334 1896 3387 οἰκεῖον

315 3421 614 3492 προφανῶς
661 3420 810 3490 αὐτῷ
866 3421 969 3491 ἤδη
1021 3419 1412 3490 προϐέϐληται.
1466 3421 1656 3492 Ὅμως
1707 3423 1751 3476 δ’
1806 3420 1898 3478 οὖν

316 3515 451 3584 ποί-μ.
476 3513 702 3582 δυνάμει
748 3512 841 3564 καὶ
869 3513 975 3581 ὅτῳ
1001 3513 1190 3581 τρόπῳ
1223 3513 1547 3581 συμϐαίνειν
1574 3513 1744 3569 ταῦτα
1774 3516 1898 3585 βού-

314 3607 472 3659 λεται
518 3607 546 3655 ὁ
573 3603 682 3655 τῶν
719 3602 921 3655 καινῶν
967 3603 1172 3655 τούτων
1217 3604 1504 3672 δογμάτων
1536 3605 1763 3676 εὑρετής
1783 3624 1797 3671 ἶ
1834 3609 1896 3662 ΕΞ

313 3699 429 3767 γὰρ
455 3695 658 3764 κτίσμα
688 3695 848 3762 μόνον
875 3695 902 3746 δ
927 3693 1163 3764 Χριστὸς
1192 3694 1734 3764 χαρακτηριζόμενος
1757 3699 1895 3751 ἀπο-

315 3789 599 3851 λείπεται,
651 3785 751 3854 τῆς
795 3783 946 3847 θείας
983 3781 1246 3853 ἁμοιροῦν
1303 3783 1516 3851 φύσεως
1561 3784 1640 3856 τῷ
1690 3787 1896 3860 ταύτην

315 3879 587 3947 ὑπάρχειν
605 3877 1040 3946 ἀπερίγραπτον,
1069 3873 1246 3944 πολλῷ
1265 3873 1328 3946 δή
1361 3893 1464 3929 που
1497 3876 1893 3947 σαρκούμενον,

313 3970 479 4022 τοῦτο
508 3968 774 4039 πρότερον
799 3965 1128 4018 πεπονθέναι
1153 3965 1260 4018 ἔδει
1277 3982 1290 3996 ο
1324 3966 1554 4019 καθόσον
1580 3969 1674 4020 καὶ
1699 3971 1728 4040 ή
1756 3972 1898 4023 ἀνει.

313 4063 573 4134 λημμένη
605 4058 682 4129 τῷ
725 4059 883 4129 Λὸγῳ
913 4057 1083 4126 σὰρξε,
1116 4057 1420 4127 οἰκειοτέρα
1459 4059 1608 4128 αύτῷ
1638 4060 1737 4130 τῆς
1774 4065 1896 4115 κατ’

313 4153 489 4222 αὐτὴν
529 4135 738 4212 εἰκόνος
767 4150 1210 4223 ὡςδὰρχὲτυπον.
1279 4149 1498 4220 Ἐπειδὴ
1541 4152 1792 4222 οὐδαμῶς
1831 4172 1894 4222 γε

312 4247 350 4314 ἡ
391 4243 480 4296 διὰ
506 4241 601 4295 τοῦ
631 4239 1129 4311 χαρακτηρίζεσθαι
1169 4240 1399 4309 μίμησις
1427 4241 1610 4303 καλῶς
1651 4244 1895 4314 τηρηθῆ-

2000 3059 2248 3114 evadant.
2279 3056 2432 3112 Dicat
2472 3057 2615 3110 enim
2653 3056 2806 3111 nobis
2839 3058 3094 3126 primum.
3133 3073 3261 3110 num
3293 3059 3360 3110 ab
3391 3057 3570 3126 aliquo

2001 3149 2318 3204 Christiano
2388 3147 2460 3200 ita
2519 3145 2776 3216 opinante
2830 3145 3114 3200 didicerit?
3163 3145 3411 3200 Profecto
3471 3161 3571 3200 nec

1999 3239 2273 3292 allirmare
2303 3237 2353 3291 id
2391 3238 2608 3306 poterit,
2644 3251 2742 3291 nec
2773 3236 3189 3291 demonstrare:
3225 3250 3381 3288 suum
3421 3236 3565 3288 enim

2003 3329 2166 3400 ipsius
2193 3339 2246 3383 et
2278 3329 2566 3383 artilicium
2591 3339 2646 3384 et
2677 3327 3001 3382 maleficium
3022 3329 3139 3383 sine
3165 3328 3330 3382 dubio
3359 3327 3568 3398 jamdiu

2001 3435 2111 3491 prae
2148 3436 2204 3474 se
2245 3419 2372 3475 fert.
2407 3419 2816 3481 Verumtamen,
2861 3434 2966 3488 qua
3022 3419 3095 3483 vi,
3153 3434 3328 3487 quove
3382 3421 3564 3484 modo,

2002 3515 2114 3566 inec
2156 3514 2380 3566 inter-se
2407 3526 2732 3580 componere
2773 3511 2886 3565 vult
2919 3511 3004 3564 hic
3045 3511 3356 3580 dogmatum
3405 3526 3570 3562 novo-

1999 3619 2117 3658 rum
2149 3602 2438 3656 inventor?
2467 3603 2522 3656 Si
2556 3603 2700 3656 enim
2737 3603 2984 3656 Christus
3031 3601 3290 3670 ﬁguratus
3320 3611 3569 3656 creatura

1999 3703 2204 3747 tantum
2236 3702 2498 3755 remanet,
2522 3693 2825 3761 divinaque
2851 3707 3047 3762 expers
3073 3700 3278 3746 naturae
3307 3694 3426 3760 quia
3458 3693 3572 3747 hare

2003 3781 2473 3848 incircumscripta
2508 3789 2606 3842 est,
2651 3782 2817 3835 multo
2877 3782 2926 3836 id
2992 3782 3142 3852 prius
3199 3784 3308 3852 pati
3361 3783 3567 3844 debuit,

1998 3887 2120 3925 cum
2149 3881 2232 3924 est
2285 3873 2636 3938 incarnatus;
2675 3882 2944 3940 quatenus
2993 3885 3267 3941 assumpta
3306 3890 3334 3926 ιι
3389 3873 3568 3928 Verbo

1996 3977 2146 4025 caro,
2181 3961 2352 4030 magis
2377 3963 2592 4029 pr0pria
2644 3965 2761 4031 ejus
2795 3974 2899 4026 est,
2937 3979 3099 4032 quam
3158 3965 3336 4034 imago
3387 3967 3573 4019 art-beo

1997 4054 2104 4126 ι)τυί
2137 4069 2150 4107 :
2183 4053 2618 4122 quandoquidem
2645 4069 2704 4106 ea
2754 4068 2873 4121 qua:
2915 4054 3196 4121 ﬁgurando
3234 4055 3292 4108 lit
3339 4057 3570 4111 imitatio

1997 4164 2102 4200 non
2138 4147 2276 4200 bene
2299 4146 2624 4210 servabitur,
2652 4146 2752 4198 nisi
2779 4145 3078 4214 exemplari
3109 4148 3286 4214 quoad
3321 4147 3433 4200 ﬁeri
3471 4163 3569 4217 po-

1999 4243 2104 4288 test
2131 4234 2482 4288 assimiletur.
2519 4233 2803 4299 Quomodo
2845 4236 2988 4288 cnim
3039 4237 3180 4302 quod
3216 4238 3282 4292 ad
3343 4238 3571 4306 alicujus

315 4349 495 4394 σεται,
528 4333 574 4382 εἰ
609 4329 683 4400 μὴ
713 4332 827 4391 τοῖς
852 4330 1287 4398 προηγουμένοις
1311 4328 1386 4400 ὡς
1412 4326 1523 4382 οἷόν
1546 4347 1602 4382 τε
1635 4330 1893 4401 ἐξομοιω-

2002 4327 2356 4380 imitationem
2405 4327 2924 4396 similitudinemque
2987 4328 3080 4394 ﬁt,
3151 4344 3313 4397 agere
3366 4331 3569 4399 aliquid

314 4424 461 4491 θείη.
519 4421 638 4483 [Ιὼς
685 4419 793 4490 γὰρ
839 4420 897 4472 τι
935 4423 991 4472 ὲν
1051 4420 1285 4490 μιμήσει
1322 4419 1467 4482 τινὸς
1499 4419 1592 4472 καὶ
1636 4422 1892 4491 ὁμοιώσει

311 4515 624 4584 γινόμενον,
648 4509 850 4581 δρᾶσαί
880 4529 934 4564 τι
963 4512 1251 4580 δυνήσεται
1291 4511 1323 4579 ἢ
1362 4512 1545 4574 πάθοι,
1576 4514 1624 4564 εἰ
1659 4515 1734 4583 μὴ
1766 4515 1896 4584 πρόο

309 4622 474 4676 τερον
505 4605 565 4656 τὸ
595 4600 654 4658 οὗ
685 4607 834 4656 ἐστιν
862 4601 1143 4672 ὁμοίωμα,
1178 4601 1322 4655 οὕτω
1356 4604 1600 4670 πέφυκεν
1623 4601 1803 4673 siut;
1837 4608 1895 4660 Εἰ

310 4697 370 4750 δὲ
425 4695 487 4748 τὸ
541 4693 716 4747 ταῦτα
771 4694 985 4761 λέγειν,
1032 4693 1269 4763 ἐσχάτης
1315 4693 1747 4763 παραφροσύνης
1804 4699 1897 4750 καὶ

310 4785 635 4848 δυσσεϐείας
664 4785 804 4851 ἐστὶ,
835 4785 955 4848 πῶς
983 4785 1104 4854 οὐχὶ
1134 4785 1364 4836 κάκεῖνα
1409 4784 1608 4852 μανίας
1637 4785 1736 4854 τῆς
1765 4786 1899 4840 ἀνω-

310 4878 496 4942 τάτως
533 4876 595 4929 Εἰ
632 4876 740 4946 γάρ
773 4892 856 4937 τις
889 4876 1022 4945 φαίη
1060 4873 1233 4944 ἀληθῆ
1263 4877 1445 4926 ἐκεῖνα
1471 4867 1611 4928 εἶναι
1632 4916 1645 4939 ,
1676 4876 1897 4940 πάντως

314 4988 419 5022 που
468 4969 610 5022 κατὰ
638 4967 700 5020 τὸ
747 4967 1040 5020 ἀκόλουθον
1089 4967 1184 5019 τοῦ
1227 4967 1407 5033 λόγου,
1453 4965 1643 5036 ἐπειδὴ
1679 4968 1896 5038 ἀληθῶς

311 5062 508 5131 ὠράθη
542 5059 854 5128 ἀνθρώποις
885 5059 1146 5129 πεφηνὼς
1170 5059 1294 5110 καθ’
1326 5059 1472 5127 ἡμᾶς
1499 5060 1524 5110 ὁ
1554 5059 1807 5127 Χριστὸς,
1834 5061 1894 5112 ού

313 5154 526 5222 πέφυκε
555 5153 612 5205 δὲ
646 5155 679 5222 ἡ
711 5151 832 5205 θεία
858 5151 1019 5220 φύσις
1049 5150 1304 5218 ὁρᾶσθαι,
1337 5149 1473 5202 πολὺ
1503 5148 1704 5217 μᾶλλον
1745 5150 1897 5220 παρὰ

311 5247 372 5299 τὸ
411 5245 486 5316 μὴ
517 5243 748 5315 ὁρᾶσθαι
778 5243 969 5313 αὐτὴν,
1003 5242 1209 5310 κτίσμα
1253 5242 1412 5309 μόνον
1441 5239 1504 5292 τὸ
1537 5240 1731 5316 θεαθὲν
1765 5241 1896 5293 ὑποο

310 5339 592 5405 λελεῖφθαι
623 5336 1000 5406 συμϐήσεται,
1033 5335 1133 5403 τῆς
1167 5334 1316 5396 θείας
1348 5333 1420 5402 μὴ
1453 5330 1618 5401 ούσης
1654 5333 1712 5384 ἐν
1745 5333 1894 5402 αὐτῷ

312 5433 553 5503 φύσεως,
594 5431 690 5483 καὶ
733 5427 989 5482 τοσοῦτον
1016 5428 1140 5480 ὅσον
1181 5426 1276 5478 καὶ
1307 5427 1540 5494 πρώτως
1583 5423 1895 5493 ἀνθρώποις

310 5524 535 5596 ὡρὰθη,
583 5520 724 5574 οὕτω
771 5537 830 5572 τε
877 5512 1390 5590 χαρακτηρισθῆναι
1434 5515 1692 5584 ἐδέησεν·
1733 5515 1781 5566 εί
1814 5515 1888 5584 μὴ

310 5622 422 5690 γὰρ
466 5613 728 5669 ἐθεάσατό
759 5631 862 5674 τις.
897 5611 1017 5664 οὑδὲ
1062 5608 1467 5680 ἑχαρακτὴρισέ
1499 5623 1603 5659 πον
1649 5606 1883 5670 πάντως.

1997 4428 2090 4470 aut
2131 4419 2236 4486 pati
2274 4420 2493 4487 poterit,
2551 4417 2654 4472 nisi
2689 4428 2846 4473 antea
2881 4417 2932 4472 itl
2987 4422 3142 4487 cujus
3177 4433 3259 4476 est
3310 4421 3568 4485 imitatio,

1999 4507 2071 4562 ita
2102 4524 2159 4562 se
2187 4509 2419 4562 haheat?
2449 4509 2598 4574 Quod
2633 4509 2676 4562 si
2710 4508 2823 4562 haec
2855 4511 3062 4572 dicere,
3095 4525 3304 4564 summa
3340 4511 3566 4564 demen-

2000 4601 2071 4652 tia
2103 4600 2458 4669 impietasque
2480 4610 2582 4665 est,
2623 4600 2812 4669 quidni
2863 4612 2916 4655 et
2955 4601 3040 4654 illa
3075 4604 3126 4654 in
3164 4605 3383 4657 vesania
3421 4619 3569 4655 smn-

2000 4706 2083 4744 tna
2128 4689 2451 4743 Vt'l'St’ttltlr?
2494 4689 2626 4745 Nam
2674 4691 2719 4744 si
2753 4693 2877 4759 quis
2919 4692 3009 4746 illa
3055 4709 3181 4748 vera
3227 4709 3348 4749 esse
3403 4695 3567 4757 tlltal,

1999 4796 2224 4847 prorsus
2261 4781 2533 4836 sermonis
2583 4784 2896 4838 necessario
2941 4799 3108 4849 nexu,
3154 4786 3407 4852 quoniam
3443 4800 3569 4838 vere

1997 4868 2311 4924 hominibus
2364 4870 2596 4925 visibilis
2637 4871 2737 4925 fuit
2788 4886 2912 4927 eum
2963 4873 3106 4927 inter
3152 4889 3248 4928 nos
3322 4876 3570 4942 apparuit

1998 4958 2251 5014 Christus
2281 4960 2610 5030 (quanquam
2648 4963 2764 5017 lleri
2811 4964 2998 5032 nequit
3032 4973 3089 5018 ut
3137 4967 3318 5019 divina
3373 4960 3568 5020 natura

1999 5052 2420 5121 conspiciatur),
2459 5055 2729 5120 sequitur,
2764 5057 3004 5122 inquam,
3042 5065 3098 5106 ut
3123 5055 3246 5121 quia
3275 5056 3448 5108 divina
3483 5072 3568 5108 na-

2001 5152 2119 5196 tura
2153 5159 2258 5197 nou
2291 5154 2370 5198 est
2397 5146 2713 5213 conspicua,
2752 5146 2803 5197 id
2836 5147 2980 5215 quod
3015 5146 3274 5208 cernitur,
3320 5160 3560 5200 creatura

1998 5241 2207 5307 potiore
2248 5240 2370 5308 jure
2411 5241 2783 5296 tantummodo
2815 5242 2917 5304 sit,
2958 5240 3137 5294 divina
3185 5241 3254 5295 ibi
3287 5258 3387 5295 non
3421 5243 3562 5295 exsi-

1997 5343 2174 5386 stcute
2207 5342 2419 5386 natura.
2447 5331 2564 5388 Jam
2603 5348 2732 5386 vero
2775 5343 3044 5402 quatenus
3077 5333 3323 5402 primitus
3372 5335 3435 5384 ah
3471 5333 3560 5386 ho-

1999 5424 2235 5477 minibus
2287 5434 2609 5491 conspectus
2655 5421 2792 5488 fuit,
2851 5433 3078 5477 eatenus
3144 5425 3303 5478 etiam
3352 5424 3558 5490 figurari

1999 5515 2225 5581 debuit;
2259 5530 2380 5566 nam
2415 5514 2514 5567 nisi
2558 5515 2682 5582 quis
2723 5515 2941 5576 viderit,
2973 5531 3039 5568 ne
3082 5515 3302 5585 ﬁguram
3348 5516 3556 5584 quidem

1999 5604 2211 5662 cmi-tet.
2239 5605 2391 5671 Quod
2427 5605 2471 5659 si
2495 5604 2857 5658 criminantur
2895 5606 2962 5660 ob
2999 5607 3175 5662 dictas
3205 5619 3389 5662 causas
3443 5605 3556 5676 pic-
