3972 6130
417 196 523 261 259

1443 193 1505 251 S.
1547 188 1964 252 NICEPHORI
2007 191 2510 252 PATRIARCHAE
2547 191 2654 251 CP.

3568 186 3684 251 260

425 316 620 370 torem,
659 299 849 373 quidni
903 298 1071 354 multo
1139 297 1312 367 magis
1362 311 1482 351 eum
1534 296 1624 365 qui
1669 304 1992 363 conspectus

2102 295 2159 346 Et
2188 294 2244 347 δέ
2276 293 2530 363 ἔγκλημα
2563 293 2652 347 διά
2679 294 2780 363 τὰς
2816 295 3114 366 εἰρημένας
3149 296 3330 360 αἰτίας
3364 295 3443 366 τῷ
3476 312 3685 366 γεγρα-

420 393 541 448 est?
574 393 840 461 siquidem
886 393 956 444 ob
989 390 1040 443 id
1082 389 1423 456 potissimum
1469 387 1626 438 unica
1679 384 1881 440 Christi
1932 399 1992 439 se

421 484 684 538 subduxit
733 497 988 552 persona,
1025 481 1266 548 nihilque
1321 477 1468 532 aliud
1517 492 1681 546 quam
1736 486 1988 531 creatura

422 575 708 640 superfuit.

492 685 586 739 τι.
619 685 773 750 Quod
814 684 857 738 si
894 697 924 737 a
949 681 1204 736 credente
1234 681 1475 748 quodam
1512 687 1772 733 exoratus
1828 677 1992 732 Citri-

422 776 693 846 stus('53),
722 775 959 828 divinum
989 772 1198 825 vultum
1229 786 1383 825 suum
1414 770 1466 822 in
1494 769 1657 824 linteo
1679 783 1991 837 expressum

424 870 596 935 misit,
635 886 733 923 cur
784 869 904 922 aliis
937 864 1182 918 eumdem
1239 861 1595 932 ﬁgurantibus
1631 860 1748 913 dica
1786 868 1990 913 temere

423 955 717 1012 scribitur?
744 957 850 1026 37
885 955 1087 1010 Deinde
1117 962 1169 1006 et
1195 955 1296 1007 hoc
1329 949 1599 1005 sciscitari
1625 965 1838 1018 mquam
1867 949 1948 1003 est
1975 963 1990 1000 :

423 1047 574 1103 itane
611 1059 804 1101 natura
829 1053 1180 1116 comparatus
1214 1042 1468 1097 Christus
1504 1051 1562 1094 ttt
1591 1041 1704 1095 haec
1728 1039 1836 1109 pati
1870 1055 1995 1109 pos-

420 1147 524 1203 set,
557 1153 753 1206 passns
813 1146 916 1204 est,
951 1135 1158 1190 necne?
1197 1134 1255 1188 Si
1286 1142 1478 1202 suapte
1511 1142 1704 1186 natura
1733 1133 1844 1187 hare
1885 1131 1993 1200 pati

420 1244 526 1282 non
561 1238 796 1298 poterat,
825 1228 983 1296 plane
1024 1235 1173 1280 errat
1214 1233 1268 1279 et
1308 1223 1531 1288 insanit,
1586 1223 1677 1292 qui
1707 1237 1770 1276 ea
1807 1221 1995 1275 crimi-

422 1325 604 1382 natur,
636 1327 958 1384 sutnmaque
1007 1313 1280 1383 pravitate
1309 1321 1364 1366 et
1409 1311 1632 1364 vesania
1665 1310 1822 1364 labor
1875 1308 1995 1378 ejus

422 1407 710 1461 redundat.
748 1404 882 1459 Nam
912 1414 1098 1460 contra
1122 1417 1302 1456 rerum
1360 1410 1611 1455 naturam
1664 1400 1997 1456 contendere

421 1512 544 1551 eum
571 1506 818 1565 apparet,
843 1506 900 1551 et
923 1496 972 1550 ei
1020 1495 1216 1550 rationi
1250 1494 1350 1561 ipsi
1400 1508 1505 1563 qua
1534 1508 1620 1548 res
1643 1507 1869 1562 quaeque
1901 1505 1998 1544 ex-

423 1589 571 1642 sistit
603 1586 896 1640 obluctari.
928 1585 1062 1639 Nam
1094 1587 1237 1654 quod
1257 1584 1524 1651 exsistere
1571 1583 1776 1652 nequit,
1827 1585 1873 1638 is
1899 1582 1994 1636 de-

421 1682 597 1734 cernit
627 1679 934 1734 uecessario
968 1680 1229 1735 exsistere
1257 1698 1270 1734 :
1305 1687 1360 1734 et
1414 1677 1558 1749 quod
1613 1676 1726 1731 fieri
1774 1687 1994 1729 natura-
2026 1656 2070 1712 Β

422 1770 546 1824 ii‘ter
579 1776 784 1840 nequit,
815 1782 1241 1824 consentaneum
1279 1784 1401 1824 esse
1437 1776 1493 1820 ut
1531 1767 1623 1822 iiat
1653 1764 1904 1820 aiiirmat.
1938 1764 1996 1820 Si

422 1877 554 1928 ergo
585 1860 660 1914 ita
715 1869 908 1915 natura
949 1870 1294 1930 comparatus
1338 1860 1408 1915 sit
1459 1857 1737 1926 Christus,
1789 1867 1997 1914 temere

423 1949 849 2019 reprehenditur
895 1951 1072 2018 pictor
1117 1959 1210 2003 aut
1271 1957 1593 2018 spectator:
1649 1962 1824 2017 neque
1852 1945 1999 2000 enim

423 2041 548 2108 quia
587 2041 764 2110 pictor
795 2041 988 2108 pingit,
1021 2048 1077 2094 et
1107 2039 1233 2108 quia
1289 2039 1478 2092 videns
1525 2038 1695 2100 videt,
1740 2037 1997 2106 prmdicta

423 2135 792 2201 contigerunt,
831 2132 925 2185 sed
964 2141 1186 2200 prepter
1218 2130 1391 2184 visum
1424 2137 1586 2199 atque
1609 2127 1905 2197 depictum,
1943 2127 1996 2182 id

424 2233 508 2276 est
529 2234 750 2291 propter
777 2221 899 2277 eum
930 2221 1014 2276 cui
1045 2221 1167 2276 talia
1206 2220 1527 2275 naturaliter
1551 2219 1786 2282 inerant.
1811 2218 2000 2288 itaque

426 2312 544 2381 ipse
575 2316 752 2381 potius
779 2314 872 2382 qui
906 2312 1053 2366 visus
1090 2311 1194 2365 fuit
1238 2321 1291 2364 et
1323 2313 1536 2379 pictus,
1571 2312 1774 2380 quique
1827 2311 1998 2364 abun-

433 2405 617 2457 dantia
655 2418 766 2457 sua:
790 2417 918 2471 erga
961 2403 1208 2456 homines
1247 2401 1622 2472 benignitatis,
1679 2412 1850 2456 semet
1895 2402 1997 2456 hu-

427 2495 680 2557 tniiiavit,
743 2493 1120 2562 visihiiemque
1169 2500 1224 2548 et
1263 2493 1591 2548 delineatum
1627 2495 1782 2548 nobis
1828 2503 2001 2548 semet

426 2584 478 2639 itt
521 2599 615 2640 sua
653 2585 1028 2639 exinanitioue
1065 2582 1279 2649 obtulit,
1313 2583 1449 2652 ipse,
1478 2584 1724 2653 inquam,
1759 2593 1813 2638 et
1858 2584 1999 2639 divi-

423 2674 596 2728 sionis
633 2689 763 2737 suae,
809 2683 864 2727 et
907 2674 973 2726 ad
1004 2672 1265 2740 simplicis
1315 2681 1582 2727 creaturae
1633 2672 1997 2728 conditionem

422 2762 792 2826 deutissionis,
842 2776 1007 2815 causa
1057 2760 1342 2830 potissima
1401 2761 1723 2816 exstitisset.
1765 2760 1840 2814 Ex
1890 2777 1998 2830 quo

423 2851 635 2902 videtur
665 2844 1160 2920 novut’n'qnoddam
1186 2851 1557 2906 accusationis
1584 2866 1755 2922 genus
1781 2849 1997 2906 Christo

423 2939 648 2994 conﬂari
674 2959 688 3005 ;
719 2942 790 2995 ita
818 2953 877 2994 ut
912 2957 1048 3011 quas
1075 2943 1145 2997 ob
1176 2957 1366 2997 causas
1401 2957 1498 2997 ceu
1558 2943 1873 2998 benefactor
1899 2943 1999 2998 ho-

421 3031 693 3084 norandus
745 3041 892 3084 esset
937 3042 1102 3100 atque
1161 3032 1492 3096 adorandus,
1527 3031 1766 3087 indidem
1817 3034 1996 3102 potius

424 3120 752 3189 vituperatio
801 3120 878 3173 illi
913 3131 968 3174 et
1015 3121 1342 3200 contumelia
1395 3122 1758 3192 contingeret.
1807 3122 1994 3178 Gratia

2099 383 2242 453 φότι,
2296 384 2448 453 πόσῳ
2490 383 2727 453 μάλιστα
2765 385 2843 455 τῷ
2900 385 3182 453 θεαθέντι;
3227 387 3313 440 ὅτι
3372 386 3464 439 διὰ
3519 387 3690 449 τοῦτον
3771 434 3782 438 -

2101 476 2336 546 μάλιστα
2383 477 2416 545 ἡ
2451 477 2551 546 μία
2600 476 2740 529 κατὰ
2771 476 3005 546 Χριστὸν
3033 476 3320 547 διέστηκεν
3354 476 3684 539 ὑπόστασις,

2099 567 2195 619 καὶ
2223 567 2430 636 κτίσμα
2462 567 2620 636 μόνον
2645 566 2785 637 αὐτὴ
2809 566 3249 622 καταλέλειπται.

2172 679 2270 733 κδ’.
2321 679 2384 731 Ei
2418 679 2473 731 δέ
2507 677 2660 749 παρά
2687 695 2793 732 τινι
2823 679 2932 732 τῶν
2961 679 3172 732 πιστῶν
3200 677 3444 747 αἰτηθεὶς
3483 681 3514 735 6
3545 681 3690 752 Χρι-

2103 767 2228 830 στὸς
2249 809 2263 833 ,
2297 767 2387 821 τὸν
2425 767 2619 820 ἑαυτοῦ
2657 767 2798 821 θεῖον
2827 769 3158 841 χαρακτῆρα
3205 769 3367 840 ὀθόνῃ
3398 770 3692 837 ἐναπεμά-

2102 857 2230 924 ξατο
2258 859 2351 911 καὶ
2381 857 2676 928 ἐξέπεμψε,
2709 858 2760 910 τί
2794 859 2969 930 μάτην
2999 860 3149 914 ἄλλοι
3176 861 3691 931 χαρακτηρίζοντες

2101 950 2264 1004 αὐτὸν
2309 950 2712 1018 ἐγκαλοῦνταις,
2747 946 2883 1004 Εἶτα
2937 951 3122 1021 ζητεῖν
3156 953 3250 1005 καὶ
3281 952 3442 1005 τοῦτο
3481 952 3637 1016 ἀξιον
3667 967 3684 982 ⁸

2102 1039 2370 1107 Πειρυκὼς
2406 1040 2578 1093 ταῦτα
2629 1041 2863 1110 πάσχειν
2916 1043 2945 1094 6
3005 1041 3262 1111 Χριστὸς,
3295 1042 3596 1107 πέπονθεν,
3649 1043 3685 1111 ἦ

2099 1127 2199 1192 ob;
2233 1129 2295 1181 Ei
2323 1128 2424 1198 μὲν
2452 1129 2561 1199 γὰρ
2593 1129 2653 1181 οὒ
2687 1129 2901 1198 πέφυκε
2932 1130 3183 1200 πάσχειν,
3215 1129 3424 1201 πλάνης
3460 1131 3690 1200 πλήρης

2101 1220 2198 1273 καὶ
2246 1220 2607 1290 ματαιότητος
2636 1219 2824 1290 γέμων
2869 1223 2898 1274 ό
2923 1221 3095 1274 ταῦτα
3139 1221 3388 1288 ἐγκαλῶν
3411 1259 3426 1288 ,
3469 1223 3567 1273 καὶ
3599 1225 3689 1283 είς

2102 1308 2272 1383 άκρον
2317 1310 2640 1380 σκαιότητος
2685 1312 2778 1364 καὶ
2807 1310 3067 1375 ἀπονοίας
3109 1311 3412 1383 ἐκϐέϐηκεν
3458 1314 3486 1364 6
3518 1313 3689 1372 πόνος

2102 1399 2273 1471 αὐτῷ.
2301 1401 2412 1453 Καὶ
2441 1401 2549 1472 γὰρ
2580 1398 2674 1455 οὖν
2760 1402 2856 1455 καὶ
2885 1405 2951 1473 τῇ
3003 1401 3115 1454 τῶν
3151 1402 3499 1472 πραγμάτων
3537 1403 3685 1472 αὐτῇ
3747 1399 3762 1411 ’

2103 1491 2267 1560 φύσει
2319 1493 2651 1555 ἀπεναντίας
2702 1493 2995 1564 ἐρχόμενος
3058 1492 3536 1562 γνωρισθήσεται,
3586 1495 3690 1545 καὶ

2103 1585 2216 1647 τοῖς
2247 1583 2472 1654 τρόποις
2502 1584 2687 1646 αὐτοῖς
2729 1583 2852 1636 καθ’
2881 1583 2977 1648 οὓς
3012 1586 3128 1646 τοῖς
3164 1579 3313 1637 οὖσιν
3343 1585 3688 1654 ἐνυπάρχου-

2101 1691 2208 1730 σιν.
2254 1675 2430 1747 Ὅπερ
2463 1676 2574 1747 γὰρ
2604 1676 2706 1728 οὐκ
2734 1675 3009 1746 ἐνδέχεται
3038 1675 3318 1744 γενέσθαι,
3348 1676 3406 1741 ἐξ
3433 1678 3687 1748 ἀνάγκης

2099 1766 2260 1830 αὐτὸς
2285 1767 2580 1837 διορίζεται
2602 1767 2852 1835 γίνεσθαι
2873 1785 2888 1798 ·
2913 1769 3008 1823 καὶ
3029 1767 3058 1821 ὃ
3082 1769 3143 1821 οὐ
3168 1768 3381 1837 πέφυκε
3405 1768 3684 1836 γίνεσθαι,

2099 1857 2160 1922 ἐξ
2207 1857 2508 1912 ἀκολούθου
2557 1856 2704 1920 τινδς
2739 1858 3009 1929 ὑπάρχειν
3043 1857 3151 1911 τινὶ
3192 1856 3464 1926 βούλεται.
3514 1857 3578 1909 Ei
3621 1856 3686 1908 δέ

2097 1948 2272 2012 οὕτως
2301 1945 2416 2020 εἶχε
2454 1949 2672 2018 φύσεως
2714 1953 2742 2003 6
2779 1949 3038 2021 Χριστὸς,
3079 1949 3259 2019 μάτην
3293 1946 3610 2016 ἐγκαλεῖται
3655 1949 3687 1999 6

2098 2042 2329 2113 γράφων
2361 2042 2394 2112 ἢ
2426 2043 2454 2094 6
2484 2041 2814 2113 τεθεαμένος
2836 2058 2850 2072 ·
2885 2043 2947 2095 οὐ
2974 2039 3267 2112 γὰρπαρὰ
3296 2038 3357 2091 τὸ
3380 2040 3612 2107 γράφειν
3646 2035 3682 2105 ἦ

2099 2136 2253 2206 όρᾷν,
2279 2133 2374 2186 τὸν
2399 2133 2679 2204 γράφοντα
2707 2132 2742 2203 ἢ
2787 2132 2878 2186 τὸν
2908 2132 3143 2203 ὁρῶντα,
3186 2133 3369 2184 ἐκεῖνα
3400 2126 3684 2198 συμϐέϐη-

2101 2239 2226 2288 κεν,
2260 2223 2398 2276 ἀλλὰ
2428 2221 2578 2294 παρά
2607 2222 2699 2275 τὸν
2730 2221 3008 2293 ὁρώμενον
3038 2221 3134 2273 καὶ
3161 2220 3549 2290 γραφόμενον,
3582 2217 3685 2270 καὶ

2100 2308 2145 2382 ᾧ
2193 2312 2366 2367 ταῦτα
2410 2313 2672 2382 πέφυκεν.
2723 2311 2934 2370 Οὐκοῦν
2991 2313 3155 2376 αὐτὸς
3184 2311 3365 2382 ἐαυτῷ
3410 2309 3613 2381 μᾶλλον
3652 2309 3683 2362 6

2099 2405 2318 2478 ὁραθείς
2354 2406 2450 2460 καὶ
2498 2405 2774 2476 γραφεὶς,
2809 2404 2870 2471 ὃς
2923 2405 3218 2476 περιουσίᾳ
3262 2403 3683 2473 φιλανθρωπίας

2101 2496 2490 2566 συγκαταϐὰς,
2533 2497 2629 2550 καὶ
2679 2495 2956 2568 ὁρώμενον
3001 2496 3096 2552 καὶ
3123 2496 3498 2567 ’γραφόμενον
3546 2495 3680 2564 ἡμῖν

2100 2588 2291 2642 ἑαυτὸν
2335 2587 2582 2651 κενώσας
2625 2587 2926 2658 εἰσήγαγεο
2973 2589 3074 2655 τῆς
3113 2603 3174 2639 τε
3215 2585 3554 2646 διαστάσεως
3583 2583 3679 2634 καὶ

2097 2679 2193 2734 τοῦ
2239 2679 2446 2750 κτίσμα
2481 2679 2904 2748 καταλελεῖφθαι
2970 2677 3215 2749 ὑπῆρξεν
3259 2679 3288 2730 6
3329 2675 3676 2737 αἰτιώτατος.

2111 2769 2202 2833 Ἐξ
2248 2763 2311 2824 οὗ
2351 2769 2502 2823 δοκεῖ
2545 2769 2640 2823 καὶ
2677 2769 2984 2841 κατηγορία
3031 2787 3117 2832 τις
3149 2768 3273 2839 ξένη
3325 2768 3403 2837 τῷ
3455 2767 3682 2838 Χριστῷ

2099 2860 2530 2914 ἐπιπλέκεσθαι·
2561 2861 2650 2916 ἵνα
2688 2862 2779 2930 ἀφ’
2817 2854 2894 2916 ὧν
2921 2861 3232 2932 εὐεργετῶν
3269 2859 3383 2936 ἔδει
3405 2859 3680 2928 τιμᾶσθαι

2099 2952 2192 3004 καὶ
2218 2951 2673 3022 προσκυνεῖσθαι,
2705 2952 2812 3005 ἀπὸ
2832 2952 3038 3005 τούτων
3073 2949 3278 3022 μᾶλλον
3312 2949 3505 3020 μῶμος
3528 2947 3683 3019 αὐτῷ

2098 3043 2193 3098 καὶ
2223 3043 2380 3114 ὕϐρις
2420 3043 2832 3115 ἁντεισαχθείη.
2874 3043 2984 3097 Καὶ
3012 3042 3225 3112 γίνεται
3267 3043 3299 3112 ἡ
3333 3041 3433 3110 τῆς
3467 3043 3684 3094 οἰκονο-

2097 3136 2224 3206 μίας
2256 3137 2438 3207 χάρις,
2471 3135 2688 3200 ἀδοξίας
2727 3136 2825 3189 καὶ
2862 3135 3090 3205 ἀτιμίας
3118 3134 3400 3197 ὑπόθεσις.
3440 3133 3535 3197 Ὠς
3568 3131 3681 3201 γὰρ

426 3222 609 3264 autem
659 3211 1057 3266 incarnatiOnis
1095 3212 1148 3266 in
1183 3213 1465 3268 dedecoris
1495 3223 1659 3284 atque
1686 3215 1994 3285 ignominia!

2102 3225 2266 3280 ταῦτα
2326 3226 2490 3280 πλέον
2518 3227 2552 3298 ἢ
2589 3229 2681 3280 ἐπὶ
2709 3227 2805 3280 τοῦ
2837 3227 2928 3280 διὰ
2957 3225 3193 3295 σταυροῦ
3223 3223 3434 3288 πάθους
3465 3223 3676 3293 συμϐέ-

426 3305 710 3357 tuateriaut
763 3306 1000 3361 cederet.
1045 3304 1198 3371 Quod
1244 3305 1357 3360 haec
1400 3305 1564 3377 igitur
1627 3307 1800 3376 magis
1835 3322 1995 3376 quam

423 3395 536 3462 ipsa
577 3393 757 3447 crucis
795 3394 996 3462 passio,
1033 3396 1330 3449 secundum
1384 3397 2000 3467 adversariormnargu-

422 3495 627 3550 menta,
657 3486 943 3538 inhonesta
964 3496 1146 3540 essent
1180 3496 1233 3539 et
1259 3487 1586 3557 irreligiosa,
1615 3488 1726 3559 jam
1756 3489 1808 3543 in
1843 3505 1997 3560 supe-

423 3577 656 3629 rioribus
689 3581 824 3630 satis
854 3578 1053 3630 dictum
1093 3586 1197 3632 est.

490 3669 651 3737 Atqui
682 3669 894 3721 etiamsi
933 3671 982 3722 in
1019 3669 1103 3724 his
1137 3671 1437 3725 adversarii
1469 3671 1594 3727 victi
1622 3673 1988 3741 discederent,

422 3757 473 3810 iu
509 3770 761 3833 promptu
821 3770 904 3817 est
951 3759 1056 3815 illis
1091 3762 1156 3815 ad
1212 3760 1604 3830 blasphemiam
1659 3764 1990 3820 iniciendam

493 3955 1125 4037 (δωίῑιιςειιίυβηιίίιιη
1165 3961 1434 4037 eccl._lib.
1468 3979 1510 4037 t_,
1557 3965 1992 4037 15,__inscriptas

417 4027 956 4104 notuitiiinis_Cltristi
985 4031 1185 4104 domini
1215 4044 1269 4086 et
1292 4032 1491 4101 Ahgari
1528 4027 1695 4104 reguli
1733 4027 1991 4091 iﬂtlessetii

417 4109 635 4153 mutuas
670 4097 928 4164 epistolas
960 4101 1190 4165 recitat;
1229 4097 1410 4155 missae
1443 4097 1620 4157 tamen
1654 4105 1824 4158 ieonis
1878 4122 1984 4160 non

417 4167 696 4241 meminit;
734 4169 877 4234 quod
908 4179 1112 4241 “tanien
1146 4170 1384 4241 tiiset'te__
1409 4171 1538 4223 facit
1587 4174 1997 4241 antiquissimus

414 4236 875 4306 auctoriinyses
899 4235 1267 4296 Choreneusis
1318 4237 1460 4292 Hist.
1491 4242 1640 4298 Arni.
1687 4235 1780 4295 lib.
1814 4259 1872 4304 tt.
1900 4245 2011 4300 5'2.-

419 4300 550 4360 ilem
583 4304 700 4369 eius
730 4293 922 4358 ἷιιυιιίε
953 4307 1200 4360 meminit
1233 4307 1503 4360 Adrianus
1528 4308 1565 4361 1.
1604 4293 1872 4366 ιῖΡζίέιιὶιί
1897 4293 1994 4368 ξιῖο
2028 4293 2071 4346 D

387 4390 393 4398 '
417 4376 706 4446 decessore
733 4374 1034 4446 Stephano,
1062 4375 1338 4446 incelebri
1370 4382 1436 4429 ad
1461 4378 1710 4433 Caroinm
1740 4395 1992 4446 maguum

415 4442 645 4516 epistola
673 4457 784 4516 pro
812 4443 1053 4516 secunda
1086 4444 1300 4516 Nicazna
1325 4447 1532 4516 synodo
1555 4456 1557 4458 '
1579 4442 1855 4503 adversus
1881 4450 1993 4505 Ca-

422 4513 626 4565 rolinos
672 4513 845 4585 libros
899 4511 1120 4582 (quibus
1179 4511 1370 4570 inanes
1427 4520 1703 4585 suppetias
1758 4519 1996 4575 tulerunt

421 4591 722 4658 cunventns
754 4580 1086 4658 l’aris'iensis
1121 4585 1360 4658 episc0pi
1408 4580 1618 4658 Cuncti.
1665 4587 1805 4640 Gali.
1851 4589 1992 4658 Sup-

419 4649 580 4718 plem.
607 4658 644 4703 t.
667 4651 732 4722 1),
757 4651 925 4705 citata
949 4653 1112 4708 etiam
1134 4649 1294 4707 trium
1312 4649 1748 4722 patriarcharum
1767 4649 1994 4712 Alexa'n-

418 4721 584 4799 tiriae,
647 4721 988 4799 étitioehitp,
1047 4732 1104 4778 et
1163 4721 1662 4799 llierosoiyjmorum
1731 4731 1993 4799 synodica

415 4788 606 4857 (Labb.
641 4789 854 4865 Caecil.
872 4793 956 4845 ed.
989 4803 1096 4865 vet.
1133 4805 1171 4865 t_.
1206 4788 1470 4865 Vli,rcol.
1505 4797 1655 4865 925).
1711 4788 1995 4853 Accedunt

417 4871 594 4938 autem
628 4873 793 4938 testes
819 4863 1099 4938 Evagrius,
1130 4863 1298 4938 AJoau.
1331 4863 1715 4938 Damascenus,
1764 4867 1993 4938 Syneel-

417 4931 519 5008 lus,
543 4930 1051 5008 rCetlrenus.—_-Se_d
1069 4936 1284 5008 etiamsi
1318 4950 1416 4988 nos
1439 4930 1904 5008 pneterutittititus
1927 4939 1994 4993 de

413 5002 662 5077 epistolis
692 5003 796 5056 iiiis
825 5013 874 5056 et
907 5003 975 5057 de
1004 5005 1164 5077 icone
1191 5002 1481 5071 Edessena,
1508 5007 1754 5059 criticam
1788 5008 1995 5075 disqui-

418 5073 706 5144 sitionem;
727 5083 852 5125 sttut
877 5089 938 5126 ea
975 5085 1123 5127 certe
1152 5073 1580 5128 luculentissima
1617 5091 1739 5144 quae
1781 5093 1877 5144 pro
1894 5073 1994 5131 sa-

419 5143 964 5212 crarumimaginum
992 5154 1252 5209 perpetuo
1281 5147 1419 5212 apud
1457 5143 1756 5198 Ecclesium
1782 5143 1994 5199 ilioma-

424 5222 542 5285 natu
563 5211 722 5285 cultu
757 5213 948 5285 scribit
973 5215 1244 5266 Adrianus
1265 5211 1324 5265 in
1345 5215 1486 5266 dicta
1512 5216 1760 5282 cpistola,
1786 5231 1838 5285 p.
1866 5215 1992 5282 944,

423 5277 508 5355 tibi
545 5282 608 5330 de
637 5283 884 5355 C(HICiiiiS
918 5281 1178 5355 Romanis
1225 5277 1995 5355 proeoi,tlngntatecelehraé

427 5352 531 5408 iis;
567 5352 866 5412 praesertim
907 5368 1033 5406 vero
1080 5354 1183 5407 col.
1247 5353 1510 5416 955-958,
1574 5355 1661 5407 tibi
1721 5354 1994 5409 ιίοιιιιιιιοε

429 5419 708 5491 pontiﬁces
757 5425 974 5488 copiose
1012 5433 1317 5485 enumerat,
1354 5427 1443 5491 qui
1477 5424 1681 5477 Christi
1725 5437 1780 5478 et
1830 5441 1992 5479 sauc-

431 5491 606 5538 torttui
649 5487 972 5557 imaginibus
1040 5502 1149 5543 llltli
1206 5487 1514 5558 pictis-tum
1575 5496 1736 5546 etiam
1777 5497 1993 5549 ιιιυεὶνο

435 5568 596 5620 opere
625 5573 684 5609 ac
713 5561 948 5626 pretioso
985 5562 1204 5615 metallo
1250 5564 1521 5630 expressis
1562 5563 1798 5619 urbanas
1845 5567 1992 5619 basi-

2093 3315 2231 3386 σηκε
2263 3315 2406 3368 κατά
2444 3316 2541 3380 τὰς
2589 3316 2852 3371 ἐναντίων
2905 3317 3313 3387 ἐπιχειρήσεις,
3379 3311 3680 3383 ἀτιμότερα

2094 3406 2190 3459 καὶ
2216 3404 2518 3478 ἀθεώτερα,
2554 3407 2656 3478 ἤδη
2689 3406 2927 3480 πρόσθεν
2957 3406 3276 3480 ἀρκούντως
3303 3407 3541 3477 εἴρηται.

2183 3680 2343 3735 ’Λλλά
2369 3681 2472 3734 κᾶν
2504 3682 2632 3753 περὶ
2653 3681 2825 3736 ταῦτα
2853 3683 3218 3754 ἀποκάμοιεν,
3250 3685 3546 3755 πρόχειρον
3576 3685 3675 3736 αὖα

2097 3775 2211 3835 τοῖς
2251 3774 2328 3836 είς
2380 3773 2728 3846 βλασφημίαν
2765 3774 2825 3830 τὸ
2853 3774 3075 3848 ἕτερον,
3114 3775 3676 3848 συμπεριγεγράψθαι

2100 3969 2241 4044 licas
2293 3972 2654 4043 oppleverant
2722 3975 2904 4044 (quem
2957 3977 3183 4031 Adriani
3225 3977 3403 4031 locum
3466 3979 3673 4031 utinam

2101 4041 2243 4095 sacri
2277 4041 2569 4110 atitiquarii
2593 4059 2697 4097 non
2732 4041 3029 4112 negligant,
3052 4045 3364 4100 heterodnxi
3396 4061 3529 4102 vero
3565 4047 3674 4101 Ico-

2102 4112 2352 4185 nomachi
2396 4127 2520 4166 cum
2567 4112 2962 4185 fructuaiiquo
3023 4117 3280 4185 legant”.
3301 4116 3472 4169 Porro
3534 4118 3672 4170 inter

2107 4181 2413 4254 pontiﬁces,
2433 4193 2669 4254 utroque
2685 4181 2935 4251 epistola:
2950 4181 3098 4252 loco;
3128 4181 3296 4254 prope
3317 4185 3676 4241 etnineLGre-

2103 4250 2300 4318 genius
2329 4250 2513 4324 junior
2563 4254 2690 4324 _sive
2723 4250 3040 4324 secundus,
3077 4250 3245 4321 cujus
3285 4255 3562 4324 egregiam
3610 4257 3676 4311 de

2101 4333 2382 4389 sacrarum
2415 4320 2708 4389 imaginum
2767 4322 2998 4376 honesto
3046 4339 3111 4376 ac
3147 4320 3441 4378 moderatu—
3467 4329 3676 4378 honore

2094 4388 2398 4459 doctrinam
2429 4387 2661 4445 feliciter
2684 4396 2780 4445 tios
2802 4392 3130 4459 protulimus
3158 4407 3223 4444 ex
3255 4393 3476 4447 ineditis
3494 4394 3674 4448 Albini

2095 4455 2446 4531 collectaneis
2481 4460 2534 4513 in
2572 4455 2858 4528 Spicilegio
2885 4461 3037 4515 Rom.
3078 4471 3118 4515 t.
3163 4462 3248 4526 Vl,
3286 4463 3447 4516 Prtef.
3486 4479 3539 4531 p.
3585 4479 3672 4516 xv.

2095 4524 2239 4598 Idem
2273 4527 2377 4581 hoc
2405 4529 2595 4598 dogma
2616 4524 3052 4585 tanta'iirmitate
3073 4524 3315 4596 tenebat,
3337 4545 3395 4585 ut
3425 4524 3673 4588 scribens

2095 4594 2164 4649 ad
2196 4595 2429 4670 Leonem
2480 4594 2536 4652 ct
2570 4598 2989 4670 Constantinum
3033 4602 3199 4670 itnpp.
3255 4594 3542 4656 haereticos
3591 4605 3674 4655 di-

2097 4675 2182 4717 cat
2204 4681 2232 4740 _:_
2257 4684 2275 4716 t
2313 4665 2417 4720 Pro
2447 4668 2621 4740 sacris
2649 4669 2978 4740 imaginibus
3010 4665 3192 4724 omnia
3223 4681 3280 4725 et
3325 4673 3440 4740 ipsa
3481 4680 3672 4729 nostra

2097 4735 2428 4810 tradimus,__
2454 4738 2497 4790 si
2545 4735 2855 4810 contigerit,
2902 4754 3155 4808 corpora.
3189 4757 3209 4791 ι
3269 4735 3517 4810 Denique
3576 4756 3676 4795 cur

2095 4805 2365 4881 praecipue
2396 4805 2953 4881 Romani‘pmttiiices
3003 4805 3146 4864 hunc
3179 4825 3406 4881 quoque.
3427 4805 3667 4881 —reiigio-

2097 4887 2217 4926 sum
2254 4877 2540 4949 articulum
2561 4876 2928 4942 defenderint,
2951 4893 3170 4933 causam
3196 4876 3360 4934 aﬂ'ert
3379 4896 3448 4934 ex
3478 4876 3676 4949 quarta

2097 4943 2304 5018 synodo
2339 4945 2632 5018 Adrianus,
2689 4951 2834 5015 quod
2877 4964 3117 5018 nempe:
3179 4955 3199 5001 't
3249 4949 3436 5003 Fidem
3496 4943 3596 5004 itos
3645 4966 3673 5002 ε

2101 5014 2302 5066 nostris
2355 5016 2650 5084 majoribus
2708 5014 2978 5071 traditam
3007 5014 3282 5074 'debemus
3343 5035 3468 5074 cum
3526 5019 3674 5074 omni

2097 5089 2425 5159 competenti
2459 5086 2747 5159 devotione
2765 5087 3073 5154 defendere,
3107 5099 3162 5143 et
3192 5090 3512 5157 dignitatem
3548 5105 3675 5159 pro—

2097 5154 2226 5218 priae
2257 5155 2622 5208 venerationis
2679 5160 2838 5210 beato
2889 5161 3130 5224 apostolo
3177 5154 3338 5212 i’t-iro
3382 5154 3677 5214 intemera-

2101 5231 2206 5273 tatn
2267 5237 2321 5298 et
2380 5226 2430 5298 in
2476 5224 2697 5298 nostris
2733 5228 3062 5293 temporibus
3119 5243 3489 5283 conserVare:
3551 5247 3676 5298 qua-

2099 5299 2255 5367 tenus
2287 5293 2634 5348 beatissimus
2666 5296 2928 5349 Romana:
2962 5299 3204 5353 civitatis
3243 5299 3363 5366 epis
3399 5293 3672 5367 eptts,'cui

2097 5363 2460 5436 princ:patnt_n
2493 5379 2659 5432 super
2687 5381 2872 5436 Omnes
2896 5369 3194 5436 antiquitas
3215 5363 3475 5431 contulii,
3500 5375 3672 5422 locum

2097 5432 2291 5484 habeat
2319 5451 2382 5488 ac
2414 5433 2731 5491 facultatem
2772 5435 2838 5490 de
2893 5437 2997 5491 iide
3031 5432 3084 5494 ct
3114 5440 3497 5495 sacendoubus
3529 5442 3672 5507 inui-

2097 5515 2242 5554 (εειμι.
2288 5523 2306 5554 D
