3928 6142
525 367 630 429 ΞΞῦΊ

1551 359 1610 415 S.
1654 349 2073 413 NICEPHORI
2111 346 2616 410 ΡΑΤΒΙΑΒΕΗίΕ
2655 347 2763 406 CP.

3673 337 3776 400 ,Ξῖ-8

526 475 1003 542 circumscriptum
1041 472 1235 526 fecisse
1267 470 1519 533 credent;
1547 467 1811 538 genitura:
1845 464 2100 518 clemen-

2221 461 2560 521 ῑσκευάσατο,
2609 459 2716 511 τῶν
2758 455 2988 527 πρώτων
3032 453 3214 526 ἀρχῶν
3239 493 3254 517 ,
3292 451 3400 504 τῶν
3440 450 3780 520 παρθενικῷν

459 601 462 604 ~
531 575 622 637 tis,
657 569 938 637 virgineis,
967 568 1209 634 inquam,
1233 561 1606 632 sanguinibns,
1642 559 1787 612 illico
1809 556 2096 625 praesentia

528 680 593 720 ac
619 665 819 718 virtute
841 658 1005 714 Verbi
1045 659 1101 712 in
1161 652 1696 721 incircumscriptum
1745 647 2003 704 mutatis?
2035 661 2096 700 ea

530 753 783 810 videlicet
813 750 1026 804 ratione
1047 787 1062 812 ,
1094 759 1200 814 qua
1242 752 1513 810 corrupta:
1547 737 2096 808 lncorruptieolarum

532 845 700 902 menti
765 843 978 895 videtur
1033 836 1293 891 Dominus
1363 829 1825 901 ine‘orruptibilem
1881 841 2098 883 carnem

531 935 826 1003 sumpsisse
864 930 997 1002 (⁸56).
1033 927 1167 982 Nam
1195 927 1263 981 de
1313 923 1784 989 incircutnseripto
1816 919 1966 989 paria
2001 918 2129 971 de-.

531 1037 764 1085 cernunt
830 1023 1275 1094 Agraptodoceta'.
1313 1016 1796 1090 (indescriptionis
1851 1023 2104 1067 auctores

529 1116 905 1188 phantastici).
941 1114 1042 1179 Qui
1071 1112 1216 1168 enim
1243 1110 1323 1166 sic
1355 1124 1448 1164 eos
1487 1107 1741 1177 appellet,
1777 1105 1912 1160 nihil
1939 1103 2105 1159 faciet

534 1206 935 1262 inconveniens.
1653 1248 1657 1252 .

602 1298 695 1354 9.6.
731 1296 788 1350 Si
825 1310 954 1363 ergo
981 1290 1156 1362 priori
1192 1289 1474 1344 sententia:
1511 1287 1847 1350 adhaereant,
1905 1285 2104 1338 nullam

537 1407 634 1447 nos
665 1405 730 1444 ex
777 1385 940 1441 Verbi
988 1383 1368 1438 incarnatione
1403 1379 1694 1435 utilitatem
1745 1376 2105 1446 percepimus.

537 1483 656 1538 Non
694 1481 837 1537 enim
866 1486 1110 1532 nostram
1143 1473 1383 1542 suscepit
1418 1481 1668 1524 naturam
1690 1506 1706 1532 ,
1744 1476 1949 1522 mutata
1995 1466 2107 1536 jam

538 1573 778 1641 Virginis
809 1580 1027 1632 natura,
1057 1581 1120 1620 ac
1152 1565 1461 1619 nullatenus
1502 1560 1832 1616 naturaliter
1867 1571 2111 1612 commu-

538 1667 756 1723 nicante
779 1662 1059 1716 nobiscum
1085 1653 1535 1725 circumscriptis.
1567 1652 1672 1707 Sed
1696 1661 1890 1722 praeter
1918 1651 2109 1720 impie-

538 1767 723 1819 tatem,
755 1751 1086 1808 incredibilis
1100 1762 1316 1819 quoque
1345 1747 1432 1802 hic
1459 1759 1640 1801 sermo
1664 1744 1788 1799 erit.
1825 1741 1954 1796 Nam
1980 1755 2111 1810 quo-

2202 551 2449 621 αἱμάτων
2482 549 2646 618 φημὶ,
2692 545 2856 609 εὐθὺς
2897 547 2963 616 τῇ
3001 542 3274 615 παρουσίᾳ
3318 540 3414 594 καὶ
3455 543 3523 611 τῇ
3555 539 3780 608 δυνάμει

2199 644 2294 696 τοῦ
2322 642 2499 710 Λόγου
2533 643 2596 693 ὲκ
2626 641 2685 692 τὸ
2703 639 2806 710 [είς
2833 637 2916 710 τὸ]
2948 636 3360 707 ἀπερίγραπτον
3395 631 3780 703 μεταποιηθέν-

2199 751 2308 786 των
2334 751 2347 798 ;
2375 735 2535 786 ὁποῖα
2566 731 2630 802 δὴ
2661 732 2755 783 καὶ
2783 731 2898 792 τοῖς
2926 725 3402 796 κατεφθαρμένοις
3425 723 3522 790 τὴν
3556 719 3782 790 γνώμην

2214 819 2764 894 ’Δφθαρτοδοκήταις,
2798 821 2925 893 περὶ
2971 819 3066 871 τοῦ
3114 817 3389 887 ἄφθαρτον
3437 813 3785 883 ἀνειληφέναι

2203 921 2293 972 τὸν
2317 919 2522 988 Κύριον
2553 917 2733 985 σάρκα
2755 915 2924 967 δοκεῖ.
2957 910 3183 973 Τούτοις
3207 909 3315 979 γὰρ
3339 909 3451 970 τοῖς
3487 907 3784 976 ’Λγραπτο-

2203 1011 2458 1081 δοκὴταις
2484 1025 2553 1061 πε
2564 1008 2617 1078 ρὶ
2657 1007 2751 1060 τοῦ
2782 1004 3070 1076 άγράπτου
3089 1003 3182 1056 νῦν
3205 999 3560 1070 παραπλήσια
3585 998 3786 1067 δογμαο

2205 1103 2433 1166 τίζεται.
2469 1099 2624 1154 Ούτω
2678 1098 2788 1168 γὰρ
2818 1097 2882 1151 ἄν
2920 1113 3003 1158 τις
3046 1094 3287 1155 καλέσας
3335 1091 3552 1154 αὐτοὺς,
3586 1089 3686 1142 οὐκ
3723 1089 3787 1144 ἂν

2206 1193 2496 1262 διαμάρτοι
2530 1191 2622 1243 τοῦ
2653 1190 2980 1258 πρέποντος.

2279 1291 2391 1347 κς’.
2448 1283 2510 1334 Et
2559 1283 2654 1350 μὲν
2705 1275 2798 1332 οὖν
2853 1280 2920 1348 τῇ
2972 1276 3218 1346 προτέρᾳ
3263 1273 3594 1327 συντίθοιντο
3637 1270 3787 1342 δόξῃ,

2214 1377 2414 1446 ἥκιστα
2448 1374 2515 1426 ἂν
2539 1374 2699 1442 ἡμεῖς
2731 1373 2794 1423 ὲκ
2820 1369 2923 1438 τῆς
2971 1368 3066 1420 τοῦ
3106 1368 3281 1436 Λόγου
3323 1364 3650 1435 σαρκώσεως
3697 1366 3790 1417 άπ-

2209 1467 2484 1536 ωνάμεθα.
2512 1463 2774 1533 Οὐδαμῶς
2795 1462 2905 1531 γάρ
2920 1460 2988 1513 τὰ
3015 1461 3114 1530 τῆς
3144 1458 3422 1529 ἡμετέρας
3453 1457 3790 1528 προσείληφε

2213 1559 2448 1627 φύσεως,
2480 1556 2752 1624 ὲκστᾴσης
2801 1554 2901 1620 τῆς
2941 1551 3356 1621 γεννησαμένης
3412 1551 3511 1618 τῆς
3549 1550 3791 1618 φύσεως,

2214 1651 2310 1703 καὶ
2338 1649 2517 1702 οὐδενὶ
2548 1647 2735 1718 τρόπῳ
2767 1647 2878 1706 τοῖς
2913 1645 3312 1711 περιγραπτοῑς
3345 1642 3478 1711 ἡμῖν
3505 1643 3794 1693 ἐπικοινω-

2215 1741 2411 1810 νούσης
2457 1739 2555 1809 τὴν
2611 1737 2790 1807 φύσιν.
2840 1734 3002 1787 Ἀλλὰ
3031 1733 3166 1804 πρὸς
3215 1731 3294 1801 τῷ
3358 1733 3544 1785 ἀσεϐεῖ
3591 1730 3690 1783 καὶ
3738 1731 3795 1781 τὸ

537 1850 698 1902 modo
730 1845 898 1916 possit
946 1838 1480 1908 iueircumscriptum
1528 1835 1581 1890 in
1636 1833 2109 1900 incircumscripto

2221 1833 2477 1887 ἀπίθανον
2505 1833 2532 1884 ὁ
2556 1831 2711 1898 λόγος
2744 1829 2877 1895 ἕξει.
2915 1825 3041 1889 Πῶς
3066 1826 3176 1896 γὰρ
3202 1825 3343 1888 ἐνὸν,
3377 1825 3794 1893 ἀπερίγραπτον

539 1941 787 1996 habitare
817 1933 1152 2005 passibiliter
1176 1940 1232 1986 et
1269 1927 1668 1999 corporaliter?
1725 1925 1912 1994 Neque
1963 1922 2106 1976 enim

2213 1927 2320 1978 ἀπε
2331 1923 2617 1994 ριγράπτῳ
2636 1917 2906 1989 αἰσθητῶς
2927 1933 2987 1969 τε
3013 1917 3105 1970 καὶ
3134 1913 3461 1984 σωματικῶς
3478 1912 3791 1982 svum-haut;

540 2029 866 2089 naturaliter
893 2040 1088 2095 corpus
1134 2021 1664 2089 incircmnscriptum
1704 2025 1808 2080 est,
1843 2023 1899 2070 et
1930 2013 2111 2069 sensui

2221 2016 2351 2069 post
2374 2017 2483 2086 γὰρ
2511 2014 2572 2066 τὸ
2603 2013 2762 2083 σῶμα
2787 2010 3039 2078 πέφυκεν
3065 2008 3478 2078 ἀπερίγραπτον
3512 2001 3672 2068 εἶναι,
3705 2006 3793 2057 καὶ

543 2125 884 2194 impervium.
914 2119 1143 2186 Insuper
1172 2116 1388 2182 eripiet,
1420 2111 1562 2181 quod
1598 2117 1682 2165 est
1703 2108 1948 2164 omnium
1984 2119 2105 2160 sce—

541 2214 918 2276 leStissimum,
949 2207 1309 2265 sanetissima:
1353 2203 1558 2272 Virgini
1587 2211 1824 2270 partum.
1862 2197 1918 2252 Si
1969 2197 2110 2250 enim

544 2304 874 2375 impossibile
903 2311 990 2356 est.
1039 2313 1239 2368 corpus
1267 2310 1388 2351 esse
1439 2292 1656 2362 aliquod
1706 2285 2113 2345 incircumscri-

543 2409 726 2468 ptum,
755 2393 1010 2448 feminam
1041 2390 1204 2444 etiam
1251 2383 1775 2450 iucircumscriptam
1813 2377 2112 2434 secundum

546 2467 696 2544 certe
746 2487 1038 2541 humanam
1104 2487 1356 2533 naturam
1417 2487 1652 2544 parere,
1699 2467 2110 2539 impossibilius.

545 2581 663 2637 Non
701 2577 843 2632 enim
876 2573 1013 2629 ultra
1051 2571 1166 2625 veri
1200 2569 1443 2637 rectique
1471 2569 1605 2621 fines
1635 2563 1911 2634 Virginem
1943 2563 2115 2618 hono-

545 2687 672 2728 rare
701 2674 1126 2724 consentaneum
1157 2671 1277 2727 est;
1308 2660 1435 2730 quia
1465 2673 1568 2713 non
1595 2655 1772 2710 differt
1798 2671 1826 2708 a
1853 2654 2118 2708 dedecore

549 2765 668 2819 laus
698 2762 1024 2816 exuberans.
1051 2754 1153 2826 41
1186 2751 1319 2806 Nam
1346 2752 1391 2806 si
1419 2749 1555 2804 illud
1588 2762 1770 2802 verum
1820 2753 1984 2808 esset,
2034 2745 2118 2798 in-

547 2850 981 2924 corruptibilitas
1011 2861 1226 2919 quoque
1265 2854 1320 2900 et
1365 2841 1748 2898 immortalitas
1777 2849 1832 2893 et
1864 2835 2116 2907 impassi-

545 2923 730 3003 bilitas
781 2943 954 2998 eidem
1012 2937 1408 2992 attribueretur
1455 2947 1469 2988 :
1533 2931 1607 2984 ita
1662 2940 1718 2982 ut
1771 2942 1891 2997 qua:
1958 2923 2119 2980 habet

546 3045 738 3104 suapte
769 3044 960 3092 natura
985 3028 1245 3093 Verbum,
1281 3025 1334 3079 id
1362 3022 1523 3078 Matri
1561 3037 1625 3074 ex
1655 3019 1944 3087 adoptione
1969 3017 2116 3070 ines-

548 3138 652 3183 set.
696 3125 902 3192 Quibus
961 3135 1089 3174 num
1118 3118 1247 3186 quid
1291 3114 1578 3168 absurdius
1602 3110 1706 3164 dici
1737 3107 1946 3178 potest?
1969 3105 2116 3173 Quo-

551 3225 711 3273 modo
740 3215 884 3269 enim
915 3212 985 3266 ab
1008 3208 1328 3265 hominibus
1363 3207 1502 3258 Deus
1551 3198 1830 3256 differret?
1865 3197 2016 3263 Quod
2071 3197 2114 3250 si

550 3311 778 3364 alteram
812 3301 1136 3359 sententiam
1169 3305 1490 3366 sequantur,
1517 3309 1613 3345 cur
1645 3307 1750 3344 non
1787 3289 2116 3357 incorrupti-

555 3400 739 3454 bilitas
781 3408 997 3465 quoque
1045 3401 1099 3446 et
1156 3388 1535 3442 immortalitas
1580 3395 1632 3438 et
1689 3382 2118 3454 impassibilitas,

552 3492 694 3545 illico
719 3488 818 3544 sub
862 3483 1076 3538 uniouis
1112 3481 1287 3546 initio,
1324 3479 1508 3533 statim
1542 3489 1606 3531 ac
1642 3486 1952 3529 maternum
2007 3482 2122 3526 ute-

553 3597 672 3634 rum
710 3577 942 3632 Verbum
983 3573 1175 3641 attigit,
1229 3579 1433 3623 natura;
1486 3566 1729 3634 ejusdem
1795 3567 1920 3619 data
1977 3561 2118 3616 fuit?

552 3671 704 3739 Quod
734 3670 777 3724 si
836 3667 906 3720 ita
953 3679 1010 3719 se
1042 3665 1281 3733 haberet,
1314 3670 1751 3729 supervacaneus
1783 3655 1974 3710 fuisset
2018 3651 2120 3704 Do-

555 3763 768 3820 minicaa
798 3757 1077 3815 nobiscum
1109 3753 1479 3816 habitationis,
1511 3759 1674 3818 atque
1702 3749 1847 3802 inter
1873 3746 2123 3801 homines

553 3854 841 3916 iucolatus,
893 3851 1043 3904 labor
1075 3863 1089 3900 :
1128 3858 1302 3914 neque
1331 3857 1466 3913 opus
1505 3841 1735 3895 Domino
1767 3838 1962 3892 fuisset
2001 3850 2122 3906 quae

553 3949 660 4019 egit
687 3960 867 4016 agere,
894 3942 1172 3998 cruciatus
1199 3937 1329 4008 pati,
1373 3944 1816 4004 postremumque
1856 3929 2121 3984 malorum

555 4040 798 4111 perferre
830 4034 1010 4091 crucis
1057 4046 1242 4088 necem
1279 4028 1674 4091 miserrimam,
1717 4023 1863 4079 unde
1902 4023 2124 4078 libertas

554 4133 710 4188 nobis
741 4130 997 4196 salusque
1027 4126 1386 4180 obvenerunt.

625 4223 730 4276 Sed
777 4221 867 4274 isti
906 4217 1132 4271 fortasse
1181 4213 1361 4266 dicent
1390 4209 1622 4264 Verbum
1655 4209 1727 4260 ita
1775 4220 1834 4261 se
1872 4205 2121 4274 gessisse,

552 4317 677 4384 quia
719 4313 875 4365 aliter
938 4308 1117 4360 facere
1146 4303 1228 4356 vel
1279 4315 1384 4353 non
1435 4299 1609 4368 potuit
1639 4297 1730 4369 vel
1764 4296 2012 4350 nescivit.
2057 4297 2125 4347 At

555 4405 824 4476 quomodo
855 4399 996 4452 Deus
1019 4403 1119 4459 est,
1153 4395 1194 4448 si
1224 4393 1339 4446 haec
1371 4399 1455 4444 est
1480 4387 1706 4458 passus?
1742 4387 1824 4442 vel
1856 4387 2125 4456 quomodo

2214 2109 2521 2179 αἰσθήσεως
2551 2105 2703 2159 ἀνευ.
2751 2100 3218 2171 Ἀποστερήσουσι
3249 2099 3328 2163 δὲ,
3363 2098 3391 2150 ὃ
3423 2098 3639 2152 πάντων
3676 2096 3796 2149 ἐστὶ

2213 2198 2664 2268 δυσσεϐέστερον,
2706 2197 2800 2248 καὶ
2836 2191 3004 2246 αὐτοῦ
3037 2190 3128 2244 τοῦ
3168 2189 3371 2243 τίκτειν
3395 2189 3492 2258 τὴν
3521 2187 3794 2254 παναγίαν

2215 2291 2509 2361 Παρθένον.
2561 2289 2639 2341 Et
2683 2285 2793 2356 γάρ
2843 2283 3126 2345 ἀδύνατον,
3179 2279 3597 2350 ἀπερίγραπτον
3651 2273 3792 2332 εἶναι

2217 2383 2401 2453 σῶμα,
2425 2381 2521 2435 καὶ
2545 2383 2647 2434 ἀπε
2660 2379 2962 2450 ρίγραπτον
2981 2376 3188 2428 τίκτειν
3207 2374 3348 2426 κατά
3376 2388 3437 2440 γε
3462 2374 3559 2441 τὴν
3583 2369 3797 2439 ἀνθρω-

2215 2477 2377 2528 πείαν
2412 2474 2575 2543 φύσιν
2620 2469 3056 2538 ἀδυνατώτερον.
3110 2468 3186 2519 Οὐ
3228 2470 3333 2538 μὴν
3381 2466 3460 2530 δὲ,
3512 2463 3652 2518 ἀλλὰ
3701 2462 3797 2516 καὶ

2214 2568 2497 2638 γεραίρειν
2537 2565 2696 2617 πλέον
2729 2563 2762 2633 ἢ
2797 2561 2982 2624 καλῶς
3035 2561 3150 2630 ἔχει
3180 2560 3285 2630 τὴν
3326 2557 3603 2627 Παρθένον
3656 2556 3796 2608 ἀπο-

2217 2658 2618 2730 σεμνύνοντας,
2689 2655 2790 2708 ούκ
2848 2653 3113 2720 εὔλογον·
3181 2649 3406 2720 ἀτιμίας
3467 2647 3579 2718 γὰρ
3643 2646 3798 2700 οὐδὲν

2218 2751 2446 2806 ἀπέοικε
2475 2747 2612 2818 τιμὴ
2662 2745 3095 2814 ὑπερϐάλλουσα.
3140 2743 3204 2795 Εἰ
3249 2741 3356 2810 γὰρ
3381 2738 3560 2802 τοῦτο,
3614 2737 3714 2791 καὶ⁵
3741 2739 3800 2790 τὸ

2220 2842 2499 2912 ἄφθαρτον
2545 2839 2640 2892 καὶ
2675 2837 2944 2892 ἀθάνατον
2990 2836 3085 2888 καὶ
3115 2832 3326 2894 ἀπαθὲς
3376 2831 3512 2899 αὐτῇ
3571 2829 3758 2898 δοθείη

2217 2935 2306 2987 ἵνα
2337 2934 2474 3001 ὅπερ
2505 2929 2664 2999 φύσει
2700 2926 2777 2998 τῷ
2824 2927 3006 2996 Λόγῳ,
3054 2922 3215 2977 τοῦτο
3267 2921 3416 2974 θέσει
3448 2923 3514 2990 τῇ
3560 2919 3802 2990 τεκούσῃ

2219 3020 2536 3091 ὑπάρξειεν.
2562 3013 2664 3070 *Ων
2705 3017 2760 3069 τί
2789 3014 3163 3084 ἀτοπώτερον;
3202 3013 3267 3064 Τί
3299 3012 3407 3082 γὰρ
3433 3011 3626 3064 διοίσει
3668 3009 3801 3070 Θεὸς

2219 3109 2557 3182 ἀνθρώπων;
2595 3109 2660 3163 Εἰ
2696 3107 2755 3160 δὲ
2792 3109 2858 3177 τῇ
2912 3106 3144 3176 δευτέρᾳ
3191 3102 3534 3173 πρόσθοιντο,
3567 3102 3698 3154 ὅτου
3738 3100 3800 3168 δὴ

2221 3201 2381 3272 χάριν
2444 3199 2519 3270 μὴ
2561 3199 2723 3253 πάλιν
2795 3199 2888 3252 καὶ
2933 3196 2993 3248 τὸ
3037 3195 3313 3265 ἄφθαρτον
3357 3193 3450 3246 καὶ
3489 3191 3802 3258 ἀνώλεθρον

2223 3295 2316 3348 καὶ
2347 3291 2580 3355 ἀπαθὲς,
2608 3290 2771 3352 εὐθὺς
2801 3291 2865 3342 ὲκ
2897 3287 3121 3360 πρώτης
3152 3286 3420 3350 ὲνώσεως,
3454 3285 3547 3337 καὶ
3580 3284 3701 3354 ἅμα
3735 3285 3800 3353 τῇ

2225 3386 2462 3459 μητρῷα
2513 3381 2863 3455 προσψαῦσαι
2905 3381 3058 3450 νηδΰι
3087 3379 3178 3433 τὸν
3212 3378 3386 3447 Λόγον
3416 3381 3484 3449 τῇ
3521 3379 3687 3446 φύσει
3710 3393 3800 3430 κε-

2221 3479 2510 3548 χάρισται;
2554 3476 2640 3537 Ὠς
2671 3474 2722 3526 εἴ
2745 3490 2808 3540 γε
2831 3472 2988 3526 τοῦτο
3010 3471 3244 3544 ὑπῆρξε,
3273 3467 3528 3541 περιττὸς
3548 3465 3619 3540 ἧν
3647 3470 3678 3521 ό
3702 3471 3800 3538 τῆς

2229 3565 2710 3637 συμπολιτεύσεως
2746 3565 2900 3633 ἡμῖν,
2925 3563 3021 3615 καὶ
3046 3566 3145 3632 τῆς
3177 3563 3315 3632 μετὰ
3343 3559 3653 3631 ἀνθρώπων
3666 3560 3800 3612 ἀνα-

2223 3659 2462 3730 στροφῆς
2491 3655 2585 3710 τοῦ
2624 3655 2850 3731 δΚυρίου
2881 3654 3084 3724 τρόπος
3109 3668 3122 3682 ⁸
3158 3653 3266 3706 οὐδ’
3293 3652 3358 3705 ἂν
3388 3652 3608 3722 ἐδέησεν
3651 3648 3802 3719 αὐτῷ

2222 3751 2497 3806 τοσούτων
2542 3749 2906 3820 πραγμάτων,
2934 3745 3075 3800 ὥστε
3119 3745 3214 3799 καὶ
3247 3745 3393 3810 πάθη
3427 3744 3677 3811 ἐνέγκαι,
3709 3741 3804 3794 καὶ

2220 3843 2522 3897 τὸπάντων
2548 3841 2797 3909 ἔσχατον,
2837 3838 2928 3891 τὸν
2961 3838 3048 3891 διά
3088 3836 3325 3909 σταυροῦ
3366 3838 3644 3890 οἴκτιστον
3675 3833 3805 3887 ὐπο-

2227 3937 2407 4003 μεῖναι
2438 3933 2688 3994 θάνατον,
2722 3931 2789 3984 δι’
2813 3925 2887 3984 ὧν
2920 3931 3053 4000 ἡμῖν
3096 3929 3165 3982 τά
3206 3930 3306 3998 τῆς
3335 3929 3660 3998 ἐλευθερίας
3712 3932 3806 3984 καὶ

2225 4025 2505 4096 σωτηρίας
2532 4022 2868 4092 πέπρακται.

2309 4211 2452 4266 Ἀλλ’
2486 4210 2618 4274 ἴσως
2657 4211 2816 4278 φαῖεν
2861 4208 2936 4271 ὡς
2962 4207 3030 4260 δι’
3069 4207 3290 4274 ἄγνοιαν
3339 4207 3373 4278 ἢ
3408 4207 3468 4259 τὸ
3499 4207 3769 4263 ἀδύνατον
3793 4221 3804 4237 ”

2225 4305 2320 4357 καὶ
2351 4303 2466 4365 πῶς
2489 4302 2642 4367 Θεὸς,
2690 4303 2740 4354 εἰ
2767 4299 2994 4353 τοιαῦτα
3039 4297 3310 4352 πέπονθεν
3336 4315 3354 4373 ;.
3394 4299 3463 4350 Ἢ
3507 4299 3628 4360 πῶς
3681 4303 3712 4352 ὀ
3750 4300 3810 4352 τὸ

2224 4394 2283 4449 ἓν
2334 4395 2558 4465 δράσας,
2603 4392 2679 4462 μὴ
2725 4393 2818 4445 καὶ
2864 4394 2933 4444 τὰ
2977 4389 3112 4444 ἄλλα
3147 4390 3482 4460 είργάσατο;
3519 4390 3684 4454 Τίνος
3718 4387 3810 4442 οὖν

557 4505 680 4564 post
715 4507 880 4546 unum
915 4489 1117 4542 factum
1155 4484 1255 4537 alia
1293 4497 1397 4537 non
1453 4479 1670 4535 eﬂ'ecit?
1710 4479 1820 4534 Cur
1860 4494 1982 4534 cum
2023 4478 2116 4530 alia

2225 4489 2412 4540 ἕνεκεν
2444 4485 2550 4538 τῶν
2575 4484 2750 4540 ἄλλων
2781 4484 3172 4554 ἀνασχόμενος,
3206 4482 3307 4535 ὅσα
3332 4483 3430 4551 τῆς
3459 4481 3681 4550 φύσεως
3717 4485 3809 4535 καὶ

555 4585 874 4643 suStinuerit
910 4592 1240 4652 qumcunque
1275 4577 1523 4630 humanm
1553 4583 1755 4628 natura:
1795 4581 1920 4626 sunt
1964 4587 2026 4624 ac
2054 4571 2127 4625 si—

558 4679 910 4739 militudinis,
965 4669 1533 4738 circmuscriptioncm
1589 4666 1758 4720 solam
1817 4660 2129 4718 recusavit?

555 4790 674 4843 tunc
703 4783 877 4823 tamen
906 4765 1147 4834 apprime
1169 4760 1417 4827 corporis
1434 4757 1650 4825 propria
1682 4767 1787 4819 est,
1809 4769 1859 4809 et
1895 4752 2127 4807 maxime

556 4866 768 4926 intima,
797 4871 848 4914 et
884 4861 1000 4911 sine
1033 4869 1137 4923 qua
1178 4867 1375 4920 corpus
1412 4864 1514 4903 non
1563 4849 1919 4911 subsisteret;
1967 4845 2038 4897 ita
2071 4853 2127 4896 ut

555 4960 598 5012 si
627 4958 750 5025 quis
799 4954 896 5005 hac
944 4947 1208 5018 qualitate
1251 4958 1448 5008 corpus
1499 4939 1714 5008 spoliet,
1766 4952 1832 4990 ne
1861 4936 2125 4990 exsistere

553 5049 768 5116 quidem
799 5056 995 5110 corpus
1026 5039 1270 5092 {.tssurus
1320 5035 1410 5088 sit.
1450 5030 1685 5084 Necesse
1719 5038 1804 5082 est
1860 5028 2023 5097 igitur
2055 5028 2122 5080 ab

553 5143 632 5194 eis
679 5137 783 5192 diei
829 5133 996 5188 Deum
1037 5131 1194 5185 aliam
1243 5124 1485 5180 molitum
1523 5118 1922 5190 quodammodo
1967 5133 2122 5172 creao

554 5234 779 5293 tionem,
814 5225 1066 5292 aliudque
1097 5229 1304 5274 natura:
1345 5214 1556 5268 initium
1591 5210 1806 5272 fecisse,
1837 5218 1892 5261 et
1932 5222 2126 5274 corpus

552 5323 774 5380 minime
806 5317 962 5374 nobis
993 5314 1322 5369 conveniens
1351 5305 1731 5375 assumpsisse,
1767 5303 1907 5373 quod
1940 5301 2127 5354 videli-

551 5423 638 5472 cet
674 5427 867 5469 novum
904 5419 954 5464 et
985 5425 1011 5461 a
1042 5417 1226 5460 nostra
1257 5401 1560 5455 substantia
1615 5399 1849 5449 alienum
1889 5394 1989 5447 sibi
2032 5408 2125 5462 pe-

560 5506 831 5558 ctliariter
856 5495 1224 5568 composuerit
1257 5516 1266 5548 :
1303 5493 1445 5545 unde
1497 5489 1670 5551 nobis,
1738 5487 1826 5554 qui
1883 5485 2122 5539 cireum-

2225 4577 2316 4631 τοῦ
2344 4576 2682 4645 ἀνθρωπείου
2726 4575 3122 4645 συγκρίματος,
3154 4573 3212 4626 τὸ
3242 4576 3624 4645 περιγραπτίν
3651 4575 3809 4643 μόνον

2223 4670 2573 4738 ἀπήρνηται;
2605 4666 2634 4718 ὂ
2667 4665 2906 4733 μάλιστα
2941 4665 3138 4716 οἰκεῖον
3165 4664 3259 4716 καὶ
3292 4662 3523 4731 πρώτως
3567 4665 3812 4735 ὑπάρχει

2223 4757 2300 4826 τῷ
2344 4757 2578 4826 σώματι,
2640 4757 2734 4808 καὶ
2771 4756 2832 4807 τὸ
2871 4755 3185 4819 ίδιαίτατον,
3221 4757 3314 4807 καὶ
3364 4748 3425 4805 οὗ
3454 4755 3585 4807 ἄνευ
3650 4756 3810 4825 σῶμα

2223 4847 2324 4898 οὐκ
2357 4845 2422 4898 ἂν
2454 4847 2719 4914 ὑποσταίη
2748 4862 2759 4875 ο
2811 4844 2886 4907 ὼς
2917 4846 2972 4897 εί
2998 4845 3061 4913 γέ
3098 4863 3182 4908 τις
3217 4843 3406 4897 τούτου
3432 4846 3808 4916 ἀποστερήσει

2228 4937 2289 4988 τὸ
2318 4938 2495 5006 σῶμα,
2525 4937 2644 4988 οὐδὲ
2676 4933 2814 4987 εἶναι
2839 4935 2899 4986 τὸ
2926 4935 3185 5005 παράπαν
3213 4934 3369 5004 σῶμα
3388 4935 3806 5005 ὁμολογήσειεν.

2243 5027 2482 5097 ’Λνάγκη
2517 5023 2608 5081 οὖν
2639 5027 2820 5095 λέγειν
2845 5027 3065 5091 αὐτοὺς,
3088 5026 3162 5090 ὡς
3191 5027 3275 5095 ἐφ’
3303 5028 3501 5095 ἑτέραν
3538 5027 3807 5098 δημιουρ-

2230 5119 2354 5184 γίαν
2409 5118 2744 5187 ἐληλυθέναι,
2795 5119 2886 5171 κα.)⁸
2929 5117 3097 5184 ἄλλην
3162 5117 3336 5187 ἀρχὴν
3387 5118 3808 5188 ὑποστήσασθαι

2211 5211 2462 5276 ,φύσεως,
2495 5210 2588 5261 καὶ
2622 5209 2776 5280 σῶμα
2799 5209 2951 5263 οὐδὲν
2983 5211 3113 5280 ἡμῖν
3138 5209 3417 5278 προσῆκον
3436 5223 3451 5238 '
3485 5210 3514 5262 ὅ
3536 5211 3602 5281 δὴ
3621 5210 3807 5263 καινὸν

2225 5301 2471 5370 ὑπάρχον
2527 5302 2621 5354 καὶ
2672 5302 2770 5372 τῆς
2800 5301 2924 5355 καθ’
2955 5303 3103 5372 ἡμᾶς
3133 5301 3320 5365 οὐσίας
3373 5302 3807 5371 ἐξηλλαγμένον,

2223 5394 2632 5462 ἀποτεμόμενος
2667 5394 2845 5462 ἑαυτῷ
2876 5395 3286 5464 περιέπλασας·
3321 5395 3380 5458 ἐξ
3412 5389 3476 5448 οὗ
3532 5412 3809 5465 περιγρα-

2227 5488 2381 5546 πτοῖς
2407 5481 2582 5538 ὀὖσιν
2612 5487 2777 5554 ἡμῖν,
2812 5485 3066 5556 οὐδαμῶς
3099 5487 3166 5538 τὰ
3200 5487 3297 5556 τῆς
3329 5487 3611 5558 σωτηρίας
3650 5503 3808 5557 περι-

637 5699 744 5766 (36)
776 5699 884 5753 llac
914 5714 1072 5765 super
1103 5714 1158 5752 re
1212 5695 1437 5766 utiliter
1483 5691 1752 5766 leguntne
1801 5688 2347 5766 S_e\'tari.Antior'lteni
2407 5690 2665 5744 adversus
2713 5689 2986 5744 Juli-wum
3069 5691 3629 5746 Halicarnassenscm
3699 5707 3778 5745 ιῖςτ

557 5759 749 5835 status,
786 5787 812 5822 a
843 5759 994 5824 nobis
1037 5769 1228 5836 partim
1267 5763 1391 5818 editi
1428 5763 1477 5814 in
1506 5760 1786 5828 Spirilvgio
1816 5759 1965 5812 Rom.
2003 5770 2038 5813 ι.
2071 5759 2132 5810 Χ.
