3972 6130
259 305 373 369 269

980 297 1609 361 ANTIRRHETICUS
1648 300 1677 359 Ι
1744 301 1915 366 ΜΝ.
1951 298 2543 361 CONSTANTINUM
2581 301 2793 362 COPR.

3423 313 3530 378 Ξῖ)

264 419 448 479 ἐσται,
478 415 538 469 to
568 414 887 484 προσεοικὸς
918 413 1112 484 ἐκείνῳ
1128 414 1228 467 οὐκ
1251 413 1461 484 ἔχουσι.
1482 415 1601 468 Τίνι
1626 415 1681 468 δὲ
1713 415 1853 485 λόγῳ

1960 416 2147 484 scripti
2180 431 2386 482 sumus,
2414 417 2555 471 nulla
2589 418 2735 475 salus
2775 420 3013 501 eveniet,
3041 422 3165 491 quia
3199 436 3447 482 naturam
3480 434 3527 485 ei

262 510 293 560 ό
332 508 732 577 καινοποιήσας
786 506 877 560 διὰ
930 504 1034 573 τῆς
1085 506 1420 575 σαρκώσεως
1470 506 1636 560 αὑτοῦ
1682 508 1852 573 Λόγος

262 601 370 670 τὴν
401 600 527 655 καθ’
554 602 707 672 ἡμᾶς
741 599 928 669 φύσιν,
959 599 1029 651 τὰ
1058 598 1297 667 μέγιστα
1323 599 1721 671 δεδωρημένος,
1753 600 1853 667 τήν

259 711 325 746 τε
353 692 666 749 ἀθανασίαν
697 693 791 746 καὶ
818 691 1133 761 ἀφθαρσίαν
1163 691 1330 759 λέγω,
1354 692 1449 746 καὶ
1472 692 1646 745 τᾶλλα
1680 692 1779 745 ὅσα
1816 696 1850 761 ὴ

261 786 377 839 τῶν
408 784 717 855 μελλόντων
749 784 907 847 ἐλπὶς
934 784 1073 854 ἡμῖν
1095 784 1435 848 ὑποτίθεται,
1465 783 1657 837 τούτου
1689 785 1851 855 μόνου

263 876 548 947 φθονήσας
589 876 741 945 ἡμᾶς
773 875 1187 945 ἀπεστέρησεν;
1220 874 1474 946 Οὐδαμοῦ
1509 875 1618 948 γὰρ
1649 877 1708 928 ὲν
1737 880 1853 939 ταῖς

261 967 631 1037 ἐπαγγελίαις
691 966 753 1019 τὸ
825 967 1243 1037 ἁπερίγραπτον
1321 967 1853 1038 μεμυσταγωγηκὼς

263 1060 673 1131 καθυπέσχετο.
731 1057 871 1114 οὔτε
928 1059 1060 1130 παρ’
1104 1060 1241 1133 ἄλλῃ
1295 1060 1507 1132 Γραφῇ,
1548 1062 1583 1131 ἢ
1636 1061 1696 1115 eo
1744 1062 1852 1116 τῶν

263 1153 615 1233 ίεροειυστῶν
672 1152 1055 1217 διδασκάλων,
1128 1153 1523 1223 εἰσηγούμενον
1579 1154 1850 1222 φαίνεται.

261 1245 366 1301 Δεῖ
382 1245 505 1314 μὲν
530 1240 647 1300 οὖν
662 1246 727 1298 τὸ
751 1245 1028 1315 φθαρτὸν
1047 1246 1225 1300 τοῦτο
1242 1245 1615 1301 ἐνδύσασθαι
1631 1246 1853 1315 ἀφθαρ-

261 1337 436 1399 σίαν,
490 1335 591 1389 καί
627 1336 693 1390 τὸ
732 1335 956 1403 θνητὸν
999 1337 1181 1392 τοῦτο
1211 1337 1588 1392 ἐνδύσασθαι
1629 1339 1851 1392 ἀθανα-

262 1428 439 1493 σίαν,
491 1427 627 1497 φησί
655 1444 760 1481 που
787 1429 815 1480 ὁ
845 1427 991 1492 θεῖος
1018 1428 1368 1493 ’Δπόστολος,
1403 1429 1505 1483 καί
1536 1429 1569 1482 ὅ
1593 1418 1649 1483 ξι
1676 1429 1852 1485 σπει-

256 1535 430 1588 ρεται
450 1520 521 1572 ἐν
536 1520 758 1588 ἀτιμίᾳ,
774 1519 1063 1589 ἐγείρεται
1089 1520 1161 1575 ἐν
1182 1519 1355 1589 δόξῃ.
1376 1522 1450 1575 Τὸ
1474 1523 1852 1593 περιγραπτὸν

259 1612 323 1665 δὲ
374 1609 537 1665 τοῦτο
602 1594 930 1665 ἐνδύσασθαι
987 1612 1418 1683 ἀπεριγραψίαν,
1487 1614 1700 1668 οὐδέπω
1758 1616 1853 1669 καὶ

264 1705 537 1774 σήμερον,
567 1702 692 1756 οὔτε
741 1705 896 1775 παρὰ
928 1703 1165 1772 Παύλου,
1202 1704 1328 1758 οὔτε
1357 1706 1488 1777 παρ’
1516 1706 1706 1777 ἑτέρου
1742 1707 1852 1760 τῶν

263 1800 371 1867 τῆς
422 1796 751 1865 Ἐκκλησίας
794 1797 1178 1867 μυσταγωγῶν
1229 1814 1314 1860 τις
1354 1798 1580 1869 ἀκήκοε.
1636 1798 1749 1870 Τὴν
1794 1799 1851 1851 δὲ

266 1889 480 1960 πολλὴν
527 1890 729 1960 λέσχην
777 1890 1220 1963 περιιστάμενοι,
1272 1890 1331 1942 ἓν
1384 1889 1548 1944 τοῦτο
1581 1890 1845 1962 φήσομεν

1956 507 2288 564 conformem
2326 524 2430 563 non
2475 510 2757 587 habemus.
2789 509 2900 567 Cur
2945 527 3072 567 vero
3107 513 3339 571 Verbum
3372 535 3531 574 reno-

1955 609 2076 654 vata
2104 613 2202 668 per
2226 613 2377 654 suam
2408 601 2841 657 incarnationem
2870 613 3055 658 nostra
3099 617 3315 673 natura,
3358 612 3534 665 niaxi-

1957 693 2057 747 mis
2081 692 2239 747 donis
2293 693 2605 762 impertitis,
2640 694 3047 752 immortalitate
3082 700 3333 755 videlicet
3356 713 3411 757 et
3446 706 3530 756 in-

1954 774 2322 852 corruptione,
2350 794 2413 838 'et
2445 783 2569 839 aliis
2606 795 2871 855 quotquot
2910 788 3066 843 nobis
3102 787 3404 846 futurarum
3446 811 3533 847 rc-

1956 890 2073 930 rum
2116 891 2240 945 spes
2278 876 2567 946 proponit,
2605 877 2744 932 hanc
2780 894 2943 933 unam
2992 895 3103 935 rem
3153 885 3532 939 tantummodo

1954 965 2111 1021 nobis
2142 966 2377 1027 invidit?
2406 952 2703 1038 Nunquam
2736 969 2877 1023 enim
2913 971 3056 1026 inter
3100 975 3366 1041 promissa
3409 991 3530 1039 sua,

1956 1057 2079 1110 dum
2112 1058 2331 1113 doceret
2353 1101 2367 1125 ,
2403 1061 3025 1131 incircumscriptionem
3063 1068 3383 1133 spepondit.
3418 1069 3530 1121 Nec

1954 1149 2011 1202 in
2043 1150 2165 1205 aliis
2194 1144 2495 1219 Scripturte
2525 1153 2655 1208 locis
2688 1155 2770 1209 vel
2801 1157 2990 1225 quavis
3024 1156 3409 1227 magistrorum
3442 1176 3529 1217 sa-

1954 1256 2172 1295 crorum
2227 1243 2601 1300 lucubratione
2649 1247 2852 1301 dictum
2915 1248 3017 1302 hoc
3066 1261 3318 1319 apparet.
3391 1252 3530 1321 Ergo

1954 1333 2155 1397 Oportet
2181 1332 2387 1401 quidem
2414 1335 2760 1404 corruptibile
2797 1340 2894 1389 hoc
2918 1338 3138 1393 induere
3179 1342 3534 1411 incorruptio-

1955 1432 2093 1483 nem,
2121 1428 2169 1472 et
2202 1420 2425 1474 mortale
2443 1421 2541 1475 hoc
2568 1424 2790 1477 induere
2819 1425 3290 1494 inmortalitatem,
3321 1430 3393 1481 ait
3435 1431 3534 1483 ali-

1954 1511 2078 1565 cubi
2113 1512 2269 1567 divus
2293 1512 2491 1568 Paulus
2527 1516 2606 1579 ης
2636 1527 2689 1570 et
2718 1536 2730 1569 :
2769 1518 3151 1572 Sentinaturin
3181 1520 3530 1589 ignobilitate,

1953 1603 2125 1672 surgit
2160 1604 2213 1659 in
2259 1602 2432 1676 gloria
2459 1607 2525 1661 ”.
2564 1606 2669 1663 Sed
2701 1618 2878 1664 tamen
2913 1612 3386 1683 circumscriptum
3427 1617 3532 1669 hoe

1955 1694 2180 1750 induere
2214 1697 2858 1773 incircumscriptionem,
2892 1704 3126 1757 nondum
3162 1720 3336 1773 neque
3368 1722 3530 1762 mune.

1885 1779 1928 1833 Β
1957 1802 2132 1856 neque
2156 1803 2184 1841 a
2212 1770 2399 1853 Paulo,
2428 1805 2602 1860 neque
2631 1791 2699 1846 ab
2730 1792 2835 1847 alio
2865 1808 2929 1848 ex
2961 1792 3216 1850 Ecclesiae
3257 1797 3532 1866 magistris

1957 1879 2241 1949 quisquam
2265 1880 2641 1936 audivit.'Jatn
2679 1898 2805 1938 vero
2833 1885 3098 1955 prolixam
3147 1886 3531 1959 loquacitatem

262 1982 404 2036 αὐτὸ
433 1982 494 2035 τὸ
520 1984 782 2037 ὲνοικῖσαι
812 1980 1145 2054 [ἐνοικῆσαι]
1167 1983 1226 2036 ἐν
1247 1984 1313 2053 τῇ
1336 1981 1638 2053 παρθενικῇ
1668 1983 1852 2053 μήτρα

1958 1982 2232 2037 caventes,
2266 1988 2428 2026 unum
2459 1973 2561 2028 hoc
2586 1974 2831 2031 dicemus
2864 1995 2876 2029 :
2904 1976 3075 2047 ipsam
3111 1993 3304 2048 nempe
3327 1979 3528 2034 Christi

258 2074 362 2127 τὸν
415 2073 676 2143 Χριστὸν,
722 2074 769 2126 εί
804 2073 879 2144 μὴ
918 2072 1364 2144 περιγεγράφθω
1422 2073 1747 2145 σωματικῶς
1791 2076 1849 2126 ὲν

1958 2062 2010 2115 in
2035 2062 2285 2132 virginali
2322 2074 2477 2119 utero
2507 2066 2928 2133 habitationem,
2979 2069 3080 2124 nisi
3115 2083 3238 2124 eum
3274 2085 3532 2140 corpora-

261 2166 411 2237 αὐτῇ
438 2166 684 2229 δέξαιντο
710 2165 786 2229 ὼς
815 2166 874 2218 τὸ
903 2165 1002 2236 τῆς
1032 2165 1291 2235 ἀληθείας
1322 2165 1686 2235 ἑναστράπτει
1709 2164 1847 2235 φῶς,

263 2258 323 2311 τί
351 2256 420 2311 ἂν
452 2258 640 2328 ἕτερον
670 2258 900 2322 εἴποιεν,
930 2256 964 2328 ἢ
1000 2256 1064 2308 τὸ
1091 2257 1150 2309 ἐν
1182 2258 1500 2327 περιγραφῇ
1530 2255 1623 2309 τὸν
1652 2257 1849 2326 ἀπερί-

266 2366 521 2421 γραπτον
556 2348 768 2405 οἴεσθαι
802 2349 1017 2416 Λόγονς
1052 2347 1226 2402 Τοῦτο
1245 2348 1304 2401 δὲ
1339 2349 1499 2413 ποίας
1530 2348 1850 2413 δυσσεϐείας

265 2440 376 2495 καὶ
434 2440 625 2503 ἀθεῖας
672 2439 983 2512 ὑπερϐολὴν
1036 2439 1396 2505 natalicium;
1455 2440 1692 2510 Ἀνάγκη
1741 2440 1851 2509 γὰρ

263 2531 422 2585 δυοῖν
474 2531 739 2601 θάτερον,
789 2531 825 2602 ἢ
900 2530 1300 2603 μετεσχηκέναι
1350 2531 1501 2603 παρὰ
1537 2533 1634 2603 τῆς
1691 2533 1850 2601 ἁγίας

266 2623 560 2694 Παρθένου
591 2623 974 2696 περιγραπτου
1002 2624 1274 2695 σώματος,
1305 2625 1339 2697 ἢ
1373 2626 1590 2689 πάντως
1616 2642 1681 2693 γε
1710 2627 1850 2680 κατὰ

267 2716 407 2779 τοὺς
434 2715 612 2786 πάντη
630 2714 1599 2789 διεστραμμένους,ἀντιστραφείσης
1614 2720 1714 2789 τῆς
1743 2719 1851 2772 τῶν

266 2808 627 2885 ⁸ιςραγιωτιον
674 2808 935 2879 σχέσεως,
971 2808 1292 2865 ἀντιδιδόναι
1337 2809 1398 2863 τὸ
1438 2812 1853 2882 ἁπερίγραπτον

267 2904 419 2974 αὐτῇ
440 2921 454 2935 ’
489 2902 547 2957 ἒν
582 2904 691 2976 γάρ
719 2917 773 2957 τι
800 2903 1011 2959 τούτων
1039 2906 1073 2975 ἡ
1105 2904 1298 2967 ἕνωσις
1323 2906 1417 2959 καὶ
1455 2908 1489 2976 ἡ
1522 2908 1645 2961 κατ’
1682 2908 1852 2979 αὐτὴν

262 2996 375 3073 τοῆ
422 2997 599 3065 Λόγου
638 2996 916 3067 ἑνοίκησις
956 2998 1355 3069 ἀπειργάσατο.
1401 2999 1563 3053 Ἀλλὰ
1617 3001 1726 3073 μὴν
1755 3019 1852 3055 πε-

270 3087 565 3159 ριγραπτὴ
598 3089 633 3157 ἡ
664 3086 962 3159 Παρθένος,
989 3089 1084 3142 καὶ
1111 3088 1173 3143 τὸ
1197 3089 1292 3143 τοῦ
1326 3090 1533 3161 Κυρίου
1562 3091 1670 3163 ἄρα
1694 3092 1853 3162 σῶμα

268 3181 677 3253 περιγραπτδν,
699 3179 778 3245 ὡς
794 3181 860 3234 εκ
883 3183 1263 3253 περιγραπιοῦ
1287 3182 1550 3253 προελθὸν
1580 3184 1850 3255 σώματος.

325 3457 416 3513 τΕί
435 3457 542 3529 γὰρ
566 3457 722 3513 οῠδὶν
752 3457 959 3512 τούτων
987 3458 1147 3525 δοῖεν,
1166 3457 1463 3528 ἐκφύγοιεν
1479 3458 1537 3513 δὲ
1564 3461 1635 3513 τὰ
1653 3458 1850 3528 ἄτοπα,

271 3548 593 3619 λελείψεται
612 3549 821 3614 ἀὐτοὺς
851 3550 1189 3623 ἅτοπωτέρῳ
1223 3554 1547 3620 περιπεσεῖν
1574 3551 1849 3621 πτώματι.

269 3638 411 3705 Τοῖς
442 3641 783 3704 διδασκάλοις
831 3641 941 3712 γὰρ
970 3642 1071 3712 τῆς
1100 3639 1504 3710 παλαιωθείσης
1550 3643 1854 3709 φαντασίας

270 3732 560 3787 κάνταῦθα
592 3731 873 3801 ἑπόμενοι,
910 3731 1101 3802 ὥσπερ
1129 3731 1217 3785 διὰ
1248 3730 1491 3800 σωλῆνος
1519 3733 1620 3801 τῆς
1641 3731 1855 3801 Παρθέο

272 3840 376 3878 νου
428 3821 637 3877 ἄνωθεν
684 3821 1131 3892 σαρκοφοροῦντα
1181 3821 1381 3891 διῖχθαι
1413 3820 1504 3875 τὸν
1536 3821 1731 3889 Λόγον,
1768 3821 1855 3874 ἵνα

276 3914 362 3987 μὴ
418 3912 463 3966 δ’
497 3914 762 3984 ὁπότερον
806 3912 1039 3983 θατέρου
1106 3913 1389 3985 μετάσχοι,
1441 3913 1851 3984 δογματίσουσι.

271 4004 638 4076 Δικαιότερον
663 4003 709 4058 δ’
738 4003 804 4058 ἂν
831 4006 945 4064 τοῖς
983 4004 1335 4075 κατακρίτοις
1375 4004 1852 4077 συναριθμηθεῖεν,

270 4100 399 4160 τοῖς
431 4096 586 4166 παρὰ
613 4095 725 4149 τῶν
769 4096 942 4164 ἁγίων
970 4098 1221 4168 φρικτοῖς
1267 4095 1575 4167 ἀναθέμασι
1612 4098 1856 4151 καθυπο-

271 4187 623 4257 6αλλόμενοι.
655 4185 842 4240 Ταῦτα
884 4185 984 4256 μὲν
1009 4186 1386 4250 ὲκδασανίζων
1416 4186 1607 4259 ὥσπερ
1642 4190 1670 4240 ό
1699 4187 1857 4255 λόγος

271 4277 431 4333 οὕτω
500 4276 781 4341 διέξεισιν.
848 4275 906 4331 '0
952 4278 1149 4348 γάρτοι
1230 4277 1688 4349 θεολογικώτατος
1741 4282 1857 4333 -καὶ

270 4368 765 4440 δογματικώτατος
833 4368 1045 4439 οὐδαμῆ
1135 4369 1324 4438 σαφῶς
1399 4370 1852 4442 διευκρινήσατο·

1879 3132 1920 3190 C

1954 2152 2080 2207 liter
2094 2154 2568 2226 circumscriptum
2607 2156 2695 2212 isti
2733 2159 3059 2225 concedant,
3094 2174 3191 2215 ceu
3222 2175 3412 2229 reapse
3437 2177 3529 2215 ve-

1958 2246 2137 2302 ritatis
2164 2246 2359 2303 lumen’
2375 2248 2657 2319 splendide
2681 2252 2939 2319 ostendit,
2968 2255 3094 2321 quid
3124 2255 3270 2309 aliud
3295 2269 3416 2309 esse
3445 2255 3529 2309 di-

1957 2347 2101 2405 cent,
2141 2340 2244 2395 nisi
2279 2339 2515 2396 Verbnm
2554 2342 3082 2414 incircumscriptum
3120 2347 3532 2417 circumscripto

1958 2431 2012 2484 in
2038 2430 2157 2486 loco
2188 2440 2244 2485 ut
2277 2441 2468 2501 putant
2505 2433 2674 2489 fuisse
2705 2437 3059 2491 contentum?
3104 2435 3158 2491 id
3202 2449 3384 2492 autem
3438 2440 3532 2509 qui

1958 2522 2075 2578 lieri
2104 2532 2284 2594 potest
2318 2534 2376 2580 ut
2415 2541 2442 2578 ιι
2487 2539 2700 2581 summa
2734 2527 3012 2598 impietate
3063 2540 3227 2600 atque
3260 2532 3534 2586 atheismn

1957 2618 2132 2675 absit?
2154 2618 2291 2675 Nam
2322 2621 2390 2677 de
2418 2622 2625 2677 duobus
2655 2622 2975 2677 alterutrum
3022 2640 3246 2680 necesse
3295 2637 3414 2682 est:
3447 2626 3533 2680 vei

1958 2727 2151 2782 nempe
2180 2712 2412 2768 Verbum
2442 2731 2470 2767 a
2525 2722 2711 2769 sancta
2774 2712 2995 2786 Virgine
3058 2715 3567 2787 circumscriptum‘

1958 2817 2154 2872 corpus
2206 2806 2519 2874 accepisse;
2555 2807 2639 2860 vel
2673 2806 2900 2861 omnino
2947 2809 3243 2863 secundum
3281 2808 3380 2864 hos
3408 2825 3534 2879 per-

1958 2895 2341 2961 versissimos,
2373 2911 2634 2952 conversa
2667 2912 2846 2953 rerum
2896 2899 3177 2964 relatione,
3235 2901 3531 2957 incircum-

1963 2987 2317 3057 scriptionem
2368 2986 2573 3058 Virgini
2609 2991 2929 3047 attribuere.
2961 2987 3163 3045 Horum
3196 2993 3338 3047 enim
3371 2995 3534 3049 alter-

1967 3088 2149 3133 utrum
2202 3079 2334 3133 unio
2374 3078 2553 3135 eﬂ‘ecit
2599 3090 2653 3133 et
2700 3074 2861 3135 Verbi
2899 3081 2954 3135 in
2991 3081 3211 3154 Virgine
3245 3084 3530 3141 habitatio.

1958 3168 2065 3223 Sed
2096 3184 2284 3225 revera
2311 3170 2726 3239 circumscripta
2756 3166 2917 3243 Virgo
2953 3171 3072 3239 fuit,
3119 3185 3172 3229 et
3216 3175 3429 3231 Domini
3455 3181 3532 3233 si-

1957 3261 2067 3315 mul
2101 3258 2296 3332 corpus
2321 3263 2832 3331 circumscriptum,
2867 3266 3066 3335 quippe
3097 3269 3239 3336 quod
3302 3270 3367 3323 de
3420 3271 3530 3325 cir-

1958 3352 2289 3421 cumscripto
2322 3366 2553 3420 corpore
2605 3354 2887 3420 processit.

2025 3440 2160 3496 Nam
2202 3444 2249 3497 si
2293 3453 2544 3498 neutrmn
2606 3446 2796 3499 horum
2828 3446 3219 3512 concesserint,
3263 3449 3530 3519 simulque

1957 3534 2194 3590 absurda
2223 3536 2399 3591 vitare
2432 3536 2619 3601 velint,
2660 3540 2907 3607 superest
2939 3548 2993 3592 ut
3027 3539 3125 3608 ipsi
3158 3540 3340 3610 peiore
3378 3541 3527 3611 lapsu

1958 3634 2137 3680 ruant.
2203 3625 2418 3681 Etenim
2473 3629 2628 3684 victae
2689 3631 2986 3699 phantasia:
3046 3632 3334 3701 magistros
3388 3650 3531 3689 nunc

1958 3719 2120 3774 etiam
2176 3724 2471 3783 sectantes,
2504 3735 2601 3789 per
2628 3720 2930 3791 Virginem,
2957 3736 3073 3792 qum
3106 3724 3300 3779 ﬁstula:
3356 3726 3531 3781 instar

1958 3809 2144 3875 fuerit,
2173 3809 2407 3864 Verbum
2431 3812 2498 3866 de
2524 3811 2663 3867 casio
2695 3827 2917 3867 carnem
2941 3827 3092 3865 suam
3117 3814 3372 3871 detulisse
3399 3820 3528 3889 dog-

1959 3899 2327 3967 matizabunt;
2373 3903 2446 3955 ita
2479 3910 2537 3956 ttt
2570 3902 2707 3956 alter
2733 3903 2958 3957 alterius
2989 3903 3204 3974 (nempe
3245 3906 3386 3961 illius
3415 3926 3531 3961 uta-

1959 3992 2081 4062 tris)
2125 4006 2232 4047 non
2272 3993 2344 4047 sit
2395 3994 2688 4062 particeps.
2722 3991 2831 4066 42
2863 3995 3023 4069 Atqui
3057 3998 3260 4062 aequius
3301 4007 3381 4050 est
3414 4015 3529 4050 ma-

1958 4085 2183 4140 lediclo's
2211 4084 2307 4139 hos
2333 4086 2710 4139 connumerari
2741 4099 2861 4139 eum
2901 4086 2996 4149 iis,
3022 4101 3158 4155 quos
3202 4089 3373 4142 sancti
3427 4091 3527 4142 viri

1958 4176 2244 4235 horrendis
2273 4177 2711 4232 anathematibus
2753 4180 3177 4248 supposuerunt.
3224 4177 3393 4233 Porro
3429 4199 3529 4233 lm-

1957 4281 2068 4326 stra
2098 4271 2275 4327 oratio
2321 4270 2420 4325 hos
2451 4270 2612 4324 veluti
2651 4270 2885 4326 ﬁdiculis
2933 4285 3164 4342 urgens,
3219 4272 3289 4325 ita
3340 4260 3524 4327 dicere

1956 4362 2151 4433 pergit.
2178 4360 2380 4430 Nempe
2410 4374 2656 4416 summus
2691 4361 2777 4415 hic
2804 4361 3083 4431 theologus
3115 4377 3177 4417 ac
3203 4346 3530 4434 dugmatista

273 4459 496 4530 πηνίκα
543 4460 641 4514 καὶ
680 4458 812 4513 πότε
851 4460 1136 4530 χαρίζεται
1164 4463 1232 4530 τῇ
1265 4462 1433 4532 σαρκὶ
1458 4461 1519 4515 τὸ
1548 4462 1853 4533 ἀπερίγρα-

1961 4467 2223 4522 nusquam
2253 4453 2400 4508 clare
2419 4454 2696 4518 discernit,
2727 4448 3067 4522 quandonam
3095 4455 3242 4509 carni
3272 4458 3534 4525 largiatur

273 4566 446 4611 πτον,
476 4550 586 4621 πρὸ
610 4548 716 4620 τῆς
743 4549 993 4612 ἑνώσεως
1021 4548 1129 4623 ἄρα
1160 4553 1258 4622 τῆς
1293 4553 1428 4623 πρὸς
1462 4553 1554 4606 τὸν
1593 4555 1785 4620 Λόγον,
1825 4552 1859 4623 ἢ

279 4640 433 4714 μετὰ
453 4640 554 4711 τὴν
567 4640 796 4708 “tactv;
828 4641 991 4694 ’Δλλὰ
1009 4643 1116 4713 πρὸ
1136 4643 1237 4713 μὲν
1259 4643 1358 4712 τῆς
1386 4641 1655 4707 ὲνώσεως,
1679 4644 1779 4695 οὐκ
1796 4642 1861 4695 ἂν

271 4734 363 4795 εἰς
392 4731 673 4795 τοσοῦτον,
703 4727 880 4802 οἶμαι,
913 4734 1217 4803 παρανοίας
1243 4734 1598 4803 ἐξολισθήσας
1624 4733 1825 4805 ἔφησεν
1844 4750 1857 4764 ·

272 4822 313 4893 ἢ
349 4820 464 4891 γὰρ
514 4821 582 4874 ἂν
607 4819 719 4875 οὐδ’
767 4823 1090 4892 ἀνειλῆφθαι
1121 4824 1183 4876 τὸ
1215 4824 1477 4893 παράπαν
1503 4824 1823 4894 ὡμολόγησε
1844 4838 1857 4852 ⁶

269 4912 343 4967 τὸ
389 4912 503 4982 γὰρ
531 4911 1132 4983 ἀπερίγραπτον,-οὐδὲ
1180 4916 1489 4986 ἄνθρωπος,
1527 4915 1662 4968 ἀλλὰ
1707 4916 1855 4976 Θεός.

274 5003 409 5056 Οὐδ’
436 5003 668 5071 ἄγγελος
695 5004 837 5074 τάχα
858 5003 1002 5057 εῐποι
1023 5022 1107 5067 τις
1130 5005 1209 5074 τῷ
1229 5022 1292 5073 γε
1306 5006 1688 5075 κατειλῆφθαι.
1721 5007 1860 5058 Ἀλλ’

270 5096 363 5149 ὃτι
401 5094 504 5163 μὲν
528 5094 779 5162 ἀγγέλων
801 5096 900 5147 οὐκ
924 5095 1185 5165 ἀνείληφε
1216 5095 1394 5164 φύσιν,
1429 5097 1455 5148 ό
1480 5096 1690 5159 Παῦλος
1716 5098 1864 5166 αὐτῷ

274 5186 537 5240 ἐκσοάτω
572 5184 974 5255 μεγαλοφώνως
1039 5187 1247 5253 λέγων·
1313 5190 1395 5238 Οὐ
1456 5187 1564 5255 γὰρ
1609 5187 1685 5252 δή
1746 5204 1864 5241 που

270 5277 560 5346 ἀγγέλων
571 5276 1051 5347 ἐπιλαμϐάνεται,
1066 5277 1226 5331 ἀλλὰ
1243 5278 1585 5345 σπέρματος
1609 5279 1665 5330 ’Λ
1675 5279 1863 5344 ϐραὰμ

268 5367 774 5438 ἐπιλαμϐάνεται.
807 5369 1246 5439 ’Λπερξγραπτον
1271 5368 1327 5421 δὲ
1350 5369 1530 5435 λέγειν
1552 5368 1612 5419 τὸ
1633 5370 1855 5438 σπέρμα

270 5461 370 5517 τοῦ
412 5460 688 5532 ’Δῦραὰμ,
718 5461 817 5530 τῆς
845 5462 1055 5514 ἐκείνου
1086 5461 1278 5528 σοφίας
1300 5462 1474 5514 εἰπεῖν
1494 5476 1509 5491 ο
1547 5459 1722 5522 οὐδεὶς
1749 5460 1857 5527 γὰρ

1960 4544 2610 4615 incircumscriptionem;
2662 4560 2788 4598 num
2835 4558 2962 4600 ante
3015 4547 3131 4615 ejus
3194 4562 3315 4602 cum
3362 4547 3535 4603 Vcrhn

1959 4639 2243 4703 unionem,
2269 4653 2337 4692 an
2374 4640 2581 4708 postea.
2632 4637 2739 4692 Sed
2793 4646 2917 4692 ante
2976 4637 3195 4707 quidem
3256 4641 3533 4705 unionem,

1960 4733 2231 4784 neminem
2275 4733 2409 4784 adeo
2459 4730 2712 4784 stolidum
2762 4730 2876 4785 fore
2918 4740 3050 4799 puto
3097 4722 3190 4800 qui
3231 4732 3371 4787 dicat
3405 4752 3417 4786 :
3449 4750 3536 4787 se-

1960 4834 2057 4875 cus
2104 4836 2170 4875 ne
2213 4821 2576 4890 assumpsisse
2600 4822 2815 4889 quidem
2865 4835 3083 4875 carnem
3141 4824 3529 4889 prolllebitur:

1962 4927 2086 4964 nam
2140 4927 2227 4965 res
2276 4913 2749 4987 ineircumscripta
2793 4915 2953 4967 homo
2976 4930 3080 4968 non
3108 4923 3213 4976 est,
3248 4916 3340 4967 sed
3374 4918 3531 4966 Deus.

1961 5002 2144 5070 Neque
2185 5004 2479 5071 angelicam
2514 5003 2742 5057 fortasse
2764 5003 2986 5057 formam
3010 5017 3337 5069 assumptum
3368 5005 3536 5057 fuisse

1964 5097 2248 5164 quisquam
2275 5097 2439 5148 dicet.
2491 5094 2623 5149 Nam
2652 5096 2793 5164 quod
2827 5095 3056 5148 Verbum
3089 5094 3404 5163 angelorum
3436 5114 3534 5147 na-

1965 5197 2137 5240 tnram
2176 5188 2315 5240 haud
2335 5189 2445 5242 sibi
2477 5190 2749 5256 asciverit,
2785 5186 2985 5242 Paulus
3026 5202 3216 5257 magna
3248 5203 3378 5242 voce
3429 5190 3537 5240 cla-

1966 5294 2119 5332 mans
2175 5280 2353 5332 dicit:
2402 5277 2523 5331 Non
2567 5280 2701 5331 enim
2742 5279 2953 5347 angelos
3017 5279 3399 5347 apprehendit,
3446 5284 3535 5332 sed

1966 5368 2187 5421 Abi-alta:
2207 5385 2380 5421 semen
2418 5368 2755 5431 apprehendit
2788 5366 2853 5419 ³⁸.
2902 5368 3093 5421 Dicere
3146 5380 3324 5422 autem
3367 5370 3535 5437 incir-

1966 5462 2355 5527 t-nntscriptnm
2412 5461 2640 5513 Abrahae
2695 5474 2903 5515 semen.
2956 5458 3215 5514 Mantuane
3273 5462 3537 5530 Sapientis

269 5553 423 5608 οὕτω
449 5552 736 5623 κτηνώὸης
757 5554 849 5605 καὶ
879 5552 1226 5617 ἀνούστατος,
1259 5553 1409 5615 ὅστις
1437 5548 1589 5620 αὐτῷ
1615 5550 1691 5619 τῷ
1714 5551 1853 5619 λόγῳ

1967 5549 2194 5601 allii-ium
2224 5559 2302 5603 est
2343 5566 2355 5600 :
2384 5564 2540 5603 nemo
2577 5560 2752 5602 tan-.en
2786 5550 2920 5604 adeo
2948 5550 3213 5605 hellninus
3245 5566 3539 5621 amensque

345 5709 392 5742 ”
435 5706 454 5761 1
491 5708 618 5762 Cor.
656 5722 743 5772 xv,
783 5706 870 5762 55.
946 5708 988 5741 ἐ
1032 5707 1160 5761 ibid.
1205 5708 1294 5762 43.
1374 5708 1417 5737 ³⁸
1465 5706 1626 5760 llehr.
1674 5721 1730 5770 tt,
1767 5704 1851 5761 16.
