3928 6142
453 252 566 316 Ὡῗί

1493 257 1552 314 S.
1596 256 2014 318 NICEPHORI
2053 257 2559 318 PATRIARCHIE
2587 258 2705 316 ΕΡ.

3625 258 3740 299 ἐἴέο

3639 301 3742 320 διὸ.

467 375 592 434 m-it,
643 379 699 422 ut
748 385 869 424 eum
923 369 1143 440 proprio
1176 369 1434 441 suffragio
1463 374 1637 440 juvet.
1681 371 1918 429 Necesse
1959 383 2043 428 est

2172 374 2494 445 πυνθήσοιτο.
2557 375 2797 444 Ἀνάγκη
2826 373 2918 429 οὖν
2963 375 3134 447 αὐτῷ.
3183 376 3271 429 ὅτε
3328 375 3357 427 ὁ
3400 375 3572 443 Λόγος
3605 377 3742 447 σὰρξ

470 464 649 531 Hique
679 472 735 512 nt
765 460 1067 524 Mamonas,
1098 467 1228 514 tunc
1259 475 1379 515 eum
1415 459 1649 516 Verbum
1678 478 1809 519 caro
1845 463 2044 517 factum

467 567 550 609 est
587 569 639 610 et
680 555 944 610 habitavit
975 555 1026 610 in
1078 555 1272 623 nobis,
1310 555 1424 610 sive
1457 565 1579 626 post
1619 557 1875 610 unionem
1927 571 2049 626 per-

471 657 669 711 actam,
695 645 1321 716 incircmnscriptionem
1347 649 1501 701 carni
1538 648 1795 702 ascribat.
1832 648 1923 702 Sic
1952 663 2048 700 au-

470 750 576 794 tem
619 748 673 793 et
697 739 1214 813 impassibilitatem,
1248 748 1301 793 et
1335 739 1838 810 intangibilitatem,
1867 749 1918 793 et
1967 739 2048 792 in-

467 827 858 896 visibilitatem,
899 831 1016 885 etsi
1051 830 1179 899 quid
1208 830 1355 886 aliud
1403 831 1717 902 huiusmodi
1753 841 1859 892 est,
1896 830 2048 884 unio-

457 925 556 978 11i3
585 922 857 992 Verbique
886 936 1072 986 causa,
1105 922 1254 976 carni
1286 923 1548 978 attribuat
1575 940 1588 976 :
1614 939 1732 992 quae
1762 922 1906 977 illico
1929 932 2050 991 post

467 1017 718 1072 unionem
753 1015 965 1084 negabit
996 1031 1054 1069 se
1089 1015 1428 1084 passibilem,
1479 1015 1775 1080 visibilem,
1817 1015 2048 1085 taogibi-

472 1109 598 1174 lem,
635 1116 689 1163 et
739 1117 935 1164 caetera
983 1108 1180 1176 quibus
1222 1110 1401 1164 carnis
1436 1118 1632 1172 natura
1678 1109 1994 1178 agnoscitur
2033 1127 2046 1161 :

467 1201 697 1270 eritque,
729 1199 793 1253 de
817 1199 985 1252 nostri
1017 1199 1257 1252 auctoris
1287 1201 1579 1260 sententia,
1631 1198 1773 1252 idem
1817 1200 2052 1252 circurn-

469 1294 728 1361 scriptum
761 1301 814 1346 et
846 1291 1400 1360 incircumscriptum,
1433 1290 1694 1361 passibile
1717 1300 1772 1346 et
1803 1290 2054 1360 impassi-

471 1386 594 1448 bile,
628 1383 884 1454 tangibile
908 1392 963 1436 et
993 1382 1334 1452 intangibile,
1366 1394 1423 1437 et
1465 1371 1659 1437 caetera
1683 1381 1938 1452 quaelibet
1973 1382 2054 1436 in-

472 1489 554 1528 ter
577 1491 635 1529 se
664 1475 930 1544 opposita.
966 1472 1143 1542 Atque
1174 1472 1277 1527 alia
1309 1473 1526 1544 quidem
1565 1474 1825 1528 attributa
1861 1488 1958 1542 per
1998 1490 2056 1528 se

471 1567 587 1631 ipsa
614 1565 913 1619 subsistent
947 1565 1110 1618 etiam
1155 1573 1280 1617 ante
1315 1565 1594 1629 unionem,
1630 1564 1736 1622 alia
1780 1579 1908 1618 vero
1957 1579 2055 1633 per

472 1657 614 1708 aliud
652 1658 813 1710 etiam
848 1665 969 1725 post
1005 1656 1303 1710 unionem:
1346 1657 1598 1725 idemque
1636 1654 1952 1718 simulerit,
2003 1663 2055 1708 et

2150 468 2370 536 ἐγένετο
2401 469 2498 522 καὶ
2527 468 2843 538 ἐσκήνωσεν
2874 470 2932 520 ἐν
2973 470 3126 538 ἡμῖν,
3159 469 3285 539 ἤτοι
3320 466 3461 538 μετὰ
3482 467 3582 536 τὴν
3605 467 3741 522 ἕνω-

2153 573 2263 619 σιν,
2294 555 2354 608 τὸ
2380 557 2797 627 ἀπερίγραπτον
2821 558 2884 627 τῇ
2917 557 3083 627 σαρκὶ
3111 556 3465 626 ἐπιγράφειν.
3499 555 3661 610 Οῦτω
3687 555 3746 610 δὲ

2152 647 2246 700 καὶ
2274 650 2334 700 τὸ
2379 648 2616 711 ἀπαθὲς,
2663 648 2874 715 ἀναφές
2918 664 2979 719 τε
3018 647 3114 701 καὶ
3150 649 3408 720 ἀόρατον,
3465 648 3562 702 καὶ
3612 648 3667 702 εί
3690 665 3745 702 τι

2151 738 2415 804 τοιοῦτον,
2448 741 2538 794 διὰ
2567 740 2666 810 τὴν
2693 740 2891 793 ἓνωσιν
2922 741 3019 795 καὶ
3050 741 3144 794 τὸν
3172 742 3335 794 αὐτὸν
3349 740 3537 809 Λόγον,
3572 759 3746 812 προσ-

2151 829 2367 900 ένειμεν
2394 832 2459 884 ἂν
2510 831 2730 894 πάντως
2758 833 2895 903 αὐτῇ
2940 833 3232 905 ἠρνημένῃ
3267 833 3430 894 εὐθὺς
3474 834 3614 904 μετά
3649 833 3750 903 τὴν

2151 921 2344 975 ἕνωσιν
2373 923 2436 976 τὸ
2485 923 2732 994 παθητὸν
2777 925 2873 977 καὶ
2917 925 3110 997 ὁρατὸν
3173 926 3268 977 καὶ
3325 925 3496 978 ἁπτὸν
3531 926 3628 978 καὶ
3677 924 3750 977 τὰ

2153 1014 2340 1078 λοιπά,
2380 1010 2461 1078 οἷς
2487 1015 2548 1068 τὸ
2570 1013 2710 1068 εἶναι
2741 1016 2877 1088 σάρξ
2907 1006 3264 1086 γνωρίζεται.
3289 1018 3398 1071 Kal
3430 1016 3585 1071 ἔσται
3621 1015 3748 1070 κατ’

2155 1104 2319 1158 αὑτὸν
2355 1107 2576 1174 «eam;
2611 1109 2708 1161 καὶ
2769 1110 3150 1180 περιγραπτὸν
3176 1112 3271 1162 καὶ
3299 1109 3747 1180 άπερίγραπτον,

2155 1200 2252 1254 καὶ
2280 1198 2525 1269 παθητὸν
2557 1200 2652 1252 καὶ
2681 1201 2915 1266 ἀπαθὲς,
2940 1202 3114 1255 ἁπτόν
3155 1220 3214 1254 τε
3257 1202 3350 1253 καὶ
3385 1202 3616 1270 ἀναφὲς,
3653 1202 3750 1254 καὶ

2153 1289 2322 1345 τᾶλλα
2355 1290 2531 1344 ὁπόσα
2561 1289 3076 1366 ἂνῇἀντικείμενα.
3103 1294 3213 1347 Καὶ
3240 1293 3306 1347 τὰ
3335 1294 3432 1363 μὲν
3455 1295 3523 1345 δι’
3553 1293 3749 1356 ἑαυτά,

2156 1382 2250 1435 καὶ
2277 1382 2383 1453 πρὸ
2414 1383 2514 1452 τῆς
2544 1383 2796 1446 ἐνώσεως
2815 1400 2829 1414 ο
2857 1384 2928 1437 τὰ
2967 1384 3023 1437 δὲ
3051 1384 3119 1436 δι’
3146 1384 3333 1456 ἔτερα,
3362 1385 3457 1438 καὶ
3489 1388 3630 1454 μετὰ
3650 1386 3752 1455 τὴν

2155 1475 2350 1528 ἕνωσιν
2370 1491 2382 1504 ·
2411 1475 2473 1528 τὸ
2504 1476 2636 1529 αὐτὸ
2671 1475 2728 1527 δὲ
2758 1471 2900 1529 εἶναι
2933 1475 3075 1528 κατά
3097 1477 3319 1542 ταύτὸν,
3357 1477 3453 1530 καὶ
3481 1477 3755 1547 ὑπάρχειν

2160 1566 2228 1620 τὰ
2261 1569 2642 1638 ἀντικείμενα.
2683 1568 2818 1621 Οὐδὲ
2851 1568 3034 1638 μένειν
3053 1567 3134 1622 ἐτι
3168 1549 3328 1638 σῶμα
3351 1568 3756 1640 όμολογηθήσεο

2159 1677 2270 1712 ται·
2297 1661 2528 1731 ἐκσταίη
2557 1661 2668 1732 γὰρ
2702 1661 2768 1713 ἂν
2797 1660 3014 1726 ἑαυτοῦ,
3048 1661 3147 1714 καὶ
3175 1662 3268 1713 τὸν
3311 1661 3444 1714 ἴδιον
3473 1663 3754 1730 παραιτήα

466 1759 653 1800 "tamen
703 1747 863 1801 simul
901 1747 1067 1801 etiam
1113 1747 1468 1800 contrarium.
1508 1746 1693 1818 Neque
1715 1748 1826 1818 jam
1855 1762 2052 1816 corpus

2172 1773 2314 1809 σεται
2339 1757 2468 1826 ὅρον
2496 1773 2556 1808 τε
2578 1757 2672 1809 καὶ
2698 1756 2855 1824 λόγον
2879 1772 2892 1786 ⁸
2919 1748 2979 1809 οῦ
3003 1755 3058 1807 τί
3077 1755 3144 1809 ἂν
3174 1754 3390 1824 γένοιτο
3408 1755 3754 1827 ἀλογώτερον

474 1853 758 1907 superesse
809 1840 1083 1894 constabit
1135 1856 1152 1892 :
1213 1838 1455 1894 discedet
1509 1841 1655 1894 enim
1711 1856 1738 1894 a
1796 1856 1855 1896 se
1911 1845 2048 1913 ipso,

2160 1849 2192 1916 ἢ
2222 1849 2662 1919 ἀφρονέστερονς

473 1953 732 2006 suamque
762 1937 1129 1993 definitionem
1168 1937 1382 1991 amittet
1413 1947 1574 2006 atque
1606 1939 1896 1994 rationem.
1923 1940 2037 2008 Qun
2078 1945 2295 2013 quidem
2355 1961 2414 2002 re
2452 1947 2585 2001 nihil
2648 1961 2772 2002 esse
2833 1955 3018 2016 potest
3061 1945 3439 2002 irrationalius
3481 1946 3565 2002 vel
3605 1945 3756 1999 insa-

459 2049 614 2087 'IIIUS.

549 2127 698 2181 Unde
721 2126 863 2180 cnim
894 2141 1061 2180 sacrae
1091 2127 1433 2191 (eeonomite,
1465 2125 1780 2196 Christique
1807 2143 1928 2182 cum
1959 2128 2055 2182 ho-

459 2221 710 2273 'lttlltiblls
738 2218 1132 2283 ronvcrsantis,
1173 2233 1258 2272 res
1290 2218 1660 2272 constabunt?
1690 2217 1860 2283 Unde,
1913 2219 2056 2286 quod

477 2294 767 2365 rsu'riverit
822 2320 874 2362 et
923 2309 1177 2373 sitiverit,
1229 2311 1547 2379 apparebit?
1584 2309 1754 2372 Unde,
1799 2311 2055 2365 itinerum

463 2406 651 2465 "inbor,
700 2402 889 2464 sudor,
944 2416 1132 2470 pavor,
1185 2401 1414 2471 aliaeque
1461 2416 1797 2472 quaecunque
1837 2402 2056 2473 corpori

464 2505 663 2550 nostro
723 2495 970 2549 accidunt
1026 2494 1337 2563 passiones?
1392 2495 1535 2565 quod
1591 2510 1723 2548 sane
1759 2511 1864 2550 non
1903 2505 2058 2549 caret

481 2592 671 2657 ﬁgura,
711 2587 1002 2652 soliditate,
1035 2586 1230 2656 triplici
1289 2587 1653 2649 dimensione,
1690 2587 1894 2649 colore,
1949 2594 2062 2640 sta-

481 2698 622 2748 iura,
661 2693 713 2736 et
739 2682 998 2749 pondere,
1044 2689 1306 2749 prmterea
1343 2679 1730 2749 tangibilitate,
1758 2688 1813 2733 et
1845 2678 1948 2732 alia
2005 2691 2063 2731 re

477 2776 742 2844 qualibet,
785 2783 1055 2843 quotquot
1080 2771 1326 2841 corporis
1363 2769 1598 2840 pr0prl:e
1638 2779 1762 2824 sunt
1799 2769 2066 2823 ctdicun~

484 2882 585 2922 ιιτ.
621 2868 902 2934 Quomodo
929 2866 1092 2935 igitur
1131 2863 1272 2934 quod
1304 2872 1388 2918 est
1416 2861 1697 2932 tangihile,
1731 2876 1836 2915 non
1869 2859 2064 2913 sitcir-

482 2959 908 3028 i-umscriptnm?
936 2969 991 3012 ttt
1019 2974 1082 3012 ex
1125 2975 1227 3010 una
1259 2950 1852 3036 proprietate'reliquze
1905 2952 2065 3007 intel-

2245 2131 2331 2184 Ἐν
2387 2131 2493 2184 τίνι
2544 2130 2653 2200 γὰρ
2694 2130 2765 2186 τὰ
2808 2131 2911 2200 τῆς
2964 2130 3279 2201 οἰκονομίας
3317 2129 3412 2183 καὶ
3450 2131 3552 2200 τῆς
3613 2129 3757 2200 πρὸς

2159 2217 2484 2288 ἀνθρώπους
2522 2218 2968 2289 ἐμπολιτεύσεως
3002 2218 3098 2272 τοῦ
3135 2219 3371 2289 Χριστοῦ
3401 2221 3753 2290 φανήσεται;

2174 2306 2262 2358 Ἐν
2300 2306 2404 2360 τίνι
2441 2307 2501 2360 τὸ
2543 2311 2733 2377 πεινῇν
2763 2307 2862 2362 καὶ
2889 2306 3051 2378 διψῇν
3093 2308 3545 2379 θεωρηθήσεται;
3579 2307 3757 2361 Πόθεν

2159 2401 2186 2452 ὁ
2220 2399 2319 2468 τῆς
2369 2399 2680 2469 ὁδοιπορίας
2712 2399 2900 2463 κόπος,
2951 2400 3012 2453 τὺ
3054 2399 3235 2470 ίδροῦν
3287 2417 3346 2452 τε
3379 2402 3474 2452 καὶ¹
3521 2399 3755 2470 δειλιᾷν,

2163 2491 2257 2542 καὶ
2289 2489 2459 2542 τάλλα
2497 2489 2728 2559 πάσχειν
2756 2490 2856 2542 ὅσα
2883 2488 2977 2542 τοῦ
3012 2489 3284 2561 ἡμετέρου
3308 2489 3426 2542 ἐστὶ
3460 2489 3755 2559 σώματοςς

2162 2573 2205 2647 ᾧ
2227 2580 2286 2633 τό
2315 2598 2372 2632 τε
2401 2580 2590 2652 σχῆμα
2621 2581 2716 2634 καὶ
2741 2584 2772 2653 ἡ
2807 2582 3098 2635 ἀντιτυπία
3130 2584 3226 2635 καὶ
3249 2584 3282 2652 ὴ
3311 2582 3507 2652 τρισσὴ
3537 2581 3759 2635 διάστα-

2166 2689 2272 2735 σις,
2319 2673 2413 2724 καὶ
2445 2672 2506 2723 τὸ
2541 2671 2743 2742 χρῶμα
2791 2672 2885 2724 καὶ
2910 2673 2944 2742 ἡ
2998 2673 3298 2742 πηλικότης
3341 2673 3527 2724 καὶτὸ
3565 2672 3760 2741 βάρος.

2164 2765 2302 2833 πρὸς
2334 2764 2390 2817 δὲ
2422 2764 2515 2817 καὶ
2541 2764 2600 2816 τὸ
2632 2765 2816 2817 ἁπτὸν·
2841 2761 3003 2828 εἶναι,
3051 2767 3146 2818 καὶ
3197 2765 3296 2818 ὅσα
3331 2764 3465 2818 ἄλλα
3502 2765 3614 2818 ῐδια
3657 2765 3757 2818 τοῦ

2169 2854 2422 2926 σώματος
2466 2856 2582 2909 ἔστι
2613 2874 2673 2909 τε
2706 2857 2800 2910 καὶ
2837 2857 3082 2924 λέγεται.
3117 2855 3242 2919 Πῶς
3270 2853 3363 2910 οῦν
3391 2856 3452 2910 τὸ
3489 2857 3666 2910 ἁπτὸν
3697 2860 3763 2910 οὐ

2171 2949 2582 3019 περιγραπτόν;
2616 2949 2704 3002 ἴνα
2735 2948 2796 3013 ἐξ
2821 2949 2938 3012 ἑνός
2973 2965 3036 3017 γε
3067 2949 3161 3002 καὶ
3208 2948 3377 3001 τᾶλλα
3415 2949 3766 3021 συμπεριλη-

479 3057 737 3122 irguutur,
784 3061 1049 3122 quotquot
1110 3053 1161 3102 in
1197 3049 1424 3104 Christo
1455 3058 1673 3118 propter
1725 3055 2062 3115 assumptam

2172 3039 2350 3109 φθείη..
2391 3041 2493 3093 ὅσα
2519 3039 2606 3092 διὰ
2635 3039 2729 3091 τοῦ
2758 3041 3192 3110 προσλήμματος
3223 3041 3280 3092 ἐν
3303 3039 3529 3110 Χριστῷ
3559 3040 3767 3092 τεθεώ-

477 3148 879 3201 'bznnanitatciu
913 3153 1250 3213 spectantur.
1283 3141 1490 3207 Quibus
1526 3140 1630 3193 nisi
1663 3138 1940 3193 Manionas
1972 3155 2062 3191 as-

451 3227 1075 3300 isentiatur,Christtun
1110 3242 1462 3303 corporatnm
1513 3233 1694 3301 negari
1749 3232 1816 3283 ab
1861 3246 1926 3286 ro
1986 3232 2066 3283 dio

486 3341 630 3386 serte
663 3344 885 3384 necesse
909 3337 1014 3382 εει.
1057 3325 1198 3396 Ergo
1233 3343 1298 3381 ne
1328 3341 1546 3394 passum
1581 3325 1798 3394 quidem
1842 3325 2068 3378 conﬁte-

487 3422 654 3487 bitur,
683 3431 736 3475 et
768 3419 1068 3487 redemptio
1097 3425 1280 3470 nostra
1313 3425 1627 3476 evanescet,
1663 3425 1824 3482 atque
1851 3410 1920 3467 ab
1950 3414 2066 3467 ido-

489 3515 555 3569 lis
581 3525 846 3574 recessus,
879 3508 1020 3579 quod
1061 3508 1149 3562 ille
1194 3506 1446 3576 apprime
1491 3504 1659 3558 voluit
1693 3522 1704 3557 :
1750 3519 1887 3556 vana
1945 3518 2067 3571 Spes

490 3615 668 3660 nostra
707 3612 812 3668 est,
838 3613 893 3655 et
922 3614 1257 3669 quaecunque
1305 3598 1460 3651 nobis
1499 3613 1526 3650 a
1579 3595 1890 3650 Servatons
1942 3611 2068 3663 pas—

487 3698 642 3753 sione
691 3696 1030 3750 obvenerunt
1075 3710 1088 3745 :
1147 3687 1446 3759 Evangelia
1507 3690 1635 3742 item
1689 3687 1821 3740 nihil
1879 3701 2064 3741 verum

487 3787 861 3848 coutinebunt,
889 3794 942 3839 et
964 3782 1210 3839 doctrina
1240 3782 1416 3836 omnis
1449 3790 1742 3846 nostraque
1769 3775 1903 3830 ﬁdes
1924 3793 2064 3831 vana

489 3883 613 3936 huic
657 3879 947 3933 videbitur.

559 3973 682 4026 llaec
711 3980 900 4025 contra
928 3970 1091 4024 istum
1125 3967 1267 4020 dicta
1306 3975 1488 4029 sunto,
1531 3963 1622 4032 qui
1661 3963 2071 4019 incircumscri-

485 4066 722 4134 ptionem
746 4053 910 4116 stulte
943 4060 1295 4114 vociferatur.
1331 4056 1446 4110 Non
1486 4058 1557 4108 ita
1591 4065 1770 4111 tamen
1814 4072 1872 4110 se
1908 4055 2072 4109 habet

487 4154 734 4210 veritatis
761 4153 937 4216 ratio;
969 4149 1062 4204 sed
1094 4150 1235 4202 sicut
1268 4146 1498 4200 Verbum
1531 4150 1681 4222 carni
1716 4149 1924 4202 unitum
1951 4163 2071 4215 per-

490 4247 658 4300 fectas
687 4244 1033 4310 integrasque
1065 4249 1291 4290 naturas
1315 4236 1684 4306 cense-Navii,
1717 4252 1816 4291 nec
1867 4255 1894 4288 a
1935 4237 2070 4306 phy-

490 4339 622 4392 sicis
651 4333 909 4389 discessit
942 4327 1406 4399 proprietatibus.
1437 4336 1490 4380 et
1519 4340 1790 4396 quatenus
1835 4327 2068 4383 Verbum

2170 3146 2349 3200 ρηται.
2388 3128 2474 3191 Ὠς
2499 3130 2548 3181 εἰ
2578 3130 2653 3199 μὴ
2677 3130 2888 3204 τούτοις
2913 3128 3090 3193 ἔθετο,
3118 3131 3214 3182 καὶ
3239 3131 3298 3182 τὺ
3323 3129 3764 3200 σεσωματῶσθαι

2169 3221 2331 3273 αὑτὸν
2372 3222 2463 3273 τὸν
2495 3220 2698 3291 Κύριον
2719 3220 3013 3293 ἀπηρνήθη
3057 3220 3123 3274 ἂν
3155 3220 3506 3293 τελεώτερον.
3548 3223 3765 3276 Οὐκοῦν

2168 3311 2289 3365 οὐδὲ
2347 3312 2681 3364 πεπονθέναι
2735 3311 3153 3383 διωμολόγησε·
3205 3314 3300 3366 καὶ
3351 3314 3635 3383 οἰχήσεται
3693 3316 3764 3366 τὰ

2171 3406 2266 3474 τῆς
2301 3405 2624 3475 ἐλευθερίας
2673 3407 2826 3475 ἡμῖν,
2855 3437 2859 3442 -
2887 3405 2982 3459 καὶ
3015 3405 3073 3458 τὸ
3115 3406 3463 3477 ἀπηλλάχθαι
3497 3407 3762 3470 εἰδώλων,

2169 3497 2307 3567 ὅπερ
2347 3499 2556 3561 ἐκεῖνος
2586 3497 2893 3550 ἐσπούδακε
2917 3513 2929 3524 ·
2978 3498 3112 3550 κενὰ
3147 3498 3218 3551 τὰ
3256 3499 3628 3568 τῆς-ἐλπίδος,
3665 3501 3768 3553 καὶ

2171 3587 2271 3640 ὅσα
2321 3585 2408 3639 διὰ
2441 3586 2534 3638 τοῦ
2585 3587 2860 3656 σωτηρίου
2895 3589 3030 3656 ἡμῖν
3058 3589 3399 3656 προσγέγονε
3431 3587 3671 3652 πάθους·
3696 3591 3766 3642 τὰ

2171 3679 2303 3757 γοῦν
2334 3679 2670 3748 Εὑαγγὲλια,
2697 3679 2898 3749 ἥκιστα
2915 3680 2980 3749 δὴ
3005 3677 3072 3732 ,τὸ
3095 3679 3446 3750 ἀληθίζεσθαι
3466 3680 3766 3751 διακεκτή-

2174 3789 2349 3835 σεται,
2386 3772 2480 3824 καὶ
2506 3770 2571 3840 δὴ
2619 3771 2714 3824 καὶ
2749 3767 2887 3841 ὀφθῇ
2944 3769 3096 3839 αὑτῷ
3127 3770 3361 3840 μάταιον
3403 3772 3464 3823 τὸ
3493 3772 3763 3842 κήρυγμα

2172 3864 2324 3933 καὶὴ
2367 3864 2550 3926 πίστις
2585 3863 2763 3932 ἡμῶν.

2244 3956 2429 4008 Ταῦτα
2468 3955 2568 4026 μὲν
2606 3949 2699 4008 οῦν
2753 3953 2995 4026 εἰρήσθω
3045 3956 3183 4027 πρὸς
3229 3955 3416 4018 αὑτὸν,
3465 3953 3526 4006 τὺ
3557 3954 3766 4026 ἀπερί-

2175 4064 2422 4117 γραπτον
2463 4048 2673 4116 ἀλόγως
2727 4031 3105 4116 κομπάζοντα.
3153 4050 3266 4119 Οὐχ
3323 4042 3426 4101 ὧδε
3473 4049 3530 4101 δὲ
3583 4052 3612 4101 ὀ
3663 4052 3768 4119 τῆς

2174 4138 2432 4207 ἀληθείας
2467 4139 2582 4209 ἔχει
2616 4138 2794 4207 λόγος,
2839 4138 2974 4192 ἀλλὰ
3013 4139 3272 4210 καθάπερ
3319 4140 3348 4191 ό
3379 4138 3581 4204 Λόγος,
3619 4140 3762 4192 ἑνω-

2178 4232 2292 4294 est;
2325 4234 2387 4302 τῇ
2435 4233 2622 4303 σαρκὶ,
2653 4233 2750 4295 τὰς
2806 4233 2998 4300 φύσεις
3028 4233 3243 4295 τελείας
3292 4235 3390 4286 καὶ
3442 4233 3767 4295 ἁνελλιπείς

2175 4322 2489 4393 διετήρησε,
2548 4323 2644 4374 mi.
2677 4322 2787 4376 τῶν
2821 4321 3069 4391 φυσικῶν
3116 4324 3217 4376 οὐκ
3247 4322 3548 4390 ἐξέστηκεν
3615 4323 3764 4375 ἰδιω-

491 4439 596 4491 cst,
621 4427 835 4480 diversa
874 4438 901 4475 a
931 4435 1161 4489 corpore
1195 4421 1391 4472 mansit
1421 4409 1760 4485 substantia;
1799 4421 1877 4472 sic
1908 4421 2063 4473 etiam

2183 4415 2390 4483 μάτων,
2431 4415 2714 4482 μεμένηκε
2733 4414 2789 4466 δὲ
2835 4414 2979 4467 κατά
3002 4431 3066 4481 γε
3096 4415 3189 4466 τὸν
3222 4405 3325 4466 ’τοῦ
3369 4410 3514 4466 εἶναι
3571 4413 3761 4481 λόγον,

493 4534 692 4588 corpus
709 4517 984 4572 diversum
1021 4531 1048 4566 ιι
1094 4511 1269 4567 Verbo
1301 4522 1403 4577 est,
1429 4512 1569 4580 quod
1597 4513 2074 4581 attinet,inqnatn,

495 4609 561 4662 ad
591 4606 975 4677 proprietatem
1012 4623 1024 4658 :
1062 4619 1166 4657 non
1193 4601 1387 4656 enima
1434 4600 1671 4671 propriis
1701 4601 1930 4654 secessit
1974 4600 2075 4654 no-

499 4703 752 4755 tiunibns.
790 4698 852 4750 Et
880 4698 1040 4752 sicuti
1088 4696 1290 4750 factum
1337 4694 1429 4748 Dei
1473 4709 1672 4761 corpus
1742 4708 1846 4746 non
1913 4692 2078 4747 desiit

497 4809 618 4847 esse
647 4806 862 4859 ccipus,
890 4790 989 4840 etsi
1017 4788 1086 4840 ad
1132 4787 1411 4840 meliorem
1444 4785 1666 4839 omnino
1708 4783 2074 4838 conditionem

502 4888 700 4940 virtute
744 4881 901 4936 Verbi
937 4880 1258 4934 translatum
1285 4917 1300 4942 ,
1338 4878 1411 4931 ita
1467 4893 1532 4931 ne
1578 4876 1818 4947 physicis
1860 4875 2076 4944 quidem

500 4974 922 5045 proprietatibus
993 4970 1282 5038 spoliatum
1352 4967 1473 5019 l'nit.
1539 4965 1750 5034 Alioqui
1808 4964 2080 5030 quomodo

500 5080 648 5124 sarta
677 5079 816 5121 tecta
844 5070 988 5119 esset
1015 5060 1320 5130 integritas,
1357 5074 1518 5126 quam
1544 5066 1722 5110 tamen
1762 5057 1826 5110 de
1863 5054 2080 5108 Christo

501 5159 926 5217 ecclesiasticum
955 5154 1326 5225 magisterium
1361 5151 1545 5211 tradit,
1580 5149 1724 5202 sicut
1780 5149 1829 5200 in
1878 5146 2080 5200 deitate

495 5257 568 5310 ita
598 5255 760 5310 etiam
791 5253 844 5305 in
874 5245 1245 5304 humanitate?
1273 5243 1380 5317 43
1413 5244 1579 5298 Certe
1610 5244 1653 5296 si
1679 5240 1808 5308 quid
1872 5239 1934 5291 ad
1983 5239 2078 5292 hu-

496 5348 810 5401 manitatem
849 5344 1128 5413 pertinens
1162 5339 1599 5399 subtraheretur,
1631 5333 1826 5386 nedum
1866 5331 1940 5384 rei
1990 5330 2075 5383 in-

499 5438 746 5506 tegritas.
795 5435 886 5488 sed
924 5449 988 5485 ne
1017 5447 1102 5485 res
1134 5428 1351 5500 quidem
1380 5427 1604 5480 omnino
1663 5424 1867 5490 reliqua
1917 5421 2074 5476 loret.

501 5530 777 5593 Quomodo
805 5539 933 5593 ergo
959 5535 1142 5577 semen
1178 5519 1409 5573 Abrahte
1449 5515 1843 5586 apprehendit,
1891 5513 1934 5567 si
1973 5514 2075 5567 hoc

505 5623 676 5687 ipsum
727 5619 777 5670 in
827 5614 1044 5668 Christo
1087 5629 1189 5666 non
1239 5607 1748 5665 circumscribitur?
1799 5605 2077 5672 Quomodo

501 5710 678 5766 debuit
708 5722 804 5775 per
834 5708 1012 5762 omnia
1046 5705 1301 5758 fratribus
1329 5701 1638 5768 assimilaii,
1668 5702 1709 5754 is
1735 5701 1822 5770 qui
1854 5700 1902 5753 in
1937 5698 2077 5751 mul-

2182 4506 2436 4576 ἑτεροίως
2465 4506 2603 4574 ἔχων
2648 4506 2785 4574 πρὸς
2832 4505 2894 4557 τὸ
2936 4505 3121 4575 σῶμα,
3187 4504 3330 4558 οῦτω
3373 4504 3468 4557 καὶ
3509 4503 3572 4556 τὸ
3600 4505 3764 4572 σῶμα

2181 4599 2437 4660 ἐναντίως
2471 4597 2581 4668 ἔχει
2623 4598 2760 4664 πρὸς
2799 4598 2890 4650 τὴν
2941 4597 3138 4664 Λόγον,
3180 4598 3322 4650 κατά
3370 4597 3434 4664 γέ
3471 4613 3620 4666 φημι
3664 4598 3764 4666 τὴν

2184 4689 2424 4758 ἰδιότητα
2447 4705 2459 4717 ·
2485 4689 2735 4758 οὐδαμῶς
2760 4689 2868 4757 γὰρ
2888 4689 2994 4740 τῶν
3015 4689 3159 4742 ἰδίων
3185 4688 3602 4758 ἁποπειροίτηκε
3619 4705 3764 4754 γνω-

2185 4783 2488 4851 ρισμάτων.
2555 4783 2664 4833 Καὶ
2699 4780 2774 4842 ὡς
2828 4782 3122 4850 γενόμενον
3184 4780 3321 4834 Θεοῦ
3394 4779 3578 4848 σῶμα,
3664 4781 3764 4832 οὐκ

2181 4874 2462 4943 ἀφῄρηται
2497 4872 2557 4924 τὸ
2609 4870 2750 4925 εἶναι
2796 4872 2975 4942 σῶμα,
3012 4876 3062 4926 ει
3118 4875 3214 4926 καὶ
3259 4872 3398 4943 πρὸς
3431 4874 3513 4926 ’τὸ
3546 4873 3762 4942 βέλτιον

2180 4966 2302 5017 ὅλον
2333 4967 2397 5034 τῇ
2427 4965 2655 5033 δυνάμει
2705 4964 2797 5016 τοῦ
2847 4966 3023 5030 Λόγου
3055 4964 3552 5034 μετεστοιχείωται,
3587 4965 3763 5027 οὕτως

2181 5055 2300 5107 οὐδὲ
2350 5054 2459 5107 τῶν
2523 5053 2770 5122 φυσικῶν
2834 5053 3141 5124 ἰδιωμάτων
3223 5053 3537 5122 ἐστέρηται.
3610 5052 3766 5104 Ἐπεὶ

2183 5146 2287 5202 ποῦ
2338 5145 2644 5216 σωθήσεται
2695 5147 2754 5198 τὸ
2820 5147 3048 5209 τέλειον,
3109 5146 3250 5198 κατά
3304 5145 3404 5214 τὴν
3467 5143 3766 5210 ἐκκλησια-

2189 5239 2380 5304 στικὴν
2409 5237 2757 5289 διδασκαλίαν
2807 5238 2898 5289 ἐπὶ
2932 5235 3192 5307 Χριστοῦ,
3227 5234 3416 5304 ὥσπερ
3447 5237 3503 5286 ὲν
3544 5235 3766 5301 θεότητι

2183 5330 2328 5383 οὓτω
2354 5332 2416 5401 δὴ
2451 5331 2544 5383 καὶ
2576 5332 2634 5382 ὲν
2655 5330 3074 5401 ἀνθρωπότητις
3109 5330 3170 5381 ΕΞ
3200 5332 3307 5398 γάρ
3340 5345 3392 5379 τι
3419 5328 3527 5380 τῶν
3559 5330 3639 5390 είς
3668 5332 3769 5395 τὴν

2182 5422 2498 5490 τελειότητα
2519 5423 2763 5491 ἡκόντων
2794 5421 3142 5493 ἀφαιρεθείη,
3168 5421 3228 5473 οὐ
3257 5421 3418 5490 μόνον
3444 5421 3508 5472 οὐ
3540 5420 3768 5481 τέλειον,

2183 5512 2298 5565 ἀλλ’
2357 5511 2478 5564 οὐδὲ
2525 5511 2824 5584 ὑπάρξειεν
2887 5513 3045 5574 ὅλως.
3123 5512 3246 5574 Πῶς
3301 5511 3393 5565 οὖν
3447 5513 3769 5582 σπέρματος

2198 5603 2450 5674 Ἀϐραὰμ.
2497 5603 2953 5673 ἐπιλαμϐάνεται,
2984 5607 3030 5656 εί
3086 5603 3205 5656 κατ’
3240 5603 3373 5655 αὑτό
3400 5620 3461 5670 γε
3517 5603 3677 5654 τοῦτο
3711 5606 3767 5653 οἱ

2188 5695 2624 5765 περιγράφεται;
2660 5694 2832 5748 Πόθεν
2866 5695 3062 5763 ὠτειλε
3090 5695 3229 5748 κατὰ
3255 5695 3429 5746 πάντα
3464 5695 3574 5756 τοῖς
3611 5692 3767 5745 ἁδελ-
