3972 6130
266 218 391 321 έτῖ
1023 254 1649 317 ANTIRRHETICUS
1690 256 1718 314 Ι
1756 256 1926 318 sev.
1966 253 2561 318 CONSTANTINUM
2597 253 2812 314 corn.

3446 246 3563 313 278'

280 368 392 430 τοῖς
433 363 528 419 νῦν
565 363 1118 437 προκεχειρισμένοις
1153 364 1304 420 ἔστιν
1342 366 1543 435 εἰπεῖν,
1570 366 1652 419 ὃτι
1707 366 1866 435 ἀρχέ-

1977 377 2152 422 meme
2185 374 2335 432 sunt,
2363 375 2419 420 ut
2460 366 2514 420 in
2548 364 2803 434 prmsenti
2846 334 3309 417 tractatione'dici
3353 373 3550 432 potest,

275 459 452 512 τυπόν
495 459 644 511 ἐστιν
698 457 844 528 ἀρχὴ
878 457 971 510 καὶ
1022 458 1380 528 παράδειγμα
1416 458 1723 529 ὑφεστηκὸς
1772 455 1866 510 τοῦ

271 549 376 604 ἀπ’
412 546 581 603 αὑτοῦ
610 544 1161 618 χαρακτηριζομένου
1216 546 1410 611 εἴδους,
1460 547 1554 600 καὶ
1579 546 1680 615 τῆς
1724 562 1869 617 παρ-

271 643 510 711 αγωγῆς
540 639 634 693 τοῦ
667 639 1057 711 προσεοικότας
1086 638 1278 692 αἴτιον.
1314 638 1429 709 Τῆς
1456 637 1500 691 δ’
1542 637 1609 691 αὑ
1659 637 1869 702 εἰκόνος

271 733 513 804 ὁρισμὸς
542 730 809 794 τοιοῦτος,
844 730 920 793 ὡς
974 729 1203 784 ἐπὶτῶν
1237 729 1516 801 τεχνητῶν
1544 730 1750 783 τούτων
1785 747 1868 793 τις

275 821 467 875 εἴποι·
525 820 690 874 εἰκών
742 821 891 872 ἐστιν
943 819 1197 889 ὁμοίωμα
1250 819 1584 899 ἀρχετύπου,
1635 819 1753 871 ὅλον
1810 819 1868 871 ἐν

274 914 454 985 ἑαυτῇ
487 913 581 967 τοῦ
612 910 1015 982 ὲντυπουμὲνου
1046 911 1105 964 τὸ
1135 907 1275 975 εἶδος
1307 912 1395 966 διὰ
1424 912 1525 982 τῆς
1560 912 1868 983 ὲμφερείας

274 1004 802 1075 ὲναποματτομένη,
827 1004 906 1074 τῷ
937 1002 1182 1074 διαφόρῳ
1212 1004 1313 1074 τῆς
1343 1004 1552 1067 οὑσίας,
1597 1004 1741 1057 κατά
1769 1003 1869 1073 τὴν

276 1095 423 1166 ὓλην
456 1096 551 1149 καὶ
599 1094 760 1163 μόνον
813 1094 1310 1167 παραλλάσσουσα·
1348 1093 1380 1165 ἢ
1428 1095 1662 1165 μίμησις
1700 1096 1867 1165 ἀρχε-

275 1187 458 1242 τύπου
492 1187 587 1239 καὶ
615 1184 960 1255 ἀπείκασμα,
992 1187 1061 1255 τῇ
1088 1184 1247 1254 οὑσίᾳ
1289 1186 1383 1237 καὶ
1413 1190 1489 1254 τῷ
1520 1185 1867 1254 ὑποκειμένῳ

277 1276 647 1349 διαφέρουσα,
699 1275 731 1346 ἢ
785 1276 983 1346 τέχνης
1040 1275 1389 1345 ἀποτέλεσμα
1439 1276 1582 1328 κατά
1632 1275 1867 1346 μίμησιν

275 1370 379 1424 τοῦ
414 1368 726 1440 ἀρχετύπου
758 1366 1193 1437 εἰδοποιονμένη,
1223 1367 1383 1439 οὐσίᾳ
1406 1367 1464 1420 δὲ
1494 1368 1590 1420 καὶ
1620 1366 1696 1437 τῷ
1732 1367 1866 1421 ὑπο-

280 1462 533 1533 κειμένῳ
584 1459 943 1531 διαφέρουσα.
977 1460 1038 1512 Εἰ
1090 1458 1200 1530 γάρ
1236 1458 1311 1529 μὴ
1340 1458 1591 1528 διαφέρει
1625 1459 1682 1511 ἐν
1729 1475 1860 1524 τινι,

276 1554 387 1607 οὐκ
408 1552 594 1616 εἰκὼν,
629 1551 751 1605 οὑδὲ
786 1550 914 1604 ἀλλο
935 1567 989 1603 τι
1033 1548 1185 1621 παρά
1226 1549 1287 1601 τὸ
1339 1547 1647 1619 ἀρχέτυπόν
1693 1549 1864 1603 ἐστιν.

279 1642 449 1699 Οὕτω
502 1643 600 1714 μὲν
636 1637 731 1696 οὗν
780 1644 813 1711 ἡ
864 1641 1064 1708 εἰκὼν,
1107 1639 1360 1711 ὁμοίωμα
1419 1639 1511 1694 καὶ
1559 1639 1867 1711 ὲκτύπωμα

278 1733 459 1788 ὄντων
487 1734 583 1787 καὶ
611 1732 999 1803 ὑφεστηκότων
1049 1731 1186 1785 ἐστί.
1558 1804 1565 1807 ἤ

359 1826 466 1881 κθ’.
511 1826 583 1878 Τὸ
624 1825 682 1878 δὲ
732 1825 947 1877 εἴδωλον
1001 1823 1375 1895 ἀνυπάρκτων
1435 1822 1601 1877 τινῶν
1641 1823 1733 1876 καὶ
1770 1821 1868 1875 ἀνα

282 1917 613 1972 υποστάτων
640 1915 992 1987 ἀνάπλασμα,
1024 1915 1217 1978 ὁποίας
1240 1914 1304 1984 δή
1324 1930 1477 1977 τινας
1496 1912 1755 1985 Ἕλληνες
1777 1912 1870 1966 ὑπ’

280 2010 579 2072 ἀσυνεσίας
604 2009 700 2062 καὶ
727 2009 939 2074 ἀθεῖας,
973 2007 1266 2079 Τριτώνων
1294 2007 1458 2061 τινῶν
1485 2009 1578 2061 καὶ
1623 2007 1869 2061 Κενταύ-

286 2118 400 2172 ρων
435 2100 530 2153 καί
558 2099 734 2156 ἀλλων
775 2100 1079 2170 φασμάτων
1121 2101 1218 2170 οὐχ
1266 2099 1615 2169 ὑφεστώτων,
1653 2100 1870 2172 μορφὰς

282 2193 715 2247 ἀναπλάττουσι.
744 2194 858 2247 Καὶ
880 2192 1055 2266 ταύτῃ
1076 2193 1322 2262 ἀλλήλων
1357 2191 1521 2246 εἰκών
1550 2209 1611 2245 τε
1655 2194 1751 2246 καὶ
1798 2192 1871 2244 εἴ-

286 2285 462 2338 δωλον
494 2284 1029 2351 ἀποδιαστέλλονται,
1066 2285 1209 2340 ὥστε
1236 2286 1286 2338 οἰ
1316 2286 1390 2357 μὴ
1430 2285 1712 2356 δεχόμενοι
1742 2284 1870 2338 τού-

283 2393 399 2430 των
424 2375 712 2445 διαφορὰν,
735 2376 958 2441 δικαίως
979 2376 1044 2431 ἂν
1065 2377 1449 2449 εἰδωλολάτραι
1470 2377 1740 2446 κληθεῖεν.
1761 2376 1871 2429 Καὶ

282 2470 339 2520 αἱ
380 2467 479 2538 μὲν
501 2467 731 2532 εἰκόνες,
770 2468 863 2521 καὶ
908 2467 1130 2537 ἀγαθῶν
1164 2471 1259 2522 καὶ
1295 2468 1514 2537 φαύλων
1542 2468 1680 2521 εἰσὶν
1723 2468 1871 2521 εἰκό-

282 2578 401 2627 νες,
426 2557 503 2615 ὧν
527 2560 622 2615 καί⁵
646 2562 680 2630 ὴ
716 2558 843 2625 δόξα
877 2560 1157 2632 διάφορος.
1188 2559 1310 2614 Τῶν
1361 2560 1457 2630 μὲν
1504 2558 1612 2628 γάρ
1649 2544 1871 2627 ἀγαθῶν

280 2653 570 2725 τιμητέαι,
599 2654 705 2707 τῶν
729 2653 951 2723 φαύλων
991 2652 1048 2705 δὲ
1094 2651 1505 2723 ἀποπεμπτέαι,
1537 2651 1633 2704 καὶ
1662 2652 1720 2702 ὲν
1766 2650 1867 2722 ίσῳ

282 2746 533 2810 εἰδώλοις
585 2745 849 2815 φευκτὲαι
874 2762 889 2776 ·
944 2746 1198 2798 κάκεῖναι
1252 2743 1508 2815 μάλιστα,
1575 2743 1729 2805 ὅσαις
1778 2744 1872 2795 καὶ

282 2837 527 2891 εἰδώλων
549 2836 714 2900 σέϐας
737 2835 850 2889 τῶν
885 2833 1134 2891 παλαιῶν
1165 2850 1328 2898 τινες,
1362 2833 1548 2895 κακῶς
1571 2833 1666 2886 καὶ
1694 2831 1871 2895 ἀθέως

282 2930 578 2996 ἀνέθεσαν,
602 2928 693 2983 τὸν
721 2928 829 2982 τῶν
858 2928 1000 2982 ὅλων
1031 2926 1165 2981 Θεὸν
1192 2928 1283 2979 καὶ
1315 2924 1414 2996 τὴν
1446 2923 1669 2995 πρώτην
1690 2922 1870 2978 αἰτίαν

1971 458 2324 527 archetypum
2365 471 2487 511 esse
2524 454 2849 524 principium
2875 462 2929 509 ct
2950 453 3252 523 exemplar,
3281 454 3554 522 quodper

1971 566 2030 605 se
2060 552 2294 612 exsistit,
2326 550 2446 619 ejus
2488 546 2678 602 forma;
2710 560 2829 617 quae
2859 545 2926 599 ab
2953 545 3074 614 ipso
3107 540 3454 612 exprimitur,
3499 557 3555 600 et

1971 642 2345 705 derivationis,
2366 655 2485 710 qua:
2498 638 2546 693 ei
2566 637 2865 693 assimilata
2891 646 2999 703 est,
3025 651 3271 690 causam.
3298 634 3552 691 Deﬁnitio

1970 744 2150 787 autem
2177 729 2429 800 imaginis
2470 730 2586 784 haec
2618 727 2744 791 erit,
2786 739 2843 780 ut
2876 727 2944 781 de
2976 728 3043 782 iis
3071 742 3194 796 qua:
3252 741 3371 781 arte
3397 726 3569 789 liunt,’

1971 822 2080 878 dici
2114 830 2293 890 potest
2328 838 2344 881 :
2375 820 2583 889 imago,
2619 819 2866 887 inquam,
2894 826 2980 872 est
3024 817 3327 873 similitudo
3359 817 3555 872 arche-

1972 916 2103 985 typi,
2132 929 2251 985 qua
2275 912 2327 967 in
2367 926 2426 967 se
2455 920 2622 966 totam
2652 911 2890 980 speciem
2924 910 3039 964 sive
3074 909 3303 964 formam
3336 909 3551 980 ﬁgurati

1971 1021 2067 1073 per
2101 1004 2549 1059 assimilationem
2578 1001 2858 1071 ekprimit,
2907 1000 3019 1055 sola
3050 992 3370 1056 diversitate
3420 1004 3553 1056 sub-

1970 1097 2182 1152 stantiae
2213 1097 2509 1150 secundum
2541 1094 2823 1147 materiam
2855 1092 2922 1147 ab
2958 1108 3022 1148 eo
3066 1092 3348 1147 dill‘erente
3389 1111 3403 1147 :
3458 1103 3552 1147 aut

1969 1189 2203 1245 imitatio
2223 1185 2504 1257 archetypi
2558 1194 2612 1239 et
2633 1182 2980 1251 assimilatio,
3006 1184 3308 1239 substantia
3332 1200 3395 1238 ac
3422 1186 3555 1239 sub-

1964 1270 2112 1353 jecto
2143 1280 2434 1339 dill‘erens:
2472 1289 2564 1333 aut
2595 1277 2728 1335 artis
2754 1275 2980 1333 euectus
3002 1277 3301 1333 secundum
3355 1264 3541 1331 imita-

1973 1376 2172 1447 tionem
2232 1371 2515 1443 archetypi
2582 1369 2869 1433 formatus,
2918 1368 3224 1423 substantia
3270 1378 3453 1423 tamen
3493 1375 3551 1420 et.

1969 1466 2213 1535 subjecto
2235 1463 2511 1518 dili'erens.
2547 1459 2661 1515 Nisi
2693 1460 2839 1516 enim
2873 1459 3053 1528 aliqua
3089 1457 3142 1511 in
3176 1473 3234 1512 re
3275 1455 3547 1521 dili‘erret,

1970 1573 2076 1611 non
2121 1557 2301 1625 imago
2361 1570 2461 1610 nec
2491 1553 2635 1609 aliud
2664 1551 2829 1633 quid,
2868 1559 3065 1621 praeter
3089 1563 3250 1618 quam
3290 1548 3549 1617 archety-

1969 1658 2306 1719 pum,esset.
2346 1648 2436 1702 Sic
2464 1647 2631 1718 igitur
2673 1647 2871 1714 imago,
2926 1641 3223 1696 similitudo
3254 1651 3308 1696 et
3365 1640 3537 1694 forma

1899 1721 1941 1777 Β
1968 1747 2054 1794 est
2097 1740 2164 1793 ab
2194 1738 2280 1802 iis,
2316 1752 2437 1808 quae
2465 1752 2563 1809 per
2584 1752 2644 1793 se
2671 1746 2819 1800 sunt,
2848 1748 3124 1803 expressa.

2040 1828 2130 1883 29.
2176 1827 2382 1882 Idolum
2415 1843 2543 1882 vero
2592 1826 2738 1897 ﬁctio
2766 1839 2952 1880 eorum
2976 1838 3095 1892 qua:
3131 1836 3237 1876 non
3276 1821 3549 1875 exsistunt

1970 1937 2147 1993 neque
2168 1936 2262 1992 per
2290 1936 2351 1977 se
2374 1932 2500 1976 sunt
2527 1920 2641 1991 (58)
2673 1938 2685 1974 :
2722 1918 3020 1987 cuiusmodi
3056 1915 3164 1989 45
3198 1925 3322 1971 sunt
3353 1913 3543 1971 forinze

1970 2016 2213 2084 quaedam
2238 2029 2376 2085 quas
2430 2013 2638 2068 ethnici
2693 2010 2843 2067 fatue
2871 2021 3034 2079 atque
3084 2008 3389 2078 irreligiose
3419 2022 3550 2063 con-

1971 2108 2209 2177 linguut,
2250 2117 2309 2162 ut
2362 2105 2685 2169 Tritonum,
2730 2104 3155 2162 Centaurorum.
3208 2100 3553 2168 aliorumque

1970 2200 2413 2266 phantasmatum
2469 2212 2589 2268 qua:
2630 2212 2736 2253 non
2778 2194 3104 2249 subsistunt.
3143 2192 3233 2248 Sic
3287 2192 3464 2262 imago
3496 2202 3551 2246 et

1971 2290 2175 2344 idolum
2219 2289 2453 2344 invicem
2507 2287 2934 2356 distinguuntur.
2976 2284 3157 2348 Quare
3201 2283 3293 2351 qui
3349 2284 3547 2336 horum

1971 2381 2330 2436 differentiam
2358 2394 2463 2436 non
2479 2381 2803 2449 approbant,
2825 2376 3020 2431 merito
3041 2374 3342 2429 idololatra:
3368 2374 3549 2427 vocari

1971 2481 2219 2542 possunt.
2253 2471 2335 2525 Ac
2362 2469 2628 2539 imagines
2675 2468 2891 2538 quidem
2920 2508 2933 2533 ,
2984 2467 3251 2521 bonorum
3286 2480 3438 2534 atque
3490 2479 3555 2517 ac

1973 2562 2240 2618 malorum
2267 2561 2533 2633 imagines
2566 2570 2716 2625 sunt,
2748 2560 2814 2614 de
2842 2558 3047 2628 quibus
3086 2567 3267 2611 tamen
3314 2555 3555 2612 dissimi-

1973 2654 2098 2709 liter
2126 2653 2545 2709 existimandum
2577 2661 2692 2707 ests
2713 2649 2844 2705 Nam
2872 2649 3135 2705 bonorum
3166 2648 3383 2718 quidem
3416 2649 3551 2704 imu-

1972 2746 2127 2815 gines
2159 2744 2490 2800 honorandae
2517 2753 2682 2809 sunt;
2715 2743 2978 2797 malorum
3025 2756 3151 2795 vero
3183 2741 3550 2809 repudianda',

1972 2847 2029 2891 et
2047 2850 2202 2904 atque
2225 2850 2289 2889 ac
2312 2834 2456 2889 idola
2500 2833 2789 2905 fugiendae,
2822 2836 2926 2890 illa:
2956 2835 3323 2905 potissimum,
3350 2833 3550 2901 quibus

1972 2927 2135 2997 aliqui
2163 2942 2230 2981 ex
2264 2924 2461 2996 priscis
2494 2925 2898 2981 venerationem
2924 2926 3193 2980 idolorum
3224 2939 3389 2994 prave
3413 2925 3552 2983 irre-

283 3022 685 3091 ἀγνοήσαντες.
738 3020 915 3089 Ὅπερ
965 3018 1001 3090 ἥ
1040 3034 1099 3071 τε
1148 3018 1286 3089 πρὸς
1324 3017 1450 3080 τοὺς
1494 3016 1729 3081 οἰκείους
1758 3015 1868 3069 τῶν

1977 3019 2268 3089 ligioseque
2300 3020 2684 3084 adhibuerunt,
2712 3018 3074 3073 universalem
3105 3018 3272 3070 Deum
3293 3016 3553 3085 primam-

283 3109 559 3182 ἐμπαθῶν
589 3111 684 3165 καὶ
729 3108 1076 3179 ὑλικωτέρων
1103 3107 1482 3179 ἀπειργάσατο
1511 3106 1867 3179 περιπάθεια,

1977 3128 2079 3182 que
2112 3127 2331 3168 causam
2367 3113 2701 3184 ignorantes.
2728 3110 2881 3177 Quod
2903 3110 3117 3179 quidem
3152 3107 3284 3163 fecit
3312 3114 3423 3163 tum
3457 3109 3552 3163 ho—

283 3204 322 3275 ἡ
356 3218 416 3256 τε
439 3202 711 3272 τυραννὶς,
730 3201 831 3271 τῆς
864 3198 1253 3271 προσηκούσης
1278 3198 1438 3269 δόξης
1463 3199 1592 3263 τοὺς
1619 3200 1864 3270 θεσμοὺς

1977 3204 2180 3258 minum
2224 3195 2612 3273 cupiditatibus
2640 3212 2693 3258 et
2722 3202 2957 3257 terrenis
2994 3200 3157 3256 rebus
3185 3199 3545 3254 servientium

285 3294 387 3348 καὶ
415 3293 577 3364 ὅρους
604 3291 1076 3361 πλεονεκτήσασα.
1109 3289 1201 3342 Διὸ
1229 3289 1447 3344 εἴδωλον
1476 3290 1566 3343 ἐπί
1592 3306 1739 3353 τινος
1764 3288 1871 3343 τῶν

1977 3295 2207 3362 affectio,
2241 3304 2354 3351 tum
2376 3298 2540 3352 etiam
2561 3295 2845 3367 tyrannica
2876 3301 3141 3364 potestas,
3175 3293 3311 3349 lines
3334 3307 3397 3348 ac
3426 3292 3550 3362 jura

285 3383 514 3454 ἀγαθῶν
547 3384 648 3436 οὑκ
700 3381 766 3435 ἂν
808 3381 1044 3449 λέγοιτο,
1091 3379 1169 3451 τῷ
1205 3379 1573 3451 προειλῆφθαι
1625 3378 1862 3450 μάλιστα

1977 3390 2103 3459 iusti
2129 3391 2352 3446 honoris
2384 3399 2795 3463 pmtergressa.
2833 3385 2963 3447 Ideo,
2985 3400 3261 3456 nunquam
3311 3384 3364 3439 in
3413 3386 3551 3439 bona

285 3477 389 3543 τὴν
420 3472 602 3543 φωνὴν
656 3471 749 3524 επὶ
808 3469 917 3524 τῶν
959 3468 1192 3523 ἐθνικῶν
1244 3468 1628 3538 σεϐασμάτων,
1661 3467 1697 3522 ἃ
1757 3474 1871 3531 τοῖς

1977 3478 2155 3549 aliqua
2204 3494 2262 3535 re
2295 3480 2510 3539 dicetur
2552 3479 2778 3545 idolum,
2827 3478 3082 3548 quoniam
3131 3478 3186 3531 id
3224 3476 3547 3532 vocabulum

285 3564 509 3633 δαίμοσι
566 3562 656 3617 διά
720 3561 829 3615 τῶν
887 3560 1089 3615 θυσιῶν
1138 3560 1530 3632 προσφέρεται,
1580 3560 1723 3615 κατὰ
1768 3561 1871 3630 τὴν

285 3652 661 3723 ἀποστολικὴν
689 3653 873 3723 ῥῆσιν.

364 3743 429 3796 λ’.
472 3743 585 3795 Οὔκ
609 3743 837 3812 ἀκαιρον
872 3740 929 3794 δὲ
952 3735 1107 3812 οἴμαι
1136 3741 1194 3793 ὲν
1213 3739 1291 3811 τῷ
1318 3741 1571 3811 παρόντι,
1606 3740 1699 3793 καὶ
1716 3738 1874 3794 τοῦτο

286 3833 614 3905 προσθεῖναι
644 3832 917 3904 τῷλόγῳ,
959 3833 1041 3885 ὅτι
1072 3835 1104 3902 ἡ
1154 3831 1320 3886 εἰκὼν
1355 3832 1540 3902 σχέσιν
1582 3831 1694 3903 ἔχει
1737 3832 1872 3904 πρὸς

287 3924 353 3978 τὸ
376 3923 707 3995 ἀρχέτυπον,
766 3924 861 3976 καὶ
906 3922 1083 3976 αἰτίου
1134 3924 1281 3975 ἐστὶν
1330 3922 1611 3976 αἰτιατὸνο
1658 3922 1873 3994 ἀνάγκη

288 4015 390 4070 οὖν
419 4015 509 4067 διὰ
541 3998 699 4067 τοῦτο
729 4014 825 4067 καὶ
852 4013 961 4065 τῶν
981 4013 1124 4084 πρός
1150 4030 1203 4066 τι
1247 4009 1391 4068 εἶναί
1436 4031 1495 4066 τε
1536 4013 1742 4083 ταύτην
1779 4014 1875 4067 καὶ

288 4104 576 4173 λέγεσθαι.
602 4106 681 4159 Τά
713 4105 769 4160 δὲ
815 4104 950 4176 πρός
993 4123 1069 4169 τι,
1104 4105 1244 4158 αὑτά
1280 4103 1424 4176 ἅπερ
1463 4106 1632 4169 ἐστὶν,
1671 4106 1876 4176 ἑτέρων

289 4191 438 4247 εἶναι
496 4193 738 4263 λέγεται,
801 4194 1308 4265 καίΙάντιστρέφει
1361 4196 1430 4265 τῇ
1491 4193 1674 4264 σχέσει
1738 4194 1875 4265 πρὸς

289 4286 509 4357 ἄλληλα
536 4301 551 4316 ⁸
580 4285 772 4357 ὥσπερ
817 4288 844 4339 ό
870 4285 1053 4357 πατὴρ
1088 4285 1209 4338 υἱοῦ
1241 4285 1443 4356 πατὴρ,
1477 4288 1571 4337 καὶ
1632 4284 1871 4354 ἔμπαλιν

1974 3570 2245 3642 praecipue
2286 3580 2603 3641 usurpatum
2632 3570 2734 3625 fuit
2770 3571 2825 3625 in
2861 3568 3008 3625 cultu
3038 3569 3282 3635 ethnico,
3309 3568 3400 3639 qui
3442 3567 3554 3622 da:-

1974 3662 2225 3716 monihus
2265 3664 2580 3728 exhibetur,
2616 3663 2759 3730 sicut
2805 3661 3095 3732 Apostolus
3135 3661 3232 3714 ait.

2045 3753 2136 3808 30.
2178 3752 2428 3807 Arbitror
2464 3768 2569 3807 non
2588 3768 2709 3808 esse
2733 3767 2876 3807 nunc
2899 3755 3319 3821 inopportunum
3347 3757 3536 3802 nostro

1976 3845 2213 3900 sermoni
2251 3847 2451 3899 addere
2490 3845 2610 3906 hoc.
2649 3845 2850 3900 habere
2879 3844 3091 3899 scilicet
3151 3843 3442 3912 imaginem
3475 3844 3542 3899 al

1976 3939 2331 4006 archetypum
2391 3936 2708 3990 relationem
2757 3949 2934 3991 causa:
2966 3944 3021 3990 et
3068 3933 3292 3990 enectus
3334 3946 3552 4003 :quare

1978 4038 2205 4078 necesse
2246 4032 2351 4088 est,
2388 4034 2441 4076 et
2474 4037 2595 4077 esse
2623 4034 2677 4076 et
2730 4022 2839 4077 dici
2888 4037 3101 4085 eorum,
3138 4037 3256 4091 quze
3320 4033 3446 4076 sum
3481 4023 3549 4076 ad

1979 4110 2207 4180 aliquid.
2242 4110 2372 4178 Qua:
2412 4121 2590 4166 autem
2624 4119 2751 4167 sunt
2791 4112 2857 4165 ad
2890 4111 3114 4181 aliquid,
3151 4111 3267 4181 ipsa
3311 4110 3394 4164 illa
3436 4128 3554 4180 qua:

1976 4203 2192 4272 quidem
2225 4214 2371 4266 sunt,
2407 4203 2636 4257 aliorum
2682 4217 2802 4256 esse
2832 4203 3105 4269 dicuntur,
3154 4212 3209 4256 et
3249 4203 3553 4272 reciproca-

1979 4304 2065 4349 tur
2094 4296 2332 4362 ipsorum
2367 4294 2509 4349 inter
2538 4309 2599 4348 se
2621 4294 2831 4358 relatio,
2869 4303 2928 4348 ut
2959 4303 3112 4362 pater
3153 4293 3246 4348 lilii
3292 4306 3467 4365 pater,
3498 4308 3553 4346 ‹·ι

289 4381 321 4433 ὀ
374 4379 491 4441 uio;
553 4378 761 4449 πατρὸς
817 4378 1039 4447 λέγεται
1076 4378 1213 4440 υίὸς,
1246 4376 1513 4439 ὡσαύτως
1568 4377 1664 4429 καὶ
1716 4376 1868 4445 φίλος

1977 4401 2166 4441 rursus
2186 4385 2328 4439 lilius
2360 4385 2528 4453 patris
2573 4385 2713 4442 tilins
2743 4384 2963 4441 dicitur.
3019 4384 3283 4441 Similiter
3338 4386 3548 4439 amicus

291 4469 477 4537 φίλου,
504 4469 599 4522 καὶ
626 4468 797 4535 δεξιὸς
828 4467 1146 4537 ἀριστεροῦ,
1179 4467 1283 4519 καὶ.
1320 4466 1559 4537 ἔμπαλιν
1586 4468 1876 4537 ἀριστερὸς

290 4558 730 4630 ὃεξιοῦοὸμοίως
770 4562 862 4612 καὶ
911 4559 1179 4629 δεσπότης
1215 4559 1402 4612 δούλου
1447 4558 1735 4629 δεσπότης,
1783 4559 1877 4611 καὶ

1976 4477 2158 4540 amici,
2191 4487 2247 4531 et
2274 4477 2523 4530 dextrum
2560 4475 2792 4540 sinistri,
2833 4485 2888 4530 et
2938 4475 3216 4544 reciproce
3264 4476 3545 4530 sinistrum

1976 4568 2152 4622 dextri
2178 4586 2191 4621 :
2226 4567 2354 4621 item
2379 4567 2627 4621 dominus
2643 4568 2808 4631 servi,
2837 4575 2893 4619 et
2917 4566 3168 4619 similiter
3190 4567 3243 4620 in
3271 4567 3390 4621 aliis
3416 4568 3553 4636 ejus-

295 4651 559 4721 ἔμπαλιν,
602 4651 695 4705 καὶ
744 4652 799 4705 εί
831 4668 884 4704 τι
919 4651 1130 4715 τούτοις
1168 4652 1518 4723 προσόμοιον.
1556 4651 1745 4715 Οὕτως
1784 4651 1871 4707 οὖν

1977 4659 2143 4713 modi.
2168 4657 2258 4712 Sic
2290 4660 2451 4729 igitur
2486 4660 2860 4730 prot'otypum,
2883 4658 3135 4728 imaginis
3164 4667 3509 4729 protntypum
3535 4676 3548 4723 ;

296 4740 396 4793 καὶ
451 4741 792 4810 ἀρχέτυπον,
852 4741 1062 4804 εἰκόνος
1121 4741 1461 4812 ἁρχέτυπον’
1526 4742 1620 4795 καὶ
1681 4742 1872 4809 εἰκὼν,

294 4832 611 4900 ἀρχετύπου
645 4832 807 4885 εἰκών
833 4850 844 4865 ·
878 4835 972 4885 καὶ
1003 4834 1104 4885 οὑκ
1160 4834 1224 4887 ἄν
1279 4850 1366 4897 τις
1399 4832 1628 4905 ἄσχετον
1684 4836 1873 4890 εἰκόνα

295 4922 395 4976 τοῦ
427 4940 569 4986 τινος
598 4924 781 4976 εἰκόνα
813 4925 972 4993 φαίη.
1017 4927 1170 4995 "Age.
1224 4926 1333 4996 γὰρ
1366 4927 1746 4993 συνεισάγεται
1780 4929 1875 4980 καὶ

300 5011 786 5082 συνεπιθεωρεῖται
812 5012 1026 5083 θατέρῳ
1048 5014 1108 5064 το
1133 5013 1321 5082 ἕτερον
1343 5031 1356 5044 ·
1400 5018 1500 5068 κᾶν
1539 5032 1641 5067 που
1672 5017 1874 5085 οἴχοιτο

297 5102 361 5155 τὸ
393 5103 721 5173 ἀρχέτυπον,
746 5102 859 5156 ἀλλ’
886 5103 925 5174 ἦ
949 5121 1011 5173 γε
1048 5106 1233 5174 σχέσις
1276 5105 1335 5156 οὐ
1384 5105 1749 5175 συναπολήγει
1773 5123 1785 5135 ·
1812 5109 1873 5161 οὑ

375 5243 490 5313 (58)
543 5242 633 5298 Sic
666 5246 827 5298 etiam
869 5245 1180 5301 Macarius:
1220 5245 1458 5301 Εἴδωλον
1505 5250 1880 5303 ἁνυποστὰτου

296 5314 635 5386 πράγματός
662 5316 779 5368 ἐστι
803 5314 1143 5386 διατύπωσις
1163 5336 1177 5370 :
1195 5317 1404 5370 Idolum
1431 5321 1505 5371 rei
1527 5319 1879 5374 iusubsisten-

298 5384 365 5437 us
400 5384 659 5455 ﬁgurqtio
691 5385 877 5455 εει-Τὸ
907 5386 1013 5455 μὲν,
1040 5385 1258 5439 εἴδωλον
1281 5386 1542 5455 οὐδεμίαν
1573 5388 1879 5442 ὑπόστασιν

297 5455 446 5525 ἔχει·
479 5453 687 5525 nullout
733 5454 881 5507 liabet
911 5453 1328 5509 subsistentiam
1376 5453 1601 5509 idolum.
1626 5458 1690 5512 Et
1716 5476 1873 5512 mox:

311 5523 538 5597 Ἐπειδὴ
570 5523 833 5597 ’Έλληνες
866 5525 1392 5597 a~rat1=).dtrtogctr.iq
1422 5528 1521 5597 οὐχ
1557 5528 1878 5597 ὑφεστώσας

307 5593 549 5663 μνιρφάς,
587 5593 831 5665 Σφίγγας
854 5594 1011 5665 me;
1043 5595 1137 5646 mi.
1165 5593 1787 5665 Τρίτωνας·’Ᾱίγῖ.5πτιοι
1819 5600 1874 5651 δὲ

306 5662 773 5735 κυνιοπροσώπονς
815 5666 909 5716 καὶ
951 5662 1318 5733 βονκεφάλονς
1365 5662 1636 5735 ).ἑ·,ὀ·.ισίν,
1686 5671 1875 5722 εἴδωλα

1977 4759 2029 4804 et
2065 4751 2260 4819 imago,
2291 4750 2558 4818 prototypi
2589 4750 2793 4817 imago;
2838 4764 2936 4804 nec
2976 4748 3117 4803 ullus
3142 4750 3429 4820 imaginem
3461 4766 3548 4803 rc-

1962 4841 2181 4895 ~Iatioue
2238 4842 2493 4902 solutam,
2555 4841 2784 4910 alicujus
2826 4842 3114 4910 imaginem
3154 4843 3312 4895 (licet.
3375 4816 3584 4909 Simul;

1982 4931 2123 4985 enim
2157 4932 2387 4985 alterum
2421 4949 2540 4985 cum
2568 4942 2797 5001 utroque
2858 4932 3222 5012 introducitur
3259 4940 3313 4985 et
3346 4916 3583 4999 cngiltt-i

1984 5031 2070 5077 tur
2101 5034 2194 5079 :et
2221 5023 2345 5077 licet
2392 5026 2740 5095 archetypum
2769 5027 2872 5079 alio
2904 5023 3120 5089 abierit,
3154 5024 3343 5077 relatio
3374 5034 3550 5077 tamen
3578 5024 3583 5043 '

1985 5126 2089 5167 non
2120 5113 2278 5167 simul
2311 5128 2432 5167 esse
2462 5114 2650 5177 desiit;
2691 5130 2793 5168 non
2824 5114 2967 5166 enim
3002 5113 3139 5166 ratio
3170 5111 3329 5166 simul
3385 5114 3550 5167 iutur-

1984 5252 2140 5306 καλεί
2161 5252 2229 5306 τά
2253 5253 2362 5305 τῶν
2380 5255 2476 5321 οὐχ
2503 5251 2831 5319 ὑφεστώτων
2851 5254 2879 5304 ὁ
2902 5250 3199 5321 νομοθέτης
3215 5250 3548 5318 εἰκάσματα.

1988 5323 2252 5387 Quoniam
2278 5321 2450 5376 (ἕνανεί
2472 5320 2721 5375 carentes
2748 5320 3087 5375 subsistentia
3118 5320 3315 5387 formas
3342 5322 3552 5382 confin-

1983 5401 2135 5460 gunt,
2183 5388 2438 5461 Sphingos
2470 5393 2729 5458 quasdam
2764 5402 2918 5459 atque
2977 5389 3246 5461 Tritones;
3307 5389 3550 5460 zEggutii

1984 5472 2160 5514 autem
2189 5460 2568 5530 cynocephalo:
2598 5471 2644 5513 et
2675 5461 3009 5527 bucephalos,
3052 5460 3247 5512 idcirco
3281 5461 3553 5527 legislator

1985 5531 2241 5599 (Moyses)
2271 5532 2412 5584 idola
2451 5531 2677 5599 appellat
2705 5530 2800 5581 has
2832 5544 3008 5599 rerum
3035 5545 3135 5582 non
3158 5530 3549 5584 subsistenlium

1982 5598 2255 5665 imagines.
2282 5601 2420 5653 llinc
2460 5603 2613 5653 divus
2638 5615 2850 5667 quoque
2890 5598 3082 5653 [’aulu-
3117 5600 3132 5651 l
3167 5600 3288 5653 Cur.
3330 5615 3445 5663 γιιι,
3475 5600 3545 5652 4ης

1987 5671 2139 5723 Nihil
2173 5681 2244 5724 cst
2288 5670 2483 5723 idolum
2519 5671 2572 5724 in
2607 5671 2822 5724 mutulo.
