3928 6142
419 165 528 232 2¹19

419 277 607 341 cirmli,
650 277 706 332 in
762 279 943 334 omnia
983 296 1101 352 qua:
1140 281 1405 352 ejusmodi
1459 301 1584 344 sunt
1620 301 1804 346 manat

420 369 638 439 quidem
693 370 983 442 aliquando
1031 374 1317 432 relationes
1359 379 1658 437 incolumes
1715 371 1994 436 remanent

422 459 586 516 rebus
606 461 810 517 orbata:
839 472 892 516 ct
915 464 1092 529 nudee,
1121 475 1176 520 ut
1215 466 1266 521 in
1291 479 1445 538 patre
1482 481 1534 526 et
1565 469 1672 548 ﬁlio
1707 483 1762 527 et
1805 473 1996 525 simili-

421 551 523 606 lms
551 552 753 608 evenit.
788 552 920 607 Eum
950 555 1118 620 enim,
1151 558 1241 628 qni
1278 561 1522 628 recessit,
1573 573 1826 630 tanquam
1861 579 1990 630 pra:-

421 649 656 706 sentem,
681 643 805 698 dum
832 657 930 714 per
945 645 1350 704 similitudinem
1380 658 1437 704 et
1469 652 1782 706 memoriam
1818 652 1991 706 fortna

422 742 474 784 et
499 718 674 803 imago
710 738 971 802 ostendit,
1011 737 1328 794 relationem
1367 757 1488 796 cum
1537 752 1778 812 tempore
1811 743 1987 796 conti-

422 835 645 879 nuatam
681 839 902 882 servat:
945 829 997 884 id
1037 841 1140 895 est,
1179 832 1481 889 similitudo
1515 835 1706 889 relatio
1748 837 1992 904 quaedam

423 917 598 970 media
635 921 896 976 extremis
929 922 1212 992 interiecta
1249 936 1355 990 est,
1395 925 1582 980 [unum
1611 926 1822 980 scilicet
1859 925 1995 982 assi-

422 1007 642 1074 milatm,
661 1020 714 1063 et
739 1013 822 1066 cui
847 1014 1142 1082 assimilata
1167 1025 1267 1079 est,
1289 1017 1550 1086 capularis
1570 1033 1688 1072 eam
1711 1033 1831 1073 cum
1871 1019 1998 1072 ima-

419 1101 566 1169 gine,
601 1103 726 1158 licet
759 1115 950 1161 natura
975 1106 1208 1164 diﬁ'eral.
1233 1109 1344 1164 Etsi
1364 1111 1506 1164 cnim
1533 1121 1822 1180 utrumque
1848 1109 1994 1164 aliud

419 1205 476 1248 et
510 1194 658 1250 aliud
697 1209 890 1252 natura
925 1211 1028 1264 est,
1065 1217 1170 1254 non
1205 1213 1382 1256 tamen
1426 1199 1563 1258 alius
1600 1216 1654 1257 et
1699 1193 1861 1265 alius,
1901 1202 1992 1256 sed

420 1285 535 1352 ipse
563 1287 652 1341 ille
679 1289 832 1358 cujus
869 1290 1046 1360 imago
1074 1291 1196 1346 est:
1229 1309 1324 1363 per
1355 1295 1582 1364 ﬁguram
1613 1297 1756 1350 enim
1783 1294 1990 1359 fomite,

423 1389 544 1438 qua:
580 1391 610 1429 a
645 1377 914 1448 principio
943 1380 1170 1443 exstitit,
1211 1383 1452 1450 cognitio
1494 1383 1640 1438 illius
1662 1383 1851 1438 lorum
1875 1381 1992 1436 elﬁ-

423 1465 587 1532 eitur,
620 1477 673 1520 et
701 1449 756 1520 in
785 1468 908 1538 ipsa
945 1469 1112 1540 ﬁgura
1147 1472 1236 1526 ille
1268 1473 1384 1539 ipse
1413 1474 1503 1542 qui
1531 1475 1704 1544 pictus
1732 1486 1838 1541 est,
1866 1490 1994 1528 cou-

423 1554 684 1624 spicitur;
723 1559 866 1626 quod
901 1559 1147 1630 quident-
1177 1562 1230 1616 in
1278 1561 1385 1616 alio
1418 1577 1626 1630 eorum,
1659 1579 1778 1634 qum
1808 1563 1993 1632 hujus-

1443 183 1504 243 S.
1544 183 1960 246 NlCEI’HORl
2003 180 2508 242 PATRIARCHJE
2546 183 2653 244 CP.

3561 185 3666 247 230

1860 308 1874 344 :
1921 292 1992 343 si-
2029 299 2068 351 Α
2101 290 2208 360 γὰρ
2241 291 2333 342 ἐπὶ
2361 292 2579 344 πάντων
2604 290 2712 342 τῶν
2737 289 2998 342 τοιούτων
3038 291 3066 343 ὁ
3092 290 3185 342 τοῦ
3223 295 3666 365 συναναιρεῖσθαι

2096 380 2270 450 διήκει
2299 382 2486 448 λόγος·
2523 379 2638 434 ἔσθ’
2660 381 2750 434 ὅτε
2777 379 2886 452 γὰρ
2921 381 3012 434 καὶ
3047 383 3102 434 at
3140 381 3355 452 σχέσεις
3399 384 3671 456 καταλιμ-

2097 471 2394 540 πανόμεναι
2422 470 2798 534 διασώζονται,
2843 469 2953 522 τῶν
2985 472 3331 541 πραγμάτων
3362 473 3671 544 ἀπορφανι-

2097 561 2428 630 ζὸμεναικα“ι
2459 562 2782 632 στερόμεναι
2803 579 2816 592 ⁸
2843 561 2920 626 ὡς
2965 563 3056 617 ἐπί
3085 579 3146 615 τε
3177 563 3384 634 πατρὸς
3420 566 3512 618 καὶ
3542 565 3666 620 υίοῦ

2095 651 2317 706 καὶτῶν
2339 651 2540 722 ὁμοίων
2565 652 2698 723 ἔχει.
2750 653 2838 718 Ὧς
2865 654 3110 724 παρόντα
3143 654 3254 725 γὰρ
3279 655 3372 708 καὶ
3400 655 3490 708 τὸν
3510 656 3670 710 ἀποι-

2094 743 2322 813 χόμενον
2344 743 2432 796 διά
2458 761 2518 797 τε
2537 745 2636 816 τῆς
2665 743 2966 816 έμφερείας
2997 747 3092 798 καὶ
3125 747 3349 817 μνήμης
3380 747 3413 817 ἢ
3449 748 3672 818 μοριεῆς

2096 832 2488 902 ὲμφανὲςουσα,
2513 834 3132 903 συμπαρεκτεινομένην
3161 833 3238 906 τῷ
3269 835 3446 906 χρόνῳ
3463 835 3672 890 διασῶ-

2097 920 2177 986 ζει
2195 923 2292 990 τὴν
2307 922 2490 992 σχέσιν
2511 938 2525 953 ο
2549 925 2584 993 ἡ
2600 921 2732 990 γοῦν
2758 922 3018 991 ὁμοίωσις
3045 922 3232 992 σχέσις
3257 940 3339 983 τις
3365 925 3504 994 μέση
3527 941 3670 992 τυγ-

2095 1013 2352 1085 χάνουσα,
2379 1014 2652 1082 μεσιτεύει
2672 1016 2786 1077 τοῖς
2813 1015 3022 1084 ἄκροις,
3051 1013 3130 1084 τῷ
3157 1015 3500 1086 ὁμοιουμένῳ
3520 1019 3674 1088 φημὶ

2096 1105 2187 1158 καὶ
2210 1103 2286 1174 τῷ
2315 1105 2611 1174 ὁμοιοῦντι,
2657 1105 2854 1159 ἐνοῦσα
2879 1107 2958 1176 τῷ
3003 1106 3132 1158 εῖδει
3164 1107 3258 1158 καὶ
3291 1107 3670 1166 συνάπτουσα.

2095 1197 2198 1250 κᾶν
2217 1199 2282 1268 τῇ
2302 1197 2458 1266 φύσει
2474 1197 2779 1268 διήνεγκεν.
2803 1197 2864 1250 El
2887 1197 2994 1268 γὰρ
3009 1196 3136 1249 ἄλλο
3155 1197 3248 1249 καὶ
3263 1196 3392 1252 ἄλλο
3409 1201 3473 1268 τῇ
3501 1197 3674 1268 φύσει

2094 1289 2373 1360 ἑκάτερον,
2405 1289 2520 1342 ἀλλ’
2540 1289 2640 1342 οὐκ
2671 1290 2829 1353 ἄλλος
2861 1291 2955 1344 καὶ
2992 1290 3150 1354 ἄλλος
3174 1307 3186 1320 ³
3222 1290 3380 1354 ἄλλος
3411 1291 3468 1342 δὲ
3493 1289 3668 1353 αὐτὸς

2093 1383 2334 1444 ἐκεῖνος’
2374 1378 2463 1432 διὰ
2483 1379 2578 1432 τοῦ
2612 1379 2784 1433 τύπου
2831 1381 2941 1451 γὰρ
2983 1380 3077 1434 τοῦ
3116 1381 3175 1448 ἐξ
3213 1381 3388 1452 ἀρχῆς
3421 1381 3596 1442 εἴδους
3633 1383 3672 1450 ἡ

2093 1472 2294 1541 γνῶσις
2321 1453 2618 1541 ἐγγίνεται,
2658 1473 2755 1526 καὶ
2794 1474 2851 1525 έν
2877 1472 3026 1543 αύτῷ
3071 1473 3162 1526 τοῦ
3199 1473 3671 1544 γεγραμμένου’ή

2097 1564 2395 1626 ὑπόστασις
2418 1562 2724 1632 καθορᾶται
2749 1580 2760 1594 ⁸
2793 1565 2928 1634 ὅπερ
2952 1565 3052 1617 οὐκ
3083 1566 3150 1618 ἂν
3193 1564 3282 1616 ἐπ’
3343 1565 3504 1618 ἄλλου
3554 1565 3672 1616 τῶν

424 1646 566 1700 modi
591 1656 737 1710 sunt,
771 1664 880 1703 non
909 1653 1172 1719 cernitur,
1210 1667 1266 1706 ut
1296 1654 1354 1708 in‘
1383 1664 1561 1722 patre,
1596 1665 1690 1710 aut
1720 1655 1852 1722 ﬁlio,
1897 1666 1991 1709 aut

2096 1652 2351 1707 τοιούτων
2374 1652 2610 1706 κατιδεῖν
2641 1652 2870 1719 ἔνεστιν,
2889 1648 2999 1706 οἷον
3025 1655 3118 1706 ἐπὶ
3149 1655 3378 1723 πατρὸς,
3402 1653 3435 1724 ἦ
3457 1651 3602 1717 υίοῦ,
3633 1655 3674 1722 ἤ

422 1740 620 1796 amico.
681 1739 808 1798 Haec
869 1743 1012 1800 enim
1075 1755 1264 1801 contra
1335 1763 1398 1803 ac
1451 1747 1541 1803 illa
1613 1764 1672 1802 se
1734 1749 1988 1804 habent:

419 1835 844 1904 unumquodque
869 1836 1018 1890 enim
1051 1837 1244 1892 horum
1287 1854 1392 1894 non
1425 1839 1571 1894 aliud
1609 1849 1665 1894 et
1713 1840 1854 1894 aliud
1887 1850 1989 1904 est,

421 1921 690 1992 siquidem
741 1927 984 1982 eamdem
1031 1929 1393 1984 substantiam
1433 1931 1758 2001 participant
1799 1948 1814 1985 :
1854 1931 1993 1984 alius

419 2028 550 2068 vero
577 2025 632 2070 et
664 2015 802 2071 alius
833 2026 960 2072 sunt
989 2007 1305 2075 diversitate
1351 2013 1737 2091 hypostaseoit.
1763 2021 1916 2090 Quod
1945 2022 1991 2075 si

419 2103 474 2156 in
510 2102 595 2159 his
625 2105 790 2160 etiam
827 2106 878 2160 in
903 2109 1147 2163 diversas
1179 2111 1498 2180 hypostases
1526 2111 1744 2181 partitis
1797 2111 1992 2165 relatio

420 2207 526 2246 non
562 2194 722 2262 perit,
760 2196 927 2251 multo
965 2198 1134 2268 magis
1178 2199 1230 2252 iu
1263 2199 1372 2254 illis
1405 2194 1845 2255 conservabitur.
1878 2199 1990 2255 Hoc

416 2298 548 2340 vero
589 2287 835 2355 amplius'
869 2289 947 2354 ﬁt,
1001 2291 1144 2358 quod
1201 2291 1497 2346 similitudo
1543 2291 1991 2367 communitatem

419 2375 656 2430 nominis
684 2376 945 2448 largitur;
979 2394 1083 2434 una
1114 2380 1257 2434 cnim
1289 2388 1373 2436 est
1416 2381 1470 2434 in
1513 2383 1779 2437 ambobus
1810 2381 1992 2452 appel-

417 2465 569 2522 latio.
601 2467 717 2523 Rex
767 2469 912 2524 enim
954 2470 1155 2526 dicitur
1205 2471 1371 2524 etiam
1424 2472 1603 2541 imago
1644 2473 1815 2542 regis;
1873 2489 1994 2542 quae

416 2556 637 2622 quidem
673 2557 1078 2630 dicereposset
1134 2578 1147 2615 :
1189 2560 1301 2632 Ego
1349 2569 1404 2616 et
1453 2579 1544 2616 rex
1583 2579 1746 2618 unum
1776 2579 1988 2627 sumus,

416 2643 629 2698 scilicet
657 2655 852 2715 prtetcr
880 2648 1199 2704 Substantize
1227 2649 1615 2708 diﬁ‘ereutiam.
1647 2650 1775 2706 l-Lec
1808 2662 1990 2707 autem

417 2733 652 2790 diximus
727 2745 786 2790 ut
849 2738 1261 2794 Ostenderemus
1356 2741 1628 2809 quomodo
1695 2741 1874 2811 imago
1924 2743 1990 2795 ad

417 2827 792 2898 archetypum,
841 2846 960 2883 cum
993 2829 1170 2900 imago
1219 2833 1618 2899 consideratur,
1671 2833 1990 2888 relationem

417 2919 644 2986 habeat;
687 2935 787 2975 nec
807 2922 951 2976 idem
1004 2924 1224 2978 sitcum
1282 2940 1346 2980 eo
1392 2927 1695 2980 secundum
1735 2926 1990 2980 substan-

415 3013 546 3064 tiam
569 3027 584 3078 ;
607 3010 720 3083 48
747 3027 845 3068 uec
864 3013 1008 3068 enim
1031 3030 1370 3086 quaecunque
1394 3019 1460 3072 de
1489 3019 1803 3087 archetypo,
1829 3026 1990 3087 prout
2017 3001 2063 3061 ο

415 3112 500 3156 est
531 3104 905 3174 archetypum,
945 3105 1222 3170 dicuntur,
1253 3112 1566 3164 necessario
1595 3111 1662 3164 de
1697 3108 1812 3178 cj'ns
1841 3111 1990 3178 p-tri-

425 3203 514 3246 ter
542 3193 780 3263 imagine
810 3194 1088 3250 dicuntur.
1141 3195 1276 3252 lllttd
1306 3199 1450 3252 enim
1494 3199 1742 3254 fortassis
1771 3209 1854 3254 est
1879 3201 1994 3253 aui-

414 3283 648 3350 iaatu'm,
689 3285 804 3340 lucc
848 3301 980 3342 vero
1013 3276 1360 3342 inanimatae
1397 3299 1490 3345 aut
1529 3291 1659 3346 illud
1709 3299 1794 3346 est
1825 3293 1992 3347 ratio-

417 3379 502 3432 nis
528 3380 801 3448 particeps
833 3388 889 3434 et
918 3390 1187 3447 movetur,
1223 3383 1338 3438 haec
1375 3397 1504 3439 vero
1534 3385 1653 3438 siue
1685 3386 1896 3441 ratione
1929 3401 1991 3440 ac

415 3469 534 3523 sine
569 3479 734 3524 motu.
758 3468 876 3526 Non
906 3473 1074 3542 igitur
1108 3473 1270 3530 ambo
1293 3477 1432 3530 idem
1460 3492 1474 3529 :
1501 3477 1630 3546 quin
1661 3478 1838 3546 potius
1870 3493 1992 3548 par-

419 3565 513 3614 tim
553 3563 974 3620 similitudinem
1011 3566 1266 3637 imaginis
1300 3569 1446 3624 inter
1483 3585 1544 3626 se
1592 3571 1815 3638 habent,
1862 3587 1990 3642 par-

417 3656 514 3708 tim
538 3654 1036 3712 dissimilitudinem
1069 3659 1410 3716 substantiae.
1443 3662 1580 3728 Quia
1612 3664 1776 3736 igitur
1813 3665 1992 3734 imago

417 3751 483 3800 de
510 3763 711 3818 genere
739 3763 924 3803 eorum
951 3761 1056 3818 εει,
1083 3767 1204 3821 qua:
1249 3763 1491 3808 mutuam
1538 3755 1856 3812 relationem
1891 3757 1991 3811 ba-

417 3839 568 3912 bent,
602 3839 806 3895 ideirco
845 3843 1111 3898 honorato
1145 3852 1454 3916 protolypo,
1495 3847 1656 3902 simul
1690 3849 1993 3902 honoratur

420 3935 598 4004 imago
623 3934 774 4002 ejus:
801 3931 864 3990 ‘et
901 3951 1092 3993 rursus
1125 3939 1474 4004 inhonorato,
1508 3917 1668 3994 simul
1698 3941 1994 3996 inhonora-

418 4036 527 4080 tttr.
566 4027 706 4099 Ergo
730 4045 850 4102 cum
893 4030 962 4086 sit
995 4033 1177 4101 agnita
1216 4033 1268 4086 in
1303 4033 1387 4086 his
1422 4017 1725 4088 dilferentia
1753 4026 1871 4089 lunt
1906 4052 1993 4089 ra-

417 4120 564 4174 tione
593 4129 704 4174 tttm
735 4120 1354 4192 deﬁnitione;‘eumquc
1403 4126 1610 4194 pictura
1667 4127 1742 4180 sit
1793 4130 1860 4182 dc
1897 4143 1992 4199 ge—

419 4224 547 4264 nere
571 4218 921 4266 externorum
954 4213 1193 4285 nihilque
1217 4208 1504 4268 commune
1524 4215 1842 4271 habentium
1869 4236 1989 4274 cum

2095 1743 2272 1812 φίλου.
2313 1741 2599 1805 Ἐναντίως
2626 1742 2736 1811 γὰρ
2780 1741 2813 1812 ἦ
2841 1740 3014 1794 ταῦτα
3051 1741 3165 1811 ἔχει
3191 1757 3204 1770 ⁸
3260 1741 3358 1794 οὒκ
3393 1739 3523 1794 ἄλλο
3554 1741 3672 1810 γὰρ

2094 1834 2341 1892 καὶᾶλλο
2381 1835 2585 1888 τούτων
2633 1834 2886 1899 ἕκαστον,
2932 1835 3055 1888 ἐπεὶ
3102 1835 3292 1896 οὐσίας
3323 1834 3426 1900 si};
3489 1832 3674 1900 αὐτῆς

2093 1925 2490 1997 κεκοινώνηκεν
2509 1967 2522 1987 ,
2559 1925 2716 1990 ἄλλος
2747 1926 2803 1979 δὲ
2833 1927 2925 1980 καὶ
2952 1925 3110 1989 ἄλλος
3133 1966 3146 1989 ,
3189 1925 3268 1996 τῷ
3315 1925 3540 1994 ἑτεροίῳ
3582 1923 3638 1974 δι
3659 1950 3674 1960 ·

2093 2017 2408 2088 ενηνοχότες
2431 2017 2540 2069 τῶν
2569 2015 2940 2070 ύποστάσεων.
2974 2017 3082 2068 Καὶ
3107 2017 3265 2084 εἴπερ
3289 2015 3379 2068 ἐπὶ
3401 2013 3612 2087 τούτοις
3635 2013 3673 2080 ἡ

2095 2109 2280 2180 σχέσις
2333 2109 2428 2162 καὶ
2483 2107 2864 2178 μεριζομένοις
2915 2106 2976 2160 οὐ
3008 2105 3266 2158 διόλλιται
3318 2101 3671 2176 [malunt],

2093 2199 2274 2270 πολλῷ
2331 2199 2528 2268 μᾶλλον
2571 2201 2658 2252 ἐπ’
2687 2199 2917 2261 ἐκείνοις
2976 2195 3522 2266 συμφυλαχθὴσεται.
3567 2193 3674 2248 Ἐκ

2093 2291 2410 2360 περιουσίας
2434 2290 2488 2343 δὲ
2507 2291 2600 2343 καὶ
2627 2289 2725 2359 τὴν
2755 2289 3076 2360 ὁμωνυμίαν
3095 2287 3384 2358 χαρίζεται
3408 2289 3442 2356 ἡ
3460 2286 3671 2356 ὁμοίω-

2095 2400 2180 2445 σις
2207 2397 2220 2410 ·
2255 2381 2352 2452 μία
2383 2381 2492 2452 γὰρ
2517 2382 2604 2434 ἐπ’
2640 2381 2843 2450 ἀμφοῖν
2891 2383 2923 2449 ἡ
2968 2377 3348 2449 προσηγορία·
3407 2374 3673 2446 βασιλεὺς

2093 2478 2201 2549 γὰρ
2255 2477 2410 2546 καὶή
2457 2473 2722 2546 βασιλέως
2779 2472 2946 2526 εἰκὼν
2995 2472 3250 2540 λέγεταιο
3308 2471 3452 2523 είτιοι
3491 2467 3536 2520 δ’
3569 2466 3670 2532 ἂν,

2107 2567 2249 2637 Ἐγὼ
2270 2566 2362 2620 καὶ
2391 2568 2418 2620 ὁ
2445 2566 2698 2637 βασιλεὺς
2730 2564 2790 2618 έν
2817 2566 3006 2632 ἐσμεν,
3041 2565 3202 2632 δῆλον
3229 2562 3286 2616 δὲ
3311 2563 3391 2616 ὅτι
3425 2560 3574 2631 παρὰ
3603 2560 3675 2613 τὸ

2092 2660 2190 2728 τῆς
2221 2657 2406 2719 οὐσίας
2438 2656 2718 2726 διάφορον.
2745 2653 2934 2708 Ταῦτα
2970 2653 3026 2706 δὲ
3057 2655 3188 2723 ἡμῖν
3229 2651 3469 2722 εἴρηται,
3516 2648 3673 2703 ὥστε

2095 2746 2416 2816 παραδεῖξαι
2441 2746 2532 2798 τὸν
2561 2745 2666 2815 τῆς
2691 2744 2900 2808 εἰκόνος
2934 2744 3136 2816 τρόπον
3155 2759 3168 2774 ·
3197 2741 3324 2795 καθ’
3349 2741 3411 2794 ὃν
3435 2739 3573 2810 πρὸς
3601 2740 3674 2791 τὸ

2095 2833 2412 2910 ἀρχέτυπον
2444 2835 2830 2909 θεωρουμένη,
2885 2836 2984 2907 τὴν
3019 2835 3206 2906 σχέσιν
3260 2835 3404 2906 εχει·
3445 2835 3506 2886 οὐ
3543 2833 3675 2885 κατ’

2095 2931 2282 2984 οὐσίαν
2310 2929 2369 2981 τι
2401 2928 2595 2982 ταύτὸν
2624 2928 2960 2998 κεκτημένη,
2986 2927 3108 2980 οὐδὲ
3137 2927 3244 2998 γὰρ
3261 2928 3360 2980 ὅσα
3389 2923 3536 2978 κατά
3570 2922 3673 2978 τοῦ

2093 3019 2402 3092 ἀρχετύπου
2431 3019 2504 3082 ὡς
2535 3019 2844 3089 ἀρχετύπου
2871 3021 3283 3088 κατηγορεῖται,
3313 3016 3408 3070 καὶ
3439 3018 3538 3086 τῆς
3570 3016 3674 3067 ἀπ’

2093 3111 2256 3166 αὐτοῦ
2275 3111 2481 3173 εἰκόνος
2499 3109 3012 3180 κατηγορηθήσεται
3031 3109 3266 3171 πάντως.
3290 3107 3362 3160 Τδ
3382 3105 3480 3176 μὲν
3495 3105 3608 3176 γὰρ
3621 3107 3675 3158 εἰ

2092 3203 2263 3274 τύχοι,
2287 3201 2529 3272 ἔμψυχον
2554 3217 2568 3232 ·
2601 3203 2634 3271 ὴ
2661 3199 2740 3265 δὲ,
2770 3199 2974 3270 ἄψυχος
2995 3215 3008 3228 ·
3043 3198 3076 3270 ἢ
3108 3197 3328 3265 λογικὸν
3357 3197 3452 3249 καὶ
3487 3195 3676 3248 κινού-

2096 3313 2275 3367 μενον,
2307 3297 2339 3364 ἡ
2368 3294 2422 3346 δὲ
2447 3296 2634 3361 ἄλογος
2669 3293 2764 3346 καὶ
2792 3291 3048 3362 ἀκίνητος
3073 3307 3086 3321 ·
3134 3290 3331 3344 οὐκοῦν
3364 3289 3429 3342 οὗ
3467 3287 3674 3340 ταύτὸν

2093 3386 2399 3458 ἀμφότερα,
2415 3383 2548 3438 ἀλλά
2568 3385 2642 3454 πῆ
2666 3383 2762 3454 μὲν
2779 3381 2956 3437 ἔοικεν
2977 3379 3226 3452 ἀλλήλοις
3243 3379 3321 3449 τῷ
3338 3379 3492 3444 εἴδει,
3613 3378 3675 3430 δὲ

2092 3478 2317 3533 ἀπέοικε
2345 3479 2411 3546 τῇ
2442 3474 2620 3545 ούσίᾳ.
2666 3473 2820 3526 Ἐπεὶ
2842 3468 2936 3526 οὖν
2968 3472 3078 3526 τῶν
3112 3473 3170 3525 ἐν
3199 3467 3378 3538 σχέσει
3407 3471 3441 3539 ἡ
3476 3467 3668 3530 εἰκὼν,

2093 3568 2182 3622 διὰ
2228 3565 2388 3621 τοῦτο
2421 3562 2517 3618 καὶ
2544 3562 2928 3629 συνδοξάζεται
2956 3561 3035 3633 τῷ
3069 3561 3412 3633 πρωτοτύπῳ
3446 3559 3672 3626 δοξαζο-

2096 3662 2266 3732 μένῳ,
2293 3659 2388 3713 καὶ
2433 3657 2672 3730 ἔμπαλιν
2721 3657 3060 3728 ἡτιμωμένῳ
3098 3653 3513 3726 συνατιμοῦται;
3553 3653 3674 3722 Τῆς

2091 3753 2358 3822 διαφορᾶς
2395 3747 2488 3804 οὖν
2535 3751 2594 3802 ὲν
2637 3749 2850 3812 τούτοις
2900 3747 3314 3818 γνωριζομένης
3370 3745 3433 3799 ἐκ
3473 3761 3532 3797 τε
3575 3745 3673 3798 τοῦ

2091 3845 2274 3912 λόγου,
2310 3844 2405 3896 καὶ
2435 3841 2530 3894 τοῦ
2567 3841 2820 3913 ὁρισμοῦ,
2855 3841 2954 3910 τῆς
2979 3841 3037 3894 δὲ
3067 3839 3292 3912 γραφῆς
3325 3838 3436 3891 τῶν
3467 3835 3673 3901 ἔξωθεν

2093 3938 2281 4008 οὔσης,
2325 3937 2422 3990 καὶ
2461 3937 2616 3991 οὐδὲν
2651 3935 3117 4008 ὲπικοινωνούσης
3179 3935 3256 4005 τῷ
3303 3932 3515 4007 ὁρισμῷ
3569 3934 3675 4004 τῆς

2092 4029 2306 4093 οὐσίας,
2344 4030 2396 4081 τί
2423 4029 2598 4098 μάτην
2631 4029 2682 4080 οἱ
2705 4027 2773 4081 δι’
2802 4027 3050 4090 ἐναντίας
3089 4025 3472 4097 ταράττονται,
3523 4024 3672 4078 διαι-

2097 4121 2308 4192 ρεῖσθαι
2342 4119 2592 4174 ἐντεῦθεν
2621 4120 2690 4172 τά
2719 4119 2965 4188 φυσικῶς
3009 4118 3274 4188 ἡνωμένα
3307 4115 3630 4184 δοξάζοντες
3657 4133 3675 4180 ;

2109 4209 2500 4280 Ἐμδρόντητοι
2550 4204 2645 4262 οὖν
2695 4209 2790 4262 καὶ
2845 4207 3209 4286 παραπλῆγες
3257 4206 3482 4270 εἰκότως
3519 4223 3679 4278 νομι-

415 4301 733 4355 substantia:
779 4302 1126 4370 deﬁnitione;
1174 4321 1274 4360 cur
1329 4306 1606 4362 incassum
1690 4311 1988 4364 adversarii

2101 4301 2200 4372 σθή
2210 4317 2391 4354 σονται
2401 4343 2412 4354 .

417 4393 712 4459 trepidant,
782 4393 949 4448 dividi
1003 4396 1091 4450 hic
1114 4397 1435 4452 naturaliter
1485 4399 1636 4454 unita
1695 4406 1988 4470 putantes?

417 4483 612 4538 Stolidi
648 4485 818 4555 igitur
847 4487 1173 4558 attonitique
1205 4492 1401 4544 merito
1438 4478 1854 4560 reputabuntur.

487 4577 577 4631 3|.
619 4573 737 4631 Jam
771 4578 817 4633 si
849 4591 1062 4648 oportet
1093 4581 1276 4636 dicere
1319 4583 1483 4644 etiam
1539 4587 1678 4640 unde
1721 4587 1838 4640 icon
1886 4604 1986 4638 nu-

415 4683 540 4722 ntcn
570 4669 879 4736 provenerit
915 4671 1319 4744 {urinatttmque
1371 4675 1465 4740 sit,
1518 4676 1858 4747 etymologia:
1900 4697 1988 4733 ra-

416 4760 616 4812 tionem
649 4771 941 4830 sequentes
979 4763 1208 4818 dicimus
1241 4780 1362 4820 esse
1389 4782 1418 4819 a
1465 4770 1629 4822 verbo
1654 4769 1809 4832 εἴκω,
1847 4774 1990 4840 quo-.l

415 4850 634 4918 quidem
669 4860 724 4906 et
755 4851 892 4909 alias
925 4851 1135 4922 aliquot
1181 4857 1345 4910 habet
1391 4857 1842 4926 signiﬁcationes,
1893 4864 1988 4918 sed

417 4942 634 5012 proprie
658 4943 930 5014 signiﬁcat
958 4937 1200 5002 {Similis
1224 4963 1365 5001 sum.
1382 4948 1456 5003 Es
1479 4951 1578 5004 hoc
1602 4951 1782 5022 itaque
1816 4954 1984 5009 verbo

415 5035 570 5101 είκω,
606 5047 886 5106 assumpta
923 5036 1105 5093 littera
1137 5057 1186 5105 ν,
1225 5041 1282 5094 ﬁt
1327 5040 1516 5106 εἰκὼν,
1551 5056 1674 5111 quae
1718 5043 1992 5111 signiﬁcat

417 5127 854 5183 similitudinem.
889 5127 1096 5184 Idcirco
1125 5141 1308 5184 autem
1342 5131 1462 5185 icon
1499 5132 1752 5200 iniuriam
1786 5136 1990 5202 patitur

416 5217 488 5270 ab
519 5217 770 5273 hostibus
799 5219 1071 5286 veritatis,
1100 5235 1220 5288 qua:
1249 5219 1466 5273 Christo
1491 5220 1828 5274 assimilatur
1855 5222 1990 5293 (59).

419 5305 588 5362 l’m'ro
626 5323 692 5363 ex
728 5309 874 5365 dicto
912 5312 1099 5376 verbo,
1133 5325 1230 5365 cett
1259 5311 1526 5380 principio
1558 5312 1790 5380 quodam
1825 5323 1877 5366 et
1909 5331 1995 5367 ra-

420 5399 559 5462 dice,
592 5401 814 5455 vcrbttm
855 5418 1072 5472 quoque
1103 5401 1248 5455 ἔοικε
1300 5401 1588 5468 fornmtur,
1629 5405 1770 5472 quod
1814 5405 1990 5472 ipsum

2167 4580 2268 4631 λα’.
2295 4579 2356 4630 Εἰ
2385 4577 2440 4630 δὲ
2474 4577 2578 4648 χρὴ
2614 4574 2707 4629 καὶ
2732 4575 2855 4628 ὅθεν
2911 4576 3195 4648 παρῆκται
3247 4577 3340 4630 καὶ
3371 4578 3680 4650 ἐσχημάτι-

2100 4687 2222 4724 σται
2271 4669 2508 4738 τοῦνομα
2563 4671 2760 4734 εἰπεῖν,
2816 4668 2956 4720 κατά
3005 4669 3094 4720 τὸν
3154 4668 3256 4738 τῆς
3311 4668 3681 4739 ἐτυμολογίας

2095 4763 2320 4834 τρόπον,
2356 4760 2540 4830 φαμὲν
2576 4760 2662 4813 δτι
2693 4759 2802 4813 ἀπὸ
2835 4759 2929 4812 τοῦ
2957 4759 3098 4813 εἵκω
3129 4760 3398 4830 ῥήματος,
3429 4759 3459 4812 ὁ
3487 4761 3552 4832 δὴ
3579 4763 3680 4814 καὶ

2097 4857 2261 4927 ἕτερα
2295 4855 2392 4926 μέν
2447 4871 2568 4906 τινα
2619 4853 2899 4924 σημαίνει,
2937 4853 3256 4922 ἰδιοτρόπως
3294 4853 3351 4906 δὲ
3409 4851 3562 4924 δηλοῖ
3593 4853 3680 4918 τὸ,

2096 4947 2289 5019 ὁμοιῶ.
2336 4947 2430 4999 Ἐκ
2457 4944 2646 4999 τούτου
2675 4946 2770 4998 οὖν
2826 4943 2921 4998 τοῦ
2957 4945 3100 4998 εἵκω
3151 4942 3460 5016 προσλήψει
3505 4944 3608 4998 τοῦ
3644 4962 3682 4998 ν

2095 5039 2386 5108 στοιχείου,
2411 5039 2636 5105 γέγονεν
2666 5038 2700 5107 ἡ
2721 5034 2971 5107 alumni}
2997 5038 3259 5106 σημαίνει
3287 5035 3349 5088 τὸ
3377 5034 3674 5106 ὁμοίωμα.

2093 5131 2184 5184 Διὸ
2211 5131 2304 5183 καὶ
2328 5129 2612 5200 ὑϐρίζεται
2653 5127 2803 5198 παρά
2839 5126 2950 5182 τῶν
2981 5125 3192 5198 ἐχθρῶν
3231 5126 3330 5197 τῆς
3383 5126 3672 5197 ἀληθείας.

2090 5225 2213 5295 ἥτις
2245 5224 2323 5294 τῷ
2357 5221 2578 5294 Χριστῷ
2615 5223 2764 5274 ἐστιν
2825 5222 3098 5291 ἐμφερής.
3146 5221 3241 5273 Ἐκ
3269 5219 3332 5292 δὴ
3381 5219 3477 5273 τοῦ
3527 5221 3681 5292 clm;-

2095 5314 2258 5384 μένου
2294 5313 2559 5386 ῥήματος,
2595 5311 2784 5382 ὥσπερ
2814 5311 2959 5374 τινος
2990 5312 3166 5382 ἀρχῆς
3207 5311 3302 5364 καὶ
3349 5309 3535 5382 ῥίζης.
3575 5315 3676 5366 καὶ

2092 5405 2152 5458 τὸ
2209 5405 2366 5458 ἔοικε
2417 5403 2571 5474 ῥῆμα
2624 5403 3044 5472 ἐσχημάτισται,
3079 5401 3108 5454 ὃ
3158 5399 3222 5473 δὴ
3267 5403 3361 5455 καὶ
3423 5401 3558 5456 αὐτὸ
3617 5403 3680 5457 τὲ

489 5551 604 5624 (59)
649 5553 888 5624 Respicit
931 5558 994 5610 ad
1023 5557 1224 5613 Christi
1255 5557 1464 5612 Domini
1499 5558 1698 5613 dictum
1726 5557 1836 5630 Ego
1869 5577 1982 5614 sum
2026 5563 2236 5627 veritas,
2269 5557 2426 5614 .lnan.
2472 5574 2579 5623 xw,
2616 5558 2669 5623 6,
2709 5565 2760 5612 ct
2795 5556 2943 5613 alibi.
