3928 6142
436 237 538 301 233
1447 231 1511 291 S.
1553 223 1972 289 NICEPHORI
2013 220 2033 279 1

2143 213 2517 276 ἮΙΑΒΟΗΕ
2556 212 2663 272 CP.
3264 246 3279 254 -
3583 199 3685 265 284

435 363 602 403 unum
632 343 972 415 reputantur)
1011 360 1030 394 ι
1065 342 1132 397 ab
1167 342 1319 396 unito
1345 340 1526 395 divino
1558 337 1734 393 Verbo
1768 342 2001 403 separet,

2143 327 2321 394 λόγως
2352 312 2702 391 λελόγισται)
2769 340 2785 369 ι
2852 316 2945 371 τοῦ
2993 314 3275 387 ἡνωμένον
3309 311 3457 365 θείου
3513 312 3684 380 Λόγου

440 456 506 494 ac
556 437 931 493 tantummodo
963 444 1270 490 creaturam
1309 432 1471 487 faciat
1501 430 1803 491 Christum,
1850 427 1923 480 ita
1953 436 2010 478 ut

2145 421 2369 490 ιίστησι,
2408 417 2500 469 καὶ
2529 414 2736 484 κτίσμα
2791 411 2952 482 μόνον
2984 410 3128 461 ποιεῖ
3183 405 3274 457 τὸν
3305 402 3565 474 Χριστὸν,
3591 402 3687 457 καὶ

440 530 622 583 divina
652 526 916 580 naturain
936 540 1002 580 eo
1037 539 1143 578 non
1172 525 1271 589 sit;
1309 541 1329 574 ι
1377 537 1504 575 num
1565 530 1745 573 mente
1800 527 2012 570 tantum

2149 515 2214 581 ὴν
2267 512 2419 564 θείαν
2462 508 2624 576 φύσιν
2679 505 2754 576 μὴ
2800 502 2941 557 εἶναι
2985 503 3065 565 εἰς
3108 499 3304 563 αὐτόν,
3361 515 3380 548 ι
3444 495 3687 566 Ἐπινοίᾳ

441 633 504 671 ac
536 617 860 671 verbotenus
902 622 1137 683 separat,
1174 630 1241 666 an
1279 611 1615 667 sensibiliter
1646 610 1807 663 etiam
1862 608 2010 676 ipso-

446 724 547 772 que
580 707 786 777 opere?
814 707 1021 761 Etenim
1067 707 1120 760 in
1172 705 1261 759 his
1301 705 1523 771 grandis
1551 701 1850 756 diﬂ’erentia
1892 714 2015 769 spe-

446 811 643 856 ctatur.
683 798 817 853 Nam
866 812 990 852 cum
1041 796 1405 866 separationis
1440 798 1769 849 mentionem
1826 791 2013 856 faciat,

393 906 397 938 ι
447 893 663 946 modum
698 905 806 959 quo
832 889 945 943 haec
973 887 1217 957 separari
1239 887 1470 954 judicat,
1507 886 1729 939 minime
1754 881 2015 938 ostendit.

396 960 401 991 ᾗ
448 984 512 1037 Ει
544 982 809 1051 siquidem
846 993 1026 1035 mente
1072 988 1280 1032 tantum
1336 977 1454 1033 ﬁeri
1492 978 1892 1045 separatiouem
1927 975 2013 1028 di-

445 1084 610 1138 ceret,
643 1088 741 1127 nos
779 1087 992 1142 quoque
1022 1070 1442 1137 assentirentur;
1482 1069 1533 1123 id
1562 1068 1705 1123 enim
1739 1068 1790 1121 in
1825 1073 2012 1120 nostra

2143 1060 2515 1131 τυμφήσομεν,
2568 1056 2726 1109 τοῦτο
2784 1056 2894 1122 γὰρ
2940 1052 3037 1104 καὶ
3084 1050 3111 1101 ό
3161 1048 3283 1101 καθ’
3341 1049 3492 1117 ἡμᾶς

444 1179 661 1234 quoque
704 1164 950 1219 doctrina
1004 1172 1121 1225 est,
1188 1170 1410 1231 excepta
1484 1158 2017 1228 circumscriptione.

2143 1167 2251 1220 χει,
2303 1148 2448 1218 πλήν
2502 1164 2563 1215 γε
2618 1144 2713 1197 τοῦ
2772 1137 3247 1211 περιγράφεσθαι·
3290 1156 3309 1189 ι
3356 1136 3554 1189 Ἦνίκα
3580 1137 3693 1204 γὰρ

453 1274 471 1307 ι
506 1254 640 1310 Nam
666 1271 789 1309 cum
817 1266 1023 1309 naturae
1056 1254 1239 1307 animo
1263 1252 1661 1323 etcogitatione
1679 1251 2019 1315 distinguun-

2143 1243 2176 1294 ιί
2233 1239 2423 1310 φύσεις
2470 1239 2772 1290 διίστανται
2828 1235 2951 1295 ταῖς
3016 1231 3303 1297 ἐπινοίαις,
3344 1230 3372 1281 ό
3425 1227 3692 1297 Θεολόγος

450 1360 557 1413 tur,
593 1347 812 1401 nomina
862 1360 1081 1415 quoque
1126 1345 1287 1399 simul
1338 1344 1677 1408 dividuntur,
1708 1345 1783 1396 ait
1815 1341 2024 1396 theolo«

2143 1332 2276 1403 ρησὶ,
2311 1329 2699 1399 συνδιαιρείται
2745 1324 2814 1379 τὲ
2857 1324 3119 1392 ὀνόματα.
3174 1321 3391 1374 Παύλου
3445 1320 3701 1389 λέγοντος

448 1407 707 1508 gustia).
741 1407 1128 1490 Audi-Paulum
1166 1435 1439 1491 dicentem
1474 1453 1487 1488 :
1518 1433 1585 1489 Ut
1622 1433 1759 1488 Deus
1806 1433 2019 1487 Domini

2143 1422 2353 1474 ἱκουσον
2385 1435 2397 1448 ·
2434 1418 2562 1472 Ἵνα
2587 1419 2619 1469 ὁ
2673 1414 2819 1479 Θεὸς
2851 1412 2956 1466 τοῦ
3004 1411 3228 1478 Κυρίου
3278 1407 3450 1477 ἡμῶν
3489 1408 3700 1474 Ἰησοῦ

450 1500 618 1582 nostri
642 1500 771 1582 jesu
807 1526 1027 1591 Christi,
1065 1527 1225 1581 Pater
1254 1526 1436 1596 gloria:
1461 1528 1539 1592 ³⁷;
1579 1525 1777 1582 Christi
1803 1527 2019 1595 quidem

2143 1512 2402 1582 Κριστοῦ,
2435 1513 2467 1564 ὀ
2497 1507 2699 1576 Πατὴρ
2732 1505 2844 1574 τῆς
2882 1503 3088 1570 δόξης,
3124 1500 3365 1573 Χριστοῦ
3405 1502 3503 1570 μὲν
3539 1501 3699 1564 Θεδς,

2113 697 2275 767 γείᾳ;
2318 694 2407 747 Ἑν
2435 687 2516 756 οἷς
2542 690 2678 744 πολὺ
2709 688 2771 741 τὸ
2813 687 3072 754 διάφορον
3114 683 3413 734 δείκνυται.
3446 679 3550 733 Τδν
3582 680 3691 750 γὰρ

2115 790 2213 859 τῆς
2261 785 2583 850 διαιρέσεως
2621 783 2775 849 λόγον
2814 774 3149 844 είσαγαγὼν.
3184 773 3277 827 τὸν
3306 773 3508 843 τρόπον
3566 772 3689 825 καθ’

2115 879 2174 932 ὃν
2203 875 2530 948 διαιρεῖσθαι
2560 873 2732 926 ταῦτα
2769 868 3073 939 διωρίζετο,
3109 867 3314 936 ἥκιστα
3345 866 3695 935 παρεστήσα-

2116 987 2197 1024 το.
2239 969 2302 1020 Ei
2348 967 2443 1037 μὲν
2496 961 2589 1019 οὖν
2640 961 2852 1033 ἐπινοίᾳ
2909 959 3069 1029 μόνον
3126 956 3307 1024 ἔλεγε,
3377 955 3472 1008 καὶ
3534 955 3694 1008 αὐτοὶ

3537 1044 3695 1112 λόγος

2112 605 2271 656 τοῦτο
2301 601 2394 653 καὶ
2420 598 2563 668 λόγῳ
2599 596 2756 667 μόνον
2786 595 3009 663 διαιρεῖ,
3052 591 3085 661 ἢ
3135 589 3383 658 αἰσθήσει
3415 588 3509 641 καὶ
3538 590 3690 657 ὲνερ-
3796 584 3801 589 ”

449 1622 616 1683 Deus,
647 1618 810 1673 Pater
869 1629 1048 1673 autem
1086 1619 1292 1689 gloriae.
1336 1618 1592 1684 Quamvis
1625 1619 1767 1673 enim
1812 1629 2023 1671 utrum-

450 1725 556 1777 que
578 1726 740 1764 unum
768 1722 869 1776 est,
894 1727 999 1765 non
1023 1721 1200 1765 tamen
1227 1721 1439 1775 natura,
1458 1712 1551 1765 sed
1566 1710 1963 1780 conjunctione.
1996 1727 2015 1761 ι

459 1801 622 1856 Valde
660 1803 844 1872 utique
894 1804 1193 1858 laudandus
1216 1803 1492 1857 Mamonas
1553 1814 1689 1867 erat,
1739 1802 1784 1856 si
1837 1802 1940 1857 bac
1972 1803 2023 1856 iu

454 1904 605 1961 parte
631 1895 983 1961 substitisset,
1017 1896 1218 1950 etenim
1251 1896 1396 1949 nulla
1425 1895 1580 1950 nobis
1610 1897 1710 1950 hac
1758 1909 1924 1965 super
1967 1908 2027 1948 re

449 1986 561 2055 jam
610 1986 771 2040 verba
809 1989 1122 2054 eﬂluerent;
1182 2002 1354 2055 neque
1408 1990 1524 2056 ipse
1557 1988 1790 2057 linguam
1835 1996 2027 2040 contra

456 2093 554 2131 uas
580 2078 864 2143 vibrasset,
897 2094 1017 2133 cmn
1060 2080 1173 2148 pari
1206 2082 1413 2133 honore
1443 2094 1507 2133 ac
1567 2077 1800 2133 Verbum
1846 2080 2024 2147 pictu-

457 2187 571 2225 ram
606 2170 719 2227 [ore
746 2172 975 2226 diceret.
1017 2170 1122 2225 Sed
1160 2172 1214 2224 in
1260 2170 1515 2239 praesenti
1575 2171 1680 2224 hoc
1713 2184 1821 2224 non
1863 2170 2025 2234 dicit;

457 2278 735 2333 nunquam
791 2264 934 2316 enim
994 2261 1368 2330 theologorum
1432 2261 1775 2331 dogmatibus
1839 2275 2028 2314 aurem

456 2354 707 2423 prmbuit,
731 2354 855 2422 quia
881 2353 1023 2408 inter
1054 2356 1243 2408 hormn
1271 2352 1584 2422 magisteria
1615 2351 1818 2406 versari
1850 2353 1899 2406 ei
1920 2366 2029 2406 non

457 2446 685 2515 placuit,
714 2456 996 2514 propterea
1055 2444 1196 2514 quod
1233 2448 1417 2499 carnis
1443 2454 1653 2499 tantum
1694 2443 1930 2499 stimulis
1975 2450 2034 2498 es

457 2536 851 2606 cupiditatibus
880 2537 1080 2591 victum
1128 2550 1187 2591 se
1223 2535 1469 2590 tradidit.

529 2627 611 2681 Ad
644 2626 871 2682 alterum
915 2627 1096 2696 itaque
1144 2626 1400 2682 dictionis
1457 2624 1821 2695 signiﬁcatum
1868 2625 2035 2682 stulte

462 2721 740 2790 impieque
761 2720 1004 2775 converti
1047 2734 1169 2774 eum
1203 2732 1430 2774 necesse
1463 2728 1570 2786 est,
1620 2728 1782 2787 atque
1811 2718 1913 2772 hoc
1939 2732 2037 2786 pro

463 2813 714 2882 dogmate
747 2810 974 2875 habere,
1013 2810 1154 2880 quod
1185 2823 1379 2879 nempe
1431 2809 1764 2864 sensibiliter
1813 2810 2038 2879 ipsoque

2123 1606 2220 1675 τῆς
2251 1604 2308 1657 δὲ
2340 1600 2497 1673 δόξης
2532 1601 2742 1669 Πατήρ.
2781 1597 2842 1650 El.
2897 1595 3009 1667 γάρ
3037 1594 3132 1647 καὶ
3162 1595 3223 1647 τὸ
3276 1594 3696 1663 συναμφότερον

2054 1675 2096 1731 Β
2126 1698 2205 1765 ἓν,
2240 1697 2355 1751 ἀλλ’
2379 1697 2439 1749 οὐ
2463 1697 2528 1765 τῇ
2560 1694 2740 1761 φύσει,
2788 1693 2854 1762 τῇ
2887 1691 2943 1743 δὲ
2989 1689 3214 1759 συνόδῳ.
3280 1707 3299 1740 ι
3340 1686 3545 1741 Πολλοῦ
3593 1687 3703 1758 γὰρ

2128 1790 2194 1844 ἂν
2234 1789 2383 1853 ἄξιος
2419 1787 2610 1856 ἐφάνη,
2640 1783 2800 1851 εἴπερ
2843 1781 2937 1835 ἐπὶ
2970 1780 3124 1833 τοῦδε
3169 1778 3263 1832 τοῦ
3297 1780 3500 1850 μέρους
3529 1778 3703 1848 ἕστη-

2130 1899 2214 1947 κε,
2242 1883 2337 1934 καὶ
2368 1879 2543 1940 οὐδεὶς
2568 1873 2635 1946 ἦν
2666 1877 2799 1946 ἡμῖν
2831 1875 2858 1927 ό
2913 1875 3041 1942 περὶ
3102 1870 3294 1924 τούτου
3341 1870 3501 1938 λόγος
3529 1885 3543 1899 ⁸
3575 1868 3702 1922 οὐδὲ

2129 1976 2291 2038 αὐτὸς
2326 1972 2423 2043 τὴν
2448 1970 2699 2041 γλῶσσαν
2723 1967 2846 2021 καθ’
2869 1969 2902 2037 ὴ
2912 1966 3027 2036 μῶν
3050 1965 3219 2034 ἠφίει,
3237 1964 3401 2017 όπότε
3423 1962 3705 2032 όμοτίμως

2130 2067 2208 2139 τῷ
2237 2067 2399 2135 Λόγῳ
2428 2063 2525 2118 καὶ
2558 2062 2626 2115 τὰ
2657 2061 2754 2130 τῆς
2797 2057 3015 2132 γραφῆς
3043 2056 3176 2121 ἔξει.
3225 2054 3386 2107 Ἀλλά
3416 2051 3581 2106 τοῦτο
3613 2050 3708 2104 νῦν

2131 2162 2230 2214 οὐκ
2260 2160 2363 2228 ἔφη
2398 2175 2412 2189 υ
2445 2152 2682 2223 οὐδαμοῦ
2717 2151 2826 2222 γὰρ
2868 2152 2983 2212 τοῖς
3008 2147 3116 2201 τῶν
3150 2146 3420 2210 θεολόγων
3462 2144 3706 2213 δόγμασι

2130 2255 2192 2306 τὸ
2224 2248 2316 2314 οὖς
2357 2245 2773 2318 παρατέθεικεν,
2806 2242 3141 2313 ἐντραφῆναι
3171 2242 3284 2304 τοῖς
3310 2237 3490 2293 αὐτῶν
3519 2236 3708 2304 διδάγ·

2137 2364 2301 2419 μασιν
2345 2346 2445 2398 οὐκ
2485 2342 2881 2410 ἀνασχόμενος,
2908 2341 3019 2401 τοῖς
3062 2336 3121 2390 δὲ
3166 2337 3268 2405 τῆς
3299 2334 3503 2399 σαρκὸς
3545 2333 3708 2403 μόνον

2133 2440 2420 2512 όρμήμασι
2452 2437 2546 2489 καὶ
2578 2432 2880 2502 θελήμασιν
2908 2426 3520 2499 ἐξανδραποδιζόμενος.

2217 2626 2341 2681 Ἐπὶ
2364 2625 2425 2678 τδ
2446 2624 2535 2676 ἒτε
2543 2638 2636 2693 ρον
2655 2615 2749 2674 οὖν
2773 2616 2866 2672 τοῦ
2892 2614 3051 2682 λόγου
3068 2612 3468 2682 σημαινόμενον
3489 2610 3708 2680 ἀνάγκη

2139 2716 2350 2784 ἀλόγως
2398 2714 2495 2767 καὶ
2550 2708 2828 2772 δυσσεϐῶς
2878 2706 3041 2760 αὐτὸν
3081 2701 3543 2771 ἀποκομίζεσθαι,
3612 2701 3710 2754 καὶ

2139 2810 2300 2865 τοῦτο
2326 2802 2698 2877 δογματίζειν,
2731 2805 2813 2857 ὅτι
2844 2802 2909 2872 δὴ
2942 2799 3194 2871 ἐνεργείᾳ
3221 2799 3316 2852 καί⁵
3349 2797 3606 2869 αἰσθήσει
3640 2798 3709 2852 τὰ

469 2904 639 2968 facto,
673 2918 735 2959 ea
764 2918 885 2972 qua:
910 2902 1346 2971 inseparabiliter
1377 2910 1502 2956 sunt
1525 2901 1668 2955 ttnita
1696 2910 2033 2969 separentur.

2144 2902 2463 2974 ἀχωρίστως
2489 2898 2747 2969 ἡνωμένα
2795 2896 3107 2966 διαιρεῖται.
3149 2893 3443 2960 Διασαφείν
3490 2890 3550 2944 δὲ
3584 2891 3716 2961 ἡμῖν

463 2994 703 3049 Narrare
735 3003 911 3048 autem
941 2994 1098 3047 nobis
1129 2991 1412 3046 debuisset
1460 2993 1548 3046 hic
1580 2991 2033 3061 sapientissimus.

2143 2993 2256 3046 ἔδει
2287 2995 2379 3045 τὸν
2410 2990 2745 3060 σοφώτατον,
2779 2987 2911 3056 ποίᾳ
2939 2985 3167 3055 δυνάμει
3212 2985 3306 3038 καὶ
3336 2983 3592 3054 ἐνεργείᾳ
3619 2984 3716 3052 τὴν

467 3086 612 3155 quali
666 3086 715 3139 vi
745 3096 909 3154 atque
961 3084 1200 3139 ellicacia
1237 3083 1712 3152 supernaturalem
1757 3081 1900 3135 illam
1933 3082 2033 3149 mi:

2143 3084 2396 3156 ὑπερφυᾶ
2425 3084 2521 3137 καὶ
2554 3079 2864 3151 θαυμασίαν
2898 3078 3115 3147 εκείνην
3162 3077 3376 3141 ἕνωσιν,
3409 3076 3506 3129 καὶ
3534 3075 3699 3143 λόγου

470 3191 696 3246 ramque
729 3178 1003 3240 unionem,
1040 3190 1160 3245 qua:
1191 3190 1406 3229 omnem
1456 3174 1723 3242 loquelam
1777 3183 2033 3226 mentem-

2143 3173 2342 3237 παντὸς
2367 3171 2464 3227 καὶ
2489 3172 2584 3226 νοῦ
2615 3169 2965 3242 ὑπερέκεινα,
3009 3167 3131 3221 καθ’
3157 3170 3223 3239 ἢν
3250 3170 3279 3221 ό
3316 3167 3492 3235 Λόγος
3514 3168 3715 3220 οὐσιω-

470 3283 576 3336 que
599 3277 843 3336 superat,
868 3281 986 3321 eam
1024 3268 1236 3324 scilicet
1264 3282 1367 3336 qua
1404 3266 1637 3322 Verbum
1672 3265 2033 3320 substantiali-

2143 3267 2248 3331 δῶς
2273 3267 2561 3338 ὲνοικήσας
2582 3268 2641 3321 ὲν
2669 3268 2735 3337 τῇ
2768 3264 3030 3334 πανάγνῳ
3056 3264 3149 3315 καὶ
3180 3259 3426 3330 Θεοτόκῳ
3447 3258 3716 3331 Παρθένῳ

474 3369 557 3410 ter
603 3358 858 3411 habitans
886 3357 939 3411 in
971 3357 1319 3412 sanctissima
1359 3356 1584 3424 Deipara
1617 3353 1838 3427 Virgine
1864 3362 2033 3410 totum

2143 3360 2263 3414 ὅλον
2290 3358 2574 3429 ᾶνθρωπον
2623 3358 2729 3428 ὅλῳ
2762 3354 2940 3425 ἑαυτῷ
2977 3352 3217 3423 συνῆψεν
3265 3350 3457 3406 ὲνώσει
3495 3355 3564 3419 τῇ
3588 3350 3714 3405 καθ’

473 3452 746 3505 hominem
794 3452 891 3505 tati
950 3451 1053 3506 sibi
1099 3450 1435 3522 hypostatica
1499 3450 1699 3504 unione
1746 3448 2033 3519 copulavit,

2145 3451 2463 3510 ὑπόστασιν,
2499 3450 2565 3519 ἣν
2593 3447 2730 3501 Θεοῦ
2762 3447 2927 3516 μόνου
2957 3440 3025 3516 ἦν
3058 3435 3423 3516 ἐργάσασθαι,
3457 3442 3664 3512 διαιρεῖ
3691 3442 3717 3493 ὁ

470 3558 633 3613 quam
683 3542 828 3598 salus
857 3542 998 3597 Deus
1056 3541 1267 3597 edicere
1329 3550 1577 3609 porerat;
1633 3540 1928 3611 quomodo,
1959 3540 2033 3594 iu-

2146 3538 2507 3611 περιγράφων
2534 3537 2629 3589 καὶ
2654 3536 2959 3600 είκονίζων,
2978 3537 3071 3588 καὶ
3094 3534 3329 3602 διίστησι
3352 3531 3485 3584 Θεὸν
3512 3531 3713 3596 ίδικῶς,

473 3650 657 3704 quam,
684 3636 1136 3690 circnmscribens
1168 3645 1263 3689 aut
1284 3633 1525 3704 eﬂigians
1575 3642 1813 3702 separet,
1843 3631 2045 3688 Deum-

473 3743 579 3796 que
613 3741 880 3791 scorsmu,
905 3727 1145 3796 itemque
1172 3727 1450 3781 hominem
1486 3739 1730 3780 seorsum
1758 3730 2044 3789 secernat;

474 3832 525 3873 et
562 3833 688 3873 num
736 3817 851 3872 ﬁeri
885 3819 1074 3887 posSit,
1115 3827 1172 3872 ut
1210 3832 1330 3872 eam
1364 3832 1478 3871 rent
1509 3815 1745 3870 Verbum
1782 3814 2043 3885 patiatur,

474 3923 635 3982 atque
662 3925 691 3963 a
728 3911 896 3966 semel
939 3912 1089 3964 unita
1133 3910 1236 3966 sibi
1290 3924 1456 3965 carne
1508 3919 1812 3978 separetur,
1845 3922 1914 3961 an
1946 3907 2050 3962 hoc

470 4007 652 4075 potius
687 4019 961 4075 nunquam
995 4005 1286 4059 usuvenire
1340 4013 1520 4072 queat.
1552 4001 1687 4056 Nam
1720 4002 1764 4056 si
1813 4000 2048 4071 primum

474 4097 817 4161 concedatur,
834 4098 1012 4165 passio
1027 4097 1211 4164 utique
1233 4094 1403 4149 Verbo
1421 4096 1645 4148 accidet.
1664 4093 1813 4159 Quod
1831 4092 1875 4148 si
1893 4092 2053 4161 patia-

2147 3634 2242 3688 καὶ
2267 3632 2554 3701 ἄνθρωπον
2586 3628 2769 3692 ἰδικῶς
2792 3645 2805 3658 ·
2830 3628 2906 3692 ὡς
2937 3625 3241 3697 πεφυκότος
3272 3618 3381 3695 ἆρα
3407 3620 3501 3674 τοῦ
3540 3621 3716 3688 Λόγου

2146 3724 2307 3780 τοῦτο
2335 3725 2585 3792 πάσχειν,
2638 3722 2733 3773 καὶ
2766 3719 3069 3772 διίστασθαι
3103 3717 3202 3787 τῆς
3236 3713 3380 3778 suae
3424 3711 3721 3781 ὲνωθείσης

2149 3817 2298 3888 αὐτῷ
2331 3814 2553 3885 σαρκὸς,
2588 3813 2622 3884 ἢ
2671 3810 2920 3879 οὐδαμῶς
2950 3808 3259 3878 πεφυκότος
3284 3805 3459 3859 ταῦτα
3487 3820 3502 3866 ;
3532 3804 3595 3855 El
3626 3803 3722 3872 μὲν

2149 3914 2259 3981 γὰρ
2288 3910 2348 3964 τὺ
2376 3906 2593 3979 πρῶτον
2613 3905 2816 3975 δοθείη,
2856 3904 2952 3957 καὶ
2982 3903 3152 3965 πάθος
3178 3901 3243 3956 ἂν
3273 3899 3613 3969 προσριφείη
3645 3895 3719 3965 τῷ

2150 4004 2331 4073 Λόγῳ.
2390 4000 2451 4052 El
2503 3998 2560 4051 δὲ
2613 3997 2796 4057 πάθοι,
2840 3995 2933 4047 καὶ
2980 3993 3458 4064 περιγραφήσεται
3521 3990 3720 4058 δήπου,

2152 4095 2386 4150 πέπονθε
2414 4093 2458 4146 δ’
2487 4092 2552 4146 ἂν
2582 4090 2739 4144 τοῦτο
2783 4089 2878 4141 καὶ
2918 4087 3027 4158 πρὸ
3089 4087 3187 4156 τῆς
3234 4084 3500 4147 ἑνώσεως.
3562 4082 3721 4134 Ἀλλά

478 4199 586 4253 tur,
620 4190 781 4243 etiam
812 4187 1314 4241 circumscribetur.
1342 4183 1480 4238 Num
1507 4199 1634 4239 vero
1665 4186 1714 4237 id
1742 4196 1868 4238 ante
1896 4184 2033 4238 unio

2156 4189 2261 4259 μὴν
2289 4186 2448 4240 τοῦτό
2498 4201 2563 4253 γε
2593 4182 2850 4236 ἀδύνατον
2878 4196 2894 4213 ·
2926 4179 2988 4232 οὐ
3024 4177 3132 4248 γὰρ
3166 4176 3233 4230 ἂν
3260 4175 3442 4237 πάθοι,
3491 4172 3713 4240 ἀπαθής

477 4297 598 4334 ucm
624 4297 841 4350 passum
863 4281 980 4335 est?
1009 4281 1170 4348 Atqui
1198 4281 1301 4334 hoc
1352 4278 1689 4348 impossibile
1717 4295 1731 4343 ;
1770 4293 1873 4331 non
1904 4279 2033 4331 enin

2152 4297 2215 4348 γε
2249 4277 2324 4331 ὢν
2360 4276 2520 4345 φύσει
2547 4290 2561 4305 δ
2603 4272 2801 4326 οὐκοῦν
2855 4269 2976 4322 οὐδὲ
3027 4264 3419 4335 διαστήσεσθαι
3458 4263 3561 4330 τῆς
3609 4279 3728 4313 συν·

477 4373 703 4440 patitur,
731 4387 853 4425 cum
887 4371 960 4425 sit
995 4370 1315 4425 naturaliter
1351 4370 1701 4439 impassibile.
1749 4368 1862 4441 48
1905 4368 2033 4439 Ergc

2147 4369 2437 4441 ηνωμένης
2467 4362 2617 4434 αὑτῷ
2649 4362 2874 4426 σαρκὸς,
2909 4358 3069 4428 φύσιν
3104 4356 3236 4422 ἕξει.
3270 4356 3333 4408 Ei
3363 4354 3419 4406 δὲ
3448 4352 3512 4405 τὸ
3542 4350 3727 4405 δεύτε-

479 4483 548 4521 ue
575 4467 642 4520 ab
682 4467 831 4519 unita
872 4466 1088 4535 quidem
1132 4465 1236 4519 sibi
1263 4480 1427 4520 carne
1456 4464 1697 4534 separari
1729 4465 2033 4518 naturalitet

2158 4481 2273 4538 ρον,
2306 4462 2397 4515 καὶ
2430 4455 2491 4515 οὗ
2524 4458 2734 4525 πέφυκε
2765 4453 2955 4515 τοῦτο;
2989 4452 3086 4514 Τίς
3127 4452 3155 4502 ό
3180 4449 3337 4515 λόγος
3372 4448 3400 4499 ὁ
3430 4444 3544 4496 τῶν
3585 4443 3724 4511 ὑπὲρ

479 4558 695 4627 poterit.
729 4556 880 4623 Quod
910 4557 953 4610 si
989 4566 1170 4627 postea
1211 4557 1264 4612 id
1295 4566 1382 4612 est
1410 4555 1688 4622 eﬂ‘ectum,
1737 4556 1958 4610 ubinam
1997 4554 2033 4608 ἰ(

2159 4536 2316 4624 λόγον
2347 4553 2668 4622 ἁπτόμενος,
2704 4550 2798 4601 καὶ
2830 4544 2866 4601 ἃ
2904 4547 3038 4615 μήτε
3069 4543 3144 4613 νῷ
3171 4539 3375 4611 ληπτὰ.
3407 4538 3551 4607 μήτε
3584 4536 3726 4602 λόγῳ

482 4649 771 4702 usuvenit?
802 4648 1057 4714 Qutenam
1088 4650 1284 4716 oratio,
1328 4664 1439 4702 rem
1478 4664 1598 4719 qua:
1629 4663 1791 4718 supra
1835 4661 2033 4701 omnen

2163 4649 2301 4719 ῥητὰ
2335 4643 2523 4707 ἐπιὼν,
2557 4641 2615 4703 ὃς
2643 4640 2742 4708 τὴν
2773 4637 3140 4691 ἀδιάσπαστον
3188 4630 3404 4698 ἐκείνην
3435 4628 3535 4680 καὶ
3563 4627 3721 4695 ἄτρε-

478 4739 779 4795 oratiouem
817 4750 900 4794 est
933 4742 1220 4810 attingens,
1256 4751 1310 4794 et
1367 4741 1435 4795 de
1491 4717 2033 4806 incomprehensibili-

2161 4717 2292 4791 πτον
2363 4735 2458 4788 καὶ
2513 4730 2745 4802 φυσικὴν
2803 4729 3097 4797 συνάφειαν
3163 4719 3511 4795 λυμήνασθαι
3570 4717 3729 4787 δυνή-

482 4834 584 4888 bus
615 4843 793 4887 mente
832 4848 896 4888 ac
936 4833 1118 4904 lingua
1171 4832 1533 4889 iueﬂ‘abilibus
1571 4834 1867 4895 disserens,
1911 4835 2053 4887 inse-
2162 4845 2312 4883 σεται
2344 4847 2360 4893 ;

478 4928 774 4996 parabilem
810 4927 956 4981 illam
983 4927 1561 4998 ineonvertibilemque
1583 4926 1889 4981 naturalem
1925 4941 2056 4980 con-

479 5020 812 5090 iunctionem
850 5018 1044 5074 laedere
1079 5019 1320 5088 poterit?

563 5127 582 5159 ι
620 5108 723 5164 Sed
748 5112 961 5165 etiamsi
998 5126 1100 5163 non
1155 5120 1457 5178 separetur,
1513 5117 1660 5163 certe
1699 5108 2050 5163 circumscri—

487 5203 679 5268 batur;
715 5222 733 5254 ι
770 5204 996 5272 ideoque
1023 5202 1216 5257 metuit
1242 5200 1712 5270 circumscriptam
1737 5199 1918 5253 dicere
1936 5214 2056 5251 car-

484 5309 631 5358 nem,
680 5295 835 5364 quasi
908 5310 1095 5364 reapse
1163 5293 1690 5363 circumscriptionis
1748 5292 2054 5361 passionem

2239 5125 2258 5158 ι
2321 5104 2458 5173 Ἀλλ’
2514 5103 2561 5155 εί
2621 5101 2683 5154 οὐ
2751 5095 3077 5169 χωρίζεται,
3136 5082 3731 5173 συμπεριγραφήσεται

2164 5171 2401 5261 πάντως.
2443 5216 2462 5248 ι
2497 5194 2606 5248 Καὶ
2632 5193 2720 5247 διὰ
2762 5190 2921 5246 τοῦτο
2961 5186 3166 5240 δέδοικε
3213 5178 3605 5252 περιγραπτὴν
3647 5171 3733 5226 λέ-

2163 5306 2282 5358 γειν
2308 5289 2404 5359 τὴν
2436 5288 2632 5357 σάρκα,
2659 5282 2869 5354 ἀγνοῶν
2891 5283 2970 5336 δτι
3002 5278 3080 5350 τῷ
3108 5276 3225 5331 δντι
3259 5272 3433 5335 πάθος
3463 5279 3732 5341 περιγρα-

564 5479 609 5509 ³⁷
650 5480 847 5547 Ephes.
891 5497 927 5544 ι,
962 5481 1047 5533 17.

564 5637 679 5705 (5:2)
730 5639 785 5690 S.
827 5639 1119 5707 Gregorius
1174 5638 1542 5691 Nazianzenus
1594 5644 1730 5690 orat.
1780 5633 1870 5701 50,
1911 5648 1961 5686 n.
1998 5631 2051 5698 8,
2097 5633 2147 5687 iu
2183 5630 2414 5688 editione
2451 5629 2556 5684 PP.
2585 5624 2974 5681 Maurinorum.
