  <div class='ocr_page' id='page_1' title='image "/cluster/home/n/w/nwhite01/storage/ocr_20150623/100/mdp.39015005675668/152.png"; bbox 0 0 3928 6142; ppageno 0'>
   <div class='ocr_carea' id='block_1_1' title="bbox 201 287 304 350">
    <p class='ocr_par' dir='ltr' id='par_1_1' title="bbox 201 287 304 350">
     <span class='ocr_line' id='line_1_1' title="bbox 201 287 304 350; baseline -0.01 0"><span class='ocrx_word' id='word_1_1' title='bbox 201 287 304 350; x_wconf 76' lang='lat'><strong>235</strong></span> 
     </span>
    </p>
   </div>
   <div class='ocr_carea' id='block_1_2' title="bbox 919 296 2735 363">
    <p class='ocr_par' dir='ltr' id='par_1_2' title="bbox 919 296 2735 363">
     <span class='ocr_line' id='line_1_2' title="bbox 919 296 2735 363; baseline 0.004 -9"><span class='ocrx_word' id='word_1_2' title='bbox 919 296 1552 359; x_wconf 82' lang='lat' dir='ltr'><strong>ANTIRRHETICUS</strong></span> <span class='ocrx_word' id='word_1_3' title='bbox 1593 300 1618 357; x_wconf 92' lang='grc' dir='ltr'>Ι</span> <span class='ocrx_word' id='word_1_4' title='bbox 1678 302 1844 360; x_wconf 83' lang='lat' dir='ltr'><strong>ADV.</strong></span> <span class='ocrx_word' id='word_1_5' title='bbox 1887 302 2485 363; x_wconf 81' lang='lat' dir='ltr'><strong>CONSTANTINUM</strong></span> <span class='ocrx_word' id='word_1_6' title='bbox 2522 301 2735 360; x_wconf 82' lang='lat' dir='ltr'><strong>COPR.</strong></span> 
     </span>
    </p>
   </div>
   <div class='ocr_carea' id='block_1_3' title="bbox 3364 302 3468 365">
    <p class='ocr_par' dir='ltr' id='par_1_3' title="bbox 3364 302 3468 365">
     <span class='ocr_line' id='line_1_3' title="bbox 3364 302 3468 365; baseline 0.019 -2"><span class='ocrx_word' id='word_1_7' title='bbox 3364 302 3468 365; x_wconf 65' lang='lat' dir='ltr'><strong>Q86</strong></span> 
     </span>
    </p>
   </div>
   <div class='ocr_carea' id='block_1_4' title="bbox 199 394 1796 478">
    <p class='ocr_par' dir='ltr' id='par_1_4' title="bbox 199 394 1788 477">
     <span class='ocr_line' id='line_1_4' title="bbox 199 394 1788 477; baseline 0.007 -29"><span class='ocrx_word' id='word_1_8' title='bbox 199 398 310 465; x_wconf 66' lang='grc' dir='ltr'><strong>φῆς</strong></span> <span class='ocrx_word' id='word_1_9' title='bbox 340 394 424 465; x_wconf 80' lang='grc' dir='ltr'>τῷ</span> <span class='ocrx_word' id='word_1_10' title='bbox 450 396 611 475; x_wconf 65' lang='grc' dir='ltr'><strong>Λόγῳ</strong></span> <span class='ocrx_word' id='word_1_11' title='bbox 643 398 951 469; x_wconf 82' lang='grc' dir='ltr'>ἐπεισάγει.</span> <span class='ocrx_word' id='word_1_12' title='bbox 974 404 1038 455; x_wconf 92' lang='grc' dir='ltr'><strong>Τί</strong></span> <span class='ocrx_word' id='word_1_13' title='bbox 1068 405 1173 475; x_wconf 65' lang='grc' dir='ltr'>γὰρ</span> <span class='ocrx_word' id='word_1_14' title='bbox 1201 405 1330 458; x_wconf 76' lang='grc' dir='ltr'>ἄλλο</span> <span class='ocrx_word' id='word_1_15' title='bbox 1346 406 1505 460; x_wconf 74' lang='grc' dir='ltr'>τοῦτο</span> <span class='ocrx_word' id='word_1_16' title='bbox 1530 408 1563 477; x_wconf 77' lang='grc' dir='ltr'><strong>ἢ</strong></span> <span class='ocrx_word' id='word_1_17' title='bbox 1589 408 1788 474; x_wconf 74' lang='grc' dir='ltr'>πάθοςς</span> 
     </span>
    </p>
   </div>
   <div class='ocr_carea' id='block_1_5' title="bbox 1901 394 3462 478">
    <p class='ocr_par' dir='ltr' id='par_1_5' title="bbox 1901 409 3462 478">
     <span class='ocr_line' id='line_1_5' title="bbox 1901 409 3462 478; baseline 0.001 -15"><span class='ocrx_word' id='word_1_18' title='bbox 1901 410 2075 465; x_wconf 86' lang='lat' dir='ltr'><strong>Verbo</strong></span> <span class='ocrx_word' id='word_1_19' title='bbox 2109 410 2327 467; x_wconf 83' lang='lat' dir='ltr'><strong>inlerat.</strong></span> <span class='ocrx_word' id='word_1_20' title='bbox 2359 410 2497 476; x_wconf 82' lang='lat' dir='ltr'><strong>Quid</strong></span> <span class='ocrx_word' id='word_1_21' title='bbox 2530 411 2674 463; x_wconf 88' lang='lat' dir='ltr'><strong>enim</strong></span> <span class='ocrx_word' id='word_1_22' title='bbox 2718 409 2817 463; x_wconf 90' lang='lat' dir='ltr'><strong>hoc</strong></span> <span class='ocrx_word' id='word_1_23' title='bbox 2848 409 2992 463; x_wconf 81' lang='lat' dir='ltr'><strong>aliud</strong></span> <span class='ocrx_word' id='word_1_24' title='bbox 3026 417 3107 463; x_wconf 86' lang='lat' dir='ltr'><strong>cst</strong></span> <span class='ocrx_word' id='word_1_25' title='bbox 3141 422 3301 477; x_wconf 77' lang='lat' dir='ltr'><strong>quam</strong></span> <span class='ocrx_word' id='word_1_26' title='bbox 3335 426 3462 478; x_wconf 84' lang='lat' dir='ltr'><strong>pas-</strong></span> 
     </span>
    </p>
   </div>
   <div class='ocr_carea' id='block_1_6' title="bbox 198 489 1790 568">
    <p class='ocr_par' dir='ltr' id='par_1_6' title="bbox 198 489 1790 568">
     <span class='ocr_line' id='line_1_6' title="bbox 198 489 1790 568; baseline 0.008 -27"><span class='ocrx_word' id='word_1_27' title='bbox 198 489 309 542; x_wconf 74' lang='grc' dir='ltr'>Καὶ</span> <span class='ocrx_word' id='word_1_28' title='bbox 367 489 803 558; x_wconf 77' lang='grc' dir='ltr'><strong>περιπέπτωκεν</strong></span> <span class='ocrx_word' id='word_1_29' title='bbox 835 493 895 558; x_wconf 76' lang='grc' dir='ltr'>ἐξ</span> <span class='ocrx_word' id='word_1_30' title='bbox 945 490 1006 547; x_wconf 74' lang='grc' dir='ltr'>οὗ</span> <span class='ocrx_word' id='word_1_31' title='bbox 1044 498 1267 564; x_wconf 75' lang='grc' dir='ltr'>φεύγειν</span> <span class='ocrx_word' id='word_1_32' title='bbox 1312 499 1513 565; x_wconf 72' lang='grc' dir='ltr'>ἔδοξεν,</span> <span class='ocrx_word' id='word_1_33' title='bbox 1550 500 1623 562; x_wconf 84' lang='grc' dir='ltr'><strong>ὡς</strong></span> <span class='ocrx_word' id='word_1_34' title='bbox 1648 500 1702 552; x_wconf 83' lang='grc' dir='ltr'><strong>εί</strong></span> <span class='ocrx_word' id='word_1_35' title='bbox 1728 517 1790 568; x_wconf 86' lang='grc' dir='ltr'><strong>γε</strong></span> 
     </span>
    </p>
   </div>
   <div class='ocr_carea' id='block_1_7' title="bbox 196 576 1792 663">
    <p class='ocr_par' dir='ltr' id='par_1_7' title="bbox 196 576 1792 663">
     <span class='ocr_line' id='line_1_7' title="bbox 196 576 1792 663; baseline 0.009 -32"><span class='ocrx_word' id='word_1_36' title='bbox 196 579 357 633; x_wconf 79' lang='grc' dir='ltr'>τοῦτο</span> <span class='ocrx_word' id='word_1_37' title='bbox 380 576 472 651; x_wconf 82' lang='grc' dir='ltr'>ἦν,</span> <span class='ocrx_word' id='word_1_38' title='bbox 509 585 958 656; x_wconf 70' lang='grc' dir='ltr'><strong>περιεγέγραπτο</strong></span> <span class='ocrx_word' id='word_1_39' title='bbox 990 586 1054 640; x_wconf 84' lang='grc' dir='ltr'>ἂν</span> <span class='ocrx_word' id='word_1_40' title='bbox 1080 591 1107 641; x_wconf 87' lang='grc' dir='ltr'>ὁ</span> <span class='ocrx_word' id='word_1_41' title='bbox 1148 590 1345 657; x_wconf 84' lang='grc' dir='ltr'>Λόγος,</span> <span class='ocrx_word' id='word_1_42' title='bbox 1375 592 1520 644; x_wconf 69' lang='grc' dir='ltr'>οὕτω</span> <span class='ocrx_word' id='word_1_43' title='bbox 1554 593 1792 663; x_wconf 81' lang='grc' dir='ltr'><strong>πάσχειν</strong></span> 
     </span>
    </p>
   </div>
   <div class='ocr_carea' id='block_1_8' title="bbox 197 673 1790 751">
    <p class='ocr_par' dir='ltr' id='par_1_8' title="bbox 197 673 1790 751">
     <span class='ocr_line' id='line_1_8' title="bbox 197 673 1790 751; baseline 0.009 -28"><span class='ocrx_word' id='word_1_44' title='bbox 197 673 467 742; x_wconf 76' lang='grc' dir='ltr'>πεφυκὼς</span> <span class='ocrx_word' id='word_1_45' title='bbox 500 675 601 727; x_wconf 62' lang='grc' dir='ltr'><strong>καὶ⁹</strong></span> <span class='ocrx_word' id='word_1_46' title='bbox 627 676 737 747; x_wconf 74' lang='grc' dir='ltr'>πρὸ</span> <span class='ocrx_word' id='word_1_47' title='bbox 762 678 863 748; x_wconf 80' lang='grc' dir='ltr'>τῆς</span> <span class='ocrx_word' id='word_1_48' title='bbox 891 679 1142 744; x_wconf 74' lang='grc' dir='ltr'>ἑνώσεως</span> <span class='ocrx_word' id='word_1_49' title='bbox 1168 682 1305 751; x_wconf 83' lang='grc' dir='ltr'>πρὸς</span> <span class='ocrx_word' id='word_1_50' title='bbox 1334 683 1394 734; x_wconf 88' lang='grc' dir='ltr'><strong>τὸ</strong></span> <span class='ocrx_word' id='word_1_51' title='bbox 1422 682 1604 751; x_wconf 82' lang='grc' dir='ltr'>σῶμα,</span> <span class='ocrx_word' id='word_1_52' title='bbox 1640 685 1699 736; x_wconf 75' lang='grc' dir='ltr'><strong>οὐ</strong></span> <span class='ocrx_word' id='word_1_53' title='bbox 1722 685 1790 737; x_wconf 78' lang='grc' dir='ltr'><strong>δι’</strong></span> 
     </span>
    </p>
   </div>
   <div class='ocr_carea' id='block_1_9' title="bbox 196 768 1793 845">
    <p class='ocr_par' dir='ltr' id='par_1_9' title="bbox 196 768 1793 845">
     <span class='ocr_line' id='line_1_9' title="bbox 196 768 1793 845; baseline 0.006 -25"><span class='ocrx_word' id='word_1_54' title='bbox 196 768 373 838; x_wconf 77' lang='grc' dir='ltr'>αὑτήν</span> <span class='ocrx_word' id='word_1_55' title='bbox 404 785 471 836; x_wconf 86' lang='grc' dir='ltr'><strong>γε</strong></span> <span class='ocrx_word' id='word_1_56' title='bbox 496 769 603 838; x_wconf 77' lang='grc' dir='ltr'><strong>τὴν</strong></span> <span class='ocrx_word' id='word_1_57' title='bbox 626 768 845 823; x_wconf 70' lang='grc' dir='ltr'>ἕνωσιν.</span> <span class='ocrx_word' id='word_1_58' title='bbox 876 772 938 824; x_wconf 78' lang='lat' dir='ltr'><strong>Ei</strong></span> <span class='ocrx_word' id='word_1_59' title='bbox 965 773 1020 825; x_wconf 81' lang='grc' dir='ltr'><strong>δὲ</strong></span> <span class='ocrx_word' id='word_1_60' title='bbox 1050 773 1211 839; x_wconf 76' lang='grc' dir='ltr'>φύσει</span> <span class='ocrx_word' id='word_1_61' title='bbox 1239 773 1671 845; x_wconf 81' lang='grc' dir='ltr'>ἀπερίγραπτος,</span> <span class='ocrx_word' id='word_1_62' title='bbox 1700 777 1793 829; x_wconf 74' lang='grc' dir='ltr'><strong>καὶ</strong></span> 
     </span>
    </p>
   </div>
   <div class='ocr_carea' id='block_1_10' title="bbox 194 861 1790 938">
    <p class='ocr_par' dir='ltr' id='par_1_10' title="bbox 194 861 1790 938">
     <span class='ocr_line' id='line_1_10' title="bbox 194 861 1790 938; baseline 0.006 -26"><span class='ocrx_word' id='word_1_63' title='bbox 194 862 254 912; x_wconf 84' lang='grc' dir='ltr'>ὲν</span> <span class='ocrx_word' id='word_1_64' title='bbox 310 861 538 931; x_wconf 85' lang='grc' dir='ltr'>σώματι</span> <span class='ocrx_word' id='word_1_65' title='bbox 587 865 996 934; x_wconf 83' lang='grc' dir='ltr'>συναπτόμενος</span> <span class='ocrx_word' id='word_1_66' title='bbox 1036 867 1318 938; x_wconf 79' lang='grc' dir='ltr'>διατηροίη</span> <span class='ocrx_word' id='word_1_67' title='bbox 1356 867 1423 921; x_wconf 78' lang='grc' dir='ltr'><strong>ἂν</strong></span> <span class='ocrx_word' id='word_1_68' title='bbox 1465 869 1555 921; x_wconf 79' lang='grc' dir='ltr'>τὸν</span> <span class='ocrx_word' id='word_1_69' title='bbox 1590 870 1790 923; x_wconf 76' lang='grc' dir='ltr'>ἑαυτοῦ</span> 
     </span>
    </p>
   </div>
   <div class='ocr_carea' id='block_1_11' title="bbox 196 952 1790 1030">
    <p class='ocr_par' dir='ltr' id='par_1_11' title="bbox 196 952 1790 1030">
     <span class='ocr_line' id='line_1_11' title="bbox 196 952 1790 1030; baseline 0.007 -28"><span class='ocrx_word' id='word_1_70' title='bbox 196 952 355 1018; x_wconf 68' lang='grc' dir='ltr'>λόγον</span> <span class='ocrx_word' id='word_1_71' title='bbox 379 952 457 1015; x_wconf 81' lang='grc' dir='ltr'><strong>ὡς</strong></span> <span class='ocrx_word' id='word_1_72' title='bbox 479 953 616 1016; x_wconf 81' lang='grc' dir='ltr'>Θεὸς</span> <span class='ocrx_word' id='word_1_73' title='bbox 643 955 743 1023; x_wconf 85' lang='grc' dir='ltr'>τῆς</span> <span class='ocrx_word' id='word_1_74' title='bbox 775 957 1017 1025; x_wconf 78' lang='grc' dir='ltr'><strong>φυσικῆς</strong></span> <span class='ocrx_word' id='word_1_75' title='bbox 1044 958 1325 1027; x_wconf 67' lang='grc' dir='ltr'>ἀοριστίας</span> <span class='ocrx_word' id='word_1_76' title='bbox 1354 960 1450 1012; x_wconf 70' lang='grc' dir='ltr'><strong>καὶ</strong></span> <span class='ocrx_word' id='word_1_77' title='bbox 1480 961 1790 1030; x_wconf 79' lang='grc' dir='ltr'>ἀπεριγρα-</span> 
     </span>
    </p>
   </div>
   <div class='ocr_carea' id='block_1_12' title="bbox 198 1044 1790 1123">
    <p class='ocr_par' dir='ltr' id='par_1_12' title="bbox 198 1044 1790 1123">
     <span class='ocr_line' id='line_1_12' title="bbox 198 1044 1790 1123; baseline 0.008 -29"><span class='ocrx_word' id='word_1_78' title='bbox 198 1044 326 1111; x_wconf 52' lang='grc' dir='ltr'>φίας</span> <span class='ocrx_word' id='word_1_79' title='bbox 364 1045 602 1113; x_wconf 72' lang='grc' dir='ltr'>πάμπαν</span> <span class='ocrx_word' id='word_1_80' title='bbox 633 1047 1034 1117; x_wconf 83' lang='grc' dir='ltr'>ἀπαράτρωτον</span> <span class='ocrx_word' id='word_1_81' title='bbox 1064 1051 1160 1102; x_wconf 79' lang='grc' dir='ltr'><strong>καὶ</strong></span> <span class='ocrx_word' id='word_1_82' title='bbox 1189 1050 1483 1120; x_wconf 81' lang='grc' dir='ltr'>ἀμείωτον.</span> <span class='ocrx_word' id='word_1_83' title='bbox 1517 1053 1655 1104; x_wconf 77' lang='grc' dir='ltr'>Οὐδὲ</span> <span class='ocrx_word' id='word_1_84' title='bbox 1680 1054 1790 1123; x_wconf 73' lang='grc' dir='ltr'>γὰρ</span> 
     </span>
    </p>
   </div>
   <div class='ocr_carea' id='block_1_13' title="bbox 199 1136 1790 1211">
    <p class='ocr_par' dir='ltr' id='par_1_13' title="bbox 199 1136 1790 1211">
     <span class='ocr_line' id='line_1_13' title="bbox 199 1136 1790 1211; baseline 0.008 -26"><span class='ocrx_word' id='word_1_85' title='bbox 199 1136 266 1187; x_wconf 67' lang='lat' dir='ltr'><strong>ti</strong></span> <span class='ocrx_word' id='word_1_86' title='bbox 316 1138 504 1189; x_wconf 74' lang='grc' dir='ltr'>οἰκεῖα</span> <span class='ocrx_word' id='word_1_87' title='bbox 566 1138 643 1205; x_wconf 61' lang='grc' dir='ltr'>τ’ῖι</span> <span class='ocrx_word' id='word_1_88' title='bbox 717 1139 933 1207; x_wconf 78' lang='grc' dir='ltr'>σώματι</span> <span class='ocrx_word' id='word_1_89' title='bbox 984 1140 1250 1211; x_wconf 81' lang='grc' dir='ltr'>πάσχοντι</span> <span class='ocrx_word' id='word_1_90' title='bbox 1300 1143 1580 1211; x_wconf 81' lang='grc' dir='ltr'>συμπάοοι</span> <span class='ocrx_word' id='word_1_91' title='bbox 1639 1144 1705 1197; x_wconf 84' lang='grc' dir='ltr'><strong>ἂν</strong></span> <span class='ocrx_word' id='word_1_92' title='bbox 1761 1148 1790 1198; x_wconf 89' lang='grc' dir='ltr'><strong>ό</strong></span> 
     </span>
    </p>
   </div>
   <div class='ocr_carea' id='block_1_14' title="bbox 201 1219 1785 1297">
    <p class='ocr_par' dir='ltr' id='par_1_14' title="bbox 201 1219 1785 1297">
     <span class='ocr_line' id='line_1_14' title="bbox 201 1219 1785 1297; baseline 0.006 -19"><span class='ocrx_word' id='word_1_93' title='bbox 201 1226 371 1293; x_wconf 73' lang='grc' dir='ltr'>Λόγος</span> <span class='ocrx_word' id='word_1_94' title='bbox 423 1226 710 1291; x_wconf 75' lang='grc' dir='ltr'>οὑσιωδῶς</span> <span class='ocrx_word' id='word_1_95' title='bbox 759 1229 943 1293; x_wconf 79' lang='grc' dir='ltr'>ποθεν,</span> <span class='ocrx_word' id='word_1_96' title='bbox 998 1231 1074 1294; x_wconf 86' lang='grc' dir='ltr'>ὠς</span> <span class='ocrx_word' id='word_1_97' title='bbox 1114 1232 1235 1285; x_wconf 80' lang='grc' dir='ltr'>οὐδὲ</span> <span class='ocrx_word' id='word_1_98' title='bbox 1298 1235 1363 1285; x_wconf 86' lang='grc' dir='ltr'>ὲκ</span> <span class='ocrx_word' id='word_1_99' title='bbox 1408 1233 1501 1286; x_wconf 64' lang='lat' dir='ltr'><strong>cui)</strong></span> <span class='ocrx_word' id='word_1_100' title='bbox 1538 1219 1785 1297; x_wconf 72' lang='grc' dir='ltr'>ἀπαθοῧς</span> 
     </span>
    </p>
   </div>
   <div class='ocr_carea' id='block_1_15' title="bbox 200 1318 1789 1394">
    <p class='ocr_par' dir='ltr' id='par_1_15' title="bbox 200 1318 1789 1394">
     <span class='ocr_line' id='line_1_15' title="bbox 200 1318 1789 1394; baseline 0.004 -24"><span class='ocrx_word' id='word_1_101' title='bbox 200 1321 293 1370; x_wconf 74' lang='grc' dir='ltr'><strong>καὶ</strong></span> <span class='ocrx_word' id='word_1_102' title='bbox 345 1318 715 1373; x_wconf 79' lang='grc' dir='ltr'>ἁναλλοιώτου</span> <span class='ocrx_word' id='word_1_103' title='bbox 782 1323 862 1383; x_wconf 83' lang='grc' dir='ltr'><strong>είς</strong></span> <span class='ocrx_word' id='word_1_104' title='bbox 891 1322 954 1374; x_wconf 76' lang='grc' dir='ltr'>τὸ</span> <span class='ocrx_word' id='word_1_105' title='bbox 1005 1323 1253 1394; x_wconf 79' lang='grc' dir='ltr'>παθητὸν</span> <span class='ocrx_word' id='word_1_106' title='bbox 1313 1325 1410 1378; x_wconf 59' lang='grc' dir='ltr'><strong>καί¹</strong></span> <span class='ocrx_word' id='word_1_107' title='bbox 1496 1325 1789 1379; x_wconf 80' lang='grc' dir='ltr'><strong>ἀλλοιωτὸν</strong></span> 
     </span>
    </p>
   </div>
   <div class='ocr_carea' id='block_1_16' title="bbox 202 1410 1789 1481">
    <p class='ocr_par' dir='ltr' id='par_1_16' title="bbox 202 1410 1789 1481">
     <span class='ocr_line' id='line_1_16' title="bbox 202 1410 1789 1481; baseline 0.006 -19"><span class='ocrx_word' id='word_1_108' title='bbox 202 1410 584 1481; x_wconf 83' lang='grc' dir='ltr'>περιτραπείη</span> <span class='ocrx_word' id='word_1_109' title='bbox 608 1414 728 1465; x_wconf 82' lang='grc' dir='ltr'>ποτ’</span> <span class='ocrx_word' id='word_1_110' title='bbox 758 1413 823 1467; x_wconf 81' lang='grc' dir='ltr'>ἄν</span> <span class='ocrx_word' id='word_1_111' title='bbox 849 1428 864 1442; x_wconf 84' lang='grc'>⁶</span> <span class='ocrx_word' id='word_1_112' title='bbox 888 1414 950 1466; x_wconf 79' lang='grc' dir='ltr'>οὺ</span> <span class='ocrx_word' id='word_1_113' title='bbox 973 1414 1154 1467; x_wconf 85' lang='grc' dir='ltr'>τοίνυν</span> <span class='ocrx_word' id='word_1_114' title='bbox 1182 1416 1304 1470; x_wconf 78' lang='grc' dir='ltr'>οὐδὲ</span> <span class='ocrx_word' id='word_1_115' title='bbox 1329 1416 1425 1471; x_wconf 77' lang='grc' dir='ltr'>τοῦ</span> <span class='ocrx_word' id='word_1_116' title='bbox 1466 1418 1586 1471; x_wconf 83' lang='grc' dir='ltr'>κατ’</span> <span class='ocrx_word' id='word_1_117' title='bbox 1624 1417 1789 1471; x_wconf 83' lang='grc' dir='ltr'>αὑτὸν</span> 
     </span>
    </p>
   </div>
   <div class='ocr_carea' id='block_1_17' title="bbox 203 1499 1792 1578">
    <p class='ocr_par' dir='ltr' id='par_1_17' title="bbox 203 1499 1792 1578">
     <span class='ocr_line' id='line_1_17' title="bbox 203 1499 1792 1578; baseline 0.006 -27"><span class='ocrx_word' id='word_1_118' title='bbox 203 1499 457 1570; x_wconf 84' lang='grc' dir='ltr'>σώματος</span> <span class='ocrx_word' id='word_1_119' title='bbox 477 1505 965 1573; x_wconf 74' lang='grc' dir='ltr'><strong>περιγραφομένου</strong></span> <span class='ocrx_word' id='word_1_120' title='bbox 992 1510 1606 1578; x_wconf 81' lang='grc' dir='ltr'>συμπεριγραφήσεται.</span> <span class='ocrx_word' id='word_1_121' title='bbox 1633 1509 1792 1562; x_wconf 80' lang='grc' dir='ltr'>Ἀτο-</span> 
     </span>
    </p>
   </div>
   <div class='ocr_carea' id='block_1_18' title="bbox 201 1588 1789 1667">
    <p class='ocr_par' dir='ltr' id='par_1_18' title="bbox 201 1588 1789 1667">
     <span class='ocr_line' id='line_1_18' title="bbox 201 1588 1789 1667; baseline 0.003 -23"><span class='ocrx_word' id='word_1_122' title='bbox 201 1606 301 1644; x_wconf 81' lang='grc' dir='ltr'><strong>πον</strong></span> <span class='ocrx_word' id='word_1_123' title='bbox 320 1588 417 1645; x_wconf 85' lang='grc' dir='ltr'><strong>οὖν</strong></span> <span class='ocrx_word' id='word_1_124' title='bbox 469 1593 571 1645; x_wconf 84' lang='grc' dir='ltr'>καὶ</span> <span class='ocrx_word' id='word_1_125' title='bbox 594 1594 823 1663; x_wconf 77' lang='grc' dir='ltr'>ἀνόητόν</span> <span class='ocrx_word' id='word_1_126' title='bbox 845 1596 962 1647; x_wconf 80' lang='grc' dir='ltr'>ἐστι</span> <span class='ocrx_word' id='word_1_127' title='bbox 1008 1597 1104 1649; x_wconf 78' lang='grc' dir='ltr'><strong>καὶ</strong></span> <span class='ocrx_word' id='word_1_128' title='bbox 1152 1597 1367 1662; x_wconf 79' lang='grc' dir='ltr'>ἀσεϐὲς,</span> <span class='ocrx_word' id='word_1_129' title='bbox 1402 1599 1462 1650; x_wconf 82' lang='grc' dir='ltr'>τὸ</span> <span class='ocrx_word' id='word_1_130' title='bbox 1485 1598 1789 1667; x_wconf 77' lang='grc' dir='ltr'>ἀποφαίνε-</span> 
     </span>
    </p>
   </div>
   <div class='ocr_carea' id='block_1_19' title="bbox 203 1682 1785 1760">
    <p class='ocr_par' dir='ltr' id='par_1_19' title="bbox 203 1682 1785 1760">
     <span class='ocr_line' id='line_1_19' title="bbox 203 1682 1785 1760; baseline 0.006 -26"><span class='ocrx_word' id='word_1_131' title='bbox 203 1682 325 1736; x_wconf 82' lang='grc' dir='ltr'>σθαι</span> <span class='ocrx_word' id='word_1_132' title='bbox 350 1682 691 1752; x_wconf 80' lang='grc' dir='ltr'>διαιρεῖσθαι</span> <span class='ocrx_word' id='word_1_133' title='bbox 721 1688 788 1738; x_wconf 81' lang='grc' dir='ltr'>ὲκ</span> <span class='ocrx_word' id='word_1_134' title='bbox 823 1686 919 1739; x_wconf 79' lang='grc' dir='ltr'>τοῦ</span> <span class='ocrx_word' id='word_1_135' title='bbox 952 1686 1317 1751; x_wconf 76' lang='grc' dir='ltr'>εἰκονίξεσοαι</span> <span class='ocrx_word' id='word_1_136' title='bbox 1350 1690 1440 1741; x_wconf 83' lang='grc' dir='ltr'><strong>τὸν</strong></span> <span class='ocrx_word' id='word_1_137' title='bbox 1462 1689 1719 1760; x_wconf 82' lang='grc' dir='ltr'>Χριστὸν,</span> <span class='ocrx_word' id='word_1_138' title='bbox 1752 1688 1785 1759; x_wconf 83' lang='grc' dir='ltr'><strong>ἦ</strong></span> 
     </span>
    </p>
   </div>
   <div class='ocr_carea' id='block_1_20' title="bbox 1895 500 3470 568">
    <p class='ocr_par' dir='ltr' id='par_1_20' title="bbox 1895 500 3470 568">
     <span class='ocr_line' id='line_1_20' title="bbox 1895 500 3470 568; baseline -0.006 -10"><span class='ocrx_word' id='word_1_139' title='bbox 1895 504 2020 558; x_wconf 80' lang='lat' dir='ltr'><strong>sio?</strong></span> <span class='ocrx_word' id='word_1_140' title='bbox 2052 503 2117 558; x_wconf 79' lang='lat' dir='ltr'><strong>Et</strong></span> <span class='ocrx_word' id='word_1_141' title='bbox 2147 520 2214 558; x_wconf 88' lang='lat' dir='ltr'><strong>en</strong></span> <span class='ocrx_word' id='word_1_142' title='bbox 2250 502 2652 563; x_wconf 89' lang='lat' dir='ltr'><strong>illuciucurrit,</strong></span> <span class='ocrx_word' id='word_1_143' title='bbox 2699 500 2840 554; x_wconf 89' lang='lat' dir='ltr'><strong>unde</strong></span> <span class='ocrx_word' id='word_1_144' title='bbox 2891 500 3076 568; x_wconf 72' lang='lat' dir='ltr'><strong>lugere</strong></span> <span class='ocrx_word' id='word_1_145' title='bbox 3113 500 3218 554; x_wconf 74' lang='lat' dir='ltr'><strong>sibi</strong></span> <span class='ocrx_word' id='word_1_146' title='bbox 3248 501 3470 555; x_wconf 75' lang='lat' dir='ltr'><strong>videbu-</strong></span> 
     </span>
    </p>
   </div>
   <div class='ocr_carea' id='block_1_21' title="bbox 1895 591 3456 661">
    <p class='ocr_par' dir='ltr' id='par_1_21' title="bbox 1895 591 3456 661">
     <span class='ocr_line' id='line_1_21' title="bbox 1895 591 3456 661; baseline -0.004 -11"><span class='ocrx_word' id='word_1_147' title='bbox 1895 606 1999 650; x_wconf 91' lang='lat' dir='ltr'><strong>tur.</strong></span> <span class='ocrx_word' id='word_1_148' title='bbox 2034 595 2168 648; x_wconf 85' lang='lat' dir='ltr'><strong>Nam</strong></span> <span class='ocrx_word' id='word_1_149' title='bbox 2204 596 2248 649; x_wconf 89' lang='lat' dir='ltr'><strong>si</strong></span> <span class='ocrx_word' id='word_1_150' title='bbox 2281 597 2383 648; x_wconf 88' lang='lat' dir='ltr'><strong>hoc</strong></span> <span class='ocrx_word' id='word_1_151' title='bbox 2414 594 2484 647; x_wconf 87' lang='lat' dir='ltr'><strong>ita</strong></span> <span class='ocrx_word' id='word_1_152' title='bbox 2518 609 2577 648; x_wconf 92' lang='lat' dir='ltr'><strong>se</strong></span> <span class='ocrx_word' id='word_1_153' title='bbox 2636 594 2881 656; x_wconf 87' lang='lat' dir='ltr'><strong>haberet,</strong></span> <span class='ocrx_word' id='word_1_154' title='bbox 2938 591 3180 661; x_wconf 77' lang='lat' dir='ltr'><strong>profecto</strong></span> <span class='ocrx_word' id='word_1_155' title='bbox 3213 593 3456 646; x_wconf 86' lang='lat' dir='ltr'><strong>circum-</strong></span> 
     </span>
    </p>
   </div>
   <div class='ocr_carea' id='block_1_22' title="bbox 1894 683 3465 755">
    <p class='ocr_par' dir='ltr' id='par_1_22' title="bbox 1894 683 3465 755">
     <span class='ocr_line' id='line_1_22' title="bbox 1894 683 3465 755; baseline -0.004 -15"><span class='ocrx_word' id='word_1_156' title='bbox 1894 688 2150 755; x_wconf 89' lang='lat' dir='ltr'><strong>scriptum</strong></span> <span class='ocrx_word' id='word_1_157' title='bbox 2227 686 2419 751; x_wconf 77' lang='lat' dir='ltr'><strong>fuisset</strong></span> <span class='ocrx_word' id='word_1_158' title='bbox 2484 685 2760 749; x_wconf 82' lang='lat' dir='ltr'><strong>Verbum,</strong></span> <span class='ocrx_word' id='word_1_159' title='bbox 2826 685 3082 752; x_wconf 84' lang='lat' dir='ltr'><strong>quoniam</strong></span> <span class='ocrx_word' id='word_1_160' title='bbox 3139 683 3211 735; x_wconf 91' lang='lat' dir='ltr'><strong>ita</strong></span> <span class='ocrx_word' id='word_1_161' title='bbox 3273 696 3465 737; x_wconf 81' lang='lat' dir='ltr'><strong>natura</strong></span> 
     </span>
    </p>
   </div>
   <div class='ocr_carea' id='block_1_23' title="bbox 1894 773 3467 842">
    <p class='ocr_par' dir='ltr' id='par_1_23' title="bbox 1894 773 3467 842">
     <span class='ocr_line' id='line_1_23' title="bbox 1894 773 3467 842; baseline -0.003 -13"><span class='ocrx_word' id='word_1_162' title='bbox 1894 786 2269 842; x_wconf 83' lang='lat' dir='ltr'><strong>comparatum</strong></span> <span class='ocrx_word' id='word_1_163' title='bbox 2307 774 2500 828; x_wconf 77' lang='lat' dir='ltr'><strong>fuisset</strong></span> <span class='ocrx_word' id='word_1_164' title='bbox 2528 773 2690 826; x_wconf 90' lang='lat' dir='ltr'><strong>etiam</strong></span> <span class='ocrx_word' id='word_1_165' title='bbox 2738 786 2865 825; x_wconf 84' lang='lat' dir='ltr'><strong>ante</strong></span> <span class='ocrx_word' id='word_1_166' title='bbox 2896 773 3146 824; x_wconf 88' lang='lat' dir='ltr'><strong>unionem</strong></span> <span class='ocrx_word' id='word_1_167' title='bbox 3180 786 3302 825; x_wconf 87' lang='lat' dir='ltr'><strong>cum</strong></span> <span class='ocrx_word' id='word_1_168' title='bbox 3341 787 3467 825; x_wconf 84' lang='lat' dir='ltr'><strong>cor-</strong></span> 
     </span>
    </p>
   </div>
   <div class='ocr_carea' id='block_1_24' title="bbox 1895 860 3463 934">
    <p class='ocr_par' dir='ltr' id='par_1_24' title="bbox 1895 860 3463 934">
     <span class='ocr_line' id='line_1_24' title="bbox 1895 860 3463 934; baseline -0.003 -14"><span class='ocrx_word' id='word_1_169' title='bbox 1895 882 2048 934; x_wconf 91' lang='lat' dir='ltr'><strong>pore,</strong></span> <span class='ocrx_word' id='word_1_170' title='bbox 2088 880 2192 919; x_wconf 82' lang='lat' dir='ltr'><strong>neu</strong></span> <span class='ocrx_word' id='word_1_171' title='bbox 2220 873 2402 919; x_wconf 89' lang='lat' dir='ltr'><strong>autem</strong></span> <span class='ocrx_word' id='word_1_172' title='bbox 2452 874 2670 933; x_wconf 83' lang='lat' dir='ltr'><strong>prOpter</strong></span> <span class='ocrx_word' id='word_1_173' title='bbox 2699 864 2868 931; x_wconf 84' lang='lat' dir='ltr'><strong>ipsam</strong></span> <span class='ocrx_word' id='word_1_174' title='bbox 2907 864 3183 916; x_wconf 88' lang='lat' dir='ltr'><strong>unionem.</strong></span> <span class='ocrx_word' id='word_1_175' title='bbox 3228 860 3381 928; x_wconf 82' lang='lat' dir='ltr'><strong>Quod</strong></span> <span class='ocrx_word' id='word_1_176' title='bbox 3419 862 3463 915; x_wconf 88' lang='lat' dir='ltr'><strong>si</strong></span> 
     </span>
    </p>
   </div>
   <div class='ocr_carea' id='block_1_25' title="bbox 1893 955 3461 1025">
    <p class='ocr_par' dir='ltr' id='par_1_25' title="bbox 1893 955 3461 1025">
     <span class='ocr_line' id='line_1_25' title="bbox 1893 955 3461 1025; baseline -0.005 -13"><span class='ocrx_word' id='word_1_177' title='bbox 1893 969 2087 1012; x_wconf 86' lang='lat' dir='ltr'><strong>natura</strong></span> <span class='ocrx_word' id='word_1_178' title='bbox 2117 968 2202 1012; x_wconf 89' lang='lat' dir='ltr'><strong>est</strong></span> <span class='ocrx_word' id='word_1_179' title='bbox 2234 956 2783 1025; x_wconf 87' lang='lat' dir='ltr'><strong>incircumscriptum,</strong></span> <span class='ocrx_word' id='word_1_180' title='bbox 2816 955 3029 1023; x_wconf 81' lang='lat' dir='ltr'><strong>corpori</strong></span> <span class='ocrx_word' id='word_1_181' title='bbox 3065 969 3281 1023; x_wconf 84' lang='lat' dir='ltr'><strong>quoque</strong></span> <span class='ocrx_word' id='word_1_182' title='bbox 3328 969 3461 1007; x_wconf 87' lang='lat' dir='ltr'><strong>con-</strong></span> 
     </span>
    </p>
   </div>
   <div class='ocr_carea' id='block_1_26' title="bbox 1889 1046 3460 1119">
    <p class='ocr_par' dir='ltr' id='par_1_26' title="bbox 1889 1046 3460 1119">
     <span class='ocr_line' id='line_1_26' title="bbox 1889 1046 3460 1119; baseline -0.002 -18"><span class='ocrx_word' id='word_1_183' title='bbox 1889 1050 2162 1119; x_wconf 87' lang='lat' dir='ltr'><strong>junctum,</strong></span> <span class='ocrx_word' id='word_1_184' title='bbox 2196 1049 2380 1119; x_wconf 90' lang='lat' dir='ltr'><strong>utique</strong></span> <span class='ocrx_word' id='word_1_185' title='bbox 2404 1058 2577 1102; x_wconf 82' lang='lat' dir='ltr'><strong>semel</strong></span> <span class='ocrx_word' id='word_1_186' title='bbox 2603 1048 3026 1112; x_wconf 85' lang='lat' dir='ltr'><strong>conservaverit,</strong></span> <span class='ocrx_word' id='word_1_187' title='bbox 3079 1057 3262 1116; x_wconf 88' lang='lat' dir='ltr'><strong>utpote</strong></span> <span class='ocrx_word' id='word_1_188' title='bbox 3298 1046 3460 1109; x_wconf 78' lang='lat' dir='ltr'><strong>Deus,</strong></span> 
     </span>
    </p>
   </div>
   <div class='ocr_carea' id='block_1_27' title="bbox 1894 1140 3461 1211">
    <p class='ocr_par' dir='ltr' id='par_1_27' title="bbox 1894 1140 3461 1211">
     <span class='ocr_line' id='line_1_27' title="bbox 1894 1140 3461 1211; baseline -0.002 -17"><span class='ocrx_word' id='word_1_189' title='bbox 1894 1143 1945 1194; x_wconf 91' lang='lat' dir='ltr'><strong>in</strong></span> <span class='ocrx_word' id='word_1_190' title='bbox 1978 1143 2199 1211; x_wconf 77' lang='lat' dir='ltr'><strong>physica</strong></span> <span class='ocrx_word' id='word_1_191' title='bbox 2229 1141 2494 1194; x_wconf 79' lang='lat' dir='ltr'><strong>inﬁnitate</strong></span> <span class='ocrx_word' id='word_1_192' title='bbox 2525 1150 2578 1193; x_wconf 91' lang='lat' dir='ltr'><strong>et</strong></span> <span class='ocrx_word' id='word_1_193' title='bbox 2604 1140 3182 1206; x_wconf 86' lang='lat' dir='ltr'><strong>incircumscriptioue</strong></span> <span class='ocrx_word' id='word_1_194' title='bbox 3234 1152 3461 1206; x_wconf 81' lang='lat' dir='ltr'><strong>prorsus</strong></span> 
     </span>
    </p>
   </div>
   <div class='ocr_carea' id='block_1_28' title="bbox 1893 1229 3467 1299">
    <p class='ocr_par' dir='ltr' id='par_1_28' title="bbox 1893 1229 3467 1299">
     <span class='ocr_line' id='line_1_28' title="bbox 1893 1229 3467 1299; baseline -0.003 -13"><span class='ocrx_word' id='word_1_195' title='bbox 1893 1233 2120 1287; x_wconf 67' lang='lat' dir='ltr'><strong>illaasum</strong></span> <span class='ocrx_word' id='word_1_196' title='bbox 2145 1232 2538 1287; x_wconf 86' lang='lat' dir='ltr'><strong>ac&#39;uullatenus</strong></span> <span class='ocrx_word' id='word_1_197' title='bbox 2559 1231 2929 1284; x_wconf 87' lang='lat' dir='ltr'><strong>imminutum.</strong></span> <span class='ocrx_word' id='word_1_198' title='bbox 2958 1229 3142 1298; x_wconf 81' lang='lat' dir='ltr'><strong>Neque</strong></span> <span class='ocrx_word' id='word_1_199' title='bbox 3175 1231 3320 1283; x_wconf 83' lang='lat' dir='ltr'><strong>enim</strong></span> <span class='ocrx_word' id='word_1_200' title='bbox 3343 1244 3467 1299; x_wconf 69' lang='lat' dir='ltr'><strong>quae</strong></span> 
     </span>
    </p>
   </div>
   <div class='ocr_carea' id='block_1_29' title="bbox 1890 1321 3462 1391">
    <p class='ocr_par' dir='ltr' id='par_1_29' title="bbox 1890 1321 3462 1391">
     <span class='ocr_line' id='line_1_29' title="bbox 1890 1321 3462 1391; baseline -0.004 -15"><span class='ocrx_word' id='word_1_201' title='bbox 1890 1323 1990 1376; x_wconf 85' lang='lat' dir='ltr'><strong>sibi</strong></span> <span class='ocrx_word' id='word_1_202' title='bbox 2024 1322 2237 1391; x_wconf 66' lang='lat' dir='ltr'><strong>proliria</strong></span> <span class='ocrx_word' id='word_1_203' title='bbox 2269 1322 2471 1391; x_wconf 85' lang='lat' dir='ltr'><strong>patitur</strong></span> <span class='ocrx_word' id='word_1_204' title='bbox 2492 1335 2708 1390; x_wconf 90' lang='lat' dir='ltr'><strong>corpus,</strong></span> <span class='ocrx_word' id='word_1_205' title='bbox 2735 1321 2922 1374; x_wconf 88' lang='lat' dir='ltr'><strong>eadem</strong></span> <span class='ocrx_word' id='word_1_206' title='bbox 2948 1335 3185 1387; x_wconf 87' lang='lat' dir='ltr'><strong>unquam</strong></span> <span class='ocrx_word' id='word_1_207' title='bbox 3236 1335 3462 1386; x_wconf 84' lang='lat' dir='ltr'><strong>compa-</strong></span> 
     </span>
    </p>
   </div>
   <div class='ocr_carea' id='block_1_30' title="bbox 1892 1412 3467 1483">
    <p class='ocr_par' dir='ltr' id='par_1_30' title="bbox 1892 1412 3467 1483">
     <span class='ocr_line' id='line_1_30' title="bbox 1892 1412 3467 1483; baseline 0 -18"><span class='ocrx_word' id='word_1_208' title='bbox 1892 1412 2026 1467; x_wconf 72' lang='lat' dir='ltr'><strong>titiir</strong></span> <span class='ocrx_word' id='word_1_209' title='bbox 2047 1417 2098 1467; x_wconf 89' lang='lat' dir='ltr'><strong>in</strong></span> <span class='ocrx_word' id='word_1_210' title='bbox 2131 1415 2345 1483; x_wconf 87' lang='lat' dir='ltr'><strong>propria</strong></span> <span class='ocrx_word' id='word_1_211' title='bbox 2377 1414 2679 1468; x_wconf 83' lang='lat' dir='ltr'><strong>substantia</strong></span> <span class='ocrx_word' id='word_1_212' title='bbox 2719 1413 2974 1479; x_wconf 87' lang='lat' dir='ltr'><strong>Verbum,</strong></span> <span class='ocrx_word' id='word_1_213' title='bbox 2999 1412 3140 1482; x_wconf 91' lang='lat' dir='ltr'><strong>quod</strong></span> <span class='ocrx_word' id='word_1_214' title='bbox 3172 1428 3236 1466; x_wconf 79' lang='lat' dir='ltr'><strong>ex</strong></span> <span class='ocrx_word' id='word_1_215' title='bbox 3271 1413 3467 1480; x_wconf 62' lang='lat' dir='ltr'><strong>impaso</strong></span> 
     </span>
    </p>
   </div>
   <div class='ocr_carea' id='block_1_31' title="bbox 1891 1503 3465 1573">
    <p class='ocr_par' dir='ltr' id='par_1_31' title="bbox 1891 1503 3465 1573">
     <span class='ocr_line' id='line_1_31' title="bbox 1891 1503 3465 1573; baseline -0.001 -14"><span class='ocrx_word' id='word_1_216' title='bbox 1891 1506 2033 1559; x_wconf 88' lang='lat' dir='ltr'><strong>sibili</strong></span> <span class='ocrx_word' id='word_1_217' title='bbox 2088 1516 2144 1560; x_wconf 83' lang='lat' dir='ltr'><strong>et</strong></span> <span class='ocrx_word' id='word_1_218' title='bbox 2179 1505 2498 1560; x_wconf 89' lang='lat' dir='ltr'><strong>immutabili</strong></span> <span class='ocrx_word' id='word_1_219' title='bbox 2556 1507 2607 1560; x_wconf 90' lang='lat' dir='ltr'><strong>in</strong></span> <span class='ocrx_word' id='word_1_220' title='bbox 2664 1505 2923 1573; x_wconf 84' lang='lat' dir='ltr'><strong>passibile</strong></span> <span class='ocrx_word' id='word_1_221' title='bbox 2984 1514 3149 1573; x_wconf 86' lang='lat' dir='ltr'><strong>atque</strong></span> <span class='ocrx_word' id='word_1_222' title='bbox 3208 1503 3465 1558; x_wconf 79' lang='lat' dir='ltr'><strong>mutabile</strong></span> 
     </span>
    </p>
   </div>
   <div class='ocr_carea' id='block_1_32' title="bbox 1891 1593 3466 1665">
    <p class='ocr_par' dir='ltr' id='par_1_32' title="bbox 1891 1593 3466 1665">
     <span class='ocr_line' id='line_1_32' title="bbox 1891 1593 3466 1665; baseline -0.002 -16"><span class='ocrx_word' id='word_1_223' title='bbox 1891 1596 2131 1650; x_wconf 84' lang='lat' dir='ltr'><strong>converti</strong></span> <span class='ocrx_word' id='word_1_224' title='bbox 2160 1601 2430 1665; x_wconf 76' lang='lat' dir='ltr'><strong>nunquam</strong></span> <span class='ocrx_word' id='word_1_225' title='bbox 2466 1605 2662 1664; x_wconf 82' lang='lat' dir='ltr'><strong>potest.</strong></span> <span class='ocrx_word' id='word_1_226' title='bbox 2699 1594 2812 1647; x_wconf 83' lang='lat' dir='ltr'><strong>Non</strong></span> <span class='ocrx_word' id='word_1_227' title='bbox 2848 1608 3000 1663; x_wconf 88' lang='lat' dir='ltr'><strong>ergo,</strong></span> <span class='ocrx_word' id='word_1_228' title='bbox 3025 1593 3235 1647; x_wconf 88' lang='lat' dir='ltr'><strong>etiamsi</strong></span> <span class='ocrx_word' id='word_1_229' title='bbox 3264 1606 3466 1659; x_wconf 88' lang='lat' dir='ltr'><strong>corpus</strong></span> 
     </span>
    </p>
   </div>
   <div class='ocr_carea' id='block_1_33' title="bbox 1889 1684 3463 1756">
    <p class='ocr_par' dir='ltr' id='par_1_33' title="bbox 1889 1684 3463 1756">
     <span class='ocr_line' id='line_1_33' title="bbox 1889 1684 3463 1756; baseline -0.003 -14"><span class='ocrx_word' id='word_1_230' title='bbox 1889 1687 2006 1756; x_wconf 83' lang='lat' dir='ltr'><strong>ejus</strong></span> <span class='ocrx_word' id='word_1_231' title='bbox 2036 1687 2108 1741; x_wconf 88' lang='lat' dir='ltr'><strong>sit</strong></span> <span class='ocrx_word' id='word_1_232' title='bbox 2139 1686 2633 1756; x_wconf 85' lang='lat' dir='ltr'><strong>circumscriptum,</strong></span> <span class='ocrx_word' id='word_1_233' title='bbox 2672 1686 2911 1740; x_wconf 83' lang='lat' dir='ltr'><strong>Verbum</strong></span> <span class='ocrx_word' id='word_1_234' title='bbox 2957 1684 3463 1740; x_wconf 85' lang='lat' dir='ltr'><strong>circumscribetur.</strong></span> 
     </span>
    </p>
   </div>
   <div class='ocr_carea' id='block_1_34' title="bbox 3471 680 3480 709">
    <p class='ocr_par' dir='ltr' id='par_1_34' title="bbox 3471 680 3480 709">
     <span class='ocr_line' id='line_1_34' title="bbox 3471 680 3480 709; baseline 0 0"><span class='ocrx_word' id='word_1_235' title='bbox 3471 680 3480 709; x_wconf 86' lang='lat' dir='ltr'><strong>l</strong></span> 
     </span>
    </p>
   </div>
   <div class='ocr_carea' id='block_1_35' title="bbox 205 1769 1796 1863">
    <p class='ocr_par' dir='ltr' id='par_1_35' title="bbox 205 1774 1785 1863">
     <span class='ocr_line' id='line_1_35' title="bbox 205 1774 1785 1863; baseline 0.005 -37"><span class='ocrx_word' id='word_1_236' title='bbox 205 1774 789 1846; x_wconf 70' lang='grc' dir='ltr'>συμπεριγράφεσθαι.</span> <span class='ocrx_word' id='word_1_237' title='bbox 837 1776 929 1848; x_wconf 81' lang='grc' dir='ltr'><strong>Τῷ</strong></span> <span class='ocrx_word' id='word_1_238' title='bbox 978 1778 1035 1830; x_wconf 82' lang='grc' dir='ltr'><strong>δὲ</strong></span> <span class='ocrx_word' id='word_1_239' title='bbox 1089 1778 1150 1830; x_wconf 77' lang='grc' dir='ltr'><strong>οὐ</strong></span> <span class='ocrx_word' id='word_1_240' title='bbox 1188 1784 1318 1849; x_wconf 68' lang='grc' dir='ltr'>περὶ</span> <span class='ocrx_word' id='word_1_241' title='bbox 1374 1779 1579 1835; x_wconf 81' lang='grc' dir='ltr'>τούτων</span> <span class='ocrx_word' id='word_1_242' title='bbox 1613 1798 1785 1863; x_wconf 41' lang='lat'><strong>.7199-</strong></span> 
     </span>
    </p>
   </div>
   <div class='ocr_carea' id='block_1_36' title="bbox 1901 1769 3477 1863">
    <p class='ocr_par' dir='ltr' id='par_1_36' title="bbox 1901 1775 3477 1846">
     <span class='ocr_line' id='line_1_36' title="bbox 1901 1775 3477 1846; baseline 0.001 -18"><span class='ocrx_word' id='word_1_243' title='bbox 1901 1777 2195 1831; x_wconf 60' lang='lat' dir='ltr'><strong>tbsurdum</strong></span> <span class='ocrx_word' id='word_1_244' title='bbox 2238 1777 2441 1845; x_wconf 84' lang='lat' dir='ltr'><strong>itaque,</strong></span> <span class='ocrx_word' id='word_1_245' title='bbox 2502 1779 2753 1832; x_wconf 82' lang='lat' dir='ltr'><strong>insanum</strong></span> <span class='ocrx_word' id='word_1_246' title='bbox 2794 1787 2960 1846; x_wconf 89' lang='lat' dir='ltr'><strong>atque</strong></span> <span class='ocrx_word' id='word_1_247' title='bbox 2999 1777 3222 1845; x_wconf 90' lang='lat' dir='ltr'><strong>impium</strong></span> <span class='ocrx_word' id='word_1_248' title='bbox 3273 1784 3358 1830; x_wconf 85' lang='lat' dir='ltr'><strong>est</strong></span> <span class='ocrx_word' id='word_1_249' title='bbox 3388 1775 3477 1829; x_wconf 89' lang='lat' dir='ltr'><strong>di-</strong></span> 
     </span>
    </p>
   </div>
   <div class='ocr_carea' id='block_1_37' title="bbox 198 1867 1788 1942">
    <p class='ocr_par' dir='ltr' id='par_1_37' title="bbox 198 1867 1788 1942">
     <span class='ocr_line' id='line_1_37' title="bbox 198 1867 1788 1942; baseline 0.004 -24"><span class='ocrx_word' id='word_1_250' title='bbox 198 1867 533 1936; x_wconf 77' lang='grc' dir='ltr'>ηγουμένως</span> <span class='ocrx_word' id='word_1_251' title='bbox 590 1870 619 1921; x_wconf 90' lang='grc' dir='ltr'><strong>ὀ</strong></span> <span class='ocrx_word' id='word_1_252' title='bbox 696 1869 889 1936; x_wconf 89' lang='grc' dir='ltr'>λόγος,</span> <span class='ocrx_word' id='word_1_253' title='bbox 952 1869 1069 1921; x_wconf 88' lang='grc' dir='ltr'>ἀλλ’</span> <span class='ocrx_word' id='word_1_254' title='bbox 1129 1871 1475 1941; x_wconf 77' lang='grc' dir='ltr'>ἐπινενόηται</span> <span class='ocrx_word' id='word_1_255' title='bbox 1525 1871 1674 1942; x_wconf 73' lang='grc' dir='ltr'><strong>αὐτῷ</strong></span> <span class='ocrx_word' id='word_1_256' title='bbox 1726 1872 1788 1924; x_wconf 74' lang='grc' dir='ltr'>τὸ</span> 
     </span>
    </p>
   </div>
   <div class='ocr_carea' id='block_1_38' title="bbox 204 1955 1787 2034">
    <p class='ocr_par' dir='ltr' id='par_1_38' title="bbox 204 1955 1787 2034">
     <span class='ocr_line' id='line_1_38' title="bbox 204 1955 1787 2034; baseline 0.004 -26"><span class='ocrx_word' id='word_1_257' title='bbox 204 1956 645 2028; x_wconf 81' lang='grc' dir='ltr'>ἀπερίγραπτον,</span> <span class='ocrx_word' id='word_1_258' title='bbox 697 1955 811 2011; x_wconf 76' lang='grc' dir='ltr'>οἷον</span> <span class='ocrx_word' id='word_1_259' title='bbox 842 1960 1076 2029; x_wconf 73' lang='grc' dir='ltr'>ὄργανόν</span> <span class='ocrx_word' id='word_1_260' title='bbox 1120 1978 1174 2014; x_wconf 87' lang='grc' dir='ltr'><strong>τι</strong></span> <span class='ocrx_word' id='word_1_261' title='bbox 1227 1963 1529 2033; x_wconf 75' lang='grc' dir='ltr'>ἐπιτήδειον</span> <span class='ocrx_word' id='word_1_262' title='bbox 1576 1965 1787 2034; x_wconf 83' lang='grc' dir='ltr'>ὑπηρε-</span> 
     </span>
    </p>
   </div>
   <div class='ocr_carea' id='block_1_39' title="bbox 202 2044 1786 2123">
    <p class='ocr_par' dir='ltr' id='par_1_39' title="bbox 202 2044 1786 2123">
     <span class='ocr_line' id='line_1_39' title="bbox 202 2044 1786 2123; baseline 0.005 -25"><span class='ocrx_word' id='word_1_263' title='bbox 202 2047 326 2101; x_wconf 79' lang='grc' dir='ltr'>τοῦν</span> <span class='ocrx_word' id='word_1_264' title='bbox 381 2047 466 2118; x_wconf 84' lang='grc' dir='ltr'>τῷ</span> <span class='ocrx_word' id='word_1_265' title='bbox 512 2049 769 2103; x_wconf 77' lang='grc' dir='ltr'>δυσσεόεἰ</span> <span class='ocrx_word' id='word_1_266' title='bbox 816 2050 1085 2120; x_wconf 72' lang='grc' dir='ltr'><strong>θελήματι</strong></span> <span class='ocrx_word' id='word_1_267' title='bbox 1116 2068 1130 2081; x_wconf 88' lang='grc'><strong>·</strong></span> <span class='ocrx_word' id='word_1_268' title='bbox 1182 2044 1228 2119; x_wconf 81' lang='grc' dir='ltr'>ᾧ</span> <span class='ocrx_word' id='word_1_269' title='bbox 1275 2054 1786 2123; x_wconf 81' lang='grc' dir='ltr'>προσχρησάμενος,</span> 
     </span>
    </p>
   </div>
   <div class='ocr_carea' id='block_1_40' title="bbox 205 2138 1789 2217">
    <p class='ocr_par' dir='ltr' id='par_1_40' title="bbox 205 2138 1789 2217">
     <span class='ocr_line' id='line_1_40' title="bbox 205 2138 1789 2217; baseline 0.004 -26"><span class='ocrx_word' id='word_1_270' title='bbox 205 2138 553 2210; x_wconf 80' lang='grc' dir='ltr'>χρησιμεῦον</span> <span class='ocrx_word' id='word_1_271' title='bbox 615 2141 754 2212; x_wconf 89' lang='grc' dir='ltr'>πρὸς</span> <span class='ocrx_word' id='word_1_272' title='bbox 811 2140 1139 2213; x_wconf 76' lang='grc' dir='ltr'><strong>καθαίρεσιν</strong></span> <span class='ocrx_word' id='word_1_273' title='bbox 1199 2142 1301 2213; x_wconf 81' lang='grc' dir='ltr'>τῆς</span> <span class='ocrx_word' id='word_1_274' title='bbox 1361 2142 1458 2196; x_wconf 83' lang='grc' dir='ltr'>τοῦ</span> <span class='ocrx_word' id='word_1_275' title='bbox 1535 2143 1789 2217; x_wconf 80' lang='grc' dir='ltr'>Σωτῆρος</span> 
     </span>
    </p>
   </div>
   <div class='ocr_carea' id='block_1_41' title="bbox 207 2226 917 2304">
    <p class='ocr_par' dir='ltr' id='par_1_41' title="bbox 207 2226 917 2304">
     <span class='ocr_line' id='line_1_41' title="bbox 207 2226 917 2304; baseline 0.003 -19"><span class='ocrx_word' id='word_1_276' title='bbox 207 2232 360 2302; x_wconf 69' lang='grc' dir='ltr'><strong>ἡμῶν</strong></span> <span class='ocrx_word' id='word_1_277' title='bbox 383 2226 553 2304; x_wconf 75' lang='grc' dir='ltr'>εὗρεν</span> <span class='ocrx_word' id='word_1_278' title='bbox 581 2234 917 2303; x_wconf 71' lang='grc' dir='ltr'>οἰκονομίας.</span> 
     </span>
    </p>
   </div>
   <div class='ocr_carea' id='block_1_42' title="bbox 280 2414 1795 2490">
    <p class='ocr_par' dir='ltr' id='par_1_42' title="bbox 280 2414 1795 2490">
     <span class='ocr_line' id='line_1_42' title="bbox 280 2414 1795 2490; baseline 0.004 -23"><span class='ocrx_word' id='word_1_279' title='bbox 280 2414 382 2484; x_wconf 83' lang='grc' dir='ltr'><strong>λγ’.</strong></span> <span class='ocrx_word' id='word_1_280' title='bbox 414 2416 717 2486; x_wconf 79' lang='grc' dir='ltr'><strong>Θαυμάσαι</strong></span> <span class='ocrx_word' id='word_1_281' title='bbox 741 2416 786 2470; x_wconf 83' lang='grc' dir='ltr'>δ’</span> <span class='ocrx_word' id='word_1_282' title='bbox 822 2416 888 2470; x_wconf 73' lang='grc' dir='ltr'>ἄν</span> <span class='ocrx_word' id='word_1_283' title='bbox 928 2434 1014 2481; x_wconf 90' lang='grc' dir='ltr'><strong>τις</strong></span> <span class='ocrx_word' id='word_1_284' title='bbox 1041 2418 1210 2472; x_wconf 83' lang='grc' dir='ltr'>αὐτοῦ</span> <span class='ocrx_word' id='word_1_285' title='bbox 1252 2418 1353 2487; x_wconf 84' lang='grc' dir='ltr'>τῆς</span> <span class='ocrx_word' id='word_1_286' title='bbox 1387 2419 1580 2486; x_wconf 78' lang='grc' dir='ltr'>σοφίας</span> <span class='ocrx_word' id='word_1_287' title='bbox 1598 2417 1662 2472; x_wconf 79' lang='grc' dir='ltr'><strong>τὸ</strong></span> <span class='ocrx_word' id='word_1_288' title='bbox 1694 2435 1795 2490; x_wconf 83' lang='grc' dir='ltr'><strong>με·</strong></span> 
     </span>
    </p>
   </div>
   <div class='ocr_carea' id='block_1_43' title="bbox 212 2504 1794 2579">
    <p class='ocr_par' dir='ltr' id='par_1_43' title="bbox 212 2504 1794 2579">
     <span class='ocr_line' id='line_1_43' title="bbox 212 2504 1794 2579; baseline 0.003 -22"><span class='ocrx_word' id='word_1_289' title='bbox 212 2506 509 2575; x_wconf 79' lang='grc' dir='ltr'>γαλοφυὲς,</span> <span class='ocrx_word' id='word_1_290' title='bbox 540 2505 658 2571; x_wconf 82' lang='grc' dir='ltr'><strong>πῶς</strong></span> <span class='ocrx_word' id='word_1_291' title='bbox 687 2509 866 2561; x_wconf 72' lang='grc' dir='ltr'>ἐκεῖνο</span> <span class='ocrx_word' id='word_1_292' title='bbox 919 2508 1158 2562; x_wconf 80' lang='grc' dir='ltr'>πέπονθε</span> <span class='ocrx_word' id='word_1_293' title='bbox 1203 2504 1407 2574; x_wconf 80' lang='grc' dir='ltr'>λαθὼν,</span> <span class='ocrx_word' id='word_1_294' title='bbox 1446 2507 1611 2579; x_wconf 81' lang='grc' dir='ltr'>ἡνίκα</span> <span class='ocrx_word' id='word_1_295' title='bbox 1643 2505 1794 2578; x_wconf 81' lang='grc' dir='ltr'><strong>αὐτῷ</strong></span> 
     </span>
    </p>
   </div>
   <div class='ocr_carea' id='block_1_44' title="bbox 211 2597 1794 2671">
    <p class='ocr_par' dir='ltr' id='par_1_44' title="bbox 211 2597 1794 2671">
     <span class='ocr_line' id='line_1_44' title="bbox 211 2597 1794 2671; baseline 0.001 -21"><span class='ocrx_word' id='word_1_296' title='bbox 211 2597 427 2661; x_wconf 74' lang='grc' dir='ltr'>λεπτῶς</span> <span class='ocrx_word' id='word_1_297' title='bbox 472 2598 572 2652; x_wconf 80' lang='grc' dir='ltr'>καὶ</span> <span class='ocrx_word' id='word_1_298' title='bbox 616 2597 1004 2668; x_wconf 79' lang='grc' dir='ltr'>ἀπεξεσμένως</span> <span class='ocrx_word' id='word_1_299' title='bbox 1038 2599 1108 2652; x_wconf 82' lang='grc' dir='ltr'><strong>τὰ</strong></span> <span class='ocrx_word' id='word_1_300' title='bbox 1149 2598 1244 2652; x_wconf 81' lang='grc' dir='ltr'>τοῦ</span> <span class='ocrx_word' id='word_1_301' title='bbox 1289 2598 1448 2665; x_wconf 83' lang='grc' dir='ltr'><strong>λόγου</strong></span> <span class='ocrx_word' id='word_1_302' title='bbox 1499 2598 1794 2671; x_wconf 80' lang='grc' dir='ltr'>ἐξήτασται</span> 
     </span>
    </p>
   </div>
   <div class='ocr_carea' id='block_1_45' title="bbox 211 2688 1795 2760">
    <p class='ocr_par' dir='ltr' id='par_1_45' title="bbox 211 2688 1795 2760">
     <span class='ocr_line' id='line_1_45' title="bbox 211 2688 1795 2760; baseline -0.003 -17"><span class='ocrx_word' id='word_1_303' title='bbox 211 2689 307 2743; x_wconf 82' lang='grc' dir='ltr'>καὶ</span> <span class='ocrx_word' id='word_1_304' title='bbox 359 2689 761 2760; x_wconf 72' lang='grc' dir='ltr'>διηρεύνηταιο</span> <span class='ocrx_word' id='word_1_305' title='bbox 808 2689 887 2760; x_wconf 84' lang='grc' dir='ltr'>τῷ</span> <span class='ocrx_word' id='word_1_306' title='bbox 939 2690 1049 2758; x_wconf 75' lang='grc' dir='ltr'><strong>γὰρ</strong></span> <span class='ocrx_word' id='word_1_307' title='bbox 1097 2688 1497 2760; x_wconf 83' lang='grc' dir='ltr'>ἀπεριγράπτῳ</span> <span class='ocrx_word' id='word_1_308' title='bbox 1557 2689 1795 2759; x_wconf 88' lang='grc' dir='ltr'>τιμήσας</span> 
     </span>
    </p>
   </div>
   <div class='ocr_carea' id='block_1_46' title="bbox 210 2780 1798 2853">
    <p class='ocr_par' dir='ltr' id='par_1_46' title="bbox 210 2780 1798 2853">
     <span class='ocr_line' id='line_1_46' title="bbox 210 2780 1798 2853; baseline 0 -19"><span class='ocrx_word' id='word_1_309' title='bbox 210 2781 477 2850; x_wconf 70' lang='grc' dir='ltr'>Χριστὸν,</span> <span class='ocrx_word' id='word_1_310' title='bbox 505 2782 603 2834; x_wconf 83' lang='grc' dir='ltr'>καὶ</span> <span class='ocrx_word' id='word_1_311' title='bbox 630 2780 710 2851; x_wconf 84' lang='grc' dir='ltr'>τῷ</span> <span class='ocrx_word' id='word_1_312' title='bbox 740 2781 1078 2852; x_wconf 78' lang='grc' dir='ltr'>κεχωρίσθαι</span> <span class='ocrx_word' id='word_1_313' title='bbox 1106 2782 1206 2851; x_wconf 81' lang='grc' dir='ltr'>τῆς</span> <span class='ocrx_word' id='word_1_314' title='bbox 1227 2780 1430 2853; x_wconf 77' lang='grc' dir='ltr'>σαρκὸς</span> <span class='ocrx_word' id='word_1_315' title='bbox 1455 2783 1504 2834; x_wconf 84' lang='grc' dir='ltr'>εἰ</span> <span class='ocrx_word' id='word_1_316' title='bbox 1527 2781 1798 2852; x_wconf 83' lang='grc' dir='ltr'>περιγρά-</span> 
     </span>
    </p>
   </div>
   <div class='ocr_carea' id='block_1_47' title="bbox 186 2871 1797 2944">
    <p class='ocr_par' dir='ltr' id='par_1_47' title="bbox 186 2871 1797 2944">
     <span class='ocr_line' id='line_1_47' title="bbox 186 2871 1797 2944; baseline -0.002 -16"><span class='ocrx_word' id='word_1_317' title='bbox 186 2890 391 2940; x_wconf 78' lang='grc' dir='ltr'>.φοιτο,</span> <span class='ocrx_word' id='word_1_318' title='bbox 441 2874 536 2926; x_wconf 78' lang='grc' dir='ltr'><strong>τὸν</strong></span> <span class='ocrx_word' id='word_1_319' title='bbox 580 2874 712 2943; x_wconf 79' lang='grc' dir='ltr'>περὶ</span> <span class='ocrx_word' id='word_1_320' title='bbox 754 2875 856 2944; x_wconf 80' lang='grc' dir='ltr'>τῆς</span> <span class='ocrx_word' id='word_1_321' title='bbox 892 2874 1170 2941; x_wconf 89' lang='grc' dir='ltr'>παναγίας</span> <span class='ocrx_word' id='word_1_322' title='bbox 1206 2871 1374 2926; x_wconf 77' lang='grc' dir='ltr'>αὐτοῦ</span> <span class='ocrx_word' id='word_1_323' title='bbox 1424 2872 1601 2943; x_wconf 75' lang='grc' dir='ltr'>ψυχῆς</span> <span class='ocrx_word' id='word_1_324' title='bbox 1637 2871 1797 2939; x_wconf 87' lang='grc' dir='ltr'>λόγον</span> 
     </span>
    </p>
   </div>
   <div class='ocr_carea' id='block_1_48' title="bbox 211 2963 1798 3035">
    <p class='ocr_par' dir='ltr' id='par_1_48' title="bbox 211 2963 1798 3035">
     <span class='ocr_line' id='line_1_48' title="bbox 211 2963 1798 3035; baseline -0.001 -18"><span class='ocrx_word' id='word_1_325' title='bbox 211 2964 618 3035; x_wconf 80' lang='grc' dir='ltr'>ὑπερθέμενος,</span> <span class='ocrx_word' id='word_1_326' title='bbox 642 2963 947 3033; x_wconf 82' lang='grc' dir='ltr'>ἀγέραστον</span> <span class='ocrx_word' id='word_1_327' title='bbox 977 2963 1182 3034; x_wconf 86' lang='grc' dir='ltr'>ταύτην</span> <span class='ocrx_word' id='word_1_328' title='bbox 1207 2967 1263 3017; x_wconf 82' lang='grc' dir='ltr'>ἐν</span> <span class='ocrx_word' id='word_1_329' title='bbox 1292 2965 1406 3026; x_wconf 86' lang='grc' dir='ltr'>τοῖς</span> <span class='ocrx_word' id='word_1_330' title='bbox 1448 2963 1641 3016; x_wconf 77' lang='grc' dir='ltr'>ἑαυτοῦ</span> <span class='ocrx_word' id='word_1_331' title='bbox 1674 2963 1798 3031; x_wconf 80' lang='grc' dir='ltr'><strong>δόγ·</strong></span> 
     </span>
    </p>
   </div>
   <div class='ocr_carea' id='block_1_49' title="bbox 217 3051 1798 3127">
    <p class='ocr_par' dir='ltr' id='par_1_49' title="bbox 217 3051 1798 3127">
     <span class='ocr_line' id='line_1_49' title="bbox 217 3051 1798 3127; baseline 0 -19"><span class='ocrx_word' id='word_1_332' title='bbox 217 3072 357 3124; x_wconf 83' lang='grc' dir='ltr'>μασι</span> <span class='ocrx_word' id='word_1_333' title='bbox 430 3053 824 3110; x_wconf 79' lang='grc' dir='ltr'>καταλέλοιπε.</span> <span class='ocrx_word' id='word_1_334' title='bbox 855 3055 921 3108; x_wconf 89' lang='grc' dir='ltr'>Τί</span> <span class='ocrx_word' id='word_1_335' title='bbox 968 3051 1097 3121; x_wconf 74' lang='grc' dir='ltr'>οὗν;</span> <span class='ocrx_word' id='word_1_336' title='bbox 1147 3055 1354 3108; x_wconf 78' lang='grc' dir='ltr'>Ἐδόκει</span> <span class='ocrx_word' id='word_1_337' title='bbox 1400 3055 1653 3125; x_wconf 79' lang='grc' dir='ltr'>χωρίζειν</span> <span class='ocrx_word' id='word_1_338' title='bbox 1699 3055 1798 3127; x_wconf 82' lang='grc' dir='ltr'>τὴν</span> 
     </span>
    </p>
   </div>
   <div class='ocr_carea' id='block_1_50' title="bbox 211 3143 1793 3215">
    <p class='ocr_par' dir='ltr' id='par_1_50' title="bbox 211 3143 1793 3215">
     <span class='ocr_line' id='line_1_50' title="bbox 211 3143 1793 3215; baseline 0.001 -20"><span class='ocrx_word' id='word_1_339' title='bbox 211 3144 395 3214; x_wconf 64' lang='grc' dir='ltr'>ψυχὴν</span> <span class='ocrx_word' id='word_1_340' title='bbox 424 3143 518 3197; x_wconf 71' lang='grc' dir='ltr'><strong>τὸν</strong></span> <span class='ocrx_word' id='word_1_341' title='bbox 559 3144 977 3215; x_wconf 76' lang='grc' dir='ltr'>περιγράφοντα</span> <span class='ocrx_word' id='word_1_342' title='bbox 1011 3144 1247 3214; x_wconf 86' lang='grc' dir='ltr'>Χριστὸν</span> <span class='ocrx_word' id='word_1_343' title='bbox 1278 3147 1343 3198; x_wconf 82' lang='grc' dir='ltr'>ὲκ</span> <span class='ocrx_word' id='word_1_344' title='bbox 1393 3144 1488 3199; x_wconf 80' lang='grc' dir='ltr'><strong>τοῦ</strong></span> <span class='ocrx_word' id='word_1_345' title='bbox 1517 3144 1793 3215; x_wconf 82' lang='grc' dir='ltr'>σώματος,</span> 
     </span>
    </p>
   </div>
   <div class='ocr_carea' id='block_1_51' title="bbox 214 3230 1796 3306">
    <p class='ocr_par' dir='ltr' id='par_1_51' title="bbox 214 3230 1796 3306">
     <span class='ocr_line' id='line_1_51' title="bbox 214 3230 1796 3306; baseline 0.001 -20"><span class='ocrx_word' id='word_1_346' title='bbox 214 3235 307 3287; x_wconf 81' lang='grc' dir='ltr'>ἵνα</span> <span class='ocrx_word' id='word_1_347' title='bbox 336 3235 476 3303; x_wconf 84' lang='grc' dir='ltr'>μετὰ</span> <span class='ocrx_word' id='word_1_348' title='bbox 505 3233 601 3287; x_wconf 82' lang='grc' dir='ltr'>τοῦ</span> <span class='ocrx_word' id='word_1_349' title='bbox 652 3235 834 3303; x_wconf 81' lang='grc' dir='ltr'>λόγου,</span> <span class='ocrx_word' id='word_1_350' title='bbox 867 3235 961 3289; x_wconf 76' lang='grc' dir='ltr'><strong>καὶ</strong></span> <span class='ocrx_word' id='word_1_351' title='bbox 989 3234 1088 3306; x_wconf 79' lang='grc' dir='ltr'>τὴν</span> <span class='ocrx_word' id='word_1_352' title='bbox 1132 3233 1309 3303; x_wconf 76' lang='grc' dir='ltr'>ψυχὴν</span> <span class='ocrx_word' id='word_1_353' title='bbox 1347 3230 1796 3306; x_wconf 84' lang='grc' dir='ltr'>προσαφῃρηκὼς</span> 
     </span>
    </p>
   </div>
   <div class='ocr_carea' id='block_1_52' title="bbox 216 3323 1795 3395">
    <p class='ocr_par' dir='ltr' id='par_1_52' title="bbox 216 3323 1795 3395">
     <span class='ocr_line' id='line_1_52' title="bbox 216 3323 1795 3395; baseline -0.001 -18"><span class='ocrx_word' id='word_1_354' title='bbox 216 3326 305 3395; x_wconf 76' lang='grc' dir='ltr'><strong>εἴη</strong></span> <span class='ocrx_word' id='word_1_355' title='bbox 336 3342 354 3356; x_wconf 88' lang='grc'><strong>·</strong></span> <span class='ocrx_word' id='word_1_356' title='bbox 391 3325 558 3379; x_wconf 80' lang='grc' dir='ltr'>ὁπότε</span> <span class='ocrx_word' id='word_1_357' title='bbox 606 3324 956 3395; x_wconf 76' lang='grc' dir='ltr'>γραφομένου</span> <span class='ocrx_word' id='word_1_358' title='bbox 1006 3324 1101 3377; x_wconf 81' lang='grc' dir='ltr'>τοῦ</span> <span class='ocrx_word' id='word_1_359' title='bbox 1158 3323 1406 3394; x_wconf 83' lang='grc' dir='ltr'>σώματος</span> <span class='ocrx_word' id='word_1_360' title='bbox 1464 3325 1795 3393; x_wconf 81' lang='grc' dir='ltr'>ἀφίστασθαι</span> 
     </span>
    </p>
   </div>
   <div class='ocr_carea' id='block_1_53' title="bbox 217 3415 1797 3487">
    <p class='ocr_par' dir='ltr' id='par_1_53' title="bbox 217 3415 1797 3487">
     <span class='ocr_line' id='line_1_53' title="bbox 217 3415 1797 3487; baseline -0.002 -17"><span class='ocrx_word' id='word_1_361' title='bbox 217 3416 434 3483; x_wconf 57' lang='lat' dir='ltr'><strong>lusus,</strong></span> <span class='ocrx_word' id='word_1_362' title='bbox 474 3416 727 3486; x_wconf 78' lang='grc' dir='ltr'>καθάπερ</span> <span class='ocrx_word' id='word_1_363' title='bbox 757 3416 953 3487; x_wconf 79' lang='grc' dir='ltr'>ἀμέλει</span> <span class='ocrx_word' id='word_1_364' title='bbox 972 3416 1066 3469; x_wconf 75' lang='grc' dir='ltr'>καὶ</span> <span class='ocrx_word' id='word_1_365' title='bbox 1091 3417 1120 3468; x_wconf 87' lang='grc' dir='ltr'><strong>ό</strong></span> <span class='ocrx_word' id='word_1_366' title='bbox 1147 3415 1288 3477; x_wconf 72' lang='grc' dir='ltr'>θεῖος</span> <span class='ocrx_word' id='word_1_367' title='bbox 1318 3416 1520 3483; x_wconf 84' lang='grc' dir='ltr'>Λόγος’</span> <span class='ocrx_word' id='word_1_368' title='bbox 1561 3416 1797 3487; x_wconf 71' lang='grc' dir='ltr'>ἐπείπερ</span> 
     </span>
    </p>
   </div>
   <div class='ocr_carea' id='block_1_54' title="bbox 216 3508 1797 3581">
    <p class='ocr_par' dir='ltr' id='par_1_54' title="bbox 216 3508 1797 3581">
     <span class='ocr_line' id='line_1_54' title="bbox 216 3508 1797 3581; baseline 0 -18"><span class='ocrx_word' id='word_1_369' title='bbox 216 3510 342 3563; x_wconf 74' lang='grc' dir='ltr'>οὐδὲ</span> <span class='ocrx_word' id='word_1_370' title='bbox 381 3509 522 3581; x_wconf 83' lang='grc' dir='ltr'>αὐτὴ</span> <span class='ocrx_word' id='word_1_371' title='bbox 568 3509 735 3578; x_wconf 82' lang='grc' dir='ltr'>φύσιν</span> <span class='ocrx_word' id='word_1_372' title='bbox 781 3510 896 3580; x_wconf 71' lang='grc' dir='ltr'>ἔχει</span> <span class='ocrx_word' id='word_1_373' title='bbox 947 3509 1042 3562; x_wconf 79' lang='grc' dir='ltr'><strong>τοῦ</strong></span> <span class='ocrx_word' id='word_1_374' title='bbox 1073 3508 1405 3578; x_wconf 74' lang='grc' dir='ltr'>γράφεσθαι.</span> <span class='ocrx_word' id='word_1_375' title='bbox 1464 3508 1635 3562; x_wconf 85' lang='grc' dir='ltr'>Πάλιν</span> <span class='ocrx_word' id='word_1_376' title='bbox 1687 3509 1797 3580; x_wconf 83' lang='grc' dir='ltr'><strong>γάρ</strong></span> 
     </span>
    </p>
   </div>
   <div class='ocr_carea' id='block_1_55' title="bbox 218 3599 1795 3670">
    <p class='ocr_par' dir='ltr' id='par_1_55' title="bbox 218 3599 1795 3670">
     <span class='ocr_line' id='line_1_55' title="bbox 218 3599 1795 3670; baseline -0.001 -17"><span class='ocrx_word' id='word_1_377' title='bbox 218 3600 641 3670; x_wconf 54' lang='grc' dir='ltr'>φιλοπευστοὼι</span> <span class='ocrx_word' id='word_1_378' title='bbox 699 3603 792 3654; x_wconf 83' lang='grc' dir='ltr'>καὶ</span> <span class='ocrx_word' id='word_1_379' title='bbox 849 3601 970 3653; x_wconf 88' lang='grc' dir='ltr'>λίαν</span> <span class='ocrx_word' id='word_1_380' title='bbox 1034 3599 1333 3669; x_wconf 81' lang='grc' dir='ltr'>ἀποροῦσιν</span> <span class='ocrx_word' id='word_1_381' title='bbox 1390 3602 1546 3669; x_wconf 81' lang='grc' dir='ltr'>ἡμῖν,</span> <span class='ocrx_word' id='word_1_382' title='bbox 1590 3600 1640 3651; x_wconf 87' lang='grc' dir='ltr'>οἱ</span> <span class='ocrx_word' id='word_1_383' title='bbox 1701 3601 1795 3651; x_wconf 75' lang='grc' dir='ltr'><strong>τοῦ</strong></span> 
     </span>
    </p>
   </div>
   <div class='ocr_carea' id='block_1_56' title="bbox 220 3694 1798 3765">
    <p class='ocr_par' dir='ltr' id='par_1_56' title="bbox 220 3694 1798 3765">
     <span class='ocr_line' id='line_1_56' title="bbox 220 3694 1798 3765; baseline -0.001 -18"><span class='ocrx_word' id='word_1_384' title='bbox 220 3694 391 3765; x_wconf 75' lang='grc' dir='ltr'>σοφσῦ</span> <span class='ocrx_word' id='word_1_385' title='bbox 416 3695 564 3762; x_wconf 80' lang='grc' dir='ltr'><strong>λόγοι</strong></span> <span class='ocrx_word' id='word_1_386' title='bbox 587 3695 683 3749; x_wconf 71' lang='grc' dir='ltr'><strong>καὶ</strong></span> <span class='ocrx_word' id='word_1_387' title='bbox 703 3696 754 3748; x_wconf 89' lang='grc' dir='ltr'>οἱ</span> <span class='ocrx_word' id='word_1_388' title='bbox 776 3694 989 3749; x_wconf 77' lang='grc' dir='ltr'>ἐκεῖθεν</span> <span class='ocrx_word' id='word_1_389' title='bbox 1017 3694 1113 3747; x_wconf 83' lang='grc' dir='ltr'><strong>νῦν</strong></span> <span class='ocrx_word' id='word_1_390' title='bbox 1142 3694 1571 3764; x_wconf 75' lang='grc' dir='ltr'>σοφιστεύοντες,</span> <span class='ocrx_word' id='word_1_391' title='bbox 1598 3695 1629 3763; x_wconf 84' lang='grc' dir='ltr'>ἢ</span> <span class='ocrx_word' id='word_1_392' title='bbox 1661 3695 1798 3763; x_wconf 83' lang='grc' dir='ltr'>ἀλη-</span> 
     </span>
    </p>
   </div>
   <div class='ocr_carea' id='block_1_57' title="bbox 216 3785 1795 3857">
    <p class='ocr_par' dir='ltr' id='par_1_57' title="bbox 216 3785 1795 3857">
     <span class='ocr_line' id='line_1_57' title="bbox 216 3785 1795 3857; baseline 0 -18"><span class='ocrx_word' id='word_1_393' title='bbox 216 3787 479 3853; x_wconf 72' lang='grc' dir='ltr'>Θέστερον</span> <span class='ocrx_word' id='word_1_394' title='bbox 513 3788 688 3840; x_wconf 85' lang='grc' dir='ltr'>εἰπεῖν</span> <span class='ocrx_word' id='word_1_395' title='bbox 722 3788 1133 3857; x_wconf 81' lang='grc' dir='ltr'>ἀνοηταίνοντες</span> <span class='ocrx_word' id='word_1_396' title='bbox 1167 3787 1653 3857; x_wconf 80' lang='grc' dir='ltr'>διευκρινείτωσαν</span> <span class='ocrx_word' id='word_1_397' title='bbox 1690 3785 1795 3857; x_wconf 81' lang='grc' dir='ltr'>(ἐτι</span> 
     </span>
    </p>
   </div>
   <div class='ocr_carea' id='block_1_58' title="bbox 217 3876 1794 3950">
    <p class='ocr_par' dir='ltr' id='par_1_58' title="bbox 217 3876 1794 3950">
     <span class='ocr_line' id='line_1_58' title="bbox 217 3876 1794 3950; baseline -0.002 -18"><span class='ocrx_word' id='word_1_398' title='bbox 217 3881 335 3950; x_wconf 66' lang='grc' dir='ltr'><strong>γὰρ</strong></span> <span class='ocrx_word' id='word_1_399' title='bbox 372 3879 470 3931; x_wconf 74' lang='grc' dir='ltr'><strong>καὶ</strong></span> <span class='ocrx_word' id='word_1_400' title='bbox 500 3878 660 3932; x_wconf 86' lang='grc' dir='ltr'>τοῦτο</span> <span class='ocrx_word' id='word_1_401' title='bbox 698 3879 809 3933; x_wconf 82' lang='grc' dir='ltr'><strong>τῶν</strong></span> <span class='ocrx_word' id='word_1_402' title='bbox 870 3879 1087 3932; x_wconf 81' lang='grc' dir='ltr'>ἀτόπων</span> <span class='ocrx_word' id='word_1_403' title='bbox 1122 3878 1302 3941; x_wconf 83' lang='grc' dir='ltr'>αὐτοῖς</span> <span class='ocrx_word' id='word_1_404' title='bbox 1335 3876 1759 3947; x_wconf 80' lang='grc' dir='ltr'>ὑπολέλειπται)</span> <span class='ocrx_word' id='word_1_405' title='bbox 1781 3892 1794 3907; x_wconf 89' lang='grc'><strong>·</strong></span> 
     </span>
    </p>
   </div>
   <div class='ocr_carea' id='block_1_59' title="bbox 216 3967 1796 4042">
    <p class='ocr_par' dir='ltr' id='par_1_59' title="bbox 216 3967 1796 4042">
     <span class='ocr_line' id='line_1_59' title="bbox 216 3967 1796 4042; baseline 0.009 -18"><span class='ocrx_word' id='word_1_406' title='bbox 216 3971 469 4041; x_wconf 63' lang='grc' dir='ltr'><strong>εμψυχος</strong></span> <span class='ocrx_word' id='word_1_407' title='bbox 530 3967 641 4042; x_wconf 75' lang='grc' dir='ltr'>ἄρα</span> <span class='ocrx_word' id='word_1_408' title='bbox 693 3974 728 4040; x_wconf 81' lang='grc' dir='ltr'>ἠ</span> <span class='ocrx_word' id='word_1_409' title='bbox 778 3971 923 4026; x_wconf 79' lang='grc' dir='ltr'>κατὰ</span> <span class='ocrx_word' id='word_1_410' title='bbox 974 3973 1211 4041; x_wconf 55' lang='grc' dir='ltr'>Χριστὸν</span> <span class='ocrx_word' id='word_1_411' title='bbox 1246 3970 1564 4040; x_wconf 81' lang='grc' dir='ltr'>ανθρωπίνη</span> <span class='ocrx_word' id='word_1_412' title='bbox 1613 3970 1796 4040; x_wconf 64' lang='grc' dir='ltr'>μορςρὴ</span> 
     </span>
    </p>
   </div>
   <div class='ocr_carea' id='block_1_60' title="bbox 214 4061 1796 4133">
    <p class='ocr_par' dir='ltr' id='par_1_60' title="bbox 214 4061 1796 4133">
     <span class='ocr_line' id='line_1_60' title="bbox 214 4061 1796 4133; baseline -0.002 -18"><span class='ocrx_word' id='word_1_413' title='bbox 214 4063 739 4133; x_wconf 74' lang='grc' dir='ltr'>λτιρακτηριζομένη</span> <span class='ocrx_word' id='word_1_414' title='bbox 767 4062 861 4116; x_wconf 79' lang='grc' dir='ltr'>τοῦ</span> <span class='ocrx_word' id='word_1_415' title='bbox 897 4064 1327 4132; x_wconf 78' lang='grc' dir='ltr'>προσειληφότος</span> <span class='ocrx_word' id='word_1_416' title='bbox 1353 4061 1501 4113; x_wconf 81' lang='grc' dir='ltr'>Θείου</span> <span class='ocrx_word' id='word_1_417' title='bbox 1531 4062 1730 4127; x_wconf 77' lang='grc' dir='ltr'>Λόγου,</span> <span class='ocrx_word' id='word_1_418' title='bbox 1762 4062 1796 4129; x_wconf 80' lang='grc' dir='ltr'>ἢ</span> 
     </span>
    </p>
   </div>
   <div class='ocr_carea' id='block_1_61' title="bbox 215 4154 1795 4227">
    <p class='ocr_par' dir='ltr' id='par_1_61' title="bbox 215 4154 1795 4227">
     <span class='ocr_line' id='line_1_61' title="bbox 215 4154 1795 4227; baseline 0 -21"><span class='ocrx_word' id='word_1_419' title='bbox 215 4156 433 4223; x_wconf 66' lang='grc' dir='ltr'>ἄψυχος</span> <span class='ocrx_word' id='word_1_420' title='bbox 483 4156 946 4223; x_wconf 76' lang='grc' dir='ltr'>ἀπονοσφίζεται;</span> <span class='ocrx_word' id='word_1_421' title='bbox 1004 4154 1066 4207; x_wconf 78' lang='grc' dir='ltr'><strong>Εἰ</strong></span> <span class='ocrx_word' id='word_1_422' title='bbox 1103 4157 1198 4226; x_wconf 83' lang='grc' dir='ltr'>μὲν</span> <span class='ocrx_word' id='word_1_423' title='bbox 1247 4157 1355 4227; x_wconf 74' lang='grc' dir='ltr'>γὰρ</span> <span class='ocrx_word' id='word_1_424' title='bbox 1386 4157 1485 4208; x_wconf 83' lang='grc' dir='ltr'><strong>οὐκ</strong></span> <span class='ocrx_word' id='word_1_425' title='bbox 1529 4154 1795 4225; x_wconf 76' lang='grc' dir='ltr'>ἔμψυχος,</span> 
     </span>
    </p>
   </div>
   <div class='ocr_carea' id='block_1_62' title="bbox 218 4246 1800 4317">
    <p class='ocr_par' dir='ltr' id='par_1_62' title="bbox 218 4246 1800 4317">
     <span class='ocr_line' id='line_1_62' title="bbox 218 4246 1800 4317; baseline 0 -18"><span class='ocrx_word' id='word_1_426' title='bbox 218 4247 560 4317; x_wconf 78' lang='grc' dir='ltr'>νενέκρωται</span> <span class='ocrx_word' id='word_1_427' title='bbox 589 4247 752 4300; x_wconf 79' lang='grc' dir='ltr'>πάλιν</span> <span class='ocrx_word' id='word_1_428' title='bbox 782 4247 845 4300; x_wconf 81' lang='grc' dir='ltr'><strong>τὸ</strong></span> <span class='ocrx_word' id='word_1_429' title='bbox 864 4248 1005 4300; x_wconf 86' lang='grc' dir='ltr'><strong>κατά</strong></span> <span class='ocrx_word' id='word_1_430' title='bbox 1045 4248 1282 4317; x_wconf 72' lang='grc' dir='ltr'>Χριστὸν</span> <span class='ocrx_word' id='word_1_431' title='bbox 1314 4247 1674 4317; x_wconf 81' lang='grc' dir='ltr'>ἀνθρώπειον,</span> <span class='ocrx_word' id='word_1_432' title='bbox 1708 4246 1800 4299; x_wconf 81' lang='grc' dir='ltr'>καὶ</span> 
     </span>
    </p>
   </div>
   <div class='ocr_carea' id='block_1_63' title="bbox 220 4338 1800 4409">
    <p class='ocr_par' dir='ltr' id='par_1_63' title="bbox 220 4338 1800 4409">
     <span class='ocr_line' id='line_1_63' title="bbox 220 4338 1800 4409; baseline 0.001 -18"><span class='ocrx_word' id='word_1_433' title='bbox 220 4340 394 4393; x_wconf 68' lang='grc' dir='ltr'>πάλιν</span> <span class='ocrx_word' id='word_1_434' title='bbox 425 4341 485 4391; x_wconf 80' lang='grc' dir='ltr'>ὲν</span> <span class='ocrx_word' id='word_1_435' title='bbox 519 4341 736 4409; x_wconf 86' lang='grc' dir='ltr'>νεκροῖς</span> <span class='ocrx_word' id='word_1_436' title='bbox 767 4341 795 4392; x_wconf 85' lang='grc' dir='ltr'><strong>ό</strong></span> <span class='ocrx_word' id='word_1_437' title='bbox 841 4341 900 4391; x_wconf 79' lang='grc' dir='ltr'><strong>ὲν</strong></span> <span class='ocrx_word' id='word_1_438' title='bbox 939 4342 1154 4409; x_wconf 84' lang='grc' dir='ltr'>νεκροῖς</span> <span class='ocrx_word' id='word_1_439' title='bbox 1200 4338 1505 4409; x_wconf 76' lang='grc' dir='ltr'>ἐλεύθερος,</span> <span class='ocrx_word' id='word_1_440' title='bbox 1563 4340 1657 4391; x_wconf 78' lang='grc' dir='ltr'><strong>καὶ</strong></span> <span class='ocrx_word' id='word_1_441' title='bbox 1695 4338 1800 4392; x_wconf 88' lang='grc' dir='ltr'>πά-</span> 
     </span>
    </p>
   </div>
   <div class='ocr_carea' id='block_1_64' title="bbox 1888 1866 3463 1938">
    <p class='ocr_par' dir='ltr' id='par_1_64' title="bbox 1888 1866 3463 1938">
     <span class='ocr_line' id='line_1_64' title="bbox 1888 1866 3463 1938; baseline -0.002 -17"><span class='ocrx_word' id='word_1_442' title='bbox 1888 1882 2012 1921; x_wconf 89' lang='lat' dir='ltr'><strong>cere</strong></span> <span class='ocrx_word' id='word_1_443' title='bbox 2044 1868 2207 1922; x_wconf 83' lang='lat' dir='ltr'><strong>dividi</strong></span> <span class='ocrx_word' id='word_1_444' title='bbox 2234 1866 2537 1932; x_wconf 84' lang='lat' dir='ltr'><strong>Christum,</strong></span> <span class='ocrx_word' id='word_1_445' title='bbox 2563 1871 2691 1922; x_wconf 90' lang='lat' dir='ltr'><strong>dum</strong></span> <span class='ocrx_word' id='word_1_446' title='bbox 2740 1868 3021 1938; x_wconf 82' lang='lat' dir='ltr'><strong>ﬁguratur,</strong></span> <span class='ocrx_word' id='word_1_447' title='bbox 3052 1867 3324 1921; x_wconf 81' lang='lat' dir='ltr'><strong>autsimul</strong></span> <span class='ocrx_word' id='word_1_448' title='bbox 3353 1867 3463 1920; x_wconf 89' lang='lat' dir='ltr'><strong>cir-</strong></span> 
     </span>
    </p>
   </div>
   <div class='ocr_carea' id='block_1_65' title="bbox 1888 1957 3467 2015">
    <p class='ocr_par' dir='ltr' id='par_1_65' title="bbox 1888 1957 3467 2015">
     <span class='ocr_line' id='line_1_65' title="bbox 1888 1957 3467 2015; baseline -0.004 -1"><span class='ocrx_word' id='word_1_449' title='bbox 1888 1960 2208 2015; x_wconf 87' lang='lat' dir='ltr'><strong>cumscribi.</strong></span> <span class='ocrx_word' id='word_1_450' title='bbox 2262 1958 2650 2014; x_wconf 81' lang='lat' dir='ltr'><strong>Verumtamen</strong></span> <span class='ocrx_word' id='word_1_451' title='bbox 2718 1958 2981 2013; x_wconf 68' lang='lat' dir='ltr'><strong>Mamonm</strong></span> <span class='ocrx_word' id='word_1_452' title='bbox 3036 1959 3175 2012; x_wconf 89' lang='lat' dir='ltr'><strong>haud</strong></span> <span class='ocrx_word' id='word_1_453' title='bbox 3241 1957 3330 2011; x_wconf 90' lang='lat' dir='ltr'><strong>hic</strong></span> <span class='ocrx_word' id='word_1_454' title='bbox 3381 1966 3467 2011; x_wconf 88' lang='lat' dir='ltr'><strong>est.</strong></span> 
     </span>
    </p>
   </div>
   <div class='ocr_carea' id='block_1_66' title="bbox 1889 2047 3461 2121">
    <p class='ocr_par' dir='ltr' id='par_1_66' title="bbox 1889 2047 3461 2121">
     <span class='ocr_line' id='line_1_66' title="bbox 1889 2047 3461 2121; baseline -0.003 -17"><span class='ocrx_word' id='word_1_455' title='bbox 1889 2051 2209 2121; x_wconf 82' lang='lat' dir='ltr'><strong>principalis</strong></span> <span class='ocrx_word' id='word_1_456' title='bbox 2257 2049 2472 2105; x_wconf 84' lang='lat' dir='ltr'><strong>dicendi</strong></span> <span class='ocrx_word' id='word_1_457' title='bbox 2511 2064 2728 2119; x_wconf 90' lang='lat' dir='ltr'><strong>scopus,</strong></span> <span class='ocrx_word' id='word_1_458' title='bbox 2785 2049 2882 2103; x_wconf 89' lang='lat' dir='ltr'><strong>sed</strong></span> <span class='ocrx_word' id='word_1_459' title='bbox 2933 2047 3461 2115; x_wconf 87' lang='lat' dir='ltr'><strong>iucircumscriptum</strong></span> 
     </span>
    </p>
   </div>
   <div class='ocr_carea' id='block_1_67' title="bbox 1890 2140 3469 2213">
    <p class='ocr_par' dir='ltr' id='par_1_67' title="bbox 1890 2140 3469 2213">
     <span class='ocr_line' id='line_1_67' title="bbox 1890 2140 3469 2213; baseline -0.003 -18"><span class='ocrx_word' id='word_1_460' title='bbox 1890 2144 2226 2213; x_wconf 73' lang='lat' dir='ltr'><strong>excogitavit</strong></span> <span class='ocrx_word' id='word_1_461' title='bbox 2274 2151 2532 2211; x_wconf 88' lang='lat' dir='ltr'><strong>tanquam</strong></span> <span class='ocrx_word' id='word_1_462' title='bbox 2575 2140 2991 2196; x_wconf 83' lang='lat' dir='ltr'><strong>instrumentum</strong></span> <span class='ocrx_word' id='word_1_463' title='bbox 3046 2140 3307 2208; x_wconf 65' lang='lat' dir='ltr'><strong>improba!</strong></span> <span class='ocrx_word' id='word_1_464' title='bbox 3354 2150 3469 2193; x_wconf 67' lang='lat' dir='ltr'><strong>sua:</strong></span> 
     </span>
    </p>
   </div>
   <div class='ocr_carea' id='block_1_68' title="bbox 1889 2228 3469 2303">
    <p class='ocr_par' dir='ltr' id='par_1_68' title="bbox 1889 2228 3469 2303">
     <span class='ocr_line' id='line_1_68' title="bbox 1889 2228 3469 2303; baseline -0.001 -16"><span class='ocrx_word' id='word_1_465' title='bbox 1889 2234 2155 2288; x_wconf 87' lang='lat' dir='ltr'><strong>voluntati</strong></span> <span class='ocrx_word' id='word_1_466' title='bbox 2197 2245 2321 2303; x_wconf 85' lang='lat' dir='ltr'><strong>apte</strong></span> <span class='ocrx_word' id='word_1_467' title='bbox 2375 2233 2720 2297; x_wconf 85' lang='lat' dir='ltr'><strong>deserviens;</strong></span> <span class='ocrx_word' id='word_1_468' title='bbox 2759 2231 2917 2301; x_wconf 85' lang='lat' dir='ltr'><strong>cujus</strong></span> <span class='ocrx_word' id='word_1_469' title='bbox 2948 2245 3105 2285; x_wconf 92' lang='lat' dir='ltr'><strong>usum</strong></span> <span class='ocrx_word' id='word_1_470' title='bbox 3156 2228 3469 2285; x_wconf 80' lang='lat' dir='ltr'><strong>Servatoris</strong></span> 
     </span>
    </p>
   </div>
   <div class='ocr_carea' id='block_1_69' title="bbox 1893 2323 3354 2390">
    <p class='ocr_par' dir='ltr' id='par_1_69' title="bbox 1893 2323 3354 2390">
     <span class='ocr_line' id='line_1_69' title="bbox 1893 2323 3354 2390; baseline -0.001 -11"><span class='ocrx_word' id='word_1_471' title='bbox 1893 2326 2064 2381; x_wconf 87' lang='lat' dir='ltr'><strong>nostri</strong></span> <span class='ocrx_word' id='word_1_472' title='bbox 2095 2326 2419 2381; x_wconf 64' lang='lat' dir='ltr'><strong>oeconomiae</strong></span> <span class='ocrx_word' id='word_1_473' title='bbox 2452 2325 2760 2383; x_wconf 71' lang='lat' dir='ltr'><strong>evertenda:</strong></span> <span class='ocrx_word' id='word_1_474' title='bbox 2789 2324 3039 2378; x_wconf 88' lang='lat' dir='ltr'><strong>idoneum</strong></span> <span class='ocrx_word' id='word_1_475' title='bbox 3068 2323 3354 2390; x_wconf 86' lang='lat' dir='ltr'><strong>comperit.</strong></span> 
     </span>
    </p>
   </div>
   <div class='ocr_carea' id='block_1_70' title="bbox 1961 2414 3462 2484">
    <p class='ocr_par' dir='ltr' id='par_1_70' title="bbox 1961 2414 3462 2484">
     <span class='ocr_line' id='line_1_70' title="bbox 1961 2414 3462 2484; baseline -0.003 -12"><span class='ocrx_word' id='word_1_476' title='bbox 1961 2418 2049 2472; x_wconf 78' lang='grc'><strong>55.</strong></span> <span class='ocrx_word' id='word_1_477' title='bbox 2093 2416 2278 2471; x_wconf 77' lang='lat' dir='ltr'><strong>Mirari</strong></span> <span class='ocrx_word' id='word_1_478' title='bbox 2315 2426 2499 2470; x_wconf 89' lang='lat' dir='ltr'><strong>autem</strong></span> <span class='ocrx_word' id='word_1_479' title='bbox 2541 2416 2670 2470; x_wconf 88' lang='lat' dir='ltr'><strong>licet</strong></span> <span class='ocrx_word' id='word_1_480' title='bbox 2731 2415 3028 2484; x_wconf 81' lang='lat' dir='ltr'><strong>ingenitam</strong></span> <span class='ocrx_word' id='word_1_481' title='bbox 3074 2415 3203 2469; x_wconf 86' lang='lat' dir='ltr'><strong>huic</strong></span> <span class='ocrx_word' id='word_1_482' title='bbox 3256 2414 3462 2469; x_wconf 86' lang='lat' dir='ltr'><strong>homini</strong></span> 
     </span>
    </p>
   </div>
   <div class='ocr_carea' id='block_1_71' title="bbox 1894 2507 3467 2579">
    <p class='ocr_par' dir='ltr' id='par_1_71' title="bbox 1894 2507 3467 2579">
     <span class='ocr_line' id='line_1_71' title="bbox 1894 2507 3467 2579; baseline -0.001 -18"><span class='ocrx_word' id='word_1_483' title='bbox 1894 2509 2172 2579; x_wconf 77' lang='lat' dir='ltr'><strong>sapientia:</strong></span> <span class='ocrx_word' id='word_1_484' title='bbox 2200 2507 2651 2576; x_wconf 72' lang='lat' dir='ltr'><strong>magnitudinem,</strong></span> <span class='ocrx_word' id='word_1_485' title='bbox 2685 2507 2962 2575; x_wconf 84' lang='lat' dir='ltr'><strong>quomodo</strong></span> <span class='ocrx_word' id='word_1_486' title='bbox 3014 2507 3145 2561; x_wconf 91' lang='lat' dir='ltr'><strong>illud</strong></span> <span class='ocrx_word' id='word_1_487' title='bbox 3177 2522 3284 2561; x_wconf 91' lang='lat' dir='ltr'><strong>non</strong></span> <span class='ocrx_word' id='word_1_488' title='bbox 3340 2522 3467 2561; x_wconf 83' lang='lat' dir='ltr'><strong>sen-</strong></span> 
     </span>
    </p>
   </div>
   <div class='ocr_carea' id='block_1_72' title="bbox 1895 2598 3466 2665">
    <p class='ocr_par' dir='ltr' id='par_1_72' title="bbox 1895 2598 3466 2665">
     <span class='ocr_line' id='line_1_72' title="bbox 1895 2598 3466 2665; baseline -0.003 -10"><span class='ocrx_word' id='word_1_489' title='bbox 1895 2601 2050 2665; x_wconf 88' lang='lat' dir='ltr'><strong>serit,</strong></span> <span class='ocrx_word' id='word_1_490' title='bbox 2085 2598 2210 2653; x_wconf 90' lang='lat' dir='ltr'><strong>dum</strong></span> <span class='ocrx_word' id='word_1_491' title='bbox 2236 2599 2513 2654; x_wconf 85' lang='lat' dir='ltr'><strong>subtiliter</strong></span> <span class='ocrx_word' id='word_1_492' title='bbox 2543 2609 2597 2653; x_wconf 90' lang='lat' dir='ltr'><strong>et</strong></span> <span class='ocrx_word' id='word_1_493' title='bbox 2628 2609 2887 2653; x_wconf 78' lang='lat' dir='ltr'><strong>accurate</strong></span> <span class='ocrx_word' id='word_1_494' title='bbox 2932 2613 3019 2653; x_wconf 81' lang='lat' dir='ltr'><strong>res</strong></span> <span class='ocrx_word' id='word_1_495' title='bbox 3065 2598 3213 2653; x_wconf 87' lang='lat' dir='ltr'><strong>verbi</strong></span> <span class='ocrx_word' id='word_1_496' title='bbox 3247 2604 3466 2652; x_wconf 75' lang='lat' dir='ltr'><strong>scruta-</strong></span> 
     </span>
    </p>
   </div>
   <div class='ocr_carea' id='block_1_73' title="bbox 1899 2685 3470 2761">
    <p class='ocr_par' dir='ltr' id='par_1_73' title="bbox 1899 2685 3470 2761">
     <span class='ocr_line' id='line_1_73' title="bbox 1899 2685 3470 2761; baseline -0.003 -17"><span class='ocrx_word' id='word_1_497' title='bbox 1899 2703 2048 2747; x_wconf 86' lang='lat' dir='ltr'><strong>retur</strong></span> <span class='ocrx_word' id='word_1_498' title='bbox 2093 2704 2256 2761; x_wconf 80' lang='lat' dir='ltr'><strong>atque</strong></span> <span class='ocrx_word' id='word_1_499' title='bbox 2279 2692 2611 2759; x_wconf 90' lang='lat' dir='ltr'><strong>disquireret</strong></span> <span class='ocrx_word' id='word_1_500' title='bbox 2647 2707 2661 2744; x_wconf 90' lang='lat'><strong>:</strong></span> <span class='ocrx_word' id='word_1_501' title='bbox 2699 2704 2891 2758; x_wconf 88' lang='lat' dir='ltr'><strong>nempe</strong></span> <span class='ocrx_word' id='word_1_502' title='bbox 2947 2687 3093 2757; x_wconf 89' lang='lat' dir='ltr'><strong>quod</strong></span> <span class='ocrx_word' id='word_1_503' title='bbox 3129 2687 3258 2742; x_wconf 82' lang='lat' dir='ltr'><strong>dum</strong></span> <span class='ocrx_word' id='word_1_504' title='bbox 3303 2685 3470 2743; x_wconf 83' lang='lat' dir='ltr'><strong>Chri-</strong></span> 
     </span>
    </p>
   </div>
   <div class='ocr_carea' id='block_1_74' title="bbox 1896 2777 3470 2850">
    <p class='ocr_par' dir='ltr' id='par_1_74' title="bbox 1896 2777 3470 2850">
     <span class='ocr_line' id='line_1_74' title="bbox 1896 2777 3470 2850; baseline -0.003 -15"><span class='ocrx_word' id='word_1_505' title='bbox 1896 2792 2038 2836; x_wconf 86' lang='lat' dir='ltr'><strong>stum</strong></span> <span class='ocrx_word' id='word_1_506' title='bbox 2073 2780 2635 2850; x_wconf 88' lang='lat' dir='ltr'><strong>incircumscriptione</strong></span> <span class='ocrx_word' id='word_1_507' title='bbox 2657 2781 2907 2845; x_wconf 88' lang='lat' dir='ltr'><strong>honorat,</strong></span> <span class='ocrx_word' id='word_1_508' title='bbox 2942 2791 3177 2847; x_wconf 89' lang='lat' dir='ltr'><strong>eumque</strong></span> <span class='ocrx_word' id='word_1_509' title='bbox 3222 2777 3470 2846; x_wconf 79' lang='lat' dir='ltr'><strong>separari</strong></span> 
     </span>
    </p>
   </div>
   <div class='ocr_carea' id='block_1_75' title="bbox 1898 2865 3468 2936">
    <p class='ocr_par' dir='ltr' id='par_1_75' title="bbox 1898 2865 3468 2936">
     <span class='ocr_line' id='line_1_75' title="bbox 1898 2865 3468 2936; baseline -0.006 -8"><span class='ocrx_word' id='word_1_510' title='bbox 1898 2891 1925 2928; x_wconf 89' lang='lat' dir='ltr'><strong>a</strong></span> <span class='ocrx_word' id='word_1_511' title='bbox 1959 2889 2126 2928; x_wconf 87' lang='lat' dir='ltr'><strong>carne</strong></span> <span class='ocrx_word' id='word_1_512' title='bbox 2155 2875 2356 2929; x_wconf 88' lang='lat' dir='ltr'><strong>asserit</strong></span> <span class='ocrx_word' id='word_1_513' title='bbox 2376 2875 2422 2928; x_wconf 88' lang='lat' dir='ltr'><strong>si</strong></span> <span class='ocrx_word' id='word_1_514' title='bbox 2454 2874 2658 2928; x_wconf 87' lang='lat' dir='ltr'><strong>circum</strong></span> <span class='ocrx_word' id='word_1_515' title='bbox 2673 2872 2966 2936; x_wconf 87' lang='lat' dir='ltr'><strong>scribatur,</strong></span> <span class='ocrx_word' id='word_1_516' title='bbox 3016 2871 3083 2925; x_wconf 90' lang='lat' dir='ltr'><strong>de</strong></span> <span class='ocrx_word' id='word_1_517' title='bbox 3117 2865 3468 2929; x_wconf 77' lang='lat' dir='ltr'><strong>sanctissima</strong></span> 
     </span>
    </p>
   </div>
   <div class='ocr_carea' id='block_1_76' title="bbox 1897 2962 3469 3035">
    <p class='ocr_par' dir='ltr' id='par_1_76' title="bbox 1897 2962 3469 3035">
     <span class='ocr_line' id='line_1_76' title="bbox 1897 2962 3469 3035; baseline -0.004 -16"><span class='ocrx_word' id='word_1_518' title='bbox 1897 2967 2138 3035; x_wconf 85' lang='lat' dir='ltr'><strong>ejusdem</strong></span> <span class='ocrx_word' id='word_1_519' title='bbox 2188 2981 2351 3020; x_wconf 88' lang='lat' dir='ltr'><strong>carne</strong></span> <span class='ocrx_word' id='word_1_520' title='bbox 2390 2965 2552 3018; x_wconf 88' lang='lat' dir='ltr'><strong>simul</strong></span> <span class='ocrx_word' id='word_1_521' title='bbox 2583 2965 2763 3019; x_wconf 86' lang='lat' dir='ltr'><strong>dicere</strong></span> <span class='ocrx_word' id='word_1_522' title='bbox 2812 2963 3091 3023; x_wconf 85' lang='lat' dir='ltr'><strong>omittens,</strong></span> <span class='ocrx_word' id='word_1_523' title='bbox 3146 2962 3469 3013; x_wconf 87' lang='lat' dir='ltr'><strong>inhonoram</strong></span> 
     </span>
    </p>
   </div>
   <div class='ocr_carea' id='block_1_77' title="bbox 1901 3047 3473 3125">
    <p class='ocr_par' dir='ltr' id='par_1_77' title="bbox 1901 3047 3473 3125">
     <span class='ocr_line' id='line_1_77' title="bbox 1901 3047 3473 3125; baseline -0.007 -13"><span class='ocrx_word' id='word_1_524' title='bbox 1901 3059 2037 3112; x_wconf 81' lang='lat' dir='ltr'><strong>hanc</strong></span> <span class='ocrx_word' id='word_1_525' title='bbox 2069 3058 2121 3111; x_wconf 91' lang='lat' dir='ltr'><strong>in</strong></span> <span class='ocrx_word' id='word_1_526' title='bbox 2162 3056 2504 3125; x_wconf 82' lang='lat' dir='ltr'><strong>dogmatibus</strong></span> <span class='ocrx_word' id='word_1_527' title='bbox 2529 3056 2644 3109; x_wconf 86' lang='lat' dir='ltr'><strong>suis</strong></span> <span class='ocrx_word' id='word_1_528' title='bbox 2670 3055 2908 3124; x_wconf 80' lang='lat' dir='ltr'><strong>reliquit.</strong></span> <span class='ocrx_word' id='word_1_529' title='bbox 2941 3052 3079 3120; x_wconf 87' lang='lat' dir='ltr'><strong>Quid</strong></span> <span class='ocrx_word' id='word_1_530' title='bbox 3114 3049 3281 3119; x_wconf 80' lang='lat' dir='ltr'><strong>ergo?</strong></span> <span class='ocrx_word' id='word_1_531' title='bbox 3307 3047 3473 3102; x_wconf 85' lang='lat' dir='ltr'><strong>Vide-</strong></span> 
     </span>
    </p>
   </div>
   <div class='ocr_carea' id='block_1_78' title="bbox 1901 3143 3474 3217">
    <p class='ocr_par' dir='ltr' id='par_1_78' title="bbox 1901 3143 3474 3217">
     <span class='ocr_line' id='line_1_78' title="bbox 1901 3143 3474 3217; baseline -0.006 -14"><span class='ocrx_word' id='word_1_532' title='bbox 1901 3160 1988 3203; x_wconf 90' lang='lat' dir='ltr'><strong>tur</strong></span> <span class='ocrx_word' id='word_1_533' title='bbox 2029 3150 2096 3212; x_wconf 90' lang='lat' dir='ltr'><strong>is,</strong></span> <span class='ocrx_word' id='word_1_534' title='bbox 2123 3149 2212 3217; x_wconf 88' lang='lat' dir='ltr'><strong>qui</strong></span> <span class='ocrx_word' id='word_1_535' title='bbox 2235 3148 2514 3203; x_wconf 87' lang='lat' dir='ltr'><strong>Christum</strong></span> <span class='ocrx_word' id='word_1_536' title='bbox 2543 3144 3040 3211; x_wconf 89' lang='lat' dir='ltr'><strong>circumscriberet,</strong></span> <span class='ocrx_word' id='word_1_537' title='bbox 3070 3143 3310 3196; x_wconf 86' lang='lat' dir='ltr'><strong>animam</strong></span> <span class='ocrx_word' id='word_1_538' title='bbox 3339 3153 3474 3209; x_wconf 80' lang='lat' dir='ltr'><strong>quo-</strong></span> 
     </span>
    </p>
   </div>
   <div class='ocr_carea' id='block_1_79' title="bbox 1899 3228 3471 3311">
    <p class='ocr_par' dir='ltr' id='par_1_79' title="bbox 1899 3228 3471 3311">
     <span class='ocr_line' id='line_1_79' title="bbox 1899 3228 3471 3311; baseline -0.008 -15"><span class='ocrx_word' id='word_1_539' title='bbox 1899 3257 2002 3311; x_wconf 86' lang='lat' dir='ltr'><strong>que</strong></span> <span class='ocrx_word' id='word_1_540' title='bbox 2030 3242 2269 3311; x_wconf 86' lang='lat' dir='ltr'><strong>ejusdem</strong></span> <span class='ocrx_word' id='word_1_541' title='bbox 2295 3256 2326 3293; x_wconf 91' lang='lat' dir='ltr'><strong>a</strong></span> <span class='ocrx_word' id='word_1_542' title='bbox 2356 3254 2584 3309; x_wconf 88' lang='lat' dir='ltr'><strong>corpore</strong></span> <span class='ocrx_word' id='word_1_543' title='bbox 2616 3252 2894 3307; x_wconf 86' lang='lat' dir='ltr'><strong>separare,</strong></span> <span class='ocrx_word' id='word_1_544' title='bbox 2919 3246 2972 3290; x_wconf 85' lang='lat' dir='ltr'><strong>et</strong></span> <span class='ocrx_word' id='word_1_545' title='bbox 3010 3250 3114 3287; x_wconf 88' lang='lat' dir='ltr'><strong>una</strong></span> <span class='ocrx_word' id='word_1_546' title='bbox 3142 3247 3265 3287; x_wconf 90' lang='lat' dir='ltr'><strong>cum</strong></span> <span class='ocrx_word' id='word_1_547' title='bbox 3290 3228 3471 3286; x_wconf 85' lang='lat' dir='ltr'><strong>Verbo</strong></span> 
     </span>
    </p>
   </div>
   <div class='ocr_carea' id='block_1_80' title="bbox 1899 3322 3473 3401">
    <p class='ocr_par' dir='ltr' id='par_1_80' title="bbox 1899 3322 3473 3401">
     <span class='ocr_line' id='line_1_80' title="bbox 1899 3322 3473 3401; baseline -0.008 -13"><span class='ocrx_word' id='word_1_548' title='bbox 1899 3334 2134 3388; x_wconf 86' lang='lat' dir='ltr'><strong>animam</strong></span> <span class='ocrx_word' id='word_1_549' title='bbox 2165 3348 2381 3401; x_wconf 86' lang='lat' dir='ltr'><strong>quoque</strong></span> <span class='ocrx_word' id='word_1_550' title='bbox 2410 3332 2486 3386; x_wconf 92' lang='lat' dir='ltr'><strong>illi</strong></span> <span class='ocrx_word' id='word_1_551' title='bbox 2510 3331 2763 3398; x_wconf 87' lang='lat' dir='ltr'><strong>eripere;</strong></span> <span class='ocrx_word' id='word_1_552' title='bbox 2810 3327 3077 3397; x_wconf 90' lang='lat' dir='ltr'><strong>siquidem</strong></span> <span class='ocrx_word' id='word_1_553' title='bbox 3128 3325 3216 3379; x_wconf 84' lang='lat' dir='ltr'><strong>illa</strong></span> <span class='ocrx_word' id='word_1_554' title='bbox 3249 3339 3279 3378; x_wconf 88' lang='lat' dir='ltr'><strong>a</strong></span> <span class='ocrx_word' id='word_1_555' title='bbox 3323 3322 3473 3392; x_wconf 90' lang='lat' dir='ltr'><strong>picto</strong></span> 
     </span>
    </p>
   </div>
   <div class='ocr_carea' id='block_1_81' title="bbox 1899 3414 3468 3494">
    <p class='ocr_par' dir='ltr' id='par_1_81' title="bbox 1899 3414 3468 3494">
     <span class='ocr_line' id='line_1_81' title="bbox 1899 3414 3468 3494; baseline -0.008 -17"><span class='ocrx_word' id='word_1_556' title='bbox 1899 3440 2145 3494; x_wconf 78' lang='lat' dir='ltr'><strong>carpere,</strong></span> <span class='ocrx_word' id='word_1_557' title='bbox 2178 3424 2318 3477; x_wconf 91' lang='lat' dir='ltr'><strong>haud</strong></span> <span class='ocrx_word' id='word_1_558' title='bbox 2368 3437 2528 3477; x_wconf 89' lang='lat' dir='ltr'><strong>secus</strong></span> <span class='ocrx_word' id='word_1_559' title='bbox 2556 3435 2721 3491; x_wconf 89' lang='lat' dir='ltr'><strong>quam</strong></span> <span class='ocrx_word' id='word_1_560' title='bbox 2767 3420 3007 3474; x_wconf 89' lang='lat' dir='ltr'><strong>divinum</strong></span> <span class='ocrx_word' id='word_1_561' title='bbox 3037 3416 3273 3470; x_wconf 82' lang='lat' dir='ltr'><strong>Verbum</strong></span> <span class='ocrx_word' id='word_1_562' title='bbox 3307 3414 3468 3468; x_wconf 77' lang='lat' dir='ltr'><strong>abfu-</strong></span> 
     </span>
    </p>
   </div>
   <div class='ocr_carea' id='block_1_82' title="bbox 1902 3511 3467 3582">
    <p class='ocr_par' dir='ltr' id='par_1_82' title="bbox 1902 3511 3467 3582">
     <span class='ocr_line' id='line_1_82' title="bbox 1902 3511 3467 3582; baseline -0.006 -13"><span class='ocrx_word' id='word_1_563' title='bbox 1902 3527 2018 3570; x_wconf 89' lang='lat' dir='ltr'><strong>tura</strong></span> <span class='ocrx_word' id='word_1_564' title='bbox 2052 3526 2165 3582; x_wconf 86' lang='lat' dir='ltr'><strong>est;</strong></span> <span class='ocrx_word' id='word_1_565' title='bbox 2200 3530 2324 3570; x_wconf 89' lang='lat' dir='ltr'><strong>nam</strong></span> <span class='ocrx_word' id='word_1_566' title='bbox 2352 3529 2451 3569; x_wconf 84' lang='lat' dir='ltr'><strong>nec</strong></span> <span class='ocrx_word' id='word_1_567' title='bbox 2475 3513 2590 3581; x_wconf 84' lang='lat' dir='ltr'><strong>ipsa</strong></span> <span class='ocrx_word' id='word_1_568' title='bbox 2625 3511 2771 3582; x_wconf 88' lang='lat' dir='ltr'><strong>pingi</strong></span> <span class='ocrx_word' id='word_1_569' title='bbox 2802 3518 2994 3576; x_wconf 86' lang='lat' dir='ltr'><strong>suapte</strong></span> <span class='ocrx_word' id='word_1_570' title='bbox 3034 3518 3227 3561; x_wconf 86' lang='lat' dir='ltr'><strong>natura</strong></span> <span class='ocrx_word' id='word_1_571' title='bbox 3268 3517 3467 3575; x_wconf 59' lang='lat' dir='ltr'><strong>pate“.</strong></span> 
     </span>
    </p>
   </div>
   <div class='ocr_carea' id='block_1_83' title="bbox 1901 3597 3467 3661">
    <p class='ocr_par' dir='ltr' id='par_1_83' title="bbox 1901 3597 3467 3661">
     <span class='ocr_line' id='line_1_83' title="bbox 1901 3597 3467 3661; baseline -0.006 -1"><span class='ocrx_word' id='word_1_572' title='bbox 1901 3608 2108 3661; x_wconf 75' lang='lat' dir='ltr'><strong>ltursus</strong></span> <span class='ocrx_word' id='word_1_573' title='bbox 2142 3608 2286 3661; x_wconf 90' lang='lat' dir='ltr'><strong>enim</strong></span> <span class='ocrx_word' id='word_1_574' title='bbox 2315 3604 2730 3660; x_wconf 87' lang='lat' dir='ltr'><strong>sciscitantibus</strong></span> <span class='ocrx_word' id='word_1_575' title='bbox 2761 3601 2917 3656; x_wconf 92' lang='lat' dir='ltr'><strong>nobis</strong></span> <span class='ocrx_word' id='word_1_576' title='bbox 2950 3615 3027 3653; x_wconf 68' lang='lat' dir='ltr'><strong>&#39;ac</strong></span> <span class='ocrx_word' id='word_1_577' title='bbox 3065 3597 3467 3660; x_wconf 86' lang='lat' dir='ltr'><strong>dubitantibus,</strong></span> 
     </span>
    </p>
   </div>
   <div class='ocr_carea' id='block_1_84' title="bbox 1900 3686 3470 3765">
    <p class='ocr_par' dir='ltr' id='par_1_84' title="bbox 1900 3686 3470 3765">
     <span class='ocr_line' id='line_1_84' title="bbox 1900 3686 3470 3765; baseline -0.007 -14"><span class='ocrx_word' id='word_1_578' title='bbox 1900 3700 2058 3752; x_wconf 84' lang='lat' dir='ltr'><strong>istius</strong></span> <span class='ocrx_word' id='word_1_579' title='bbox 2115 3696 2379 3765; x_wconf 85' lang='lat' dir='ltr'><strong>sapientis</strong></span> <span class='ocrx_word' id='word_1_580' title='bbox 2442 3707 2765 3754; x_wconf 79' lang='lat' dir='ltr'><strong>sermones,</strong></span> <span class='ocrx_word' id='word_1_581' title='bbox 2821 3702 3039 3746; x_wconf 74' lang='lat' dir='ltr'><strong>necnon</strong></span> <span class='ocrx_word' id='word_1_582' title='bbox 3107 3688 3322 3743; x_wconf 87' lang='lat' dir='ltr'><strong>illorum</strong></span> <span class='ocrx_word' id='word_1_583' title='bbox 3378 3686 3470 3757; x_wconf 91' lang='lat' dir='ltr'><strong>qui</strong></span> 
     </span>
    </p>
   </div>
   <div class='ocr_carea' id='block_1_85' title="bbox 1901 3778 3467 3855">
    <p class='ocr_par' dir='ltr' id='par_1_85' title="bbox 1901 3778 3467 3855">
     <span class='ocr_line' id='line_1_85' title="bbox 1901 3778 3467 3855; baseline -0.008 -12"><span class='ocrx_word' id='word_1_584' title='bbox 1901 3789 2094 3843; x_wconf 83' lang='lat' dir='ltr'><strong>eximie</strong></span> <span class='ocrx_word' id='word_1_585' title='bbox 2121 3802 2264 3841; x_wconf 90' lang='lat' dir='ltr'><strong>nunc</strong></span> <span class='ocrx_word' id='word_1_586' title='bbox 2292 3795 2634 3855; x_wconf 87' lang='lat' dir='ltr'><strong>argntantur,</strong></span> <span class='ocrx_word' id='word_1_587' title='bbox 2669 3788 2750 3837; x_wconf 88' lang='lat' dir='ltr'><strong>vel</strong></span> <span class='ocrx_word' id='word_1_588' title='bbox 2787 3792 2846 3835; x_wconf 90' lang='lat' dir='ltr'><strong>ut</strong></span> <span class='ocrx_word' id='word_1_589' title='bbox 2872 3782 3052 3835; x_wconf 72' lang='lat' dir='ltr'><strong>verius</strong></span> <span class='ocrx_word' id='word_1_590' title='bbox 3082 3780 3292 3835; x_wconf 89' lang='lat' dir='ltr'><strong>dicatur</strong></span> <span class='ocrx_word' id='word_1_591' title='bbox 3320 3778 3467 3832; x_wconf 88' lang='lat' dir='ltr'><strong>insa-</strong></span> 
     </span>
    </p>
   </div>
   <div class='ocr_carea' id='block_1_86' title="bbox 1901 3869 3469 3948">
    <p class='ocr_par' dir='ltr' id='par_1_86' title="bbox 1901 3869 3469 3948">
     <span class='ocr_line' id='line_1_86' title="bbox 1901 3869 3469 3948; baseline -0.008 -14"><span class='ocrx_word' id='word_1_592' title='bbox 1901 3881 2286 3948; x_wconf 73' lang='lat' dir='ltr'><strong>niunt,qua:so</strong></span> <span class='ocrx_word' id='word_1_593' title='bbox 2326 3876 2596 3944; x_wconf 89' lang='lat' dir='ltr'><strong>explicent</strong></span> <span class='ocrx_word' id='word_1_594' title='bbox 2646 3876 2774 3945; x_wconf 91' lang='lat' dir='ltr'><strong>(hoc</strong></span> <span class='ocrx_word' id='word_1_595' title='bbox 2825 3874 2969 3926; x_wconf 89' lang='lat' dir='ltr'><strong>enim</strong></span> <span class='ocrx_word' id='word_1_596' title='bbox 3023 3871 3202 3924; x_wconf 88' lang='lat' dir='ltr'><strong>adhuc</strong></span> <span class='ocrx_word' id='word_1_597' title='bbox 3252 3869 3469 3923; x_wconf 88' lang='lat' dir='ltr'><strong>illorum</strong></span> 
     </span>
    </p>
   </div>
   <div class='ocr_carea' id='block_1_87' title="bbox 1902 3963 3476 4035">
    <p class='ocr_par' dir='ltr' id='par_1_87' title="bbox 1902 3963 3476 4035">
     <span class='ocr_line' id='line_1_87' title="bbox 1902 3963 3476 4035; baseline -0.006 -12"><span class='ocrx_word' id='word_1_598' title='bbox 1902 3968 2221 4023; x_wconf 86' lang='lat' dir='ltr'><strong>absurditati</strong></span> <span class='ocrx_word' id='word_1_599' title='bbox 2249 3966 2553 4035; x_wconf 85' lang='lat' dir='ltr'><strong>superest);</strong></span> <span class='ocrx_word' id='word_1_600' title='bbox 2576 3965 2759 4019; x_wconf 90' lang='lat' dir='ltr'><strong>dicant</strong></span> <span class='ocrx_word' id='word_1_601' title='bbox 2778 3964 2886 4030; x_wconf 87' lang='lat' dir='ltr'><strong>isti,</strong></span> <span class='ocrx_word' id='word_1_602' title='bbox 2907 3964 3126 4031; x_wconf 85' lang='lat' dir='ltr'><strong>inquam</strong></span> <span class='ocrx_word' id='word_1_603' title='bbox 3149 3978 3162 4014; x_wconf 89' lang='lat'>:</span> <span class='ocrx_word' id='word_1_604' title='bbox 3193 3963 3476 4015; x_wconf 86' lang='lat' dir='ltr'><strong>Animata-</strong></span> 
     </span>
    </p>
   </div>
   <div class='ocr_carea' id='block_1_88' title="bbox 1901 4052 3471 4121">
    <p class='ocr_par' dir='ltr' id='par_1_88' title="bbox 1901 4052 3471 4121">
     <span class='ocr_line' id='line_1_88' title="bbox 1901 4052 3471 4121; baseline -0.007 -5"><span class='ocrx_word' id='word_1_605' title='bbox 1901 4078 1968 4116; x_wconf 88' lang='lat' dir='ltr'><strong>ne</strong></span> <span class='ocrx_word' id='word_1_606' title='bbox 1991 4061 2192 4115; x_wconf 88' lang='lat' dir='ltr'><strong>Christi</strong></span> <span class='ocrx_word' id='word_1_607' title='bbox 2233 4059 2467 4111; x_wconf 87' lang='lat' dir='ltr'><strong>humana</strong></span> <span class='ocrx_word' id='word_1_608' title='bbox 2503 4057 2696 4118; x_wconf 80' lang='lat' dir='ltr'><strong>forma,</strong></span> <span class='ocrx_word' id='word_1_609' title='bbox 2726 4055 2851 4108; x_wconf 89' lang='lat' dir='ltr'><strong>dum</strong></span> <span class='ocrx_word' id='word_1_610' title='bbox 2881 4055 3164 4121; x_wconf 83' lang='lat' dir='ltr'><strong>liguratur,</strong></span> <span class='ocrx_word' id='word_1_611' title='bbox 3201 4066 3268 4105; x_wconf 87' lang='lat' dir='ltr'><strong>an</strong></span> <span class='ocrx_word' id='word_1_612' title='bbox 3301 4052 3471 4105; x_wconf 84' lang='lat' dir='ltr'><strong>inani-</strong></span> 
     </span>
    </p>
   </div>
   <div class='ocr_carea' id='block_1_89' title="bbox 1903 4139 3469 4217">
    <p class='ocr_par' dir='ltr' id='par_1_89' title="bbox 1903 4139 3469 4217">
     <span class='ocr_line' id='line_1_89' title="bbox 1903 4139 3469 4217; baseline -0.008 -11"><span class='ocrx_word' id='word_1_613' title='bbox 1903 4163 2071 4217; x_wconf 82' lang='lat' dir='ltr'><strong>mata,</strong></span> <span class='ocrx_word' id='word_1_614' title='bbox 2109 4152 2176 4203; x_wconf 85' lang='lat' dir='ltr'><strong>ah</strong></span> <span class='ocrx_word' id='word_1_615' title='bbox 2207 4158 2521 4204; x_wconf 89' lang='lat' dir='ltr'><strong>assumente</strong></span> <span class='ocrx_word' id='word_1_616' title='bbox 2549 4148 2733 4202; x_wconf 89' lang='lat' dir='ltr'><strong>divino</strong></span> <span class='ocrx_word' id='word_1_617' title='bbox 2764 4142 2940 4199; x_wconf 87' lang='lat' dir='ltr'><strong>Verbo</strong></span> <span class='ocrx_word' id='word_1_618' title='bbox 2971 4142 3236 4198; x_wconf 87' lang='lat' dir='ltr'><strong>discedit?</strong></span> <span class='ocrx_word' id='word_1_619' title='bbox 3262 4139 3396 4195; x_wconf 88' lang='lat' dir='ltr'><strong>Nant</strong></span> <span class='ocrx_word' id='word_1_620' title='bbox 3424 4143 3469 4195; x_wconf 84' lang='lat' dir='ltr'><strong>si</strong></span> 
     </span>
    </p>
   </div>
   <div class='ocr_carea' id='block_1_90' title="bbox 1903 4234 3472 4307">
    <p class='ocr_par' dir='ltr' id='par_1_90' title="bbox 1903 4234 3472 4307">
     <span class='ocr_line' id='line_1_90' title="bbox 1903 4234 3472 4307; baseline -0.01 -8"><span class='ocrx_word' id='word_1_621' title='bbox 1903 4245 2224 4302; x_wconf 84' lang='lat' dir='ltr'><strong>inanimata,</strong></span> <span class='ocrx_word' id='word_1_622' title='bbox 2260 4241 2491 4307; x_wconf 90' lang='lat' dir='ltr'><strong>moritur</strong></span> <span class='ocrx_word' id='word_1_623' title='bbox 2522 4239 2714 4292; x_wconf 83' lang='lat' dir='ltr'><strong>iterum</strong></span> <span class='ocrx_word' id='word_1_624' title='bbox 2744 4235 2945 4291; x_wconf 90' lang='lat' dir='ltr'><strong>Christi</strong></span> <span class='ocrx_word' id='word_1_625' title='bbox 2986 4234 3318 4295; x_wconf 88' lang='lat' dir='ltr'><strong>lmmanitas,</strong></span> <span class='ocrx_word' id='word_1_626' title='bbox 3353 4248 3472 4285; x_wconf 89' lang='lat' dir='ltr'><strong>rur-</strong></span> 
     </span>
    </p>
   </div>
   <div class='ocr_carea' id='block_1_91' title="bbox 1903 4323 3469 4403">
    <p class='ocr_par' dir='ltr' id='par_1_91' title="bbox 1903 4323 3469 4403">
     <span class='ocr_line' id='line_1_91' title="bbox 1903 4323 3469 4403; baseline -0.01 -14"><span class='ocrx_word' id='word_1_627' title='bbox 1903 4348 2104 4403; x_wconf 89' lang='lat' dir='ltr'><strong>susque</strong></span> <span class='ocrx_word' id='word_1_628' title='bbox 2130 4333 2188 4386; x_wconf 80' lang='lat' dir='ltr'><strong>iit</strong></span> <span class='ocrx_word' id='word_1_629' title='bbox 2212 4333 2356 4386; x_wconf 86' lang='lat' dir='ltr'><strong>inter</strong></span> <span class='ocrx_word' id='word_1_630' title='bbox 2410 4337 2654 4383; x_wconf 85' lang='lat' dir='ltr'><strong>mortuos</strong></span> <span class='ocrx_word' id='word_1_631' title='bbox 2694 4326 2786 4396; x_wconf 91' lang='lat' dir='ltr'><strong>qui</strong></span> <span class='ocrx_word' id='word_1_632' title='bbox 2819 4326 2962 4380; x_wconf 87' lang='lat' dir='ltr'><strong>inter</strong></span> <span class='ocrx_word' id='word_1_633' title='bbox 3004 4323 3127 4379; x_wconf 91' lang='lat' dir='ltr'><strong>illos</strong></span> <span class='ocrx_word' id='word_1_634' title='bbox 3159 4324 3296 4376; x_wconf 89' lang='lat' dir='ltr'><strong>liber</strong></span> <span class='ocrx_word' id='word_1_635' title='bbox 3331 4330 3469 4383; x_wconf 82' lang='lat' dir='ltr'><strong>erat,</strong></span> 
     </span>
    </p>
   </div>
   <div class='ocr_carea' id='block_1_92' title="bbox 220 4414 1796 4499">
    <p class='ocr_par' dir='ltr' id='par_1_92' title="bbox 220 4428 1796 4499">
     <span class='ocr_line' id='line_1_92' title="bbox 220 4428 1796 4499; baseline 0.001 -20"><span class='ocrx_word' id='word_1_636' title='bbox 220 4429 312 4481; x_wconf 75' lang='grc' dir='ltr'><strong>λιν</strong></span> <span class='ocrx_word' id='word_1_637' title='bbox 335 4428 778 4499; x_wconf 81' lang='grc' dir='ltr'>ἀνασταυροῦται</span> <span class='ocrx_word' id='word_1_638' title='bbox 800 4429 895 4480; x_wconf 77' lang='grc' dir='ltr'>καὶ</span> <span class='ocrx_word' id='word_1_639' title='bbox 914 4428 1505 4499; x_wconf 77' lang='grc' dir='ltr'>παραδειγματίζεται,</span> <span class='ocrx_word' id='word_1_640' title='bbox 1532 4430 1629 4481; x_wconf 85' lang='grc' dir='ltr'><strong>καί</strong></span> <span class='ocrx_word' id='word_1_641' title='bbox 1644 4428 1796 4481; x_wconf 79' lang='grc' dir='ltr'>τοῦτο</span> 
     </span>
    </p>
   </div>
   <div class='ocr_carea' id='block_1_93' title="bbox 1901 4414 3472 4499">
    <p class='ocr_par' dir='ltr' id='par_1_93' title="bbox 1905 4414 3472 4493">
     <span class='ocr_line' id='line_1_93' title="bbox 1905 4414 3472 4493; baseline -0.009 -13"><span class='ocrx_word' id='word_1_642' title='bbox 1905 4442 2091 4481; x_wconf 89' lang='lat' dir='ltr'><strong>rursus</strong></span> <span class='ocrx_word' id='word_1_643' title='bbox 2155 4424 2531 4493; x_wconf 79' lang='lat' dir='ltr'><strong>cruciﬁgitur,</strong></span> <span class='ocrx_word' id='word_1_644' title='bbox 2592 4429 2646 4475; x_wconf 91' lang='lat' dir='ltr'><strong>et</strong></span> <span class='ocrx_word' id='word_1_645' title='bbox 2719 4417 3029 4486; x_wconf 87' lang='lat' dir='ltr'><strong>spectaculo</strong></span> <span class='ocrx_word' id='word_1_646' title='bbox 3106 4414 3472 4484; x_wconf 88' lang='lat' dir='ltr'><strong>proponitur;</strong></span> 
     </span>
    </p>
   </div>
   <div class='ocr_carea' id='block_1_94' title="bbox 222 4518 1801 4589">
    <p class='ocr_par' dir='ltr' id='par_1_94' title="bbox 222 4518 1801 4589">
     <span class='ocr_line' id='line_1_94' title="bbox 222 4518 1801 4589; baseline 0 -18"><span class='ocrx_word' id='word_1_647' title='bbox 222 4520 324 4589; x_wconf 72' lang='grc' dir='ltr'><strong>οὐχ</strong></span> <span class='ocrx_word' id='word_1_648' title='bbox 376 4518 552 4584; x_wconf 73' lang='grc' dir='ltr'>ἅπαξ,</span> <span class='ocrx_word' id='word_1_649' title='bbox 605 4519 741 4572; x_wconf 81' lang='grc' dir='ltr'>ἀλλὰ</span> <span class='ocrx_word' id='word_1_650' title='bbox 784 4520 883 4572; x_wconf 73' lang='grc' dir='ltr'>καὶ</span> <span class='ocrx_word' id='word_1_651' title='bbox 938 4520 1200 4582; x_wconf 81' lang='grc' dir='ltr'>πολλάκις</span> <span class='ocrx_word' id='word_1_652' title='bbox 1255 4520 1350 4572; x_wconf 71' lang='grc' dir='ltr'>καὶ</span> <span class='ocrx_word' id='word_1_653' title='bbox 1408 4521 1515 4584; x_wconf 75' lang='grc' dir='ltr'>ἀεὶ,</span> <span class='ocrx_word' id='word_1_654' title='bbox 1546 4521 1671 4573; x_wconf 80' lang='grc' dir='ltr'>ὅσον</span> <span class='ocrx_word' id='word_1_655' title='bbox 1706 4521 1801 4572; x_wconf 74' lang='grc' dir='ltr'><strong>καὶ</strong></span> 
     </span>
    </p>
   </div>
   <div class='ocr_carea' id='block_1_95' title="bbox 222 4610 1802 4681">
    <p class='ocr_par' dir='ltr' id='par_1_95' title="bbox 222 4610 1802 4681">
     <span class='ocr_line' id='line_1_95' title="bbox 222 4610 1802 4681; baseline 0.001 -18"><span class='ocrx_word' id='word_1_656' title='bbox 222 4610 595 4673; x_wconf 75' lang='grc' dir='ltr'>εἰκονίζεσθαι</span> <span class='ocrx_word' id='word_1_657' title='bbox 628 4610 994 4681; x_wconf 81' lang='grc' dir='ltr'>συμϐήσεται.</span> <span class='ocrx_word' id='word_1_658' title='bbox 1028 4611 1101 4664; x_wconf 85' lang='grc' dir='ltr'>Τὸ</span> <span class='ocrx_word' id='word_1_659' title='bbox 1138 4610 1194 4664; x_wconf 79' lang='grc' dir='ltr'><strong>δὲ</strong></span> <span class='ocrx_word' id='word_1_660' title='bbox 1238 4611 1445 4680; x_wconf 60' lang='grc' dir='ltr'>ἄψυχον</span> <span class='ocrx_word' id='word_1_661' title='bbox 1503 4613 1666 4681; x_wconf 76' lang='grc' dir='ltr'>φήσει</span> <span class='ocrx_word' id='word_1_662' title='bbox 1718 4628 1802 4674; x_wconf 85' lang='grc' dir='ltr'><strong>τις</strong></span> 
     </span>
    </p>
   </div>
   <div class='ocr_carea' id='block_1_96' title="bbox 225 4702 1801 4773">
    <p class='ocr_par' dir='ltr' id='par_1_96' title="bbox 225 4702 1801 4773">
     <span class='ocr_line' id='line_1_96' title="bbox 225 4702 1801 4773; baseline -0.001 -17"><span class='ocrx_word' id='word_1_663' title='bbox 225 4704 362 4773; x_wconf 70' lang='grc' dir='ltr'><strong>μηδὲ</strong></span> <span class='ocrx_word' id='word_1_664' title='bbox 399 4703 749 4772; x_wconf 78' lang='grc' dir='ltr'>μετοίχεσθαί</span> <span class='ocrx_word' id='word_1_665' title='bbox 806 4721 920 4767; x_wconf 84' lang='grc' dir='ltr'>ποι,</span> <span class='ocrx_word' id='word_1_666' title='bbox 954 4704 1213 4773; x_wconf 80' lang='grc' dir='ltr'>ἀκίνητόν</span> <span class='ocrx_word' id='word_1_667' title='bbox 1244 4720 1307 4770; x_wconf 91' lang='grc' dir='ltr'><strong>γε</strong></span> <span class='ocrx_word' id='word_1_668' title='bbox 1358 4702 1440 4768; x_wconf 80' lang='grc' dir='ltr'>ὃν,</span> <span class='ocrx_word' id='word_1_669' title='bbox 1486 4704 1580 4756; x_wconf 73' lang='grc' dir='ltr'>καὶ</span> <span class='ocrx_word' id='word_1_670' title='bbox 1633 4721 1801 4773; x_wconf 73' lang='grc' dir='ltr'>μετα-</span> 
     </span>
    </p>
   </div>
   <div class='ocr_carea' id='block_1_97' title="bbox 223 4788 1797 4864">
    <p class='ocr_par' dir='ltr' id='par_1_97' title="bbox 223 4788 1797 4864">
     <span class='ocr_line' id='line_1_97' title="bbox 223 4788 1797 4864; baseline -0.001 -18"><span class='ocrx_word' id='word_1_671' title='bbox 223 4795 440 4848; x_wconf 73' lang='grc' dir='ltr'>ϐαίνειν</span> <span class='ocrx_word' id='word_1_672' title='bbox 480 4796 580 4864; x_wconf 83' lang='grc' dir='ltr'><strong>οὐχ</strong></span> <span class='ocrx_word' id='word_1_673' title='bbox 626 4788 739 4847; x_wconf 72' lang='grc' dir='ltr'>οἷόν</span> <span class='ocrx_word' id='word_1_674' title='bbox 776 4812 855 4849; x_wconf 87' lang='grc' dir='ltr'>τε.</span> <span class='ocrx_word' id='word_1_675' title='bbox 907 4796 1051 4864; x_wconf 83' lang='grc' dir='ltr'>Πρὸς</span> <span class='ocrx_word' id='word_1_676' title='bbox 1082 4794 1162 4856; x_wconf 80' lang='grc' dir='ltr'>δὲ,</span> <span class='ocrx_word' id='word_1_677' title='bbox 1212 4795 1309 4847; x_wconf 69' lang='grc' dir='ltr'>καὶ</span> <span class='ocrx_word' id='word_1_678' title='bbox 1368 4793 1565 4863; x_wconf 78' lang='grc' dir='ltr'>ἄδηλον</span> <span class='ocrx_word' id='word_1_679' title='bbox 1593 4795 1732 4847; x_wconf 80' lang='grc' dir='ltr'>ὃπου</span> <span class='ocrx_word' id='word_1_680' title='bbox 1765 4796 1797 4863; x_wconf 80' lang='grc' dir='ltr'>ἠ</span> 
     </span>
    </p>
   </div>
   <div class='ocr_carea' id='block_1_98' title="bbox 224 4885 1803 4957">
    <p class='ocr_par' dir='ltr' id='par_1_98' title="bbox 224 4885 1803 4957">
     <span class='ocr_line' id='line_1_98' title="bbox 224 4885 1803 4957; baseline 0.001 -19"><span class='ocrx_word' id='word_1_681' title='bbox 224 4888 373 4957; x_wconf 59' lang='grc' dir='ltr'><strong>ψυχὴ</strong></span> <span class='ocrx_word' id='word_1_682' title='bbox 419 4887 838 4956; x_wconf 80' lang='grc' dir='ltr'>μεταστήσεται.</span> <span class='ocrx_word' id='word_1_683' title='bbox 882 4887 944 4938; x_wconf 82' lang='lat' dir='ltr'><strong>El</strong></span> <span class='ocrx_word' id='word_1_684' title='bbox 976 4887 1085 4956; x_wconf 69' lang='grc' dir='ltr'>γὰρ</span> <span class='ocrx_word' id='word_1_685' title='bbox 1120 4887 1209 4938; x_wconf 69' lang='grc' dir='ltr'>τὸν</span> <span class='ocrx_word' id='word_1_686' title='bbox 1237 4885 1412 4954; x_wconf 87' lang='grc' dir='ltr'>Λόγον</span> <span class='ocrx_word' id='word_1_687' title='bbox 1452 4885 1803 4955; x_wconf 77' lang='grc' dir='ltr'>ἀναπληροῦν</span> 
     </span>
    </p>
   </div>
   <div class='ocr_carea' id='block_1_99' title="bbox 227 4976 1804 5048">
    <p class='ocr_par' dir='ltr' id='par_1_99' title="bbox 227 4976 1804 5048">
     <span class='ocr_line' id='line_1_99' title="bbox 227 4976 1804 5048; baseline -0.001 -17"><span class='ocrx_word' id='word_1_688' title='bbox 227 4981 317 5032; x_wconf 68' lang='grc' dir='ltr'>τὸν</span> <span class='ocrx_word' id='word_1_689' title='bbox 347 4978 454 5048; x_wconf 78' lang='grc' dir='ltr'>τῆς</span> <span class='ocrx_word' id='word_1_690' title='bbox 505 4976 683 5047; x_wconf 78' lang='grc' dir='ltr'>ψυχῆς</span> <span class='ocrx_word' id='word_1_691' title='bbox 733 4978 898 5030; x_wconf 86' lang='grc' dir='ltr'>τόπον</span> <span class='ocrx_word' id='word_1_692' title='bbox 936 4977 1190 5039; x_wconf 76' lang='grc' dir='ltr'>δώσουσι,</span> <span class='ocrx_word' id='word_1_693' title='bbox 1227 4977 1416 5047; x_wconf 84' lang='grc' dir='ltr'>σαφῶς</span> <span class='ocrx_word' id='word_1_694' title='bbox 1448 4978 1543 5046; x_wconf 82' lang='grc' dir='ltr'>τῆς</span> <span class='ocrx_word' id='word_1_695' title='bbox 1585 4978 1804 5048; x_wconf 82' lang='grc' dir='ltr'>Ἀρεια-</span> 
     </span>
    </p>
   </div>
   <div class='ocr_carea' id='block_1_100' title="bbox 223 5066 1806 5140">
    <p class='ocr_par' dir='ltr' id='par_1_100' title="bbox 223 5066 1806 5140">
     <span class='ocr_line' id='line_1_100' title="bbox 223 5066 1806 5140; baseline -0.004 -16"><span class='ocrx_word' id='word_1_696' title='bbox 223 5072 385 5140; x_wconf 72' lang='grc' dir='ltr'>νεκῆς</span> <span class='ocrx_word' id='word_1_697' title='bbox 422 5067 620 5139; x_wconf 83' lang='grc' dir='ltr'>μανίας</span> <span class='ocrx_word' id='word_1_698' title='bbox 647 5067 707 5120; x_wconf 82' lang='grc' dir='ltr'>τὸ</span> <span class='ocrx_word' id='word_1_699' title='bbox 728 5067 907 5137; x_wconf 75' lang='grc' dir='ltr'>δόγμα</span> <span class='ocrx_word' id='word_1_700' title='bbox 942 5067 1318 5121; x_wconf 84' lang='grc' dir='ltr'>ὑπολείπεται.</span> <span class='ocrx_word' id='word_1_701' title='bbox 1366 5067 1429 5120; x_wconf 78' lang='lat' dir='ltr'><strong>Ei</strong></span> <span class='ocrx_word' id='word_1_702' title='bbox 1476 5068 1534 5119; x_wconf 79' lang='grc' dir='ltr'>δὲ</span> <span class='ocrx_word' id='word_1_703' title='bbox 1566 5066 1806 5137; x_wconf 74' lang='grc' dir='ltr'>ἔμψυχος</span> 
     </span>
    </p>
   </div>
   <div class='ocr_carea' id='block_1_101' title="bbox 226 5156 1808 5232">
    <p class='ocr_par' dir='ltr' id='par_1_101' title="bbox 226 5156 1808 5232">
     <span class='ocr_line' id='line_1_101' title="bbox 226 5156 1808 5232; baseline -0.001 -19"><span class='ocrx_word' id='word_1_704' title='bbox 226 5163 669 5232; x_wconf 72' lang='grc' dir='ltr'>ἀπορῤήγννται,</span> <span class='ocrx_word' id='word_1_705' title='bbox 724 5158 828 5213; x_wconf 83' lang='grc' dir='ltr'><strong>ποῦ</strong></span> <span class='ocrx_word' id='word_1_706' title='bbox 869 5177 998 5212; x_wconf 87' lang='grc' dir='ltr'>ποτε</span> <span class='ocrx_word' id='word_1_707' title='bbox 1031 5156 1139 5230; x_wconf 79' lang='grc' dir='ltr'>ἆρα</span> <span class='ocrx_word' id='word_1_708' title='bbox 1171 5159 1511 5230; x_wconf 81' lang='grc' dir='ltr'>ἀποιχομένη</span> <span class='ocrx_word' id='word_1_709' title='bbox 1556 5177 1808 5230; x_wconf 76' lang='grc' dir='ltr'>προσχω-</span> 
     </span>
    </p>
   </div>
   <div class='ocr_carea' id='block_1_102' title="bbox 227 5250 1808 5323">
    <p class='ocr_par' dir='ltr' id='par_1_102' title="bbox 227 5250 1808 5323">
     <span class='ocr_line' id='line_1_102' title="bbox 227 5250 1808 5323; baseline -0.001 -18"><span class='ocrx_word' id='word_1_710' title='bbox 227 5253 443 5323; x_wconf 78' lang='grc' dir='ltr'>ρήσειε,</span> <span class='ocrx_word' id='word_1_711' title='bbox 503 5252 602 5322; x_wconf 82' lang='grc' dir='ltr'><strong>τῆς</strong></span> <span class='ocrx_word' id='word_1_712' title='bbox 644 5251 874 5305; x_wconf 73' lang='grc' dir='ltr'>ἐκείνων</span> <span class='ocrx_word' id='word_1_713' title='bbox 917 5254 1112 5322; x_wconf 85' lang='grc' dir='ltr'>μανίας</span> <span class='ocrx_word' id='word_1_714' title='bbox 1137 5253 1314 5305; x_wconf 75' lang='grc' dir='ltr'>εἰπεῖν</span> <span class='ocrx_word' id='word_1_715' title='bbox 1359 5250 1673 5305; x_wconf 75' lang='grc' dir='ltr'>ἀκόλουθον.</span> <span class='ocrx_word' id='word_1_716' title='bbox 1718 5253 1808 5315; x_wconf 85' lang='grc' dir='ltr'>Ὠς</span> 
     </span>
    </p>
   </div>
   <div class='ocr_carea' id='block_1_103' title="bbox 226 5342 1809 5414">
    <p class='ocr_par' dir='ltr' id='par_1_103' title="bbox 226 5342 1809 5414">
     <span class='ocr_line' id='line_1_103' title="bbox 226 5342 1809 5414; baseline -0.001 -15"><span class='ocrx_word' id='word_1_717' title='bbox 226 5348 339 5414; x_wconf 80' lang='grc' dir='ltr'>ἄρα</span> <span class='ocrx_word' id='word_1_718' title='bbox 382 5342 516 5398; x_wconf 76' lang='grc' dir='ltr'>ἔνθα</span> <span class='ocrx_word' id='word_1_719' title='bbox 572 5344 634 5397; x_wconf 75' lang='grc' dir='ltr'>τὺ</span> <span class='ocrx_word' id='word_1_720' title='bbox 680 5344 901 5396; x_wconf 80' lang='grc' dir='ltr'>πάντων</span> <span class='ocrx_word' id='word_1_721' title='bbox 967 5344 1299 5396; x_wconf 78' lang='grc' dir='ltr'>οἰκειότατον</span> <span class='ocrx_word' id='word_1_722' title='bbox 1361 5344 1452 5397; x_wconf 78' lang='grc' dir='ltr'><strong>καὶ</strong></span> <span class='ocrx_word' id='word_1_723' title='bbox 1511 5343 1809 5412; x_wconf 73' lang='grc' dir='ltr'>ἐγγύτατον</span> 
     </span>
    </p>
   </div>
   <div class='ocr_carea' id='block_1_104' title="bbox 227 5436 1609 5507">
    <p class='ocr_par' dir='ltr' id='par_1_104' title="bbox 227 5436 1609 5507">
     <span class='ocr_line' id='line_1_104' title="bbox 227 5436 1609 5507; baseline -0.001 -16"><span class='ocrx_word' id='word_1_724' title='bbox 227 5437 537 5506; x_wconf 73' lang='grc' dir='ltr'>ἐναὺλισμα</span> <span class='ocrx_word' id='word_1_725' title='bbox 570 5436 704 5507; x_wconf 79' lang='grc' dir='ltr'>παρ’</span> <span class='ocrx_word' id='word_1_726' title='bbox 738 5436 923 5499; x_wconf 81' lang='grc' dir='ltr'>αὐτοῖς</span> <span class='ocrx_word' id='word_1_727' title='bbox 952 5436 1307 5505; x_wconf 78' lang='grc' dir='ltr'>νομιζόμενον</span> <span class='ocrx_word' id='word_1_728' title='bbox 1331 5437 1609 5505; x_wconf 77' lang='grc' dir='ltr'>τυγχάνει.</span> 
     </span>
    </p>
   </div>
   <div class='ocr_carea' id='block_1_105' title="bbox 307 5526 1808 5598">
    <p class='ocr_par' dir='ltr' id='par_1_105' title="bbox 307 5526 1808 5598">
     <span class='ocr_line' id='line_1_105' title="bbox 307 5526 1808 5598; baseline -0.001 -19"><span class='ocrx_word' id='word_1_729' title='bbox 307 5528 374 5579; x_wconf 82' lang='grc' dir='ltr'>Τί</span> <span class='ocrx_word' id='word_1_730' title='bbox 400 5527 456 5579; x_wconf 81' lang='grc' dir='ltr'><strong>δὲ</strong></span> <span class='ocrx_word' id='word_1_731' title='bbox 478 5526 638 5579; x_wconf 73' lang='grc' dir='ltr'>τοῦτό</span> <span class='ocrx_word' id='word_1_732' title='bbox 661 5528 842 5590; x_wconf 56' lang='lat' dir='ltr'><strong>estw;</strong></span> <span class='ocrx_word' id='word_1_733' title='bbox 881 5527 1096 5597; x_wconf 70' lang='grc' dir='ltr'>Ἐπειδὴ</span> <span class='ocrx_word' id='word_1_734' title='bbox 1122 5528 1401 5597; x_wconf 72' lang='grc' dir='ltr'>βούλονται</span> <span class='ocrx_word' id='word_1_735' title='bbox 1419 5528 1495 5597; x_wconf 82' lang='grc' dir='ltr'>τῷ</span> <span class='ocrx_word' id='word_1_736' title='bbox 1516 5528 1808 5598; x_wconf 73' lang='grc' dir='ltr'>ἀρχετύπῳ</span> 
     </span>
    </p>
   </div>
   <div class='ocr_carea' id='block_1_106' title="bbox 233 5616 1810 5688">
    <p class='ocr_par' dir='ltr' id='par_1_106' title="bbox 233 5616 1810 5688">
     <span class='ocr_line' id='line_1_106' title="bbox 233 5616 1810 5688; baseline 0.001 -19"><span class='ocrx_word' id='word_1_737' title='bbox 233 5619 439 5671; x_wconf 69' lang='grc' dir='ltr'>ταὺτδν</span> <span class='ocrx_word' id='word_1_738' title='bbox 458 5616 602 5671; x_wconf 77' lang='grc' dir='ltr'>εἶναι</span> <span class='ocrx_word' id='word_1_739' title='bbox 642 5617 877 5686; x_wconf 78' lang='grc' dir='ltr'>μάλιστα</span> <span class='ocrx_word' id='word_1_740' title='bbox 902 5618 961 5669; x_wconf 54' lang='grc' dir='ltr'><strong>τι</strong></span> <span class='ocrx_word' id='word_1_741' title='bbox 993 5618 1358 5687; x_wconf 77' lang='grc' dir='ltr'>ἐξεικόνισμα,</span> <span class='ocrx_word' id='word_1_742' title='bbox 1401 5620 1494 5671; x_wconf 76' lang='grc' dir='ltr'><strong>καὶ</strong></span> <span class='ocrx_word' id='word_1_743' title='bbox 1523 5619 1810 5688; x_wconf 59' lang='grc' dir='ltr'>ἀμφότερα</span> 
     </span>
    </p>
   </div>
   <div class='ocr_carea' id='block_1_107' title="bbox 238 5709 1812 5781">
    <p class='ocr_par' dir='ltr' id='par_1_107' title="bbox 238 5709 1812 5781">
     <span class='ocr_line' id='line_1_107' title="bbox 238 5709 1812 5781; baseline -0.001 -19"><span class='ocrx_word' id='word_1_744' title='bbox 238 5711 515 5779; x_wconf 62' lang='grc' dir='ltr'>ὑπάρχειν</span> <span class='ocrx_word' id='word_1_745' title='bbox 542 5709 825 5778; x_wconf 70' lang='grc' dir='ltr'>ἑιμοούπια,</span> <span class='ocrx_word' id='word_1_746' title='bbox 861 5711 951 5762; x_wconf 80' lang='grc' dir='ltr'><strong>καί</strong></span> <span class='ocrx_word' id='word_1_747' title='bbox 982 5711 1155 5764; x_wconf 61' lang='grc' dir='ltr'>οὐδενὶ</span> <span class='ocrx_word' id='word_1_748' title='bbox 1193 5711 1289 5779; x_wconf 75' lang='grc' dir='ltr'><strong>τὴν</strong></span> <span class='ocrx_word' id='word_1_749' title='bbox 1319 5712 1581 5781; x_wconf 53' lang='grc' dir='ltr'>διαξορὰν</span> <span class='ocrx_word' id='word_1_750' title='bbox 1615 5712 1812 5781; x_wconf 65' lang='grc' dir='ltr'><strong>κεῖςτῆ-</strong></span> 
     </span>
    </p>
   </div>
   <div class='ocr_carea' id='block_1_108' title="bbox 1904 4508 3476 4587">
    <p class='ocr_par' dir='ltr' id='par_1_108' title="bbox 1904 4508 3476 4587">
     <span class='ocr_line' id='line_1_108' title="bbox 1904 4508 3476 4587; baseline -0.009 -16"><span class='ocrx_word' id='word_1_751' title='bbox 1904 4533 2075 4587; x_wconf 76' lang='lat' dir='ltr'><strong>nrque</strong></span> <span class='ocrx_word' id='word_1_752' title='bbox 2120 4517 2220 4570; x_wconf 92' lang='lat' dir='ltr'><strong>hoc</strong></span> <span class='ocrx_word' id='word_1_753' title='bbox 2251 4514 2440 4576; x_wconf 90' lang='lat' dir='ltr'><strong>semel,</strong></span> <span class='ocrx_word' id='word_1_754' title='bbox 2467 4512 2556 4567; x_wconf 88' lang='lat' dir='ltr'><strong>sed</strong></span> <span class='ocrx_word' id='word_1_755' title='bbox 2595 4524 2736 4579; x_wconf 68' lang='lat' dir='ltr'><strong>stepe</strong></span> <span class='ocrx_word' id='word_1_756' title='bbox 2762 4525 2825 4564; x_wconf 89' lang='lat' dir='ltr'><strong>ac</strong></span> <span class='ocrx_word' id='word_1_757' title='bbox 2854 4523 3086 4577; x_wconf 86' lang='lat' dir='ltr'><strong>semper,</strong></span> <span class='ocrx_word' id='word_1_758' title='bbox 3123 4508 3476 4577; x_wconf 82' lang='lat' dir='ltr'><strong>quotiescun-</strong></span> 
     </span>
    </p>
   </div>
   <div class='ocr_carea' id='block_1_109' title="bbox 1903 4597 3478 4677">
    <p class='ocr_par' dir='ltr' id='par_1_109' title="bbox 1903 4597 3478 4677">
     <span class='ocr_line' id='line_1_109' title="bbox 1903 4597 3478 4677; baseline -0.008 -18"><span class='ocrx_word' id='word_1_759' title='bbox 1903 4626 2006 4677; x_wconf 87' lang='lat' dir='ltr'><strong>que</strong></span> <span class='ocrx_word' id='word_1_760' title='bbox 2060 4606 2278 4677; x_wconf 82' lang='lat' dir='ltr'><strong>tigurari</strong></span> <span class='ocrx_word' id='word_1_761' title='bbox 2322 4603 2628 4672; x_wconf 83' lang='lat' dir='ltr'><strong>contigerit.</strong></span> <span class='ocrx_word' id='word_1_762' title='bbox 2691 4600 2859 4654; x_wconf 83' lang='lat' dir='ltr'><strong>Porro</strong></span> <span class='ocrx_word' id='word_1_763' title='bbox 2908 4599 3291 4661; x_wconf 85' lang='lat' dir='ltr'><strong>inanintatum,</strong></span> <span class='ocrx_word' id='word_1_764' title='bbox 3332 4597 3478 4650; x_wconf 87' lang='lat' dir='ltr'><strong>dicet</strong></span> 
     </span>
    </p>
   </div>
   <div class='ocr_carea' id='block_1_110' title="bbox 1904 4697 3476 4771">
    <p class='ocr_par' dir='ltr' id='par_1_110' title="bbox 1904 4697 3476 4771">
     <span class='ocr_line' id='line_1_110' title="bbox 1904 4697 3476 4771; baseline -0.01 -17"><span class='ocrx_word' id='word_1_765' title='bbox 1904 4702 2121 4771; x_wconf 73' lang='lat' dir='ltr'><strong>aliquis.</strong></span> <span class='ocrx_word' id='word_1_766' title='bbox 2194 4714 2291 4751; x_wconf 87' lang='lat' dir='ltr'><strong>nec</strong></span> <span class='ocrx_word' id='word_1_767' title='bbox 2337 4697 2710 4764; x_wconf 74' lang='lat' dir='ltr'><strong>aliquoversus</strong></span> <span class='ocrx_word' id='word_1_768' title='bbox 2763 4706 2991 4761; x_wconf 78' lang='lat' dir='ltr'><strong>pergere</strong></span> <span class='ocrx_word' id='word_1_769' title='bbox 3039 4699 3258 4759; x_wconf 89' lang='lat' dir='ltr'><strong>propter</strong></span> <span class='ocrx_word' id='word_1_770' title='bbox 3322 4702 3476 4741; x_wconf 88' lang='lat' dir='ltr'><strong>suam</strong></span> 
     </span>
    </p>
   </div>
   <div class='ocr_carea' id='block_1_111' title="bbox 1906 4782 3479 4859">
    <p class='ocr_par' dir='ltr' id='par_1_111' title="bbox 1906 4782 3479 4859">
     <span class='ocr_line' id='line_1_111' title="bbox 1906 4782 3479 4859; baseline -0.01 -9"><span class='ocrx_word' id='word_1_771' title='bbox 1906 4792 2338 4850; x_wconf 84' lang='lat' dir='ltr'><strong>immobilitatem</strong></span> <span class='ocrx_word' id='word_1_772' title='bbox 2393 4799 2597 4859; x_wconf 88' lang='lat' dir='ltr'><strong>potest,</strong></span> <span class='ocrx_word' id='word_1_773' title='bbox 2663 4800 2838 4855; x_wconf 84' lang='lat' dir='ltr'><strong>neque</strong></span> <span class='ocrx_word' id='word_1_774' title='bbox 2900 4782 3197 4837; x_wconf 70' lang='lat' dir='ltr'><strong>transilire.</strong></span> <span class='ocrx_word' id='word_1_775' title='bbox 3251 4783 3479 4847; x_wconf 80' lang='lat' dir='ltr'><strong>Insuper</strong></span> 
     </span>
    </p>
   </div>
   <div class='ocr_carea' id='block_1_112' title="bbox 1908 4872 3470 4954">
    <p class='ocr_par' dir='ltr' id='par_1_112' title="bbox 1908 4872 3470 4954">
     <span class='ocr_line' id='line_1_112' title="bbox 1908 4872 3470 4954; baseline -0.01 -13"><span class='ocrx_word' id='word_1_776' title='bbox 1908 4887 2306 4954; x_wconf 77' lang='lat' dir='ltr'><strong>inexploratum</strong></span> <span class='ocrx_word' id='word_1_777' title='bbox 2361 4890 2482 4945; x_wconf 86' lang='lat' dir='ltr'><strong>est,</strong></span> <span class='ocrx_word' id='word_1_778' title='bbox 2526 4896 2758 4948; x_wconf 83' lang='lat' dir='ltr'><strong>quonam</strong></span> <span class='ocrx_word' id='word_1_779' title='bbox 2796 4892 2855 4932; x_wconf 85' lang='lat' dir='ltr'><strong>se</strong></span> <span class='ocrx_word' id='word_1_780' title='bbox 2916 4876 3091 4928; x_wconf 85' lang='lat' dir='ltr'><strong>anima</strong></span> <span class='ocrx_word' id='word_1_781' title='bbox 3159 4872 3470 4926; x_wconf 76' lang='lat' dir='ltr'><strong>transferet.</strong></span> 
     </span>
    </p>
   </div>
   <div class='ocr_carea' id='block_1_113' title="bbox 1906 4967 3473 5035">
    <p class='ocr_par' dir='ltr' id='par_1_113' title="bbox 1906 4967 3473 5035">
     <span class='ocr_line' id='line_1_113' title="bbox 1906 4967 3473 5035; baseline -0.011 -2"><span class='ocrx_word' id='word_1_782' title='bbox 1906 4981 2037 5035; x_wconf 72' lang='lat' dir='ltr'><strong>Nam</strong></span> <span class='ocrx_word' id='word_1_783' title='bbox 2091 4982 2135 5033; x_wconf 89' lang='lat' dir='ltr'><strong>si</strong></span> <span class='ocrx_word' id='word_1_784' title='bbox 2187 4977 2326 5033; x_wconf 74' lang='lat' dir='ltr'><strong>forte</strong></span> <span class='ocrx_word' id='word_1_785' title='bbox 2371 4976 2539 5030; x_wconf 85' lang='lat' dir='ltr'><strong>velint</strong></span> <span class='ocrx_word' id='word_1_786' title='bbox 2612 4975 2841 5029; x_wconf 85' lang='lat' dir='ltr'><strong>Verbum</strong></span> <span class='ocrx_word' id='word_1_787' title='bbox 2898 4971 3092 5023; x_wconf 73' lang='lat' dir='ltr'><strong>anima:</strong></span> <span class='ocrx_word' id='word_1_788' title='bbox 3148 4967 3266 5020; x_wconf 86' lang='lat' dir='ltr'><strong>loco</strong></span> <span class='ocrx_word' id='word_1_789' title='bbox 3321 4978 3473 5025; x_wconf 72' lang='lat' dir='ltr'><strong>esse,</strong></span> 
     </span>
    </p>
   </div>
   <div class='ocr_carea' id='block_1_114' title="bbox 1910 5057 3474 5129">
    <p class='ocr_par' dir='ltr' id='par_1_114' title="bbox 1910 5057 3474 5129">
     <span class='ocr_line' id='line_1_114' title="bbox 1910 5057 3474 5129; baseline -0.011 -2"><span class='ocrx_word' id='word_1_790' title='bbox 1910 5072 2193 5127; x_wconf 84' lang='lat' dir='ltr'><strong>manifeste</strong></span> <span class='ocrx_word' id='word_1_791' title='bbox 2251 5071 2375 5125; x_wconf 89' lang='lat' dir='ltr'><strong>hinc</strong></span> <span class='ocrx_word' id='word_1_792' title='bbox 2413 5069 2626 5122; x_wconf 62' lang='lat' dir='ltr'><strong>Arianae</strong></span> <span class='ocrx_word' id='word_1_793' title='bbox 2668 5068 2940 5120; x_wconf 66' lang='lat' dir='ltr'><strong>hmrcseos</strong></span> <span class='ocrx_word' id='word_1_794' title='bbox 2995 5063 3190 5129; x_wconf 80' lang='lat' dir='ltr'><strong>dogma</strong></span> <span class='ocrx_word' id='word_1_795' title='bbox 3240 5057 3474 5110; x_wconf 76' lang='lat' dir='ltr'><strong>exsistit.</strong></span> 
     </span>
    </p>
   </div>
   <div class='ocr_carea' id='block_1_115' title="bbox 1913 5156 3479 5219">
    <p class='ocr_par' dir='ltr' id='par_1_115' title="bbox 1913 5156 3479 5219">
     <span class='ocr_line' id='line_1_115' title="bbox 1913 5156 3479 5219; baseline -0.012 0"><span class='ocrx_word' id='word_1_796' title='bbox 1913 5165 2005 5219; x_wconf 90' lang='lat' dir='ltr'><strong>Sin</strong></span> <span class='ocrx_word' id='word_1_797' title='bbox 2032 5167 2267 5217; x_wconf 86' lang='lat' dir='ltr'><strong>animata</strong></span> <span class='ocrx_word' id='word_1_798' title='bbox 2302 5164 2533 5215; x_wconf 87' lang='lat' dir='ltr'><strong>humana</strong></span> <span class='ocrx_word' id='word_1_799' title='bbox 2568 5158 2770 5212; x_wconf 86' lang='lat' dir='ltr'><strong>Christi</strong></span> <span class='ocrx_word' id='word_1_800' title='bbox 2803 5156 2976 5209; x_wconf 78' lang='lat' dir='ltr'><strong>forma</strong></span> <span class='ocrx_word' id='word_1_801' title='bbox 2999 5161 3311 5219; x_wconf 84' lang='lat' dir='ltr'><strong>separatur,</strong></span> <span class='ocrx_word' id='word_1_802' title='bbox 3339 5162 3479 5215; x_wconf 81' lang='lat' dir='ltr'><strong>quo-</strong></span> 
     </span>
    </p>
   </div>
   <div class='ocr_carea' id='block_1_116' title="bbox 1912 5242 3473 5321">
    <p class='ocr_par' dir='ltr' id='par_1_116' title="bbox 1912 5242 3473 5321">
     <span class='ocr_line' id='line_1_116' title="bbox 1912 5242 3473 5321; baseline -0.013 -10"><span class='ocrx_word' id='word_1_803' title='bbox 1912 5270 2033 5311; x_wconf 87' lang='lat' dir='ltr'><strong>nam</strong></span> <span class='ocrx_word' id='word_1_804' title='bbox 2070 5254 2304 5321; x_wconf 88' lang='lat' dir='ltr'><strong>denique</strong></span> <span class='ocrx_word' id='word_1_805' title='bbox 2338 5254 2438 5306; x_wconf 90' lang='lat' dir='ltr'><strong>ista</strong></span> <span class='ocrx_word' id='word_1_806' title='bbox 2470 5253 2649 5311; x_wconf 78' lang='lat' dir='ltr'><strong>abeat,</strong></span> <span class='ocrx_word' id='word_1_807' title='bbox 2698 5248 2927 5300; x_wconf 78' lang='lat' dir='ltr'><strong>istorum</strong></span> <span class='ocrx_word' id='word_1_808' title='bbox 2974 5242 3200 5296; x_wconf 63' lang='lat' dir='ltr'><strong>insaniae</strong></span> <span class='ocrx_word' id='word_1_809' title='bbox 3246 5253 3473 5293; x_wconf 86' lang='lat' dir='ltr'><strong>consen-</strong></span> 
     </span>
    </p>
   </div>
   <div class='ocr_carea' id='block_1_117' title="bbox 1912 5330 3476 5399">
    <p class='ocr_par' dir='ltr' id='par_1_117' title="bbox 1912 5330 3476 5399">
     <span class='ocr_line' id='line_1_117' title="bbox 1912 5330 3476 5399; baseline -0.011 0"><span class='ocrx_word' id='word_1_810' title='bbox 1912 5356 2127 5399; x_wconf 80' lang='lat' dir='ltr'><strong>taneum</strong></span> <span class='ocrx_word' id='word_1_811' title='bbox 2162 5344 2267 5399; x_wconf 83' lang='lat' dir='ltr'><strong>erit</strong></span> <span class='ocrx_word' id='word_1_812' title='bbox 2305 5344 2504 5395; x_wconf 79' lang='lat' dir='ltr'><strong>dicere.</strong></span> <span class='ocrx_word' id='word_1_813' title='bbox 2543 5338 2766 5393; x_wconf 57' lang='lat' dir='ltr'><strong>Scilicet</strong></span> <span class='ocrx_word' id='word_1_814' title='bbox 2801 5338 2887 5390; x_wconf 91' lang='lat' dir='ltr'><strong>hic</strong></span> <span class='ocrx_word' id='word_1_815' title='bbox 2950 5333 3185 5387; x_wconf 73' lang='lat' dir='ltr'><strong>maxime</strong></span> <span class='ocrx_word' id='word_1_816' title='bbox 3220 5330 3476 5399; x_wconf 81' lang='lat' dir='ltr'><strong>proprius</strong></span> 
     </span>
    </p>
   </div>
   <div class='ocr_carea' id='block_1_118' title="bbox 1911 5421 3334 5500">
    <p class='ocr_par' dir='ltr' id='par_1_118' title="bbox 1911 5421 3334 5500">
     <span class='ocr_line' id='line_1_118' title="bbox 1911 5421 3334 5500; baseline -0.011 -12"><span class='ocrx_word' id='word_1_817' title='bbox 1911 5448 1964 5488; x_wconf 89' lang='lat' dir='ltr'><strong>et</strong></span> <span class='ocrx_word' id='word_1_818' title='bbox 1997 5435 2209 5497; x_wconf 83' lang='lat' dir='ltr'><strong>obvius,</strong></span> <span class='ocrx_word' id='word_1_819' title='bbox 2245 5434 2296 5485; x_wconf 88' lang='lat' dir='ltr'><strong>iu</strong></span> <span class='ocrx_word' id='word_1_820' title='bbox 2327 5447 2434 5500; x_wconf 92' lang='lat' dir='ltr'><strong>quo</strong></span> <span class='ocrx_word' id='word_1_821' title='bbox 2467 5430 2517 5482; x_wconf 94' lang='lat' dir='ltr'><strong>hi</strong></span> <span class='ocrx_word' id='word_1_822' title='bbox 2549 5437 2831 5480; x_wconf 77' lang='lat' dir='ltr'><strong>versentur</strong></span> <span class='ocrx_word' id='word_1_823' title='bbox 2858 5432 3140 5493; x_wconf 83' lang='lat' dir='ltr'><strong>reputatur</strong></span> <span class='ocrx_word' id='word_1_824' title='bbox 3163 5421 3334 5475; x_wconf 89' lang='lat' dir='ltr'><strong>locus.</strong></span> 
     </span>
    </p>
   </div>
   <div class='ocr_carea' id='block_1_119' title="bbox 1983 5506 3478 5591">
    <p class='ocr_par' dir='ltr' id='par_1_119' title="bbox 1983 5506 3478 5591">
     <span class='ocr_line' id='line_1_119' title="bbox 1983 5506 3478 5591; baseline -0.012 -15"><span class='ocrx_word' id='word_1_825' title='bbox 1983 5524 2113 5591; x_wconf 85' lang='lat' dir='ltr'><strong>Quis</strong></span> <span class='ocrx_word' id='word_1_826' title='bbox 2160 5524 2267 5585; x_wconf 85' lang='lat' dir='ltr'><strong>hic,</strong></span> <span class='ocrx_word' id='word_1_827' title='bbox 2303 5523 2544 5589; x_wconf 78' lang='lat' dir='ltr'><strong>inquam,</strong></span> <span class='ocrx_word' id='word_1_828' title='bbox 2581 5515 2771 5570; x_wconf 79' lang='lat' dir='ltr'><strong>locus?</strong></span> <span class='ocrx_word' id='word_1_829' title='bbox 2828 5512 3027 5566; x_wconf 80' lang='lat' dir='ltr'><strong>Volunt</strong></span> <span class='ocrx_word' id='word_1_830' title='bbox 3065 5509 3280 5564; x_wconf 81' lang='lat' dir='ltr'><strong>scilicet</strong></span> <span class='ocrx_word' id='word_1_831' title='bbox 3336 5506 3478 5560; x_wconf 86' lang='lat' dir='ltr'><strong>idem</strong></span> 
     </span>
    </p>
   </div>
   <div class='ocr_carea' id='block_1_120' title="bbox 1914 5604 3479 5683">
    <p class='ocr_par' dir='ltr' id='par_1_120' title="bbox 1914 5604 3479 5683">
     <span class='ocr_line' id='line_1_120' title="bbox 1914 5604 3479 5683; baseline -0.013 -13"><span class='ocrx_word' id='word_1_832' title='bbox 1914 5618 2131 5670; x_wconf 88' lang='lat' dir='ltr'><strong>omnino</strong></span> <span class='ocrx_word' id='word_1_833' title='bbox 2185 5625 2346 5683; x_wconf 86' lang='lat' dir='ltr'><strong>atque</strong></span> <span class='ocrx_word' id='word_1_834' title='bbox 2392 5613 2742 5681; x_wconf 71' lang='lat' dir='ltr'><strong>archetypum</strong></span> <span class='ocrx_word' id='word_1_835' title='bbox 2796 5622 2913 5661; x_wconf 73' lang='lat' dir='ltr'><strong>csse</strong></span> <span class='ocrx_word' id='word_1_836' title='bbox 2969 5604 3356 5665; x_wconf 81' lang='lat' dir='ltr'><strong>simulacrum,</strong></span> <span class='ocrx_word' id='word_1_837' title='bbox 3427 5609 3479 5650; x_wconf 88' lang='lat' dir='ltr'><strong>ct</strong></span> 
     </span>
    </p>
   </div>
   <div class='ocr_carea' id='block_1_121' title="bbox 1917 5694 3480 5777">
    <p class='ocr_par' dir='ltr' id='par_1_121' title="bbox 1917 5694 3480 5777">
     <span class='ocr_line' id='line_1_121' title="bbox 1917 5694 3480 5777; baseline -0.015 -13"><span class='ocrx_word' id='word_1_838' title='bbox 1917 5722 2202 5777; x_wconf 76' lang='lat' dir='ltr'><strong>uirumque</strong></span> <span class='ocrx_word' id='word_1_839' title='bbox 2256 5722 2371 5760; x_wconf 70' lang='lat' dir='ltr'><strong>t‘ssr‘</strong></span> <span class='ocrx_word' id='word_1_840' title='bbox 2422 5701 2901 5763; x_wconf 66' lang='lat' dir='ltr'><strong>iurIL-ttlistantialc,</strong></span> <span class='ocrx_word' id='word_1_841' title='bbox 2953 5697 3190 5766; x_wconf 75' lang='lat' dir='ltr'><strong>nihilth</strong></span> <span class='ocrx_word' id='word_1_842' title='bbox 3249 5694 3480 5766; x_wconf 67' lang='lat' dir='ltr'><strong>invicem</strong></span> 
     </span>
    </p>
   </div>
  </div>
