3972 6130
228 310 341 374 289

952 309 1584 371 ANTIRRHETICUS
1626 309 1651 367 Ι
1717 309 1887 369 ADV.
1930 306 2523 371 CONSTANTINUM
2562 308 2776 371 COPR.

3398 309 3510 373 290

228 419 693 492 ἀπηχθημένων,
745 418 920 489 παρὸν
972 421 1110 489 πρὶς
1148 421 1237 473 τὸν
1274 422 1574 492 γεννήτορα
1616 417 1822 471 τούτων

1944 416 2175 471 ιιιιτὶίιιις
2239 417 2521 487 persequi,
2575 432 2698 472 cum
2751 416 2885 472 satis
2937 417 3010 472 sit
3057 420 3500 488 parenti‘bortnu

230 515 441 577 εἰπεῖν,
483 514 566 565 ὅτι
592 511 657 562 Σε
691 508 972 574 τοιαύταις
1003 515 1190 582 χάρισι
1212 511 1285 564 τὰ
1312 513 1379 565 σα
1412 511 1669 578 στεφανοῖ
1696 509 1821 579 νοήο

236 622 391 676 ματα
418 620 434 635 °
462 602 748 666 τοιαύταις
781 603 1040 673 ἀμοιϐαῖς
1090 619 1149 655 σε
1192 601 1590 673 κατακροτοῦσι
1616 600 1684 653 τὰ
1713 599 1823 653 τῶν

234 696 353 749 σῶν
390 694 566 763 λόγων
593 692 705 746 τῶν
742 693 925 762 σοφῶν
958 695 1053 747 κα)¹
1099 694 1367 762 ἐντέχνων
1410 692 1776 765 προϐλήματα
1806 707 1819 720 ⁸

231 786 415 850 οὕτως
457 803 539 838 σοι
577 785 688 837 τῶν
723 783 847 849 σῶνν
884 783 1174 854 δογμάτων
1207 785 1269 836 τὸ
1299 786 1358 838 ὲν
1406 784 1610 854 θεωρίᾳ
1649 786 1823 853 ἐπηρ-

238 880 408 951 μένον
443 880 538 932 καὶ⁹
569 877 793 948 ὑψηλὸν,
836 879 917 941 εἰς
971 879 1285 950 φιλοτιμίαν
1328 880 1624 948 μέγιστονς
1677 874 1826 950 ’Λρα

235 972 300 1024 οὐ
342 956 679 1041 μεθυόντων
710 969 1120 1041 ὲκφρονέστερα
1176 971 1340 1036 ταυτὶ
1370 969 1440 1022 τὰ
1486 970 1821 1040 ληρήματα;

236 1059 356 1135 ἄρα
388 1063 497 1117 τῶν
527 1060 1011 1132 μελαγχολοόντων
1036 1060 1070 1132 ἢ
1103 1061 1482 1131 βακχευόντων
1508 1062 1609 1114 οὐκ
1629 1059 1829 1128 ἁλογώο

234 1171 378 1226 τερα
399 1171 415 1221 ;
447 1153 687 1208 Τοιαῦτα
716 1152 825 1206 τῶν
845 1154 988 1206 κατὰ
1016 1154 1108 1205 τὸν
1130 1153 1322 1223 λαιμὸν
1340 1153 1435 1207 καὶ
1461 1153 1563 1224 τὴν
1584 1154 1826 1222 γαστέρα

240 1228 661 1316 μαργαινόντων
724 1244 792 1297 τὰ
831 1245 1200 1314 ἀπηχήματαο
1238 1242 1465 1299 τοιαῦτα
1519 1243 1621 1312 τῆς
1665 1243 1827 1311 φίλης

239 1339 339 1390 καὶ
359 1338 584 1408 ἡδίστης
618 1337 857 1407 κοπρὶας
881 1336 1030 1407 αὐτῷ
1056 1338 1123 1390 τὰ
1148 1335 1427 1407 γεώργια’
1459 1336 1687 1390 τοιαῦτα
1719 1335 1828 1388 τῶν

238 1432 503 1502 ἀμέτρων
526 1428 738 1500 ἐμέτων
765 1432 861 1484 καὶ
886 1430 986 1500 τῆς
1030 1420 1301 1504 κυνῴδους
1332 1420 1548 1499 ἐκείνης
1583 1430 1677 1481 καὶ
1712 1446 1823 1498 χοι-

242 1524 401 1593 ρεὶας
428 1521 576 1591 ζωῆς
617 1520 712 1575 καὶ
743 1520 839 1574 τοῦ
868 1520 1167 1591 θηριώδους
1198 1522 1426 1593 τρόπου,
1453 1522 1522 1574 τὰ
1552 1521 1825 1589 δόγματα’

238 1613 475 1668 τοιαῦτα
508 1614 617 1667 τῶν
666 1613 878 1682 ἀλόγων
913 1613 1070 1677 ζώων
1120 1612 1567 1685 ,ίχνηλατοῦντων
1609 1613 1707 1677 τὰς
1751 1613 1828 1667 δι-

238 1704 459 1772 ιξόὸους
480 1721 493 1735 ·
521 1705 749 1757 τοιαῦτα
796 1703 904 1758 τῶν
956 1706 1073 1768 τοῖς
1107 1704 1305 1773 αἰμασι
1338 1703 1449 1757 τῶν
1479 1702 1826 1773 Χριστιανῶν

1929 508 2134 571 dicere.
2176 512 2320 579 quod
2365 507 2442 564 Te
2474 509 2636 568 donis
2691 509 3001 580 hujusmodi
3073 521 3161 564 tua
3200 525 3502 568 commenta

1928 610 2233 667 coronant;
2293 600 2386 654 tali
2428 610 2477 654 te
2523 601 2884 656 retributione
2947 611 3149 658 ornant
3188 594 3523 664 sermonum'

1931 699 2147 744 tuorum
2190 701 2299 743 tam
2328 691 2654 759 sapientium
2685 701 2740 745 et
2773 692 3174 748 elaboratorum
3214 711 3506 764 argumen-

1931 790 2018 846 ta;
2054 783 2186 836 adeo
2217 783 2313 836 tibi
2359 784 2667 853 dogtnatum
2722 792 2937 857 tuorum
2974 786 3306 854 speculativa
3334 788 3508 842 subli-

1931 875 2091 927 mitas
2124 883 2178 927 et
2224 873 2413 937 elatio,
2468 876 2690 929 maximi
2727 878 2792 929 ad
2847 877 3192 945 gloriandum
3241 882 3507 935 momenti

1928 966 2048 1020 est!
2086 965 2274 1020 Nonne
2298 966 2419 1020 hinc
2461 969 2639 1035 potius
2672 968 3008 1025 deineutiora
3041 970 3273 1025 ebriosis
3304 971 3509 1026 delira—

1923 1067 2113 1113 menta
2146 1059 2312 1113 sunt?
2358 1076 2538 1114 nonne
2570 1061 2788 1115 furiosis
2823 1074 2879 1116 et
2931 1066 3329 1119 bacchantibus
3363 1069 3508 1122 insa-

1931 1147 2123 1201 niora?
2158 1146 2222 1201 lli
2252 1158 2380 1203 sunt
2405 1149 2659 1205 videlicet
2684 1151 2918 1219 ingluvie
2940 1164 2995 1207 ct
3021 1165 3211 1209 ventre
3242 1157 3509 1226 intempo-

1932 1238 2166 1290 rantiutn
2206 1239 2483 1292 ltOminum
2517 1242 2757 1309 crepitus
2790 1263 2806 1312 ;
2838 1244 2920 1296 lite
2961 1254 3088 1297 sunt
3116 1246 3267 1299 cltat'i
3304 1247 3431 1303 huic
3455 1256 3512 1303 et

1929 1329 2225 1396 gratissimi
2271 1330 2380 1384 llini
2432 1333 2897 1409 stercorationes;
2932 1337 2984 1389 hi
3031 1339 3284 1394 immensi
3346 1344 3513 1395 vomi—

1933 1429 2039 1482 tus,
2070 1421 2393 1497 caninarque
2430 1424 2572 1479 illius
2612 1441 2678 1480 ac
2707 1427 2886 1481 Suillae
2910 1418 3119 1482 vitm—ct
3144 1430 3305 1484 lerini
3341 1434 3512 1486 moris

1933 1512 2186 1581 dogmata
2217 1531 2232 1568 :
2274 1517 2387 1569 hac
2418 1525 2544 1570 sunt
2589 1517 2831 1572 facinora
2883 1527 3198 1574 venatorum
3229 1523 3510 1577 hominum

1930 1608 2021 1673 qui
2077 1605 2358 1661 bruturunt
2410 1610 2729 1664 animalium
2791 1612 3056 1680 indagant
3109 1617 3338 1686 veStigia
3398 1618 3508 1670 :lti

1934 1712 2114 1752 mores
2138 1708 2269 1752 sunt
2285 1710 2541 1755 cruentas
2566 1701 3005 1758 Christianorum
3030 1708 3298 1775 sanguine
3320 1723 3512 1762 manus

242 1768 621 1868 βαπτιζόντων
678 1795 779 1859 τὰς
825 1797 1052 1866 χεῖρας,
1099 1768 1196 1849 καλ
1250 1796 1360 1848 τῶν
1403 1768 1547 1849 κατά
1586 1794 1825 1866 Χριστοῦ

1944 1790 2236 1857 gerentium
2270 1792 2426 1845 :hmc
2476 1794 2710 1862 denique
2765 1795 3031 1851 humanas
3063 1811 3261 1852 carnes
3301 1797 3511 1852 lanian-

238 1887 428 1952 δεξιὰν
460 1884 800 1938 ὁπλισάντων
822 1900 834 1913 ⁸
859 1883 1091 1938 τοιαῦτα
1118 1884 1236 1937 τῶν·
1259 1883 1699 1950 καταξαινόντων
1729 1886 1829 1948 τὰς

239 1977 595 2050 ἀνθρωπείας
626 1977 839 2049 σάρκας
869 1978 937 2032 τὰ
974 1978 1288 2049 εὑρήματα.
1329 1978 1470 2031 Ἀλλ’
1494 1980 1724 2049 ἁρμόσει
1766 1996 1828 2048 γε

238 2075 359 2134 τοῖς
392 2070 792 2141 οὖτω,φρονεῖν
823 2069 1103 2140 ἑλομένοις
1119 2060 1183 2122 ’τὸ
1217 2069 1361 2138 ἱερὸν
1392 2071 1568 2135 ἐκεῖνο
1608 2070 1788 2137 λόγιον
1809 2110 1825 2133 ,

238 2164 331 2215 ὅτι
366 2162 432 2215 ὀ
458 2162 657 2232 μωρὸς
675 2158 839 2229 μωρὰ
867 2159 1150 2226 λαλήσει,
1193 2160 1291 2229 καὶ
1332 2158 1370 2226 ἡ
1401 2160 1617 2226 καρδιά
1643 2159 1828 2212 αὑτοῦ

237 2253 466 2322 μάταια
501 2256 736 2321 νοήσει,
767 2251 876 2305 τοῦ
900 2250 1122 2305 λαλεῖν
1153 2251 1305 2318 πρὸς
1350 2250 1571 2319 Κύριον
1598 2250 1832 2317 πλάνη-

241 2361 372 2398 σιν.
413 2344 487 2397 Τὸ
520 2345 627 2414 γὰρ
667 2343 811 2397 οὕτω
863 2345 1007 2396 νοεῖν
1048 2342 1209 2404 ποίας
1237 2341 1355 2404 νοὸς
1397 2341 1826 2413 ἀκεραιότητος;

242 2436 360 2490 οὐδ’
410 2436 476 2491 ἂν
536 2439 586 2489 oi
630 2435 723 2497 τὸν
787 2433 913 2488 νοῦν
982 2433 1456 2505 παρενηνεγμένοι
1503 2433 1646 2488 οὕτω
1697 2436 1830 2488 ποτὲ

243 2531 562 2599 ιννοήσειαν
588 2528 622 2599 ἢ
664 2527 903 2592 λέξειαν.

319 2617 415 2672 λε’.
456 2618 515 2672 ὐ
548 2618 740 2688 Σωτὴρ
773 2613 1111 2687 ὑπερϐλύσει
1150 2614 1567 2686 φιλανθρωπίας
1625 2616 1828 2686 φέρων,

242 2705 1035 2776 ὑϐριζόμενος,λιθαζὸμενος,
1066 2702 1175 2756 τῶν
1212 2702 1403 2757 κακῶν
1427 2704 1527 2774 τὴν
1558 2701 1830 2771 κορωνίδα

242 2800 342 2853 τδν
389 2800 619 2852 θάνατον
668 2797 940 2861 ἀνατλὰς,
997 2797 1057 2851 οὐ
1114 2795 1354 2859 πέπονθε
1410 2794 1631 2849 ταῦτα’·
1681 2796 1829 2848 εικο-

243 2888 537 2960 νιζόμενος
580 2888 745 2942 πάθοι
793 2886 859 2941 ἄν
894 2898 1062 2946 riora;
1108 2886 1196 2949 Ὠς
1239 2886 1348 2955 γὰρ
1379 2888 1497 2940 ἐκεῖ
1526 2885 1679 2938 οὐδὲν
1734 2885 1835 2939 πέ-

245 2982 473 3047 πονθεν,
498 2981 623 3034 ὅσον
640 2980 732 3033 ἐπὶ
762 2979 859 3049 τὴν
886 2977 1095 3032 οἰκείαν
1123 2978 1284 3046 φύσιν
1316 2980 1344 3031 ὁ
1375 2978 1549 3046 Λόγος
1575 2978 1636 3030 οῦ
1661 2994 1835 3048 κεχω-

1934 1881 2065 1933 tium
2098 1894 2406 1938 commenta
2447 1896 2594 1940 sunt.
2628 1886 2794 1954 Atqui
2835 1888 2927 1941 his
2963 1889 3033 1941 ita
3074 1890 3285 1956 apinari
3328 1890 3511 1945 volen-

1933 1972 2078 2026 tibus
2121 1988 2337 2028 sacrum
2402 1976 2532 2030 illud
2594 1980 2884 2048 quadrabit
2933 1981 3250 2035 Oraf'lllum:
3303 1980 3510 2037 Stultus

1933 2064 2097 2116 stulta
2126 2065 2390 2133 loquetur,
2433 2077 2482 2120 et
2514 2085 2607 2122 car
2654 2070 2767 2137 ejus
2817 2070 2972 2139 fatua
2997 2070 3107 2141 50
3137 2072 3411 2141 cogitabit,
3453 2085 3512 2127 ut

1934 2156 2187 2209 adversus
2208 2156 2492 2213 Dominum
2516 2160 2897 2228 fraudulenter
2921 2162 3172 2230 loquatur
3200 2164 3267 2217 ”.
3300 2165 3512 2234 lleapxu

1933 2261 2176 2315 quaenam
2202 2263 2333 2302 sana
2368 2265 2520 2305 utens
2563 2252 2635 2304 ita
2678 2253 2925 2320 cOgitct?
2955 2254 3205 2309 Profecto
3234 2270 3302 2310 ne
3345 2257 3513 2308 ratio-

1933 2339 2019 2393 nis
2047 2339 2266 2409 quidem
2290 2355 2389 2395 usu
2416 2340 2636 2413 deiecti,
2674 2346 2755 2399 sic
2785 2327 3028 2414 unquam
3077 2347 3160 2400 vel
3189 2346 3515 2416 cogitabant

1935 2430 2019 2485 vel
2051 2430 2363 2500 loquentur.

2003 2622 2094 2677 '55.
2141 2620 2402 2678 Servator
2452 2621 2730 2691 equidem,
2779 2622 2852 2677 ob
2920 2622 3144 2677 nimiam
3196 2638 3352 2678 suam
3385 2638 3513 2694 erga

1938 2712 2187 2768 homines
2223 2713 2640 2781 benignitatem,
2681 2717 2877 2770 acerba
2919 2727 3134 2784 passus,
3165 2718 3515 2770 contumeliis

1937 2802 2190 2868 allectus,
2232 2804 2509 2873 lapidibus
2533 2804 2829 2873 appetitus,
2864 2805 3243 2873 malorumque
3268 2806 3514 2860 cornuidi

1938 2896 2056 2951 neci
2096 2896 2351 2961 traditus,
2384 2896 2508 2949 talia
2548 2905 2733 2950 tamen
2766 2913 2871 2949 non
2907 2907 2986 2950 est
3020 2896 3149 2950 olim
3181 2911 3515 2966 perpessus;

1942 3004 2071 3042 num
2106 3003 2240 3058 ergo
2276 3004 2418 3042 nunc
2457 2990 2722 3057 ﬁguratus
2756 2989 2871 3043 haec
2915 2989 3190 3057 patietur?
3220 2991 3333 3045 lmo
3363 3006 3510 3048 vero.

251 3062 517 3146 ρισμένος
545 3073 644 3143 τῆς
673 3071 895 3140 σαρκὸς,
937 3062 1236 3142 ἡνωμένως
1264 3070 1320 3123 δὲ
1352 3070 1444 3123 καὶ
1494 3069 1833 3131 ἁδιαστὰτως

1944 3080 2083 3135 sicut
2111 3081 2224 3135 illic
2261 3080 2396 3135 nihil
2427 3094 2509 3135 cat
2543 3095 2761 3148 passmn
2815 3079 3051 3134 Verbum
3082 3084 3132 3134 iu
3166 3084 3382 3152 propria
3420 3098 3520 3137 na-

250 3166 621 3234 συνυπάρχων
651 3164 788 3235 αὐτῇ
843 3164 938 3216 καὶ
988 3161 1303 3235 πασχούσῃ,
1339 3161 1471 3237 οὐδὲ
1498 3160 1737 3214 ἐνταῦθα
1771 3160 1835 3231 δή

251 3274 362 3311 που
388 3246 596 3309 τούτων
634 3244 813 3309 πάθοι
837 3271 891 3307 τι
926 3254 1351 3323 εἰκονιζόμενος.
1388 3252 1678 3324 Πανταχοῦ
1727 3253 1836 3324 γὰρ

253 3350 458 3420 ἐπίσης
485 3350 615 3420 ἡμῖν
636 3349 665 3400 ὁ
687 3346 849 3409 αὐτὸς
898 3347 1069 3417 Λόγος
1112 3346 1175 3403 τὸ
1222 3345 1422 3416 ἀληθὲς
1450 3344 1590 3416 ἔχων
1627 3363 1841 3416 συμφυ-

252 3444 592 3514 laxatque-rat
616 3459 630 3473 '
663 3444 809 3497 είποι
853 3443 898 3495 δ’
928 3443 995 3497 ἂν
1044 3443 1183 3513 πρὸς
1232 3443 1395 3495 αὑτὸν
1427 3444 1522 3497 καὶ
1550 3445 1578 3496 ό
1603 3442 1842 3513 φορέσας

253 3537 361 3606 τὴν
394 3535 577 3591 είκόνα
600 3535 696 3590 τοῦ
733 3536 939 3607 χοϊκοῦ,
991 3537 1086 3589 καὶ
1118 3536 1303 3607 χοῖκδν
1337 3535 1590 3607 φύραμα,
1622 3536 1696 3600 ὡς
1727 3538 1843 3590 Οᾷκ

256 3629 390 3698 εἰμὶ,
411 3627 533 3681 κατ’
559 3628 696 3682 αὐτὸ
722 3629 881 3681 τοῦτο
926 3616 1369 3698 ἁπερίγραπτος,
1401 3627 1538 3681 ἀλλά
1568 3645 1842 3698 περιγρα-

256 3719 421 3781 πτός.
469 3718 558 3783 Ὡς
605 3714 699 3772 οῦν
723 3719 946 3785 ἐδέξατο
996 3719 1059 3772 τὸ
1105 3719 1316 3790 κτίσμα
1365 3719 1468 3779 τὰς
1521 3717 1710 3789 ὕϐρεις
1749 3721 1847 3773 καὶ

254 3813 361 3875 τὰς
390 3812 598 3876 αἰκίας,
628 3809 803 3875 οὕτως
820 3812 1021 3878 δέξαιτ’
1050 3811 1117 3864 ἂν
1149 3813 1244 3864 καὶ
1287 3811 1386 3883 τὴν
1426 3814 1486 3865 ὲν
1509 3813 1661 3882 τόπῳ
1691 3830 1844 3884 περι-

258 3904 507 3974 γραφὴν,
536 3904 633 3957 καὶ
657 3904 759 3973 τὴν
794 3904 1038 3974 γραφὴν,
1089 3905 1185 3956 καὶ
1214 3904 1277 3956 τὸ
1307 3903 1694 3969 είκονίζεσθαι,
1734 3922 1845 3976 μη-

256 3995 453 4067 δαμῶς
490 3996 587 4049 τοῦ
617 3996 1001 4067 συνηνωμένον
1047 3994 1143 4048 καὶ.
1192 3996 1635 4067 συνυπάρχοντος
1667 3997 1847 4065 Λόγου

258 4089 657 4160 χωριζόμενον.

334 4298 447 4363 λς’.
499 4296 639 4352 Ἀλλ’
663 4297 713 4350 εἰ
738 4296 944 4351 τούτων
967 4298 995 4351 ὁ
1018 4295 1221 4367 τρόπος
1238 4296 1333 4351 καὶ
1359 4298 1389 4349 ὁ
1409 4297 1504 4351 τοῦ
1536 4295 1844 4369 μυστηρίου

264 4390 473 4452 σκοπὸς
521 4389 623 4443 οὐκ
651 4388 924 4457 ἔγνωσται
958 4387 1146 4459 αὐτῷ,
1174 4389 1294 4454 ἐξὸν
1335 4384 1404 4460 ἦν
1439 4389 1705 4444 πυθέσθαι
1746 4389 1844 4443 τοῦ

1944 3182 2087 3237 tura,
2122 3186 2297 3241 neque
2331 3187 2362 3225 a
2403 3185 2570 3226 carne
2598 3180 2909 3238 separatum
2944 3172 3067 3237 luit,
3104 3175 3201 3227 sed
3233 3174 3306 3226 illi
3335 3175 3520 3238 adita;-

1944 3266 2036 3329 sit,
2067 3280 2188 3319 cum
2227 3266 2471 3332 patiente
2508 3264 2785 3318 exsiStens
2834 3264 3316 3335 inseparabiliter,
3352 3268 3423 3319 ita
3455 3284 3522 3320 nu

1944 3371 2088 3411 nunc
2141 3357 2362 3425 quidem
2404 3355 2714 3421 huiusmodi
2759 3356 2964 3425 aliquid
3024 3368 3249 3426 propter
3288 3360 3520 3435 [ἱειιὶ-ιιιιι

1946 3450 2277 3518 experietur.
2346 3447 2553 3516 Ubique
2583 3449 2726 3501 enim
2768 3449 2926 3504 nobis
2956 3451 3347 3517 aequaliterque
3381 3451 3521 3504 idem

1947 3535 2186 3593 Verbum
2213 3538 2327 3610 (45)
2355 3553 2541 3593 veram
2593 3548 2766 3593 status
2796 3539 2879 3592 sui
2929 3540 3198 3594 rationem
3231 3556 3523 3595 conserva-

1947 3629 2063 3696 bit;
2096 3630 2352 3699 dicetque
2403 3629 2669 3685 Mamonae
2709 3630 2960 3685 Christus
3014 3631 3068 3685 in
3120 3644 3335 3686 terrena
3360 3635 3527 3686 etiam

1953 3722 2112 3777 icone
2131 3738 2193 3776 ac
2209 3722 2476 3792 plasmate
2499 3741 2514 3778 :
2533 3723 2646 3778 Non
2671 3738 2790 3777 sum
2814 3724 2865 3777 in
2885 3723 2970 3777 his
2993 3723 3524 3793 incircumscriptus,

1955 3813 2067 3868 imo
2120 3815 2302 3883 potius
2354 3814 2823 3883 circumscriptus.
2875 3815 3029 3870 Sicut
3085 3830 3216 3886 ergo
3275 3829 3522 3871 creatum

1949 3918 2149 3973 corpus
2191 3903 2418 3972 injurias
2464 3906 2680 3974 etcepit
2708 3916 2872 3975 atque
2909 3907 3209 3972 cruciatus,
3239 3909 3311 3961 ita
3359 3909 3525 3962 etiam

1950 4011 2010 4052 se
2039 3999 2276 4066 patietur
2305 3997 2424 4053 loco
2452 3998 2830 4051 circumscribi
2878 4008 2933 4051 et.
2966 3998 3113 4067 pingi
3166 4014 3229 4051 ac
3280 4001 3526 4066 ﬁgurari,

1948 4092 2078 4159 quin
2115 4100 2297 4145 tamen
2351 4089 2421 4145 ab
2470 4090 2622 4145 unito
2671 4098 2726 4144 et
2763 4089 3129 4145 coexsisteuto
3179 4085 3355 4143 verbo
3412 4090 3526 4144 dis.

1950 4186 2139 4240 cedat:

2023 4292 2113 4347 56.
2163 4287 2271 4345 Sed
2303 4289 2348 4344 si
2378 4302 2479 4344 nec
2508 4289 2699 4342 harum
2727 4302 2907 4341 rerum
2938 4287 3100 4353 ratio,
3146 4302 3247 4342 nec
3281 4288 3527 4358 mysterii

1954 4399 2150 4440 sensus
2184 4383 2309 4437 huic
2333 4382 2542 4436 homini
2589 4381 2906 4449 exploratus
2939 4390 3044 4445 est,
3079 4391 3293 4450 poterat
3336 4385 3528 4436 saltem

262 4483 597 4552 γράφοντος,
639 4484 735 4536 καὶ
775 4482 1009 4553 ἦκουσεν
1042 4484 1110 4537 ἀν
1139 4484 1270 4552 παρ’
1298 4483 1485 4547 αὑτοῦ,
1513 4485 1579 4538 ἄν
1619 4501 1726 4554 περ
1754 4484 1835 4538 zu.

1957 4479 2296 4545 interrogare
2369 4475 2656 4539 pictorem,
2726 4487 2755 4526 a
2803 4489 2909 4542 quo
2962 4475 3227 4539 audisset,
3279 4473 3325 4528 si
3381 4488 3532 4530 certe

194 4566 215 4579 ’
262 4577 395 4630 νοῦν
424 4577 744 4649 ἐρρωμένον
775 4576 901 4644 ἔσχε
933 4577 1029 4629 καὶ
1063 4575 1132 4628 τὰ
1166 4574 1504 4647 αἰσθητήρια
1528 4576 1628 4645 τῆς
1669 4576 1850 4647 ψυχῆς

268 4668 349 4739 μὴ
380 4668 777 4737 παρενήνεκτο,
807 4666 901 4720 καὶ
924 4665 1091 4737 ἔμαθε
1113 4666 1365 4735 λέγοντος
1385 4683 1400 4698 ο
1430 4668 1512 4721 ὅτι
1530 4665 1675 4738 ἅπερ
1698 4668 1852 4736 παρὰ

266 4758 381 4831 τῷν
426 4758 589 4831 ιερῶν
641 4757 1068 4829 παρειλήφαμεν
1106 4758 1498 4826 Εὐαγγελίων,
1530 4761 1600 4829 τῇ
1643 4758 1852 4830 ἀρχαίᾳ

265 4826 366 4903 καὶ
422 4826 667 4920 πατρικῇ
725 4826 1026 4918 παραδόσει
1096 4849 1401 4919 ἑπόμενοι,
1456 4826 1647 4913 παῖδὲς

270 4939 536 5009 πατέρων
574 4938 990 5010 διαδεξάμενοι,
1045 4939 1222 4993 ταῦτα
1276 4941 1370 4993 καὶ
1421 4939 1712 5010 γράφομεν
1761 4939 1858 4993 καὶ

271 5031 626 5103 ἱστοροῦμεν,
662 5032 760 5084 καὶ
785 5032 941 5085 οὐδὲν
975 5032 1139 5085 πλέον
1182 5031 1290 5084 τῶν
1322 5032 1627 5086 θεολέκτων
1658 5030 1859 5100 λογίων

268 5124 499 5195 ἔχομεν.
531 5122 641 5176 Καὶ
669 5126 719 5176 εί
753 5126 941 5177 ἐκεῖνα
973 5124 1158 5194 τίμια,
1195 5125 1290 5178 καὶ
1323 5125 1465 5179 αὑτά
1504 5125 1619 5196 ἤτω
1646 5124 1680 5194 ἢ
1715 5141 1858 5194 cup.-

271 5214 698 5287 φυλαττόμενα,
724 5216 759 5287 ἢ
789 5216 1328 5288 συγκαθαιρούμενα,
1360 5217 1436 5281 ὼς
1466 5217 1588 5280 ἑνὸς
1629 5217 1723 5269 καὶ
1758 5214 1857 5269 τοῦ

270 5305 447 5361 αὑτοῦ
476 5306 638 5374 λόγου
661 5307 918 5377 ἐχόμενα.
952 5308 1212 5378 Ἐπείπερ
1242 5309 1371 5379 παρ’
1402 5308 1582 5362 αὐτῶν
1610 5306 1859 5379 ἐμυήθη-

359 5483 404 5515 ³⁹
436 5484 538 5539 lsa.
566 5498 739 5549 ιιιιι,
768 5482 820 5537 6.

1953 4578 2194 4624 mentem
2235 4569 2448 4621 lirmam
2494 4568 2745 4632 haberet,
2788 4568 3093 4637 animmque
3145 4568 3395 4623 sensibus
3424 4583 3533 4622 non
3622 4559 3632 4568 ’

1952 4672 2098 4717 esset
2122 4661 2414 4725 alienatus,
2456 4673 2635 4730 eoque
2666 4661 2880 4714 dicente
2920 4659 3236 4715 didicisset:
3272 4662 3376 4718 Nos
3413 4676 3534 4730 qua:

1953 4770 1982 4809 a
2030 4756 2204 4809 sacris
2257 4754 2567 4824 Evangeliis
2632 4754 2942 4815 didicimus,
2992 4754 3269 4821 antiquam
3313 4753 3531 4809 Patrum

1957 4848 2307 4903 traditionem
2341 4846 2542 4910 secuti,
2581 4862 2743 4914 quam
2780 4845 2873 4898 lilii
2896 4861 2926 4899 a
2964 4843 3223 4899 Patribus
3252 4861 3316 4899 ex
3345 4847 3534 4900 ordine

1959 4941 2290 5011 accepimus,
2324 4955 2445 5003 nos,
2482 4941 2724 5009 inquam,
2762 4940 2875 4993 haec
2901 4938 3176 5008 pingimus
3206 4950 3260 4993 et
3292 4938 3535 4992 delinea-

1960 5048 2102 5098 mus,
2139 5032 2384 5102 nihilque
2435 5040 2630 5100 praeter
2665 5030 2975 5084 divinorum
3006 5030 3227 5085 oracula
3271 5030 3533 5083 librorum

1962 5124 2216 5179 facimus.
2270 5125 2425 5192 Quod
2453 5125 2498 5180 si
2536 5125 2608 5179 illi
2656 5123 2958 5179 honorandi
2996 5132 3145 5185 sum,
3197 5131 3378 5175 nostra
3403 5138 3539 5190 quo-

1960 5232 2065 5286 que
2096 5217 2180 5271 vel
2210 5219 2371 5272 simul
2402 5226 2802 5271 conserventur
2833 5213 2914 5267 vel
2941 5213 3320 5278 destruantur,
3350 5222 3537 5281 utpote

1961 5326 2081 5379 quse
2130 5311 2243 5378 pari
2271 5312 2394 5381 jure
2438 5327 2501 5366 ac
2537 5310 2746 5364 ratione
2797 5316 2945 5362 sunt.
3006 5303 3221 5359 Etenim
3279 5320 3309 5359 a
3360 5305 3537 5359 sacris

351 5661 469 5733 (45)
501 5659 601 5733 Vel
632 5660 770 5733 idem
821 5676 990 5733 sermo
1037 5675 1186 5733 uerus
1234 5659 1378 5712 nobis
1424 5660 1701 5716 constabit.
1760 5660 1849 5716 Est
1916 5663 2055 5718 enim
2128 5661 2452 5732 ambiguitas
2482 5659 2535 5714 in
2571 5659 2832 5715 vocabulo
2898 5657 3081 5728 λόγος,
3103 5659 3247 5728 quod
3279 5656 3436 5713 modo
3466 5662 3547 5712 est

283 5729 526 5788 Verbum
555 5731 817 5797 divinum,
853 5731 1010 5785 modo
1042 5731 1307 5786 humanus
1338 5745 1536 5786 sermo.
