3972 6130
330 296 436 360 293

326 519 499 567 στων,
535 504 612 565 ὡς
647 501 715 556 τὰ
756 500 886 572 παρ’
916 501 1067 572 αὑτῷ
1120 502 1583 573 δογματιζόμενα,
1614 503 1913 573 ληρήματα

284 648 287 651 λ
329 595 540 665 μᾶλλον
570 594 602 666 ἢ
631 594 878 663 δόγματα
927 593 1197 662 φαίνεται.
1231 595 1487 649 Κολοιῶν-
1507 595 1616 663 γὰρ
1661 595 1755 648 καὶ
1812 594 1911 662 βα-

327 688 560 758 τράχων
588 687 915 757 ἀσημότερα
956 686 1255 754 φθέγγεται
1283 726 1298 749 ,
1329 685 1426 740 καὶ
1465 685 1662 755 ἰχθύων
1694 684 1911 756 ἀφωνία

325 779 428 833 καὶ
457 779 637 850 δρυῶν
667 777 996 849 ἀναισθησίᾳ
1019 780 1382 848 παραπλήσια
1401 776 1627 831 τοιαῦτα
1658 777 1755 831 καὶ
1782 793 1910 829 τοσ-

325 867 476 923 αῦτα
505 867 942 939 δεδυσφημηκὼς
985 868 1126 921 κατὰ
1157 868 1394 938 Χριστοῦ
1420 884 1476 921 τε
1504 868 1601 920 καὶ
1632 862 1730 937 τῆς
1777 867 1905 921 καθ’

326 959 480 1031 ἡμᾶς
518 959 754 1022 πίστεως
783 957 1060 1028 ἐπιφέρει,

401 1049 503 1119 λη’.
544 1067 564 1098 t
619 1046 906 1101 Ἀδύνατον
958 1046 1067 1117 γάρ
1104 1047 1251 1099 ἐστιν
1285 1046 1474 1101 εἰκόνα
1507 1042 1648 1100 εἶναι
1690 1046 1787 1116 τὴν
1831 1049 1905 1118 μὴ

322 1140 593 1211 δηλοῦσαν
640 1138 738 1209 τὴν
776 1138 988 1209 μορφὴν
1027 1140 1377 1208 χαρακτῆρος
1420 1139 1515 1192 τοῦ
1548 1140 1904 1211 πρωτοτύπου

320 1231 501 1299 αὐτῆς
534 1229 830 1299 προσώπου
866 1231 1048 1280 ὁποῖόν
1072 1232 1240 1280 ἐστιν.
1282 1248 1300 1278 ι
1330 1228 1545 1281 υύκοῦν
1573 1230 1623 1280 εἰ
1656 1228 1754 1297 μὲν
1786 1228 1901 1297 ἔχοι

326 1319 546 1391 μορφὴν
570 1321 597 1371 6
620 1317 856 1388 Χριστὸς
888 1319 981 1371 καὶ
1010 1318 1368 1388 χαρακτῆρα,
1400 1317 1638 1385 εὐλόγως
1666 1317 1729 1386 δὴ
1758 1318 1906 1386 μάλα

311 1396 422 1467 ’καὶ
452 1411 690 1473 εὐσεϐῶς
717 1410 1112 1481 χαρακτηρίσει
1149 1411 1311 1463 αὑτὸν
1346 1412 1377 1479 ἡ
1410 1410 1517 1462 ἰδία
1541 1413 1707 1463 εἰκών
1730 1427 1742 1440 ·
1778 1412 1827 1463 εἰ
1849 1411 1905 1464 δὲ

320 1505 386 1557 οὐ
422 1502 817 1575 χαρακτηρίσει
841 1542 856 1567 ,
898 1502 1143 1573 ἄμορφος
1171 1503 1266 1555 καὶ
1297 1503 1777 1571 ἁχαρακτήριστος
1812 1502 1906 1556 καὶ

320 1596 661 1665 ἀπρόσωπος
685 1611 699 1624 ·
741 1594 939 1648 ταῦτὺν
972 1594 1030 1646 δὲ
1063 1596 1238 1646 εἰπεῖν
1267 1636 1281 1658 ,
1333 1593 1429 1646 καὶ
1459 1594 1832 1654 ἀνυπόστατος
1876 1595 1906 1647 6

318 1688 585 1758 Χριστός.
628 1686 802 1744 Τοῦτο
829 1690 940 1758 γὰρ
969 1686 1119 1757 αὐτῷ
1148 1688 1177 1740 6
1224 1687 1381 1755 λόγος
1420 1687 1678 1754 συνάγειν
1713 1686 1900 1758 βούλε-

318 1796 415 1831 ται
441 1795 457 1808 ⁸
494 1778 554 1844 ἐξ
604 1776 698 1833 οὖν
732 1777 840 1830 τῶν
875 1777 1049 1845 λόγων
1088 1777 1254 1829 αὐτοῦ
1293 1777 1767 1845 δικαιωθήσεται,
1804 1779 1902 1832 καὶ

308 1870 391 1927 ὲκ
418 1869 528 1921 τῶν
563 1868 740 1935 λόγων
782 1866 949 1920 αὑτοῦ
985 1867 1475 1939 κατακριθήσεται.
1514 1869 1576 1921 Εἰ
1616 1869 1726 1938 γὰρ
1774 1866 1902 1921 ἀδύ-

317 1977 486 2013 νατον
510 1958 607 2013 καὶ
637 1957 827 2012 εἰκόνα
858 1953 1119 2028 εἶναιτὴν
1149 1957 1226 2029 μὴ
1253 1944 1654 2030 δηλοῦσανλτὴν
1686 1960 1903 2031 μορφὴν

318 2053 418 2104 καὶ
444 2052 768 2122 χαρακτῆρα
800 2048 895 2101 τοῦ
930 2050 1293 2119 πρωτοτύπου
1324 2049 1493 2121 αὐτῆς
1515 2048 1833 2121 προσώπου,
1867 2051 1901 2121 ή

318 2141 415 2195 τὸν
451 2140 689 2212 Χριστὸν
720 2142 855 2210 ἡμῖν
883 2140 1265 2212 ἐμφανίζουσα
1293 2140 1459 2194 εἰκὼν
1493 2141 1617 2195 καθ’
1642 2141 1902 2211 ὁμοίωσιν

319 2231 493 2288 αὐτοῦ
531 2234 619 2286 καὶ
657 2232 751 2284 ἐπὶ
794 2229 873 2302 τῷ
900 2232 1129 2301 ὀνόματι
1160 2230 1324 2286 αὐτοῦ
1374 2232 1524 2303 παρὰ
1559 2233 1904 2302 Χριστιανοῖς

318 2324 707 2397 γεγενημένη,
761 2324 858 2377 καὶ
891 2324 925 2393 ἡ
960 2322 1248 2395 ἐπιγραφὴ
1302 2324 1744 2394 κατασφραγίζει
1799 2324 1901 2395 τὴν

319 2418 586 2488 ἀλήθειαν
612 2415 672 2482 ἐξ
697 2417 961 2481 ἅπαντος,
996 2415 1095 2485 τὴν
1139 2417 1357 2486 μορφὴν
1399 2418 1490 2471 καὶ
1517 2418 1577 2471 τὸ
1610 2417 1900 2488 πρόσωπον

321 2509 495 2565 αὐτοῦ
524 2509 599 2571 ὡς
649 2506 1033 2578 πρωτοτύπου,
1072 2506 1376 2576 πρὸςαύτδ
1418 2509 1529 2579 γὰρ
1563 2508 1897 2573 τετύπωται,

321 2605 460 2674 ἡμῖν
488 2599 747 2671 δηλοῦσα.
774 2601 915 2669 Ἤδη
949 2599 1007 2652 δὲ
1029 2599 1125 2652 καὶ
1161 2600 1196 2671 ἡ
1224 2600 1351 2670 περὶ
1383 2601 1523 2653 αὐτὰ
1549 2599 1897 2671 θεωρουμένη

320 2695 534 2765 σχέσις,
558 2691 818 2765 κρατύνει
842 2690 936 2744 τοῦ
965 2689 1204 2756 λόγουτὸ
1229 2690 1448 2762 ἀληθές.
1481 2690 1591 2744 Καὶ
1623 2694 1671 2744 εἰ
1705 2690 1781 2761 μὴ
1808 2689 1899 2744 τὸν

318 2786 564 2856 Χριστὸν
605 2785 638 2855 ὴ
671 2781 837 2837 εἰκὼν
885 2779 1052 2836 αὐτοῦ
1083 2783 1520 2854 χαρακτηρίσει,
1566 2782 1690 2837 οὐδὲ
1732 2781 1896 2837 ἄλλου

323 2878 546 2948 μορφὴν
574 2875 830 2948 δηλώσει,
848 2873 1047 2928 πολλοῦ
1067 2889 1132 2946 γε
1152 2874 1253 2953 δεῖ.
1279 2874 1407 2938 Πῶς
1433 2874 1542 2944 γὰρ
1569 2874 1634 2928 ἂν
1657 2874 1771 2939 τὸν,
1804 2866 1900 2927 οὗ-

320 2985 436 3040 περ
481 2969 583 3023 οὐκ
627 2967 779 3021 ἐστιν
811 2965 998 3033 εἰκὼν,
1049 2966 1557 3038 χαρακτηρίσειενς
1604 2966 1743 3020 Οὐδὲ
1788 2966 1896 3039 γὰρ

1076 297 1700 369 ANTIBRHETICUS
1741 296 1764 357 [
1803 298 1971 359 ADV.
2013 298 2605 359 CONSTANTINUM
2643 299 2853 359 COPR.

328 410 518 465 πάντα
550 405 783 479 πληρῶν
805 405 1236 477 διαιρεθήσεται.
1258 409 1498 479 Φανερὺν
1534 406 1630 461 οὖν
1662 409 1727 462 ἐκ
1753 407 1901 461 πλεί-

2016 423 2208 478 nempe
2240 409 2381 478 quod
2407 422 2582 478 neque
2613 422 2737 462 cum
2772 422 2941 463 carne
2967 407 3203 463 Verbum
3238 413 3585 471 titcumscri-
3676 478 3691 491 r

3474 304 3583 370 2294

2010 500 2188 567 betur,
2219 515 2391 569 neque
2429 500 2529 554 hac
2576 501 2819 568 deposita
2853 498 2982 554 illud
3017 502 3157 568 quod
3183 503 3364 555 omnia
3396 504 3586 575 implet

2011 591 2312 646 secabitur.
2373 592 2599 645 Constat
2658 606 2789 662 ergo
2851 602 2942 646 ex”
2983 591 3254 662 plurimis,
3317 593 3585 651 Mamona:

2012 681 2153 735 dicta
2199 697 2305 736 non
2341 691 2448 735 tam
2483 696 2606 737 esse
2656 684 2905 752 dogmata
2955 699 3116 754 quam
3147 684 3358 739 deliria.
3389 687 3586 741 Certis

2010 782 2064 826 et
2112 773 2261 826 ranis
2295 772 2596 827 deformius
2645 773 2910 842 loquitur,
2967 776 3305 843 pisciumque
3335 775 3582 833 infantia:

2009 871 2065 915 et
2095 877 2394 930 qucreuum
2450 863 2856 918 insensibilitati
2889 864 3086 918 similia
3131 870 3390 921 adversus
3422 868 3580 921 Chri-

2012 961 2155 1006 stum
2192 952 2459 1021 iidemque
2489 956 2735 1007 nostram
2764 955 3122 1022 blasphemat.

2082 1044 2173 1098 58.
2227 1064 2244 1094 ι
2297 1043 2511 1098 Etenim
2552 1045 2668 1099 lieri
2718 1048 2907 1114 nequit
2951 1056 3010 1100 ut
3044 1046 3134 1101 illa
3177 1048 3247 1103 sit
3281 1050 3424 1117 icon,
3461 1066 3585 1121 qum

2012 1145 2311 1206 prototypae
2340 1150 2587 1202 personat
2628 1151 2760 1202 suae,
2797 1137 2976 1205 qualis
3010 1152 3074 1191 ea
3105 1151 3211 1203 est,
3243 1139 3581 1208 impressam

2012 1228 2240 1281 formam
2273 1243 2378 1281 non
2421 1236 2594 1296 gerat.
2641 1246 2661 1279 ι
2691 1227 2860 1296 Igitur
2889 1230 2933 1282 si
2959 1228 3191 1284 formam
3218 1242 3270 1285 et
3304 1232 3584 1287 characte-

1996 1335 2123 1377 rem
2146 1321 2396 1374 Christus
2427 1321 2642 1383 habeat,
2673 1323 2841 1390 probe
2897 1323 3188 1377 admodum
3225 1338 3287 1377 ac
3318 1323 3574 1391 religiose

2010 1412 2326 1465 charaxabit
2364 1411 2512 1465 illum
2555 1413 2730 1481 imago
2761 1427 2879 1467 sua.
2912 1412 3006 1466 Sin
3059 1415 3283 1467 minime
3304 1416 3580 1468 charaxa-

2012 1501 2112 1563 bit,
2151 1504 2405 1569 sequitur
2439 1508 2494 1555 ut
2529 1500 2783 1556 Christus
2813 1502 3009 1565 forma,
3036 1505 3373 1569 charactere,
3411 1506 3584 1559 vultu-

2010 1606 2118 1660 que
2173 1602 2397 1660 careat;
2465 1596 2609 1663 quod
2676 1595 2903 1663 perinde
2952 1604 3035 1649 est
3094 1610 3159 1649 ac
3210 1596 3254 1648 si
3303 1596 3580 1666 hypostasi

2008 1683 2288 1739 Christum
2341 1684 2493 1740 dicas
2522 1700 2732 1740 carere.
2793 1686 2846 1739 Id
2882 1689 3025 1740 enim
3077 1701 3144 1739 ex
3175 1686 3434 1741 Mamona:
3471 1703 3581 1742 ser-

2012 1792 2170 1832 mone
2199 1777 2569 1832 concluditur.
2597 1775 2673 1831 Ex
2702 1778 2882 1833 verbis
2907 1778 3089 1846 itaque
3116 1781 3231 1833 suis
3253 1778 3583 1845 justiticabl-

2010 1876 2115 1927 tur.
2176 1878 2233 1923 et
2277 1883 2342 1923 ex
2403 1869 2583 1922 verbis
2632 1870 2874 1923 vicissim
2938 1869 3054 1924 suis
3103 1871 3579 1925 condemnabitur.

2008 1958 2124 2013 Etsi
2153 1958 2297 2013 enim
2324 1960 2657 2028 impossibile
2672 1971 2755 2014 est
2780 1959 2992 2014 iconcm
3020 1975 3162 2027 esse,
3190 1977 3310 2030 qua:
3342 1961 3579 2016 formam

2008 2059 2064 2104 et
2115 2050 2490 2104 characterem
2550 2061 2851 2121 prototypae
2904 2066 3152 2120 persome
3193 2067 3305 2106 sua:
3334 2067 3438 2106 non
3485 2053 3580 2107 de-

2009 2151 2294 2209 monstrat,
2367 2142 2721 2198 nihilominus
2784 2145 2904 2198 icon
2974 2144 3062 2198 illa
3126 2158 3246 2214 quae
3297 2143 3578 2198 Christum

2008 2233 2165 2289 nobis
2218 2241 2597 2302 repraesentat,
2635 2233 2686 2287 id
2733 2242 2819 2288 est
2868 2249 2989 2304 quae
3037 2235 3102 2289 ad
3156 2234 3575 2289 similitudinem

2007 2325 2203 2395 ipsius,
2254 2324 2605 2394 ejusdemque
2645 2325 2862 2380 nomine
2914 2326 3139 2396 praedita
3191 2325 3579 2383 aCbristianis

2008 2415 2091 2479 ﬁt.
2155 2416 2337 2471 addita
2395 2417 2558 2472 etiam
2602 2416 2958 2485 inscriptione
3002 2416 3137 2489 (48),
3193 2433 3257 2473 ea
3291 2418 3577 2473 veritatem

2007 2506 2246 2576 undique
2281 2506 2500 2573 asserit,
2546 2520 2743 2575 nempe
2777 2506 2922 2562 illius
2975 2508 3203 2562 formam
3255 2524 3321 2564 ac
3366 2511 3576 2563 vultum

2008 2601 2167 2656 nobis
2198 2600 2542 2656 demonstrat
2591 2611 2845 2669 tanquam
2903 2604 3197 2674 protmypi,
3237 2604 3578 2673 quandoqui-

2007 2689 2128 2746 dem
2164 2691 2232 2745 ad
2289 2691 2406 2761 ejus
2447 2706 2691 2746 normam
2736 2706 2829 2746 seu
2876 2704 3228 2764 prorotypum
3287 2695 3573 2761 ﬁguratur.

2005 2779 2208 2836 Rerum
2233 2792 2493 2852 praeterea
2516 2783 2731 2848 relatio,
2772 2784 3042 2839 sermonis
3070 2785 3244 2839 nostri
3287 2786 3575 2840 veritatem

2002 2875 2317 2929 conﬁrmat.
2369 2873 2502 2928 Nam
2542 2874 2587 2929 si
2635 2873 2777 2929 forte
2830 2874 3110 2931 Christum
3143 2877 3262 2931 icon
3296 2878 3416 2946 ejus
3465 2893 3575 2932 non

2005 2966 2302 3030 charaxet,
2341 2965 2498 3034 longe
2532 2975 2683 3022 certe
2734 2966 2911 3022 aberit
2952 2977 3013 3022 nt
3037 2967 3262 3024 alterius
3286 2969 3579 3038 cujuslibet

319 3062 488 3117 ἄλλον
513 3059 678 3115 εἰκὼν
701 3060 846 3131 ἄλλῳ
875 3058 1354 3129 ἀφομοιωθήσεται
1378 3075 1394 3089 ⁶
1421 3058 1497 3120 ὡς
1524 3059 1645 3113 οὐδὲ
1674 3061 1708 3130 ἡ
1737 3060 1796 3113 ὲν
1821 3059 1898 3129 τῷ

2008 3060 2235 3115 formam
2289 3061 2530 3115 denotet.
2563 3060 2849 3128 Quomodo
2891 3063 3038 3115 enim
3068 3077 3213 3128 eum,
3259 3061 3416 3130 cujus
3465 3077 3576 3117 non

319 3153 482 3224 κηρῷ
547 3153 787 3224 σφραγὶς
845 3150 1101 3223 ἀλλοτρίᾳ
1160 3150 1340 3223 γλυφῇ
1400 3150 1898 3223 ὲναρμοσθήσεται.

321 3240 497 3309 Οὗτος
528 3246 731 3309 τοίνυν,
771 3243 941 3313 ἡνίκα
988 3242 1235 3314 περιεῖλε
1264 3244 1364 3314 τὴν
1408 3243 1652 3314 Χριστοῦ
1691 3244 1899 3310 εἰκόνα,

322 3338 544 3400 πάντως
582 3335 647 3405 δή
679 3352 782 3389 που
826 3335 902 3398 ὼς
939 3334 1038 3388 οὐκ
1076 3334 1305 3406 ἔχουσαν
1338 3333 1366 3386 6
1409 3335 1754 3405 παραστήσει
1805 3334 1903 3388 καὶ

318 3428 556 3500 δηλώσει
602 3428 914 3499 πρόσωπον,
951 3424 1072 3478 οὐδὲ
1104 3425 1461 3495 πρωτότυπον
1487 3422 1516 3478 6
1556 3426 1901 3498 χαρακτηρί-

325 3542 432 3590 σει,
465 3523 612 3578 τοῦτ’
650 3522 899 3593 ἔδρασεν.
945 3522 1187 3591 Ἀνάγκη
1216 3515 1310 3576 οὖν
1341 3522 1438 3574 καὶ
1467 3521 1542 3591 μὴ
1576 3521 1902 3602 βουλόμενον

319 3616 608 3688 ὁμολογεῖν
638 3617 703 3667 ἐκ
726 3612 834 3667 τῶν
868 3613 1084 3666 οἰκείων
1115 3610 1437 3683 ὁρμώμενον
1467 3610 1663 3680 λόγων,
1693 3613 1904 3683 ἀπρόσ-

318 3726 471 3771 ωπον
513 3708 612 3762 καὶ
654 3706 902 3777 ἄμορφον
941 3707 1037 3759 καὶ
1078 3704 1559 3776 ἀχαρακτήριστον
1614 3700 1753 3758 εῖναι
1810 3705 1903 3759 τὸν

319 3797 585 3870 Χριστόν.
639 3793 799 3850 Οὕτω
843 3794 902 3848 δὲ
954 3794 1050 3849 καὶ
1092 3795 1498 3848 ἀνυπόστατονο
1544 3793 1625 3848 διδ
1668 3794 1763 3849 καὶ
1812 3795 1904 3849 τὸν

293 3891 605 3963 ’γράφοντα
655 3889 714 3940 ὲν
768 3886 972 3950 αἰτίαις
1035 3884 1207 3939 ποιῶν
1272 3883 1638 3957 κατῃκίζετο,
1705 3886 1781 3950 ὡς
1838 3887 1900 3941 οὐ

319 3981 695 4055 προκειμένην
738 3979 972 4052 μορφὴν,
1036 3978 1156 4032 οὐδὲ
1212 3980 1453 4033 ὑποστὰν
1482 3980 1776 4050 πρόσωπον
1822 3981 1903 4033 εἰ-

320 4076 631 4142 κονίζοντα.
687 4074 786 4128 Διὰ
842 4073 909 4145 δὴ
972 4070 1133 4125 τοῦτο
1189 4072 1286 4126 καὶ
1353 4072 1572 4126 εἰδώλου
1624 4090 1902 4145 προσηγο-

318 4169 451 4241 ρίαν
496 4169 610 4232 τοῖς
661 4168 828 4238 ἱεροῖς
878 4165 975 4220 τοῦ
1020 4166 1266 4238 Χριστοῦ
1303 4166 1647 4239 ὁμοιώμασιν
1682 4169 1902 4222 ἀπονεῖ-

324 4280 426 4333 μαι
511 4260 851 4332 τετόλμηκεν
909 4259 1293 4323 ἀνοσιώτατα.
1355 4259 1529 4332 ταύτῃ
1578 4261 1637 4315 τὸ
1693 4261 1903 4333 ἀπρόσ-

321 4370 495 4417 ωπον,
539 4350 744 4422 μᾶλλον
775 4349 835 4403 δὲ
890 4349 952 4403 τὸ
992 4351 1365 4405 ἀνυπόστατον
1405 4350 1572 4406 αὑτοῦ
1606 4352 1900 4424 καθοριζό-

2003 3162 2089 3205 est
2117 3151 2261 3215 icou,
2315 3151 2628 3207 describet?
2661 3151 2901 3222 Namque
2934 3153 3092 3207 unius
3126 3153 3364 3207 hominis
3393 3154 3574 3223 imago

2002 3242 2157 3297 alteri
2208 3252 2314 3297 neu
2362 3246 2467 3297 erit
2514 3243 2742 3307 similis;
2784 3245 2928 3299 sicut
2978 3259 3042 3299 ne
3078 3245 3317 3317 sigillum
3353 3246 3572 3316 quidem

2003 3348 2145 3390 certe
2188 3335 2512 3404 impressum
2545 3334 2636 3390 alii
2668 3336 3010 3407 impressioni
3045 3338 3571 3393 accommodabitur.

1999 3427 2137 3483 Cum
2169 3442 2300 3496 ergo
2331 3429 2418 3483 hic
2439 3428 2643 3484 Christi
2676 3431 2889 3485 iconetn
2915 3429 3188 3500 deposuit,
3226 3430 3278 3485 id
3316 3430 3577 3486 videlicet

2002 3522 2132 3591 egit,
2161 3522 2284 3590 q'uia
2326 3536 2389 3577 ea
2420 3537 2527 3577 non
2577 3523 2815 3578 habebat
2847 3537 3007 3592 quam
3048 3522 3331 3577 exhiberet
3372 3537 3575 3592 reprae-

2003 3621 2352 3683 sentaretque
2406 3627 2730 3683 personam,
2787 3629 2961 3684 neque
3024 3623 3367 3685 prototypum
3431 3615 3576 3684 quod

2003 3701 2356 3759 describeret.
2392 3703 2627 3759 Necesse
2655 3713 2738 3759 est
2765 3705 2948 3774 itaque
2976 3715 3034 3760 ut
3057 3708 3138 3763 vel
3170 3709 3372 3765 invitus
3400 3711 3577 3767 conﬁ-

2005 3802 2202 3857 teatur,
2224 3794 2571 3850 sermonibus
2587 3796 2699 3850 suis
2721 3805 3140 3864 consentaneus,
3175 3800 3292 3855 sine
3316 3815 3574 3870 persona,

2004 3884 2122 3941 sine
2162 3883 2334 3937 forma
2365 3895 2417 3937 et
2451 3885 2569 3939 sine
2598 3883 2919 3940 charactere
2949 3884 3232 3942 Christum
3264 3903 3407 3955 esse,
3440 3906 3575 3946 nec-

2004 3988 2110 4028 non
2147 3976 2351 4044 absque
2407 3975 2704 4046 hypostasi.
2740 3975 2949 4032 Idcirco
2990 3978 3163 4041 etiam
3204 3994 3355 4033 reum
3407 3996 3574 4051 agens

2003 4067 2265 4135 pictorem
2295 4066 2401 4136 52
2427 4067 2757 4121 escruciavit
2779 4069 2915 4140 (49),
2947 4084 3043 4123 ceu
3075 4070 3166 4139 qui
3215 4085 3390 4140 nequc
3415 4084 3569 4129 exte-

2005 4158 2203 4213 riorem
2258 4158 2509 4225 formam,
2561 4175 2738 4229 neque
2784 4162 3081 4231 subjectam
3119 4170 3403 4231 personam
3445 4164 3579 4235 ligh-

2002 4262 2199 4309 rasset.
2224 4253 2521 4323 Propterea
2568 4255 2733 4309 etiam
2768 4254 2895 4308 idoli
2941 4255 3356 4325 appellationem
3402 4259 3577 4313 sacris

2002 4342 2203 4401 Christi
2243 4345 2568 4415 imaginibus
2629 4346 3092 4418 irreligiosissime
3123 4346 3379 4417 aﬂingere
3413 4364 3576 4406 ausus

321 4459 507 4514 μενος.
550 4442 617 4495 Et’
658 4457 722 4510 γε
773 4439 997 4494 εἴδωλόν
1045 4457 1211 4510 φασιν
1261 4435 1441 4506 εἶναι,
1472 4441 1581 4495 τῶν
1634 4442 1901 4513 μηδαμῶς

2008 4445 2088 4494 est
2117 4456 2131 4494 :
2165 4438 2419 4492 nimirum
2464 4453 2655 4494 carere
2680 4439 2954 4494 Christum
2995 4455 3249 4510 persona,
3275 4444 3384 4496 imo
3411 4443 3577 4497 etiam

320 4534 762 4608 προῦφεστώτων
779 4531 1117 4602 ἁνᾴπλασμα
1146 4532 1244 4603 οὐχ
1263 4533 1538 4604 ὁμοίωμα,
1559 4534 1621 4588 οὐ
1648 4535 1755 4604 γὰρ
1785 4534 1901 4606 ἔχει

319 4628 515 4698 σχέσιν
539 4624 676 4695 πρὸς
706 4624 736 4677 6
762 4623 1141 4693 ἁφομοιωθείη
1162 4666 1176 4688 ,
1201 4623 1430 4694 πλάσμα
1451 4624 1509 4678 δὲ
1534 4625 1900 4697 φασματῶδες

316 4717 467 4773 καθὰ
519 4714 667 4771 δοκεῖ
724 4714 804 4787 τῷ
855 4715 1372 4787 πλαπογραφοῦντι
1423 4716 1899 4788 διαμορφούμενον

318 4807 666 4878 ἁλογώτατα.
968 4804 978 4822 ³

402 4990 569 5046 Ἀλλὰ
593 4990 663 5046 τὰ
687 4991 786 5063 μὲν
814 4989 1054 5050 τοιαῦτα
1068 4991 1316 5062 δόγματα
1365 4992 1465 5062 τῆς
1490 4992 1701 5047 ἐκείνου
1730 4994 1899 5064 ἠρτη-

324 5085 439 5138 σθω
476 5084 697 5155 φρενὸς,
728 5084 786 5148 ὃς
815 5083 926 5138 οὐδ’
973 5084 1224 5137 ὁπωσοῦν
1252 5083 1489 5139 ἐνταῦθα
1534 5087 1629 5138 ἐπὶ
1658 5084 1898 5155 Χριστοῦ

320 5176 521 5230 διδόναι
553 5173 993 5248 μορμὴιίέιδοξεν.
1043 5175 1103 5228 ’0
1134 5175 1191 5228 δέ
1214 5192 1278 5244 γε
1304 5175 1593 5242 Θεσπέσιος
1637 5178 1900 5233 Ἀπόστο-

319 5265 415 5329 λος
456 5264 520 5319 τδ
555 5265 695 5320 κατὰ
723 5266 960 5339 Χριστὸν
996 5265 1296 5336 μυστήριον
1326 5266 1625 5336 διασαφῶν,
1659 5267 1797 5338 πρὸς
1822 5270 1889 5339 τῇ

341 5442 347 5449 ’
396 5424 510 5495 με)
543 5426 747 5480 Revera
771 5428 822 5480 in
847 5426 1146 5495 priscorum
1182 5426 1428 5480 codicum
1460 5425 1728 5483 icunihus,
1769 5438 1896 5495 nec--

322 5494 435 5554 non
486 5497 709 5550 musivis
738 5494 1027 5561 operibus,
1073 5495 1278 5550 Graecis
1328 5498 1647 5562 prtesertim,
1677 5494 1894 5562 Christi

325 5566 546 5621 Domini
565 5562 887 5632 imaginibus
916 5581 1113 5619 nomen
1140 5561 1354 5634 quoque
1368 5565 1525 5618 Iesus
1549 5566 1625 5618 vel
1649 5561 1894 5618 Christus

323 5635 630 5703 mpissimc
656 5635 980 5703 adjungitur.

338 5702 521 5778 πῖόῆ
565 5702 900 5761 llorrendam
942 5704 1265 5778 Copronymi
1316 5706 1575 5761 adversus
1616 5719 1892 5763 sacrarum

2006 4530 2308 4602 hypostasi,
2371 4531 2450 4584 sic
2523 4529 2810 4586 definiens.
2873 4532 3152 4600 Siquidem
3208 4532 3410 4588 idolum
3457 4549 3580 4589 csse

2005 4623 2156 4677 aiunt
2181 4621 2256 4676 rei
2297 4620 2707 4677 insubsistentis
2737 4622 3010 4678 ﬁctionem
3045 4632 3100 4678 et
3127 4624 3578 4679 similitudinem:

2006 4726 2114 4766 non
2149 4712 2296 4766 enim
2351 4710 2418 4766 ad
2456 4712 2508 4769 id
2543 4711 2860 4767 relationem
2897 4713 3061 4767 habet
3089 4715 3175 4768 cui
3214 4713 3578 4776 assimilatur,

2004 4804 2100 4859 sed
2129 4804 2471 4873 phantastica
2523 4804 2776 4860 conlictio
2823 4816 2925 4873 est,
2958 4822 3053 4875 per
3085 4822 3354 4861 summam
3404 4807 3586 4863 stulti-

2006 4897 2133 4951 tiam
2163 4907 2323 4966 prout
2361 4897 2579 4951 videtur
2609 4898 2806 4953 artiﬁci
2837 4898 3269 4971 eﬂ'ormata(50).

2076 4987 2181 5043 Sed
2205 4990 2356 5044 enim
2398 4989 2709 5059 hujusmodi
2760 4993 3008 5061 dogmata
3043 4993 3264 5063 ingenio
3292 4993 3410 5063 ejus
3467 5002 3578 5049 tota

2005 5081 2367 5149 dependeant,
2391 5081 2474 5136 cui
2495 5083 2643 5137 nullo
2669 5084 2828 5137 modo
2850 5084 3076 5137 formam
3102 5084 3317 5139 Christo
3337 5085 3578 5141 tribuere

2007 5173 2201 5243 placet.
2266 5173 2432 5230 Divus
2509 5184 2689 5229 tamen
2744 5164 2945 5230 Paulus
3000 5175 3204 5230 Christi
3259 5176 3577 5247 mysterium

2001 5280 2300 5335 exponens,
2356 5278 2554 5336 prreter
2603 5284 2790 5332 unam,
2849 5269 2899 5323 id
2953 5277 3039 5323 est
3090 5269 3352 5333 divinam,
3419 5269 3579 5323 aliam

2005 5424 2296 5491 imaginum
2333 5424 2448 5493 pios
2494 5425 2733 5479 cultores
2769 5426 3066 5488 smvitiam,
3107 5441 3231 5478 cum
3269 5426 3389 5477 aliis
3448 5425 3582 5480 locis

2003 5505 2114 5546 tum
2148 5497 2448 5560 praesertim
2501 5497 2566 5548 ad
2613 5510 2813 5549 annum
2846 5495 2963 5561 ejus
3015 5496 3331 5564 imperantis
3391 5497 3587 5549 ἠρεμί-

2001 5580 2145 5616 mum
2177 5567 2487 5631 septimum,
2525 5575 2708 5621 narrat
2746 5564 3107 5634 Theophanes
3142 5566 3192 5618 in
3218 5566 3512 5619 Chronico.

2074 5634 2187 5705 (50)
2227 5635 2429 5690 Confer
2460 5634 2684 5690 Macarii
2719 5635 2895 5692 locum
2932 5637 3178 5703 citatum,
3212 5649 3263 5705 ρ.
3295 5636 3384 5695 si,
3411 5651 3466 5689 η.
3494 5635 3557 5691 '3.
