3928 6142
388 259 497 325 995

1427 263 1485 321 S.
1528 264 1945 324 NICEPHURI
1984 263 2490 325 ΡΑΤΗΙΛῘὶΕΙ-ΙΕ
2532 266 2639 327 CP.

3545 256 3652 326 E23

392 387 611 444 quoque
649 371 702 426 id
735 378 821 427 est
862 370 1006 426 servi
1060 371 1288 425 formam
1321 373 1479 428 nobis
1517 374 1785 439 exhibuit,
1839 386 1894 428 et
1920 375 1973 428 iu

2088 376 2183 445 μιᾷ
2237 375 2487 428 τουτέστι
2531 377 2598 445 τῇ
2640 372 2762 443 θείᾳ
2806 372 2900 424 καὶ
2932 370 3127 442 ἑτέ-ραν
3160 369 3379 442 μορφὴν
3424 371 3525 440 τὴν
3559 374 3655 424 τοῦ

392 465 800 520 similitudinem
833 463 1117 519 hominum
1141 461 1420 518 Christum
1454 464 1676 530 factum,
1705 475 1760 520 et
1782 466 1968 521 habitu

395 559 671 612 inventum
728 564 786 610 ut
832 554 1204 613 hominem“.
1259 556 1601 626 Quapropter
1649 559 1741 627 qui
1800 557 1971 613 Paulo

393 651 686 710 credimus.
716 649 960 715 duasque
989 646 1195 703 Christi
1229 651 1559 702 conﬁtemur
1590 648 1818 713 formas,
1846 650 1971 718 qui-

394 741 497 796 bus
526 742 769 811 cjttsdem
807 740 1012 797 Christi
1048 750 1257 793 natura:
1278 740 1759 807 :tlemonstrantnr,
1794 741 1972 810 passi-

396 835 555 889 bilem
581 848 733 900 :rque
762 846 827 884 ac
849 846 947 884 nos
973 831 1270 893 hominem,
1306 838 1378 898 et.
1397 829 1650 883 similiter
1678 828 1972 897 ﬁguratum

395 926 979 990 circumscriptumqne
1044 920 1266 973 scimus.
1332 918 1404 971 At
1477 934 1605 972 vero
1667 919 1971 975 Mantonam

398 1030 572 1084 neque
602 1016 876 1070 humanus
906 1013 1122 1066 habitus
1147 1013 1213 1066 ad
1238 1012 1765 1081 circumscriptionis
1796 1013 1974 1066 ideam

397 1112 640 1173 adduxit,
674 1124 847 1177 neque
883 1109 1007 1161 divo
1029 1106 1190 1161 Petro
1210 1107 1444 1160 attendit
1466 1105 1670 1161 dicenti
1699 1106 1743 1138 “
1774 1124 1787 1161 :
1819 1106 1974 1172 Quod

400 1201 539 1255 Deus
570 1217 790 1271 puerum
831 1197 1412 1268 Jcsumgloriﬁcaverit
1440 1198 1488 1229 “
1526 1216 1539 1252 :
1573 1199 1976 1267 pronuntiavit-

405 1309 510 1361 que
534 1295 676 1346 hunc
709 1307 935 1361 puerum
965 1293 1083 1345 sine
1114 1291 1287 1344 forma
1319 1304 1441 1345 esse
1489 1305 1553 1344 ae
1579 1292 1696 1344 sine
1719 1306 1971 1360 persona.

397 1386 507 1441 Cur
541 1397 720 1441 autem
751 1385 799 1439 ei
834 1392 1139 1451 reputatum
1195 1391 1280 1437 est
1326 1385 1545 1435 dorsum
1578 1391 1742 1450 atque
1788 1398 1973 1452 genae,

401 1480 529 1532 illml
559 1479 775 1547 quidem
828 1476 893 1528 ad
932 1476 1181 1539 verbera,
1220 1475 1303 1528 ha:
1340 1473 1408 1528 ad
1453 1473 1733 1542 colaphos,
1764 1483 1816 1527 et
1845 1489 1978 1543 pcr-

400 1571 603 1622 fossum
660 1568 900 1621 divinum
953 1567 1119 1629 latus,
1170 1566 1561 1634 clavorumqne
1609 1564 1833 1619 lixurte?
1874 1563 1977 1619 Sed

403 1660 516 1710 lucc
568 1656 831 1710 Matrona:
866 1655 1101 1709 ludibrio
1144 1662 1292 1718 sunt,
1346 1650 1663 1719 frustraque
1705 1651 1974 1704 dicuntur.

2081 465 2272 519 δούλου
2295 468 2433 537 ἡμῖν
2472 464 2851 533 εἰσκεκόμικε,
2890 463 2991 516 κα)⁸
3020 464 3077 515 ἐν
3103 462 3413 533 ὁμοιώματι
3438 463 3658 535 ἀνθρὼ-

2079 577 2182 613 που
2209 561 2301 613 τόν
2329 558 2568 629 Χριστὸν
2606 558 2938 628 γενόμενον,
2971 555 3068 609 καὶ
3118 557 3362 625 σχήματι
3406 556 3660 628 εὑρισκό-

2081 669 2241 724 μενον
2268 651 2343 714 ὡς
2375 650 2682 721 ἄνθρωπον.
2735 649 2937 717 Διόπερ
2983 650 3032 700 οἱ
3060 647 3376 716 πειθόμενοι
3423 647 3621 717 Παύλῳ
3643 689 3659 711 ,

2077 745 2174 795 καὶ
2194 743 2586 812 ὁμολογοῦντες
2617 741 2710 794 δύο
2741 741 2954 811 μορφὰς
2972 742 3061 793 ἐπὶ
3092 739 3188 793 τοῦ
3206 738 3467 808 Χριστοῦ,
3496 740 3563 792 δι’
3585 734 3663 794 ὧν

2080 835 2137 886 αί
2177 836 2307 887 κατ’
2342 833 2502 887 αὑτὸν
2529 833 2722 901 φύσεις
2749 831 3058 901 δηλοῦνται,
3095 832 3191 884 καὶ
3221 832 3314 884 τὸν
3352 831 3662 902 ὁμοιοπαθῆ

2079 929 2216 996 ἡμῖν
2234 927 2523 996 ἄνθρωπον
2554 927 2648 978 καὶ
2674 925 2941 986 ὡσαύτως
2973 925 3470 994 ἐσχηματισμένον,
3500 936 3663 988 περι-

2081 1018 2326 1088 γραπτὸν
2348 1015 2822 1085 ὲπιστάμεθα.Τὸν
2850 1014 2928 1079 δὲ,
2946 1014 3067 1066 οὐδὲ
3089 1014 3150 1067 τδ
3171 1015 3357 1084 σχῆμα
3370 1015 3432 1067 τὺ
3450 1013 3665 1085 ἀνθρώ-

2083 1126 2237 1162 πειον
2262 1109 2342 1171 εἰς
2377 1108 2730 1179 περιγραφῆς
2757 1105 2968 1158 ἔννοιαν
2998 1104 3228 1175 ἢγαγεν,
3266 1103 3386 1157 ούδέ
3407 1104 3485 1173 τῷ
3519 1103 3656 1172 θείῳ

2084 1202 2275 1271 Πέτρῳ
2288 1201 2557 1271 προσέσχε
2576 1200 2948 1267 λέγοντι⁶”οτι
2961 1200 2993 1251 ό
3006 1198 3151 1262 Θεὸς
3163 1196 3269 1249 τὸν
3279 1194 3462 1248 παῖδα
3472 1195 3665 1249 αὐτοῦ

2096 1293 2335 1361 Ἰησοῦν
2353 1291 2611 1356 ἐδόξασε
2632 1307 2645 1320 ·
2680 1292 2774 1345 καὶ
2798 1290 3218 1359 δεδογμάτισται
3243 1287 3389 1356 αὐτῷ
3415 1287 3511 1340 καὶ
3536 1291 3668 1349 παῖς

2083 1384 2332 1455 ἄμορφος
2364 1385 2460 1436 καὶ
2508 1383 2858 1454 ἁπρόσωπος.
2890 1381 2954 1434 Τί
2982 1381 3041 1433 δὲ
3073 1379 3226 1449 αύτῷ
3258 1381 3285 1433 ό
3310 1379 3480 1442 νῶτος
3515 1378 3664 1439 αἵτε

2086 1476 2337 1545 σιαγόνες
2383 1473 2772 1545 ἐνομίσθησαν,
2818 1475 2846 1527 ὁ
2884 1473 2982 1544 μὲν
3023 1474 3106 1535 είς
3154 1471 3430 1541 μάστιγας
3458 1511 3474 1534 ,
3522 1471 3577 1523 αί
3604 1469 3664 1521 δὲ

2084 1565 2360 1634 διδόμεναι
2414 1565 2493 1626 είς
2552 1564 2912 1635 ῥαπίσματα,
2966 1563 3000 1634 ἦ
3052 1579 3111 1614 τε
3147 1562 3483 1632 διαιρεθεῖσα
3538 1560 3667 1612 θεία

2087 1657 2322 1729 πλευρὰ,
2359 1659 2456 1709 καὶ
2482 1655 2591 1708 τῶν
2617 1655 2766 1725 ἥλων
2802 1655 2859 1708 αἱ
2891 1654 3212 1726 διατρήσεις
3238 1671 3254 1719 ;
3299 1653 3463 1706 Ἀλλὰ
3490 1652 3664 1705 ταῦτα

402 1748 656 1802 Fortasse
716 1749 861 1801 enim
938 1748 991 1798 in
1055 1747 1159 1799 hoc
1217 1746 1383 1799 etiam
1434 1743 1751 1809 magistrum
1794 1742 1980 1796 habuit

2088 1750 2184 1820 μὲν
2216 1750 2383 1820 λῆρος
2406 1747 2556 1817 αύτῷ
2581 1748 2678 1800 καὶ
2713 1747 2892 1818 μάτην
2920 1748 3208 1817 εἰρημένα.
3243 1746 3395 1816 Τάχα
3427 1744 3538 1815 γὰρ
3563 1745 3669 1798 κάν

407 1842 720 1904 Eusebium,
753 1840 845 1908 qui
878 1853 1015 1892 vane
1046 1838 1311 1891 dictitavit
1338 1844 1504 1889 totam
1530 1835 1753 1888 omnino
1784 1834 1980 1887 immu-

404 1944 571 1986 tatam
606 1931 776 1984 fuisse
806 1930 1098 1983 humanam
1126 1927 1330 1982 Christi
1363 1928 1618 1990 formam,
1643 1941 1819 1995 neque
1840 1926 1979 1979 ulla-

402 2036 562 2079 tenus
588 2026 640 2077 in
672 2039 770 2077 sua
830 2021 1102 2074 mansisse
1150 2019 1486 2089 proprietate
1514 2017 1649 2090 (51).
1685 2017 1978 2088 Postquam

407 2134 533 2174 vero
561 2116 813 2185 cognovit
847 2113 1128 2168 Mamenas
1152 2112 1423 2166 neminem
1447 2112 1808 2165 orthodoxam
1846 2126 1980 2165 vana

405 2209 522 2278 o-jus
558 2210 912 2264 toleraturum
963 2204 1179 2269 deliria,
1236 2204 1458 2257 omissis
1509 2203 1692 2258 verbis
1737 2202 1805 2256 ad
1858 2211 1979 2256 acta

406 2303 636 2371 proruit,
676 2299 951 2368 publicum
995 2310 1056 2351 se
1084 2295 1286 2351 Christi
1338 2297 1546 2348 hostem
1596 2294 1979 2349 conStituens:

406 2410 475 2448 ex
531 2409 637 2461 qtto
696 2404 939 2458 tempore
991 2389 1207 2442 omnem
1268 2386 1576 2441 machinam
1624 2394 1682 2439 et
1725 2397 1979 2440 conatum

406 2483 767 2555 exprompsit,
798 2492 854 2535 ιιι
888 2482 1063 2548 ipsum
1098 2479 1452 2547 archetypum
1484 2493 1605 2531 cum
1647 2477 1803 2531 icone
1848 2492 1982 2531 con-

410 2576 630 2629 tumelia
667 2576 933 2636 alliceret,
975 2570 1246 2640 simulque
1273 2571 1583 2623 ili-strueret
1611 2582 1674 2624 ac
1723 2568 1982 2623 memoria

409 2670 662 2722 eraderet
687 2685 701 2720 :
732 2664 1171 2736 quandoquidem
1206 2661 1466 2716 molestus
1496 2661 1568 2714 illi
1594 2662 1845 2715 Christus
1868 2671 1985 2715 erat

412 2763 465 2812 in
519 2758 753 2829 imagine
787 2757 954 2809 ctiam
1003 2761 1300 2822 spectatus.
1336 2753 1538 2806 Deinde
1578 2751 1742 2805 velati
1787 2751 1983 2818 resipi-

411 2865 593 2913 scens,
628 2848 772 2918 quod
803 2847 1009 2914 absque
1041 2859 1273 2914 persona
1310 2852 1364 2897 et
1401 2842 1676 2912 hypostasi
1703 2840 1981 2895 Chrismm

412 2944 579 3008 dicat,
610 2955 799 2994 eorum
843 2940 1015 2992 instar
1062 2937 1153 3006 qui
1205 2938 1274 2990 ex
1321 2934 1574 3003 pltrenesi
1607 2949 1667 2988 se
1717 2936 1987 3004 recipiunt

412 3044 506 3088 aut
534 3049 601 3087 ex
629 3032 839 3087 insania
869 3039 1121 3099 pausant,
1167 3029 1221 3082 in
1261 3043 1320 3082 se
1351 3027 1668 3092 revertitur,
1701 3037 1867 3095 atque
1913 3026 1984 3081 ad
2016 3067 2061 3128 ε

414 3126 696 3197 preprium
737 3123 1002 3180 vomitum
1036 3123 1193 3187 redit,
1226 3122 1511 3189 deuuoque
1544 3134 1835 3190 personam
1878 3133 1992 3173 ute-

415 3232 658 3282 moratis,
686 3216 803 3272 ait:

482 3401 575 3458 59.
615 3419 633 3452 ι
691 3398 1028 3468 lmpossibile
1057 3395 1204 3451 enim
1238 3405 1349 3460 est,
1386 3393 1506 3465 ejus
1547 3396 1637 3464 qui
1673 3410 1738 3449 ex
1781 3393 1990 3448 duabus

417 3495 625 3547 naturis
682 3489 735 3545 in
791 3505 895 3544 una
945 3502 1178 3557 persona
1228 3486 1504 3553 subsistit,
1538 3487 1594 3540 in
1624 3502 1727 3539 una
1767 3485 1987 3555 quidem

416 3596 604 3638 natura
654 3583 887 3652 ﬁgurare
940 3594 1250 3649 personam,
1282 3578 1333 3631 in
1364 3577 1534 3639 altera
1566 3593 1697 3631 vero
1727 3579 1982 3633 eumdem

416 3689 538 3731 esse
584 3674 704 3731 sine
759 3686 1013 3741 persona.
1087 3689 1106 3722 ι
1165 3669 1358 3723 Adhuc
1421 3670 1474 3722 in
1505 3669 1619 3723 suis
1680 3677 1993 3737 perseverat

416 3766 779 3837 dogmatibus,
833 3779 937 3817 non
990 3772 1171 3817 tamen
1234 3761 1419 3830 priore
1474 3762 1652 3815 modo.
1713 3760 1811 3815 llic
1839 3762 1986 3814 enim

415 3858 568 3913 exuit
598 3856 1040 3924 interrogativam
1072 3854 1323 3924 ﬁguram,
1356 3867 1421 3908 ac
1453 3853 1620 3906 veluti
1648 3853 1732 3907 sui
1761 3854 1987 3920 oblitus,

416 3948 700 4019 superiora
738 3950 994 4015 tigntenta
1014 3946 1223 4014 abjicit,
1265 3954 1316 3999 et
1349 3946 1678 3999 sententiam
1707 3960 1859 4000 suam
1898 3944 1993 3999 de-

417 4047 579 4111 nique
630 4041 863 4105 revelat;
929 4040 1070 4092 haud
1123 4039 1299 4107 logica
1342 4037 1645 4107 procedens
1707 4037 1988 4102 methodo,

417 4150 589 4202 neque
645 4150 710 4187 ει
770 4130 1176 4199 Scripturarum
1230 4142 1324 4183 aut
1372 4129 1594 4183 Patrum
1655 4130 1993 4198 argumentis

414 4229 717 4279 orationem
749 4222 1067 4287 contexens,
1103 4222 1197 4275 sed
1240 4220 1501 4289 quidquid
1529 4221 1578 4274 ei
1625 4236 1721 4275 sua
1752 4230 1992 4290 potestas

2081 1840 2297 1904 τούτοις
2339 1841 2430 1893 τὸν
2463 1837 2629 1892 αὑτοῦ
2664 1839 2927 1890 Εύσέδιον
2968 1837 3094 1907 ἔσχε
3127 1837 3472 1899 διδάσκαλον,
3509 1853 3670 1891 κενο-

2082 1930 2347 2000 λογοῦντα
2382 1931 2512 2001 ὃλην
2537 1930 2714 1984 διόλου
2756 1929 3197 1999 μεταϐεϐλῆσθαι
3234 1929 3333 2000 τὴν
3359 1931 3499 1982 κατὰ
3525 1929 3669 1999 Χριο

2086 2025 2209 2078 στὸν
2248 2022 2600 2094 ἀνθρωπείαν
2641 2022 2880 2094 μορφὴν,
2928 2022 3026 2074 καὶ
3065 2020 3332 2092 μηδαμῶς
3368 2022 3510 2092 ἐντῇ
3542 2021 3671 2074 καθ’

2084 2117 2282 2185 ἑαυτὴν
2316 2115 2584 2184 μένουσαν
2627 2114 2873 2183 ἰδιότητι.
2926 2114 3080 2166 Ἐπεὶ
3116 2113 3172 2165 δέ
3208 2113 3348 2182 ἔγνω
3374 2112 3450 2176 ὡς
3485 2113 3669 2176 οὐδεὶς

2082 2206 2192 2260 τῶν
2220 2206 2589 2259 εὐσεϐούντων
2618 2205 2728 2259 τῶν
2757 2205 2986 2258 είκαίων
3015 2204 3180 2258 αὑτοῦ
3215 2203 3468 2269 ἀνέξεται
3494 2203 3670 2273 ληρη-

2089 2297 2293 2366 μάτων,
2344 2298 2459 2358 τοῖς
2491 2295 2675 2363 λόγοις
2721 2296 2935 2366 χαίρειν
2979 2297 3232 2365 φράσας,
3286 2296 3378 2346 ἐπὶ
3405 2295 3466 2347 τὸ
3508 2293 3674 2364 ἔργον

2084 2386 2284 2458 ἐχώρει
2305 2427 2318 2450 ,
2357 2387 2595 2458 φανερὸν
2629 2388 2824 2441 ἑαυτὸν
2876 2388 3229 2456 καταστήσας
3256 2385 3353 2456 τὴν
3388 2386 3524 2457 πρὸς
3575 2387 3673 2439 τὸν

2085 2479 2322 2549 Χριστὸν
2355 2479 2681 2548 ἀνελόμενον
2716 2480 2918 2550 μάχην,
2960 2478 3021 2543 ἐξ
3048 2473 3110 2532 οὗ
3138 2478 3228 2531 διὰ
3260 2479 3438 2546 πάσης
3487 2494 3672 2547 μηχα-

2084 2569 2180 2639 νῆς
2195 2570 2289 2623 καὶ
2311 2569 2503 2638 πείρας
2520 2569 2685 2640 ἢχθη,
2710 2570 2808 2622 καὶ
2838 2568 2970 2621 αὐτὸ
2988 2569 3049 2621 τὸ
3071 2570 3386 2639 ἀρχέτυπον
3409 2570 3475 2639 τῇ
3500 2569 3673 2622 εἰκόνι

2088 2661 2492 2733 συνεξυϐρίσειν
2535 2679 2596 2713 τε
2631 2661 2747 2732 ἅμα
2783 2663 2878 2715 καὶ
2912 2662 3404 2732 συγκαθαιρήσειν,
3450 2660 3545 2713 καὶ
3574 2660 3675 2732 τὴν

2091 2756 2312 2824 μνήμην
2348 2754 2757 2825 περιαιρήσεινο
2794 2752 2981 2824 ἐπειδὴ
3013 2753 3183 2823 βαρὺς
3212 2752 3360 2819 αὐτῷ
3388 2747 3454 2823 ἦν
3478 2754 3506 2804 ό
3526 2753 3674 2822 «Χρι-

2091 2844 2211 2907 ore;
2245 2846 2340 2898 καὶ
2372 2847 2429 2899 ἐν
2467 2846 2635 2899 εἰκόνι
2689 2845 3041 2916 βλεπόμενος.
3082 2840 3215 2897 Εἶτα
3249 2842 3441 2915 ὥσπερ
3481 2860 3676 2896 συναι-

2092 2936 2355 3007 σθόμενος
2395 2939 2611 3001 ἑαυτοῦ,
2636 2937 2733 2999 ,ὥς
2777 2937 3109 3006 ἁπρόσωπον
3161 2937 3257 2989 καὶ
3295 2936 3675 2989 ἀνυπόστατον

2091 3028 2381 3097 ἀποφαίνει
2411 3029 2501 3081 τὸν
2523 3028 2783 3099 Χριστὸν,
2812 3023 2902 3080 οἷα
2927 3030 2976 3081 οἱ
3008 3029 3073 3081 ἐκ
3104 3026 3407 3097 φρενίτιδος
3444 3024 3677 3095 ἀνενέγ·

2092 3137 2286 3183 καντες
2310 3161 2324 3187 ,
2362 3122 2456 3174 καὶ
2494 3122 2543 3173 oi
2576 3122 2653 3173 ἐκρ
2684 3119 2883 3191 μανίας
2912 3120 3290 3182 καταστάντες
3317 3158 3332 3183 ,
3364 3118 3445 3181 εἰς
3477 3118 3676 3171 ἐαυτέν

2090 3217 2360 3281 ἐπάνεισι,
2398 3217 2492 3270 καὶ
2523 3217 2615 3270 ἐπὶ
2648 3216 2738 3269 τὸν
2773 3216 2904 3270 ἴδιον
2928 3216 3122 3285 ἔμετον
3158 3215 3550 3285 ἐπανέρχεται,
3575 3214 3674 3267 καὶ

2093 3310 2255 3364 πάλιν
2288 3311 2381 3362 ἐπὶ
2408 3311 2471 3364 τὸ
2505 3310 2798 3380 πρόσωπον
2826 3312 2999 3381 χωρεῖ
3020 3309 3115 3362 καί
3146 3323 3313 3379 φησιν
3339 3322 3354 3338 ⁸

2160 3401 2261 3456 λθ’.
2301 3419 2322 3452 ι
2369 3402 2446 3455 Oti
2476 3401 2704 3455 δυνατὸν
2736 3401 2849 3471 γὰρ
2893 3401 2989 3453 ἐπὶ
3013 3400 3109 3453 τοῦ
3139 3403 3205 3453 ὲκ
3240 3398 3335 3452 δύο
3367 3397 3585 3468 φύσεων
3614 3399 3675 3450 ἐν

2092 3496 2171 3550 ἐνὶ
2198 3496 2479 3567 προσώπῳ
2515 3495 2691 3559 ὄντος,
2716 3497 2808 3549 ἐπὶ
2840 3496 2940 3565 τῆς
2968 3496 3098 3565 μιᾶς
3125 3493 3342 3562 φύσεως
3375 3493 3677 3564 πρόσωπον

2092 3587 2402 3653 είκονίζειν,
2431 3588 2527 3639 καὶ
2546 3588 2639 3640 ἐπὶ
2661 3586 2764 3652 τῆς
2793 3587 2923 3656 μιᾶς
2952 3585 3285 3656 ἀπρόσωπον
3304 3582 3621 3651 τυγχάνειν.
3646 3602 3667 3633 ι

2095 3679 2217 3732 Ἔτι
2255 3681 2367 3742 τοῖς
2398 3676 2592 3730 ἑαυτοῦ
2626 3679 2944 3730 συνίσταται
2970 3677 3257 3746 δόγμασιν,
3303 3679 3493 3732 οὐκέτι
3529 3677 3675 3733 κατὰ

2090 3770 2183 3824 τὸν
2214 3768 2555 3840 προλαϐόντα
2580 3768 2785 3838 τρόπον
2809 3783 2824 3797 ⁸
2860 3768 3116 3822 ἐντεῦθεν
3144 3770 3254 3841 γάρ
3282 3770 3582 3825 ἀποδύεται
3613 3771 3676 3826 τὸ

2090 3865 2191 3934 τῆς
2214 3864 2457 3927 πεύσεως
2484 3862 2695 3932 σχῆμα,
2710 3861 2805 3915 καὶ
2827 3860 3018 3932 ὥσπερ
3038 3861 3428 3931 ἐπιλαθόμενος
3452 3861 3673 3927 ἑαυτοῦ,

2090 3954 2200 4008 τῶν
2225 3955 2323 4025 μὲν
2351 3953 2634 4025 προτέρων
2655 3952 2902 4022 ὑπερορᾷ
2922 3951 3284 4021 πλασμάτων,
3307 3953 3674 4019 ἀποφαίνεται

2091 4046 2149 4099 δὲ
2181 4044 2367 4097 λοιπὸν
2413 4043 2481 4096 τὰ
2518 4043 2818 4095 δοκοῦνταο
2855 4042 2918 4093 ού
2965 4041 3109 4095 κατὰ
3161 4042 3390 4112 λογικὴν
3447 4043 3674 4112 μέθοδον

2094 4135 2501 4205 προερχόμενος
2525 4173 2539 4196 ,
2574 4132 2636 4185 ού
2677 4131 2818 4185 κατὰ
2848 4132 3131 4202 γραφικὴν
3163 4132 3196 4201 ἤ
3238 4133 3515 4204 πατρικὴν
3538 4134 3678 4186 ἀπό-

2093 4226 2259 4291 δειξιν
2313 4226 2405 4278 τὸν
2459 4225 2616 4293 λόγον
2678 4224 3023 4294 ποιούμενος,
3079 4224 3196 4278 ἀλλ’
3256 4226 3401 4295 ᾰπερ
3453 4226 3605 4296 αύτῷ
3641 4228 3677 4296 ἡ

413 4318 686 4382 concedit,
722 4323 779 4369 et
825 4315 1054 4383 putredo
1110 4312 1333 4376 mentis,
1370 4311 1689 4382 ventrisque
1713 4313 1900 4382 adeps,
1936 4324 1980 4369 et

2095 4317 2313 4384 ἐξουσία
2347 4317 2642 4389 ἐπέτρεπε,
2668 4317 2762 4370 καὶ
2795 4318 2827 4388 ἡ
2856 4317 2950 4370 τοῦ
2986 4317 3105 4380 νοὸς
3140 4317 3429 4388 σαθρότης,
3451 4319 3548 4372 καί
3578 4319 3676 4390 τῆς

415 4411 649 4463 vomitus
675 4406 1041 4471 immnmlitia,
1073 4415 1128 4459 et
1158 4406 1405 4472 aspersio
1435 4408 1718 4473 stercoris,
1743 4416 1800 4462 et
1828 4425 1980 4463 mun-

2095 4410 2333 4480 γαστρὸς
2368 4411 2401 4480 ή
2436 4411 2720 4481 παχύτης,
2763 4410 2858 4462 καὶ
2888 4409 2996 4461 τῶν
3027 4410 3238 4480 ἐμέτων
3268 4411 3300 4479 ἡ
3335 4410 3675 4483 ἀκαθαρσία,

416 4508 675 4553 danarntn
719 4500 978 4566 humique
1022 4499 1323 4567 repentium
1373 4499 1736 4567 cupiditatum
1790 4501 1980 4555 immo-

2092 4500 2185 4552 καὶ
2211 4500 2309 4569 τῆς
2338 4499 2571 4570 κοπρίας
2596 4501 2628 4569 ἠ
2651 4500 2964 4568 enatum,
2997 4498 3078 4553 ἔτι
3107 4499 3333 4553 καὶτῶν
3364 4501 3677 4570 ἐγκοσμίων

415 4595 535 4647 dtca
564 4592 766 4661 passio,
793 4591 846 4643 in
878 4589 1077 4658 quibus
1104 4586 1316 4656 jactare
1345 4604 1405 4643 se
1452 4603 1516 4644 ac
1546 4589 1793 4645 deliciari
1827 4603 1980 4661 puta-

2091 4594 2188 4646 καὶ
2212 4594 2386 4664 χαμαὶ
2414 4593 2728 4664 ἐρχομένων
2754 4596 2786 4664 ἡ
2818 4594 3054 4664 ἄμετρος
3076 4593 3446 4665 προσπάθεια,
3473 4594 3561 4664 ἐφ’
3592 4588 3677 4657 οἷς

415 4688 526 4750 hat,
560 4680 1026 4749 conlidenterjant
1062 4681 1417 4750 dogmatizat.
1478 4680 1630 4747 Quod
1662 4698 1793 4752 ergo
1830 4686 1980 4737 nobis

2088 4685 2409 4753 δοξάζεσθαι
2445 4689 2540 4739 καὶ
2571 4687 2845 4757 ἐντρυφᾷν
2875 4685 3015 4757 ᾤετο
3040 4724 3055 4749 ,
3090 4685 3440 4757 θαρρούντως
3468 4686 3676 4756 δογμα-

416 4791 584 4831 rauos
615 4787 671 4829 ct
699 4772 1020 4844 garrulitate
1061 4781 1337 4826 scatentes
1367 4773 1620 4841 propinet
1676 4788 1981 4839 sermones,

412 4870 583 4924 cuivis
610 4868 949 4939 exploratum
992 4875 1097 4921 est.
1125 4864 1491 4919 Nihilominus
1539 4880 1638 4919 nos
1663 4865 1805 4919 haud
1839 4866 1984 4936 piget

412 4966 604 5017 horum
637 4962 916 5017 hominum
953 4960 1222 5014 inscitiam
1248 4968 1557 5028 opportune
1589 4967 1752 5026 atque
1782 4959 1983 5028 impor-

410 5068 540 5110 tune
571 5054 885 5110 retundere.
924 5052 1068 5107 Nihil
1113 5053 1260 5107 enim
1291 5050 1852 5120 impedit,quominus
1890 5066 1986 5104 nos

411 5161 555 5200 nunc
586 5147 753 5201 etiam
784 5160 847 5199 ex
895 5157 1210 5199 sermonum
1247 5140 1356 5211 53
1380 5140 1499 5208 ejus
1524 5141 1755 5194 materia
1792 5154 1982 5194 ansam

407 5245 706 5303 sumentes,
743 5248 931 5289 rursus
958 5248 1079 5288 eum
1119 5234 1187 5285 ad
1213 5230 1703 5285 contradictionem
1747 5231 1983 5284 adduca-

409 5342 547 5390 mus,
580 5336 634 5380 et
655 5326 759 5394 ipst
779 5340 829 5378 nt
868 5323 969 5378 sibi
998 5320 1289 5377 manifeste
1309 5331 1728 5391 _repnguantem
1752 5321 1980 5376 demon.

477 5527 520 5559 οι
565 5527 798 5598 Philipp.
834 5544 897 5596 ιι,
930 5530 984 5585 7.
1062 5533 1107 5563 ιι
1147 5535 1270 5587 Act.
1307 5548 1380 5598 ιν,
1408 5533 1621 5600 sum,
1658 5530 1741 5585 ιδ.

2087 4777 2247 4842 τιζει.
2269 4777 2355 4840 Ὠς
2393 4778 2494 4847 μὲν
2514 4773 2608 4832 οὖν
2634 4779 2875 4843 εἰκαίους
2897 4780 2990 4833 καὶ
3013 4779 3213 4850 λέσχης
3238 4778 3510 4849 ἐμπλέους
3537 4780 3674 4849 ἡμῖν

2094 4868 2352 4921 ἐπαντλεῖ
2379 4870 2599 4937 λόγους,
2634 4870 2802 4924 παντί
2838 4888 2943 4924 που
3000 4870 3185 4941 δῆλον.
3214 4870 3407 4940 ὐμως
3435 4869 3533 4923 οὐκ
3561 4870 3674 4921 ἁπ-

2091 4959 2348 5030 οκνητέον
2369 4963 2436 5032 τῇ
2455 4961 2659 5016 τούτων
2673 4962 3005 5034 ἀπαιδευσίᾳ
3020 4961 3294 5033 εὐκαίρως
3309 4960 3407 5015 καὶ
3423 4960 3671 5031 ἀκαίρως

2082 5050 2594 5107 ἀντικαθίστασθαι.
2626 5053 2798 5107 Οὐδὲν
2830 5053 2940 5123 γὰρ
2976 5052 3181 5106 κωλύει
3224 5052 3318 5106 καὶ
3355 5052 3449 5105 νῦν
3478 5053 3542 5105 ἐκ
3570 5042 3673 5119 τ’ἧς

2082 5141 2190 5194 τῶν
2220 5141 2395 5210 λόγων
2419 5144 2586 5198 αὐτοῦ
2621 5143 2934 5208 ὑποθέσεως
2958 5130 3346 5215 ὡρμημένους,
3382 5143 3549 5197 πάλιν
3588 5143 3670 5205 εἰς

2083 5234 2373 5303 ἀντίφασιν
2430 5237 2597 5290 αὑτὸν
2650 5237 2975 5309 περιάγειν,
3016 5237 3113 5289 καὶ
3144 5235 3321 5306 ἐαυτῷ
3373 5231 3669 5304 προφανῶς

2082 5326 2606 5405 ὰντικαθιστάμενον
2645 5328 2840 5393 δεῖξαι.
2881 5328 3103 5397 Ῥητέον
3158 5328 3297 5399 γὰρ,
3344 5327 3427 5381 δτι
3475 5324 3669 5397 ἐπειδὴ

476 5687 590 5761 (tit)
634 5688 1021 5747 Animadverte
1045 5694 1426 5763 gravissimam
1466 5692 1755 5765 Nicephori
1798 5693 2062 5751 adversus
2097 5694 2388 5752 Euuhiutn
2425 5698 2879 5757 criminationem.
