3928 6142
303 295 404 356 297

1036 290 1656 354 ANTIRRHETICUS
1689 293 1719 351 Ι
1757 294 1897 354 ADV

2001 246 2554 385 lONSTANTll‘iUM
2592 292 2806 352 COPR.

3446 293 3565 355 298

308 405 604 480 προσώπου
637 403 755 466 ἐνὸς
795 402 974 469 δντος,
1008 402 1210 474 ἔφησεν
1261 404 1522 459 ἀδύνατον
1564 401 1711 459 εἶναι
1742 407 1886 458 εἰκο-

2001 419 2245 461 ηιιίριιιιιε.
2280 407 2575 461 Dicendum
2600 416 2683 459 est
2706 407 2885 474 ig.tu,r,
2910 411 3053 473 quod
3086 406 3561 473 quandoquidem,

308 497 553 561 νίζεσθαι
590 492 681 547 τὸν
711 493 965 563 Χριστὸν,
993 494 1135 546 κατᾶ
1162 492 1260 564 τὴν
1285 494 1482 566 ἑτέραν
1511 496 1620 548 τῶν
1647 496 1881 564 φύσεων,

307 589 397 643 καί
442 587 658 658 βέϐαιοί
705 584 865 637 τοῦτο
892 585 1117 662 φάσκοων
1154 584 1293 653 μετὰ
1347 584 1584 656 βραχέα·
1637 604 1654 637 ι
1695 587 1816 639 Ὅτι
1853 587 1886 657 ἡ

309 679 492 742 εἰκὼν,
532 677 830 748 προσώπου
865 676 1015 751 ἐστὶν
1042 675 1228 739 εἰκὼν,
1268 677 1568 747 καὶταύτῃ
1611 678 1709 748 τὴν
1735 678 1887 731 θείαν

309 772 468 842 φύσιν
518 767 852 839 ἀπρόσωπον
909 766 984 829 ὡς
1043 766 1454 836 ἁπερίγραπτον
1504 768 1818 837 τυγχάνειν,
1860 786 1879 818 ι

309 865 522 918 πάντως
547 860 637 913 ἵνα
656 861 690 929 ἡ
719 856 1013 919 ἀκόλουθος
1039 857 1115 927 τῷ
1144 857 1287 928 λόγῳ
1316 858 1589 921 ἀντίθεσις
1614 858 1885 929 φυλαχθῇ,

305 953 399 1008 καί
426 955 491 1005 ὲκ
515 950 609 1003 τοῦ
636 947 1003 1003 άνεικόνιστον
1016 946 1259 1014 δοξάζειν
1272 947 1363 1000 τὸν
1384 947 1640 1017 Χριστὸν,
1669 948 1886 1021 ἀπρόσ-

307 1061 454 1099 ωπον
497 1041 768 1104 ὡσαύτως
830 1041 926 1093 ἐπὶ
958 1044 1059 1111 τῆς
1099 1039 1290 1110 ἐτέρας
1324 1039 1435 1091 τῶν
1471 1040 1687 1106 φύσεων
1727 1041 1888 1095 αὑτὸν

308 1136 618 1204 είσαγάγοι.
656 1133 769 1191 Καὶ⁸
806 1131 964 1185 τοῦτό
1012 1133 1128 1184 ἐστι
1169 1131 1331 1186 πάλιν
1376 1130 1656 1201 ἀδύνατον.
1697 1130 1888 1197 "Eleas

309 1231 412 1301 γὰρ
436 1230 504 1283 ἂν
534 1226 782 1298 βιασθεὶς
803 1223 1105 1289 κάνταῦθα,
1126 1223 1207 1277 ὅτι
1238 1223 1296 1275 οὐ
1323 1223 1546 1276 δυνατὸν
1581 1224 1671 1276 ἐπὶ
1700 1221 1793 1276 τοῦ
1824 1225 1889 1276 ἐκ

308 1323 396 1375 δύο
428 1323 653 1390 φύσεων
687 1319 744 1370 ὲν
791 1317 871 1369 ἑνὶ
922 1314 1203 1386 προσώπῳ
1258 1314 1411 1377 ὄντος
1441 1355 1455 1380 ,
1508 1315 1600 1368 ἐπὶ
1628 1315 1728 1385 τῆς
1760 1316 1889 1384 μιᾶς

311 1414 526 1483 φύσεως
561 1398 1268 1483 πρόσωπον’ἀνεικόνιστον
1313 1403 1455 1461 εἶναι
1477 1449 1491 1473 ,
1538 1407 1634 1461 καὶ
1665 1407 1759 1460 ἐπὶ
1790 1407 1889 1477 τῆς

313 1509 440 1578 μιᾶς
465 1505 803 1577 ἀπρόσωπον
841 1501 1158 1572 τυγχάνειν,
1215 1499 1308 1552 καὶ
1350 1499 1506 1569 ψιλὸν
1550 1498 1713 1569 μόνον
1754 1498 1889 1551 Θεὸν

312 1597 553 1651 νοεῖσθαι
600 1595 694 1649 τὸν
724 1592 996 1663 Χριστὸν,
1033 1591 1128 1644 καὶ
1157 1590 1251 1644 ἐπὶ
1280 1591 1381 1660 τῆς
1426 1589 1678 1658 θεότητος
1724 1588 1888 1642 αὐτοῦ

314 1689 482 1759 μόνης
514 1685 810 1755 πρόσωπον
838 1681 1061 1746 διδόναι,
1096 1681 1189 1733 καὶ
1239 1680 1314 1752 μὴ
1345 1679 1632 1745 είκονίζειν
1680 1678 1842 1732 αὐτόν
1872 1692 1886 1706 ⁶

1992 513 2096 548 una
2147 497 2444 550 essistente
2502 482 2708 548 Christi
2773 506 3027 561 persona,
3104 492 3438 560 impossibile
3489 495 3566 547 ait

1992 588 2270 642 Christum
2318 586 2555 656 ﬁgurare
2596 585 2648 638 in
2693 583 2860 637 altera
2891 597 2957 637 ex
2992 582 3109 650 ejus
3134 585 3366 649 naturis,
3403 584 3563 653 idque

1988 677 2150 744 paulo
2182 686 2301 746 post.
2346 675 2632 730 conﬁrmat
2665 674 2851 728 dicens
2881 695 2891 727 :
2933 692 2952 726 ι
2990 671 3128 738 Quia
3173 674 3291 728 icon
3327 684 3411 730 est
3438 688 3563 745 per-

1992 782 2138 821 sona:
2195 767 2338 832 icon,
2386 767 2617 835 ideoque
2658 781 2946 833 personam
2995 766 3178 841 divina
3218 775 3408 819 natura
3454 781 3561 820 non

1995 857 2177 921 habet,
2233 858 2358 926 quia
2417 856 2884 926 incircumscripta
2914 867 3016 924 εει,
3058 876 3076 908 ι
3124 856 3413 911 dicendum
3456 866 3565 920 est,

1993 946 2236 1015 inquam,
2264 955 2322 1000 ut
2353 956 2719 1000 consentanea
2769 944 3011 999 sermoni
3046 954 3295 998 servetur
3327 944 3563 998 antithe-

1992 1038 2090 1101 sis,
2127 1038 2196 1091 ob
2223 1038 2273 1091 id
2317 1039 2479 1092 etiam
2518 1038 2661 1107 quod
2695 1036 2947 1091 Christus
2996 1035 3221 1105 ﬁgurari
3270 1050 3433 1106 posse
3458 1050 3565 1089 non

1993 1128 2276 1193 credatur,
2308 1144 2432 1183 eum
2469 1125 2584 1182 fore
2642 1127 2893 1182 similiter
2936 1127 2986 1180 in
3038 1127 3212 1182 altera
3243 1137 3561 1181 naturarum

1993 1235 2214 1274 suarum
2276 1220 2484 1289 absque
2534 1234 2784 1289 persona.
2840 1218 3010 1274 Porro
3056 1219 3157 1273 hoc
3204 1218 3442 1273 vicissim
3481 1228 3568 1273 est
3628 1206 3633 1211 ’

1993 1311 2353 1382 impossibile.
2384 1310 2516 1364 Nam
2545 1321 2600 1365 et
2628 1311 2730 1365 hoc
2770 1310 2888 1365 loco
2932 1319 3152 1365 coactus
3186 1311 3397 1366 diceret
3464 1312 3566 1364 im-

1994 1403 2252 1474 possibile
2283 1417 2404 1457 esse
2441 1417 2589 1470 cum,
2641 1405 2730 1471 qui
2788 1417 2849 1456 ex
2883 1402 3092 1457 duabus
3128 1403 3340 1456 naturis
3372 1403 3424 1455 in
3460 1418 3565 1455 una

1992 1512 2224 1566 persona
2252 1497 2501 1561 exsistat,
2533 1511 2636 1548 una
2676 1497 2892 1564 quidem
2926 1496 2975 1548 in
3004 1505 3195 1549 natura
3222 1510 3345 1550 esse
3369 1495 3568 1565 inﬁgu-

1996 1584 2239 1651 rabilem,
2276 1586 2328 1638 in
2377 1584 2547 1639 altera
2582 1594 2762 1638 autem
2795 1600 2917 1639 esse
2971 1585 3413 1655 impersonalem,
3442 1587 3570 1640 sim-

1996 1677 2298 1746 plicemque
2328 1688 2383 1733 et
2414 1678 2786 1732 tantummodo
2814 1676 2981 1731 Deum
3009 1677 3236 1747 intelligi
3263 1676 3566 1740 Christum;

313 1780 447 1832 καθὸ
482 1777 546 1830 τὸ
574 1775 963 1839 άνεικόνιστον,
994 1770 1290 1842 προσώπου
1322 1772 1471 1825 ἐστὶν
1501 1770 1885 1824 ἀνεικόνιστον·

2001 1780 2157 1840 atque
2191 1770 2306 1841 ejus
2333 1771 2433 1826 soli
2461 1772 2650 1826 deitati
2687 1786 2974 1841 personam
3004 1771 3428 1834 concedendam,
3462 1786 3567 1824 non

313 1870 406 1923 καὶ
437 1870 471 1938 ὴ
530 1863 671 1936 σάρξ
715 1867 833 1918 ἐστι
868 1862 1243 1934 περιγραπτή.
1277 1861 1464 1927 Οὕτως
1510 1857 1603 1915 οὖν
1639 1862 1732 1914 ἐπὶ
1778 1863 1891 1923 τοῖς

313 1958 737 2031 προειρημένοις
770 1953 921 2023 αὐτῷ
974 1952 1220 2016 ἀτόποις,
1276 1951 1478 2022 ὁμοίως
1534 1952 1628 2005 καὶ
1681 1948 1750 2003 τὰ
1798 1950 1893 2002 νῦν

312 2049 727 2119 ἁναφαινόμενα
768 2046 969 2100 ἄτοπα.
998 2045 1108 2097 Καὶ
1144 2043 1254 2113 γὰρ
1283 2043 1345 2095 τὸ
1374 2042 1765 2113 ἀμφίκρημνον
1793 2040 1894 2093 οὐκ

312 2139 580 2204 ἐξέκλινε,
612 2139 733 2199 ταῖς
756 2134 862 2188 τῶν
885 2132 1102 2187 οἰκείων
1129 2131 1305 2199 λόγων
1334 2130 1691 2201 συνδούμενος
1724 2128 1897 2200 ἄρκυ-

313 2249 396 2288 σιν
418 2250 433 2264 ·
468 2230 596 2285 ἐπεὶ
623 2227 811 2299 ἐδέησέ
844 2243 906 2295 γε
948 2228 1042 2278 καὶ
1096 2224 1170 2295 μὴ
1205 2223 1514 2295 βουλομένῳ
1569 2221 1735 2292 αὐτῷ,
1772 2221 1894 2274 καίο

312 2339 392 2374 τοι
418 2320 591 2373 πολλὰ
618 2318 760 2387 ’περὶ
793 2315 886 2369 τοῦ
922 2313 1344 2384 άπεριγράπτου
1377 2312 1631 2382 καμόντι,
1673 2311 1765 2361 καὶ
1804 2325 1894 2361 κε-

316 2412 676 2479 νολογήσαντι
735 2407 979 2473 πλείονα,
1017 2405 1393 2478 περιγραπτδν
1439 2402 1773 2473 ὁμολογῆσαι
1802 2400 1893 2453 τὸν

316 2503 509 2566 Λόγον,
557 2499 646 2552 ἵνα
684 2499 760 2568 μὴ
805 2496 1094 2567 πρόσωπον
1139 2493 1320 2558 ίδικῶς
1352 2494 1444 2545 ἐπὶ
1494 2492 1595 2561 τῆς
1643 2489 1893 2560 θεότητος

316 2590 483 2645 αὑτοῦ
515 2590 729 2654 εἰσάγοι
767 2588 957 2658 μόνης,
988 2587 1082 2639 καὶ
1105 2588 1138 2656 ἡ
1169 2582 1656 2657 σὰρξκαταλειφθῇ
1684 2582 1894 2652 ἀπρόσ-

313 2698 483 2743 ωπος.
538 2679 612 2731 Ἢ
674 2679 895 2739 πάντως
980 2694 1044 2746 γε
1096 2676 1403 2746 λελείψεται
1449 2676 1681 2745 ἀόρατον
1732 2673 1894 2727 αὐτὸν

314 2775 525 2829 οἴεσθαι
561 2774 656 2828 καὶ
678 2774 972 2843 ἁναςεῆκαὶ
995 2771 1203 2842 ἀπαθῆ,
1227 2771 1401 2825 καὶτὸ
1428 2772 1548 2824 ὅλον
1573 2771 1749 2823 εἰπεῖν
1782 2785 1896 2841 μη-

315 2868 372 2920 δὲ
403 2869 587 2938 σάρκα
615 2864 989 2935 ἀνειληφέναι.
1025 2865 1134 2918 Καὶ
1164 2864 1282 2928 πῶς
1334 2863 1658 2934 ἐκφεύξεται
1679 2885 1682 2888 ’
1705 2862 1766 2915 τὸ
1793 2862 1897 2934 τῆς

317 2960 593 3029 διοκήσεως
646 2957 743 3010 καὶ
775 2955 1079 3025 φαντασίας
1113 2955 1472 3027 βλάσφημον;
1521 2953 1692 3007 Τοῦτο
1723 2953 1789 3027 δὴ
1832 2952 1896 3009 τὸ

316 3051 615 3121 πρόσωπον
667 3049 761 3103 καὶ
814 3048 913 3119 τὴν
966 3048 1265 3101 ὑπόστασιν
1308 3048 1484 3117 ἁπλῆν
1521 3048 1619 3118 μὲν
1662 3047 1801 3111 τέως
1832 3047 1894 3101 οὒ
1924 3089 1969 3149 c

319 3143 470 3211 λέγει
500 3139 647 3196 εἶναι
672 3156 686 3172 ⁸
724 3140 759 3211 ἦ
792 3140 902 3211 γὰρ
934 3137 1004 3195 ἂν
1031 3142 1093 3192 τὸ
1125 3141 1234 3194 πᾶν
1263 3140 1362 3212 τῆς
1394 3139 1710 3210 οἰκονομίας
1745 3140 1895 3194 ἀνεῖ-

322 3235 430 3299 λεν,
465 3235 609 3305 ὅπερ
641 3231 738 3287 νῦν
768 3232 1029 3304 ἄντικρυς
1059 3234 1234 3286 εἰπεῖν
1254 3232 1512 3297 δέδοικεν,
1539 3231 1613 3295 ὡς
1636 3230 1702 3284 ἂν
1728 3233 1899 3299 ἐκφα-

323 3329 436 3399 νείη
469 3329 652 3381 πάντα
682 3326 866 3380 κυκῶν
904 3326 997 3379 καὶ
1025 3325 1330 3380 κατασείων
1361 3326 1429 3379 τὰ
1460 3325 1584 3378 καθ’
1613 3324 1762 3396 ἡμᾶς
1796 3341 1897 3394 μυ-

324 3423 544 3490 στήρια.
583 3419 658 3471 Τὸ
708 3419 817 3488 γὰρ
850 3416 1013 3487 φύσει
1054 3417 1300 3481 ἁπλοῦν,
1330 3416 1455 3470 οὔτε
1488 3415 1739 3487 ὁρᾶσθαι,
1776 3413 1902 3466 οὔτε

323 3510 710 3564 εἰδοποιείσθαι
733 3551 748 3576 ,
784 3508 908 3563 οὔτε
945 3510 1176 3580 πάσχειν
1209 3527 1262 3562 τι
1305 3507 1428 3562 καθ’
1471 3507 1753 3562 ὁντιναοῦν
1778 3505 1904 3576 τρόο

326 3618 423 3655 πον
453 3603 702 3670 πέφυκεν
727 3618 743 3634 ο
775 3600 988 3663 ἀπαθὲς
1020 3602 1127 3672 γὰρ
1156 3603 1251 3654 καὶ
1278 3600 1560 3671 ἄφθαρτον
1592 3601 1687 3653 καὶ
1728 3598 1903 3669 πάντη

326 3694 575 3763 ἄληπτον
608 3695 705 3746 καὶ
734 3694 1114 3763 ἀπερινόητον.
1142 3693 1184 3744 Τ
1187 3692 1313 3745 οὖτο
1344 3693 1400 3746 δὲ
1422 3692 1476 3743 τί
1505 3690 1572 3743 ἂν
1597 3690 1680 3759 εἴη
1711 3689 1840 3744 ἄλλο
1869 3687 1902 3760 ἢ

325 3784 489 3853 θεόςς
541 3786 715 3838 Τοῦτο
746 3781 841 3839 οὖν
875 3786 934 3838 οὐ
988 3785 1161 3852 λέγει,
1219 3785 1474 3838 σύνθετον
1518 3783 1576 3836 δὲ
1609 3782 1702 3836 καὶ
1744 3781 1906 3843 αὐτὸς

325 3876 497 3945 αὐτῆς
543 3875 924 3947 ὡμολόγησεν,
972 3875 1142 3929 εἰπὼν
1191 3877 1255 3929 ὲκ
1289 3874 1383 3927 δύο
1416 3875 1634 3944 φύσεων
1680 3873 1906 3941 γεγενῆ-

328 3969 488 4037 σθαι,
530 3970 637 4023 κᾶν
669 3968 1004 4039 ταμιεύηται
1039 3967 1135 4022 νῦν
1164 3968 1223 4022 δν
1272 3969 1424 4022 δοκεῖ
1466 3967 1667 4038 τρόπον
1715 3963 1906 4019 συνθέ-

329 4075 482 4126 σεως.
519 4061 857 4131 Τεχνάζεται
887 4062 996 4130 γὰρ
1040 4061 1130 4115 διὰ
1155 4062 1256 4130 τῆς
1298 4061 1427 4129 μιᾶς
1462 4059 1560 4113 τοῦ
1607 4056 1909 4129 ἀπεριγρά-

328 4167 459 4206 πτου
487 4154 699 4222 φωνῆς,
729 4154 825 4207 καὶ⁸
843 4153 1013 4208 τᾶλλα
1038 4154 1219 4211 πάντα
1244 4152 1455 4207 ἀνελεῖν
1480 4150 1765 4222 ἰδιώματα.

1998 1871 2177 1916 tamen
2223 1863 2473 1917 eumdem
2519 1861 2893 1933 ﬁgurandum;
2948 1871 3219 1932 quatenus
3270 1863 3412 1929 quod
3446 1862 3569 1915 inli-

1994 1953 2240 2022 gurabile
2272 1964 2378 2018 est,
2437 1953 2600 2021 hujus
2628 1968 2862 2023 persona
2891 1961 2975 2008 est
3024 1953 3416 2023 inﬁgurabilis;
3443 1969 3570 2006 caro

1996 2054 2176 2098 autem
2208 2045 2628 2112 circumscripta
2663 2053 2764 2098 est.
2798 2044 2889 2099 Sic
2934 2057 3063 2113 ergo
3111 2053 3310 2113 praeter
3366 2050 3563 2113 supra-

1996 2137 2138 2192 dicta
2171 2137 2288 2207 ejus
2314 2137 2574 2201 absurda,
2607 2137 2898 2206 praesentia
2923 2151 3143 2207 quoque
3184 2136 3326 2191 haud
3357 2138 3570 2190 minore

1996 2225 2337 2281 absurditate
2372 2226 2642 2280 laborant.
2676 2224 2811 2280 Nam
2837 2226 3031 2294 duplex
3069 2226 3429 2295 praecipitium
3463 2244 3569 2280 non

1996 2317 2210 2384 vitavit,
2289 2332 2512 2371 suormn
2586 2316 2884 2385 implicitus
2961 2317 3248 2372 verborum
3310 2317 3568 2372 retibus:

1997 2407 2251 2476 quoniam
2288 2407 2363 2460 illi
2402 2422 2626 2462 necesse
2652 2405 2755 2461 fuit
2785 2406 2950 2461 etiam
2975 2406 3169 2471 invito,
3208 2408 3310 2461 etsi
3343 2407 3569 2462 multum

1997 2514 2094 2567 pro
2142 2497 2619 2568 iucircumscripto
2671 2497 3038 2564 laboraverat,
3097 2497 3375 2567 multaque
3433 2512 3570 2551 vana

1996 2589 2231 2652 dixerat,
2273 2589 2750 2660 circumscriptmn
2784 2590 3018 2643 Verbum
3044 2588 3318 2656 conﬁteri,
3344 2605 3412 2645 ne
3446 2606 3571 2659 per-

1997 2697 2184 2736 sonam
2214 2697 2463 2737 seorsum
2506 2683 2558 2736 in
2618 2683 2741 2753 ejus
2798 2692 3006 2737 tantum
3051 2684 3253 2737 deitate
3278 2693 3571 2747 statueret,

1997 2789 2127 2831 caro
2148 2785 2327 2829 autem
2358 2776 2734 2844 impersonalis
2768 2784 3032 2830 maneret.
3057 2773 3154 2828 Vel
3187 2790 3344 2830 secus
3375 2791 3572 2844 super-

1997 2867 2101 2921 erit
2135 2867 2205 2931 ei,
2241 2876 2298 2920 ut
2328 2866 2600 2921 existimet
2631 2865 2862 2942 Verbum
2912 2882 3033 2921 esse
3068 2868 3356 2932 invisibile,
3390 2870 3574 2923 inlan-

1998 2959 2182 3027 gibilc,
2246 2959 2601 3028 impassibile,
2656 2961 2709 3013 in
2747 2974 2957 3013 summa
2988 2974 3056 3013 ne
3098 2974 3319 3015 carnem
3345 2961 3566 3030 quidem

2001 3050 2381 3118 assumpsisse.
2416 3050 2701 3118 Quomodo
2735 3062 2914 3105 autem
2938 3052 3131 3105 vitabit
3164 3051 3489 3107 Doeetarum
3517 3066 3573 3107 et

1999 3138 2505 3195 Phantasiastarum
2531 3141 2990 3211 ,hlasphemizun?
3030 3143 3182 3198 Hane
3218 3159 3348 3198 vero
3379 3138 3569 3214 perso-

2001 3247 2126 3284 nam
2163 3242 2214 3285 et
2251 3232 2587 3304 hypostasim
2621 3248 2963 3302 nequaquam
3018 3235 3320 3304 simplicem
3354 3236 3569 3290 interim

2001 3323 2157 3387 dicit;
2188 3324 2390 3392 alioqui
2447 3333 2617 3378 totum
2651 3326 2969 3379 (Rconomin:
2998 3328 3273 3395 negotium
3315 3329 3560 3383 sustulis-

2002 3421 2102 3478 set,
2135 3414 2276 3483 quod
2306 3428 2451 3466 nunc
2477 3413 2687 3482 liquido
2753 3410 3021 3469 allirmare
3079 3427 3335 3483 veretur;
3395 3418 3467 3471 ita
3514 3428 3573 3470 ut

2003 3514 2199 3559 cuncta
2237 3502 2566 3573 permiscere
2606 3512 2664 3558 et
2717 3505 3068 3572 pessumdare
3102 3506 3359 3576 mysteria
3389 3515 3570 3561 nostra

2006 3596 2271 3649 videatur.
2308 3593 2442 3649 Nam
2481 3595 2626 3664 quod
2652 3595 2972 3650 naturaliter
2999 3596 3230 3666 simplex
3264 3608 3367 3664 est,
3400 3614 3575 3668 neque

2005 3683 2176 3749 cerni,
2213 3700 2387 3752 neque
2419 3686 2824 3752 repraesentari,
2865 3701 3041 3755 neque
3068 3687 3273 3756 aliquid
3317 3689 3428 3759 pati
3466 3689 3577 3742 ullo

2007 3776 2166 3830 modo
2194 3785 2405 3844 potest:
2435 3777 2695 3842 est_cnim
2747 3776 3105 3842 impassibile,
3139 3779 3574 3848 iucorruptibilc,

2006 3882 2229 3937 prorsus
2256 3867 2809 3936 incomprehensibile
2830 3878 2885 3921 et
2929 3884 3035 3922 non
3066 3868 3429 3940 intelligibile.
3470 3871 3579 3924 "ut:

2011 3974 2138 4015 vero
2162 3959 2289 4028 quid
2316 3968 2399 4013 est
2435 3958 2601 4022 aliud,
2645 3958 2747 4013 nisi
2783 3957 2965 4014 Deus?
2987 3958 3354 4028 Compositam
3398 3974 3576 4016 autem

2009 4053 2126 4120 ipse
2158 4064 2375 4119 quoque
2396 4049 2640 4104 eamdem
2674 4050 3013 4121 (personam)
3039 4053 3321 4107 confessus
3349 4064 3433 4109 est
3456 4071 3577 4107 cum

2012 4143 2147 4198 dixit
2174 4156 2291 4196 eam
2328 4155 2394 4196 ex
2423 4141 2633 4196 duabus
2664 4142 2878 4196 naturis
2897 4142 3119 4196 conﬁeri
3148 4162 3162 4207 ;
3193 4145 3410 4199 etiamsi
3441 4146 3580 4200 celat

329 4262 468 4302 nunc
517 4263 678 4316 quem
728 4247 873 4299 dit-at
919 4247 1134 4300 modum
1188 4245 1621 4314 compositionis.
1678 4242 1897 4298 Molitur
1964 4237 2107 4294 enim
2144 4250 2250 4289 uno
2305 4234 2766 4304 incircumscripti
2827 4235 3092 4292 vocabulo
3141 4249 3364 4295 caeteras
3391 4256 3580 4318 omnes

330 4341 543 4398 abolere
569 4339 952 4406 proprietates.

394 4432 667 4495 Etivﬁatov
691 4431 749 4484 δὲ
782 4432 846 4483 ὲκ
871 4429 983 4483 τῶν
1006 4430 1268 4484 ἐναντίων
1300 4430 1471 4501 αὑτήν
1507 4447 1687 4500 φαμεν
1719 4431 1897 4501 ἡμεῖς,

2076 4429 2187 4498 Age
2221 4443 2353 4482 vero
2400 4430 2597 4484 ChriSIi
2632 4445 2918 4500 personam
2951 4446 3016 4485 cx
3053 4432 3261 4487 duobus
3292 4436 3582 4489 contrariis

333 4522 470 4575 καθὰ
497 4521 563 4592 δὴ
588 4523 640 4573 οί
665 4521 919 4591 θεηγόροι
948 4521 1265 4574 διδάσκουσι
1299 4521 1600 4589 φάσκοντες
1619 4538 1632 4552 ο
1659 4542 1676 4573 ι
1704 4520 1908 4590 Προελ-

331 4616 434 4667 θὼν
482 4615 540 4666 δὲ
583 4613 719 4675 Θεὸς
755 4614 894 4680 μετὰ
924 4614 1023 4680 τῆς
1059 4612 1445 4682 προσλήψεως,
1481 4613 1539 4664 ἓν
1573 4613 1637 4665 ἐκ
1666 4611 1761 4664 δύο
1800 4611 1910 4663 τῶν

336 4708 611 4767 ἐναντίων,
634 4704 836 4772 σαρκός
853 4703 913 4756 τέ
932 4720 1073 4773 φημι
1103 4704 1196 4756 καὶ
1225 4703 1556 4773 πνεύματος.
1575 4723 1592 4755 ι
1614 4703 1905 4757 Ἀδύνατον

335 4799 437 4866 γὰρ
467 4797 563 4849 δύο
586 4796 781 4865 φύσεις
805 4797 886 4857 είς
916 4795 1031 4856 ἑνός
1056 4812 1200 4857 τινος
1222 4794 1461 4865 ὓπαρξιν
1485 4794 1905 4865 συνερχομένας,

339 4888 408 4959 μὴ
442 4883 584 4940 εἶναι
637 4884 889 4947 ἐναντίας
939 4885 1035 4937 καὶ
1061 4884 1353 4957 διαφόρους
1375 4924 1390 4947 ,
1422 4878 1497 4937 ὧν
1534 4884 1597 4936 τὸ
1624 4884 1901 4953 διάφορον,
1946 4933 1951 4938 .

335 4980 425 5030 καὶ
465 4978 493 5029 ὁ
526 4974 762 5045 ἀριθμὸς
811 4973 1143 5042 παρίστησιν
1168 4989 1180 5002 ·
1232 4971 1315 5034 οἷς
1352 4972 1460 5041 γὰρ
1507 4971 1840 5024 συντεθείσιν
1878 4974 1907 5023 ὁ

338 5063 563 5132 ἀριθμὸς
593 5060 1020 5131 ἐπιφημισθείη,
1049 5063 1108 5113 τὸ
1144 5060 1437 5131 ἑτεροφυὲς
1458 5060 1567 5112 τῶν
1591 5058 1906 5129 ἠριθμημέ-

340 5173 438 5207 νων
462 5157 780 5222 εἰσήγαγεν.
811 5152 874 5206 Εἰ
920 5153 1027 5222 γὰρ
1052 5152 1259 5206 ’ταύτὸν
1288 5148 1419 5218 εἷεν,
1441 5142 1511 5205 ὀὐ
1550 5153 1645 5207 δύο
1678 5152 1742 5205 ἂν
1774 5148 1906 5215 εἷεν,

338 5244 471 5299 ὀλλὰ
518 5246 637 5314 μία.
696 5244 820 5305 ίιώς
863 5244 968 5313 γὰρ
1014 5245 1106 5295 ἐπὶ
1158 5244 1259 5312 τῆς
1305 5245 1432 5314 μιᾶς
1475 5245 1571 5297 καὶ
1602 5245 1704 5313 τῆς
1737 5245 1908 5314 αὐτῆς

343 5336 587 5392 ούνθεσιν
643 5333 900 5401 γενέσθαι
950 5334 1212 5400 δυνοτόν;
1265 5337 1328 5389 Ἢ
1370 5337 1478 5406 γὰρ
1529 5336 1815 5401 σύνθεσις,
1847 5339 1907 5391 τὸ

341 5428 589 5498 διαφορον
645 5425 756 5478 τῶν
795 5425 1221 5495 συντρεχόντων,
1256 5426 1292 5480 ἃ
1342 5427 1405 5498 δὴ
1436 5428 1529 5481 καὶ
1587 5427 1906 5498 ἑτεροούσια

344 5509 478 5569 εἶναι
511 5515 684 5586 δηλοῖ.
719 5514 831 5566 Καὶ
848 5514 1083 5567 πειθέτω
1109 5515 1280 5568 ταῦτα
1302 5517 1329 5568 ὁ
1354 5516 1528 5584 λέγων
1548 5532 1560 5544 ·
1597 5534 1614 5566 ι
1647 5514 1815 5569 Οὔπω
1834 5512 1902 5587 ἦν

2011 4521 2365 4588 compositam
2404 4523 2635 4576 dicimus
2678 4538 2797 4587 nos,
2825 4532 2982 4591 prout
3025 4524 3255 4594 theologi
3290 4526 3373 4580 his
3407 4528 3584 4583 verbis

2010 4612 2206 4667 docent
2234 4612 2347 4683 (5‘).)
2385 4630 2396 4665 :
2437 4631 2456 4663 ι
2490 4611 2804 4668 Procedens
2836 4613 2978 4668 Deus
3008 4621 3132 4670 c‘um
3166 4628 3441 4689 assumpta
3486 4622 3582 4674 hu-

2013 4704 2292 4770 manitate,
2353 4721 2518 4759 unum
2569 4720 2634 4760 ex
2671 4697 3345 4778 duobus'dissidentibus,
3396 4728 3580 4778 carne,

2012 4794 2257 4863 inquam,
2305 4805 2357 4849 et
2408 4797 2621 4864 spiritu.
2651 4816 2669 4848 ι
2715 4799 3047 4866 lmpossibile
3069 4808 3154 4855 est
3179 4801 3324 4855 enim
3360 4813 3581 4858 naturas

2013 4886 2150 4939 duas
2178 4886 2229 4939 iu
2256 4903 2417 4940 unam
2452 4889 2860 4943 subsistentiam
2880 4901 3267 4946 concurrentes
3291 4893 3435 4946 haud
3463 4908 3582 4947 esse

2014 4978 2293 5045 Oppositas
2326 4994 2389 5033 ac
2424 4978 2774 5048 diﬁ‘erentes;
2810 4998 3039 5051 quarum
3077 4984 3450 5039 diversitatem
3500 4987 3580 5040 vel

2017 5069 2133 5136 ipse
2176 5085 2436 5125 numerus
2486 5071 2689 5126 iudicat
2720 5091 2732 5126 :
2767 5074 2835 5128 de
2868 5075 3064 5141 quibus
3100 5075 3243 5128 enim
3267 5077 3584 5144 compositis

2018 5171 2280 5215 numerus
2310 5164 2651 5230 prmtliratur,
2686 5181 2874 5220 eorum
2899 5181 3114 5235 quoque
3140 5166 3356 5222 diversa
3389 5179 3579 5222 natura

2016 5263 2258 5323 apparet.
2296 5252 2429 5307 Nam
2460 5256 2505 5308 si
2540 5256 2676 5310 idem
2712 5268 2918 5320 essent,
2946 5257 3058 5326 jam
3086 5272 3191 5311 non
3226 5259 3344 5312 duae
3378 5270 3585 5311 natura:

2015 5353 2233 5406 essent,
2259 5345 2355 5398 sed
2397 5361 2526 5399 una.
2555 5347 2696 5399 Nam
2734 5363 2855 5415 qua:
2893 5348 3010 5402 ﬁeri
3054 5358 3230 5418 potest
3263 5350 3585 5417 compositio
3653 5385 3660 5391 -

2015 5431 2178 5486 unius
2205 5431 2555 5504 ejusdemque
2582 5436 2826 5489 naturas?
2851 5436 3061 5508 Quippe
3085 5439 3409 5508 compositio
3434 5437 3587 5494 dilic-

2016 5523 2246 5577 rentiam
2277 5529 2719 5581 concurrentium
2760 5531 3006 5597 denotat,
3043 5543 3163 5598 qua:
3207 5530 3322 5587 haec
3367 5531 3587 5600 insuper

415 5683 525 5758 (δι’.)
557 5687 650 5741 Sic
680 5686 796 5742 fere
840 5688 981 5758 loqui
1023 5688 1159 5744 solet
1209 5690 1348 5747 haud
1399 5691 1568 5747 semel
1605 5691 1898 5763 Gregorius
1938 5694 2266 5770 Theologus.

664 5790 671 5795 ’
705 5781 969 5845 PATROL.
1008 5787 1123 5847 (ιιι.
1158 5786 1225 5847 C.

3134 5803 3210 5863 10
