3928 6142
394 313 501 379 299

1426 319 1486 377 s.
1527 318 1946 379 NICEPHORI
1988 321 2492 380 PATRIARCHJE
2530 278 2637 379 cr.

3540 326 3656 389 300

393 429 757 496 beterogenea
803 440 923 479 esse
958 424 1258 497 signiﬁcat.
1316 426 1459 485 Satis
1504 430 1605 483 hoc
1638 429 1797 486 nobis
1840 445 1965 500 per-

2075 433 2264 501 κρᾶμα
2297 430 2356 495 ἐξ
2382 432 2733 502 ἀμφοτέρων,
2778 432 2905 485 κούδέ
2937 450 3019 497 τις
3047 432 3190 504 μίξις
3224 436 3333 490 τῶν
3364 436 3651 499 ἐναντίων,

394 518 622 573 suadeat
658 518 705 572 is
752 518 844 586 qui
901 519 1035 573 dicit
1078 535 1093 573 :
1148 540 1170 570 ι
1209 518 1451 573 Nondum
1501 530 1621 576 erat
1668 523 1966 588 concretio,

394 625 571 681 neque
620 610 811 665 mistio
844 612 1242 682 oppositoruni,
1280 631 1297 661 ι
1338 613 1405 667 de
1462 614 1701 669 humano
1748 629 1971 685 compo-

393 703 498 759 sito
528 702 641 774 (55)
677 703 954 758 disserens
995 715 1049 758 et
1097 704 1332 757 hominis
1379 705 1679 770 creatione,
1714 721 1874 774 quem
1903 721 1966 761 ex

392 795 658 850 invisibili
710 795 1027 863 visibilique
1076 804 1265 847 natura
1322 793 1642 862 formatum,
1674 795 1970 850 contrariis

388 888 547 955 juxta
606 886 923 949 collocatis,
987 885 1213 939 scimus.
1271 885 1383 940 Cur
1456 902 1587 956 ergo
1642 901 1762 941 cum
1826 888 1970 942 dicat

393 979 751 1048 compositam
784 975 1119 1048 hypostasim
1143 1019 1156 1043 ,
1204 978 1594 1031 convenientes
1628 993 1841 1047 quoque
1870 993 1969 1032 na-

396 1069 530 1121 turis
564 1068 762 1136 agnitis
804 1064 1107 1132 qualitates
1133 1064 1365 1119 libenter
1407 1078 1639 1136 apteque
1675 1082 1780 1120 non
1807 1067 1969 1120 attri-

394 1160 508 1214 buit
533 1160 556 1212 Ἰ
586 1158 725 1211 Nam
756 1159 799 1212 si
827 1156 936 1228 54
962 1157 1180 1211 visibile
1204 1158 1538 1211 contrarium
1569 1168 1652 1212 est
1683 1158 1967 1225 invisibili,

392 1262 447 1306 et
480 1250 739 1318 langibile
791 1249 1121 1320 inlaugibili,
1156 1258 1213 1303 et
1244 1250 1602 1318 corruptibile
1642 1250 1970 1320 incorrupti-

393 1345 512 1411 bili,
557 1355 608 1398 et
646 1345 800 1412 siqua
843 1343 949 1396 alia
986 1342 1193 1410 pariter
1244 1343 1477 1396 invicem
1526 1351 1653 1397 sunt
1698 1342 1968 1412 opposita,

389 1453 564 1507 eaque
586 1437 639 1491 in
677 1452 781 1489 una
807 1435 1114 1501 eademque
1134 1433 1338 1489 Christi
1372 1450 1606 1504 persona
1629 1445 1967 1505 spectantur,

389 1530 578 1601 quidni
617 1531 787 1583 altera
851 1543 1068 1598 quoque
1117 1528 1480 1583 antithesisin
1520 1528 1709 1582 eodem
1752 1527 1971 1582 Christo

388 1621 749 1689 spectabilur,
777 1620 1256 1691 circumscriptum
1292 1621 1413 1676 dico
1465 1632 1519 1675 et
1564 1622 1969 1676 incircumscri-

387 1714 581 1786 ptum?
640 1712 774 1768 Nam
820 1714 910 1782 qui
973 1728 1192 1767 carnem
1268 1713 1795 1783 incircumscriptam
1850 1728 1971 1768 esse

2072 523 2204 594 περὶ
2242 521 2337 575 τοῦ
2369 522 2716 593 ἀνθρωπείου
2765 523 3073 593 φιλοσοφῶν
3125 526 3522 597 συγκρίματος,
3561 530 3656 580 καὶ

2068 612 2171 680 τῆς
2194 613 2336 666 κατὰ
2362 612 2453 665 τὸν
2477 612 2766 684 ἄνθρωπον
2791 610 3172 685 δημιουργίας,
3208 615 3266 682 ἐξ
3293 617 3528 687 ἀοράτου
3559 617 3658 670 καὶ

2071 704 2273 773 ὁρατῆς
2306 703 2522 771 φύσεως
2567 703 2990 768 διαπλασθέντα,
3043 706 3148 758 τῶν
3190 706 3450 760 ἐναντίων
3491 707 3659 778 ene-

2070 794 2185 858 λοις
2218 795 2489 865 κειμένων
2522 796 2830 868 προδήλως.
2868 797 2934 849 Τί
2970 797 3035 866 δὴ
3064 793 3159 851 οὖν
3193 798 3449 852 σύνθετον
3478 800 3657 869 λέγων

2069 888 2169 957 τὴν
2202 888 2527 951 ὑπόστασιν,
2580 887 2654 959 μὴ
2689 887 2785 941 καὶ
2832 889 2902 942 τὰ
2953 889 3240 960 πρόσφορα
3277 890 3388 942 τῶν
3432 892 3488 943 ὲν
3515 891 3655 962 αὐτῇ

2072 978 2487 1050 θεωρουμένων,
2522 979 2882 1050 εὐγνωμόνως
2916 983 3009 1033 καὶ
3034 980 3252 1042 οἰκείως
3282 980 3653 1047 ἀποδέδωκενς

2072 1071 2136 1124 Ei
2171 1073 2282 1142 γὰρ
2306 1072 2553 1124 ἐναντίον
2577 1072 2638 1124 τὸ
2666 1073 2863 1142 ὁρατὸν
2891 1071 2970 1141 τῷ
3001 1073 3366 1143 ἀοράτῳ,μκαὶ
3393 1073 3453 1127 τὸ
3481 1073 3659 1127 ἁπτὸν

2069 1163 2147 1235 τῷ
2174 1165 2393 1235 ἀναφεῖ,
2428 1165 2520 1218 καὶ
2549 1165 2609 1217 τὸ
2649 1164 2888 1235 φθαρτὸν
2916 1164 2993 1235 τῷ
3022 1163 3304 1236 ἀφθάρτῳ,
3340 1164 3429 1218 καὶ
3462 1165 3524 1217 τὸ
3550 1181 3662 1217 παι

2072 1255 2232 1326 θητὸν
2266 1255 2344 1327 τῷ
2376 1256 2613 1322 ἀπαθεῖ,
2638 1257 2736 1311 καὶ
2766 1255 2820 1308 εἴ
2851 1274 2902 1309 τι
2936 1256 3144 1319 τούτοις
3176 1257 3377 1328 ὁμοίως
3398 1257 3660 1329 ,ἀλλήλοις

2072 1347 2415 1412 ἀντίκειται,
2451 1349 2545 1401 καὶ
2578 1348 2701 1417 περὶ
2739 1347 2797 1401 ἒν
2826 1349 2928 1402 καὶ
2966 1350 3028 1401 τὸ
3063 1349 3518 1418 αὐτοπρόσωπον
3560 1348 3658 1402 τοῦ

2071 1437 2312 1508 Χριστοῦ
2348 1437 2677 1509 θεωροῦνται
2704 1479 2718 1503 ,
2747 1440 2871 1493 ὅτου
2910 1439 2973 1510 δὴ
3016 1441 3176 1510 χάριν
3204 1440 3279 1510 μὴ
3310 1439 3403 1492 καὶ
3430 1439 3661 1508 ἡ“ὲτέρα

2072 1526 2353 1591 duritiam;
2403 1528 2490 1581 ἐπ’
2518 1529 2665 1598 αὐτῷ
2707 1527 3121 1600 θεωρηθήσεται
3142 1546 3154 1559 ·
3188 1529 3251 1582 τὸ
3280 1529 3661 1600 περιγραπτδν

2071 1619 2215 1689 λέγω
2244 1621 2337 1672 καὶ
2366 1620 2824 1693 ἀπερίγραπτον;
2862 1622 3307 1693 Ἀπερίγραπτον
3328 1621 3437 1692 γὰρ
3468 1619 3659 1688 είσφὲ-

2078 1728 2186 1781 ρων
2214 1713 2314 1781 τὴν
2343 1712 2524 1783 σάρκα
2544 1753 2560 1778 ,
2588 1712 2743 1766 οὐδὲν
2775 1711 2962 1782 ἕτερον
2989 1712 3137 1781 λέγει
3166 1712 3198 1783 ἦ
3229 1713 3308 1765 ὅτι
3334 1712 3488 1765 οὐδὲν
3519 1710 3658 1764 διοί-

389 1810 571 1874 docet,
629 1805 763 1859 nihil
800 1804 945 1857 aliud
987 1804 1088 1865 ait,
1120 1804 1222 1858 nisi
1260 1804 1389 1857 nihil
1441 1805 1681 1858 divinam
1718 1816 1965 1858 naturam

2075 1821 2157 1855 σει
2194 1804 2226 1873 ή
2278 1803 2397 1856 θεία
2429 1802 2589 1873 φύσις
2642 1804 2739 1875 τῆς
2775 1803 3126 1874 ἀνθρωπίνης
3153 1844 3168 1867 ,
3223 1803 3256 1873 ἦ
3304 1803 3366 1855 τὸ
3399 1804 3659 1858 ἄκτιστον

389 1902 457 1953 ab
491 1899 729 1953 humana
775 1893 1020 1960 differre,
1053 1895 1167 1949 sive
1203 1910 1314 1948 rem
1349 1897 1648 1953 increatam
1682 1911 1709 1949 a
1742 1905 1922 1949 creata
1953 1913 1965 1947 :

386 1990 493 2041 huc
522 1984 665 2040 enim
696 1994 989 2052 utruque
1035 1984 1264 2048 recidit;
1294 1981 1603 2053 frustraque
1635 1983 1746 2052 jam
1798 1983 1885 2038 ille
1916 1994 1971 2039 et

389 2078 774 2147 intempestive
802 2075 1034 2130 duarum
1074 2084 1387 2129 naturarum
1437 2077 1770 2131 mentionem
1810 2074 1963 2131 facit.

387 2169 501 2223 Nisi
543 2169 690 2222 enim
745 2166 963 2234 utrique
1003 2176 1211 2220 natura:
1253 2166 1545 2234 qualitates
1582 2168 1849 2238 propriae,
1902 2184 1966 2221 ex

388 2261 588 2328 quibus
611 2271 867 2313 c0nstaut
903 2258 1294 2323 attribuantur,
1335 2259 1406 2312 ita
1433 2266 1492 2312 ut
1516 2261 1566 2312 in
1600 2262 1713 2313 suis
1742 2274 1970 2328 quaeque

388 2350 820 2423 proprietatibus
847 2359 1200 2419 agnoscatur,
1249 2351 1518 2404 undenam
1554 2349 1841 2417 nobisjam
1874 2366 1969 2420 ap-

388 2444 659 2514 parebunt
716 2442 995 2495 naturales
1037 2440 1301 2509 Opposita:
1352 2439 1696 2506 diil‘crentiaa,
1726 2450 1791 2495 et
1837 2441 1966 2495 sub-

387 2535 675 2590 stantiales
726 2532 1058 2603 qualitates?
1094 2533 1509 2601 Comperientur
1565 2532 1746 2603 itaque
1804 2548 1966 2586 unum

387 2629 515 2697 quid
546 2641 668 2682 esse
693 2642 813 2696 qua:
845 2625 1272 2695 suntopposita;
1312 2626 1457 2694 quod
1486 2635 1569 2679 est
1605 2624 1963 2694 impossibile.

460 2741 547 2795 40.
597 2741 920 2792 Arianorum
954 2745 1083 2792 sunt
1114 2737 1229 2791 haec
1252 2752 1359 2792 nec
1397 2752 1502 2791 non
1547 2736 1880 2808 Apollinaris
1914 2748 1970 2793 et

389 2831 728 2903 Eutychetis,
757 2842 812 2884 et
836 2828 1297 2884 confusanearum
1327 2828 1821 2899 acephalarumque
1848 2844 1971 2899 par-

312 2975 318 2981 .
392 2927 527 2979 tium
557 2935 773 2995 speetra
803 2933 857 2976 et
906 2922 1265 2991 sophismata,
1299 2935 1532 2990 quorum
1580 2921 1792 2990 aliquot
1820 2937 1971 2977 com-

391 3030 605 3088 parata,
658 3028 840 3072 utrum
895 3016 965 3070 ab
1017 3017 1123 3071 illis
1159 3016 1427 3070 Manionae
1475 3013 1744 3082 diﬂ'erant,
1794 3016 1969 3086 palam

2070 1895 2167 1948 τοῦ
2211 1894 2429 1949 κτιστοῦ
2454 1912 2468 1926 ⁸
2502 1897 2580 1959 εἰς
2629 1895 2828 1947 ταύτὸν
2875 1896 2983 1965 γὰρ
3019 1896 3175 1966 φέρει
3214 1896 3517 1967 ἀμφότερα,
3564 1897 3661 1949 καὶ

2072 1988 2332 2058 περισσὸν
2364 1985 2515 2057 αὑτῷ
2545 1990 2640 2041 καὶ
2674 1988 2905 2058 ἄκαιρον
2940 1988 3048 2040 τῶν
3074 1988 3167 2040 δύο
3193 1987 3409 2056 φύσεων
3439 1988 3531 2040 τὸν
3564 1988 3658 2041 λό-

2070 2095 2166 2147 γον
2198 2077 2670 2150 προχειρίζεσθαι.
2699 2078 2760 2130 Εἰ
2793 2076 2868 2148 μὴ
2907 2076 3015 2147 γὰρ
3037 2077 3276 2148 ἑκατέρᾳ.
3304 2077 3411 2131 τῶν
3437 2076 3659 2147 φύσεων

2068 2171 2139 2222 τὰ
2169 2172 2347 2223 οίκεῖα
2378 2168 2470 2221 καὶ
2511 2168 2539 2221 ὃ
2574 2168 2817 2235 πέφυκεν
2850 2166 2988 2236 αὐτὴ
3012 2206 3027 2231 ,
3069 2167 3355 2237 ἀποδοθείη
3386 2164 3659 2238 γνωριζο-

2073 2259 2210 2330 μένῃ
2239 2261 2360 2322 ταῖς
2394 2258 2640 2328 ἰδιότησι,
2669 2256 2772 2311 ποῦ
2801 2258 2933 2327 ἡμῖν
2957 2257 3290 2328 φανήσονται
3321 2259 3377 2311 αἱ
3408 2257 3656 2312 ἐναντίαι

2069 2353 2166 2406 καὶ
2197 2350 2421 2420 φυσικαὶ
2448 2349 2708 2421 διαφοραὶ
2743 2349 2838 2402 καὶ
2873 2348 3155 2412 ούσιώδεις
3183 2348 3509 2419 ramosque;
3543 2351 3657 2403 Καὶ

2070 2441 2432 2513 εὑρεθήσεται
2466 2440 2533 2496 ἓν
2568 2441 2666 2496 καὶ
2712 2438 2910 2495 ταύτὸν
2946 2438 3016 2493 τὰ
3047 2440 3264 2495 ἐναντία
3284 2481 3299 2507 ,
3346 2444 3483 2513 ὅπερ
3532 2441 3658 2496 ἀδύ-

2069 2549 2250 2588 νατον.

2132 2760 2218 2832 μ’.
2267 2761 2565 2833 Ἀρειανῶν
2591 2761 2769 2815 ταῦτα
2803 2760 2899 2815 καλ⁹
2939 2760 3318 2832 Ἄπολιναρίου
3346 2763 3445 2816 καὶ
3471 2764 3652 2817 Εὐτυ-

2068 2853 2220 2921 χοῦς,
2256 2853 2357 2907 καὶ
2388 2853 2490 2924 τῆς
2536 2852 2873 2923 συγχυτικῆς
2905 2852 2999 2906 καὶ
3041 2852 3317 2922 ἀκεφάλου
3352 2854 3552 2924 μοίρας
3582 2854 3655 2907 τὰ

2071 2944 2336 3014 φάσματα
2385 2944 2480 2996 καὶ
2533 2942 2880 3013 σοφίσματα,
2933 2935 3009 2995 ὧν
3053 2958 3179 2996 τινα
3242 2941 3652 3013 παρατεθέντα,

2070 3035 2194 3089 ὅσον
2222 3034 2415 3088 διοίσει
2455 3033 2565 3087 τῶν
2607 3034 2820 3087 ἐκείνου
2841 3073 2856 3098 ,
2886 3035 3165 3105 ἐμφανιεῖ.
3200 3029 3329 3088 Ὧδε
3360 3035 3468 3105 γὰρ
3506 3036 3656 3105 ἔχει·

393 3110 616 3163 lncicnl.
645 3108 737 3160 Sic
767 3106 913 3159 enim
940 3106 1032 3158 hic
1080 3114 1268 3159 noster
1297 3120 1310 3155 :
1354 3122 1373 3155 ι
1410 3102 1488 3158 Ita
1515 3114 1574 3159 ut
1611 3119 1835 3160 carnem
1886 3105 1969 3161 di-

2081 3142 2101 3176 ‹
2141 3124 2305 3179 Ὥστε
2361 3123 2544 3194 σάρκα
2600 3123 2880 3193 λέγοντες,
2922 3102 3002 3176 *ού
3052 3124 3114 3176 τὸ
3169 3102 3381 3179 οἰκεῖον
3421 3102 3658 3196 Excusare

391 3210 604 3263 centes,
633 3215 755 3270 quae
788 3214 894 3251 non
928 3199 1204 3267 propriam
1224 3196 1320 3252 sed
1354 3195 1447 3251 Dei
1473 3198 1636 3253 habet
1658 3212 1969 3267 personam,

393 3297 565 3347 Deum
593 3293 646 3343 in
671 3289 857 3343 divina
890 3289 1175 3353 majestate
1194 3289 1575 3355 prmdicemus.
1608 3307 1627 3340 ι
1651 3289 1717 3342 Ει
1742 3305 1969 3344 rursus:

398 3403 416 3434 ε
464 3384 522 3437 Si
561 3382 703 3435 enim
755 3383 960 3448 quiest
1001 3395 1066 3432 ex
1112 3370 1354 3448 Virgine,
1390 3395 1530 3434 unus
1570 3380 1828 3435 Dominus
1873 3396 1970 3450 ap-

392 3476 630 3543 pellatus
659 3484 768 3537 est,
801 3483 853 3524 ct
886 3473 1002 3540 ipse
1036 3480 1119 3524 cst
1143 3486 1237 3539 per
1263 3484 1422 3539 quem
1452 3471 1636 3525 omnia
1669 3470 1809 3526 facta
1825 3480 1969 3538 sunt,

394 3582 498 3620 una
552 3568 743 3633 utique
776 3574 968 3617 natura
1000 3570 1108 3629 est,
1135 3565 1393 3632 quoniam
1437 3579 1543 3618 una
1592 3579 1821 3632 persona
1863 3580 1969 3619 non

394 3662 598 3727 patitur
630 3658 681 3711 in
737 3657 845 3710 duo
886 3657 1210 3711 divisionem
1256 3674 1270 3710 :
1307 3657 1745 3726 quandoquidem
1795 3673 1973 3727 neque

394 3752 615 3820 propria
672 3761 866 3803 natura
904 3750 1176 3818 corporis,
1213 3761 1267 3803 et
1300 3750 1518 3818 propria
1568 3761 1762 3803 natura
1797 3751 1972 3806 deitas

393 3840 694 3896 secundum
746 3854 969 3894 carnem
1014 3841 1151 3896 :sed
1206 3850 1263 3893 ut
1300 3830 1460 3895 homo
1508 3856 1613 3894 una
1643 3852 1860 3907 natura,
1892 3842 1971 3896 sic

394 3934 558 3987 ctiam
594 3933 649 3986 in
685 3931 1095 3987 similitudinem
1123 3932 1401 3986 hominum
1433 3936 1611 3989 factus
1639 3934 1911 3990 Christus.
1946 3951 1963 3983 ι

398 4024 668 4092 Quoniam
702 4025 792 4079 hic
819 4024 983 4094 igitur
1017 4040 1171 4092 aeque
1199 4038 1262 4078 ac
1286 4025 1360 4078 illi
1390 4024 1650 4095 loquitur,
1683 4034 1972 4080 consenta-

396 4130 557 4170 neum
591 4116 642 4170 ei
674 4126 816 4181 crat,
846 4124 903 4168 ut
934 4123 985 4169 et
1016 4131 1177 4169 unatn
1210 4126 1459 4170 naturam
1493 4116 1547 4170 in
1577 4114 1797 4171 Christo
1818 4118 1965 4171 dice-

397 4217 478 4261 ret
511 4221 575 4259 ex
611 4206 877 4261 ambabus
917 4209 1300 4276 compositam,
1344 4224 1411 4263 ne
1460 4197 1640 4264 minus
1678 4225 1838 4278 quam
1894 4208 1970 4262 illi

390 4312 621 4366 peccare
653 4299 936 4354 videretur
992 4318 1005 4353 :
1062 4315 1292 4369 quorum
1330 4301 1417 4356 hic
1447 4316 1638 4372 reapse
1696 4304 1970 4371 impietate

398 4407 466 4444 ac
503 4389 840 4458 blasphemia
865 4391 1146 4457 laborans,
1176 4409 1427 4462 magnam
1451 4393 1594 4445 illam
1623 4401 1677 4447 et
1713 4409 1969 4447 numero-

2073 3215 2368 3286 πρόσωπον
2406 3215 2544 3269 ἀλλά
2590 3218 2650 3268 τὸ
2674 3213 2768 3268 τοῦ
2798 3215 2963 3282 Θεοῦ,
2996 3214 3130 3268 Θεὸν
3160 3216 3219 3268 ἐν
3245 3218 3312 3287 τῇ
3345 3217 3501 3287 θεῗκῇ
3523 3216 3655 3288 δόξῃ

2071 3306 2446 3377 κηρύσσομεν.
2486 3326 2506 3359 ι
2542 3306 2655 3360 Καὶ
2682 3301 2874 3370 αὖθιςο
2912 3324 2935 3358 ι
2969 3307 3034 3361 Ei
3065 3308 3174 3377 γὰρ
3205 3309 3236 3361 ὁ
3262 3310 3329 3362 ἐκ
3357 3310 3459 3377 τῆς
3503 3310 3657 3381 Παρ-

2071 3397 2229 3452 θένου
2260 3393 2342 3461 εἷς
2365 3396 2573 3468 Κύριος
2611 3398 2965 3468 ὠνόμασται,
2994 3399 3102 3452 ’καὶ
3130 3400 3293 3463 αὐτός
3341 3401 3460 3452 ὲστι
3497 3401 3566 3454 δι’
3590 3394 3656 3454 οὗ

2070 3488 2138 3543 τὰ
2163 3490 2342 3543 πάντα
2366 3487 2581 3557 γέγονε,
2611 3488 2712 3560 μία
2734 3488 2897 3559 φύσις
2923 3490 3092 3555 ἐστὶν,
3125 3490 3319 3560 ἐπειδὴ
3359 3491 3657 3561 πρόσωπον

2070 3579 2129 3633 ἓν
2161 3580 2261 3633 οὐκ
2290 3579 2413 3651 ἔχον
2439 3582 2520 3643 είς
2543 3579 2637 3633 δύο
2676 3579 2944 3650 διαίρεσιν
2964 3598 2976 3611 ·
3004 3581 3129 3634 ἐπεὶ
3157 3579 3233 3651 μὴ
3266 3579 3323 3634 δὲ
3360 3580 3466 3634 ίδία
3490 3581 3659 3651 φύσις

2072 3670 2348 3740 σώματος,
2380 3670 2474 3723 καὶ
2506 3671 2613 3723 ίδία
2646 3672 2812 3737 φύσις
2847 3671 2880 3739 ἡ
2910 3668 3105 3740 θεότης
3132 3671 3276 3724 κατά
3305 3671 3405 3741 τὴν
3434 3672 3653 3743 σάρκα*

2069 3761 2185 3815 ἀλλ’
2211 3761 2289 3822 ὡς
2315 3762 2601 3832 ἄνθρωπος
2633 3762 2732 3831 μία
2765 3761 2951 3831 φύσις,
2973 3758 3144 3836 οὕτως
3179 3763 3273 3814 καὶ
3314 3765 3343 3816 ὁ
3364 3765 3421 3817 ἐν
3450 3763 3656 3833 ὁμοιὼ-

2010 3870 2039 3889 κ
2074 3869 2205 3924 ματι
2251 3850 2559 3922 ἀνθρώπων
2615 3853 2914 3921 γενόμενος
2962 3850 3223 3920 Χριστός.
3278 3873 3296 3903 ι
3355 3853 3512 3906 Ἐπεὶ
3559 3850 3657 3907 οὖν

2068 3943 2283 4007 τούτοις
2310 3942 2746 4013 συμφθέγγεται,
2780 3946 3076 4001 ἀκόλουθον
3098 3941 3166 4017 ἦν
3201 3944 3350 4015 αὐτῷ
3387 3947 3484 3999 καὶ
3525 3948 3660 4017 μίαν

2071 4034 2236 4103 φύσιν
2271 4033 2452 4104 λέγειν
2498 4030 2874 4109 συγκειμένην
2923 4036 2987 4103 ἐξ
3016 4040 3220 4108 ἀμφοῖν
3263 4039 3356 4091 ἐπὶ
3385 4037 3482 4092 τοῦ
3513 4040 3658 4111 Χρι-

2073 4126 2224 4192 στοῦ,
2264 4128 2354 4181 ἵνα
2406 4127 2900 4200 συνεξαμαρτάνων
2949 4133 3135 4195 αὐτοῖς
3184 4134 3253 4202 τῇ
3302 4130 3535 4202 ἀσεϐείᾳ
3577 4134 3659 4204 μὴ

2070 4217 2289 4289 καθυφῇ
2312 4234 2325 4249 ’
2377 4219 2586 4271 τούτων
2631 4218 2740 4290 γὰρ
2770 4220 2834 4273 τὸ
2872 4220 3040 4275 ἄθεον
3076 4220 3250 4284 ὄντως
3280 4223 3379 4277 καὶ
3411 4221 3661 4291 βλάσφη-

2073 4325 2174 4380 μον
2201 4309 2398 4375 νοσῶν,
2426 4309 2528 4381 τὴν
2571 4310 2818 4381 μεγάλην
2844 4312 3066 4381 ἐκείνην
3089 4313 3183 4367 καὶ
3223 4312 3660 4383 πολυάνθρωπον

2076 4400 2230 4471 ῑεράν
2259 4400 2479 4455 σύνοδον
2513 4399 2781 4473 ἀθετῆσαι
2826 4402 3181 4467 ἐσπούδασεν,
3224 4403 3348 4473 ἣτις
3404 4404 3497 4458 τὸν
3526 4406 3659 4476 περὶ

389 4483 669 4535 sissimam
694 4483 914 4537 abolere
937 4486 1131 4554 sategit
1155 4501 1368 4540 sacram
1392 4489 1653 4556 synodum
1688 4487 1824 4558 (54),
1849 4504 1966 4558 qua:

2075 4491 2172 4560 τῆς
2207 4492 2349 4545 κατὰ
2381 4490 2618 4562 Χριστὸν
2649 4493 3003 4557 ὑποστάσεως
3049 4493 3144 4547 καὶ
3183 4494 3291 4546 τῶν
3336 4494 3459 4547 κατ’
3490 4494 3658 4548 αύ.ὸν

396 4573 712 4627 dom-inani
744 4575 809 4628 de
838 4574 1040 4630 Christi
1067 4576 1370 4648 bypostasi,
1390 4582 1561 4648 deque
1580 4580 1698 4648 ejus
1735 4581 1967 4645 naturis,

390 4665 580 4719 divino
614 4663 823 4736 Spiritu
878 4683 1120 4738 permeta
1155 4671 1468 4735 edisseruit,
1502 4671 1700 4726 divina:
1744 4687 1968 4728 (nconc-

393 4756 516 4810 mia:
558 4759 878 4826 mysterium
914 4761 1257 4815 manifestius
1308 4762 1462 4817 nobis
1505 4772 1558 4817 ct
1600 4762 1802 4817 clarius
1832 4779 1972 4833 pra:-

391 4845 596 4901 dicans.

461 4939 675 4994 Etenim
732 4939 908 5009 primo
944 4941 1486 4995 animadvertendum
1542 4954 1626 4998 est
1664 4943 1969 4999 Mamonam

393 5030 482 5085 hic
526 5048 591 5086 ex
659 5031 870 5087 duabus
922 5047 1043 5087 esse
1099 5031 1381 5087 Christum
1443 5035 1654 5087 naturis
1706 5034 1966 5098 delinire;

388 5124 577 5178 nescio
629 5125 812 5181 hercle
843 5140 951 5194 quo
996 5124 1141 5192 jure,
1197 5126 1287 5194 qui
1340 5140 1407 5180 ne
1457 5140 1617 5178 unam
1669 5127 1884 5194 quidem
1920 5127 1970 5179 ei

390 5215 627 5269 formam
658 5217 820 5285 paulo
844 5229 971 5270 ante
1001 5217 1363 5273 concedebat.
1391 5218 1642 5269 Attamen
1680 5216 1736 5271 in
1759 5217 1970 5274 duabus

390 5320 512 5361 esse
536 5309 747 5363 naturis
771 5311 1013 5363 nondum
1038 5307 1320 5363 Christum
1347 5309 1452 5362 dici
1477 5309 1545 5362 ab
1566 5323 1631 5363 eo
1651 5318 1801 5379 patet
1830 5309 1945 5380 (53)

467 5508 579 5577 (53)
620 5510 675 5562 In
702 5512 887 5563 codice
919 5519 1004 5564 est
1050 5508 1449 5579 συγκρίματος.
1491 5508 1594 5563 Sed
1641 5524 1739 5578 ego
1791 5510 1969 5564 malim
2036 5518 2047 5531 ‘

396 5580 805 5649 συγκρὰματος.

464 5646 577 5722 (ὄρ)
602 5646 841 5722 lntellige
861 5650 1133 5722 synodum
1162 5649 1681 5705 Chalcedoiiensem.
1702 5646 1797 5707 Vel
1821 5662 1970 5707 certe

391 5718 574 5777 recole
610 5733 733 5790 cap.
769 5718 827 5790 6,
854 5718 906 5790 pl
944 5718 1032 5772 l7.

2072 4583 2290 4653 φύσεων
2339 4584 2517 4652 λόγον,
2559 4582 2689 4655 θείῳ
2723 4585 3002 4657 Πνεύματι
3056 4586 3395 4657 κεκινημένη
3434 4585 3660 4656 διετρά-

2071 4692 2247 4741 νωσε,
2294 4676 2630 4747 σαφέστερον
2680 4678 2773 4731 καὶ
2822 4677 3179 4749 ἐκδηλότερον
3228 4679 3293 4732 τὸ
3337 4678 3439 4749 τῆς
3500 4678 3661 4744 θείας

2069 4766 2385 4837 οἰκονομίας
2410 4768 2709 4839 μυστήριον
2738 4770 2873 4839 ἡμῖν
2897 4767 3299 4841 διακηρύξασα.

2144 4946 2483 5018 Προσεκτέον
2507 4947 2618 5019 γὰρ
2654 4948 2944 5019 πρότερον,
2978 4949 3063 5001 ὃτι
3093 4952 3158 5002 ὲκ
3179 4948 3276 5003 δύο
3313 4950 3414 5021 μὲν
3439 4948 3660 5018 φύσεων

2076 5036 2315 5091 ἐνταῦθα
2347 5037 2669 5109 δογματίζει
2708 5039 2801 5093 τὸν
2841 5042 3080 5112 Χριστόν
3101 5057 3114 5070 ·
3159 5042 3262 5095 οὐκ
3299 5037 3397 5095 οἷδ’
3427 5043 3601 5110 ὅπως,
3631 5046 3663 5099 δ

2079 5129 2357 5201 μηδεμίαν
2398 5130 2550 5201 αύτῷ
2576 5132 2822 5202 ’μορφὴν
2868 5132 2976 5202 πρὸ
3059 5132 3259 5204 μικροῦ
3332 5132 3659 5203 συγχωρῶν.

2090 5221 2179 5275 Ἐν
2225 5220 2349 5274 δυσὶ
2390 5221 2447 5275 δὲ
2488 5223 2652 5277 αὑτὸν
2707 5223 2956 5292 φύσεσιν,
3003 5224 3256 5293 οὐδαμῶς
3299 5226 3439 5286 τέως
3489 5222 3665 5278 εἰπὼν

2080 5313 2351 5382 φαίνεται.
2384 5316 2477 5387 Μή
2508 5318 2627 5369 ποτ’
2659 5314 2749 5370 οὖν
2780 5314 3060 5369 κάνταῦθα
3086 5317 3230 5370 κατά
3250 5316 3378 5379 τοὺς
3405 5316 3670 5371 διδασκά-

2152 5514 2263 5585 (55)
2298 5515 2653 5570 Notissinnuu
2684 5524 2769 5570 est
2794 5514 3197 5586 Monophysitas
3227 5515 3660 5571 orthodoxorum

2079 5588 2416 5652 argmnentis
2448 5592 2751 5648 convictos,
2780 5590 2956 5640 adhuc
2990 5587 3256 5656 refugium
3286 5587 3417 5638 illud
3454 5588 3662 5652 qumsi-

2039 5656 2043 5661 ’
2076 5658 2221 5709 visse
2247 5667 2304 5709 ut
2327 5658 2572 5710 dicerent
2600 5658 2875 5711 Christum
2903 5672 3067 5710 unum
3094 5671 3161 5710 ex
3181 5657 3390 5710 duabus
3420 5659 3665 5721 naturis,

2073 5740 2182 5779 non
2236 5734 2413 5780 tamen
2476 5727 2527 5780 in
2559 5726 2787 5782 duabus.
2831 5724 2886 5780 ld
2922 5734 3101 5781 autem
3160 5738 3271 5781 tum
3321 5739 3465 5794 saepe
3503 5725 3662 5794 alibi,
