3972 6130
370 309 475 379 301

1092 320 1719 394 ANTIRRIIETICUS
1771 334 1798 392 I
1838 306 2005 396 ADV.
2048 329 2643 405 CONSTANTINUM
2677 337 2890 409 cepa.

3516 360 3625 432 302

374 424 501 491 λους
521 427 709 494 αὑτοῦ,
754 430 843 484 διὰ
872 432 972 502 τὴν
1005 435 1135 504 μίαν
1165 437 1486 507 ὑπόστασιν,
1511 443 1604 495 καὶ
1635 444 1731 507 τὰς
1762 444 1920 512 φύσει

376 518 573 542 --.Α-.-ν
591 535 603 542 .
657 518 712 542 ,ι
762 520 863 542 __l._
925 540 948 542 _
967 540 978 542 _
1005 541 1038 542 κν
1235 527 1249 542 ι
1497 532 1512 542 ι
1541 532 1553 542 ι
1686 534 1708 542 ι
1750 534 1764 542 ι
1816 534 1841 542 ρ.

2024 448 2200 507 ,Νιιιιι
2259 466 2388 520 ergo
2445 452 2531 507 hic
2590 471 2829 525 quoque,
2898 459 3058 527 juxta
3115 466 3406 535 magistros
3463 485 3623 542 Suos,

374 518 605 588 συγχεϊ;
655 518 716 572 τὸ
761 520 869 592 γὰρ
914 527 1292 598 περιγραπτὺν
1337 532 1641 603 περιελὼν,
1681 534 1937 604 δηλοῦται

320 641 326 647 -
370 606 468 659 καὶ
490 607 589 670 τὰς
620 607 814 674 λοιπὰς
842 611 943 681 τῆς
968 614 1170 686 σαρκός
1194 619 1631 690 άπαναινόμενος
1661 622 1946 695 διαφοράς.

382 693 442 746 '0
468 694 525 746 δὲ
558 695 718 750 τοῦτο
756 698 952 768 λέγων,
998 703 1119 756 οὐδὲ
1162 704 1261 770 τὰς
1286 707 1383 775 τῆς
1408 708 1559 773 Θείας
1595 693 1948 782 φύσεωςήφυ-

366 783 519 848 λάξει
554 784 847 859 ἰδιότητας,
879 793 975 845 καὶ
1005 792 1131 847 οὔτε
1179 800 1564 874 περιγραπτὴν
1596 801 1717 854 οὔτε
1748 804 1948 873 ἀπερί-

367 891 618 945 γραπτον
666 880 765 951 τὴν
812 881 907 935 τοῦ
951 886 1158 957 Κυρίου
1204 887 1505 944 ὑπόστασιν
1556 893 1801 959 δέξεταιο
1837 912 1948 949 τοι·

365 965 526 1030 οὗτος
552 970 665 1041 γὰρ
687 972 717 1024 ό
740 974 839 1044 τῆς
867 976 1184 1046 συγχύσεως
1213 981 1415 1052 τρόπος
1434 997 1448 1013 ο
1473 983 1586 1035 οὐδ’
1609 985 1869 1056 ὁπότερόν
1896 1005 1947 1040 τι

364 1057 478 1111 τῶν
512 1060 810 1132 ἡνωμένων
837 1063 1109 1122 δείκνυσιν
1135 1070 1446 1143 εἰλικρινῶς
1470 1073 1549 1140 ὃν,
1590 1074 1778 1146 ἕτερον
1805 1076 1863 1128 δέ
1893 1095 1946 1129 τι

366 1155 653 1209 ἀποτελῶν
695 1157 773 1222 ὡς
821 1161 889 1215 τὰ
927 1166 1389 1239 συνεφθαρμέναο
1448 1171 1591 1227 καθά
1627 1173 1786 1228 τοῦτο
1845 1176 1944 1230 ίδοι

364 1263 452 1309 τις
469 1247 566 1300 καὶ
589 1248 682 1303 ἐπὶ
707 1251 808 1320 τῆς
852 1253 959 1307 τῶν
993 1257 1212 1327 τηκτῶν
1246 1260 1558 1332 λεγομένων
1595 1265 1942 1336 συγχύσεως,

364 1339 463 1391 καὶ
489 1342 592 1410 τῆς
623 1343 733 1395 τῶν
769 1346 1111 1414 μεταλλικῶν
1136 1349 1386 1416 ἑνώσεως
1404 1367 1417 1381 ·
1450 1355 1548 1424 οὐχ
1574 1349 1735 1426 ἦττον
1761 1356 1816 1410 δὲ
1849 1360 1945 1412 καὶ

364 1430 587 1486 ἐπὶτῶν
608 1434 750 1487 κατὰ
776 1437 877 1508 τὴν
900 1440 1154 1512 ἰατρικὴν
1180 1442 1580 1514 συντιθεμένων
1614 1449 1940 1518 φαρμάκων,

361 1520 447 1575 ἔτι
475 1524 570 1576 καὶ
594 1525 687 1577 ἐπὶ
710 1527 810 1598 τῆς
837 1528 944 1583 τῶν
981 1535 1263 1602 στοιχείων
1293 1533 1435 1589 κατὰ
1462 1536 1530 1589 τὰ
1558 1536 1789 1609 σώματα
1820 1558 1944 1592 συν-

360 1612 607 1682 δρομῆςο
643 1615 720 1679 ὡς
756 1618 909 1672 οὐδὲν
944 1622 1205 1693 καθαρῶς
1253 1626 1424 1689 ἐστιν,
1471 1626 1596 1680 οὔτε
1637 1620 1747 1700 γὰρ
1779 1630 1941 1701 μόνον

360 1702 476 1773 πῦρ
504 1705 677 1768 ἐστιν,
708 1705 833 1759 οὔτε
861 1709 955 1779 γῆ,
995 1709 1118 1764 οὔτε
1148 1729 1201 1765 τι
1245 1713 1354 1766 τῶν
1389 1714 1588 1770 ἄλλων.
1644 1718 1724 1771 Τὰ
1759 1736 1938 1790 παρα-

2054 550 2275 609 propter
2301 559 2464 599 unam
2504 546 2839 617 hypostasim
2874 562 3100 609 naturas
3140 558 3349 626 pariter
3388 563 3621 619 confun-

2053 632 2173 686 dit?
2203 633 2337 687 Dum
2373 636 2516 691 enim
2571 640 3137 714 circumscriptionem
3185 650 3382 717 aufert,
3414 668 3624 713 cuustat

2051 736 2174 777 eum
2221 735 2446 782 caeteras
2483 744 2701 801 quoque
2751 736 2934 791 carnis
2990 738 3326 799 differentias
3399 762 3619 819 negare.

2054 809 2221 867 Porro
2249 815 2341 884 qui
2366 819 2446 872 sic
2468 819 2728 889 loquitur,
2765 825 2811 879 is
2843 841 2911 880 ne
2942 828 3136 886 divina:
3169 834 3385 901 quidem
3416 850 3623 894 natura:

1984 962 1993 971 ε
2050 906 2412 972 proprietates
2462 914 2739 978 servabit,
2792 926 2840 970 et
2893 935 3071 987 neque
3123 924 3619 1000 circumscriptam,

2051 1009 2226 1064 neque
2256 996 2790 1075 incircumscriptam
2816 1009 3030 1066 Domini
3063 1013 3396 1085 hypostasim
3422 1025 3619 1078 admit-

2053 1094 2169 1151 tet;
2202 1087 2272 1141 ita
2299 1093 2443 1145 enim
2480 1092 2586 1148 fert
2612 1098 2949 1158 confusionis
2982 1107 3156 1173 ratio;
3191 1126 3365 1178 neque
3406 1126 3620 1170 utrum-

2049 1175 2180 1232 libet
2205 1180 2480 1236 unitorum
2509 1186 2755 1243 absolute
2777 1205 2873 1258 per
2888 1209 2945 1249 se
2967 1197 3233 1255 exsistens
3255 1203 3616 1272 demonstrat;

2050 1270 2144 1325 sed
2180 1270 2328 1326 aliud
2366 1277 2552 1331 nescio
2582 1280 2709 1344 quid
2745 1283 2983 1353 exhibet,
3032 1300 3091 1343 ut
3125 1291 3183 1345 fit.
3224 1294 3276 1348 in
3310 1299 3619 1368 corruptio-

2050 1357 2243 1427 nibus;
2302 1362 2464 1418 veluti
2510 1383 2738 1425 eernere
2781 1373 2907 1429 licet
2936 1379 2985 1431 in
3042 1380 3366 1450 liquidorum
3424 1390 3620 1446 confu-

2045 1446 2217 1513 sione,
2253 1465 2317 1505 ac
2348 1455 2689 1512 metallorum
2737 1476 3021 1535 compage,
3071 1469 3312 1542 itemque
3354 1477 3405 1531 in
3449 1482 3620 1535 medi-

2047 1537 2303 1594 ciualium
2336 1548 2757 1615 compositione,
2791 1561 2846 1607 et
2871 1555 3107 1627 denique
3134 1562 3186 1616 iu
3223 1554 3615 1625 elementorum

2048 1628 2111 1679 ad
2164 1644 2398 1700 corpora
2451 1638 2789 1698 conficienda
2844 1657 3151 1719 concursu;
3207 1654 3259 1708 in
3295 1658 3491 1726 quibus
3541 1664 3618 1716 nil

2046 1731 2242 1783 purum
2280 1732 2385 1790 est,
2424 1742 2529 1781 non
2562 1729 2718 1812 ignis,
2754 1751 2859 1790 non
2904 1747 3070 1805 terra,
3125 1760 3229 1799 non
3263 1749 3410 1805 aliud
3443 1756 3617 1822 quod-

359 1793 568 1864 πλήσια
596 1795 652 1848 δὲ
688 1798 782 1851 καὶ
811 1800 940 1870 περὶ
967 1801 1077 1853 τῶν
1109 1801 1311 1857 διπλῶν
1344 1807 1639 1876 ἐνεργειῶν
1668 1809 1775 1863 τῶν
1801 1811 1920 1863 κατέ

359 1882 597 1913 για-.-λη
632 1884 1027 1913 n-.,.--....1..---.
1071 1893 1329 1913 __-_-:___,
1368 1894 1382 1913 ρ
1612 1898 1624 1913 ι
1854 1903 1865 1913 .
1916 1900 1920 1912 ι

2372 1786 2379 1790 _
2578 1786 2609 1800 υ
2686 1786 2717 1798 ν,
2906 1786 3070 1805 ---._,
3125 1786 3229 1799 ..νη
3263 1786 3410 1805 ..ηυυ
3482 1786 3617 1808 υνυ-

2046 1805 2193 1862 libet.
2230 1808 2386 1867 Paria
2421 1802 2645 1875 omnino
2686 1823 2776 1879 hic
2816 1837 3003 1884 noster
3037 1833 3101 1888 de
3131 1834 3341 1894 duabus
3399 1786 3617 1913 quiaque

358 1882 597 1953 Χριστὸν
632 1884 1027 1957 θεωρουμένων
1071 1893 1384 1963 πεφρόνηκε
1417 1913 1521 1949 που
1555 1898 1792 1963 πάντως.
1840 1900 1940 1955 Διά

356 1972 459 2044 τὴν
490 1975 620 2044 μίαν
650 1978 757 2048 γάρ
787 1978 1107 2044 ὑπόστασιν,
1145 1984 1240 2035 καὶ
1278 1984 1409 2054 μίαν
1437 1986 1722 2059 ἐνέργειαν
1763 1990 1937 2044 ἐδίδου

355 2064 458 2117 ἄν’
490 2063 730 2137 δειχθείη
785 2068 842 2121 δὲ
870 2069 963 2121 καὶ
989 2069 1162 2135 οὕτως
1191 2077 1305 2137 τοῖς
1335 2075 1440 2145 τῆς
1475 2078 1792 2148 συγχύσεως
1844 2083 1938 2144 καὶ

353 2154 632 2226 δοκήσεως
646 2158 934 2231 καθηγησα
942 2164 1120 2231 μένοις
1139 2164 1398 2236 ἑπόμενος
1412 2169 1770 2234 διδασκάλοις.
1787 2173 1938 2227 Καθ-

352 2245 500 2319 άπερ
530 2250 640 2319 γὰρ
689 2251 889 2304 ἐκεῖνοι
916 2252 1018 2322 τῆς
1065 2253 1158 2309 τοῦ
1189 2257 1424 2329 ἀριθμοῦ
1445 2258 1634 2325 δυάδος
1661 2261 1933 2329 δυσσεόῶς

352 2336 448 2388 καὶ
492 2337 785 2407 κακοήθως
822 2341 1282 2414 ὲπιδραξάμενοι,
1332 2347 1391 2400 ὃν
1419 2350 1469 2400 οἱ
1509 2350 1609 2419 τῆς
1651 2352 1934 2418 εὐσεϐείας

350 2426 447 2479 καὶ
468 2427 563 2479 τοῦ
590 2429 754 2498 ὀρθοῦ
786 2435 1194 2505 προεστηκότες
1225 2436 1408 2505 λόγου,
1443 2442 1535 2493 ἐπὶ
1564 2440 1675 2495 τῶν
1704 2442 1797 2497 δύο
1829 2445 1931 2513 φό-

352 2533 497 2573 σεων
528 2522 773 2587 εὐσεϐῶς
816 2526 1175 2597 ἐπρέσϐευον,
1222 2531 1317 2583 κα)⁸
1340 2527 1460 2585 εἷτα
1496 2532 1572 2597 ὡς
1596 2532 1769 2589 αἴτιον
1792 2535 1933 2590 διαι-

352 2608 559 2678 ρέσεως
590 2613 690 2683 τῆς
724 2618 869 2670 κατὰ
897 2615 1134 2688 Χριστὸν
1180 2621 1533 2691 ὑποστάσεως
1569 2616 1928 2698 προάγοντες,

349 2703 426 2766 ὡς
453 2703 486 2773 ἢ
516 2698 613 2758 δύο
646 2707 914 2776 πρόσωπα
934 2709 1023 2763 διὰ
1047 2709 1143 2774 τὰς
1177 2711 1372 2782 φύσεις
1396 2716 1740 2784 εἰσάγεσθαι,
1781 2719 1816 2791 ἢ
1841 2720 1927 2773 διὰ

346 2790 409 2843 τὸ
438 2790 498 2845 ἓν
532 2793 850 2864 πρόσωπον,
894 2799 1025 2869 μίαν
1058 2800 1117 2867 ἐξ
1163 2803 1412 2875 ἀνάγκης
1456 2806 1619 2875 φύσιν
1648 2790 1924 2875 δίδοσθαι,

342 2880 616 2939 οὕτωκαὶ
653 2880 810 2953 οὗτος
854 2894 918 2962 τῇ
962 2893 1056 2947 τοῦ
1113 2896 1532 2967 ἀπεριγράπτου
1580 2907 1925 2974 προσπλεκό-

348 2990 512 3043 μενος
534 2976 871 3043 λέξει,δοκεῖ
899 2983 1111 3052 βαθέως
1155 2988 1251 3040 καὶ
1282 2989 1424 3059 ἄγαν
1471 2997 1923 3065 κατασκευάζειν,

344 3064 424 3129 ὡς
457 3065 492 3138 ἦ
522 3068 854 3139 διαιρεῖσθαι
888 3074 978 3128 διά
1022 3076 1228 3148 ταύτην
1256 3083 1350 3134 καὶ
1387 3083 1487 3154 τὴν
1534 3084 1630 3138 τοῦ
1684 3088 1922 3160 Χριστοῦ
1951 3114 1993 3172 C

344 3152 670 3225 ὑπόστασιν,
712 3161 746 3231 ἢ
777 3162 874 3217 καὶ⁴
905 3164 997 3217 τὸν
1029 3165 1189 3235 λόγον
1217 3171 1283 3241 τῇ
1330 3152 1498 3243 σαρκὶ
1532 3152 1918 3250 συμπεριγρά-

342 3246 561 3313 φεσθαι.
584 3250 738 3322 Ἔχει
767 3255 876 3324 γὰρ
900 3255 969 3309 τὰ
999 3259 1322 3331 ὲπαγόμενα
1351 3263 1525 3330 οὕτως
1549 3286 1561 3299 ο

415 3408 529 3472 μα’.
572 3421 592 3455 ι
644 3405 786 3460 Ἀλλ’
832 3409 992 3479 ἢκαὶ
1053 3413 1115 3466 τὸ
1159 3413 1302 3468 θεῖον
1353 3422 1915 3493 συμπεριγράφεσθαι

338 3490 456 3563 ἔχει
482 3494 544 3546 ὲν
584 3499 650 3567 τῇ
680 3499 853 3552 εἰκόνι
894 3502 1102 3573 ἐκείνῃ,
1137 3505 1320 3571 καθὼς
1347 3509 1498 3563 ἐστιν
1584 3490 1821 3593 Χριστὸς
1849 3517 1916 3568 ἐκ

336 3581 689 3656 διπλότητος,
738 3587 772 3658 ἢ
812 3588 971 3658 ψιλὸν
1009 3593 1171 3661 μόνον
1213 3595 1502 3666 ἄνθρωπον
1538 3581 1807 3656 νοείσθαί
1826 3605 1916 3658 τὸν

333 3673 594 3743 Χριστὸν,
642 3678 737 3730 καὶ
766 3681 1057 3747 εἰκονίζειν
1089 3685 1253 3739 αὑτὸν
1279 3688 1476 3755 οὕτως,
1520 3693 1657 3745 καθὸ
1686 3697 1718 3763 ή
1748 3697 1914 3750 εἰκὼν

334 3764 636 3833 προσώπου
683 3769 832 3822 ἐστὶν
878 3770 1063 3837 εἰκὼν,
1110 3775 1294 3830 καὶτὸ
1334 3777 1477 3832 θεῖόν
1526 3781 1674 3836 ἐστιν
1721 3785 1914 3857 ἀπερί-

333 3871 569 3928 γραφον.
610 3876 628 3909 ι
672 3860 796 3923 Πῶς
845 3863 1006 3917 τοῦτο
1041 3865 1212 3933 λέγει,
1253 3868 1355 3922 κᾶν
1389 3869 1486 3944 ἔχῃ
1520 3872 1734 3941 φύσεως
1769 3877 1912 3930 οὕτω

330 3949 392 4000 τὸ
422 3950 678 4020 πρᾶγμα,
705 3953 810 4005 κᾶν
842 3955 949 4026 μή;
1005 3955 1168 4011 Ἀλλὰ
1211 3958 1382 4013 ταῦτα
1415 3961 1537 4031 μὲν,
1565 3964 1642 4027 ὡς
1666 3965 1814 4020 δοκεῖ
1844 3971 1908 4039 τῇ

333 4042 701 4112 ματαιότητι,
737 4048 1080 4115 τυραννικῶς
1108 4048 1504 4119 ἀποφαίνεται,
1549 4056 1728 4111 οὐδενὶ
1764 4059 1908 4130 λόγῳ

327 4131 433 4202 τῆς
480 4132 741 4204 ἀληθείας
791 4138 1079 4210 συνηγόρῳ
1133 4142 1437 4213 χρώμενος.
1502 4146 1665 4218 Ἡμῖν
1705 4150 1761 4203 δὲ
1814 4156 1907 4204 καὶ

333 4221 523 4292 μικρῷ
572 4225 811 4294 πρόσθεν
855 4231 986 4297 περὶ
1026 4231 1216 4284 τούτου
1259 4233 1358 4288 σὺν
1410 4235 1642 4310 ἀληθείᾳ
1686 4242 1905 4317 εἴρηται

325 4310 452 4380 ἥδη,
478 4311 555 4375 ὠς
583 4315 611 4366 ό
647 4312 788 4378 θεῖος
815 4316 991 4385 Λόγος
1024 4319 1194 4391 μηδὲν
1223 4323 1484 4392 πεφυκὼς
1530 4329 1776 4398 πάσχειν,
1808 4334 1901 4384 καὶ

323 4402 385 4453 ἐν
426 4401 639 4471 σώματι
669 4406 996 4476 γενόμενος,
1051 4410 1272 4482 ἀπαθής
1310 4431 1372 4483 γε
1422 4417 1577 4471 οὐδὲν
1607 4416 1772 4490 ἦττον
1803 4440 1900 4492 με-

327 4493 566 4564 μένηκε,
618 4499 711 4551 καὶ
753 4500 861 4552 τῶν
914 4503 1037 4571 εἰκῆ
1066 4505 1540 4578 πεφλυαρημένων
1580 4510 1897 4588 ,ὁλοτρόπως

323 4586 649 4658 ἀπείρατος.
704 4591 816 4645 Καὶ
867 4591 963 4645 νῦν
1014 4593 1073 4647 δὲ
1132 4596 1223 4649 διὰ
1281 4596 1530 4669 βραχέων
1582 4586 1893 4674 εἰρήσεται.

319 4676 562 4730 Λεκτέον
579 4680 706 4751 γὰρ,
727 4681 810 4734 ὅτι
830 4683 892 4736 οὐ
918 4683 1078 4754 μόνον
1097 4691 1562 4761 περιγραφομένῳ
1581 4693 1658 4758 τῷ
1682 4693 1892 4765 σώματι

318 4767 348 4817 ό
376 4765 549 4833 Λόγος
592 4770 654 4821 οὺ
681 4778 1277 4848 συμπεριγραφήσεται
1300 4822 1315 4846 ,
1353 4780 1467 4833 ἀλλ’
1501 4782 1622 4836 οὐδὲ
1650 4786 1710 4837 ὲν
1739 4786 1889 4858 αὐτῷ

314 4855 396 4926 τῷ
430 4859 646 4927 σώματι
702 4865 944 4932 γεγονὼς
975 4860 1454 4943 περιγέγραπται,
1489 4874 1666 4928 καίτοι
1699 4879 1894 4932 οὺσιω-

313 4946 444 5013 δῶς,
482 4951 579 5002 καὶ
622 4953 966 5020 ἀδιαστάτως
999 4961 1147 5031 αὐτῷ
1193 4964 1547 5036 συνημμένῳ.
1593 4968 1705 5021 Καὶ
1732 4969 1891 5023 τοῦτο

310 5033 472 5107 οῐμαι
507 5041 697 5110 μηδενὶ
723 5047 1044 5115 ἠγνοῆσθαι,
1076 5052 1131 5105 ετ
1152 5069 1205 5106 τι
1250 5033 1508 5111 πειστέον
1569 5062 1684 5124 τοῖς
1716 5061 1886 5130 εὐαγ-

308 5129 696 5200 γελισαμένοις
728 5136 862 5206 ἡμῖν
894 5139 961 5192 τὰ
992 5141 1085 5194 ἐπὶ
1111 5145 1177 5213 τῇ
1218 5142 1336 5216 θείᾳ
1360 5150 1727 5219 πεπραγμένα
1751 5129 1884 5220 συγ-

309 5221 640 5279 καταὸάσει.
695 5228 820 5293 Πῶς
864 5231 975 5303 γὰρ
1016 5234 1313 5307 ἀληθεύσει
1342 5240 1371 5292 ό
1417 5242 1590 5311 μέγας
1628 5242 1879 5314 Ἰωάννης

304 5316 374 5384 τῇ
429 5313 663 5390 ἀληθείᾳ
716 5325 1012 5394 μαρτυρῶν
1055 5329 1148 5381 καὶ
1200 5330 1413 5399 λέγων’
1469 5332 1672 5400 Μέσος
1714 5313 1882 5404 ὑμῶν

301 5405 573 5477 ἕστηκεν
602 5408 674 5462 ὃν
702 5414 874 5481 ὑμεῖς,
898 5420 1009 5472 οὐκ
1051 5419 1283 5487 οἴδατε,
1317 5423 1409 5477 τὸν
1441 5424 1597 5481 οὔπω
1630 5429 1879 5499 παρόντα

2042 1902 2481 1971 operationibus,
2504 1925 2623 1978 qua:
2651 1914 2703 1967 in
2740 1914 2958 1973 Christo
2995 1933 3329 1992 spectantur,
3350 1902 3615 2001 opinaba-

2043 1996 2148 2043 tur.
2187 1990 2399 2048 Etenim
2429 2012 2547 2052 cum
2576 2018 2681 2056 una
2722 1990 3031 2078 hypostasi,
3054 2030 3215 2070 unam
3243 1990 3450 2088 parit-er
3479 2042 3613 2096 ope-

2041 2079 2305 2137 rationem
2339 2084 2444 2158 55
2474 2092 2805 2150 attribuebat
2832 2109 3031 2171 :atque
3052 2105 3125 2159 ita
3153 2110 3609 2173 confusancorum

2037 2180 2092 2224 et
2140 2173 2452 2235 docetarum
2506 2187 2800 2253 tramitem,
2841 2196 3217 2267 magistrorum
3251 2221 3497 2280 suorum,
3527 2229 3614 2271 se-

2037 2264 2176 2317 etari
2208 2279 2329 2319 eum
2365 2284 2610 2340 apparet.
2650 2278 2805 2334 Sicut
2844 2264 2987 2340 enim
3040 2289 3116 2344 illi
3154 2264 3609 2361 dualitatem'nu-

2039 2355 2171 2407 meri
2201 2356 2506 2429 irreligioso
2535 2366 2914 2440 malitioseque
2944 2379 3238 2448 arripiunt,
3277 2403 3440 2455 quam
3465 2408 3609 2449 vera-

2038 2445 2321 2514 religionis
2358 2464 2627 2527 rectisque
2669 2462 2930 2522 doctrina:
2962 2471 3278 2534 defensores
3301 2481 3366 2535 de
3398 2484 3610 2542 duabus

2035 2539 2243 2593 naturis
2266 2542 2353 2609 pie
2380 2544 2679 2616 aiiirmant;
2708 2561 2870 2625 atque
2901 2560 3041 2616 hanc
3076 2565 3268 2624 deinde
3291 2574 3605 2633 dualitatem

2032 2643 2130 2683 ceu
2167 2632 2468 2692 dividendae
2499 2640 2705 2698 Christi
2743 2646 3100 2717 hypostaseos
3129 2675 3352 2718 causam
3400 2672 3606 2735 produ-

2031 2732 2181 2788 cunt,
2222 2735 2276 2777 nt
2319 2729 2402 2783 vel
2436 2732 2571 2787 duas
2619 2751 2882 2803 personas
2928 2744 2999 2800 ob
3044 2759 3265 2808 naturas
3318 2756 3601 2827 invehant,

2032 2814 2113 2869 vel
2146 2818 2214 2871 ob
2258 2836 2418 2879 unam
2453 2838 2738 2893 personam
2771 2834 2983 2891 unicam
3012 2847 3323 2903 necessario
3350 2864 3600 2908 naturam

2030 2916 2306 2977 statuant;
2355 2914 2425 2967 ita
2488 2919 2652 2973 etiam
2736 2923 2821 2977 hic
2899 2944 3083 2986 neSter
3139 2935 3599 3016 incircumscripti

2029 2998 2313 3057 adhmreus
2342 3008 2628 3076 vocabulo,
2654 3014 2867 3067 videtur
2885 3022 3124 3088 graviter
3143 2998 3600 3105 vehementerqrue

2030 3092 2241 3152 conari.
2263 3103 2332 3153 ,ιιι
2359 3099 2440 3150 vel
2495 3114 2594 3167 per
2629 3103 2729 3158 hoc
2755 3104 2960 3164 Christi
3003 3113 3334 3183 hypostasim
3369 3125 3595 3193 dividat,

2029 3179 2111 3232 vel
2147 3182 2312 3237 etiam
2367 3184 2599 3243 Verbum
2646 3209 2769 3247 cum
2807 3213 2970 3256 carne
2996 3205 3430 3270 circumscribat.
3459 3214 3594 3272 Nam
3678 3253 3687 3263 -

2022 3288 2142 3342 qua:
2168 3276 2337 3343 addit,
2374 3279 2444 3333 ita
2466 3296 2525 3335 se
2551 3282 2787 3341 habent:

2093 3431 2182 3483 41.
2222 3451 2240 3482 ι
2285 3432 2391 3487 Sed
2425 3436 2506 3490 vel
2538 3438 2794 3495 deitatem
2829 3447 3032 3513 pariter
3064 3452 3434 3514 cireumsrrihi
3461 3479 3592 3517 usu-

2019 3523 2237 3576 venitin
2264 3525 2351 3578 illa
2387 3526 2561 3593 icone,
2601 3543 2870 3599 quatenus
2906 3538 3156 3598 Christus
3189 3562 3251 3602 ex
3282 3553 3592 3623 dupliciate

2017 3613 2270 3682 exsisitit;
2346 3618 2429 3673 vel
2486 3621 2788 3692 simplicem
2881 3640 3255 3692 tantummodo
3316 3645 3592 3705 hominem

2018 3701 2295 3758 Christum
2326 3707 2575 3779 intelligi,
2600 3722 2765 3784 atque
2793 3717 2863 3770 ita
2892 3735 3013 3775 eum
3042 3723 3293 3797 figurari;
3321 3701 3589 3801 quatenus

2018 3789 2138 3844 icon
2181 3803 2263 3848 est
2313 3809 2559 3862 personae
2621 3801 2773 3870 icon;
2832 3815 2885 3861 et
2931 3789 3108 3866 deitas
3149 3827 3232 3871 est
3292 3789 3587 3881 incircum-

2015 3882 2238 3952 scripta.
2277 3903 2298 3931 ι
2343 3887 2623 3954 Quomodo
2677 3896 2776 3949 hoc
2831 3887 3003 3955 dicit?
3056 3906 3169 3958 sive
3226 3909 3276 3963 id
3311 3918 3582 3985 negotium

2015 3967 2335 4032 naturaliter
2385 3980 2458 4032 ita
2498 3996 2556 4035 se
2603 3980 2826 4053 haheat,
2888 3990 3002 4046 sive
3037 4009 3216 4057 secus.
3279 3967 3408 4058 Sed”
3438 4011 3582 4064 enim

2013 4065 2147 4132 haec,
2192 4078 2348 4135 prout
2376 4085 2486 4125 sua:
2516 4071 2647 4128 libet
2701 4076 2968 4148 stultitim,
3025 4090 3304 4155 Iyrannice
3341 4110 3581 4163 pronun-

2012 4156 2130 4218 tiat,
2191 4159 2337 4211 nullo
2399 4177 2720 4233 argumento
2770 4172 2988 4228 veritati
3048 4176 3266 4236 favente
3334 4197 3507 4245 utens.
3537 4194 3579 4245 Α

2009 4246 2162 4300 nobis
2213 4260 2391 4305 autem
2433 4254 2613 4322 'pauio
2663 4261 2826 4314 etiam
2880 4274 3026 4320 retro
3083 4269 3151 4325 de
3203 4271 3307 4329 hac
3354 4292 3411 4331 re
3453 4254 3580 4333 vere

2007 4337 2208 4390 dictum
2256 4341 2375 4406 fuit,
2429 4359 2623 4415 nempe
2654 4352 2795 4418 quod
2838 4353 3068 4411 Verbum
3105 4360 3344 4418 divinum
3384 4382 3577 4426 natura

1934 4459 1976 4513 ο
2006 4443 2101 4482 sua
2155 4430 2507 4499 impassibile,
2558 4440 2726 4494 etiam
2767 4457 2997 4515 corpore
3029 4464 3331 4525 assumpto,
3385 4461 3579 4515 nihiln-

2010 4519 2186 4574 minns
2222 4521 2558 4592 impassibile
2613 4533 2832 4597 mansit,
2869 4548 2921 4591 et
2976 4541 3165 4595 horum
3199 4561 3322 4613 quae
3373 4550 3574 4608 frustra

1974 4611 2344 4677 .diclitantur,
2409 4632 2632 4686 prorsus
2683 4640 2902 4696 expers.
2961 4631 3112 4700 Quod
3163 4611 3307 4696 nunc
3358 4658 3574 4715 quoque

2003 4700 2244 4757 breviter
2279 4716 2605 4776 repetemus.
2640 4713 2933 4774 Dicendum
2968 4733 3051 4777 est
3095 4728 3239 4783 enim
3276 4747 3379 4787 non
3414 4738 3573 4791 modu

1997 4806 2118 4845 eum
2195 4796 2611 4870 circumscripto
2663 4822 2891 4878 corpore
2951 4812 3188 4872 Verbum
3252 4823 3393 4878 haud
3458 4827 3569 4880 cir-

1997 4887 2315 4951 cnmscribi,
2352 4892 2445 4943 sed
2488 4908 2662 4961 neque
2686 4898 2736 4950 in
2766 4900 2881 4969 ipso
2900 4918 3126 4975 corpore
3150 4912 3418 4968 exsistcus
3446 4932 3568 4971 esse

1995 4973 2491 5049 circumscriptum,
2529 4987 2741 5042 etiamsi
2797 4973 3008 5062 corpus
3047 5002 3478 5060 subStautialiter
3512 5020 3565 5063 et

1994 5065 2432 5133 inseparabiliter
2482 5077 2658 5133 eidem
2717 5085 3023 5151 copulatum
3070 5099 3175 5145 est.
3236 5094 3412 5163 Atque
3462 5100 3563 5154 hoc

1994 5160 2195 5213 nemini
2221 5165 2463 5232 ignotum
2511 5172 2768 5240 arbitror,
2819 5177 2863 5229 si
2898 5189 3050 5233 certe
3097 5183 3428 5243 credendum
3479 5204 3562 5246 est

1992 5248 2059 5300 iis
2088 5250 2180 5318 qui
2216 5257 2495 5325 negotium
2530 5275 2632 5314 nos
2662 5263 2963 5319 docuerunt
3011 5270 3206 5325 divinae
3228 5279 3565 5337 condescen‘

1988 5340 2179 5397 sionis.
2213 5342 2494 5409 Quomodo
2529 5352 2674 5406 enim
2734 5370 2896 5411 verax
2925 5358 3115 5415 fuisset
3146 5378 3371 5435 magnus
3396 5369 3559 5427 Joan-

1988 5448 2106 5497 nes,
2162 5438 2253 5504 qui
2309 5440 2528 5495 veritati
2607 5446 2978 5502 testimonium
3034 5452 3266 5521 praebuit
3319 5458 3552 5520 dicens:

304 5619 421 5665 tum
469 5612 523 5665 in
560 5614 720 5669 editis
753 5631 780 5669 a
828 5634 912 5673 me
944 5619 1209 5677 adversus
1248 5622 1653 5696 MonOpbysitas
1707 5629 1872 5685 variis
1913 5643 2154 5687 veterum
2221 5647 2503 5690 auctorum
2540 5645 2761 5711 scriptis
2833 5649 3151 5708 ventilatum
3185 5659 3319 5716 satis
3348 5663 3552 5717 refota.

309 5687 537 5717 Inmnun
566 5688 863 5717 nun-nonin-

309 5687 537 5751 tumque
566 5688 885 5754 cumperies.
