3972 6130
352 281 482 381 eos

1406 312 1464 395 ξ.
1508 310 1923 373 NICEPHORI
1963 311 2467 370 PATRIARCHAE
2505 313 2613 371 ΕΡ.

3506 309 3627 374 304

377 424 585 480 Medius
622 432 847 479 rostrum
876 422 1039 487 stetit,
1066 437 1217 492 quem
1263 436 1350 475 cos
1382 421 1592 475 nescitis
1618 421 1705 475 l‘3?
1734 420 1870 474 Num
1906 421 1947 475 is

2052 420 2382 489 σωματικῶς
2435 421 2846 491 αἱνιττόμενος;
2896 420 3069 485 Αὐτός
3128 438 3188 473 τε
3249 421 3278 472 ὁ
3330 420 3535 492 Σωτὴρ
3592 424 3624 492 ἡ

378 516 739 588 corporaliter
771 515 1010 569 nondum
1039 528 1162 569 esse
1200 522 1516 582 praesentem
1549 512 1828 568 Christum
1863 513 1947 564 in-

377 606 615 662 nuebat?
648 606 793 660 Sane
821 614 874 658 et
899 604 1013 674 ipsa
1046 604 1259 659 Veritas
1286 602 1580 659 Servator:
1609 600 1769 655 Prius
1792 618 1947 670 quam

316 712 321 719 ·
372 712 421 752 te
451 699 733 767 Philippus
789 704 1021 761 vocaret,
1058 711 1177 748 cum
1209 709 1344 748 esses
1390 694 1485 747 sub
1517 694 1621 763 ﬁcu
1660 693 1767 746 vidi
1798 701 1846 745 te
1880 692 1946 753 “,

315 788 319 819 ⁷
371 789 692 845 Natbanaeli
774 789 1012 843 dicebat.
1077 787 1211 839 Tum
1271 785 1434 840 etiam
1501 800 1622 838 cum
1673 782 1949 851 discipulis

375 883 559 953 procul
578 881 839 937 Bethania
864 878 1230 948 corporaliter
1254 891 1502 939 versans,
1526 875 1720 930 Lazari
1740 875 1946 928 obitum
1980 907 1993 917 -

374 975 549 1043 palam
589 974 873 1028 nuntiabat
901 970 970 1027 “.
1021 968 1088 1023 Et
1136 969 1376 1038 denique
1410 982 1468 1023 se
1495 983 1618 1022 cum
1656 966 1764 1020 illis
1807 965 1949 1018 lutu-

377 1080 493 1117 rum
538 1071 660 1133 post
686 1059 1144 1115 resurrectionem
1194 1072 1369 1126 usque
1414 1057 1482 1111 ad
1514 1054 1946 1111 consummatio-

372 1169 494 1209 nem
529 1151 715 1207 saeculi
751 1151 1106 1221 promittebat
1138 1149 1208 1201 “.
1487 1148 1497 1153 “

438 1243 600 1297 Plura
628 1256 960 1296 enumerare
987 1240 1116 1309 quid
1150 1237 1423 1292 interest?
1463 1235 1565 1290 Ubi
1592 1235 1807 1289 fuerint
1843 1236 1948 1289 duo

370 1336 459 1391 vel
490 1344 601 1389 tres
642 1335 696 1387 in
725 1332 945 1387 nomine
993 1332 1113 1400 eius
1142 1329 1478 1399 congregati,
1517 1328 1635 1381 illic
1655 1344 1712 1382 se
1731 1328 1857 1380 ~l'ore
1894 1328 1945 1380 in

372 1426 554 1481 medio
584 1426 800 1478 illorum
836 1423 1067 1491 spondet
1102 1421 1170 1474 δ’.
1196 1417 1414 1489 Ubique
1445 1430 1624 1474 autem
1642 1418 1942 1474 Christiani

372 1525 812 1587 congregantur;
853 1528 983 1583 ergo
1022 1512 1221 1581 ubique
1268 1511 1359 1566 ille
1403 1510 1610 1578 aderit;
1654 1525 1845 1580 nentpe
1888 1520 1948 1565 ut

370 1610 571 1678 cuique
601 1605 947 1677 exploratum
980 1612 1085 1670 est,
1107 1603 1404 1658 secundum
1430 1616 1588 1656 suam
1616 1601 1943 1657 ineﬂabilem

2065 511 2355 582 Ἀλήθεια·
2404 512 2523 580 Πρὸ
2554 512 2661 566 τοῦ
2712 527 2786 565 σε
2821 514 3125 566 Φίλιππον
3154 511 3463 581 φωνῆσαι,
3483 513 3628 567 ὄντα

2050 604 2167 658 ὑπὸ
2199 603 2317 672 τὴν
2340 603 2546 671 συκῆν
2575 600 2739 657 εἶδόν
2768 620 2862 670 σε,
2898 603 2975 674 τῷ
2999 600 3292 673 Ναθαναὴλ
3313 601 3627 672 προσφθεγ-

2058 696 2313 766 γόμενος,
2361 695 2457 748 καὶ
2520 698 2633 756 τοῖς
2667 695 2936 767 μαθηταῖς
2974 696 3163 765 πόρρω
3205 695 3303 764 τῆς
3353 692 3626 764 Βηθανίας

2054 785 2388 856 σωματικῶς
2415 785 2892 853 συναυλιζόμενος·
2917 787 3006 839 τόν
3029 803 3091 853 γε
3123 784 3379 855 Λαζάρου
3393 783 3626 837 θάνατον

2049 876 2537 947 ἀνακοινούμενος*
2575 877 2815 930 συνεῖναί
2856 893 2918 930 τε
2956 877 3141 938 αὐτοῖς
3173 875 3312 945 μετὰ
3342 875 3442 947 τὴν
3487 875 3622 928 ἀνά-

2052 985 2244 1021 στασιν
2282 967 2388 1031 ἕως
2435 969 2537 1038 τῆς
2593 966 2909 1032 συντελείας
2956 969 3050 1020 τοῦ
3096 966 3295 1030 αἰῶνος
3352 965 3626 1036 ἐπαγγελ-

2050 1061 2296 1130 λόμενος.

2120 1244 2186 1297 Τί
2221 1243 2326 1314 χρὴ
2369 1243 2804 1313 ἀπαριθμέῖσθαι
2855 1242 2923 1296 τὰ
2980 1240 3243 1307 πλείονας
3293 1242 3469 1295 Ὅπου
3520 1242 3627 1295 εἶσὶ

2048 1338 2142 1392 δύο
2181 1338 2213 1410 ἢ
2247 1341 2395 1410 τρεῖς
2436 1337 2767 1407 συνηγμένοι
2801 1337 2859 1389 ὲν
2904 1334 2984 1406 τῷ
3029 1334 3256 1404 ὀνόματι
3286 1333 3480 1399 αὐτοῦ,
3513 1336 3631 1388 ἐκεῖ

2048 1424 2189 1483 εἶναι
2221 1431 2277 1481 ἐν
2312 1429 2460 1498 μέσῳ
2505 1427 2686 1482 αὐτῶν
2716 1427 3195 1497 καθυπισχνεῖται.
3234 1425 3523 1496 Πανταχοῦ
3567 1426 3626 1480 δὲ

2047 1520 2097 1572 οἱ
2130 1520 2483 1589 συνηγμένοι,
2518 1517 2798 1588 πανταχοῦ
2827 1517 2933 1587 ἄρα
2964 1517 3058 1569 καὶ
3083 1517 3248 1580 αὐτὸς
3284 1518 3443 1571 ἔσται
3464 1532 3479 1544 ’
3530 1518 3624 1570 καὶ

2039 1614 2195 1675 ὅπως
2229 1613 2310 1674 εἰς
2361 1606 2643 1681 προῦπτον
2674 1609 2849 1663 ἆπασι
2894 1610 3199 1680 πρόκειται,
3244 1609 3318 1671 ὡς
3348 1609 3490 1662 κατὰ
3524 1610 3623 1680 τῂν

372 1712 743 1767 arcanumque
795 1704 1070 1760 naturam,
1123 1709 1246 1749 cum
1299 1707 1407 1762 qua
1439 1693 1641 1761 ubique
1687 1703 1742 1747 et
1782 1708 1947 1763 super

2052 1704 2425 1775 ἀνέκφραστον
2460 1703 2553 1756 καὶ
2601 1702 2915 1772 ἀπόρρητον
2970 1700 3121 1753 θείαν
3176 1698 3360 1769 φύσιν,
3398 1702 3523 1753 καθ’
3557 1700 3622 1771 ἢν

370 1792 476 1845 ista
506 1805 629 1845 esse.
653 1787 1001 1856 intelligitur.
1035 1784 1169 1837 Nam
1199 1793 1253 1835 et
1277 1783 1455 1837 divina
1483 1781 1700 1837 oracula
1744 1781 1942 1835 alicubi

2052 1793 2328 1865 πανταχοῦ
2378 1794 2472 1846 καὶ
2526 1793 2669 1863 ὑπὲρ
2721 1793 2897 1845 ταῦτα
2954 1794 3176 1845 νοεῖται.
3222 1793 3331 1843 Καὶ
3372 1793 3483 1860 γάρ
3517 1808 3621 1843 που

371 1884 567 1935 aiunt:
626 1881 814 1933 Nonne
851 1877 1033 1931 caelum
1080 1887 1380 1944 terramque
1428 1890 1521 1944 ego
1558 1873 1785 1943 impleo,
1816 1874 1942 1926 dicit

370 1972 630 2027 Dominus
665 1971 753 2023 ⁸θῖ
788 1969 1028 2037 Itemque
1071 1985 1084 2020 :
1125 1967 1260 2020 Deus
1307 1966 1630 2035 propinquus
1681 1981 1772 2034 ego
1802 1982 1941 2029 sum,

370 2068 501 2119 dicit
536 2065 814 2128 Dominus,
850 2072 895 2116 et
936 2077 1037 2114 non
1066 2070 1291 2113 remotus
1322 2058 1390 2111 ".
1425 2058 1487 2111 Et
1527 2056 1683 2121 :~Quo
1717 2060 1800 2111 ibo
1818 2074 1944 2126 pro-

366 2158 457 2211 cui
480 2155 695 2226 ,Spiritu
724 2166 837 2218 tuo,
874 2163 920 2206 et
951 2166 1053 2221 quo
1085 2167 1115 2202 a
1144 2150 1279 2219 facie
1307 2159 1395 2201 tun
1426 2148 1621 2219 fugiam
1650 2148 1736 2201 ‘°?
1772 2151 1946 2217 Atque

374 2252 490 2317 ipse
519 2246 738 2315 quidem
777 2246 940 2298 rebus
971 2242 1227 2294 omnibus
1262 2242 1440 2302 adest,
1467 2240 1609 2292 baud
1646 2250 1824 2291 tamen
1859 2251 1944 2292 res

371 2351 565 2393 omnes
592 2338 640 2391 ei
671 2336 869 2390 adsunt
890 2332 1034 2403 (56),
1070 2332 1221 2384 aiunt
1256 2330 1512 2398 theologi.
1542 2324 1696 2382 Unde
1717 2338 1946 2397 apparet

372 2446 498 2483 cum
534 2428 788 2482 Omnibus
806 2426 1067 2479 divinitus
1095 2436 1217 2476 esse
1247 2429 1589 2490 praesentem,
1622 2434 1730 2474 non
1764 2429 1942 2473 tamen

373 2518 734 2588 rorporalitcr
801 2530 925 2569 cum
983 2514 1047 2568 iis
1099 2512 1441 2582 congregatis
1509 2511 1707 2579 ubique
1755 2513 1940 2565 fuisse.

369 2610 590 2667 Etenim
625 2624 725 2662 nec
754 2618 865 2661 tum
882 2606 1105 2668 aderat,
1131 2605 1385 2674 quoniam
1415 2602 1659 2670 discipuli
1694 2603 1942 2655 aiebant:

372 2704 442 2760 In
479 2703 686 2758 nomine
712 2711 812 2753 tuo
845 2701 1005 2754 etiam
1022 2697 1291 2751 domtonia
1318 2696 1464 2749 nobis
1493 2694 1941 2763 subjiciuntur“.

370 2794 516 2851 Alibi
542 2794 737 2862 quippe
757 2800 897 2845 tunc
923 2789 1044 2858 ejus
1068 2802 1268 2857 corpus
1301 2786 1760 2855 conspiciebatur.
1784 2783 1947 2838 ‘Patet

377 2903 509 2957 ergo
540 2885 1016 2951 circumscriptum
1070 2880 1242 2936 fuisse
1289 2878 1564 2933 Christum
1599 2876 1648 2930 in
1694 2889 1942 2944 corpore,

372 2982 465 3034 sed
524 2980 760 3033 nominis
801 2976 1172 3045 potentissima
1235 2973 1546 3039 invictaque
1586 2970 1635 3021 vi
1700 2969 1943 3038 prodigia

376 3074 579 3142 ubique
627 3072 949 3140 patravisse.
986 3069 1172 3135 Neque
1204 3081 1330 3123 vero
1383 3066 1700 3134 prepbetica
1750 3065 1946 3133 prtm‘i-

378 3171 535 3220 sione
569 3164 677 3235 56
701 3174 754 3217 et
778 3162 947 3230 gratia
974 3160 1197 3231 (absit!)
1225 3159 1339 3212 haec
1368 3168 1424 3212 et
1445 3156 1672 3210 faciebat
1704 3165 1757 3208 et
1782 3155 1945 3208 disci-

384 3258 523 3326 pulis
547 3253 965 3324 pl'tettllttliubttl,
998 3265 1096 3305 ccu
1122 3249 1303 3304 futura
1338 3261 1603 3311 cernens;
1635 3247 1727 3300 sed
1759 3249 1946 3314 utique

378 3363 638 3417 tauquam
690 3345 837 3400 Deus
887 3343 1099 3398 cunctis
1133 3355 1393 3412 praesens.
1448 3338 1635 3407 Neque
1675 3338 1801 3390 item
1831 3336 1945 3391 sola

374 3441 426 3493 vi
452 3439 652 3503 activa,
682 3434 840 3504 juxta
866 3435 1087 3502 priscos
1112 3432 1327 3498 aliquot
1355 3429 1445 3499 qui
1477 3429 1551 3483 ita
1585 3429 1771 3496 nugati
1796 3435 1942 3492 sunt,

377 3545 573 3600 nempe
602 3543 724 3584 eum
762 3542 962 3581 vacuos
1012 3524 1300 3594 reliquisse
1336 3521 1506 3576 eteius
1533 3536 1628 3576 sua
1668 3518 1945 3591 bypostasi

380 3641 478 3696 per
511 3624 709 3679 divinae
737 3619 1137 3677 incarnationis
1170 3626 1408 3696 tempus,
1433 3625 1489 3670 et
1514 3613 1949 3670 substantialiter

390 3726 665 3772 versatum
701 3728 823 3768 esse
866 3711 1182 3772 nobiscum;
1216 3692 1597 3762 activa-autem
1626 3705 1678 3759 vi
1709 3714 1948 3759 tantum-

379 3808 539 3863 modo
574 3814 627 3859 et
672 3801 957 3872 majestate
984 3799 1135 3871 apud
1187 3799 1354 3853 Deum
1386 3798 1604 3852 Patrem
1633 3796 1945 3863 exstitisse;

382 3900 641 3968 quoniam
672 3895 818 3950 aliud
840 3908 959 3950 esse
983 3892 1368 3965 substantiam,
1392 3888 1535 3943 aliud
1559 3888 1663 3944 vim
1690 3887 1946 3951 activam,

377 3992 521 4045 sicut
563 3991 613 4042 in
651 3987 973 4055 corporibus
1024 3983 1352 4047 visibilibus,
1383 3983 1457 4035 ita
1489 3968 1653 4034 etiam
1684 3980 1736 4033 in
1767 3977 1950 4031 divino

377 4079 557 4135 Verbo
612 4080 932 4142 censebant,
979 4091 1141 4145 quam
1202 4089 1318 4128 rem
1364 4071 1653 4125 orthodoxi
1702 4078 1947 4138 negant:

378 4186 614 4241 namque
646 4173 701 4224 in
734 4168 1073 4237 simplicibus
1101 4177 1156 4220 et
1178 4163 1514 4231 incorporeis
1536 4161 1667 4216 nihil
1693 4159 1948 4231 praedicta

376 4261 599 4317 dillcrre
658 4267 892 4325 nerunt;
948 4271 1067 4326 qua:
1126 4269 1322 4309 .revcra
1380 4267 1485 4306 non
1537 4260 1665 4307 sunt
1717 4249 1949 4303 invicem

379 4350 836 4409 distermiuarnla,
875 4362 940 4399 ne
965 4345 1103 4399 forte
1141 4344 1502 4413 imaginentur
1527 4355 1646 4394 esse
1681 4337 1953 4405 (ποιηροεὶ-

2048 1885 2363 1956 διαγορεύει
2415 1882 2485 1938 τὰ
2514 1885 2709 1951 λόγια·
2749 1882 2844 1949 Μὴ
2885 1881 3020 1951 οὐχί
3061 1882 3166 1934 τὸν
3220 1882 3485 1949 οὐρανὸν
3521 1885 3620 1935 καὶ

2048 1978 2163 2043 τὴν
2209 1974 2328 2045 γῆν
2367 1974 2482 2043 ἐγὼ
2526 1970 2757 2041 πληρῶ,
2789 1970 2949 2039 λέγει
2983 1973 3228 2039 Κύριος
3279 1971 3388 2023 Καὶ
3430 1965 3619 2033 αὖῦις²

2041 2065 2193 2129 ’Θεὸς
2235 2061 2477 2133 errch
2517 2061 2630 2130 ἐγώ
2674 2063 2811 2129 ειμι,
2847 2061 3009 2130 λέγει
3048 2062 3292 2128 Κύριος,
3344 2058 3442 2112 καὶ
3484 2060 3618 2128 οὐχ)

2050 2159 2195 2224 Θεὸς
2225 2159 2559 2226 πόρρωθεν·
2593 2155 2684 2208 καί
2704 2170 2718 2185 ο
2745 2153 2988 2225 Πνεῦμα
3008 2153 3227 2219 Κυρίου
3262 2152 3620 2220 πεπλήρωκε

2045 2250 2162 2317 τὴν
2206 2248 2596 2318 οἰκουμένην·
2649 2248 2778 2300 καίο
2839 2246 2961 2299 Ποῦ
3020 2243 3288 2313 πορευθῶ
3338 2245 3459 2298 ἀπὸ
3515 2244 3619 2299 τοῦ

2047 2341 2398 2409 Πνεύματός
2423 2356 2561 2404 σου,
2591 2339 2685 2392 καὶ
2714 2337 2833 2392 ἀπὸ
2868 2337 2972 2392 τοῦ
2999 2339 3322 2404 προσώπου
3350 2350 3468 2389 σου
3503 2334 3617 2388 ποῦ

2047 2432 2251 2501 satira);
2285 2429 2398 2483 Kal
2434 2430 2600 2491 αὐτὸς
2635 2428 2730 2498 μὲν
2767 2429 2902 2480 πᾶσι
2942 2427 3227 2496 πάρεστιν,
3264 2426 3322 2477 οὑ
3354 2426 3534 2479 πάντα
3564 2424 3619 2477 δὲ

2050 2523 2200 2593 αὐτῷ
2230 2523 2518 2593 πάρεστιν,
2549 2522 2597 2574 oi
2626 2519 2870 2587 θεολόγοι
2905 2516 3089 2584 φασίν.
3133 2516 3223 2582 Ἐξ
3255 2510 3330 2567 ὧν
3364 2516 3618 2568 ἁπάντων

2046 2613 2301 2683 δηλοῦται
2327 2610 2615 2672 τὸ⁵θεῖκῶς
2644 2610 2778 2661 πᾶσι
2808 2608 3098 2677 παρεῖναι·
3119 2607 3179 2657 οὐ
3211 2605 3320 2674 γὰρ
3343 2604 3407 2673 δὴ
3439 2622 3620 2673 σωμαο

2046 2704 2214 2768 τικῶς
2266 2701 2547 2773 πανταχοῦ
2597 2701 2778 2769 παρῆν
2833 2698 3194 2768 συνηγμένοις
3244 2696 3462 2758 αὐτοῖς·
3499 2696 3620 2749 οὐδὲ

2047 2797 2107 2848 ὲν
2245 2793 2486 2863 ἔφασκον
2527 2795 2575 2845 οἱ
2607 2790 2889 2862 μαθηταί·
2957 2790 3053 2841 Ἐν
3092 2786 3171 2853 τῷ
3222 2785 3471 2855 ὀνόματι
3504 2802 3619 2840 σου

2047 2886 2120 2940 τὰ
2147 2886 2421 2955 δαιμόνια
2456 2884 2600 2953 ἡμῖν
2646 2881 3078 2938 ὑποτάσσεται.
3121 2878 3385 2949 Ἐτὲρωθι
3420 2880 3532 2948 γὰρ
3563 2878 3620 2932 ἔν

2048 2997 2153 3032 τινι
2183 2979 2331 3048 τόπῳ
2356 2978 2415 3031 τὸ
2449 2977 2608 3047 σῶμα
2636 2976 2911 3044 ἐφαίνετο.
2947 2974 3125 3041 Σαφὲς
3149 2966 3241 3023 οὖν
3270 2972 3435 3024 ὅτιού
3469 2987 3626 3040 περι·

2049 3069 2333 3140 γέγραπτο
2370 3071 2427 3120 ὲν
2452 3066 2529 3138 τῷ
2563 3065 2804 3137 σώματι,
2837 3066 2870 3135 ἡ
2901 3065 2956 3118 δὲ
2986 3064 3081 3118 τοῦ
3123 3067 3386 3135 ὀνόματος
3417 3064 3620 3116 παναλ-

2051 3159 2154 3228 κὴς
2177 3160 2281 3211 καὶ
2312 3158 2693 3226 ἁκατὰληπτος
2724 3157 2950 3225 δύναμις
2981 3158 3202 3227 ἐνήργει
3249 3154 3526 3224 πανταχοῦ
3554 3153 3624 3210 τὰ

2046 3250 2330 3319 τεράστια.
2372 3250 2447 3302 Οὐ
2491 3251 2809 3320 προφητικῇ
2850 3249 2908 3300 δὲ
2945 3249 3253 3319 προγνώσει
3292 3248 3388 3300 καὶ
3438 3247 3623 3317 χάριτι

2050 3340 2274 3411 (ἄπαγε)
2302 3339 2526 3393 τοιαῦτά
2549 3357 2609 3392 τε
2638 3339 2876 3409 ἔπραττε
2888 3339 2991 3391 καὶ
3016 3340 3128 3401 τοῖς
3160 3337 3434 3408 μαθηταῖς
3454 3335 3625 3407 ,προῦ-

2049 3432 2235 3499 λεγενο
2269 3431 2459 3501 ὥσπερ
2498 3430 2722 3499 βλέπων
2764 3429 2833 3482 τὰ
2879 3427 3213 3499 ἔμπροσθεν,
3267 3428 3343 3490 ὡς
3373 3428 3529 3490 -Θεὸς
3567 3427 3624 3479 δὲ

2048 3521 2242 3594 παρὼν
2272 3521 2494 3586 ἆπασιν,
2522 3520 2648 3573 ,οὐδὲ
2680 3519 2932 3591 ἐνεργείᾳ
2957 3518 3087 3589 ψιλῇ
3115 3557 3129 3580 ,
3162 3519 3303 3572 κατά
3334 3535 3485 3581 τινας
3517 3518 3625 3571 τῶν

2049 3611 2218 3665 πάλαι
2261 3612 2329 3664 τὰ
2357 3610 2583 3664 τοιαῦτα
2610 3608 3062 3678 ληρωδησάντων,
3096 3607 3335 3663 κενῶσαι
3368 3609 3468 3678 μὲν
3499 3610 3624 3670 τοὺς

2048 3700 2310 3769 ούρανοὺς
2343 3700 2441 3768 τῆς
2470 3698 2666 3751 ἑαυτοῦ
2693 3698 3047 3761 ὑποστάσεως
3075 3698 3216 3750 κατὰ
3240 3698 3369 3760 τοὺς
3398 3699 3623 3766 καιροὺς

2049 3792 2149 3860 τῆς
2180 3791 2329 3853 θείας
2366 3788 2716 3859 σαρκώσεως,
2757 3783 2899 3842 εἷναί
2933 3805 2991 3841 τε
3024 3788 3299 3849 οὺσιωδῶς
3334 3789 3432 3841 σὺν
3466 3792 3623 3858 ἡμῖν,

2050 3881 2302 3952 ἐνεργείᾳ
2330 3879 2386 3932 δὲ
2423 3880 2516 3932 καὶ
2561 3879 2690 3951 ἀξίᾳ
2728 3880 2863 3950 μόνῃ
2911 3881 3047 3951 πρὸς
3078 3879 3170 3931 τὸν
3216 3879 3349 3938 θεὸν
3385 3882 3482 3933 καὶ
3508 3881 3624 3934 Πα-

2048 3973 2204 4042 τέρα’
2240 3972 2364 4023 ἐπεὶ
2393 3970 2576 4040 ἕτερον
2606 3970 2794 4023 οὐσίαν
2837 3973 2934 4024 καὶ
2969 3955 3406 4042 ἄλλο-ἐνέργειαν
3435 3969 3623 4040 ὥσπερ

2050 4040 2146 4116 ἐπὶ
2195 4063 2301 4115 τῶν
2352 4060 2684 4133 σωματικῶς
2750 4040 3162 4131 θεωρουμένωνς
3215 4043 3473 4128 οὕτωδὴ
3532 4062 3627 4113 καὶ

2052 4155 2147 4206 ἐπὶ
2181 4152 2277 4206 τοῦ
2321 4152 2470 4205 θείου
2500 4153 2677 4220 Λόγου
2719 4151 2978 4204 ὲτίθεντο’
3030 4152 3167 4221 ὅπερ
3200 4154 3314 4213 τοῖς
3342 4151 3627 4203 εὐσεϐέων

2051 4241 2376 4311 ἀπείρηται·
2412 4240 2505 4293 ἐπὶ
2558 4244 2668 4312 γὰρ
2702 4240 2811 4294 τῶν
2857 4241 3047 4294 ἁπλῶν
3092 4244 3183 4296 καὶ
3229 4242 3630 4321 damnaturi?

2052 4302 2541 4402 οὐδενὶδιαφέρειν
2569 4302 2795 4384 -ίσασινο
2844 4333 2903 4386 οὺ
2957 4333 3067 4402 γὰρ
3113 4302 3412 4404 διοριστέον
3452 4302 3627 4385 τὲῖτα

377 4448 516 4502 tum,
560 4441 611 4492 id
646 4439 790 4507 quod
825 4435 1120 4505 quamlibet
1154 4437 1328 4504 potius
1354 4432 1754 4500 simplicitatem
1783 4442 1943 4498 supe-

2053 4423 2318 4494 ἁλλήλων,
2351 4424 2437 4476 ἵνα
2484 4423 2560 4494 μὴ
2591 4423 2843 4476 σύνθετον
2875 4423 2935 4476 τὸ
2963 4423 3101 4494 ὑπὲρ
3129 4426 3311 4477 πᾶσαν
3346 4423 3628 4493 ἁπλότητα

378 4541 491 4587 rat:
515 4546 638 4583 nam
675 4544 772 4583 nec
797 4541 1034 4598 unquam
1059 4526 1241 4581 divina
1265 4523 1570 4579 substantia
1593 4522 1710 4576 sine
1735 4520 1947 4575 actione

377 4622 483 4675 erit
500 4659 514 4685 ,
544 4634 717 4688 neque
743 4619 947 4687 absque
971 4615 1275 4671 substantia
1293 4614 1385 4669 (iet
1408 4613 1571 4668 actio.
1590 4609 1760 4665 Pater
1778 4626 1944 4676 meus,

379 4710 578 4777 inquit,
609 4724 771 4779 usque
806 4708 959 4761 modo
988 4715 1261 4776 operatur,
1296 4714 1342 4758 et
1369 4721 1461 4774 ego
1497 4718 1685 4774 operor
1708 4702 1778 4755 ".
1810 4700 1948 4755 Sub-

379 4801 578 4858 stantia
616 4800 760 4852 enim
794 4796 1136 4851 demonstrat
1179 4794 1328 4848 illum
1359 4787 1951 4861 supersubstantialiter

378 4908 439 4948 se
486 4892 707 4953 habere,
749 4877 1073 4957 semperque
1113 4885 1217 4939 sibi
1247 4897 1369 4939 esse
1399 4881 1681 4952 aequalem,
1713 4889 1769 4933 et
1796 4878 1950 4932 inde-

381 4980 716 5035 clinabilitcr
765 4978 816 5031 in
849 4992 947 5029 sua
1001 4972 1296 5028 stabilitate
1355 4982 1520 5038 atque
1572 4966 1950 5022 immobilitate

380 5081 648 5143 perstare.
676 5067 838 5121 Actio
888 5076 1070 5118 autem
1120 5062 1516 5132 providentiam
1566 5059 1711 5110 circa
1772 5070 1857 5110 res
1900 5065 1953 5108 et

379 5174 632 5215 arcanam
684 5154 1217 5210 administrationem
1266 5152 1524 5215 denotat;
1577 5147 1793 5216 quibus,
1851 5143 1952 5198 etsi

381 5250 786 5322 simplicitatem
819 5262 972 5303 suam
1011 5245 1236 5300 minime
1272 5241 1495 5305 deserit,
1525 5240 1636 5309 agit
1666 5248 1869 5302 tamen,
1900 5246 1953 5290 et

2055 4516 2247 4568 νοοῖτοο
2279 4510 2404 4567 οὔτε
2449 4514 2557 4584 γὰρ
2600 4515 2634 4584 ὴ
2683 4512 2806 4567 θεία
2845 4514 3003 4568 οὐσία
3035 4515 3398 4587 ὰνενέργητος
3442 4519 3532 4588 εἴη
3562 4519 3627 4571 ἄν

2056 4619 2211 4668 ποτε,
2244 4601 2367 4655 οὔτε
2392 4603 2640 4666 ἀνούσιος
2668 4606 2702 4675 ἡ
2734 4604 3004 4675 ἐνέργεια·
3047 4605 3101 4657 '0
3128 4606 3328 4675 πατήρ
3346 4625 3469 4676 μου
3498 4608 3628 4680 γὰρ,

2058 4695 2242 4764 φησιν,
2272 4693 2382 4760 ἕως
2408 4694 2539 4763 ἄρτι
2562 4693 2881 4764 ἐργάζεται,
2916 4696 3017 4751 καὶ
3046 4696 3161 4766 ἐγὼ
3191 4697 3526 4768 ἐργάζομαι.
3570 4700 3636 4753 Ἦ

2062 4785 2159 4855 μὲν
2188 4783 2318 4855 γὰρ,
2343 4785 2403 4837 τὸ
2429 4785 2772 4858 ὑπερουσίως
2797 4781 2938 4839 εἶναι
2962 4787 3123 4840 αὑτὸν
3141 4789 3235 4841 καὶ
3254 4789 3341 4841 ἀεὶ
3370 4788 3636 4852 ὡσαύτως

2056 4873 2218 4944 εἶναι,
2250 4877 2342 4930 καὶ
2370 4878 2785 4949 ἀπαρεγκλίτως
2815 4879 2908 4943 ἐπὶ
2931 4879 3031 4950 τῆς
3052 4881 3246 4933 ἑαυτοῦ
3274 4882 3635 4953 μονιμότητος

2058 4966 2152 5019 καὶ
2185 4965 2441 5036 ἱδρύσεως
2473 4966 2742 5039 ἵστασθαι,
2770 4967 2941 5038 δηλοῖ,
2985 4969 3051 5021 Ἡ
3073 4968 3151 5035 δὲ,
3173 4968 3269 5032 τὰς
3294 4970 3353 5022 ὲν
3373 4973 3489 5033 τοῖς
3517 4966 3638 5024 οὖσι

2059 5057 2423 5128 προνοητικάς
2454 5057 2713 5127 προόδους
2744 5058 2838 5110 καὶ
2860 5058 3135 5129 ἀρρήτους
3149 5060 3466 5130 οἰκονομίας
3494 5078 3639 5131 παρ·

2062 5144 2275 5221 ίστησι,
2326 5149 2447 5203 καθ’
2472 5149 2539 5214 ἃς
2578 5153 2988 5222 ἁνεκφοιτήτως
3031 5152 3133 5223 τῆς
3167 5152 3374 5216 οἰκείας
3400 5153 3640 5223 ἁπλότη-

2058 5257 2148 5305 τος
2183 5239 2409 5314 προῖὼν,
2444 5242 2877 5314 πρακτικεύεται
2900 5233 2929 5312 ,
2960 5244 3059 5315 τὴν
3088 5243 3195 5298 τῶν
3233 5242 3373 5297 ὅλων
3408 5244 3639 5314 ἐργαξόο

454 5462 500 5494 ⁸⁸
522 5462 673 5515 Joan.
703 5480 740 5522 ι.
771 5450 861 5515 ‘25.
938 5462 984 5495 “
1018 5460 1147 5515 iliitl.
1194 5477 1229 5519 I.
1263 5459 1353 5514 48.
1459 5458 1504 5489 ⁸⁵
1527 5455 1683 5511 Joan.
1717 5472 1793 5528 ξι,
1826 5456 1947 5528 14.-

2060 5457 2250 5512 Matth.
2290 5474 2483 5523 xxvtu,
2515 5460 2604 5514 9.0.
2682 5463 2727 5497 δ’
2762 5462 2951 5518 Matth.
2986 5478 3138 5528 ).\'ll|,
3163 5462 3254 5519 20.
3360 5464 3407 5496 ⁸⁸
3436 5461 3637 5520 Ierem-

383 5548 544 5601 xxttt,
580 5534 670 5585 ‘24.
748 5535 791 5563 ’⁵⁹
822 5534 951 5586 ibid.
983 5534 1075 5585 23.
1154 5532 1198 5562 ⁵ο
1235 5531 1375 5584 ιιδαι.
1422 5543 1686 5591 cxxxvtn,
1735 5527 1783 5578 7.

1861 5527 1903 5559 ⁵³
1938 5526 2066 5582 Luc.
2103 5545 2158 5592 κ,
2197 5530 2283 5585 17.

2361 5532 2406 5561 η
2432 5530 2591 5585 Juatt.
2628 5549 2675 5596 ν,
2723 5534 2808 5586 17.

454 5688 568 5759 (56)
601 5685 800 5755 Nempe
824 5688 963 5742 Deus
993 5703 1077 5740 res
1104 5698 1315 5741 nostras
1344 5699 1533 5739 omnes
1556 5683 1653 5737 scit
1679 5696 1741 5736 ac
1774 5682 1943 5751 iidet;
1990 5697 2095 5739 non
2132 5684 2203 5737 ita
2244 5700 2338 5739 nos
2373 5702 2457 5739 res
2494 5687 2609 5742 Dei.
