3928 6142
296 238 400 300 907

1325 251 1384 310 S.
1425 251 1837 312 NICEPHORI
1878 253 2381 312 PATBIARCHE
2421 253 2524 310 (ΣΙ).

3446 253 3549 317 3‘33

296 358 422 402 ante
456 349 618 416 pedes
664 357 791 404 sunt
846 349 996 405 novit
1041 360 1134 406 aut
1169 347 1345 410 videt.
1381 357 1557 412 Semel
1607 360 1807 429 quippe
1875 374 1903 411 a
1949 368 2092 413 recta
2149 357 2418 426 regiaque
2448 359 2531 411 via
2595 359 2806 425 devius,
2877 363 2940 414 ad
2994 361 3220 418 declivia
3277 363 3549 431 utrimque

297 439 597 509 prmcipitia
634 439 899 497 defertur.

369 529 496 584 Vult
525 546 652 600 ergo
681 533 957 587 auditores
991 548 1122 588 suos
1151 537 1413 593 orationis
1446 541 1495 593 vi
1536 541 1863 610 οοιιιριιιεος,
1899 545 1941 598 Α

297 637 361 673 ex
393 620 604 675 duabus
640 638 799 676 unam
834 632 1133 693 prmoptare
1182 629 1530 683 sententiam.
1576 633 1682 684 Aut
1725 633 1868 684 enim

297 710 578 766 Christum
607 715 912 781 pingentes,
946 714 998 767 in
1029 714 1223 783 duplex
1259 728 1315 771 ut
1349 719 1560 774 videtur
1591 730 1869 789 peccatum

300 805 614 859 necessario
651 806 963 873 incurrent;
1015 822 1206 875 nempe
1239 809 1322 863 vel
1381 810 1537 864 simul
1570 827 1693 866 cum
1739 811 1873 865 ima-

299 896 426 961 gine
453 897 708 951 deitatem
740 897 1212 964 circumscribent,
1250 911 1467 970 prepter
1499 904 1711 957 unicam
1747 919 1869 972 per-

302 1001 490 1040 sonam
517 1003 637 1055 quae
659 1003 723 1042 ex
752 989 1066 1057 duplicitate
1103 990 1181 1057 fit,
1209 1001 1267 1045 ut
1299 995 1370 1045 ait
1417 1012 1428 1046 :
1469 994 1551 1047 vel
1577 995 1870 1062 simplicem

303 1075 677 1130 tantummodo
712 1077 984 1132 hominem
1016 1078 1294 1134 Christum
1331 1085 1688 1150 rcputabunt,
1713 1094 1767 1138 et
1797 1087 1874 1139 sic

301 1167 536 1223 Nestori!
565 1170 800 1222 vesaniae
829 1172 1192 1226 consentient.
1221 1173 1326 1227 Aut
1358 1175 1400 1227 si
1426 1175 1538 1229 hrec
1566 1175 1736 1230 vitare
1759 1187 1874 1230 stu-

301 1259 450 1323 dent,
487 1260 710 1314 omnino
744 1261 1023 1316 Christum
1058 1264 1283 1332 pingere
1315 1275 1570 1331 caveant;
1613 1276 1774 1334 atque
1803 1270 1870 1319 ita

303 1353 355 1402 in
399 1365 623 1420 pravum
674 1351 941 1406 Mamertae
988 1355 1182 1424 dogma
1227 1356 1537 1421 incurrent,
1581 1358 1632 1411 id
1683 1368 1766 1411 est
1820 1357 1870 1410 in

303 1444 634 1497 contrariam
671 1444 1170 1511 pltautasiastarum
1215 1457 1420 1501 sectam
1445 1489 1460 1513 ,
1495 1450 1585 1518 qui
1634 1449 1875 1502 funditus

305 1531 540 1586 veritate
564 1534 917 1598 exciderunt;
948 1537 1035 1589 cui
1070 1545 1247 1592 tamen
1288 1540 1402 1607 ipse
1433 1550 1593 1594 sect:e
1624 1557 1727 1594 non
1756 1541 1875 1594 sine

302 1625 531 1676 ardente
582 1625 762 1678 studio
807 1625 1074 1691 adhaeret;
1125 1628 1392 1696 siquidem
1443 1644 1509 1683 ex
1564 1627 1875 1698 duplicitatc

301 1712 520 1779 quidem
551 1710 804 1781 afﬁrmat,
831 1715 880 1766 in
901 1715 1220 1784 duplicitate
1247 1728 1450 1782 tamen,
1479 1718 1531 1771 id
1555 1729 1636 1772 est
1661 1718 1720 1790 in
1744 1719 1876 1770 dua-

304 1803 408 1855 bus
434 1803 668 1867 naturis,
692 1802 969 1858 Christum
995 1806 1264 1861 exsistere
1293 1821 1515 1875 prorsus
1550 1818 1710 1878 negat
1736 1809 1866 1878 (58).

2046 541 2304 594 Βούλεται
2341 538 2433 595 οῦν
2467 545 2593 606 τοὺς
2626 544 3009 613 ἀκροωμένους
3035 543 3142 596 ὑπὸ
3173 544 3273 612 τῆς
3301 544 3551 614 ἁνᾶγκης

1972 632 2079 684 τῶν
2111 631 2284 699 λόγων
2324 633 2621 702 ἠγμένους,
2665 635 2811 686 δυοῖν
2845 634 3062 688 ἑλέσθαι
3109 637 3168 688 τὸ
3215 636 3427 706 ἕτερον.
3477 640 3548 691 ’Ἡ

1971 723 2079 792 γὰρ
2116 724 2432 793 γράψοντας
2477 725 2567 776 τὸν
2608 726 2862 793 Χριστὸν,
2913 728 3330 798 ἀναγκασθῆναι
3376 731 3550 801 διπλῷ

1970 815 2047 884 τῷ
2085 815 2327 867 δοκοῦντι
2359 819 2674 885 περιπεσεῖν
2701 819 3077 888 ἁμαρτήματι·
3109 820 3228 890 ἦτοι
3276 838 3547 890 συμπερι-

1971 905 2292 975 γρὲιφειντὺ
2331 905 2484 958 Θεῖον
2531 909 2596 977 τῇ
2642 907 2845 967 εἰκόνι,
2880 906 2970 960 διὰ
3018 907 3078 958 τὸ
3125 907 3184 960 ἓν
3232 909 3545 978 πρόσωπον,

1970 997 2106 1066 ὅπερ
2153 997 2217 1049 ἐκ
2253 996 2602 1066 διπλότητος,
2653 998 2729 1061 ὥς
2775 1015 2959 1067 φησιν,
3009 999 3177 1051 ἐστίν·
3233 998 3352 1069 ἦτοι
3395 995 3550 1068 ψιλὸν

1976 1085 2134 1155 μόνον
2165 1085 2452 1152 ἄνθρωπον
2475 1087 2712 1139 νοεῖσθαι
2735 1087 2825 1140 τὸν
2851 1087 3106 1157 Χριστὸν,
3137 1089 3231 1140 καὶ
3258 1091 3322 1159 τῇ
3345 1088 3551 1142 Νεστο-

1977 1175 2092 1242 ρίου
2118 1175 2492 1245 συμφέρεσθαι
2521 1175 2938 1246 φρενοΰλασείᾳ.
2977 1178 3046 1229 Ἦ
3068 1177 3243 1230 ταῦτα
3266 1177 3549 1248 διαφυγεῖν

1974 1264 2354 1334 αἱρουμένους,
2389 1265 2464 1335 μὴ
2500 1270 2733 1336 γράφειν
2773 1268 2956 1331 αὐτὸν,
2989 1267 3075 1320 ἵνα
3105 1271 3169 1337 τῇ
3205 1268 3416 1321 ἐκείνου
3451 1285 3550 1322 και

1974 1357 2192 1428 κοδοξίᾳ
2218 1358 2590 1429 περιπέσοιεν·
2624 1359 2820 1410 ταύτὸν
2844 1359 2900 1410 δὲ
2920 1361 3115 1420 εἰπεῖν,
3140 1362 3203 1429 τῇ
3237 1359 3549 1427 φαντασιῶ-

1973 1450 2050 1502 δει
2081 1451 2174 1502 καὶ
2209 1450 2486 1515 ἀντιπάλῳ
2515 1451 2698 1520 μοίρᾳ,
2733 1450 2841 1501 τῶν
2864 1452 2925 1502 ὲκ
2952 1450 3244 1520 διαμέτρου
3274 1449 3417 1516 λέγω
3446 1451 3547 1518 τῆς

1974 1540 2234 1609 ἀληθείας
2265 1541 2714 1609 ἀποσφαλέντων,
2754 1537 2822 1611 ἧς
2851 1541 2971 1603 ὅλος
3021 1540 3242 1612 θερμῶς
3293 1542 3548 1610 περιεχό-

1978 1648 2138 1699 μενος
2172 1632 2403 1698 γίνεται,
2436 1631 2496 1683 τὸ
2531 1631 2627 1700 μὲν
2650 1634 2713 1683 ἐκ
2741 1631 3061 1700 διπλότητος
3089 1631 3286 1696 λέγων,
3317 1631 3376 1683 τὸ
3399 1631 3455 1683 δὲ
3491 1634 3549 1684 ὲν

1975 1722 2273 1790 διπλότητι,
2316 1723 2486 1792 ἤγουν
2514 1724 2572 1773 έν
2603 1722 2726 1774 δυσὶ
2754 1722 2948 1790 φύσεσι
2989 1722 3078 1774 τὸν
3107 1722 3342 1791 Χριστὸν
3371 1717 3510 1774 εἶναι
3533 1764 3548 1785 ,

1978 1813 2252 1882 πανταχοῦ
2287 1811 2738 1882 παραιτούμενος.
2774 1813 2882 1865 Καὶ
2921 1811 3094 1875 οὕτως
3124 1811 3181 1876 ἐξ
3211 1811 3328 1873 ἑνός
3363 1829 3425 1878 γε
3454 1810 3549 1862 τοῦ

303 1893 486 1961 Atque
522 1892 598 1946 ita
656 1909 763 1948 uno
798 1895 988 1948 saltem
1044 1897 1202 1951 modo
1239 1897 1435 1952 divina:
1486 1900 1876 1953 incarnationis

1985 1878 2228 1971 τρόπου-ὁ
2247 1905 2345 1971 τῆς
2369 1878 2520 1964 θείας
2548 1878 2874 1971 σαρκώσεως
2901 1901 3348 1972 παραϐλάπτοιτο
3368 1899 3548 1967 λόγος.

307 1984 553 2037 doctrina
602 1986 991 2052 corrumpitur.
1038 1987 1278 2053 Quorum
1331 1990 1610 2042 hominum
1666 1989 1876 2059 fugiens

307 2070 671 2128 absurditates
694 2073 961 2144 Ecclesia,
990 2087 1044 2130 et
1069 2078 1120 2130 in
1149 2078 1460 2133 alterutram
1497 2089 1703 2148 partem
1729 2081 1877 2133 clau-

307 2163 492 2218 dicare
529 2163 790 2220 divinitus
820 2166 1014 2232 vitans,
1049 2168 1387 2238 mediamque
1418 2181 1473 2224 et
1503 2181 1704 2225 rectam
1734 2172 1875 2224 viam

310 2268 536 2319 tenens,
567 2257 657 2311 uni
688 2257 933 2312 adimeret.
964 2260 1210 2328 veritati,
1252 2261 1554 2316 orthodoxe
1595 2261 1876 2330 religiose—

306 2360 413 2410 que
441 2345 645 2400 Christi
675 2347 1034 2402 (economiam
1056 2351 1321 2404 conﬁtens
1345 2360 1504 2420 atque
1523 2352 1872 2419 amplectens.

307 2432 428 2490 Jam
462 2449 595 2492 vero
623 2437 714 2505 qui
741 2437 832 2490 illa
864 2439 1215 2508 dogmatizat,
1252 2441 1391 2494 idem
1417 2442 1697 2496 evidenter
1725 2443 1874 2509 facit,

311 2540 378 2579 ac
411 2525 456 2579 si
489 2526 612 2594 quis
643 2540 711 2581 ex
746 2541 932 2592 aureo,
969 2529 1119 2582 verbi
1154 2529 1323 2594 gratia
1347 2570 1361 2593 ,
1399 2531 1580 2598 sigillo
1612 2531 1793 2598 plures
1825 2533 1876 2586 in

312 2632 434 2674 cera
466 2616 1094 2686 impressiones‘effectas
1125 2621 1330 2685 videns,
1354 2637 1477 2674 mox
1505 2623 1876 2688 contenderet,

310 2708 393 2762 vel
444 2724 636 2763 aurum
685 2723 824 2764 cerae
870 2723 1184 2766 concretum
1234 2727 1353 2765 esse
1396 2721 1451 2766 et
1489 2715 1834 2767 commistum
1863 2758 1876 2779 ,

311 2802 440 2854 dum
481 2801 830 2869 charagmata
860 2804 1228 2870 exprimeret;
1263 2804 1345 2857 vel
1378 2804 1600 2858 omnino
1633 2805 1876 2860 incusant

310 2889 366 2944 in
408 2892 584 2960 sigillo
623 2893 948 2963 scripturam
1002 2894 1070 2948 ab
1110 2895 1202 2949 illo
1253 2896 1419 2950 dividi
1479 2911 1542 2950 ac
1577 2896 1878 2965 dispertiri.

311 2979 409 3036 Vel
442 2985 486 3037 si
528 2984 651 3052 quis
688 2985 865 3051 ignem
911 2984 1200 3056 figuratum
1237 2988 1506 3054 aspiciens
1530 3029 1544 3053 ,
1580 2987 1880 3055 cujusmodi

312 3088 454 3140 saepe
503 3073 753 3128 videmus
786 3083 932 3129 rotas
976 3077 1237 3144 quasdam
1290 3078 1478 3146 igneas
1518 3079 1882 3146 ardentesque

1977 1984 2188 2062 Ὦνπερ
2234 1993 2266 2061 ὴ
2307 1991 2601 2061 Ἐκκλησία
2627 1992 2964 2061 διαφυγοῦσα
2993 1993 3061 2046 τὰ
3089 1993 3264 2046 ἄτοπα
3288 2032 3302 2056 ,
3333 1990 3428 2044 καὶ
3451 1991 3552 2061 τὴν

1977 2083 2069 2133 ἐπὶ
2094 2082 2296 2150 θάτερα
2336 2079 2658 2151 θεοπρεπῶς
2688 2082 3050 2154 παρατροπήν
3081 2081 3378 2135 ὲκκλίνασα
3401 2122 3415 2146 ,
3453 2081 3552 2134 καὶ

1975 2173 2076 2241 τὴν
2109 2175 2279 2243 μέσην
2308 2171 2498 2243 ὥσπερ
2541 2174 2632 2226 καὶ
2677 2175 2796 2226 κατ’
2831 2173 2961 2226 εὐθὺ
3006 2173 3161 2226 ἰοῦσα
3198 2174 3336 2235 ὁδον,
3382 2174 3552 2244 μόνης

1977 2263 2162 2333 ἔχεται
2189 2264 2290 2332 τῆς
2338 2263 2631 2333 ἀληθείας,
2680 2262 2976 2334 ὀρθοδόξως
3025 2264 3120 2317 καὶ
3165 2264 3407 2327 εὐσεϐῶς
3451 2263 3551 2333 τὴν

1979 2354 2120 2407 κατὰ
2169 2353 2404 2424 Χριστὸν
2459 2353 2776 2424 οἰκονομίαν
2806 2355 3145 2424 ὁμολογοῦσά
3174 2374 3232 2409 τε
3268 2357 3362 2409 καὶ
3394 2372 3552 2425 περι-

1982 2449 2207 2499 έπουσα.
2228 2445 2398 2499 Ἀλλὰ.
2428 2446 2599 2498 ταῦτα
2629 2447 2975 2514 δογματίζων
3002 2447 3162 2516 δῆλός
3189 2449 3337 2499 ἐστιν
3365 2448 3552 2516 ὅμοιόν

1980 2557 2031 2594 τι
2058 2538 2245 2602 ποιῶν,
2275 2538 2350 2601 ὡς
2381 2539 2435 2589 εἰ
2464 2555 2548 2601 τις
2599 2537 2721 2590 ἰδὼν
2747 2539 3016 2609 δακτυλίῳ
3047 2537 3233 2608 χρυσῷ
3254 2579 3269 2603 ,
3309 2539 3438 2610 φέρε
3469 2539 3547 2590 εἰ-

1983 2633 2127 2693 πεῖν,
2177 2629 2638 2699 ὲκσφραγίσματα
2681 2628 2902 2682 πλείονα
2941 2631 2997 2681 ἐν
3043 2629 3198 2698 κηρῷ
3239 2627 3548 2681 ἀποτυπού-

1985 2739 2123 2792 μενα
2155 2761 2168 2785 ,
2204 2722 2452 2774 ἐνίστατο
2484 2719 2680 2786 λέγων,
2715 2719 2747 2788 ἢ
2783 2719 2873 2772 τὸν
2905 2720 3106 2790 χρυσὸν
3135 2720 3213 2790 τῷ
3238 2720 3392 2790 κηρῷ
3420 2735 3552 2773 συν-

1981 2809 2390 2878 ανακεκρᾶσθαι
2419 2810 2510 2861 καὶ
2534 2803 3003 2880 συναναμεμίχθαι
3045 2810 3552 2880 ὲναποματτόμενον

1982 2901 2050 2956 τὰ
2099 2901 2449 2970 χαράγματα,
2496 2899 2528 2970 ἢ
2576 2901 2792 2962 πάντως
2822 2918 2884 2970 γε
2926 2900 3022 2972 τὴν
3065 2901 3553 2972 ἐγκεχαραγμένην

1983 2993 2041 3043 ἐν
2078 2991 2158 3060 τῷ
2197 2990 2467 3060 δακτυλίῳ
2512 2991 2728 3061 γραφὴν
2770 2990 3076 3044 διίστασθαι
3128 2991 3224 3045 ἀπ’
3263 2992 3426 3045 αὑτοῦ
3456 2993 3552 3045 καὶ

1987 3080 2326 3152 μερίζεσθαι.
2363 3081 2434 3133 Ἢ
2465 3081 2540 3142 ὡς
2565 3080 2630 3134 ἄν
2656 3098 2738 3144 τις
2766 3081 2826 3136 τὸ
2860 3080 2972 3150 πῦρ
2995 3082 3392 3152 εἰκονιζόμενον
3425 3083 3552 3136 θεά-

310 3161 562 3216 flauttuas
610 3179 712 3216 una
760 3178 884 3217 cum
938 3164 1248 3218 cbernbiuis
1303 3166 1509 3232 pictas,
1547 3181 1653 3234 qua
1707 3167 1879 3220 forma

1987 3189 2158 3235 σοιτο,
2192 3170 2334 3224 καθὰ
2379 3171 2639 3234 πολλάκις
2668 3172 2886 3242 ὁρῶμεν
2918 3173 3145 3242 τροχούς
3168 3189 3320 3236 τινας
3363 3172 3552 3246 πυρώτ-

314 3253 550 3320 theologi
588 3253 904 3322 angelorum
952 3254 1319 3322 apparitiones
1351 3257 1642 3323 viderunt;
1691 3257 1756 3319 is,
1796 3258 1883 3310 iu-

313 3357 500 3410 quam,
528 3342 746 3413 igneum
771 3357 986 3412 quoque
1006 3344 1239 3398 calorem
1269 3344 1340 3399 ibi
1369 3360 1594 3414 prorSus
1624 3362 1746 3400 cum
1774 3360 1883 3398 ma-

314 3434 451 3488 teria
511 3433 983 3503 circumscriptum
1054 3434 1431 3502 existimaret,
1483 3447 1578 3491 aut
1644 3437 1882 3505 separari

316 3528 495 3594 ignem
527 3541 558 3580 ι
581 3540 676 3580 sua
705 3527 924 3594 propria
953 3526 1411 3595 substantialique
1436 3528 1696 3596 qualitate
1724 3545 1884 3598 prop-

316 3628 400 3668 ter
429 3616 830 3685 ﬁgurationem.
866 3615 1020 3671 Sicut
1048 3631 1178 3686 ergo
1212 3618 1285 3671 ita
1329 3619 1542 3686 opinari
1577 3633 1641 3672 ac
1674 3619 1880 3683 dicere,

314 3707 540 3760 stultum
573 3714 658 3760 est
696 3715 857 3774 atque
896 3706 1252 3774 impossibile,
1288 3708 1360 3762 ita
1413 3708 1542 3761 illud
1578 3707 1798 3764 stultius
1833 3718 1885 3762 et

315 3797 728 3866 impossibilius.
771 3797 909 3850 Sunt
943 3797 1086 3850 enim
1122 3797 1202 3852 hae
1238 3797 1372 3852 fatui
1419 3801 1746 3869 attonitique
1798 3802 1882 3854 in-

315 3890 457 3956 genii
487 3889 947 3959 despumatioues.
986 3887 1122 3942 Nam
1161 3890 1204 3943 si
1239 3891 1493 3959 prmdicta
1533 3893 1670 3946 nihil
1707 3893 1759 3945 in
1788 3908 1882 3945 sua

318 3991 510 4036 natura
553 3982 864 4050 patiuntur,
909 3982 1179 4050 quomodo
1226 3984 1643 4051 supernaturale
1676 3996 1729 4038 et
1780 3987 1884 4036 im.

317 4074 572 4141 passibile
602 4073 833 4127 Verbum
897 4084 993 4128 aut
1017 4074 1497 4128 circumscribetur
1519 4090 1639 4128 cum
1669 4076 1882 4143 propria

316 4179 501 4229 carne,
529 4173 621 4219 aut
649 4165 694 4218 si
726 4167 838 4218 tunc
867 4165 1139 4233 pingatur,
1179 4166 1354 4231 ipsum
1394 4165 1460 4217 ab
1489 4180 1551 4217 ea
1585 4165 1882 4228 dividetur,

317 4266 405 4310 aut
433 4257 579 4310 aliud
612 4254 919 4324 huiusmodi
957 4253 1320 4322 perpetietur?
1355 4254 1786 4322 quandoquidem
1823 4272 1887 4310 ne

320 4350 372 4400 in
406 4347 754 4402 sanctissima
771 4345 986 4413 quidem
1012 4360 1176 4398 carne
1203 4360 1321 4406 sua,
1345 4345 1429 4398 cui
1457 4346 1889 4401 substantialiter

318 4438 533 4491 unitum
566 4445 672 4500 est,
711 4435 1185 4502 circumscriptum
1222 4433 1322 4488 fuit
1365 4434 1500 4506 (59).
1535 4435 1701 4504 Atqui
1745 4437 1887 4489 hunc

1985 3266 2116 3329 δεις,
2147 3264 2239 3316 καὶ
2285 3262 2487 3332 φλόγας
2518 3263 2688 3334 πυρὸς
2733 3264 3151 3334 ἀναπτομένας,
3186 3265 3280 3317 καὶ
3317 3265 3429 3326 τοῖς
3461 3279 3552 3333 χε-

1987 3354 2186 3424 ρουϐἰμ
2212 3353 2774 3424 συνδιαγραφομένας·
2799 3355 2919 3408 καθ’
2951 3355 3017 3418 ἃς
3040 3358 3088 3408 οἰ
3117 3355 3359 3423 θεολόγοι
3385 3357 3553 3423 ἀγγε-

1984 3444 2268 3513 λοφανείας
2309 3439 2468 3508 εἶδον,
2508 3444 2726 3506 πάντως
2758 3447 2852 3497 καὶ
2881 3447 2982 3516 τὴν
3023 3446 3290 3516 ὲμπὺριον
3337 3463 3553 3514 συμπε-

1989 3536 2352 3608 ριγεγράφθαι
2384 3539 2450 3607 τῇ
2479 3535 2580 3609 ὕλῃ
2603 3536 2743 3601 δόξει
2773 3536 3083 3607 θερμότητα
3110 3578 3123 3601 ,
3156 3537 3188 3606 ἦ
3219 3535 3554 3607 κεχωρίσθαι

1983 3627 2044 3680 τὸ
2077 3626 2187 3695 πῦρ
2215 3625 2315 3694 τῆς
2343 3626 2548 3688 οἰκείας
2577 3626 2671 3678 καὶ
2708 3625 2999 3688 οὐσιώδους
3029 3626 3314 3694 ποιότητος
3356 3627 3554 3677 εἰκονι-

1985 3716 2231 3785 ζόμενον.
2278 3716 2364 3778 Ὠς
2396 3710 2488 3767 οῦν
2519 3714 2694 3768 ταῦτα
2741 3718 2954 3786 φρονεῖν
2984 3715 3077 3769 καὶ
3115 3715 3291 3782 λέγειν
3327 3715 3554 3785 ἀνόητον

1986 3803 2078 3856 καὶ
2105 3801 2386 3865 ἀδύνατον,
2414 3801 2766 3872 ἀνοητότερον
2796 3803 2973 3854 ἐκεῖνο
2999 3803 3092 3855 καὶ
3121 3802 3552 3873 ἀδυνατώτερον·

1985 3894 2244 3949 ἀσυνέτου
2287 3893 2394 3963 γὰρ
2446 3894 2601 3946 ταυτὶ
2650 3894 2741 3947 καὶ
2792 3893 3152 3962 ἐξεστηκυίας
3182 3895 3377 3964 φρενὸς
3415 3895 3554 3947 ἀποε-

1986 3983 2294 4052 6ρά-σματα.
2323 3982 2384 4033 Εἰ
2412 3980 2519 4051 γὰρ
2542 3981 2692 4034 οὐδὲν
2717 3981 2785 4034 τὰ
2817 3983 3083 4052 εἰρημένα
3113 3983 3192 4044 εἰς
3217 3981 3314 4051 τὴν
3335 3981 3549 4035 ἑαυτῶν

1986 4073 2146 4141 φύσιν
2173 4071 2418 4137 πάθοιεν,
2447 4071 2565 4134 πῶς
2593 4072 2620 4124 ὅ
2648 4089 2713 4138 γε
2757 4073 3046 4142 ὑπερφυὴς
3076 4072 3171 4125 καὶ
3203 4073 3422 4140 ἀπαθὴς
3456 4073 3556 4126 Λό-

1985 4179 2100 4232 γος,
2127 4163 2161 4234 ἢ
2193 4163 2781 4233 συμπεριγραφήσεται
2809 4165 2874 4232 τῇ
2909 4162 3014 4232 ἰδίᾳ
3049 4165 3234 4230 σαρκὶ,
3277 4163 3308 4232 ἢ
3349 4179 3556 4231 γραφο-

1990 4256 2156 4324 μένης
2183 4255 2529 4324 διαστήσεται
2557 4293 2572 4318 ,
2604 4253 2636 4324 ἢ
2680 4254 2868 4323 ἕτερόν
2896 4271 2948 4306 τι
2981 4254 3221 4306 τοιοῦτον
3265 4247 3514 4307 πείσεται
3537 4294 3552 4319 ,

1987 4349 2144 4418 εἴπερ
2176 4346 2296 4399 οὐδὲ
2333 4347 2392 4398 ὲν
2420 4348 2484 4417 τῇ
2518 4347 2762 4417 πανσιγίιι⁵
2805 4347 2970 4400 αὐτοῦ
3004 4347 3169 4417 σαρκὶ
3197 4343 3252 4418 ᾗ,
3281 4347 3556 4410 οὑσιωδῶς

1987 4437 2229 4505 ἥνωται,
2275 4439 2760 4508 περιγέγραπται;
2823 4437 3023 4507 Ἐχρῆν
3076 4437 3132 4489 δὲ
3183 4437 3414 4490 συνιδεῖν
3464 4439 3555 4490 καὶ

320 4529 619 4598 sapientem
659 4527 800 4580 scire
833 4524 1118 4594 oportebat
1153 4533 1208 4578 et
1259 4524 1505 4592 credere,
1547 4525 1880 4581 Christiano-

1991 4529 2281 4582 πεπεῖσθαι
2312 4529 2402 4582 τὸν
2457 4529 2619 4598 σοφὸν
2653 4531 2764 4591 τοῖς
2791 4528 3134 4599 Χριστιανῶν
3178 4529 3442 4597 ἑπόμενον
3474 4529 3556 4581 δό-

321 4632 441 4668 rum
500 4614 841 4682 dogmatibus
887 4614 1310 4680 obsequentem,
1365 4614 1608 4668 divinum
1651 4613 1885 4669 Verbum

318 4721 444 4761 cum
478 4720 650 4774 genus
671 4715 916 4758 nostrum
949 4704 1218 4758 redimere
1257 4720 1352 4772 per
1397 4721 1553 4760 suum
1594 4707 1886 4761 salutarem

320 4797 612 4850 adventum
645 4795 837 4858 voluit,
871 4809 993 4848 cum
1019 4795 1300 4864 hypostasi
1331 4810 1424 4848 sua
1450 4811 1644 4851 arcane
1666 4806 1719 4850 et
1751 4797 1891 4851 inef-

321 4887 556 4940 t‘abiliter
587 4893 753 4940 totam
791 4887 884 4940 toti
919 4886 1021 4941 sibi
1055 4887 1196 4940 hanc
1220 4887 1685 4955 circumscriptam
1715 4887 1888 4941 liuea-

323 4981 535 5047 lemque
568 4988 810 5032 nostram
841 4992 907 5031 ac
943 4977 1226 5046 ﬁguratam
1260 4986 1506 5031 naturam
1538 4978 1887 5041 adunavisse.

327 5083 442 5135 quae
471 5069 636 5122 etiam
671 5075 792 5136 post
827 5068 1256 5138 assumptionetn
1291 5068 1706 5135 circumscripta
1744 5077 1798 5122 et
1827 5069 1887 5120 li-

326 5161 494 5215 nealis
529 5168 786 5230 perpetuo
816 5172 1190 5214 contservatur.
1220 5161 1357 5212 Nam
1389 5160 1488 5214 uisi
1525 5162 1626 5214 hoc
1655 5160 1892 5214 circum-

329 5253 584 5320 ecriptum
619 5265 818 5318 corpus
857 5260 1193 5321 assumptum
1227 5251 1438 5315 fuisset,
1471 5266 1573 5304 non
1606 5262 1750 5306 esset
1778 5250 1886 5305 sal-

329 5405 591 5471 adversns
659 5401 1062 5455 lconomachos.
1105 5398 1214 5454 Nos
1260 5416 1388 5456 vero
1439 5401 1703 5468 laetamur,
1750 5407 1890 5471 quod

329 5469 492 5537 ltujus
525 5484 742 5536 quoque
792 5471 1180 5539 sapientissimi
1221 5472 1399 5539 piique
1459 5476 1703 5528 auctoris
1755 5469 1888 5528 nova

327 5539 534 5606 aliquot
565 5541 767 5606 scripta
798 5539 848 5593 itt
881 5540 962 5593 bis
993 5541 1193 5594 nostris
1223 5541 1588 5596 voluminibus
1627 5543 1888 5612 prolaturi

328 5619 536 5668 sumus.

1991 4638 2220 4691 γμασιν,
2249 4621 2330 4674 ὅτι
2359 4637 2464 4691 περ
2509 4621 2536 4672 ὁ
2584 4620 2724 4681 θεῖος
2763 4619 2933 4685 Λόγος
2961 4616 3138 4670 σῶσαι
3170 4617 3228 4670 τὸ
3257 4616 3379 4668 καθ’
3410 4618 3556 4685 ἡμᾶς

1991 4714 2147 4780 γένος
2172 4713 2260 4766 δια
2289 4712 2389 4782 τῆς
2431 4713 2700 4782 σωτηρίου
2743 4710 2908 4763 αὑτοῦ
2945 4710 3269 4778 ἐπιφανείας
3300 4708 3560 4778 βουλόμεο

1995 4821 2101 4869 νος,
2133 4805 2190 4857 ὲν
2217 4807 2281 4874 τῇ
2314 4804 2510 4858 ἑαυτοῦ
2541 4804 2832 4857 ὑποστάσει
2859 4804 3117 4873 ἀρρήτως
3153 4802 3249 4854 καὶ
3283 4802 3425 4871 ὑπὲρ
3469 4802 3557 4854 λό-

1997 4907 2112 4958 γον,
2141 4891 2268 4960 ὃλην
2311 4892 2416 4960 ὅλῳ
2443 4891 2621 4960 ἐαυτῷ
2665 4892 2765 4958 τὴν
2820 4891 3203 4961 περιγραπτὴν
3247 4890 3310 4959 δὴ
3354 4890 3560 4961 ταύτην

1996 4981 2089 5033 καὶ
2117 4981 2367 5052 γραπτὴν
2397 4982 2552 5053 ήμῶν
2583 4981 2742 5051 φύσιν
2771 4983 2864 5035 καὶ
2903 4981 3307 5050 εἰκονιζομένην
3338 4995 3561 5051 προσει-

1994 5070 2181 5140 ληφῶς
2217 5073 2445 5142 ἥνωσεν,
2479 5073 2600 5142 ἥτις
2633 5075 2727 5124 καὶ
2756 5073 2893 5141 μετὰ
2942 5072 3038 5143 τὴν
3071 5071 3374 5142 πρόσληψιν
3405 5089 3563 5140 περι-

1996 5164 2312 5234 γραφομένη
2361 5165 2455 5216 καὶ
2497 5165 2818 5235 γραφομένη
2861 5166 2941 5226 εἰς
2982 5163 3068 5216 ἀεὶ
3111 5163 3460 5226 διασώζεται.
3501 5164 3560 5217 Εἰ

1992 5255 2099 5326 γὰρ
2133 5255 2194 5308 τὸ
2223 5255 2595 5327 περιγραπτὸν
2635 5255 2794 5309 τοῦτο
2829 5254 2984 5324 σῶμα
3015 5254 3076 5306 οὐ
3128 5253 3526 5325 προσείληπται
3547 5293 3561 5315 ,

2067 5408 2180 5478 (58)
2210 5408 2403 5462 Recole
2431 5409 2571 5462 dicta
2604 5426 2631 5462 a
2661 5411 2814 5466 nobis
2844 5425 2896 5476 p.
2935 5409 3026 5472 54,
3058 5408 3183 5462 adn.
3222 5409 3314 5464 55.

2071 5477 2181 5549 (59)
2209 5479 2410 5549 Confer
2440 5480 2725 5549 Eusebitnu
2751 5480 3138 5549 Caesariensem
3181 5480 3231 5532 in
3258 5493 3423 5548 opere
3457 5492 3558 5530 nu-

2002 5547 2094 5614 per
2124 5547 2334 5603 detecto
2365 5547 2439 5601 De
2469 5548 2800 5615 tlteopltmtia,
2827 5549 2920 5602 lib.
2955 5563 3038 5616 ιιι,
3079 5548 3167 5602 59.
