3928 6142
281 364 380 428 309

987 361 1613 426 ANTIRRHETICUS
1665 361 1692 419 Ι
1731 361 1898 421 ADV.
1938 356 2527 420 CUNSTANTINUM
2585 350 2835 416 COPR.’

3436 316 3545 406 310

280 479 396 530 οὐδὶ
423 477 719 531 σέσωσται.
766 469 842 528 Τὸ
877 475 986 546 γὰρ
1018 473 1428 545 ὰπρόσληπτον.
1453 474 1850 546 ἀθεράπευτον,

1967 480 2160 523 vatum.
2196 467 2476 536 Siquidem
2512 465 2655 535 quoi
2698 460 2891 529 nequit
2941 457 3192 520 assumi,
3226 454 3538 546 insanabile

282 564 441 633 φασιν
462 566 515 620 οἱ
546 566 809 634 θεολόγοι.
846 561 977 619 Εἶτα
1014 564 1268 635 ἐπιφέρει
1297 563 1542 617 τοιαῦτα.

352 774 466 837 μγ’.
504 787 525 819 ι
556 767 723 835 Λέγει
745 767 857 821 διό
897 768 1131 837 ποιήσας
1163 767 1263 838 τὴν
1293 767 1478 819 είκόνα
1504 766 1745 835 ἐκείνην,
1781 766 1861 820 ὅτι

283 858 448 911 είκὼν
496 858 596 911 τοῦ
649 858 889 929 Χριστοῦ
940 860 1076 917 ἐστι.
1128 858 1240 910 Καὶ
1298 857 1359 909 τὸ
1398 857 1652 924 Χριστός
1681 856 1860 924 ὄνομα

284 948 654 1017 γινώσκεται,
698 950 780 1003 ὃτι
830 950 894 1002 οὐ
936 949 1100 1019 μόνον
1148 947 1444 1018 ἄνθρωπον
1493 947 1676 1018 δηλοῖ,
1724 948 1865 1001 ἀλλὰ

284 1040 372 1094 καὶ
429 1040 588 1095 Θεόν.
652 1061 669 1092 ι
727 1040 874 1095 Ἔδει
926 1041 1091 1095 αὑτὸν
1137 1039 1242 1094 κᾶν
1277 1040 1409 1106 γοῦν
1452 1041 1579 1102 τοὺς
1624 1039 1864 1101 οἰκείους

282 1131 684 1201 δυσωπηθέντα
739 1132 962 1201 λόγους,
1034 1130 1425 1185 συναισθέσθαι
1474 1130 1576 1199 τῆς
1627 1131 1865 1193 ἀτοπίας

284 1222 387 1276 τῶν
416 1223 553 1295 παρ’
585 1223 756 1277 αὑτοῦ
787 1223 1207 1295 προαγομένων.
1249 1222 1392 1275 Ἀλλ’
1418 1221 1653 1292 ἔοικενὴ
1684 1221 1864 1290 πλάνη

286 1315 375 1368 καὶ
422 1316 485 1367 τὸ
514 1315 715 1383 ψεῦδος
759 1316 857 1369 καὶ
889 1314 1068 1384 ἑαυτῷ
1107 1315 1202 1367 καὶ
1239 1315 1306 1384 τῇ
1344 1312 1578 1383 ἀληθείᾳ
1608 1312 1866 1366 ἀνθίστα-

285 1403 426 1459 σθαι.
477 1406 545 1459 Εί
577 1407 679 1476 μὲν
710 1409 820 1477 γὰρ
850 1405 909 1458 ἓν
940 1401 1010 1477 ἦν
1041 1406 1103 1458 τὸ
1145 1406 1211 1457 ὲκ
1239 1403 1337 1457 τοῦ
1372 1403 1638 1474 ὀνόματος
1668 1403 1866 1474 δηλούς

286 1511 469 1563 μενον,
508 1496 611 1560 τὰς
651 1498 780 1567 περὶ
804 1496 866 1551 τδ
904 1496 963 1551 ἓν
1004 1494 1436 1567 ζυγομαχούσας
1463 1494 1572 1549 τῶν
1603 1494 1867 1549 ἐναντίων

284 1584 471 1652 δόξας,
526 1588 555 1640 ό
595 1587 883 1658 βραϐεύων
920 1588 983 1641 τὸ
1026 1586 1268 1656 ἀσφαλὲς
1312 1585 1483 1641 ἐπιὼν
1522 1585 1715 1655 λόγος,
1771 1586 1866 1640 καὶ

284 1678 519 1747 γνωμῶν
559 1679 905 1735 ταλαντεύων
960 1680 1023 1733 τὺ
1070 1680 1457 1752 ἀμφίρῤοπον,
1512 1679 1749 1734 δέδωκεν
1799 1680 1866 1735 ἂν

281 1768 378 1839 τὴν
422 1770 669 1824 νικῶσαν
698 1772 779 1841 τῷ
812 1772 1087 1844 κρείττονι
1113 1787 1126 1802 ⁶
1169 1771 1202 1843 ἢ
1250 1771 1436 1825 τέλεον
1481 1772 1864 1843 περιγραπτὸν

281 1859 607 1928 ἀποφαίνων
650 1861 713 1914 τὸ
763 1861 858 1927 ἒν,
905 1862 939 1933 ἢ
978 1861 1164 1922 τέλεον
1204 1860 1644 1933 ἀπερίγραπτον.
1710 1863 1863 1915 Ἐπεὶ

279 1950 331 2003 δὲ
363 1950 479 2004 τῶν
532 1952 628 2006 δύο
675 1953 893 2023 φύσεων
943 1954 1181 2024 ὑπάρχει
1222 1955 1667 2025 παραστατικὸν,
1718 1955 1862 2009 καθὰ

279 2042 371 2094 καὶ
408 2042 580 2106 αὐτὸς
624 2043 829 2112 ἔφησε,
872 2044 957 2108 τίς
1004 2045 1033 2098 ό
1068 2043 1332 2098 κωλύσων
1366 2044 1563 2113 λόγος,
1601 2044 1677 2117 μὴ
1727 2046 1861 2100 ἑκα-

278 2130 411 2201 τέρᾳ
428 2131 641 2184 τούτων
659 2132 729 2184 τὰ
756 2134 933 2187 οἰκεῖα
959 2134 1056 2187 καὶ
1084 2133 1440 2205 προσήκοντα
1466 2133 1858 2203 ἀποδίδοσθαι;

278 2217 414 2272 ὥστε
446 2220 547 2274 καὶ
574 2220 821 2290 ἡνῶσθαι
855 2221 1139 2294 ἀλλήλαις,
1172 2224 1271 2277 καὶ
1302 2224 1611 2296 μηδετέραν
1640 2225 1864 2296 ἐξεστη-

280 2309 429 2364 κέναι
465 2310 581 2365 τῶν
615 2311 891 2377 οὐσιωδῶς
938 2315 997 2369 ὲν
1041 2316 1236 2379 αὐταῖς
1284 2314 1712 2387 θεωρουμένων,
1766 2320 1862 2372 καὶ

277 2404 560 2474 ἀτρέπτως
592 2407 1027 2478 ἐνυπαρχουσῶν
1071 2408 1322 2478 φυσικῶν
1366 2408 1691 2480 ίδιοτήτων,
1735 2412 1860 2482 μηδ’

158 2506 168 2513 ·
279 2489 341 2547 αὖ
383 2494 714 2564 διαιρεῖσθαι
745 2495 825 2568 τῷ
855 2497 938 2558 είς
976 2496 1219 2569 ἀλλήλας
1248 2497 1579 2568 ἀσυγχύτως
1619 2514 1861 2570 περιχω-

281 2589 407 2655 ρεῖν.
454 2587 523 2641 Et
573 2588 685 2658 γὰρ
737 2589 867 2661 περὶ
916 2589 1118 2644 ταυτὸν
1160 2589 1360 2662 ἄμφω,
1412 2590 1529 2644 ἀλλ’
1564 2591 1664 2644 οὐκ
1693 2591 1861 2661 ἄμφω

276 2675 470 2743 ταῦτα,
500 2677 693 2749 ὥσπερ
729 2680 853 2735 οὐδὲ
880 2680 1030 2752 ψυχὴ
1064 2682 1159 2735 και¹
1200 2681 1380 2752 σῶμα.
1424 2682 1502 2736 Οὐ
1548 2683 1659 2754 γὰρ
1690 2682 1743 2734 εἴ
1776 2700 1861 2746 τις

274 2764 386 2839 δοίη
431 2767 527 2821 τὸν
569 2770 734 2825 αὑτὸν
774 2775 1074 2843 χρυσοχόον
1116 2768 1257 2828 εἶναι
1310 2774 1405 2829 καὶ
1438 2775 1683 2842 λιθοξόον
1706 2815 1722 2841 ,
1758 2776 1858 2847 ἥδη

275 2857 372 2928 τὴν
428 2862 800 2934 χρυσοχοϊκὴν
842 2866 925 2928 είς
970 2864 1069 2936 τὴν
1137 2865 1446 2937 λιθοξοῖκὴν
1504 2867 1858 2940 περιαγάγοι.

289 2950 447 3004 Ἀλλὰ
485 2952 581 3005 τὸν
641 2953 877 3024 ἀριθμὸν
931 2959 1033 3025 τῆς
1087 2956 1310 3022 δυάδος,
1368 2959 1451 3023 είς
1486 2959 1712 3029 μέθοδον
1760 2961 1862 3032 τῆς

277 3042 465 3096 ἑαυτοῦ
530 3042 871 3117 δυστροπίας
934 3049 1388 3121 προχειρίζεται,
1455 3051 1551 3104 καὶ
1620 3068 1862 3123 κακουρ-

278 3139 360 3203 γεῖ
402 3137 540 3207 περὶ
591 3138 695 3200 τὰς
741 3138 975 3206 φύσεις*
1023 3141 1115 3194 ἵνα
1154 3143 1253 3196 καὶ
1285 3142 1348 3196 τὸ
1387 3142 1484 3197 ἀπ’
1515 3143 1698 3198 αὐτῶν
1730 3162 1858 3198 συν-

278 3226 425 3281 τεθὲν
475 3227 812 3297 πρόσωπον,
872 3231 1059 3285 τέλεον
1118 3233 1590 3306 παραγράψηται,
1647 3237 1742 3289 καὶ
1791 3237 1860 3307 ἢν

280 3318 403 3389 περὶ
433 3322 577 3374 αὐτὸ
623 3322 784 3390 δόξαν
826 3322 987 3395 ἔσχεν
1034 3324 1335 3400 ἅποπλήσῃ
1386 3327 1607 3399 ῥᾳδίως.
1662 3328 1721 3382 '0
1764 3324 1859 3382 οὖν

282 3410 443 3465 ποιιῖιν
481 3412 585 3483 τὴν
628 3415 815 3468 εἰκόνα
845 3415 1102 3485 ἐκείνην,
1148 3418 1243 3470 καὶ
1284 3417 1458 3486 λέγων
1487 3421 1572 3472 ὅτι
1617 3419 1858 3491 Χριστοῦ

282 3499 452 3568 ἐστιν,
486 3498 604 3556 οἶδε
658 3506 757 3574 μὲν
796 3506 892 3559 καὶ
937 3507 1009 3560 τὰ
1057 3509 1168 3561 ἀπὸ
1218 3509 1317 3562 τοῦ
1356 3510 1625 3580 ὀνόματος
1659 3511 1858 3583 δηλού-

286 3603 447 3657 μενιν
490 3586 600 3646 οἶδε
631 3593 688 3647 δὲ
722 3595 819 3648 καὶ
861 3596 930 3650 τὰ
962 3596 1072 3653 ἀπὸ
1112 3598 1208 3652 τοῦ
1244 3601 1541 3670 προσώπου
1592 3604 1860 3673 γνωριζό-

287 3696 414 3749 μενα
440 3699 454 3712 ⁸
498 3684 602 3738 οὐκ
648 3688 838 3754 ἁγνοεί
875 3687 962 3750 δὲ.
995 3690 1077 3742 ὅτι
1111 3691 1205 3744 καὶ
1234 3692 1456 3745 ἐναντία
1501 3692 1750 3763 ἀλλήλοις
1790 3696 1861 3748 τὰ

286 3774 602 3830 συνελθόντα
627 3817 644 3841 ,
697 3772 773 3832 ὦν
828 3780 943 3850 μία.
979 3783 1014 3848 ἠ
1062 3783 1377 3853 ἐπιστήμη,
1430 3782 1576 3839 καθὰ
1615 3784 1856 3853 λέγεται.

284 3861 444 3927 Ειδὼς
474 3865 659 3919 τοίνυν
695 3867 777 3921 ὅτι
810 3869 873 3921 τὴ
918 3868 1020 3939 μὲν
1044 3869 1254 3924 τούτων
1286 3871 1517 3943 ἀόρατον
1548 3874 1643 3927 καὶ
1679 3874 1859 3944 πάντη

284 3953 518 4025 ἄληπτον
542 3996 559 4021 ,
607 3959 704 4011 καὶ
743 3959 836 4013 διὰ
865 3960 1028 4014 τοῦτο
1072 3962 1364 4032 ’ἄγραπτον
1413 3965 1510 4017 καὶ
1546 3965 1859 4036 ἀπερίγρα-

284 4061 446 4115 πτον,
493 4050 701 4105 εἵσεται
733 4052 828 4106 καὶ
861 4050 1092 4124 θάτερον
1129 4055 1213 4107 ὅτι
1256 4054 1454 4124 ὁρατὸν
1498 4056 1593 4109 καὶ
1621 4058 1861 4130 καταλη-

284 4139 439 4193 πτόν·
472 4140 618 4197 ὥστε
643 4145 742 4197 καὶ
772 4145 1151 4216 περιγραπτὸν
1184 4146 1245 4211 ἐξ
1289 4146 1537 4217 ἀνάγκης
1586 4149 1682 4201 καὶ
1717 4166 1859 4220 γρα-

285 4229 445 4295 πτὸν,
474 4231 569 4287 διὰ
597 4233 700 4303 τὴν
730 4234 840 4288 τῶν
873 4236 1136 4289 ἐναντίων
1169 4236 1466 4291 ἀντίθεσιν.
1514 4239 1590 4291 Οὐ
1634 4240 1771 4311 πρὸς
1799 4243 1860 4295 τὺ

283 4319 396 4375 ὅλον
422 4319 517 4378 οὗν
548 4324 609 4378 ἐν
642 4325 719 4389 ὡς
755 4327 883 4381 ὅλον
907 4329 1275 4394 ἀποϐλέπων,
1308 4330 1370 4383 τὸ
1407 4330 1467 4396 ἐξ
1496 4333 1701 4403 ἀμφοῖν
1746 4336 1858 4388 τοῖν

226 4440 231 4449 ·
289 4418 463 4486 μεροῖν
488 4418 859 4488 συγκείμενον
878 4437 891 4451 ·
928 4421 962 4491 ἢ
995 4421 1105 4492 γὰρ
1140 4422 1207 4475 ἂν
1236 4421 1368 4485 ἴσως
1397 4423 1492 4490 καί
1530 4440 1654 4478 τινα
1683 4425 1857 4496 ἀφορ-

290 4510 387 4575 μὴν
413 4503 560 4579 εἶχεν
581 4512 611 4563 ὁ
637 4509 830 4578 λόγος,
861 4511 999 4566 ἀλλὰ
1023 4512 1083 4566 τὸ
1105 4510 1386 4585 ὁρώμενον
1416 4513 1581 4583 μόνον
1612 4516 1857 4571 ἀναθεωφ

290 4599 423 4667 ρῶν,
452 4600 628 4674 ταύτῃ
672 4606 840 4657 ποιεῖ.
904 4604 1223 4660 Ἐπίσταται
1255 4606 1314 4660 δὲ
1352 4607 1437 4660 ὄτι
1475 4610 1540 4661 ὲκ
1571 4609 1668 4663 τοῦ
1717 4612 1854 4682 γρά-

289 4704 421 4757 φειν,
449 4691 575 4746 οὗτε
600 4695 1200 4767 συμπεριγραφήσεται
1228 4696 1325 4753 καὶ
1347 4697 1577 4769 θάτερον
1599 4698 1660 4764 ἐξ
1685 4702 1857 4770 ἀνάγ-

287 4797 416 4850 κης,
455 4783 580 4839 οὔτε
629 4783 697 4840 αὖ
732 4787 795 4839 τὸ
828 4787 886 4841 ἓν
911 4787 1034 4842 ὅλον
1071 4788 1490 4859 μερισθήσεται.
1527 4793 1715 4856 Οὐδεὶς
1748 4794 1857 4865 γὰρ

286 4868 704 4948 λόγοςόδρᾶσαι
750 4876 914 4931 τοῦτο
957 4878 1278 4949 δυνάμενος.
1334 4879 1420 4945 Ὠς
1461 4883 1571 4953 γὰρ
1604 4883 1665 4936 οὐ
1706 4884 1858 4955 παρὰ

289 4962 345 5014 τό
366 4965 558 5019 ειδέναι
584 4968 680 5021 τὸν
705 4969 1013 5039 γράφοντα,
1041 4970 1113 5024 τὰ
1133 4970 1445 5042 δηλούμενα
1477 4974 1853 5045 διαστήσεται,

289 5052 449 5122 οὕτως
468 5059 591 5113 οὐδὲ
624 5061 778 5131 παρὰ
806 5062 870 5115 τὸ
900 5062 1137 5134 γράφειν
1161 5063 1225 5117 τὸ
1259 5064 1468 5132 ἕτερον,
1501 5065 1601 5119 κα).
1629 5066 1856 5138 θάτερον

291 5152 738 5224 συγγεγράψεται.
792 5154 931 5225 Ἤδη
971 5154 1132 5208 τοῦτο
1187 5156 1410 5210 καὶέπὶ
1438 5156 1534 5209 τοῦ
1583 5159 1724 5212 κατὰ
1766 5160 1854 5211 τὸν

290 5234 562 5311 ἄνθρωπον
590 5242 1041 5316 παραδείγματος
1081 5246 1305 5318 εῐρηται
1330 5265 1343 5279 ·
1374 5246 1436 5299 τὸ
1472 5247 1687 5303 τοιοῦτο
1716 5251 1762 5304 δ’
1788 5250 1854 5305 ἂν

291 5329 381 5382 καὶ
415 5332 472 5385 ἐν
501 5332 685 5398 ἀλλοις
737 5335 938 5407 ῥαδίως
967 5336 1117 5409 εὖροι
1154 5355 1241 5402 τις
1273 5340 1363 5393 ἄν.
1395 5340 1459 5395 Et
1494 5341 1605 5412 γάρ
1627 5359 1712 5406 τις
1743 5339 1853 5397 οἶδε

292 5419 598 5492 πράγματός
642 5441 789 5485 τινος
819 5427 1053 5498 διάφορα
1094 5432 1164 5486 τὰ
1210 5431 1537 5503 δηλούμενα,
1583 5433 1757 5488 ἕλοιτο
1794 5435 1852 5489 δὲ

359 5623 459 5700 (θθ)
491 5625 565 5680 De
591 5627 870 5700 vocabulis
926 5633 1255 5700 περιχωρεῖν
1298 5640 1355 5685 et
1384 5628 1759 5700 mptxtbpqat;
1796 5631 1848 5685 in

297 5706 385 5770 usu
418 5694 1023 5770 loquendilheologico'.
1057 5694 1242 5770 diuae
1266 5694 1547 5770 sapienter
1589 5694 1849 5755 Petavius

298 5760 512 5832 disserit,
546 5765 623 5823 De
648 5764 843 5822 Trinit.
877 5760 968 5823 lib.
1002 5784 1077 5835 tv,
1112 5768 1196 5833 16,
1234 5760 1393 5840 quem
1431 5772 1475 5824 si
1512 5770 1686 5826 Graeci
1715 5772 1848 5826 lexi-

1962 572 2046 617 est
2070 602 2084 626 ,
2117 570 2176 614 ιιι
2209 560 2364 612 aiunt
2412 557 2668 626 theologi.
2711 553 2918 609 Deinde
2949 549 3228 605 lanienas
3261 549 3376 601 ha-c
3417 545 3547 600 subv

1958 650 2099 720 jicit.

2037 764 2146 835 58
2184 764 2273 818 45.
2316 782 2333 813 ι
2366 761 2470 826 Qui
2527 759 2654 813 fecit
2687 758 2897 829 iconem
2934 755 3109 815 illam.
3146 752 3280 807 dicit
3328 750 3545 804 iconcm

1965 871 2086 910 csse
2131 852 2358 909 Christi.
2402 851 2564 920 Atqui
2598 863 2794 903 nomen
2825 847 3033 903 Christi
3067 847 3274 901 scimus
3301 856 3407 897 non
3448 843 3549 894 hu-

1968 946 2168 1001 minem
2196 953 2408 1000 tantum
2440 945 2717 1004 denatare,
2751 940 2845 995 sed
2884 939 3052 994 etiam
3084 936 3279 992 Deum.
3320 954 3337 987 ι
3373 933 3547 1002 Opor-

1970 1046 2148 1092 tnerat
2186 1036 2348 1100 hunc,
2380 1034 2424 1089 si
2456 1048 2678 1090 suorum
2703 1042 2857 1087 certe
2882 1045 3193 1086 sermonum
3238 1035 3546 1096 respectum

1968 1129 2202 1197 aliquem
2226 1127 2527 1190 habuisset,
2550 1124 2982 1179 animadvertere
2999 1123 3216 1177 illorum
3243 1134 3364 1187 qua:
3385 1127 3543 1171 antea

1967 1221 2182 1275 dixerat
2216 1220 2632 1275 absurditatem.
2688 1216 2796 1272 Sed
2843 1230 2969 1269 mos
3003 1222 3088 1268 est
3139 1211 3344 1266 erroris
3381 1216 3548 1277 atque

1968 1311 2267 1376 mendacii,
2319 1321 2379 1365 ιιι
2420 1311 2522 1365 sibi
2568 1294 2775 1379 pariter
2814 1322 2877 1361 ac
2919 1304 3135 1360 veritati
3185 1300 3546 1358 contradicat.

1966 1398 2101 1453 Nam
2134 1402 2177 1453 si
2214 1416 2377 1454 unum
2422 1401 2472 1454 id
2506 1407 2651 1455 esset
2680 1397 2823 1467 quod
2858 1411 2926 1450 ex
2977 1396 3197 1449 nomine
3229 1393 3539 1452 denotatur.

1966 1502 2317 1548 contumaces
2350 1493 2565 1561 quidem
2603 1493 3039 1548 adversariorum
3075 1491 3144 1545 de
3180 1503 3289 1542 uno
3323 1486 3545 1556 opinio-

1968 1598 2087 1647 nes,
2139 1583 2384 1639 veritatis
2428 1593 2670 1638 assertor
2707 1598 2890 1639 sermo
2936 1591 3121 1637 noster
3169 1581 3441 1642 lustrans,
3494 1585 3551 1630 et

1966 1673 2358 1729 sententiarum
2413 1675 2819 1748 ambiguitatem
2855 1674 3096 1738 librans,
3130 1672 3413 1727 victoriam
3451 1685 3551 1740 po-

1872 1785 1935 1837 -ε,
1971 1764 2094 1820 tlori
2124 1766 2473 1832 decerneret;
2500 1781 2696 1837 nempe
2722 1766 2805 1820 vel
2825 1765 3048 1821 omnino
3071 1762 3544 1830 circumscriptum

1966 1873 2130 1911 unum
2173 1857 2418 1924 diceret,
2452 1858 2536 1913 vel
2567 1859 2698 1913 item
2730 1859 2954 1913 omnino
2988 1854 3545 1923 ineircumscriptum.

1969 1949 2076 2004 Sed
2109 1950 2233 2019 quia
2263 1950 2510 2005 Christus
2553 1950 2686 2005 duas
2725 1964 2836 2020 prae
2869 1964 2928 2004 se
2962 1948 3068 2003 fert
3095 1955 3357 2010 naturas,
3408 1945 3552 1999 sicut

1964 2043 2127 2097 etiam
2159 2042 2437 2098 Mantonas
2464 2042 2561 2110 ait,
2591 2044 2713 2113 quis
2742 2042 2992 2114 prohibet
3023 2039 3318 2111 quominus
3353 2039 3545 2092 harum

1964 2138 2181 2205 utrique
2210 2136 2429 2205 propria
2462 2144 2517 2192 et
2549 2136 2927 2192 convenientia
2961 2135 3220 2189 attributa
3257 2132 3551 2201 assignen-

1964 2223 2092 2279 tur?
2125 2233 2183 2278 ut
2229 2233 2284 2279 et
2332 2235 2520 2281 mutuo
2552 2225 2805 2279 adunatae
2834 2225 2974 2290 sint,
3019 2232 3075 2279 et
3119 2232 3299 2277 tamen
3357 2228 3549 2275 neutra

1965 2314 2280 2370 discesserit
2319 2332 2349 2369 a
2384 2316 2837 2371 substantialihus
2885 2316 2999 2370 suis
3030 2312 3445 2383 praerogativis;
3490 2319 3548 2362 ut

1964 2404 2457 2463 inconvertibiliter
2471 2406 2816 2462 annitentibus
2834 2405 3073 2476 physicis
3092 2402 3541 2472 proprietatibus.

1963 2510 2071 2550 non
2107 2504 2288 2551 tamen
2325 2504 2533 2551 natura:
2564 2502 2908 2565 separentur,
2944 2496 3197 2565 quoniam
3242 2494 3544 2549 inconfusat

1964 2587 2196 2643 invicem
2249 2589 2702 2645 circumiasident
2748 2589 2887 2659 (60).
2931 2589 3256 2658 Quanquam
3305 2586 3450 2641 enim
3496 2586 3548 2639 in

1963 2695 2072 2735 uno
2093 2679 2314 2736 Christo
2343 2682 2461 2736 dum
2492 2698 2578 2738 res
2600 2692 2749 2750 sunt,
2784 2683 2925 2737 haud
2952 2682 3080 2736 hinc
3108 2689 3289 2736 tamen
3325 2678 3553 2749 subjecti

1965 2770 2197 2825 dualitas
2235 2772 2424 2836 conﬁt,
2460 2774 2603 2829 sicut
2643 2790 2712 2829 ne
2753 2773 2952 2827 anima:
2979 2771 3200 2842 quidem
3238 2779 3293 2825 et
3335 2772 3550 2838 corpori

1969 2859 2238 2913 usuvenit.
2275 2858 2460 2929 Neque
2490 2860 2534 2915 si
2570 2862 2691 2930 quis
2732 2869 2941 2916 annuat
2983 2861 3237 2916 eunnlem
3275 2860 3553 2914 hominem
3636 2884 3637 2887 η

1962 2949 2125 3004 simul
2154 2964 2279 3006 esse
2305 2951 2587 3007 auriﬁcem
2618 2961 2674 3008 et
2708 2954 3032 3007 statuarium
3056 2993 3071 3017 ,
3109 2951 3317 3007 idcirco
3350 2965 3418 3005 ex
3448 2964 3549 3005 au-

1963 3044 2109 3098 raria
2140 3052 2195 3097 et
2216 3044 2486 3099 statuaria
2512 3059 2674 3099 unam
2706 3055 2879 3101 artem
2908 3044 3124 3100 emciet.
3156 3044 3436 3100 Mamunas
3469 3054 3550 3096 ta-

1967 3152 2091 3191 men
2127 3136 2405 3193 dualitatis
2440 3154 2725 3192 numerum
2775 3152 2872 3192 ceu
2926 3136 3165 3191 malitiae
3195 3151 3308 3191 suae
3349 3136 3552 3190 instru-

1969 3239 2211 3284 mentum
2235 3229 2494 3299 objectat,
2520 3230 2646 3283 etin
2677 3228 2884 3284 naturis
2917 3244 3203 3298 perperam
3236 3226 3542 3291 cavillatur,

1969 3328 2028 3375 ut
2078 3321 2439 3389 compositam
2483 3338 2700 3391 quoque
2751 3337 2820 3375 et
2873 3320 2959 3374 his
3010 3334 3300 3390 personam
3336 3319 3551 3373 demum

1968 3411 2245 3478 destruat,
2282 3428 2548 3483 suamque
2594 3414 2660 3469 de
2694 3415 2798 3468 hac
2850 3429 2907 3467 re
2955 3413 3283 3469 sententiam
3340 3410 3554 3465 facilius

1968 3514 2334 3560 consummet.
2360 3506 2503 3575 Ergo
2526 3508 2617 3574 qui
2651 3506 2798 3560 illam
2830 3505 2965 3560 facit
2990 3506 3302 3575 imaginem,
3325 3503 3555 3558 Christi-

1969 3612 2073 3666 que
2100 3612 2221 3653 esse
2252 3600 2409 3667 dicit,
2449 3583 2619 3668 probe
2640 3602 2741 3654 scit
2764 3615 2827 3654 ea
2861 3599 3025 3653 etiam
3050 3613 3172 3668 quae
3196 3597 3303 3652 huc
3331 3596 3551 3650 nomine

1969 3692 2370 3762 signiﬁcantur,
2408 3710 2642 3764 quaeque
2672 3697 2799 3749 item
2832 3711 2861 3748 a
2898 3708 3128 3764 persona
3171 3694 3503 3748 denotamur
3535 3710 3547 3745 :

1968 3797 2147 3853 neque
2189 3783 2314 3838 item
2343 3786 2518 3838 nescit
2569 3786 2682 3839 luce
2717 3784 2948 3838 invicem
2983 3797 3103 3838 esse
3146 3783 3397 3853 opposita
3428 3797 3547 3851 qua:

1968 3875 2367 3937 coadunantur,
2416 3890 2648 3945 quorum
2678 3884 2761 3930 est
2792 3891 2899 3929 una
2928 3874 3020 3945 (id
3053 3883 3138 3928 est
3189 3874 3553 3940 simultanea)

1970 3964 2241 4032 cognitio,
2294 3974 2351 4017 ut
2384 3964 2679 4034 loquimur.
2724 3963 2916 4019 Sciens
2952 3964 3121 4034 igitur
3157 3964 3353 4017 horum
3386 3977 3551 4017 unum

1969 4069 2088 4111 esse
2121 4055 2395 4110 invisibile
2427 4066 2483 4110 et
2517 4054 3094 4123 incomprehensibile,
3132 4055 3360 4123 ideoque
3396 4055 3549 4108 inde-
3628 4080 3648 4096 -

1970 4147 2225 4202 lineahile
2276 4156 2334 4200 et
2381 4147 2948 4216 incircumscriptum,
3005 4154 3301 4217 cognoscet
3348 4146 3554 4214 pariter

1967 4239 2127 4294 etiam
2160 4237 2424 4303 alterum,
2473 4254 2666 4307 nempe
2697 4240 2838 4308 quod
2872 4240 2944 4293 sit
2974 4237 3186 4292 visibile
3215 4248 3270 4291 et
3304 4251 3551 4305 compre-

1968 4329 2269 4399 hensibile;
2321 4331 2394 4385 ita
2436 4340 2494 4385 ut
2538 4330 2847 4387 necessario
2878 4341 2935 4385 et
2967 4329 3442 4399 circumscriptum
3475 4329 3546 4383 sit

1966 4433 2022 4478 et
2077 4423 2424 4492 delineabile,
2479 4433 2701 4494 propter
2750 4424 3154 4480 contrariorum
3203 4423 3545 4479 antithesim.

1965 4513 2084 4570 Non
2115 4530 2244 4585 ergo
2277 4517 2344 4571 ad
2379 4526 2551 4572 totum
2585 4533 2749 4571 unum
2770 4557 2785 4581 ,
2821 4528 3077 4588 tanquam
3126 4527 3298 4573 totum
3323 4557 3336 4579 .
3375 4518 3547 4587 respi-

1966 4608 2120 4664 ciens
2151 4611 2293 4679 quod
2319 4624 2384 4664 ex
2414 4608 2624 4664 duabus
2655 4610 2901 4679 partibus
2932 4611 3310 4680 componitur;
3343 4611 3543 4681 alioqui

1967 4700 2197 4755 fortasse
2231 4700 2339 4755 vim
2373 4700 2607 4771 aliquam
2638 4713 3021 4770 argumentum
3053 4701 3313 4771 haberet;
3340 4704 3437 4759 sed
3469 4704 3553 4756 vi-

1963 4793 2120 4847 sibile
2156 4801 2368 4848 tantum
2418 4803 2706 4863 spectans.
2757 4795 2832 4850 ita
2876 4810 2937 4851 se
2979 4796 3143 4867 gerit.
3197 4792 3317 4850 Scit
3364 4804 3544 4850 autem

1962 4885 2105 4953 quod
2140 4886 2367 4955 pictura:
2396 4900 2582 4952 causa,
2614 4889 2755 4942 haud
2786 4890 3098 4945 necessario
3123 4888 3354 4944 alterum
3386 4888 3544 4942 simul

1963 4976 2465 5043 circumscribetur.
2508 4994 2683 5048 neque
2723 4979 2853 5036 item
2884 4997 3049 5036 unum
3089 4989 3263 5035 totum
3292 4978 3425 5034 illud
3463 4979 3545 5033 di-

1964 5066 2198 5121 videtur.
2238 5066 2559 5124 Nullatenus
2587 5069 2731 5124 enim
2758 5070 2809 5125 id
2834 5068 2954 5125 ﬁeri
2984 5079 3184 5139 pateat.
3215 5068 3353 5123 Nam
3377 5067 3539 5127 sicut.

1964 5158 2089 5227 quia
2125 5169 2176 5211 tu
2206 5161 2517 5230 pingentem
2552 5162 2769 5230 videas,
2801 5162 2948 5216 haud
2983 5172 3274 5231 propterea
3306 5174 3394 5214 res
3432 5160 3543 5212 visa

1963 5249 2016 5303 in
2051 5258 2233 5319 partes
2263 5252 2396 5318 ibit;
2429 5251 2505 5306 ita
2535 5267 2603 5307 ne
2635 5252 2709 5308 ob
2738 5252 3069 5308 delineatum
3099 5250 3320 5321 quidem
3351 5265 3535 5311 unum.

1962 5340 2190 5397 alterum
2221 5343 2385 5398 simul
2414 5344 2915 5400 circumscribetur.
2947 5342 3179 5414 Jamque
3209 5342 3312 5397 hoc
3339 5342 3408 5395 ab
3440 5344 3535 5395 hoc

1960 5435 2125 5490 minis
2149 5436 2311 5491 ctiam
2347 5439 2593 5506 exemplo
2619 5436 3113 5491 demonstravimus
3178 5444 3232 5493 et
3259 5435 3381 5489 aliis
3402 5449 3536 5505 quo-

1962 5634 2216 5703 COgraphi
2274 5635 2698 5700 consuluissent,
2753 5633 2976 5690 meliora
3040 5644 3093 5689 et
3139 5632 3535 5690 ahnttdantiora

1959 5705 2169 5759 tradere
2204 5715 2477 5772 putet-ant.
