3928 6142
383 287 482 350 3ιί

1409 295 1465 353 S.
1505 295 1920 356 NICEPHORI
1960 294 2465 354 PATBIABCILE
2505 287 2612 354 CP‘.

3516 285 3613 351 3ιὲ

379 410 486 464 que
524 399 574 448 in
609 395 766 448 rebus
799 395 941 449 idem
972 395 1128 451 facile
1154 399 1532 466 compcrietur.
1563 398 1696 452 Nam
1745 399 1789 451 si
1831 399 1951 466 quis

2067 400 2260 452 τούτων
2288 399 2349 450 τὸ
2379 399 2561 468 ἕτερον
2587 439 2600 462 ,
2635 395 2743 466 ἆρα
2779 397 2872 449 καὶ
2906 396 2980 465 τῷ
3008 395 3178 462 λοιπῷ
3223 395 3616 463 συγχρήσοιτο;

380 487 591 540 duabus
620 484 996 539 differentibus
1030 489 1345 541 monstratis
1372 488 1554 552 rebus,
1597 487 1820 540 alteram
1856 487 1954 539 ha-

382 592 500 629 rum
535 577 735 644 eligat,
770 593 897 629 num
943 586 997 630 et
1037 577 1205 630 altera
1246 579 1405 631 simul
1455 579 1669 632 utetur?
1711 579 1952 647 Exempli

382 682 546 720 causa
593 685 606 720 :
646 667 821 736 ignem
856 667 1061 721 scimus
1093 667 1358 736 duplicem
1404 667 1604 721 habere
1641 683 1706 722 es
1737 683 1793 722 se
1829 683 1956 736 pro-

383 764 634 812 deuntem
665 759 770 812 vim
791 797 806 823 ,
833 759 1059 812 alteram
1085 758 1457 820 illuminandi,
1485 761 1674 811 urendi
1706 759 1951 811 alteram.

386 849 442 901 Si
476 851 599 918 quis
641 866 770 919 ergo
802 849 921 905 luce
950 864 1017 903 ex
1068 852 1189 919 igne
1220 851 1491 919 indigeat,
1541 867 1668 903 nunt
1701 851 1840 904 idetn
1875 852 1957 903 vel

387 943 586 996 invitus
612 951 831 1009 (-ogetttr
865 943 1300 996 combustionem
1333 958 1546 1011 qttoqne
1587 942 1822 995 indidem
1864 955 1957 994 ex-

384 1033 582 1100 periri?
616 1032 708 1086 Vel
744 1033 788 1087 si
840 1035 966 1103 quis
1001 1034 1068 1087 ad
1111 1035 1353 1088 sordium
1401 1035 1776 1103 purgationem
1819 1046 1955 1099 aqua

386 1123 559 1178 calida
593 1134 800 1188 utatur,
845 1142 974 1178 num
1007 1126 1132 1179 inde
1162 1127 1325 1180 etiam
1361 1124 1792 1192 refrigerabitur,
1825 1138 1958 1190 quo-

388 1215 530 1266 niam
569 1230 706 1283 aqna
755 1215 917 1270 simul
968 1217 1133 1270 habet
1180 1216 1446 1284 purgandi
1494 1231 1556 1268 ac
1599 1215 1956 1283 refrigerandi

388 1304 736 1359 facultatem?
776 1306 942 1360 Nemo
975 1318 1120 1361 certe
1152 1323 1317 1362 sanus
1355 1307 1438 1361 bis
1476 1307 1830 1360 assentietur.
1867 1304 1960 1358 Sic

388 1395 570 1461 itaque
601 1394 881 1449 Mainonas
912 1397 1078 1450 veluti
1112 1413 1274 1450 unum
1324 1398 1492 1465 quid,
1529 1407 1698 1451 totum
1747 1396 1870 1458 hoc,
1907 1393 1958 1446 id

294 1559 300 1566 .
389 1494 472 1536 est
501 1484 780 1540 Christum
805 1529 820 1554 ,
851 1489 1223 1557 contemplans
1245 1528 1259 1553 ,
1291 1489 1448 1542 vellet
1486 1488 1574 1542 illa
1607 1489 1771 1541 etiam
1819 1487 1959 1539 unde

390 1574 531 1627 idem
577 1587 826 1641 constat,
879 1588 1131 1646 tanquam
1185 1581 1250 1632 ini
1283 1580 1448 1634 totius
1485 1579 1755 1632 mentione
1798 1577 1959 1631 simul

389 1664 648 1735 adnnare,
676 1669 914 1738 nihilque
937 1670 1129 1724 horum
1159 1686 1251 1739 per
1281 1686 1340 1724 se
1366 1672 1538 1739 ipsum
1572 1679 1820 1738 spectare
1846 1685 1858 1720 :
1886 1668 1957 1720 ita

2058 489 2181 542 Οἷον
2220 490 2272 541 τί
2300 489 2441 555 λέγω
2461 507 2473 520 ·
2507 490 2664 558 ίσμεν
2695 488 2768 551 ὡς
2801 487 2863 539 τὺ
2894 488 3003 553 πῦρ
3034 486 3217 554 διττὴν
3255 486 3370 554 ἔχει
3405 486 3503 555 τήν
3528 487 3618 538 ἀπ’

2056 581 2223 634 αὑτοῦ
2256 581 2556 650 προϊοῦσαν
2605 579 2890 649 ἐνέργειαν
2914 620 2927 640 ,
2967 577 3064 648 τήν
3105 577 3201 645 μὲν
3254 576 3618 649 ιεωτιστικὴν,

2055 673 2155 742 τὴν
2185 673 2240 725 δέ
2279 673 2596 740 καυστικήν.
2635 672 2806 738 ῐῗίπερ
2834 666 2927 722 οὖν
2965 688 3048 732 τις
3087 669 3180 720 τοῦ
3215 666 3494 736 φωτισμοῦ
3532 669 3620 718 τοῦ

2057 761 2166 814 ἀπὸ
2207 761 2299 812 τοῦ
2335 762 2506 832 πυρὸς
2554 761 2905 830 προσδέοιτο,
2962 759 3316 829 βιασθήσεται
3358 761 3494 827 ἄρα,
3534 760 3623 809 καὶ

2057 853 2154 921 οὐχ
2205 851 2346 904 ἑκὼν
2369 892 2384 912 ,
2438 852 2531 904 καὶ
2568 851 2667 920 τῆς
2716 851 2926 903 ἐκεῖθεν
2961 849 3285 918 φλογὼσεως
3327 850 3406 910 εἰς
3436 850 3623 918 πεῖραν

2062 945 2217 997 ἰέναι.
2275 944 2344 996 ’Ἡ
2406 944 2499 994 ἐάν
2557 961 2638 1005 τις
2696 943 2830 1011 πρὸς
2889 941 3155 1010 κάθαρσιν
3205 943 3414 1012 ῥύπου,
3472 941 3620 992 ὕδατι

2059 1036 2246 1105 θερμῷ
2283 1037 2682 1104 προσχρήσοιτο
2706 1074 2720 1098 ,
2758 1035 2852 1086 καὶ
2880 1033 3212 1102 ψυχθὴσεται
3263 1034 3481 1094 πάντως
3533 1033 3622 1083 ἀπ’

2059 1127 2255 1190 αὐτοῦ,
2297 1127 2431 1180 διότι
2480 1127 2749 1196 ρυπτικὴν
2795 1123 2889 1176 καὶ
2925 1123 3196 1192 ψυκτικὴν
3230 1124 3494 1191 κέκτηται
3529 1121 3624 1190 τὴν

2061 1220 2362 1289 ἐνέργειαν.
2409 1216 2548 1269 Ἀλλ’
2583 1215 2756 1278 οὐδεὶς
2789 1216 2855 1268 ἂν
2893 1215 3002 1268 τῶν
3035 1214 3155 1266 νοῦν
3187 1214 3417 1283 ἐχόντων
3455 1211 3627 1264 ταῦτα

2063 1311 2417 1380 συμφήσειεν.
2459 1311 2608 1362 Ἐπεὶ
2632 1305 2722 1362 οῦν
2753 1308 2884 1377 προς
2915 1308 2971 1358 ἓν
3001 1307 3204 1367 ἐκεῖνος
3233 1306 3291 1356 τὸ
3327 1305 3448 1356 ὅλον
3474 1306 3627 1356 τοῦτο

2059 1401 2150 1453 τὸν
2202 1400 2436 1470 Χριστὸν
2494 1399 2842 1462 διασκοπῶν,
2898 1396 3148 1449 ἐϐούλετο
3205 1395 3296 1447 καὶ
3347 1394 3416 1446 τὰ
3447 1391 3506 1458 ἐξ
3556 1388 3629 1446 ὧν

2060 1490 2250 1555 αὐτὸς,
2297 1490 2374 1553 ὡς
2413 1491 2472 1541 ἐν
2523 1492 2588 1560 τῇ
2639 1488 2732 1541 τοῦ
2764 1489 2885 1541 ὅλου
2939 1488 3161 1556 μνήμῃ,
3207 1485 3624 1552 συνεισάγεσθαι

2061 1583 2196 1651 ὁμοῦ
2215 1622 2230 1646 ,
2264 1581 2358 1634 καὶ¹
2395 1581 2559 1652 μηδὲν
2586 1579 2790 1632 τούτων
2819 1579 2940 1632 καθ’
2969 1578 3132 1630 ἑαυτὸ
3165 1575 3523 1646 θεωρεῖσθαι·
3556 1575 3627 1634 ὡς

2061 1673 2130 1726 τὰ
2155 1673 2328 1743 ἑτέρῳ
2358 1672 2742 1742 συμϐαίνοντα,
2779 1670 2992 1731 πάντως
3015 1669 3110 1721 καὶ
3139 1667 3354 1736 θατέρῳ
3386 1665 3444 1730 ἐξ
3471 1665 3630 1732 ἀνάτ-

391 1768 446 1811 ut
481 1774 600 1827 quae
631 1761 719 1814 nni
745 1761 1020 1827 accidunt,
1049 1776 1273 1831 prorsus
1305 1774 1356 1817 et
1379 1761 1468 1816 alii
1491 1761 1709 1815 evenire
1738 1771 1960 1814 necesse

2067 1781 2164 1832 κης
2198 1761 2458 1833 ὑπάρξαι.

389 1859 480 1902 sit.

461 1961 570 2032 59
592 1963 679 2016 44.
727 1964 839 2035 Age
872 1979 1000 2019 vero
1045 1967 1090 2020 si
1123 1966 1341 2034 quando
1380 1981 1408 2018 a
1456 1965 1618 2020 Paulo
1666 1964 1900 2018 audierit
1944 1983 1956 2017 :

391 2048 504 2104 Nos
537 2063 709 2107 autem
733 2055 1086 2123 prwdicamus
1112 2056 1380 2110 Christum
1404 2059 1715 2126 cruciﬁxum
1736 2060 1803 2126 5";
1832 2061 1960 2129 quid

389 2150 438 2202 ei
465 2159 590 2200 tunc
619 2147 786 2200 menti
819 2147 1094 2201 occurrit?
1123 2147 1386 2214 Quoniam
1413 2165 1698 2204 commune
1732 2161 1813 2204 est
1845 2169 1960 2204 am-

393 2240 564 2295 babus
597 2239 918 2293 coadunatis
963 2241 1178 2293 naturis
1223 2255 1416 2294 nomen
1453 2240 1680 2303 Christi,
1718 2259 1848 2297 sane
1879 2245 1963 2298 vel

390 2332 591 2385 invitus
619 2341 843 2384 coactus
874 2329 1038 2384 luerit
1063 2331 1364 2384 secundum
1389 2347 1516 2386 snas
1543 2333 1961 2401 propositiones,

391 2423 650 2492 quoniam
701 2421 846 2477 Deus
893 2438 1111 2491 quoque
1145 2424 1246 2476 hoc
1293 2425 1510 2478 nomine
1555 2425 1860 2490 denotatur,
1898 2442 1964 2480 ne

391 2514 534 2584 quod
566 2523 650 2567 est
687 2528 848 2566 unum
891 2513 1120 2576 dividat,
1155 2512 1328 2580 ipsmn
1368 2513 1598 2570 Verbum
1651 2515 1704 2569 in
1741 2517 1961 2586 propria

392 2621 518 2660 vere
542 2614 733 2658 natura
758 2604 1075 2658 cruciﬁxum
1102 2606 1304 2668 dicere,
1331 2605 1675 2676 diriuamqne
1705 2623 1961 2662 arcanam

391 2699 752 2752 substantiam
783 2714 905 2753 eum
949 2699 1182 2752 humana
1231 2715 1353 2755 esse
1401 2714 1764 2766 eompassam.
1810 2699 1874 2752 Et
1919 2702 1962 2755 si

392 2791 514 2858 quis
543 2790 589 2845 ei
621 2794 986 2846 venerandum
1025 2806 1240 2860 quoque
1272 2801 1327 2846 et
1360 2791 1626 2846 virilicutn
1656 2792 1961 2861 sepulcrum

393 2881 693 2934 ostenderit
730 2879 932 2949 (utjam
961 2879 1428 2934 circumcisiouem
1457 2890 1509 2932 et
1532 2881 1809 2948 passiones
1831 2879 1965 2932 alias

392 2972 766 3038 omittamus),
815 2970 1060 3040 profecto
1107 2970 1306 3023 dixerit
1352 2967 1618 3022 mortuum
1669 2984 1789 3023 esse
1827 2967 1961 3023 Ver-

393 3063 545 3124 bum,
583 3061 928 3130 divinamque
957 3071 1010 3115 et
1041 3061 1401 3114 immortalem
1436 3070 1680 3114 naturam
1709 3075 1831 3114 cum
1863 3061 1964 3114 ltu-

396 3169 552 3206 mana
587 3167 650 3205 ac
685 3152 897 3205 mortali
923 3152 1313 3219 ceasepnltam.
1346 3151 1468 3204 Haec
1495 3153 1635 3206 enim
1672 3155 1808 3220 apud
1841 3167 1961 3205 eum

397 3247 553 3307 tinnt,
588 3254 642 3296 ut
671 3244 961 3312 quominus
985 3244 1288 3297 dividantnr
1317 3257 1539 3306 naturam,
1572 3245 1616 3297 si
1643 3243 1770 3312 quid
1802 3243 1967 3298 alter-

397 3349 518 3389 utra
559 3337 814 3404 patiatur,
871 3336 922 3387 in
956 3335 1094 3388 idem
1123 3334 1325 3402 pariter
1360 3336 1760 3388 incommodum
1797 3335 1963 3388 etiam

395 3429 621 3482 alteram
647 3427 942 3496 pertraliat.
963 3425 1100 3492 Quid
1127 3442 1288 3494 porro
1305 3426 1352 3478 ei
1373 3428 1742 3479 demonstrant
1767 3424 1926 3478 verba
1950 3442 1962 3477 :

404 3517 568 3572 Nobis
607 3519 811 3588 quidem
844 3533 978 3570 unus
1011 3516 1148 3568 Deus
1175 3525 1222 3568 et
1255 3515 1433 3578 Pater,
1466 3531 1528 3568 ea:
1555 3531 1654 3582 quo
1688 3514 1884 3580 omnia,
1918 3524 1965 3567 et

398 3628 490 3663 uos
522 3611 574 3663 iu
609 3611 758 3677 ipso;
789 3619 837 3662 et
877 3609 1132 3662 Dominus
1168 3608 1325 3662 Jesus
1377 3608 1618 3662 Christus
1640 3648 1655 3672 ,
1685 3624 1777 3675 per
1817 3623 1965 3676 quem

398 3703 596 3766 munia,
627 3711 673 3756 et
706 3718 796 3754 uos
821 3717 912 3769 per
939 3701 1112 3768 ipsum
1143 3699 1226 3752 δτι
1257 3699 1416 3752 Certe
1446 3715 1475 3752 e
1512 3699 1788 3752 contrario
1817 3698 1966 3765 paria

399 3793 478 3846 illi
500 3791 787 3848 obvenicnt
809 3792 1062 3846 absurda.
1094 3790 1226 3844 Nam
1256 3791 1380 3858 quia
1407 3791 1459 3842 in
1491 3805 1653 3842 unum
1677 3788 1968 3842 conl'ernn-

397 3899 489 3939 tur
515 3884 718 3948 omnia,
748 3884 1021 3938 videbitur
1050 3883 1390 3938 coucreatrix
1422 3898 1542 3935 cum
1576 3879 1752 3934 Verbo
1785 3889 1964 3933 nostra

395 3989 612 4043 quoque
639 3985 829 4028 natura
863 3975 914 4028 in
953 3989 1128 4029 rerum
1162 3973 1400 4027 omnium
1429 3970 1803 4038 productione,
1835 3969 1967 4023 erit-

395 4083 500 4135 que
533 4067 693 4121 homo
725 4069 806 4121 sui
839 4067 1008 4132 ipsius
1041 4074 1278 4118 creator.
1315 4063 1556 4131 lten'iqne
1590 4062 1804 4115 dicente
1843 4061 1967 4113 divo

395 4159 556 4214 Petro
588 4177 600 4212 :
639 4161 711 4211 Tu
747 4175 799 4211 es
824 4157 1060 4211 Christus
1095 4157 1190 4210 Dei
1222 4155 1395 4208 Filius
1414 4158 1480 4218 ⁸⁵,
1511 4153 1803 4208 secundum
1823 4152 1969 4220 ejus-

396 4253 539 4307 modi
575 4252 1000 4321 propositionem
1023 4289 1036 4313 ,
1065 4265 1196 4304 caro
1221 4251 1384 4302 etiam
1416 4247 1800 4315 comperietnr,
1841 4259 1968 4313 pro-

397 4355 517 4414 pter
567 4344 686 4398 Filii
730 4342 1082 4405 relationem,
1127 4340 1361 4395 Deitatis
1408 4338 1729 4394 naturaliter
1765 4337 1968 4390 habere

2138 1972 2240 2044 μδ¹.
2274 1971 2337 2024 Εἴ
2363 1986 2492 2022 ποτε
2531 1965 2740 2021 Παύλου
2772 1965 3010 2036 ἀκήκοεν
3030 1979 3048 1992 ⁸
3083 1959 3280 2028 Ἡμεῖς
3308 1959 3375 2012 δὲ
3403 1957 3629 2025 κηρύσ-

2063 2083 2253 2136 σομεν
2286 2063 2544 2132 Χριστὸν
2577 2058 3068 2128 ἐσταυρωμένον,
3112 2055 3166 2108 τί
3204 2053 3352 2121 αὐτῷ
3385 2049 3630 2104 ἐντεῦθεν

2064 2161 2318 2229 ἀπήντα;
2368 2155 2586 2226 Ἐπειδὴ
2623 2154 2800 2206 κοινὸν
2840 2152 3042 2221 ἀμφοῖν
3071 2149 3178 2200 τῶν
3211 2141 3630 2214 συνδραμουσῶν

2065 2251 2279 2321 φύσεων
2319 2249 2491 2316 ὄνομα
2526 2244 2760 2315 Χριστός
2783 2261 2797 2273 ·
2831 2241 3056 2311 ἐϐιάσθη
3087 2239 3151 2292 ἂν
3181 2237 3275 2290 καὶ
3303 2237 3401 2288 οὐκ
3433 2233 3630 2286 ἐθέλων

2065 2342 2206 2395 κατὰ
2255 2340 2326 2391 τὰ
2377 2339 2486 2391 ῐδια
2535 2336 2934 2408 προϐλήματα,
2979 2331 3166 2400 ἐπειδὴ
3219 2329 3315 2380 καὶ
3361 2326 3493 2387 Θεὸς
3542 2323 3629 2390 δη-

2065 2432 2253 2485 λοῦται
2287 2430 2378 2482 διὰ
2407 2428 2500 2480 τοῦ
2524 2427 2790 2496 ὀνόματος
2811 2464 2824 2488 ,
2857 2424 2931 2486 ὡς
2960 2421 3026 2475 ἂν
3061 2420 3136 2490 μὴ
3175 2418 3402 2470 διέλοιτο
3427 2414 3506 2473 ἒν,
3540 2411 3632 2465 καὶ

2064 2524 2156 2576 τὸν
2194 2522 2366 2589 Λόγον
2410 2507 2573 2571 αὑτὸν
2625 2515 2786 2584 φύσει
2835 2507 3309 2581 συνεσταυρῶσθαι
3339 2507 3458 2566 ταῖς
3505 2503 3632 2571 ἀλη-

2067 2614 2241 2674 θείαις
2273 2611 2483 2678 λέγειν,
2525 2609 2617 2660 καὶ
2648 2607 2745 2676 τὴν
2792 2603 2944 2657 θείαν
2978 2602 3071 2653 καὶ
3098 2599 3412 2668 ἀπόρρητον
3449 2593 3633 2646 οὐσίαν

2066 2709 2130 2774 τῇ
2161 2701 2478 2772 ἀνθρωπίνῃ
2513 2694 2969 2768 συμπεπονθὲναι.
3016 2692 3122 2744 Καὶ
3164 2691 3216 2742 εἴ
3248 2705 3332 2750 τις
3363 2684 3512 2754 αὐτῷ
3541 2683 3633 2736 καὶ

2066 2796 2156 2847 τὸν
2207 2793 2347 2846 θεῖον
2404 2790 2497 2844 καὶ
2543 2789 2804 2854 ζωοποιὸν
2858 2786 3028 2854 τάφον
3065 2780 3372 2845 ὑπέδειξεν,
3419 2779 3507 2829 ἵνα
3538 2775 3634 2844 τὴν

2067 2882 2368 2956 περιτομὴν
2399 2883 2489 2934 καὶ
2519 2882 2586 2933 τὰ
2616 2879 2749 2934 ἄλλα
2783 2877 2929 2947 πάθη
2965 2875 3060 2927 νῦν
3094 2873 3447 2942 παρήσωμεν,
3484 2863 3636 2921 εἷπεν

2069 2976 2135 3030 ἂν
2164 2974 2486 3044 τεθνηκέναι
2525 2972 2618 3025 τὸν
2655 2970 2859 3038 Λόγον,
2906 2969 3002 3020 καὶ
3056 2968 3159 3034 τὴν.
3187 2963 3337 3015 θείαν
3375 2960 3468 3012 καὶ
3501 2956 3634 3011 ἀθά-

2069 3083 2227 3119 νατον
2258 3064 2421 3132 φύσιν
2467 3065 2532 3132 τῇ
2573 3059 2890 3130 ἀνθρωπίνῃ
2921 3056 3014 3109 καὶ
3041 3055 3208 3123 θνητῇ
3246 3052 3461 3112 πάντως
3504 3059 3637 3114 συγ-

2067 3155 2506 3226 κατορωρύχθαι.
2551 3152 2733 3205 Ταῦτα
2779 3150 2887 3219 γὰρ
2941 3145 3087 3215 αύτῷ
3132 3143 3412 3221 βούλεται,
3458 3139 3535 3201 ὡς
3572 3139 3638 3190 ἂν

2071 3249 2146 3319 μὴ
2180 3245 2497 3317 διαιρεθεῖεν
2527 3245 2582 3296 αἱ
2614 3242 2838 3311 φύσεις,
2871 3238 2949 3309 τῷ
2989 3239 3088 3307 τὴν
3127 3237 3255 3305 μίαν
3287 3232 3527 3294 τούτων,
3562 3229 3638 3290 εἰς

2067 3341 2136 3395 τὰ
2165 3343 2222 3394 ἐν
2257 3333 2336 3401 οἷς
2388 3336 2586 3400 πάθοι,
2636 3335 2732 3387 καὶ
2765 3334 2863 3402 τὴν
2915 3329 3110 3400 ἑτέραν
3166 3326 3372 3396 δηλαδὴ
3422 3337 3628 3375 συνεπ-

2071 3432 2300 3500 άγεσθαι
2333 3429 2666 3497 πάσχουσαν.
2697 3425 2760 3476 Τί
2791 3425 2846 3476 δὲ
2878 3421 3028 3490 αύτῷ
3069 3419 3258 3489 ἐδήλου
3293 3417 3372 3468 τό·
3392 3413 3558 3482 Ἡμῖν
3574 3409 3642 3463 δὲ

2068 3519 2156 3589 εἷς
2191 3523 2370 3587 Θεὸς,
2406 3524 2438 3574 ό
2481 3518 2706 3585 Πατὴρ,
2746 3517 2815 3578 ἐξ
2849 3511 2920 3569 οὗ
2955 3515 3026 3567 τὰ
3053 3511 3278 3573 πάντα,
3325 3507 3423 3587 ual
3473 3501 3641 3572 ἡμεῖς

2067 3619 2154 3682 εὶς
2175 3615 2392 3668 αὐτόν·
2435 3612 2530 3666 καὶ
2563 3614 2594 3662 ὀ
2636 3609 2852 3676 Κύριος
2889 3604 3126 3672 Ἰησοῦς
3171 3595 3534 3668 Χριστὸς-,δι’
3569 3589 3641 3650 οὗ

2069 3709 2142 3762 τὰ
2166 3706 2381 3767 πάντα,
2414 3704 2513 3757 καὶ
2551 3701 2721 3770 ἡμεῖς
2747 3700 2820 3752 δι’
2855 3697 3076 3760 aurai};
3119 3694 3214 3747 Ἐκ
3237 3692 3342 3762 γὰρ
3366 3689 3461 3742 τοῦ
3493 3691 3644 3740 ἐναν-

2069 3801 2186 3851 τίου
2237 3797 2306 3848 τὰ
2336 3796 2498 3864 ὃμοια
2548 3791 2699 3861 αὐτῷ
2747 3789 3118 3857 ἀπαντήσεται
3166 3785 3361 3838 ἄτοπα.
3422 3773 3644 3846 Ἐπειδὴ

2071 3889 2208 3958 πρὸς
2235 3887 2312 3957 τῷ
2345 3885 2423 3938 ἐνί
2453 3887 2566 3938 ἐστι
2600 3883 2669 3935 τὰ
2689 3880 2997 3952 δηλούμενα
3017 3919 3032 3942 ,
3064 3876 3318 3946 ἐφαίνετο
3348 3869 3499 3939 αύτῴ
3537 3868 3643 3937 ἄρα

2072 3976 2497 4049 συνδημιουργὸς
2545 3975 2625 4046 τῷ
2679 3974 2865 4043 Λόγῳ,
2929 3969 3088 4040 καὶὴ
3136 3965 3258 4020 καθ’
3293 3963 3440 4034 ἡμᾶς
3485 3959 3645 4028 φύσις

2070 4069 2164 4122 ἐπὶ
2194 4070 2260 4138 τῇ
2292 4067 2400 4119 τῶν
2436 4066 2573 4118 ὅλων
2610 4064 2916 4133 παραγωγῇ
2943 4101 2956 4123 ,
2993 4059 3086 4112 καὶ
3125 4057 3280 4109 ἔσται
3303 4056 3330 4106 ὁ
3357 4051 3645 4119 ἄνθρωπος

2069 4159 2234 4220 αὐτὸς
2265 4154 2460 4209 ἐαυτοῦ
2497 4152 2847 4224 δημιουργός.
2877 4149 2990 4203 Καὶ
3021 4147 3179 4201 πάλιν
3215 4144 3310 4197 τοῦ
3359 4141 3507 4194 θείου
3539 4139 3645 4192 Πέ-

2070 4264 2198 4320 τρου
2233 4247 2500 4315 λέγοντος·
2532 4245 2614 4298 Σὺ
2656 4240 2716 4296 εἴ
2738 4247 2770 4297 ὀ
2800 4240 3050 4309 Χριστὸς
3084 4241 3116 4292 ὀ
3163 4237 3296 4300 Υἱὸς
3331 4233 3438 4287 τοῦ
3473 4228 3644 4293 Θεοῦ,

2070 4341 2158 4393 διὰ
2205 4339 2266 4392 τὸ
2293 4337 2426 4391 αὐτὸ
2457 4337 2750 4408 πρόῦλημα
2801 4333 3160 4403 εὑρεθήσεται
3192 4329 3284 4382 καὶ
3324 4327 3356 4396 ή
3402 4324 3544 4395 σὰρξ
3586 4322 3647 4374 τὸ

395 4437 734 4503 dignitatem.
773 4433 901 4487 llaec
933 4442 988 4487 et
1019 4434 1168 4502 plura
1203 4432 1423 4497 similia,
1466 4430 1710 4484 delibans
1741 4429 1961 4500 quilibet

2069 4437 2167 4505 τῆς
2195 4432 2444 4502 θεότητος
2473 4429 2560 4482 διὰ
2601 4429 2701 4499 τῆς
2735 4425 2917 4494 υἱικῆς
2961 4423 3235 4492 σχέσεως,
3281 4416 3440 4486 φύσει
3463 4431 3646 4505 Δφερο-

329 4579 333 4583 ,
391 4527 608 4581 divinas
626 4526 956 4594 Scripturas,
986 4525 1225 4581 inveniet
1249 4542 1369 4595 quae
1394 4524 1549 4578 istius
1572 4521 1959 4591 blasphemiam

397 4618 896 4686 absurditatemqne
925 4615 1308 4686 objurgabunt.
1342 4615 1489 4669 Talia
1527 4613 1728 4683 quippe
1758 4611 1960 4666 Mame-

396 4726 522 4765 nam
557 4710 798 4780 cogitare
834 4719 887 4764 et
918 4709 1153 4780 epinari,
1183 4723 1492 4763 sermonum
1524 4706 1644 4776 ejus
1674 4705 1960 4775 prowmia,

394 4818 550 4857 vana:
583 4802 912 4873 fallacesque
954 4802 1315 4870 quaistiones,
1367 4799 1521 4853 nobis
1566 4799 1960 4852 demonstrant.

395 4895 464 4948 Ει
508 4897 620 4951 litae
663 4897 879 4966 quidem
933 4896 1023 4950 ille
1069 4892 1490 4948 inartiticialiter
1538 4890 1967 4958 simpliciterque

397 4991 642 5056 dogmata
696 4988 894 5052 tradit,
949 5003 1054 5041 non
1085 4998 1262 5039 autem
1315 4983 1474 5037 modo
1535 4981 1717 5048 aliquo
1769 4994 1968 5049 appro-

396 5080 680 5148 priationis
729 5091 814 5134 ant
869 5077 1278 5150 permutationis
1330 5076 1477 5145 (61),
1523 5082 1680 5143 prout
1729 5088 1844 5125 mos
1887 5082 1972 5125 est

400 5171 695 5241 magisterii
747 5173 1036 5235 catholici;
1097 5186 1200 5236 qua
1259 5171 1323 5223 de
1391 5184 1447 5222 re
1496 5167 1654 5236 paulo
1713 5176 1832 5234 post
1889 5166 1970 5217 di-

399 5272 516 5318 εειυ
526 5279 570 5318 Γ.

2071 4501 2210 4595 μόνη
2250 4501 2489 4591 ἀξίωμα.
2528 4511 2623 4580 Οἷς
2674 4513 3036 4585 παραπλήσια
3075 4509 3170 4562 καὶ
3213 4506 3378 4574 ἕτερα
3416 4501 3647 4553 πλείονα

2069 4593 2465 4686 ἀναλεγόμενός
2491 4629 2574 4675 τις
2606 4610 2757 4682 παρὰ
2778 4607 2885 4661 τῶν
2912 4605 3073 4658 θείων
3100 4599 3336 4673 Γραφῶν
3362 4596 3518 4666 εὖροι
3558 4593 3646 4655 ὃν,

2067 4712 2104 4767 ἃ
2144 4712 2243 4780 τὴν
2279 4705 2626 4779 βλασφημίαν
2660 4703 2755 4771 τὴν
2799 4699 3011 4753 ἐκείνου
3052 4693 3322 4760 ἐξελέγξει
3375 4690 3468 4742 καὶ
3523 4687 3648 4780 ato?

2069 4803 2219 4856 πίαν.
2269 4797 2505 4852 Τοιαῦτα
2551 4795 2608 4849 δὲ
2650 4795 2744 4847 καὶ
2776 4793 2915 4845 νοεῖν
2960 4787 3122 4842 αὐτὸν
3169 4785 3265 4838 καὶ
3313 4783 3556 4854 φρονεῖν.
3589 4777 3645 4829 at

2067 4891 2175 4943 τῶν
2211 4889 2427 4944 οἰκείων
2471 4886 2644 4954 λόγων
2676 4882 2873 4953 ἀρχαὶ,
2909 4879 3002 4932 καὶ
3039 4876 3322 4946 περίεργοι
3375 4872 3471 4924 καὶ
3512 4884 3647 4936 σφα-

2069 4984 2226 5054 λεραὶ
2265 4982 2556 5051 ζητήσεις,
2587 4979 2718 5047 ἡμῖν
2771 4972 3138 5031 ὑποτίθενται.
3172 4969 3282 5021 Καὶ
3313 4965 3491 5018 ταῦτα
3517 4960 3649 5014 ἁτέ-

2070 5091 2210 5144 χνως
2251 5074 2342 5128 καὶ
2379 5071 2586 5132 ἁπλῶς,
2617 5069 2678 5121 οὑ
2702 5067 2886 5138 τρόπῳ
2923 5066 3030 5118 τινί
3056 5059 3380 5120 οἱκειὼσεως
3410 5057 3443 5126 ἢ
3499 5056 3648 5107 ἅντι-

2071 5165 2271 5228 δὸσεως
2319 5160 2757 5233 δογματίζοντα,
2795 5155 2941 5211 κατὰ
2989 5155 3078 5208 τὸν
3117 5146 3506 5205 διδασκαλικὸν
3549 5143 3648 5220 τῆς

2075 5255 2374 5325 καθολικῆς
2419 5250 2741 5322 Ἐκκλησίας
2775 5249 2955 5318 λόγον,
2992 5246 3119 5317 περὶ
3148 5238 3222 5297 ὦν
3268 5239 3410 5312 μετὰ
3448 5233 3646 5308 μικρὸν

2074 5349 2368 5420 εἰρήσεται.

470 5543 517 5575 ³⁸
548 5541 567 5596 1
599 5545 723 5598 Cor.
777 5561 817 5609 ι,
857 5546 947 5599 23.
1027 5545 1073 5574 ⁵⁵
1111 5542 1281 5598 lCor.
1316 5557 1433 5607 vm,
1475 5541 1527 5597 6.
1606 5539 1650 5570 ³⁸
1684 5537 1869 5591 Matth.
1906 5553 2017 5600 xvi,
2053 5537 2138 5591 16.

476 5701 592 5773 (Gl)
616 5699 763 5758 lianc
797 5701 1022 5771 theologi
1061 5703 1230 5758 nostri
1256 5702 1438 5757 dicunt
1470 5700 1783 5755 idiomatum
1815 5695 2379 5755 communicationem.
