3928 6142
256 349 374 423 313

982 369 1608 432 ANTIRRHETICUS
1646 369 1672 427 Ι
1709 370 1880 433 ADV.
1919 371 2513 433 CONSTANTINUM
2568 370 2779 435 COPR.

3414 358 3529 429 διε

342 480 447 541 με’.
520 473 674 526 Ἐπεὶ
729 474 788 527 δὲ
838 475 1218 549 ἀδολεσχοῦντι
1272 482 1367 533 καὶ
1415 480 1837 549 ταυτοεποῦντι,

2013 485 2103 539 45.
2139 484 2246 539 Sed
2294 484 2420 553 quia
2463 485 2566 538 hoc
2607 488 2845 552 nugante
2888 493 2940 535 et
2972 474 3268 549 tautologo,
3320 480 3529 550 nugari"

202 629 209 632 ρ
261 562 684 632 συναδολεσχείν
714 566 1064 636 προύθέμεθα
1089 573 1201 633 τοῖς
1227 572 1646 641 ἐπιφερομένοις
1672 572 1844 642 αὐτῷ,

260 652 365 704 καὶ
388 652 457 704 τὰ
484 651 627 705 αὐτά
657 656 789 724 περὶ
830 654 938 709 τῶν
967 658 1146 711 αὐτῶν
1178 660 1461 725 διεξιόντι,
1501 662 1645 715 οὕτω
1683 662 1849 717 πάλιν

262 745 848 814 προσαπαντήσωμεν·
904 746 1017 817 ἔχει
1066 751 1176 821 γάρ
1211 746 1336 805 ὧδε·
1387 772 1405 803 ι
1460 754 1572 807 Καὶ
1599 754 1718 819 πῶς
1752 737 1847 810 τοῦ

260 832 407 886 Θεοῦ
431 833 525 888 καὶ
551 834 840 906 ἀνθρώπου
873 838 1066 911 ὄνομα,
1098 842 1196 911 τὴν
1218 843 1368 897 θείαν
1391 844 1552 914 φύσιν
1585 849 1848 916 σημαῖνον

262 925 370 977 καὶ
415 925 801 997 ἀνθρωπίνην,
854 931 947 984 ἐπὶ
985 935 1050 1003 τῇ
1099 934 1268 989 εἰκόνι
1291 936 1477 1010 ἐκείνῃ
1510 936 1707 1007 ἔχομεν
1749 956 1848 991 κα-

258 1014 463 1081 λέσαι,
502 1020 570 1089 τῇ
602 1017 845 1084 δυνατῶς
896 1022 1094 1095 ἐχούσῃ
1146 1025 1434 1096 ἀνθρώπου
1473 1028 1636 1097 μόνου
1684 1028 1847 1096 φύσιν

260 1109 737 1178 χαρακτηρίζειν,
797 1114 891 1165 καὶ
952 1115 1053 1184 τὴν
1106 1116 1259 1170 θείαν
1315 1118 1409 1171 καὶ
1459 1118 1847 1188 ἀκατάληπτον

262 1197 439 1265 φύσιν
465 1200 574 1269 μή;
625 1219 645 1252 ι
688 1201 762 1254 Τὸ
793 1202 940 1270 πῶς,
973 1205 1061 1259 ἵνα
1090 1205 1168 1269 ὡς
1201 1208 1431 1277 παρόντι
1461 1209 1726 1279 διαλεχθῶ
1747 1249 1762 1275 ,
1799 1210 1853 1262 εῐ

267 1303 361 1339 σοι
389 1287 463 1341 τὰ
486 1289 585 1358 τῆς
608 1289 788 1361 ψυχῆς
810 1285 924 1345 ὦτα
948 1296 1024 1365 μὴ
1051 1296 1370 1364 κεκώφωτο,
1403 1297 1458 1349 εί
1481 1315 1564 1351 σοι
1591 1299 1657 1352 τὰ
1680 1299 1848 1369 νοητά

262 1375 498 1446 ὄμματα
529 1377 603 1447 μὴ
647 1378 1010 1451 ἐπεπήρωτο,
1048 1384 1103 1436 ετ
1136 1401 1216 1443 σοι
1258 1386 1329 1439 τά
1363 1385 1474 1438 τῶν
1506 1388 1720 1455 φρενῶν
1771 1388 1846 1459 μὴ

260 1466 561 1534 ἠλλοίωτο,
593 1471 690 1522 καὶ
721 1472 789 1524 τὰ
824 1471 931 1524 τῶν
965 1472 1242 1544 λογισμῶν
1281 1475 1356 1545 μὴ
1392 1476 1842 1548 παρετέτραπτο,

257 1557 320 1608 εἷ
337 1573 424 1609 σοι
448 1556 546 1625 τῆς
568 1556 884 1623 θεοσεϐείας
913 1562 963 1613 οἱ
987 1562 1102 1631 ὅροι
1129 1561 1365 1632 ἄτρωτοι
1393 1562 1841 1631 διεφυλάσσοντο,

259 1648 363 1699 καὶ
402 1647 506 1715 τῆς
555 1646 852 1720 καθολικῆς
912 1649 1240 1722 Ἐκκλησίας
1289 1653 1322 1722 ἡ
1378 1654 1676 1724 παράδοσις
1720 1670 1847 1706 συν-

256 1738 568 1807 ετετήρητο
595 1737 900 1808 ἀλώὄητος,
929 1744 979 1796 εἰ
1008 1728 1278 1814 σπινθῆρα
1298 1745 1428 1813 γοῦν
1462 1762 1584 1799 τινα
1612 1747 1847 1810 πίστεως

1948 572 2107 629 simul
2143 574 2526 630 constituimus
2571 588 2691 628 cum
2727 571 2884 626 dictis
2934 571 3087 639 ejus;
3127 572 3251 626 huic
3278 612 3294 636 ,
3328 572 3518 625 eadem

1948 667 2073 722 licet
2107 665 2309 721 dicenti
2337 666 2402 719 de
2434 664 2627 718 iisdem
2674 662 2834 717 rebus
2859 705 2874 727 ,
2921 677 3111 716 rursus
3142 672 3516 716 occurramus.

1945 757 2021 812 lia
2055 773 2180 812 vero
2213 757 2257 811 is
2282 757 2488 810 habet:
2522 774 2540 806 ι
2573 755 2638 808 Ει
2668 754 2937 824 quomodo
2961 753 3054 808 Dei
3084 762 3136 808 et
3159 753 3392 807 hominis
3420 764 3518 807 no-

1947 864 2069 903 men
2120 845 2416 919 (Chrisms)
2465 846 2703 899 divinam
2762 854 3009 898 naturam
3059 845 3322 898 denotans
3360 851 3522 911 atque

1948 941 2263 1001 humanam,
2290 940 2354 992 de
2383 937 2473 991 illa
2506 939 2666 991 icone
2698 936 3043 1005 pronuntiari
3073 952 3102 989 a
3138 935 3290 988 nobis
3320 944 3517 1004 potest,

1948 1046 2068 1101 qua:
2108 1030 2355 1083 humanae
2390 1028 2762 1082 tantummodo
2809 1036 3020 1080 naturae
3064 1025 3517 1094 reprmsentantiie

1949 1127 2052 1176 vim
2100 1122 2281 1182 habet,
2316 1122 2511 1176 divinae
2555 1136 2684 1174 vero
2726 1118 3290 1187 incomprehensibilis
3338 1118 3514 1170 hand-

1948 1218 2258 1285 quaquam?
2290 1235 2308 1266 ι
2339 1215 2451 1269 iloc
2472 1215 2692 1268 verbum
2720 1214 2997 1283 quomodo,
3016 1221 3089 1283 ut
3109 1211 3260 1278 quasi
3288 1225 3522 1280 praesen-

1950 1317 2054 1362 tem
2100 1316 2152 1362 te
2192 1308 2456 1375 alloquar,
2501 1306 2544 1360 si
2581 1306 2675 1358 tibi
2714 1306 2909 1359 anima:
2959 1318 3119 1357 aures
3171 1318 3277 1356 non
3324 1304 3518 1356 obsur-

1947 1398 2227 1463 duissent,
2260 1399 2303 1453 si
2339 1398 2432 1451 tibi
2467 1397 2770 1451 intellectus
2802 1396 2939 1448 oeuli
2971 1410 3074 1448 non
3123 1404 3307 1455 essent
3343 1408 3519 1446 exem-

1946 1491 2078 1552 cati,
2119 1491 2161 1543 si
2197 1489 2290 1543 tibi
2341 1503 2491 1543 mens
2542 1503 2645 1541 non
2680 1496 2827 1542 esset
2876 1485 3106 1538 alienata
3157 1493 3204 1539 et
3245 1481 3513 1537 ratiocinii

1948 1597 2076 1637 usus
2124 1581 2439 1643 subversus,
2484 1579 2527 1632 si
2584 1577 2678 1630 tibi
2731 1575 3008 1646 religionis
3055 1575 3271 1629 termini
3308 1573 3518 1628 immoti

1948 1681 2254 1736 manerent,
2278 1682 2325 1724 et
2350 1668 2630 1725 catholica
2658 1667 2914 1721 Ecclesiae
2945 1667 3166 1720 traditio
3190 1675 3512 1719 conservata

1949 1772 2096 1818 esset
2135 1760 2441 1825 incolumis,
2476 1760 2518 1812 si
2553 1759 2787 1826 aliquam
2821 1758 3013 1811 saltem
3061 1755 3183 1809 lidei
3225 1753 3515 1809 scintillam

258 1828 327 1878 ἑν
364 1828 431 1920 τῇ
477 1827 706 1920 σεαυτοῦ
753 1830 1010 1901 συνέσχες
1051 1833 1276 1902 καρδίᾳ,
1311 1834 1446 1888 άλλά
1493 1835 1568 1907 μὴ
1613 1834 1842 1898 ὲλὺττας

1958 1855 2105 1909 rorde
2147 1866 2238 1907 tuo
2294 1853 2591 1916 retineres,
2637 1865 2811 1920 neque
2860 1848 3019 1903 furiis
3067 1848 3329 1902 adversus
3371 1845 3513 1898 irre-

259 1918 412 1969 κατὲι
439 1917 541 1986 τῆς
572 1919 880 1990 ἀμωμήτου
914 1923 1006 1975 καὶ
1038 1922 1312 1988 ἀπλανοῦς
1338 1926 1496 1997 ἡμῶν
1525 1927 1839 1996 ὁμολογίας,

258 2010 381 2071 τοῖς
426 2009 623 2077 ἄγουσί
675 2028 736 2064 σε
770 2013 864 2066 ἐπὶ
895 2015 989 2067 τὸν
1036 2016 1283 2086 κρημνὸν
1317 2020 1417 2089 τῆς
1448 2018 1709 2082 ἀπιστίας
1749 2020 1845 2072 καὶ

259 2100 548 2177 ἀπωλείας
593 2103 948 2181 πειθόμενος,
1001 2106 1217 2177 ἐδείχθη
1254 2109 1319 2162 άν
1365 2126 1449 2163 σοι
1481 2112 1579 2164 καὶ
1623 2110 1845 2181 ἐκδηλό-

260 2209 406 2246 τατα
448 2193 509 2246 τὸ
555 2193 890 2267 ζητούμενον
925 2238 939 2260 ,
982 2196 1141 2269 εἴπερ
1187 2197 1521 2272 ζητούμενον
1566 2197 1666 2271 ἦν,
1712 2201 1847 2256 άλλά

268 2283 348 2354 μὴ
374 2282 574 2354 ὥσπερ
601 2286 793 2358 ἐνέδρα
822 2305 906 2352 τις
930 2288 963 2361 ἥ
1001 2291 1326 2362 πανουργία,
1355 2291 1774 2361 ταμιευόμενον.

347 2604 462 2660 Καὶ
505 2607 594 2661 ἵνα
638 2608 711 2663 τὰ
744 2610 885 2665 αὐτὰ
934 2611 1065 2681 περὶ¹
1110 2610 1221 2664 τῶν
1267 2612 1449 2665 αὐτῶν
1493 2612 1851 2677 ἀναλαϐόντες

272 2699 545 2769 εἴπωμεν,
575 2699 763 2773 ὥσπερ
791 2703 826 2773 ἡ
859 2702 1165 2773 σταύρωσις
1199 2706 1292 2757 καὶ
1326 2703 1395 2756 τὰ
1419 2704 1588 2774 πάθη,
1617 2705 1851 2776 Χριστοῦ

271 2789 533 2858 λέγεται,
579 2793 656 2854 ὡς
695 2794 726 2845 ὁ
767 2794 972 2862 τάφος,
1028 2797 1122 2849 καὶ
1166 2796 1237 2848 τὰ
1278 2796 1474 2860 λοιπὰ,
1528 2796 1616 2850 ἵνα
1654 2797 1728 2868 μὴ
1761 2799 1855 2849 ἐπὶ

275 2881 465 2934 πλεῖον
494 2883 586 2936 ἀεὶ
613 2882 890 2953 λέγωμεν,
922 2885 985 2937 τὸ
1017 2886 1236 2957 μέτριον
1267 2888 1696 2959 ὑπερτρέχοντες
1717 2931 1732 2955 ,
1761 2889 1855 2943 καὶ

272 2970 387 3054 τῶν
435 2974 820 3043 προσεχόντων
858 2975 957 3038 τὰς
985 2977 1150 3040 ἀκοὰς
1197 2974 1617 3048 ἆποκναίωμεν,
1668 2979 1763 3032 καὶ
1794 2981 1855 3033 οὐ

271 3062 341 3130 δή
373 3062 478 3115 πού
511 3081 696 3133 φαμεν
722 3066 863 3119 κατά
890 3067 973 3132 σε,
1012 3067 1100 3120 διὰ
1124 3068 1221 3137 τὴν
1251 3069 1315 3122 ἐκ
1351 3069 1445 3122 τοῦ
1475 3070 1738 3141 ὀνόματος
1762 3071 1854 3124 τοῦ

278 3155 521 3225 Χριστοῦ
570 3145 671 3225 τῆς
720 3157 911 3221 δυάδος
954 3160 1064 3212 τῶν
1100 3161 1314 3227 φύσεων
1367 3161 1631 3231 δήλωσιν,
1679 3162 1748 3215 τὰ
1788 3164 1854 3234 τῇ
1884 3156 1924 3211 C

281 3249 385 3318 μιᾷ
431 3249 876 3319 προσνεμόμενα,
915 3252 1008 3309 καὶ
1038 3254 1103 3320 τῇ
1157 3252 1320 3322 ἑτέρᾳ
1352 3253 1571 3316 πάντως
1617 3254 1860 3323 ἀπαντή-

279 3339 494 3393 σεσθαι.
550 3343 611 3395 ’0
642 3343 877 3413 σταυρὸς
900 3343 1008 3413 γάρ
1034 3343 1270 3406 δυνατῶς
1301 3343 1412 3415 ἔχει
1438 3345 1536 3415 τὴν
1569 3345 1857 3417 ἀνθρώπου

243 3498 247 3501 _
282 3432 445 3495 φύσιν
482 3430 653 3501 μόνην
686 3431 958 3497 κολάζειν,
994 3433 1134 3487 ἀλλὰ
1165 3434 1403 3505 Χριστοῦ
1440 3435 1671 3505 σταυρὸς
1706 3435 1856 3503 λέγε-

281 3539 389 3574 ται.
424 3523 533 3575 Καὶ
560 3523 797 3577 πειθέτω
824 3542 882 3577 σε
915 3527 943 3577 ὁ
971 3524 1168 3592 λέγων·
1218 3525 1373 3591 Ἐμοὶ
1408 3524 1477 3578 δὲ
1505 3526 1591 3594 μὴ
1629 3525 1859 3595 γένοιτο

282 3612 667 3682 καυχᾶσθαι,
720 3616 772 3667 εἰ
826 3614 912 3683 μὴ
963 3613 1153 3678 ἐν·τῷ
1207 3614 1448 3682 σταυρῷ
1487 3614 1595 3668 τοῦ
1637 3615 1859 3682 Κυρίου

284 3704 456 3772 ἡμῶν
488 3704 698 3771 Ἰησοῦ
732 3707 1013 3772 Χριστοῦ.
1054 3706 1119 3759 Ἤ
1152 3706 1421 3777 περιτομὴ
1447 3706 1542 3776 τὴν
1573 3706 1859 3776 ἀνθρώπου

286 3793 465 3863 σάρκα
498 3794 731 3863 διαιρεῖν
762 3794 1021 3850 δύναται·
1056 3798 1150 3849 καὶ¹
1182 3797 1211 3848 ὁ
1240 3796 1409 3864 τάφος
1449 3796 1655 3867 ταύτην
1684 3799 1859 3866 ὲμπε-

289 3888 579 3955 ριγράφειν
614 3889 709 3941 καὶ
766 3889 1100 3959 περικλείειν
1131 3891 1229 3944 καὶ
1267 3890 1647 3962 ἀποκρύπτειν
1696 3889 1857 3947 οἶδεν.

296 3976 460 4029 Ἀλλά
495 3975 671 4030 ταῦτα
712 3978 921 4041 πάντα,
955 3978 1193 4050 Χριστοῦ
1234 3978 1333 4048 μὲν
1362 3979 1621 4048 λέγεται·
1655 3980 1715 4033 οὐ
1754 3980 1861 4049 μὴν

284 4066 342 4119 δὲ
374 4069 582 4121 τούτων
614 4084 670 4120 τι
714 4070 807 4122 καὶ
854 4069 999 4123 κατὰ
1031 4070 1128 4140 τῆς
1164 4069 1312 4133 θείας
1348 4070 1441 4143 καὶ
1481 4071 1860 4142 ἀνεκφράστου

286 4159 523 4227 φύσεως,
566 4159 775 4230 κυρίως
808 4161 904 4213 καὶ
944 4158 1219 4225 οὐσιωδῶς
1243 4154 1547 4233 εἰρήσεται,
1579 4161 1859 4233 ἀκηράτου

288 4265 353 4315 γε
383 4248 554 4318 οὔσης
592 4248 688 4302 καὶ
718 4249 984 4315 ἀπαθοῦς,
1019 4251 1111 4303 καὶ
1140 4253 1239 4320 τῆς
1268 4252 1412 4305 κατά
1443 4269 1497 4304 τι
1522 4251 1652 4320 γοῦν
1677 4252 1862 4306 τοιαύ-

288 4355 389 4410 της
437 4340 680 4406 ὲννοίας,
731 4341 1161 4412 ἀπηλλαγμένης
1214 4342 1580 4397 παντάπασιν.
1642 4344 1705 4397 Ei
1755 4344 1863 4414 γάρ

289 4444 393 4481 που
429 4431 671 4484 τοιοῦτόν
722 4449 776 4484 τι
823 4432 1015 4501 ὀφθείη
1051 4433 1379 4504 λεγόμενον,
1414 4433 1490 4505 τῷ
1520 4435 1619 4505 τῆς
1658 4435 1864 4490 ἀντιδό-

292 4537 428 4584 σεως
480 4523 515 4593 ἢ
549 4522 880 4587 οίκειώσεως
924 4524 1113 4595 τρόπῳ
1163 4526 1410 4594 λέγεται,
1455 4526 1594 4596 ὅπερ
1642 4543 1724 4579 σοι
1766 4527 1861 4579 νῦν

287 4615 352 4667 οὗ
401 4614 642 4681 δέδοται,
671 4615 983 4687 ὁλοτρόπως
1024 4617 1383 4688 ἠγνοημένον.
1427 4617 1767 4673 Πεπονθέναι
1805 4617 1863 4671 δὲ

287 4703 524 4774 Χριστὸς
557 4706 812 4774 λέγεται.
865 4701 1034 4780 οὑχῇ
1091 4707 1254 4771 Θεὸς,
1291 4707 1406 4761 ἀλλ’
1538 4707 1862 4778 ἄνθρωπος·

289 4794 475 4847 καίτοι
511 4789 593 4858 εἷς
640 4797 737 4849 καὶ
790 4799 818 4850 ὀ
856 4790 1026 4860 αὐτὸς
1066 4798 1358 4869 ὑπάρχων,
1420 4797 1697 4869 ἡνωμένος
1737 4798 1864 4852 καθ’

290 4883 609 4939 ὑπόστασιν.
673 4885 830 4939 Ἐπεὶ
880 4882 972 4940 οὖν
1010 4887 1104 4940 καὶ
1144 4888 1205 4941 τὸ
1234 4887 1416 4958 σῶμα,
1450 4888 1587 4960 ὅπερ
1615 4888 1676 4953 ἐξ
1710 4889 1867 4959 ἡμῶν

288 4977 582 5047 ἀνείληφε,
625 4979 865 5050 Χριστοῦ
917 4980 1077 5052 σῶμα
1109 4981 1356 5049 λέγεται,
1391 4983 1448 5035 ἐν
1482 4975 1526 5049 ᾧ
1557 4981 1653 5035 καὶ
1686 4982 1863 5036 πάντα

286 5070 620 5124 πεπονθέναι
656 5070 1006 5133 πιστεύεται,
1061 5072 1220 5124 τοῦτο
1258 5072 1314 5125 δὲ
1370 5072 1432 5125 τὸ
1484 5072 1644 5143 σῶμα
1682 5073 1861 5142 πάντη

288 5162 392 5214 καί
416 5163 630 5227 πάντως
657 5166 987 5235 χαρακτῆρα
1017 5159 1162 5234 εἶχεν
1179 5206 1194 5228 ,
1229 5165 1290 5217 οὐ
1317 5162 1424 5235 γὰρ
1448 5159 1517 5239 ἦν
1548 5164 1862 5233 ἀχαρακτή-

292 5269 480 5322 ριστον
498 5296 511 5318 ,
542 5256 665 5308 ἐπεὶ
694 5255 819 5309 οὐδὲ
850 5253 1030 5324 σῶμα,
1067 5255 1277 5324 ἀνάγκη
1305 5256 1399 5307 καὶ
1432 5253 1523 5306 τὸν
1546 5254 1641 5307 τοῦ
1679 5253 1864 5322 σώμα-

285 5359 393 5407 τος
430 5346 753 5417 χαρακτῆρα
806 5346 900 5399 καὶ
940 5345 1036 5416 τὴν
1082 5345 1370 5411 ὁμοίωσιν,
1426 5344 1664 5415 Χριστοῦ
1711 5345 1863 5412 λέγε-

290 5432 447 5489 σθαι.
492 5435 577 5499 Ὦς
625 5437 737 5507 γὰρ
767 5439 944 5490 ἐκεῖνο
974 5439 1174 5490 οἰκεῖον
1222 5430 1497 5507 Χριστοῦ,
1547 5436 1722 5500 οὕτως
1770 5437 1863 5490 καὶ

286 5522 458 5578 τοῦτο
480 5528 538 5579 οὐ
567 5528 702 5599 πρὸς
739 5529 837 5598 τὴν
863 5529 957 5582 τοῦ
987 5531 1158 5597 Λόγου
1192 5529 1354 5599 φύσιν
1383 5529 1479 5600 τὴν
1505 5530 1696 5599 σχέσιν
1715 5528 1858 5600 ἔχον,

379 5743 421 5774 ³⁷
447 5743 617 5799 (ἶςιίλι.
651 5762 726 5810 τι,
764 5747 840 5799 Μ.

1947 1943 2360 2016 prehensibilem
2419 1941 2868 2011 infallibilemque
2938 1939 3334 1994 confessionem
3417 1952 3520 1990 no-

1945 2044 2112 2088 stram
2148 2033 2434 2103 agitarere,
2461 2031 2692 2085 ducibus
2725 2032 2816 2100 qui
2854 2040 2904 2084 te
2930 2028 2995 2083 ad
3029 2028 3362 2083 infidelitatis
3390 2042 3518 2096 per-

1947 2124 2274 2193 ditionisque
2299 2123 2652 2194 praecipitium
2680 2123 2933 2184 trahunt;
2969 2122 3090 2187 hoc,
3123 2120 3366 2188 inquam,
3389 2132 3521 2184 quo-

1947 2217 2100 2271 modo
2135 2232 2163 2270 a
2201 2226 2250 2270 te
2292 2217 2600 2284 quatsitnin,
2632 2215 3037 2269 evidentissiine
3076 2223 3263 2282 patens
3295 2211 3517 2276 fuisset;

1949 2310 1992 2362 si
2052 2323 2238 2377 reapse
2284 2308 2605 2376 qmesitum,
2644 2313 2696 2358 et
2742 2321 2848 2358 non
2898 2306 3080 2374 potius
3118 2319 3215 2357 ceu
3270 2301 3515 2369 decipula

1951 2400 2195 2467 quietiam
2234 2409 2286 2452 et
2315 2397 2505 2451 callida
2554 2396 2891 2466 improbitas,
2936 2396 3072 2465 apud
3125 2404 3177 2448 te
3223 2397 3518 2463 repositum

1951 2503 2087 2547 erat.

2021 2634 2199 2698 Atque
2241 2635 2298 2681 ut
2328 2629 2514 2681 eadem
2547 2626 2613 2680 de
2642 2624 2830 2679 iisdem
2867 2622 3029 2676 rebus
3059 2623 3400 2673 resumentes
3435 2614 3520 2668 di-

1953 2735 2159 2782 camus,
2202 2719 2345 2772 sicut
2383 2715 2663 2770 cruciﬁxio
2701 2719 2756 2766 et
2795 2713 2996 2781 passio_
3024 2709 3229 2764 Christi
3294 2706 3520 2766 dicitur,

1956 2809 2193 2876 itemque
2228 2805 2505 2872 sepultura
2539 2814 2594 2858 et
2632 2804 2868 2870 reliqua,
2923 2816 2991 2854 ne
3046 2798 3308 2869 prolixius
3359 2796 3520 2851 verba

1959 2899 2240 2962 faciamus,
2277 2895 2551 2970 modulum
2586 2894 2932 2955 excedentes,
2966 2899 3022 2944 et
3055 2890 3390 2944 audientium
3429 2902 3525 2939 au-

1959 2988 2106 3044 ribus
2140 2986 2442 3041 molestiam
2478 2997 2750 3047 creantes,
2799 2996 2977 3051 neque
3005 2981 3116 3048 jam
3150 2979 3349 3033 diutius
3371 2992 3523 3047 teque

1958 3098 2021 3137 ac
2062 3091 2114 3134 ιιι
2156 3079 2488 3142 fabulemur;
2524 3078 2649 3147 quia
2700 3075 2908 3131 Christi
2954 3086 3152 3127 nomen
3205 3078 3524 3124 naturarum

1959 3173 2272 3227 dualitatem
2322 3170 2729 3238 complectitur,
2782 3182 2843 3220 ea
2886 3182 3004 3236 quae
3053 3165 3143 3217 nni
3186 3163 3525 3220 tribuuntur,

1959 3264 2114 3319 alteri
2140 3278 2358 3332 quoque
2391 3260 2670 3315 accedent.
2700 3259 2860 3312 Certe
2888 3272 3017 3311 crux
3054 3253 3267 3309 nonnisi
3291 3252 3528 3306 hominis

1960 3368 2207 3409 naturam
2256 3353 2366 3424 60
2402 3352 2649 3406 cruciare
2693 3358 2890 3418 potest,
2930 3346 3280 3402 nihilmninus
3323 3342 3524 3396 Christi

1959 3461 2090 3498 crux
2124 3445 2344 3498 dicitur.
2381 3440 2564 3496 Fidem
2599 3441 2693 3494 tibi
2729 3438 2888 3493 faciat
2923 3440 3011 3506 qui
3037 3438 3111 3489 ait
3145 3453 3159 3490 :
3194 3432 3328 3487 Mihi
3354 3443 3526 3485 autem

1959 3538 2092 3594 absit
2139 3537 2394 3607 gloriari,
2448 3534 2550 3587 nisi
2606 3536 2660 3586 in
2715 3548 2866 3586 cruce
2919 3530 3127 3583 Domini
3176 3526 3340 3600 nostri
3400 3523 3528 3576 ,Ιεειι

1961 3630 2161 3685 Christi
2192 3630 2258 3682 ⁸⁷.
2291 3626 2647 3681 Circumeisio
2681 3625 2919 3678 hominis
2954 3636 3170 3675 carnem
3205 3615 3527 3672 abscindere

1961 3733 2157 3793 pOlcsl,
2195 3731 2249 3773 et
2278 3718 2584 3789 sepulcrum
2619 3719 2759 3770 hanc
2789 3716 2927 3768 intra
2967 3727 3026 3766 se
3053 3698 3523 3767 circumscribere,

1960 3811 2283 3867 concludere
2337 3824 2404 3862 ac
2456 3808 2635 3862 celare
2688 3807 2852 3859 valet.
2923 3803 3047 3856 Hzec
3106 3810 3286 3853 tamen
3345 3795 3526 3850 omnia

1962 3899 2159 3955 Christi
2188 3900 2440 3954 dicuntur
2471 3914 2485 3950 :
2522 3911 2832 3965 quanquam
2863 3893 2996 3946 nihil
3024 3892 3218 3945 horum
3247 3891 3315 3941 de
3344 3887 3525 3941 divina

1964 3988 2219 4044 ineffabili
2255 3997 2449 4041 natura
2487 3987 2703 4052 preprie
2730 3999 2793 4036 ac
2833 3979 3265 4038 substantialiter
3290 3977 3528 4034 dicetur,

1962 4079 2087 4149 quia
2112 4088 2199 4133 est
2223 4079 2338 4132 haec
2369 4073 2692 4130 inviolabilis
2717 4082 2773 4128 et
2803 4069 3174 4148 impassihilis,
3200 4075 3255 4120 et
3283 4066 3350 4117 ab
3378 4063 3525 4116 omni

1962 4172 2079 4241 ejus
2104 4169 2319 4241 generis
2343 4182 2423 4233 re,
2452 4182 2571 4236 quae
2603 4164 2827 4235 cogitari
2857 4160 3047 4231 possit,
3080 4172 3303 4227 prorsus
3328 4155 3528 4207 aliena.

1964 4258 2095 4313 Nam
2124 4259 2168 4311 si
2204 4257 2332 4326 quid
2357 4254 2665 4324 huiusmodi
2692 4254 2892 4307 dictum
2927 4250 3194 4310 videatur,
3226 4246 3276 4299 id
3307 4257 3528 4312 permu-

1963 4347 2186 4402 tationis
2216 4355 2272 4401 et
2301 4343 2761 4415 appropriationis
2790 4342 2947 4394 modo
2970 4340 3189 4400 dicitur,
3218 4334 3360 4403 quod
3390 4342 3443 4384 tu
3478 4331 3531 4383 in

1966 4439 2215 4509 praesenti
2242 4454 2347 4492 non
2374 4436 2533 4500 facis,
2563 4436 2690 4505 quia
2717 4434 2959 4509 funditus
2983 4432 3032 4484 id
3064 4430 3304 4501 ignoras.
3333 4426 3535 4481 Passus

1966 4506 2143 4585 autem
2162 4529 2412 4584 Christus
2433 4527 2632 4581 dicitur
2654 4540 2757 4579 non
2781 4506 2885 4593 qua
2913 4524 3071 4585 Deus,
3100 4521 3193 4576 sed
3218 4537 3320 4585 qua
3349 4523 3532 4581 homo,

1958 4620 2059 4676 etsi
2102 4635 2242 4674 unus
2285 4618 2535 4686 idemque
2567 4625 2651 4671 est
2687 4613 3026 4685 hypostatice
3065 4610 3361 4666 adunatus.
3391 4608 3529 4675 Quia

1962 4712 2123 4781 igitur
2151 4721 2206 4763 et
2233 4723 2429 4776 corpus
2450 4708 2591 4777 quod
2626 4721 2656 4759 a
2697 4705 2855 4759 nobis
2891 4703 3142 4772 sumpsit,
3173 4702 3374 4755 Christi
3410 4715 3535 4753 eor-

1963 4816 2061 4869 pus
2091 4800 2310 4863 dicitur,
2350 4799 2401 4853 iu
2434 4813 2541 4867 quo
2587 4796 2753 4851 etiam
2801 4795 2982 4849 omnia
3016 4808 3215 4862 passus
3266 4793 3529 4853 creditur,

1964 4894 2068 4947 hoc
2097 4902 2279 4947 autem
2314 4905 2511 4957 corpus
2549 4889 2771 4942 omnino
2811 4887 3181 4939 characterem
3229 4883 3454 4946 habuit;
3486 4883 3531 4934 si

1970 4983 2113 5036 enim
2138 4982 2239 5035 hoc
2267 4980 2554 5042 caruisset,
2587 4993 2653 5032 ne
2687 4991 2886 5046 corpus
2917 4974 3134 5044 quidem
3176 4971 3407 5032 fuisset;
3443 4986 3533 5025 ne-

1968 5086 2125 5127 cesse
2163 5079 2246 5126 est
2277 5071 2440 5124 etiam
2480 5067 2727 5138 corporis
2763 5068 3139 5121 characterem
3173 5080 3235 5117 ae
3267 5062 3535 5130 speciem,

1970 5161 2169 5217 Christi
2196 5160 2322 5216 dici.
2347 5158 2482 5213 Nam
2503 5159 2649 5214 sicut
2670 5172 2869 5226 corpus
2898 5154 3174 5225 proprium
3199 5152 3401 5207 Christi
3429 5160 3531 5212 est,

1972 5256 2052 5309 sic
2076 5264 2130 5307 et
2162 5255 2444 5307 character
2471 5252 2610 5305 haud
2648 5249 2960 5305 referendus
2990 5250 3054 5301 ad
3092 5254 3340 5300 naturam
3375 5241 3535 5297 Verbi

1971 5358 2054 5401 est
2091 5347 2233 5416 quod
2262 5346 2431 5399 forma
2475 5354 2646 5406 caret,
2675 5352 2728 5396 et
2758 5340 3096 5394 indeﬁnitum
3126 5347 3246 5401 esI-,
3283 5334 3538 5404 nullaque

1974 5439 2140 5508 figura
2173 5438 2490 5506 praeditum;
2518 5435 2611 5488 sed
2637 5433 2702 5486 ad
2731 5431 2888 5486 Verbi
2912 5445 3111 5500 corpus
3135 5429 3540 5494 humanamque

1972 5538 2216 5584 naturam
2248 5528 2484 5597 pertinet
2508 5526 2731 5596 ejusque
2769 5524 3021 5588 fortnam,
3060 5534 3124 5579 ex
3157 5522 3352 5593 quibus
3380 5519 3543 5575 Chri-
