3928 6142
177 353 264 418 317

864 357 1490 418 ANTJHRHETICUS
1545 359 1572 417 Ι
1624 359 1793 418 ADV.
1833 356 2424 418 CONSTANTINUM
2464 356 2678 415 COPR.

3307 351 3416 416 3E3

238 468 348 533 μς³ο
381 461 446 514 Τί
494 461 714 529 λέγεις;
764 465 1062 535 Προσέχεις
1091 469 1212 529 ταῖς
1252 465 1586 530 ἰδιαζούσαις
1630 466 1727 518 τῶν

1908 466 1998 519 46.
2035 464 2172 531 Quid
2209 463 2329 518 ais?
2356 462 2626 517 Mordicus
2661 462 2893 516 inhmrcs
2927 461 3158 530 propriis
3192 472 3412 515 natura-

179 556 377 626 φύσεων
424 557 666 622 φωναῖς,
703 556 799 607 καὶ
831 559 952 618 ταῖς
983 555 1083 624 μὲν
1121 559 1407 620 ταπειναῖς
1448 573 1736 610 συνταπει-

177 649 268 709 νοῖς
298 644 568 714 Χριστὸν,
614 645 937 715 ἀποστερῶν
989 647 1099 698 τῶν
1136 647 1296 700 θείων
1338 650 1432 700 καὶ
1483 647 1734 717 ὑψηλῶν,

178 736 256 788 καὶ
275 734 601 806 συμφθέγγῃ
619 737 732 796 τοῖς
751 737 861 796 σοῖς
885 735 1246 799 διδασκάλοις,
1269 736 1367 805 τὴν
1396 737 1738 807 Ἀρειανικὴν

179 824 355 894 μανίαν
399 825 656 891 νοσήσας.
695 825 828 888 Ταῖς
858 826 1088 896 ὑψηλαῖς
1130 825 1194 896 δὴ
1238 827 1476 896 ὲξαίρεις
1507 827 1616 879 τῶν
1644 845 1738 880 τα-

178 914 395 979 πεινῶν,
441 917 538 966 κα“ι
588 915 775 984 νέμεις
810 916 950 986 μόνα
987 918 1057 969 τὰ
1103 918 1316 987 ὑψηλὰ,
1363 919 1454 971 καὶ
1491 920 1737 990 συνᾴδεις

175 1006 270 1066 τοῖς
295 1006 410 1082 σοῖς
447 1005 776 1074 ύποφήταις,
815 1005 915 1075 τὴν
944 1007 1053 1060 τῶν
1092 1007 1365 1078 βδελυρῶν
1393 1010 1702 1080 Εύτυχιτῶν
1720 1051 1734 1075 ,

179 1094 565 1165 ἢοίκειὸτερον
601 1097 816 1157 εἰπεῖν,
861 1098 1182 1167 Μανιχαίων
1226 1099 1442 1170 ληρώδη
1499 1103 1594 1154 καὶ
1634 1119 1736 1169 φα-

182 1186 421 1255 σματώδη
484 1186 890 1256 μυθοπλαστίαν
942 1188 1214 1258 ζηλώσας.
1287 1191 1448 1246 Ἀλλὰ
1498 1193 1581 1244 σοὶ
1635 1192 1736 1261 μὲν

183 1277 366 1346 ῥᾴδιον,
417 1275 566 1341 ἅπαξ
595 1278 731 1347 πρὸς
765 1277 923 1348 ὕϐριν
956 1281 1048 1332 καὶ
1080 1281 1398 1350 καθαίρεσιν
1424 1283 1524 1346 τῆς
1557 1299 1736 1350 σωτη-

185 1369 280 1436 ρίου
299 1368 618 1436 οἰκονομίας
647 1372 1072 1440 καταντήσαντι,
1103 1375 1215 1435 τοῖς
1248 1373 1510 1434 τοιούτοις
1545 1376 1728 1443 ὲντρν-

187 1457 275 1526 φᾷν
315 1459 690 1528 ἀτοπήμασιν.
763 1460 1011 1513 Ἐπειδὰν
1067 1461 1124 1513 δὲ
1170 1463 1636 1527 ἀντιπεπονθότως
1677 1468 1734 1518 ὲν

184 1546 377 1610 τούτοις
427 1548 747 1619 θεωρεῖται,
780 1544 890 1602 οἷον
943 1552 975 1621 ἡ
1015 1553 1112 1619 μὲν
1149 1554 1527 1624 προσηγορία,
1559 1556 1735 1608 οἰκεία

181 1638 258 1689 καὶ
294 1637 440 1708 ίδικὴ
487 1642 551 1709 τῇ
590 1639 710 1691 καθ’
763 1641 907 1708 ἡμᾶς
959 1641 1150 1712 οὐσίᾳ·
1200 1642 1270 1695 τὰ
1305 1643 1362 1696 δὲ
1396 1645 1524 1714 περὶ
1567 1645 1733 1715 αὐτὴν

181 1729 563 1798 ἐκφαινόμενα,
592 1733 658 1799 τῇ
687 1730 830 1799 ὑπὲρ
850 1733 998 1800 ἡμᾶς
1030 1733 1288 1803 ἁρμόδια,
1315 1735 1367 1786 τί
1397 1734 1728 1805 ύπολήψοιος

1839 572 1959 609 rum
1987 555 2255 609 vocabulis
2277 594 2292 619 ,
2346 563 2398 608 el
2432 555 2514 608 his
2543 568 2665 622 qua!
2710 561 2836 606 sunt
2883 553 3105 606 humilia
3139 554 3409 606 Christum

1837 647 2128 716 deprimis,
2167 646 2364 700 divinis
2392 656 2445 700 et
2475 644 2704 700 excelsis
2752 645 2969 698 dotibus
2998 645 3238 710 spolians
3261 683 3277 708 ,
3307 644 3412 697 tuis

1839 738 2090 790 nimirum
2141 735 2415 805 magistris
2459 749 2801 798 consonans,
2857 745 2912 787 et
2947 735 3146 788 Ariana
3198 735 3408 788 insania

1838 829 2116 883 laborans.
2149 828 2392 882 Excelsis
2424 838 2602 880 autem
2629 825 2912 879 vocabulis
2948 825 3168 878 humilia
3204 824 3406 888 aboles,

1836 920 2058 988 solaque
2107 919 2362 974 sublimia
2405 904 2634 978 tribuis.
2676 919 3025 985 concinisqne
3068 917 3407 984 inspiralori-

1837 1012 1934 1064 bus
1967 1011 2091 1074 tuis,
2123 1010 2603 1064 abominandorum
2633 1009 3093 1077 Eutychianormn
3122 1007 3204 1058 vel
3230 1007 3408 1073 potius

1837 1099 2254 1153 Manichaeorum
2291 1097 2401 1167 (64)
2432 1097 2632 1152 deliras
2667 1097 3148 1166 phantasticasque
3195 1095 3406 1148 fabulas

1836 1189 2117 1244 :rmulans.
2156 1187 2261 1242 Sed
2311 1188 2402 1241 tibi
2435 1189 2652 1256 quidem
2708 1187 2864 1240 facile
2911 1195 3032 1248 est,
3077 1201 3143 1240 ex
3191 1201 3298 1253 quo
3338 1185 3404 1236 ad

1836 1280 2261 1348 gonculcandam
2287 1279 2780 1345 destruendamque
2805 1277 3164 1329 mronomiam
3200 1277 3404 1328 incmn-

1836 1371 1919 1425 bis
1942 1410 1956 1434 ,
1987 1369 2136 1423 hisce
2183 1367 2610 1420 ahsurditatibus
2640 1365 2920 1420 oblectavi.
2955 1365 3057 1418 Sed
3106 1380 3228 1418 cum
3277 1380 3401 1416 ver-

1835 1477 1950 1515 sam
1987 1462 2156 1514 vicem
2183 1460 2236 1513 in
2271 1459 2354 1512 his
2379 1458 2828 1526 Spectaverimus,
2861 1471 3050 1524 nempe
3071 1473 3192 1508 cum
3223 1456 3406 1523 appel-

1837 1551 1964 1604 latio
2008 1552 2220 1619 quidem
2266 1549 2482 1618 propria
2535 1557 2620 1601 est
2659 1559 2712 1600 et
2747 1545 3038 1614 peculiaris
3088 1547 3402 1599 substantia:

1837 1650 2068 1703 noslrm;
2118 1649 2353 1692 attamen
2405 1653 2526 1706 quae
2557 1638 2622 1691 de
2649 1652 2711 1691 ea
2762 1637 3145 1706 praedicantur,
3197 1646 3403 1690 ιιιιῑιιιιιι

1835 1744 1994 1796 supra
2048 1739 2286 1782 nostram
2335 1738 2460 1780 sunt
2505 1727 2924 1789 convenientia,
2972 1727 3102 1793 quid
3156 1727 3405 1794 putabis?

180 1819 244 1870 Οὐ
279 1820 388 1888 γὰρ
422 1819 486 1887 δὴ
543 1820 734 1890 ὥσπερ
790 1821 852 1873 τὸ
901 1822 1136 1892 Χριστός
1179 1823 1352 1894 ὄνομα
1404 1827 1581 1878 κοινὸν
1636 1826 1727 1878 καὶ

1833 1817 1944 1872 Non
1994 1821 2138 1872 enim
2179 1818 2335 1871 siculi
2371 1817 2620 1871 Christus
2668 1832 2957 1870 commune
3026 1831 3218 1872 nomen
3267 1818 3399 1869 dua-

179 1905 458 1973 δηλωτικὸν
484 1908 592 1960 τῶν
613 1907 708 1961 δύο
733 1909 950 1975 φύσεὼν
975 1911 1142 1976 ὲστιν,
1168 1911 1310 1966 οὕτω
1334 1913 1427 1967 καὶ
1457 1913 1689 1968 ἐνταῦθα
1709 1931 1725 1946 ·

180 1993 294 2046 ἀλλὰ
322 1994 411 2048 διὰ
438 1997 536 2063 τῆς
566 1996 873 2068 ίδιαζούσης
900 1999 993 2051 καὶ
1020 2000 1257 2070 φυσικῆς
1287 2003 1603 2070 ὀνομασίας,
1635 2003 1730 2056 καὶ

180 2086 236 2138 τὰ
263 2089 359 2156 τῆς
393 2087 817 2158 συνυφεστώσης
873 2093 1284 2162 συνεισφέρεται
1312 2094 1498 2157 οὐσίας
1545 2095 1732 2148 πλεον-

182 2179 494 2248 εκτήματα,
547 2180 636 2233 διὰ
684 2181 782 2252 τὴν
827 2185 956 2252 περὶ
991 2185 1188 2238 ταύτὸν
1223 2187 1568 2257 ἐπαλλαγὴν,
1623 2188 1730 2241 τῶν

181 2267 472 2338 ἰδιωμάτων
501 2273 846 2342 κιρναμένων
879 2275 1146 2344 ἀλλήλοις,
1185 2276 1376 2348 ὥσπερ
1404 2277 1468 2348 δὴ
1499 2278 1589 2330 καὶ
1622 2278 1728 2330 τῶν

176 2357 409 2422 φύσεων,
453 2360 594 2412 κατά
619 2361 679 2413 τὸ
715 2363 1171 2433 ἐκκλησιαστικὸν
1211 2365 1488 2435 φρόνημα.
1522 2369 1583 2418 Τί
1619 2367 1726 2437 γὰρ

177 2449 353 2518 φήσεις
381 2450 517 2520 πρὸς
549 2452 639 2503 τό·
698 2453 832 2505 Ἐὰν
861 2455 1024 2521 ἴδητε
1051 2458 1155 2510 τὸν
1197 2460 1336 2512 Υἱὸν
1366 2459 1468 2512 τοῦ
1503 2458 1724 2525 ἀνθρὼ-

174 2554 279 2592 nov
318 2542 724 2595 ἀναϐαίνοντα
777 2544 929 2598 ὅπου
967 2543 1044 2614 ἦν
1092 2549 1158 2600 τὸ
1203 2551 1532 2616 πρότερον·
1590 2549 1719 2601 καί·

177 2627 372 2691 Οὐδεὶς
415 2629 783 2698 ἀναϐέϐηκεν
807 2635 895 2697 εἰς
934 2633 1041 2686 τὸν
1074 2637 1354 2703 οὐρανὸν,
1387 2640 1438 2690 εί
1471 2635 1556 2705 μὴ
1589 2639 1621 2689 δ
1656 2637 1725 2689 ἐκ

174 2717 264 2770 τοῦ
287 2719 546 2786 οὐρανοῦ
567 2726 846 2788 καταϐὰς,
868 2728 901 2778 ό
941 2727 1063 2792 Υἱὸς
1094 2728 1196 2781 τοῦ
1217 2729 1529 2796 ἀνθρώπου
1553 2742 1564 2756 '
1597 2729 1687 2780 καί
1707 2743 1721 2758 ο

169 2809 291 2862 Εἰσί
353 2828 519 2876 τινες
558 2813 676 2866 τῶν
717 2810 833 2869 ὦδε
879 2817 1226 2882 ἑστηκότων
1265 2821 1484 2883 οἵτινες
1523 2821 1594 2872 οὐ
1639 2819 1724 2887 μὴ

168 2899 484 2964 γεύσωνται
517 2902 776 2958 θανάτου
797 2945 810 2968 ,
845 2905 954 2971 ἕως
983 2905 1060 2961 ἂν
1091 2907 1262 2960 Ζδωσι
1303 2910 1407 2962 τὸν
1453 2909 1589 2961 Υίὸν
1620 2908 1727 2961 τοῦ

169 2987 471 3056 ἀνθρώπου
499 2991 827 3060 ἐρχόμενον
849 2995 918 3046 ἐν
939 2995 1012 3062 τῇ
1028 2997 1318 3064 ,ϐασιλείᾳ
1340 2996 1526 3050 αὐτοῦ
1550 3013 1564 3026 ο
1593 2997 1685 3049 καί
1707 3014 1719 3026 ·

170 3079 375 3134 Μέλλει
395 3085 426 3135 ό
451 3084 584 3148 Υἱὸς
601 3083 707 3136 τοῦ
729 3084 1044 3152 ἀνθρώπου
1068 3086 1352 3154 ἔρχεσθαι
1376 3089 1445 3140 ἐν
1473 3087 1548 3154 τῇ
1574 3088 1724 3155 δόξῃ

172 3164 264 3218 τοῦ
287 3169 519 3236 Πατρός
550 3171 736 3225 αὐτοῦ
763 3173 908 3238 μετὰ
929 3173 1048 3226 τῶν
1075 3174 1344 3243 ἀγγέλων
1372 3175 1686 3245 τῶνάγίων
1707 3220 1720 3232 .

1835 1926 2062 1978 rumque
2095 1919 2405 1964 naturarum
2444 1911 2926 1963 ιιειηοιιειιοειιίνιιιιι
2955 1921 3076 1973 est,
3128 1909 3200 1961 ita
3231 1918 3284 1961 et
3318 1909 3403 1962 hic

1836 2001 2121 2061 usuvenit,
2157 1998 2249 2053 sed
2279 2015 2399 2054 cmn
2435 1999 2692 2068 peculiari
2727 2009 2780 2052 et
2829 2000 3052 2069 physica
3089 1999 3402 2053 denomina-

1839 2093 1982 2146 tiune
2029 2092 2288 2146 sublimes
2315 2107 2530 2159 quoque
2569 2093 2936 2161 praerogativa:
2965 2085 3185 2144 alterius
3220 2091 3404 2142 eoi-xi-

1836 2183 2028 2235 stentis
2060 2181 2376 2234 substantia:
2418 2190 2835 2242 connectuntur,
2885 2191 3106 2248 propter
3134 2179 3406 2234 vicissitu-

1838 2272 2052 2333 dinem,
2106 2273 2159 2322 in
2209 2271 2396 2324 eodem
2451 2270 2696 2335 subjecto
2754 2270 3166 2324 communicatis
3218 2279 3400 2320 mutuo

1835 2362 2176 2415 idiomatihus
2211 2375 2361 2430 mque
2389 2376 2450 2414 ac
2477 2364 2876 2429 naturis,pront
2897 2360 3256 2414 ecclesiastica
3278 2373 3400 2412 sen-

1832 2453 1998 2503 tentia
2031 2460 2132 2504 est.
2159 2449 2290 2502 Nam
2321 2450 2449 2518 quid
2478 2451 2543 2502 ad
2568 2451 2668 2504 hos
2695 2451 2842 2504 locos
2861 2451 3006 2501 dices
3037 2449 3060 2500 ?
3091 2446 3150 2502 Si
3171 2449 3398 2500 videritis

1833 2539 2033 2591 Filium
2083 2540 2306 2592 hominis
2349 2539 2474 2592 illuc
2527 2539 2884 2593 ascendentem
2915 2539 3001 2591 ubi
3031 2539 3176 2605 prius
3205 2536 3394 2592 erat".

1834 2629 1896 2682 Et
1928 2647 1941 2684 :
1975 2627 2141 2682 Nemo
2182 2631 2412 2682 ascendit
2439 2631 2491 2681 in
2525 2630 2738 2692 calum,
2783 2631 2886 2682 nisi
2916 2630 3004 2697 qui
3035 2627 3298 2680 descendit
3337 2627 3402 2676 de

1821 2719 1947 2772 caelo
2003 2717 2179 2772 Filius
2234 2720 2463 2773 hominis
2490 2721 2557 2772 '“.
2599 2719 2663 2771 Et
2717 2738 2729 2773 :
2769 2720 2904 2774 Sunt
2965 2719 3178 2784 quidam
3215 2719 3278 2769 de
3315 2717 3397 2768 hic

1823 2809 2244 2878 astantibus,qui
2291 2826 2391 2862 non
2421 2810 2706 2879 gustabunt
2739 2822 2980 2873 mortem,
3001 2811 3158 2862 donec
3189 2808 3395 2860 rideant

1831 2899 2030 2953 Filium
2074 2901 2299 2954 hominis
2329 2903 2607 2956 venientem
2655 2903 2709 2955 in
2744 2917 2954 2970 regnum
2995 2916 3148 2952 suum
3194 2899 3256 2953 ⁷³.
3281 2898 3344 2950 Et
3379 2914 3394 2949 :

1837 2996 2086 3049 Venturus
2117 3006 2190 3050 est
2234 2995 2408 3050 Filius
2450 2998 2676 3051 hominis
2733 3014 2836 3051 non
2882 2998 2994 3051 sine
3023 2996 3188 3066 gloria
3218 2993 3396 3047 Patris

1827 3089 1911 3140 sui
1943 3104 2056 3140 cum
2089 3087 2284 3157 angelis
2317 3087 2513 3141 sanctis
2541 3088 2606 3140 ⁷⁸.

230 3253 371 3328 Ἀρα
399 3260 494 3313 οὖν
525 3262 813 3331 προσέχεις
833 3263 1011 3332 ψιλοῖς
1039 3268 1151 3326 τοῖς
1177 3266 1428 3337 ὀνόμασι,
1456 3268 1550 3321 καὶ
1583 3271 1693 3321 νοεῖ
1708 3312 1718 3328 ,

1896 3265 2030 3319 Num
2063 3266 2472 3336 tnigiturnudis
2493 3267 2735 3321 adhaeres
2785 3266 3112 3328 nominibus,
3165 3267 3397 3334 cogitas-

175 3348 434 3414 βασιλείαν
487 3350 778 3421 ἀνθρώπου
832 3353 1050 3406 αἰώνιον
1093 3357 1186 3410 καὶ
1225 3359 1591 3424 ἀκατάλυτον;
1634 3360 1727 3411 καὶ

176 3436 444 3510 ἄνθρωπον
500 3441 578 3501 εἰς
624 3440 714 3494 τὸν
749 3441 974 3510 οὐρανὸν
1041 3445 1499 3514 προῦπάρχοντα;
1547 3447 1640 3498 καὶ
1670 3446 1726 3511 ἐξ

172 3530 386 3599 ούρανοῦ
414 3529 672 3584 κατιόντα
701 3534 794 3586 καὶ
819 3533 979 3586 πάλιν
999 3534 1078 3597 είς
1103 3535 1329 3604 οὐρανὸν
1350 3537 1566 3589 ἀνιόντα
1592 3553 1606 3602 ;
1635 3538 1727 3589 καὶ

173 3619 445 3688 ἀνθρώπου
473 3620 877 3690 ὀνομαζομένου
913 3623 1126 3694 πατέρα
1158 3620 1296 3676 εἶναι
1327 3626 1419 3677 τὸν
1453 3625 1584 3677 Θεὸν
1631 3626 1726 3678 καὶ

172 3709 418 3780 Πατέρας
456 3712 528 3763 Ἦ
572 3712 905 3775 ἀποσκοπεῖς
935 3713 1068 3784 πρὸς
1101 3715 1200 3785 τὴν
1239 3715 1344 3768 τῶν
1390 3719 1728 3787 πραγμάτων

172 3796 320 3862 φύσιν
354 3800 447 3850 καὶ
483 3798 654 3868 αὐτὴν
702 3799 800 3870 τὴν
827 3799 1087 3871 ἀλήθειαν
1112 3841 1126 3864 ,
1187 3802 1282 3856 καὶ
1327 3805 1724 3873 ἁποσεμνύνεις

168 3889 594 3960 ἐκπληττόμενος
623 3891 683 3943 τὸ
720 3892 864 3961 μέγα
914 3893 1015 3962 τῆς
1053 3895 1366 3966 οἰκονομίας
1404 3899 1723 3968 μυστήριον,

169 3981 252 4031 καὶ
272 3980 338 4033 τὰ
361 3981 491 4050 περὶ
519 3982 690 4051 αὐτῆς
732 3983 1004 4053 λεγόμενά
1035 4002 1094 4037 τε
1145 3987 1238 4039 καὶ
1272 3987 1535 4054 νοούμενα
1587 3989 1727 4041 κατὰ

167 4069 253 4138 τὴν
273 4069 628 4124 διδασκαλίαν
669 4072 868 4143 ἐκδέχῃ
896 4073 996 4144 τῆς
1025 4074 1324 4144 καθολικῆς
1370 4076 1721 4145 Ἐκκλησίας,

165 4159 219 4211 οὔ
248 4161 534 4230 προσέχων
563 4161 751 4230 ψιλαῖς
784 4165 906 4225 ταῖς
939 4167 1141 4232 φωναῖς
1177 4165 1271 4217 καὶ
1297 4168 1412 4229 τοῖς
1439 4166 1723 4236 ὀνόμασιν,

168 4249 242 4301 ἵνα
268 4251 344 4322 μὴ
397 4255 491 4304 καὶ
535 4253 634 4318 τῆς
679 4254 954 4323 σωτηρίας
987 4255 1158 4326 αὐτῆς
1196 4257 1514 4324 ἀποτεύξοιο
1541 4273 1554 4288 °
1592 4257 1726 4312 ἀλλὰ

166 4341 365 4404 τούτοις
397 4341 672 4414 ἐρρῶσθαι
707 4344 942 4415 φράσας,
973 4349 1086 4408 τοῖς
1118 4348 1506 4419 χρησμῳδοῦσι
1536 4349 1591 4402 δὲ
1631 4350 1724 4402 καὶ

166 4431 378 4498 ἄγουσιν
407 4432 674 4498 ὑπείκων,
703 4436 797 4488 ἐπὶ
826 4436 887 4490 τὸ
916 4439 1306 4509 καταγορεύειν
1335 4439 1433 4509 τῆς
1464 4440 1726 4510 ἀληθείας

166 4523 370 4593 καὶτῆς
398 4523 490 4576 τοῦ
520 4525 758 4594 Χριστοῦ
803 4527 1116 4598 οἰκονομίας
1147 4529 1390 4600 ἀνοήτως
1416 4531 1513 4584 καὶ
1533 4531 1725 4585 δυσσε-

1828 3372 1930 3421 que
1972 3371 2191 3426 regnum
2228 3357 2461 3411 hominis
2496 3369 2760 3412 aeternum
2808 3368 2860 3412 et
2897 3360 3312 3414 indissolubile?
3345 3372 3395 3414 ct

1829 3447 2096 3501 hominem
2134 3449 2186 3502 in
2213 3448 2348 3502 ccelo
2371 3451 2804 3519 prmexistcntcm
2824 3451 2847 3503 ?
2865 3461 2915 3504 et
2940 3451 3002 3504 de
3023 3451 3160 3505 ςαιιο
3179 3453 3398 3506 descen-

1826 3537 2038 3590 dentem
2088 3554 2382 3607 rursusque
2424 3540 2549 3595 illuc
2596 3543 3002 3596 revertentem?
3059 3550 3115 3595 ct
3142 3543 3396 3612 appellad

1829 3626 2064 3680 hominis
2095 3630 2392 3697 genitorem
2420 3631 2583 3684 Deum
2612 3632 2827 3686 Patrem
2861 3633 3022 3686 esse?
3049 3633 3184 3696 Quin
3217 3643 3267 3685 tu
3306 3649 3400 3699 po-

1830 3719 1936 3770 tius
1973 3721 2038 3772 ad
2072 3735 2250 3774 rerum
2281 3731 2555 3788 gestarum
2587 3733 2833 3777 naturam
2881 3724 3162 3793 ipsamque
3194 3727 3397 3777 verita-

1829 3819 1934 3863 tem
1981 3810 2228 3879 respice;
2281 3821 2334 3866 ct
2381 3828 2499 3866 cum
2553 3823 2774 3882 stupore
2822 3815 3096 3868 admirare
3147 3832 3395 3884 magnum

1827 3901 2141 3956 oeconomia:
2165 3903 2502 3972 mysterium,
2531 3918 2757 3974 quicque
2789 3905 2854 3958 de
2877 3920 2937 3958 ea
2961 3906 3210 3958 dicuntur
3238 3916 3397 3974 atque

1827 3992 2122 4047 creduntur
2161 3993 2310 4062 juxta
2376 3995 2655 4048 catholicm
2720 3995 2977 4048 Ecclesia:
3026 3997 3393 4064 magisterium

1827 4082 2093 4147 admitte,
2136 4083 2276 4136 haud
2310 4085 2420 4150 jam
2481 4084 2636 4136 turdis
2686 4085 2972 4138 attendens
3013 4085 3286 4138 vocabulis
3331 4101 3396 4137 ac

1825 4174 2156 4238 nominibus,
2196 4188 2260 4226 nc
2295 4175 2520 4229 salutem
2561 4183 2706 4229 tuam
2751 4177 2994 4246 abjicias.
3031 4177 3133 4230 Sed
3179 4176 3299 4229 hem
3338 4188 3390 4228 tu

1828 4265 1976 4320 hisce
2004 4267 2252 4321 omnibus
2295 4267 2634 4330 valedicens.
2673 4269 2884 4322 vatibus
2917 4268 3022 4324 tuis
3057 4268 3392 4336 ducibusque

1825 4361 2163 4430 obsequens,
2197 4361 2263 4414 ad
2303 4361 2735 4416 calmnniandam
2770 4362 3053 4416 veritatem
3089 4361 3396 4428 Christique

1827 4450 2184 4505 oeconomiam
2230 4451 2398 4505 stulte
2452 4451 2722 4522 impieque
2754 4452 3022 4520 procedis.
3062 4450 3170 4506 Nos
3217 4460 3394 4503 autem

1828 4543 1960 4595 istos
1992 4541 2259 4606 homines,
2292 4542 2384 4611 qui
2422 4542 2490 4597 de
2535 4543 2846 4598 nominibus
2879 4553 3140 4614 pugnant,
3171 4544 3221 4596 in
3256 4545 3394 4596 nuda

167 4611 265 4676 δὼς
300 4614 716 4685 προελήλυθας;
772 4617 964 4687 Ἡμεῖς
1004 4618 1059 4670 δὲ
1101 4619 1228 4682 τοὺς
1277 4620 1724 4692 ὀνοματομὰχους

1833 4630 2214 4686 vocabulorum
2246 4641 2492 4700 perstare
2519 4633 2900 4701 praedicatione
2943 4635 3203 4699 sineules,
3233 4645 3397 4703 atque

166 4702 247 4755 ἐπὶ
266 4707 366 4775 τῆς
415 4705 522 4758 τῶν
551 4707 832 4774 ὀνομάτων
888 4708 1050 4778 ψιλῆς
1092 4710 1346 4764 ἵστασθαι
1386 4713 1728 4780 ἀπαγγελίας

165 4793 570 4857 καταλιπόντες,
598 4797 694 4848 καὶ
723 4799 1120 4866 προσπαλαίειν
1146 4803 1268 4862 ταῖς
1292 4802 1588 4876 συλλαϐαῖς
1629 4805 1726 4856 καὶ

163 4880 232 4950 τῷ
249 4883 545 4952 γράμματι
577 4884 916 4950 ὑπενδόντες,
947 4888 1039 4940 ἐπὶ
1068 4889 1168 4958 τὴν
1213 4891 1314 4959 τῆς
1341 4891 1602 4960 ἀληθείας
1629 4895 1726 4945 καὶ

164 4971 262 5024 τῶν
285 4975 628 5045 πραγμάτων
669 4977 849 5029 αὐτῶν
898 4978 1124 5048 δύναμιν
1156 4981 1576 5052 ἀπευθυνόμεθα
1632 4985 1726 5036 καί⁵

161 5058 510 5128 ἀνανεύομεν,
542 5060 618 5124 ὡς
638 5063 696 5114 ὲν
737 5063 931 5133 βραχεῖ
953 5067 1019 5118 τὰ
1039 5067 1266 5121 τοιαῦτα
1297 5069 1722 5142 διεξερχόμενοι.

226 5149 337 5218 [ιζ’.
374 5152 609 5204 Λεκτέον
642 5152 822 5206 τοίνυν
842 5155 916 5218 ὼς
944 5156 1004 5209 τὸ
1029 5158 1257 5228 Χριστός
1284 5160 1478 5232 ὄνομα,
1530 5163 1725 5233 ὁμολο-

160 5240 437 5308 γουμένως
461 5242 558 5310 μὲν
583 5243 684 5311 τὴν
716 5243 884 5298 δυάδα
919 5247 1027 5299 τῶν
1059 5249 1422 5322 φύσεωνήμῖν
1453 5255 1727 5326 παρίστη-

165 5344 242 5380 σιν
277 5331 338 5382 tv
362 5334 428 5402 τῇ
453 5333 902 5403 μιᾷ,ὑποστάσει,
938 5338 1012 5401 ὡς
1058 5340 1322 5406 πολλάκις
1350 5343 1408 5397 ἐν
1435 5347 1550 5408 τοῖς
1596 5363 1729 5416 προ-

161 5416 386 5475 λαϐοῦσι
441 5423 780 5495 πλατύτερον
852 5428 1093 5498 εἴρηται⁸
1153 5433 1186 5502 ἡ
1245 5433 1302 5485 δὲ
1362 5433 1720 5499 θεόπνευστος

224 5553 272 5585 ’⁸
320 5551 471 5611 Joan.
515 5559 700 5622 vr,65.
778 5561 819 5590 “
861 5559 1014 5617 .loan.
1054 5580 1133 5628 Ill,
1175 5565 1260 5620 l5.

1337 5567 1380 5598 ⁷⁹
1410 5567 1600 5623 Matth.
1647 5585 1758 5634 va,
1783 5570 1872 5627 28.

1834 4730 1892 4774 ut
1938 4723 1990 4775 in
2038 4721 2262 4793 syllabis
2292 4722 2576 4792 litteraque
2608 4723 2969 4794 digladientur
3006 4727 3393 4787 concedentes,

1833 4811 1897 4862 ad
1929 4809 2174 4863 veritatis
2205 4825 2493 4879 rerumque
2517 4812 2750 4878 ipsarum
2777 4813 2882 4864 vim
2910 4829 3037 4865 rom
3051 4813 3157 4865 ersi
3187 4820 3395 4880 specto.

1836 4913 1973 4968 mus,
2007 4900 2344 4968 breviterque
2376 4900 2514 4952 hanc
2543 4904 2916 4970 expiancmus.

1898 5169 1988 5226 47.
2049 5171 2339 5226 Dicendum
2393 5183 2476 5229 cst
2532 5175 2712 5244 itaque
2781 5174 2980 5230 Christi
3040 5188 3231 5228 nomen
3279 5174 3396 5226 sine

1830 5261 1991 5314 dubio
2021 5273 2332 5316 naturarum
2360 5264 2674 5321 dualitatem
2699 5267 2852 5320 nobis
2874 5265 3176 5334 signiﬁcare
3210 5266 3261 5318 in
3288 5281 3393 5317 una

1831 5347 2128 5418 hypostasi,
2161 5360 2320 5417 prout
2352 5368 2492 5422 sape
2523 5353 2572 5406 in
2596 5355 2964 5423 superioribus
2998 5355 3158 5408 latius
3191 5355 3392 5407 dictum

1831 5437 1948 5492 fuit.
1979 5437 2239 5507 lnspirata
2269 5453 2448 5496 autem
2478 5442 2734 5498 divinitus
2759 5443 3064 5513 Scriptura,
3091 5454 3144 5499 et
3173 5441 3392 5497 Patrum

1951 5573 1996 5604 ⁷³
2026 5573 2156 5628 ibid.
2182 5574 2271 5629 27.

221 5707 343 5779 (64)
373 5709 562 5768 Recole
603 5715 752 5768 dicta
801 5715 864 5768 de
898 5716 1060 5770 variis
1111 5718 1485 5774 haereticorum
1526 5723 1710 5790 sectis,
1754 5742 1804 5794 p.
1840 5726 1932 5791 51,
1968 5729 2093 5782 adn.
2122 5729 2211 5780 ‘26.
