3928 6142
549 277 663 347 ειο

1576 281 1635 341 S.
1677 280 2094 340 NICEPHORI
2134 279 2650 340 PATRIARCH/E
2683 281 2817 342 GP.-

3698 284 3794 352 320

552 392 1015 464 summatestliﬁ),
1038 392 1274 449 nominis
1293 393 1617 465 dignitatem
1642 398 1820 465 magni
1851 396 2122 460 facientes,

2236 395 2454 466 Γραφὴ,
2491 395 2586 449 καὶ
2623 396 2730 448 τῶν
2776 394 3036 464 Πατέρων
3083 395 3134 446 οἰ
3163 393 3432 465 ἔκκριτοι,
3461 393 3532 448 τὰ
3585 396 3676 452 ἐπὶ
3723 401 3795 472 τῷ

556 484 887 539 multimodis
918 485 1339 554 signiﬁcationes
1370 486 1486 550 ejus
1518 495 1840 554 acceperunt
1865 526 1879 548 .
1913 497 1965 539 et
2012 502 2133 555 pcr-

556 574 877 629 mutationis
905 586 1066 643 alque
1106 576 1564 644 appropriationis
1602 579 1761 631 modo
1808 579 1860 630 in
1890 577 2129 646 ejusdem

551 667 818 720 exercitio
846 668 924 721 usi
975 678 1122 720 sunt.
1158 666 1291 721 Cum
1332 668 1477 721 enim
1523 668 1730 722 Christi
1779 676 2002 724 naturas
2036 686 2133 739 per

552 755 667 825 62
693 772 752 811 se
783 771 1023 811 seorsum
1055 767 1331 825 spectant,
1382 758 1432 809 id
1460 768 1541 811 est
1572 760 1821 812 deitatem
1849 769 1905 814 et
1944 762 2131 815 huma-

558 847 780 901 nitatem
826 848 944 916 (ha:
993 861 1120 901 sunt
1153 848 1296 901 enim
1351 848 1775 903 sultstautiartnn
1815 850 2133 907 denomina-

558 936 952 1006 tiones),-tnnc
979 953 1097 1006 quae
1120 948 1246 992 sunt
1275 939 1491 1007 propria
1523 948 1577 991 et
1623 939 1942 995 naturaliter
1972 942 2134 998 inhre-

558 1025 768 1089 rentia,
808 1026 1025 1095 utrique
1071 1028 1345 1096 sigillatim
1382 1038 1586 1082 natura:
1633 1028 1916 1097 tribuunt;
1958 1050 2132 1101 neque

556 1113 701 1166 dieta
737 1115 801 1168 de
834 1131 935 1168 nua
968 1132 1030 1168 ex
1079 1117 1165 1169 his
1197 1119 1523 1181 natura,.de
1550 1117 1718 1175 altera
1749 1138 1962 1191 quoque
1996 1140 2131 1191 prte-

555 1204 779 1257 dicant:
819 1221 940 1257 nam
974 1223 1145 1276 neque
1175 1208 1433 1262 deitatem
1466 1218 1706 1265 creatam
1746 1213 2132 1279 passibilemre

554 1294 838 1364 dicerent;
882 1312 1059 1367 neque
1104 1300 1338 1354 vicissim
1385 1300 1779 1357 humanitatem
1833 1304 2128 1359 increatam

556 1395 651 1437 aut
695 1386 1154 1455 incorruptiliilem
1189 1391 1704 1460 ant‘impassibilem
1759 1394 2126 1463 appellarent,

560 1476 836 1548 multoque
873 1481 1050 1534 minus
1081 1498 1172 1537 eas
1204 1485 1431 1539 invicem
1460 1489 1693 1555 compati
1722 1488 1985 1551 dicerent,
2018 1491 2127 1545 sic-

558 1575 615 1619 ut
663 1567 907 1623 hodierni
955 1571 1297 1640 dOgmatistte
1347 1576 1683 1631 existimant.
1755 1578 1886 1632 Cum
1941 1590 2124 1635 autem

554 1660 908 1726 compositam
947 1678 1012 1716 ex
1064 1664 1149 1718 his
1195 1664 1567 1735 hypostasim,
1624 1683 1723 1722 ceu
1778 1685 1939 1723 unum
1997 1672 2125 1739 quid

2233 484 2461 554 ὀνόματι
2491 483 2857 554 μεγαλοφυῶς
2902 483 3259 554 θεωροῦντες,
3304 484 3577 553 διαφόρως
3617 488 3683 541 τὰ
3708 490 3796 560 δη.

2232 574 2467 644 λούμενοι
2525 575 2859 644 ὲξειλήφασι,
2897 576 2972 645 τῷ
3000 592 3061 627 τε
3111 575 3573 644 τῆς-ἀντιδόσεως
3621 582 3794 652 τρόπῳ

2233 668 2329 719 καὶ
2352 664 2704 732 οἱκειώσεως,
2740 670 2817 729 εἰς
2851 668 2919 720 τὰ
2952 668 3083 737 περὶ
3123 666 3292 720 αὑτοῦ
3337 671 3792 740 συγχρησάμενοι.

2235 757 2363 810 Ὅτε
2397 757 2496 826 μὲν
2527 757 2636 828 γὰρ
2659 759 2759 821 τὰς
2788 759 2927 812 κατὰ
2959 759 3191 829 Χριστὸν
3217 758 3411 828 φύσεις
3442 761 3561 813 καθ’
3603 762 3790 825 ἑαυτὰς

2234 848 2554 920 θεωροῦσιν,
2587 851 2707 921 ἦτοι
2758 852 2987 920 θεότητα
3034 850 3130 904 καὶ
3164 851 3583 922 ἁνθρωπότητα,
3636 854 3794 908 ταῦτα

2233 938 2343 1007 γὰρ
2364 937 2471 990 τῶν
2501 939 2702 991 οὐσιῶν
2731 940 2847 991 ἐστι
2880 938 3175 1009 δηλωτικὰ,
3206 938 3276 990 τὰ
3307 940 3485 991 οἰκεῖα
3504 940 3599 991 καὶ
3638 956 3794 1009 προσ-

2233 1027 2363 1080 όντα
2427 1028 2669 1095 φυσικῶς
2722 1029 2983 1098 ἑκατέρᾳ,
3020 1028 3502 1097 κυριολεκτοῦντες
3543 1029 3793 1098 ὲκνέμου-

2235 1134 2319 1170 σιν
2353 1132 2366 1147 °
2396 1119 2455 1170 οὑ
2493 1119 2598 1189 μὴν
2627 1118 2769 1189 ἆπερ
2808 1119 2931 1171 καθ’
2963 1120 3157 1189 ἑτέρας
3188 1120 3407 1188 λέγεται
3443 1120 3681 1187 φύσεως,
3710 1123 3793 1173 καὶ

2232 1208 2467 1279 θατέροις
2495 1210 3035 1281 ἀντικατηγοροῦσιν.
3055 1208 3194 1262 Οὑτε
3208 1212 3316 1281 γὰρ
3333 1210 3564 1280 θεότητα
3583 1211 3794 1279 κτιστὴν

2231 1300 2269 1370 ἢ
2316 1300 2587 1370 παθητὴν-
2615 1300 2855 1354 εἴποιεν·
2904 1299 3015 1353 οὐδ’
3054 1300 3125 1353 αὖ
3184 1301 3346 1354 πάλιν
3412 1301 3792 1371 ἀνθρωπότητα

2231 1391 2506 1457 ἄκτιστον,
2556 1390 2589 1461 ἢ
2637 1390 2935 1461 ἄφθαρτον.
2972 1391 3004 1461 ἢ
3042 1391 3224 1460 ἀπαθῆ
3282 1392 3536 1461 φήσαιεν,
3580 1392 3791 1459 συμπά-

2231 1500 2381 1553 σχειν
2401 1499 2460 1535 τε
2500 1482 2759 1553 ἀλλήλαις
2786 1483 2861 1545 ὡς
2883 1484 3105 1553 ἣκιστα,
3130 1482 3318 1552 ὥσπερ
3340 1485 3452 1544 τοῖς
3482 1482 3577 1535 νῦν
3603 1483 3792 1553 δογμα-

2229 1577 2449 1638 τισταῖςι
2469 1575 2821 1646 ὑπείληπται.
2853 1575 3024 1628 Ὅταν
3065 1574 3123 1627 δὲ
3169 1573 3273 1643 τὴν
3293 1575 3357 1626 ὲκ
3386 1574 3592 1627 τούτων
3621 1591 3793 1626 συντε-

2231 1663 2487 1733 θειμένην
2538 1664 2836 1716 ὑπόστασιν
2873 1663 2949 1725 ώς
2993 1662 3051 1714 ἓν
3098 1679 3150 1714 τι
3192 1661 3535 1732 λαμϐάνωσι,
3573 1662 3794 1732 Χριστὸν

556 1750 868 1818 accipiunt,
900 1752 1174 1808 Christum
1208 1731 1423 1824 quidem
1451 1772 1515 1811 ex
1553 1731 1787 1827 utraque
1815 1731 2122 1829 appellant;

2234 1753 2332 1822 μὲν
2361 1755 2425 1805 ὲκ
2457 1752 2550 1806 τοῦ
2583 1752 2994 1822 συναμφοτέρου
3026 1751 3497 1822 προσαγορεύουσι
3526 1770 3537 1782 ·
3563 1753 3633 1805 τὰ
3670 1754 3793 1823 παρ’

556 1844 992 1898 concurrentium
1013 1854 1191 1901 autem
1221 1856 1534 1902 naturarum
1564 1849 1838 1917 idiomata,
1871 1868 1973 1906 una
2002 1868 2123 1908 eum

558 1929 670 1997 ipsa
709 1932 983 2003 hypostasi
1020 1938 1349 2004 praedicant;
1395 1942 1647 2008 quoidam
1681 1951 1733 1994 et
1786 1942 1924 1998 Deus
1966 1944 2125 1998 simul

552 2030 609 2072 et
640 2020 798 2077 homo
820 2023 1070 2080 Christus
1096 2037 1208 2092 est,
1234 2038 1290 2084 et
1318 2028 1459 2084 Deus
1489 2030 1804 2086 incarnatus
1828 2071 1844 2097 ,
1874 2041 1926 2088 et
1958 2034 2089 2087 Chri
2107 2064 2122 2075 -

550 2116 672 2165 stus
697 2125 911 2168 creatus
930 2118 1135 2185 pariter
1153 2128 1209 2173 et
1236 2120 1526 2185 increatns,
1552 2122 1899 2189 impossibilia
1923 2133 1975 2179 et
2004 2140 2129 2194 pas-

556 2199 730 2255 sibilis
771 2203 931 2257 idem.
970 2207 1241 2260 Interdum
1273 2224 1400 2262 vero
1445 2224 1510 2262 ex
1543 2212 1740 2266 divinis
1778 2213 1909 2267 solis
1941 2215 2124 2270 excel-

554 2290 740 2359 sisquc
782 2296 1059 2351 attributis
1109 2297 1274 2352 Deum
1317 2308 1372 2353 et
1424 2299 1517 2353 Dei
1582 2301 1777 2355 Filium
1817 2306 2123 2361 nominant.

553 2382 832 2438 Interdum
863 2386 1093 2454 denique
1121 2403 1185 2442 ex
1218 2391 1469 2444 humanis
1499 2401 1705 2445 tantum
1749 2401 1913 2462 atque
1948 2388 2126 2451 humi-

553 2472 728 2540 libus,
762 2476 1030 2531 hominem
1058 2480 1407 2551 hominisque
1431 2481 1597 2536 tilium
1633 2494 1844 2540 vocant.

624 2675 928 2744 Aliquando
954 2678 1117 2733 etiam
1156 2695 1217 2735 ea
1252 2696 1371 2751 quae
1409 2683 1477 2739 de
1503 2691 1729 2754 utraque
1754 2696 1907 2756 parte
1935 2689 2125 2745 dicun-

554 2775 642 2819 tur
692 2767 982 2834 idiomata,
1035 2771 1101 2825 de
1150 2772 1413 2826 alterutro
1460 2775 1621 2828 simul
1679 2777 2014 2835 subsistente
2072 2790 2127 2837 et

552 2856 917 2913 coexsistente
951 2861 1189 2917 vicissim
1229 2864 1563 2933 praedicant,
1619 2877 1836 2937 propter
1876 2880 2121 2926 mutuam

553 2949 786 3013 partium
862 2950 1429 3023 circuminsessionem
1499 2956 1634 3027 (66).
1710 2959 1801 3014 Sic
1874 2961 2126 3030 videlicet

2231 1840 2411 1894 αὐτῶν
2451 1841 2658 1895 δὲ’τῶν
2703 1843 3120 1913 συνδραμόντων
3167 1842 3453 1912 ἰδιώματα,
3488 1845 3607 1911 ἆμα
3634 1844 3794 1913 αὐτῆς

2229 1933 2628 2002 κατηγοροῦσιν
2656 1949 2670 1962 ο
2719 1934 2907 2003 ἐπειδὴ
2948 1935 3043 1986 καὶ
3065 1933 3197 1995 Θεὸς
3231 1932 3368 2002 ὁμοῦ
3394 1934 3487 1987 καὶ
3516 1933 3793 2003 ἄνθρωπος

2228 2022 2258 2072 ὁ
2282 2022 2534 2089 Χριστὸς,
2555 2021 2649 2073 καὶ
2671 2020 2801 2084 Θεὸς
2827 2022 3272 2091 σεσαρκωμένος,
3296 2022 3514 2082 κτιστός
3532 2039 3592 2075 τε
3624 2023 3793 2076 ώσαύ-

2225 2126 2337 2174 τως
2363 2112 2455 2164 καὶ
2487 2112 2760 2175 ἄκτιστος,
2791 2112 2886 2164 καὶ
2905 2111 3123 2182 ἀπαθὴς
3154 2112 3250 2164 καὶ
3298 2112 3540 2181 παθητὸς
3563 2114 3592 2165 ό
3621 2113 3793 2175 αὑτός.

2239 2202 2548 2255 Ὀπότανδὲ
2576 2205 2641 2256 ἐκ
2694 2202 2803 2255 τῶν
2843 2202 3204 2256 συνελθόντων
3229 2204 3373 2274 αὐτῇ
3427 2204 3615 2273 μερῶν
3675 2204 3793 2255 ἑπι-

2228 2292 2590 2356 σκὲπτωνται,
2624 2293 2737 2346 ἔσθ’
2763 2295 2850 2346 ὅτε
2880 2295 2979 2362 μὲν
3038 2295 3103 2346 ἐκ
3138 2295 3316 2363 μόνων
3363 2294 3472 2347 τῶν
3502 2294 3665 2347 θείων
3707 2294 3794 2347 καὶ

2228 2384 2469 2454 ὑψηλῶν,
2506 2385 2748 2438 Θεὸνκαὶ
2776 2384 2911 2438 Θεοῦ
2955 2385 3083 2438 Υἰὸν
3119 2386 3509 2454 ὀνομάζουσιν.·
3553 2387 3711 2439 Ἔστι
3747 2386 3789 2438 δ’

2225 2472 2315 2524 ὅτε
2344 2475 2407 2525 ἐκ
2436 2476 2545 2527 τῶν
2562 2473 2916 2545 ἀνθρωπίνων
2939 2474 3118 2542 μόνων
3145 2477 3238 2529 καὶ
3262 2476 3555 2541 ταπεινῶν,
3586 2476 3791 2543 ἄνθρω-

2227 2580 2327 2616 πον
2358 2564 2453 2618 καὶ
2489 2565 2603 2618 υἱὸν
2634 2564 2923 2635 ἀνθρώπου
2948 2565 3194 2620 καλοῦσι.

2303 2676 2615 2745 Τηνικαῦτα
2639 2678 2696 2730 δὲ
2720 2678 2812 2730 καὶ
2840 2678 2908 2731 τὰ
2946 2679 3032 2747 ἐφ’
3066 2679 3330 2750 ἑκατέρου
3363 2679 3469 2732 τῶν
3503 2681 3690 2752 μερῶν
3711 2682 3792 2734 λε-

2226 2766 2430 2835 γόμενα
2481 2767 2791 2837 ἰδιώματα,
2824 2770 2917 2823 καὶ
2951 2769 3178 2842 θατέρου
3228 2771 3321 2825 τοῦ
3386 2775 3793 2842 συνυφεστῶτος

2228 2857 2321 2911 καὶ
2364 2862 2805 2930 συνυπάρχοντος
2857 2861 3373 2933 ἀντικατηγοροῦσι,
3421 2862 3509 2916 διὰ
3579 2864 3680 2933 τὴν
3719 2866 3794 2923 εἰς

2227 2948 2430 3019 ἄλληλα
2482 2949 2590 3002 τῶν
2641 2952 2837 3023 μερῶν·
2879 2953 3272 3024 περιχώρησιν.
3313 2953 3470 3007 Οὕτω
3499 2954 3611 3025 γὰρ
3666 2955 3791 3016 Θεὸς

553 3038 697 3093 Deus
737 3041 1011 3109 passibilis
1056 3044 1274 3111 dicitur,
1320 3052 1375 3100 et
1417 3047 1602 3116 gloria:
1642 3048 1901 3105 Dominus
1945 3053 2122 3107 cruci-

2229 3041 2472 3111 παθητὸς
2501 3042 2739 3110 λέγεται,
2772 3045 2867 3098 καὶ
2898 3044 3103 3117 Κύριος
3134 3048 3231 3114 τῆς
3254 3045 3415 3112 δόξης
3446 3044 3811 3117 ἐσταυρωμέσ»

557 3130 715 3196 titus,
756 3147 859 3185 non
891 3148 993 3201 qua
1023 3134 1190 3200 Deus,
1228 3136 1319 3190 sed
1345 3151 1449 3206 qua
1481 3139 1664 3193 homo.
1690 3139 1755 3193 Et.
1783 3142 1897 3196 vice
1924 3157 2079 3197 versa
2106 3183 2124 3212 ,

551 3225 715 3280 homo
746 3226 950 3297 absque
996 3227 1150 3283 initio
1171 3269 1187 3296 ,
1237 3229 1585 3299 impassibilis
1613 3271 1629 3298 ,
1664 3231 1972 3298 increatns,
2014 3248 2125 3290 cm-

550 3313 734 3379 iestis,
773 3330 905 3385 puer
947 3330 1075 3373 ante
1107 3318 1325 3386 steeula,
1376 3334 1484 3375 non
1519 3335 1622 3389 qua
1665 3322 1852 3388 homo,
1886 3325 1983 3378 sed
2018 3340 2124 3394 qua

550 3406 712 3461 Dens.
749 3407 883 3462 Nam
907 3420 1126 3480 propter
1157 3426 1422 3466 summam
1460 3422 1772 3468 naturarum
1821 3417 2074 3473 unionem
2101 3460 2121 3484 ,

548 3505 604 3551 et
670 3497 1022 3569 hypostaseos
1079 3503 1376 3567 unitatem,
1442 3514 1497 3559 et
1561 3505 1688 3575 quia
1747 3507 1934 3562 eadem
1995 3523 2122 3577 per-

550 3601 681 3641 sona
725 3599 847 3655 est,
904 3607 1040 3648 unus
1090 3602 1214 3660 est,
1268 3603 1323 3648 et
1358 3594 1501 3650 idem
1548 3597 1755 3664 pariter
1798 3598 1956 3654 ambo
2005 3608 2121 3665 est,

549 3680 745 3746 partim
774 3684 990 3751 quidem
1050 3685 1167 3740 sine
1210 3686 1366 3741 initio
1414 3702 1442 3741 ιι
1497 3686 1689 3749 Patre,
1746 3692 1942 3757 partim
1994 3686 2122 3746 vero

548 3769 623 3823 ita
669 3770 844 3827 factus
883 3774 951 3829 ob
997 3790 1151 3829 suam
1204 3790 1331 3846 erga
1386 3776 1637 3831 homines
1702 3778 2117 3849 benignitatem.

546 3862 722 3931 Atque
770 3865 872 3919 hac
922 3866 1132 3922 ratione
1180 3878 1407 3938 utraque
1466 3879 1657 3925 natura
1711 3872 1969 3926 idiomata
2024 3887 2120 3928 sua

546 3953 704 4007 alteri
757 3959 1159 4024 communicat,
1208 3967 1429 4029 propter
1475 3961 1719 4029 ejusdem
1773 3962 2120 4032 hypostaseos

547 4044 804 4100 unitatem
828 4063 844 4113 ;
865 4047 991 4115 quin
1023 4057 1199 4103 tamen
1223 4065 1347 4119 pars
1374 4051 1628 4106 alterutra
1654 4050 1868 4106 deserat
1893 4052 2119 4106 alterum

547 4133 600 4187 in
648 4136 834 4189 eodem
883 4138 1126 4205 subjecto
1175 4141 1496 4194 attributum
1548 4159 1561 4194 :
1605 4142 1765 4197 sicuti
1809 4144 1971 4197 etiam
2017 4144 2117 4199 sibi

544 4226 792 4294 proprias
827 4227 1021 4282 fecisse
1048 4229 1256 4283 dicitur
1286 4229 1522 4285 Verbum
1558 4235 1741 4288 carnis
1772 4250 1882 4290 suat
1916 4251 2118 4291 secun-

543 4314 669 4365 dum
703 4316 1060 4368 oeconomiam
1096 4317 1396 4384 passiones.
1437 4320 1569 4374 Nam
1602 4323 1703 4377 etsi
1735 4323 1873 4379 nihil
1900 4326 1954 4380 in
1988 4342 2117 4396 pro-

544 4404 659 4470 pria
703 4412 893 4458 natura
938 4420 1131 4475 reapse
1185 4409 1255 4463 sit
1295 4425 1511 4479 passum
1539 4453 1554 4481 ,
1599 4414 1951 4475 nihilominus
1992 4434 2113 4488 per-

544 4506 763 4562 pessum
807 4494 1023 4562 dicitur,
1057 4508 1115 4552 ut
1157 4515 1293 4555 unus
1331 4502 1568 4556 omnium
1618 4502 1874 4562 Servator
1924 4512 2113 4563 creda-

546 4591 633 4637 tur
662 4601 678 4639 :
706 4595 866 4655 atque
902 4598 958 4641 ιιι
986 4598 1185 4646 nostrae
1212 4593 1540 4649 exsistentiaa
1569 4598 2113 4668 conservationisque

540 4690 701 4730 causa
740 4681 1018 4746 asseritur,
1064 4684 1140 4739 sic
1188 4686 1354 4741 etiam
1386 4698 1567 4741 nostra
1612 4688 1841 4745 felicitas
1890 4703 2111 4762 accepta

539 4766 714 4822 eidem
747 4770 1031 4829 referatur.

614 4886 785 4957 Atque
816 4888 915 4943 hoc
948 4906 1047 4945 nos
1079 4891 1233 4946 docet
1265 4893 1632 4965 theologorum
1664 4912 1795 4963 apex
1831 4897 1986 4953 divus
2013 4898 2113 4952 Pc-

540 4985 656 5033 trus
698 4977 812 5050 (67)
864 4983 1089 5037 dicens:
1139 4979 1379 5038 Christus
1426 4985 1583 5039 semel
1639 4997 1849 5053 propter
1899 5000 2115 5057 peccata

612 5225 727 5304 (οε)
750 5226 991 5304 intellige
1008 5232 1303 5300 praasertitn
1323 5231 1610 5304 Gregorius
1630 5233 1783 5297 duos,
1808 5232 2110 5304 Nyssenum

540 5308 597 5374 et
628 5297 1062 5374 Numnam"),
1090 5316 1210 5374 nec
1236 5297 1673 5374 nonCS'rillnm,
1707 5316 1760 5357 et
1804 5297 1872 5356 ex'
1906 5303 2117 5357 Latinis

544 5365 781 5488 {.eonﬁm
819 5368 950 5433 PP.,
974 5371 1064 5440 qui
1093 5365 1468 5441 copiosissime
1497 5388 1559 5427 ac
1596 5373 2028 5441 splendidissime
2055 5377 2119 5427 de

568 5452 633 5486 its
672 5456 682 5484 ι
710 5448 961 5488 isserttnt.

568 5440 633 5486 iis
672 5440 961 5493 disserunt.

621 5506 734 5583 (uti)
765 5506 883 5583 ριιι
900 5509 966 5583 de
986 5509 1242 5583 vocabulo
1259 5510 1650 5583 περιχώρησις,
1670 5527 1721 5580 p.
1752 5513 1843 5575 58,
1870 5515 1995 5567 adn.
2020 5513 2113 5567 60.

626 5574 737 5651 (ti?)
771 5574 881 5630 Cur
920 5578 1295 5651 theologorum
1332 5574 1692 5651 apex'l‘ett'us
1720 5574 1897 5649 potius
1953 5600 2113 5651 quant

555 5639 754 5698 Paulus
789 5657 881 5700 aut
916 5639 1195 5703 JoannEs?
1245 5639 1446 5720 Nempe
1500 5653 1565 5706 ad
1596 5639 1735 5706 Petri
1770 5639 2123 5722 apostolicum

2229 3147 2340 3198 νος,
2372 3135 2468 3203 οὐχ
2560 3135 2711 3198 Θεὸς,
2734 3135 2850 3188 ἀλλ’
2944 3137 3249 3207 ἄνθρωπος.
3286 3138 3396 3191 Καὶ
3430 3140 3493 3191 ὲκ
3524 3138 3620 3192 τοῦ
3651 3140 3797 3193 ἐναν-

2225 3224 2368 3288 τίου,
2418 3226 2705 3296 ἄνθρωπος
2731 3226 2968 3299 ἄναρχος
3004 3230 3097 3281 καὶ
3145 3229 3363 3298 ἀπαθὴς
3418 3231 3515 3284 καὶ
3551 3231 3794 3292 ἅκτιστος

2227 3315 2323 3367 καὶ.
2354 3316 2603 3386 οὐράνιος
2636 3317 2728 3370 καὶ
2757 3319 2967 3371 παιδίον
3014 3318 3361 3387 προαιώνιον,
3401 3320 3501 3390 οὑχ
3533 3315 3795 3394 ᾗᾶνθρω-

2226 3421 2349 3472 πος,
2383 3407 2496 3460 ἁλλ’
2593 3407 2748 3473 Θεός.
2805 3410 2903 3462 Διὰ
2931 3411 3041 3481 γὰρ
3095 3411 3192 3479 τὴν
3217 3410 3393 3482 ἄκραν
3443 3411 3552 3464 τῶν
3587 3412 3794 3482 φύσεων

2224 3499 2440 3563 ἕνωσιν,
2501 3502 2595 3553 καὶ
2638 3501 2699 3554 τὸ
2747 3501 2947 3555 ὲνιαῖον
3002 3502 3098 3570 τῆς
3157 3503 3528 3567 ὑποστάσεως,
3581 3503 3672 3555 καὶ
3706 3500 3793 3554 τοῦ

2224 3590 2517 3661 προσώπου
2547 3591 2646 3662 τὴν
2670 3592 2996 3662 ταυτότητα,
3030 3587 3112 3656 εἷς
3147 3592 3403 3661 ὑπάρχει,
3444 3594 3539 3645 καὶ
3573 3594 3602 3645 ὁ
3637 3590 3791 3653 αὐτὸς

2224 3682 2427 3751 ὁμοίως
2458 3683 2605 3734 ἐστὶν
2632 3681 2940 3753 ἀμφότερα,
2969 3682 3027 3735 τὸ
3057 3683 3177 3754 μὲν,
3211 3683 3287 3735 ὢν
3310 3683 3579 3745 ἀναιτίως
3611 3684 3676 3736 ὲκ
3703 3681 3793 3734 τοῦ

2224 3773 2438 3843 Πατρός
2463 3789 2477 3803 ⁶
2510 3773 2570 3826 τὸ
2589 3774 2666 3837 δὲ,
2689 3774 2914 3843 ὕστερον
2940 3773 3026 3828 διὰ
3050 3773 3465 3845 φιλανθρωπίαν
3488 3771 3791 3844 γενόμενος.

2222 3866 2332 3917 Καὶ
2362 3864 2536 3935 τούτῳ
2564 3864 2642 3935 τῷ
2689 3865 2831 3934 λόγῳ
2857 3865 3093 3936 ἑκατέρα
3127 3864 3237 3917 τῶν
3280 3865 3525 3933 φύσεων,
3562 3866 3632 3918 τὰ
3667 3863 3791 3933 παρ’

2222 3955 2421 4024 ἑαυτῆς
2456 3955 2723 4026 ἰδιώματα
2750 3958 2816 4027 τῇ
2847 3956 3015 4027 ἑτέρᾳ
3037 3956 3365 4021 ἀντιδίδωσι,
3401 3955 3492 4008 διὰ
3527 3956 3591 4009 τὸ
3631 3971 3792 4025 μονα-

2220 4046 2372 4099 δικὸν
2394 4048 2488 4101 καὶ
2515 4047 2713 4099 ταύτὸν
2744 4047 2843 4117 τῆς
2883 4047 3257 4109 ὑποστάσεως,
3287 4047 3388 4098 οὑκ
3441 4044 3793 4114 ἐξισταμένου

2220 4137 2316 4189 τοῦ
2346 4138 2549 4190 οἰκείου
2580 4138 2739 4207 λόγου
2770 4139 2869 4208 τῆς
2902 4138 3029 4209 περὶ
3086 4138 3282 4191 ταὺτὸν
3315 4135 3556 4206 θατέρας
3602 4134 3792 4200 ἰδιότη-

2221 4244 2341 4291 τοςσ
2375 4228 2513 4281 καθὸ
2551 4229 2645 4282 καὶ
2666 4228 2999 4282 οἰκειοῦσθαι
3027 4228 3245 4297 λέγεται
3275 4228 3366 4280 τὸν
3390 4227 3570 4295 Λόγον
3605 4225 3673 4278 τὰ
3704 4225 3794 4293 τῆς

2223 4318 2361 4381 ἰδίας
2398 4319 2599 4389 σαρκὸς
2628 4319 2985 4388 οἰκονομικῶς
3016 4319 3186 4390 πάθη.
3241 4317 3435 4372 Καίτοι
3475 4316 3590 4387 γὰρ
3637 4315 3783 4367 οὗδέν

2219 4409 2444 4480 πάσχων
2478 4411 2601 4463 ὅσον
2632 4404 2765 4480 ἦκεν
2798 4410 2878 4474 εἰς
2918 4410 3055 4463 ἰδίαν
3094 4409 3277 4478 φύσιν,
3317 4408 3469 4477 ὅμως
3504 4406 3670 4468 αὐτὸς
3707 4420 3794 4457 πε-

2219 4500 2478 4555 πονθέναι
2507 4501 2748 4571 λέγεται,
2784 4502 2871 4556 ἵνα
2904 4503 2996 4555 καὶ
3037 4501 3228 4573 Σωτὴρ
3260 4501 3476 4554 πάντων
3515 4500 3677 4571 μόνος
3706 4515 3790 4550 nt-

2222 4591 2477 4663 στεὺηται
2502 4609 2514 4623 ·
2551 4593 2646 4646 καὶ
2683 4592 2870 4663 ὥσπερ
2917 4589 3011 4644 τοῦ
3049 4587 3188 4645 εἶναι
3237 4592 3333 4643 καὶ
3371 4589 3625 4661 ὑπάρξαι
3653 4587 3792 4658 ἡμᾶς

2219 4686 2393 4749 αἴτιος
2424 4685 2793 4756 ὡμολόγηται,
2830 4685 2971 4739 οὕτω
3000 4684 3097 4739 καὶ
3128 4683 3189 4736 τὸ
3222 4677 3282 4736 εὖ
3334 4678 3478 4735 εἶναι
3505 4683 3674 4751 ἡμᾶς,
3712 4676 3791 4731 ἐπ’

2222 4774 2386 4829 αὑτὸν
2417 4775 2775 4845 ἀναφέρηται.

2292 4895 2401 4948 Καὶ
2430 4892 2589 4947 τοῦτο
2612 4894 2757 4964 ἡμᾶς
2787 4892 3096 4946 ὲκπαιδεὺει
3129 4891 3235 4943 τῶν
3259 4888 3529 4955 θεολόγων
3551 4889 3584 4951 ἡ
3617 4881 3789 4950 ἀκρώ-

2223 5005 2364 5060 ρεια,
2391 4988 2420 5039 ὁ
2449 4988 2590 5050 θεῖος
2621 4986 2827 5057 Πέτρος
2846 4986 3019 5053 λέγων
3059 4986 3163 5048 ὅτι,
3195 4983 3452 5052 Χριστός
3472 4979 3640 5043 ἅπαξ
3666 4971 3789 5041 περὶ

2222 5236 2512 5309 primatum
2544 5233 3147 5309 Nicephorusrespirit.
3172 5232 3452 5309 Jam_vero
3492 5227 3784 5309 qniUCaro-

2220 5300 2359 5360 linos
2383 5307 2571 5371 libros,
2608 5300 2795 5359 nt‘hoc
2819 5300 3223 5367 obiter‘dicam,
3245 5302 3379 5354 adeo
3414 5300 3784 5369 magniﬁcam.

2221 5378 2346 5444 quia
2392 5392 2470 5429 ss.
2528 5374 2821 5441 imaginum
2876 5374 3079 5444 cultum
3142 5372 3477 5444 improbant,
3539 5384 3642 5423 cur
3687 5378 3787 5444 non

2222 5434 2373 5519 irque
2441 5434 2669 5519 laudant
2728 5445 2916 5519 primi_
2944 5443 3079 5519 lihri
3113 5434 3406 5519 capitulum
3431 5450 3677 5519 sextum,
3701 5434 3785 5519 ubi

2223 5512 2367 5568 Petri
2398 5517 2578 5579 sedes,
2611 5513 2851 5567 Romana
2877 5512 3118 5568 Ecclesia
3142 5551 3157 5575 ,
3182 5514 3391 5566 caneris
3412 5512 3785 5579 eunetis’prte-

2226 5586 2428 5645 fertur,
2459 5594 2514 5638 et
2544 5573 2595 5639 in
2640 5584 2763 5640 tidei
2792 5573 3181 5653 quaestionibus
3206 5582 3425 5635 omnino
3454 5573 3784 5633 consulenda

2228 5654 2465 5710 dicitur?
2704 5700 2711 5703 .
2808 5665 2817 5676 '
3600 5689 3604 5692 ι
