  <div class='ocr_page' id='page_1' title='image "/cluster/home/n/w/nwhite01/storage/ocr_20150623/100/mdp.39015005675668/172.png"; bbox 0 0 3972 6130; ppageno 0'>
   <div class='ocr_carea' id='block_1_1' title="bbox 223 324 324 391">
    <p class='ocr_par' dir='ltr' id='par_1_1' title="bbox 223 324 324 391">
     <span class='ocr_line' id='line_1_1' title="bbox 223 324 324 391; baseline 0.04 -4"><span class='ocrx_word' id='word_1_1' title='bbox 223 324 324 391; x_wconf 71' lang='lat'><strong>335</strong></span> 
     </span>
    </p>
   </div>
   <div class='ocr_carea' id='block_1_2' title="bbox 935 329 2742 401">
    <p class='ocr_par' dir='ltr' id='par_1_2' title="bbox 935 329 2742 401">
     <span class='ocr_line' id='line_1_2' title="bbox 935 329 2742 401; baseline 0.008 -15"><span class='ocrx_word' id='word_1_2' title='bbox 935 329 1561 393; x_wconf 75' lang='lat' dir='ltr'><strong>ANTIRBHETICUS</strong></span> <span class='ocrx_word' id='word_1_3' title='bbox 1598 334 1625 393; x_wconf 92' lang='grc' dir='ltr'><strong>Ι</strong></span> <span class='ocrx_word' id='word_1_4' title='bbox 1666 334 1832 394; x_wconf 77' lang='lat' dir='ltr'><strong>ADV.</strong></span> <span class='ocrx_word' id='word_1_5' title='bbox 1884 333 2478 397; x_wconf 79' lang='lat' dir='ltr'><strong>CONSTANTINUM</strong></span> <span class='ocrx_word' id='word_1_6' title='bbox 2528 338 2742 401; x_wconf 65' lang='lat' dir='ltr'><strong>COPR&#39;.</strong></span> 
     </span>
    </p>
   </div>
   <div class='ocr_carea' id='block_1_3' title="bbox 3372 348 3479 412">
    <p class='ocr_par' dir='ltr' id='par_1_3' title="bbox 3372 348 3479 412">
     <span class='ocr_line' id='line_1_3' title="bbox 3372 348 3479 412; baseline 0.009 -1"><span class='ocrx_word' id='word_1_7' title='bbox 3372 348 3479 412; x_wconf 78' lang='lat'><strong>326</strong></span> 
     </span>
    </p>
   </div>
   <div class='ocr_carea' id='block_1_4' title="bbox 224 435 1793 531">
    <p class='ocr_par' dir='ltr' id='par_1_4' title="bbox 224 435 1793 514">
     <span class='ocr_line' id='line_1_4' title="bbox 224 435 1793 514; baseline 0.004 -21"><span class='ocrx_word' id='word_1_8' title='bbox 224 437 492 507; x_wconf 74' lang='grc' dir='ltr'>σκέψεως,</span> <span class='ocrx_word' id='word_1_9' title='bbox 523 435 779 508; x_wconf 76' lang='grc' dir='ltr'>παρῆνδὲ</span> <span class='ocrx_word' id='word_1_10' title='bbox 798 438 923 491; x_wconf 80' lang='grc' dir='ltr'>σκιὰ</span> <span class='ocrx_word' id='word_1_11' title='bbox 949 437 1081 504; x_wconf 75' lang='grc' dir='ltr'>γοῦν</span> <span class='ocrx_word' id='word_1_12' title='bbox 1099 440 1372 507; x_wconf 73' lang='grc' dir='ltr'>φιλοθεῖας</span> <span class='ocrx_word' id='word_1_13' title='bbox 1395 443 1424 495; x_wconf 91' lang='grc' dir='ltr'><strong>ὑ</strong></span> <span class='ocrx_word' id='word_1_14' title='bbox 1433 445 1547 514; x_wconf 80' lang='grc' dir='ltr'>μϊν,</span> <span class='ocrx_word' id='word_1_15' title='bbox 1571 445 1723 499; x_wconf 83' lang='grc' dir='ltr'>οὐδὲν</span> <span class='ocrx_word' id='word_1_16' title='bbox 1740 445 1793 500; x_wconf 74' lang='grc' dir='ltr'><strong>ἂι</strong></span> 
     </span>
    </p>
   </div>
   <div class='ocr_carea' id='block_1_5' title="bbox 1892 435 3481 531">
    <p class='ocr_par' dir='ltr' id='par_1_5' title="bbox 1908 448 3481 531">
     <span class='ocr_line' id='line_1_5' title="bbox 1908 448 3481 531; baseline 0.01 -30"><span class='ocrx_word' id='word_1_17' title='bbox 1908 448 2213 514; x_wconf 85' lang='lat' dir='ltr'><strong>molimina,</strong></span> <span class='ocrx_word' id='word_1_18' title='bbox 2241 459 2291 504; x_wconf 87' lang='lat' dir='ltr'><strong>et</strong></span> <span class='ocrx_word' id='word_1_19' title='bbox 2318 451 2361 506; x_wconf 98' lang='lat' dir='ltr'><strong>si</strong></span> <span class='ocrx_word' id='word_1_20' title='bbox 2396 453 2590 507; x_wconf 86' lang='lat' dir='ltr'><strong>umbra</strong></span> <span class='ocrx_word' id='word_1_21' title='bbox 2634 451 2824 507; x_wconf 94' lang='lat' dir='ltr'><strong>saltem</strong></span> <span class='ocrx_word' id='word_1_22' title='bbox 2857 453 3075 522; x_wconf 82' lang='lat' dir='ltr'><strong>pietatis</strong></span> <span class='ocrx_word' id='word_1_23' title='bbox 3110 456 3261 514; x_wconf 82' lang='lat' dir='ltr'><strong>vobis</strong></span> <span class='ocrx_word' id='word_1_24' title='bbox 3289 476 3481 531; x_wconf 81' lang='lat' dir='ltr'><strong>super-</strong></span> 
     </span>
    </p>
   </div>
   <div class='ocr_carea' id='block_1_6' title="bbox 221 526 1795 607">
    <p class='ocr_par' dir='ltr' id='par_1_6' title="bbox 221 526 1795 607">
     <span class='ocr_line' id='line_1_6' title="bbox 221 526 1795 607; baseline 0.003 -22"><span class='ocrx_word' id='word_1_25' title='bbox 221 529 316 585; x_wconf 75' lang='grc' dir='ltr'><strong>νδν</strong></span> <span class='ocrx_word' id='word_1_26' title='bbox 333 526 528 598; x_wconf 77' lang='grc' dir='ltr'>ἐδέησε</span> <span class='ocrx_word' id='word_1_27' title='bbox 547 526 657 581; x_wconf 83' lang='grc' dir='ltr'><strong>τῶν</strong></span> <span class='ocrx_word' id='word_1_28' title='bbox 677 526 854 581; x_wconf 83' lang='grc' dir='ltr'>κενῶν</span> <span class='ocrx_word' id='word_1_29' title='bbox 866 527 1177 585; x_wconf 76' lang='grc' dir='ltr'>τούτωνκαὶ</span> <span class='ocrx_word' id='word_1_30' title='bbox 1194 534 1475 605; x_wconf 81' lang='grc' dir='ltr'><strong>νεωτέρων</strong></span> <span class='ocrx_word' id='word_1_31' title='bbox 1490 536 1795 607; x_wconf 81' lang='grc' dir='ltr'><strong>δογμάτων,</strong></span> 
     </span>
    </p>
   </div>
   <div class='ocr_carea' id='block_1_7' title="bbox 218 619 1798 698">
    <p class='ocr_par' dir='ltr' id='par_1_7' title="bbox 218 619 1798 698">
     <span class='ocr_line' id='line_1_7' title="bbox 218 619 1798 698; baseline 0.003 -24"><span class='ocrx_word' id='word_1_32' title='bbox 218 623 315 691; x_wconf 73' lang='grc' dir='ltr'><strong>τῆς</strong></span> <span class='ocrx_word' id='word_1_33' title='bbox 343 619 588 693; x_wconf 78' lang='grc' dir='ltr'><strong>Χριστοῦ</strong></span> <span class='ocrx_word' id='word_1_34' title='bbox 616 619 949 688; x_wconf 78' lang='grc' dir='ltr'>Ἔκκλησίας</span> <span class='ocrx_word' id='word_1_35' title='bbox 987 621 1321 685; x_wconf 84' lang='grc' dir='ltr'>ἀπεναντίας</span> <span class='ocrx_word' id='word_1_36' title='bbox 1378 624 1568 681; x_wconf 84' lang='grc' dir='ltr'>ἰοῦσιν.</span> <span class='ocrx_word' id='word_1_37' title='bbox 1622 625 1798 698; x_wconf 81' lang='grc' dir='ltr'><strong>Εἴπερ</strong></span> 
     </span>
    </p>
   </div>
   <div class='ocr_carea' id='block_1_8' title="bbox 218 709 1800 786">
    <p class='ocr_par' dir='ltr' id='par_1_8' title="bbox 218 709 1800 786">
     <span class='ocr_line' id='line_1_8' title="bbox 218 709 1800 786; baseline 0.004 -21"><span class='ocrx_word' id='word_1_38' title='bbox 218 712 327 784; x_wconf 84' lang='grc' dir='ltr'>γὰρ</span> <span class='ocrx_word' id='word_1_39' title='bbox 370 710 545 783; x_wconf 78' lang='grc' dir='ltr'>μετῆν</span> <span class='ocrx_word' id='word_1_40' title='bbox 599 710 731 779; x_wconf 87' lang='grc' dir='ltr'>ὑμῖν</span> <span class='ocrx_word' id='word_1_41' title='bbox 785 709 1068 775; x_wconf 78' lang='grc' dir='ltr'>εὐσεϐείας</span> <span class='ocrx_word' id='word_1_42' title='bbox 1115 714 1359 783; x_wconf 67' lang='grc' dir='ltr'>φροντὶς,</span> <span class='ocrx_word' id='word_1_43' title='bbox 1387 715 1556 786; x_wconf 83' lang='grc' dir='ltr'>ὀρθήν</span> <span class='ocrx_word' id='word_1_44' title='bbox 1606 734 1665 771; x_wconf 88' lang='grc' dir='ltr'>τε</span> <span class='ocrx_word' id='word_1_45' title='bbox 1702 718 1800 773; x_wconf 75' lang='grc' dir='ltr'><strong>καὶ</strong></span> 
     </span>
    </p>
   </div>
   <div class='ocr_carea' id='block_1_9' title="bbox 220 800 1798 877">
    <p class='ocr_par' dir='ltr' id='par_1_9' title="bbox 220 800 1798 877">
     <span class='ocr_line' id='line_1_9' title="bbox 220 800 1798 877; baseline 0.004 -21"><span class='ocrx_word' id='word_1_46' title='bbox 220 803 553 873; x_wconf 77' lang='grc' dir='ltr'><strong>ἀδιάϐλητον</strong></span> <span class='ocrx_word' id='word_1_47' title='bbox 575 802 676 872; x_wconf 82' lang='grc' dir='ltr'>τὴν</span> <span class='ocrx_word' id='word_1_48' title='bbox 701 802 795 854; x_wconf 73' lang='grc' dir='ltr'><strong>ἐπὶ</strong></span> <span class='ocrx_word' id='word_1_49' title='bbox 826 805 893 871; x_wconf 82' lang='grc' dir='ltr'>τῇ</span> <span class='ocrx_word' id='word_1_50' title='bbox 925 800 1209 877; x_wconf 76' lang='grc' dir='ltr'>οἰκονομίᾳ</span> <span class='ocrx_word' id='word_1_51' title='bbox 1229 805 1479 876; x_wconf 81' lang='grc' dir='ltr'>,Χριστοῦ</span> <span class='ocrx_word' id='word_1_52' title='bbox 1514 808 1798 874; x_wconf 77' lang='grc' dir='ltr'>διεσώζετε</span> 
     </span>
    </p>
   </div>
   <div class='ocr_carea' id='block_1_10' title="bbox 218 892 1802 972">
    <p class='ocr_par' dir='ltr' id='par_1_10' title="bbox 218 892 1802 972">
     <span class='ocr_line' id='line_1_10' title="bbox 218 892 1802 972; baseline 0.004 -23"><span class='ocrx_word' id='word_1_53' title='bbox 218 893 402 959; x_wconf 79' lang='grc' dir='ltr'>δόξαν,</span> <span class='ocrx_word' id='word_1_54' title='bbox 439 892 515 963; x_wconf 82' lang='grc' dir='ltr'>μὴ</span> <span class='ocrx_word' id='word_1_55' title='bbox 542 892 1138 967; x_wconf 82' lang='grc' dir='ltr'>κατεσχηματισμένην</span> <span class='ocrx_word' id='word_1_56' title='bbox 1176 897 1311 967; x_wconf 79' lang='grc' dir='ltr'>ἡμῖν</span> <span class='ocrx_word' id='word_1_57' title='bbox 1354 898 1449 952; x_wconf 72' lang='grc' dir='ltr'><strong>καὶ</strong></span> <span class='ocrx_word' id='word_1_58' title='bbox 1488 900 1802 972; x_wconf 82' lang='grc' dir='ltr'>πεπλασμέ-</span> 
     </span>
    </p>
   </div>
   <div class='ocr_carea' id='block_1_11' title="bbox 218 983 1799 1062">
    <p class='ocr_par' dir='ltr' id='par_1_11' title="bbox 218 983 1799 1062">
     <span class='ocr_line' id='line_1_11' title="bbox 218 983 1799 1062; baseline 0.003 -23"><span class='ocrx_word' id='word_1_59' title='bbox 218 1002 319 1055; x_wconf 78' lang='grc' dir='ltr'><strong>νην</strong></span> <span class='ocrx_word' id='word_1_60' title='bbox 351 984 456 1053; x_wconf 84' lang='grc' dir='ltr'><strong>τὴν</strong></span> <span class='ocrx_word' id='word_1_61' title='bbox 488 983 630 1037; x_wconf 81' lang='grc' dir='ltr'><strong>κατά</strong></span> <span class='ocrx_word' id='word_1_62' title='bbox 653 983 891 1055; x_wconf 80' lang='grc' dir='ltr'>Χριστὸν</span> <span class='ocrx_word' id='word_1_63' title='bbox 931 983 1100 1039; x_wconf 84' lang='grc' dir='ltr'>δυάδα</span> <span class='ocrx_word' id='word_1_64' title='bbox 1126 985 1236 1039; x_wconf 85' lang='grc' dir='ltr'>τῶν</span> <span class='ocrx_word' id='word_1_65' title='bbox 1266 986 1483 1056; x_wconf 78' lang='grc' dir='ltr'>φύσεων</span> <span class='ocrx_word' id='word_1_66' title='bbox 1510 1006 1799 1062; x_wconf 84' lang='grc' dir='ltr'>προχειρι-</span> 
     </span>
    </p>
   </div>
   <div class='ocr_carea' id='block_1_12' title="bbox 218 1075 1799 1156">
    <p class='ocr_par' dir='ltr' id='par_1_12' title="bbox 218 1075 1799 1156">
     <span class='ocr_line' id='line_1_12' title="bbox 218 1075 1799 1156; baseline 0.004 -25"><span class='ocrx_word' id='word_1_67' title='bbox 218 1080 462 1148; x_wconf 77' lang='grc' dir='ltr'>ζόμενοι,</span> <span class='ocrx_word' id='word_1_68' title='bbox 490 1077 719 1140; x_wconf 76' lang='grc' dir='ltr'><strong>δικαίως</strong></span> <span class='ocrx_word' id='word_1_69' title='bbox 768 1078 835 1132; x_wconf 79' lang='grc' dir='ltr'>ἂν</span> <span class='ocrx_word' id='word_1_70' title='bbox 872 1079 1020 1150; x_wconf 78' lang='grc' dir='ltr'>μάλα</span> <span class='ocrx_word' id='word_1_71' title='bbox 1064 1075 1161 1133; x_wconf 51' lang='grc' dir='ltr'><strong>καὶ⁸</strong></span> <span class='ocrx_word' id='word_1_72' title='bbox 1217 1080 1289 1135; x_wconf 77' lang='grc' dir='ltr'><strong>τὰ</strong></span> <span class='ocrx_word' id='word_1_73' title='bbox 1317 1082 1411 1135; x_wconf 86' lang='grc' dir='ltr'><strong>ἐπί</strong></span> <span class='ocrx_word' id='word_1_74' title='bbox 1466 1101 1531 1152; x_wconf 84' lang='grc' dir='ltr'><strong>γε</strong></span> <span class='ocrx_word' id='word_1_75' title='bbox 1586 1084 1799 1156; x_wconf 80' lang='grc' dir='ltr'><strong>ταύτης</strong></span> 
     </span>
    </p>
   </div>
   <div class='ocr_carea' id='block_1_13' title="bbox 216 1168 1799 1240">
    <p class='ocr_par' dir='ltr' id='par_1_13' title="bbox 216 1168 1799 1240">
     <span class='ocr_line' id='line_1_13' title="bbox 216 1168 1799 1240; baseline 0.004 -18"><span class='ocrx_word' id='word_1_76' title='bbox 216 1171 394 1223; x_wconf 77' lang='grc' dir='ltr'>οἰκεῖα</span> <span class='ocrx_word' id='word_1_77' title='bbox 418 1168 514 1222; x_wconf 74' lang='grc' dir='ltr'><strong>καὶ</strong></span> <span class='ocrx_word' id='word_1_78' title='bbox 542 1170 778 1240; x_wconf 73' lang='grc' dir='ltr'>ἁρμόδια</span> <span class='ocrx_word' id='word_1_79' title='bbox 823 1170 1103 1225; x_wconf 84' lang='grc' dir='ltr'>ἀπεδίδοτε</span> <span class='ocrx_word' id='word_1_80' title='bbox 1125 1187 1140 1201; x_wconf 85' lang='grc'>·</span> <span class='ocrx_word' id='word_1_81' title='bbox 1191 1174 1287 1227; x_wconf 76' lang='grc' dir='ltr'>καὶ</span> <span class='ocrx_word' id='word_1_82' title='bbox 1332 1174 1532 1238; x_wconf 80' lang='grc' dir='ltr'><strong>διπλᾶς</strong></span> <span class='ocrx_word' id='word_1_83' title='bbox 1571 1176 1669 1239; x_wconf 86' lang='grc' dir='ltr'><strong>τὰς</strong></span> <span class='ocrx_word' id='word_1_84' title='bbox 1706 1177 1799 1229; x_wconf 76' lang='grc' dir='ltr'><strong>ἐπὶ</strong></span> 
     </span>
    </p>
   </div>
   <div class='ocr_carea' id='block_1_14' title="bbox 217 1260 1798 1337">
    <p class='ocr_par' dir='ltr' id='par_1_14' title="bbox 217 1260 1798 1337">
     <span class='ocr_line' id='line_1_14' title="bbox 217 1260 1798 1337; baseline 0.003 -22"><span class='ocrx_word' id='word_1_85' title='bbox 217 1260 453 1331; x_wconf 80' lang='grc' dir='ltr'><strong>Χριστοῦ</strong></span> <span class='ocrx_word' id='word_1_86' title='bbox 488 1262 775 1332; x_wconf 77' lang='grc' dir='ltr'>γεννήσεις</span> <span class='ocrx_word' id='word_1_87' title='bbox 805 1261 1215 1332; x_wconf 76' lang='grc' dir='ltr'>ὁμολογοῦντες,</span> <span class='ocrx_word' id='word_1_88' title='bbox 1248 1267 1348 1337; x_wconf 81' lang='grc' dir='ltr'><strong>τήν</strong></span> <span class='ocrx_word' id='word_1_89' title='bbox 1380 1282 1441 1319; x_wconf 89' lang='grc' dir='ltr'>τε</span> <span class='ocrx_word' id='word_1_90' title='bbox 1469 1265 1798 1335; x_wconf 87' lang='grc' dir='ltr'>προαιώνιον</span> 
     </span>
    </p>
   </div>
   <div class='ocr_carea' id='block_1_15' title="bbox 218 1350 1799 1429">
    <p class='ocr_par' dir='ltr' id='par_1_15' title="bbox 218 1350 1799 1429">
     <span class='ocr_line' id='line_1_15' title="bbox 218 1350 1799 1429; baseline 0.004 -25"><span class='ocrx_word' id='word_1_91' title='bbox 218 1356 312 1406; x_wconf 67' lang='grc' dir='ltr'>καὶ</span> <span class='ocrx_word' id='word_1_92' title='bbox 335 1351 573 1422; x_wconf 77' lang='grc' dir='ltr'><strong>ἄναρχον</strong></span> <span class='ocrx_word' id='word_1_93' title='bbox 605 1350 900 1421; x_wconf 78' lang='grc' dir='ltr'>ἀσώματόν</span> <span class='ocrx_word' id='word_1_94' title='bbox 939 1371 998 1406; x_wconf 88' lang='grc' dir='ltr'>τε</span> <span class='ocrx_word' id='word_1_95' title='bbox 1026 1353 1123 1409; x_wconf 80' lang='grc' dir='ltr'><strong>καὶ</strong></span> <span class='ocrx_word' id='word_1_96' title='bbox 1148 1356 1343 1419; x_wconf 76' lang='grc' dir='ltr'>ἀΐδιον,</span> <span class='ocrx_word' id='word_1_97' title='bbox 1386 1358 1450 1410; x_wconf 84' lang='grc' dir='ltr'><strong>ἐκ</strong></span> <span class='ocrx_word' id='word_1_98' title='bbox 1494 1356 1589 1410; x_wconf 81' lang='grc' dir='ltr'>τοῦ</span> <span class='ocrx_word' id='word_1_99' title='bbox 1630 1358 1799 1429; x_wconf 81' lang='grc' dir='ltr'>ἀνάρ-</span> 
     </span>
    </p>
   </div>
   <div class='ocr_carea' id='block_1_16' title="bbox 220 1442 1798 1520">
    <p class='ocr_par' dir='ltr' id='par_1_16' title="bbox 220 1442 1798 1520">
     <span class='ocr_line' id='line_1_16' title="bbox 220 1442 1798 1520; baseline 0.005 -26"><span class='ocrx_word' id='word_1_100' title='bbox 220 1459 317 1511; x_wconf 85' lang='grc' dir='ltr'>χου</span> <span class='ocrx_word' id='word_1_101' title='bbox 340 1443 436 1496; x_wconf 78' lang='grc' dir='ltr'>καὶ</span> <span class='ocrx_word' id='word_1_102' title='bbox 465 1443 637 1496; x_wconf 83' lang='grc' dir='ltr'>ἀϊδίου</span> <span class='ocrx_word' id='word_1_103' title='bbox 656 1442 902 1513; x_wconf 78' lang='grc' dir='ltr'>Πατρὸς,</span> <span class='ocrx_word' id='word_1_104' title='bbox 934 1445 1027 1496; x_wconf 75' lang='grc' dir='ltr'>καὶ</span> <span class='ocrx_word' id='word_1_105' title='bbox 1068 1443 1165 1516; x_wconf 78' lang='grc' dir='ltr'><strong>τὴν</strong></span> <span class='ocrx_word' id='word_1_106' title='bbox 1210 1446 1352 1512; x_wconf 80' lang='grc' dir='ltr'>πρὸς</span> <span class='ocrx_word' id='word_1_107' title='bbox 1396 1450 1519 1511; x_wconf 87' lang='grc' dir='ltr'>ταῖς</span> <span class='ocrx_word' id='word_1_108' title='bbox 1564 1447 1798 1520; x_wconf 77' lang='grc' dir='ltr'><strong>δυσμαῖς</strong></span> 
     </span>
    </p>
   </div>
   <div class='ocr_carea' id='block_1_17' title="bbox 219 1535 1800 1610">
    <p class='ocr_par' dir='ltr' id='par_1_17' title="bbox 219 1535 1800 1610">
     <span class='ocr_line' id='line_1_17' title="bbox 219 1535 1800 1610; baseline 0.003 -20"><span class='ocrx_word' id='word_1_109' title='bbox 219 1536 330 1592; x_wconf 82' lang='grc' dir='ltr'>τῶν</span> <span class='ocrx_word' id='word_1_110' title='bbox 365 1535 575 1606; x_wconf 85' lang='grc' dir='ltr'>καιρῶν</span> <span class='ocrx_word' id='word_1_111' title='bbox 603 1538 667 1588; x_wconf 85' lang='grc' dir='ltr'>ἐκ</span> <span class='ocrx_word' id='word_1_112' title='bbox 692 1535 793 1605; x_wconf 84' lang='grc' dir='ltr'><strong>τῆς</strong></span> <span class='ocrx_word' id='word_1_113' title='bbox 817 1536 1200 1607; x_wconf 83' lang='grc' dir='ltr'>παναχρὰντου</span> <span class='ocrx_word' id='word_1_114' title='bbox 1240 1537 1530 1605; x_wconf 79' lang='grc' dir='ltr'>Θεοτόκου,</span> <span class='ocrx_word' id='word_1_115' title='bbox 1563 1541 1663 1610; x_wconf 82' lang='grc' dir='ltr'><strong>τῆς</strong></span> <span class='ocrx_word' id='word_1_116' title='bbox 1696 1557 1800 1593; x_wconf 87' lang='grc' dir='ltr'><strong>σω-</strong></span> 
     </span>
    </p>
   </div>
   <div class='ocr_carea' id='block_1_18' title="bbox 217 1625 1796 1701">
    <p class='ocr_par' dir='ltr' id='par_1_18' title="bbox 217 1625 1796 1701">
     <span class='ocr_line' id='line_1_18' title="bbox 217 1625 1796 1701; baseline 0.002 -21"><span class='ocrx_word' id='word_1_117' title='bbox 217 1628 418 1699; x_wconf 84' lang='grc' dir='ltr'>τηρίας</span> <span class='ocrx_word' id='word_1_118' title='bbox 459 1626 555 1679; x_wconf 83' lang='grc' dir='ltr'>τοῦ</span> <span class='ocrx_word' id='word_1_119' title='bbox 577 1626 770 1694; x_wconf 82' lang='grc' dir='ltr'>γένους</span> <span class='ocrx_word' id='word_1_120' title='bbox 820 1625 989 1680; x_wconf 70' lang='grc' dir='ltr'>,ἕνεκα</span> <span class='ocrx_word' id='word_1_121' title='bbox 1023 1625 1114 1679; x_wconf 81' lang='grc' dir='ltr'>τοῦ</span> <span class='ocrx_word' id='word_1_122' title='bbox 1145 1628 1415 1699; x_wconf 80' lang='grc' dir='ltr'><strong>ἡμετέρου</strong></span> <span class='ocrx_word' id='word_1_123' title='bbox 1460 1630 1565 1682; x_wconf 75' lang='grc' dir='ltr'>ὑπὸ</span> <span class='ocrx_word' id='word_1_124' title='bbox 1603 1629 1796 1701; x_wconf 87' lang='grc' dir='ltr'>χρόνον</span> 
     </span>
    </p>
   </div>
   <div class='ocr_carea' id='block_1_19' title="bbox 218 1713 1793 1789">
    <p class='ocr_par' dir='ltr' id='par_1_19' title="bbox 218 1713 1793 1789">
     <span class='ocr_line' id='line_1_19' title="bbox 218 1713 1793 1789; baseline 0.001 -17"><span class='ocrx_word' id='word_1_125' title='bbox 218 1717 617 1789; x_wconf 72' lang='grc' dir='ltr'><strong>γεγενημένην,</strong></span> <span class='ocrx_word' id='word_1_126' title='bbox 649 1716 905 1787; x_wconf 76' lang='grc' dir='ltr'>ἐνείματε</span> <span class='ocrx_word' id='word_1_127' title='bbox 946 1716 1012 1771; x_wconf 84' lang='grc' dir='ltr'><strong>ἂν</strong></span> <span class='ocrx_word' id='word_1_128' title='bbox 1041 1718 1281 1789; x_wconf 80' lang='grc' dir='ltr'><strong>ἑκατέρᾳ</strong></span> <span class='ocrx_word' id='word_1_129' title='bbox 1303 1719 1373 1773; x_wconf 82' lang='grc' dir='ltr'><strong>τὰ</strong></span> <span class='ocrx_word' id='word_1_130' title='bbox 1401 1718 1467 1772; x_wconf 84' lang='grc' dir='ltr'>δι’</span> <span class='ocrx_word' id='word_1_131' title='bbox 1495 1713 1569 1773; x_wconf 84' lang='grc' dir='ltr'><strong>ὧν</strong></span> <span class='ocrx_word' id='word_1_132' title='bbox 1593 1721 1653 1773; x_wconf 80' lang='grc' dir='ltr'>τὸ</span> <span class='ocrx_word' id='word_1_133' title='bbox 1678 1721 1793 1774; x_wconf 86' lang='grc' dir='ltr'>ἐτε-</span> 
     </span>
    </p>
   </div>
   <div class='ocr_carea' id='block_1_20' title="bbox 219 1806 1792 1881">
    <p class='ocr_par' dir='ltr' id='par_1_20' title="bbox 219 1806 1792 1881">
     <span class='ocr_line' id='line_1_20' title="bbox 219 1806 1792 1881; baseline 0.002 -20"><span class='ocrx_word' id='word_1_134' title='bbox 219 1808 420 1880; x_wconf 80' lang='grc' dir='ltr'>ροιρυές</span> <span class='ocrx_word' id='word_1_135' title='bbox 468 1806 648 1860; x_wconf 84' lang='grc' dir='ltr'>αὑτῶν</span> <span class='ocrx_word' id='word_1_136' title='bbox 706 1808 1195 1878; x_wconf 76' lang='grc' dir='ltr'><strong>χαρακτηρίζεται,</strong></span> <span class='ocrx_word' id='word_1_137' title='bbox 1231 1809 1327 1863; x_wconf 71' lang='grc' dir='ltr'><strong>καὶ</strong></span> <span class='ocrx_word' id='word_1_138' title='bbox 1377 1809 1437 1862; x_wconf 79' lang='grc' dir='ltr'>τὸ</span> <span class='ocrx_word' id='word_1_139' title='bbox 1480 1810 1792 1881; x_wconf 78' lang='grc' dir='ltr'>ἁσύγχυτον</span> 
     </span>
    </p>
   </div>
   <div class='ocr_carea' id='block_1_21' title="bbox 214 1898 1794 1971">
    <p class='ocr_par' dir='ltr' id='par_1_21' title="bbox 214 1898 1794 1971">
     <span class='ocr_line' id='line_1_21' title="bbox 214 1898 1794 1971; baseline -0.002 -16"><span class='ocrx_word' id='word_1_140' title='bbox 214 1902 310 1955; x_wconf 77' lang='grc' dir='ltr'>καὶ</span> <span class='ocrx_word' id='word_1_141' title='bbox 326 1899 685 1971; x_wconf 77' lang='grc' dir='ltr'>ἁσύμφυρτον</span> <span class='ocrx_word' id='word_1_142' title='bbox 703 1898 883 1953; x_wconf 82' lang='grc' dir='ltr'>αὐτῶν</span> <span class='ocrx_word' id='word_1_143' title='bbox 901 1898 1251 1967; x_wconf 74' lang='grc' dir='ltr'><strong>γνωρίζεται,</strong></span> <span class='ocrx_word' id='word_1_144' title='bbox 1269 1899 1473 1964; x_wconf 73' lang='grc' dir='ltr'>καὶτὰς</span> <span class='ocrx_word' id='word_1_145' title='bbox 1493 1902 1794 1971; x_wconf 75' lang='grc' dir='ltr'>προσφυεῖς</span> 
     </span>
    </p>
   </div>
   <div class='ocr_carea' id='block_1_22' title="bbox 213 1988 1794 2062">
    <p class='ocr_par' dir='ltr' id='par_1_22' title="bbox 213 1988 1794 2062">
     <span class='ocr_line' id='line_1_22' title="bbox 213 1988 1794 2062; baseline 0.001 -17"><span class='ocrx_word' id='word_1_146' title='bbox 213 1990 499 2062; x_wconf 77' lang='grc' dir='ltr'>ἐνεργείας</span> <span class='ocrx_word' id='word_1_147' title='bbox 528 2008 588 2044; x_wconf 90' lang='grc' dir='ltr'>τε</span> <span class='ocrx_word' id='word_1_148' title='bbox 635 1991 732 2044; x_wconf 71' lang='grc' dir='ltr'>καὶ</span> <span class='ocrx_word' id='word_1_149' title='bbox 769 1990 1075 2060; x_wconf 82' lang='grc' dir='ltr'>θελήματα,</span> <span class='ocrx_word' id='word_1_150' title='bbox 1110 1989 1181 2043; x_wconf 83' lang='grc' dir='ltr'>τὰ</span> <span class='ocrx_word' id='word_1_151' title='bbox 1220 1988 1339 2043; x_wconf 80' lang='grc' dir='ltr'>θεῖα</span> <span class='ocrx_word' id='word_1_152' title='bbox 1385 1991 1530 2062; x_wconf 79' lang='grc' dir='ltr'>φημὶ</span> <span class='ocrx_word' id='word_1_153' title='bbox 1569 1994 1661 2045; x_wconf 72' lang='grc' dir='ltr'>καὶ</span> <span class='ocrx_word' id='word_1_154' title='bbox 1697 1993 1794 2047; x_wconf 85' lang='grc' dir='ltr'><strong>ἀν-</strong></span> 
     </span>
    </p>
   </div>
   <div class='ocr_carea' id='block_1_23' title="bbox 214 2076 1790 2156">
    <p class='ocr_par' dir='ltr' id='par_1_23' title="bbox 214 2076 1790 2156">
     <span class='ocr_line' id='line_1_23' title="bbox 214 2076 1790 2156; baseline 0.001 -21"><span class='ocrx_word' id='word_1_155' title='bbox 214 2082 486 2156; x_wconf 78' lang='grc' dir='ltr'>θρώπινα.</span> <span class='ocrx_word' id='word_1_156' title='bbox 522 2076 624 2134; x_wconf 75' lang='grc' dir='ltr'>Ὧν</span> <span class='ocrx_word' id='word_1_157' title='bbox 654 2084 765 2153; x_wconf 84' lang='grc' dir='ltr'>γὰρ</span> <span class='ocrx_word' id='word_1_158' title='bbox 821 2083 876 2133; x_wconf 83' lang='grc' dir='ltr'>αἱ</span> <span class='ocrx_word' id='word_1_159' title='bbox 910 2080 1103 2151; x_wconf 82' lang='grc' dir='ltr'>φύσεις</span> <span class='ocrx_word' id='word_1_160' title='bbox 1146 2080 1414 2154; x_wconf 69' lang='grc' dir='ltr'>διάςροροι,</span> <span class='ocrx_word' id='word_1_161' title='bbox 1471 2084 1674 2140; x_wconf 83' lang='grc' dir='ltr'>τούτων</span> <span class='ocrx_word' id='word_1_162' title='bbox 1723 2085 1790 2155; x_wconf 83' lang='grc' dir='ltr'>δή</span> 
     </span>
    </p>
   </div>
   <div class='ocr_carea' id='block_1_24' title="bbox 202 2169 1792 2247">
    <p class='ocr_par' dir='ltr' id='par_1_24' title="bbox 202 2169 1792 2247">
     <span class='ocr_line' id='line_1_24' title="bbox 202 2169 1792 2247; baseline 0.001 -18"><span class='ocrx_word' id='word_1_163' title='bbox 202 2193 321 2229; x_wconf 86' lang='grc' dir='ltr'>-που</span> <span class='ocrx_word' id='word_1_164' title='bbox 368 2177 464 2229; x_wconf 79' lang='grc' dir='ltr'><strong>καὶ</strong></span> <span class='ocrx_word' id='word_1_165' title='bbox 498 2177 556 2228; x_wconf 76' lang='grc' dir='ltr'>αἱ</span> <span class='ocrx_word' id='word_1_166' title='bbox 589 2176 863 2247; x_wconf 75' lang='grc' dir='ltr'>ἐνέργειαι</span> <span class='ocrx_word' id='word_1_167' title='bbox 890 2191 904 2206; x_wconf 75' lang='grc' dir='ltr'><strong><em>ο</em></strong></span> <span class='ocrx_word' id='word_1_168' title='bbox 962 2172 1154 2244; x_wconf 83' lang='grc' dir='ltr'>ὥσπερ</span> <span class='ocrx_word' id='word_1_169' title='bbox 1184 2175 1278 2228; x_wconf 72' lang='grc' dir='ltr'><strong>καὶ</strong></span> <span class='ocrx_word' id='word_1_170' title='bbox 1323 2169 1399 2228; x_wconf 78' lang='grc' dir='ltr'>ὧν</span> <span class='ocrx_word' id='word_1_171' title='bbox 1433 2177 1489 2229; x_wconf 73' lang='grc' dir='ltr'>αἱ</span> <span class='ocrx_word' id='word_1_172' title='bbox 1519 2178 1792 2247; x_wconf 78' lang='grc' dir='ltr'>ἐνέργειαι</span> 
     </span>
    </p>
   </div>
   <div class='ocr_carea' id='block_1_25' title="bbox 199 2266 1793 2340">
    <p class='ocr_par' dir='ltr' id='par_1_25' title="bbox 199 2266 1793 2340">
     <span class='ocr_line' id='line_1_25' title="bbox 199 2266 1793 2340; baseline 0 -18"><span class='ocrx_word' id='word_1_173' title='bbox 199 2268 267 2322; x_wconf 81' lang='grc' dir='ltr'>-αί</span> <span class='ocrx_word' id='word_1_174' title='bbox 301 2268 489 2335; x_wconf 72' lang='grc' dir='ltr'>αὑταὶ,</span> <span class='ocrx_word' id='word_1_175' title='bbox 521 2268 729 2322; x_wconf 81' lang='grc' dir='ltr'>τούτων</span> <span class='ocrx_word' id='word_1_176' title='bbox 760 2269 861 2338; x_wconf 64' lang='grc' dir='ltr'>ἤδη</span> <span class='ocrx_word' id='word_1_177' title='bbox 900 2267 997 2321; x_wconf 64' lang='lat' dir='ltr'><strong>irai.</strong></span> <span class='ocrx_word' id='word_1_178' title='bbox 1049 2269 1106 2321; x_wconf 81' lang='grc' dir='ltr'><strong>αι</strong></span> <span class='ocrx_word' id='word_1_179' title='bbox 1158 2266 1350 2336; x_wconf 81' lang='grc' dir='ltr'>φύσεις</span> <span class='ocrx_word' id='word_1_180' title='bbox 1384 2267 1659 2340; x_wconf 76' lang='grc' dir='ltr'>ὁμότιμοι,</span> <span class='ocrx_word' id='word_1_181' title='bbox 1703 2269 1793 2323; x_wconf 65' lang='grc' dir='ltr'>διὰ</span> 
     </span>
    </p>
   </div>
   <div class='ocr_carea' id='block_1_26' title="bbox 201 2359 1794 2433">
    <p class='ocr_par' dir='ltr' id='par_1_26' title="bbox 201 2359 1794 2433">
     <span class='ocr_line' id='line_1_26' title="bbox 201 2359 1794 2433; baseline 0.002 -21"><span class='ocrx_word' id='word_1_182' title='bbox 201 2360 313 2433; x_wconf 76' lang='grc' dir='ltr'>τὴν</span> <span class='ocrx_word' id='word_1_183' title='bbox 346 2361 455 2414; x_wconf 86' lang='grc' dir='ltr'>τῶν</span> <span class='ocrx_word' id='word_1_184' title='bbox 486 2360 854 2413; x_wconf 76' lang='grc' dir='ltr'>συνελθόντων</span> <span class='ocrx_word' id='word_1_185' title='bbox 884 2359 1204 2413; x_wconf 84' lang='grc' dir='ltr'>ἐναντίωσιν</span> <span class='ocrx_word' id='word_1_186' title='bbox 1235 2361 1379 2413; x_wconf 85' lang='grc' dir='ltr'>κατὰ</span> <span class='ocrx_word' id='word_1_187' title='bbox 1409 2360 1471 2414; x_wconf 83' lang='grc' dir='ltr'>τὺ</span> <span class='ocrx_word' id='word_1_188' title='bbox 1494 2361 1794 2432; x_wconf 82' lang='grc' dir='ltr'>ἐκκλησια-</span> 
     </span>
    </p>
   </div>
   <div class='ocr_carea' id='block_1_27' title="bbox 190 2450 1792 2523">
    <p class='ocr_par' dir='ltr' id='par_1_27' title="bbox 190 2450 1792 2523">
     <span class='ocr_line' id='line_1_27' title="bbox 190 2450 1792 2523; baseline 0.001 -18"><span class='ocrx_word' id='word_1_189' title='bbox 190 2452 404 2506; x_wconf 67' lang='grc' dir='ltr'>τστικδν</span> <span class='ocrx_word' id='word_1_190' title='bbox 458 2452 632 2523; x_wconf 83' lang='grc' dir='ltr'>δόγμα</span> <span class='ocrx_word' id='word_1_191' title='bbox 688 2452 779 2504; x_wconf 72' lang='grc' dir='ltr'><strong>καὶ</strong></span> <span class='ocrx_word' id='word_1_192' title='bbox 834 2450 1114 2521; x_wconf 80' lang='grc' dir='ltr'>φρόνημα.</span> <span class='ocrx_word' id='word_1_193' title='bbox 1159 2451 1346 2515; x_wconf 82' lang='grc' dir='ltr'>Οὕτως</span> <span class='ocrx_word' id='word_1_194' title='bbox 1393 2451 1501 2523; x_wconf 80' lang='grc' dir='ltr'>γὰρ</span> <span class='ocrx_word' id='word_1_195' title='bbox 1551 2453 1792 2518; x_wconf 77' lang='grc' dir='ltr'>εὑσεσῶς</span> 
     </span>
    </p>
   </div>
   <div class='ocr_carea' id='block_1_28' title="bbox 194 2541 1794 2615">
    <p class='ocr_par' dir='ltr' id='par_1_28' title="bbox 194 2541 1794 2615">
     <span class='ocr_line' id='line_1_28' title="bbox 194 2541 1794 2615; baseline 0.001 -18"><span class='ocrx_word' id='word_1_196' title='bbox 194 2543 437 2614; x_wconf 78' lang='grc' dir='ltr'><strong>-νοηθείη</strong></span> <span class='ocrx_word' id='word_1_197' title='bbox 469 2546 502 2614; x_wconf 84' lang='grc' dir='ltr'>ὴ</span> <span class='ocrx_word' id='word_1_198' title='bbox 542 2541 637 2613; x_wconf 76' lang='grc' dir='ltr'>μὲν</span> <span class='ocrx_word' id='word_1_199' title='bbox 664 2542 783 2595; x_wconf 75' lang='grc' dir='ltr'>θεία</span> <span class='ocrx_word' id='word_1_200' title='bbox 812 2543 1066 2613; x_wconf 78' lang='grc' dir='ltr'>ἐνέργεια</span> <span class='ocrx_word' id='word_1_201' title='bbox 1116 2542 1307 2608; x_wconf 74' lang='grc' dir='ltr'>ἀΐδιος,</span> <span class='ocrx_word' id='word_1_202' title='bbox 1345 2546 1547 2615; x_wconf 80' lang='grc' dir='ltr'>μᾶλλον</span> <span class='ocrx_word' id='word_1_203' title='bbox 1573 2545 1629 2598; x_wconf 83' lang='grc' dir='ltr'><strong>δὲ</strong></span> <span class='ocrx_word' id='word_1_204' title='bbox 1663 2546 1794 2599; x_wconf 80' lang='grc' dir='ltr'>αὑτ-</span> 
     </span>
    </p>
   </div>
   <div class='ocr_carea' id='block_1_29' title="bbox 194 2632 1789 2707">
    <p class='ocr_par' dir='ltr' id='par_1_29' title="bbox 194 2632 1789 2707">
     <span class='ocr_line' id='line_1_29' title="bbox 194 2632 1789 2707; baseline 0 -19"><span class='ocrx_word' id='word_1_205' title='bbox 194 2635 502 2707; x_wconf 79' lang='grc' dir='ltr'>.ενέργεια,</span> <span class='ocrx_word' id='word_1_206' title='bbox 520 2634 598 2705; x_wconf 82' lang='grc' dir='ltr'><strong>τῷ</strong></span> <span class='ocrx_word' id='word_1_207' title='bbox 624 2633 697 2704; x_wconf 85' lang='grc' dir='ltr'>μὴ</span> <span class='ocrx_word' id='word_1_208' title='bbox 718 2632 1119 2704; x_wconf 79' lang='grc' dir='ltr'>διωρίσθαιτῆς</span> <span class='ocrx_word' id='word_1_209' title='bbox 1145 2634 1335 2697; x_wconf 83' lang='grc' dir='ltr'>οὐσίας</span> <span class='ocrx_word' id='word_1_210' title='bbox 1363 2634 1462 2705; x_wconf 77' lang='grc' dir='ltr'><strong>τὴν</strong></span> <span class='ocrx_word' id='word_1_211' title='bbox 1487 2636 1789 2705; x_wconf 80' lang='grc' dir='ltr'>ἐνέργειαν,</span> 
     </span>
    </p>
   </div>
   <div class='ocr_carea' id='block_1_30' title="bbox 194 2724 1791 2797">
    <p class='ocr_par' dir='ltr' id='par_1_30' title="bbox 194 2724 1791 2797">
     <span class='ocr_line' id='line_1_30' title="bbox 194 2724 1791 2797; baseline -0.003 -14"><span class='ocrx_word' id='word_1_212' title='bbox 194 2726 347 2783; x_wconf 63' lang='grc' dir='ltr'><strong>ἀλλὰ</strong></span> <span class='ocrx_word' id='word_1_213' title='bbox 381 2725 474 2781; x_wconf 72' lang='grc' dir='ltr'><strong>τὸν</strong></span> <span class='ocrx_word' id='word_1_214' title='bbox 491 2725 655 2778; x_wconf 80' lang='grc' dir='ltr'>αὑτὸν</span> <span class='ocrx_word' id='word_1_215' title='bbox 687 2724 848 2793; x_wconf 81' lang='grc' dir='ltr'>λόγον</span> <span class='ocrx_word' id='word_1_216' title='bbox 868 2724 1238 2795; x_wconf 78' lang='grc' dir='ltr'><strong>ἐπιδέχεσθαι,</strong></span> <span class='ocrx_word' id='word_1_217' title='bbox 1260 2725 1352 2778; x_wconf 76' lang='grc' dir='ltr'>διὰ</span> <span class='ocrx_word' id='word_1_218' title='bbox 1371 2726 1467 2797; x_wconf 81' lang='grc' dir='ltr'>τὴν</span> <span class='ocrx_word' id='word_1_219' title='bbox 1488 2727 1588 2795; x_wconf 77' lang='grc' dir='ltr'><strong>τῆς</strong></span> <span class='ocrx_word' id='word_1_220' title='bbox 1614 2728 1791 2797; x_wconf 79' lang='grc' dir='ltr'>ἁπλῆς</span> 
     </span>
    </p>
   </div>
   <div class='ocr_carea' id='block_1_31' title="bbox 202 2817 1791 2889">
    <p class='ocr_par' dir='ltr' id='par_1_31' title="bbox 202 2817 1791 2889">
     <span class='ocr_line' id='line_1_31' title="bbox 202 2817 1791 2889; baseline -0.002 -16"><span class='ocrx_word' id='word_1_221' title='bbox 202 2821 304 2873; x_wconf 75' lang='grc' dir='ltr'><strong>καὶ</strong></span> <span class='ocrx_word' id='word_1_222' title='bbox 336 2819 636 2889; x_wconf 77' lang='grc' dir='ltr'>ἀσωμάτου</span> <span class='ocrx_word' id='word_1_223' title='bbox 685 2817 900 2886; x_wconf 82' lang='grc' dir='ltr'>φύσεως</span> <span class='ocrx_word' id='word_1_224' title='bbox 947 2817 1212 2889; x_wconf 80' lang='grc' dir='ltr'>ἰδιότητα,</span> <span class='ocrx_word' id='word_1_225' title='bbox 1266 2820 1364 2872; x_wconf 71' lang='grc' dir='ltr'><strong>καὶ</strong></span> <span class='ocrx_word' id='word_1_226' title='bbox 1405 2819 1603 2872; x_wconf 80' lang='grc' dir='ltr'>ταύτὸν</span> <span class='ocrx_word' id='word_1_227' title='bbox 1633 2819 1690 2871; x_wconf 88' lang='grc' dir='ltr'><strong>δέ</strong></span> <span class='ocrx_word' id='word_1_228' title='bbox 1734 2821 1791 2871; x_wconf 82' lang='grc' dir='ltr'><strong>ἐν</strong></span> 
     </span>
    </p>
   </div>
   <div class='ocr_carea' id='block_1_32' title="bbox 202 2901 1789 2980">
    <p class='ocr_par' dir='ltr' id='par_1_32' title="bbox 202 2901 1789 2980">
     <span class='ocr_line' id='line_1_32' title="bbox 202 2901 1789 2980; baseline -0.001 -16"><span class='ocrx_word' id='word_1_229' title='bbox 202 2912 379 2964; x_wconf 73' lang='grc' dir='ltr'>παντὶ</span> <span class='ocrx_word' id='word_1_230' title='bbox 404 2910 679 2979; x_wconf 75' lang='grc' dir='ltr'>διαφόρως</span> <span class='ocrx_word' id='word_1_231' title='bbox 705 2909 992 2980; x_wconf 81' lang='grc' dir='ltr'>προϊοῦσα,</span> <span class='ocrx_word' id='word_1_232' title='bbox 1030 2912 1125 2963; x_wconf 69' lang='grc' dir='ltr'><strong>καὶ</strong></span> <span class='ocrx_word' id='word_1_233' title='bbox 1159 2911 1237 2973; x_wconf 87' lang='grc' dir='ltr'><strong>ὼς</strong></span> <span class='ocrx_word' id='word_1_234' title='bbox 1268 2909 1337 2964; x_wconf 80' lang='grc' dir='ltr'><strong>ἂν</strong></span> <span class='ocrx_word' id='word_1_235' title='bbox 1362 2901 1623 2972; x_wconf 71' lang='grc' dir='ltr'>εἷποίτις</span> <span class='ocrx_word' id='word_1_236' title='bbox 1651 2912 1789 2963; x_wconf 76' lang='grc' dir='ltr'>ἅπερ</span> 
     </span>
    </p>
   </div>
   <div class='ocr_carea' id='block_1_33' title="bbox 203 2998 1793 3072">
    <p class='ocr_par' dir='ltr' id='par_1_33' title="bbox 203 2998 1793 3072">
     <span class='ocr_line' id='line_1_33' title="bbox 203 2998 1793 3072; baseline -0.001 -16"><span class='ocrx_word' id='word_1_237' title='bbox 203 3003 560 3072; x_wconf 74' lang='grc' dir='ltr'>ριγρὰπτως.</span> <span class='ocrx_word' id='word_1_238' title='bbox 600 3000 673 3053; x_wconf 87' lang='grc' dir='ltr'>Οὑ</span> <span class='ocrx_word' id='word_1_239' title='bbox 724 3000 833 3069; x_wconf 79' lang='grc' dir='ltr'><strong>γὰρ</strong></span> <span class='ocrx_word' id='word_1_240' title='bbox 866 3000 1098 3070; x_wconf 81' lang='grc' dir='ltr'>δυνάμει</span> <span class='ocrx_word' id='word_1_241' title='bbox 1134 3002 1403 3071; x_wconf 85' lang='grc' dir='ltr'>πρότερον</span> <span class='ocrx_word' id='word_1_242' title='bbox 1428 2998 1586 3069; x_wconf 84' lang='grc' dir='ltr'>οὖσα,</span> <span class='ocrx_word' id='word_1_243' title='bbox 1634 3001 1793 3055; x_wconf 78' lang='grc' dir='ltr'>ὕστε-</span> 
     </span>
    </p>
   </div>
   <div class='ocr_carea' id='block_1_34' title="bbox 205 3089 1549 3164">
    <p class='ocr_par' dir='ltr' id='par_1_34' title="bbox 205 3089 1549 3164">
     <span class='ocr_line' id='line_1_34' title="bbox 205 3089 1549 3164; baseline 0.002 -19"><span class='ocrx_word' id='word_1_244' title='bbox 205 3108 302 3162; x_wconf 70' lang='grc' dir='ltr'>ρον</span> <span class='ocrx_word' id='word_1_245' title='bbox 322 3093 408 3154; x_wconf 80' lang='grc' dir='ltr'><strong>είς</strong></span> <span class='ocrx_word' id='word_1_246' title='bbox 444 3091 505 3143; x_wconf 81' lang='grc' dir='ltr'>τὸ</span> <span class='ocrx_word' id='word_1_247' title='bbox 532 3091 783 3161; x_wconf 75' lang='grc' dir='ltr'>ἐνεργείᾳ</span> <span class='ocrx_word' id='word_1_248' title='bbox 811 3092 876 3143; x_wconf 83' lang='grc' dir='ltr'><strong>ἐκ</strong></span> <span class='ocrx_word' id='word_1_249' title='bbox 904 3089 998 3144; x_wconf 79' lang='grc' dir='ltr'><strong>τοῦ</strong></span> <span class='ocrx_word' id='word_1_250' title='bbox 1028 3091 1257 3162; x_wconf 80' lang='grc' dir='ltr'>δυνάμει</span> <span class='ocrx_word' id='word_1_251' title='bbox 1286 3093 1549 3164; x_wconf 76' lang='grc' dir='ltr'>κατέστη.</span> 
     </span>
    </p>
   </div>
   <div class='ocr_carea' id='block_1_35' title="bbox 278 3192 1791 3273">
    <p class='ocr_par' dir='ltr' id='par_1_35' title="bbox 278 3192 1791 3273">
     <span class='ocr_line' id='line_1_35' title="bbox 278 3192 1791 3273; baseline 0.003 -21"><span class='ocrx_word' id='word_1_252' title='bbox 278 3195 396 3273; x_wconf 60' lang='grc' dir='ltr'>μίν.</span> <span class='ocrx_word' id='word_1_253' title='bbox 440 3192 565 3251; x_wconf 72' lang='grc' dir='ltr'><strong>Οἷὸν</strong></span> <span class='ocrx_word' id='word_1_254' title='bbox 598 3215 650 3251; x_wconf 88' lang='grc' dir='ltr'>τι</span> <span class='ocrx_word' id='word_1_255' title='bbox 680 3199 892 3267; x_wconf 75' lang='grc' dir='ltr'>εἴρηται</span> <span class='ocrx_word' id='word_1_256' title='bbox 921 3199 1027 3252; x_wconf 85' lang='grc' dir='ltr'>ὑπὸ</span> <span class='ocrx_word' id='word_1_257' title='bbox 1060 3200 1155 3253; x_wconf 80' lang='grc' dir='ltr'><strong>τοῦ</strong></span> <span class='ocrx_word' id='word_1_258' title='bbox 1188 3202 1393 3271; x_wconf 85' lang='grc' dir='ltr'>Κυρίου</span> <span class='ocrx_word' id='word_1_259' title='bbox 1420 3217 1435 3232; x_wconf 78' lang='grc'><strong>⁸</strong></span> <span class='ocrx_word' id='word_1_260' title='bbox 1486 3202 1550 3255; x_wconf 78' lang='grc' dir='ltr'><em>Ὀ</em></span> <span class='ocrx_word' id='word_1_261' title='bbox 1588 3202 1791 3272; x_wconf 84' lang='grc' dir='ltr'>Πατήρ</span> 
     </span>
    </p>
   </div>
   <div class='ocr_carea' id='block_1_36' title="bbox 197 3288 1789 3362">
    <p class='ocr_par' dir='ltr' id='par_1_36' title="bbox 197 3288 1789 3362">
     <span class='ocr_line' id='line_1_36' title="bbox 197 3288 1789 3362; baseline 0.002 -18"><span class='ocrx_word' id='word_1_262' title='bbox 197 3307 323 3360; x_wconf 77' lang='grc' dir='ltr'>μου</span> <span class='ocrx_word' id='word_1_263' title='bbox 373 3289 491 3354; x_wconf 76' lang='grc' dir='ltr'><strong>ἕως</strong></span> <span class='ocrx_word' id='word_1_264' title='bbox 536 3288 667 3355; x_wconf 78' lang='grc' dir='ltr'>ἄρτι</span> <span class='ocrx_word' id='word_1_265' title='bbox 715 3288 1016 3358; x_wconf 75' lang='grc' dir='ltr'>ἐργάζεται</span> <span class='ocrx_word' id='word_1_266' title='bbox 1056 3291 1156 3344; x_wconf 76' lang='grc' dir='ltr'><strong>καὶ</strong></span> <span class='ocrx_word' id='word_1_267' title='bbox 1191 3291 1306 3361; x_wconf 76' lang='grc' dir='ltr'><strong>ἐγὼ</strong></span> <span class='ocrx_word' id='word_1_268' title='bbox 1342 3290 1655 3362; x_wconf 78' lang='grc' dir='ltr'>ἐργάζομαι</span> <span class='ocrx_word' id='word_1_269' title='bbox 1683 3309 1696 3323; x_wconf 89' lang='grc'><strong>·</strong></span> <span class='ocrx_word' id='word_1_270' title='bbox 1728 3293 1789 3347; x_wconf 85' lang='grc' dir='ltr'>οὑ</span> 
     </span>
    </p>
   </div>
   <div class='ocr_carea' id='block_1_37' title="bbox 200 3378 1792 3452">
    <p class='ocr_par' dir='ltr' id='par_1_37' title="bbox 200 3378 1792 3452">
     <span class='ocr_line' id='line_1_37' title="bbox 200 3378 1792 3452; baseline 0.004 -19"><span class='ocrx_word' id='word_1_271' title='bbox 200 3381 305 3452; x_wconf 70' lang='grc' dir='ltr'>τὴν</span> <span class='ocrx_word' id='word_1_272' title='bbox 347 3380 414 3444; x_wconf 74' lang='grc' dir='ltr'><strong>ἐξ</strong></span> <span class='ocrx_word' id='word_1_273' title='bbox 439 3381 613 3450; x_wconf 63' lang='grc' dir='ltr'><strong>ἀρχῆς</strong></span> <span class='ocrx_word' id='word_1_274' title='bbox 660 3380 724 3432; x_wconf 82' lang='grc' dir='ltr'><strong>ἐκ</strong></span> <span class='ocrx_word' id='word_1_275' title='bbox 769 3380 843 3450; x_wconf 80' lang='grc' dir='ltr'>μὴ</span> <span class='ocrx_word' id='word_1_276' title='bbox 896 3378 1068 3433; x_wconf 74' lang='grc' dir='ltr'>ὄντων</span> <span class='ocrx_word' id='word_1_277' title='bbox 1098 3381 1181 3444; x_wconf 71' lang='grc' dir='ltr'><strong>εἰς</strong></span> <span class='ocrx_word' id='word_1_278' title='bbox 1224 3381 1286 3434; x_wconf 82' lang='grc' dir='ltr'>τὸ</span> <span class='ocrx_word' id='word_1_279' title='bbox 1314 3378 1585 3437; x_wconf 79' lang='grc' dir='ltr'>εἶναιτῶν</span> <span class='ocrx_word' id='word_1_280' title='bbox 1618 3384 1792 3439; x_wconf 73' lang='grc' dir='ltr'>ὄντων</span> 
     </span>
    </p>
   </div>
   <div class='ocr_carea' id='block_1_38' title="bbox 202 3470 1791 3549">
    <p class='ocr_par' dir='ltr' id='par_1_38' title="bbox 202 3470 1791 3549">
     <span class='ocr_line' id='line_1_38' title="bbox 202 3470 1791 3549; baseline 0.004 -26"><span class='ocrx_word' id='word_1_281' title='bbox 202 3471 455 3542; x_wconf 77' lang='grc' dir='ltr'>πάροδον</span> <span class='ocrx_word' id='word_1_282' title='bbox 497 3472 682 3541; x_wconf 87' lang='grc' dir='ltr'>μόνον,</span> <span class='ocrx_word' id='word_1_283' title='bbox 710 3470 810 3541; x_wconf 68' lang='grc' dir='ltr'>ἤδη</span> <span class='ocrx_word' id='word_1_284' title='bbox 841 3470 898 3524; x_wconf 83' lang='grc' dir='ltr'><strong>δὲ</strong></span> <span class='ocrx_word' id='word_1_285' title='bbox 930 3472 1024 3524; x_wconf 77' lang='grc' dir='ltr'><strong>καὶ</strong></span> <span class='ocrx_word' id='word_1_286' title='bbox 1043 3472 1143 3543; x_wconf 78' lang='grc' dir='ltr'>τὴν</span> <span class='ocrx_word' id='word_1_287' title='bbox 1175 3474 1306 3543; x_wconf 83' lang='grc' dir='ltr'><strong>περὶ</strong></span> <span class='ocrx_word' id='word_1_288' title='bbox 1336 3474 1479 3528; x_wconf 84' lang='grc' dir='ltr'>αὐτὰ</span> <span class='ocrx_word' id='word_1_289' title='bbox 1517 3478 1791 3549; x_wconf 82' lang='grc' dir='ltr'>συντήρη-</span> 
     </span>
    </p>
   </div>
   <div class='ocr_carea' id='block_1_39' title="bbox 198 3558 1792 3633">
    <p class='ocr_par' dir='ltr' id='par_1_39' title="bbox 198 3558 1792 3633">
     <span class='ocr_line' id='line_1_39' title="bbox 198 3558 1792 3633; baseline 0.001 -17"><span class='ocrx_word' id='word_1_290' title='bbox 198 3564 289 3616; x_wconf 88' lang='grc' dir='ltr'>σὶν</span> <span class='ocrx_word' id='word_1_291' title='bbox 320 3579 386 3616; x_wconf 91' lang='grc' dir='ltr'>τε</span> <span class='ocrx_word' id='word_1_292' title='bbox 442 3560 536 3613; x_wconf 72' lang='grc' dir='ltr'>καὶ</span> <span class='ocrx_word' id='word_1_293' title='bbox 590 3559 871 3629; x_wconf 79' lang='grc' dir='ltr'>πρόνοιαν,</span> <span class='ocrx_word' id='word_1_294' title='bbox 901 3558 978 3622; x_wconf 85' lang='grc' dir='ltr'><strong>ὡς</strong></span> <span class='ocrx_word' id='word_1_295' title='bbox 1007 3559 1088 3625; x_wconf 80' lang='grc' dir='ltr'>τὸ,</span> <span class='ocrx_word' id='word_1_296' title='bbox 1128 3562 1301 3614; x_wconf 82' lang='grc' dir='ltr'>ποιεῖν</span> <span class='ocrx_word' id='word_1_297' title='bbox 1343 3561 1469 3626; x_wconf 82' lang='grc' dir='ltr'>τοὺς</span> <span class='ocrx_word' id='word_1_298' title='bbox 1525 3564 1792 3633; x_wconf 75' lang='grc' dir='ltr'><strong>ἀγγέλους</strong></span> 
     </span>
    </p>
   </div>
   <div class='ocr_carea' id='block_1_40' title="bbox 195 3649 1792 3724">
    <p class='ocr_par' dir='ltr' id='par_1_40' title="bbox 195 3649 1792 3724">
     <span class='ocr_line' id='line_1_40' title="bbox 195 3649 1792 3724; baseline 0.003 -18"><span class='ocrx_word' id='word_1_299' title='bbox 195 3652 376 3706; x_wconf 69' lang='grc' dir='ltr'>αὑτοῦ</span> <span class='ocrx_word' id='word_1_300' title='bbox 434 3649 723 3720; x_wconf 88' lang='grc' dir='ltr'>πνεύματα</span> <span class='ocrx_word' id='word_1_301' title='bbox 750 3666 765 3680; x_wconf 90' lang='grc'><strong>·</strong></span> <span class='ocrx_word' id='word_1_302' title='bbox 817 3650 933 3715; x_wconf 72' lang='grc' dir='ltr'>καὶ,</span> <span class='ocrx_word' id='word_1_303' title='bbox 965 3651 1229 3705; x_wconf 82' lang='grc' dir='ltr'>ἐκτείνειν</span> <span class='ocrx_word' id='word_1_304' title='bbox 1251 3652 1344 3706; x_wconf 80' lang='grc' dir='ltr'>τὸν</span> <span class='ocrx_word' id='word_1_305' title='bbox 1395 3653 1625 3724; x_wconf 83' lang='grc' dir='ltr'>οὐρανὸν</span> <span class='ocrx_word' id='word_1_306' title='bbox 1659 3654 1792 3710; x_wconf 80' lang='grc' dir='ltr'>ὡσεὶ</span> 
     </span>
    </p>
   </div>
   <div class='ocr_carea' id='block_1_41' title="bbox 192 3739 1787 3817">
    <p class='ocr_par' dir='ltr' id='par_1_41' title="bbox 192 3739 1787 3817">
     <span class='ocr_line' id='line_1_41' title="bbox 192 3739 1787 3817; baseline 0.002 -20"><span class='ocrx_word' id='word_1_307' title='bbox 192 3745 394 3817; x_wconf 72' lang='grc' dir='ltr'>δέρῤιν</span> <span class='ocrx_word' id='word_1_308' title='bbox 412 3759 430 3773; x_wconf 69' lang='grc' dir='ltr'><strong>θ</strong></span> <span class='ocrx_word' id='word_1_309' title='bbox 453 3742 568 3805; x_wconf 77' lang='grc' dir='ltr'>καὶ,</span> <span class='ocrx_word' id='word_1_310' title='bbox 613 3739 902 3809; x_wconf 79' lang='grc' dir='ltr'>στεγάζειν</span> <span class='ocrx_word' id='word_1_311' title='bbox 940 3744 998 3795; x_wconf 89' lang='grc' dir='ltr'><strong>ἐν</strong></span> <span class='ocrx_word' id='word_1_312' title='bbox 1028 3741 1185 3795; x_wconf 80' lang='grc' dir='ltr'>ὕδασι</span> <span class='ocrx_word' id='word_1_313' title='bbox 1209 3745 1274 3796; x_wconf 66' lang='grc' dir='ltr'>τὰ</span> <span class='ocrx_word' id='word_1_314' title='bbox 1319 3745 1546 3815; x_wconf 80' lang='grc' dir='ltr'>ὑπερῷα</span> <span class='ocrx_word' id='word_1_315' title='bbox 1573 3748 1743 3800; x_wconf 80' lang='grc' dir='ltr'>αὑτοῦ</span> <span class='ocrx_word' id='word_1_316' title='bbox 1771 3763 1787 3778; x_wconf 76' lang='grc' dir='ltr'><strong>ο</strong></span> 
     </span>
    </p>
   </div>
   <div class='ocr_carea' id='block_1_42' title="bbox 190 3822 1786 3909">
    <p class='ocr_par' dir='ltr' id='par_1_42' title="bbox 190 3822 1786 3909">
     <span class='ocr_line' id='line_1_42' title="bbox 190 3822 1786 3909; baseline 0.002 -21"><span class='ocrx_word' id='word_1_317' title='bbox 190 3835 319 3899; x_wconf 78' lang='grc' dir='ltr'>καὶ,</span> <span class='ocrx_word' id='word_1_318' title='bbox 372 3832 665 3903; x_wconf 57' lang='grc' dir='ltr'>θεμελιοω</span> <span class='ocrx_word' id='word_1_319' title='bbox 690 3832 789 3903; x_wconf 84' lang='grc' dir='ltr'>τὴν</span> <span class='ocrx_word' id='word_1_320' title='bbox 818 3822 928 3902; x_wconf 76' lang='grc' dir='ltr'>γῆν</span> <span class='ocrx_word' id='word_1_321' title='bbox 954 3833 1048 3885; x_wconf 61' lang='grc' dir='ltr'><strong>ἐπὶ¹</strong></span> <span class='ocrx_word' id='word_1_322' title='bbox 1098 3833 1197 3904; x_wconf 81' lang='grc' dir='ltr'>τὴν</span> <span class='ocrx_word' id='word_1_323' title='bbox 1241 3835 1542 3905; x_wconf 81' lang='grc' dir='ltr'>ἀσφάλειαν</span> <span class='ocrx_word' id='word_1_324' title='bbox 1580 3839 1750 3909; x_wconf 79' lang='grc' dir='ltr'>αὑτῆς</span> <span class='ocrx_word' id='word_1_325' title='bbox 1772 3856 1786 3871; x_wconf 81' lang='grc'><em>’</em></span> 
     </span>
    </p>
   </div>
   <div class='ocr_carea' id='block_1_43' title="bbox 188 3925 1835 4003">
    <p class='ocr_par' dir='ltr' id='par_1_43' title="bbox 188 3925 1835 4003">
     <span class='ocr_line' id='line_1_43' title="bbox 188 3925 1835 4003; baseline 0.002 -20"><span class='ocrx_word' id='word_1_326' title='bbox 188 3929 354 4000; x_wconf 82' lang='grc' dir='ltr'>ἆπερ</span> <span class='ocrx_word' id='word_1_327' title='bbox 385 3925 540 3991; x_wconf 70' lang='grc' dir='ltr'>ἅπαξ</span> <span class='ocrx_word' id='word_1_328' title='bbox 562 3927 896 3990; x_wconf 82' lang='grc' dir='ltr'><strong>ὑποστάντα,</strong></span> <span class='ocrx_word' id='word_1_329' title='bbox 919 3927 1015 3979; x_wconf 76' lang='grc' dir='ltr'><strong>καὶ</strong></span> <span class='ocrx_word' id='word_1_330' title='bbox 1042 3927 1102 3981; x_wconf 82' lang='grc' dir='ltr'>τὸ</span> <span class='ocrx_word' id='word_1_331' title='bbox 1130 3928 1355 3998; x_wconf 86' lang='grc' dir='ltr'>συνεχὲς</span> <span class='ocrx_word' id='word_1_332' title='bbox 1386 3930 1484 4000; x_wconf 84' lang='grc' dir='ltr'><strong>τῆς</strong></span> <span class='ocrx_word' id='word_1_333' title='bbox 1526 3931 1789 4003; x_wconf 83' lang='grc' dir='ltr'>διαμονῆς</span> <span class='ocrx_word' id='word_1_334' title='bbox 1832 3990 1835 3995; x_wconf 65' lang='grc'><strong>,</strong></span> 
     </span>
    </p>
   </div>
   <div class='ocr_carea' id='block_1_44' title="bbox 186 4019 1787 4092">
    <p class='ocr_par' dir='ltr' id='par_1_44' title="bbox 186 4019 1787 4092">
     <span class='ocr_line' id='line_1_44' title="bbox 186 4019 1787 4092; baseline 0.001 -17"><span class='ocrx_word' id='word_1_335' title='bbox 186 4020 439 4092; x_wconf 86' lang='grc' dir='ltr'>ἐνεργού</span> <span class='ocrx_word' id='word_1_336' title='bbox 449 4036 609 4091; x_wconf 84' lang='grc' dir='ltr'>μενον</span> <span class='ocrx_word' id='word_1_337' title='bbox 632 4020 923 4090; x_wconf 76' lang='grc' dir='ltr'>κέκτηται.</span> <span class='ocrx_word' id='word_1_338' title='bbox 959 4020 1021 4072; x_wconf 85' lang='grc' dir='ltr'><strong>Ἦ</strong></span> <span class='ocrx_word' id='word_1_339' title='bbox 1044 4021 1100 4072; x_wconf 89' lang='grc' dir='ltr'><strong>δὲ</strong></span> <span class='ocrx_word' id='word_1_340' title='bbox 1123 4019 1460 4092; x_wconf 82' lang='grc' dir='ltr'>ἀνθρώπειος</span> <span class='ocrx_word' id='word_1_341' title='bbox 1481 4024 1580 4076; x_wconf 85' lang='grc' dir='ltr'>οὑκ</span> <span class='ocrx_word' id='word_1_342' title='bbox 1598 4025 1787 4090; x_wconf 77' lang='grc' dir='ltr'>ἀΐδιος,</span> 
     </span>
    </p>
   </div>
   <div class='ocr_carea' id='block_1_45' title="bbox 186 4108 1791 4182">
    <p class='ocr_par' dir='ltr' id='par_1_45' title="bbox 186 4108 1791 4182">
     <span class='ocr_line' id='line_1_45' title="bbox 186 4108 1791 4182; baseline -0.001 -18"><span class='ocrx_word' id='word_1_343' title='bbox 186 4111 339 4164; x_wconf 77' lang='grc' dir='ltr'><strong>ἀλλὰ</strong></span> <span class='ocrx_word' id='word_1_344' title='bbox 376 4109 799 4179; x_wconf 80' lang='grc' dir='ltr'>πεπερασμένη,</span> <span class='ocrx_word' id='word_1_345' title='bbox 834 4110 929 4161; x_wconf 77' lang='grc' dir='ltr'><strong>καὶ</strong></span> <span class='ocrx_word' id='word_1_346' title='bbox 982 4108 1310 4181; x_wconf 72' lang='grc' dir='ltr'>οἰκειότερον</span> <span class='ocrx_word' id='word_1_347' title='bbox 1352 4112 1529 4163; x_wconf 84' lang='grc' dir='ltr'>εἰπεῖν</span> <span class='ocrx_word' id='word_1_348' title='bbox 1568 4128 1791 4182; x_wconf 81' lang='grc' dir='ltr'>περιγε-</span> 
     </span>
    </p>
   </div>
   <div class='ocr_carea' id='block_1_46' title="bbox 184 4200 1810 4275">
    <p class='ocr_par' dir='ltr' id='par_1_46' title="bbox 184 4200 1810 4275">
     <span class='ocr_line' id='line_1_46' title="bbox 184 4200 1810 4275; baseline 0 -18"><span class='ocrx_word' id='word_1_349' title='bbox 184 4203 532 4275; x_wconf 80' lang='grc' dir='ltr'>γραμμένη.</span> <span class='ocrx_word' id='word_1_350' title='bbox 564 4200 794 4272; x_wconf 82' lang='grc' dir='ltr'>Διέκοψε</span> <span class='ocrx_word' id='word_1_351' title='bbox 827 4201 937 4271; x_wconf 85' lang='grc' dir='ltr'>γὰρ</span> <span class='ocrx_word' id='word_1_352' title='bbox 962 4203 997 4272; x_wconf 83' lang='grc' dir='ltr'><strong>ἡ</strong></span> <span class='ocrx_word' id='word_1_353' title='bbox 1050 4203 1231 4272; x_wconf 82' lang='grc' dir='ltr'>σιωπὴ</span> <span class='ocrx_word' id='word_1_354' title='bbox 1282 4203 1371 4255; x_wconf 83' lang='grc' dir='ltr'>τὸν</span> <span class='ocrx_word' id='word_1_355' title='bbox 1409 4203 1810 4275; x_wconf 75' lang='grc' dir='ltr'>διαλεγόμενον,</span> 
     </span>
    </p>
   </div>
   <div class='ocr_carea' id='block_1_47' title="bbox 184 4293 1789 4366">
    <p class='ocr_par' dir='ltr' id='par_1_47' title="bbox 184 4293 1789 4366">
     <span class='ocr_line' id='line_1_47' title="bbox 184 4293 1789 4366; baseline -0.002 -15"><span class='ocrx_word' id='word_1_356' title='bbox 184 4300 287 4351; x_wconf 82' lang='grc' dir='ltr'><strong>καὶ</strong></span> <span class='ocrx_word' id='word_1_357' title='bbox 324 4299 358 4350; x_wconf 82' lang='grc' dir='ltr'><strong>ὁ</strong></span> <span class='ocrx_word' id='word_1_358' title='bbox 434 4293 712 4358; x_wconf 78' lang='grc' dir='ltr'>ὑπνώσας,</span> <span class='ocrx_word' id='word_1_359' title='bbox 762 4294 888 4364; x_wconf 79' lang='grc' dir='ltr'>οὐχὶ</span> <span class='ocrx_word' id='word_1_360' title='bbox 943 4295 1038 4348; x_wconf 82' lang='grc' dir='ltr'><strong>καὶ</strong></span> <span class='ocrx_word' id='word_1_361' title='bbox 1095 4295 1402 4364; x_wconf 86' lang='grc' dir='ltr'>ἐγρήγορε;</span> <span class='ocrx_word' id='word_1_362' title='bbox 1441 4296 1553 4348; x_wconf 76' lang='grc' dir='ltr'>Καὶ</span> <span class='ocrx_word' id='word_1_363' title='bbox 1584 4295 1789 4366; x_wconf 73' lang='grc' dir='ltr'>ἠρεμία</span> 
     </span>
    </p>
   </div>
   <div class='ocr_carea' id='block_1_48' title="bbox 182 4384 1789 4457">
    <p class='ocr_par' dir='ltr' id='par_1_48' title="bbox 182 4384 1789 4457">
     <span class='ocr_line' id='line_1_48' title="bbox 182 4384 1789 4457; baseline -0.003 -16"><span class='ocrx_word' id='word_1_364' title='bbox 182 4389 292 4457; x_wconf 77' lang='grc' dir='ltr'>τὴν</span> <span class='ocrx_word' id='word_1_365' title='bbox 333 4387 566 4457; x_wconf 81' lang='grc' dir='ltr'>κίνησιν</span> <span class='ocrx_word' id='word_1_366' title='bbox 599 4384 964 4456; x_wconf 80' lang='grc' dir='ltr'>περιέγραψε.</span> <span class='ocrx_word' id='word_1_367' title='bbox 991 4385 1101 4437; x_wconf 73' lang='grc' dir='ltr'>Καὶ</span> <span class='ocrx_word' id='word_1_368' title='bbox 1126 4385 1313 4447; x_wconf 85' lang='grc' dir='ltr'>ἁπλῶς</span> <span class='ocrx_word' id='word_1_369' title='bbox 1342 4385 1371 4436; x_wconf 86' lang='grc' dir='ltr'>ὁ</span> <span class='ocrx_word' id='word_1_370' title='bbox 1400 4384 1452 4436; x_wconf 81' lang='grc' dir='ltr'><strong>τί</strong></span> <span class='ocrx_word' id='word_1_371' title='bbox 1492 4402 1622 4437; x_wconf 86' lang='grc' dir='ltr'>ποτε</span> <span class='ocrx_word' id='word_1_372' title='bbox 1645 4385 1789 4456; x_wconf 84' lang='grc' dir='ltr'>δρῶν</span> 
     </span>
    </p>
   </div>
   <div class='ocr_carea' id='block_1_49' title="bbox 184 4472 1791 4546">
    <p class='ocr_par' dir='ltr' id='par_1_49' title="bbox 184 4472 1791 4546">
     <span class='ocr_line' id='line_1_49' title="bbox 184 4472 1791 4546; baseline -0.001 -18"><span class='ocrx_word' id='word_1_373' title='bbox 184 4477 251 4528; x_wconf 85' lang='grc' dir='ltr'><strong>οὑ</strong></span> <span class='ocrx_word' id='word_1_374' title='bbox 275 4478 349 4546; x_wconf 87' lang='grc' dir='ltr'><strong>δή</strong></span> <span class='ocrx_word' id='word_1_375' title='bbox 393 4492 503 4527; x_wconf 84' lang='grc' dir='ltr'>που</span> <span class='ocrx_word' id='word_1_376' title='bbox 530 4474 627 4527; x_wconf 68' lang='grc' dir='ltr'>καὶ</span> <span class='ocrx_word' id='word_1_377' title='bbox 675 4474 864 4543; x_wconf 79' lang='grc' dir='ltr'>ἕτερον</span> <span class='ocrx_word' id='word_1_378' title='bbox 900 4474 958 4525; x_wconf 87' lang='grc' dir='ltr'><strong>ἐν</strong></span> <span class='ocrx_word' id='word_1_379' title='bbox 987 4472 1171 4543; x_wconf 86' lang='grc' dir='ltr'>ταὺτῷ</span> <span class='ocrx_word' id='word_1_380' title='bbox 1206 4472 1476 4545; x_wconf 86' lang='grc' dir='ltr'>δράσειεν.</span> <span class='ocrx_word' id='word_1_381' title='bbox 1517 4472 1791 4535; x_wconf 82' lang='grc' dir='ltr'>Ὡσαύτως</span> 
     </span>
    </p>
   </div>
   <div class='ocr_carea' id='block_1_50' title="bbox 179 4561 1793 4636">
    <p class='ocr_par' dir='ltr' id='par_1_50' title="bbox 179 4561 1793 4636">
     <span class='ocr_line' id='line_1_50' title="bbox 179 4561 1793 4636; baseline -0.004 -15"><span class='ocrx_word' id='word_1_382' title='bbox 179 4566 290 4621; x_wconf 80' lang='grc' dir='ltr'><strong>καὶ</strong></span> <span class='ocrx_word' id='word_1_383' title='bbox 328 4567 368 4636; x_wconf 85' lang='grc' dir='ltr'><strong>ή</strong></span> <span class='ocrx_word' id='word_1_384' title='bbox 409 4563 645 4633; x_wconf 88' lang='grc' dir='ltr'>δύναμις</span> <span class='ocrx_word' id='word_1_385' title='bbox 685 4563 838 4634; x_wconf 85' lang='grc' dir='ltr'>διττή</span> <span class='ocrx_word' id='word_1_386' title='bbox 863 4579 877 4594; x_wconf 88' lang='grc'><strong>·</strong></span> <span class='ocrx_word' id='word_1_387' title='bbox 913 4566 945 4633; x_wconf 85' lang='grc' dir='ltr'>ἠ</span> <span class='ocrx_word' id='word_1_388' title='bbox 998 4563 1096 4633; x_wconf 81' lang='grc' dir='ltr'>μὲν</span> <span class='ocrx_word' id='word_1_389' title='bbox 1128 4563 1236 4632; x_wconf 87' lang='grc' dir='ltr'><strong>γὰρ</strong></span> <span class='ocrx_word' id='word_1_390' title='bbox 1285 4561 1427 4628; x_wconf 86' lang='grc' dir='ltr'>θεία,</span> <span class='ocrx_word' id='word_1_391' title='bbox 1485 4562 1652 4624; x_wconf 78' lang='grc' dir='ltr'>ἀΐδιος</span> <span class='ocrx_word' id='word_1_392' title='bbox 1698 4563 1793 4615; x_wconf 74' lang='grc' dir='ltr'><strong>καὶ</strong></span> 
     </span>
    </p>
   </div>
   <div class='ocr_carea' id='block_1_51' title="bbox 178 4653 1791 4726">
    <p class='ocr_par' dir='ltr' id='par_1_51' title="bbox 178 4653 1791 4726">
     <span class='ocr_line' id='line_1_51' title="bbox 178 4653 1791 4726; baseline -0.003 -15"><span class='ocrx_word' id='word_1_393' title='bbox 178 4657 579 4725; x_wconf 84' lang='grc' dir='ltr'>αὑτοδύναμις</span> <span class='ocrx_word' id='word_1_394' title='bbox 632 4654 727 4708; x_wconf 77' lang='grc' dir='ltr'>καὶ</span> <span class='ocrx_word' id='word_1_395' title='bbox 758 4654 1188 4726; x_wconf 76' lang='grc' dir='ltr'>ἁπειροδύναμις</span> <span class='ocrx_word' id='word_1_396' title='bbox 1238 4653 1380 4707; x_wconf 81' lang='grc' dir='ltr'>κατὰ</span> <span class='ocrx_word' id='word_1_397' title='bbox 1406 4654 1469 4707; x_wconf 83' lang='grc' dir='ltr'><strong>τὸ</strong></span> <span class='ocrx_word' id='word_1_398' title='bbox 1495 4655 1791 4724; x_wconf 81' lang='grc' dir='ltr'>ὑπεραῖρον</span> 
     </span>
    </p>
   </div>
   <div class='ocr_carea' id='block_1_52' title="bbox 172 4741 1791 4822">
    <p class='ocr_par' dir='ltr' id='par_1_52' title="bbox 172 4741 1791 4822">
     <span class='ocr_line' id='line_1_52' title="bbox 172 4741 1791 4822; baseline -0.006 -20"><span class='ocrx_word' id='word_1_399' title='bbox 172 4750 288 4822; x_wconf 82' lang='grc' dir='ltr'><strong>τῆς</strong></span> <span class='ocrx_word' id='word_1_400' title='bbox 338 4745 775 4819; x_wconf 80' lang='grc' dir='ltr'>μεγαλειότητος</span> <span class='ocrx_word' id='word_1_401' title='bbox 801 4746 897 4798; x_wconf 73' lang='grc' dir='ltr'><strong>καὶ</strong></span> <span class='ocrx_word' id='word_1_402' title='bbox 916 4745 1202 4816; x_wconf 83' lang='grc' dir='ltr'>δυνάμεως</span> <span class='ocrx_word' id='word_1_403' title='bbox 1219 4760 1234 4775; x_wconf 76' lang='grc'><strong>⁸</strong></span> <span class='ocrx_word' id='word_1_404' title='bbox 1275 4743 1350 4798; x_wconf 83' lang='grc' dir='ltr'><strong>’Ἢ</strong></span> <span class='ocrx_word' id='word_1_405' title='bbox 1380 4761 1444 4797; x_wconf 84' lang='grc' dir='ltr'><strong>τε</strong></span> <span class='ocrx_word' id='word_1_406' title='bbox 1467 4744 1578 4813; x_wconf 82' lang='grc' dir='ltr'>γὰρ</span> <span class='ocrx_word' id='word_1_407' title='bbox 1600 4741 1791 4808; x_wconf 82' lang='grc' dir='ltr'>ἀΐδιος</span> 
     </span>
    </p>
   </div>
   <div class='ocr_carea' id='block_1_53' title="bbox 174 4831 1785 4907">
    <p class='ocr_par' dir='ltr' id='par_1_53' title="bbox 174 4831 1785 4907">
     <span class='ocr_line' id='line_1_53' title="bbox 174 4831 1785 4907; baseline -0.008 -11"><span class='ocrx_word' id='word_1_408' title='bbox 174 4840 396 4896; x_wconf 78' lang='grc' dir='ltr'>αὑτοῦ</span> <span class='ocrx_word' id='word_1_409' title='bbox 421 4837 701 4905; x_wconf 78' lang='grc' dir='ltr'>δύναμις,</span> <span class='ocrx_word' id='word_1_410' title='bbox 737 4839 892 4907; x_wconf 76' lang='grc' dir='ltr'>φησὶ,</span> <span class='ocrx_word' id='word_1_411' title='bbox 950 4836 1047 4890; x_wconf 80' lang='grc' dir='ltr'>καί</span> <span class='ocrx_word' id='word_1_412' title='bbox 1085 4838 1339 4902; x_wconf 81' lang='grc' dir='ltr'>θειότης.</span> <span class='ocrx_word' id='word_1_413' title='bbox 1384 4834 1448 4885; x_wconf 86' lang='grc' dir='ltr'><em>Ἢ</em></span> <span class='ocrx_word' id='word_1_414' title='bbox 1471 4834 1526 4886; x_wconf 86' lang='grc' dir='ltr'><strong>δὲ</strong></span> <span class='ocrx_word' id='word_1_415' title='bbox 1569 4831 1785 4902; x_wconf 80' lang='grc' dir='ltr'>ὰνθρώι-</span> 
     </span>
    </p>
   </div>
   <div class='ocr_carea' id='block_1_54' title="bbox 175 4924 1784 4999">
    <p class='ocr_par' dir='ltr' id='par_1_54' title="bbox 175 4924 1784 4999">
     <span class='ocr_line' id='line_1_54' title="bbox 175 4924 1784 4999; baseline -0.007 -12"><span class='ocrx_word' id='word_1_416' title='bbox 175 4949 382 4998; x_wconf 80' lang='grc' dir='ltr'>πειος,</span> <span class='ocrx_word' id='word_1_417' title='bbox 426 4930 712 4997; x_wconf 87' lang='grc' dir='ltr'>εὑόριστος</span> <span class='ocrx_word' id='word_1_418' title='bbox 759 4929 856 4982; x_wconf 75' lang='grc' dir='ltr'>καὶ</span> <span class='ocrx_word' id='word_1_419' title='bbox 881 4929 1135 4999; x_wconf 79' lang='grc' dir='ltr'>ἀσθενής.</span> <span class='ocrx_word' id='word_1_420' title='bbox 1188 4926 1253 4981; x_wconf 84' lang='grc' dir='ltr'><em>Ἥ</em></span> <span class='ocrx_word' id='word_1_421' title='bbox 1288 4926 1399 4996; x_wconf 78' lang='grc' dir='ltr'>γὰρ</span> <span class='ocrx_word' id='word_1_422' title='bbox 1425 4924 1582 4991; x_wconf 80' lang='grc' dir='ltr'>σὰρξ</span> <span class='ocrx_word' id='word_1_423' title='bbox 1606 4926 1784 4978; x_wconf 85' lang='grc' dir='ltr'>ἀσθε-</span> 
     </span>
    </p>
   </div>
   <div class='ocr_carea' id='block_1_55' title="bbox 172 5017 1786 5095">
    <p class='ocr_par' dir='ltr' id='par_1_55' title="bbox 172 5017 1786 5095">
     <span class='ocr_line' id='line_1_55' title="bbox 172 5017 1786 5095; baseline -0.007 -14"><span class='ocrx_word' id='word_1_424' title='bbox 172 5028 333 5095; x_wconf 78' lang='grc' dir='ltr'><strong>νὴς,</strong></span> <span class='ocrx_word' id='word_1_425' title='bbox 368 5024 501 5079; x_wconf 81' lang='grc' dir='ltr'><strong>κᾶν</strong></span> <span class='ocrx_word' id='word_1_426' title='bbox 524 5022 592 5076; x_wconf 82' lang='grc' dir='ltr'><strong>τὸ</strong></span> <span class='ocrx_word' id='word_1_427' title='bbox 626 5022 880 5091; x_wconf 74' lang='grc' dir='ltr'>πνεῦμα,</span> <span class='ocrx_word' id='word_1_428' title='bbox 914 5022 1070 5091; x_wconf 64' lang='grc' dir='ltr'>φησι,</span> <span class='ocrx_word' id='word_1_429' title='bbox 1096 5021 1423 5088; x_wconf 76' lang='grc' dir='ltr'>πρόθυμον.</span> <span class='ocrx_word' id='word_1_430' title='bbox 1468 5017 1577 5069; x_wconf 84' lang='grc' dir='ltr'>Καί</span> <span class='ocrx_word' id='word_1_431' title='bbox 1600 5033 1612 5046; x_wconf 85' lang='lat'><strong><em>°</em></strong></span> <span class='ocrx_word' id='word_1_432' title='bbox 1644 5018 1786 5071; x_wconf 81' lang='grc' dir='ltr'><strong>Ἀν-</strong></span> 
     </span>
    </p>
   </div>
   <div class='ocr_carea' id='block_1_56' title="bbox 170 5108 1782 5189">
    <p class='ocr_par' dir='ltr' id='par_1_56' title="bbox 170 5108 1782 5189">
     <span class='ocr_line' id='line_1_56' title="bbox 170 5108 1782 5189; baseline -0.009 -14"><span class='ocrx_word' id='word_1_433' title='bbox 170 5123 448 5189; x_wconf 73' lang='grc' dir='ltr'>θριυπος</span> <span class='ocrx_word' id='word_1_434' title='bbox 477 5117 548 5168; x_wconf 76' lang='grc' dir='ltr'>ἐν</span> <span class='ocrx_word' id='word_1_435' title='bbox 572 5114 777 5183; x_wconf 71' lang='grc' dir='ltr'>πληγῇ</span> <span class='ocrx_word' id='word_1_436' title='bbox 802 5112 888 5165; x_wconf 79' lang='grc' dir='ltr'>ὢν</span> <span class='ocrx_word' id='word_1_437' title='bbox 920 5113 1019 5167; x_wconf 79' lang='grc' dir='ltr'><strong>καὶ</strong></span> <span class='ocrx_word' id='word_1_438' title='bbox 1041 5111 1213 5177; x_wconf 80' lang='grc' dir='ltr'>ειδὼς</span> <span class='ocrx_word' id='word_1_439' title='bbox 1232 5110 1435 5178; x_wconf 78' lang='grc' dir='ltr'>φέρειν</span> <span class='ocrx_word' id='word_1_440' title='bbox 1458 5108 1782 5177; x_wconf 77' lang='grc' dir='ltr'>μαλακίαν.</span> 
     </span>
    </p>
   </div>
   <div class='ocr_carea' id='block_1_57' title="bbox 165 5197 1787 5271">
    <p class='ocr_par' dir='ltr' id='par_1_57' title="bbox 165 5197 1787 5271">
     <span class='ocr_line' id='line_1_57' title="bbox 165 5197 1787 5271; baseline -0.007 -8"><span class='ocrx_word' id='word_1_441' title='bbox 165 5207 297 5263; x_wconf 79' lang='grc' dir='ltr'>Καί</span> <span class='ocrx_word' id='word_1_442' title='bbox 321 5224 340 5238; x_wconf 77' lang='grc' dir='ltr'><strong>ο</strong></span> <span class='ocrx_word' id='word_1_443' title='bbox 374 5207 450 5259; x_wconf 76' lang='lat' dir='ltr'><strong>Ei</strong></span> <span class='ocrx_word' id='word_1_444' title='bbox 489 5202 836 5271; x_wconf 83' lang='grc' dir='ltr'>ἐσταυρώθη</span> <span class='ocrx_word' id='word_1_445' title='bbox 872 5203 941 5268; x_wconf 79' lang='grc' dir='ltr'>ἐξ</span> <span class='ocrx_word' id='word_1_446' title='bbox 971 5203 1309 5265; x_wconf 80' lang='grc' dir='ltr'>ἀσθενείας,</span> <span class='ocrx_word' id='word_1_447' title='bbox 1334 5200 1468 5254; x_wconf 77' lang='grc' dir='ltr'><strong>ἀλλὰ</strong></span> <span class='ocrx_word' id='word_1_448' title='bbox 1492 5198 1557 5266; x_wconf 72' lang='grc' dir='ltr'><strong>ζῇ</strong></span> <span class='ocrx_word' id='word_1_449' title='bbox 1582 5198 1651 5251; x_wconf 79' lang='grc' dir='ltr'>ἐκ</span> <span class='ocrx_word' id='word_1_450' title='bbox 1680 5197 1787 5252; x_wconf 78' lang='grc' dir='ltr'><strong>δυ-</strong></span> 
     </span>
    </p>
   </div>
   <div class='ocr_carea' id='block_1_58' title="bbox 167 5289 1785 5372">
    <p class='ocr_par' dir='ltr' id='par_1_58' title="bbox 167 5289 1785 5372">
     <span class='ocr_line' id='line_1_58' title="bbox 167 5289 1785 5372; baseline -0.01 -16"><span class='ocrx_word' id='word_1_451' title='bbox 167 5302 465 5372; x_wconf 72' lang='grc' dir='ltr'>νάμεως.</span> <span class='ocrx_word' id='word_1_452' title='bbox 496 5298 655 5351; x_wconf 75' lang='grc' dir='ltr'>Οὕτω</span> <span class='ocrx_word' id='word_1_453' title='bbox 678 5298 772 5350; x_wconf 79' lang='grc' dir='ltr'><strong>καὶ</strong></span> <span class='ocrx_word' id='word_1_454' title='bbox 812 5296 884 5349; x_wconf 82' lang='grc' dir='ltr'><strong>τὰ</strong></span> <span class='ocrx_word' id='word_1_455' title='bbox 911 5293 1214 5365; x_wconf 84' lang='grc' dir='ltr'>θελήματα,</span> <span class='ocrx_word' id='word_1_456' title='bbox 1266 5292 1327 5344; x_wconf 74' lang='grc' dir='ltr'>τὸ</span> <span class='ocrx_word' id='word_1_457' title='bbox 1359 5294 1456 5363; x_wconf 85' lang='grc' dir='ltr'><strong>μέν</strong></span> <span class='ocrx_word' id='word_1_458' title='bbox 1489 5291 1651 5357; x_wconf 82' lang='grc' dir='ltr'>θεῖον,</span> <span class='ocrx_word' id='word_1_459' title='bbox 1692 5289 1785 5344; x_wconf 77' lang='grc' dir='ltr'><strong>καὶ</strong></span> 
     </span>
    </p>
   </div>
   <div class='ocr_carea' id='block_1_59' title="bbox 1901 539 3507 623">
    <p class='ocr_par' dir='ltr' id='par_1_59' title="bbox 1901 539 3507 623">
     <span class='ocr_line' id='line_1_59' title="bbox 1901 539 3507 623; baseline 0.01 -30"><span class='ocrx_word' id='word_1_460' title='bbox 1901 547 2070 605; x_wconf 86' lang='lat' dir='ltr'><strong>esset,</strong></span> <span class='ocrx_word' id='word_1_461' title='bbox 2104 539 2239 595; x_wconf 87' lang='lat' dir='ltr'><strong>nihil</strong></span> <span class='ocrx_word' id='word_1_462' title='bbox 2275 557 2418 597; x_wconf 90' lang='lat' dir='ltr'><strong>nunc</strong></span> <span class='ocrx_word' id='word_1_463' title='bbox 2434 556 2568 611; x_wconf 83' lang='lat' dir='ltr'><strong>Opus</strong></span> <span class='ocrx_word' id='word_1_464' title='bbox 2587 541 2726 598; x_wconf 87' lang='lat' dir='ltr'><strong>l‘oret</strong></span> <span class='ocrx_word' id='word_1_465' title='bbox 2750 544 2904 601; x_wconf 88' lang='lat' dir='ltr'><strong>vanis</strong></span> <span class='ocrx_word' id='word_1_466' title='bbox 2928 548 3324 620; x_wconf 86' lang='lat' dir='ltr'><strong>neotericisque</strong></span> <span class='ocrx_word' id='word_1_467' title='bbox 3345 556 3507 623; x_wconf 75' lang='lat' dir='ltr'><strong>dog-,</strong></span> 
     </span>
    </p>
   </div>
   <div class='ocr_carea' id='block_1_60' title="bbox 1898 629 3472 706">
    <p class='ocr_par' dir='ltr' id='par_1_60' title="bbox 1898 629 3472 706">
     <span class='ocr_line' id='line_1_60' title="bbox 1898 629 3472 706; baseline 0.011 -23"><span class='ocrx_word' id='word_1_468' title='bbox 1898 630 2138 686; x_wconf 90' lang='lat' dir='ltr'><strong>matibus</strong></span> <span class='ocrx_word' id='word_1_469' title='bbox 2182 629 2483 687; x_wconf 87' lang='lat' dir='ltr'><strong>Ecclesiam</strong></span> <span class='ocrx_word' id='word_1_470' title='bbox 2518 633 2720 688; x_wconf 90' lang='lat' dir='ltr'><strong>Christi</strong></span> <span class='ocrx_word' id='word_1_471' title='bbox 2763 649 3099 706; x_wconf 78' lang='lat' dir='ltr'><strong>oppugnare.</strong></span> <span class='ocrx_word' id='word_1_472' title='bbox 3138 638 3390 698; x_wconf 78' lang='lat' dir='ltr'><strong>Profecto</strong></span> <span class='ocrx_word' id='word_1_473' title='bbox 3428 647 3472 700; x_wconf 92' lang='lat' dir='ltr'><strong>si</strong></span> 
     </span>
    </p>
   </div>
   <div class='ocr_carea' id='block_1_61' title="bbox 1897 721 3477 803">
    <p class='ocr_par' dir='ltr' id='par_1_61' title="bbox 1897 721 3477 803">
     <span class='ocr_line' id='line_1_61' title="bbox 1897 721 3477 803; baseline 0.007 -28"><span class='ocrx_word' id='word_1_474' title='bbox 1897 721 2055 775; x_wconf 81' lang='lat' dir='ltr'><strong>vobis</strong></span> <span class='ocrx_word' id='word_1_475' title='bbox 2084 721 2412 776; x_wconf 81' lang='lat' dir='ltr'><strong>orthodoxia</strong></span> <span class='ocrx_word' id='word_1_476' title='bbox 2437 737 2584 777; x_wconf 82' lang='lat' dir='ltr'><strong>curae</strong></span> <span class='ocrx_word' id='word_1_477' title='bbox 2604 732 2783 790; x_wconf 88' lang='lat' dir='ltr'><strong>esset,</strong></span> <span class='ocrx_word' id='word_1_478' title='bbox 2815 737 3129 796; x_wconf 89' lang='lat' dir='ltr'><strong>rectamque</strong></span> <span class='ocrx_word' id='word_1_479' title='bbox 3159 738 3213 782; x_wconf 89' lang='lat' dir='ltr'><strong>et</strong></span> <span class='ocrx_word' id='word_1_480' title='bbox 3243 731 3477 803; x_wconf 79' lang='lat' dir='ltr'><strong>irrepre-</strong></span> 
     </span>
    </p>
   </div>
   <div class='ocr_carea' id='block_1_62' title="bbox 1898 810 3587 876">
    <p class='ocr_par' dir='ltr' id='par_1_62' title="bbox 1898 810 3587 876">
     <span class='ocr_line' id='line_1_62' title="bbox 1898 810 3587 876; baseline 0.007 -11"><span class='ocrx_word' id='word_1_481' title='bbox 1898 810 2226 867; x_wconf 86' lang='lat' dir='ltr'><strong>hensibilem</strong></span> <span class='ocrx_word' id='word_1_482' title='bbox 2279 812 2424 867; x_wconf 86' lang='lat' dir='ltr'><strong>circa</strong></span> <span class='ocrx_word' id='word_1_483' title='bbox 2485 813 2688 867; x_wconf 82' lang='lat' dir='ltr'><strong>Christi</strong></span> <span class='ocrx_word' id='word_1_484' title='bbox 2746 818 3088 869; x_wconf 74' lang='lat' dir='ltr'><strong>mcononiatn</strong></span> <span class='ocrx_word' id='word_1_485' title='bbox 3146 823 3474 876; x_wconf 80' lang='lat' dir='ltr'><strong>sententiam</strong></span> <span class='ocrx_word' id='word_1_486' title='bbox 3576 826 3587 831; x_wconf 68' lang='grc'><strong><em>”</em></strong></span> 
     </span>
    </p>
   </div>
   <div class='ocr_carea' id='block_1_63' title="bbox 1902 903 3501 979">
    <p class='ocr_par' dir='ltr' id='par_1_63' title="bbox 1902 903 3501 979">
     <span class='ocr_line' id='line_1_63' title="bbox 1902 903 3501 979; baseline 0.005 -22"><span class='ocrx_word' id='word_1_487' title='bbox 1902 903 2239 970; x_wconf 86' lang='lat' dir='ltr'><strong>retineretis,</strong></span> <span class='ocrx_word' id='word_1_488' title='bbox 2270 912 2367 958; x_wconf 85' lang='lat' dir='ltr'><strong>nec</strong></span> <span class='ocrx_word' id='word_1_489' title='bbox 2393 903 2662 958; x_wconf 79' lang='lat' dir='ltr'><strong>malitiose</strong></span> <span class='ocrx_word' id='word_1_490' title='bbox 2692 904 2976 973; x_wconf 75' lang='lat' dir='ltr'><strong>ﬁguratam</strong></span> <span class='ocrx_word' id='word_1_491' title='bbox 3012 918 3303 979; x_wconf 78' lang='lat' dir='ltr'><strong>vestroque</strong></span> <span class='ocrx_word' id='word_1_492' title='bbox 3328 913 3501 967; x_wconf 71' lang='lat' dir='ltr'><strong>arbi-~</strong></span> 
     </span>
    </p>
   </div>
   <div class='ocr_carea' id='block_1_64' title="bbox 1901 995 3474 1065">
    <p class='ocr_par' dir='ltr' id='par_1_64' title="bbox 1901 995 3474 1065">
     <span class='ocr_line' id='line_1_64' title="bbox 1901 995 3474 1065; baseline 0.005 -18"><span class='ocrx_word' id='word_1_493' title='bbox 1901 1005 2043 1048; x_wconf 62' lang='lat' dir='ltr'><strong>trutn</strong></span> <span class='ocrx_word' id='word_1_494' title='bbox 2093 995 2381 1050; x_wconf 74' lang='lat' dir='ltr'><strong>confictam</strong></span> <span class='ocrx_word' id='word_1_495' title='bbox 2426 995 2477 1049; x_wconf 89' lang='lat' dir='ltr'><strong>in</strong></span> <span class='ocrx_word' id='word_1_496' title='bbox 2507 995 2729 1050; x_wconf 83' lang='lat' dir='ltr'><strong>Christo</strong></span> <span class='ocrx_word' id='word_1_497' title='bbox 2777 1012 3132 1065; x_wconf 83' lang='lat' dir='ltr'><strong>personarum</strong></span> <span class='ocrx_word' id='word_1_498' title='bbox 3163 1001 3474 1057; x_wconf 85' lang='lat' dir='ltr'><strong>dualitatem</strong></span> 
     </span>
    </p>
   </div>
   <div class='ocr_carea' id='block_1_65' title="bbox 1901 1089 3478 1164">
    <p class='ocr_par' dir='ltr' id='par_1_65' title="bbox 1901 1089 3478 1164">
     <span class='ocr_line' id='line_1_65' title="bbox 1901 1089 3478 1164; baseline 0.004 -20"><span class='ocrx_word' id='word_1_499' title='bbox 1901 1091 2055 1145; x_wconf 88' lang='lat' dir='ltr'><strong>nobis</strong></span> <span class='ocrx_word' id='word_1_500' title='bbox 2083 1089 2395 1157; x_wconf 85' lang='lat' dir='ltr'><strong>objieeretis</strong></span> <span class='ocrx_word' id='word_1_501' title='bbox 2417 1129 2432 1154; x_wconf 91' lang='lat'><strong>,</strong></span> <span class='ocrx_word' id='word_1_502' title='bbox 2466 1100 2615 1144; x_wconf 84' lang='lat' dir='ltr'><strong>recte</strong></span> <span class='ocrx_word' id='word_1_503' title='bbox 2646 1090 2843 1160; x_wconf 91' lang='lat' dir='ltr'><strong>oppido</strong></span> <span class='ocrx_word' id='word_1_504' title='bbox 2874 1091 2961 1144; x_wconf 89' lang='lat' dir='ltr'><strong>illa</strong></span> <span class='ocrx_word' id='word_1_505' title='bbox 2991 1096 3153 1147; x_wconf 86' lang='lat' dir='ltr'><strong>etiam</strong></span> <span class='ocrx_word' id='word_1_506' title='bbox 3202 1110 3321 1164; x_wconf 72' lang='lat' dir='ltr'><strong>quae</strong></span> <span class='ocrx_word' id='word_1_507' title='bbox 3352 1095 3478 1150; x_wconf 86' lang='lat' dir='ltr'><strong>huic</strong></span> 
     </span>
    </p>
   </div>
   <div class='ocr_carea' id='block_1_66' title="bbox 1899 1183 3479 1254">
    <p class='ocr_par' dir='ltr' id='par_1_66' title="bbox 1899 1183 3479 1254">
     <span class='ocr_line' id='line_1_66' title="bbox 1899 1183 3479 1254; baseline 0.003 -16"><span class='ocrx_word' id='word_1_508' title='bbox 1899 1195 2022 1238; x_wconf 88' lang='lat' dir='ltr'><strong>sunt</strong></span> <span class='ocrx_word' id='word_1_509' title='bbox 2053 1199 2292 1254; x_wconf 79' lang='lat' dir='ltr'><strong>congrua</strong></span> <span class='ocrx_word' id='word_1_510' title='bbox 2327 1198 2392 1238; x_wconf 90' lang='lat' dir='ltr'><strong>ac</strong></span> <span class='ocrx_word' id='word_1_511' title='bbox 2436 1183 2654 1253; x_wconf 88' lang='lat' dir='ltr'><strong>propria</strong></span> <span class='ocrx_word' id='word_1_512' title='bbox 2687 1184 2973 1239; x_wconf 84' lang='lat' dir='ltr'><strong>traderetis</strong></span> <span class='ocrx_word' id='word_1_513' title='bbox 3009 1205 3021 1241; x_wconf 89' lang='lat'><strong>:</strong></span> <span class='ocrx_word' id='word_1_514' title='bbox 3053 1185 3320 1254; x_wconf 82' lang='lat' dir='ltr'><strong>duplicem</strong></span> <span class='ocrx_word' id='word_1_515' title='bbox 3370 1190 3479 1243; x_wconf 81' lang='lat' dir='ltr'><strong>sci-</strong></span> 
     </span>
    </p>
   </div>
   <div class='ocr_carea' id='block_1_67' title="bbox 1889 1276 3476 1343">
    <p class='ocr_par' dir='ltr' id='par_1_67' title="bbox 1889 1276 3476 1343">
     <span class='ocr_line' id='line_1_67' title="bbox 1889 1276 3476 1343; baseline 0.003 -13"><span class='ocrx_word' id='word_1_516' title='bbox 1889 1277 2021 1331; x_wconf 76' lang='lat' dir='ltr'><strong>licet</strong></span> <span class='ocrx_word' id='word_1_517' title='bbox 2050 1276 2253 1332; x_wconf 87' lang='lat' dir='ltr'><strong>Christi</strong></span> <span class='ocrx_word' id='word_1_518' title='bbox 2290 1276 2629 1330; x_wconf 83' lang='lat' dir='ltr'><strong>nativitatem</strong></span> <span class='ocrx_word' id='word_1_519' title='bbox 2660 1277 3004 1343; x_wconf 88' lang='lat' dir='ltr'><strong>conliteutes,</strong></span> <span class='ocrx_word' id='word_1_520' title='bbox 3031 1295 3193 1332; x_wconf 88' lang='lat' dir='ltr'><strong>unam</strong></span> <span class='ocrx_word' id='word_1_521' title='bbox 3222 1289 3350 1336; x_wconf 86' lang='lat' dir='ltr'><strong>ante</strong></span> <span class='ocrx_word' id='word_1_522' title='bbox 3372 1296 3476 1335; x_wconf 71' lang='lat' dir='ltr'><strong>sae-</strong></span> 
     </span>
    </p>
   </div>
   <div class='ocr_carea' id='block_1_68' title="bbox 1900 1365 3474 1437">
    <p class='ocr_par' dir='ltr' id='par_1_68' title="bbox 1900 1365 3474 1437">
     <span class='ocr_line' id='line_1_68' title="bbox 1900 1365 3474 1437; baseline 0.004 -18"><span class='ocrx_word' id='word_1_523' title='bbox 1900 1366 2021 1420; x_wconf 85' lang='lat' dir='ltr'><strong>cula</strong></span> <span class='ocrx_word' id='word_1_524' title='bbox 2049 1378 2105 1420; x_wconf 89' lang='lat' dir='ltr'><strong>et</strong></span> <span class='ocrx_word' id='word_1_525' title='bbox 2153 1367 2273 1420; x_wconf 87' lang='lat' dir='ltr'><strong>sine</strong></span> <span class='ocrx_word' id='word_1_526' title='bbox 2319 1365 2477 1420; x_wconf 92' lang='lat' dir='ltr'><strong>initio</strong></span> <span class='ocrx_word' id='word_1_527' title='bbox 2510 1366 2909 1436; x_wconf 86' lang='lat' dir='ltr'><strong>incorpoream,</strong></span> <span class='ocrx_word' id='word_1_528' title='bbox 2948 1370 3338 1437; x_wconf 77' lang='lat' dir='ltr'><strong>sempiternam</strong></span> <span class='ocrx_word' id='word_1_529' title='bbox 3365 1412 3380 1437; x_wconf 92' lang='lat'><strong>,</strong></span> <span class='ocrx_word' id='word_1_530' title='bbox 3408 1388 3474 1426; x_wconf 78' lang='lat' dir='ltr'><strong>ex</strong></span> 
     </span>
    </p>
   </div>
   <div class='ocr_carea' id='block_1_69' title="bbox 1889 1457 3475 1527">
    <p class='ocr_par' dir='ltr' id='par_1_69' title="bbox 1889 1457 3475 1527">
     <span class='ocr_line' id='line_1_69' title="bbox 1889 1457 3475 1527; baseline 0.003 -15"><span class='ocrx_word' id='word_1_531' title='bbox 1889 1458 2231 1526; x_wconf 80' lang='lat' dir='ltr'><strong>sempiterno</strong></span> <span class='ocrx_word' id='word_1_532' title='bbox 2260 1472 2324 1512; x_wconf 89' lang='lat' dir='ltr'><strong>ac</strong></span> <span class='ocrx_word' id='word_1_533' title='bbox 2352 1457 2473 1511; x_wconf 89' lang='lat' dir='ltr'><strong>sine</strong></span> <span class='ocrx_word' id='word_1_534' title='bbox 2502 1457 2771 1527; x_wconf 90' lang='lat' dir='ltr'><strong>principio</strong></span> <span class='ocrx_word' id='word_1_535' title='bbox 2806 1458 2966 1512; x_wconf 80' lang='lat' dir='ltr'><strong>Patre</strong></span> <span class='ocrx_word' id='word_1_536' title='bbox 2991 1479 3002 1519; x_wconf 87' lang='lat'>;</span> <span class='ocrx_word' id='word_1_537' title='bbox 3039 1461 3264 1514; x_wconf 84' lang='lat' dir='ltr'><strong>alteram</strong></span> <span class='ocrx_word' id='word_1_538' title='bbox 3292 1472 3475 1516; x_wconf 79' lang='lat' dir='ltr'><strong>extre-</strong></span> 
     </span>
    </p>
   </div>
   <div class='ocr_carea' id='block_1_70' title="bbox 1899 1548 3478 1618">
    <p class='ocr_par' dir='ltr' id='par_1_70' title="bbox 1899 1548 3478 1618">
     <span class='ocr_line' id='line_1_70' title="bbox 1899 1548 3478 1618; baseline 0.003 -15"><span class='ocrx_word' id='word_1_539' title='bbox 1899 1550 2003 1603; x_wconf 91' lang='lat' dir='ltr'><strong>mis</strong></span> <span class='ocrx_word' id='word_1_540' title='bbox 2054 1549 2388 1617; x_wconf 81' lang='lat' dir='ltr'><strong>temporibus</strong></span> <span class='ocrx_word' id='word_1_541' title='bbox 2440 1563 2512 1604; x_wconf 82' lang='lat' dir='ltr'><strong>ex</strong></span> <span class='ocrx_word' id='word_1_542' title='bbox 2560 1548 2905 1604; x_wconf 84' lang='lat' dir='ltr'><strong>immaculata</strong></span> <span class='ocrx_word' id='word_1_543' title='bbox 2960 1550 3228 1618; x_wconf 84' lang='lat' dir='ltr'><strong>Deipara,</strong></span> <span class='ocrx_word' id='word_1_544' title='bbox 3287 1553 3478 1607; x_wconf 74' lang='lat' dir='ltr'><strong>salutis</strong></span> 
     </span>
    </p>
   </div>
   <div class='ocr_carea' id='block_1_71' title="bbox 1899 1637 3477 1708">
    <p class='ocr_par' dir='ltr' id='par_1_71' title="bbox 1899 1637 3477 1708">
     <span class='ocr_line' id='line_1_71' title="bbox 1899 1637 3477 1708; baseline 0.004 -17"><span class='ocrx_word' id='word_1_545' title='bbox 1899 1643 2099 1693; x_wconf 61' lang='lat' dir='ltr'><strong>nostra:</strong></span> <span class='ocrx_word' id='word_1_546' title='bbox 2131 1653 2293 1693; x_wconf 88' lang='lat' dir='ltr'><strong>causa</strong></span> <span class='ocrx_word' id='word_1_547' title='bbox 2322 1637 2377 1692; x_wconf 86' lang='lat' dir='ltr'><strong>in</strong></span> <span class='ocrx_word' id='word_1_548' title='bbox 2410 1647 2655 1707; x_wconf 89' lang='lat' dir='ltr'><strong>tempore</strong></span> <span class='ocrx_word' id='word_1_549' title='bbox 2681 1638 2879 1693; x_wconf 79' lang='lat' dir='ltr'><strong>factam</strong></span> <span class='ocrx_word' id='word_1_550' title='bbox 2906 1655 2920 1702; x_wconf 86' lang='lat'><strong>;</strong></span> <span class='ocrx_word' id='word_1_551' title='bbox 2949 1641 3165 1708; x_wconf 86' lang='lat' dir='ltr'><strong>utrique</strong></span> <span class='ocrx_word' id='word_1_552' title='bbox 3193 1657 3253 1695; x_wconf 88' lang='lat' dir='ltr'><strong>ea</strong></span> <span class='ocrx_word' id='word_1_553' title='bbox 3279 1643 3477 1698; x_wconf 81' lang='lat' dir='ltr'><strong>tribue-</strong></span> 
     </span>
    </p>
   </div>
   <div class='ocr_carea' id='block_1_72' title="bbox 1902 1730 3479 1801">
    <p class='ocr_par' dir='ltr' id='par_1_72' title="bbox 1902 1730 3479 1801">
     <span class='ocr_line' id='line_1_72' title="bbox 1902 1730 3479 1801; baseline 0.003 -18"><span class='ocrx_word' id='word_1_554' title='bbox 1902 1730 2035 1785; x_wconf 85' lang='lat' dir='ltr'><strong>retis</strong></span> <span class='ocrx_word' id='word_1_555' title='bbox 2072 1731 2271 1801; x_wconf 82' lang='lat' dir='ltr'><strong>quibus</strong></span> <span class='ocrx_word' id='word_1_556' title='bbox 2306 1730 2515 1784; x_wconf 84' lang='lat' dir='ltr'><strong>illarum</strong></span> <span class='ocrx_word' id='word_1_557' title='bbox 2546 1732 2761 1785; x_wconf 79' lang='lat' dir='ltr'><strong>diversa</strong></span> <span class='ocrx_word' id='word_1_558' title='bbox 2799 1742 2990 1785; x_wconf 81' lang='lat' dir='ltr'><strong>natura</strong></span> <span class='ocrx_word' id='word_1_559' title='bbox 3028 1732 3394 1801; x_wconf 77' lang='lat' dir='ltr'><strong>distinguitur,</strong></span> <span class='ocrx_word' id='word_1_560' title='bbox 3423 1744 3479 1787; x_wconf 89' lang='lat' dir='ltr'><strong>et</strong></span> 
     </span>
    </p>
   </div>
   <div class='ocr_carea' id='block_1_73' title="bbox 1823 1798 3469 1890">
    <p class='ocr_par' dir='ltr' id='par_1_73' title="bbox 1823 1798 3469 1890">
     <span class='ocr_line' id='line_1_73' title="bbox 1823 1798 3469 1890; baseline 0.001 -15"><span class='ocrx_word' id='word_1_561' title='bbox 1823 1798 1867 1852; x_wconf 77' lang='grc' dir='ltr'><strong>Β</strong></span> <span class='ocrx_word' id='word_1_562' title='bbox 1897 1821 2194 1876; x_wconf 71' lang='grc' dir='ltr'>ἰηοοιιίιιειθ</span> <span class='ocrx_word' id='word_1_563' title='bbox 2241 1822 2703 1890; x_wconf 74' lang='lat' dir='ltr'><strong>impermistzeque</strong></span> <span class='ocrx_word' id='word_1_564' title='bbox 2764 1821 3191 1890; x_wconf 80' lang='lat' dir='ltr'><strong>dignoscuntur;</strong></span> <span class='ocrx_word' id='word_1_565' title='bbox 3230 1838 3328 1876; x_wconf 87' lang='lat' dir='ltr'><strong>nec</strong></span> <span class='ocrx_word' id='word_1_566' title='bbox 3365 1839 3469 1876; x_wconf 90' lang='lat' dir='ltr'><strong>non</strong></span> 
     </span>
    </p>
   </div>
   <div class='ocr_carea' id='block_1_74' title="bbox 1895 1912 3473 1982">
    <p class='ocr_par' dir='ltr' id='par_1_74' title="bbox 1895 1912 3473 1982">
     <span class='ocr_line' id='line_1_74' title="bbox 1895 1912 3473 1982; baseline -0.001 -13"><span class='ocrx_word' id='word_1_567' title='bbox 1895 1915 2283 1969; x_wconf 88' lang='lat' dir='ltr'><strong>counaturales</strong></span> <span class='ocrx_word' id='word_1_568' title='bbox 2329 1914 2677 1982; x_wconf 88' lang='lat' dir='ltr'><strong>operationes</strong></span> <span class='ocrx_word' id='word_1_569' title='bbox 2726 1926 2793 1967; x_wconf 90' lang='lat' dir='ltr'><strong>ac</strong></span> <span class='ocrx_word' id='word_1_570' title='bbox 2851 1912 3187 1977; x_wconf 83' lang='lat' dir='ltr'><strong>voluntates,</strong></span> <span class='ocrx_word' id='word_1_571' title='bbox 3234 1912 3473 1967; x_wconf 72' lang='lat' dir='ltr'><strong>divinam</strong></span> 
     </span>
    </p>
   </div>
   <div class='ocr_carea' id='block_1_75' title="bbox 1890 2002 3476 2070">
    <p class='ocr_par' dir='ltr' id='par_1_75' title="bbox 1890 2002 3476 2070">
     <span class='ocr_line' id='line_1_75' title="bbox 1890 2002 3476 2070; baseline -0.001 -10"><span class='ocrx_word' id='word_1_572' title='bbox 1890 2005 2103 2060; x_wconf 84' lang='lat' dir='ltr'><strong>scilicet</strong></span> <span class='ocrx_word' id='word_1_573' title='bbox 2144 2014 2197 2060; x_wconf 91' lang='lat' dir='ltr'><strong>et</strong></span> <span class='ocrx_word' id='word_1_574' title='bbox 2240 2005 2557 2058; x_wconf 82' lang='lat' dir='ltr'><strong>humanam.</strong></span> <span class='ocrx_word' id='word_1_575' title='bbox 2606 2002 2845 2070; x_wconf 88' lang='lat' dir='ltr'><strong>Quorum</strong></span> <span class='ocrx_word' id='word_1_576' title='bbox 2889 2004 3031 2057; x_wconf 89' lang='lat' dir='ltr'><strong>enim</strong></span> <span class='ocrx_word' id='word_1_577' title='bbox 3081 2013 3213 2058; x_wconf 87' lang='lat' dir='ltr'><strong>sunt</strong></span> <span class='ocrx_word' id='word_1_578' title='bbox 3248 2005 3476 2059; x_wconf 77' lang='lat' dir='ltr'><strong>diversa:</strong></span> 
     </span>
    </p>
   </div>
   <div class='ocr_carea' id='block_1_76' title="bbox 1896 2096 3473 2165">
    <p class='ocr_par' dir='ltr' id='par_1_76' title="bbox 1896 2096 3473 2165">
     <span class='ocr_line' id='line_1_76' title="bbox 1896 2096 3473 2165; baseline 0.001 -16"><span class='ocrx_word' id='word_1_579' title='bbox 1896 2104 2120 2160; x_wconf 59' lang='lat' dir='ltr'><strong>natura,</strong></span> <span class='ocrx_word' id='word_1_580' title='bbox 2156 2110 2344 2148; x_wconf 89' lang='lat' dir='ltr'><strong>eorum</strong></span> <span class='ocrx_word' id='word_1_581' title='bbox 2366 2108 2520 2165; x_wconf 62' lang='lat' dir='ltr'><strong>teque</strong></span> <span class='ocrx_word' id='word_1_582' title='bbox 2544 2104 2669 2149; x_wconf 90' lang='lat' dir='ltr'><strong>sunt</strong></span> <span class='ocrx_word' id='word_1_583' title='bbox 2693 2096 2855 2149; x_wconf 87' lang='lat' dir='ltr'><strong>etiam</strong></span> <span class='ocrx_word' id='word_1_584' title='bbox 2888 2097 3238 2165; x_wconf 85' lang='lat' dir='ltr'><strong>operationes</strong></span> <span class='ocrx_word' id='word_1_585' title='bbox 3267 2115 3281 2152; x_wconf 90' lang='lat'><strong>:</strong></span> <span class='ocrx_word' id='word_1_586' title='bbox 3312 2099 3473 2153; x_wconf 88' lang='lat' dir='ltr'><strong>sicuti</strong></span> 
     </span>
    </p>
   </div>
   <div class='ocr_carea' id='block_1_77' title="bbox 1893 2172 3470 2257">
    <p class='ocr_par' dir='ltr' id='par_1_77' title="bbox 1893 2172 3470 2257">
     <span class='ocr_line' id='line_1_77' title="bbox 1893 2172 3470 2257; baseline 0.001 -18"><span class='ocrx_word' id='word_1_587' title='bbox 1893 2200 2125 2255; x_wconf 89' lang='lat' dir='ltr'><strong>quorum</strong></span> <span class='ocrx_word' id='word_1_588' title='bbox 2155 2192 2281 2240; x_wconf 89' lang='lat' dir='ltr'><strong>sunt</strong></span> <span class='ocrx_word' id='word_1_589' title='bbox 2310 2185 2512 2241; x_wconf 60' lang='lat' dir='ltr'><strong>eadem</strong></span> <span class='ocrx_word' id='word_1_590' title='bbox 2539 2172 2906 2256; x_wconf 81' lang='lat' dir='ltr'><strong>operationes,</strong></span> <span class='ocrx_word' id='word_1_591' title='bbox 2942 2187 3137 2242; x_wconf 86' lang='lat' dir='ltr'><strong>borum</strong></span> <span class='ocrx_word' id='word_1_592' title='bbox 3169 2189 3332 2242; x_wconf 87' lang='lat' dir='ltr'><strong>etiam</strong></span> <span class='ocrx_word' id='word_1_593' title='bbox 3358 2188 3470 2257; x_wconf 87' lang='lat' dir='ltr'><strong>pari</strong></span> 
     </span>
    </p>
   </div>
   <div class='ocr_carea' id='block_1_78' title="bbox 1894 2276 3471 2346">
    <p class='ocr_par' dir='ltr' id='par_1_78' title="bbox 1894 2276 3471 2346">
     <span class='ocr_line' id='line_1_78' title="bbox 1894 2276 3471 2346; baseline -0.003 -12"><span class='ocrx_word' id='word_1_594' title='bbox 1894 2288 2023 2335; x_wconf 88' lang='lat' dir='ltr'><strong>sunt</strong></span> <span class='ocrx_word' id='word_1_595' title='bbox 2058 2277 2267 2332; x_wconf 78' lang='lat' dir='ltr'><strong>honore</strong></span> <span class='ocrx_word' id='word_1_596' title='bbox 2297 2286 2505 2331; x_wconf 63' lang='lat' dir='ltr'><strong>natura;</strong></span> <span class='ocrx_word' id='word_1_597' title='bbox 2527 2315 2544 2341; x_wconf 90' lang='lat'><strong>,</strong></span> <span class='ocrx_word' id='word_1_598' title='bbox 2577 2286 2800 2345; x_wconf 88' lang='lat' dir='ltr'><strong>propter</strong></span> <span class='ocrx_word' id='word_1_599' title='bbox 2826 2276 3269 2332; x_wconf 85' lang='lat' dir='ltr'><strong>concurrentium</strong></span> <span class='ocrx_word' id='word_1_600' title='bbox 3302 2292 3471 2346; x_wconf 88' lang='lat' dir='ltr'><strong>oppo-</strong></span> 
     </span>
    </p>
   </div>
   <div class='ocr_carea' id='block_1_79' title="bbox 1892 2366 3472 2438">
    <p class='ocr_par' dir='ltr' id='par_1_79' title="bbox 1892 2366 3472 2438">
     <span class='ocr_line' id='line_1_79' title="bbox 1892 2366 3472 2438; baseline -0.003 -14"><span class='ocrx_word' id='word_1_601' title='bbox 1892 2369 2177 2433; x_wconf 87' lang='lat' dir='ltr'><strong>sitiouem,</strong></span> <span class='ocrx_word' id='word_1_602' title='bbox 2207 2376 2365 2438; x_wconf 88' lang='lat' dir='ltr'><strong>prout</strong></span> <span class='ocrx_word' id='word_1_603' title='bbox 2410 2366 2838 2422; x_wconf 81' lang='lat' dir='ltr'><strong>ecclesiasticum</strong></span> <span class='ocrx_word' id='word_1_604' title='bbox 2872 2367 3067 2436; x_wconf 80' lang='lat' dir='ltr'><strong>dogma</strong></span> <span class='ocrx_word' id='word_1_605' title='bbox 3115 2376 3169 2420; x_wconf 91' lang='lat' dir='ltr'><strong>et</strong></span> <span class='ocrx_word' id='word_1_606' title='bbox 3202 2366 3472 2420; x_wconf 88' lang='lat' dir='ltr'><strong>sententia</strong></span> 
     </span>
    </p>
   </div>
   <div class='ocr_carea' id='block_1_80' title="bbox 1893 2456 3470 2528">
    <p class='ocr_par' dir='ltr' id='par_1_80' title="bbox 1893 2456 3470 2528">
     <span class='ocr_line' id='line_1_80' title="bbox 1893 2456 3470 2528; baseline -0.004 -14"><span class='ocrx_word' id='word_1_607' title='bbox 1893 2469 1997 2514; x_wconf 88' lang='lat' dir='ltr'><strong>est.</strong></span> <span class='ocrx_word' id='word_1_608' title='bbox 2031 2459 2123 2514; x_wconf 87' lang='lat' dir='ltr'><strong>Sic</strong></span> <span class='ocrx_word' id='word_1_609' title='bbox 2167 2459 2313 2513; x_wconf 90' lang='lat' dir='ltr'><strong>enim</strong></span> <span class='ocrx_word' id='word_1_610' title='bbox 2363 2457 2623 2528; x_wconf 81' lang='lat' dir='ltr'><strong>religiose</strong></span> <span class='ocrx_word' id='word_1_611' title='bbox 2667 2456 2994 2525; x_wconf 75' lang='lat' dir='ltr'><strong>intelligitur</strong></span> <span class='ocrx_word' id='word_1_612' title='bbox 3036 2456 3216 2509; x_wconf 78' lang='lat' dir='ltr'><strong>divina</strong></span> <span class='ocrx_word' id='word_1_613' title='bbox 3253 2457 3470 2523; x_wconf 85' lang='lat' dir='ltr'><strong>quidem</strong></span> 
     </span>
    </p>
   </div>
   <div class='ocr_carea' id='block_1_81' title="bbox 1892 2545 3476 2618">
    <p class='ocr_par' dir='ltr' id='par_1_81' title="bbox 1892 2545 3476 2618">
     <span class='ocr_line' id='line_1_81' title="bbox 1892 2545 3476 2618; baseline -0.004 -15"><span class='ocrx_word' id='word_1_614' title='bbox 1892 2548 2134 2618; x_wconf 86' lang='lat' dir='ltr'><strong>operatio</strong></span> <span class='ocrx_word' id='word_1_615' title='bbox 2160 2547 2491 2617; x_wconf 87' lang='lat' dir='ltr'><strong>sempiterna</strong></span> <span class='ocrx_word' id='word_1_616' title='bbox 2513 2585 2528 2610; x_wconf 93' lang='lat'><strong>,</strong></span> <span class='ocrx_word' id='word_1_617' title='bbox 2567 2545 2649 2600; x_wconf 89' lang='lat' dir='ltr'><strong>vel</strong></span> <span class='ocrx_word' id='word_1_618' title='bbox 2678 2547 2857 2615; x_wconf 87' lang='lat' dir='ltr'><strong>potius</strong></span> <span class='ocrx_word' id='word_1_619' title='bbox 2882 2545 3257 2600; x_wconf 86' lang='lat' dir='ltr'><strong>substantialis</strong></span> <span class='ocrx_word' id='word_1_620' title='bbox 3285 2561 3476 2615; x_wconf 87' lang='lat' dir='ltr'><strong>opera-</strong></span> 
     </span>
    </p>
   </div>
   <div class='ocr_carea' id='block_1_82' title="bbox 1896 2638 3472 2709">
    <p class='ocr_par' dir='ltr' id='par_1_82' title="bbox 1896 2638 3472 2709">
     <span class='ocr_line' id='line_1_82' title="bbox 1896 2638 3472 2709; baseline 0.001 -16"><span class='ocrx_word' id='word_1_621' title='bbox 1896 2640 2004 2707; x_wconf 87' lang='lat' dir='ltr'><strong>tio;</strong></span> <span class='ocrx_word' id='word_1_622' title='bbox 2044 2639 2169 2709; x_wconf 85' lang='lat' dir='ltr'><strong>quia</strong></span> <span class='ocrx_word' id='word_1_623' title='bbox 2220 2655 2326 2693; x_wconf 91' lang='lat' dir='ltr'><strong>non</strong></span> <span class='ocrx_word' id='word_1_624' title='bbox 2372 2638 2727 2707; x_wconf 79' lang='lat' dir='ltr'><strong>distinguitur</strong></span> <span class='ocrx_word' id='word_1_625' title='bbox 2761 2654 2790 2691; x_wconf 89' lang='lat' dir='ltr'><strong>a</strong></span> <span class='ocrx_word' id='word_1_626' title='bbox 2843 2638 3148 2693; x_wconf 84' lang='lat' dir='ltr'><strong>substantia</strong></span> <span class='ocrx_word' id='word_1_627' title='bbox 3195 2640 3472 2708; x_wconf 82' lang='lat' dir='ltr'><strong>operatio.</strong></span> 
     </span>
    </p>
   </div>
   <div class='ocr_carea' id='block_1_83' title="bbox 1891 2725 3476 2800">
    <p class='ocr_par' dir='ltr' id='par_1_83' title="bbox 1891 2725 3476 2800">
     <span class='ocr_line' id='line_1_83' title="bbox 1891 2725 3476 2800; baseline -0.001 -17"><span class='ocrx_word' id='word_1_628' title='bbox 1891 2732 1986 2785; x_wconf 86' lang='lat' dir='ltr'><strong>sed</strong></span> <span class='ocrx_word' id='word_1_629' title='bbox 2024 2732 2123 2785; x_wconf 89' lang='lat' dir='ltr'><strong>sub</strong></span> <span class='ocrx_word' id='word_1_630' title='bbox 2152 2732 2402 2786; x_wconf 88' lang='lat' dir='ltr'><strong>eamdem</strong></span> <span class='ocrx_word' id='word_1_631' title='bbox 2424 2730 2817 2785; x_wconf 74' lang='lat' dir='ltr'><strong>~delinitione1n</strong></span> <span class='ocrx_word' id='word_1_632' title='bbox 2869 2732 3049 2797; x_wconf 87' lang='lat' dir='ltr'><strong>cadit,</strong></span> <span class='ocrx_word' id='word_1_633' title='bbox 3098 2725 3316 2800; x_wconf 85' lang='lat' dir='ltr'><strong>propter</strong></span> <span class='ocrx_word' id='word_1_634' title='bbox 3343 2733 3476 2785; x_wconf 85' lang='lat' dir='ltr'><strong>sim-</strong></span> 
     </span>
    </p>
   </div>
   <div class='ocr_carea' id='block_1_84' title="bbox 1893 2821 3474 2890">
    <p class='ocr_par' dir='ltr' id='par_1_84' title="bbox 1893 2821 3474 2890">
     <span class='ocr_line' id='line_1_84' title="bbox 1893 2821 3474 2890; baseline -0.003 -17"><span class='ocrx_word' id='word_1_635' title='bbox 1893 2821 2045 2890; x_wconf 85' lang='lat' dir='ltr'><strong>plicis</strong></span> <span class='ocrx_word' id='word_1_636' title='bbox 2070 2821 2516 2890; x_wconf 71' lang='lat' dir='ltr'><strong>incorporemque</strong></span> <span class='ocrx_word' id='word_1_637' title='bbox 2538 2830 2747 2875; x_wconf 75' lang='lat' dir='ltr'><strong>natura:</strong></span> <span class='ocrx_word' id='word_1_638' title='bbox 2780 2821 3170 2889; x_wconf 83' lang='lat' dir='ltr'><strong>praprietatem</strong></span> <span class='ocrx_word' id='word_1_639' title='bbox 3196 2837 3210 2885; x_wconf 84' lang='lat'><strong>;</strong></span> <span class='ocrx_word' id='word_1_640' title='bbox 3236 2825 3474 2890; x_wconf 64' lang='lat' dir='ltr'><strong>itemque</strong></span> 
     </span>
    </p>
   </div>
   <div class='ocr_carea' id='block_1_85' title="bbox 1894 2908 3477 2981">
    <p class='ocr_par' dir='ltr' id='par_1_85' title="bbox 1894 2908 3477 2981">
     <span class='ocr_line' id='line_1_85' title="bbox 1894 2908 3477 2981; baseline -0.002 -15"><span class='ocrx_word' id='word_1_641' title='bbox 1894 2911 1945 2966; x_wconf 92' lang='lat' dir='ltr'><strong>in</strong></span> <span class='ocrx_word' id='word_1_642' title='bbox 1974 2911 2122 2967; x_wconf 87' lang='lat' dir='ltr'><strong>omni</strong></span> <span class='ocrx_word' id='word_1_643' title='bbox 2157 2926 2216 2966; x_wconf 90' lang='lat' dir='ltr'><strong>re</strong></span> <span class='ocrx_word' id='word_1_644' title='bbox 2267 2908 2580 2967; x_wconf 78' lang='lat' dir='ltr'><strong>diiferenter</strong></span> <span class='ocrx_word' id='word_1_645' title='bbox 2624 2911 2961 2981; x_wconf 82' lang='lat' dir='ltr'><strong>procedens,</strong></span> <span class='ocrx_word' id='word_1_646' title='bbox 2991 2921 3157 2978; x_wconf 87' lang='lat' dir='ltr'><strong>atque</strong></span> <span class='ocrx_word' id='word_1_647' title='bbox 3202 2919 3258 2963; x_wconf 94' lang='lat' dir='ltr'><strong>ut</strong></span> <span class='ocrx_word' id='word_1_648' title='bbox 3294 2911 3366 2963; x_wconf 89' lang='lat' dir='ltr'><strong>ita</strong></span> <span class='ocrx_word' id='word_1_649' title='bbox 3394 2911 3477 2963; x_wconf 80' lang='lat' dir='ltr'><strong>di-</strong></span> 
     </span>
    </p>
   </div>
   <div class='ocr_carea' id='block_1_86' title="bbox 1893 2998 3475 3073">
    <p class='ocr_par' dir='ltr' id='par_1_86' title="bbox 1893 2998 3475 3073">
     <span class='ocr_line' id='line_1_86' title="bbox 1893 2998 3475 3073; baseline -0.003 -14"><span class='ocrx_word' id='word_1_650' title='bbox 1893 3021 2013 3059; x_wconf 86' lang='lat' dir='ltr'><strong>cam</strong></span> <span class='ocrx_word' id='word_1_651' title='bbox 2075 3003 2569 3073; x_wconf 83' lang='lat' dir='ltr'><strong>incircumscripte.</strong></span> <span class='ocrx_word' id='word_1_652' title='bbox 2624 2998 2743 3055; x_wconf 79' lang='lat' dir='ltr'><strong>Non</strong></span> <span class='ocrx_word' id='word_1_653' title='bbox 2800 3002 2948 3055; x_wconf 79' lang='lat' dir='ltr'><strong>enim</strong></span> <span class='ocrx_word' id='word_1_654' title='bbox 3021 3015 3143 3055; x_wconf 91' lang='lat' dir='ltr'><strong>cum</strong></span> <span class='ocrx_word' id='word_1_655' title='bbox 3191 3008 3350 3056; x_wconf 86' lang='lat' dir='ltr'><strong>antea</strong></span> <span class='ocrx_word' id='word_1_656' title='bbox 3391 3003 3475 3054; x_wconf 76' lang='lat' dir='ltr'><strong>vis</strong></span> 
     </span>
    </p>
   </div>
   <div class='ocr_carea' id='block_1_87' title="bbox 1820 3093 3227 3184">
    <p class='ocr_par' dir='ltr' id='par_1_87' title="bbox 1820 3093 3227 3184">
     <span class='ocr_line' id='line_1_87' title="bbox 1820 3093 3227 3184; baseline -0.005 -32"><span class='ocrx_word' id='word_1_657' title='bbox 1820 3129 1863 3184; x_wconf 64' lang='grc' dir='ltr'><strong>ρ</strong></span> <span class='ocrx_word' id='word_1_658' title='bbox 1896 3104 2075 3162; x_wconf 83' lang='lat' dir='ltr'><strong>esset,</strong></span> <span class='ocrx_word' id='word_1_659' title='bbox 2111 3107 2296 3165; x_wconf 90' lang='lat' dir='ltr'><strong>postea</strong></span> <span class='ocrx_word' id='word_1_660' title='bbox 2329 3096 2381 3150; x_wconf 91' lang='lat' dir='ltr'><strong>in</strong></span> <span class='ocrx_word' id='word_1_661' title='bbox 2412 3095 2780 3165; x_wconf 79' lang='lat' dir='ltr'><strong>operationem</strong></span> <span class='ocrx_word' id='word_1_662' title='bbox 2808 3109 2869 3147; x_wconf 84' lang='lat' dir='ltr'><strong>ex</strong></span> <span class='ocrx_word' id='word_1_663' title='bbox 2909 3094 2956 3146; x_wconf 81' lang='lat' dir='ltr'><strong>vi</strong></span> <span class='ocrx_word' id='word_1_664' title='bbox 2988 3093 3227 3147; x_wconf 84' lang='lat' dir='ltr'><strong>transiit.</strong></span> 
     </span>
    </p>
   </div>
   <div class='ocr_carea' id='block_1_88' title="bbox 1958 3197 3582 3287">
    <p class='ocr_par' dir='ltr' id='par_1_88' title="bbox 1958 3197 3582 3287">
     <span class='ocr_line' id='line_1_88' title="bbox 1958 3197 3582 3287; baseline -0.006 -27"><span class='ocrx_word' id='word_1_665' title='bbox 1958 3205 2050 3260; x_wconf 71' lang='grc'><strong>49.</strong></span> <span class='ocrx_word' id='word_1_666' title='bbox 2081 3204 2273 3259; x_wconf 86' lang='lat' dir='ltr'><strong>Simile</strong></span> <span class='ocrx_word' id='word_1_667' title='bbox 2302 3204 2414 3274; x_wconf 81' lang='lat'><strong>(7&#39;5)</strong></span> <span class='ocrx_word' id='word_1_668' title='bbox 2438 3203 2567 3274; x_wconf 84' lang='lat' dir='ltr'><strong>quid</strong></span> <span class='ocrx_word' id='word_1_669' title='bbox 2598 3220 2625 3254; x_wconf 77' lang='grc' dir='ltr'><strong>ιι</strong></span> <span class='ocrx_word' id='word_1_670' title='bbox 2659 3200 2887 3256; x_wconf 80' lang='grc' dir='ltr'>Βοιιιίιιο</span> <span class='ocrx_word' id='word_1_671' title='bbox 2916 3202 3117 3255; x_wconf 87' lang='lat' dir='ltr'><strong>dictmu</strong></span> <span class='ocrx_word' id='word_1_672' title='bbox 3151 3199 3286 3253; x_wconf 82' lang='lat' dir='ltr'><strong>fuit:</strong></span> <span class='ocrx_word' id='word_1_673' title='bbox 3317 3197 3476 3253; x_wconf 75' lang='lat' dir='ltr'><strong>Pater</strong></span> <span class='ocrx_word' id='word_1_674' title='bbox 3575 3280 3582 3287; x_wconf 27' lang='grc'><strong>1</strong></span> 
     </span>
    </p>
   </div>
   <div class='ocr_carea' id='block_1_89' title="bbox 1893 3288 3474 3364">
    <p class='ocr_par' dir='ltr' id='par_1_89' title="bbox 1893 3288 3474 3364">
     <span class='ocr_line' id='line_1_89' title="bbox 1893 3288 3474 3364; baseline -0.005 -15"><span class='ocrx_word' id='word_1_675' title='bbox 1893 3312 2040 3349; x_wconf 80' lang='lat' dir='ltr'><strong>meus</strong></span> <span class='ocrx_word' id='word_1_676' title='bbox 2081 3311 2242 3364; x_wconf 80' lang='lat' dir='ltr'><strong>usque</strong></span> <span class='ocrx_word' id='word_1_677' title='bbox 2287 3299 2443 3347; x_wconf 85' lang='lat' dir='ltr'><strong>modo</strong></span> <span class='ocrx_word' id='word_1_678' title='bbox 2487 3300 2765 3360; x_wconf 82' lang='lat' dir='ltr'><strong>operatur,</strong></span> <span class='ocrx_word' id='word_1_679' title='bbox 2810 3302 2856 3345; x_wconf 84' lang='lat' dir='ltr'><strong>et</strong></span> <span class='ocrx_word' id='word_1_680' title='bbox 2901 3307 2994 3359; x_wconf 84' lang='lat' dir='ltr'><strong>ego</strong></span> <span class='ocrx_word' id='word_1_681' title='bbox 3056 3306 3244 3360; x_wconf 78' lang='lat' dir='ltr'><strong>operor</strong></span> <span class='ocrx_word' id='word_1_682' title='bbox 3277 3288 3340 3352; x_wconf 78' lang='grc' dir='ltr'><strong>⁸ο,</strong></span> <span class='ocrx_word' id='word_1_683' title='bbox 3370 3308 3474 3341; x_wconf 73' lang='grc' dir='ltr'>ιιιειι</span> 
     </span>
    </p>
   </div>
   <div class='ocr_carea' id='block_1_90' title="bbox 1892 3382 3476 3442">
    <p class='ocr_par' dir='ltr' id='par_1_90' title="bbox 1892 3382 3476 3442">
     <span class='ocr_line' id='line_1_90' title="bbox 1892 3382 3476 3442; baseline -0.006 0"><span class='ocrx_word' id='word_1_684' title='bbox 1892 3388 2069 3442; x_wconf 88' lang='lat' dir='ltr'><strong>solum</strong></span> <span class='ocrx_word' id='word_1_685' title='bbox 2112 3386 2256 3440; x_wconf 86' lang='lat' dir='ltr'><strong>illam</strong></span> <span class='ocrx_word' id='word_1_686' title='bbox 2284 3386 2352 3439; x_wconf 89' lang='lat' dir='ltr'><strong>ab</strong></span> <span class='ocrx_word' id='word_1_687' title='bbox 2397 3384 2553 3437; x_wconf 89' lang='lat' dir='ltr'><strong>initio</strong></span> <span class='ocrx_word' id='word_1_688' title='bbox 2598 3397 2665 3437; x_wconf 72' lang='lat' dir='ltr'><strong>ex</strong></span> <span class='ocrx_word' id='word_1_689' title='bbox 2701 3397 2805 3439; x_wconf 90' lang='lat' dir='ltr'><strong>non</strong></span> <span class='ocrx_word' id='word_1_690' title='bbox 2846 3382 3184 3438; x_wconf 77' lang='lat' dir='ltr'><strong>exstantibus</strong></span> <span class='ocrx_word' id='word_1_691' title='bbox 3223 3383 3288 3436; x_wconf 88' lang='lat' dir='ltr'><strong>ad</strong></span> <span class='ocrx_word' id='word_1_692' title='bbox 3331 3384 3476 3436; x_wconf 81' lang='lat' dir='ltr'><strong>exsi-</strong></span> 
     </span>
    </p>
   </div>
   <div class='ocr_carea' id='block_1_91' title="bbox 1894 3475 3535 3548">
    <p class='ocr_par' dir='ltr' id='par_1_91' title="bbox 1894 3475 3535 3548">
     <span class='ocr_line' id='line_1_91' title="bbox 1894 3475 3535 3548; baseline -0.006 -14"><span class='ocrx_word' id='word_1_693' title='bbox 1894 3481 2143 3534; x_wconf 86' lang='lat' dir='ltr'><strong>stendum</strong></span> <span class='ocrx_word' id='word_1_694' title='bbox 2177 3477 2589 3548; x_wconf 87' lang='lat' dir='ltr'><strong>productionem</strong></span> <span class='ocrx_word' id='word_1_695' title='bbox 2617 3488 2820 3537; x_wconf 88' lang='lat' dir='ltr'><strong>rerum,</strong></span> <span class='ocrx_word' id='word_1_696' title='bbox 2855 3475 2949 3528; x_wconf 92' lang='lat' dir='ltr'><strong>sed</strong></span> <span class='ocrx_word' id='word_1_697' title='bbox 2976 3475 3138 3528; x_wconf 87' lang='lat' dir='ltr'><strong>etiam</strong></span> <span class='ocrx_word' id='word_1_698' title='bbox 3161 3476 3472 3529; x_wconf 82' lang='lat' dir='ltr'><strong>earumdem</strong></span> <span class='ocrx_word' id='word_1_699' title='bbox 3528 3537 3535 3543; x_wconf 83' lang='lat'><em>_</em></span> 
     </span>
    </p>
   </div>
   <div class='ocr_carea' id='block_1_92' title="bbox 1893 3553 3476 3635">
    <p class='ocr_par' dir='ltr' id='par_1_92' title="bbox 1893 3553 3476 3635">
     <span class='ocr_line' id='line_1_92' title="bbox 1893 3553 3476 3635; baseline -0.004 -10"><span class='ocrx_word' id='word_1_700' title='bbox 1893 3570 2369 3625; x_wconf 87' lang='lat' dir='ltr'><strong>conservationem</strong></span> <span class='ocrx_word' id='word_1_701' title='bbox 2423 3575 2480 3621; x_wconf 91' lang='lat' dir='ltr'><strong>et</strong></span> <span class='ocrx_word' id='word_1_702' title='bbox 2526 3581 2751 3629; x_wconf 83' lang='lat' dir='ltr'><strong>curam;</strong></span> <span class='ocrx_word' id='word_1_703' title='bbox 2800 3565 2967 3620; x_wconf 90' lang='lat' dir='ltr'><strong>veluti</strong></span> <span class='ocrx_word' id='word_1_704' title='bbox 3018 3565 3197 3619; x_wconf 81' lang='lat' dir='ltr'><strong>facere</strong></span> <span class='ocrx_word' id='word_1_705' title='bbox 3250 3553 3476 3635; x_wconf 75' lang='lat' dir='ltr'><strong>angelos</strong></span> 
     </span>
    </p>
   </div>
   <div class='ocr_carea' id='block_1_93' title="bbox 1893 3656 3474 3728">
    <p class='ocr_par' dir='ltr' id='par_1_93' title="bbox 1893 3656 3474 3728">
     <span class='ocr_line' id='line_1_93' title="bbox 1893 3656 3474 3728; baseline -0.004 -14"><span class='ocrx_word' id='word_1_706' title='bbox 1893 3676 2022 3714; x_wconf 87' lang='lat' dir='ltr'><strong>suos</strong></span> <span class='ocrx_word' id='word_1_707' title='bbox 2064 3660 2287 3728; x_wconf 84' lang='lat' dir='ltr'><strong>spiritus</strong></span> <span class='ocrx_word' id='word_1_708' title='bbox 2321 3658 2403 3725; x_wconf 65' lang='lat'><strong>3&#39;;</strong></span> <span class='ocrx_word' id='word_1_709' title='bbox 2452 3665 2507 3711; x_wconf 91' lang='lat' dir='ltr'><strong>et</strong></span> <span class='ocrx_word' id='word_1_710' title='bbox 2533 3697 2547 3719; x_wconf 85' lang='lat'><strong>,</strong></span> <span class='ocrx_word' id='word_1_711' title='bbox 2598 3657 2895 3710; x_wconf 83' lang='lat' dir='ltr'><strong>extendere</strong></span> <span class='ocrx_word' id='word_1_712' title='bbox 2946 3657 3143 3710; x_wconf 75' lang='lat' dir='ltr'><strong>emtum</strong></span> <span class='ocrx_word' id='word_1_713' title='bbox 3177 3658 3318 3710; x_wconf 88' lang='lat' dir='ltr'><strong>sicut</strong></span> <span class='ocrx_word' id='word_1_714' title='bbox 3359 3656 3474 3723; x_wconf 82' lang='lat' dir='ltr'><strong>pel-</strong></span> 
     </span>
    </p>
   </div>
   <div class='ocr_carea' id='block_1_94' title="bbox 1895 3743 3476 3817">
    <p class='ocr_par' dir='ltr' id='par_1_94' title="bbox 1895 3743 3476 3817">
     <span class='ocr_line' id='line_1_94' title="bbox 1895 3743 3476 3817; baseline -0.004 -14"><span class='ocrx_word' id='word_1_715' title='bbox 1895 3751 1998 3803; x_wconf 86' lang='lat' dir='ltr'><strong>lem</strong></span> <span class='ocrx_word' id='word_1_716' title='bbox 2023 3750 2105 3814; x_wconf 75' lang='lat'><strong>“;</strong></span> <span class='ocrx_word' id='word_1_717' title='bbox 2132 3760 2205 3813; x_wconf 90' lang='lat' dir='ltr'><strong>et,</strong></span> <span class='ocrx_word' id='word_1_718' title='bbox 2251 3758 2435 3817; x_wconf 79' lang='lat' dir='ltr'><strong>tegere</strong></span> <span class='ocrx_word' id='word_1_719' title='bbox 2481 3747 2636 3815; x_wconf 87' lang='lat' dir='ltr'><strong>aquis</strong></span> <span class='ocrx_word' id='word_1_720' title='bbox 2675 3747 2956 3815; x_wconf 90' lang='lat' dir='ltr'><strong>superiora</strong></span> <span class='ocrx_word' id='word_1_721' title='bbox 2990 3746 3108 3810; x_wconf 77' lang='lat' dir='ltr'><strong>ejus</strong></span> <span class='ocrx_word' id='word_1_722' title='bbox 3131 3743 3212 3809; x_wconf 82' lang='grc'><strong>⁸³;</strong></span> <span class='ocrx_word' id='word_1_723' title='bbox 3245 3755 3319 3807; x_wconf 86' lang='lat' dir='ltr'><strong>et,</strong></span> <span class='ocrx_word' id='word_1_724' title='bbox 3354 3743 3476 3797; x_wconf 83' lang='lat' dir='ltr'><strong>lun-</strong></span> 
     </span>
    </p>
   </div>
   <div class='ocr_carea' id='block_1_95' title="bbox 1892 3834 3473 3905">
    <p class='ocr_par' dir='ltr' id='par_1_95' title="bbox 1892 3834 3473 3905">
     <span class='ocr_line' id='line_1_95' title="bbox 1892 3834 3473 3905; baseline -0.003 -13"><span class='ocrx_word' id='word_1_725' title='bbox 1892 3841 2023 3893; x_wconf 76' lang='lat' dir='ltr'><strong>tlare</strong></span> <span class='ocrx_word' id='word_1_726' title='bbox 2054 3850 2251 3893; x_wconf 84' lang='lat' dir='ltr'><strong>terram</strong></span> <span class='ocrx_word' id='word_1_727' title='bbox 2279 3852 2442 3905; x_wconf 89' lang='lat' dir='ltr'><strong>super</strong></span> <span class='ocrx_word' id='word_1_728' title='bbox 2472 3836 2827 3891; x_wconf 83' lang='lat' dir='ltr'><strong>stabilitatem</strong></span> <span class='ocrx_word' id='word_1_729' title='bbox 2851 3850 3005 3890; x_wconf 87' lang='lat' dir='ltr'><strong>suam</strong></span> <span class='ocrx_word' id='word_1_730' title='bbox 3031 3834 3078 3866; x_wconf 70' lang='grc'><strong>⁸⁵</strong></span> <span class='ocrx_word' id='word_1_731' title='bbox 3109 3857 3119 3889; x_wconf 86' lang='lat'>:</span> <span class='ocrx_word' id='word_1_732' title='bbox 3154 3852 3275 3904; x_wconf 66' lang='lat' dir='ltr'><strong>qua:</strong></span> <span class='ocrx_word' id='word_1_733' title='bbox 3306 3835 3473 3889; x_wconf 68' lang='lat' dir='ltr'><strong>sarnvl</strong></span> 
     </span>
    </p>
   </div>
   <div class='ocr_carea' id='block_1_96' title="bbox 1892 3927 3474 3997">
    <p class='ocr_par' dir='ltr' id='par_1_96' title="bbox 1892 3927 3474 3997">
     <span class='ocr_line' id='line_1_96' title="bbox 1892 3927 3474 3997; baseline -0.006 -11"><span class='ocrx_word' id='word_1_734' title='bbox 1892 3932 2230 3995; x_wconf 85' lang='lat' dir='ltr'><strong>constituta,</strong></span> <span class='ocrx_word' id='word_1_735' title='bbox 2267 3930 2684 3997; x_wconf 88' lang='lat' dir='ltr'><strong>perpetuitatem</strong></span> <span class='ocrx_word' id='word_1_736' title='bbox 2736 3941 2954 3996; x_wconf 88' lang='lat' dir='ltr'><strong>quoque</strong></span> <span class='ocrx_word' id='word_1_737' title='bbox 2998 3927 3300 3979; x_wconf 76' lang='lat' dir='ltr'><strong>(iurationis</strong></span> <span class='ocrx_word' id='word_1_738' title='bbox 3347 3928 3474 3978; x_wconf 88' lang='lat' dir='ltr'><strong>reti-</strong></span> 
     </span>
    </p>
   </div>
   <div class='ocr_carea' id='block_1_97' title="bbox 1891 4015 3470 4088">
    <p class='ocr_par' dir='ltr' id='par_1_97' title="bbox 1891 4015 3470 4088">
     <span class='ocr_line' id='line_1_97' title="bbox 1891 4015 3470 4088; baseline -0.006 -10"><span class='ocrx_word' id='word_1_739' title='bbox 1891 4035 2039 4078; x_wconf 88' lang='lat' dir='ltr'><strong>nent.</strong></span> <span class='ocrx_word' id='word_1_740' title='bbox 2059 4024 2127 4076; x_wconf 81' lang='lat' dir='ltr'><strong>At</strong></span> <span class='ocrx_word' id='word_1_741' title='bbox 2152 4023 2387 4076; x_wconf 88' lang='lat' dir='ltr'><strong>humana</strong></span> <span class='ocrx_word' id='word_1_742' title='bbox 2408 4019 2649 4088; x_wconf 86' lang='lat' dir='ltr'><strong>operatio</strong></span> <span class='ocrx_word' id='word_1_743' title='bbox 2669 4020 2809 4071; x_wconf 91' lang='lat' dir='ltr'><strong>haud</strong></span> <span class='ocrx_word' id='word_1_744' title='bbox 2831 4026 3035 4071; x_wconf 76' lang='lat' dir='ltr'><strong>:eterna</strong></span> <span class='ocrx_word' id='word_1_745' title='bbox 3054 4026 3161 4080; x_wconf 84' lang='lat' dir='ltr'><strong>est,</strong></span> <span class='ocrx_word' id='word_1_746' title='bbox 3180 4015 3273 4070; x_wconf 89' lang='lat' dir='ltr'><strong>sed</strong></span> <span class='ocrx_word' id='word_1_747' title='bbox 3298 4016 3470 4078; x_wconf 86' lang='lat' dir='ltr'><strong>liuita,</strong></span> 
     </span>
    </p>
   </div>
   <div class='ocr_carea' id='block_1_98' title="bbox 1891 4105 3470 4184">
    <p class='ocr_par' dir='ltr' id='par_1_98' title="bbox 1891 4105 3470 4184">
     <span class='ocr_line' id='line_1_98' title="bbox 1891 4105 3470 4184; baseline -0.005 -15"><span class='ocrx_word' id='word_1_748' title='bbox 1891 4127 2055 4184; x_wconf 88' lang='lat' dir='ltr'><strong>atque</strong></span> <span class='ocrx_word' id='word_1_749' title='bbox 2084 4127 2142 4168; x_wconf 85' lang='lat' dir='ltr'><strong>ut</strong></span> <span class='ocrx_word' id='word_1_750' title='bbox 2188 4112 2358 4182; x_wconf 78' lang='lat' dir='ltr'><strong>magis</strong></span> <span class='ocrx_word' id='word_1_751' title='bbox 2387 4111 2606 4180; x_wconf 88' lang='lat' dir='ltr'><strong>proprie</strong></span> <span class='ocrx_word' id='word_1_752' title='bbox 2642 4112 2818 4163; x_wconf 89' lang='lat' dir='ltr'><strong>dicam</strong></span> <span class='ocrx_word' id='word_1_753' title='bbox 2859 4109 3293 4177; x_wconf 86' lang='lat' dir='ltr'><strong>circumscripta.</strong></span> <span class='ocrx_word' id='word_1_754' title='bbox 3334 4105 3470 4161; x_wconf 82' lang='lat' dir='ltr'><strong>Nam</strong></span> 
     </span>
    </p>
   </div>
   <div class='ocr_carea' id='block_1_99' title="bbox 1890 4199 3471 4272">
    <p class='ocr_par' dir='ltr' id='par_1_99' title="bbox 1890 4199 3471 4272">
     <span class='ocr_line' id='line_1_99' title="bbox 1890 4199 3471 4272; baseline -0.005 -13"><span class='ocrx_word' id='word_1_755' title='bbox 1890 4205 2168 4259; x_wconf 86' lang='lat' dir='ltr'><strong>silentium</strong></span> <span class='ocrx_word' id='word_1_756' title='bbox 2203 4203 2552 4271; x_wconf 89' lang='lat' dir='ltr'><strong>interrumpit</strong></span> <span class='ocrx_word' id='word_1_757' title='bbox 2595 4200 2704 4272; x_wconf 77' lang='lat'><strong>65</strong></span> <span class='ocrx_word' id='word_1_758' title='bbox 2749 4200 3078 4269; x_wconf 88' lang='lat' dir='ltr'><strong>loquentem.</strong></span> <span class='ocrx_word' id='word_1_759' title='bbox 3119 4199 3185 4253; x_wconf 82' lang='lat' dir='ltr'><strong>Et</strong></span> <span class='ocrx_word' id='word_1_760' title='bbox 3214 4202 3303 4269; x_wconf 91' lang='lat' dir='ltr'><strong>qui</strong></span> <span class='ocrx_word' id='word_1_761' title='bbox 3339 4201 3471 4252; x_wconf 85' lang='lat' dir='ltr'><strong>dor-</strong></span> 
     </span>
    </p>
   </div>
   <div class='ocr_carea' id='block_1_100' title="bbox 1890 4291 3469 4362">
    <p class='ocr_par' dir='ltr' id='par_1_100' title="bbox 1890 4291 3469 4362">
     <span class='ocr_line' id='line_1_100' title="bbox 1890 4291 3469 4362; baseline -0.001 -15"><span class='ocrx_word' id='word_1_762' title='bbox 1890 4295 2031 4359; x_wconf 91' lang='lat' dir='ltr'><strong>miit,</strong></span> <span class='ocrx_word' id='word_1_763' title='bbox 2058 4308 2235 4348; x_wconf 89' lang='lat' dir='ltr'><strong>nonne</strong></span> <span class='ocrx_word' id='word_1_764' title='bbox 2270 4302 2454 4362; x_wconf 90' lang='lat' dir='ltr'><strong>postea</strong></span> <span class='ocrx_word' id='word_1_765' title='bbox 2499 4293 2752 4362; x_wconf 76' lang='lat' dir='ltr'><strong>evigilat?</strong></span> <span class='ocrx_word' id='word_1_766' title='bbox 2808 4291 2872 4345; x_wconf 86' lang='lat' dir='ltr'><strong>Et</strong></span> <span class='ocrx_word' id='word_1_767' title='bbox 2921 4293 3078 4359; x_wconf 85' lang='lat' dir='ltr'><strong>quies</strong></span> <span class='ocrx_word' id='word_1_768' title='bbox 3122 4303 3327 4346; x_wconf 90' lang='lat' dir='ltr'><strong>motum</strong></span> <span class='ocrx_word' id='word_1_769' title='bbox 3359 4292 3469 4346; x_wconf 87' lang='lat' dir='ltr'><strong>cir-</strong></span> 
     </span>
    </p>
   </div>
   <div class='ocr_carea' id='block_1_101' title="bbox 1892 4381 3469 4453">
    <p class='ocr_par' dir='ltr' id='par_1_101' title="bbox 1892 4381 3469 4453">
     <span class='ocr_line' id='line_1_101' title="bbox 1892 4381 3469 4453; baseline -0.003 -15"><span class='ocrx_word' id='word_1_770' title='bbox 1892 4384 2230 4438; x_wconf 89' lang='lat' dir='ltr'><strong>cumscribit.</strong></span> <span class='ocrx_word' id='word_1_771' title='bbox 2285 4384 2466 4453; x_wconf 85' lang='lat' dir='ltr'><strong>Atque</strong></span> <span class='ocrx_word' id='word_1_772' title='bbox 2508 4383 2730 4437; x_wconf 88' lang='lat' dir='ltr'><strong>omnino</strong></span> <span class='ocrx_word' id='word_1_773' title='bbox 2762 4382 2851 4450; x_wconf 91' lang='lat' dir='ltr'><strong>qui</strong></span> <span class='ocrx_word' id='word_1_774' title='bbox 2894 4381 3099 4450; x_wconf 82' lang='lat' dir='ltr'><strong>aliquid</strong></span> <span class='ocrx_word' id='word_1_775' title='bbox 3147 4383 3289 4452; x_wconf 80' lang='lat' dir='ltr'><strong>agit,</strong></span> <span class='ocrx_word' id='word_1_776' title='bbox 3327 4383 3469 4440; x_wconf 84' lang='lat' dir='ltr'><strong>haud</strong></span> 
     </span>
    </p>
   </div>
   <div class='ocr_carea' id='block_1_102' title="bbox 1826 4446 3471 4542">
    <p class='ocr_par' dir='ltr' id='par_1_102' title="bbox 1826 4446 3471 4542">
     <span class='ocr_line' id='line_1_102' title="bbox 1826 4446 3471 4542; baseline -0.002 -14"><span class='ocrx_word' id='word_1_777' title='bbox 1826 4446 1867 4500; x_wconf 70' lang='grc' dir='ltr'>ο</span> <span class='ocrx_word' id='word_1_778' title='bbox 1892 4474 2054 4528; x_wconf 89' lang='lat' dir='ltr'><strong>simul</strong></span> <span class='ocrx_word' id='word_1_779' title='bbox 2102 4486 2157 4530; x_wconf 90' lang='lat' dir='ltr'><strong>et</strong></span> <span class='ocrx_word' id='word_1_780' title='bbox 2203 4473 2345 4528; x_wconf 86' lang='lat' dir='ltr'><strong>aliud</strong></span> <span class='ocrx_word' id='word_1_781' title='bbox 2394 4474 2584 4528; x_wconf 86' lang='lat' dir='ltr'><strong>eodem</strong></span> <span class='ocrx_word' id='word_1_782' title='bbox 2622 4484 2866 4542; x_wconf 88' lang='lat' dir='ltr'><strong>tempore</strong></span> <span class='ocrx_word' id='word_1_783' title='bbox 2902 4473 3082 4528; x_wconf 75' lang='lat' dir='ltr'><strong>faciet.</strong></span> <span class='ocrx_word' id='word_1_784' title='bbox 3118 4472 3380 4527; x_wconf 85' lang='lat' dir='ltr'><strong>Similiter</strong></span> <span class='ocrx_word' id='word_1_785' title='bbox 3415 4486 3471 4526; x_wconf 76' lang='lat' dir='ltr'><strong>et</strong></span> 
     </span>
    </p>
   </div>
   <div class='ocr_carea' id='block_1_103' title="bbox 1892 4564 3472 4633">
    <p class='ocr_par' dir='ltr' id='par_1_103' title="bbox 1892 4564 3472 4633">
     <span class='ocr_line' id='line_1_103' title="bbox 1892 4564 3472 4633; baseline 0.001 -16"><span class='ocrx_word' id='word_1_786' title='bbox 1892 4567 2063 4618; x_wconf 80' lang='lat' dir='ltr'><strong>virtus</strong></span> <span class='ocrx_word' id='word_1_787' title='bbox 2093 4564 2287 4633; x_wconf 84' lang='lat' dir='ltr'><strong>duplex</strong></span> <span class='ocrx_word' id='word_1_788' title='bbox 2313 4572 2426 4628; x_wconf 91' lang='lat' dir='ltr'><strong>est;</strong></span> <span class='ocrx_word' id='word_1_789' title='bbox 2460 4564 2641 4617; x_wconf 89' lang='lat' dir='ltr'><strong>divina</strong></span> <span class='ocrx_word' id='word_1_790' title='bbox 2667 4565 2915 4631; x_wconf 90' lang='lat' dir='ltr'><strong>quidem,</strong></span> <span class='ocrx_word' id='word_1_791' title='bbox 2946 4567 3314 4632; x_wconf 81' lang='lat' dir='ltr'><strong>sempiterna,</strong></span> <span class='ocrx_word' id='word_1_792' title='bbox 3342 4567 3472 4619; x_wconf 88' lang='lat' dir='ltr'><strong>sub-</strong></span> 
     </span>
    </p>
   </div>
   <div class='ocr_carea' id='block_1_104' title="bbox 1889 4656 3468 4724">
    <p class='ocr_par' dir='ltr' id='par_1_104' title="bbox 1889 4656 3468 4724">
     <span class='ocr_line' id='line_1_104' title="bbox 1889 4656 3468 4724; baseline 0 -15"><span class='ocrx_word' id='word_1_793' title='bbox 1889 4656 2160 4709; x_wconf 87' lang='lat' dir='ltr'><strong>stantialis</strong></span> <span class='ocrx_word' id='word_1_794' title='bbox 2206 4656 2422 4719; x_wconf 88' lang='lat' dir='ltr'><strong>virtus,</strong></span> <span class='ocrx_word' id='word_1_795' title='bbox 2479 4656 2742 4709; x_wconf 86' lang='lat' dir='ltr'><strong>immensa</strong></span> <span class='ocrx_word' id='word_1_796' title='bbox 2797 4666 3096 4724; x_wconf 86' lang='lat' dir='ltr'><strong>suapteque</strong></span> <span class='ocrx_word' id='word_1_797' title='bbox 3154 4656 3205 4709; x_wconf 89' lang='lat' dir='ltr'><strong>vi</strong></span> <span class='ocrx_word' id='word_1_798' title='bbox 3258 4658 3468 4720; x_wconf 86' lang='lat' dir='ltr'><strong>virtus,</strong></span> 
     </span>
    </p>
   </div>
   <div class='ocr_carea' id='block_1_105' title="bbox 1887 4737 3469 4811">
    <p class='ocr_par' dir='ltr' id='par_1_105' title="bbox 1887 4737 3469 4811">
     <span class='ocr_line' id='line_1_105' title="bbox 1887 4737 3469 4811; baseline -0.002 -13"><span class='ocrx_word' id='word_1_799' title='bbox 1887 4758 2098 4798; x_wconf 80' lang='lat' dir='ltr'><strong>summo</strong></span> <span class='ocrx_word' id='word_1_800' title='bbox 2136 4743 2189 4796; x_wconf 92' lang='lat' dir='ltr'><strong>in</strong></span> <span class='ocrx_word' id='word_1_801' title='bbox 2238 4743 2405 4810; x_wconf 82' lang='lat' dir='ltr'><strong>gradu</strong></span> <span class='ocrx_word' id='word_1_802' title='bbox 2446 4742 2838 4811; x_wconf 78' lang='lat' dir='ltr'><strong>magnitudinis</strong></span> <span class='ocrx_word' id='word_1_803' title='bbox 2883 4753 3048 4810; x_wconf 84' lang='lat' dir='ltr'><strong>atque</strong></span> <span class='ocrx_word' id='word_1_804' title='bbox 3084 4743 3360 4809; x_wconf 64' lang='lat' dir='ltr'><strong>potentia}.</strong></span> <span class='ocrx_word' id='word_1_805' title='bbox 3399 4737 3469 4804; x_wconf 74' lang='grc' dir='ltr'><strong><em>Ει</em></strong></span> 
     </span>
    </p>
   </div>
   <div class='ocr_carea' id='block_1_106' title="bbox 1885 4833 3466 4902">
    <p class='ocr_par' dir='ltr' id='par_1_106' title="bbox 1885 4833 3466 4902">
     <span class='ocr_line' id='line_1_106' title="bbox 1885 4833 3466 4902; baseline 0 -15"><span class='ocrx_word' id='word_1_806' title='bbox 1885 4838 2198 4902; x_wconf 81' lang='lat' dir='ltr'><strong>sempiterna</strong></span> <span class='ocrx_word' id='word_1_807' title='bbox 2231 4834 2347 4902; x_wconf 81' lang='lat' dir='ltr'><strong>ejus</strong></span> <span class='ocrx_word' id='word_1_808' title='bbox 2388 4835 2554 4886; x_wconf 76' lang='lat' dir='ltr'><strong>virtus</strong></span> <span class='ocrx_word' id='word_1_809' title='bbox 2579 4851 2640 4885; x_wconf 84' lang='lat' dir='ltr'><strong>ac</strong></span> <span class='ocrx_word' id='word_1_810' title='bbox 2666 4834 2915 4887; x_wconf 70' lang='lat' dir='ltr'><strong>divinitas</strong></span> <span class='ocrx_word' id='word_1_811' title='bbox 2945 4833 3011 4888; x_wconf 78' lang='grc'>⁸⁸.</span> <span class='ocrx_word' id='word_1_812' title='bbox 3042 4833 3290 4888; x_wconf 81' lang='lat' dir='ltr'><strong>Humana</strong></span> <span class='ocrx_word' id='word_1_813' title='bbox 3318 4847 3466 4887; x_wconf 77' lang='lat' dir='ltr'><strong>vero.</strong></span> 
     </span>
    </p>
   </div>
   <div class='ocr_carea' id='block_1_107' title="bbox 1886 4924 3470 5005">
    <p class='ocr_par' dir='ltr' id='par_1_107' title="bbox 1886 4924 3470 5005">
     <span class='ocr_line' id='line_1_107' title="bbox 1886 4924 3470 5005; baseline -0.003 -26"><span class='ocrx_word' id='word_1_814' title='bbox 1886 4927 2019 4979; x_wconf 87' lang='lat' dir='ltr'><strong>satis</strong></span> <span class='ocrx_word' id='word_1_815' title='bbox 2046 4926 2274 4978; x_wconf 87' lang='lat' dir='ltr'><strong>limitata</strong></span> <span class='ocrx_word' id='word_1_816' title='bbox 2327 4935 2493 4994; x_wconf 91' lang='lat' dir='ltr'><strong>atque</strong></span> <span class='ocrx_word' id='word_1_817' title='bbox 2540 4926 2774 4979; x_wconf 87' lang='lat' dir='ltr'><strong>inlirma.</strong></span> <span class='ocrx_word' id='word_1_818' title='bbox 2824 4924 2963 4980; x_wconf 89' lang='lat' dir='ltr'><strong>Caro</strong></span> <span class='ocrx_word' id='word_1_819' title='bbox 3021 4926 3159 4978; x_wconf 80' lang='lat' dir='ltr'><strong>enim</strong></span> <span class='ocrx_word' id='word_1_820' title='bbox 3218 4924 3470 5005; x_wconf 54' lang='lat' dir='ltr'><strong>inﬁrma.</strong></span> 
     </span>
    </p>
   </div>
   <div class='ocr_carea' id='block_1_108' title="bbox 1890 5013 3471 5088">
    <p class='ocr_par' dir='ltr' id='par_1_108' title="bbox 1890 5013 3471 5088">
     <span class='ocr_line' id='line_1_108' title="bbox 1890 5013 3471 5088; baseline -0.006 -18"><span class='ocrx_word' id='word_1_821' title='bbox 1890 5018 2103 5071; x_wconf 88' lang='lat' dir='ltr'><strong>etiamsi</strong></span> <span class='ocrx_word' id='word_1_822' title='bbox 2138 5017 2375 5085; x_wconf 76' lang='lat' dir='ltr'><strong>spiritus.</strong></span> <span class='ocrx_word' id='word_1_823' title='bbox 2424 5017 2622 5085; x_wconf 84' lang='lat' dir='ltr'><strong>inquit,</strong></span> <span class='ocrx_word' id='word_1_824' title='bbox 2660 5026 2931 5088; x_wconf 83' lang='lat' dir='ltr'><strong>promptus</strong></span> <span class='ocrx_word' id='word_1_825' title='bbox 2951 5016 3019 5067; x_wconf 78' lang='grc'>⁸⁸.</span> <span class='ocrx_word' id='word_1_826' title='bbox 3052 5016 3153 5067; x_wconf 87' lang='lat' dir='ltr'><strong>Et:</strong></span> <span class='ocrx_word' id='word_1_827' title='bbox 3204 5013 3378 5067; x_wconf 84' lang='lat' dir='ltr'><strong>Homo</strong></span> <span class='ocrx_word' id='word_1_828' title='bbox 3420 5013 3471 5063; x_wconf 81' lang='lat' dir='ltr'><strong>in</strong></span> 
     </span>
    </p>
   </div>
   <div class='ocr_carea' id='block_1_109' title="bbox 1889 5100 3470 5176">
    <p class='ocr_par' dir='ltr' id='par_1_109' title="bbox 1889 5100 3470 5176">
     <span class='ocr_line' id='line_1_109' title="bbox 1889 5100 3470 5176; baseline -0.003 -18"><span class='ocrx_word' id='word_1_829' title='bbox 1889 5108 2046 5176; x_wconf 81' lang='lat' dir='ltr'><strong>plaga</strong></span> <span class='ocrx_word' id='word_1_830' title='bbox 2101 5109 2342 5176; x_wconf 80' lang='lat' dir='ltr'><strong>positus,</strong></span> <span class='ocrx_word' id='word_1_831' title='bbox 2393 5116 2443 5160; x_wconf 80' lang='lat' dir='ltr'><strong>et</strong></span> <span class='ocrx_word' id='word_1_832' title='bbox 2483 5109 2654 5161; x_wconf 76' lang='lat' dir='ltr'><strong>sciens</strong></span> <span class='ocrx_word' id='word_1_833' title='bbox 2702 5107 2835 5175; x_wconf 79' lang='lat' dir='ltr'><strong>ferre</strong></span> <span class='ocrx_word' id='word_1_834' title='bbox 2887 5106 3250 5172; x_wconf 76' lang='lat' dir='ltr'><strong>inﬁrmitatem</strong></span> <span class='ocrx_word' id='word_1_835' title='bbox 3285 5102 3352 5155; x_wconf 82' lang='grc'><strong>⁸⁷.</strong></span> <span class='ocrx_word' id='word_1_836' title='bbox 3401 5100 3470 5155; x_wconf 79' lang='lat' dir='ltr'><strong>Et</strong></span> 
     </span>
    </p>
   </div>
   <div class='ocr_carea' id='block_1_110' title="bbox 1888 5195 3474 5267">
    <p class='ocr_par' dir='ltr' id='par_1_110' title="bbox 1888 5195 3474 5267">
     <span class='ocr_line' id='line_1_110' title="bbox 1888 5195 3474 5267; baseline -0.001 -17"><span class='ocrx_word' id='word_1_837' title='bbox 1888 5198 2136 5267; x_wconf 83' lang='lat' dir='ltr'><strong>quamvis</strong></span> <span class='ocrx_word' id='word_1_838' title='bbox 2163 5199 2452 5266; x_wconf 76' lang='lat' dir='ltr'><strong>cruciﬁxus</strong></span> <span class='ocrx_word' id='word_1_839' title='bbox 2480 5200 2576 5251; x_wconf 77' lang='lat' dir='ltr'><strong>l’uit</strong></span> <span class='ocrx_word' id='word_1_840' title='bbox 2605 5216 2667 5251; x_wconf 74' lang='lat' dir='ltr'><strong>ex</strong></span> <span class='ocrx_word' id='word_1_841' title='bbox 2689 5198 2995 5267; x_wconf 78' lang='lat' dir='ltr'><strong>infirmitate</strong></span> <span class='ocrx_word' id='word_1_842' title='bbox 3020 5237 3034 5259; x_wconf 89' lang='lat'><strong>,</strong></span> <span class='ocrx_word' id='word_1_843' title='bbox 3058 5195 3178 5249; x_wconf 74' lang='lat' dir='ltr'><strong>vivit</strong></span> <span class='ocrx_word' id='word_1_844' title='bbox 3206 5206 3379 5248; x_wconf 87' lang='lat' dir='ltr'><strong>tamen</strong></span> <span class='ocrx_word' id='word_1_845' title='bbox 3407 5211 3474 5248; x_wconf 71' lang='lat' dir='ltr'><strong>cz</strong></span> 
     </span>
    </p>
   </div>
   <div class='ocr_carea' id='block_1_111' title="bbox 1895 5288 3463 5358">
    <p class='ocr_par' dir='ltr' id='par_1_111' title="bbox 1895 5288 3463 5358">
     <span class='ocr_line' id='line_1_111' title="bbox 1895 5288 3463 5358; baseline -0.003 -15"><span class='ocrx_word' id='word_1_846' title='bbox 1895 5291 2082 5343; x_wconf 70' lang='lat' dir='ltr'><strong>virtute</strong></span> <span class='ocrx_word' id='word_1_847' title='bbox 2110 5290 2177 5344; x_wconf 78' lang='grc'>⁸³.</span> <span class='ocrx_word' id='word_1_848' title='bbox 2207 5291 2432 5358; x_wconf 76' lang='lat' dir='ltr'><strong>Semper</strong></span> <span class='ocrx_word' id='word_1_849' title='bbox 2461 5292 2605 5344; x_wconf 84' lang='lat' dir='ltr'><strong>enim</strong></span> <span class='ocrx_word' id='word_1_850' title='bbox 2637 5291 2776 5343; x_wconf 86' lang='lat' dir='ltr'><strong>Deus</strong></span> <span class='ocrx_word' id='word_1_851' title='bbox 2817 5290 2953 5344; x_wconf 86' lang='lat' dir='ltr'><strong>bene</strong></span> <span class='ocrx_word' id='word_1_852' title='bbox 2983 5290 3139 5343; x_wconf 89' lang='lat' dir='ltr'><strong>nobis</strong></span> <span class='ocrx_word' id='word_1_853' title='bbox 3165 5304 3285 5342; x_wconf 85' lang='lat' dir='ltr'><strong>esse</strong></span> <span class='ocrx_word' id='word_1_854' title='bbox 3316 5288 3423 5340; x_wconf 79' lang='lat' dir='ltr'><strong>vnit</strong></span> <span class='ocrx_word' id='word_1_855' title='bbox 3447 5326 3463 5351; x_wconf 91' lang='lat'><strong>,</strong></span> 
     </span>
    </p>
   </div>
   <div class='ocr_carea' id='block_1_112' title="bbox 248 5467 3472 5537">
    <p class='ocr_par' dir='ltr' id='par_1_112' title="bbox 248 5467 3472 5537">
     <span class='ocr_line' id='line_1_112' title="bbox 248 5467 3472 5537; baseline -0.002 -8"><span class='ocrx_word' id='word_1_856' title='bbox 248 5483 303 5512; x_wconf 81' lang='grc' dir='ltr'><strong><em>ὀ</em></strong></span> <span class='ocrx_word' id='word_1_857' title='bbox 350 5479 526 5535; x_wconf 74' lang='lat' dir='ltr'><strong>Juan.</strong></span> <span class='ocrx_word' id='word_1_858' title='bbox 558 5476 728 5537; x_wconf 68' lang='lat' dir='ltr'><strong>v.17.</strong></span> <span class='ocrx_word' id='word_1_859' title='bbox 803 5474 848 5506; x_wconf 78' lang='lat'><strong>‘“</strong></span> <span class='ocrx_word' id='word_1_860' title='bbox 891 5474 1032 5528; x_wconf 80' lang='lat' dir='ltr'><strong>Psal.</strong></span> <span class='ocrx_word' id='word_1_861' title='bbox 1074 5489 1191 5537; x_wconf 86' lang='lat' dir='ltr'><strong>cm,</strong></span> <span class='ocrx_word' id='word_1_862' title='bbox 1228 5473 1282 5526; x_wconf 73' lang='grc'>4.</span> <span class='ocrx_word' id='word_1_863' title='bbox 1356 5471 1547 5526; x_wconf 73' lang='lat' dir='ltr'><strong>“ibid.</strong></span> <span class='ocrx_word' id='word_1_864' title='bbox 1572 5475 1630 5529; x_wconf 70' lang='lat'><strong>2.</strong></span> <span class='ocrx_word' id='word_1_865' title='bbox 1703 5470 1749 5502; x_wconf 81' lang='grc'>⁸³</span> <span class='ocrx_word' id='word_1_866' title='bbox 1790 5469 2044 5526; x_wconf 67' lang='lat' dir='ltr'><strong>ibid..&#39;5.°‘</strong></span> <span class='ocrx_word' id='word_1_867' title='bbox 2077 5470 2207 5525; x_wconf 85' lang='lat' dir='ltr'><strong>ibid.</strong></span> <span class='ocrx_word' id='word_1_868' title='bbox 2245 5470 2294 5524; x_wconf 83' lang='lat'><strong>5.</strong></span> <span class='ocrx_word' id='word_1_869' title='bbox 2371 5470 2418 5501; x_wconf 76' lang='grc'><strong>⁸⁸</strong></span> <span class='ocrx_word' id='word_1_870' title='bbox 2448 5468 2606 5523; x_wconf 77' lang='lat' dir='ltr'><strong>Rom.</strong></span> <span class='ocrx_word' id='word_1_871' title='bbox 2641 5484 2682 5533; x_wconf 88' lang='grc' dir='ltr'><strong>ι,</strong></span> <span class='ocrx_word' id='word_1_872' title='bbox 2708 5467 2800 5525; x_wconf 73' lang='lat'><strong>20.</strong></span> <span class='ocrx_word' id='word_1_873' title='bbox 2877 5469 2923 5500; x_wconf 78' lang='lat'><strong>”</strong></span> <span class='ocrx_word' id='word_1_874' title='bbox 2956 5467 3145 5523; x_wconf 81' lang='lat' dir='ltr'><strong>Matth.</strong></span> <span class='ocrx_word' id='word_1_875' title='bbox 3182 5483 3333 5534; x_wconf 71' lang='lat' dir='ltr'><strong>tum,</strong></span> <span class='ocrx_word' id='word_1_876' title='bbox 3374 5469 3472 5525; x_wconf 75' lang='grc'><strong>41.</strong></span> 
     </span>
    </p>
   </div>
   <div class='ocr_carea' id='block_1_113' title="bbox 162 5543 1306 5613">
    <p class='ocr_par' dir='ltr' id='par_1_113' title="bbox 162 5543 1306 5613">
     <span class='ocr_line' id='line_1_113' title="bbox 162 5543 1306 5613; baseline -0.008 -8"><span class='ocrx_word' id='word_1_877' title='bbox 162 5554 214 5587; x_wconf 73' lang='grc'><strong>⁸⁷</strong></span> <span class='ocrx_word' id='word_1_878' title='bbox 271 5553 400 5607; x_wconf 79' lang='lat' dir='ltr'><strong>lsa.</strong></span> <span class='ocrx_word' id='word_1_879' title='bbox 453 5562 572 5613; x_wconf 81' lang='lat' dir='ltr'><strong>Lm,</strong></span> <span class='ocrx_word' id='word_1_880' title='bbox 605 5549 660 5601; x_wconf 78' lang='lat'><strong>5.</strong></span> <span class='ocrx_word' id='word_1_881' title='bbox 735 5545 783 5577; x_wconf 76' lang='grc'><strong>⁸⁸</strong></span> <span class='ocrx_word' id='word_1_882' title='bbox 813 5545 854 5598; x_wconf 93' lang='lat' dir='ltr'><strong>ll</strong></span> <span class='ocrx_word' id='word_1_883' title='bbox 911 5546 1037 5599; x_wconf 69' lang='lat' dir='ltr'><strong>(lor.</strong></span> <span class='ocrx_word' id='word_1_884' title='bbox 1078 5559 1207 5608; x_wconf 78' lang='lat' dir='ltr'><strong>xm,</strong></span> <span class='ocrx_word' id='word_1_885' title='bbox 1251 5543 1306 5597; x_wconf 73' lang='grc'><strong>4.</strong></span> 
     </span>
    </p>
   </div>
   <div class='ocr_carea' id='block_1_114' title="bbox 252 5709 3459 5792">
    <p class='ocr_par' dir='ltr' id='par_1_114' title="bbox 252 5709 3459 5792">
     <span class='ocr_line' id='line_1_114' title="bbox 252 5709 3459 5792; baseline 0.001 -25"><span class='ocrx_word' id='word_1_886' title='bbox 252 5718 400 5792; x_wconf 66' lang='grc' dir='ltr'><strong>(τε)</strong></span> <span class='ocrx_word' id='word_1_887' title='bbox 444 5713 644 5769; x_wconf 69' lang='lat' dir='ltr'><strong>Novem</strong></span> <span class='ocrx_word' id='word_1_888' title='bbox 671 5713 762 5783; x_wconf 84' lang='lat' dir='ltr'><strong>qui</strong></span> <span class='ocrx_word' id='word_1_889' title='bbox 806 5720 1113 5785; x_wconf 82' lang='lat' dir='ltr'><strong>sequuntur</strong></span> <span class='ocrx_word' id='word_1_890' title='bbox 1158 5725 1348 5767; x_wconf 79' lang='lat' dir='ltr'><strong>versus</strong></span> <span class='ocrx_word' id='word_1_891' title='bbox 1383 5711 1607 5764; x_wconf 81' lang='lat' dir='ltr'><strong>dederat</strong></span> <span class='ocrx_word' id='word_1_892' title='bbox 1657 5709 1823 5765; x_wconf 87' lang='lat' dir='ltr'><strong>latine</strong></span> <span class='ocrx_word' id='word_1_893' title='bbox 1863 5714 2024 5766; x_wconf 86' lang='lat' dir='ltr'><strong>etiam</strong></span> <span class='ocrx_word' id='word_1_894' title='bbox 2072 5711 2370 5766; x_wconf 86' lang='lat' dir='ltr'><strong>Turriauus</strong></span> <span class='ocrx_word' id='word_1_895' title='bbox 2428 5712 2566 5781; x_wconf 84' lang='lat' dir='ltr'><strong>apud</strong></span> <span class='ocrx_word' id='word_1_896' title='bbox 2615 5711 2916 5780; x_wconf 67' lang='lat' dir='ltr'><strong>Cattisillm,</strong></span> <span class='ocrx_word' id='word_1_897' title='bbox 2983 5724 3115 5771; x_wconf 91' lang='lat' dir='ltr'><strong>tom.</strong></span> <span class='ocrx_word' id='word_1_898' title='bbox 3144 5714 3240 5771; x_wconf 90' lang='lat' dir='ltr'><strong>cit.</strong></span> <span class='ocrx_word' id='word_1_899' title='bbox 3281 5729 3334 5785; x_wconf 73' lang='grc' dir='ltr'><strong>ρ.</strong></span> <span class='ocrx_word' id='word_1_900' title='bbox 3372 5718 3459 5771; x_wconf 80' lang='lat' dir='ltr'><strong>lti.</strong></span> 
     </span>
    </p>
   </div>
  </div>
