3928 6142
480 290 583 353 3227

1494 287 1561 347 S.
1602 286 2024 347 NICEPHORI
2060 286 2568 350 PATRIARCHPE
2605 288 2714 349 (ΣΡ.

3628 290 3733 351 328

485 417 547 456 ac
575 400 760 455 salvos
801 401 954 465 ﬁeri,
988 408 1040 453 et
1062 397 1480 453 conversionem
1514 398 1824 465 peccatoris
1861 395 2062 464 excipit

2166 395 2371 464 ἀγαθόν
2399 412 2412 425 ·
2445 396 2532 449 ἀεὶ
2565 396 2676 468 γὰρ
2702 398 2730 449 ὁ
2753 396 2884 459 Θεὸς
2914 394 3058 449 θέλει
3090 397 3236 466 ἡμᾶς
3263 396 3359 449 καὶ
3385 394 3445 451 εὖ
3474 391 3614 451 εἶναι
3639 400 3737 454 καὶ

422 534 425 535 ν
482 500 647 559 atque
677 489 1072 559 paenitentiam.
1100 487 1356 543 Nostrum
1391 495 1571 542 autem
1605 488 1875 556 ingenium
1909 485 2057 540 volu-

457 582 590 636 bile
624 582 797 635 est'ac
833 582 1120 634 lintitatunt
1152 599 1164 635 :
1210 594 1315 633 non
1355 567 1501 633 enim
1549 578 1689 633 idem
1718 592 1935 645 semper
1964 591 2060 630 vo-

482 675 696 739 lumus,
727 674 822 727 sed
854 674 1014 727 modo
1048 674 1147 736 sic,
1179 672 1337 726 modo
1367 672 1555 738 aliter;
1591 670 1751 725 modo
1780 668 2061 723 ambulare

486 763 775 827 volumus.
829 764 985 816 modo
1030 761 1347 829 quiescere;
1396 763 1560 815 modo
1607 758 1960 829 contemplari
2008 768 2062 811 et

484 854 752 922 speculari
775 894 790 915 ,
823 854 980 907 modo
1002 867 1197 915 secus;
1225 854 1382 905 modo
1412 851 1626 920 epet'ari
1652 889 1668 915 ,
1695 850 1854 904 modo
1876 842 2063 903 otiari.‘

486 943 551 996 Et
591 945 715 996 ltum
760 942 966 1001 uitatis,
994 956 1114 1009 qua:
1142 941 1193 993 itt
1220 938 1443 993 Christo
1471 947 1611 1001 erat,
1643 938 1897 992 voluntas
1919 936 2058 990 haud

482 1037 681 1090 divinae
725 1033 997 1086 contraria
1033 1042 1182 1098 erat,
1229 1033 1353 1101 quia
1401 1042 1509 1084 tota
1563 1031 1836 1085 deilicata.
1890 1028 2060 1082 Secus

484 1138 660 1182 autem
694 1140 779 1181 res
812 1134 1019 1180 naturae
1054 1134 1251 1178 nostra:
1278 1124 1527 1178 volubilis
1563 1133 1723 1192 atque
1751 1122 1927 1186 ﬂuxae,
1964 1120 2061 1173 ali-

488 1228 567 1271 ter
597 1228 759 1287 atque
785 1216 942 1270 aliter
972 1217 1183 1270 variant
1210 1231 1272 1269 ac
1316 1224 1720 1283 pervertuntur,
1754 1214 2059 1268 ﬁrtttitatem

482 1308 687 1362 nullam
717 1322 779 1362 ac
824 1307 1176 1361 stabilitatem
1205 1308 1488 1361 habentes.

559 1582 652 1637 50.
695 1580 870 1647 Quid?
893 1578 1077 1633 Nonne
1110 1589 1167 1632 et
1201 1578 1427 1633 scientia
1478 1578 1672 1648 duplex
1724 1580 1778 1634 in
1836 1580 2054 1637 Christo

487 1675 645 1731 erat?
667 1674 876 1728 Etenim
902 1679 1085 1741 utpote
1119 1671 1258 1724 Deus
1279 1672 1455 1724 omnia
1490 1681 1712 1726 noverat
1743 1681 1868 1726 ante
1892 1675 2055 1728 etiam

489 1781 648 1834 quam
682 1765 894 1817 tierent.
926 1761 1018 1817 Sic
1064 1761 1250 1832 procul
1292 1762 1567 1826 habitans,
1615 1761 1775 1816 amici
1829 1775 2056 1818 mortem

489 1857 770 1925 discipulis
817 1866 1070 1923 tanquam
1129 1851 1271 1907 Deus
1305 1855 1819 1921 praatttonstraltat”
1857 1874 1869 1908 :
1910 1873 2059 1926 pra:-

496 1963 624 2002 sens
662 1956 841 2001 autem
876 1945 1372 2014 ppropittquansque
1417 1946 1668 2013 sepulcro
1719 1947 2058 2017 interrogat:

493 2037 719 2093 Ubinam
755 2040 1003 2102 tosuistis
1040 2037 1260 2090 cum”?
1311 2048 1518 2092 natura:
1556 2049 1757 2092 nostrae
1787 2041 2059 2093 modulum

494 2132 564 2182 ita
622 2131 953 2198 signiﬁcans.
1016 2130 1147 2183 lteut
1183 2127 1378 2183 :Jesus
1450 2140 1661 2184 noverat
1719 2132 2062 2200 cogitatione:

491 2238 669 2276 eorum
692 2224 762 2284 Μ,
798 2223 940 2291 quod
973 2232 1151 2274 essent
1185 2237 1244 2276 se
1282 2209 1686 2289 interrogaturi.
1734 2221 1868 2275 Nam
1897 2223 2062 2279 etiam

492 2324 759 2381 quatenus
790 2312 971 2375 homo,
1004 2313 1246 2366 omnium
1281 2327 1462 2366 rerum
1509 2314 1816 2380 potiebatur
1847 2312 2059 2376 notitia,

493 2410 678 2471 utpote
711 2402 817 2455 Deo
874 2403 1207 2470 ltypustatice
1260 2402 1467 2465 uttitus,
1526 2417 1630 2455 nou
1686 2417 1843 2457 secus
1904 2413 2064 2471 atque

492 2495 613 2547 aliis
675 2493 931 2560 pt'aaditus
1007 2501 1128 2546 erat
1187 2493 1578 2560 praerogatiris.
1631 2491 1764 2546 ltem
1826 2495 2061 2562 speciem

495 2584 768 2653 praebebat
819 2583 1092 2638 uesciendi
1147 2582 1291 2637 diem
1345 2594 1397 2637 et
1445 2584 1634 2637 horam
1670 2586 1739 2649 9*,
1785 2601 1889 2655 qua
1941 2586 2064 2640 huic

495 2678 750 2732 universo
789 2676 912 2729 linis
937 2675 1110 2729 aderit
1140 2691 1154 2737 ;
1191 2675 1262 2727 ita
1292 2676 1502 2729 scilicet
1534 2686 1824 2744 assumpta:
1856 2686 2063 2730 natura:

492 2770 636 2837 quod
668 2770 782 2836 ejus
810 2769 1085 2837 proprium
1118 2777 1230 2820 erat
1270 2768 1533 2822 tribuens.
1574 2768 1781 2834 Quibus
1812 2768 2063 2823 omnibus

497 2862 546 2912 in
579 2875 744 2929 opere
775 2859 1169 2912 incarnationis
1206 2860 1514 2927 assumptis,
1552 2856 1825 2929 perfectus
1844 2861 2062 2914 omnino

498 2951 659 3005 homo
685 2952 923 3019 itemque
953 2949 1223 3017 perlectus
1256 2949 1395 3003 Dens
1416 2951 1704 3017 exsistens,
1730 2966 1758 3003 a
1792 2950 1948 3005 nobis
1967 2952 2066 3007 ho-

2165 485 2474 552 σώζεσθαι,
2527 487 2620 540 καὶ
2679 486 2775 540 τοῦ
2839 487 3165 558 ἁμαρτωλοῦ
3240 487 3339 556 τὴν
3395 491 3738 562 ἐπιστροφὴν

2163 577 2443 647 ἐκδέχεται
2465 579 2561 631 καὶ
2584 578 2685 648 τὴν
2713 577 3024 648 μετάνοιαν.
3067 578 3138 630 Τὸ
3155 579 3210 631 δὲ
3245 579 3385 655 καθ’⁵
3407 581 3582 650 ἡμᾶς,
3608 598 3735 652 τρε-

2162 668 2294 722 πτὸν
2322 671 2413 723 καὶ
2446 669 2864 740 πεπερασμένον
2888 689 2901 700 ·
2936 672 2996 723 οὐ
3014 670 3123 739 γὰρ
3140 670 3232 723 ἀεὶ
3255 670 3451 724 ταύτὸν
3481 671 3734 742 θέλομεν,

2162 761 2298 814 ἀλλὰ
2324 762 2419 815 νῦν
2450 762 2549 831 μὲν
2577 760 2772 827 οὕτως,
2801 761 2894 814 νῦν
2920 760 2976 813 δὲ
3008 762 3210 832 ἑτέρως
3234 778 3248 790 ·
3284 763 3416 814 ποτὲ
3461 763 3562 832 μὲν
3592 762 3741 834 βαδίο

2163 851 2297 917 ζειν,
2329 854 2460 906 ποτὲ
2492 853 2550 906 δὲ
2596 854 2861 924 ἠρεμεῖνο
2899 852 2995 905 καὶ
3041 852 3166 905 ποτὲ
3206 840 3307 922 μὲν
3362 851 3591 924 θεωρεῖν
3642 857 3742 908 καὶ

2165 944 2518 1010 σκέπτεσθαι,
2557 944 2690 997 ποτὲ
2734 944 2792 997 δὲ
2838 943 2899 997 οὗ
2929 960 2941 973 ·
2989 944 3085 997 καὶ
3135 945 3267 997 ποτὲ
3314 944 3411 1013 μὲν
3464 946 3736 1015 ἐνεργεῖν,

2166 1036 2296 1089 ποτὲ
2328 1035 2385 1105 δὲ
2411 1035 2717 1106 σχολάζειν.
2750 1037 2860 1090 Καὶ
2888 1035 2981 1089 τοῦ
3010 1036 3151 1090 κατὰ
3193 1035 3286 1089 τὸν
3326 1037 3557 1107 Σωτῆρα
3582 1054 3741 1090 νοου-

2167 1125 2330 1194 μένου
2367 1125 2657 1201 ἀνθρῴπου
2690 1124 2754 1178 τὸ
2775 1125 2987 1194 θέλημα
3013 1126 3111 1177 οὐκ
3137 1120 3205 1194 ἦν
3233 1123 3311 1194 τῷ
3346 1124 3475 1194 θείῳ
3505 1125 3743 1180 ὑπεναν-

2163 1215 2278 1268 τίον
2308 1216 2599 1286 θελήματι,
2638 1215 2842 1269 θεωθὲν
2877 1216 3017 1270 ὅλον.
3050 1215 3153 1269 υἷα.
3183 1214 3249 1285 δὴ
3279 1214 3348 1268 τὰ
3364 1216 3462 1286 τῆς
3490 1215 3742 1287 τρεπτῆς

2163 1306 2258 1358 καὶ
2284 1305 2584 1379 ἁλλοιωτῆς
2622 1307 2715 1359 καὶ
2762 1305 2996 1377 ῥευστῆς
3025 1303 3263 1373 φύσεως,
3320 1303 3510 1359 ἄλλοτε
3556 1304 3739 1368 ἄλλως

2165 1397 2617 1467 μεταϐαλλόμενα
2647 1399 2740 1452 καὶ
2764 1398 3199 1467 μεταπίπτοντα,
3228 1395 3322 1449 καὶ
3347 1395 3411 1450 τὸ
3464 1396 3735 1468 σταθερὸν

2166 1489 2259 1542 καὶ
2287 1489 2502 1559 ἑδραῖον
2523 1489 2624 1542 οὐκ
2641 1488 2850 1558 ἔχοντα.

2234 1587 2297 1635 ν’.
2342 1579 2407 1632 Τί
2428 1580 2522 1647 δέ;
2558 1580 2694 1650 Οὐχὶ
2718 1579 2813 1633 xui.
2843 1581 2878 1648 ἡ
2925 1577 3128 1647 γνῶσις
3168 1574 3320 1648 διττὴ
3347 1577 3440 1631 ἐπὶ
3481 1577 3739 1649 Χριστῷς

2178 1672 2266 1736 Ὠς
2315 1673 2414 1743 μὲν
2452 1673 2561 1745 γὰρ
2598 1672 2731 1736 Θεὸς
2792 1673 2969 1726 πάντα
3022 1668 3133 1726 οἶδε
3161 1669 3255 1722 καὶ
3304 1670 3411 1740 πρὸ
3449 1670 3741 1738 γενέσεως,

2163 1764 2307 1819 οὕτω
2337 1767 2526 1838 πόρρω
2547 1782 2650 1818 που
2682 1764 3120 1835 διεσκηνωμένος
3147 1763 3245 1834 τὴν
3292 1763 3388 1816 τοῦ
3421 1763 3581 1833 φίλου
3621 1766 3739 1826 τοῖς

2168 1858 2439 1928 μαθηταῖς
2469 1858 2547 1921 ὡς
2593 1856 2727 1920 Θεὸς
2772 1856 3069 1929 προεδήλου
3119 1857 3416 1927 κοίμησιν’
3460 1854 3655 1927 παρὼν
3688 1855 3746 1908 δὲ

2164 1951 2259 1999 καὶ
2284 1946 2534 2011 πελάζων
2566 1946 2644 2017 τῷ
2673 1948 2831 2016 τάφῳ
2871 1932 3202 2001 πυνθάνεται
3239 1966 3254 1977 ·
3280 1945 3404 2000 Ποῦ
3433 1947 3745 2000 τελείκατε

2164 2024 2385 2103 αὐτόὶη
2411 2036 2482 2090 τὰ
2511 2038 2611 2107 τῆς
2642 2037 2858 2106 φύσεως
2898 2037 3058 2107 ἡμῶν
3093 2036 3510 2107 ἐνδεικνύμενος
3535 2037 3739 2106 μέτρα.

2165 2129 2293 2181 Καί·
2332 2129 2393 2182 ‘0
2425 2127 2662 2197 Ἰησοῦς
2681 2127 2808 2197 ᾔδει
2832 2127 2939 2193 τὰς
2954 2126 3220 2193 διανοίας
3234 2126 3452 2193 αὐτῶν,
3475 2128 3558 2180 ὅτι
3574 2126 3741 2197 ἐμελ-

2165 2220 2255 2275 λον
2280 2220 2444 2274 αὐτὸν
2476 2221 2707 2291 ἐρωτᾷν.
2781 2219 2933 2272 Ἐπεὶ
2978 2219 3114 2273 καθὸ
3164 2220 3474 2290 ἄνθρωπος,
3517 2219 3741 2273 πάντων

2165 2307 2279 2382 εἶχε
2311 2311 2410 2383 τὴν
2437 2311 2660 2380 γνῶσιν,
2687 2308 2766 2380 τῷ
2791 2309 3033 2379 ἡνῶσθαι
3052 2308 3129 2379 τῷ
3155 2310 3316 2378 Λόγῳ
3348 2309 3470 2363 καθ’
3500 2309 3743 2361 ὑπόστα-

2167 2422 2277 2470 σιν,
2301 2394 2492 2475 ὥσπερ
2543 2403 2639 2455 καὶ
2683 2402 2792 2455 τῶν
2837 2400 3041 2454 λοιπῶν
3095 2399 3492 2472 πεπλουτηκὼς
3531 2400 3738 2455 καλῶν.

2168 2498 2280 2550 Καὶ
2332 2495 2495 2548 πάλιν
2540 2496 2923 2566 προσεποιεῖτο
2970 2495 3188 2559 ἀγνοεῖν
3241 2493 3341 2564 τὴν
3381 2493 3595 2563 ἡμέραν
3646 2493 3743 2545 καὶ

2164 2588 2335 2659 ὥραν,
2368 2585 2489 2641 καθ’
2524 2588 2590 2658 ἣν
2621 2585 2778 2639 τοῦδε
2820 2585 2913 2639 τοῦ
2956 2585 3159 2649 παντὸς
3205 2584 3325 2653 ἥξει
3357 2585 3418 2639 τὸ
3450 2585 3649 2656 πέρας,
3681 2586 3745 2639 τὸ

2164 2682 2361 2733 οἰκεῖον
2396 2678 2476 2748 τῷ
2501 2678 2895 2750 προσλήμματι
2947 2677 3147 2746 νέμων.
3184 2677 3362 2747 Ἃπερ
3395 2678 3616 2731 ἅπαντα
3649 2678 3743 2730 δια

2164 2773 2264 2842 τὴν
2302 2769 2616 2840 οἰκονομίαν
2646 2770 2727 2832 εἰς
2749 2767 3272 2846 έαντὸνάᾶναλαὸὼν,
3297 2767 3504 2832 τέλειος
3531 2767 3748 2839 ἄνθρω-

2167 2880 2268 2927 πος
2320 2862 2464 2916 κατὰ
2492 2862 2669 2916 πάντα
2702 2861 2891 2933 ὥσπερ
2921 2861 3013 2914 καὶ
3041 2861 3172 2924 Θεὸς
3216 2860 3423 2924 τέλειος
3466 2878 3572 2933 χρη
3583 2862 3745 2932 ματί-

2167 2950 2275 3018 ζων
2304 2949 2433 3016 παρ’
2456 2948 2613 3020 ήμῶν
2632 2945 2915 3013 δοξάζεται
2946 2946 3040 3001 καὶ⁵
3079 2946 3443 3018 κηρύσσεται.
3481 2949 3644 3001 Κατα
3685 2948 3745 3001 δὲ

496 3053 720 3096 noratur
745 3052 798 3097 et
832 3043 1220 3112 proclatnatur.
1238 3040 1437 3096 Eodem
1465 3043 1621 3097 modo
1651 3057 1705 3096 et.
1743 3054 1985 3098 creatum
2011 3052 2062 3097 et

2166 3041 2258 3094 τὸν
2288 3040 2452 3094 αὑτὸν
2483 3021 2683 3112 τρόπον
2713 3041 2809 3094 καὶ
2835 3037 3051 3102 κτιστὸς
3094 3039 3189 3092 καὶ
3219 3038 3474 3103 ἄκτιστος
3506 3041 3537 3092 ό
3577 3038 3745 3099 αὐτὸς

496 3136 799 3189 int-reatum
833 3138 1081 3190 eumdem
1115 3135 1463 3199 conﬁtemur,
1492 3145 1546 3191 et
1585 3137 1866 3191 mortalem
1900 3148 2063 3204 atque

498 3224 889 3290 immortalem,
956 3234 1010 3278 et
1037 3241 1372 3294 quaecunque
1393 3227 1496 3280 alia
1524 3229 1574 3280 in
1626 3242 1734 3281 uno
1765 3229 2065 3296 eodemque

497 3315 741 3382 subjecto
798 3317 1068 3369 contraria
1117 3326 1413 3370 cernuntur
1464 3328 1682 3387 propter
1746 3328 2060 3371 naturarum

499 3406 892 3475 dnplieitatem.
934 3404 1030 3460 llis
1081 3408 1155 3460 ita
1186 3407 1498 3470 declaratis,
1550 3410 1672 3477 quis
1717 3410 1958 3480 prohibet
1989 3412 2061 3481 pii

502 3500 773 3568 dogmatis
802 3498 1062 3562 asseclas,
1099 3500 1388 3568 quominus
1428 3500 1689 3570 reliquam
1719 3517 1895 3557 rerum
1929 3505 2062 3557 dua-

498 3589 730 3657 litatem,
780 3593 893 3659 pari
949 3592 1106 3645 modo
1137 3591 1189 3643 itt
1241 3606 1483 3660 persona:
1514 3607 1727 3662 quoque
1787 3594 2066 3649 attributis

500 3681 804 3748 usui-petit?
831 3683 971 3750 quod
1001 3682 1088 3736 isti
1120 3680 1512 3738 Cltrlstontachi
1549 3685 1934 3756 impienegant
1961 3702 1976 3738 :
2010 3696 2066 3740 et

499 3782 768 3836 quatenus
821 3773 1037 3839 quidem
1099 3773 1347 3827 Christus
1392 3777 1459 3829 ad
1511 3773 1748 3830 Verbum
1809 3776 2062 3843 refertur,

499 3863 680 3914 dicant
714 3862 1245 3933 incirmtntscriptum
1272 3882 1286 3930 ;
1325 3878 1626 3934 quatenus.
1648 3882 1774 3923 vero
1823 3871 1887 3922 ad
1919 3871 2062 3925 servi

500 3950 727 4004 turritam
773 3953 1025 4021 pertinet,
1070 3954 1627 4023 circumscriptionem
1661 3957 1709 4011 ei
1763 3959 2064 4026 assignent.

500 4042 631 4109 Quis
681 4043 817 4098 adeo
857 4047 1048 4100 brutus
1092 4046 1398 4114 stolidoque
1443 4047 1625 4100 animo
1676 4057 1840 4116 atque
1872 4062 2066 4105 excors

497 4137 588 4197 sit,
623 4146 681 4189 ιιι
729 4146 923 4190 caetera
982 4137 1196 4203 quidem
1246 4137 1428 4190 omnia
1480 4126 1712 4207 duplicia
1760 4140 1813 4193 itt
1864 4140 2065 4209 duplici

503 4226 785 4279 ttativitate
820 4236 914 4278 aut
944 4237 1136 4278 natura
1169 4226 1456 4289 cculitens,
1487 4228 1540 4281 in
1582 4232 1685 4283 hoc
1717 4240 1923 4286 tantunt
1953 4235 2065 4288 cir-

499 4316 941 4383 cumscriptionis
995 4319 1211 4386 negotio
1255 4318 1497 4371 rixetur?
1532 4320 1689 4374 Certe
1722 4324 1811 4390 qui
1860 4325 2063 4393 prima-

505 4408 613 4458 rias
672 4415 726 4458 et
760 4406 980 4459 intimas
1038 4419 1351 4461 naturarum
1406 4410 1656 4465 notiones
1710 4412 1942 4479 auferat,
2000 4432 2066 4470 ne

499 4507 744 4546 naturam
797 4497 1011 4563 quidem
1061 4499 1321 4567 reliquam
1384 4499 1569 4554 fat-iet.
1622 4501 1764 4568 Quid
1797 4507 1940 4558 enim
1977 4507 2064 4561 hic

502 4588 909 4641 IUI'IIIidOiOSItm
962 4600 1043 4642 est
1091 4601 1183 4643 aut
1229 4608 1553 4660 magnopere
1600 4596 1859 4650 noxium?
1910 4597 2065 4653 Sicut

504 4676 645 4728 enim
694 4679 905 4745 operati
955 4692 1007 4731 et
1050 4680 1202 4745 velle,
1258 4683 1467 4736 ιιι·εείιό
1522 4683 1685 4736 etiam
1739 4692 1901 4754 atque
1949 4689 2059 4755 pati

505 4769 815 4824 humanitus
855 4770 1161 4839 Dominum,
1193 4774 1336 4829 ttullo
1370 4777 1527 4829 modo
1561 4777 1804 4844 ejusdem
1853 4779 2069 4836 deitatis

504 4862 766 4916 rationem
824 4862 982 4930 laesit,
1016 4879 1192 4934 neque
1239 4867 1559 4922 divisionem
1601 4868 1762 4922 ullam
1799 4870 1852 4922 in
1902 4885 2066 4924 unam

494 4956 850 5024 eamdemque
901 4955 1234 5027 hypostasim
1291 4958 1512 5025 intulit;
1550 4959 1621 5012 ita
1678 4976 1746 5014 ne
1798 4960 1851 5014 itt
1904 4976 2069 5017 carne

422 5094 426 5097 .
495 5046 711 5113 quidem
743 5060 865 5103 eum
894 5048 1063 5118 pingi,
1092 5050 1329 5119 qualiter
1362 5050 1500 5104 inter
1533 5050 1782 5106 homines
1816 5053 1963 5108 visus
1987 5064 2067 5108 est

495 5148 550 5191 et
607 5152 982 5204 conversatus,
1039 5140 1202 5195 ullam
1258 5140 1308 5195 ei
1367 5142 1720 5212 ignominiam
1773 5158 2059 5214 asperget;

496 5247 670 5300 neque
703 5233 755 5285 in
784 5234 941 5288 unica
992 5235 1269 5304 hypostasi
1302 5234 1581 5289 distractio
1627 5235 1728 5287 ulla
1760 5240 2060 5304 apparebit.

495 5319 793 5377 Facessant
856 5323 1018 5392 igitur
1079 5314 1170 5392 qui
1224 5339 1361 5376 vana
1408 5335 1698 5393 negantur,
1734 5326 1824 5395 qui
1874 5326 2067 5380 divina:

495 5418 809 5471 (I-conomiae
865 5417 1066 5470 rationi
1113 5417 1378 5485 invident,
1430 5432 1594 5487 seque
1646 5433 1675 5472 a
1737 5431 1923 5474 sancta
1960 5419 2064 5473 (ille

495 5517 677 5561 nostra
715 5508 1043 5562 abalienattt.
1819 5510 1823 5513 “

2164 3134 2538 3205 ὁμολογεῖται,
2580 3133 2676 3187 καὶ
2731 3132 2924 3203 θνητὸς
2959 3131 3054 3187 καὶ
3092 3131 3384 3197 ἀθάνατος,
3432 3133 3528 3186 καὶ
3576 3133 3750 3188 τᾶλλα

2163 3227 2264 3278 ὅσα
2285 3241 2351 3277 πε
2361 3224 2414 3295 pi.
2432 3224 2524 3278 τὸν
2550 3224 2647 3278 ἕνα
2666 3223 2762 3276 καὶ
2787 3223 2878 3277 τὸν
2910 3222 3073 3277 αὐτὸν
3095 3223 3492 3293 ἀντικειμένως
3517 3224 3746 3296 θεωρεῖ-

2165 3332 2256 3368 ται
2287 3315 2377 3368 διά
2429 3314 2530 3385 τὴν
2582 3313 2813 3385 διπλόην
2860 3312 2970 3367 τῶν
3026 3313 3266 3382 φύσεων.
3320 3313 3483 3366 Ἀλλὰ
3534 3316 3752 3367 τούτων

2167 3403 2340 3468 οὕτως
2375 3404 2829 3474 κηρυσσομένων,
2858 3403 2945 3466 τίς
2980 3404 3008 3456 ὁ
3038 3402 3297 3456 κωλύσων
3319 3402 3475 3469 λόγος
3501 3403 3747 3469 εὐσεϐῶς

2166 3495 2613 3567 δογματίζοντας,
2658 3496 2732 3566 μὴ
2755 3495 2851 3547 καὶ
2888 3495 2987 3564 τὴν
3029 3492 3225 3563 λοιπὴν
3267 3494 3527 3561 συζυγίαν
3561 3496 3748 3565 ὁμοιο-

2165 3588 2383 3659 τρόπως
2413 3588 2489 3658 τῷ
2512 3587 2661 3658 αύτῷ
2686 3587 2872 3656 νέμειν
2897 3585 3197 3657 προσώπῳ,
3221 3586 3249 3637 ὃ
3274 3585 3339 3656 δὴ
3371 3588 3482 3650 τοῖς
3508 3588 3746 3658 Χριστο-

2170 3677 2364 3747 μάχοις
2396 3677 2692 3749 ἀπείρηται
2730 3675 3046 3742 δυσσεὸῶςς
3102 3677 3200 3728 καὶ
3232 3675 3358 3728 ὅσον
3393 3676 3493 3745 μὲν
3528 3679 3607 3740 είς
3642 3677 3745 3748 τὴν

2165 3768 2260 3821 τοῦ
2286 3769 2460 3835 Λόγου
2521 3768 2683 3835 φύσιν
2716 3768 2942 3835 ἀνῆκεν,
3001 3766 3311 3821 ἀποδιδόναι
3342 3769 3403 3820 τὸ
3433 3768 3746 3840 ἀπερίγρα-

2168 3876 2300 3913 πτον
2318 3876 2331 3889 '
2363 3861 2488 3912 ὅσον
2512 3859 2569 3912 δὲ
2602 3862 2682 3922 είς
2710 3859 2807 3929 τὴν
2828 3859 2922 3912 τοῦ
2965 3858 3153 3911 δούλου
3203 3860 3438 3929 μορφὴν,
3489 3861 3550 3913 τὸ
3576 3879 3744 3932 περι-

2128 3970 2135 3977 ο
2165 3949 2411 4020 γραπτὸν
2445 3949 2812 4004 ἀνατίθεσθαι.
2847 3950 2942 4013 Τίς
2986 3950 3158 4013 οὕτως
3193 3951 3474 4022 κτηνώδης
3494 3952 3590 4005 καὶ
3612 3953 3744 4006 ἄλο-

2166 4058 2263 4109 γος
2290 4041 2390 4112 τὴν
2414 4041 2618 4112 ψυχὴν,
2653 4047 2747 4094 καὶ
2788 4040 3001 4111 φρενῶν
3044 4040 3149 4105 ἔξω
3185 4040 3487 4107 καθεστὼς,
3540 4044 3609 4097 τὰ
3642 4044 3745 4114 μὲν

2169 4132 2306 4186 ἄλλα
2333 4136 2532 4198 πάντα,
2563 4132 2716 4186 διττὰ
2747 4134 2840 4186 ἐπὶ
2866 4134 3070 4197 διτταῖς
3103 4136 3225 4197 ταῖς
3265 4136 3587 4205 γεννήσεσιν
3611 4137 3746 4206 ὁμου

2165 4226 2394 4299 λογεῖνῆ
2424 4227 2673 4298 φύσεσιν,
2704 4244 2771 4280 πε
2782 4228 2834 4298 ρ).
2853 4226 2910 4280 δὲ
2931 4226 2991 4280 τὸ
3015 4224 3072 4278 ἓν
3100 4226 3259 4297 μόνον
3279 4225 3613 4297 ζυγομαχεῖν
3633 4244 3648 4294 ;
3678 4230 3743 4282 Εἰ

2168 4316 2278 4388 γάρ
2302 4335 2386 4381 τις
2416 4318 2486 4370 τὰ
2515 4317 2829 4370 οἰκειότατα
2859 4317 2953 4370 καὶ
2980 4316 3187 4393 ᾁκριὸῆ
3233 4315 3341 4370 τῶν
3377 4317 3595 4383 φύσεων
3640 4320 3744 4389 ἀφ-

2098 4380 2142 4434 D
2171 4380 2280 4463 έλόι
2313 4408 2712 4480 γνωρίσματα’,
2754 4408 2887 4478 μηδὲ
2934 4380 3096 4477 φύσιν
3128 4380 3269 4460 εἶναι
3299 4380 3624 4465 ἀπολίποιτο
3652 4380 3739 4467 ἄν.

2171 4502 2236 4554 Τί
2270 4501 2379 4573 γὰρ
2407 4499 2660 4553 ἐντεῦθεν
2702 4500 2763 4551 τὸ
2800 4499 3103 4570 ὕποπτονῆ
3150 4497 3607 4570 βλαϐερώτατονς
3651 4504 3743 4570 Ὠς

2168 4594 2277 4663 γὰρ
2308 4594 2367 4646 τὸ
2397 4594 2640 4665 ἐνεργεῖν
2675 4592 2769 4644 καὶ
2793 4591 2990 4656 θέλειν,
3027 4592 3122 4645 καὶ
3155 4593 3371 4659 ἀγνοεῖν
3397 4593 3479 4647 ἔτι
3509 4597 3605 4648 καὶ
3635 4597 3742 4650 πά-

2169 4702 2319 4755 σχειν
2353 4682 2714 4753 ἀνθρωπίνως
2758 4682 2848 4735 τὸν
2878 4682 3099 4754 Κύριον,
3155 4684 3273 4735 κατ’
3302 4684 3493 4737 οὐδένα
3535 4687 3743 4756 τρόπον

2165 4777 2257 4828 τὸν
2284 4778 2383 4847 τῆς
2417 4773 2538 4827 κατ’
2565 4774 2727 4827 αὐτὸν
2757 4771 3015 4843 θεότητος
3036 4773 3383 4843 ἐλωϐήσαντο
3407 4774 3591 4843 λόγον,
3618 4778 3738 4831 οὐδὲ

2164 4867 2430 4938 ἑιαίρεσιν
2463 4865 2604 4919 κατὰ
2626 4865 2725 4935 τὴν
2761 4864 2931 4934 αὐτὴν
2976 4866 3068 4917 καὶ
3112 4865 3240 4935 μίαν
3275 4867 3573 4921 ὑπόστασιν
3609 4886 3738 4922 συν-

2165 4960 2579 5030 εἰσηνέγκαντο,
2616 4957 2790 5020 οὕτως
2827 4957 2949 5010 οὐδὲ
2983 4958 3044 5009 τὸ
3088 4956 3252 5026 σαρκὶ
3309 4958 3471 5011 αὑτὸν
3532 4962 3740 5032 γράφε-

2167 5052 2310 5114 σθαι,
2344 5050 2480 5104 καθὸ
2505 5053 2616 5112 τοῖς
2641 5046 2950 5118 ἀνθρώποις
2976 5047 3130 5118 ὤφθη
3168 5050 3260 5101 καὶ
3293 5052 3735 5122 συνανεστράφη,

2170 5140 2294 5192 καθ’
2324 5137 2598 5192 ὁντιναοῦν
2648 5138 2848 5208 τρόπον
2896 5136 3058 5205 ὓϐριν
3095 5136 3513 5208 προστρίψαιτο,
3545 5141 3579 5211 ἢ
3614 5142 3738 5210 περὶ

2169 5234 2267 5302 τὴν
2312 5231 2441 5300 μίαν
2473 5231 2768 5282 ὑπόστασιν
2801 5228 2944 5282 κατά
2970 5244 3047 5290 ,τι
3096 5228 3225 5296 γοῦν
3253 5229 3542 5295 διάστασις
3571 5233 3739 5302 ὀφθή-

2169 5340 2340 5376 σεται.
2385 5320 2728 5392 Ἐρρέτωσαν
2756 5316 2850 5374 οὖν
2870 5318 2997 5388 είκῆ
3022 5320 3396 5391 φλυαροῦντες
3423 5325 3475 5376 οἱ
3503 5324 3583 5394 τῷ
3601 5326 3739 5394 λόγῳ

2164 5416 2264 5484 τῆς
2298 5413 2445 5476 θείας
2509 5413 2821 5483 οἰκονομίας
2876 5412 3285 5482 βασκαίνοντες,
3320 5417 3417 5468 καὶ
3475 5417 3577 5489 τῆς
3617 5418 3737 5472 καθ’

2166 5509 2310 5579 ἡμᾶς
2350 5506 2580 5575 sitm-ot);
2610 5507 3047 5579 ἀλλοτριούμενοι
3067 5507 3325 5571 πίστεως,

575 5647 802 5717 "han.
845 5677 918 5729 ιι,
953 5665 1038 5718 ιι.
1114 5665 1160 5697 ιο
1195 5664 1323 5717 ibid.
1357 5665 1448 5718 si.
1525 5668 1567 5697 ἰ
1618 5664 1806 5719 timui.
1860 5682 1933 5731 t\',
1977 5666 2028 5720 ι.

2193 5664 2376 5717 Μοιιιι.
2411 5677 2560 5729 xxiv,
2598 5656 2685 5710 3t).
