3972 6130
233 285 330 348 329

931 267 1558 332 ANTIRRHETICUS
1600 267 1658 324 II
1697 265 1866 324 ADV.
1909 259 2498 322 CONSTANTINUM
2540 257 2751 316 COPR.

3371 248 3476 310 330

259 393 3468 446 MM

1253 562 1886 651 ΑΝΤΙΡΡΗΣΙΣ
1965 559 2487 645 ΔΕΥΤΕΡΑ.

991 765 1178 818 ΑΡΧΗ
1217 763 1354 816 ΤΗΣ
1395 760 1747 814 ΔΕΥΤΕΡΑΣ
1787 757 2180 813 ΕΡΩΤΗΣΕΩΣ
2216 756 2353 808 ΤΟΥ
2393 755 2716 810 ΜΑΜΩΝΑ.

1016 1080 1989 1172 ANTIBRHETICUS
2062 1076 2714 1168 SECUNDUS.

941 1292 1235 1354 INCIPIT
1282 1291 1646 1354 SEEUNDA
1691 1288 2069 1350 MAMONJE
2114 1289 2750 1352 INTERROGATIO.

1829 1477 1905 1492 σ--ι

306 1609 374 1666 α’.
417 1609 754 1680 Ἀπαρτίσας
785 1609 812 1660 ό
846 1607 1132 1675 Μαμωνᾶς
1162 1605 1308 1667 ὅπως
1337 1602 1485 1673 αύτῷ
1527 1604 1701 1657 ἐδόκει
1741 1605 1806 1657 τά

1980 1605 2092 1678 66
2118 1609 2166 1660 l.
2208 1605 2500 1676 Postquam
2531 1608 2813 1663 Mamonas
2845 1607 3102 1674 absolvit,
3161 1617 3219 1663 ut
3273 1609 3372 1679 ipsi
3405 1611 3482 1665 vi-

241 1703 335 1772 τῆς
361 1700 631 1771 προτέρας
654 1697 918 1760 πεύσεως,
955 1696 1156 1766 μᾶλλον
1189 1695 1247 1747 δὲ
1267 1693 1646 1764 προστάξεως,
1678 1694 1800 1747 καθ’

243 1795 305 1864 ἢν
335 1793 398 1846 τὰ
445 1793 530 1843 ἐπ’
563 1788 812 1856 ἐξουσίας
859 1787 1028 1850 ὅντως
1078 1786 1430 1854 ἀπεφαίνετο,
1468 1785 1553 1854 ἐφ’
1611 1785 1804 1856 ἑτέραν

245 1883 427 1935 πεῦσιν
456 1881 686 1950 μετάγει
715 1877 808 1930 τὸν
838 1876 1017 1945 λόγον.
1061 1876 1341 1937 Ὡσαύτως
1380 1875 1436 1927 δὲ
1455 1878 1568 1937 τοῖς
1599 1874 1805 1944 προλα-

245 1973 388 2026 ϐοῦσι
419 1969 761 2042 βατταρίζων
815 1968 909 2021 καὶ
963 1965 1335 2036 παρατρύζων
1385 1966 1477 2018 καὶ
1529 1965 1806 2034 περὶτῶν

243 2063 410 2117 αὐτῶν
447 2059 754 2130 ἀδολεσχῶν
800 2059 1180 2128 ματαιοπονεῖ,
1210 2052 1285 2110 ὧν
1321 2074 1438 2109 τινα
1483 2057 1564 2119 είς
1609 2056 1808 2124 μέσους

244 2159 464 2226 ἀγαγεῖν
509 2152 725 2208 δίκαιον
774 2151 914 2226 εἶναι
949 2152 1235 2223 ᾠήθημεν,
1294 2152 1433 2205 ὥστε
1465 2152 1684 2222 ἐμφανῆ
1715 2151 1808 2204 καὶ⁵

244 2251 296 2302 ἐν
345 2247 552 2309 τούτοις
587 2245 841 2313 γενέσθαι
877 2245 976 2315 τὴν
1017 2245 1254 2308 ἀλαζόνα
1315 2247 1409 2296 καὶ
1456 2245 1808 2314 ὑπερήφανον

244 2338 396 2393 αὑτοῦ
417 2339 693 2392 διάνοιαν·
727 2336 929 2404 φάσκει
983 2335 1039 2387 δὲ
1066 2329 1166 2389 ὧδε
1196 2349 1209 2364 ·
1246 2355 1264 2387 ι
1315 2334 1692 2404 ’Υπελάϐομεν
1728 2333 1807 2396 δὲ,

245 2427 330 2480 καὶ
357 2427 542 2495 ἕτερον
566 2425 863 2493 κεφάλαιον
893 2425 1167 2495 ἐρωτῆσαι
1210 2425 1375 2494 ὑμᾶς,
1419 2425 1808 2493 ὲννοησάμενοι

244 2518 318 2570 ὅτι
343 2519 619 2587 ὁποιήσας
646 2517 744 2587 τὴν
773 2516 962 2570 εἰκόνα
997 2516 1090 2568 τοῦ
1123 2516 1362 2586 Χριστοῦ
1410 2515 1640 2586 ταύτην,
1678 2516 1808 2586 περὶ

243 2603 306 2680 ἧς
330 2607 417 2660 τὸν
452 2607 612 2675 λόγον
645 2609 998 2678 ὲκινήσαμεν,
1056 2608 1130 2677 μὴ
1161 2605 1418 2660 εἰσελθὼν
1448 2608 1527 2669 είς
1557 2606 1617 2658 τὸ
1643 2605 1809 2675 βάθος

244 2699 332 2751 τοῦ
362 2695 632 2765 δόγματος
661 2698 762 2767 τῆς
803 2696 1113 2766 ἀσυγχύτου
1154 2696 1401 2760 ἐνώσεως
1440 2694 1549 2749 τῶν
1574 2694 1667 2748 δύο
1706 2694 1808 2764 φύ-

245 2809 375 2846 σεων
415 2791 508 2846 τοῦ
560 2789 828 2860 Χριστοῦ.
863 2807 881 2839 ι
922 2787 1110 2840 Ταῦτα
1157 2788 1318 2850 ποίας
1360 2786 1679 2852 ἀλαζονείας
1717 2788 1812 2839 καὶ

245 2883 574 2951 φυσιώσεως,
615 2879 818 2950 μᾶλλον
845 2880 902 2932 δὲ
930 2878 1087 2940 ποίας
1121 2877 1308 2941 ἀνοίας
1359 2878 1455 2931 καὶ
1503 2876 1810 2949 ἐμπληξίας

1909 1702 2156 1765 debatur,
2193 1702 2422 1768 primam
2475 1700 2979 1767 interrogationem,
3033 1702 3117 1756 vel
3166 1703 3482 1756 mandatum

1909 1793 2109 1860 potius,
2143 1805 2246 1860 quo
2285 1791 2554 1860 propriam
2599 1806 2788 1846 revera
2836 1795 3249 1861 praepotentiam
3296 1803 3483 1848 osten-

1909 1882 2026 1946 dit,
2086 1897 2209 1934 mox
2265 1895 2570 1935 sermonem
2627 1898 2783 1936 suum
2833 1885 2898 1937 ad
2947 1884 3170 1937 alteram
3227 1885 3486 1939 transfert

1910 1971 2412 2037 interrogationem.
2456 1969 2636 2039 diique
2682 1972 2841 2040 igitur
2866 1987 2930 2026 ac
2960 1973 3010 2026 in
3050 1973 3482 2041 prmcedcntibus

1907 2060 2212 2115 balbutiens
2263 2073 2319 2115 et
2367 2063 2714 2130 obstrepens,
2771 2072 2936 2132 atque
2987 2067 3040 2118 in
3091 2064 3282 2118 eodem
3317 2063 3482 2133 argu-

1909 2161 2092 2205 mento
2145 2167 2372 2222 nugans,
2453 2154 2643 2207 insane
2693 2155 2944 2219 laborat;
2998 2153 3154 2224 cujus
3226 2155 3482 2208 nonnulla

1909 2243 2075 2296 verba
2108 2243 2161 2297 in
2223 2244 2456 2298 medium
2509 2245 2757 2312 proferre
2808 2260 3021 2315 aequum
3078 2247 3480 2315 judicavimus;

1909 2346 1968 2389 ut
1999 2335 2124 2388 hinc
2160 2349 2373 2404 quoque
2407 2350 2670 2404 arrogans
2719 2335 2838 2403 ejus
2873 2338 3277 2406 superbumque
3323 2338 3479 2406 inge-

1911 2427 2056 2480 nimn
2087 2435 2348 2496 patescat.
2375 2427 2468 2481 Sic
2496 2443 2624 2496 ergo
2651 2427 2923 2496 loquitur:
2959 2446 2976 2478 ι
3013 2425 3271 2482 Volumus
3300 2439 3481 2484 autem

1909 2527 1955 2570 et
1997 2517 2143 2571 aliud
2177 2517 2473 2587 capitulum
2533 2533 2562 2572 a
2597 2518 2750 2573 vobis
2778 2519 3041 2573 sciscitari
3073 2536 3087 2584 ;
3135 2519 3260 2589 quia
3297 2522 3488 2574 existi-

1911 2623 2148 2673 mamus,
2193 2625 2317 2665 eum
2371 2609 2462 2679 qui
2499 2610 2638 2665 hanc
2671 2609 2873 2664 Christi
2909 2610 3196 2680 imaginem
3225 2612 3372 2674 fecit,
3418 2613 3485 2666 de

1910 2715 2016 2769 qua
2045 2715 2350 2756 sermonem
2414 2701 2828 2764 commovimus,
2873 2700 3014 2753 haud
3055 2710 3375 2768 penetrasse
3429 2701 3482 2754 in

1911 2791 2255 2847 altitudinem
2309 2791 2578 2860 dogmatis
2635 2790 2932 2846 inconfusus
2971 2791 3199 2845 duarum
3275 2790 3482 2844 Christi

1909 2894 2228 2938 naturarum
2278 2882 2518 2938 unionis.
2569 2899 2590 2934 ι
2628 2881 2923 2950 Cuiusnam
2981 2882 3095 2936 inec
3157 2881 3485 2949 arrogantia:

247 2974 542 3044 ὑπερϐολὴν
582 2972 939 3037 καταλείπει;
1004 2971 1098 3022 Ἐκ
1143 2969 1348 3038 πολλῆς
1393 2970 1503 3040 γὰρ
1551 2971 1806 3031 ἀπονοίας

1910 2969 2266 3047 jactantiteve,
2307 2975 2414 3029 imo
2449 2988 2578 3030 vero
2607 2974 2828 3029 insania:
2861 2983 3023 3042 atque
3075 2974 3312 3042 stuporis
3349 2972 3488 3028 ﬁnes

246 3065 403 3118 οῐεται
425 3065 588 3126 αὑτός
612 3080 677 3132 γε
707 3063 889 3134 μόνος,
922 3063 996 3132 μὴ
1016 3062 1098 3115 ὃτι
1125 3063 1206 3125 είς
1227 3061 1407 3132 τρίτον
1423 3061 1674 3131 οὐρανὸν,
1695 3059 1810 3114 ἀλλ’

246 3159 338 3228 ήδη
362 3159 454 3211 καὶ
485 3160 566 3220 είς
594 3156 854 3226 τέταρτον
888 3153 1264 3223 ἀνηρπάσθαι,
1297 3155 1393 3206 καὶ
1441 3151 1811 3224 ἀπορῤητοτέ-

249 3248 399 3319 ρωνῆ
425 3247 636 3309 Παῦλος
661 3246 958 3315 ἀκηκοέναι
989 3243 1272 3313 ῥημάτων,
1303 3244 1398 3296 καὶ
1449 3245 1507 3296 ὲν
1549 3241 1804 3312 περινοίᾳ

246 3339 371 3392 Θεοῦ
401 3338 679 3407 γενέσθαι,
701 3339 794 3389 καὶ
818 3337 996 3396 πᾶσαν
1018 3337 1116 3404 τὴν
1139 3335 1318 3387 κτίσιν
1349 3335 1579 3388 κατόπιν
1600 3333 1811 3401 διαφεὶς

251 3429 510 3498 μυηθῆναι
538 3428 576 3482 ἃ.
615 3427 804 3497 μηδεὶς
836 3425 1128 3496 μεμάθηκε
1159 3423 1402 3476 πώποτε.
1439 3423 1534 3485 Τίς
1566 3423 1625 3475 οὐ
1671 3422 1808 3476 θαυ-

250 3520 468 3587 μάσεται
494 3518 598 3588 τῆς
629 3516 900 3586 τοσαύτης
947 3516 1328 3584 ἀναισχυντίας
1377 3513 1437 3566 τὸ
1464 3513 1808 3584 ὑπέρογκον;

257 3611 582 3664 ’Δποστόλων
611 3609 706 3664 νῦν
743 3609 839 3662 καὶ
891 3610 999 3661 τῶν
1029 3608 1204 3662 ἄλλων
1226 3608 1326 3677 τῆς
1359 3606 1687 3676 Ἐκκλησίας
1731 3606 1810 3659 δι-

245 3701 514 3755 δασκάλων
542 3706 606 3756 ού
635 3702 801 3770 λέγω,
828 3699 922 3760 οὓς
946 3699 1170 3762 πολλαῖς
1198 3697 1391 3769 ὕϐρεσι
1447 3697 1679 3768 βάλλων,
1715 3699 1809 3751 καὶ

245 3793 308 3844 τὰ
320 3793 519 3846 τούτων
543 3793 794 3860 δόγματα
821 3789 1037 3842 πλύνων
1063 3790 1157 3842 καὶ
1180 3789 1618 3858 διαγραφόμενος
1639 3785 1812 3838 διετέ-

245 3883 338 3949 λει,
367 3885 457 3949 οὓς
481 3887 581 3956 μὲν
617 3876 682 3936 ὲκ
711 3883 820 3937 τῶν
863 3883 996 3953 περὶ
1037 3881 1100 3934 τδ
1131 3881 1293 3950 σῶμα
1352 3878 1805 3950 συμϐεϐηκότων,

245 3976 327 4039 οὓς
355 3977 409 4030 δὲ
442 3979 504 4030 ὲκ
537 3977 650 4029 τῶν
689 3975 926 4044 νοσερῶν
954 3973 1270 4037 διαθέσεων,
1301 3970 1684 4026 ἀποσκώπτων
1711 3970 1810 4024 καὶ

244 4067 751 4137 διαλοιδορούμενος.
799 4065 922 4118 Τῶν
982 4066 1061 4126 είς
1142 4063 1234 4117 τὸν
1287 4062 1559 4132 βασίλειον
1617 4061 1807 4132 θρόνον

245 4157 650 4228 ἐμπρεψάντων,
679 4156 775 4209 καὶ
820 4155 908 4206 ἐπ’
964 4153 1216 4225 εὐσεϐείᾳ
1242 4155 1336 4207 καὶ
1357 4151 1672 4222 δικαιοσύνῃ
1707 4169 1800 4206 κε-

245 4249 590 4318 κοσμημένων
621 4245 740 4308 πῶς
782 4245 844 4298 οὑ
885 4243 1265 4314 δεδυσώπηται
1314 4244 1408 4297 τὸν
1446 4244 1668 4314 τρόπον,
1711 4242 1806 4294 καὶ

1912 3081 2017 3119 ιιοη
2055 3064 2353 3132 superant?
2382 3061 2628 3134 Namque
2660 3065 2728 3118 ob
2757 3064 2982 3117 multam
3015 3063 3300 3118 stultitiam
3331 3078 3483 3120 suam

1911 3154 2058 3210 solus
2109 3155 2224 3225 ipse
2273 3154 2550 3225 Opinatur,
2605 3169 2710 3209 non
2742 3153 2797 3208 in
2829 3153 3046 3206 tertium
3081 3148 3481 3214 tantummodo,

1909 3261 2100 3302 verum
2154 3246 2319 3301 etiam
2379 3246 2432 3300 in
2472 3256 2724 3314 quartum
2783 3243 2983 3298 cmlnm
3042 3258 3102 3298 se
3154 3252 3390 3312 raptum,
3433 3256 3489 3296 et

1911 3339 2274 3395 ineﬁabiliora
2325 3353 2487 3408 quam
2547 3336 2775 3391 Paulum
2836 3336 3000 3391 verba
3059 3337 3374 3400 audivisse,
3431 3347 3487 3390 et

1914 3437 2148 3482 mentem
2203 3427 2296 3481 Dei
2352 3426 2626 3496 attigisse,
2687 3437 2850 3496 atque
2904 3441 3118 3480 onmem
3169 3435 3477 3480 creaturam

1912 3527 2367 3587 praetervectum,
2426 3518 2494 3572 iis
2550 3517 2712 3572 rebus
2766 3517 2934 3572 fuisse
2991 3517 3286 3584 initiatum,
3344 3533 3482 3587 quas

1913 3624 2073 3662 nemo
2138 3623 2374 3678 unquam
2435 3608 2645 3662 didicit.
2709 3608 2842 3673 Quis
2898 3618 3061 3663 tanta:
3137 3608 3487 3678 impudentia:

1912 3696 2186 3752 cumulum
2220 3712 2325 3751 non
2354 3697 2682 3751 mirabitur?
2739 3696 2884 3750 Sileo
2944 3712 3089 3750 nunc
3121 3697 3187 3752 de
3221 3699 3482 3766 apostolis

1913 3785 2140 3854 aliisque
2189 3784 2449 3840 Ecclesia:
2515 3785 2816 3856 magistris,
2879 3799 3016 3854 quos
3070 3785 3182 3862 hic.
3218 3787 3485 3842 conviciis

1912 3876 2099 3931 multis
2137 3878 2359 3944 appetit,
2403 3890 2699 3944 eorumque
2725 3877 2976 3945 dogmata
3024 3877 3376 3944 pr03cindere
3419 3895 3485 3933 ac

1911 3965 2094 4022 delere
2129 3981 2233 4019 non
2276 3966 2491 4030 desinit,
2545 3965 2738 4034 partim
2768 3965 2837 4019 ob
2869 3979 3156 4034 corporum
3189 3981 3308 4035 qua:
3338 3967 3483 4034 passi

1910 4067 2038 4114 sunt
2068 4056 2416 4121 detrimenta,
2444 4057 2637 4125 partim
2658 4055 2822 4109 etiam
2855 4057 2923 4112 ob
2956 4057 3303 4113 inﬁrmitates
3338 4059 3483 4113 deri-

1911 4151 2043 4206 dens
2073 4165 2136 4204 ac
2171 4149 2521 4203 maledicens.
2553 4149 2623 4201 At
2649 4148 2865 4203 illorum
2891 4149 3079 4204 saltem
3113 4150 3204 4220 qui
3235 4151 3288 4204 in
3315 4151 3480 4221 regali

1911 4246 2108 4297 throno
2137 4240 2426 4305 fulserunt,
2457 4248 2510 4294 et
2545 4240 2746 4310 pietate
2784 4255 2849 4294 ac
2887 4239 3101 4309 justitia
3146 4242 3327 4296 ornati
3368 4243 3480 4296 fue-

241 4305 478 4410 τῆν’πέρι
509 4338 579 4391 τά
618 4305 739 4390 θεῖα
777 4335 1056 4404 σπουδήν;
1088 4305 1198 4388 Καὶ
1218 4334 1326 4403 γὰρ
1375 4305 1688 4405 ἀναθήμασι
1714 4334 1806 4386 καὶ

1913 4343 2060 4400 runt,
2095 4333 2370 4405 quomodo
2404 4347 2583 4388 mores
2616 4348 2719 4387 non
2755 4345 3036 4388 reveretur
3069 4335 3482 4405 divinarumque

246 4427 395 4498 ἱεροῖς
422 4428 736 4500 περιϐόλοις
765 4429 1119 4498 γεραίροντες
1143 4426 1206 4479 τὸ
1248 4425 1405 4479 Θεῖον
1444 4424 1804 4495 ἐθεράπευον,

242 4519 285 4569 οἳ
313 4521 464 4587 μόνον
494 4521 556 4573 ού
606 4520 858 4573 καθεῖλον
907 4520 1007 4590 τῆς
1044 4516 1408 4589 ἱερογραφίας
1449 4516 1541 4568 τὸν
1576 4515 1805 4586 κόσμον,

243 4608 364 4660 ἀλλὰ
387 4611 480 4662 καὶ
506 4610 868 4680 ᾠκοδόμησαν
923 4611 1018 4663 καὶ⁹
1055 4608 1548 4678 ὲφιλοτεχνήσαντο
1586 4607 1655 4660 τά
1687 4607 1808 4678 ίερά

241 4699 402 4754 ταῦτα
434 4702 764 4772 ἀναθήματα
797 4700 1116 4770 φιλοτίμως,
1154 4699 1213 4752 ἔν
1263 4715 1322 4751 τε
1357 4701 1506 4760 ναοῖς
1533 4696 1718 4764 θείοις,
1751 4697 1809 4751 ἐν

242 4805 293 4838 τε
317 4789 475 4858 ἱεροῖς
509 4790 728 4845 σκεύεσι
761 4790 853 4842 καὶ
875 4791 1181 4859 ὑφάσμασι,
1204 4787 1326 4842 κατ’
1359 4789 1507 4858 ἴχνος
1531 4787 1807 4857 βαίνοντες

241 4879 329 4946 τῆς
359 4880 727 4951 ἀποστολικῆς
779 4882 874 4933 καὶ
931 4882 1210 4952 Πατρικῆς
1255 4879 1630 4951 παραδόσεως,
1661 4872 1736 4932 ὧν
1771 4880 1804 4948 ἢ

242 4965 454 5039 ἄπειρος
489 4971 700 5041 πληθὺς
748 4972 911 5043 μέχρι
966 4973 1061 5026 καὶ⁵
1101 4975 1342 5043 σήμερον
1393 4972 1452 5024 ὲν
1477 4974 1596 5034 ταῖς
1627 4971 1803 5024 ἀπάν-

242 5073 339 5110 των
363 5059 516 5127 όψεσι
552 5060 862 5132 πρόκειται,
885 5061 1116 5126 ἐκείνοις
1143 5063 1243 5132 μὲν
1267 5061 1552 5125 εὐσεϐείας
1589 5061 1802 5131 μαρτύ-

243 5149 609 5220 ριον,ελεγχος
640 5152 820 5205 δὲκαὶ
863 5152 1130 5223 θρίαμϐος
1176 5152 1351 5223 τούτῳ
1399 5153 1497 5223 τῆς
1551 5151 1805 5214 ἀϐουλίας

240 5239 328 5291 καὶ
343 5239 677 5306 δυσσεϐείας.
697 5237 797 5295 Ὧν
825 5245 933 5314 γάρ
958 5243 1064 5296 ἔδει
1092 5243 1334 5314 ζηλῶσαι
1359 5244 1450 5298 τὸν
1479 5243 1682 5314 τρόπον
1711 5242 1803 5295 καὶ

1913 4440 2093 4480 rerum
2146 4425 2424 4480 studium?
2484 4423 2732 4494 Namque
2783 4425 2838 4480 hi
2907 4426 3145 4481 donariis
3200 4428 3483 4496 sacrisque

1908 4517 2150 4572 delubris
2200 4516 2372 4571 Deum
2419 4515 2779 4580 honorabant,
2843 4524 2898 4570 ct
2939 4517 3134 4572 nedum
3198 4533 3478 4572 sacrarum

1907 4608 2325 4678 inscriptionum
2387 4617 2641 4662 ornatum
2694 4607 2994 4674 auferrent,
3045 4611 3138 4664 sed
3191 4611 3476 4665 struebant

1905 4701 2092 4765 etiam,
2141 4709 2196 4755 et
2265 4709 2520 4754 accurato
2574 4709 3001 4769 sumptuosoque
3066 4700 3303 4756 artiﬁcio
3356 4701 3478 4756 ﬁeri

1913 4793 2176 4848 curabant
2240 4791 2465 4846 donaria
2515 4792 2820 4861 huiusmodi
2853 4793 2906 4846 in
2964 4795 3210 4865 angustis
3264 4795 3479 4862 templis

1913 4884 2191 4952 sacrisque
2241 4883 2386 4937 vasis
2432 4891 2592 4952 atque
2642 4884 2871 4938 texturis
2909 4881 3060 4954 (74),
3111 4885 3479 4954 apostolorum

1911 4968 2246 5039 Patrumque
2271 4970 2619 5026 traditionem
2647 4986 2834 5041 presse
2873 4983 3199 5041 sequentes;
3243 4989 3478 5042 quarum

1909 5076 2094 5116 rerum
2155 5061 2365 5116 inﬁnita
2420 5062 2712 5118 multitudo
2771 5065 2839 5119 ad
2908 5065 3052 5120 hunc
3107 5081 3276 5136 usque
3339 5066 3478 5120 diem

1909 5153 2151 5208 omnium
2181 5153 2354 5208 oculis
2381 5163 2465 5208 est
2509 5157 2792 5224 exposita;
2841 5155 2951 5211 illis
3000 5157 3216 5226 quidem
3258 5159 3477 5226 pietatis

1912 5247 2302 5312 testimonium,
2322 5247 2450 5302 huic
2467 5256 2643 5302 autem
2670 5249 2995 5319 vituperatio
3017 5259 3071 5304 et
3088 5250 3297 5318 publica
3321 5261 3484 5305 teme-

305 5418 570 5502 (74iPuta
598 5421 943 5478 Constantini
967 5424 1143 5502 Magni
1177 5434 1252 5480 tot
1281 5440 1435 5502 sacra
1465 5425 1704 5502 adiﬁcia
1732 5440 1795 5479 ac
1903 5441 2039 5502 quos
2092 5427 2232 5502 inter
2267 5435 2442 5502 tamen
2481 5428 2696 5502 reticcri
2749 5430 2936 5502 nequit
2975 5429 3336 5502 Justinianns,
3385 5433 3477 5502 qui

239 5485 451 5564 don‘iar'ia
489 5491 775 5564 innumera
803 5509 924 5562 quae
949 5485 1170 5564 copiose
1203 5497 1393 5548 scribit
1423 5503 1617 5549 auctor
1644 5493 1797 5548 Vita-

238 5559 688 5632 rttuiPoittiﬁcutn
720 5559 898 5629 Rom.;
935 5581 1000 5619 ne
1019 5559 1103 5619 tot
1124 5566 1464 5632 sequentium
1491 5564 1800 5618 Occidentis

241 5623 573 5698 Orientisque
623 5623 895 5686 Cmsarum
927 5623 1363 5690 Christianorum
1416 5634 1618 5688 mentio
1672 5634 1797 5702 ﬁat;

509 5728 779 5787 PATROL.
816 5726 934 5789 Gtt.
975 5728 1042 5787 C.

1911 5497 2130 5550 Sancta:
2162 5497 2376 5564 Sophia:
2405 5498 2662 5564 templum
2711 5501 2874 5554 totius
2912 5501 3150 5554 Orientis
3187 5497 3480 5558 maximum

1907 5566 2331 5643 atAtlit’icavinvel
2393 5567 2573 5633 potius
2609 5568 3048 5643 instattravit.ct_
3094 5572 3266 5629 sacris
3292 5573 3483 5643 imagi-

1912 5635 2067 5690 nibus
2092 5636 2302 5692 musivo
2335 5651 2499 5705 opere
2540 5647 2712 5692 totum
2753 5640 3096 5696 convestivit.

3008 5739 3074 5799 11
