3972 6130
316 261 428 328 333

1030 259 1656 322 ANTIRRHETICUS
1693 258 1755 320 II
1790 258 1960 318 ADV.
2002 254 2596 318 CONSTANTINUM
2641 253 2858 316 COPR.

3465 250 3574 317 334

317 372 711 445 παραπληείαν
737 372 834 428 καὶ
875 371 1098 428 ἄνοιαν
1130 372 1255 427 οὔτε
1290 373 1401 444 γὰρ
1454 373 1492 429 ἀ
1538 373 1715 440 λέγει,
1767 369 1894 425 οὔτε

2011 369 2268 433 afﬁrmat,
2326 369 2450 425 scit.
2509 367 2649 435 Quid
2702 381 2838 436 ergo
2895 365 3186 422 dicendum
3239 374 3327 421 est
3371 365 3576 422 ?Cltri-

317 464 452 534 περὶ
496 456 575 518 ὧν
634 461 1048 518 διαϐεϐαιοῦται
1094 464 1404 518 ἐπίσταται.
1465 462 1531 516 Τί
1582 460 1677 518 οὖν
1725 464 1902 516 εἰπεῖν

315 551 510 616 tactv;
552 550 618 604 Ἡ
667 549 765 604 τοῦ
821 549 1061 621 Χριστοῦ
1102 549 1288 616 εἰκὼν,
1339 549 1488 613 τινὸς
1547 549 1900 619 μνημόσυνον

317 643 502 714 φέρει,
533 641 568 712 ἢ
601 641 758 712 οὐχίς
806 641 1004 709 Σαφῶς
1035 639 1305 704 εἰδὼς,ὅτι
1331 639 1523 694 τοῦτον
1552 641 1688 710 ἡμῖν
1725 639 1901 710 ἐμφα-

317 732 484 798 νίζει,
531 732 744 804 μέμηνε
792 733 916 786 κατ’
975 731 1168 802 αὐτῆς.
1221 730 1492 785 καὶκατὰ
1522 730 1761 802 Χριστοῦ
1807 731 1904 784 καὶ

314 824 422 894 τῆς
479 821 717 894 Χριστοῦ
771 823 1142 893 κληρονομίας
1197 823 1642 894 ἐπιλελύττηκεν.
1681 820 1902 892 Ἐπειδὴ

315 915 434 986 γὰρ
466 914 638 985 βαρὺς
661 914 812 985 αὑτῷ
849 911 920 985 ἦν
959 916 1054 969 καὶ
1093 917 1153 968 ὲν
1197 915 1368 969 εἰκόνι
1418 913 1783 985 βλεπόμενος,
1800 913 1903 966 οὐκ

316 1007 521 1078 ἐνῆγεν
565 1006 732 1062 αὑτὸν
777 1007 858 1070 εἰς
911 1006 1223 1077 ὑπόμνησιν
1276 1005 1373 1059 τοῦ
1421 1004 1661 1077 Χριστοῦ
1718 1007 1752 1076 ἡ
1804 1003 1900 1058 τοῦ

315 1100 588 1170 ὀνόματος
631 1098 936 1168 ἐπιγραφή.
964 1099 1086 1152 Τίνι
1125 1098 1235 1170 γὰρ
1280 1099 1470 1170 τρόπῳ
1497 1098 1769 1169 ὠργίζετο
1803 1098 1910 1152 καὶ

316 1190 562 1260 ἠμύνετο
585 1206 601 1256 ;
633 1189 706 1242 Ἦ
738 1190 822 1242 ὃτι
847 1189 1084 1260 Χριστὸς
1112 1189 1283 1260 ὄνομα
1311 1189 1486 1262 ταύτῃ
1513 1189 1850 1244 ἐπιτέθειται
1879 1208 1895 1257 ;

322 1283 465 1351 Οὐχὶ
491 1281 596 1350 τὴν
643 1280 924 1349 σάρκωσιν
977 1279 1143 1334 αὐτοῦ
1177 1281 1272 1334 καὶ
1311 1281 1382 1334 τὰ
1413 1281 1588 1350 πάθη,
1637 1282 1782 1352 ἅπερ
1824 1280 1903 1344 ὡς

323 1371 630 1441 ἄνθρωπος
668 1372 808 1442 ὑπὲρ
834 1371 993 1441 ἡμῶν
1047 1372 1394 1437 κατεδέξατο,
1461 1373 1518 1424 al.
1555 1371 1902 1442 ἱερογραφίαι

327 1455 497 1514 αὗται
519 1459 956 1529 ὐπαγορεύουσιν
979 1475 993 1524 ;
1018 1459 1093 1513 Οὐ
1124 1461 1219 1512 τὸν
1244 1459 1474 1530 σταυρὸν
1504 1459 1598 1512 καὶ
1626 1459 1717 1512 τὸν
1748 1458 1906 1514 θάνα·

317 1567 417 1604 τον
467 1553 562 1603 καὶ
615 1551 714 1621 τὴν
777 1551 1107 1618 ἀνάστασινς
1153 1551 1216 1604 οὐ
1264 1551 1334 1604 τὰ
1383 1551 1638 1621 θαύματα
1692 1552 1787 1605 καὶ
1829 1552 1903 1606 τά

316 1641 608 1710 τεράστια,
638 1640 783 1713 ἀπερ
824 1641 904 1704 ὼς
947 1641 1082 1704 Θεὸς
1133 1640 1382 1712 ἔδρασεν,
1432 1644 1563 1712 ἡμῖν
1613 1641 1906 1712 διασημαί-

2002 457 2073 512 sti
2129 458 2293 524 icon,
2373 458 2634 526 inquam,
2691 454 2994 524 alicujusne
3052 456 3372 513 memoriale
3437 470 3524 514 est
3557 499 3574 524 ,

2001 563 2070 603 an
2145 549 2341 604 secus?
2397 548 2596 620 Utique
2652 549 2742 604 hic
2808 548 2977 618 probe
3050 549 3231 605 sciens
3293 547 3575 606 Christum

2003 641 2158 696 nobis
2191 642 2260 697 ab
2302 641 2458 697 icone
2490 633 2880 706 demonStrari,
2957 641 3162 695 insanit
3216 641 3272 695 in
3308 641 3477 708 illam,
3525 650 3582 696 et

2002 733 2261 788 adversus
2289 732 2564 788 Christum
2592 732 2820 802 ejusque
2849 731 3226 787 hmreditatem
3258 731 3411 788 furit.
3439 733 3578 800 Quia

2002 823 2148 877 enim
2189 823 2373 894 gravis
2424 831 2508 878 est
2560 822 2639 876 illi
2691 823 2856 878 etiam
2908 822 2962 876 in
3022 822 3258 893 imagine
3304 833 3580 894 spectatus

2003 910 2277 978 Christus,
2309 927 2417 968 non
2488 911 2696 968 excitat
2754 912 2804 967 ei
2842 911 3050 968 Christi
3105 914 3425 969 memoriam
3479 929 3582 971 no-

2004 1004 2168 1060 minis
2209 1004 2524 1074 epigraphe.
2572 1003 2709 1059 Nam
2767 1019 2870 1059 cur
2922 1004 3179 1060 irascitur
3223 1014 3281 1060 et
3329 1006 3582 1062 resistit?

2003 1094 2141 1150 Num
2165 1096 2288 1164 quia
2317 1095 2521 1152 Christi
2545 1110 2742 1152 nomen
2769 1096 2908 1152 iconi
2935 1099 3328 1168 superponitur
3342 1100 3368 1154 τ
3383 1101 3581 1157 Nonne

2005 1186 2440 1243 incarnationem
2491 1187 2610 1259 ejus
2665 1196 2722 1243 et
2759 1172 3059 1255 cruciatus,
3085 1203 3222 1258 quos
3275 1192 3354 1245 uti
3413 1191 3580 1248 homo

2006 1278 2181 1333 nostri
2249 1279 2423 1349 gratia
2476 1278 2734 1348 pertulit,
2801 1294 2970 1336 sacra:
3036 1279 3122 1335 hac
3193 1279 3582 1352 inscriptiones

2004 1371 2297 1424 enarrant?
2329 1369 2520 1426 Nonne
2548 1385 2786 1436 crucem,
2825 1385 3035 1437 necem,
3071 1373 3581 1428 resurrectionem?

1941 1537 1944 1539 Δ
2006 1475 2188 1516 nonne
2219 1461 2481 1516 miracula
2508 1471 2561 1517 et
2589 1461 2856 1532 prodigia,
2893 1477 3015 1532 qua:
3038 1470 3222 1531 utpote
3252 1463 3397 1518 Deus
3427 1464 3580 1528 fecit,

2007 1548 2163 1603 nobis
2210 1549 2518 1619 signiﬁcant
2543 1551 2568 1603 ἲ
2599 1549 2795 1605 Verum
2833 1549 2952 1605 hac
2982 1549 3226 1606 refutare
3269 1552 3424 1607 futile
3454 1565 3580 1621 est;

2006 1649 2061 1694 et
2090 1648 2271 1696 tamen
2326 1641 2580 1708 reticere,
2612 1652 2832 1713 prapter
2857 1641 3055 1698 stultos
3083 1642 3281 1698 nullius
3314 1645 3579 1701 momenti

319 1708 540 1796 vouctv;
583 1708 764 1786 Ἀλλὰ-
782 1731 922 1804 πρὸς
974 1708 1276 1787 ταῦτακαὶ
1323 1708 1630 1801 ἀντιλέγειν
1674 1708 1900 1801 είκαῖον,

2011 1744 2114 1788 non
2145 1741 2250 1788 est.
2286 1731 2491 1787 Deinde
2520 1708 2672 1788 addit
2709 1708 2726 1787 ξ

319 1821 423 1876 καὶ
463 1822 678 1893 σιωπᾷν
700 1821 788 1875 διὰ
818 1822 945 1884 τοῦς
966 1822 1228 1894 ἀνοήτους
1247 1821 1350 1876 οὐκ
1402 1823 1902 1896 εὐκαταφρόνητον.

333 1912 572 1984 Ἐφεξῆς
606 1914 664 1967 δὲ
693 1914 914 1982 ἐπάγειο
1321 1978 1328 1986 ι

406 2021 427 2054 ι
503 2003 790 2057 Ἐκέλευσε
841 2005 956 2068 τοῖς
1013 2004 1190 2074 ἀγίοις
1258 2007 1427 2062 αὑτοῦ
1487 2007 1762 2080 μαθηταῖς
1807 2007 1905 2062 καὶ

320 2094 645 2158 ἀποστόλοις
677 2095 1014 2165 παραδοῦναι
1053 2097 1120 2152 δι’
1153 2092 1216 2154 οὗ
1269 2100 1486 2170 ἠράσθη
1543 2101 1900 2172 πράγματος,

321 2185 498 2239 τύπον
525 2185 603 2249 είς
637 2185 798 2256 σῶμα
828 2186 996 2241 αὐτοῦ
1019 2203 1032 2218 ·
1066 2188 1155 2242 ἵνα
1190 2189 1279 2244 διὰ
1306 2191 1406 2262 τῆς
1445 2191 1729 2262 ἱερατικῆς
1768 2192 1903 2244 ἀνα-

321 2276 535 2345 γωγῆς,
556 2276 660 2330 κᾶν
687 2277 738 2329 εί
773 2279 838 2330 ὲκ
871 2279 1107 2349 μετοχῆς
1140 2281 1237 2334 καλ⁸
1267 2280 1415 2334 θέσει
1442 2281 1684 2352 γίνηται,
1720 2281 1902 2336 λάϐω·

327 2382 434 2436 μεν
499 2365 630 2447 αὐτὸ
681 2365 757 2430 ὡς
807 2369 1016 2439 κυρίως
1063 2369 1158 2422 καὶ
1214 2370 1428 2440 ἀληθῶς
1468 2371 1627 2440 σῶμα
1661 2371 1848 2426 αὐτοῦ.
1879 2388 1898 2423 ι

325 2455 524 2520 Ὅπως
582 2458 682 2527 μὲν
722 2459 857 2528 περὶ
911 2459 1007 2512 τοῦ
1062 2460 1346 2531 Κυριακοῦ
1377 2460 1596 2526 ἐδόξαζε
1630 2461 1902 2530 σώματος,

325 2545 496 2610 αὐτός
535 2549 582 2600 τ’
616 2547 683 2602 ἀν
725 2549 891 2621 είδείη
941 2550 1036 2604 καὶ
1093 2553 1144 2605 οἱ
1188 2552 1385 2622 ἐκείνῳ
1451 2552 1902 2622 μαθητευθέντες.

330 2637 528 2704 Ὅμως
555 2637 600 2690 δ’
623 2633 716 2691 οῦν
744 2639 880 2709 πρὸς
923 2639 995 2694 τά
1031 2641 1304 2712 λεγόμενα
1335 2641 1481 2696 οὕτω
1509 2645 1674 2714 ἡμεῖς
1724 2645 1905 2698 ἀπαν-

323 2731 614 2800 τησόμεθα
641 2748 654 2762 ·
697 2731 914 2802 Ἐπειδὴ
973 2733 1140 2789 τοῦτο
1185 2735 1214 2787 ὃ
1252 2734 1356 2806 ἔφη
1413 2736 1480 2789 ὲκ
1531 2737 1770 2807 μετοχῆς
1808 2736 1906 2790 καὶ

325 2819 484 2873 θέσει
536 2820 882 2891 τελούμενον,
937 2822 1036 2876 διὰ
1080 2822 1194 2893 τῆς
1241 2824 1540 2893 ἱερατικῆς
1591 2825 1906 2896 ἀναγωγῆς

325 2911 555 2978 κυρίως
581 2911 681 2966 καί
722 2912 962 2980 ἀληθῶς
1007 2913 1113 2967 τοῦ
1163 2914 1422 2982 Χριστοῦ
1453 2913 1624 2984 σῶμα
1657 2915 1903 2985 γίνεται,

327 3001 486 3072 αὗτῷ
513 3000 592 3072 τῷ
628 3002 786 3072 Λόγῳ
817 3003 1213 3076 οἰκειούμενον,
1238 3005 1457 3070 πάντως
1497 3023 1602 3060 που
1636 3005 1901 3077 διωμολό-
1933 3031 1978 3092 C

291 3101 298 3105 ’
329 3109 422 3160 γει
451 3093 650 3148 ταυτὸν
669 3093 867 3164 ἐκείνῳ
891 3095 1270 3150 ἀποτελεῖσθαι
1298 3096 1380 3167 τῷ
1411 3095 1648 3167 σώματι,
1679 3098 1822 3168 ὅπερ
1843 3097 1908 3150 ὲκ

327 3185 436 3254 τῆς
483 3183 650 3251 ἁγίας
681 3184 960 3255 Παρθένου
1008 3185 1305 3256 πεφόρεκε.
1347 3187 1413 3242 Τί
1459 3188 1579 3241 ποτ’
1633 3186 1729 3240 οῦν
1787 3188 1906 3240 ἐστι

329 3273 496 3326 τοῦτο
528 3273 604 3336 τὸ,
635 3273 796 3345 σῶμα
830 3274 967 3343 μετά
997 3275 1096 3346 τὴν
1121 3276 1406 3331 τελείωσιν
1452 3277 1548 3331 καὶ
1596 3276 1692 3331 τὸν
1745 3277 1906 3344 ἀγια·

260 3375 268 3380 '
334 3364 478 3431 σμὺν
533 3364 819 3434 γινόμενον
844 3405 859 3430 ,
916 3363 1100 3435 ζητεῖν
1145 3366 1475 3436 ἐπάναγκες.
1520 3367 1910 3439 Περιγραπτδν

332 3449 453 3523 ἆρά
503 3455 675 3520 ἔστιν,
716 3455 750 3525 ἢ
802 3454 1255 3524 ἀπερίγραπτον;
1319 3457 1759 3530 ’Δπερίγραπτον
1807 3458 1910 3530 μιν

331 3540 434 3598 οὖν
478 3544 652 3608 οὐδεὶς
690 3543 833 3600 οὕτω
870 3547 1083 3616 φρενῶν
1124 3547 1230 3614 ἔξω
1287 3548 1382 3603 καὶ
1428 3547 1781 3614 ἀνούστατος,
1849 3548 1909 3611 ὃς

333 3636 608 3706 ὀνομάσαι
636 3636 964 3707 θαρῤήσειεν
985 3653 1000 3669 ο
1055 3634 1210 3709 οἶμαι
1236 3638 1296 3692 δὲ
1338 3639 1462 3709 μηδ’
1506 3640 1668 3694 αὑτὸν
1703 3639 1911 3694 ἐκεῖνόν

335 3741 473 3778 ποτε
506 3724 691 3793 φάναι.
725 3723 850 3786 Πῶς
878 3723 988 3796 γὰρ
1015 3724 1079 3777 τό
1120 3741 1183 3794 γε
1212 3725 1332 3778 κατ’
1356 3725 1671 3798 ὀφθαλμοὺς
1696 3727 1910 3798 ἀνθρὼ-

335 3830 459 3866 πων
501 3812 773 3884 αἰσθητῶς
839 3814 1249 3884 προτιθέμενον,
1299 3816 1393 3870 καὶ
1442 3817 1649 3888 ⁵χερσὶν
1701 3816 1914 3886 ἀνθρω-

336 3904 526 3968 πίναις
562 3904 1004 3975 περιισχόμενον,
1039 3905 1133 3959 καὶ
1158 3905 1390 3960 ὀδόντων
1420 3906 1553 3960 εἵσω
1581 3907 1912 3962 κατακλειό-

339 4011 526 4064 μενον,
551 3994 765 4048 ὲδεστόν
790 4011 848 4047 τε
878 3996 1199 4064 γινόμενον;
1227 3995 1416 4052 Ταῦτα
1451 3997 1560 4068 γὰρ
1591 3996 1645 4050 τί
1695 3997 1846 4064 ἀλλο,
1874 3997 1907 4068 ἢ

338 4083 720 4156 περιγραπτδν
747 4083 880 4137 αὐτὸ
905 4085 969 4136 ἐκ
999 4084 1196 4147 παντὸς
1225 4079 1368 4138 εἶναι
1395 4084 1606 4156 βεϐαιοῖ
1651 4087 1745 4140 καὶ
1777 4103 1914 4158 παρ-

339 4173 596 4244 ίστησιν;
634 4174 700 4228 Εί
720 4173 910 4234 ,τοίνυν
942 4175 1510 4247 περιγραπτδν-τοῦτό
1549 4178 1688 4242 ἐστι,
1713 4162 1910 4230 ταυτὸν

334 4265 400 4320 δὲ
443 4265 637 4336 ἐκείνῳ
670 4264 748 4335 τῷ
791 4264 1004 4334 σώματι
1058 4265 1290 4335 γίνεται,
1335 4266 1365 4320 ὃ
1409 4268 1560 4340 παρὰ
1601 4269 1700 4339 τὴν
1733 4269 1910 4340 ἀρχὴν

2087 2018 2107 2052 ι
2145 1998 2406 2071 Praecepit
2446 2000 2650 2056 sanctis
2689 1999 2967 2071 discipulis
3003 2000 3119 2057 suis
3155 2010 3318 2073 atque
3351 2013 3576 2073 aposto-

2006 2091 2092 2156 lis,
2125 2101 2183 2146 ut
2236 2091 2303 2146 de
2356 2106 2522 2158 opere
2557 2093 2832 2162 praecipuo
2861 2091 3065 2147 amoris
3116 2093 3222 2159 sui,
3282 2103 3466 2165 typum
3521 2096 3576 2150 in

2005 2197 2103 2238 suo
2151 2197 2381 2253 corpore
2425 2184 2722 2248 traderent,
2769 2193 2828 2236 ut
2887 2198 2984 2252 per
3033 2185 3377 2241 sacerdotale
3409 2187 3578 2243 mini-

2005 2274 2256 2338 sterium,
2301 2273 2513 2329 etiamsi
2572 2275 2989 2346 participatione
3021 2287 3079 2332 et
3126 2279 3422 2348 adoptione
3493 2281 3575 2344 fit,

2006 2363 2366 2432 suscipiamus
2385 2363 2558 2433 ipsum
2585 2371 2842 2434 tanquam
2871 2367 3090 2435 proprie
3111 2382 3346 2438 vereque
3379 2383 3578 2440 corpus

2005 2455 2143 2524 ejus.
2186 2474 2204 2507 ι
2251 2455 2389 2521 Quid
2431 2455 2496 2510 de
2531 2455 2814 2512 Dominico
2846 2458 3067 2527 quidem
3104 2473 3332 2529 corpore
3381 2461 3577 2516 existi-

2006 2555 2136 2608 met,
2170 2545 2284 2614 ipse
2319 2545 2498 2600 videat
2547 2553 2604 2600 et
2651 2546 2772 2616 ejus
2807 2547 3079 2618 discipuli.
3126 2549 3381 2606 Attamen
3415 2553 3579 2608 dictis

2007 2649 2107 2689 nos
2149 2636 2223 2690 ita
2281 2651 2651 2692 occurremus.
2695 2636 3140 2708 Quandoquidem
3174 2641 3279 2696 hoc
3311 2643 3456 2709 quod
3503 2645 3581 2698 ait

2007 2725 2428 2796 participatione
2456 2735 2513 2782 et
2541 2727 2833 2798 adoptione
2870 2729 3076 2798 perﬁci,
3115 2746 3207 2798 per
3247 2732 3582 2786 sacerdotale

2007 2817 2355 2870 ministerium
2377 2833 2492 2871 vere
2523 2817 2863 2886 absoluteque
2883 2807 3083 2874 Christi
3116 2837 3306 2889 corpus
3331 2823 3574 2892 efficitur,

2008 2905 2180 2974 ipsius
2208 2905 2368 2959 Verbi
2401 2905 2679 2974 proprium
2710 2907 2966 2971 ;omniuo
2987 2907 3268 2965 confessus
3293 2921 3378 2966 est
3401 2913 3576 2981 ipsum

2009 2995 2138 3050 iliud
2168 2997 2280 3068 68
2318 2995 2508 3065 perﬁci
2559 3010 2756 3064 corpus
2803 2997 2947 3066 quod
2988 3013 3054 3052 ex
3123 3010 3313 3054 sancta
3361 3001 3580 3072 Virgine

2009 3089 2257 3156 sumpsit.
2297 3086 2436 3154 Quid
2476 3091 2609 3157 ergo
2640 3089 2713 3143 sit
2755 3103 2954 3159 corpus
3013 3090 3118 3145 hoc
3180 3101 3302 3159 post
3361 3107 3577 3148 sacrum

2011 3179 2375 3235 ministerium
2406 3185 2461 3234 et
2504 3178 2992 3235 sanctiﬁcationem
3022 3181 3293 3246 effectum,
3331 3196 3580 3252 quaerere

2011 3285 2237 3327 necesse
2299 3280 2407 3336 est,
2456 3271 2998 3339 circutnscriptttmne
3055 3271 3128 3326 sit
3179 3287 3246 3326 an
3285 3272 3592 3327 ἰιιείτειιηιι

2010 3360 2316 3430 scriptum?
2383 3359 2920 3430 lncircumscriptum
2988 3361 3205 3430 quidem
3286 3375 3445 3416 nemo
3501 3362 3576 3415 ita

2011 3461 2194 3508 mente
2247 3451 2491 3523 dejectus
2534 3450 2908 3521 attonitusque
2955 3451 3086 3515 erit,
3137 3451 3229 3522 qui
3295 3453 3586 3508 nominare

2011 3542 2193 3608 ausit;
2249 3555 2350 3598 nec
2410 3541 2584 3612 ipsum
2615 3541 2834 3611 quidem
2878 3539 3178 3596 Mamonam
3225 3543 3274 3596 id
3342 3559 3578 3613 unquam

2012 3635 2286 3690 dicturum
2339 3643 2487 3703 puto.
2539 3632 2641 3700 Qui
2691 3633 2836 3687 enim
2895 3631 3003 3687 tale
3029 3647 3151 3688 esse
3183 3642 3381 3702 potest,
3431 3637 3574 3704 qttotl

2011 3721 2181 3776 oculis
2212 3720 2491 3776 hominum
2525 3719 2854 3776 seusibiliter
2897 3720 3205 3789 objectum,
3237 3729 3290 3774 et
3323 3723 3574 3777 humanis

2012 3813 2259 3867 manibus
2306 3821 2636 3881 porrectum,
2683 3819 2739 3866 et
2789 3811 2935 3866 intra
2990 3812 3182 3867 dentes
3235 3811 3576 3878 conclusum,

2010 3912 2065 3958 et
2092 3902 2250 3957 edule
2279 3901 2481 3956 factum
2504 3901 2624 3955 est?
2645 3899 2794 3965 Haec,
2816 3899 3062 3971 inquam,
3093 3900 3222 3970 quid
3249 3901 3396 3956 aliud
3417 3917 3582 3972 quam

2014 3995 2185 4064 ipsum
2213 4007 2335 4049 esse
2365 3993 2836 4063 circumscriptum
2868 3992 3093 4047 omnino
3113 3990 3388 4047 afﬁrmant
3417 4004 3583 4063 atque

2011 4084 2344 4140 ostendunt?
2376 4085 2432 4140 Si
2477 4098 2610 4154 ergo
2631 4085 2735 4139 hoc
2761 4083 3234 4153 circumscriptum
3276 4093 3381 4151 est,
3419 4085 3585 4140 idem-

2012 4187 2117 4241 que
2147 4171 2329 4226 estad
2382 4170 2513 4226 illud
2563 4171 2704 4240 quod
2765 4170 2921 4225 initio
2971 4171 3313 4226 lncarnatum
3349 4172 3580 4228 Verbum

2012 4261 2325 4332 assumpsit,
2368 4261 2633 4331 quoniam
2685 4268 2741 4315 et
2787 4260 2854 4315 ad
2907 4260 3039 4316 illud
3087 4261 3343 4330 refertur,
3395 4264 3585 4334 utique

338 4354 716 4424 σαρκούμενος
762 4355 791 4407 ὸ
838 4354 1012 4421 Λόγος
1072 4355 1460 4426 προσείληφεν,
1504 4357 1628 4411 ἐπεὶ
1683 4360 1778 4412 καὶ
1822 4359 1907 4411 ἐπ’

2013 4353 2146 4408 illud
2179 4368 2396 4424 quoque
2418 4353 2893 4424 circumscriptum
2927 4352 3026 4408 fuit
3053 4370 3066 4421 ;
3103 4363 3158 4411 et
3189 4369 3584 4428 usquequaque

337 4445 482 4498 αὐτὸ
507 4443 609 4514 τὴν
627 4443 908 4515 ἀναφορὰν
942 4443 1079 4516 ἔχει,
1108 4446 1490 4516 περιγραπτὺν
1517 4449 1626 4518 ἀρα
1658 4451 1906 4503 κάκεῖνο·

337 4535 438 4588 καὶ
493 4535 774 4590 ἁλίσκεται
829 4536 974 4590 κατὰ
1010 4538 1189 4592 πάντα
1237 4538 1416 4609 ἑαυτῷ
1476 4540 1910 4612 ἐναντιούμενος.

345 4624 421 4676 ’Ἡ
454 4623 564 4694 γὰρ
594 4626 690 4678 καὶ
721 4623 881 4678 τοῦτο
906 4625 1316 4697 ἀπειρίγραπτον
1357 4627 1603 4692 δοξάζειν
1643 4629 1770 4692 ἔδει,
1827 4629 1915 4682 ῖνα

344 4715 426 4785 μὴ
460 4714 622 4785 μόνον
649 4715 720 4769 τὰ
744 4715 845 4785 τῆς
867 4717 1124 4781 ἀπιστίας
1162 4718 1258 4772 καὶ
1293 4717 1482 4783 ἀθεῖας
1513 4719 1681 4774 αὑτοῦ
1733 4720 1916 4774 τέλεον

339 4805 682 4876 δεικνύηται,
732 4805 868 4859 ἀλλὰ
897 4807 993 4860 καὶ
1041 4807 1216 4876 γέλως
1258 4809 1354 4862 καὶ
1390 4808 1555 4881 λῆρος
1595 4811 1664 4865 τὰ
1707 4811 1915 4866 ἐκείνου

341 4899 485 4950 πᾶσι
504 4895 786 4967 νομισθείη
817 4898 1162 4968 φρονήματα,
1193 4899 1228 4970 ἢ
1251 4901 1470 4954 κάκεῖνο
1507 4902 1725 4966 πάντως
1762 4919 1913 4974 περιο

341 4984 614 5054 γραπτόν.

417 5080 488 5142 γ’.
525 5075 636 5128 Καὶ
658 5073 831 5128 ταῦτα
865 5075 964 5146 μὲν
982 5075 1124 5129 οὕτω
1164 5076 1436 5147 δεδείχθω.
1473 5078 1538 5130 Τί
1567 5079 1623 5132 δὲ
1645 5071 1796 5150 αὗτῷ
1821 5082 1917 5135 καὶ

342 5165 534 5234 ῑτερον
584 5166 693 5220 τῶν
748 5165 968 5220 ἀτόπων
1026 5166 1275 5220 ἐντεῦθεν
1331 5169 1565 5239 ὑπήντα.
1624 5171 1918 5226 Βεϐίασται

342 5259 476 5310 ὅσον
512 5261 577 5311 ἐκ
613 5258 722 5311 τῶν
765 5259 982 5312 οἰκείων
1029 5259 1225 5327 λόγων,
1277 5259 1310 5330 ἢ
1365 5261 1918 5332 συμπεριγράφεσθαι

342 5347 442 5401 τὸν
473 5345 616 5400 θεῖον
657 5348 830 5417 Λόγον
879 5347 1054 5420 τούτῳ
1108 5348 1187 5418 τῷ
1249 5351 1312 5402 ἐκ
1366 5351 1599 5420 μετοχῆς
1647 5351 1920 5423 γινομένῳ

345 5436 567 5507 σώματι
591 5437 792 5505 λέγειν,
831 5439 863 5510 ἢ
895 5438 1188 5511 διῃρῆσθαι
1217 5440 1313 5493 ἀπ’
1340 5440 1507 5494 αὑτοῦ
1532 5441 1621 5496 διὰ
1648 5442 1749 5512 τὴν
1793 5442 1920 5512 μίαν

345 5529 650 5583 ὑπόστασιν
669 5548 680 5559 ·
719 5528 860 5582 ὥστε
889 5534 1009 5594 ταῖς
1037 5530 1318 5602 ἀληθείαις
1347 5533 1466 5603 μηδ’
1488 5533 1740 5587 ὁπωσοῦν
1771 5534 1920 5604 αὐτῷ

344 5617 564 5673 ικεῖθεν
596 5619 870 5690 ἀγιασμοῦ
909 5622 1272 5691 μετεῖναικαὶ
1301 5624 1542 5694 χάριτος.
1579 5625 1644 5676 Τί
1688 5625 1745 5678 δὲ
1772 5625 1920 5697 αὐτῷ

2015 4444 2118 4498 sibi
2167 4443 2480 4499 contrarius
2529 4442 2809 4500 Mamonas
2863 4446 3306 4514 deprehenditur.
3345 4447 3441 4503 Vel
3482 4449 3585 4505 hoc

2017 4534 2146 4589 item
2201 4533 2736 4604 incircumscriptum
2791 4537 3149 4607 reputandum
3195 4548 3313 4606 est;
3360 4548 3417 4594 et
3461 4548 3576 4595 tum

2014 4622 2276 4679 Mamonaz
2294 4638 2400 4679 non
2435 4623 2612 4679 solum
2638 4624 2994 4681 incredulitas
3014 4636 3180 4696 atque
3206 4627 3584 4700 irreligiositas

2017 4712 2259 4784 apprime
2293 4714 2597 4784 apparebit,
2630 4728 2819 4770 verum
2855 4715 3020 4771 etiam
3060 4717 3197 4771 risui
3238 4731 3302 4772 ac
3348 4718 3585 4776 ludibrio

2018 4805 2228 4860 cunctis
2256 4813 2416 4860 erunt
2447 4804 2564 4873 ejus
2605 4807 2888 4878 Opiniones
2922 4826 2936 4862 :
2969 4809 3054 4865 vel
3083 4820 3235 4865 certe
3273 4810 3402 4866 illud
3433 4825 3586 4882 eque

2019 4895 2490 4963 circumscriptum
2520 4895 2644 4952 fuit.

2089 5079 2143 5135 5.
2179 5079 2354 5150 Atque
2375 5080 2492 5136 haec
2526 5081 2596 5136 ita
2622 5081 2986 5136 demonstrata
3014 5091 3196 5137 sunto.
3221 5081 3327 5137 Sed
3356 5091 3413 5138 et
3441 5083 3584 5139 aliud

2021 5173 2315 5228 absurdum
2351 5173 2480 5227 hinc
2511 5173 2560 5227 ei
2585 5174 2825 5228 obvenit.
2851 5172 3072 5241 Cogitur
3099 5174 3376 5242 nimirum,
3411 5191 3588 5243 quan-

2023 5273 2134 5317 tum
2169 5263 2288 5333 ejus
2325 5264 2490 5318 verba
2531 5263 2734 5328 valent,
2771 5272 2864 5318 aut
2905 5263 3066 5318 simul
3105 5267 3585 5338 circumscriptum

2020 5352 2204 5408 dicere
2234 5351 2475 5408 divinum
2513 5351 2746 5408 Verbum
2784 5368 2908 5410 cum
2941 5355 3042 5410 hoc
3067 5369 3133 5411 ex
3165 5357 3586 5428 participatione

2022 5446 2166 5501 facto
2196 5459 2448 5529 corpore,
2482 5444 2568 5498 vel
2595 5445 2660 5499 ab
2690 5443 2779 5499 illo
2807 5454 3029 5515 propter
3071 5461 3234 5501 unam
3281 5447 3588 5519 hypotasitn

2023 5535 2262 5589 dividere
2290 5551 2305 5599 ;
2348 5537 2419 5588 ita
2447 5543 2506 5587 ut
2537 5547 2730 5604 reapse
2782 5534 2916 5589 nihil
2946 5550 3177 5606 prorsus
3231 5537 3334 5592 hoc
3365 5539 3591 5609 partici-

2024 5634 2114 5692 pct
2141 5623 2592 5680 sanctiﬁcationis
2616 5633 2670 5680 et
2716 5625 2925 5694 gratiae.
2977 5623 3116 5692 Quid
3159 5641 3321 5696 porro
3358 5626 3408 5682 ei
3448 5627 3595 5681 acci-
