3972 6130
240 454 351 518 337

954 464 1583 529 ANTIRRHETICUS
1637 470 1697 529 II
1743 472 1910 533 ADV.
1952 473 2546 537 CONSTANTINUM
2583 472 2797 534 COPR.

3398 414 3508 551 333

243 581 354 630 σιν,
392 566 424 637 ἢ
451 568 704 639 χωρίσεις
727 568 868 625 θύων
895 573 957 627 τὸ
1005 576 1365 654 άνθρωπινον.
1387 579 1448 632 El
1474 579 1530 631 δὲ
1557 579 1719 651 πείθῃ
1745 581 1822 653 τῷ

1942 600 2033 639 ,ειη
2072 601 2290 656 separas
2318 586 2451 656 (77).
2478 582 2631 652 Quod
2663 583 2707 637 si
2737 578 2915 636 credis
2942 560 3206 649 magistro
3247 586 3337 633 tuo
3389 577 3503 647 Eu:

243 657 326 729 σῷ
351 660 659 732 διδασκάλῳ
685 663 926 736 Εὐσεϐίῳ
950 666 1162 735 λέγοντι
1191 671 1273 722 ὅτι
1324 671 1420 741 ὅλη
1473 670 1649 724 διόλου
1699 690 1827 743 μετ-

240 747 452 819 εϐλήθη
483 752 516 821 ἡ
550 752 709 823 σὰρξ,
754 755 828 825 μὴ
867 757 1102 826 μείνασα
1129 759 1276 814 τοῦθ’
1301 761 1438 832 ὅπερ
1474 757 1544 832 ἦν
1582 764 1724 835 σὰρξ
1747 766 1826 829 είς

238 839 345 910 τὴν
367 841 466 910 τῆς
481 842 734 913 θεότητος
765 846 833 915 ἢν
865 845 975 901 οῐδε
997 849 1182 918 φύσιν,
1221 852 1398 923 μάτην
1429 852 1573 909 θύων
1598 855 1822 928 ἁλίσκῃ.

241 930 409 994 Τίνος
459 934 519 987 δὲ
581 934 719 1000 ὅλως
781 940 1157 1011 μεταλήψεται
1199 943 1528 1016 ἄνθρωποςς
1585 947 1657 999 Ἦ
1705 948 1828 1018 οὐχὶ

238 1024 455 1094 σαρκὸς
484 1026 644 1090 Θεοῦ,
674 1028 812 1083 ἀλλὰ
844 1032 1063 1099 φύσεως
1088 1033 1344 1106 θεότητος
1365 1037 1509 1102 δόξει
1547 1039 1826 1109 μεταλαγ-

240 1116 465 1185 χάνεινς
510 1120 861 1193 Μανιχαῖκῆς
912 1123 1088 1177 ταῦτα
1130 1127 1450 1194 φαντασίας.
1499 1128 1574 1180 Τὸ
1623 1130 1733 1181 πᾶν
1770 1128 1829 1182 δὲ

239 1207 346 1275 τῆς
376 1207 593 1276 μήνιδος
620 1210 763 1264 κατὰ
789 1213 883 1266 τοῦ
910 1214 1190 1285 Κυριακοῦ
1218 1216 1477 1287 σώματος
1499 1217 1659 1287 ἔχων,
1682 1219 1822 1281 τέως

243 1297 380 1367 περί
426 1314 491 1366 γε
537 1300 734 1354 τούτου
784 1302 879 1356 τοῦ
936 1304 1078 1359 κατὰ
1128 1306 1383 1377 μετοχὴν,
1436 1307 1591 1361 οὐδὲν
1642 1309 1824 1378 λέγειν

246 1391 570 1465 βλάσφημον
592 1396 1064 1467 παρρησιάζεται·
1099 1400 1297 1477 ἐπάγει
1325 1401 1383 1454 δὲ
1414 1401 1640 1461 τοιαῦτα
1670 1417 1684 1433 ·

190 1583 207 1635 3‘
324 1594 345 1626 ι
383 1577 447 1629 Τί
480 1578 628 1650 γάρ;
669 1580 780 1641 Καὶ
808 1580 974 1635 εἰκών
1003 1582 1124 1636 ἐστι
1151 1582 1244 1636 τοῦ
1279 1582 1532 1654 σώματος
1549 1583 1715 1637 αὐτοῦ
1736 1584 1831 1637 καὶ

240 1666 274 1718 ὁ
310 1667 477 1738 ἄρτος
501 1669 561 1722 ὃν
585 1670 960 1743 λαμϐάνομεν,
984 1674 1280 1743 μορφάζων
1308 1672 1407 1743 τὴν
1429 1675 1607 1744 σάρκα
1637 1671 1827 1740 αὐτοῦ,

240 1757 325 1821 ὡς
374 1760 455 1821 είς
505 1759 670 1814 τύπον
712 1761 810 1815 τοῦ
857 1762 1109 1834 σώματος
1164 1765 1376 1818 ἐκείνου
1444 1766 1756 1836 γινόμενος.
1807 1760 1832 1818 ι’

242 1849 681 1918 Παραινίττεται
705 1854 838 1923 ἡμῖν
867 1854 955 1907 διὰ
995 1854 1087 1907 τοῦ
1120 1855 1219 1908 καί
1272 1855 1593 1925 συνδέσμου,
1622 1857 1699 1919 ὼς
1735 1855 1831 1910 καὶ

1931 676 2084 732 sebio
2115 676 2315 731 dicenti
2351 684 2519 730 totam
2571 672 2796 729 omnino
2835 676 3098 723 mutatam
3124 682 3247 722 esse
3286 681 3507 721 carnem

1930 765 2073 838 (qua
2101 767 2241 821 haud
2274 774 2493 820 maneat
2520 771 2683 835 prout
2713 772 2870 816 antea
2901 766 3020 815 erat
3046 756 3197 828 caro)
3235 757 3287 811 in
3311 757 3510 812 oivini-

1930 861 2055 913 tatls
2083 868 2245 929 prout
2272 859 2388 928 ipse
2414 858 2519 911 scit
2546 864 2819 918 naturam,
2841 850 2953 920 jam
3005 860 3060 904 tu
3096 849 3302 904 frustra
3335 846 3508 903 sacri.

1931 948 2096 1004 iicare
2127 949 2471 1004 convinceris
2502 945 2639 1017 (78).
2679 944 2816 1012 Quid
2864 942 3008 998 enim
3032 943 3248 995 demum
3284 938 3507 1007 partici-
3564 986 3568 993 ν

1930 1040 2079 1109 pabit
2117 1040 2313 1095 homo?
2357 1038 2495 1093 Num
2546 1052 2765 1092 carnem
2824 1035 2916 1089 Dei
2970 1046 3348 1105 nequaquam,
3413 1028 3508 1081 sed
3562 1062 3570 1095 ;

1932 1132 2167 1185 divinam
2196 1141 2448 1185 naturam
2501 1129 2773 1183 videbitur
2820 1124 3175 1199 participare?
3208 1119 3504 1178 Phantasia
3561 1148 3569 1159 ι

1928 1216 2053 1275 hrec
2081 1221 2381 1276 Manichtea
2437 1227 2541 1280 est.
2599 1216 2905 1291 Caeteroqni
2939 1228 3249 1285 quanquam
3304 1211 3504 1265 iratum
3560 1240 3565 1251 ι

1931 1328 2154 1385 prorsus
2189 1310 2432 1365 animum
2464 1319 2655 1363 contra
2710 1306 3057 1361 Dominicum
3097 1316 3294 1371 corpus
3344 1300 3507 1371 gerit,

1939 1405 2158 1469 interim
2216 1404 2358 1471 quod
2414 1403 2614 1455 attinet
2677 1399 2742 1452 ad
2813 1398 2932 1465 ejus
3009 1392 3508 1464 participationem,

1932 1495 2064 1550 nihil
2090 1496 2463 1571 blasphemum
2496 1493 2683 1551 dicere
2712 1489 2896 1544 audet.
2942 1485 3137 1540 Subdit
3184 1497 3314 1536 vero
3348 1483 3465 1571 lucc
3493 1497 3506 1532 :

2009 1604 2028 1636 ι
2066 1584 2205 1654 Quid
2226 1570 2430 1639 enim?
2477 1582 2662 1650 imago
2697 1587 2783 1633 est
2827 1574 3076 1645 corporis
3105 1571 3310 1628 Christi
3349 1570 3510 1626 etiam

1932 1676 2105 1745 panis,
2137 1689 2296 1744 quem
2329 1673 2618 1739 sumimus,
2643 1656 2886 1740 ﬁgurans
2917 1679 3142 1721 carnem
3162 1663 3303 1731 ejus,
3324 1670 3512 1731 utpote

1933 1766 2025 1836 qui
2065 1780 2165 1820 ceu
2210 1774 2368 1835 typus
2397 1760 2649 1833 corporis
2693 1757 2899 1813 Christi
2934 1755 3013 1809 tit.
3061 1771 3080 1804 ι
3124 1752 3306 1807 innuit
3356 1748 3513 1803 nobis

1934 1872 2031 1927 per
2058 1855 2479 1927 conjunctivam‘
2513 1850 2835 1922 particulam
2888 1848 3046 1902 etiam
3084 1844 3245 1898 aliam
3295 1853 3524 1911 quoque

241 1939 391 2009 ἄλλη
412 1941 579 1995 εἰκών
609 1943 726 1996 ἐστι
756 1943 853 1997 τοῦ
886 1945 1141 2015 σώματος
1168 1945 1262 1999 τοῦ
1298 1945 1566 2017 Χριστοῦ,
1605 1946 1701 2000 καὶ
1730 1946 1827 2000 τοῦ

1942 1960 2055 2001 esse
2084 1945 2375 2015 imaginem
2405 1941 2656 2010 corporis
2678 1938 2911 2000 Christi,
2939 1943 3141 2007 praeter
3163 1946 3381 2003 panem.
3414 1931 3510 1984 At-

240 2029 419 2099 ἄρτου
469 2031 615 2103 δίχα.
663 2034 963 2104 Μετριάζει
1027 2036 1085 2089 δὲ
1136 2034 1371 2088 ἐνταῦθα
1404 2035 1502 2107 τὴν
1538 2035 1827 2088 ἀσέϐειανο

242 2124 298 2174 εί
359 2119 464 2194 [ὲν]
518 2122 793 2189 πλείστοις
834 2125 944 2196 γὰρ
992 2124 1207 2195 ἑτέροις
1246 2125 1554 2196 θεομαχῶν,
1611 2125 1829 2179 εἴδωλον

183 2266 189 2270 .
241 2210 459 2282 ταύτην
507 2213 694 2268 καλεῖν
735 2215 796 2269 οὐ
842 2216 1295 2288 καταπέφρικεν,
1351 2218 1412 2270 οὐ
1455 2214 1737 2289 διατρανοῖ
1772 2217 1829 2270 δὲ

243 2303 485 2373 πότερον
524 2304 732 2358 τούτων
767 2305 1173 2378 ὲκτυπὼτερον,
1237 2307 1361 2379 ἢτδ
1402 2306 1570 2361 πλέον
1601 2310 1684 2371 είς
1730 2307 1832 2377 τὴν

243 2392 518 2462 ὁμοίωσιν
549 2393 648 2447 τοῦ
683 2396 1044 2465 πρωτοτύπου
1081 2395 1259 2466 φέρει,
1288 2395 1568 2450 δείκνυται
1590 2396 1649 2449 δὲ
1683 2395 1832 2465 αὐτῷ

244 2481 537 2536 κάνταῦθα
573 2483 637 2536 τὸ
657 2484 950 2539 ἀλλόκοτον
973 2501 989 2518 ο
1030 2486 1165 2539 ποτὲ
1198 2486 1297 2557 μὲν
1325 2486 1436 2557 γὰρ
1480 2486 1640 2556 σῶμα
1673 2485 1833 2540 τοῦτο

246 2571 466 2643 κυρίως
499 2574 594 2626 καὶ
625 2573 847 2643 ἀληθῶς
873 2574 1054 2638 καλεΐ,
1083 2575 1219 2628 ποτὲ
1256 2575 1314 2629 δὲ
1345 2576 1529 2629 εἰκόνα
1556 2574 1831 2645 σώματος,

242 2662 463 2734 ταύτην
491 2664 778 2734 ὑπομένων
825 2665 925 2736 τὴν
955 2666 1223 2736 πλάνησιν
1270 2666 1380 2720 ἀπὸ
1432 2666 1529 2720 τοῦ
1582 2666 1834 2720 σπεύδειν

244 2753 424 2809 αὐτὸν
452 2755 517 2807 ὲκ
549 2753 716 2825 μέσου
748 2755 975 2825 ποιῆσαι
1019 2755 1121 2826 τὴν
1163 2755 1534 2827 εὐαγγελικήν
1591 2756 1835 2826 ἱστορίαν

246 2862 313 2897 τε
353 2844 450 2897 καὶ
476 2845 774 2916 ὑφήγησιν.
821 2846 962 2898 Ἀλλ’
997 2847 1186 2917 εἴρητο
1214 2844 1282 2899 ἂν
1313 2846 1408 2899 καὶ⁸
1455 2844 1618 2899 τοῦτο
1659 2847 1833 2916 αὐτῷ,

246 2938 338 2990 ὅτι
382 2937 544 2990 Κατὰ
559 2936 673 3000 ’τὰς
707 2937 808 3001 σὰς
839 2936 1163 3008 ὑπολήψειῦ
1202 2938 1324 2991 οὐδὲ
1358 2938 1521 3008 σῶμά
1555 2938 1673 2991 ἐστι
1701 2939 1836 3009 Xpl.

247 3026 412 3092 στοῦ,
448 3028 572 3081 οὐδὲ
622 3026 789 3081 είκὼν
841 3026 938 3081 τοῦ
982 3026 1235 3094 σώματος
1269 3028 1460 3082 αὐτοῦ.
1494 3029 1557 3082 Ei
1591 3030 1692 3099 μὲν
1722 3029 1834 3100 γὰρ

248 3119 707 3188 περιτετράφθαι
756 3119 955 3183 εἴποις,
991 3120 1181 3191 ἐπειδὴ
1217 3119 1425 3191 χείλεσι
1477 3121 1574 3174 καὶ
1622 3120 1836 3175 ὀδοῦσιν

244 3209 733 3280 ὲμπεριείργεται,
773 3211 836 3263 οὗ
870 3210 1109 3282 Χριστοῦ
1148 3210 1329 3281 σῶμα,
1372 3211 1494 3265 οὐδὲ
1527 3212 1735 3282 ἥνωται
1758 3210 1836 3282 τῷ

248 3302 439 3368 Λόγῳ.
467 3302 826 3373 Προδιωρίσω
846 3304 956 3373 γὰρ
987 3302 1273 3370 πολλάκις,
1304 3305 1387 3357 ὄτι
1418 3303 1836 3374 ἁπερίγραπτον

249 3392 318 3445 τὺ
334 3391 497 3462 σῶμα
523 3391 618 3446 τοῦ
637 3392 874 3463 Χριστοῦ
899 3393 989 3447 διὰ
1015 3393 1117 3463 τὴν
1150 3394 1288 3465 πρὸς
1314 3394 1407 3448 τὸν
1428 3394 1601 3463 Λόγον
1619 3394 1836 3448 ἕνωσιν.

249 3484 323 3536 El
351 3483 414 3536 δὲ
436 3484 623 3538 εἰκόνα
669 3485 922 3554 σώματος
961 3488 1177 3554 φήσεις,
1231 3485 1292 3538 οὐ
1340 3486 1503 3555 μόνον
1547 3487 1624 3548 ὡς
1663 3486 1840 3540 εἰκὼν

251 3575 626 3646 ἀπελήλαται,
652 3575 789 3629 ἀλλὰ
827 3576 925 3629 καὶ
946 3576 1020 3638 ὼς
1049 3575 1339 3645 διαιροῦσα
1370 3576 1434 3629 τὸ
1464 3576 1628 3646 φύσει
1671 3578 1835 3649 σῶμα

218 3722 229 3734 .
251 3669 325 3719 ὲκ
355 3668 454 3737 τῆς
484 3667 627 3720 κατὰ
656 3666 748 3721 τὸν
775 3667 948 3735 Λόγον
982 3667 1253 3732 ἐνώσεως.
1301 3668 1493 3733 Οὕτως
1545 3671 1644 3739 οὐχ
1672 3670 1835 3741 ἔστη-

250 3778 357 3814 κεν
379 3761 464 3830 ὲφ¹
497 3761 697 3832 ἑαυτῆς
717 3763 750 3831 ἠ
783 3761 960 3832 πλάνη
996 3762 1092 3814 καὶ⁸
1116 3764 1149 3832 ή
1189 3761 1500 3817 δυσσέϐεια.
1552 3763 1623 3815 Ἦ
1656 3763 1841 3816 τοίνυν

251 3856 354 3905 καὶ
380 3851 569 3906 τοῦτον
608 3854 700 3905 τὸν
739 3853 906 3924 ἄρτον
938 3852 1355 3925 ἀπερίγραπτον
1399 3853 1701 3923 ἀπόφηναι,
1750 3854 1840 3915 ἵνα

252 3961 346 3998 σοι
370 3945 535 3997 πλέον
557 3944 626 3997 τὰ
658 3945 758 4015 τῆς
782 3945 1197 4014 μυθοπλαστίας
1228 3941 1673 4018 ἀπηρτισμένα
1696 3963 1709 3978 ·
1739 3947 1841 3999 οὐκ

250 4036 380 4091 ἔστι
447 4037 558 4107 γὰρ
609 4036 774 4105 φύσιν
835 4036 962 4107 ἔχον
1023 4036 1179 4091 τοῦτό
1213 4052 1322 4104 γε’
1383 4037 1417 4106 ἢ
1475 4038 1841 4109 εὑρεθήσεται

255 4129 449 4200 μάτην
507 4145 590 4181 σοι
638 4130 667 4182 ὁ
719 4129 828 4193 πᾶς
876 4128 973 4182 τοῦ
1024 4129 1452 4202 ἅπεριγράπτου
1505 4130 1838 4204 ἐκπονηθεὶς

251 4220 447 4289 λόγος.

247 4384 251 4386 ἡ
336 4310 472 4367 Εἶτα
488 4313 627 4383 μετὰ
641 4314 816 4368 ταῦτά
831 4330 1015 4384 φησιν*
1034 4331 1052 4366 ι
1078 4315 1151 4368 Οὐ
1172 4316 1281 4379 πᾶς
1296 4314 1461 4386 ἄρτος
1479 4315 1640 4386 σῶμα
1654 4316 1841 4384 αὐτοῦ,

255 4403 456 4475 ὥσπερ
477 4404 598 4459 οὐδὲ
620 4404 728 4475 γὰρ
752 4406 858 4467 πᾶς
879 4401 1019 4469 οἶνος
1040 4401 1180 4477 αἷμα
1204 4407 1391 4473 αὐτοῦ,
1422 4409 1471 4461 εί
1496 4407 1570 4479 μὴ
1584 4406 1612 4458 ὁ
1639 4408 1727 4461 διὰ
1745 4410 1846 4480 τῆς

256 4496 553 4568 ἱερατικῆς
581 4497 803 4567 τελετῆς
828 4498 1235 4570 ἀναφερόμενος
1258 4500 1322 4552 ὲκ
1341 4497 1439 4552 τοῦ
1461 4501 1844 4572 χειροποιήτου

1930 2037 2161 2108 que-hic
2191 2045 2343 2091 certe
2380 2032 2646 2102 impietati
2675 2045 2790 2087 suae
2834 2026 3183 2091 moderatur;
3230 2038 3354 2076 nam
3397 2020 3515 2090 plu-

1934 2129 2087 2183 rimis
2113 2126 2236 2181 aliis
2291 2126 2346 2180 in
2398 2125 2535 2180 locis
2585 2137 2705 2177 cum
2741 2121 2853 2175 Deo
2899 2118 3267 2185 belligerans,
3309 2112 3512 2167 idolum

1933 2219 2087 2275 hanc
2123 2217 2415 2288 imaginem
2465 2215 2742 2286 appellare
2772 2227 2879 2267 non
2931 2207 3238 2266 exhorruit.
3276 2205 3393 2261 Non
3429 2213 3510 2259 ta-

1932 2326 2058 2367 men
2089 2309 2292 2377 diserte
2326 2308 2571 2363 declarat
2597 2314 2719 2360 utra
2741 2319 2812 2359 ex
2839 2301 2925 2357 bis
2954 2308 3303 2371 prototypum
3336 2294 3510 2366 magis

1931 2400 2222 2470 exprimat,
2244 2399 2330 2454 vel
2358 2396 2771 2453 similitudinem
2792 2393 2985 2449 melius
3019 2405 3141 2446 cum
3174 2404 3245 2445 eo
3272 2397 3507 2443 tueatur.

1898 2489 2052 2546 'Jam
2087 2505 2219 2546 vero
2271 2490 2400 2545 hinc
2444 2502 2662 2559 quoque
2705 2484 3017 2541 absurditas
3062 2481 3182 2552 ejus
3206 2479 3512 2535 clarescit:

1934 2582 2098 2637 modo
2136 2580 2281 2634 enim
2318 2580 2423 2636 hoc
2472 2579 2697 2649 proprie
2725 2590 2965 2646 vereque
3012 2588 3211 2643 corpus
3250 2570 3512 2641 appellat,

1935 2672 2098 2729 modo
2130 2672 2379 2741 corporis
2404 2671 2697 2740 imaginem
2744 2686 2759 2722 :
2793 2682 2954 2737 quem
2993 2666 3109 2735 ipse
3132 2678 3375 2719 errorem
3415 2676 3514 2732 pa-

1936 2765 2088 2830 titur,
2123 2772 2415 2834 propterea
2448 2761 2591 2830 quod
2629 2761 2717 2815 dat
2753 2772 3008 2828 cperam,
3041 2765 3101 2811 ut
3141 2753 3514 2823 evangelicam

1936 2858 2003 2911 de
2026 2856 2200 2910 medio
2229 2854 2383 2908 tollat
2411 2853 2695 2907 historiam
2753 2863 2819 2904 ac
2859 2846 3249 2901 narrationem.
3275 2843 3382 2899 Sed
3403 2841 3517 2911 jam

1936 2948 1985 3004 ei
2019 2948 2222 3003 dictum
2259 2945 2385 3010 fuit,
2419 2959 2613 3010 nempe
2652 2959 2667 3009 ;
2702 2942 2845 3014 quod
2883 2938 3182 2995 secundum
3230 2935 3519 3005 opiniones

1938 3047 2078 3103 tuas,
2111 3050 2286 3107 neque
2314 3050 2513 3104 corpus
2543 3034 2747 3090 Christi
2776 3040 2882 3097 est,
2917 3044 3091 3098 neque
3129 3027 3376 3097 ejusdem
3396 3040 3522 3079 cor-

1937 3131 2086 3201 poris
2116 3131 2314 3199 imago.
2353 3126 2484 3182 Nam
2524 3127 2568 3182 si
2605 3123 2982 3183 circumscribi
3026 3121 3212 3186 dicas,
3257 3117 3516 3187 quoniam

1942 3223 2085 3276 intra
2114 3220 2253 3275 labia
2286 3228 2340 3275 et
2384 3221 2575 3275 dentes
2609 3215 2988 3281 concluditur,
3034 3228 3141 3267 non
3188 3220 3275 3266 est
3313 3206 3523 3264 Christi

1940 3328 2157 3382 corpus,
2189 3325 2363 3381 neque
2387 3310 2568 3365 Verbo
2601 3308 2811 3364 unitur.
2846 3305 3001 3374 Saepe
3046 3302 3191 3358 enim
3214 3301 3327 3371 jam
3382 3298 3519 3352 deli-9

1939 3403 2066 3457 nisti
2099 3402 2632 3470 incircumscriptum
2663 3411 2786 3454 esse
2817 3395 3019 3484 Chzisti
3049 3408 3251 3462 corpus
3286 3398 3512 3484 propter

1940 3508 2090 3549 suam
2114 3508 2235 3546 cum
2267 3492 2447 3547 Verbo
2478 3490 2756 3545 unionem.
2786 3482 2943 3554 Quod
2975 3486 3037 3542 si-
3061 3482 3353 3554 imaginem
3393 3482 3518 3534 cor-

1941 3585 2092 3656 poris
2113 3585 2285 3647 dicas,
2347 3599 2454 3639 non
2489 3582 2649 3638 modo
2688 3581 2813 3652 quia
2853 3581 3033 3649 imago
3071 3585 3178 3640 est,
3231 3573 3515 3642 reiicitur;

1942 3677 2035 3732 sed
2083 3676 2209 3745 quia
2246 3676 2412 3730 etiam
2463 3673 2745 3744 physicum
2788 3685 2985 3739 corpus
3031 3669 3100 3722 ab
3143 3666 3344 3720 unione
3392 3677 3522 3717 cum

1942 3765 2124 3822 Verbo
2156 3766 2507 3822 distraheret.
2550 3765 2698 3819 Adeo
2725 3762 2829 3819 sibi
2859 3776 2967 3815 non
3008 3767 3266 3814 constant
3296 3770 3395 3809 nec
3432 3768 3520 3808 er-

1944 3874 2037 3915 ror
2084 3858 2610 3927 uecirreligiositas.
2653 3855 2751 3909 Vel
2795 3855 2958 3924 igitur
2994 3854 3139 3906 hunc
3165 3862 3382 3917 quoque
3422 3862 3518 3915 pa.

1943 3965 2065 4006 nem
2121 3949 2652 4017 incircumscriptnm
2706 3947 2813 4012 dic,
2866 3953 2925 3998 ut
2968 3953 3056 3996 tua
3103 3940 3283 3996 omnis
3341 3937 3520 3994 fabula

1943 4038 2295 4109 perﬁciatur;
2334 4051 2507 4106 neque
2538 4037 2681 4091 enim
2712 4040 2813 4090 hoc
2851 4030 3113 4102 possibile
3143 4035 3262 4094 est;
3298 4025 3384 4081 vel
3409 4035 3519 4080 tota

1947 4139 2036 4187 tua
2081 4131 2148 4186 de
2180 4128 2649 4200 incircumscripto
2681 4126 2858 4182 oratio
2888 4124 2941 4178 in
2978 4134 3196 4176 cassum
3246 4118 3524 4174 elaborata
3614 4122 3619 4128 '

1944 4240 2059 4281 com
2068 4224 2271 4293 perietu
2280 4239 2324 4278 r.

2016 4315 2124 4386 7o
2149 4314 2277 4370 Post
2303 4312 2416 4369 haec
2436 4328 2556 4368 mox
2591 4313 2702 4367 ait:
2736 4329 2755 4362 ι
2790 4309 2907 4365 Non
2930 4306 3160 4378 quilibet
3184 4304 3368 4374 panis,
3397 4317 3525 4357 cor-

1945 4423 2046 4477 pus
2068 4409 2219 4477 ejus;
2246 4422 2348 4462 nec
2378 4407 2563 4460 vinum
2611 4403 2911 4474 quodlibet,
2942 4399 3165 4469 sanguis
3204 4396 3363 4466 ejus;
3428 4395 3525 4448 sed

1948 4499 2076 4553 illud
2110 4506 2314 4553 tantum
2343 4497 2485 4568 quod
2512 4512 2607 4568 per
2632 4493 3026 4551 sacerdotalem
3054 4488 3525 4547 consecrationem

256 4587 403 4659 πρδς
430 4589 492 4641 τὸ
522 4590 957 4662 ἀχειροποίητον.
990 4611 1009 4643 ι
1041 4590 1197 4655 Τίνος
1216 4590 1606 4663 διαποροῦντος
1627 4592 1659 4663 ἢ
1680 4595 1835 4664 ἀμφι-

1951 4590 2205 4657 oﬂ'ertur,
2253 4607 2320 4647 ex
2370 4589 2684 4645 manufacto
2750 4589 2818 4642 ad
2869 4602 2975 4641 non
3042 4582 3436 4640 tuanufactum.
3501 4596 3520 4631 ι

257 4678 735 4749 ϐάλλοντοςοῦτω
756 4679 993 4750 δριμέως
1020 4682 1114 4733 καὶ
1137 4680 1452 4751 θαρραλέως
1462 4680 1845 4749 ἀποφαίνεται,

254 4767 348 4820 ὅτι
370 4766 436 4819 οὐ
491 4768 598 4828 πᾶς
622 4767 785 4838 ἄρτος
828 4766 989 4837 σῶμα
1004 4768 1193 4834 αὑτοῦ,
1234 4768 1358 4822 οὐδὲ
1385 4772 1493 4832 πᾶς
1534 4765 1677 4833 οἶνος
1707 4764 1847 4841 αἷμα

256 4858 457 4921 αὐτοῦ,
494 4858 631 4930 μηδὲ
688 4858 1016 4924 ἀποδείξεως
1047 4859 1147 4930 τῆς
1175 4861 1304 4932 πεεῆ¹
1330 4860 1560 4927 τούτων,
1594 4863 1845 4917 ὁπωσοῦν

341 5011 458 5079 (Π)
494 5010 786 5077 Hactenus,
816 5012 1165 5081 captoinitio
1192 5012 1260 5066 ab
1297 5012 1362 5066 iis
1389 5014 1588 5079 verbis,
1619 5021 1673 5067 at
1704 5016 1843 5069 enim

260 5098 367 5155 ῃοε
394 5097 559 5150 neque
604 5083 886 5155 imaginem
912 5153 917 5155 Α
945 5083 1334 5153 (duodeviginti
1380 5084 1590 5155 scilicet
1631 5085 1842 5155 versus)

261 5152 450 5203 locum
478 5166 544 5221 ex
587 5165 693 5221 ms.
718 5151 1046 5219 ’NicephOro
1076 5160 1391 5221 excerptum
1430 5152 1656 5207 dederat
1684 5151 1843 5208 Com;

262 5219 575 5274 belisiusin
610 5220 886 5289 Manipulo
936 5238 1110 5274 rerum
1158 5219 1559 5289 Constantinop.
1604 5239 1657 5289 p.
1712 5223 1838 5277 22!.

263 5291 351 5345 De
393 5293 496 5361 hoc
530 5290 717 5344 eodem
756 5291 1047 5360 Nicephori
1095 5300 1266 5345 tractu
1306 5291 1558 5361 loquitur
1613 5292 1843 5346 llardui-

263 5374 377 5412 nus
412 5358 493 5412 De
521 5372 848 5429 sacramento
884 5358 1094 5425 nitaris,
1128 5375 1246 5428 cap.
1283 5360 1337 5423 5,
1370 5358 1527 5429 quem
1562 5374 1837 5416 auctorem

260 5429 478 5499 vidcsis
507 5428 672 5482 etiam
712 5446 764 5498 p.
804 5429 911 5483 262
955 5432 1111 5498 (cdit.
1155 5428 1476 5499 Amstelod.)
1525 5431 1577 5483 in
1616 5433 1740 5485 adn.
1779 5433 1834 5485 8.

258 5496 393 5551 Jam
425 5513 527 5566 pro
558 5500 661 5552 hoc
693 5496 1028 5554 nobilissimo
1049 5508 1105 5552 ct
1127 5496 1527 5566 pretiosissima
1563 5502 1847 5554 catholica:

257 5566 540 5639 Ecclesia:
574 5570 824 5638 dogmate
854 5570 981 5639 quid
1010 5585 1110 5638 ego
1134 5571 1246 5639 jam
1291 5570 1463 5621 dicam
1500 5580 1620 5638 pOst
1655 5572 1839 5638 praadi-

258 5646 424 5690 ctum
465 5638 726 5691 llarduini
769 5638 1078 5700 tractatum,
1127 5647 1243 5705 post
1273 5639 1498 5705 grandia
1539 5642 1758 5693 Arualdi
1793 5649 1846 5695 ct

262 5706 608 5761 Benaudotii
640 5708 934 5767 volumina.
967 5717 1087 5773 post
1117 5708 1334 5777 testium
1368 5709 1562 5773 nubem
1593 5714 1660 5761 ab
1686 5712 1844 5777 lgna-

263 5780 359 5831 tiu
396 5785 452 5830 et
481 5778 740 5842 deinceps
767 5780 906 5844 apud
937 5776 1318 5830 Cumbctisium
1363 5778 1411 5828 itt
1451 5776 1840 5833 Bibliothfl’l’.

1955 4684 2225 4751 Quonam,
2257 4699 2375 4749 oro,
2411 4683 2692 4737 dubitante
2725 4688 2819 4736 aut
2871 4679 3200 4748 ambigente,
3248 4676 3385 4730 adeo
3410 4687 3555 4726 .se-.

1956 4788 2082 4828 vere
2114 4770 2515 4828 ettiducialiter
2550 4770 2801 4838 alilrmat,
2854 4785 2958 4824 non
2986 4767 3289 4837 quemlibet
3329 4778 3525 4835 panem

1952 4879 2073 4920 esse
2116 4865 2317 4921 Christi
2353 4881 2570 4934 corpus,
2606 4878 2705 4919 nec
2730 4864 2918 4918 vinum
2949 4860 3361 4931 quodvisesse»
3376 4855 3525 4924 ejus-

1952 5032 2011 5072 re
2044 5018 2459 5089 catholicorum,
2499 5017 2875 5089 theologorum
2936 5013 3343 5089 lucubrationes
3374 5010 3525 5089 ?_Eu

1949 5097 2100 5162 certe
2135 5086 2207 5162 _e_t
2242 5090 2405 5162 alium
2467 5080 2927 5162 propugnatorem
2962 5082 3240 5162 dogmatis
3288 5080 3527 5162 patriar-

1948 5158 2105 5210 cham
2135 5150 2673 5231 Nicephorumpqui'
2691 5158 2855 5210 tctius
2879 5150 3083 5231 Graecae
3110 5150 3530 5231 Ecclesiagpel“

1949 5241 2137 5279 sonam
2170 5218 2329 5297 gerit.
2361 5218 2549 5297 Cyrilli
2571 5218 2733 5281 etiam
2764 5224 2966 5297 magni,
2993 5220 3298 5297 Sopltronii
3330 5218 3525 5297 llierq-

1947 5287 2288 5364 solymitani,
2342 5287 2589 5367 Eutyohii
2638 5287 3222 5360 Constantinopolitani
3275 5288 3413 5412 subi.
3460 5287 3527 5342 de

1948 5369 2207 5412 antittmie
2235 5368 2397 5412 etiam
2428 5365 2709 5412 diximttsl-
2742 5363 3029 5412 Theodosii
3061 5363 3266 5412 Alexan
3312 5374 3441 5412 I‘tnt.
3473 5368 3527 5412 et

1948 5363 2207 5439 antitypis
2228 5368 2397 5439 etiam
2428 5363 2709 5436 diximus),
2742 5363 3029 5439 Theodosii
3061 5363 3441 5439 Alexandrini,
3473 5368 3529 5412 et

1948 5430 2256 5491 Luculentii
2295 5437 2497 5501 Latini,
2537 5430 2677 5490 nova
2722 5433 3037 5488 testimonia
3087 5430 3214 5484 alibi
3264 5444 3364 5484 nos
3422 5430 3524 5498 ipst

1947 5507 2156 5570 vulgari
2168 5523 2309 5561 tntts.

2018 5576 2129 5645 (78)
2164 5577 2355 5632 Cernis
2387 5576 2747 5645 Nicephorum
2781 5573 2847 5628 de
2893 5572 3059 5645 missa
3105 5570 3356 5641 liturgica
3403 5577 3527 5645 tam:

1945 5641 2119 5713 quant
2171 5650 2237 5700 de
2294 5641 2567 5702 sacriﬁcio
2626 5651 2943 5700 constanter
2990 5644 3338 5713 loquentem;
3383 5641 3524 5713 quod

1945 5710 2027 5769 est
2050 5731 2246 5769 novum
2270 5727 2644 5785 argumentum
2666 5725 2852 5769 contra
2874 5715 2994 5785 illos
3018 5711 3408 5777 hcterodoxos,
3432 5710 3522 5782 qui

1944 5800 2158 5840 coenant
2197 5784 2571 5842 tantummodo
2605 5786 2879 5856 appellare
2913 5784 3118 5841 volunt.

266 5848 523 5901 convivat.
559 5849 855 5911 inductam,
888 5848 1159 5913 postalits
1185 5847 1497 5902 innumeras
1541 5852 1637 5902 bac
1679 5866 1844 5918 SUpcr
1948 5898 1951 5901 .
