3928 6142
443 404 550 469 339

1469 415 1528 473 S.
1568 413 1985 474 NICEPHOBI
2023 414 2528 475 PATRIARClI/E
2568 416 2680 474 (ΣΡ.

3599 410 3703 476 340

447 523 566 576 dem
601 523 961 594 sanguinem?
990 522 1144 592 Quod
1199 541 1321 581 cum
1372 528 1516 583 nulla
1561 530 2028 586 demonstratione

2142 531 2365 600 δεηθεὶς,
2412 532 2513 602 τῆς
2541 531 2753 586 ἐκείνου
2787 532 2981 602 σοφίας
3013 533 3164 600 ἄξιον
3184 533 3388 602 λέγειν.
3424 533 3606 603 ’Ἂπερ
3629 532 3702 594 ὡς

446 623 628 682 egeat,
689 615 962 683 sapientia
1018 616 1133 683 ejus
1191 617 1264 670 ita
1309 617 1454 687 loqui
1505 619 1725 690 dignum
1765 621 1883 674 luit.
1919 618 2027 676 Nos

448 713 630 758 autem
668 706 780 760 haec
809 722 909 761 ceu
958 707 1312 762 deliramenta
1344 725 1407 764 ac
1434 712 1597 765 verba
1632 711 1684 764 in
1732 727 1911 766 acrem
1945 722 2027 767 te-

449 797 815 865 merejactata
845 799 1180 866 amittentes,
1219 801 1290 854 ita
1326 802 1504 868 potius
1523 803 1802 857 dicemus:
1832 801 1886 857 Si
1912 801 2029 858 haec

448 905 570 954 quae
609 889 1010 955 sacriﬁcantur,
1047 891 1465 962 circumscripta
1526 902 1693 961 sunt,
1729 895 1884 962 panis
1945 895 2029 949 in-

449 997 610 1049 quam
635 991 687 1035 ct
714 982 924 1045 vinum,
960 983 1207 1051 profecto
1239 999 1435 1054 corpus
1467 986 1598 1041 illud
1647 1002 1675 1040 a
1712 987 1823 1041 Deo
1850 987 2029 1043 Verbo

452 1083 717 1142 gestatum
762 1087 1040 1141 nunquam
1071 1088 1134 1127 ex
1178 1072 1445 1128 Mamonze
1491 1076 1766 1130 sententia
1819 1077 2030 1131 sacriﬁ-

449 1165 787 1228 catuml'uit,
836 1167 930 1234 qui
963 1163 1166 1220 idcirco
1211 1166 1340 1220 illud
1395 1165 1928 1238 incircumscriptum
1955 1169 2033 1224 di-

450 1259 541 1313 cit.
574 1258 732 1314 Unde
761 1272 893 1313 vero
926 1266 980 1312 et
1002 1259 1278 1328 quomodo
1309 1260 1492 1316 hostia
1522 1261 1608 1316 illa
1635 1277 1825 1332 magna
1848 1273 1904 1319 et
1929 1264 2028 1317 int-

451 1351 722 1405 maculata
755 1359 810 1406 et
829 1352 1157 1419 veneranda,
1181 1352 1504 1422 expiatoria,
1531 1354 1775 1423 inquam,
1808 1355 1894 1410 illa
1917 1357 2028 1411 vic-

452 1441 607 1506 tima,
639 1451 694 1496 et
724 1442 981 1498 universo
1028 1443 1149 1498 orbi
1205 1444 1466 1502 salutaris
1526 1445 1916 1517 dignoscetur?
1971 1445 2028 1502 Si

441 1526 582 1602 'crgo
626 1530 908 1588 Mamonas
946 1534 1269 1590 credidisset
1307 1537 1481 1606 ipsum
1525 1552 1622 1608 pro
1654 1536 1897 1592 omnium
1943 1554 2031 1595 sa-

453 1622 566 1675 lute
617 1621 978 1688 immolatum,
1034 1623 1139 1679 hoc
1190 1625 1418 1692 saltem,
1470 1626 1514 1682 si
1553 1627 1690 1682 nihil
1719 1627 2029 1693 aliud,eum

393 1757 395 1760 .
453 1717 658 1782 pudore
685 1714 997 1783 allec-isset,
1045 1720 1187 1788 quod
1238 1728 1295 1774 et
1328 1720 1503 1790 ipsum
1555 1720 2029 1792 circumscriptum

453 1809 523 1862 sit
551 1825 566 1863 :
595 1819 649 1863 et
679 1809 724 1863 si
767 1811 946 1866 minus
979 1811 1337 1878 naturaliter,
1368 1816 1513 1884 quod
1545 1814 1730 1870 dicere
1774 1815 2029 1871 stolidum

2129 624 2295 695 λῆρον
2327 625 2419 677 καὶ
2450 625 2626 695 μάτην
2657 625 2738 688 εἰς
2795 625 2936 695 ἀέρα
2981 625 3222 695 χεόμενα
3269 625 3693 690 καταλιπόντες,

2129 715 2315 766 ἐκεῖνα
2368 714 2636 784 λέγομεν⁶
2670 715 2734 768 El
2785 715 3223 786 περιγέγραπται
3271 717 3342 770 τὰ
3384 716 3709 787 ίερευόμενα

2128 805 2324 870 ταῦτα,
2360 808 2388 858 ὁ
2437 806 2620 877 ἄρτος.
2657 809 2822 878 φημὶ,
2869 812 2962 864 καὶ
3005 814 3035 864 ὁ
3066 806 3233 871 οἶνος,
3281 808 3390 878 ἄρα
3441 809 3623 861 ἐκεῖνο
3647 805 3710 858 τδ

2133 897 2314 968 σῶμα,
2347 899 2486 970 ὅπερ
2514 899 2819 970 πεφόρεκεν
2860 904 2887 955 ὁ
2917 902 3015 955 τοῦ
3062 901 3199 955 Θεοῦ
3244 899 3436 967 Λόγος,
3465 896 3709 966 οὐδαμοῦ

2133 989 2354 1061 ίερεύθη
2400 990 2531 1061 παρ’
2588 989 2778 1054 αὐτοῦ,
2820 993 2914 1046 καὶ
2964 991 3056 1046 διὰ
3087 993 3247 1046 τοῦτο
3296 990 3711 1062 ἀπερίγραπτον

2131 1080 2308 1148 λέγει·
2337 1080 2432 1134 καὶ
2459 1080 2576 1144 πῶς
2607 1083 2702 1135 καὶ
2733 1083 2898 1136 πόθεν
2925 1084 2986 1138 τὺ
3016 1085 3213 1155 ἱερεῖον
3243 1084 3443 1144 ἐκεῖνο,
3469 1081 3534 1134 τδ
3567 1080 3711 1150 μέγα

2131 1172 2225 1226 καὶ
2257 1170 2487 1241 ἄμωμον
2517 1173 2613 1225 καὶ
2634 1173 2958 1244 σεϐάσμιον,
2988 1174 3050 1228 τὸ
3103 1173 3403 1242 καθάρσιον
3436 1171 3590 1241 θῦμα
3617 1169 3712 1223 καὶ

2131 1263 2333 1326 παντὸς
2371 1263 2464 1317 τοῦ
2503 1265 2710 1335 κόσμου
2767 1267 3036 1337 σωτήριον
3077 1265 3595 1336 ἐπιγνωσθήσεται;
3649 1263 3711 1316 Εί

2131 1349 2226 1406 οὖν
2259 1353 2547 1407 ἐπίστευεν
2577 1355 2715 1425 ὺπέρ
2734 1357 2834 1426 τῆς
2862 1357 3084 1410 πάντων
3114 1355 3246 1408 αὐτὸ
3275 1354 3506 1424 τυθῆναι
3527 1369 3708 1422 σωτη-

2137 1445 2279 1516 ρίας,
2326 1445 2428 1500 κᾶν
2479 1445 2613 1514 γοῦν
2649 1448 2807 1500 τοῦτο
2856 1446 3019 1501 αὐτὸν
3075 1445 3395 1517 κατῄδεσεν,
3428 1447 3480 1498 εί
3541 1443 3618 1514 μή
3656 1458 3707 1495 τι

2133 1535 2284 1602 ἄλλο,
2323 1536 2399 1599 ὠς
2439 1537 2533 1590 καὶ
2584 1536 2718 1590 αὐτὸ
2769 1537 3146 1609 περιγραπτόν
3184 1537 3338 1590 ἐστι’
3374 1535 3473 1588 καὶ
3515 1534 3568 1586 εί
3637 1530 3713 1603 μὴ

2133 1629 2314 1700 φύσει,
2345 1629 2480 1698 ὅπερ
2529 1628 2708 1697 λέγειν
2745 1629 2974 1698 ἀνόητον
3000 1669 3016 1692 ,
3062 1631 3130 1700 τῇ
3181 1627 3315 1698 γοῦν
3361 1627 3583 1696 τελετῇ,
3636 1625 3712 1688 ὡς

2133 1720 2278 1776 κατὰ
2328 1719 2428 1791 τὴν
2489 1719 2700 1774 ἐκείνου
2774 1721 2937 1788 δόξαν
2997 1722 3212 1788 εἰπεῖν,
3265 1717 3714 1790 περι-γεγράφθαι

2134 1811 2323 1882 ἐχρῆν.
2362 1809 2744 1882 Περιγραπτὸν
2772 1806 2866 1865 οὖν
2891 1810 2952 1864 τὸ
2977 1810 3071 1865 τοῦ
3111 1808 3354 1880 Χριστοῦ
3389 1807 3577 1878 σῶμα,
3607 1806 3714 1860 κᾶν

453 1910 557 1966 est,
595 1911 746 1957 certe
777 1905 1225 1970 consecratione,
1256 1915 1314 1960 ut
1352 1919 1418 1960 ex
1460 1905 1614 1960 istius
1641 1907 1912 1961 sententia
1948 1907 2032 1962 lo-

2243 1874 2554 1970 λογίζεσθαί
2591 1899 2750 1954 τοῦτο
2795 1901 2973 1955 ἐθέλοι
3021 1902 3052 1955 ὁ
3099 1874 3406 1972 Μαμωνᾶς.
3445 1874 3572 1953 Ἔτι
3615 1893 3712 1952 οὖν

454 2009 707 2062 quamur,
733 1994 1212 2066 circumscriptum
1249 2009 1371 2051 esse
1397 2005 1698 2065 oporteret.
1735 1996 1829 2053 Est
1872 1998 2035 2068 igitur

456 2089 936 2162 circumscriptum
979 2087 1186 2144 Christi
1233 2103 1454 2158 corpus,
1510 2089 1726 2144 etiamsi
1763 2091 1866 2146 hoc
1926 2089 2031 2145 sibi

453 2183 786 2247 persuadere
809 2195 919 2238 non
958 2181 1073 2237 vult
1115 2179 1418 2239 Mamonas.
1464 2180 1658 2238 Adhuc
1706 2181 1889 2252 itaque
1929 2183 2034 2240 hac

453 2286 620 2340 super
666 2286 723 2327 re
767 2272 858 2328 diu
894 2273 1169 2328 blaterans
1225 2287 1568 2344 nngansque,
1617 2288 1754 2344 quas
1794 2288 1893 2329 nos
1933 2288 2034 2330 ceu

457 2364 772 2417 rabidorum
823 2373 916 2419 aut
949 2363 1246 2417 furentium
1280 2363 1365 2419 vel
1393 2363 1781 2419 bacchantium
1812 2365 1930 2420 sine
1957 2365 2035 2420 si-

455 2455 711 2524 gniﬁcatu
745 2465 799 2508 et
831 2454 1207 2510 iuarticulatas
1235 2470 1414 2522 voces,
1442 2470 1546 2510 non
1581 2457 1699 2512 sine
1721 2465 2033 2525 contemptu

453 2561 795 2611 aversamur,
826 2554 1010 2615 utpote
1040 2561 1160 2616 qua:
1189 2547 1404 2617 piorum
1436 2562 1499 2602 ac
1525 2547 1829 2604 sobriorum
1870 2564 2033 2606 aures

455 2637 764 2707 sordidaut,
815 2645 866 2692 ct
921 2638 1393 2706 pronuntiantium
1439 2638 1678 2708 linguam
1727 2653 2036 2696 commacu-

455 2730 592 2794 laut,
620 2730 954 2801 turpitudine
985 2730 1308 2799 iueptiisque
1327 2737 1636 2798 scatentes;
1660 2730 1762 2787 sub
1784 2729 2036 2786 lucubrao

458 2823 622 2877 tionis
654 2837 766 2878 suae
791 2822 896 2877 line
919 2835 1226 2878 sermonem
1259 2821 1614 2886 concludens,
1642 2823 1696 2876 in
1729 2823 1874 2877 hunc
1918 2835 2035 2876 mo-

456 2915 581 2969 dum
611 2913 846 2970 disserit.
880 2913 1064 2971 Primo
1089 2915 1306 2983 quidem
1332 2912 1468 2969 diris
1497 2926 1557 2970 se
1592 2913 1861 2969 devoveas
1888 2911 2036 2967 θωτ-

459 3018 593 3072 mat,
626 3007 899 3066 nemiuem
921 3006 1135 3060 illorum
1172 3007 1238 3062 de
1269 3005 1467 3076 quibus
1503 3004 1667 3060 verba
1704 3005 1865 3070 facit,
1899 3020 2038 3060 nun-

457 3115 619 3170 quam
668 3113 789 3153 esse
830 3097 1167 3166 suspicatum
1217 3112 1277 3152 se
1311 3113 1339 3151 a
1371 3097 1573 3153 Christi
1617 3097 1721 3152 [ide
1751 3095 2034 3163 defecisse,

2133 1993 2262 2061 περὶ
2297 1991 2405 2044 τῶν
2429 1990 2608 2044 αὐτῶν
2638 1991 2813 2045 πολλὰ
2846 1991 3178 2062 βατταρίσας
3211 1992 3308 2044 καὶ
3351 1990 3706 2060 φλυαρήσεις,

2132 2081 2277 2152 ἆπερ
2289 2084 2366 2146 ὡς
2389 2081 2711 2136 λυσσώντων
2727 2084 2823 2137 καὶ
2841 2083 3189 2154 μαινομένων
3210 2083 3306 2137 καὶ
3324 2081 3715 2152 βακχευόντων

2131 2173 2378 2244 ἀσήμους
2408 2173 2503 2227 καὶ
2531 2173 2835 2245 ἀνάρθρους
2881 2173 3068 2243 φωνὰς
3105 2172 3446 2245 περιιδόντες
3487 2188 3708 2241 μυσατ-

2130 2263 2359 2334 τόμεθα,
2388 2263 2514 2317 ἐπεὶ
2563 2264 2673 2317 τῶν
2721 2263 3098 2318 εὐσεϐούντων
3148 2265 3245 2317 καὶ
3279 2261 3710 2333 σωφρονούντων

2129 2353 2230 2417 τὰς
2257 2353 2427 2417 ἀκοὰς
2482 2354 2930 2426 καταχραίνουσι,
2980 2355 3076 2409 καὶ
3120 2354 3229 2410 τῶν
3290 2353 3562 2423 λεγόντων
3614 2353 3716 2424 τὴν

2133 2447 2384 2517 γλῶσσαν
2442 2447 2933 2518 καταμολύνουσιν,
2995 2448 3359 2519 αἰσχρότητος
3401 2447 3497 2500 καὶ
3550 2446 3716 2500 ὕθλον

2133 2539 2570 2610 καταγέμουσαι,
2607 2539 2744 2609 πρὸς
2771 2541 2832 2592 τὸ
2853 2538 3008 2602 τέλος
3035 2538 3133 2591 τοῦ
3160 2538 3544 2607 συντάγματος
3576 2554 3717 2607 συμ-

2134 2629 2409 2702 περαίνων
2439 2629 2530 2683 τὸν
2580 2629 2764 2698 λόγον,
2802 2630 2987 2684 τοιάδε
3029 2631 3153 2684 τινὰ
3198 2629 3443 2694 διέξεισι.
3484 2627 3716 2697 Πρῶτδν

2137 2722 2238 2793 μὲν
2271 2721 2596 2791 κατακρίσει
2639 2720 3008 2793 περιδεσμῶν,
3045 2721 3254 2791 μηδένα
3274 2714 3350 2774 ὧν
3375 2719 3467 2773 νῦν
3499 2721 3528 2773 ὁ
3554 2719 3718 2787 λόγος

2134 2809 2288 2882 αὐτῷ
2315 2811 2635 2882 γεγένηται,
2663 2810 2932 2880 ὑπόληψιν
2969 2811 3264 2881 ἐσχηκέναι
3298 2811 3375 2874 ὼς
3412 2809 3721 2880 ἠλλοτρίωο

2135 2924 2227 2963 ται
2249 2906 2343 2960 τοῦ
2375 2905 2631 2977 Χριστοῦ.
2657 2906 2930 2960 Κάκεῖθεν
2965 2905 3254 2975 μαίνεσθαι
3278 2904 3419 2958 κατὰ
3444 2904 3546 2975 τῆς
3568 2903 3719 2957 εἰκό-

2135 3014 2224 3059 νος
2262 2995 2449 3061 αὑτοῦ,
2497 2998 2555 3048 ἐν
2598 2989 2682 3059 οἷς
2733 2994 3032 3064 ἀπολογίαν
3083 2994 3380 3065 προτείνει,
3413 2993 3537 3047 ὅθεν
3569 2991 3724 3063 αὐτῷ

2136 3087 2296 3143 τοῦτο
2322 3085 2777 3157 προστέτριπται.
2813 3086 2978 3154 Λέγει
3026 3086 3136 3156 γὰρ
3177 3087 3263 3159 ὅτξ
3296 3085 3355 3151 ἐξ
3382 3076 3444 3138 οῦ
3479 3083 3634 3154 αὐτῷ
3671 3085 3725 3137 oi

461 3195 689 3260 ideoque
739 3191 1001 3246 adversus
1035 3189 1152 3258 ejus
1184 3190 1479 3260 imaginem
1526 3187 1876 3246 debacchari.
1919 3185 2036 3252 Quo

2142 3180 2275 3250 πρὸς
2305 3178 2499 3248 γένους
2533 3179 2629 3233 καὶ
2661 3179 2852 3232 οἰκεῖοι
2883 3178 3292 3240 ἐπαναστάντες
3333 3176 3722 3246 ἐνεωτέρισαν,

460 3283 580 3337 loco
609 3279 940 3336 defensionis
990 3295 1124 3350 ergo
1153 3295 1376 3336 causam
1432 3281 1673 3343 iudicat,
1725 3278 1868 3332 unde
1920 3277 2035 3330 hzec

2142 3271 2237 3323 καὶ
2269 3269 2374 3340 μὴν
2403 3268 2496 3321 καὶ
2514 3268 2622 3339 πρὸ
2672 3267 2851 3333 τοῦδε,
2881 3270 2911 3321 ὁ
2965 3268 3158 3338 μῶμος
3191 3262 3348 3331 οὗτος
3384 3267 3516 3338 περὶ
3550 3266 3726 3320 αὐτοῦ

462 3374 565 3441 ipsi
595 3371 908 3428 criminatio
953 3370 1267 3426 adhaeserit.
1292 3371 1382 3425 Ait
1407 3369 1554 3424 enim
1575 3409 1593 3435 ,
1629 3383 1697 3423 ex
1719 3383 1827 3436 quo
1851 3365 2041 3422 aﬂines

462 3467 860 3536 domesticique
889 3467 971 3522 sui
1028 3467 1190 3521 rebus
1239 3465 1392 3522 novis
1419 3466 1704 3521 studentes
1740 3462 2040 3519 rebellave-

465 3573 590 3616 ruut
618 3560 756 3633 (79),
785 3563 925 3616 hanc
954 3560 1120 3616 etiam
1155 3559 1222 3614 de
1265 3573 1324 3615 se
1355 3556 1786 3614 diﬁamationem
1841 3555 1895 3610 in
1929 3554 2044 3608 vul-

464 3669 563 3719 gus
599 3651 927 3716 manavi-sse,
980 3652 1134 3720 quasi
1164 3666 1191 3704 a
1225 3648 1338 3706 Deo
1364 3663 1587 3705 aversus
1617 3648 1836 3712 fuisset,
1882 3656 2046 3715 atque

468 3750 536 3800 ita
566 3761 593 3798 a
626 3745 808 3801 multis
833 3746 900 3798 de
935 3759 993 3800 se
1017 3743 1349 3813 judicatum.
1374 3742 1580 3797 Deinde
1624 3739 1870 3810 pluribus
1914 3740 2044 3794 hor-

466 3837 759 3906 rendisque
789 3835 1137 3903 iuramentis,
1175 3841 1233 3887 ut
1267 3833 1428 3896 solet,
1457 3840 1646 3886 contra
1671 3828 2043 3897 evangelicum

469 3931 778 3988 mandatum
807 3965 821 3992 ,
881 3924 1217 3997 persuadere
1252 3935 1514 3987 conatur,
1555 3921 1635 3976 vel
1683 3919 1864 3990 potius
1911 3917 2046 3974 falso

460 4022 826 4093 jurejurando
880 4018 1090 4084 illudit,
1146 4031 1207 4073 se
1253 4030 1429 4085 neque
1469 4015 1650 4070 verbis
1686 4025 1860 4082 neque
1883 4024 2048 4080 opere

469 4117 632 4170 talem
660 4111 828 4172 fuisse
869 4123 1175 4179 :suamqne
1209 4109 1276 4161 de
1307 4108 1412 4162 hoc
1446 4106 1702 4174 dogmate
1733 4102 2046 4173 opinionem

468 4218 631 4278 atque
680 4204 942 4273 judicium
999 4200 1364 4269 praesentibus
1420 4197 1697 4266 episcopis
1745 4208 2044 4262 exponens,

470 4309 721 4369 paratum
754 4307 812 4346 se
841 4294 916 4345 ait
946 4292 1160 4348 illorum
1192 4288 1390 4359 placita
1425 4287 1736 4340 admittere.
1767 4285 1873 4340 Sed
1923 4299 2047 4337 mox

2142 3364 2222 3425 είς
2265 3361 2395 3424 τοὺς
2439 3360 2669 3423 πολλοὺς
2711 3359 3171 3430 διαπεφοίτηκεν*
3217 3359 3276 3422 ὂς
3317 3358 3509 3429 ἐδήλου
3553 3355 3728 3411 αὑτοῦ

2140 3454 2240 3523 τὴν
2265 3455 2330 3506 ἐκ
2352 3451 2489 3506 Θεοῦ
2549 3451 2926 3522 ἀλλοτρίωσιν,
2980 3450 3078 3503 καὶ
3129 3449 3303 3515 οὓτως
3349 3449 3517 3504 αὑτὸν
3568 3447 3728 3516 παρᾶ

2141 3547 2256 3608 τοῖς
2279 3544 2488 3598 πλείοσι
2523 3543 2832 3615 κρίνεσθαι.
2863 3539 2999 3596 Εἶτα
3025 3543 3210 3614 ὅρκοις
3235 3543 3312 3607 ὡς
3345 3541 3602 3613 φοϐεροῖς
3628 3540 3731 3593 καὶ

2145 3635 2442 3702 πλείστοις,
2489 3636 2566 3700 ὡς
2609 3635 2790 3691 εἰώθει
2820 3636 3154 3699 ἀπεναντίας
3207 3635 3317 3688 τῶν
3349 3633 3734 3708 εὐαγγελικῶν

2145 3728 2400 3799 ἔρχεσθαι
2476 3727 2938 3797 προσταγμάτων,
3004 3726 3217 3780 πείθειν
3275 3723 3632 3790 ἐσπούδαζεν,
3687 3723 3726 3793 ἦ

2145 3820 2510 3891 ἀληθέστερον
2552 3819 2750 3884 εἰπεῖν,
2809 3817 3241 3889 καταχλευὰζειν
3297 3820 3365 3889 τῇ
3405 3815 3728 3886 ὁρκαπὰτῃ,

2156 3913 2297 3982 μήτε
2323 3912 2383 3963 ἐν
2408 3910 2575 3980 λόγῳ,
2605 3910 2745 3982 μήτε
2770 3910 2829 3970 ἐν
2850 3909 3047 3980 πράξει
3065 3907 3322 3977 γενέσθαι
3348 3907 3613 3970 τοιοῦτον,
3634 3908 3734 3961 καὶ

2147 4003 2245 4074 τὴν
2275 4002 2404 4073 περ)
2429 4000 2523 4055 τοῦ
2549 4000 2821 4070 δόγματος
2848 3999 3015 4055 αὑτοῦ
3062 3999 3244 4071 ψῆφον
3274 3998 3368 4051 καὶ
3399 3997 3586 4069 κρίσιν
3615 3996 3732 4056 τοῖς

2148 4093 2417 4165 παροῦσιν
2471 4093 2796 4156 ἐπισκόποις
2824 4090 3068 4155 ἀναθεὶς,
3099 4091 3176 4154 ὡς
3211 4088 3424 4154 δέξεται
3467 4085 3541 4140 τὰ
3582 4084 3726 4154 παρ’

2150 4188 2337 4251 αὐτοῖς
2367 4185 2688 4255 δεδογμένα,
2726 4184 2924 4255 μικρὸν
2980 4182 3211 4248 ὑποϐὰς,
3264 4181 3360 4233 καὶ
3403 4178 3570 4232 πάλιν
3602 4192 3734 4230 συν-

2150 4279 2295 4351 ήθως
2315 4279 2380 4332 ἐκ
2410 4277 2517 4329 τῶν
2536 4275 2940 4346 πεπλασμένων
2969 4274 3145 4342 λόγων
3175 4274 3257 4334 εἰς
3277 4270 3471 4328 ἐαυτὸν
3501 4269 3736 4322 ἐπανελο

473 4356 634 4458 paulo
675 4386 840 4449 infra,
858 4398 958 4452 pro
985 4396 1136 4436 more
1162 4395 1260 4434 suo
1279 4421 1293 4443 ,
1316 4395 1379 4432 ex
1406 4376 1675 4432 simulatis
1706 4375 2039 4430 sermonibus

2151 4367 2282 4433 θὼν,
2315 4361 2401 4420 οἷα
2433 4365 2630 4438 κριτὴς
2673 4365 2702 4420 ὁ
2747 4365 2912 4428 αὐτὸς
2963 4364 3058 4418 καὶ
3117 4359 3444 4424 διδάσκαλος
3471 4356 3721 4428 ἀποφαί-

475 4483 540 4540 ad
591 4494 651 4534 se
705 4488 1026 4541 revertens,
1073 4473 1277 4541 judicis
1323 4472 1496 4528 instar
1527 4483 1592 4524 ac
1625 4467 1907 4525 dictatoris
1953 4467 2050 4521 de-

471 4576 669 4631 cernit.
1089 4615 1100 4620 -
1713 4629 1717 4632 η

543 4671 597 4724 4.
636 4686 656 4725 ι
690 4665 842 4733 Quod
873 4664 917 4720 si
946 4664 1013 4718 de
1047 4663 1151 4717 hac
1182 4674 1284 4716 una
1314 4657 1596 4732 (Christi)
1631 4656 1864 4728 imagine
1893 4653 2049 4709 vobis

475 4759 928 4833 persuadebimus
972 4771 1074 4812 nos
1116 4762 1264 4810 recte
1305 4752 1551 4817 locutos,
1596 4759 1782 4820 postea
1827 4748 1894 4802 de
1928 4745 2051 4800 aliis

2154 4478 2326 4514 νεται.

2225 4650 2288 4703 δ’.
2334 4667 2351 4700 ι
2398 4647 2486 4711 Ὦς
2515 4645 2612 4699 ἐὰν
2645 4646 2726 4708 είς
2757 4643 2921 4698 τοῦτο
2952 4639 3014 4694 τὸ
3047 4640 3105 4694 ἐν
3144 4639 3436 4708 είκόνισμα
3460 4634 3738 4704 πληροφοο

2159 4743 2415 4815 ρήσωμεν
2436 4740 2580 4810 ὑμᾶς
2606 4739 2687 4791 ὅτι
2722 4734 2897 4797 καλῶς
2927 4734 3180 4804 λέγομεν,
3210 4731 3332 4784 τότε
3357 4729 3452 4782 καὶ
3475 4727 3608 4797 περὶ
3628 4723 3740 4777 τῶν

475 4817 692 4925 quoque
733 4848 1059 4919 imaginibus
1081 4846 1359 4903 vobiscum
1390 4857 1551 4914 agere
1604 4840 1954 4902 meditantur,
1994 4847 2039 4891 ul

2156 4834 2336 4890 ἄλλων
2374 4831 2600 4886 εἰκόνων
2632 4829 2871 4891 σκοποὺς
2897 4825 3234 4896 προαγαγεῖν
3267 4822 3466 4892 ἔχομεν
3505 4817 3742 4925 ἐνώπιρν

475 4958 530 5004 et
562 4947 627 5002 de
651 4944 736 5002 his
755 4938 1173 5014 judicetis.Nam
1192 4935 1395 5009 judicio
1419 4943 1602 4990 vestro
1625 4946 1815 4988 sumus
1831 4928 2057 4998 acquie-

2161 4925 2337 4997 ὑμῶν,
2373 4924 2470 4978 καὶ
2513 4923 2587 4986 ὡς
2635 4921 2854 4992 κρίνετε
2905 4917 3166 4988 καὶπερὶ
3217 4913 3462 4971 ἐκείνων.
3504 4909 3585 4981 Τῇ
3631 4908 3745 4997 γὰρ

478 5040 605 5106 turi,
636 4995 780 5108 quod
841 5046 1036 5103 nempe
1091 5045 1214 5085 cum
1250 5027 1372 5083 aliis
1412 5023 1684 5095 episcopis
1717 5019 2039 5076 concordart

2165 4995 2344 5087 κρίσει
2397 5013 2552 5084 ὑμῶν
2603 5011 2803 5082 ἔχομεν
2841 5006 3153 5108 ασμενίσαι,
3217 5003 3308 5108 ὅτε
3362 4998 3590 5108 pilleis

480 5082 693 5198 venali},
716 5082 996 5200 justisquer
1017 5121 1308 5180 momentis
1339 5117 1554 5187 impulsi
1589 5113 1846 5183 sull'ragia
1876 5120 2039 5167 vestr:

2170 5082 2309 5179 μετὰ
2335 5082 2446 5158 τῶν.
2473 5102 2648 5156 ἄλλων
2675 5097 2991 5200 ἐπισκόπων
3017 5094 3353 5200 συμφωνεῖν,
3379 5089 3479 5200 iul.
3510 5085 3573 5190 ἐξ
3599 5082 3748 5200 εὐλέ-

480 5225 745 5295 praabere.
791 5239 812 5274 ι
847 5219 972 5276 llaec
1003 5216 1127 5281 ille,
1155 5213 1358 5270 etenim
1413 5207 1670 5264 nonnulla
1720 5205 1787 5257 ad
1820 5202 2055 5257 litteram

480 5293 892 5386 exscripsimus,
931 5322 989 5364 ut
1017 5310 1188 5380 ipsius
1219 5321 1247 5360 a
1279 5304 1388 5360 Deo
1442 5309 1715 5372 apostasm
1745 5295 1920 5366 palam
1961 5293 2057 5348 ﬁe-

485 5421 588 5475 ret,
617 5419 670 5464 et
701 5411 1138 5477 juramentorum
1167 5397 1490 5452 violatorum
1522 5389 1862 5446 mendacium
1900 5401 2058 5442 coar-

2165 5174 2278 5268 γων
2307 5195 2636 5267 προφάσεων
2658 5188 2973 5263 ,μαρτυρίας
2997 5185 3291 5258 παριστᾷν.
3329 5199 3349 5234 ι
3379 5177 3619 5268 Τοιαῦτα
3643 5174 3746 5268 μὲν

2163 5265 2234 5345 τὰ
2262 5265 2493 5351 ἐκείνου,
2528 5279 2602 5339 ὧν
2632 5299 2756 5341 τινα
2790 5281 2885 5336 καὶ
2925 5279 3117 5342 αὑταῖς
3145 5274 3326 5340 λέξεσι
3359 5265 3743 5343 παρεθέμεθα,

2167 5369 2255 5439 ἵνα
2285 5385 2380 5437 καὶ
2417 5384 2450 5454 ἡ
2483 5384 2546 5434 ἐκ
2579 5377 2713 5432 Θεοῦ
2759 5373 3113 5446 ἀλλοτρίωσις
3161 5365 3326 5428 αὑτοῦ
3377 5363 3615 5454 δειχθῇὶ
3648 5357 3748 5454 καὶ

485 5449 588 5475 η...
617 5449 670 5464 ν.
701 5449 1138 5477 ,........-..---,---
1319 5449 1358 5452 _,

485 5513 765 5570 gueretur,
793 5511 1004 5554 necnon
1071 5491 1377 5566 hypocrisis
1408 5497 1571 5556 atque
1611 5482 1788 5548 dolus,
1833 5489 1889 5538 et
1930 5495 2039 5549 erg:

2169 5449 2714 5546 τῶνιὸμωμοσμένων
2754 5467 2849 5520 καὶ
2886 5459 3375 5536 παραϐεϐασμένον
3406 5449 3748 5528 [παραϐεϐα-

559 5653 671 5721 Πθ)
703 5652 944 5719 Intellige
987 5645 1367 5721 Artahasdum,
1389 5644 1488 5721 qui
1534 5632 2052 5721 Cppronymlihsprn:

487 5704 607 5779 rem
626 5704 1076 5777 inin—atrilucmio
1106 5704 1365 5788 habebat;
1389 5704 1480 5788 Ille
1513 5704 2047 5788 videlicetadvcrstts

490 5776 970 5852 liuucrelwllavit,
1003 5797 1054 5842 et
1082 5801 1269 5840 sacras
1320 5784 1584 5851 imagines
1630 5776 1841 5852 publice
1890 5776 2047 5825 resti-

485 5847 1149 5938 tuit,(lupi-ouymumque
1196 5847 1506 5909 luereticu'm
1555 5847 1874 5920 patriarclue
1922 5855 2049 5896 voce

2159 5623 2544 5682 declarandum
2571 5620 2800 5675 curavit.
2825 5615 2930 5670 Sed
2957 5610 3294 5682 Artabasdus
3324 5607 3545 5682 domum
3597 5599 3745 5682 bello

2153 5670 2604 5800 ὅιῖᾖρνξέὲῦξῗίίιιῖ
2629 5670 2946 5760 TheOphan.
2975 5682 3174 5738 Chron.
3209 5679 3294 5736 ed.
3323 5676 3499 5733 Paris.
3529 5689 3582 5744 p.
3609 5670 3742 5734 31.9,

2157 5779 2210 5821 ct
2248 5781 2372 5820 ου...
