3928 6142
252 358 358 424 341

970 372 1599 438 ANTIRRHETICUS
1647 380 1706 438 II
1755 381 1924 443 ADV.
1966 382 2560 445 CONSTANTINUM
2597 381 2808 443 COPR.

3395 377 3502 443 342

256 471 497 562 σμὲνων]
535 475 593 527 τδ
622 475 820 545 ψεῦδος
861 479 1118 552 ἐλεγχθῇ,
1152 483 1186 553 ἧ
1223 501 1281 536 τε
1315 484 1624 556 ὑπόκρισις,
1677 490 1772 544 καὶ
1801 494 1830 546 ὁ

1947 507 2150 562 gnaros
2195 493 2370 547 illusio
2394 494 2776 548 innotesceret.
2804 489 2942 556 Quid
2972 498 3154 543 autem
3179 497 3259 542 est
3281 489 3420 556 quod
3441 489 3507 542 de

251 559 425 624 δόλος,
480 567 577 618 καὶ
623 570 652 620 ὁ
689 570 824 638 πρὸς
882 573 1008 634 τοὺς
1062 573 1388 641 ἀγνοοῦντας
1441 581 1828 651 φαινακισμὸς,

256 655 566 726 κατάδηλος
611 659 862 730 γένηται.
895 663 961 715 Τί
1000 663 1057 718 δὲ
1091 664 1156 736 δὴ
1199 665 1359 720 τοῦτό
1409 669 1579 736 ἐστιν,
1627 673 1710 727 ὅτι
1739 678 1832 730 καὶ

257 745 438 812 λέγειν
475 748 606 818 περί
651 765 714 817 γε
764 751 871 802 τῶν
903 752 1080 806 ἄλλων
1128 755 1358 810 εἰκόνων
1408 756 1693 830 βούλοιτο;
1736 767 1832 819 καὶ

255 838 432 926 ὁποῖοι
463 839 551 908 δὴ,
583 839 678 904 οὒς
728 843 994 911 προάγειν
1042 845 1218 898 ἐθέλοι
1267 848 1538 917 σκοπούς;
1579 852 1700 907 Ὅτι
1735 856 1833 926 μὲν

258 923 396 982 εἶναι
451 932 657 1001 πολλὴν
690 934 1076 1004 τερατολογίαν
1109 938 1203 990 καὶ
1244 937 1515 1010 φλυαρίαν
1565 944 1708 998 κατὰ
1735 923 1833 1018 τῆς

257 1021 350 1075 τοῦ
394 1024 537 1077 Θεοῦ
570 1025 746 1093 Λόγου
779 1027 1248 1098 ὲνανθρωπήσεως
1273 1030 1566 1101 ἐξυφάνας,
1610 1036 1702 1089 ἐπὶ
1733 1039 1833 1110 τὴν

262 1117 553 1183 παροινίαν
591 1118 691 1190 τὴν
716 1121 796 1184 είς
825 1121 891 1174 τὰ
917 1122 1026 1175 τῶν
1073 1123 1246 1190 ἁγίων
1296 1124 1418 1195 ίερὰ
1467 1127 1834 1199 ὑπομνήματα

259 1205 637 1278 παρώρμηται
683 1209 979 1275 δυσσεϐῶς,
1036 1213 1200 1266 παντί
1229 1230 1304 1284 τῳ
1338 1215 1540 1284 σοφός’
1599 1222 1692 1272 καὶ
1729 1221 1835 1292 πρὸ

258 1297 466 1352 τούτων
514 1317 602 1369 γε,
639 1303 730 1356 ἐπὶ
777 1301 847 1356 τὰ
890 1303 988 1374 τῆς
1034 1305 1347 1376 πρωτίστης
1376 1306 1483 1361 τῶν
1517 1308 1708 1378 ἁγίων,
1741 1313 1836 1366 καὶ

263 1388 482 1443 πάντων
532 1390 643 1444 τῶν
674 1391 734 1444 ὲν
755 1395 821 1464 τῇ
856 1393 1034 1446 κτίσει
1065 1394 1363 1450 τελούντων
1394 1397 1708 1472 ὑπερτάτης
1734 1401 1834 1470 τῆς

261 1481 536 1547 παναγίας
559 1482 860 1554 Δεσποίνης
884 1485 1045 1554 ἡμῶν
1073 1485 1435 1559 Θεομήτορος,
1472 1490 1559 1544 ἵνα
1593 1492 1686 1545 καὶ
1733 1494 1834 1548 αὐ·-

262 1569 355 1639 τὴν
375 1571 457 1640 τῷ
481 1571 734 1641 τεχθέντι
761 1575 1201 1649 συγκαθυσρίσῃ.

329 1660 488 1723 Τίνες
523 1662 580 1714 δὲ
609 1664 660 1715 oi
691 1665 885 1718 σκοποὶ
907 1669 1007 1736 τῆς
1038 1667 1364 1738 θεοστυγοῦς
1411 1671 1506 1726 καὶ
1540 1673 1700 1727 ἀθέου
1733 1673 1834 1743 ψυ-

262 1749 361 1819 χῆς
409 1751 651 1821 ἐκείνης,
677 1755 890 1809 -είδέναι
921 1758 1119 1811 καλόν⁶
1160 1761 1233 1830 μὴ
1279 1762 1388 1836 γὰρ
1433 1763 1498 1835 δὴ
1556 1764 1835 1819 κάνταῦθα,

261 1843 318 1894 τὸ
347 1843 640 1914 άγραπτον
667 1849 764 1901 καὶ
797 1849 1216 1921 ἀπερίγραπτον
1246 1855 1588 1923 προάγεσθαι
1631 1855 1833 1923 ἔδοξεν,
1865 1838 1908 1894 Β

263 1934 292 2004 ἢ
324 1934 386 1988 τὸ
419 1936 645 1991 διπλοῦν
671 1941 798 2004 τοὺς
824 1942 1036 2010 ἁγίους,
1079 1945 1143 1997 ὲκ
1184 1944 1436 2017 θεότητος
1465 1947 1705 2002 ὑποστὰν
1739 1951 1835 2004 καὶ

262 2024 724 2098 ἁνθρωπότητοςς
759 2032 830 2084 Ἦ
861 2034 1003 2103 τάχα
1055 2051 1157 2087 που
1213 2035 1555 2105 ἑννενόηκεν,
1605 2039 1743 2112 ὅπερ
1787 2041 1836 2093 ot

262 2117 504 2187 χρῶντες
551 2122 650 2174 καὶ
697 2121 925 2190 ἄγοντες
967 2125 1360 2195 ὲμπνεύσειαν,
1389 2127 1463 2191 ὡς
1494 2129 1685 2198 δήκαὶ
1728 2129 1838 2185 τῶν

264 2205 437 2273 ἁγίων
472 2209 710 2262 ἑκάστου
743 2211 910 2282 διπλῆ
937 2229 1020 2278 τις
1044 2215 1076 2284 ἡ
1109 2215 1426 2280 ὑπόστασις,
1456 2220 1519 2271 ἐκ
1539 2217 1719 2289 ψυχῆς
1746 2220 1838 2274 καὶ

266 2294 520 2363 σώματος
549 2292 683 2352 οὖσα
727 2298 1028 2370 mum;
1069 2303 1164 2357 καὶ
1213 2303 1398 2357 εἴποτε
1440 2308 1836 2377 τραφήσονται,

266 2387 358 2438 καὶ¹
387 2390 420 2458 ή
453 2387 603 2459 ψυχὴ
656 2395 1110 2463 συγγραφήσεται
1163 2395 1259 2448 καὶ
1306 2398 1838 2469 συνεικονισθήσεται

267 2475 324 2540 ἐξ
377 2479 659 2550 ἀνάγκης·
714 2481 748 2550 ἢ
800 2483 1074 2554 διεστήξει
1128 2487 1223 2540 τοῦ
1279 2485 1536 2558 σώματος
1588 2491 1620 2559 ὴ
1669 2490 1838 2544 πάλαι

267 2568 662 2643 ἀπηλλαγμένη
715 2573 811 2628 τοῦ
865 2575 1140 2646 σώματος.
1187 2578 1300 2631 Καὶ
1345 2575 1426 2642 οἷς
1479 2579 1840 2651 ληρῳδήμασι

268 2661 357 2712 καὶ
394 2660 684 2732 πλάσμασι
733 2666 994 2737 περὶτῆς
1042 2668 1183 2721 κατὰ
1213 2669 1446 2740 Χριστὸν
1491 2670 1861 2736 ὑποστάσεως

267 2750 562 2820 ἐχρήσατο,
613 2753 709 2806 καὶ
756 2754 850 2806 ἐπὶ
899 2755 1011 2808 τῶν
1049 2757 1220 2824 ἁγίων
1279 2757 1650 2828 κενολογήσει.
1697 2760 1839 2814 Ἀλλ’

267 2841 388 2893 ὅσον
417 2843 478 2906 se
505 2835 583 2895 ὧν
611 2843 759 2908 ἔλεξέ
793 2863 855 2898 τε
905 2848 1001 2900 καὶ
1031 2846 1258 2918 ἔδρασεν
1284 2847 1663 2914 ὲπαισθέσθαι,
1715 2853 1840 2915 τοὺς

269 2935 506 2995 σκοποὺς
579 2935 827 2998 ἐκείνους
895 2936 1355 3004 διαγινώσκεσθαι
1427 2938 1488 2990 οὐ
1559 2938 1839 3008 δυσχερές.

278 3025 498 3094 Ἐπειδὴ
533 3026 643 3096 γὰρ
688 3027 846 3080 οὐδέν
897 3029 1014 3083 ἐστι
1050 3029 1255 3099 φαῦλον
1294 3030 1384 3084 καὶ
1411 3030 1672 3094 δυσσεὸὲς
1712 3030 1740 3083 ὃ
1768 3032 1841 3102 μὴ

269 3115 408 3169 κατὰ
448 3117 550 3186 τῆς
590 3116 743 3182 θείας
775 3117 932 3189 δόξης
974 3120 1206 3174 καὶτῶν
1261 3121 1436 3189 ἁγίων
1474 3122 1838 3192 μεμελέτηκε,

267 3209 357 3260 καὶ
381 3208 540 3261 οὐδὲν
565 3211 922 3282 ἁνοσιουργὸν
951 3213 1044 3264 καὶ
1073 3211 1422 3266 ἀτοπώτατον
1466 3213 1494 3266 ὃ
1525 3214 1600 3284 μὴ
1632 3213 1689 3267 ὲν
1720 3213 1844 3266 τού-

267 3315 376 3362 τοις
395 3300 805 3371 κατεπράξατο,
826 3302 979 3355 οὒδὲν
997 3303 1389 3356 ἁκαταιτίατον
1403 3303 1500 3356 καὶ
1519 3304 1844 3374 ἀδιάϐλητον

266 3389 352 3442 ἐπὶ
388 3390 496 3444 τῶν
530 3392 627 3460 τῆς
664 3392 906 3455 πίστεως
933 3392 1090 3461 ἡμῶν
1138 3392 1239 3462 τῆς
1275 3392 1551 3456 ἀπλανοῦς
1606 3392 1843 3447 καταλέ-

268 3482 441 3548 λοιπε,
468 3484 563 3536 διὰ
594 3484 755 3537 τοῦτο
784 3484 1131 3555 πρῶτονμὲν
1158 3484 1506 3556 ἀποκηρύξαι
1536 3485 1710 3556 τολμᾷ
1742 3484 1844 3556 τὴν

269 3576 558 3642 Θεοτὸκος
599 3576 784 3649 φωνὴν
824 3577 918 3630 καὶ
950 3578 1185 3647 πάμπαν
1217 3579 1283 3632 ὲκ
1314 3578 1414 3648 τῆς
1435 3578 1541 3631 τῶν
1577 3579 1843 3650 Χριστια-

267 3668 367 3718 νῶν
397 3667 654 3739 γλώσσης
688 3669 982 3740 περιελεῖν.
1025 3670 1136 3724 Καὶ
1183 3670 1292 3740 γὰρ
1320 3668 1519 3740 ἤχθετο
1570 3669 1693 3723 λίαν
1747 3669 1844 3724 καὶ

268 3759 570 3826 ἠγανάκτει
599 3761 693 3813 ἐπὶ
717 3764 784 3832 τῇ
820 3761 913 3813 τοῦ
949 3762 1214 3832 ὀνόματος
1251 3761 1562 3831 ἐπικλήσει,
1594 3761 1732 3833 ὅπερ
1775 3756 1846 3831 ἦν

269 3849 623 3918 Χριστιανοῐς
659 3850 913 3921 σύνηθες,
944 3852 1029 3920 ἐφ’
1069 3846 1112 3920 ᾧ
1151 3852 1247 3904 καὶ
1299 3851 1586 3916 Ἰουδαίους
1628 3852 1845 3922 ὁρῶμεν

270 3942 350 4014 est
377 3941 858 4012 δυσχεραίνοντας.
899 3943 1134 3996 Ἔπειτα
1160 3941 1584 4013 παραχαράσσει
1615 3941 1709 3995 καὶ
1740 3958 1845 3994 πα-

273 4035 581 4100 ραποιεῖται
629 4033 733 4085 ὅσα
771 4033 976 4104 ἐπὶ,τῷ
1009 4033 1236 4104 ὀνόματι
1272 4034 1446 4104 αὐτῆς
1481 4032 1844 4104 ἐπεκέκλητο,

272 4125 362 4176 καὶ
397 4126 455 4177 ὲν
489 4124 667 4188 λιταῖς
697 4124 834 4194 πρὸς
863 4125 958 4177 τὸν
991 4125 1254 4194 τεχθέντα
1301 4124 1359 4192 ἐξ
1397 4125 1566 4196 αὐτῆς
1598 4125 1694 4178 καὶ
1722 4126 1847 4198 δεή-

274 4230 418 4267 σεσιν
447 4217 506 4269 ὲν
536 4215 776 4286 ᾅσμασιν
804 4216 891 4270 ἀεὶ
918 4214 1232 4284 ἁνεφώνουν
1257 4216 1398 4287 ὑπὲρ
1425 4216 1525 4286 τῆς
1547 4215 1641 4269 τοῦ
1665 4216 1844 4269 κοινοῦ

277 4307 470 4369 παντὸς
500 4307 778 4377 σωτηρίας
807 4307 1154 4378 οί·δεόμενοι.
1203 4307 1356 4359 Ἐπεὶ
1377 4307 1751 4378 ὁμολογοῦμέν
1784 4323 1846 4360 τε

275 4398 363 4449 καί⁵
412 4398 790 4469 κηρύσσομεν,
839 4399 1120 4468 μεσιτείαν
1153 4398 1324 4470 αὐτὴν
1375 4400 1469 4453 καὶ
1507 4399 1847 4472 προστασίαν

1934 584 2144 638 caneris
2187 584 2509 653 imaginibus
2573 583 2754 638 dicere
2818 581 3019 634 vellet?
3082 593 3288 650 quasve
3326 588 3506 632 mente

1933 673 2151 728 molitur
2195 673 2668 728 machinationes?
2715 671 2981 724 Nimirum
3042 676 3330 738 postquam
3383 681 3505 734 por-

1935 773 2078 818 tenta
2101 765 2265 819 multa
2297 764 2636 834 iueptiasque
2674 763 2936 816 adversus
2965 760 3062 816 Dei
3100 757 3264 814 Verbi
3323 759 3502 811 incar-

1933 857 2206 911 nationem
2258 855 2616 919 coutexuerit,
2671 853 2736 906 ad
2783 851 3061 906 vesaniam
3113 865 3265 904 suam
3313 854 3542 914 contra.

1933 958 2237 1002 sanctorum
2263 947 2425 1001 etiam
2476 953 2824 1000 monumenta
2867 943 3032 1012 impie
3074 940 3498 1012 expromendam
3541 987 3546 992 .

1934 1038 2311 1102 decursurum,
2351 1037 2453 1108 71
2487 1035 2697 1091 cunctis
2733 1041 2817 1089 est
2865 1033 3207 1102 exploratum
3265 1043 3282 1084 :
3341 1038 3504 1093 atque
3540 1049 3544 1098 ς

1933 1128 1988 1183 in
2021 1129 2208 1198 primis
2237 1129 2498 1184 adversus
2531 1137 2844 1182 sanctorum
2877 1124 3208 1195 praecipuam
3246 1129 3299 1174 et
3347 1133 3500 1172 crea-
3540 1133 3545 1144 “

1938 1231 2180 1274 turarum
2205 1219 2447 1276 omnium
2477 1218 2921 1274 sublimissimam
2952 1215 3236 1270 Dominam
3256 1219 3504 1268 nostram

1935 1311 2330 1365 sanctissimam
2389 1309 2481 1365 Dei
2525 1309 2748 1364 Matrem
2790 1307 2926 1377 (80),
2979 1314 3037 1359 ut
3089 1313 3143 1359 et
3177 1303 3350 1373 ipsam
3379 1313 3505 1355 cum

1934 1399 2072 1457 Filio
2099 1417 2196 1458 suo
2223 1401 2568 1458 contumeliis
2601 1399 2862 1470 exagitet.

2005 1681 2260 1748 Quaenam
2289 1693 2417 1735 vero
2445 1679 2555 1734 Deo
2577 1677 2794 1732 odihilis
2821 1673 3106 1742 atheaeque
3132 1669 3280 1725 illius
3313 1666 3508 1722 animae

1937 1774 2160 1829 consilia
2183 1773 2314 1836 sint,
2339 1786 2518 1842 Operae
2559 1769 2789 1839 pretium
2819 1777 2904 1823 est
2937 1779 3269 1838 cognoscere
3308 1780 3320 1816 :
3377 1776 3513 1815 num.

1938 1864 2145 1919 scilicet
2187 1864 2278 1917 hic
2303 1876 2519 1933 quoque
2560 1858 2952 1928 indescriptum
2980 1867 3036 1912 et
3083 1842 3498 1911 incirCumscri-e

1938 1966 2086 2026 ptum
2106 1968 2367 2023 oggerere
2390 1951 2554 2019 velit;
2585 1951 2668 2005 vel
2686 1959 3000 2006 sanctorum
3028 1947 3509 2017 duplicilatem,ex

1937 2046 2138 2102 deitate
2164 2044 2416 2098 nimirum
2437 2053 2492 2096 et
2517 2039 2890 2097 humanitate?
2915 2039 3009 2094 Vel
3042 2038 3277 2092 fortasse
3313 2046 3502 2090 mente

1940 2133 2203 2198 revolvat,
2236 2133 2381 2202 quod
2412 2131 2530 2201 ejus
2563 2129 2862 2184 familiares
2910 2143 2974 2182 ac
3023 2127 3193 2182 duces
3224 2126 3272 2179 ei
3305 2123 3514 2187 alliam,

1941 2240 2132 2297 nempe
2179 2233 2491 2281 sanctorum
2527 2235 2743 2292 quoque
2779 2219 3048 2288 duplicem
3095 2231 3219 2272 esse
3256 2217 3511 2271 substan-

1939 2315 2094 2379 tiam,
2121 2328 2186 2368 ex
2216 2312 2396 2366 anima
2421 2320 2475 2365 et
2495 2323 2759 2377 corpore;
2792 2323 2898 2378 quo
2933 2307 3030 2372 fit,
3079 2314 3139 2360 ut
3194 2304 3242 2359 si
3290 2305 3344 2359 bi
3383 2306 3505 2371 piu-

1938 2414 2154 2477 gantur,
2189 2405 2368 2458 anima
2395 2414 2610 2472 quoque
2643 2415 2764 2456 cum
2799 2399 2865 2454 iis
2884 2396 3194 2453 necessario
3239 2393 3512 2464 pingendi

1939 2499 2009 2554 sit
2035 2494 2404 2566 etfigurauda,
2443 2492 2526 2547 vel
2555 2500 2702 2548 certe
2733 2489 2820 2545 illa
2844 2505 2873 2543 a
2901 2503 3134 2557 corpore
3159 2488 3230 2543 sit
3256 2485 3512 2540 abfutura

1941 2600 2059 2655 quae
2087 2584 2290 2653 jamdiu
2320 2596 2384 2636 ex
2417 2583 2602 2635 eodem
2649 2576 2906 2634 excessit.
2967 2577 3144 2644 Atque
3199 2574 3270 2627 ita
3311 2572 3509 2643 quibus

1943 2676 2156 2746 ineptiis
2185 2674 2485 2742 fabulisque
2509 2673 2652 2726 circa
2683 2669 2887 2724 Christi
2927 2667 3261 2737 hypostasim
3305 2664 3508 2718 abusus

1940 2776 2042 2832 est,
2084 2766 2302 2820 easdem
2332 2765 2474 2818 circa
2500 2771 2717 2815 sanctos
2742 2773 2956 2828 quoque
2983 2771 3118 2811 vane
3147 2754 3374 2811 elfutiet.
3403 2752 3514 2808 Sed

1943 2867 2203 2926 quantum
2227 2871 2291 2911 ex
2329 2855 2395 2909 iis
2424 2867 2544 2922 quae
2571 2851 2710 2904 dixit
2739 2851 2957 2920 egitque
2995 2845 3358 2918 portenditur,
3393 2857 3514 2896 mo-

1944 2944 2158 2999 litiones
2183 2943 2298 3010 ejus
2325 2955 2652 3013 cognoscere
2691 2954 2796 2993 non
2831 2951 2914 2994 est
2943 2937 3194 2992 arduum.
3223 2933 3357 2988 Nam
3389 2933 3515 3002 quia

1945 3036 2079 3090 nihil
2099 3045 2182 3089 est
2219 3049 2444 3104 pravum
2486 3046 2550 3087 ac
2582 3033 2802 3101 impium
2826 3068 2842 3096 ,
2880 3029 3023 3100 quod
3079 3027 3342 3082 adversus
3372 3023 3513 3078 divi-

1947 3143 2071 3182 nam
2104 3126 2436 3196 majestatem
2480 3134 2809 3192 sanctosque
2856 3136 2964 3176 non
3002 3119 3074 3174 sit
3125 3118 3512 3180 machinatus;

1944 3217 2080 3273 nihil
2105 3217 2390 3272 scelestum
2424 3225 2478 3272 et
2526 3215 2805 3286 indignum
2838 3211 2981 3284 quod
3030 3211 3134 3266 hoc
3187 3209 3241 3263 iu
3299 3207 3520 3276 negotio.

1944 3323 2050 3364 non
2081 3306 2508 3378 perpetraverit;
2536 3319 2770 3376 cumque
2800 3304 2934 3359 nihil
2981 3303 3100 3358 sine
3127 3299 3396 3367 vituperio
3453 3311 3519 3353 ac

1945 3399 2366 3468 reprehensione
2407 3398 2459 3452 in
2487 3399 2700 3452 sincera
2725 3404 2906 3450 nostra
2939 3393 3043 3448 fide
3074 3391 3394 3462 reliquerit,
3429 3387 3509 3442 id-

1945 3491 2092 3547 circo
2135 3491 2368 3559 primum
2413 3488 2628 3558 quidem
2677 3487 2932 3541 abdicare
2984 3484 3148 3538 audet
3185 3477 3514 3536 vocabulum

1946 3581 2198 3651 Deipara,
2233 3591 2400 3650 atque
2443 3580 2666 3634 omnino
2715 3593 2782 3634 ex
2821 3576 3260 3632 Christianorum
3315 3570 3517 3638 linguis

1945 3682 2220 3730 excutere.
2254 3672 2389 3727 Nam
2413 3673 2569 3728 valde
2610 3669 2867 3726 irascitur
2901 3682 2964 3722 ac
3017 3666 3396 3722 stomachatur
3451 3661 3518 3714 ad

1945 3763 2355 3830 hujusuominis
2385 3762 2803 3824 invocationem,
2835 3758 2977 3828 quod
3017 3767 3195 3811 tamen
3247 3752 3518 3809 Christiaq

1947 3855 2032 3910 nis
2055 3865 2136 3909 est
2161 3852 2448 3916 familiare,
2488 3861 2544 3906 et
2576 3852 2641 3906 de
2673 3865 2780 3920 quo
2815 3847 3028 3904 Judaeos
3059 3846 3402 3916 indignantes
3442 3843 3521 3895 vi-

1946 3945 2156 4000 demus.
2215 3943 2418 3998 Deinde
2451 3942 2594 3996 delet
2647 3949 2703 3996 et
2745 3939 2930 3993 abolet
2968 3951 3308 4007 quaecunque
3340 3935 3392 3988 in
3423 3949 3521 3986 uo-

1947 4035 2092 4090 mine
2113 4035 2231 4104 ejus
2277 4032 2665 4096 implorantur,
2702 4043 2935 4098 quicque
2965 4029 3016 4082 in
3061 4025 3268 4080 litaniis
3304 4026 3368 4076 ad
3405 4024 3527 4092 ejus

1946 4117 2162 4184 Filium,
2201 4118 2564 4188 precibusque
2622 4125 2677 4171 et
2729 4115 2960 4170 canticis
3012 4112 3227 4168 assidue
3285 4112 3524 4166 clamant

1946 4225 2046 4282 pro
2077 4209 2350 4265 communi
2399 4208 2576 4264 salute
2612 4208 2648 4263 ii
2696 4207 2790 4277 qui
2836 4215 3018 4261 orant.
3067 4205 3520 4273 Quandoquidem

1947 4301 2269 4372 profitemur
2296 4308 2352 4356 et
2396 4299 2760 4370 praedicamus
2817 4295 3191 4352 mediatricem
3243 4310 3364 4350 eam
3403 4309 3524 4349 esse

1949 4391 2292 4460 validamque
2325 4390 2464 4460 apud
2517 4389 2708 4446 Filium
2752 4397 3057 4459 patronam,
3085 4388 3154 4442 ob
3207 4402 3361 4444 suam
3413 4401 3532 4440 ma-.

274 4490 485 4562 ἀσφαλῆ
539 4491 679 4562 πρὸς
739 4492 900 4545 αὑτὸν
954 4491 1278 4562 κεκτῆσθαι,
1343 4491 1409 4544 δι’
1448 4493 1514 4561 ἦν
1575 4493 1840 4563 μητρικὴν

1956 4484 2091 4540 terni
2127 4483 2306 4538 meriti
2331 4479 2732 4552 ﬁduciam(8l).
2776 4479 3020 4550 Denique
3067 4493 3256 4548 preces
3295 4477 3361 4532 ad
3402 4490 3520 4531 eam

277 4582 587 4652 παρρησίαν
638 4582 771 4652 ἔχει.
822 4584 932 4636 Καὶ
970 4583 1157 4636 τέλεον
1204 4585 1303 4648 τὰς
1342 4582 1638 4654 πρεσϐείας
1675 4583 1846 4655 αὐτῆς

277 4670 652 4735 ἀπαναίνεται,
699 4672 760 4737 ἐξ
790 4666 1013 4740 ὧντοῖς
1041 4674 1354 4744 δεχομένοις
1383 4674 1539 4732 αἰκία
1566 4675 1628 4726 οὐ
1671 4673 1847 4744 μικρὰ

277 4759 308 4828 ἢ
342 4760 462 4832 δίκη
487 4763 790 4834 ἐπήρτητο.
825 4764 935 4816 Καὶ
964 4764 1017 4816 τί
1049 4764 1154 4834 χρὴ
1187 4763 1254 4820 τὰ
1283 4763 1622 4818 καθέκαστον
1641 4765 1842 4834 λέγειν,

283 4852 411 4920 μηδὲ
473 4854 700 4924 μνήμην
763 4853 1018 4926 ὁπωσοῦν
1065 4855 1158 4907 τοῦ
1223 4855 1486 4924 ὀνόματος
1531 4855 1847 4924 ἐγγίνεσθαι

281 4943 529 5011 πώποτες
559 4945 697 5014 Περὶ
730 4945 836 5016 γὰρ
867 4944 978 4998 τῶν
1024 4945 1199 5003 ἄλλων
1230 4945 1403 5013 ἁγίων
1433 4945 1483 4999 τί
1516 4946 1601 4999 δεῖ
1637 4947 1848 5019 μακρό-

281 5051 430 5104 τερον
477 5037 741 5100 διεξιέναι
793 5036 861 5090 τὰ
923 5036 1055 5103 νῦν;
1102 5039 1176 5092 Οὐ
1223 5038 1332 5109 γὰρ
1381 5037 1558 5106 λόγοις
1612 5039 1851 5110 ἀνιέροις

282 5125 630 5194 ὲκφαυλίζειν
673 5129 768 5181 καὶ
796 5129 1184 5185 ἀποσκώπτειν
1207 5130 1284 5193 ὡς
1309 5129 1568 5200 αἴσχιστα
1603 5132 1850 5202 ἀποχρῆν

282 5219 524 5286 ἡγήσατο
557 5219 743 5290 μόνον,
780 5220 923 5274 αὐτὰ
947 5220 1005 5274 δὲ
1034 5221 1104 5274 τὰ
1141 5221 1262 5291 ἱερὰ
1283 5222 1377 5274 καὶ
1418 5221 1693 5285 σεδάσμια
1725 5222 1850 5280 τού-

282 5322 386 5360 των
408 5309 844 5378 λείψανα,πυρὺς
872 5311 1122 5381 δαπάνην
1147 5313 1418 5382 πεποίηκε
1436 5314 1531 5366 καὶ
1560 5313 1847 5382 ἀνάλωμα.

351 5407 408 5456 ε’.
455 5403 610 5455 Ἐπεὶ
634 5403 692 5455 δὲ
728 5403 878 5470 ἆπαξ
907 5403 1129 5475 Χριστῷ
1163 5404 1258 5458 καὶ
1299 5405 1646 5478 Χριστιανοῖς
1676 5402 1846 5464 ἅπασι

351 5595 458 5665 (80)
487 5596 564 5651 De
599 5597 883 5671 vocabulis
908 5597 1248 5671 Θεοτόκοςεῑ
1276 5597 1580 5671 Θεομήτωρ
1615 5601 1756 5662 vide,
1789 5601 1831 5653 si

1951 4591 2173 4646 prorsus
2189 4575 2303 4628 fieri
2334 4582 2516 4638 vetat,
2563 4589 2696 4644 quas
2723 4574 2767 4628 si
2799 4575 2890 4642 qui
2920 4571 3270 4628 nihilominus
3297 4569 3522 4632 faciunt,

1955 4687 2061 4726 non
2094 4667 2380 4723 mediocris
2409 4679 2564 4735 paena
2605 4675 2767 4734 atque
2818 4664 2951 4722 ultio
3003 4661 3352 4734 impendebit.
3419 4659 3526 4714 Sed

1954 4762 2083 4832 quid
2135 4775 2270 4830 opus
2317 4768 2403 4814 est
2449 4757 2658 4828 singula
2693 4755 2967 4826 persequi,
3014 4770 3136 4810 cum
3193 4769 3261 4807 ne
3323 4767 3519 4808 nomen

1953 4851 2172 4922 quidem
2226 4849 2369 4905 illius
2423 4847 2716 4903 memorari
2766 4861 2990 4916 usquam
3033 4844 3204 4901 velit?
3232 4842 3350 4902 Jam
3378 4843 3530 4896 etde

1955 4941 2167 4998 caneris
2195 4941 2400 4996 sanctis
2435 4955 2532 4995 cur
2559 4940 2611 4994 in
2637 4938 2890 5010 praesenti
2925 4937 3252 5004 loquendum
3275 4934 3349 4987 sit
3370 4932 3393 4986 ?
3411 4931 3530 4985 Non

1956 5033 2100 5087 enim
2128 5049 2224 5088 eos
2241 5034 2516 5108 sacrilegis
2554 5031 2929 5086 tantummodo
2964 5028 3142 5082 verbis
3177 5039 3436 5093 spernere
3473 5037 3530 5079 et

1962 5124 2188 5179 irridere
2215 5125 2519 5194 turpissime
2541 5133 2829 5179 contentus
2869 5120 3010 5182 fuit,
3044 5117 3138 5172 sed
3173 5119 3315 5186 ipsas
3338 5132 3534 5172 sacras.

1958 5219 2402 5285 veneramlasque
2433 5217 2644 5270 illorum
2675 5212 2928 5280 reliquias
2960 5210 3013 5265 in
3041 5209 3220 5279 ignem
3249 5209 3528 5277 coujectas

1956 5310 2309 5377 consumpsit.

2027 5402 2081 5458 5.
2112 5401 2399 5472 Postquam
2444 5415 2572 5454 vero
2619 5396 2795 5454 semel
2843 5396 3060 5453 Christo
3111 5406 3166 5450 et
3199 5393 3527 5450 Christianis

2021 5598 2132 5669 (8|)
2167 5599 2364 5654 Recole
2404 5613 2434 5655 a
2467 5597 2623 5652 nobis
2673 5597 2811 5652 dicta
2859 5598 2912 5653 in
2968 5598 3149 5654 adnot.
3205 5598 3272 5654 ad
3333 5593 3528 5654 Antir-

285 5675 433 5740 νει-ιιι
461 5707 475 5729 ,
525 5681 646 5740 quire
695 5667 764 5740 in
818 5666 924 5721 alio
990 5669 1260 5722 volumine
1309 5666 1405 5722 nos
1451 5666 1835 5724 adnotavimus
1948 5666 2211 5724 rhetic'um
2245 5671 2284 5736 I,
2317 5671 2440 5740 (col.
2474 5670 2599 5735 217,
2637 5680 2748 5722 nol.
2785 5669 2892 5738 ll).

289 5733 351 5788 ad
376 5739 544 5791 sancti
579 5735 765 5806 Cyrilli
792 5747 1081 5792 tractatum
1107 5739 1169 5794 de
1209 5740 1432 5807 Dcipara
1463 5755 1514 5806 p.
1560 5740 1675 5794 illo.
