3928 6142
386 241 490 303 3ἱ3

1405 251 1464 310 S.
1505 251 1922 313 NICEPHORI
1965 251 2466 313 PATRIARCHE
2504 252 2611 319 (ΣΡ.

3516 246 3625 314 3M

384 357 636 412 munibus
694 357 867 415 hostis
905 361 1132 427 exstitit,
1162 362 1576 434 divinarumque
1606 367 1786 437 legum
1829 382 1943 422 con-

2063 367 2317 437 πο).έμιος
2355 366 2576 434 γέγονε,
2608 367 2718 419 τῶν
2764 384 2823 419 τε
2866 366 3027 419 θείων
3081 365 3260 435 νόμων
3307 363 3622 435 ὑπερόπτης

389 457 642 516 tcmptor,
675 457 729 502 et
776 464 1058 507 sacrorum
1090 462 1359 509 'canonttnt
1394 456 1760 523 adversarius,
1795 469 1952 528 quot-

288 546 294 553 '
383 547 514 606 quot
540 539 606 592 ab
636 541 891 609 apostolis
919 544 1228 612 sanctisque
1263 544 1516 601 Patribus
1544 549 1672 602 editi
1706 548 1947 614 fuerunt,

384 632 605 684 decreto
633 631 775 686 cavit
805 646 872 687 ne
898 648 984 687 res
1029 633 1334 701 hujusmodi
1388 637 1441 690 in
1480 638 1702 694 basibus
1744 640 1951 694 divina-

382 734 502 773 rum
527 734 834 776 mensarum
882 727 1172 779 venerandi
1224 727 1411 783 altaris
1460 744 1558 798 pro
1606 730 1948 786 Christiano-

381 828 498 865 rum
531 813 636 867 ritu
668 823 1088 884 apponerentur.
1115 816 1179 871 Et
1201 818 1419 886 quidem
1456 821 1697 877 colentes
1734 837 1799 877 ac
1828 821 1948 877 visi-

380 914 584 971 tantes,
615 917 775 976 prout
817 906 912 961 Dei
947 916 1001 963 et
1040 918 1338 982 martyrum
1375 923 1649 969 amatores
1700 914 1944 983 decebat,

380 996 554 1064 capite
583 998 1036 1065 periclitabantur
1057 1016 1076 1054 :
1102 1001 1176 1055 ita
1218 1011 1275 1057 ut
1298 1018 1398 1073 per
1421 1003 1552 1059 illud
1579 1014 1789 1077 tempus
1817 1006 1948 1061 aedi-

378 1086 534 1140 ﬁcata
561 1088 779 1157 templa,
813 1088 1016 1160 absque
1037 1089 1212 1146 sacris
1246 1094 1491 1162 reliquiis
1518 1095 1629 1150 sint
1659 1097 1901 1153 dedicata
1928 1114 1942 1150 :

370 1180 608 1248 quorum
645 1180 764 1237 loco
806 1184 1079 1250 ponebant
1105 1184 1476 1252 perfectorum
1500 1201 1529 1240 a
1560 1202 1621 1242 se
1657 1190 1945 1260 mysterio-

377 1284 499 1322 rum
533 1270 832 1338 reliquias;
871 1272 1028 1342 digna
1062 1287 1189 1327 vere
1226 1274 1340 1329 suis
1386 1277 1730 1343 dogmatibus
1776 1291 1945 1333 caere-

378 1359 684 1430 moniisquc
732 1360 1034 1429 facientes;
1068 1377 1243 1430 neque
1291 1364 1434 1418 enim
1467 1380 1563 1434 per
1596 1366 1944 1434 apostolicam

378 1450 720 1504 traditionem
754 1450 804 1503 id
837 1451 961 1505 licet
986 1452 1119 1524 (82).
1154 1453 1283 1507 Nam
1312 1457 1582 1523 quomodo
1631 1465 1944 1511 sanctorum

377 1538 634 1608 reliquias
681 1541 975 1595 houoraret
1006 1540 1302 1607 Mamonas,
1340 1545 1433 1614 qui
1467 1553 1522 1600 et
1550 1544 1830 1601 dedicatas
1871 1548 1950 1617 ip.

377 1645 558 1682 sorum
595 1631 902 1685 nominibus
930 1646 1114 1689 sacras
1152 1634 1318 1698 aedes,
1348 1649 1445 1703 pro
1478 1650 1575 1689 sua
1611 1636 1943 1704 impudentia

2053 458 2147 517 xui.
2171 458 2277 510 τῶν
2306 455 2467 527 ἱερῶν
2489 455 2729 509 κανόνων
2751 453 3050 516 ἀντίθετος.
3069 454 3185 507 ὅσοι
3209 470 3266 506 τε
3297 452 3622 514 ἀποστόλοις

2052 528 2155 601 καῖ’
2175 546 2346 609 ὁσίοις
2394 545 2676 615 ῙῙατράσιν
2708 543 3066 609 έκτέθεινται,
3096 541 3385 596 τεθέσπικε
3410 541 3486 613 μὴ
3508 542 3620 595 δεῖν

2052 636 2192 691 κατὰ
2218 637 2314 700 τὰς
2340 634 2657 706 έδραιὼσεις
2705 634 2814 689 τῶν
2857 634 3017 689 θείων
3065 631 3357 704 τραπεζῶν
3399 633 3494 687 τοῦ
3529 649 3621 686 σεο

2051 729 2287 799 ϐασμίου
2317 725 2734 796 θυσιαστηρίου,
2768 724 2945 779 ταῦτα
2987 725 3131 778 κατά
3150 724 3212 777 τὸ
3229 724 3623 794 νενομισμένον

2049 819 2398 890 Χριστιανοῖς
2437 816 2873 871 έναποτίθεσθαι.
2929 817 3041 870 Καὶ
3083 816 3193 886 γὰρ
3236 818 3350 880 τοίς
3399 816 3621 869 σέϐουσι

2050 915 2145 966 καὶ
2162 909 2535 982 περιέπουσιν,
2553 909 2627 971 ὡς
2644 907 2794 978 ἐξῆν,
2821 906 3092 976 φιλοθέοις
3110 907 3205 961 καὶ
3227 905 3620 977 φιλομάρτυσι,

2050 1001 2179 1072 περὶ
2207 1000 2316 1053 τῶν
2342 999 2588 1070 ἐσχάτων
2624 1000 2871 1070 ὑπῆρχεν
2906 999 2936 1051 ό
2963 997 3203 1062 κίνδυνος
3222 1014 3237 1029 ο
3269 997 3413 1050 ὥστε
3439 997 3538 1050 καὶ
3565 997 3620 1050 oi.

2048 1091 2189 1147 κατά
2217 1090 2309 1144 τὸν
2337 1090 2529 1161 χρόνον
2579 1087 2672 1142 τὸν
2716 1088 2928 1142 ἐκείνου
2966 1087 3293 1158 δομούμενοι
3326 1087 3467 1153 ναοὶ,
3502 1087 3624 1140 λει-

2046 1184 2232 1255 ψάνων
2252 1183 2380 1237 ἄνευ
2413 1181 2583 1250 ἁγίων
2613 1178 3003 1249 καθιεροῦσθαι
3026 1178 3241 1245 ἔδοξαν*
3268 1178 3623 1232 ἀντετίθεσαν

2046 1275 2154 1348 γὰρ
2174 1274 2285 1328 τῶν
2309 1274 2439 1344 παρ’
2457 1271 2637 1325 αὐτῶν
2657 1270 2999 1340 τελουμένων
3025 1270 3342 1340 μυστηρίων
3363 1268 3618 1340 λείψανα,

2047 1363 2174 1433 ἀξια
2206 1365 2282 1428 ὡς
2312 1362 2528 1433 ἀληθῶς
2555 1361 2666 1416 τῶν
2693 1361 2914 1414 οἰκείων
2945 1359 3234 1430 δογμάτων
3268 1358 3363 1413 καὶ
3382 1359 3619 1412 τελετῶν

2048 1457 2385 1530 πράσσοντες
2414 1468 2428 1511 τ
2471 1452 2530 1506 οὐ
2557 1452 2663 1522 γὰρ
2698 1449 2920 1521 θεμιτὸν
2971 1452 3038 1521 τῇ
3069 1449 3399 1519 ἀποστολικῇ
3435 1466 3618 1520 παρα-

2046 1546 2192 1600 δόσει
2242 1532 2424 1611 τνοῦτο.
2463 1542 2589 1606 Πῶς
2633 1542 2743 1613 γὰρ
2790 1542 2957 1612 τιμᾷν
3003 1539 3268 1611 ἔμελλεν,
3297 1541 3355 1602 ὃς
3403 1556 3468 1608 γε
3522 1542 3622 1593 καὶ

2046 1638 2174 1700 τοὺς
2202 1635 2530 1705 ἐπωνύμους
2571 1632 2753 1687 αὐτῶν
2786 1631 2964 1701 ἱεροὺς
2990 1630 3193 1695 οἴκους,
3233 1629 3497 1700 αὐθαδείᾳ
3523 1631 3621 1683 καὶ

373 1731 429 1774 et
464 1723 689 1776 audacia
713 1761 728 1785 ,
764 1723 927 1792 impie
981 1724 1196 1780 subruit
1241 1735 1295 1781 et
1320 1729 1510 1782 evertit
1537 1771 1552 1793 ,
1594 1742 1728 1797 quas
1767 1738 1943 1785 tamen

2047 1726 2346 1799 θρασύτητι
2368 1703 2672 1795 χρώμενος,
2705 1723 2859 1778 ἀθεεὶ
2887 1721 3117 1793 διώρυξέ
3133 1738 3194 1777 τε
3221 1721 3316 1775 καὶ
3339 1721 3623 1790 περιέτρε-

375 1813 478 1866 lide
504 1822 557 1867 et
591 1813 846 1883 religione
874 1815 1100 1882 permoti
1139 1816 1449 1888 superiores
1492 1817 1789 1873 Christiani
1827 1831 1947 1873 ere-

374 1903 808 1971 xerant?Atque
833 1918 926 1958 eas
965 1906 1237 1975 praecipue
1285 1907 1473 1972 diruit,
1516 1907 1603 1962 ubi
1655 1922 1824 1964 sacra:
1851 1922 1944 1965 ve-

375 1994 736 2059 nrrandaeque
807 2004 1122 2050 sanctorum
1183 2010 1270 2050 res
1320 1996 1606 2069 descriptae
1644 2008 1831 2063 erant,
1893 2008 1946 2054 et

374 2083 480 2153 72
528 2084 782 2152 pretiosae
821 2084 1066 2154 reliquiae
1105 2087 1370 2154 repositae.
1419 2085 1654 2143 Omnino
1687 2089 1756 2147 .is
1817 2089 1945 2144 totis

373 2176 581 2229 viribus
604 2177 981 2242 contendebat,
1015 2184 1074 2231 ut
1107 2167 1273 2231 nulla.
1295 2178 1507 2234 illorum
1555 2180 1791 2235 nominis
1829 2194 1943 2234 me-

372 2266 542 2319 moria
579 2266 720 2319 inter
741 2265 987 2322 homines
1016 2278 1342 2336 superesset.

360 2417 366 2425 _
441 2355 495 2411 6.
526 2356 696 2411 Porro
723 2371 937 2426 aequum
971 2368 1053 2414 est
1082 2368 1137 2415 et
1167 2361 1318 2429 utile,
1350 2362 1706 2433 dignitatique
1731 2372 1946 2418 sancto-

373 2464 493 2502 rum
530 2449 880 2514 conveniens,
928 2451 981 2504 in
1033 2453 1288 2522 praesenti
1325 2454 1528 2523 dicere,
1566 2457 1711 2524 quod
1753 2470 1944 2522 nempe

373 2538 429 2593 hi
462 2553 560 2594 ceu
598 2538 690 2592 Dei
723 2538 1006 2606 l‘amuli,et
1047 2541 1100 2595 in
1135 2541 1239 2597 hac
1262 2542 1372 2595 vita
1421 2557 1638 2597 crucem
1688 2543 1940 2611 amplexi,

370 2630 645 2685 Christum
682 2631 854 2685 secuti
911 2632 1132 2697 fuerint,
1190 2647 1314 2689 eum
1361 2648 1533 2707 eoque
1568 2634 1850 2699 cruciﬁxi,
1886 2644 1945 2689 et

371 2720 626 2777 salutaris
651 2721 768 2792 ejus
806 2723 1076 2790 passionis
1107 2724 1409 2781 imitatores
1443 2735 1499 2780 et
1525 2727 1749 2783 asseclaa
1777 2729 1942 2783 exsti-

373 2809 568 2878 terint;
600 2812 1030 2880 quamobrem-et
1064 2812 1118 2866 iu
1143 2823 1402 2867 :etcrnum
1431 2828 1552 2868 cum
1598 2814 1686 2869 illo
1750 2829 1944 2885 regna-

375 2903 478 2955 tnri
513 2914 637 2956 sunt
663 2903 800 2972 (85).
827 2905 986 2974 Atqui
1026 2919 1167 2960 nunc
1190 2907 1351 2959 etiam
1382 2916 1503 2975 post
1547 2906 1758 2961 illorum
1784 2922 1817 2962 a
1847 2922 1944 2961 no-

370 2994 455 3048 his
481 2994 804 3057 discessum,
831 3008 952 3048 cum
978 2994 1198 3052 Christo
1210 3000 1638 3065 persecutionem
1656 2999 1943 3067 experiun-

373 3095 459 3140 tur
485 3097 536 3140 et
583 3088 1009 3155 compatiuntur.
1064 3088 1195 3141 Nam
1238 3090 1381 3157 quod
1432 3099 1590 3143 antea
1635 3088 1942 3159 archetypis

371 3180 679 3245 eveniebat,
716 3181 767 3234 id
804 3195 946 3235 nunc
975 3181 1137 3235 etiam
1189 3180 1429 3249 ipsorum
1473 3180 1777 3237 simulacris
1808 3181 1944 3235 acci-

373 3272 469 3335 dit,
494 3280 656 3340 atque
691 3271 761 3326 ob
782 3271 1052 3341 duplicata
1089 3272 1385 3325 certamina
1416 3271 1821 3340 duplicatasque
1859 3270 1944 3324 in-

373 3362 701 3416 scctationes
751 3372 913 3429 atque
975 3363 1331 3418 contumelias
1383 3376 1412 3414 a
1478 3376 1693 3415 corona:
1752 3361 1944 3416 datore

373 3452 595 3506 Christo
623 3459 923 3506 ornantur:
960 3451 1255 3521 vivuntque
1284 3451 1395 3507 Deo
1427 3451 1480 3505 in
1524 3450 1939 3519 sempiternum,

373 3553 537 3613 atque
568 3543 619 3596 in
651 3556 782 3614 pace
812 3552 1117 3607 versantur,
1146 3542 1355 3597 etiamsi
1386 3540 1523 3597 mori
1548 3540 1647 3595 visi
1679 3549 1804 3596 sunt
1829 3540 1944 3594 hu—

368 3637 460 3704 jus
485 3622 663 3689 stolidi
704 3634 895 3689 oculis.
932 3634 1003 3689 At
1051 3634 1250 3703 impius
1298 3633 1431 3688 abiit
1470 3647 1674 3687 vacuus
1700 3672 1715 3698 ,
1753 3632 1942 3701 dignos

374 3728 618 3781 iatiorum
655 3741 875 3803 suorum
915 3725 1157 3781 referens
1211 3724 1443 3790 fructus,
1489 3723 1747 3793 gehennae
1781 3737 1941 3792 para-

372 3821 518 3890 tique
544 3819 645 3889 ipsi
675 3819 836 3889 ignis,
863 3818 1197 3887 ducibusque
1224 3816 1359 3883 suis,
1388 3816 1564 3871 haeres
1608 3814 1804 3869 factus.
1845 3814 1941 3867 Hic

375 3912 620 3966 videlicet
652 3919 892 3981 apostata
921 3918 1040 3979 pust
1089 3919 1364 3978 apostatas
1385 3948 1399 3973 ,
1435 3917 1491 3963 et
1534 3915 1658 3977 post
1692 3922 1943 3976 persecu~

377 4016 522 4058 torcs
567 4004 800 4058 acerbus
831 4010 1143 4071 persecutor
1188 4009 1244 4056 et
1264 4000 1597 4056 saevissimus
1620 4036 1635 4063 ,
1673 4014 1777 4053 non
1809 3999 1944 4054 satis

377 4094 563 4149 habuit
595 4094 853 4148 adversus
882 4091 1059 4147 adhuc
1079 4094 1344 4155 viventes,
1372 4099 1425 4145 et
1452 4089 1753 4144 secundum
1773 4087 1943 4142 Deum

373 4187 557 4240 vivere
617 4185 893 4247 volentes,
938 4183 1364 4253 indignationem
1412 4183 1702 4250 odiumque
1743 4194 1944 4248 expro-

374 4292 543 4339 mere,
576 4286 631 4329 et
664 4273 1038 4342 injustissimis
1070 4274 1246 4341 pmnis
1269 4287 1362 4326 eos
1397 4270 1643 4336 allicere;
1696 4271 1787 4325 sed
1831 4272 1942 4339 jam

2045 1816 2167 1886 ψεν.
2202 1814 2295 1880 οὓς
2341 1816 2525 1868 πίστει
2559 1814 2654 1868 καὶ
2691 1813 3018 1883 σεϐάσματι,
3047 1812 3110 1866 τὸ
3168 1811 3433 1866 ἀνέκαθεν
3480 1812 3621 1879 Χρι-

2048 1906 2251 1960 στιανοὶ
2283 1906 2681 1976 ἀνεστήσαντο;
2716 1904 2826 1958 Καὶ
2864 1903 3090 1966 τούτους
3121 1902 3360 1973 μάλιστα
3390 1900 3520 1955 ένθα
3547 1901 3621 1954 τά

2049 1996 2171 2069 ἱερά
2205 1995 2384 2049 αὐτῶν
2417 1995 2758 2049 ἐντετύπωτο
2800 1992 3261 2064 ἀποσεόάσματα,
3296 1990 3390 2045 καὶ
3425 1991 3495 2043 τὰ
3525 2007 3620 2043 σε·

2045 2087 2258 2157 ϐάσμια
2285 2085 2607 2142 ὲναπέκειτο
2632 2083 2880 2153 λείψανα.
2921 2085 3031 2139 Καὶ
3052 2082 3216 2155 ἔργον
3242 2078 3311 2153 ἦν
3341 2081 3492 2152 αὖτῷ
3517 2082 3619 2135 καὶ

2045 2178 2360 2247 ἀγώνισμα,
2401 2176 2537 2247 μηδὲ
2575 2174 2687 2228 τῶν
2733 2174 3019 2245 ὀνομάτων
3066 2174 3248 2229 αὐτῶν
3285 2176 3506 2245 μνήμην
3535 2174 3617 2238 είς

2044 2269 2104 2323 τὸ
2122 2269 2251 2339 ἑξῆς
2281 2271 2394 2332 τοῖς
2420 2266 2732 2339 ἀνθρώποις
2755 2266 3167 2337 ὑπολελεῖφθαι.

2118 2359 2192 2426 ς’.
2245 2360 2386 2413 Ἀλλ’
2435 2358 2587 2426 ἀξιον
2634 2359 2728 2412 καὶ
2789 2359 3101 2431 πρόσφορον
3154 2359 3213 2413 ὲν
3266 2358 3345 2429 τῷ
3382 2357 3618 2428 παρόντι

2043 2454 2241 2518 εἰπεῖν,
2290 2453 2386 2505 καὶ
2430 2453 2636 2506 οἰκεῖον
2673 2455 2772 2522 τῆς
2800 2452 2910 2505 τῶν
2941 2452 3111 2520 ἁγίων
3148 2452 3507 2522 τελειότητος,
3531 2451 3620 2504 ὅτι

2043 2546 2119 2609 ὡς
2162 2544 2299 2597 Θεοῦ
2327 2542 2685 2612 θεράποντες,
2724 2544 2816 2595 καὶ
2867 2543 3008 2596 κατὰ
3049 2543 3141 2595 τὸν
3188 2542 3315 2613 τῇδε
3358 2542 3473 2613 βίον
3523 2543 3620 2595 τὸν

2045 2635 2277 2707 σταυρὸν
2324 2634 2610 2705 ἀράμενοι,
2656 2632 2880 2704 Χριστῷ
2919 2632 3297 2704 ἠκολούθησαν
3336 2633 3433 2686 καὶ
3494 2649 3622 2685 συν-

2043 2726 2486 2799 εσταυρώθησαν,
2524 2726 2620 2780 καὶ
2646 2723 2743 2778 τοῦ
2772 2722 3042 2789 ζωοποιοῦ
3077 2722 3244 2777 αὐτοῦ
3275 2721 3481 2785 πάθους
3517 2726 3620 2774 καὶ

2042 2818 2138 2871 τοῦ
2197 2818 2469 2888 σωτηρίου
2503 2816 2758 2878 θανάτου,
2803 2814 3041 2888 μιμηταὶ
3073 2815 3171 2868 καὶ
3211 2814 3405 2867 ὀπαδοὶ⁹
3452 2811 3622 2881 γεγό-

2042 2920 2195 2963 νασι·
2228 2907 2310 2961 διὸ
2336 2908 2433 2960 καὶ
2469 2908 2549 2971 εἰς
2579 2907 2672 2960 τὸν
2703 2909 2881 2961 αἰῶνα
2907 2904 3401 2977 συμϐασιλεύουσιν
3426 2903 3578 2973 αὐτῷ
3598 2918 3616 2932 ·

2043 2999 2195 3052 οὐδὲν
2234 2997 2291 3053 δὲ
2336 2994 2499 3071 ἦττον
2538 2999 2633 3051 καὶ
2674 2997 2815 3069 μετὰ
2853 2997 2953 3067 τὴν
2999 2995 3211 3050 ἐνθένδε
3268 2992 3618 3062 ἀπαλλαγὴν,

2043 3087 2268 3160 Χριστῷ
2300 3087 2688 3143 συνδιώκονται
2714 3088 2810 3142 καὶ
2836 3088 3273 3158 συμπάσχουσιν.
3307 3087 3485 3155 Ὅπερ
3505 3083 3621 3154 γὰρ

2042 3180 2306 3253 πρότερον
2349 3183 2462 3244 τοῖς
2493 3179 2825 3250 ἀρχετύποις
2856 3179 3162 3244 συνέϐαινε,
3193 3177 3351 3232 τοῦτο
3377 3176 3476 3230 καὶ
3520 3174 3622 3228 νῦν

2042 3268 2305 3332 ὡσαύτως
2328 3269 2457 3340 περὶ
2489 3269 2558 3323 τὰ
2582 3269 2704 3340 ἱερά
2740 3269 3065 3339 ὁμοιώματα
3091 3268 3477 3335 διαδείκνυται,
3516 3268 3623 3323 καὶ

2041 3358 2247 3422 διπλοῖς
2289 3360 2401 3422 τοῖς
2447 3360 2630 3423 ἄθλοις
2674 3360 2769 3414 ἐπὶ
2805 3359 3016 3423 διπλοῖς
3045 3362 3157 3423 τοῖς
3197 3360 3460 3430 διωγμοῖς
3509 3358 3612 3412 καὶ

2041 3452 2161 3513 ταῖς
2182 3448 2373 3520 ῦῦρεσι
2404 3449 2557 3519 παρὰ
2582 3448 2676 3505 τοῦ
2706 3450 3030 3520 στεφοδότου
3062 3449 3300 3521 Χριστοῦ
3340 3449 3619 3503 καταστέ-

2044 3554 2267 3610 φονται·
2317 3541 2415 3593 καὶ
2444 3539 2578 3603 ζῶσι
2611 3540 2691 3611 τῷ
2718 3540 2839 3610 Θεῷ
2879 3542 3115 3595 πάντοτε
3150 3541 3243 3595 καὶ
3275 3540 3413 3594 εἰσιν
3439 3541 3498 3593 έν
3530 3541 3620 3593 εἰ·

2045 3631 2205 3703 ρήνῃ,
2235 3629 2340 3684 κᾶν
2367 3630 2550 3695 ἔδοξαν
2567 3632 2627 3684 ὲν
2650 3632 2953 3703 ὀφθαλμοῖς
2967 3632 3223 3687 τεθνάναι
3240 3633 3335 3686 τοῦ
3355 3632 3615 3705 ἄφρονος.

2044 3724 2173 3777 Ὅδε
2201 3722 2312 3794 γὰρ
2358 3723 2640 3793 ἀνομήσας
2682 3723 2897 3794 ἀπῆλθε
2944 3724 3237 3795 διακενῆς,
3288 3723 3473 3790 ἀξίους
3504 3724 3620 3777 τῶν

2043 3819 2223 3872 πόνων
2272 3817 2489 3888 τρυγῶν
2521 3818 2648 3880 τοὺς
2673 3820 2943 3887 καρποὺς,
2980 3819 3208 3895 γέενναν
3242 3818 3337 3873 καὶ
3375 3817 3436 3872 τὸ
3461 3818 3619 3888 ἡτοι-

2048 3911 2326 3983 μασμένον
2356 3909 2506 3981 αὐτῷ
2529 3909 2658 3980 πῦρ,
2685 3913 2799 3973 τοῖς
2832 3911 3057 3979 ἄγουσιν
3080 3910 3215 3982 ἅμα,
3249 3908 3624 3981 κληρονομίαν

2046 4002 2522 4072 ἀπενεγκάμενος.
2557 4002 2614 4055 Ὅ
2644 4002 2784 4072 μετά
2798 4003 2928 4066 τοὺς
2943 4002 3256 4066 ἀποστάτας
3278 4002 3620 4070 ἀποστάτης.

2046 4095 2144 4147 καὶ
2175 4093 2316 4161 μετὰ
2346 4093 2472 4155 τοὺς
2499 4092 2737 4156 διώκτας
2766 4092 2965 4163 πικρὸς
2998 4090 3233 4163 διώκτης
3259 4094 3354 4146 καὶ
3373 4090 3623 4162 χαλεπώ-

2044 4203 2246 4251 τατος,
2281 4179 2325 4251 ᾧ
2365 4185 2466 4238 οὐκ
2525 4184 2790 4255 ἐξήρκεσε
2838 4185 2978 4239 κατά
3023 4184 3133 4238 τῶν
3161 4186 3218 4237 ὲν
3250 4183 3331 4253 τῷ
3378 4182 3478 4254 βίῳ
3534 4181 3621 4237 ἔτι

2046 4278 2349 4347 περιόντων
2385 4275 2480 4329 καὶ
2519 4274 2660 4328 κατὰ
2688 4274 2822 4329 Θεὸν
2857 4274 2956 4345 ζῇν
2993 4273 3233 4337 εὐσεϐῶς
3270 4271 3623 4344 αἱρουμένων

373 4368 736 4435 prmmortuis,
783 4366 1076 4433 multisque
1119 4366 1529 4420 strenuitatibus
1559 4375 1721 4433 atque
1750 4366 1937 4433 agoni-

2047 4369 2335 4435 έπαφετναι
2365 4366 2491 4427 τοὺς
2522 4364 2727 4434 θυμοὺς
2751 4365 2846 4418 καὶ
2879 4364 2978 4427 τὰς
3012 4364 3264 4436 μήνιδας,
3315 4364 3411 4417 καὶ
3439 4379 3621 4432 τιμω-

375 4458 475 4512 bus
495 4457 691 4523 claros’,
743 4456 1016 4523 ﬁnemque
1050 4454 1171 4509 vita:
1201 4454 1458 4523 martyrio
1490 4453 1765 4521 indeptus,
1795 4454 1942 4523 igno-

448 4655 562 4725 (82)
608 4654 661 4707 lu
712 4653 894 4725 Photii
949 4652 1527 4724 SyntagmateiSpit-il.
1558 4651 1708 4706 Rom.
1746 4660 1784 4706 t.
1815 4649 1928 4725 Vl_l,

374 4740 428 4794 p.
459 4721 569 4779 ’105
593 4734 645 4776 et
671 4724 794 4794 106)
831 4721 1801 4794 hahcscanonem”Carthagincusem
1837 4721 1928 4794 δῇ.

374 4791 428 4848 et
454 4796 667 4849 Nicena!
690 4791 892 4865 synodi
920 4810 956 4847 ιι
986 4809 1248 4846 canonem
1283 4791 1333 4857 7,
1368 4794 1432 4846 de
1469 4809 1571 4845 non
1619 4791 1933 4865 dedicandis

376 4867 549 4920 sacris
581 4861 787 4918 milibus
820 4866 937 4917 sine
967 4876 1276 4917 sanctorum
1314 4872 1612 4931 martyrum
1666 4861 1931 4931 reliquiis.

448 4938 560 5005 (85)
601 4935 833 4990 Causam
880 4935 1023 5001 piatn
1053 4949 1147 4987 Cur
1186 4930 1806 5005 sanctorumimagines
1838 4930 1935 4983 ho—

376 4999 632 5059 nureu'uts
663 5005 828 5058 tradit
859 4999 1002 5058 inter
1040 5012 1263 5055 caeteros
1293 5001 1453 5055 etiam
1504 4999 1769 5053 Macarius
1791 5010 1935 5051 orat.

375 5078 468 5128 cit.
496 5093 509 5128 :
542 5073 700 5129 Οῦτω
739 5074 795 5127 δὲ
833 5075 928 5127 καὶ
955 5074 1005 5125 οἱ
1042 5073 1187 5139 ἆγιοι
1222 5072 1311 5124 τὸν
1342 5069 1578 5139 Χριστᾷν
1626 5069 1938 5139 ἠγάπησαν,

374 5146 517 5197 ὥστε
565 5146 631 5197 δι’
664 5144 824 5197 αὑτὸν
868 5144 960 5196 τὸν
1008 5136 1149 5210 ὑπὲρ
1191 5141 1349 5210 ἡμῶν
1387 5136 1554 5191 αὐτοῦ
1599 5137 1943 5210 μιμήσασθαι

376 5216 625 5278 θάνατον,
655 5214 828 5267 καὶτὸ
856 5207 1399 5281 ποτήριοννάσμένως
1425 5210 1569 5281 πιεῖν
1592 5208 1823 5281 ἐκείνου,
1853 5207 1946 5281 καὶ
1984 5224 1991 5231 ·

373 5286 436 5338 τὸ
471 5275 751 5356 βάπτισμα
788 5275 1171 5356 βαπτισὺᾕναι.
1207 5275 1322 5356 βαι
1350 5280 1438 5332 διὰ
1468 5276 1624 5356 τοῦτο
1652 5277 1685 5345 ἠ
1720 5275 1948 5356 Ἐκκλη;

378 5343 481 5407 σξα’
499 5343 895 5419 συνδοξὰζοὶισα
916 5354 993 5420 τῷ
1018 5343 1225 5421 βασιλεῖ
1251 5352 1372 5421 τοὺς
1398 5343 1752 5421 στρατιώτας,
1778 5343 1943 5421 αὐτοῦ

374 5441 436 5476 τε
471 5413 708 5494 Χριστοῦ
737 5413 830 5476 καὶ
869 5413 978 5494 τῷν
1009 5413 1174 5494 αὐτοῦ
1209 5419 1376 5487 φίλων
1413 5413 1514 5494 τᾶς
1545 5413 1946 5494 στηλογραφίας

374 5484 534 5564 nasi
571 5494 681 5564 Καὶ
711 5492 1028 5564 καορρῶμεν
1055 5484 1244 5564 αὐτὴν,
1269 5487 1609 5564 earliest?"
1646 5484 1823 5564 ⁸νῖφὶ
1851 5485 1944 5534 καὶ

378 5552 607 5631 sariam
666 5552 1014 5630 παράδεισον.
1057 5561 1152 5647 καὶ
1182 5552 1295 5610 ’τοῦ
1343 5552 1400 5610 ἔν
1456 5552 1615 5640 Ὶῗξόὲμ
1656 5552 1942 5634 7:07:16)?-

384 5624 649 5704 μιώτερον
678 5648 692 5663 ⁵
746 5624 820 5693 ὧς
868 5633 1050 5698 φυτοῖς
1099 5630 1373 5696 διαφιῖρνιις
1430 5628 1536 5686 tsi;
1582 5625 1791 5684 πετεῖςῖς
1839 5624 1940 5673 τῶν

2055 4455 2265 4526 ρεῖσθαι
2292 4453 2366 4517 ὡς
2400 4452 2710 4507 ἀδικώτατα
2732 4468 2745 4482 °
2781 4452 2895 4507 ἀλλ’
2925 4453 3026 4525 ἤδη
3071 4453 3166 4506 καὶ
3202 4451 3312 4506 τῶν
3339 4450 3624 4524 προωδευ-

2036 4651 2210 4719 ἀγίων
2242 4650 2572 4722 μοριρῴμασι
2598 4649 3121 4722 καλλωπιζομένηνς
3133 4651 3238 4722 καὶ
3253 4649 3431 4722 μέσον
3461 4652 3621 4722 έχου-

2040 4718 2138 4773 σαν
2153 4722 2215 4774 τὸ
2236 4718 2380 4789 ζωῆς
2398 4720 2575 4785 ξύλον,
2605 4720 2704 4788 τὴν
2725 4721 2993 4789 ἄχραντον
3015 4718 3109 4773 τοῦ
3129 4720 3381 4789 Σωτῆρος
3406 4718 3617 4785 είκόνα,

2038 4791 2133 4843 καὶ
2190 4791 2288 4854 τῆς
2332 4790 2495 4860 αὐτὸν
2553 4789 2931 4860 ἀπειράνδρως
2985 4789 3250 4860 τεκούσης
3299 4789 3621 4860 ὑπεράγνου

2039 4860 2418 4929 Θεομήτορος·
2446 4857 2629 4913 Sancti
2672 4856 2939 4929 tantopere
2977 4856 3242 4929 Christum
3290 4856 3616 4921 dileiernm,

2045 4939 2102 4981 ut
2126 4927 2325 4981 aditum
2353 4933 2416 4980 ab
2441 4943 2499 4980 eo
2543 4927 2706 4979 nostri
2748 4942 2909 4979 causa
2944 4935 3161 4979 mortem
3200 4927 3402 4980 imitari
3445 4930 3620 4982 uolue-

2048 5000 2176 5062 rint,
2209 5002 2424 5067 ejusque
2458 4997 2672 5067 calicem
2702 4995 2925 5067 libenter
2949 4996 3227 5067 bibere._et_
3256 4994 3491 5067 ejusdem
3522 4998 3617 5050 ba-

2048 5062 2245 5135 ptisma
2284 5062 2561 5133 baptizari.
2594 5063 2767 5135 Quum
2794 5064 2994 5135 obrem
3028 5062 3261 5135 Ecclesia
3289 5065 3479 5119 milites
3510 5082 3617 5120 una

2050 5131 2168 5189 cum
2208 5151 2325 5200 rege
2349 5131 2646 5204 'gloriﬁcat,
2675 5131 2974 5204 Christique
3027 5133 3192 5198 ipsius
3237 5149 3439 5204 necnon
3480 5136 3619 5204 ejus-

2052 5209 2166 5259 dem
2204 5201 2773 5270 amicorum’imagitm
2803 5201 3006 5270 publice
3040 5204 3334 5270 propositas
3365 5201 3612 5258 honorat.

2056 5274 2241 5342 Itaque
2300 5274 2590 5344 Ecclesium
2622 5275 2869 5344 viderunt
2892 5272 3061 5344 instar
3082 5272 3404 5344 ornatissimi
3424 5289 3488 5327 ac
3515 5275 3616 5344 ﬂo-

2055 5338 2338 5400 rentissimi
2361 5343 2520 5405 Itorti,
2542 5351 2695 5408 atque
2714 5341 2806 5392 illo
2826 5338 3056 5392 Edenico
3075 5339 3237 5391 multo
3259 5338 3576 5407 pulcltrioris
3593 5359 3614 5397 :

2049 5430 2164 5480 qum
2193 5414 2426 5466 videlicet
2451 5427 2545 5464 ceu
2575 5407 2849 5480 arboribus
2878 5407 3035 5480 variis
3059 5418 3616 5480 ornatursanctorum

2050 5476 2354 5536 rencrnndis
2388 5481 2657 5549 iconibus;
2700 5476 3175 5549 ntediuntﬂabens
3223 5477 3343 5549 vitae
3389 5478 3611 5549 lignum.

2050 5554 2408 5604 intemeratum
2447 5548 2740 5620 Serra/oris
2799 5545 3076 5620 imaginem
3099 5585 3114 5608 ,
3139 5556 3186 5599 et
3209 5546 3336 5620 _ejtu
3353 5545 3459 5620 qui
3477 5550 3615 5602 hunc

2047 5621 2295 5674 inrclmni
2343 5614 2636 5686 virginitate
2663 5616 2851 5684 reperit
2873 5614 3169 5684 purissima:
3200 5614 3390 5669 Manis
3423 5617 3537 5672 Dei.
