3972 6130
226 300 341 369 345

940 306 1563 369 ANTIRRHETICUS
1613 306 1674 367 II
1725 307 1894 370 ADV.
1936 309 2531 373 CONSTANTINUM
2568 313 2784 373 COPR.

3387 309 3493 375 3l6

226 414 432 481 κότων,
459 415 557 470 καὶ
583 415 794 480 πολλοῖς
817 415 1273 488 ἀνδραγαθήμασι
1308 416 1404 471 καὶ
1433 416 1810 485 ἀγωνίσμασιν

1921 418 2403 489 minia,‘quantum
2436 422 2489 475 in
2517 422 2634 491 ipso
2664 418 2786 486 fuit,
2816 427 2870 476 et
2908 418 3132 475 infamia
3162 420 3363 475 obruit.
3402 420 3496 474 Hae

227 506 663 577 ὲμπρειῌάντων,
703 507 799 560 καὶ
845 506 922 576 τῷ
956 507 1284 579 μαρτυρικῷ
1329 508 1473 560 τέλει
1514 491 1611 578 τὴν
1665 504 1814 577 ζωὴν

227 598 733 670 παραμειψάντων,
774 598 851 662 ὠς
901 594 1013 652 οἷόν
1042 616 1101 652 τε
1145 582 1217 669 ἦν
1247 598 1420 668 αὐτῷ,
1461 598 1522 650 τὸ
1555 597 1815 660 δυσκλεὲς

229 690 525 761 καταχέειν
556 691 653 744 καὶ
673 690 878 756 ἄδοξον.
905 690 1149 744 Τοιαῦτα
1175 686 1245 761 ἦν
1269 690 1419 760 αὐτῷ
1440 688 1511 742 τὰ
1533 688 1679 742 κατὰ
1704 689 1816 742 τῶν

228 778 413 849 ἁγίων
438 780 834 851 νεανιεύματα,
857 779 1087 835 τοιαῦτα
1117 783 1208 834 καὶ
1229 781 1305 833 τά
1333 782 1478 832 κατὰ
1505 779 1615 833 τῶν
1649 780 1814 834 ὁσίων

226 872 747 942 ἀνοσιουργήματα,
779 871 987 942 ταύτην
1017 872 1119 943 τῆς
1147 874 1228 933 εἰς
1251 873 1344 924 τὸν
1369 870 1481 942 βίον
1511 869 1812 941 εὐημερίας

225 961 334 1034 τὴν
362 962 444 1024 εἰς
484 960 620 1014 Θεὸν
642 962 740 1015 καὶ
768 963 901 1025 τοὺς
928 964 1119 1032 ἁγίους
1155 962 1338 1034 ὓϐριν,
1367 962 1640 1017 ἀντίδοσιν
1671 962 1815 1031 ἡγη-

228 1054 484 1124 σαμένῳ.
520 1054 771 1125 Παρίημι.
818 1054 1000 1124 λέγειν
1048 1055 1116 1109 τὰ
1162 1054 1260 1109 νῦν
1293 1055 1396 1109 ὅσα
1431 1054 1528 1108 καὶ
1579 1048 1671 1106 οἷα
1714 1051 1811 1105 τοῦ

224 1142 599 1209 εὐαγγελικοῦ
628 1143 990 1215 κηρύγματος
1025 1143 1474 1214 κατεφλυάρησε,
1505 1142 1598 1196 καὶ
1631 1142 1814 1194 πᾶσαν

225 1234 598 1305 εὐαγγελικὴν
619 1235 896 1289 πολιτείαν
919 1234 1202 1302 διέπτυσε,
1229 1234 1326 1288 καὶ
1350 1233 1491 1304 πρὸς
1516 1232 1580 1286 τὸ
1609 1233 1812 1304 οἰκεῖον

224 1323 481 1392 ἐμπαθὲς
530 1326 622 1378 καὶ
670 1324 945 1396 μοχθηρὸν
977 1325 1193 1395 θέλημα
1240 1326 1333 1378 τὸν
1363 1323 1474 1377 τῶν
1507 1323 1813 1393 ἀνθρώπων

226 1411 350 1482 βίον
402 1413 875 1485 μεταρῤυθμίζειν
920 1412 1259 1479 έσπούδαζευ
1316 1413 1550 1467 τοιοῦτοί
1588 1415 1725 1467 εἰσιν
1762 1415 1812 1466 οἱ

226 1501 452 1567 σκοποὶ,
490 1501 565 1566 ὡς
620 1505 680 1556 ἐν
721 1503 916 1575 βραχεῖ
973 1506 1353 1576 παραστῆσαι,
1388 1503 1484 1567 οὓς
1542 1504 1812 1575 προάγειν

226 1594 526 1664 ὑπέσχετο,
559 1596 626 1649 τά
649 1612 708 1648 τε
734 1596 917 1667 διανοὴ
928 1614 1073 1666 ματα
1095 1598 1193 1652 καὶ¹
1219 1597 1584 1668 βουλεύματα,
1606 1597 1642 1651 ἃ
1671 1595 1813 1650 κατὰ

221 1685 330 1755 τῆς
366 1684 644 1749 ἀπλανοῦς
667 1686 825 1756 ὴμῶν
843 1688 1083 1752 πίστεως
1102 1688 1198 1742 καὶ
1225 1687 1676 1758 ἀγγελομιμήτου
1701 1686 1812 1740 τῶν

1915 509 2422 580 fueruntjureniles
2459 512 2577 582 ejus
2611 511 2874 567 adversus
2901 522 3121 567 sanctos
3159 512 3493 581 petulantiae.

1918 599 2030 653 haec
2063 598 2226 669 impia
2256 600 2716 668 adversusjustos
2752 600 3016 665 facinora,
3037 602 3194 656 hanc
3232 601 3497 670 judicavit

1915 687 2095 743 facere
2124 690 2644 757 remunerationem,
2675 703 2773 759 pro
2812 703 2911 743 sua
2961 690 3121 757 hujus
3148 690 3273 743 vitae
3320 686 3494 743 felici-

1916 786 2046 845 tate,
2082 779 2137 834 in
2172 780 2338 834 Deum
2381 780 2592 835 scilicet
2642 789 2698 835 et
2740 791 2957 837 sanctos
3016 781 3292 850 injuriam.
3342 781 3497 836 lilitto

1915 885 2062 926 nunc
2112 872 2294 927 dicere
2347 881 2480 943 quot
2537 882 2850 943 quantaque
2888 883 3074 928 contra
3127 873 3493 942 evangelicam

1912 960 2217 1016 doctrinam
2256 962 2617 1031 insaniverit,
2666 974 2724 1018 ut
2774 964 3142 1034 evangelicam
3193 972 3361 1018 totam
3412 963 3494 1016 ri-

1917 1061 2024 1107 tam
2050 1053 2344 1122 despuerit,
2384 1062 2547 1122 atque
2573 1054 2639 1108 ad
2674 1068 2828 1108 suam
2856 1054 3130 1107 carnalem
3161 1051 3496 1120 improbam-

1913 1156 2018 1212 que
2045 1143 2378 1198 voluntatem
2419 1158 2601 1197 mores
2643 1144 2920 1197 hominum
2962 1144 3280 1211 pertrahere
3327 1158 3496 1198 cona-

1915 1244 2001 1288 tus
2027 1234 2117 1289 sit.
2151 1232 2276 1288 llmc
2298 1242 2424 1287 sunt
2456 1234 2754 1299 molimina,
2788 1244 2842 1286 ιιι
2877 1234 3113 1288 breviter
3143 1234 3340 1296 dicam,
3377 1246 3497 1301 qum

1913 1326 2361 1394 deprompturum
2412 1339 2472 1379 se
2530 1325 2915 1392 promittebat;
2969 1326 3050 1379 ha
3103 1333 3232 1379 sunt
3293 1323 3494 1378 mentis

1915 1416 2300 1485 conceptiones
2331 1431 2396 1471 ac
2444 1416 2889 1479 deliberationes,
2927 1431 3066 1484 quas
3111 1416 3376 1469 adversus
3402 1413 3493 1466 in-

1915 1505 2191 1561 fallibilem
2213 1516 2454 1561 nostram
2487 1507 2670 1570 iidem,
2696 1494 2754 1559 ct
2788 1507 3104 1575 angelorum
3142 1503 3492 1565 imitatricem

1913 1597 2348 1652 Christianorum
2387 1597 2553 1651 vitam
2616 1598 2703 1652 hic
2751 1596 2954 1652 Christi
3014 1595 3187 1651 hostis
3233 1593 3497 1649 molieba-

1917 1698 2023 1744 tur.
2056 1688 2294 1757 Sed-jam
2330 1690 2454 1743 belli
2483 1698 2674 1744 contra
2711 1698 2952 1750 sanctos,
2986 1688 3080 1756 qui
3141 1685 3427 1739 Dominum
3463 1700 3496 1739 a

222 1776 407 1845 Χριστ
417 1776 582 1830 ιανῶν
596 1777 875 1840 πολιτείας
889 1780 1096 1849 Χριστο
1103 1779 1294 1850 μαχῶν
1313 1779 1649 1833 ὲτέκταινεν.
1667 1777 1809 1832 Ἀλλ’

1917 1778 2117 1832 saeculo
2148 1780 2199 1832 in
2240 1787 2387 1843 terra
2415 1779 2893 1849 gloriﬁcaverunt,
2928 1778 3018 1830 hic
3051 1776 3173 1829 linis
3206 1776 3313 1841 sit;
3343 1772 3495 1842 ejus-

222 1868 255 1918 ὁ
288 1868 392 1935 μὲν
440 1866 584 1921 κατὰ
626 1867 737 1921 τῶν
783 1869 956 1936 ἁγίων
996 1870 1236 1941 πόλεμος
1280 1870 1389 1924 τῶν
1416 1871 1511 1923 ἐπὶ
1562 1871 1666 1939 γῆς
1713 1870 1810 1922 ἀπ’

218 1955 433 2019 αἰῶνος
462 1956 795 2022 δοξαζόντων
818 1958 912 2011 τὸν
928 1958 1156 2027 Κύριον,
1179 1959 1417 2012 ἐνταῦθα
1430 1958 1810 2025 καταλυέσθω,

224 2051 327 2101 καὶ
387 2050 437 2101 οἱ
481 2050 675 2102 σκοποὶ
709 2048 805 2113 οὓς
841 2054 1181 2121 προαγαγεῖν
1216 2051 1475 2114 ἀσκόπως
1506 2053 1604 2104 καὶ
1632 2050 1812 2112 ἀθέως

224 2138 403 2205 εδοξε,
440 2141 882 2212 παρατηρήσεως
910 2141 1011 2209 τῆς
1055 2142 1306 2196 ὁπωσοῦν
1352 2141 1504 2206 ἄνευ,
1541 2141 1637 2195 καὶ
1681 2141 1813 2204 τοὺς

225 2230 408 2293 θείους
456 2230 637 2285 αὐτῶν
679 2232 882 2295 ο“κους,
917 2232 1143 2296 καὶτὰς
1190 2231 1343 2301 ἱερὰς
1373 2231 1555 2284 αὐτῶν
1592 2231 1814 2300 μνήμας

225 2321 591 2392 καθυϐρίσας,
649 2323 804 2386 τέλος
852 2321 1148 2393 ἐχέτωσαν.
1189 2316 1359 2384 Οὗτος
1411 2320 1470 2374 δὲ
1521 2321 1597 2381 ὡς
1641 2320 1813 2390 μικρὰ

224 2412 603 2483 κατορθωκὼς
631 2408 741 2465 τῶν
777 2411 1197 2483 σκοπουμένων,
1219 2410 1313 2464 καὶ
1350 2408 1567 2481 μεγάλα
1600 2406 1816 2477 ζημιω-

226 2504 489 2573 σόμενος,
511 2506 561 2557 εἰ
583 2504 745 2577 μέχρι
766 2503 960 2558 τούτου
983 2503 1168 2575 σταίη,
1191 2501 1569 2574 ἐχαλέπαινεν,
1587 2493 1645 2554 εὖ
1672 2492 1811 2561 οἶδα,

225 2595 280 2646 εί
315 2592 394 2664 μὴ
431 2595 523 2648 καὶ
559 2597 671 2658 τοῖς
698 2595 1048 2665 λειπομένοις
1069 2592 1315 2648 ἐπέλθοι.

301 2686 372 2750 ζ’.
402 2686 469 2738 Τί
499 2687 607 2758 γὰρ
650 2685 821 2757 ἔφησε
856 2687 985 2756 περὶ
1027 2685 1138 2739 τῶν
1163 2685 1286 2738 κατ’
1338 2682 1607 2755 οὐρανοὺς
1636 2681 1812 2751 ἁγίων

222 2779 327 2831 καὶ
362 2776 754 2848 ὐπερκοσμίων
793 2775 1112 2846 δυνάμεων;
1149 2776 1307 2836 Τίνες
1333 2774 1428 2828 καὶ
1455 2776 1628 2828 ὁποῖοι
1663 2772 1813 2844 αὐτῷ

224 2868 279 2920 oi
313 2867 513 2919 σκοποὶ
545 2865 637 2928 οὒς
695 2864 959 2937 προάγειν
996 2863 1274 2927 ἐϐούλετο,
1327 2862 1397 2916 δι’
1430 2854 1506 2915 ὧν
1551 2861 1648 2915 καὶ
1711 2860 1814 2931 τὴν

222 2958 447 3021 τούτοις
481 2957 840 3028 ἐξεργάσαιτο
867 2975 943 3012 πα
954 2955 1253 3029 ρανομίαν;
1283 2953 1473 3017 ποίους
1496 2953 1814 3024 φληνάφους

224 3048 326 3103 καὶ
374 3049 758 3120 τερατολογίας
800 3047 1045 3120 ἐξευρεῖν
1087 3047 1224 3118 πρὸς
1262 3043 1584 3114 δυσφημίαν
1631 3041 1811 3095 αὐτῶν

1914 1884 2019 1938 que
2035 1870 2260 1924 consilia
2299 1885 2419 1938 qum
2441 1868 2749 1925 inconsulto
2773 1880 2828 1923 et
2858 1868 3159 1937 irreligiose
3194 1867 3496 1935 producere

1913 1960 2147 2022 volebat,
2183 1960 2302 2015 sine
2350 1961 2458 2022 ullo
2497 1970 2771 2029 respectu,
2809 1958 3148 2016 venerandas
3177 1966 3493 2013 sanctorum

1914 2067 2208 2121 sacrasque
2255 2053 2551 2107 memorias
2594 2053 2993 2108 contumeliose
3033 2051 3353 2113 tractando,
3399 2051 3496 2104 de-

1915 2157 2064 2197 mum
2116 2142 2386 2196 desinant.
2446 2140 2542 2196 llle
2590 2152 2769 2196 autem
2829 2156 2998 2212 pauca
3060 2156 3092 2196 e
3138 2140 3323 2195 multis
3372 2147 3496 2208 qua)

1914 2234 2096 2288 animo
2122 2234 2490 2288 destinaverat
2519 2244 2848 2299 exsecutus,
2911 2247 3214 2304 magnaque
3275 2232 3496 2299 insuper

1914 2325 1958 2379 si
1993 2325 2199 2379 diutius
2229 2325 2471 2379 stetisset
2496 2323 2830 2380 detrimenta
2858 2322 3144 2387 illaturus,
3180 2325 3298 2377 sine
3329 2320 3495 2375 dubio

1914 2429 2059 2486 aegre
2106 2414 2280 2471 l‘erret
2325 2415 2370 2470 si
2421 2416 2668 2483 viveret,
2715 2415 2822 2471 nisi
2875 2425 2932 2470 et
2983 2414 3191 2484 reliqua
3239 2427 3498 2469 consum-

1915 2513 2142 2561 masset.

1984 2691 2036 2745 7.
2071 2688 2210 2757 Quid
2250 2689 2396 2745 enim
2450 2689 2517 2744 de
2553 2688 2866 2745 cmlestibus
2920 2688 3152 2743 dixisset
3180 2686 3385 2742 sanctis
3430 2700 3496 2741 ac

1915 2763 2375 2849 supramundanis
2411 2779 2708 2849 potentiis?
2731 2777 2885 2844 Quod
2925 2791 3098 2846 genus
3138 2776 3368 2832 fuissent
3399 2776 3496 2829 de-

1914 2871 2266 2925 liberationes
2328 2869 2482 2936 ejus,
2530 2884 2667 2938 quas
2720 2877 2838 2923 erat
2888 2867 3220 2937 prolaturus,
3276 2875 3338 2921 ut
3386 2865 3496 2920 illis

1914 2962 2075 3017 etiam
2122 2962 2398 3031 negotium
2449 2960 2632 3030 inique
2686 2959 3025 3014 lacesseret?
3069 2957 3257 3027 quales
3322 2969 3496 3024 nugas

1916 3062 2079 3121 atque
2145 3052 2453 3121 praestigias
2535 3050 2852 3105 adiuveuire
2907 3050 2976 3104 ob
3034 3047 3313 3103 infamiam
3389 3047 3496 3101 illis

224 3139 735 3210 ὲκμηχανῶμενος;
776 3139 931 3193 Ἐπεὶ
964 3137 1115 3209 αὐτῷ
1137 3138 1330 3209 καιρὸς
1360 3137 1544 3191 ἀνεῖτο
1570 3133 1810 3189 διασκώ-

1916 3142 2318 3213 aspergendam.
2341 3141 2445 3211 73
2475 3140 2751 3195 curasset?
2781 3139 3046 3207 Quoniam
3080 3139 3131 3193 ei
3157 3138 3372 3193 occasio
3411 3136 3495 3191 l‘a-

227 3248 394 3283 πτειν
426 3231 523 3283 καὶ
576 3231 888 3299 περαίνειν,
925 3230 989 3283 τὸ
1040 3230 1455 3301 ἀπερίγραπτον
1507 3226 1812 3299 ἐπιγράψαι

226 3325 347 3385 τοῖς
391 3322 649 3390 ἀγγέλοις
692 3325 1016 3395 προήγαγεο
1074 3321 1238 3390 δῆλον
1284 3323 1448 3376 παντὶ
1478 3321 1508 3375 ὃ
1543 3322 1608 3393 δὴ
1659 3321 1813 3391 φίλον

227 3412 385 3483 αὐτῷ
417 3413 514 3469 καὶ
546 3413 799 3482 σύνηθες,
826 3414 924 3467 καὶ
963 3416 1029 3484 τῇ
1075 3414 1204 3487 δόξῃ
1238 3416 1303 3484 τῇ
1334 3413 1588 3466 δυσσεϐεῖ
1628 3430 1813 3466 συναι-

233 3503 487 3573 ρόμενον.
530 3502 1005 3573 Ἀπεριγράπτους
1035 3503 1145 3575 γὰρ
1184 3502 1250 3556 ἄν
1304 3520 1389 3565 τις
1423 3502 1621 3563 αὐτοὺς
1651 3501 1809 3572 φαίη,

226 3591 351 3645 ἀλλ’
395 3592 460 3645 οὐ
513 3593 724 3660 πάντη·
768 3591 848 3663 τῷ
890 3588 1097 3664 ἦρχθαι
1166 3591 1275 3661 γὰρ
1349 3590 1810 3663 περιγράφονται,

228 3685 468 3755 ἐπείπερ
498 3687 592 3740 καὶ
613 3687 768 3740 αὐτοὶ
795 3685 893 3740 τοῦ
922 3681 1063 3739 εῖναι
1093 3683 1349 3756 ἤρξαντο.
1380 3682 1448 3736 Ὀ
1476 3682 1533 3735 δὲ
1556 3681 1649 3735 τοῦ
1673 3677 1812 3734 εἶναι

224 3777 485 3829 ὁπωσοῦν
540 3775 767 3848 ἧρξατο,
812 3776 1163 3847 περιγραφῆς
1220 3774 1282 3828 οὐ
1326 3773 1559 3843 πάμπαν
1594 3770 1811 3825 ἐλεύθεο

227 3884 328 3936 ρον
348 3882 363 3895 ο
389 3865 486 3920 καὶ
513 3868 795 3938 κτίσματά
817 3884 880 3936 γε
904 3867 1077 3930 ὄντες,
1115 3866 1220 3919 ὑπὸ
1255 3865 1348 3933 τοῦ
1378 3860 1687 3926 Κτίσαντοξ
1707 3860 1817 3931 όρί-

226 3956 440 4021 ζονται.
492 3958 653 4010 Ἀλλὰ
686 3958 795 4028 μὴν
839 3957 937 4012 καὶ
992 3956 1296 4026 καταλήψει
1346 3953 1807 4024 περιγράφονται.

225 4048 388 4103 Καθδ
420 4048 530 4119 γὰρ
583 4051 704 4113 νόες
741 4051 869 4115 εἰσὶ,
915 4049 1264 4102 κοινωνοῦσιν
1295 4046 1549 4115 ἀλλήλοις
1582 4043 1712 4113 περλ¹
1743 4043 1814 4097 τὰ

225 4142 505 4210 νοήματα,
537 4142 633 4194 καὶ¹
663 4142 763 4211 τὴν
788 4142 952 4211 φύσιν
985 4142 1079 4194 ἐπὶ
1110 4140 1277 4193 ποσὸν
1304 4137 1553 4209 ἀλλήλων
1583 4136 1765 4189 ῐσασιν
1794 4150 1807 4166 ο

224 4229 287 4282 ἓν
316 4232 431 4301 γὰρ
462 4226 601 4293 εἶδος
629 4231 985 4301 περιγραφῆς
1018 4231 1115 4283 καλ⁸
1145 4231 1178 4300 ἠ
1224 4227 1552 4298 κατάληψις.
1585 4227 1725 4289 Νόες
1752 4224 1810 4278 δὲ

223 4324 405 4384 ὅντες,
445 4324 539 4375 καὶ
569 4326 627 4375 ὲν
656 4324 844 4385 τόποις
873 4324 1086 4392 νοητοῖς
1134 4322 1275 4375 εἰσιν
1296 4336 1310 4350 °
1364 4320 1426 4372 οὐ
1474 4322 1581 4391 μήν
1610 4335 1674 4383 γε
1707 4335 1811 4371 σωο

1913 3233 2313 3301 vehatjocandi
2369 3244 2425 3287 et
2468 3232 2806 3302 propositum
2843 3245 3000 3286 suum
3050 3228 3491 3292 consummaudi,

1914 3324 2531 3394 incircumscriptionem
2558 3324 2765 3393 angelis
2796 3336 3014 3393 quoque
3042 3322 3346 3377 attribuere
3393 3335 3494 3390 ag-

1913 3432 2133 3486 gressus
2163 3416 2388 3482 fuisset;
2421 3416 2563 3485 quod
2601 3428 2763 3468 nemo
2799 3429 2905 3468 non
2944 3413 3093 3467 videt
3119 3420 3332 3482 gratum
3388 3410 3492 3480 ipsi

1914 3509 2153 3563 futurum
2183 3509 2347 3563 fuisse
2372 3515 2772 3561 et-consuetum
2803 3506 3091 3577 impimque
3125 3518 3235 3559 suae
3268 3513 3494 3558 senten-

1915 3601 2003 3655 tize
2034 3599 2406 3654 subserviens.
2433 3595 2681 3666 Namque
2718 3595 2943 3664 angelos
2978 3592 3492 3667 incircumscriptos

1913 3694 2057 3745 dicet
2086 3691 2301 3760 quidem
2336 3689 2558 3755 aliquis,
2593 3687 2691 3761 sed_
2721 3703 2825 3741 non
2856 3686 3114 3752 omnino;
3142 3686 3342 3740 etenim
3376 3685 3492 3738 ori-

1913 3783 2039 3853 gine
2081 3790 2233 3835 certe
2262 3780 2809 3842 circumscribuntur,
2836 3780 2962 3848 quia
2995 3787 3051 3831 et
3078 3777 3177 3846 ipsi
3208 3784 3493 3843 coeperunt

1912 3873 2201 3929 exsistere.
2244 3870 2396 3936 Quod
2425 3877 2601 3924 autem
2626 3869 3115 3939 quomodocunque
3146 3882 3268 3921 esse
3302 3867 3490 3932 cmpit,

1914 3982 2018 4019 non
2053 3963 2279 4018 omnino
2310 3961 2828 4024 circumscriptione
2879 3967 3065 4024 caret;
3108 3972 3341 4026 cumque
3383 3958 3495 4010 sint

1912 4064 2201 4121 creatum,
2235 4068 2264 4106 a
2301 4050 2573 4105 Creatore
2607 4049 2932 4103 limitantnr.
2986 4047 3100 4102 lmo
3133 4048 3296 4101 etiam
3333 4045 3495 4100 intel-

1912 4141 2641 4211 lectualicomprehensione
2687 4140 2971 4193 liniuntur.
3017 4140 3299 4205 Quatenus
3345 4136 3492 4190 enim

1912 4243 2121 4289 mentes
2162 4243 2323 4297 sunt,
2377 4231 2797 4293 communicant
2851 4232 2992 4285 inter
3034 4245 3095 4285 se
3132 4228 3494 4299 cogitationes

1911 4342 2061 4392 suas,
2083 4334 2439 4394 mutuamque
2459 4333 2710 4377 naturam
2733 4322 3078 4393 aliquatenus
3106 4330 3333 4376 noscunt
3350 4320 3486 4391 (84);

228 4413 483 4482 ματικῶς
508 4413 542 4483 ἦ
597 4412 871 4483 αἰσθητῶς
904 4413 1205 4482 ὁρίζονται.
1258 4412 1520 4481 Σὼματος
1567 4412 1678 4479 γὰρ
1708 4410 1809 4463 οὐκ

1916 4433 2075 4487 porro
2106 4418 2377 4486 quoddam
2409 4414 2938 4491 circumscriptionis
2969 4428 3175 4485 genus,
3201 4421 3286 4469 est
3324 4414 3489 4468 etiam

223 4506 407 4568 ὄντος,
436 4505 536 4559 καὶ
572 4505 661 4558 διὰ
684 4506 842 4558 τοῦτο
874 4505 994 4558 οὐδὲ
1026 4506 1304 4575 σχήματος
1333 4504 1456 4557 οὐδὲ
1483 4503 1652 4571 ὄγκου
1684 4501 1807 4554 οὔτε

222 4598 399 4650 τύπου
452 4596 788 4667 σιιιματικοῦ,
824 4598 1051 4659 εἰκότως
1102 4597 1224 4649 οὐδὲ
1268 4598 1326 4648 ὲν
1363 4595 1517 4664 τόπῳ
1565 4592 1808 4665 αἰσθητῷ

227 4689 752 4760 περισχεθὴσονται.
799 4689 939 4742 Ἀλλ’
966 4692 1030 4744 οὐ
1077 4689 1207 4758 περὶ
1236 4688 1427 4741 τούτου
1464 4686 1559 4740 νῦν
1588 4687 1719 4755 ἡμῖν
1748 4687 1808 4739 τὸ

221 4779 618 4849 προκείμενον.
671 4781 743 4832 Οὐ
780 4781 890 4851 γὰρ
941 4782 990 4833 εἰ
1039 4780 1494 4851 περιγράφονται,
1533 4779 1565 4847 ἦ
1603 4780 1698 4848 μὴ,
1748 4777 1809 4831 τὸ

222 4871 630 4938 σκοπούμενον,
672 4870 788 4924 ἀλλ’
836 4871 885 4923 εί
936 4871 1239 4942 γράφονται
1281 4870 1377 4922 καὶ
1427 4868 1804 4933 εἰκονίζονται.

218 4963 356 5014 Δέον
386 4961 498 5032 γὰρ
533 4959 768 5015 ἐνταῦθα
806 4961 907 5024 τὰς
955 4962 1150 5031 κυρίας
1178 4961 1405 5014 τουτωνὶ
1453 4960 1563 5012 τῶν
1613 4960 1808 5029 φωνῶν

223 5051 754 5124 μεταχειρίσασθαιο
825 5053 967 5115 ὅπως
1012 5053 1121 5124 γὰρ
1167 5053 1412 5124 διαφέρει
1462 5052 1564 5122 τῆς
1614 5053 1808 5122 ἑτέρας

221 5144 489 5214 ἑκατέρα,
529 5142 725 5215 βραχεῖ
764 5144 993 5214 ὕστερον
1028 5144 1329 5214 εἰρήσεται.

292 5411 365 5483 η’.
427 5413 540 5465 Καὶ
568 5412 742 5483 τούτῳ
781 5413 879 5483 μὲν
909 5416 937 5466 ὁ
961 5412 1118 5480 λόγος
1147 5414 1203 5465 ὲν
1238 5414 1477 5484 σχήματι
1526 5414 1620 5466 καὶ
1664 5413 1800 5466 ὑπο-

219 5506 405 5577 κρίσει
458 5506 752 5576 προήγετο,
806 5505 1165 5576 πλαττομένῳ
1217 5505 1293 5568 ὠς
1350 5504 1417 5558 ἂν
1464 5505 1637 5572 δόξειε
1690 5507 1806 5568 τοῖς

296 5633 413 5709 (84)
440 5633 573 5709 liae
597 5651 759 5707 super
797 5653 855 5693 re
887 5638 1159 5708 elegantes
1180 5640 1384 5709 aliquot
1418 5641 1792 5696 meditationes

218 5704 401 5762 Procli
439 5707 564 5777 lycii
612 5704 830 5763 tuemini
893 5704 999 5765 tne"
1035 5704 1285 5779 proferre
1329 5711 1457 5767 olim
1506 5726 1571 5767 ex
1606 5711 1792 5768 codice

1912 4509 2348 4576 comprehensio.
2382 4509 2627 4576 Cumque
2653 4508 2767 4561 sint
2795 4515 3023 4572 mentes,
3058 4506 3110 4560 in
3140 4505 3489 4561 intellectua-

1910 4600 2052 4652 lihus
2078 4599 2212 4652 locis
2247 4607 2418 4662 sunt,
2456 4598 2600 4651 haud
2635 4611 2762 4651 vero
2790 4597 3151 4666 corporaliter
3191 4605 3284 4651 aut
3316 4596 3491 4651 sensi-

1912 4689 2089 4743 biliter
2134 4688 2457 4741 limit:mtur.
2524 4686 2655 4741 Sine
2703 4700 2936 4756 corpore
3005 4695 3220 4750 autem,
3258 4687 3492 4756 ideoque

1909 4782 2027 4835 sine
2069 4780 2262 4849 tigura,
2299 4779 2416 4833 sine
2462 4778 2639 4845 mole,
2686 4779 2806 4834 sine
2853 4778 3022 4853 [οι-ηις)
3053 4793 3337 4847 corporea,
3374 4793 3492 4833 me-

1909 4871 2015 4923 rito
2043 4885 2108 4923 ne
2137 4869 2253 4923 loco
2287 4868 2504 4937 quidem
2545 4867 2791 4923 sensibili
2819 4868 3193 4924 continentur.
3234 4865 3340 4921 Sed
3375 4866 3491 4922 hac

1909 4972 2062 5016 extra
2098 4951 2433 5029 propositum
2482 4969 2727 5013 nostrum
2779 4968 2929 5014 sunt.
2979 4958 3096 5014 Non
3135 4959 3279 5013 enim
3308 4968 3488 5012 utrum

1909 5049 2454 5114 circumseribantur,
2482 5064 2550 5103 an
2584 5064 2764 5111 secus,
2801 5063 2947 5104 nunc
2969 5062 3251 5109 curamus,
3288 5047 3383 5101 sed
3418 5061 3487 5100 an

1910 5142 2054 5211 pingi
2086 5156 2150 5195 ac
2190 5140 2403 5210 ﬁgurari
2436 5151 2661 5209 queant.
2691 5141 2946 5206 Oportuit
2989 5149 3175 5194 autem
3221 5139 3325 5193 hoc
3368 5138 3490 5193 loco
3571 5132 3577 5138 ’

1911 5233 2227 5302 principalia
2265 5248 2442 5284 rerum
2476 5234 2667 5286 harum
2707 5246 2973 5300 usurpare
3008 5230 3311 5290 vocabula:
3356 5242 3480 5298 Quae

1911 5334 2177 5391 quatenus
2228 5324 2368 5376 inter
2395 5338 2453 5376 se
2483 5322 2754 5385 differant,
2788 5317 2948 5391 paulo
2999 5330 3122 5390 post
3153 5323 3385 5376 dicetur.

1982 5415 2036 5469 8.
2075 5415 2138 5468 Et
2164 5413 2442 5468 Mamonas
2480 5414 2696 5482 quidem
2725 5428 3009 5468 sermones
3048 5429 3180 5469 suos
3238 5429 3358 5468 cum
3406 5412 3486 5466 si-

1916 5503 2214 5560 mulatione
2275 5503 2659 5575 hypocrisique
2714 5501 3018 5560 etlerchat.‘
3092 5504 3230 5560 dans
3290 5503 3488 5559 callide

1906 5641 2170 5693 Vaticano
2207 5640 2260 5694 in
2286 5640 2412 5696 adn.
2467 5639 2532 5695 ad
2562 5638 2690 5696 'Cic.
2746 5638 2820 5694 De
2874 5656 2983 5709 rep.
3021 5637 3133 5694 AA.
3169 5639 3331 5696 class.
3363 5646 3399 5692 ι.
3439 5635 3477 5698 Ι,

1899 5727 1951 5781 p.
1992 5710 2252 5767 566-368.
3366 5726 3370 5732 ε
