3928 6142
462 273 564 338 347

1481 279 1540 338 S.
1583 276 2001 339 NICEPHORI
2040 275 2542 336 PATBIARCHE
2588 276 2696 335 LP.

3595 268 3692 335 318

461 401 681 455 Operam
731 395 790 439 ut
835 385 973 457 frugi
1033 387 1236 456 aliquid
1284 388 1560 442 videretur
1609 390 1936 443 multitudini
1981 391 2022 441 in

2137 386 2348 449 πολλοῖς
2381 386 2658 454 ἀξιόλογόν
2708 403 2758 439 τι
2810 385 2938 454 περὶ
2993 384 3100 437 τῶν
3150 382 3527 454 προκειμένων
3554 383 3690 454 αὑτῷ

465 479 743 550 proposito
773 494 871 532 suo
892 479 1166 533 meditari.
1202 479 1277 532 lie
1305 489 1483 532 tamen
1516 495 1641 533 vera
1670 490 2032 549 pmpotenter

466 570 571 621 vim
610 568 920 630 adbibebat,
961 584 1064 636 qua
1097 575 1292 621 cuncta
1335 566 1438 621 sibi
1472 567 1664 635 placita
1694 568 2028 635 exsequeba-

467 672 570 715 tur.
607 660 712 714 Sed
748 661 889 713 enim
925 676 1021 714 nos
1053 661 1140 727 qui
1187 657 1431 713 veritatis
1458 658 1755 712 doctrinam
1789 658 2029 711 defendi-

466 767 606 811 mus,
640 750 814 818 deque
862 751 961 802 hac
998 750 1162 801 verba
1195 747 1453 810 faciams,
1492 746 1632 814 quod
1679 747 1854 815 angeli
1907 748 2032 816 pin-

466 851 664 906 gantur
722 858 784 894 ac
809 840 1129 909 ﬁgnl'cntur,
1151 840 1388 892 breviter
1409 839 1590 891 omnia
1608 838 2031 904 complectentes

463 932 800 985 docebimus.
843 931 1089 1000 Namque
1123 932 1175 983 in
1219 931 1410 998 primis
1451 931 1502 984 id
1553 929 1691 984 facta
1735 939 2026 993 testantur,

461 1038 580 1091 qua:
615 1023 848 1089 objectis
887 1023 1023 1076 visui
1077 1030 1266 1075 nostro
1317 1021 1649 1090 spectaculis
1689 1030 1802 1074 tuto
1833 1021 2028 1074 conﬁr-

460 1123 695 1175 mantur,
736 1113 946 1184 Ubique
980 1116 1125 1166 enim
1183 1125 1451 1168 terrarum
1503 1127 1599 1182 per
1624 1126 1780 1167 sacra
1834 1113 2025 1180 templa

460 1204 770 1258 bistoriales
801 1206 1028 1272 picturae
1068 1206 1357 1257 abundant
1380 1205 1552 1258 sacris
1588 1203 2026 1271 incorporearum

459 1295 822 1362 pmentiarum
868 1295 1074 1364 ligni-is,
1118 1294 1168 1347 id
1217 1296 1358 1363 quod
1403 1311 1431 1346 a
1464 1293 1746 1346 catholicae
1774 1293 2029 1346 Ecclesia:

457 1386 761 1451 antiquitus
794 1396 1015 1454 accepta
1059 1385 1353 1438 traditione
1395 1384 1504 1436 vim
1542 1392 1731 1437 tenet:
1767 1383 1922 1452 cujus
1952 1384 2027 1438 rei

458 1475 986 1529 demonstrationem
1037 1480 1351 1543 exquirere,
1407 1489 1626 1529 omnem
1657 1483 1880 1544 superat
1916 1484 2030 1529 sto-

457 1563 727 1620 liditatem
769 1577 933 1636 atque
964 1567 1280 1624 stultitiam.
1314 1567 1519 1623 Deinde
1546 1568 1710 1622 etiam
1741 1582 1772 1620 a
1813 1567 2026 1621 divino-

456 1672 581 1711 rum
613 1659 956 1712 oraculorum
1010 1660 1325 1726 magisterio
1367 1659 1506 1713 idem
1542 1661 1817 1714 docemur.
1849 1660 2027 1727 Atque

456 1757 515 1800 ut
556 1763 584 1800 a
625 1750 910 1818 principali
961 1751 1180 1817 Deoque
1213 1751 1461 1818 proximo
1490 1751 1851 1819 primitnsrpte
1879 1751 2024 1805 illinc

455 1836 748 1906 efl‘nlgente
775 1840 968 1892 ordine
1007 1839 1120 1905 (85)
1166 1840 1542 1902 exordiamnr,
1586 1839 1869 1893 videamus
1896 1841 2022 1906 quid

455 1929 522 1982 de
572 1931 908 1982 ornamentis
948 1946 1090 1983 arcae
1127 1932 1178 1984 in
1223 1931 1380 1998 legali
1437 1929 1785 1984 tabernaculo
1835 1931 2024 1999 posita:

453 2021 652 2074 Paulus
718 2021 861 2074 dicat
920 2035 936 2074 :
1001 2022 1272 2090 Superque
1322 2037 1440 2075 eam
1499 2020 1778 2076 Cherulu'm
1837 2020 2024 2090 gloria

455 2111 823 2164 obumbrantia
877 2113 1311 2180 propitiatorium
1363 2113 1431 2167 ³⁵.
1487 2112 1778 2167 Cberubini
1841 2122 2020 2165 autem

455 2201 660 2271 gloriae,
700 2203 1014 2272 gloriﬁcati,
1059 2213 1114 2257 et
1150 2204 1396 2274 gloriosi,
1430 2215 1482 2258 et
1509 2204 1648 2258 infra
1679 2204 1866 2266 Deum,
1902 2205 2023 2269 jure

455 2293 760 2362 meritoque
794 2293 861 2346 ab
895 2295 1158 2348 Ecclesia)
1201 2297 1476 2365 magistris
1511 2299 1830 2350 creduntur.
1852 2295 2023 2349 Porro

454 2382 743 2450 signiﬁcari
780 2383 883 2437 hoc
921 2385 1137 2437 nomine
1173 2386 1384 2452 copiam
1428 2387 1670 2439 scientiae
1697 2393 1862 2455 atque
1889 2384 2022 2440 effn-

453 2471 662 2524 sionem
698 2471 998 2538 Sapientim,
1031 2473 1384 2527 llcbrmorum
1413 2475 1590 2544 lingua
1617 2476 2018 2540 novil.Quinam

453 2575 586 2614 vero
617 2562 666 2614 hi
711 2564 871 2616 sunt?
917 2564 973 2618 Si
1023 2563 1300 2619 Manionas
1340 2581 1501 2620 aures
1533 2567 1717 2619 auditu
1767 2569 2020 2634 praeditas

456 2653 707 2716 haberet,
731 2654 976 2706 audisset
1009 2655 1200 2722 utique
1233 2655 1634 2723 Inanil'csteque
1657 2658 2017 2725 cognovisset,

453 2753 559 2792 non
589 2740 710 2793 illos
757 2743 1176 2810 angustissimos
1210 2742 1558 2799 Cberubinos
1600 2745 1682 2798 bis
1719 2746 1895 2799 verbis
1924 2745 2018 2800 de-

453 2829 679 2895 signari,
721 2831 811 2898 qui
873 2841 1001 2884 sunt
1060 2833 1392 2902 incorporei,
1450 2835 1568 2888 sine
1629 2835 1803 2887 fortna
1857 2847 2020 2902 atque

454 2917 658 2985 figura,
699 2918 1097 2974 imellectuales
1159 2935 1224 2974 ac
1283 2923 1614 2988 rationales;
1680 2924 1775 2976 sed
1834 2938 2019 2978 sacras

453 3010 633 3078 potius
668 3009 881 3062 illorum
911 3011 1193 3080 imagines,
1223 3027 1288 3066 ex
1320 3014 1607 3082 purissima
1645 3013 2019 3082 Splendidissi-

452 3111 651 3163 maque
707 3099 936 3151 materia
974 3103 1328 3170 compositas,
1361 3105 1543 3156 aureis
1572 3102 1790 3156 laminis
1829 3118 2020 3157 aurea-

452 3199 559 3252 que
589 3185 843 3239 caelatura
893 3187 962 3241 ab
1021 3190 1273 3244 humanis
1329 3192 1579 3246 manibus
1637 3191 1744 3246 Deo
1799 3192 2020 3260 jubente

454 3277 769 3342 fabricatas,
825 3279 1112 3348 inanimes,
1143 3283 1261 3337 sine
1314 3293 1455 3337 motu
1483 3299 1547 3339 ac
1607 3301 1791 3351 sensu,
1832 3289 2016 3342 eodem

455 3384 520 3421 ac
553 3369 626 3420 illi
656 3371 873 3423 nomine
903 3371 1221 3439 appellatas,
1255 3373 1636 3443 appellationis
1665 3376 1824 3432 simul
1850 3377 2020 3446 parti-

454 3460 602 3528 cipes
631 3470 684 3515 et
716 3461 900 3531 gloriae
923 3463 1219 3534 gratiaeque
1245 3475 1540 3534 compotes.

526 3733 667 3800 Quid
705 3748 834 3802 ergo
869 3733 985 3788 ﬁeri
1015 3712 1336 3804 Oportebai?
1363 3735 1601 3792 Credere
1633 3736 1757 3792 bis?
1786 3753 1852 3791 an
1879 3737 2020 3793 Pau-

453 3824 564 3882 lum
607 3825 722 3880 ba’c
775 3826 1043 3880 dicentem
1094 3828 1358 3894 rejicere?
1399 3827 1706 3883 Jncundum
1749 3830 1849 3882 hoc
1894 3844 2022 3899 gra-

463 3928 697 3986 tumque
734 3917 995 3972 Mamonze
1027 3918 1239 3984 luisset,
1274 3921 1459 3989 procul
1485 3936 1674 3990 nempe
1704 3923 1770 3975 ab
1801 3937 2022 3992 aposto-

454 4007 558 4063 lica
605 4008 848 4062 doctrina
918 4007 1027 4079 74
1081 4011 1382 4074 discedere,
1442 4023 1605 4078 atque
1655 4010 2020 4065 Christianum

451 4111 575 4150 esse
599 4098 847 4151 desinere
877 4117 892 4153 :
917 4101 1044 4166 quin
1075 4100 1299 4154 adeone
1335 4100 1502 4171 Moysi
1534 4100 1751 4168 quidem
1777 4105 2018 4165 credere,

452 4190 546 4258 qui
588 4188 684 4242 bos
710 4200 1032 4244 construere
1061 4189 1247 4255 jussus
1277 4191 1408 4257 fuit;
1451 4207 1623 4258 neque
1652 4192 1930 4245 Hebraeum
1964 4206 2024 4247 se

457 4283 723 4347 pl‘Oiilt'l‘l,
770 4290 825 4334 et
879 4281 921 4334 si
956 4280 1086 4347 quid
1124 4282 1207 4334 bis
1256 4282 1540 4334 enormius
1581 4283 1868 4336 dicendum
1918 4292 2020 4348 est,

2135 477 2381 548 θεωρεῖν.
2411 478 2542 539 Ταῖς
2566 476 2845 545 ἀληθείαις
2874 476 2930 529 δὲ
2954 478 3018 546 τῇ
3044 475 3264 546 ἐξουσίᾳ
3280 474 3693 548 καταχρώμενος

2131 568 2424 637 ἐπέτρεπε,
2459 568 2526 621 δι’
2557 563 2623 638 ἦς
2653 567 2713 620 τὸ
2744 569 2851 620 πᾶν
2880 567 2990 620 τῶν
3021 566 3323 619 δοκούντων
3350 564 3691 636 κατώρθωτο.

2145 659 2306 728 Ἡμῖν
2334 661 2392 714 δὲ
2422 663 2534 724 τοῖς
2563 659 2658 712 τοῦ
2687 660 2847 726 λόγου
2881 658 2982 727 τῆς
3013 657 3272 726 ἀληθείας
3307 657 3688 728 προεστηκόσι,

2131 752 2224 803 καὶ⁹
2251 753 2343 805 τὸν
2371 752 2727 821 περὶτούτων
2753 751 2913 819 λόγον
2945 768 3101 804 ποιου
3111 750 3316 820 μένοις,
3339 751 3422 804 ὅτι
3453 751 3546 802 καὶ
3567 749 3692 820 γρά-

2132 859 2320 911 φονται
2349 845 2444 897 καὶ
2472 843 2831 908 είκονίζονται
2859 845 2908 896 οἱ
2936 842 3081 910 ἅγιοι
3105 842 3352 910 ἄγγελοι,
3383 841 3456 904 ὡς
3483 842 3538 893 ὲν
3569 840 3689 911 βρα-

2130 939 2215 1003 χεῖ
2255 935 2317 988 τὸ
2366 938 2476 989 πᾶν
2507 935 2985 1005 εἰσενεχθήσεται.ι
3013 934 3235 1003 Πρῶτον
3283 933 3382 1003 μὲν
3411 932 3520 1002 γὰρ
3564 931 3692 984 αὐτὰ

2134 1028 2403 1096 μαρτυρεῖ
2451 1025 2520 1078 τὰ
2568 1025 2887 1096 πράγματα,
2924 1025 3066 1094 άπερ
3110 1023 3198 1076 διὰ
3244 1022 3352 1076 τῶν
3409 1021 3690 1092 ὁρωμένων

2129 1118 2259 1185 ἡμῖν
2294 1119 2388 1170 καὶ
2428 1118 2518 1170 ὑπ’
2565 1117 2688 1186 ὄψιν
2734 1115 3006 1183 κειμένων
3059 1115 3321 1182 ἀσφαλῶς
3366 1111 3686 1182 βεϐαιοῦται.

2129 1208 2412 1278 Πανταχοῦ
2451 1208 2559 1279 γὰρ
2589 1211 2691 1278 γῆς
2731 1207 2872 1261 κατὰ
2903 1206 3027 1268 τοὺς
3057 1206 3238 1274 ἱεροὺς
3281 1205 3443 1267 ναοὺς
3475 1205 3530 1257 αἱ
3559 1205 3689 1257 ἱστο-

2130 1301 2244 1371 ρίαι
2299 1300 2564 1370 πλήθουσι
2599 1299 2666 1353 τὰ
2719 1299 2830 1353 τῶν
2886 1297 3196 1366 ἀσωμάτων
3241 1295 3526 1366 δυνάμεων
3578 1293 3689 1364 ἱερά

2129 1391 2546 1461 ἀπεικάσματα,
2588 1391 2683 1444 καὶ⁷
2728 1390 2826 1459 τῆς
2857 1388 3157 1456 καθολικῆς
3224 1385 3574 1455 Ἐκκλησίας,
3625 1384 3688 1436 δι’

2125 1476 2195 1550 ἦς
2230 1479 2290 1531 τὸ
2333 1479 2535 1550 κράτος
2575 1478 2819 1548 ἀρχῆθεν
2869 1478 3131 1546 κέκτηται
3184 1478 3218 1546 ἡ
3272 1475 3592 1544 παράδοσις·
3620 1467 3688 1528 ὧν

2127 1568 2402 1634 ἀπόδειξιν
2453 1568 2658 1637 ζητεῖν,
2695 1567 2876 1636 πάσης
2925 1567 3187 1620 ἐπέκεινα
3235 1564 3575 1636 ἠλιθιότητος
3605 1565 3690 1617 καὶ

2133 1659 2515 1729 ματαιότητος.
2551 1661 2786 1712 Ἔπειτα
2827 1657 2884 1711 δὲ
2925 1657 3020 1711 καὶ
3073 1659 3107 1726 ἡ
3149 1655 3256 1708 τῶν
3285 1654 3691 1725 θεοπαραδότων

2059 1729 2097 1782 Β
2129 1752 2326 1820 λογίων
2350 1751 2540 1822 σαφῶς
2569 1753 2715 1822 ἡμᾶς
2746 1749 3060 1804 ὲκπαιδεύει
3087 1747 3429 1802 διδασκαλία.
3467 1747 3577 1801 Καὶ
3612 1747 3690 1798 ἵνα

2131 1840 2224 1893 ἀπ’
2269 1840 2440 1907 αὐτῆς
2486 1840 2586 1909 τῆς
2641 1839 2955 1909 πρωτίστης
2996 1838 3088 1890 καὶ
3117 1837 3194 1899 ὡς
3229 1834 3518 1904 ἐγγυτάτω
3562 1833 3689 1886 Θεοῦ

2130 1931 2226 1984 καὶ
2275 1929 2346 1982 τὰ
2402 1929 2598 2000 πρῶτα
2652 1929 2859 1982 ἐκεῖθεν
2911 1927 3334 1996 ὲλλαμπομὲνης
3383 1922 3689 1994 ἀρξώμεθα,

2133 2021 2330 2092 ἴδωμεν
2359 2021 2412 2074 τί
2441 2020 2550 2074 τῶν
2576 2022 2704 2092 περὶ⁵
2735 2019 2834 2090 τὴν
2866 2018 3099 2072 κιϐωτὸν
3135 2017 3322 2069 ἕνεκεν
3345 2015 3574 2081 τάξεως,
3599 2015 3692 2082 τῆς

2131 2115 2188 2165 ὲν
2217 2114 2365 2183 νόμῳ
2407 2113 2635 2182 σκηνῆς,
2673 2111 2808 2180 φησὶ
2835 2109 3076 2172 Παῦλος’
3127 2107 3436 2174 Ὑπερὰνω
3493 2105 3561 2158 δὲ
3589 2107 3693 2160 αὺ-

2129 2201 2241 2270 τῆς
2269 2202 2558 2270 Χερουϐὶμ
2611 2201 2798 2269 δόξης
2832 2198 3310 2263 κατασκιάζοντα
3342 2197 3407 2251 τὸ
3451 2195 3690 2261 ἱλαστή-

2121 2308 2277 2359 ριον.
2309 2292 2597 2361 Χερουϐὶμ
2625 2291 2682 2344 δὲ
2709 2291 2891 2358 δόξης,
2924 2289 2991 2343 τά
3012 2287 3404 2355 δεδοξασμένα,
3424 2284 3497 2338 τά
3517 2282 3692 2348 ἔνδοξα

2130 2386 2226 2435 καὶ
2249 2383 2510 2437 ὑποκάτω
2535 2381 2628 2435 τοῦ
2650 2381 2808 2444 Θεοῦ,
2839 2381 2915 2444 ὼς
2946 2379 3145 2449 ἄριστα
3174 2380 3287 2440 τοῖς
3320 2378 3691 2448 μυσταγωγοῖς

2128 2480 2226 2545 τῆς
2264 2475 2598 2545 Ἐκκλησίας
2619 2473 2795 2525 δοκεῖ·
2831 2472 3117 2544 σημαίνειν
3137 2470 3192 2524 δὲ
3216 2468 3480 2539 τοὺνομα,
3502 2466 3695 2537 πλῆθος

2129 2566 2379 2635 γνώσεως
2428 2568 2520 2618 καὶ
2565 2565 2722 2635 χύσιν
2751 2565 2942 2632 σοφίας
2974 2566 3006 2633 ἡ
3070 2561 3338 2633 Ἑϐραίων
3378 2555 3492 2613 οἵδε
3527 2557 3690 2626 φωνή.

2129 2659 2266 2710 Τίνα
2300 2657 2356 2708 δὲ
2392 2657 2587 2720 ταῦτα,
2621 2657 2670 2708 εἰ
2700 2649 2813 2708 ὦτα
2842 2653 2954 2725 εἶχε
2988 2653 3083 2706 τοῦ
3111 2650 3354 2714 ἀκούειν,
3387 2646 3695 2720 ἦκουσενάν

2128 2749 2222 2800 καὶ
2251 2748 2465 2815 ἐπέγνω
2499 2747 2704 2815 σαφῶς,
2742 2748 2824 2800 ὅτι
2857 2748 2956 2799 οὑκ
2999 2744 3197 2806 αὑτοὺς
3235 2745 3359 2805 τοὺς
3391 2741 3694 2802 θειοτάτους

2128 2840 2221 2892 καὶ
2255 2839 2596 2908 ὑπερτάτους
2665 2838 2951 2908 Χερουϐὶμ
2992 2839 3019 2889 ὁ
3052 2835 3208 2904 λόγος
3261 2833 3611 2904 παρίστησιν,
3649 2829 3696 2882 oi

2126 2946 2190 2998 γε
2217 2927 2502 2998 άσώματοί
2536 2929 2596 2980 τέ
2622 2930 2729 2980 εἱσι
2761 2929 2857 2982 καὶ
2883 2927 3114 2980 ἀνείδεοι
3146 2926 3239 2978 καὶ
3271 2923 3694 2992 ἀσχημάτιστοι,

2126 3021 2304 3089 νοεροί
2338 3037 2397 3072 τε
2427 3020 2522 3073 καὶ
2568 3019 2779 3088 λογικοὶ
2825 3019 3188 3088 τυγχάνουσιν
3211 3033 3226 3051 '
3260 3017 3397 3070 ἀλλὰ
3443 3017 3562 3070 κατ’
3607 3014 3700 3068 αὑ-

2119 3112 2250 3174 τοὺς
2278 3111 2400 3181 ἱερά
2446 3111 2912 3179 ἅπεικονίσματα,
2954 3110 3098 3179 ἅπερ
3124 3109 3182 3174 ἐξ
3215 3109 3350 3179 ’ὕλης
3391 3111 3496 3180 τῆς
3530 3106 3696 3161 καθα-

2123 3200 2371 3270 ρωτάτης
2411 3200 2504 3253 καὶ
2548 3200 2946 3270 λαμπροτάτης
2995 3198 3387 3260 διεσκεύαστο,
3434 3199 3504 3252 τὰ
3532 3214 3697 3268 χρυσ-

2122 3288 2318 3359 ήλατα,
2339 3288 2409 3341 τὰ
2430 3308 2462 3359 χ
2471 3290 2661 3358 ρυσοτό
2670 3306 2855 3360 ρευτα,
2874 3290 2941 3344 τά
2961 3290 3149 3360 χερσὶν
3175 3290 3550 3360 ἀνθρωπείαις
3565 3287 3696 3342 Θεοῦ

2122 3381 2552 3451 προστάττοντος
2594 3379 2960 3451 διησκημένα,
2997 3379 3065 3432 τὰ
3115 3378 3318 3447 ἄψυχα,
3347 3378 3417 3431 τά
3448 3377 3693 3446 ἀκίνητα,

2119 3470 2188 3524 τὰ
2204 3471 2529 3542 ἀναίσθητα,
2552 3470 2858 3541 ὁμωνύμως
2889 3470 3118 3532 ἐκείνοις
3149 3468 3690 3541 προσαγορευόμενα,

2121 3563 2220 3632 τῆς
2242 3546 2301 3615 τε
2341 3562 2714 3634 προσηγορίας
2739 3565 3098 3634 μετασχόντα,
3123 3560 3219 3614 καὶ
3240 3559 3399 3629 δόξης
3412 3557 3695 3629 ἠξιωμένα

2122 3653 2218 3706 καὶ
2257 3653 2501 3721 χάριτος.

2192 3742 2258 3794 Τί
2291 3738 2384 3794 οὖν
2430 3742 2631 3810 ὲχρῆνς
2681 3740 2969 3794 Πείθεσθαι
3011 3739 3248 3804 τούτοις,
3287 3737 3320 3808 ἢ
3372 3736 3695 3808 διαγράφειν

2123 3832 2337 3886 Παῦλον
2362 3832 2538 3886 ταῦτα
2570 3832 2987 3902 διαλεγόμενον;
3031 3833 3162 3884 Ἡδὺ
3206 3829 3366 3883 τοῦτο
3406 3829 3556 3900 αὑτῷ
3607 3828 3694 3883 καὶ

2123 3924 2316 3995 χαρίεν
2351 3925 2570 3994 μακρὰν
2612 3926 2710 3993 τῆς
2740 3922 3109 3990 ἁποστολικῆς
3151 3921 3504 3984 διδασκαλίας
3547 3921 3695 3974 ἀποί-

2123 4014 2337 4085 χεσθαι,
2368 4015 2462 4066 καὶ
2484 4013 2812 4085 ταύτῃ”γοῦν
2840 4015 2900 4065 οὑ
2941 4012 3041 4066 κᾶν
3070 4013 3403 4082 Χριστιανὸν
3429 4011 3696 4084 χρηματί-

2126 4117 2251 4154 σαι⁶
2293 4103 2341 4154 εἰ
2392 4101 2450 4154 δὲ
2495 4101 2615 4153 οὐδὲ
2650 4103 2859 4169 Μωῡσῇ
2900 4100 3129 4152 ἔπεσθαι
3172 4099 3253 4170 τῷ
3301 4101 3481 4154 ταῦτα
3511 4101 3694 4154 κελευ-

2127 4191 2309 4244 σθέντι
2338 4192 2730 4262 τεκτήνασθαι,
2760 4191 2881 4244 οὑδὲ
2916 4190 3168 4260 Ἐϐραῖον
3198 4189 3470 4258 ὑπάρξαι,
3526 4192 3618 4244 καὶ
3651 4192 3696 4243 ει

2123 4282 2205 4335 δεῖ
2251 4283 2311 4335 τὸ
2342 4283 2547 4336 τούτων
2581 4284 2756 4335 εἰπεῖν
2789 4281 3191 4352 άηχέστερον,
3222 4281 3344 4335 οὑδὲ
3399 4282 3566 4336 αὑτὸν
3615 4282 3698 4335 δέ·

461 4387 638 4438 neque
669 4372 776 4426 Deo
799 4372 1150 4438 acquiescere
1171 4372 1260 4440 qui
1291 4372 1388 4426 hos
1416 4373 1530 4426 licri
1561 4374 1854 4444 m_audavil.
1886 4374 2021 4439 Quid

2129 4373 2319 4439 ξασθαι
2353 4373 2484 4425 Θεὸν
2524 4373 2698 4425 ταῦτα
2739 4372 3141 4442 προστάξαντα.
3179 4372 3245 4424 Τί
3283 4372 3393 4443 γάρ
3455 4389 3622 4442 φησιν
3671 4373 3699 4424 ό

455 4464 600 4516 enim
627 4463 761 4514 dixit
786 4463 838 4515 in
875 4461 1100 4516 oraculo
1125 4463 1262 4516 Deus
1295 4465 1512 4534 proprio
1539 4464 1768 4518 famulo?
1801 4462 2018 4530 Videsis,

457 4553 634 4605 omnia
670 4551 828 4617 facies
860 4551 1019 4620 juxta
1058 4550 1152 4603 tibi
1200 4561 1462 4604 ostensum
1499 4552 1810 4618 exemplar;
1864 4561 2022 4620 atque

456 4643 604 4695 illinc
635 4641 731 4694 tibi
784 4643 1106 4696 innotescam
1161 4642 1231 4708 ⁹⁸,
1295 4658 1362 4696 ex
1414 4642 1738 4697 Cbernbinis
1788 4643 2018 4697 scilicet.

457 4737 614 4787 Anne
639 4733 806 4802 igitur
838 4735 1186 4788 honorabiles
1221 4749 1324 4787 non
1361 4733 1614 4788 videntur
1643 4748 1706 4787 ac
1731 4733 2019 4786 venerandi

455 4825 555 4891 illi,
589 4825 730 4880 unde
775 4826 912 4880 Deus
952 4826 1265 4880 hominibus
1306 4825 1632 4879 innotest-it?
1669 4823 1840 4879 Nemo
1881 4824 2021 4878 divi-

456 4933 648 4972 narum
700 4933 881 4972 rerum
928 4933 1184 4972 reverens
1233 4932 1338 4972 non
1372 4918 1723 4973 asscntietur.
1755 4915 1854 4982 Qui
1891 4930 2021 4970 vero

457 5007 538 5061 bis
561 5009 946 5064 contumeliam
978 5008 1128 5074 lacit,
1152 5023 1386 5076 quanam
1411 5017 1561 5062 sorte
1596 5008 1910 5070 donabitur,
1939 5007 2024 5060 vel

456 5098 777 5164 quibusnam
810 5099 1234 5154 accenscbitur‘!
1280 5098 1462 5152 Facile
1505 5098 1554 5152 id
1586 5101 1816 5166 quisque
1855 5097 2022 5162 volet,

458 5189 716 5258 intelliget
755 5209 767 5247 :
816 5208 1010 5262 nempe
1065 5207 1192 5247 cum
1242 5191 1584 5245 etlmicornm
1628 5189 1918 5253 albeismo,
1972 5199 2025 5244 et

457 5295 579 5346 cum
630 5282 1048 5339 Manichaeorum
1121 5283 1400 5352 impietate
1471 5291 1735 5350 ponetur;
1797 5296 2024 5350 quorum

530 5438 576 5469 ”
603 5439 764 5494 llebr.
801 5457 877 5507 Ix,
906 5441 960 5495 5.
1036 5441 1081 5473 "
1107 5438 1273 5495 Exod.
1313 5453 1440 5506 xxv,
1463 5436 1552 5492 22.

538 5570 652 5640 (85)
688 5572 740 5625 In
772 5573 961 5629 Grmco
990 5575 1173 5630 t‘odice
1201 5573 1516 5628 v‘ocabnlum
1562 5572 1768 5638 τάξεως
1797 5575 1939 5635 jacet.
1966 5574 2018 5626 in

470 5643 714 5712 margine
776 5660 804 5696 a
863 5645 1095 5700 secunda
1147 5659 1308 5699 manu
1345 5643 1603 5713 scriptum
1653 5647 1768 5697 sine
1816 5645 2012 5697 indicio

2125 4464 2478 4535 χρηματίζων
2508 4465 2642 4527 Θεὸς
2669 4463 2745 4533 τῷ
2774 4465 2960 4532 οἰκείῳ
2983 4464 3312 4534 θεράποντιο
3340 4465 3496 4531 Ὅρα
3528 4461 3695 4526 ποιή-

2123 4571 2254 4619 σεις
2285 4554 2482 4608 πάντα
2510 4556 2658 4610 κατὰ
2700 4555 2808 4608 τὸν
2859 4556 3050 4608 τύπον·
3085 4555 3192 4607 τὸν
3217 4553 3536 4620 δειχθέντα
3566 4568 3658 4606 σοι
3679 4565 3693 4580 ⁴

2123 4643 2222 4696 καὶ
2290 4642 2520 4696 ἐκεῖθεν
2575 4642 3008 4712 γνωσθήσομαί
3068 4659 3188 4707 σοι,
3251 4642 3359 4694 τῶν
3419 4641 3698 4711 Χερουϐὶμ

2123 4734 2318 4798 λέγων.
2350 4728 2498 4803 ’Ἃρα
2527 4733 2620 4786 οὑν
2645 4733 2706 4787 οὑ
2738 4733 2896 4802 τίμια
2929 4733 3078 4786 δοκεί
3105 4733 3202 4786 καὶ
3228 4733 3508 4803 σεϐάσμια
3541 4727 3693 4795 εἶναι,

2128 4825 2251 4878 ὅθεν
2292 4825 2424 4887 Θεὸς
2479 4824 2791 4896 ἀνθρώποις
2824 4824 3190 4892 γινώσκεται;
3227 4826 3336 4888 πᾶς
3374 4842 3463 4889 τις
3494 4825 3604 4876 τῶν
3634 4822 3697 4874 τὰ

2130 4916 2251 4969 θεῖα
2291 4915 2555 4968 σεϐόντων
2596 4916 2956 4985 συμφήσειεν.
3004 4916 3064 4968 '0
3093 4915 3298 4970 τούτων
3347 4915 3393 4969 δ’
3442 4915 3695 4986 ὑϐριστὴς

2131 5009 2235 5062 ποῦ
2281 5025 2413 5062 ποτε
2473 5008 2912 5080 κληρωθήσεται,
2969 5008 3066 5061 καὶ
3115 5011 3228 5060 τίσι
3285 5008 3695 5074 συντετάξεται,

2134 5101 2313 5172 ῥᾴδιον
2371 5100 2600 5153 συνιδεῖν
2651 5100 2728 5170 τῷ
2785 5099 3098 5171 βουλομένῳ
3150 5101 3336 5165 παντὶ,
3406 5099 3550 5169 μετά
3604 5097 3694 5167 τῆς

2143 5190 2410 5258 Ἑλλήνων
2434 5189 2747 5260 ἀθεότητος,
2784 5190 2922 5260 μετὰ
2946 5191 3042 5260 τῆς
3066 5189 3387 5259 Μανιχαίων
3418 5189 3699 5255 ἀνοσιότη-

2131 5298 2222 5346 τος
2247 5299 2260 5314 ·
2287 5274 2362 5336 ὧν
2391 5281 2492 5350 τὴν
2524 5281 2683 5347 δόξαν
2717 5282 2816 5336 καὶ
2856 5282 2957 5352 τὴν
3000 5281 3354 5336 διδασκαλίαν
3383 5279 3695 5351 ἐζηλωκὼς,

2129 5576 2359 5660 propria!
2377 5576 2539 5642 sedis,
2579 5591 2740 5647 quam
2772 5591 2917 5632 nunc
2939 5574 3128 5644 judico
3183 5589 3305 5632 esse
3328 5583 3454 5647 post
3492 5573 3689 5642 ἑλλαμ-

2122 5663 2384 5718 πομενης,
