3928 6142
281 371 377 438 349

986 370 1612 433 ANTIRRHETICUS
1659 365 1736 436 Ili
1771 369 1940 430 ADV.
1979 367 2570 429 CONSTANTINUM
2607 367 2821 427 COPR.

3419 357 3527 428 36’)

280 483 367 536 ἐπὶ
391 480 656 536 τοσοῦτον
689 480 885 551 μανίας
911 481 1006 535 καὶ
1043 480 1234 545 ἀθεῖας
1285 479 1599 546 ἐξώλισθεν,
1643 479 1720 542 ὡς
1749 479 1854 550 ἄρα

1961 478 2285 534 sententiam
2338 479 2754 548 doctrinamque
2799 474 3076 531 Mamonas
3125 472 3416 538 aamulans,
3470 474 3524 528 in

278 574 476 638 ἐξεῖναι
500 571 656 644 αὐτῷ
678 575 774 626 καὶ
805 571 971 643 ἕτερα
1003 572 1175 625 πολλά
1203 571 1304 641 τῆς
1332 570 1694 624 θεοπνεύστου
1718 570 1860 638 Γρα-

277 662 379 731 φῆς
406 663 677 725 ὡσαύτως
707 662 940 724 ἐκείνοις
962 662 1057 715 καί
1090 662 1345 726 κακίζειν
1376 678 1468 713 και
1504 657 1855 729 ῑιαγράφειν,

277 750 603 818 ἀλογώτατά
630 768 690 804 τε
721 755 818 806 καὶ
846 749 1252 803 δυσσεόἐστατα
1281 765 1295 780 ⁸
1328 750 1453 802 ἐπεὶ
1500 744 1595 803 οὖν
1623 748 1722 810 τάς
1763 747 1857 801 τοῦ

277 840 416 894 Πνεύ
426 857 602 910 ματος
641 841 826 910 φωνὰς
885 840 1270 910 ὲξομνύμενος,
1296 840 1370 903 ὡς
1393 839 1734 912 πορρωτάτω
1758 839 1858 908 τῆς

277 932 633 1002 Χριστιανῶν
667 932 839 1002 αὐλῆς
869 933 1253 1003 διεσκήνωται,
1285 933 1420 1002 φέρε
1447 933 1544 995 τὰς
1575 933 1856 1002 ἡμετέρας

279 1023 603 1094 ὑπολήψεις,
634 1024 702 1089 ἃς
729 1024 794 1095 δὴ
821 1025 952 1096 περὶ
983 1024 1163 1078 αὐτῶν
1191 1026 1239 1078 οί
1276 1041 1343 1076 πε
1356 1023 1582 1092 ριεόλων
1611 1022 1742 1076 είσω
1758 1023 1856 1093 τῆς

279 1115 564 1180 εὐσεϐείας
591 1116 874 1186 ἱστάμενοι
901 1115 1121 1186 ἔχομεν,
1151 1115 1298 1169 καθᾶ
1329 1117 1378 1168 cl
1407 1115 1498 1168 τοῦ
1537 1116 1858 1184 Πνεύματος

280 1207 557 1276 ὑποφῆται
593 1206 796 1270 πάντες
845 1205 1341 1278 ἐμυσταγὼγησαν,
1384 1207 1480 1259 καὶ
1523 1207 1552 1258 6
1591 1204 1692 1272 τῆς
1724 1205 1857 1258 καθ-

279 1298 467 1370 ολικῆς
514 1297 848 1366 Ἐκκλησίας
874 1294 984 1351 οἶδε
1025 1303 1247 1364 σκοπῖς,
1274 1298 1351 1362 ὡς
1381 1298 1442 1350 ἐν
1485 1296 1656 1368 ὀλίγῳ
1678 1295 1856 1348 εἰπεῖν

278 1388 750 1458 παραστήσωμεν.

343 1498 410 1554 θ’.
445 1497 635 1566 Φαμὲν
664 1497 869 1564 τοίνυν,
893 1497 970 1561 ὥς
997 1497 1056 1552 αί
1084 1497 1356 1566 πανάγιαι
1383 1486 1546 1550 αὗται
1573 1494 1852 1566 δυνάμεις,

276 1588 423 1654 ὅπως
451 1589 553 1661 μὶν
591 1588 779 1660 ἔχουσι
811 1589 1026 1658 φύσεως
1061 1591 1158 1643 καὶ
1186 1587 1496 1661 ὑπάρξεως,
1542 1589 1674 1660 παρ’
1723 1589 1856 1658 ἡμῖν

276 1682 620 1752 ἠγνοημένον
652 1680 768 1744 πώς
795 1685 911 1735 ἐστι
941 1682 1038 1736 κ.ὶ
1062 1680 1512 1753 δυσεπιχείρητον
1536 1697 1550 1710 ο
1587 1681 1679 1734 καὶ
1705 1678 1856 1750 εἴρη-

1960 585 2168 629 tantam
2203 573 2412 628 rabiem
2444 581 2500 628 et
2532 573 2994 642 irreligiositatetn
3056 569 3280 638 illapsus
3329 575 3434 629 est,
3467 575 3529 620 ut

1958 667 2060 721 sibi
2113 665 2277 721 licere
2327 674 2511 734 putet,
2550 664 2687 719 alios
2738 677 2958 734 quoque
3021 661 3226 715 mullos
3270 658 3526 714 divinitus

1959 758 2234 826 inspirata:
2281 756 2576 826 Scriptura}
2625 755 2772 809 locos
2819 752 3073 807 similiter
3098 752 3411 819 vituperare
3460 764 3526 803 ac

1957 849 2138 904 delere
2185 847 2506 902 stultissime
2561 857 2616 902 et
2686 845 3092 902 scelesussime.
3160 842 3298 909 Quia
3361 841 3526 911 igitur

1956 939 2179 1007 ejuratis
2221 937 2460 1008 Spiritus
2505 937 2680 991 sancti
2725 936 2906 999 dictis,
2932 935 3247 1002 longissime
3281 948 3310 986 a
3368 931 3526 986 Chri-

1956 1031 2254 1085 stianorum
2283 1028 2401 1082 aula
2429 1027 2658 1090 habitat,
2688 1027 2868 1096 agesis
2901 1024 3226 1080 sententiam
3257 1031 3520 1086 nostram,

1957 1119 2254 1188 cuiusmodi
2311 1132 2503 1172 omnes
2535 1117 2676 1170 intra
2712 1115 3054 1168 orthodoxiaz
3110 1123 3262 1181 septa
3316 1120 3523 1166 stantes

1955 1212 2216 1282 gerimus,
2259 1217 2415 1278 prout
2452 1208 2686 1276 Spiritus
2729 1207 3056 1273 interpretes
3106 1204 3285 1258 cuncti
3323 1203 3524 1256 docue-

1955 1312 2104 1366 runt,
2143 1311 2195 1355 et
2219 1299 2503 1356 catholicae
2536 1297 2792 1353 Ecclesia:
2845 1312 2997 1352 mens
3049 1303 3216 1362 tenet,
3274 1293 3525 1350 breviter

1954 1407 2311 1462 exponamus.

2024 1503 2077 1558 9.
2118 1502 2356 1557 Dicimus
2385 1515 2541 1572 ergo,
2585 1499 2940 1555 sanctissima:
2989 1498 3072 1553 bat
3107 1496 3388 1566 potentiae,
3422 1509 3522 1550 cu-

1949 1594 2186 1665 jasmodi
2241 1602 2467 1648 naturas
2516 1591 2755 1646 habeant
2807 1599 2971 1659 atque
3029 1587 3384 1648 substantias,
3425 1599 3526 1640 nos

1957 1687 2128 1742 ferme
2150 1687 2426 1753 ignorare,
2453 1694 2546 1739 aut
2567 1697 2714 1753 :rgre
2735 1681 3024 1736 admodum
3051 1693 3210 1750 posse
3231 1678 3520 1749 explicare;

276 1773 363 1826 ταί
394 1788 463 1841 γε
498 1774 634 1842 ἡμῖν
670 1775 730 1826 ὲν
762 1773 971 1844 ἑτέροις
1014 1773 1371 1843 πλατύτερον,
1403 1775 1516 1835 τοῖς
1540 1773 1648 1824 τῶν
1692 1772 1853 1842 ἱερῶν

1957 1781 2132 1846 deque
2162 1779 2266 1832 hac
2312 1793 2372 1832 re
2410 1775 2536 1830 alibi
2572 1773 2735 1828 latius
2770 1773 3006 1828 diximus
3061 1769 3198 1841 (86),
3247 1783 3523 1824 sacrorum

274 1862 614 1917 διδασκάλων
661 1864 954 1934 ἑπομένοις
1007 1864 1358 1934 διδάγμασιν.
1423 1863 1616 1917 Ἀπλαί
1652 1879 1713 1916 τε
1739 1862 1848 1932 γὰρ

275 1949 428 2008 οὖσαι
487 1954 768 2016 παντελῶς
816 1955 913 2008 καὶ
969 1953 1279 2020 ἀσύνθετοι,
1319 1955 1414 2008 καὶ
1444 1954 1846 2025 ἀπερίγραπτοι

275 2045 424 2115 τόπῳ
451 2044 546 2098 διὰ
575 2045 638 2098 τὸ
663 2043 983 2116 ἀσώματον,
1016 2047 1166 2116 ὅμως
1187 2045 1491 2116 γράφονται
1519 2045 1614 2099 καὶ
1649 2043 1848 2098 είκονίο

275 2133 481 2197 ζονται.
515 2136 630 2190 Καὶ
660 2138 1102 2207 προηγουμένως
1126 2153 1190 2204 γε
1220 2139 1381 2189 τοῦτο
1417 2137 1595 2207 ῐσμεν,
1631 2135 1719 2189 διὰ
1738 2135 1848 2189 τῶν

273 2225 360 2277 τοῦ
416 2225 744 2295 Πνεύματος
799 2225 1026 2294 λογίων,
1081 2226 1230 2296 ἅπερ
1283 2228 1312 2278 6
1364 2227 1687 2298 ἱεροφάντης
1716 2227 1848 2297 ἡμῖν

275 2316 517 2386 Μωῦσῆς
539 2319 640 2388 τῆς
674 2317 783 2371 τῶν
811 2319 1027 2388 Χερου6
1059 2336 1098 2387 μ
1132 2321 1408 2389 πιιήσεως
1442 2320 1628 2372 ἕνεκεν
1667 2335 1848 2388 παρα-

275 2407 527 2462 δέδωκεν.
591 2408 826 2462 Ἔπειτα
863 2409 1052 2480 ἐπειδὴ
1119 2411 1494 2479 λειτουργικά
1540 2409 1850 2479 πνεύματὰ

275 2501 448 2563 εἰσιν,
497 2500 592 2563 είς
645 2498 966 2554 διακονίαν
1009 2500 1512 2570 ἀποστελλόμενα
1558 2500 1657 2554 διὰ
1706 2500 1850 2567 τοὺς

271 2586 614 2654 μέλλοντας
658 2588 1062 2657 κληρονομεῖν
1092 2590 1435 2656 ·σωτηρίαν,
1493 2588 1784 2659 εὐδόκησεν
1820 2591 1850 2642 6

277 2678 496 2730 πάντων
529 2675 786 2747 κηδεμὼν
820 2679 914 2731 καὶ
946 2679 1230 2748 Δεσπότης
1265 2679 1418 2744 Θεὸς,
1449 2681 1478 2732 6
1525 2679 1701 2733 πάντα
1731 2679 1850 2747 φιλ-

277 2767 582 2838 ανθρώπως
647 2767 915 2832 οἰακίζων
963 2770 1058 2823 καὶ
1108 2769 1463 2840 πρυτανεύων
1487 2769 1556 2823 τὰ
1582 2770 1846 2840 ἡμέτερα,

276 2856 558 2925 ἀναλόγως
583 2860 649 2928 τῇ
679 2857 998 2930 ἀνθρωπίνῃ
1026 2859 1301 2929 ἀσθενείᾳ,
1324 2859 1414 2912 διὰ
1431 2860 1530 2927 τῆς
1551 2860 1848 2930 συντρόφου

276 2951 363 3002 καὶ
409 2949 687 3018 συνήθους
719 2950 1053 3020 αἰσθήσεως,
1082 2950 1181 3012 τὰς
1210 2948 1318 3001 τῶν
1360 2948 1648 3019 μακαρίων
1688 2948 1850 3003 δυνά-

281 3057 422 3110 μεων
444 3041 775 3105 ἐπιστασίας
804 3042 1084 3109 γίνεσθαι·
1108 3043 1166 3107 ἐξ
1189 3035 1264 3097 ὧν
1279 3043 1430 3112 ἡμῖν,
1452 3041 1511 3094 τὸ
1535 3039 1850 3095 κοινωνικὸν

276 3131 516 3202 ἔχουσαι,
547 3131 618 3186 τά
652 3131 773 3186 θεῖα
797 3132 948 3204 δῶρα
973 3134 1068 3186 καὶ
1094 3133 1190 3197 τὰς
1219 3131 1541 3203 εὐεργεσίας
1567 3131 1676 3184 τῶν
1705 3133 1851 3185 οίκο-
1873 3169 1918 3230 c

275 3223 628 3294 νομουμένων
689 3225 784 3279 καὶ
835 3225 1310 3298 προμηθουμένων
1363 3223 1846 3295 διαπορθμεύουσι.

276 3314 472 3369 Πολλαὶ
505 3314 641 3385 γοῦν
689 3318 804 3380 τοῖς
835 3316 931 3370 τοῦ
963 3317 1102 3371 Θεοῦ
1161 3317 1495 3389 θεράπουσιν
1544 3315 1853 3385 ἀγγελοφά-

277 3423 412 3460 νιιαι
465 3407 793 3476 γεγόνασιν·
833 3409 898 3461 o6
941 3409 1040 3478 τῆς
1091 3409 1307 3477 φύσεως
1348 3408 1526 3462 αὐτῶν
1557 3407 1852 3478 ὲμφανιζο-

281 3498 470 3570 μένης,
525 3499 646 3552 ἀλλ’
681 3500 762 3564 είς
830 3499 955 3554 ὅσον
1018 3499 1301 3568 ἁγιστείας
1348 3501 1442 3554 καὶ
1481 3498 1852 3570 καθαρότητος

275 3581 405 3659 ἧκεν
428 3591 458 3640 6
488 3589 628 3659 πρὸς
657 3587 756 3659 τὴν
773 3588 1030 3658 τοιαύτην
1056 3589 1186 3642 θέαν
1209 3588 1570 3659 κεκλημένος,
1594 3589 1630 3658 ἦ
1657 3604 1718 3640 τε
1743 3586 1852 3640 τῶν

276 3679 708 3749 διακονουμένων
746 3681 1092 3750 πραγμάτων
1128 3680 1317 3734 ἐκάλει
1352 3679 1510 3750 χρεία
1541 3679 1635 3732 καὶ
1664 3678 1693 3729 6
1732 3693 1850 3730 και-

279 3770 385 3842 ρὸς,
413 3769 595 3833 οὕτως
617 3771 676 3824 αἱ
707 3771 920 3841 μορφαὶ
957 3771 1055 3824 καὶ
1082 3770 1150 3824 τά
1174 3771 1430 3840 σχήματα
1453 3769 1564 3822 τῶν
1585 3767 1854 3838 ἀμορφώο

276 3878 379 3916 των
414 3862 510 3915 καὶ
541 3861 864 3926 ἀτυπώτων,
897 3863 1010 3924 τοῖς
1041 3864 1140 3933 τῆς
1162 3861 1290 3924 θέας
1323 3845 1653 3930 ἠξιωμένοις
1679 3857 1852 3912 καθα-

281 3958 388 4026 poi;
417 3955 540 4017 νοὸς
583 3954 821 4025 δμμασι,
857 3954 1178 4008 διετυποῦτό
1226 3970 1291 4007 τε
1329 3953 1604 4024 διαφόρως
1645 3953 1739 4005 καὶ
1771 3953 1852 4006 δι-

279 4046 550 4112 εφαίνετο.
578 4045 662 4098 Τὰ
690 4041 906 4115 μὲνοῦν
935 4045 1076 4099 κατά
1098 4044 1190 4097 τὸν
1219 4044 1566 4115 πατριάρχην
1601 4042 1853 4114 Ἀϐραὰμ

276 4136 598 4206 τελούμενα,
636 4135 874 4207 κρείττω
905 4137 938 4207 ἢ
971 4137 1115 4190 κατά
1147 4135 1411 4204 ἀγγέλους
1438 4131 1509 4206 ἦν
1533 4151 1546 4168 ·
1578 4135 1672 4189 καὶ
1693 4136 1722 4188 6
1752 4136 1853 4205 τῆς

278 4227 467 4296 καινῆς
510 4227 726 4297 ἐκείνης
766 4228 867 4280 καὶ
909 4226 1240 4298 θαυμαστῆς
1281 4225 1588 4291 δεξιώσεως
1626 4227 1848 4299 τρόπος,

279 4315 396 4369 καθ’
421 4319 490 4387 ῆν
519 4316 582 4370 τὸ
611 4317 860 4386 φιλόθεον
891 4316 1028 4387 ὁμοῦ
1059 4317 1156 4370 καὶ
1180 4315 1456 4386 φιλόξενον
1488 4316 1582 4370 τοῦ
1613 4316 1853 4383 ἐξενικό-

279 4424 366 4464 τος
399 4409 726 4478 ἀνυμνείταί
754 4426 817 4463 τε
851 4410 948 4464 καὶ
977 4406 1364 4480 θαυμάζεται,
1395 4408 1532 4462 Θεοῦ
1583 4409 1783 4479 μᾶλλον
1817 4408 1850 4480 ἢ

1954 1870 2342 1940 magistrorum
2371 1865 2639 1922 doctrinis
2667 1864 3054 1934 obsequentes.
3088 1860 3222 1915 Nam
3246 1859 3523 1930 simplices

1952 1977 2076 2016 cum
2113 1961 2225 2014 sint
2278 1969 2333 2013 et
2379 1955 2770 2025 incmzpositzr,
2813 1955 3038 2021 locoque
3085 1961 3308 2022 propter
3341 1950 3522 2004 incor-

1951 2051 2294 2122 poralitatem
2311 2050 2822 2118 incircumscriptze,
2847 2047 3202 2102 nihilominus
3219 2043 3518 2113 pinguntur

1951 2156 2016 2196 ac
2061 2139 2380 2210 figurantur.
2419 2140 2597 2208 Atque
2633 2139 2684 2194 id
2721 2139 3006 2206 potissimc
3029 2137 3237 2191 scimus
3269 2148 3367 2205 per
3394 2146 3522 2188 ora-

1951 2230 2070 2285 cuia
2123 2229 2378 2298 Spiritus,
2411 2243 2532 2297 qua:
2567 2229 2926 2297 hierophanta
2980 2226 3189 2297 Moyses
3223 2239 3384 2280 causa
3414 2239 3526 2279 suae

1949 2319 2385 2372 Cherubinorum
2429 2317 2653 2372 facturae
2691 2319 2848 2371 nobis
2871 2316 3146 2385 patefecit.
3176 2312 3377 2368 Deinde
3399 2312 3526 2380 quia

1951 2410 2398 2466 administratorii
2437 2411 2658 2477 spiritus
2701 2418 2845 2473 sunt,
2880 2408 2936 2461 in
2977 2406 3328 2460 ministerium
3375 2404 3525 2458 missi

1949 2510 2162 2571 prapter
2187 2517 2297 2564 eos,
2328 2502 2419 2570 qui
2443 2499 2802 2554 hereditatem
2853 2499 3060 2567 capient
3085 2496 3273 2551 salutis
3306 2497 3374 2560 ",
3407 2494 3525 2563 pia-

1951 2591 2064 2644 cuit
2093 2591 2337 2643 omnium
2365 2589 2600 2644 curatori
2627 2604 2691 2643 ac
2735 2588 2966 2644 Domino
2997 2589 3126 2655 Deo,
3157 2589 3249 2659 qui
3284 2587 3516 2654 benigne

1951 2689 2141 2736 ctmcta
2171 2683 2453 2750 gubernat,
2481 2679 2749 2748 rebusque
2782 2681 2986 2736 nostris
3009 2682 3340 2742 moderatur,
3356 2689 3516 2748 prout

1949 2775 2188 2842 postulat
2226 2773 2463 2826 humana
2504 2772 2819 2837 infirmitas,
2866 2787 2962 2841 per
2986 2773 3334 2825 cmnitantem
3367 2770 3524 2824 fami-

1951 2863 2254 2931 liaremqne
2300 2876 2544 2928 sensum,
2575 2861 2858 2916 beatarum
2910 2862 3277 2932 potentiarum
3336 2862 3526 2916 adesse

1952 2954 2250 3010 custodiam
2278 2969 2292 3018 ;
2328 2955 2470 3007 unde
2503 2953 2788 3008 nobiscum
2823 2953 3312 3016 communicantes,
3344 2953 3525 3007 divina

1952 3046 2092 3101 dona
2127 3061 2191 3100 ac
2223 3045 2484 3098 heneticia
2518 3045 2886 3115 gerendarum
2931 3059 3110 3098 rerum
3142 3059 3204 3097 ac
3229 3043 3525 3114 providen-

1951 3137 2144 3190 darum
2191 3135 2487 3189 deferrent.
2522 3132 2700 3188 Multae
2735 3134 2919 3204 itaque
2959 3133 3052 3189 Dei
3093 3132 3308 3188 famulis
3357 3149 3524 3203 ange-

1954 3225 2127 3281 lorum
2161 3225 2527 3296 apparitioues
2547 3240 2668 3280 sese
2693 3226 3030 3293 obtulerunt,
3055 3242 3159 3282 non
3178 3225 3523 3282 tnanifestata

1953 3315 2192 3385 ipsorum
2221 3325 2436 3380 natura,
2473 3315 2566 3371 sed
2615 3325 2919 3386 prouterat
2961 3318 3106 3374 illius
3162 3317 3522 3374 sanctimonia

1951 3421 2006 3466 et
2069 3412 2278 3480 puritas
2328 3412 2419 3481 qui
2475 3411 2540 3465 ad
2585 3411 2727 3466 hanc
2761 3410 3026 3465 visionem
3080 3411 3395 3478 vocabatur,
3443 3410 3525 3466 vel

1951 3516 2142 3557 eorum
2164 3516 2284 3569 quia;
2316 3511 2476 3555 erant
2501 3501 2556 3555 in
2581 3502 2832 3556 manibus
2855 3501 3196 3571 negotiorum
3228 3515 3361 3556 usus
3385 3509 3525 3555 tem-

1954 3605 2163 3661 pusque
2197 3591 2532 3660 requirebat,
2560 3590 2634 3644 ita
2670 3591 2856 3645 forma:
2883 3606 2947 3646 ac
2972 3591 3156 3661 figura:
3185 3589 3524 3660 angelorum,

1953 3681 2046 3750 qui
2082 3682 2230 3736 hisce
2260 3697 2358 3750 per
2383 3697 2442 3736 se
2471 3691 2679 3742 carent.
2703 3683 2882 3752 dignis
2901 3697 2965 3736 eo
2995 3683 3113 3736 visu
3138 3680 3293 3751 puris
3325 3679 3525 3736 mentis

1953 3773 2148 3838 oculis,
2183 3773 2534 3826 multifariam
2580 3773 3072 3828 conformabantur
3098 3781 3262 3842 atque
3298 3786 3525 3842 appare-

1955 3866 2104 3917 bant.
2147 3849 2239 3916 Et
2269 3878 2359 3917 res
2405 3861 2624 3931 quidem
2655 3877 2778 3916 cum
2840 3861 3151 3931 patriarcha
3214 3861 3528 3915 Abrahatno

1952 3963 2103 4022 gesta
2131 3954 2200 4017 ’⁷,
2235 3953 2522 4007 sublimior
2584 3967 2746 4021 quam
2799 3951 3041 4020 angelica
3102 3951 3239 4018 fuit;
3275 3959 3330 4005 et
3383 3950 3530 4004 illius

1957 4059 2107 4098 nova:
2141 4043 2583 4111 admirauquue
2616 4041 2968 4096 salutationis
3018 4041 3234 4104 modus,
3265 4054 3372 4109 quo
3402 4039 3529 4094 reli.

1955 4133 2178 4201 giositas
2223 4141 2278 4187 et
2319 4131 2667 4200 hospitalitas
2720 4131 3034 4200 recipientis
3091 4128 3402 4185 celebratur
3463 4144 3534 4188 ac,

1955 4224 2275 4292 suspicitur,
2311 4222 2404 4277 Dei
2441 4222 2622 4292 potius
2647 4237 2811 4292 quam
2840 4220 3156 4290 angelorum
3181 4219 3528 4290 praesentiam

1955 4314 2214 4370 ostendit.
2287 4313 2466 4383 Atque
2532 4313 2695 4384 hujus
2748 4316 3001 4383 nepotem
3077 4309 3378 4376 Iacobum,
3421 4325 3531 4380 quo

1959 4415 2203 4476 tempore
2250 4405 2348 4460 Dei
2393 4405 2557 4461 Verbi
2600 4405 2666 4460 ad
2722 4405 2998 4460 hominem
3051 4401 3532 4460 condescensionis

281 4499 530 4566 ἀγγέλων
555 4501 860 4570 παρουσίαν
884 4499 1236 4554 διαδεικνύει.
1267 4499 1371 4553 Τὸν
1397 4500 1454 4554 δὲ
1476 4499 1666 4553 τούτου
1691 4500 1852 4568 ἐκγο-

1959 4498 2204 4551 notitiam
2227 4505 2550 4566 accepturus
2582 4507 2723 4564 erat,
2751 4495 2954 4552 vidisse
2979 4493 3271 4550 manifeste
3302 4492 3529 4562 angelos

283 4605 367 4642 νον
405 4589 631 4653 Ἰακὼϐ,
660 4591 824 4660 ἡνίκα
848 4589 945 4663 τὴν
975 4589 1072 4644 τοῦ
1102 4589 1238 4645 Θεοῦ
1273 4591 1450 4659 Λόγου
1477 4591 1614 4663 πρὸς
1637 4590 1848 4662 ἀνθρώ-

285 4695 412 4742 πους
484 4680 742 4749 μυεῖσθαι
814 4680 1229 4748 συγκατάσασιν
1279 4680 1529 4752 ἔμελλεν,
1585 4679 1853 4748 ἀγγέλους

285 4769 585 4841 ἑωρακέναι
636 4771 821 4839 σαφῶς
867 4772 1308 4844 ἀναγέγραπται,
1346 4771 1443 4825 καὶ
1495 4769 1743 4841 κλίμακα
1785 4769 1850 4840 δή

285 4876 401 4914 τινα
429 4861 572 4932 πρὸς
600 4862 832 4932 οὐρανὸν
881 4862 1046 4915 αὐτὸν
1074 4865 1139 4916 ὲκ
1171 4863 1274 4932 γῆς
1307 4862 1717 4931 ἀφικνουμένην
1759 4859 1854 4912 καὶ

287 4951 672 5006 ἀνατείνουσαν
699 4993 716 5019 ,
771 4954 866 5006 καὶ
913 4953 1006 5007 τὸν
1046 4953 1189 5024 ὑπὲρ
1227 4953 1400 5022 αὐτῆς
1454 4951 1853 5024 ὲστηριγμένον

288 5041 391 5093 τῶν
412 5044 550 5096 ὅλων
583 5042 816 5115 Κύριον,
845 5043 942 5098 καὶ
965 5044 1066 5114 τὴν
1098 5043 1310 5097 ἐκεῖθεν
1337 5043 1448 5098 ⁴ιπῶν
1469 5045 1732 5097 ἀνιόντων
1757 5041 1854 5094 καὶ

290 5132 577 5186 κατιόντων
613 5133 872 5205 πάροδον,
899 5133 968 5186 δι’
1001 5127 1076 5188 ὧν
1107 5135 1141 5204 ἡ
1164 5133 1558 5204 καταφοίτησις
1583 5132 1678 5186 τοῦ
1709 5131 1849 5185 πάν-

290 5237 392 5288 ’Ξων
439 5224 600 5296 ἡμῶν
655 5225 908 5296 Σωτῆρος
965 5223 1102 5278 Θεοῦ
1155 5225 1290 5296 πρὸς
1343 5226 1515 5295 ἡμᾶς,
1575 5222 1853 5293 μυστικῶς

1960 4587 2221 4655 scriptum
2247 4588 2426 4655 est";
2467 4595 2524 4643 et
2551 4588 2814 4656 quasdam
2845 4585 3025 4641 scalas
3055 4598 3228 4656 usque
3259 4583 3327 4638 ad
3356 4583 3529 4653 ipsum

1953 4679 2150 4734 omium
2186 4679 2254 4734 de
2294 4689 2437 4733 terra
2486 4687 2770 4748 porrectas
2805 4692 2869 4733 ac
2920 4678 3313 4749 pertingentes,
3365 4684 3529 4744 atque

1953 4771 2008 4824 in
2042 4770 2232 4824 harum
2267 4769 2502 4824 culmine
2536 4769 2893 4824 constitutum
2934 4765 3301 4822 universalem
3347 4763 3529 4818 Domi-

1955 4876 2104 4926 num,
2123 4869 2176 4915 et
2192 4859 2319 4915 illuc
2336 4860 2744 4915 ascendentium
2759 4873 2824 4914 ac
2845 4856 3298 4915 descendentium
3318 4855 3532 4910 discur-

1953 4966 2104 5016 sum;
2137 4966 2244 5022 qua
2278 4951 2486 5006 visione
2514 4950 2815 5006 communis
2858 4949 3169 5005 Servatoris
3202 4947 3295 5002 Dei
3337 4946 3403 5000 ad
3431 4959 3533 5005 nos

1953 5045 2214 5099 adventus
2249 5044 2474 5116 mystice
2509 5043 2881 5115 ﬁgurabatur;
2911 5056 3086 5111 eaque
3119 5041 3286 5095 etiam
3317 5036 3526 5092 Christi

1954 5135 2241 5204 imaginem
2275 5135 2432 5191 nobis
2478 5135 2532 5189 in
2567 5145 2906 5188 antecessum
2951 5132 3221 5201 depictam
3274 5125 3537 5188 Ecclesia

1955 5227 2214 5294 praesules
2243 5226 2684 5282 manifestissime
2719 5225 3041 5295 praedicant.

293 5317 700 5382 προετετύπωτο
723 5333 738 5349 ·
771 5317 798 5370 ὃ
826 5317 890 5389 δὴ
927 5318 1021 5372 καὶ
1051 5318 1232 5371 εἰκόνα
1263 5317 1501 5388 Χριστοῦ
1543 5319 1589 5369 οἱ
1620 5316 1721 5386 τῆς
1767 5317 2099 5392 Ἐκκλησίας
2159 5322 2427 5393 ἡγεμόνες
2495 5315 3007 5393 προδιαγεγράφθαι
3075 5311 3414 5385 κηρύσσουσι
3445 5326 3536 5368 σας

292 5404 415 5478 φιστ
425 5426 545 5464 ατα.

358 5587 403 5618 ’⁸
425 5586 587 5643 Hebr.
619 5603 660 5652 ι,
697 5586 780 5646 14,
857 5588 901 5620 ⁸⁷
923 5587 1058 5643 Gen.
1084 5603 1236 5655 xvut,
1289 5590 1337 5644 Ι.
1413 5587 1459 5622 ’⁸
1488 5588 1622 5644 Gen.
1652 5601 1846 5652 χιιι-ιιι,
1881 5588 1971 5643 12.

367 5746 473 5815 (86)
511 5744 714 5816 Nempe
742 5745 792 5801 in
843 5746 1192 5819 Apologetico
1221 5747 1441 5827 majore,
1502 5764 1623 5819 cap.
1659 5745 1726 5802 70
1761 5756 1816 5803 et
1848 5762 2001 5820 seqq.
