3972 6130
206 260 318 333 353

920 262 1548 324 ANTIRRHETICUS
1595 262 1656 322 II
1706 262 1873 323 ADV.
1913 259 2505 322 CONSTANTINUM
2543 260 2755 320 COPR.

3357 258 3461 321 354

207 376 619 450 προσήδρευον,
648 373 708 427 ἒν
739 366 783 442 ᾧ
810 373 871 427 τὺ
894 372 1201 445 ζωαρχικδν
1234 375 1334 443 τῆς
1362 374 1622 445 θεαρχίας
1639 374 1795 444 σῶμα

1902 375 2066 438 rexit,
2120 388 2227 427 una
2258 386 2446 427 secum
2479 372 2757 425 suscitatis
2792 369 2857 424 iis
2904 367 2995 437 qui
3032 370 3223 424 mortis
3253 378 3461 425 catenis

208 469 682 541 ὲτεθησαύριστος
710 461 785 521 ὧν
812 468 873 521 τὸ
920 469 1149 539 φαιδρὸν
1176 470 1275 537 τῆς
1306 469 1501 537 στολῆς
1536 469 1630 521 καὶ
1660 485 1792 522 κατ-

202 549 608 631 ηγλαῐσμένον,
649 558 886 628 ἐπείπερ
920 557 1194 628 σύμϐολον
1222 553 1290 627 ἦν
1316 559 1414 627 τῆς
1463 556 1648 626 κοινῆς
1694 554 1790 609 τοῦ

205 651 403 721 γένους
436 648 774 720 εὐφροσύνης
801 665 862 702 τε
881 651 977 702 καὶ
1000 646 1457 718 ἀπολυτρώσεως,
1479 646 1585 717 πρὸ
1610 646 1789 700 αὐτῶν

209 741 499 812 μονονουχὶ
527 740 712 811 φωνὴν
742 739 893 810 ἠφίει
918 757 934 772 ο
964 742 1157 810 ὅτιπερ
1210 742 1241 792 ὁ
1280 738 1473 808 ταφεὶς
1500 738 1794 809 ὲξεγήγερ-

1893 464 2235 517 tenebantur.
2270 461 2414 516 Mors
2440 461 2639 531 quippe
2670 461 2944 515 destructa
2979 469 3084 524 est,
3107 460 3222 514 orci
3249 460 3458 514 vincuia

1893 556 2132 623 dirupta,
2167 554 2480 609 exstinctus
2509 536 2785 617 diabolus:
2810 562 3089 620 peccatum
3117 562 3459 607 evacuatutn.

1894 645 1992 699 Hic
2050 646 2193 699 enim
2244 654 2364 699 erat
2424 644 2648 697 nuntius
2701 644 3036 709 laetissimus,
3090 643 3459 712 prodigiorqu

1893 738 2147 792 videlicet
2176 738 2591 807 praedicatorum
2629 737 2965 804 magnitudo.

208 852 329 903 ται,
355 834 685 889 συνανιστῶν
708 834 835 897 τοὺς
884 834 1068 887 πάλαι·
1104 834 1224 896 ταῖς
1250 832 1346 886 τοῦ
1370 831 1603 885 θανάτου
1640 835 1849 902 σειραῖς
1886 832 2297 902 ἐνισχημένους.
2358 831 2597 894 Θάνατος
2657 830 2764 900 γὰρ
2814 829 3199 894 καταλέλυται,
3253 831 3349 883 καὶ
3394 831 3463 883 τὰ

210 926 394 997 δεσμὰ
424 924 517 978 τοῦ
566 922 694 995 ᾅδου
750 924 1104 995 διέῤῥηκται,
1172 926 1268 979 καὶ
1338 924 1671 996 νενέκρωται
1734 924 2004 988 διάϐολος,
2056 923 2153 977 καὶ
2200 921 2443 993 ἁμαρτία
2495 923 2869 993 κατήργηται.
2922 922 3094 975 Τοῦτο
3129 922 3240 991 γὰρ
3290 918 3358 991 ἦν
3404 924 3479 993 τὸν

208 1016 708 1088 εὐαγγελιζόμενον
754 1017 863 1072 τῶν
905 1019 1329 1090 κηρυσσομένων
1366 1020 1686 1090 παραδόξων
1713 1020 1782 1074 τὰ
1821 1020 2101 1090 μεγαλεῖα.

291 1116 382 1165 ια’.
432 1108 586 1162 Ἐπεὶ
613 1108 707 1163 οὖν
738 1109 1037 1180 ὀφθαλμοῖς
1083 1113 1362 1183 σαρκίνοις
1401 1112 1625 1166 ἀθέατοι
1655 1116 1793 1166 εἰσιν

209 1200 268 1255 οἱ
326 1200 476 1266 ἅγιοι
535 1197 788 1266 ἄγγελοι,
836 1197 1103 1270 ώφθησαν
1151 1200 1206 1252 δὲ
1240 1201 1515 1272 διαφόρως
1549 1202 1692 1255 κατὰ
1726 1203 1795 1255 τὰ

213 1287 469 1358 σύμϐολα
506 1286 616 1340 τῶν
668 1288 1104 1358 ὲγχειρισμένων
1131 1290 1318 1353 αὐτοῖς
1342 1290 1634 1345 διακονιῶν
1662 1309 1796 1363 σχη-

212 1378 600 1451 ματιζόμενοι,
632 1376 776 1430 οὓτω
808 1380 903 1432 καὶ⁹
962 1379 1320 1450 είκοίσθησαν
1370 1380 1801 1457 [εἰκονίσθησαν]

210 1472 311 1524 καὶ
350 1470 696 1539 ἐγράφησαν,
728 1469 893 1539 μέχρι
916 1467 1046 1537 γοῦν
1074 1470 1176 1538 τῆς
1218 1472 1457 1542 σήμερον
1484 1474 1636 1544 παρὰ
1662 1475 1705 1526 Χ
1715 1492 1799 1543 ρι-

212 1562 481 1622 στιανοῖς.
520 1558 679 1613 Κατὰ
713 1558 887 1612 ταῦτα
923 1560 1020 1613 καὶ
1053 1561 1363 1632 πράσσεται
1400 1565 1494 1616 καὶ
1523 1563 1796 1633 κηρύσσε-

1964 1112 2050 1166 Η.
2086 1110 2220 1178 Quia
2276 1110 2441 1180 igitur
2489 1109 2705 1164 carneis
2759 1109 2932 1163 oculis
2987 1109 3286 1164 invisibiles
3334 1117 3461 1162 sunt

1893 1204 2074 1258 sancti
2099 1202 2300 1272 angeli,
2332 1210 2705 1271 apparuerunt
2750 1209 2927 1254 autem
2961 1202 3295 1254 multimodis
3328 1201 3461 1270 ligu—

1894 1295 1996 1347 rati
2024 1311 2038 1358 ;
2083 1303 2240 1360 prout
2270 1293 2516 1362 sytnhola
2549 1294 2995 1347 demandatorum
3033 1293 3457 1346 ministeriorum

1894 1381 2164 1445 ierehant,
2196 1381 2269 1434 ita
2295 1381 2460 1434 etiam
2492 1380 2703 1449 ﬁgurati
2738 1380 3030 1434 fueruntet
3064 1381 3191 1449 picti
3221 1381 3287 1432 ad
3318 1381 3462 1434 hunc

1894 1485 2066 1538 usque
2093 1470 2237 1524 diem
2269 1469 2410 1537 apud
2431 1466 2793 1522 Christianos.
2834 1467 2948 1533 Sic,
2985 1468 3228 1537 inquam,
3259 1470 3458 1538 agitur,

1887 1561 1969 1616 sic
1999 1562 2345 1630 praedicatur.
2384 1561 2447 1614 Et
2473 1560 2597 1629 quia
2638 1560 2812 1613 sancti
2841 1569 2990 1624 sunt,
3016 1560 3318 1629 divinaeque
3346 1576 3465 1614 mea

207 1670 327 1705 ται.
365 1652 474 1706 Καὶ
503 1649 691 1721 ἐπειδὴ
720 1649 865 1718 ἅγιοι
893 1650 988 1704 καὶ
1015 1650 1267 1716 θεοειδεῖς
1288 1655 1415 1720 εἰσι,
1436 1655 1530 1708 καὶ
1553 1654 1794 1726 λειτουρο

1898 1651 2105 1719 iestatis
2150 1650 2409 1716 ministri,
2445 1663 2500 1703 et
2539 1650 2777 1704 secunda
2835 1649 3039 1703 lumina
3084 1664 3112 1701 a
3144 1650 3314 1718 prima
3343 1649 3462 1704 luce

207 1746 304 1814 γοὶ
334 1746 434 1813 τῆς
459 1742 611 1806 θείας
643 1741 1085 1813 μεγαλειότητος.
1123 1744 1220 1796 καὶ
1248 1742 1403 1812 φῶτα
1433 1744 1662 1815 δεύτερα
1695 1744 1789 1798 τοῦ

209 1834 440 1905 πρώτου
472 1833 649 1903 φωτὸς
672 1827 1105 1901 ἀπαυγάσματα,
1135 1834 1228 1886 καὶ
1261 1835 1361 1905 τῆς
1390 1837 1665 1906 σωτηρίας
1690 1836 1792 1906 τῆς

207 1925 499 1997 ἡμετέρας
537 1923 800 1990 διάκονοι,
827 1924 897 1976 δι’
925 1921 961 1976 δι
989 1922 1052 1993 δὴ
1079 1924 1174 1977 καὶ
1198 1923 1269 1977 τὰ
1287 1925 1493 1979 τούτων
1523 1927 1794 1996 ἀφομοιώο

212 2031 366 2085 ματα
396 2014 555 2083 τίμια
593 2014 690 2066 καὶ
722 2012 856 2081 ἅγιά
901 2014 1040 2079 ἐστι,
1073 2013 1174 2083 τὴν
1205 2015 1586 2085 προσήκουσαν
1626 2017 1792 2085 τιμὴν

210 2104 607 2173 προσφέρομεν
630 2101 834 2183 αὐτοῖς,
865 2102 961 2155 καὶ
983 2102 1082 2165 τὰς
1112 2102 1264 2174 ἱερὰς
1288 2103 1584 2173 πρεσϐείας
1614 2103 1792 2158 αὐτῶν

210 2192 574 2263 ἐξαιτούμενο
606 2192 742 2244 διότι
782 2189 1131 2261 γινώσκομεν
1185 2193 1279 2245 καὶ
1308 2192 1659 2263 πιστεύομεν,
1695 2195 1794 2257 τάς

208 2300 278 2335 τε
305 2280 620 2348 δοξολογίας
637 2279 815 2352 ἡμῶν,
844 2280 939 2333 κα)⁸
971 2280 1070 2343 τὰς
1111 2281 1246 2351 πρὸς
1281 2281 1414 2335 Θεὸν
1442 2284 1794 2353 εὐχαριστίας

209 2392 279 2428 τε
321 2375 419 2428 καὶ
464 2374 680 2443 δεήσεις
729 2372 825 2426 καὶ
872 2373 1248 2444 παρακλήσεις
1299 2373 1370 2427 δι’
1401 2376 1586 2428 αὐτῶν
1624 2392 1786 2447 προσ-

208 2464 452 2534 άγεσθαι
476 2480 491 2495 σ
520 2464 679 2535 εἴπερ
698 2463 845 2517 ἐστὶν
865 2463 1065 2534 ἀληθὲς
1090 2465 1152 2517 τὸ
1181 2466 1238 2518 ὲν
1261 2462 1614 2533 Εὐαγγελίοις
1643 2466 1794 2537 παρὰ

206 2555 315 2608 τοῦ
343 2554 599 2625 Σωτῆρος
632 2552 789 2622 ἡμῶν
808 2552 1100 2624 εἰρημένον
1127 2568 1141 2583 ⁸
1177 2553 1299 2606 Ὅτι
1336 2556 1389 2607 οὶ
1422 2553 1663 2623 ἄγγελοι
1690 2558 1796 2610 αὺ-

208 2643 433 2700 τῶν’ὲν
461 2642 740 2712 οὐρανοῖς
770 2641 867 2697 διὰ
895 2642 1122 2709 παντὸς
1166 2641 1349 2712 ὁρῶσι
1379 2643 1446 2697 τὸ
1472 2646 1797 2712 πρόσωπον

206 2738 337 2793 τοῦ
363 2736 595 2805 Πατρός
618 2751 739 2805 μου
763 2733 870 2788 τοῦ
897 2734 969 2788 ἐν
1016 2733 1313 2803 οὐρανοῖς.
1360 2735 1426 2787 Τί
1454 2736 1798 2806 πράσσοντες

1894 1742 2228 1813 eii'ulgentia,
2280 1750 2593 1809 nostraeque
2647 1738 2839 1794 salutis
2898 1738 3191 1806 adjutores,
3252 1739 3373 1792 ideo
3408 1747 3463 1792 et

1895 1836 2135 1903 ipsorum
2160 1832 2426 1901 imagines
2449 1829 2767 1885 venerandae
2783 1838 3094 1896 sanctaque
3118 1835 3267 1889 sunt,
3290 1828 3461 1895 iisque

1893 1926 2152 1980 honorem
2184 1937 2483 1992 congruunt
2534 1919 2854 1984 deferimus,
2891 1918 3000 1988 76
3028 1932 3324 1985 sacrasque
3348 1918 3461 1970 illo-

1893 2031 2010 2070 rum
2043 2014 2464 2069 intercessiones
2496 2011 2861 2080 exposcimus,
2896 2010 3021 2077 quia
3041 2021 3234 2077 nempe
3259 2008 3460 2061 scimus

1892 2116 1946 2159 et
1973 2106 2247 2160 credimus
2270 2104 2407 2172 (87),
2439 2102 2779 2157 laudationes
2811 2111 3042 2166 nostras,
3078 2108 3133 2152 et
3162 2099 3457 2165 gratiarum

1893 2197 2155 2258 actiones,
2189 2202 2243 2247 et
2288 2207 2500 2261 preces,
2550 2205 2616 2245 ac
2646 2190 3070 2260 supplicationes
3103 2188 3172 2243 ab
3217 2187 3302 2242 his
3351 2188 3462 2242 Deo

1892 2285 2110 2351 offerri;
2150 2285 2192 2337 si
2247 2294 2395 2336 certe
2430 2297 2620 2337 verum
2665 2293 2776 2345 est,
2820 2280 2963 2348 quod
3014 2281 3065 2333 in
3095 2279 3399 2344 Evangeliis
3429 2294 3460 2332 a

1895 2377 2186 2432 Scrvatore
2215 2383 2402 2429 nostro
2445 2375 2647 2428 dictum
2706 2371 2807 2426 fuit
2837 2391 2851 2425 :
2887 2372 3027 2437 Quia
3077 2371 3249 2439 angeli
3282 2387 3460 2424 eorum

1892 2468 1949 2521 in
1974 2466 2113 2519 caelis
2142 2481 2344 2530 semper
2366 2465 2541 2518 vident
2572 2463 2761 2533 faciem
2790 2460 2970 2516 Patris
3000 2462 3101 2516 mei
3122 2463 3215 2532 qui
3244 2464 3297 2514 in
3320 2462 3461 2514 caelis

1892 2568 1967 2612 est
2000 2559 2039 2612 τ.
2081 2557 2217 2624 Quid
2257 2571 2445 2612 revera
2497 2555 2645 2611 aliud
2700 2563 2897 2609 curant
2948 2563 3041 2608 aut
3095 2552 3323 2617 faciunt,
3358 2553 3460 2606 nisi

1893 2665 2082 2719 preces
2112 2659 2326 2705 nostras
2373 2649 2441 2703 ad
2475 2661 2635 2702 aures
2658 2646 2872 2701 Domini
2915 2643 3153 2699 Sabaoth
3190 2645 3461 2706 deferunt,

1897 2741 2160 2809 nobisque
2190 2756 2253 2795 ac
2288 2740 2447 2795 rebus
2482 2739 2688 2793 nostris
2734 2738 3022 2806 propitimn
3063 2737 3380 2798 conciliant,
3409 2745 3465 2790 et

205 2829 249 2901 ἦ
274 2829 332 2883 τί
360 2826 754 2897 ἐργαζόμενοι,
788 2825 820 2896 ἢ
858 2824 1079 2888 πάντως
1114 2841 1178 2893 γε
1209 2824 1309 2888 τὰς
1362 2826 1612 2895 αίτήσεις
1637 2827 1795 2896 ἡμῶν

1898 2848 1994 2901 pro
2035 2834 2212 2888 salute
2245 2843 2434 2886 nostra
2486 2829 2869 2885 intercedunt?
2915 2827 3011 2882 llic
3040 2827 3222 2895 itaque
3262 2825 3331 2881 de
3366 2824 3471 2883 hoc

205 2924 302 2984 εις
341 2920 411 2974 τὰ
428 2913 545 2972 ὦτα
576 2915 781 2987 Κυρίου
815 2914 1040 2969 Σαϐαὼθ
1077 2915 1325 2984 ἄγοντες,
1353 2916 1450 2969 καὶ
1475 2916 1634 2969 ἵλεων
1664 2918 1795 2988 ημῖν

1898 2933 2217 2993 argumento
2244 2924 2423 2976 oratio
2468 2921 2629 2976 linem
2666 2921 2882 2983 habeat,
2906 2930 2960 2973 et
2990 2918 3307 2987 irreligiosaa
3328 2917 3465 2973 stul-

206 3011 389 3068 αὐτὸν
422 3010 517 3063 ἐπὶ
544 3012 656 3072 τοῖς
679 3006 1098 3078 πεπραγμένοις
1132 3005 1667 3076 παρασκευάζοντες,
1701 3007 1795 3059 καὶ

1902 3017 2032 3070 tilia:
2057 3015 2306 3069 delirium
2336 3014 2447 3084 jam
2495 3015 2801 3070 omittatur.
2848 3012 2930 3067 0h
2974 3010 3225 3078 superius
3268 3013 3459 3065 'autem

205 3103 251 3159 ἃ.
281 3101 420 3171 πρὶς
448 3099 722 3171 σωτηρίαν
758 3098 894 3168 ἡμῖν
923 3098 1041 3149 ἐστι
1072 3094 1491 3164 μεσιτεύοντες;
1534 3096 1797 3150 Ἐνταῦοα

204 3187 315 3247 οὖν
370 3195 399 3246 ὁ
454 3190 586 3261 περὶ
636 3187 843 3242 τούτων
886 3186 1043 3255 λόγος
1094 3185 1336 3253 ὡρίσθω,
1378 3185 1473 3239 καὶ
1518 3187 1547 3238 ὁ
1578 3185 1675 3254 τῆς
1702 3184 1797 3238 τοῦ

204 3279 515 3342 δυσσεϐοῦς
549 3277 917 3347 ματαιότητος
954 3276 1122 3347 λῆρος
1177 3276 1435 3331 ἀνείσθω.
1485 3277 1609 3330 Ἐπὶ
1648 3278 1705 3330 δὲ
1731 3278 1798 3331 τὰ

212 3367 418 3438 πρώην
460 3364 840 3435 ὑπεσχημένα,
894 3362 995 3432 τῆς
1053 3362 1147 3416 τοῦ
1179 3365 1428 3433 γραπτοῦ
1472 3367 1567 3419 καὶ
1608 3367 1799 3437 ἀπερι-

208 3458 475 3528 γράπτου
496 3455 683 3525 φωνῆς
713 3454 926 3518 ἕνεκεν,
951 3447 1026 3533 ᾧν
1061 3453 1123 3506 τδ
1170 3454 1426 3526 διάφορον
1454 3456 1513 3521 ἐξ
1535 3456 1798 3510 ἀπαιδευ-

208 3551 349 3611 σίας
379 3548 475 3601 καὶ⁵
509 3544 752 3617 ἀμαθίας
778 3544 1088 3615 ἡγνοηκότα
1127 3546 1336 3598 κατίδοι
1366 3545 1429 3600 ἄν
1479 3563 1585 3611 τις,
1628 3547 1799 3601 καθά-

207 3655 329 3709 περ
363 3637 431 3707 δὴ
464 3636 563 3689 καὶ
590 3634 720 3697 τοὺς
750 3633 962 3686 ἐκείνου
996 3619 1279 3702 φοιτητὰς,
1325 3635 1421 3688 καὶ
1459 3634 1559 3704 τῆς
1589 3634 1799 3706 πλάνης

207 3727 519 3799 ἀκροατὰς,
551 3727 679 3790 τοὺς
709 3724 805 3779 νύν
831 3725 1051 3788 ἀσεϐεῖς
1081 3726 1177 3779 καὶ
1200 3724 1558 3789 ἀπαιδεύτους
1592 3725 1797 3796 δογμα-

206 3818 557 3888 τιστὰς,ηδη
592 3816 671 3886 τῷ
722 3815 868 3886 λόγῳ
925 3814 1278 3893 τρεψώμεθα,
1310 3814 1380 3868 τὰ
1429 3816 1563 3886 παρ’
1614 3816 1796 3871 αὐτῶν

206 3908 683 3977 ὲπισκεπτόμενοι
730 3906 1126 3977 ληρῳδήματα·
1181 3906 1299 3960 ἀλλ’
1358 3907 1547 3979 ἐπειδὴ
1607 3906 1796 3979 ὥσπερ

207 4002 444 4071 φύσεων
484 3999 581 4052 καὶ
610 3998 918 4066 ἰδιωμάτων
945 3996 1209 4067 διαφοράν
1237 3996 1338 4050 οὐκ
1367 3996 1632 4066 ἔγνωσαν,
1672 3999 1795 4051 οὐδὲ

204 4090 500 4163 ᾁναμέσον
522 4087 680 4155 ἁγίου
718 4087 809 4139 καὶ
839 4085 1069 4156 βεϐήλου
1115 4086 1409 4140 διαστεῖλαι
1443 4088 1794 4157 ἁνοηταίνον-

203 4197 310 4242 τες
336 4178 663 4247 διέγνωσαν,
696 4178 874 4242 οὕτως
901 4180 1024 4233 οὐδὲ
1051 4180 1079 4232 ὃ
1097 4180 1150 4232 τί
1182 4179 1314 4233 ποτέ
1345 4183 1462 4234 ἐστι
1482 4181 1670 4253 γραφὴ
1698 4180 1795 4235 καὶ

208 4268 566 4340 περιγραφὴ,
591 4267 625 4339 ἢ
648 4268 893 4340 γραπτὸν
912 4270 1005 4322 καὶ
1025 4286 1092 4322 πε
1102 4270 1423 4340 ριγραπτδν,
1450 4271 1790 4338 ἐπέγνωσαν·

1898 3107 2185 3177 promissa,
2236 3113 2454 3174 propter
2503 3103 2760 3158 vocabula
2816 3103 3134 3172 indescripti
3189 3114 3242 3158 et
3295 3103 3464 3157 incir-

1897 3199 2213 3267 cumscripti
2251 3195 2384 3268 (88),
2436 3210 2664 3265 quorum
2717 3194 3077 3249 differentiam
3127 3209 3194 3248 ex
3232 3194 3467 3247 ruditate

1898 3300 1955 3342 et
1978 3288 2193 3341 inscitia
2226 3285 2532 3340 Mamouant
2569 3285 2823 3353 ignorare
2862 3291 3101 3343 constat.
3130 3285 3271 3336 sicut
3300 3282 3463 3335 etiam

1897 3379 2018 3447 ejus
2046 3379 2286 3435 asseclas
2313 3386 2370 3432 et
2398 3377 2604 3432 erroris
2634 3375 2950 3444 discipulos,
2982 3374 3182 3442 impios
3214 3374 3463 3428 videlicet

1899 3470 2057 3538 hujus
2091 3470 2269 3524 artatis
2297 3477 2353 3523 et
2382 3469 2603 3538 ignaros
2633 3467 3012 3536 dogmatistas.
3045 3464 3171 3530 huc,
3223 3465 3464 3531 inquam,

1897 3575 2203 3617 sermonem
2228 3568 2632 3622 convertemus,
2663 3564 2720 3611 ut
2751 3555 2991 3625 ipsorum
3016 3570 3187 3624 nugas
3206 3554 3467 3624 dispicia-

1900 3668 2020 3706 mus
2057 3651 2222 3719 :quia
2250 3649 2391 3705 sicut
2423 3655 2740 3702 naturarum
2774 3659 2838 3701 ac
2867 3646 3260 3715 proprietatum
3314 3643 3467 3699 diﬂ’e-

1898 3743 2125 3798 rentiam
2157 3742 2426 3807 ignorant,
2467 3751 2639 3806 neque
2672 3738 2817 3790 inter
2842 3742 3091 3792 sanctum
3117 3745 3173 3790 et
3201 3735 3464 3804 pollutum

1898 3833 2232 3900 distinguere
2285 3830 2339 3884 bi
2398 3829 2554 3884 stulti
2595 3828 2809 3894 valent;
2862 3829 2933 3880 ita
2991 3841 3171 3895 neque
3225 3827 3354 3893 quid
3394 3827 3466 3880 sit

1898 3924 2107 3992 pictura
2164 3928 2219 3975 et
2280 3917 2730 3987 circumscriptio,
2765 3931 2944 3985 neque
2990 3917 3118 3985 quid
3149 3919 3352 3985 pictum
3412 3925 3468 3971 et

1896 4007 2363 4077 circumscriptum
2391 4007 2589 4071 sciunt,
2608 4019 2728 4074 qua:
2747 4003 2903 4058 valde
2929 4004 3159 4059 invicem
3189 4003 3466 4066 diﬂ'erunt,

1899 4100 2100 4155 nullam
2138 4098 2190 4152 in
2221 4097 2307 4151 his
2334 4109 2510 4165 neque
2526 4104 2882 4164 agnoscentes
2911 4108 3084 4163 neque
3114 4094 3467 4162 interponen-

1902 4202 1981 4247 tes
2010 4188 2415 4245 discretionem.
2461 4184 2699 4251 Quorum
2747 4185 2992 4240 stultitiae
3014 4197 3328 4254 \parutnper
3380 4186 3468 4237 in-

1898 4282 2187 4352 dulgentes
2227 4280 2283 4333 in
2322 4279 2571 4348 superius
2607 4278 2788 4341 dictis,
2848 4291 2917 4332 ne
2965 4276 3232 4331 orationis
3276 4291 3472 4332 cursus

167 4351 188 4371 ⁸
208 4366 405 4415 πάντα
419 4361 528 4432 γὰρ
546 4360 868 4431 συγχέοντες
887 4361 981 4413 καὶ
1009 4377 1073 4412 συ
1082 4360 1196 4430 μφύ
1203 4378 1387 4428 ροντες
1404 4363 1498 4414 καὶ
1512 4361 1795 4433 ἁδιάκριτα

1904 4351 2339 4441 abrumperetur,
2378 4384 2474 4424 nos
2498 4383 2712 4437 quoque
2743 4368 2828 4422 his
2868 4368 3143 4423 vocabulis
3178 4377 3340 4436 prout
3386 4384 3473 4423 res

207 4453 607 4522 λογισάμενοι,
638 4453 721 4515 είς
773 4452 970 4505 ταυτὸν
1023 4452 1275 4520 ἄγουσιν,
1306 4453 1344 4508 ἃ
1372 4454 1509 4507 πολὺ
1554 4453 1798 4522 ἀλλήλων

1907 4463 2113 4518 ferebat
2151 4463 2303 4516 abusi
2334 4475 2562 4525 sumus;
2609 4457 2804 4512 alicubi
2852 4459 3068 4525 proprie
3112 4458 3394 4527 loquentes
3417 4471 3473 4514 et

207 4544 502 4612 διέστηκε,
535 4543 636 4612 τὴν
680 4542 927 4596 ὁπωσοῦν
956 4543 1015 4596 ὲν
1045 4544 1232 4606 αὐτοῖς
1262 4542 1391 4597 οὔτε
1440 4544 1649 4607 εἰδότες
1677 4543 1795 4597 οὔτε

1903 4554 2203 4608 secundum
2244 4549 2596 4621 principalem
2648 4532 2894 4604 vocabuli
2937 4551 3473 4620 signiticatum;ali-

207 4633 462 4694 διδόντες
488 4631 781 4703 διάκρισιν.
816 4627 918 4686 ’Ὧν
947 4636 1014 4704 τῇ
1055 4632 1213 4704 ἀνοίᾳ
1250 4633 1724 4701 συγκαταστάντες
1745 4635 1795 4685 ἐι

1898 4645 2024 4699 cubi
2112 4657 2242 4696 vero
2307 4640 2725 4696 indiﬂ'erentiam
2783 4643 3071 4710 quamdam
3129 4642 3183 4696 in
3243 4643 3474 4698 dicendo

206 4724 336 4785 τοῖς
360 4722 556 4776 ἁνόπιν
579 4723 914 4793 εἰρημένοις,
929 4723 1003 4785 ώς
1024 4722 1088 4775 ἂν
1105 4722 1200 4775 τοῦ
1214 4723 1375 4791 λόγου
1389 4725 1450 4777 τὸ
1479 4729 1698 4794 συνεχὲς
1729 4723 1795 4793 μὴ

1902 4733 2281 4789 servavimus:
2319 4734 2672 4802 promisimus
2707 4741 2882 4786 tamen
2909 4732 3024 4787 fore
3058 4742 3116 4786 ut
3145 4733 3340 4788 horum
3380 4748 3474 4804 vo-

207 4813 596 4879 διακόπτοιτο,
625 4813 701 4876 ὡς
724 4813 881 4884 ἔτυχε
899 4815 1020 4876 ταῖς
1036 4818 1243 4883 φωναῖς
1256 4815 1350 4869 καὶ
1365 4816 1519 4869 αὐτοὶ
1537 4833 1795 4887 κατεχρη-

1903 4824 2216 4878 cabulorum
2253 4824 2594 4878 enucleatam
2634 4825 2908 4880 notionem
2961 4826 3475 4894 distiuctiunemque

210 4904 449 4973 σάμεθα
474 4920 488 4934 ⁸
523 4904 653 4958 ἔνθα
683 4906 783 4974 μὲν
810 4904 1037 4975 κυρίως,
1065 4906 1162 4959 καὶ
1201 4905 1262 4959 τὸ
1301 4906 1549 4977 ῐδιονεῆς
1601 4907 1795 4973 λέξεως

1905 4915 2302 4977 exhiberemus,
2338 4922 2392 4968 et
2416 4914 2465 4968 itt
2525 4931 2630 4984 quo
2666 4917 2896 4971 invicem
2945 4916 3214 4983 dili'erant,
3260 4926 3315 4971 ut
3356 4919 3474 4972 evi-

206 4996 575 5070 τηρήσαντες
618 4995 1040 5067 σημαινόμενον,
1080 4997 1208 5051 ἔνθα
1233 4997 1291 5050 δὲ
1318 4999 1457 5068 πρὸς
1484 4999 1546 5053 τὸ
1577 4999 1795 5070 ἀδιάφο-

1908 5002 2387 5057 dentior‘illorunt
2458 4992 2838 5076 interpretatio
2896 5021 3199 5076 sensusque
3269 5007 3472 5075 ignaris

196 5208 199 5211 -
296 5178 317 5210 ⁷
342 5176 540 5233 Matth.
568 5191 720 5244 mn,
754 5175 842 5233 lo.

2172 5340 2261 5410 Τῷ
2296 5341 2567 5411 ἀγράπτῳ
2597 5341 2689 5395 καὶ
2734 5342 3159 5413 άπεριγράπτῳ.
3217 5344 3472 5397 Altamen

1908 5408 1994 5463 hic
2027 5408 2455 5479 Nic'eplt'orus'ad
2494 5408 2641 5463 ilium
2676 5408 3141 5480 priorem'tocum
3191 5425 3474 5480 provocat,

1904 5494 2013 5547 quo
2048 5482 2105 5533 lit
2155 5492 2209 5533 nt
2244 5481 2400 5533 lectio
2457 5483 2724 5548 γραπτός,
2783 5482 2867 5535 vel
2925 5480 3229 5551 ἄγραπτος,
3284 5484 3478 5537 eadem

1905 5563 2024 5604 esse
2055 5551 2250 5605 debeat
2285 5551 2586 5619 utrubique.
2622 5550 2835 5622 Eligant
2881 5550 3013 5622 ergo
3039 5551 3331 5623 philologi.

297 5328 417 5400 (87)
457 5328 845 5400 Animadverte
867 5329 1061 5399 dogma
1094 5330 1419 5386 catholicum
1457 5335 1523 5388 de
1564 5333 1799 5389 invoca-

196 5399 382 5453 ‘tioue
438 5407 498 5451 et
570 5399 951 5453 communione
1011 5411 1371 5467 sanctorum;
1423 5412 1612 5456 contra
1672 5405 1796 5461 illos

210 5467 523 5539 haereticos
550 5468 640 5539 qui
677 5468 810 5522 nihil
838 5468 1150 5539 hujustuodi
1185 5472 1411 5539 credere
1449 5472 1655 5527 volunt.

302 5536 418 5602 (88)
454 5534 714 5609 H_oc'loco
741 5534 1009 5609 codex:(f.
1056 5538 1165 5591 219
1189 5539 1207 5604 )
1258 5537 1365 5591 Τοῦ
1403 5542 1652 5609 γραπτοῦ
1703 5544 1800 5597 καὶ

210 5605 688 5678 ἁπεριγράπτουο
746 5605 997 5676 superius
1069 5618 1254 5663 autem
1321 5605 1569 5666 Attt'i'rth.
1610 5612 1665 5679 l,
1742 5615 1797 5681 7,
