3928 6142
1533 297 1592 357 S.
1629 295 2045 356 NICEI‘IIORI
2085 292 2585 353 PATRIARCH/E
2623 292 2730 352 CP.
3631 293 3725 355 356

507 301 616 365 355

523 413 714 476 ﬁeret;
762 402 1032 476 simulque
1058 404 1284 460 ridicula
1333 413 1384 459 et
1415 405 1656 459 stultitia?
1703 405 1856 473 plena
1895 406 2084 479 horum

2209 420 2284 456 nov
2314 403 2530 468 ἰδόντες,
2564 403 2652 455 τὸν
2673 401 2828 469 λόγον
2854 399 3210 470 ποιησάμενοι
3238 416 3252 431 ·
3279 400 3655 470 ἑπηγγέλμεθα
3679 403 3731 456 δὲ

515 502 694 555 oratio
723 500 1212 553 demonstraretur.
1243 495 1536 563 Pr0pterea
1581 495 1820 549 breviter
1852 510 1993 547 nunc
2020 492 2086 547 de

2209 494 2292 562 τὴν
2328 492 2534 545 τούτων
2566 495 2916 562 παραστῆσαι
2950 493 3043 544 καὶ
3084 490 3419 561 διαρθρῶσαι
3467 492 3656 558 γνῶσίν
3679 509 3732 546 τε

513 592 598 646 1ιίε
633 591 905 644 disserere
936 588 1312 656 tempestivum
1338 584 1717 654 judicavimus.

2209 585 2286 638 ιαὶ
2324 585 2617 654 διάκρισιν,
2666 583 2762 636 καὶ
2799 584 2906 653 ὅτῳ
2945 583 3082 652 πρὸς
3127 583 3334 652 ἄλληλα
3378 584 3732 652 διαφέρουσιν,

513 685 589 748 ὡς
644 686 708 738 ἂν
766 683 1096 746 εὐκάτοπτος
1192 681 1371 733 αὐτῶν
1441 681 1472 748 ἡ
1555 679 1820 750 ἑρμηνεία
1855 680 1958 756 καὶ.
1997 679 2327 748 διασάφησις
2383 680 2483 732 οὐκ
2571 678 2735 731 εἰδόσι
2785 678 3034 747 γένηται,
3091 679 3495 745 καταγέλαστος
3550 678 3603 730 δὲ
3653 679 3737 731 καὶ

515 776 879 837 ἀπαιδευσίας
923 775 1156 842 πλήρης,
1181 772 1288 824 τῶν
1312 771 1552 840 ἁ·.οήτων
1615 773 1642 823 ὁ
1676 770 1830 838 λόγος
1889 768 2160 840 ἐκδειχθῇ.
2201 769 2384 842 Ταύτῃ
2418 786 2498 821 τοι
2553 769 2626 831 ὡς
2683 770 2740 822 ὲν
2795 767 2989 839 βραχεῖ
3036 768 3132 821 νῦν
3179 771 3309 839 περὶ
3353 768 3530 821 αὐτῶν
3572 769 3739 824 διαλαδ

525 872 659 922 δεῖν.
695 869 948 937 εὔκαιρον
980 867 1382 932 ὑπειλήφαμεν.
2782 918 2784 921 ν

591 962 680 1015 12.
715 959 847 1026 Quis
878 962 1019 1010 enim
1052 956 1188 1026 (89),
1218 957 1305 1022 qui
1332 953 1722 1023 aliquantulum
1765 955 1994 1007 rationis
2013 953 2086 1006 sit

2261 951 2349 1022 ιβ’.
2379 950 2474 1013 Τίς
2497 950 2605 1022 γάρ
2653 949 2762 1002 τῶν
2791 949 2933 1002 κατὰ
2964 949 3136 1021 βραχῦ
3174 949 3335 1016 λόγου
3379 953 3742 1020 μετασχόντων

522 1054 818 1124 particeps,
850 1065 952 1103 non
992 1049 1257 1116 intelligat
1289 1047 1434 1100 aliud
1473 1063 1590 1101 esse
1618 1047 1912 1115 picturam,
1941 1045 2085 1099 aliud

2209 1044 2290 1097 ιὺκ
2334 1044 2659 1113 ἐννοήσειεν,
2711 1041 2794 1094 ὅτι
2832 1039 2958 1094 ἄλλο
3007 1041 3107 1110 μέν
3154 1041 3270 1092 ἐστι
3328 1041 3535 1112 γραφὴ,
3574 1043 3743 1112 ἕτερον

520 1137 1122 1206 circumscriptionem?
1159 1137 1376 1190 Pictura
1417 1137 1584 1199 enim,
1624 1145 1681 1188 ut
1724 1153 1752 1187 a
1795 1134 2091 1204 simplicio-

2209 1135 2244 1186 ἑὲ
2283 1133 2598 1204 περιγραφή
2623 1150 2636 1198 ;
2693 1131 2884 1202 Γραφὴ
2929 1132 3027 1202 μὲν
3053 1131 3186 1201 γὰρ,
3212 1133 3301 1186 ῐνα
3327 1135 3390 1186 ὲκ
3421 1137 3530 1187 τῶν
3553 1138 3741 1190 ἁπλου-

522 1233 674 1285 ribus
728 1231 1078 1296 incipiamus,
1115 1227 1404 1295 dupliciter
1445 1227 1684 1291 dicitur;
1721 1226 1891 1278 altera
1943 1225 2088 1279 enim

2209 1225 2400 1294 πτέρων
2425 1222 2742 1294 ἀρξώμεθα,
2771 1222 2967 1285 διττῶς
3001 1222 3220 1290 λέγεται
3248 1237 3263 1252 ·
3301 1225 3336 1293 ὴ
3377 1225 3477 1293 μὲν
3507 1229 3612 1296 γὰρ
3643 1231 3744 1290 τοῖς

520 1321 936 1375 characteribus
973 1320 1162 1371 horum
1195 1317 1586 1370 elementorum
1620 1317 1762 1372 serie
1812 1328 1865 1369 et
1899 1317 2091 1370 ordine

2209 1315 2571 1386 (αρακτῆρσιν
2619 1313 2852 1367 τουτωνὶ
2882 1311 2992 1364 τῶν
3020 1313 3305 1382 στοιχείων
3352 1317 3410 1367 ἐν
3453 1317 3628 1386 εἱρμῷ
3652 1321 3740 1370 καὶ

521 1417 754 1480 signata,
798 1422 852 1464 et
902 1410 1208 1480 syllabatim
1277 1408 1596 1478 procedens,
1647 1422 1677 1459 a
1728 1406 2088 1476 scriptoribus

2209 1405 2344 1472 τάξει
2374 1405 2786 1475 χαρασσομένη,
2825 1403 2918 1455 καὶ
2968 1402 3311 1466 συλλαϐικῶς
3350 1405 3615 1470 προϊοῦσα
3663 1407 3742 1460 διὰ

522 1503 896 1572 expromitur;
939 1501 1115 1553 altera
1149 1513 1277 1552 vero
1305 1512 1399 1566 per
1430 1497 1814 1550 similitudines
1855 1497 1921 1548 ad
1965 1495 2092 1548 imi-

2209 1497 2302 1549 rth
2363 1493 2891 1564 λογογραφουμένων
2941 1492 3238 1562 ἐκφέρεται
3270 1507 3284 1521 ’
3332 1496 3365 1563 ἡ
3421 1496 3480 1548 δὲ
3517 1495 3602 1549 διὰ
3644 1497 3744 1548 τῶν

529 1595 794 1647 tationem
853 1590 1185 1658 exemplaris
1234 1587 1501 1641 formatur
1528 1601 1590 1640 ac
1630 1587 1912 1656 ﬁguratur,
1941 1593 1998 1637 ut
2034 1583 2087 1636 in

2209 1586 2556 1657 ipozwpdtrwv
2590 1585 2820 1654 μιμήσει
2863 1586 2929 1654 τῇ
2967 1585 3104 1653 πρὸς
3127 1585 3186 1637 τὸ
3222 1587 3576 1656 παράδειγμα
3618 1588 3744 1640 είδο-

525 1700 588 1738 ea
623 1685 830 1750 pictura
881 1683 958 1744 lit,
1005 1694 1123 1749 qua:
1173 1694 1315 1730 nunc
1357 1678 1409 1729 in
1454 1676 1750 1744 quaesﬁone
1782 1675 1951 1743 posita
1984 1683 2086 1727 est.

2209 1679 2487 1746 τοιουμένη
2548 1675 2642 1728 καὶ
2692 1673 3033 1744 τυπουμένη,
3081 1673 3156 1737 ὡς
3195 1675 3288 1727 ἐπὶ
3339 1673 3438 1743 τῆς
3498 1677 3629 1744 ἡμῖν
3675 1677 3748 1738 είς

525 1776 700 1841 Atque
739 1773 824 1825 illa
853 1770 1069 1840 quidem
1105 1783 1200 1837 per
1226 1783 1405 1829 voces,
1440 1783 1558 1834 quae
1599 1764 1966 1835 proferuntur,
2001 1779 2092 1830 pa-

2209 1768 2421 1837 ζήτησιν
2461 1765 2833 1837 προκειμένης
2884 1763 3183 1817 δείκνυται.
3241 1763 3351 1816 Καὶ
3399 1767 3431 1834 ἠ
3491 1765 3588 1834 μὲν
3647 1766 3746 1820 τῶν

423 1849 427 1852 ’
526 1863 714 1916 tefacit
765 1877 824 1915 ea
857 1875 977 1928 quae
1023 1873 1303 1912 sermones
1335 1855 1572 1910 contexti
1631 1855 1880 1907 nuntiant
1929 1871 1943 1908 :
1982 1857 2092 1906 haec

527 1963 658 2000 vero
712 1961 1066 2014 personarum
1116 1945 1216 1998 sibi
1259 1945 1324 1996 ad
1355 1942 1642 2012 exemplar
1698 1943 2091 2010 propositarum

528 2037 884 2091 imitationem
909 2051 1002 2104 per
1024 2042 1473 2103 repraesentantes
1494 2032 1705 2086 colores
1721 2033 1960 2086 exhibet.
1977 2029 2096 2084 Ca3-

533 2129 745 2198 teroqui
792 2129 933 2182 haud
964 2141 1100 2193 opus
1129 2135 1211 2181 est
1262 2140 1402 2179 nunc
1452 2124 1821 2188 considerare,
1877 2139 1943 2176 an
1997 2122 2096 2175 ali-

534 2222 752 2288 quando
775 2219 952 2287 imago
967 2216 1324 2285 quarumdam
1346 2216 1642 2269 formarum
1662 2225 1715 2268 et
1734 2228 1914 2268 rerum
1929 2213 2098 2283 ἐμφα-

530 2327 616 2364 σιν
649 2311 860 2363 aﬂ'erat.
898 2295 1138 2362 Pictores
1189 2315 1367 2360 autem
1413 2304 1651 2373 utrique,
1695 2303 1785 2372 qui
1845 2305 1958 2357 hate
2015 2305 2097 2357 l'a-

533 2403 707 2461 ciunt,
747 2398 1142 2454 consuetudine
1207 2397 1287 2450 sic
1337 2395 1592 2464 loquendi
1645 2403 1909 2447 vocantur
1960 2391 2096 2462 (90),

533 2493 624 2560 qui
659 2491 868 2545 scilicet
923 2501 1231 2542 sermonem
1282 2487 1562 2549 describit,
1599 2495 1661 2538 et
1698 2486 1788 2552 qui
1815 2484 2096 2537 scientiam

533 2583 786 2653 pingendi
822 2589 1150 2634 consecutus
1196 2577 1302 2647 77
1347 2585 1454 2630 est.
1487 2577 1640 2642 Quod
1695 2575 1840 2629 enim
1889 2581 2101 2628 veteres

533 2673 744 2746 γράψαι
791 2672 1067 2734 dicebant,
1108 2685 1205 2738 pro
1232 2683 1297 2723 eo
1348 2670 1491 2736 quod
1537 2678 1621 2722 est
1659 2667 1905 2734 scalpere
1962 2664 2097 2736 (9i),

537 2782 643 2820 non
692 2764 850 2832 longe
891 2761 1045 2818 abest
1074 2777 1102 2813 a
1129 2759 1523 2828 signiﬁcatione
1555 2759 1744 2812 horum
1777 2757 1838 2823 (i.
1881 2770 1932 2810 e.
1965 2754 2103 2809 scri-

537 2856 694 2910 bendi
732 2864 786 2908 et
836 2851 1138 2924 pingendi).
1173 2851 1622 2919 Circumscriptio
1671 2859 1873 2912 autem,
1927 2847 2101 2910 aiunt,

539 2945 624 2999 bis
680 2943 940 3009 edicitur;
1005 2941 1206 2994 etenim
1263 2939 1779 3006 circumscriptum,
1840 2944 1932 2990 aut
1984 2935 2106 2990 loco

2194 1857 2588 1927 συνειρομένων
2612 1857 2786 1923 λόγων
2805 1856 2866 1908 τὸ
2890 1855 3298 1924 ἁπαγγελτικδν
3325 1857 3414 1910 διὰ
3445 1858 3556 1912 τῶν
3584 1862 3749 1926 ἐκφω-

2192 1947 2470 2017 νουμένων
2513 1945 2875 2018 παρίστησινο
2923 1948 2960 2014 ή
2991 1944 3048 1997 δὲ
3083 1945 3190 1997 τῶν
3241 1946 3750 2016 παραδεδειγμένων

2193 2034 2500 2108 προσώπων
2553 2035 2614 2087 τδ
2664 2033 2984 2105 μιμητικὸν,
3019 2032 3110 2086 διὰ
3166 2033 3276 2085 τῶν
3333 2036 3747 2104 ἐμφαινομένων

2193 2125 2593 2179 ὑποδείκνυσιν.
2633 2124 2848 2188 una;
2899 2123 2980 2190 δὲ,
3014 2124 3176 2194 εῐπερ
3231 2125 3390 2178 εἱδῶν
3428 2142 3594 2179 τινων
3647 2125 3751 2178 ἔσθ’

2193 2219 2280 2271 ὅτε
2305 2217 2400 2270 καὶ
2417 2215 2760 2286 πραγμάτων
2785 2214 3028 2285 ἔμφασιν
3061 2216 3326 2285 εἰσφέρει,
3345 2218 3449 2270 οὐκ
3472 2219 3752 2286 ἀναγκαῖιν

2193 2310 2255 2361 ὲν
2287 2307 2365 2378 τῷ
2395 2308 2621 2377 παρόντι
2652 2306 3086 2360 διασκοπεῖσθαι.
3111 2307 3350 2379 Γραφεῖς
3379 2308 3435 2360 δὲ
3458 2309 3556 2362 xui.
3580 2310 3750 2379 ἀμφό-

2198 2415 2345 2469 τεροι
2378 2399 2426 2451 οἱ
2451 2398 2625 2451 ταῦτα
2663 2396 2936 2467 μετιόντες
2965 2414 3024 2450 τε
3055 2397 3147 2449 καὶ
3173 2397 3590 2462 ἀποτελοῦντες,
3625 2400 3755 2452 κατὰ

2195 2490 2296 2559 τὴν
2323 2482 2423 2543 ὦδε
2446 2487 2734 2541 καλοῦνται
2763 2486 3074 2558 συνήθειαν,
3095 2488 3124 2540 ὅ
3143 2504 3203 2540 τε
3229 2487 3320 2541 τὸν
3346 2488 3507 2557 λόγον
3529 2490 3755 2561 ὑπογρά-

2201 2597 2336 2648 φων,
2383 2579 2477 2632 καὶ
2523 2579 2551 2630 ό
2589 2578 2691 2646 τῆς
2727 2577 3087 2648 ζωγραφικῆς
3139 2579 3454 2650 ἐπιστήμης
3505 2581 3754 2650 είδήμων.

2200 2672 2276 2724 Τὸ
2311 2670 2417 2740 γὰρ
2445 2671 2538 2721 ἐπὶ
2569 2669 2660 2721 τοῦ
2690 2668 2847 2733 ξύσαι
2870 2669 3024 2739 παρὰ
3055 2673 3166 2734 τοῖς
3183 2670 3436 2735 παλαιοῖς
3475 2671 3756 2741 λεγόμενον

2200 2753 2452 2830 ﬁdum:
2493 2760 2555 2812 οὐ
2593 2759 2783 2830 πόρρω
2811 2759 2910 2828 τῆς
2963 2758 3169 2812 τούτων
3204 2761 3412 2822 ἑννοίας
3463 2761 3756 2832 διῴκισται.

2204 2850 2524 2920 Περιγραφὴ
2574 2849 2650 2911 δὲ,
2685 2849 2842 2917 φασὶ,
2895 2849 3108 2910 τούτοις
3155 2851 3600 2923 ἀποτελεῖται-ἢ
3660 2853 3761 2922 γὰρ

2203 2942 2352 3011 τόπῳ
2406 2940 2808 3011 περιγράφεται
2866 2940 2929 2993 τὸ
2985 2942 3492 3012 περιγραφόμενον,
3536 2944 3764 3014 ήχρόνῳ

539 3029 1027 3093 circumscribitur,
1062 3037 1155 3082 aut
1189 3036 1451 3097 tempore,
1480 3037 1575 3078 aut
1603 3024 1971 3088 inchoatione,
1999 3030 2091 3075 aut

2209 3033 2298 3086 καὶ
2326 3031 2403 3102 τῷ
2432 3028 2654 3102 ἧρχθαι,
2685 3031 2718 3100 ἦ
2751 3031 3086 3102 καταλήψει·
3124 3032 3274 3100 τόπῳ
3309 3034 3428 3102 μὲν,
3458 3035 3534 3098 ὡς
3563 3035 3630 3087 τὰ
3665 3036 3762 3086 σώο

540 3120 1025 3190 comprehensione
1074 3137 1087 3172 :
1123 3118 1242 3172 loco
1275 3117 1531 3186 quidem,
1579 3127 1639 3169 ut
1690 3127 1950 3182 corpora;
1988 3113 2106 3168 loco

541 3212 685 3270 enim
735 3210 1104 3272 continentur,
1169 3208 1436 3276 siquidem
1500 3207 1651 3259 locus
1703 3214 1787 3258 est
1839 3204 2104 3257 terminus

541 3300 810 3367 contenti,
863 3309 1134 3368 quatenus
1169 3306 1485 3352 contentum
1534 3296 1820 3348 continet:
1867 3305 2107 3361 tempore

545 3400 728 3445 autem
767 3401 824 3443 et
883 3388 1232 3443 inchoatione
1300 3387 1427 3440 illud
1478 3384 1947 3453 circumscripttnn
2003 3392 2104 3446 est.

541 3480 690 3548 quod
723 3495 750 3530 a
788 3487 1031 3546 tempore
1056 3490 1177 3530 esse
1205 3476 1391 3543 cmpit,
1437 3477 1581 3528 sicut
1618 3471 1792 3542 angeli
1832 3479 1887 3524 et
1915 3471 2108 3524 anima:

542 3568 918 3622 circumscribi
953 3568 1212 3621 dicuntur
1245 3565 1638 3634 :eorporaliter
1659 3565 1805 3619 enim
1840 3577 1946 3618 non
1974 3578 2106 3618 con-

549 3663 790 3714 tinentur
825 3659 942 3712 loco
993 3658 1196 3726 angeli,
1232 3656 1359 3726 quia
1384 3659 1560 3711 forma
1593 3657 1871 3726 ﬁguraque
1895 3665 2104 3722 carent,

543 3761 840 3820 Operantur
859 3760 1039 3803 autern
1092 3750 1142 3802 in
1169 3748 1286 3802 loco
1310 3747 1608 3802 secundum
1637 3757 1887 3802 naturam
1928 3762 2105 3810 suam,

545 3841 671 3912 quia
701 3841 898 3894 adsunt
919 3840 990 3894 ibi
1014 3839 1357 3908 spiritaliter,
1381 3848 1570 3908 utpote
1591 3839 1886 3907 spiritales,
1919 3848 2101 3893 etnon

543 3938 670 3984 sunt
699 3929 848 3993 alibi,
895 3929 989 3983 sed
1035 3929 1146 3982 illic
1196 3937 1253 3982 ut
1317 3937 1525 3984 mentes
1566 3928 2104 3983 circumscribuntur.

543 4017 727 4074 Potest
744 4019 906 4072 etiam
933 4019 1038 4072 diei
1063 4032 1158 4074 eos
1183 4034 1211 4071 a
1234 4029 1484 4073 creatore
1504 4032 1626 4073 esse
1645 4017 2107 4088 circumscriptos.

541 4109 814 4178 Tempore
845 4110 1005 4164 etiam
1035 4109 1452 4178 circumscripta
1484 4119 1610 4164 sunt
1639 4124 1742 4164 non
1785 4109 1962 4164 solum
1989 4123 2110 4179 quae

541 4213 666 4253 esse
688 4207 996 4268 coeperunt,
1021 4199 1116 4253 sed
1147 4213 1267 4266 qua
1291 4197 1452 4252 tinem
1481 4198 1684 4254 habent
1703 4205 1758 4252 et
1782 4207 2104 4266 extremum,

541 4287 848 4355 cujusmodi
881 4297 967 4341 est
997 4287 1109 4340 vita
1141 4298 1350 4350 nostra,
1402 4301 1522 4354 qua:
1559 4286 1666 4341 imo
1695 4287 2108 4358 circumscripta

549 4392 880 4445 magnopere
915 4386 999 4430 est
1051 4386 1105 4431 et
1151 4377 1437 4430 terminata
1472 4393 1487 4430 :
1545 4378 1911 4447 unusquisque
1955 4379 2099 4434 enim

552 4475 729 4519 tnorte
761 4464 917 4517 [litem
945 4463 1066 4518 vita:
1101 4463 1328 4532 accipit;
1359 4473 1412 4518 et
1436 4465 1594 4530 hujus
1620 4465 1800 4520 mundi
1833 4467 1953 4523 linis
1975 4482 2106 4522 con»

549 4553 842 4612 sunnnatio
871 4564 974 4617 est,
1000 4567 1110 4622 qua
1163 4555 1394 4609 mundus
1431 4555 1686 4611 videlicet
1719 4557 1770 4612 in
1800 4557 1961 4612 aliam
1993 4559 2105 4614 for-

547 4658 693 4701 mam
743 4643 1060 4698 mutabitur.
1109 4641 1586 4715 Circumscriptum
1634 4657 1814 4703 autem
1863 4663 2109 4719 compre-

551 4731 810 4786 hensione
828 4742 932 4797 est,
948 4733 1088 4800 quod
1109 4742 1287 4787 mente
1304 4743 1357 4787 et
1374 4735 1589 4789 notione
1601 4727 2073 4806 comprehenditur
2093 4757 2107 4793 :

549 4837 678 4878 nam
740 4825 1268 4895 circumscriptionis
1302 4841 1472 4895 genus
1501 4827 1702 4883 dicitur
1749 4832 1912 4885 etiam
1962 4846 2112 4887 eom-

620 4992 733 5062 (89)
782 4992 1079 5066 Sequentia
1139 4995 1244 5049 duo
1293 4994 1527 5064 capitula
1588 4997 1654 5050 12
1703 5005 1758 5050 et
1802 4999 1997 5066 partim
2041 4999 2106 5054 15

545 5063 821 5129 excerpsit
861 5065 991 5117 olim
1033 5078 1154 5117 cum
1195 5063 1372 5131 aliqua
1413 5066 1678 5119 varietate
1705 5081 1771 5119 ex
1803 5063 1922 5120 ius.
1955 5067 2110 5122 Nice-

549 5135 722 5198 phoro
755 5131 1076 5198 'l‘urrianns,
1098 5144 1420 5200 exstantque
1447 5133 1636 5188 Latine
1663 5135 1799 5200 apud
1829 5135 2108 5190 Canisium

548 5203 638 5257 cd.
676 5210 729 5252 et
765 5203 1017 5254 Iom.cit.
1067 5219 1121 5269 p.
1175 5203 1234 5255 l6
1278 5213 1332 5255 et
1387 5201 1474 5255 17.
1525 5202 1892 5271 Caeteroquin,
1947 5215 2005 5258 ut
2043 5221 2110 5259 ex

548 5271 982 5338 praecedentibus
1040 5285 1372 5338 cognoscere
1427 5286 1531 5324 non
1586 5273 1752 5326 semel
1795 5273 1966 5338 licuit,
2021 5288 2111 5328 res

549 5353 803 5405 perversa
838 5341 890 5393 in
922 5341 1005 5393 bis
1029 5338 1279 5394 Tut‘riatti
1310 5342 1600 5407 excerptis,
1645 5343 1770 5394 dum
1823 5357 1852 5394 a
1891 5341 2108 5398 Canisio

547 5409 859 5470 ederentur,
913 5410 1133 5462 accidit.
1182 5409 1314 5462 Nam
1353 5425 1474 5464 cum
1525 5409 1826 5464 Tun-ianus
1877 5412 2106 5468 schedas

549 5491 675 5546 suas
702 5478 1013 5540 dissolutas,
1047 5479 1276 5546 ideoque
1307 5479 1462 5534 facile
1497 5479 1927 5541 confundendas.
1979 5481 2103 5536 reli-

547 5544 1050 5618 quisset,_t1:misius
1076 5544 1414 5615 eas—passim
1454 5550 1816 5616 perturbavit,
1850 5549 2103 5618 nulloque

551 5625 672 5670 cum
701 5615 910 5679 ordine,
939 5620 1132 5670 nedum
1165 5632 1328 5685 nexu,
1364 5615 1518 5674 nobis
1551 5620 1780 5686 obtulit;
1813 5635 1934 5690 qua:
1965 5615 2105 5675 nunc

2209 3135 2384 3191 ματα·
2417 3120 2569 3190 τόπῳ
2593 3119 2701 3189 γὰρ
2743 3120 3136 3190 περιείργεται,
3164 3119 3219 3172 εί
3240 3136 3302 3188 γε
3331 3121 3498 3184 τόπος
3535 3122 3654 3174 ἐστὶ
3678 3121 3764 3173 πέ-

2211 3229 2309 3281 ρας
2363 3211 2459 3265 τοῦ
2509 3211 2920 3282 περιεχομένου,
2973 3210 3108 3264 καθὸ
3138 3212 3386 3280 περιέχει
3437 3212 3497 3263 τὸ
3528 3212 3763 3283 περιεχό-

2211 3319 2372 3372 μενον
2395 3318 2409 3332 ·
2451 3301 2629 3371 χρόνῳ
2660 3301 2716 3352 δὲ
2746 3300 2840 3354 καὶ
2865 3300 2940 3370 τῷ
2967 3297 3171 3371 ἦρχθαι
3206 3306 3590 3374 περιγραπτόν
3623 3308 3760 3356 ἐστιν

2205 3394 2234 3446 ὃ
2266 3395 2340 3464 μὴ
2366 3395 2627 3464 πρότερον
2655 3391 2735 3458 ὃν,
2765 3393 2872 3446 άπδ
2901 3395 3093 3462 χρόνου
3125 3394 3218 3446 καὶ
3244 3393 3337 3446 τοῦ
3372 3391 3517 3447 εἶναι
3549 3397 3760 3466 ἤρξατο·

2207 3483 2330 3538 καθ’
2358 3485 2394 3538 ἃ.
2422 3486 2515 3537 καὶ
2539 3483 2802 3550 ἀγγέλους
2831 3483 2926 3536 καὶ
2945 3483 3124 3552 ψυχάς
3156 3487 3604 3555 περιγράφεσθαι
3624 3486 3767 3552 λέγε-

2207 3589 2296 3625 ται
2321 3589 2336 3603 ο
2372 3569 2698 3640 σωματικῶς
2736 3569 2838 3639 μὲν
2867 3571 2972 3639 γὰρ
2993 3569 3216 3638 ἄγγελοι
3248 3571 3307 3621 έν
3337 3570 3494 3640 τόπῳ
3515 3572 3576 3623 οὐ
3623 3586 3766 3638 περι-

2207 3661 2446 3732 έχονται,
2473 3659 2549 3728 τῷ
2575 3659 2649 3729 μὴ
2671 3658 2970 3711 τυποῦσθαι
2999 3660 3094 3712 καὶ
3120 3659 3594 3729 σχηματίζεσθαι·
3626 3660 3768 3727 svsp-

2207 3753 2366 3820 γοῦσι
2388 3751 2445 3803 δὲ
2477 3750 2536 3802 ὲν
2561 3750 2710 3818 τόπῳ
2733 3749 2875 3805 κατὰ
2898 3749 2996 3820 τὴν
3024 3751 3234 3803 οίκείαν
3263 3750 3450 3818 φύσιν,
3479 3749 3559 3820 τῷ
3585 3751 3766 3820 παρεῖ-

2206 3859 2296 3894 ναι
2329 3840 2534 3910 νοητῶς
2566 3839 2743 3909 νοεροί
2772 3855 2838 3909 γε
2883 3839 3058 3906 ὄντες,
3087 3841 3184 3894 καὶ
3225 3843 3303 3912 μὴ
3334 3837 3482 3895 εἶναι
3525 3840 3764 3912 ἑτέρωθι,

2208 3930 2321 3985 ἀλλ’
2360 3932 2538 3983 ἐκεῖσε
2574 3928 2783 3999 νοητῶς
2825 3929 3289 4000 περιγράφεσθαι.
3322 3931 3485 3984 Εἴποι
3510 3931 3556 3984 δ’
3601 3933 3664 3984 ἄν
3692 3946 3768 3990 τις

2207 4019 2303 4073 καὶ
2336 4019 2439 4072 ὑπὸ
2486 4017 2580 4072 τοῦ
2611 4017 2912 4080 κτίσαντος
2938 4019 3140 4082 αὐτοὺς
3185 4020 3619 4089 περιορίζεσθαι.
3659 4019 3769 4071 Ἔτι

2207 4109 2263 4162 δὲ
2297 4109 2389 4169 καὶ
2415 4109 2482 4162 τὰ
2503 4107 2678 4178 χρόνῳ
2699 4108 2800 4162 οὐκ
2819 4108 3071 4179 ἡργμένα
3105 4109 3284 4178 μόνον,
3313 4109 3456 4162 ἀλλὰ
3483 4111 3580 4164 καὶ
3610 4127 3775 4176 περα-

2206 4197 2444 4266 τούμενα
2499 4197 2592 4249 καὶ⁸
2647 4195 2935 4267 όριζόμενα
2967 4212 2983 4227 ·
3032 4189 3108 4250 ὧν
3145 4199 3297 4250 ἐστιν
3351 4197 3383 4266 ἡ
3449 4198 3576 4251 καθ’
3636 4199 3771 4268 ἡμᾶς

2214 4288 2482 4358 παριοῦσα
2511 4287 2644 4357 ζωὴ,
2679 4287 2878 4359 μᾶλλον
2903 4289 2959 4341 δὲ
2989 4287 3436 4359 εὐπερίγραπτος
3475 4293 3572 4345 καὶ
3610 4306 3771 4343 πεπε-

2225 4379 2476 4448 ρασμένη
2501 4393 2516 4409 ·
2551 4378 2767 4449 θανάτῳ
2794 4378 2902 4449 γὰρ
2931 4378 3159 4443 ἕκαστος
3190 4379 3346 4449 ήμῶν
3387 4380 3452 4433 τὸ
3491 4382 3667 4452 τέρμα
3689 4377 3772 4432 τοῦ

2213 4467 2330 4536 βίου
2357 4467 2591 4536 δέχεται,
2635 4470 2730 4520 καὶ
2753 4467 2904 4521 τοῦδε
2947 4468 3042 4521 τοῦ
3081 4469 3284 4532 παντὸς
3317 4468 3380 4522 τὺ
3413 4469 3594 4541 πέρας
3625 4469 3714 4523 καὶ
3745 4468 3774 4536 ἡ

2216 4560 2521 4622 συντέλεια,
2567 4559 2688 4612 καθ’
2719 4560 2788 4630 ήν
2837 4560 3417 4632 μεταστοιχειούμενον
3455 4560 3775 4632 διαμειφθή-

2217 4668 2386 4704 σεται.
2421 4652 2533 4704 Καὶ
2559 4651 2858 4722 καταλήψει
2887 4651 2945 4705 δὲ
2992 4653 3369 4722 περιγραπτόν
3410 4656 3588 4717 ἐστιν,
3617 4652 3644 4705 ὃ
3671 4653 3776 4704 διαο

2215 4741 2335 4810 νοία
2369 4741 2464 4794 καὶ
2504 4743 2702 4810 γνώσει
2729 4741 3207 4812 καταλαμϐάνεται
3235 4759 3250 4773 ·
3278 4742 3337 4795 ἓν
3369 4745 3482 4816 γὰρ
3530 4758 3777 4815 περιγρα-

2218 4831 2327 4900 φῆς
2363 4830 2503 4894 εἶδος
2547 4831 2785 4900 λέγεται,
2841 4832 2992 4901 καὶὴ
3050 4832 3377 4903 κατάληψις,
3433 4834 3562 4888 καθ’
3602 4835 3665 4905 ἢν
3692 4832 3778 4887 καὶ

2205 5001 2419 5055 demum
2461 5001 2532 5124 int
2563 5003 2774 5074 integra
2819 5002 3062 5060 editione
3116 5016 3298 5062 nostra
3367 5006 3560 5061 sedem
3633 5018 3776 5062 suam

2205 5085 2504 5124 recuneran
2539 5109 2554 5124 .

2205 5085 2554 5134 recuperant.

2279 5139 2388 5205 (90)
2421 5139 2533 5194 Hoc
2562 5140 2713 5216 valet
2743 5143 2796 5196 in
2851 5142 3036 5213 lingua
3068 5142 3254 5198 Grmca
3309 5143 3398 5198 ubi
3449 5145 3699 5216 γραφεὺς
3726 5151 3778 5198 et

2206 5207 2381 5278 pictor
2411 5219 2494 5278 est
2526 5220 2581 5262 et
2610 5211 2853 5278 scriptor.

2282 5277 2394 5354 (_9|)
2433 5276 2773 5332 Scholiastes
2823 5296 2926 5354 ms.
2952 5281 3026 5354 ad
3057 5280 3301 5354 Juvenal.
3337 5297 3385 5334 γι
3415 5321 3431 5346 ,
3479 5282 3628 5349 204},
3668 5295 3777 5335 voc.

2208 5351 2411 5413 scripto
2438 5362 2591 5412 auro,
2642 5359 2702 5401 ut
2740 5351 2898 5403 retuli
2952 5352 3024 5402 in-
3054 5351 3332 5404 Gloswrio
3367 5369 3518 5415 meo,
3551 5357 3632 5405 sic
3661 5354 3732 5403 ait
3761 5367 3773 5402 :

2212 5414 2450 5469 Scribere
2476 5427 2531 5468 et
2561 5418 2797 5471 scalpere
2825 5419 2963 5471 anud
2991 5419 3211 5471 Graecos
3244 5434 3336 5471 ner
3364 5435 3537 5471 unum
3570 5421 3773 5471 verbum

2214 5419 2450 5469 Scribere
2476 5427 2531 5468 et
2561 5419 2797 5486 scalpere
2825 5419 2963 5486 apud
2991 5419 3211 5474 Graecos
3244 5434 3336 5487 per
3364 5435 3537 5475 unum
3570 5421 3778 5475 verbum

2214 5484 2576 5559 resolvantur,
2612 5487 2665 5541 id
2694 5496 2778 5559 est
2823 5487 3021 5559 γράφω
3047 5505 3062 5518 ·
3097 5493 3238 5543 unde
3271 5501 3443 5556 poeta:
3482 5506 3651 5544 unum
3692 5503 3780 5559 pro

2210 5553 2391 5628 altero
2415 5568 2618 5622 ponere
2648 5553 2896 5610 solent.)
2931 5553 3072 5613 Sunt
3104 5553 3285 5614 autem
3318 5559 3502 5628 scalpe
3531 5568 3587 5616 et
3609 5553 3780 5628 ειιὲιμο

2212 5623 2486 5678 interdum
2514 5639 2682 5696 prope
2715 5641 3041 5700 synonyma.
3396 5634 3408 5644 ‘

2687 5745 2723 5775 Ι
