3928 6142
181 303 271 368 357

897 291 1532 376 ANTIRRHETICUS
1581 269 1640 352 ῙΙ
1689 291 1858 352 ADV.
1899 287 2497 352 CONSTANTINUM
2535 285 2746 347 COPR.

3339 285 3445 346 358

181 409 402 480 ἄγγελοι
429 405 687 477 ἀλλήλων
714 403 896 468 ποσῶς
919 403 1022 474 τὴν
1039 403 1204 469 φύσιν
1228 403 1427 454 ἴσασινο
1461 401 1600 452 ὥστε
1630 395 1766 451 εἶναι

1886 397 2184 461 prehensio,
2220 412 2322 465 qua
2353 394 2528 463 angeli
2565 403 2816 447 naturam
2849 405 3001 445 suam
3055 391 3197 444 inter
3251 407 3307 442 se
3337 396 3444 448 ati-

185 503 275 575 τήν
295 498 678 572 περιγραφὴν,
706 496 1026 567 περίσχεσιν
1055 493 1149 548 καί
1172 494 1298 563 ὅρον
1315 493 1410 546 τοῦ
1437 494 1767 561 ἐμπεριεχο-

184 595 342 665 μένου
375 591 476 645 καὶ
505 585 905 658 ὀριζομένου,ἦ
935 587 1359 654 άποπεράτωσιν
1375 581 1468 634 τοῦ
1493 581 1767 650 ἠργμένον

185 685 272 738 καὶ
335 679 694 750 κινουμένου,
739 677 772 740 ἢ
823 674 1132 744 κατάληψιν
1181 671 1276 724 τοῦ
1330 673 1627 740 νοουμένου
1677 671 1770 724 καὶ

191 769 618 841 γινωσκομένου.
699 765 765 818 Ὅ
803 764 857 816 δὲ
925 762 1117 832 μηδενὶ
1178 760 1386 814 τούτων
1432 761 1768 831 περιέχεται,

183 859 608 932 ἀπερίγραπτόν
642 859 813 910 ἐστιν.
870 855 932 906 '0
966 852 1202 923 Χριστὸς
1240 852 1420 904 τοίνυν
1474 854 1588 912 τοῖς
1618 853 1769 921 εἰρη-

186 951 364 1022 μένοις
400 948 624 1006 τούτοις
651 943 1010 1016 ἀνθρωπίνως
1034 941 1481 1012 περιγέγραπται
1505 940 1726 1009 τρόποις
1753 957 1766 970 ·

185 1040 371 1108 ἐπειδὴ
409 1038 526 1108 γὰρ
564 1037 724 1106 σῶμα
754 1034 1060 1104 πεφόρεκεν
1090 1031 1310 1102 ἀληθῶς
1357 1031 1418 1084 τὸ
1448 1030 1571 1083 καθ’
1601 1032 1768 1100 ἡμᾶς,

186 1131 241 1183 ού
277 1130 430 1183 κατὰ
483 1125 813 1196 φαντασίαν,
862 1126 890 1176 6
917 1122 1208 1191 ἀσώματος
1254 1122 1312 1174 ὲν
1362 1120 1514 1190 τόπῳ
1547 1119 1771 1189 περιγέ-

192 1235 440 1290 γραπται
465 1235 477 1247 ·
513 1217 610 1270 καὶ
644 1214 819 1285 ἀρχὴν
859 1213 1122 1283 χρονικὴν
1182 1209 1422 1281 εἰληφὼς
1453 1213 1480 1262 6
1515 1209 1768 1279 ἄναρχος,

194 1314 367 1384 χρόνῳ
400 1308 757 1379 περιεγράφη
787 1322 801 1337 ·
835 1306 927 1358 καὶ
955 1305 1070 1365 τοῖς
1105 1303 1412 1371 ἀνθρώποις
1445 1300 1772 1370 σωματικῶς

195 1401 629 1476 προσομιλήσας,
659 1395 978 1466 κατελήφθη
1009 1397 1036 1448 ὁ
1063 1394 1468 1464 ἀκατάληπτος.

258 1595 353 1655 ιγ’.
389 1581 765 1653 Τοσαυταχῶς
807 1576 900 1633 οὖν
931 1577 1234 1648 λεγομένης
1265 1574 1365 1643 τῆς
1406 1571 1772 1645 περιγραφῆς,

195 1680 396 1749 πολλὴν
430 1677 584 1730 ἐστιν
627 1676 809 1744 εὑρεῖν
857 1671 914 1724 ὲν
945 1669 1155 1731 τούτοις
1190 1667 1290 1737 τὴν
1323 1667 1622 1734 διαφοράν·
1651 1662 1774 1716 οὐδὲ

1869 497 2128 556 quantum
2177 499 2512 557 cognoscunt
2565 500 2580 538 :
2632 486 2704 538 ita
2761 491 2820 538 ut
2870 483 3306 550 circumscriptio
3372 486 3444 538 sit

1870 579 2313 646 comprehensio,
2362 589 2416 632 et
2446 578 2600 630 limes
2646 575 3022 643 comprehensi
3075 589 3140 627 ac
3199 575 3440 640 litttitali,

1869 669 1953 722 vel
1995 672 2307 724 terminatio
2359 670 2522 738 empti
2575 679 2629 722 et
2684 668 2838 733 moti,
2900 666 2984 720 vel
3033 666 3445 734 comprehensio

1874 759 2138 814 intellecti
2159 771 2210 814 et
2235 761 2458 828 cogniti.
2487 760 2638 825 Quod
2669 768 2848 834 autem
2882 757 3033 811 nullo
3053 772 3116 810 ex
3153 756 3237 809 his
3269 756 3444 809 modis

1871 854 2207 914 continetur,
2252 851 2783 924 incircumscriptum
2859 859 2962 903 est.
2996 847 3248 901 Christus
3280 848 3445 915 igitur

1878 944 2188 1010 hujusmodi
2212 944 2322 1011 iam
2355 943 2516 996 dictis
2550 943 2726 994 modis
2756 940 3068 994 humanitus
3099 938 3444 992 circumscri-

1871 1046 1997 1106 ptus
2041 1041 2144 1088 est.
2192 1033 2325 1086 Nam
2371 1033 2497 1100 quia
2545 1046 2743 1100 corpus
2783 1044 2928 1093 vere,
2977 1033 3119 1084 sicut
3167 1044 3287 1092 nos,
3339 1044 3441 1081 non

1875 1127 1999 1179 ﬁcte
2022 1125 2277 1193 gestavit,
2304 1123 2391 1175 ille
2417 1123 2505 1190 qui
2548 1131 2667 1175 erat
2697 1121 3048 1188 incorporeus
3079 1119 3198 1172 loco
3219 1119 3445 1170 circum.

1872 1216 2131 1270 scribitur
2173 1223 2272 1268 :et
2316 1229 2440 1266 cum
2486 1212 2783 1280 temporale
2847 1213 3060 1263 initium
3093 1210 3320 1277 ceperit,
3352 1208 3440 1274 qui

1873 1313 1990 1359 erat
2015 1303 2410 1373 intemporalis,
2441 1313 2682 1370 tempore
2706 1301 3176 1354 circumscribitur
3203 1319 3216 1354 :
3249 1309 3442 1352 etcum

1879 1395 2200 1450 hominibus
2230 1392 2586 1462 corporaliter
2609 1399 2878 1455 versatus,
2911 1389 3346 1457 comprehensus
3367 1397 3448 1440 est

1875 1485 1970 1554 qui
2011 1492 2131 1537 erat
2164 1480 2673 1548 incompreheusus.

1947 1574 2036 1627 1'5.
2064 1571 2196 1626 Cum
2230 1581 2308 1624 tot
2339 1584 2468 1638 ergo
2518 1568 2691 1621 modis
2722 1567 2934 1619 dicatur
2968 1562 3441 1630 circumscriptio,
3510 1625 3518 1631 η

1880 1677 2071 1732 magna
2105 1671 2282 1716 tamen
2309 1660 2364 1714 in
2397 1660 2480 1713 his
2510 1657 2815 1712 dili‘ereutia
2850 1655 3118 1724 reperitur
3145 1670 3158 1705 :
3191 1669 3286 1707 nec
3303 1653 3445 1707 enim

195 1773 295 1840 γὰρ
387 1767 622 1838 γράφων
677 1764 848 1833 ἡγουν
905 1761 1190 1822 είκονίζων
1227 1756 1540 1826 ἄνθρωπον,
1582 1754 1656 1816 ὡς
1689 1753 1772 1820 ἐφ’

1886 1756 1968 1824 qui
2000 1754 2208 1822 pingit,
2237 1753 2289 1806 id
2321 1759 2404 1806 est
2454 1749 2739 1818 imaginem
2785 1747 3019 1800 hominis
3050 1744 3213 1801 facit.
3245 1745 3311 1796 de
3339 1758 3446 1810 quo

195 1855 249 1914 cii
288 1857 388 1912 νῦν
429 1856 725 1926 πρόκειται
773 1850 982 1918 λέγειν,
1019 1849 1112 1900 τὸν
1145 1847 1308 1900 αὐτὸν
1351 1848 1468 1915 ἅμα
1503 1842 1770 1897 καὶκατὰ

196 1951 395 2005 ταυτὶν
419 1943 774 2018 περιγράψει.
826 1941 910 2004 Ὠς
947 1938 1055 1993 οὐδ’
1088 1940 1252 2001 εἴτις
1301 1932 1769 2006 περιορίζοιτινά,

198 2041 314 2095 καθ’
353 2039 417 2092 ὃν
443 2037 511 2091 ἀν
538 2032 840 2106 περισχεθῇ
881 2031 1045 2085 τόπον
1084 2027 1529 2098 ὲγκαθείργνυσι,
1561 2026 1657 2078 καὶ
1683 2024 1771 2078 τὸν

203 2132 269 2201 μὴ
298 2129 551 2200 παρόντα
587 2143 652 2195 γε
709 2125 944 2197 μάλιστα
969 2137 984 2152 ·
1018 2121 1112 2173 καὶ
1143 2120 1252 2188 γὰρ
1290 2121 1346 2170 ὲν
1385 2118 1482 2187 μὲν
1510 2118 1577 2185 τῇ
1611 2131 1767 2184 περι-

198 2225 377 2292 γραφῇ
409 2218 471 2286 ἐξ
504 2219 752 2286 ἀνάγκης
787 2215 1053 2287 πάρεστιν
1081 2226 1094 2240 ·
1149 2212 1207 2262 έν
1246 2208 1302 2260 δὲ
1347 2207 1425 2276 τῷ
1463 2204 1772 2275 γράφεσθαι

197 2316 254 2367 ού
284 2313 502 2372 πάντως
563 2309 831 2378 πάρεστιν
859 2321 872 2334 ·
921 2301 1036 2356 ἀλλ’
1066 2300 1189 2353 οὐδὲ
1235 2297 1576 2367 περιγράψει
1634 2311 1771 2365 προ-

202 2403 545 2474 ηγουμένως,
578 2400 682 2452 κάν
711 2415 794 2459 τις
813 2396 992 2464 οἴηται
1012 2391 1172 2446 τοῦτο
1191 2391 1343 2461 δρᾷν.
1369 2388 1547 2450 Ὂλως
1573 2386 1682 2456 γὰρ
1707 2385 1775 2438 τά

203 2492 527 2563 σωματικῶς
566 2485 1040 2558 περιγραφόμενα,
1064 2482 1228 2544 τόπος
1255 2478 1403 2531 ἐστὶν
1431 2480 1459 2530 6
1489 2475 1777 2546 προσεχῶς

204 2574 562 2655 περιγράφων
587 2596 601 2610 °
643 2579 740 2632 καὶ
771 2577 823 2630 τί
854 2575 985 2628 ποτέ
1013 2575 1131 2626 ἐστι
1156 2571 1344 2633 τόπος,
1379 2569 1618 2638 εἴρηται.
1651 2565 1775 2618 Οὐδ’

203 2673 268 2730 αὖ
303 2675 472 2729 πάλιν
538 2672 592 2726 ετ
631 2684 721 2734 ’τις
767 2665 1097 2738 σωματικῶς
1158 2660 1512 2734 περιγράφοι,
1566 2659 1652 2712 ἵνα
1682 2656 1778 2710 καὶ

202 2767 372 2836 τούτῳ
425 2759 875 2834 συγχρησώμεθα
924 2756 1001 2827 τῷ
1047 2755 1211 2824 λόγῳ.
1270 2752 1418 2815 τινὰ,
1470 2751 1561 2803 τὸν
1617 2746 1779 2836 αὑτὸν

204 2835 420 2919 πάντως
474 2853 573 2908 καὶ
621 2851 851 2922 γράφει,
892 2849 1012 2917 ῆτοι
1056 2841 1347 2904 εἰκονίζει’
1401 2839 1576 2900 οὐδεὶς
1613 2837 1724 2906 γὰρ
1751 2835 1779 2886 6

207 2942 637 3012 συναναγκάζων
690 2941 869 3007 λόγος,
929 2937 1055 2989 ἐπεὶ
1117 2933 1240 2987 οὐδὲ
1301 2929 1552 2999 ἀλλήλοις
1607 2927 1780 2979 ταῦτα

206 3040 416 3102 ἕπεται,
447 3035 526 3097 ὡς
558 3033 842 3104 εἰρήσεται
891 3029 984 3082 καὶ
1029 3023 1207 3089 αὖθις.
1252 3023 1342 3076 Ἐν
1369 3020 1505 3092 τῷδε
1539 3017 1635 3089 μὲν
1671 3015 1780 3084 γὰρ

207 3128 281 3198 τῷ
311 3128 487 3196 τόπῳ,
521 3119 632 3176 οἷον
658 3124 715 3174 ὲν
756 3121 920 3190 τοίχῳ
966 3118 1077 3171 τινὶ
1107 3117 1140 3186 ἢ
1173 3115 1384 3179 πίνακι,
1422 3109 1602 3180 φαμὲν
1640 3106 1778 3175 γρά-

211 3197 406 3288 φεσθαι
438 3213 728 3285 ἄνθρωπον
760 3227 774 3242 ο
823 3212 881 3263 ὲν
909 3207 1059 3278 αὐτῷ
1093 3206 1151 3260 δὲ
1183 3204 1262 3275 τῷ
1289 3204 1438 3272 τόπῳ
1475 3199 1650 3260 οὐδεὶς
1675 3197 1781 3249 τῶν

212 3286 488 3375 νηφόντων
518 3301 613 3354 καὶ
632 3299 1026 3367 λελογισμένων
1058 3294 1202 3347 εῐποι
1221 3293 1286 3346 ἀν
1317 3289 1479 3344 αὑτὸν
1512 3304 1576 3340 πε
1588 3286 1781 3358 ριγρά-

214 3373 400 3464 φεσθαι
441 3393 563 3463 ῆτοι
613 3383 1043 3458 περιορίζεσθαι.
1108 3381 1430 3450 Ἀνθρωπος
1468 3375 1576 3446 γάρ
1632 3377 1688 3464 έν
1714 3373 1781 3442 τῇ

217 3463 315 3553 ἰδίᾳ
349 3480 522 3533 εικόνι
552 3477 828 3549 γράφεται
887 3473 1007 3543 μὲν,
1047 3472 1108 3524 οὐ
1169 3468 1573 3540 περιγράφεται
1621 3463 1679 3516 δὲ
1724 3463 1782 3516 ὲν

215 3575 368 3643 αὐτῇ.
404 3571 455 3624 εἰ
483 3570 560 3640 μὴ
589 3571 648 3621 έν
661 3566 740 3636 τῷ
770 3565 954 3633 οἰκείῳ
977 3565 1078 3633 τῆς
1110 3561 1456 3631 περιγραφῆς
1478 3558 1649 3626 τόπῳ.
1673 3553 1784 3607 Καὶ

216 3661 244 3713 6
265 3661 468 3731 τρόπος
497 3659 554 3711 δὲ
586 3657 793 3710 τούτων
815 3653 966 3724 παρά
992 3653 1129 3705 πολὺ
1181 3651 1431 3720 διήνεγκε
1450 3663 1464 3678 ·
1509 3647 1784 3717 γράφεται

223 3751 318 3820 μὲν
359 3751 471 3820 γὰρ
499 3747 790 3818 ἄνθρωπος
813 3745 901 3798 διὰ
933 3741 1243 3813 χρωμάτων
1281 3741 1375 3793 καὶ
1413 3736 1684 3808 ψηφίδων,
1718 3733 1784 3788 ἂν

219 3838 358 3893 οὕτω
386 3836 755 3908 συνενεχθείη,
788 3834 883 3888 καὶ
915 3831 1087 3886 ταῦτα
1136 3830 1396 3892 ποικίλως
1441 3828 1536 3880 καὶ
1562 3825 1784 3878 πολυει-

217 3930 323 3994 δῶς
398 3926 916 4000 σχηματιζόμενος,
1000 3921 1098 3974 καὶ
1173 3915 1585 3989 διηλλαγμένοις
1674 3915 1788 3975 τοῖς

218 4020 433 4073 ἄνθεσιν
453 4034 467 4048 ’
489 4015 744 4086 οὐδαμῶς
785 4014 841 4065 δὲ
866 4012 1042 4065 ἔνεστι
1092 4009 1183 4062 διὰ
1209 4007 1412 4060 τούτων
1439 4004 1605 4058 αὑτὸν
1635 4019 1789 4073 περι-

218 4110 551 4179 γράφεσθαι,
602 4106 724 4161 έπει
797 4103 996 4175 ἑτέρως
1041 4100 1187 4172 ἔχειν
1231 4100 1293 4152 τὸ
1352 4095 1788 4169 περιγράφεσθαι

219 4201 450 4269 εῐρηται.

290 4289 414 4342 Ἔτι
446 4290 482 4358 ή
515 4286 706 4358 γραφὴ
726 4285 786 4339 16
809 4283 1114 4354 σωματικὸν
1142 4276 1283 4346 εἶδος
1305 4280 1399 4335 τοῦ
1440 4281 1787 4351 γραφομένου

1873 1859 2014 1899 nunc
2037 1843 2372 1912 propositum
2393 1849 2480 1894 est
2503 1839 2700 1900 dicere,
2724 1837 2972 1890 eumdem
2997 1833 3157 1888 simul
3183 1834 3449 1900 pingendo

1875 1935 2316 1990 circumscribet.
2348 1931 2533 2000 Neque
2568 1930 2612 1984 si
2645 1929 2770 1998 quis
2801 1927 3035 1995 aliquem
3095 1927 3448 1980 circumlinit-

1876 2026 2097 2090 laverit,
2149 2025 2349 2079 idcirco
2375 2038 2497 2077 eum
2529 2023 2580 2075 in
2608 2021 2726 2074 loco
2758 2035 2866 2087 quo
2883 2018 3196 2072 continetur
3225 2017 3448 2070 conclu-

1871 2119 1984 2180 det,
2016 2117 2309 2187 praesertim
2335 2129 2462 2168 vero
2496 2129 2600 2167 non
2621 2120 2981 2180 prmsentem:
3019 2109 3071 2159 in
3095 2107 3446 2160 circumscri-

1873 2211 2058 2280 ptione
2085 2208 2227 2263 enim
2274 2205 2580 2260 necessario
2631 2203 2787 2256 adest
2826 2200 2950 2265 ille;
2991 2214 3112 2252 cum
3142 2199 3450 2265 depingitur

1883 2312 2090 2364 autem,
2129 2299 2272 2352 haud
2302 2297 2524 2351 Omnino
2569 2292 2884 2348 necessario
2907 2290 3059 2344 adest
3090 2307 3103 2343 :
3140 2288 3246 2341 imo
3283 2289 3446 2340 abso-

1877 2392 1988 2445 lute
2004 2404 2181 2459 neque
2198 2387 2637 2451 circumscribet,
2661 2384 2912 2453 quamvis
2932 2382 3131 2451 aliquis
3169 2381 3452 2436 exiuimet

1877 2498 1936 2538 se
1952 2483 2054 2536 hoc
2079 2482 2258 2536 facere
2292 2497 2305 2533 :
2337 2493 2561 2549 prorsus
2585 2476 2732 2531 enim
2760 2475 2814 2528 in
2852 2475 2920 2528 iis
2948 2487 3068 2542 qua)
3095 2473 3452 2542 corporaliter

1879 2573 2426 2633 circumscribuutur,
2457 2569 2608 2623 locus
2635 2575 2714 2622 est
2739 2565 2830 2635 qui
2852 2580 2914 2618 ea
2938 2565 3184 2634 proxime
3217 2564 3453 2617 circum-

1879 2665 2112 2721 scribit:
2140 2662 2265 2732 quid
2296 2668 2475 2714 autem
2503 2659 2574 2712 sit
2597 2657 2767 2719 locus,
2787 2653 2897 2722 jam
2917 2656 3120 2725 dictum
3143 2661 3242 2706 est.
3271 2651 3454 2720 Neque

1883 2769 2092 2819 rursus,
2123 2754 2166 2806 si
2193 2752 2315 2820 quis
2337 2750 2575 2817 aliquem
2610 2745 2975 2814 corporaliter
3008 2743 3450 2804 circumscribat,

1880 2845 2130 2898 ettnidem
2155 2840 2414 2909 depingit,
2448 2838 2500 2890 id
2525 2844 2609 2890 est
2632 2835 2748 2901 ejus
2772 2833 3062 2900 imaginem
3097 2831 3271 2897 facit;
3308 2830 3454 2884 nulla

1882 2931 2026 2984 enim
2062 2930 2200 2982 ratio
2229 2927 2371 2995 cogit
2407 2926 2508 2978 hoc
2553 2924 2737 2976 dicere
2759 2962 2774 2987 ,
2819 2923 2945 2989 quia
2978 2935 3082 2974 nec
3113 2921 3314 2972 habent
3341 2920 3456 2974 haec

1885 3021 2128 3089 (pingere
2147 3018 2354 3072 scilicet
2377 3022 2432 3069 et
2457 3013 2928 3080 circumscribere)
2955 3009 3096 3064 inter
3111 3024 3168 3064 sc
3196 3025 3457 3063 consectt-

1886 3113 2110 3172 tionem,
2133 3118 2192 3162 ut
2209 3117 2392 3176 postea
2410 3105 2639 3159 dicetur.
2667 3100 2908 3170 Namque
2925 3101 2977 3154 in
2999 3102 3100 3154 hoc
3120 3099 3261 3164 loco,
3287 3099 3339 3152 in
3359 3099 3458 3153 ali-

1883 3216 1990 3270 quo
2014 3199 2219 3254 scilicet
2240 3197 2447 3267 pariete
2468 3203 2558 3249 aut
2579 3193 2777 3257 tabula,
2799 3191 3033 3247 dicimus
3059 3192 3276 3259 quidem
3306 3191 3453 3260 pingi

1887 3292 2183 3355 hominem,
2208 3293 2301 3344 sed
2335 3288 2386 3341 in
2419 3287 2510 3341 illo
2533 3287 2648 3355 ipso
2670 3285 2789 3340 loco
2810 3297 2966 3337 nemo
2994 3283 3230 3351 prudens
3251 3291 3305 3335 et
3336 3297 3456 3336 eor-

1885 3384 2046 3436 datus
2075 3381 2221 3434 dicet
2241 3375 2638 3439 circumscribi,
2671 3374 2722 3428 id
2744 3382 2828 3428 est
2853 3372 3088 3428 deliniri.
3113 3372 3282 3427 Homo
3309 3374 3455 3426 enim

1887 3469 1938 3523 in
1977 3468 2212 3535 imagine
2238 3481 2334 3522 sua
2367 3465 2609 3535 pingitur
2639 3463 2884 3531 quidem,
2917 3477 3022 3515 non
3053 3471 3232 3516 tamen
3264 3462 3316 3514 in
3341 3461 3456 3530 ipsa

1885 3559 2378 3623 circumscribitur,
2408 3557 2500 3611 sed
2534 3556 2586 3609 in
2614 3555 2736 3609 loco
2775 3567 2889 3608 suae
2931 3553 3164 3622 propriae
3214 3554 3453 3606 circum—

1887 3648 2224 3717 scriptionis.
2258 3647 2328 3702 Et
2359 3647 2551 3701 modus
2585 3645 2775 3698 borum
2812 3643 3190 3712 multipliciter
3217 3642 3400 3697 dilfert
3437 3660 3451 3698 :

1887 3740 2127 3810 pingitur
2163 3739 2309 3798 enim
2333 3738 2492 3791 homo
2520 3737 2794 3792 coloribus
2819 3744 2874 3790 et
2903 3734 3100 3803 lapillis
3128 3732 3188 3804 (i.
3213 3749 3265 3787 e.
3290 3747 3456 3802 Opere

1891 3828 2136 3899 musiro)
2167 3829 2212 3883 si
2243 3829 2318 3882 ita
2354 3825 2467 3882 ﬂeri
2503 3826 2820 3893 contingat,
2855 3834 2910 3879 et
2944 3824 3162 3893 quidem
3215 3825 3362 3876 varie
3391 3837 3458 3877 ac

1891 3918 2228 3973 multimodis
2273 3916 2580 3985 ﬁguratus,
2619 3913 2956 3982 diversisque
3004 3911 3313 3978 coloribus;
3361 3929 3458 3966 ue—

1889 4019 2160 4079 quaquam
2188 4016 2368 4061 tamen
2409 4014 2588 4075 potest
2624 4005 2708 4060 his
2740 4003 2870 4071 ipsis
2899 4003 3296 4064 circumscribi,
3331 4003 3458 4071 quia

1891 4099 2452 4169 circumscriptionem
2484 4095 2642 4154 aliter
2670 4109 2730 4154 se
2765 4093 2962 4150 habere
2984 4092 3244 4148 diximus.

1964 4278 2075 4349 78
2102 4275 2370 4333 Praeterea
2391 4273 2603 4346 pictura
2656 4273 2892 4343 speciem
2945 4285 3262 4339 corpoream
3320 4269 3448 4338 picti

221 4380 542 4451 παρίστησι,
607 4377 796 4449 σχῆμά
841 4392 901 4428 τε
937 4376 1030 4429 καὶ
1060 4372 1275 4444 μορφὴν
1313 4370 1476 4424 αὑτοῦ
1527 4372 1780 4423 ὲντυπου-

1898 4377 2287 4438 repraesentat,
2335 4375 2389 4421 et
2422 4367 2646 4434 ligurem
2683 4379 2747 4417 ac
2792 4362 3020 4416 fortnam
3052 4361 3166 4429 ejus
3200 4360 3455 4427 exprimit

223 4474 367 4540 μένη
398 4466 491 4523 καὶ
525 4469 624 4540 τὴν
672 4466 990 4537 ἐμφέρειαν.
1038 4466 1105 4518 Ἠ
1142 4464 1199 4516 δὲ
1251 4461 1583 4533 περιγραφὴ,
1615 4463 1671 4514 ὲν
1696 4463 1788 4514 ού-

223 4561 345 4614 δενλ.
386 4559 588 4612 τούτων
633 4555 1060 4611 ὲπικοινωνούσα
1113 4556 1229 4616 τοῖς
1280 4553 1591 4623 εἰρημένοις
1643 4551 1791 4621 τρισὶ⁵

220 4645 468 4719 τράποις,
515 4648 585 4701 τά
631 4644 1142 4718 ἐμπεριειλημμένα
1173 4643 1377 4715 ὁρίζει·
1411 4641 1562 4711 καὶὴ
1598 4641 1694 4711 μὲν
1735 4642 1792 4693 ὲν

223 4740 302 4810 τῷ
336 4740 491 4810 ὁμοίῳ
511 4738 612 4809 τὴν
634 4737 818 4808 σχέσιν
850 4736 1048 4805 ἔχουσα
1073 4733 1210 4804 πρὸς
1233 4731 1310 4802 τῷ
1333 4730 1629 4802 ἀρχετύπῳ
1653 4731 1792 4795 ἐστὶ,

223 4832 328 4885 καὶ
349 4829 658 4902 ἀρχετύπου
680 4829 867 4898 γραφὴ
885 4825 1000 4878 ἐστι
1011 4843 1071 4878 τε
1095 4825 1190 4877 καὶ
1205 4823 1442 4892 λέγεται,
1462 4821 1794 4892 κεχώρισται

223 4939 286 4976 τε
319 4922 505 4988 αὑτοῦ,
531 4921 632 4974 καὶ
668 4921 775 4990 ἰδίᾳ
809 4917 1104 4988 ὑφέστηκε,
1139 4915 1233 4969 καί
1265 4929 1395 4967 ποτε
1424 4911 1602 4965 ἔστιν·
1638 4914 1670 4982 ή
1711 4911 1792 4976 δὲ,

227 5013 351 5066 οὔτε
387 5014 590 5083 ὅμοιον,
621 5010 745 5064 οὔτε
767 5010 1020 5078 ἀνόμοιον
1066 5007 1298 5074 γίνεται,
1337 5003 1462 5057 οὔτε
1494 5004 1780 5056 εἰδοποιεῖ-

227 5120 341 5170 ται,
365 5105 481 5158 οὐδὲ
505 5105 818 5176 ἀρχετύπου
878 5098 1195 5170 περιγραφὴ
1238 5097 1475 5164 λέγεται,
1504 5095 1624 5147 οὐδὲ
1661 5095 1795 5165 πρὸς

226 5194 292 5245 τὸ
328 5195 628 5266 ἀρχέτυπον
659 5194 885 5264 φέρεται
915 5209 930 5223 ·
974 5191 1291 5260 ἀχωρίστως
1322 5188 1379 5241 δὲ
1424 5188 1517 5240 καὶ
1547 5185 1794 5250 αὐτόθεν,

228 5285 313 5350 οἷς
333 5288 760 5360 συμπεριείληφε
785 5284 1196 5353 συνυφίσταται,
1222 5281 1317 5334 καὶ
1334 5280 1419 5333 ἀεὶ
1431 5279 1614 5344 αὐτοῖς
1638 5279 1800 5348 πρόσ-

230 5393 402 5433 εστιν.
439 5382 550 5432 Ἀεὶ
579 5379 691 5450 γὰρ
717 5381 775 5430 ὲν
806 5378 956 5446 τόπῳ
986 5378 1012 5428 6
1039 5375 1346 5446 ἄνθρωπος,
1375 5374 1468 5426 καὶ
1499 5373 1556 5424 ὲν
1597 5373 1796 5442 χρόνῳ,

231 5471 332 5522 καὶ
357 5472 408 5522 ὲν
443 5469 751 5541 καταλήψει
775 5467 913 5533 ἐστὶ,
953 5467 1046 5520 καὶ
1080 5465 1431 5534 περιγραπτῇ
1461 5479 1525 5530 γε
1561 5461 1696 5532 οὔσῃ
1728 5463 1796 5533 τῇ

236 5560 419 5628 φύσει,
446 5560 505 5626 ἐξ
526 5562 775 5629 ἀνάγκης
801 5559 1016 5621 ἕπεται,
1036 5556 1214 5608 οὐδενὶ
1249 5554 1391 5625 κενῷ
1411 5554 1758 5624 διειργομένῃ
1783 5568 1798 5583 ο

231 5649 310 5714 ὡς
331 5649 424 5705 ἴδοι
443 5669 524 5716 τις
546 5652 642 5706 ἐπὶ
657 5650 758 5718 τῆς
781 5647 1011 5716 τοπικῆς
1032 5644 1404 5717 περιγραφῆς,
1427 5643 1485 5696 τὸ
1505 5643 1797 5697 συνάπτειν

1894 4473 1957 4513 ac
1978 4457 2411 4514 similitudinem.
2443 4452 2890 4521 Circumscriptio
2931 4465 3060 4506 vero
3092 4449 3225 4504 nihil
3262 4449 3455 4503 horum

1892 4564 2180 4606 commune
2209 4549 2416 4606 habens
2444 4587 2459 4612 ,
2503 4547 2678 4600 tribus
2717 4544 2891 4598 modis
2918 4558 2979 4598 ea
3021 4557 3139 4612 qua:
3175 4542 3455 4606 continet,

1898 4641 2186 4708 terminat;
2217 4647 2270 4694 et
2299 4639 2475 4707 imago
2500 4637 2716 4706 quidem
2749 4636 2814 4689 ad
2850 4634 3026 4690 simile
3053 4633 3222 4690 relata
3242 4674 3258 4700 ,
3293 4635 3453 4704 juxta

1893 4731 2245 4800 archetypum
2277 4735 2383 4794 est,
2425 4726 2814 4797 archetypique
2846 4726 3024 4794 imago
3058 4733 3216 4778 estet
3237 4725 3460 4787 dicitur,

1893 4831 1944 4876 et
1975 4821 2045 4874 ab
2077 4835 2144 4873 eo
2174 4827 2432 4886 separata
2460 4826 2564 4881 est,
2607 4832 2670 4870 ac
2704 4831 2949 4870 seorsum
2976 4814 3268 4882 aliquando
3299 4823 3380 4868 est
3409 4824 3462 4868 et

1895 4912 2108 4966 exsistit
2143 4928 2157 4966 :
2190 4908 2639 4978 circumscriptio
2678 4923 2811 4962 vero
2849 4921 3023 4974 neque
3054 4905 3251 4959 similis
3289 4918 3462 4970 neque

1896 5003 2176 5059 tlissimilis
2213 5003 2290 5064 lit,
2317 5017 2491 5070 neque
2513 5001 2573 5055 ﬁt
2605 5002 2816 5070 species
2847 5014 3018 5066 neque
3046 4995 3251 5056 forma;
3291 5008 3463 5061 neque

1896 5094 2094 5146 dicitur
2134 5091 2570 5158 circumscriptio
2607 5089 2883 5156 archetypi
2917 5123 2932 5148 ,
2972 5098 3071 5137 nec
3110 5085 3175 5135 ad
3205 5081 3461 5148 arthety-

1899 5199 2022 5252 pum
2072 5182 2332 5244 refertur,
2368 5191 2418 5235 et
2459 5179 2901 5248 inseparabiliter
2938 5189 3001 5228 ac
3031 5184 3223 5241 suapte
3267 5180 3461 5226 natura

1897 5292 2019 5331 cum
2055 5277 2122 5330 iis
2160 5274 2320 5328 simul
2364 5273 2613 5334 exsistit,
2663 5285 2783 5338 qum
2813 5267 3095 5328 continet,
3141 5277 3463 5331 semperque

1900 5368 2005 5422 illis
2027 5368 2199 5422 adest.
2239 5367 2465 5434 Semper
2495 5363 2638 5416 enim
2687 5361 2738 5412 iu
2787 5360 2906 5410 loco
2943 5367 3026 5410 est
3065 5355 3227 5408 homo
3255 5391 3270 5416 ,
3300 5361 3352 5405 et
3411 5351 3463 5404 itt

1902 5471 2174 5530 tempore,
2208 5467 2260 5512 ct
2298 5459 2350 5510 in
2404 5451 2894 5522 cou'ipreheusionc
2923 5491 2936 5515 ,
2981 5459 3035 5503 et
3067 5455 3318 5500 naturam
3355 5446 3466 5498 cir-

1900 5552 2290 5619 cumscriptam
2330 5545 2644 5600 necessario
2687 5542 2956 5610 sequitur,
3007 5540 3156 5593 nullo
3187 5549 3358 5591 vacuo
3385 5537 3468 5590 dia

1903 5649 2166 5710 remptam
2191 5679 2205 5706 ,
2235 5639 2374 5692 sicut
2415 5633 2594 5704 quit-is
2627 5641 2805 5702 potest
2839 5643 3066 5686 cernere
3125 5630 3177 5682 in
3225 5628 3465 5682 circum-
