3928 6142
475 221 581 286 359

1502 219 1561 276 S.
1607 214 2024 276 N1CEPHORI
2062 211 2572 273 'PATRIARCIL’E
2610 211 2719 270 (ΣΡ.

3613 210 3709 273 360

480 331 798 401 scriptione,
821 344 983 398 quam
1010 326 1135 381 facit
1163 327 1334 391 locus,
1361 341 1477 394 qua:
1500 327 1762 378 terminos
1777 326 2058 392 utriusque

2163 323 2366 390 ἀμφοῖν
2424 320 2561 390 πρὸς
2619 323 2685 389 τῇ
2725 318 3021 388 ἐπιφανείᾳ
3051 317 3298 389 ἀλλήλων
3353 319 3425 372 τὰ
3476 320 3704 390 πέρατα·

479 426 728 491 enrporis
766 422 1019 493 (scilicet
1050 419 1386 473 continentis
1427 427 1481 469 et
1529 417 1814 487 C0ttlt‘nli)
1845 419 1910 469 ad
1959 433 2048 469 su-

480 515 753 581 perﬁciem
775 513 1054 566 amborum
1085 508 1328 579 adiungit
1358 525 1370 559 :
1404 508 1491 560 ubi
1523 508 1667 561 enim
1701 520 1779 560 est
1802 506 1972 559 moles
1999 515 2054 559 et

483 602 811 673 magnitudo,
828 616 1050 656 necesse
1072 612 1154 653 est
1176 601 1444 668 cogitetur
1466 597 1625 651 simul
1649 597 1819 651 locus.
1837 596 2052 649 Pictura

481 703 659 747 autem
697 694 855 763 longe
903 691 1144 746 dissidet.
1194 687 1327 741 Nam
1376 689 1583 756 pictura
1636 687 1855 754 quidem
1890 701 2056 753 quan-

482 800 645 852 qnam
679 784 911 838 diversis
953 783 1005 836 itt
1043 781 1210 845 locis,
1256 779 1615 833 nihilominus
1645 777 1863 831 deﬁnite
1899 775 2052 829 ciliu-

484 877 650 945 gitur.
684 874 1132 942 Circumscriptio
1170 886 1297 925 vero
1328 910 1342 933 ,
1381 869 1702 938 simpliciter
1747 876 1802 922 et
1845 866 2056 921 inﬁnite

485 965 771 1028 deﬁniens,
789 978 910 1016 cum
932 961 998 1015 iis
1016 961 1293 1024 omnibus,
1315 974 1654 1027 qmecunque
1678 956 2053 1011 circumscribi

486 1064 679 1105 natura
704 1066 799 1105 sua
836 1060 1079 1120 possunt,
1112 1050 1514 1104 circumfertur.
1543 1048 1657 1101 Non
1688 1047 1829 1100 enim
1863 1047 1913 1100 itt
1950 1047 2056 1099 hoc

483 1144 698 1210 quidem
730 1141 1131 1196 circumscribit
1158 1180 1176 1204 ,
1213 1141 1265 1192 iu
1298 1140 1389 1192 illo
1430 1148 1611 1191 autem
1650 1152 1834 1191 secus.
1876 1137 2057 1203 Atque

485 1239 660 1305 imago
691 1234 906 1304 quidem
932 1234 984 1285 in
1011 1247 1173 1287 sensu
1205 1242 1257 1283 et
1284 1232 1599 1284 ostensione
1624 1238 1737 1282 tcta
1772 1228 2051 1295 consistit,

485 1326 922 1393 circumscriptio
970 1339 1099 1377 vero
1152 1338 1345 1392 magna
1376 1337 1441 1375 ex
1475 1331 1628 1388 parte
1678 1320 1732 1373 iu
1771 1320 1993 1372 natione
2038 1338 2052 1372 :

487 1418 721 1470 fortasse
749 1416 890 1468 enim
938 1414 1110 1468 solum
1143 1412 1319 1466 locum
1352 1411 1894 1466 circnmscribentcm
1933 1423 2058 1462 sen-

488 1509 672 1561 timus.
716 1505 781 1558 Et
826 1517 885 1558 ut
937 1506 1247 1558 summatim
1284 1504 1498 1565 dicam,
1530 1517 1631 1556 nec
1679 1501 1889 1569 pictura
1942 1497 2054 1553 cir-

488 1596 808 1651 cumscribit
840 1597 1146 1659 hominem,
1185 1595 1305 1649 licet
1339 1596 1407 1647 sit
1450 1594 1933 1661 circumscriptus;
1965 1604 2056 1644 nec

2154 414 2283 466 ἔνθα
2313 414 2423 483 γὰρ
2455 413 2619 481 ὄγκος
2655 410 2746 464 καὶ
2786 410 3036 480 μέγεθος,
3070 410 3129 473 ἐξ
3164 410 3413 481 ἀνάγκης
3443 411 3535 464 καὶ
3561 413 3711 475 τόπος

2156 503 2700 572 συνεπινοηθήσεται.
2749 502 2812 554 Ἦ
2840 502 3028 571 γραφὴ
3059 502 3115 553 δὲ
3136 501 3487 573 ἐκκεχώρηκε
3519 503 3708 573 πολλῷ·

2156 597 2312 665 καὶὴ
2367 594 2551 665 γραφὴ
2585 609 2702 664 μεν,
2768 595 2816 645 εἰ
2869 594 2963 646 καὶ
3005 592 3283 662 διαφόροις
3316 593 3522 659 τόποις,
3578 596 3712 664 ὅμως

2155 684 2479 754 ὡρισμένως
2519 682 2803 737 τυποῦται,
2858 682 2922 734 Ἡ
2977 682 3298 753 περιγραφὴ
3348 682 3405 735 δὲ
3448 682 3711 755 ὁρίζουσα,

2161 775 2350 837 ἁπλῶς
2396 774 2490 826 καὶ
2551 773 2820 842 ἀορίστως
2860 773 3028 824 πᾶσιν
3062 772 3097 826 ἃ.
3142 771 3353 840 πέφυκε
3395 776 3714 844 περιγράφε-

2166 865 2289 918 σθαι
2321 864 2751 934 συμπεριῆκται.
2805 864 2880 916 Οὐ
2920 863 3029 934 γὰρ
3067 867 3124 917 ἐν
3157 863 3290 933 τῷδε
3329 863 3426 932 μὲν
3444 844 3714 935 Ιπεριγρα-

2159 975 2269 1025 (per,
2302 958 2360 1007 ἐν
2394 955 2529 1024 τῷδε
2559 955 2614 1007 δὲ
2641 954 2724 1007 οὗ.
2773 955 2957 1024 Καὶή
2992 955 3089 1022 μὲν
3117 957 3173 1007 ἐν
3217 955 3472 1023 αἰσθήσει
3511 956 3598 1007 καὶ
3622 957 3717 1007 δεί-

2160 1046 2239 1111 ξει
2256 1047 2318 1099 τὸ
2341 1048 2446 1099 πᾶν
2464 1045 2596 1115 ἔχει,
2629 1047 2662 1113 ἡ
2682 1044 2737 1097 δὲ
2759 1044 2820 1097 τὸ
2844 1044 3005 1097 πλέον
3026 1047 3270 1115 ἐννοήσει
3290 1062 3304 1076 ·
3336 1046 3478 1114 τάχα
3512 1046 3615 1116 γὰρ
3634 1046 3713 1098 τὸν

2159 1137 2569 1208 περιγράφοντα
2608 1136 2773 1188 τόπον
2807 1152 2894 1197 τις
2933 1135 3172 1189 αἴσθοιτο
3197 1134 3374 1205 μόνον.
3412 1136 3520 1188 Καὶ
3545 1137 3714 1198 ἁπλῶς

2158 1231 2353 1292 εἰπεῖν,
2383 1227 2507 1281 οὔτε
2535 1229 2568 1297 ή
2593 1226 2778 1297 γραφὴ
2813 1226 3147 1297 περιγράφει
3192 1227 3281 1279 τὸν
3313 1227 3593 1298 ἄνθρωπον
3621 1229 3715 1281 κᾶν

2159 1318 2537 1391 περιγραπτός
2584 1320 2751 1381 ἐστιν,
2783 1316 2907 1370 οὔτε
2948 1319 2982 1387 ἡ
3035 1318 3353 1388 περιγραφὴ
3381 1320 3580 1388 γράφει
3623 1320 3715 1373 κᾶν

2158 1410 2407 1481 γραπτός
2436 1410 2585 1461 ἐστιν
2606 1424 2618 1438 ·
2653 1409 2913 1477 ἑκάτερον
2944 1407 3052 1477 γὰρ
3083 1407 3173 1460 τὸν
3196 1408 3387 1461 ἐαυτοῦ
3417 1409 3571 1476 λόγον
3595 1409 3713 1475 ἕξει.

2158 1503 2269 1556 Καὶ
2298 1501 2377 1553 ἔτι
2408 1501 2440 1571 ή
2482 1501 2578 1570 μὲν
2604 1499 2790 1569 γραφὴ
2832 1498 3148 1570 περιέχεται
3183 1499 3288 1551 ὑπὸ
3319 1499 3423 1568 τῆς
3461 1516 3716 1571 περιγρα-

2160 1595 2286 1663 φῆς,
2311 1592 2420 1664 ἡδὲ
2443 1591 2759 1661 περιγραφὴ
2803 1589 2864 1642 οὺ
2896 1589 3212 1659 περιέχεται
3239 1590 3331 1643 ὑπ’
3366 1590 3561 1658 αὐτῆς,
3593 1590 3717 1644 ἀλλὰ

488 1705 593 1760 quc
619 1688 1054 1756 circumscriptio
1082 1688 1251 1757 pingit
1278 1727 1291 1749 ,
1319 1686 1531 1740 etiamsi
1558 1685 1648 1738 ille
1669 1685 1812 1755 pingi
1839 1691 2016 1752 potest
2041 1719 2058 1745 ,

2163 1661 2407 1752 περιέχει
2436 1680 2604 1750 αὐτήν
2623 1697 2636 1710 ι
2656 1679 2737 1732 διὸ
2756 1678 2878 1731 οὐδὲ
2900 1678 3268 1748 ἀντιστρέφει.
3304 1678 3431 1732 Ἐπὶ
3449 1679 3607 1734 πλέον
3622 1680 3719 1751 γὰρ

490 1793 780 1849 utrumque
811 1781 955 1833 enim
1010 1782 1280 1834 rationem
1324 1795 1479 1835 suam
1519 1781 1762 1834 habebit.
1793 1780 2061 1834 Praeterea

487 1872 699 1938 pictura
777 1870 1092 1923 continetur
1139 1886 1164 1921 a
1216 1869 1765 1938 circumscriptione,
1825 1868 2061 1922 circnm-

487 1960 714 2026 st-riptio
754 1967 928 2012 autem
962 1973 1067 2011 non
1102 1961 1411 2014 continetur
1445 1974 1474 2012 a
1504 1960 1846 2024 pictura,sed
1881 1960 2058 2012 conti-

2161 1774 2195 1842 ἡ
2219 1771 2534 1842 περιγραφή
2559 1784 2574 1797 ⁸
2600 1768 2718 1821 εἴτι
2746 1768 2846 1839 μὲν
2868 1768 2974 1839 γὰρ
3007 1769 3269 1839 γραπτὸν,
3311 1769 3429 1839 ἦτοι
3448 1771 3510 1822 τὺ
3542 1772 3721 1823 εἰκονιο

2163 1862 2411 1933 ζόμενον,
2443 1862 2472 1913 ό
2491 1860 2780 1930 ἄνθρωπος
2805 1859 2967 1928 λέγω,
2987 1860 3081 1914 καὶ
3112 1860 3250 1932 αὐτὴ
3275 1862 3307 1931 ἡ
3333 1862 3542 1932 γραφὴ,
3567 1863 3721 1932 ἦγουν

2159 1951 2189 2003 ὁ
2221 1949 2607 2019 τετυπωμένος
2657 1949 2967 2018 χαρακτὴρ,
3004 1949 3229 2019 φήσειεν
3262 1950 3325 2001 ἄν
3347 1967 3430 2014 τις
3463 1950 3599 2019 τάχα
3624 1968 3719 2004 που

492 2059 581 2103 net
616 2062 761 2112 eam;
790 2048 909 2101 ideo
944 2062 1045 2102 nec
1085 2047 1139 2101 ﬁt
1178 2048 1560 2115 reciprocatio.
1599 2046 1784 2101 Latius
1828 2062 2061 2116 namque

2164 2042 2258 2094 καὶ
2286 2039 2685 2109 περιγραπτὸν,
2715 2039 2843 2108 περὶ
2870 2030 2931 2089 οὗ
2956 2037 3049 2092 νῦν
3077 2040 3211 2108 ἡμῖν
3237 2038 3420 2106 λέγειν
3447 2042 3719 2112 πάρεστιν,

489 2148 640 2208 patet
675 2138 1117 2207 circumscriptio
1151 2155 1166 2191 :
1199 2154 1321 2191 nam
1363 2138 1408 2192 si
1440 2138 1567 2207 quid
1603 2147 1688 2191 est
1718 2138 1923 2205 pictum
1953 2176 1968 2201 ,
2006 2136 2060 2190 id

2164 2132 2193 2184 δ
2238 2129 2515 2200 πανταχοῦ
2544 2129 3009 2199 ἐπισημαίνεσθαι
3048 2132 3175 2200 χρή.
3213 2133 3289 2185 Οὐ
3322 2134 3433 2201 γὰρ
3475 2135 3599 2205 περὶ
3634 2133 3720 2188 τοῦ

488 2238 572 2282 est
602 2228 909 2298 ﬁguratum,
944 2230 1138 2291 homo,
1181 2229 1426 2297 inquam,
1455 2239 1510 2282 et
1547 2229 1661 2296 ipsa
1693 2228 1926 2295 pictura,
1955 2240 2053 2281 seu

2167 2223 2356 2294 ἐτέρου
2384 2220 2588 2292 τρόπου
2637 2220 2879 2290 διέξιμεν
2899 2236 2913 2251 ο
2945 2221 3006 2273 οὐ
3040 2222 3146 2292 μὴν
3175 2221 3411 2294 ἔμπαλιν
3440 2223 3560 2278 εἴτι
3584 2242 3726 2296 περι-

491 2316 758 2385 cﬂigiatus
810 2316 1134 2379 character,
1172 2317 1310 2378 haec,
1369 2315 1615 2384 inquam,
1654 2315 1759 2369 dici
1813 2322 2061 2382 poterunt

2168 2312 2438 2382 γραπτὸν,
2471 2311 2631 2365 τοῦτο
2663 2312 2760 2364 καὶ
2795 2311 3063 2380 γραπτόν.

490 2414 654 2467 etiam
685 2411 1118 2479 circumscripta,
1153 2412 1218 2464 de
1251 2410 1448 2480 quibus
1478 2424 1627 2463 nunc
1660 2424 1843 2464 sermo
1890 2409 2053 2464 nobis
2090 2416 2200 2473 est,
2228 2407 2370 2477 quod
2437 2404 2637 2475 ubique
2708 2415 2905 2461 notare
2936 2416 3187 2477 oportet,
3223 2422 3332 2462 non
3364 2410 3509 2464 enim
3544 2410 3603 2460 dc
3631 2410 3726 2461 alio

498 2504 657 2559 modo
687 2505 912 2574 agiutns.
945 2501 1062 2556 Non
1100 2513 1278 2557 tamen
1313 2513 1539 2569 remeat,
1586 2512 1642 2555 ut
1679 2503 1723 2577 si
1772 2503 1900 2572 quid
1925 2515 2011 2559 est
2056 2503 2558 2571 circumscriptum,
2595 2502 2736 2557 idem
2792 2504 2955 2557 etiam
2982 2502 3053 2557 sit
3087 2503 3289 2572 pictum
3347 2503 3489 2573 (sive
3519 2502 3724 2573 imago).

563 2593 821 2660 Exemplo
846 2593 1075 2660 quodam
1104 2603 1245 2646 utar.
1265 2593 1490 2648 Annuus
1510 2596 1599 2660 qui
1625 2595 1825 2649 dicitur
1848 2597 2055 2666 cyclus,

2235 2589 2362 2648 Οἷόν
2382 2594 2435 2647 τί
2454 2609 2628 2664 φημι·
2668 2593 2726 2647 '0
2747 2593 3016 2658 ἐνιαύσιος
3045 2594 3376 2666 καλεύμενος
3409 2598 3626 2664 κύκλος,
3649 2599 3728 2652 ἵνα

494 2695 553 2739 ιιι
604 2697 758 2753 ωουο
805 2698 984 2739 sermo
1036 2685 1199 2736 etiam
1235 2695 1420 2738 noster
1449 2685 1744 2754 procedat,
1787 2686 2061 2742 mensuris

2167 2685 2263 2739 καὶ
2283 2683 2457 2748 οὕτως
2482 2685 2510 2737 ό
2537 2684 2694 2752 λόγος
2722 2684 2852 2754 ἡμῖν
2868 2685 2975 2751 .ῐοι,
3005 2685 3225 2755 μέτροις
3256 2688 3368 2740 τισὶ
3394 2690 3495 2741 καὶ
3522 2689 3730 2758 διαστή-

493 2777 739 2845 aliquot,
776 2774 828 2828 id
872 2783 956 2828 est
1001 2772 1301 2828 intervallis
1344 2774 1622 2829 chronicis
1653 2788 1908 2845 quatuor,
1948 2778 2059 2832 cir-

2173 2797 2306 2849 μασι
2329 2781 2603 2850 χρονικοῖς
2618 2776 2842 2849 τέτρασι
2866 2778 3293 2849 περιστρέφεται
3313 2796 3327 2810 ο
3352 2779 3543 2851 διόπερ
3568 2781 3630 2850 δὴ
3644 2783 3729 2834 καὶ

491 2863 854 2919 crituvolvitur
887 2880 902 2917 :
937 2862 1061 2918 ideo
1101 2872 1159 2916 et
1197 2862 1577 2919 circumscribi
1613 2865 1829 2931 dicitur,
1889 2880 2061 2935 quan-

2170 2869 2549 2941 περιγράφεσθ
2562 2887 2610 2922 2t
2630 2868 2948 2937 ‘I.é7stat,0t5
2967 2869 3239 2938 γράφεται
3254 2869 3332 2934 δέ,
3348 2871 3471 2940 ἦτοι
3488 2870 3732 2935 είκονίζε-

492 2970 653 3025 quam
700 2967 878 3022 neque
923 2952 1186 3022 pingitur,
1223 2968 1402 3023 neque
1442 2955 1727 3024 ﬁguratur.
1779 2956 2061 3023 Quomodo

2164 2974 2276 3010 ται.
2302 2957 2427 3020 Πῶς
2448 2957 2556 3025 γὰρ
2577 2956 2644 3010 ἂν
2671 2955 2765 3009 καὶ
2785 2955 3113 3027 είκονισθείη
3137 2958 3166 3010 ὃ
3186 2974 3250 3026 γε
3280 2959 3422 3029 μήτε
3447 2958 3732 3012 είδοποιού-

493 3048 640 3100 cuim
666 3044 990 3114 ﬁguraretur
1012 3045 1155 3111 quod
1182 3045 1364 3113 specie
1388 3043 1670 3114 lornta'pte
1715 3057 1885 3110 caret,
1917 3047 2061 3102 ideo-

2169 3064 2346 3118 μενος,
2365 3049 2500 3117 μήτε
2521 3047 3018 3118 σχηματιζόμενος,
3037 3050 3131 3102 καὶ
3151 3048 3241 3102 διὰ
3295 3049 3460 3105 τοῦτο
3489 3051 3618 3122 μηδέ
3649 3050 3731 3104 ὑπ’

498 3151 605 3204 que
640 3149 817 3203 neque
847 3134 948 3187 sub
996 3134 1169 3188 visum
1212 3133 1357 3188 cadit
1399 3149 1575 3204 neque
1621 3137 1904 3192 subsistit?
1932 3137 2061 3192 Nam

2164 3136 2285 3206 ὖψιν
2300 3137 2613 3207 ἐρχόμενος,
2641 3136 2754 3188 ἀλλ’
2771 3138 2893 3189 οὐδὲ
2912 3136 3199 3207 ὑπομένων
3218 3155 3233 3204 ;
3257 3138 3497 3210 Συνεχὴς
3518 3138 3624 3208 γὰρ
3642 3137 3730 3203 ὣν,

493 3225 784 3281 continuus
823 3238 947 3277 cum
981 3223 1088 3287 sit,
1131 3224 1394 3278 terminos
1425 3239 1546 3278 cum
1594 3227 1876 3297 principiis
1921 3243 2061 3282 sem-

2163 3230 2233 3282 τὰ
2256 3231 2429 3282 οἰκεῖα
2453 3229 2669 3300 πέρατα
2685 3231 2799 3291 τοῖς
2829 3228 2922 3281 τοῦ
2948 3229 3146 3299 ἐφεξῆς
3174 3229 3351 3300 ἀρχὰς
3378 3231 3472 3284 ἀεὶ
3496 3230 3734 3300 ποιούμε-

497 3333 599 3388 per
628 3316 924 3370 connectit.
952 3314 1087 3381 Quia
1111 3330 1244 3384 ergo
1271 3315 1338 3369 ab
1359 3316 1554 3371 eodem
1587 3318 1653 3371 ad
1677 3316 1815 3373 idem
1848 3318 2061 3389 signum

2165 3337 2255 3383 νος
2279 3312 2660 3373 ἐπισυνάπτει.
2713 3318 2928 3383 Ἀπλῶς
2954 3318 3086 3388 γοῦν
3115 3319 3196 3389 τῷ
3226 3320 3334 3373 ἀπὸ
3361 3320 3460 3374 τοῦ
3481 3313 3640 3374 αὐτοῦ
3662 3321 3733 3382 είς

498 3408 926 3465 circumvolutus
971 3407 1052 3462 sol
1115 3406 1464 3474 transfertur,
1514 3409 1909 3478 quodammodo
1959 3413 2065 3466 cir-

494 3497 790 3554 cumscribi
826 3496 1048 3550 dicitur.
1082 3495 1259 3564 Atque
1290 3494 1559 3565 principia
1606 3501 1662 3548 et
1697 3497 1915 3551 termini
1947 3511 2067 3569 mn-

500 3601 622 3644 tuas
642 3591 1018 3643 successiones
1039 3601 1146 3641 uno
1176 3594 1451 3641 momento
1472 3595 1784 3656 punctoque
1805 3587 2065 3656 temporis

497 3696 564 3737 ac
609 3695 745 3751 pene
788 3677 1183 3733 insensibiliter
1228 3676 1536 3732 absolvunt.
1580 3676 1661 3733 Ne
1705 3678 1851 3733 enim
1888 3677 2062 3734 ﬂuens

498 3784 710 3841 tempus
752 3770 1046 3824 humanam
1078 3769 1240 3823 vitam
1289 3782 1433 3824 caeco
1465 3769 1518 3823 in
1557 3783 1721 3824 cursu
1759 3769 2062 3832 retineret,

498 3862 811 3930 nostrisque
841 3861 1003 3915 rebus
1030 3870 1085 3914 et
1130 3859 1341 3914 actibus
1370 3858 1620 3914 confusio
1643 3867 1699 3913 et
1731 3858 2066 3928 perturbatio

497 3963 663 4022 atque
693 3952 967 4007 anomalia
1012 3949 1407 4016 dominaretur,
1445 3949 1592 4004 nullo
1622 3949 1882 4003 chronico
1912 3948 2066 4017 signo

499 4047 568 4100 iis
600 4045 947 4114 interposito,
973 4049 1185 4111 tempus
1223 4042 1347 4107 hoc,
1375 4043 1617 4111 inquam,
1649 4040 1859 4104 diebus,
1892 4038 2063 4103 horis,

498 4130 876 4198 hebdomadis,
913 4134 1214 4196 mensibus,
1239 4132 1524 4200 annisque,
1549 4132 1803 4185 metimur
1832 4139 1921 4185 :et
1936 4130 2064 4184 olim

2164 3412 2226 3465 τὸ
2252 3410 2385 3464 αὐτὸ
2418 3413 2649 3481 σημεῖον
2686 3410 2967 3474 κυκλικῶς
2999 3410 3449 3482 περιδινούμενον
3472 3412 3561 3465 τὸν
3595 3412 3734 3481 ἥλιον

2165 3498 2655 3563 ἀποκαθίστασθαι,
2703 3499 2955 3554 ὁπωσοῦν
3006 3501 3457 3570 περιγράφεσθαι
3509 3501 3730 3569 λέγεται.

2165 3589 2279 3642 Καὶ⁵
2301 3586 2475 3652 οὕτως
2499 3588 2743 3659 ἀλλήλων
2784 3589 2886 3652 τὰς
2924 3588 3200 3660 διαδοχὰς,
3230 3589 3425 3663 ὥσπερ
3458 3592 3516 3645 ἐν
3561 3592 3732 3662 ἀτόμῳ

2165 3682 2260 3735 καὶ
2288 3682 2491 3752 ἀκαρεῖ
2538 3681 2635 3734 καὶ
2697 3678 2886 3749 σχεδὸν
2936 3680 3360 3752 ἀνεπαισθήτως
3412 3682 3729 3736 διανύουσιν.

2165 3776 2285 3830 Ἵνα
2311 3775 2421 3846 γὰρ
2456 3774 2531 3846 μὴ
2566 3774 2707 3846 ῥέων
2739 3775 2768 3827 ό
2801 3774 2992 3847 χρόνος
3027 3776 3114 3827 ἐπ’
3143 3776 3326 3848 ἀδήλῳ
3356 3777 3425 3831 τὰ
3463 3780 3562 3849 τῆς
3597 3776 3732 3846 ζωῆς

2163 3867 2263 3936 τῆς
2285 3864 2641 3936 ἀνθρωπίνης
2668 3865 3042 3934 περιστήσειε,
3078 3864 3343 3935 σύγχυσίς
3389 3883 3451 3919 τε
3482 3865 3587 3920 τῶν
3618 3863 3731 3919 καθ’

2165 3958 2313 4027 ⁴ἡμᾶς
2353 3954 2698 4026 πραγμάτων
2728 3954 2825 4007 καὶ
2847 3955 3045 4022 ἀταξία
3079 3956 3175 4009 καὶ
3202 3956 3494 4027 ἀνωμαλία
3522 3959 3733 4026 ἐπικρα-

2164 4045 2308 4116 τοίη,
2348 4044 2578 4115 μηδενὸς
2597 4043 2853 4113 χρονικοῦ
2878 4043 3107 4115 σημείου
3148 4044 3364 4109 τούτοις
3404 4044 3729 4117 ἐμφαινομέ-

2166 4153 2284 4200 νου,
2315 4136 2556 4206 ἡμέραις
2584 4135 2677 4187 καὶ
2709 4134 2884 4205 ὥραις
2930 4136 3026 4189 καὶ
3065 4134 3330 4206 ἑϐδομάσι
3359 4137 3456 4192 καὶ
3492 4138 3623 4208 μησὶ
3648 4135 3733 4189 καὶ

499 4226 719 4295 quidem
743 4223 1142 4294 olympiadibus
1162 4230 1216 4274 et
1233 4221 1608 4276 consulatibus
1621 4221 1849 4290 aliisque
1866 4222 2061 4293 diruen-

2168 4226 2433 4287 ἐνιαυτοῖς
2477 4225 2784 4294 μετρεῖται,
2817 4224 3116 4295 ὸλυμπιάσι
3146 4243 3209 4279 τε
3263 4227 3324 4280 τὸ
3374 4229 3602 4282 παλαιὸν
3648 4226 3732 4280 καὶ

498 4314 746 4369 sionibus
776 4314 972 4366 decore
998 4308 1452 4378 distinguebatur,
1481 4318 1541 4364 ut
1572 4310 1857 4378 perspicua
1888 4319 1944 4365 et
1974 4326 2067 4365 ac-

499 4411 688 4455 curata
724 4414 905 4452 rerum
937 4409 1213 4467 gestarum
1253 4398 1515 4452 memoria
1541 4409 1979 4467 conservaretur,
2012 4409 2068 4454 et.

501 4494 625 4547 vita:
679 4498 833 4543 actus
882 4500 1028 4542 recte
1095 4489 1531 4558 disponerentur.
1582 4489 1672 4544 Sic
1722 4506 1851 4560 ergo
1901 4492 2064 4545 etiam

501 4579 704 4649 lloysis
737 4578 820 4631 lex
851 4591 1025 4647 usque
1045 4577 1112 4632 ad
1142 4576 1527 4648 evangelicam-
1549 4578 1844 4635 salutarem
1871 4579 2069 4649 praedi-

497 4670 767 4721 eationem
802 4666 1098 4734 producta,
1142 4676 1389 4735 tempore
1437 4668 1684 4722 constitit
1736 4678 1792 4722 et
1834 4669 2068 4723 circum-

500 4762 702 4829 scripta
748 4758 869 4812 fuit.
909 4757 1213 4812 Idololatria
1248 4772 1405 4823 vero,
1446 4771 1739 4827 apparente
1777 4760 2068 4814 Servatore

499 4864 685 4906 nostro
709 4851 837 4913 Deo,
872 4864 1024 4918 aeque
1047 4848 1741 4919 cessavitcireumseripta,
1781 4864 1956 4918 neque
1983 4851 2067 4904 ul-

498 4941 668 4995 terius
698 4938 1079 5010 progrediens,
1104 4953 1284 5007 neque
1321 4938 1526 4994 diutius
1562 4955 1691 4994 suos
1734 4950 1887 4995 actus
1913 4955 2068 4995 exse-

496 5045 642 5085 rens.
673 5030 779 5084 Sed
802 5033 979 5098 ncq’ue
1011 5030 1095 5083 lex
1121 5028 1372 5099 quamvis
1393 5029 1829 5099 circumscripta,
1863 5030 1972 5100 79
2001 5030 2067 5084 li-

495 5138 680 5192 gnram
718 5121 906 5176 habuit
933 5158 951 5185 ,
988 5137 1110 5175 cum
1153 5135 1248 5189 per
1291 5136 1350 5174 se
1407 5120 1539 5174 nihil
1576 5121 1645 5174 sit
1693 5122 1793 5175 nisi
1832 5139 2063 5185 nomen,

495 5226 805 5279 quanquam
839 5210 956 5277 ejus
1005 5210 1258 5263 mandata
1293 5210 1601 5279 syllabatim
1650 5211 1982 5276 scribuntur,
2013 5222 2067 5264 et

496 5302 551 5357 in
597 5301 772 5355 sacris
799 5299 978 5353 Libris
1009 5310 1273 5369 perpetuo
1306 5308 1543 5355 manent.
1576 5299 1761 5370 Neque
1787 5301 1914 5354 item
1948 5304 2065 5356 ido-

497 5391 709 5447 lolatria
741 5391 1001 5461 pingitur,
1034 5407 1158 5445 cum
1190 5391 1333 5445 circa
1364 5407 1448 5446 res
1479 5392 1897 5449 iusnbsistentes
1931 5409 2067 5449 vane

500 5479 731 5551 laboret,
759 5492 814 5538 et
842 5482 1049 5552 absque
1078 5483 1260 5558 specie
1290 5482 1395 5536 ulla
1426 5482 1665 5553 ﬁgurare
1689 5468 1788 5539 sit.

2169 4316 2478 4379 ὑπατείαις,
2529 4315 2623 4367 καὶ
2660 4310 2874 4386 ἑτέροις
2918 4315 3144 4387 μέτροις
3203 4319 3605 4389 κοσμούμενος,
3653 4318 3731 4371 ἵνα

2170 4406 2348 4475 σαφὴς
2381 4405 2474 4458 καὶ
2507 4404 2895 4474 τετρανωμένη
2921 4403 3032 4457 τῶν
3070 4409 3468 4478 πραττομένων
3497 4411 3530 4480 ὴ
3557 4411 3730 4480 μνήμη

2168 4495 2519 4563 διασὼζηται,
2542 4496 2636 4548 καὶ
2655 4496 2723 4548 τὰ
2744 4496 2801 4548 ἐν
2823 4495 2902 4566 τῷ
2927 4495 3027 4566 βίῳ
3050 4497 3391 4569 διευθετῆται
3424 4501 3732 4572 πράγματα.

2170 4585 2357 4647 Οὕτως
2391 4581 2484 4639 οὖν
2506 4586 2601 4638 καὶ
2628 4587 2657 4639 ὁ
2684 4586 2824 4640 κατὰ
2854 4587 3058 4641 Μωσέα
3080 4589 3245 4657 νόμος
3268 4591 3433 4662 μέχρι
3466 4591 3561 4645 τοῦ
3584 4591 3732 4656 εὐαγ-

2167 4675 2391 4743 γελικοῦ
2445 4676 2541 4729 καὶ
2571 4674 2844 4747 σωτηρίου
2887 4676 3248 4747 κηρύγματος
3290 4679 3519 4750 προῖὼν,
3567 4679 3731 4750 χρόνῳ

2168 4767 2296 4835 ἐστη
2333 4767 2429 4818 καὶ
2462 4764 2834 4835 περιεγράφη.
2884 4766 2995 4819 Καὶ
3021 4769 3054 4837 ή
3100 4767 3513 4841 εἰδωλολατρία,
3546 4772 3732 4838 ἐπιφα-

2167 4856 2350 4919 νέντος
2377 4855 2472 4909 τοῦ
2505 4856 2758 4927 Σωτῆρος
2790 4856 2948 4926 ἡμῶν
2977 4856 3139 4923 Θεοῦ,
3160 4858 3425 4925 ὡσαύτως
3459 4862 3730 4930 κατήργη-

2167 4963 2255 4999 ται
2289 4946 2381 4998 mi
2413 4945 2877 5016 περιγέγραπται,
2909 4948 2991 5010 εἰς
3017 4948 3078 5001 τὸ
3092 4949 3280 5005 λοιπὸν
3303 4953 3444 5024 μήτε
3481 4950 3729 5024 προϊοῦσα

2170 5034 2308 5105 μήτε
2334 5034 2639 5106 ἐνεργοῦσα
2673 5035 2920 5089 πώποτε.
2967 5036 3106 5090 Ἀλλ’
3155 5038 3278 5093 οὕτε
3312 5043 3341 5094 ό
3374 5043 3541 5112 νόμος
3567 5041 3730 5095 καίτοι

2167 5125 2544 5195 περιγραπτὺς
2593 5123 2690 5191 ὢν,
2746 5126 3097 5191 είκονίζεται,
3150 5129 3283 5182 αὐτό
3327 5147 3391 5198 γε
3439 5130 3564 5184 καθ’
3611 5127 3729 5182 αύτδ

2165 5215 2403 5284 τοῦνομα
2441 5214 2616 5284 ψιλὸν,
2675 5217 2723 5269 εί
2775 5219 2870 5271 καὶ
2921 5219 2991 5272 τὰ
3025 5218 3359 5291 νομιζόμενα
3404 5219 3727 5281 συλλασικῶς

2167 5304 2459 5376 γράφεται,
2493 5306 2586 5358 καὶ
2616 5307 2673 5358 ἐν
2708 5292 3130 5376 Βίϐλοιξίεραῖς
3165 5309 3251 5360 ἀεὶ
3275 5308 3612 5381 διαφέρεται.
3639 5304 3732 5361 05-

2165 5412 2226 5447 τε
2258 5397 2290 5465 ἡ
2324 5395 2711 5467 εἰδωλολατρία
2743 5400 3037 5467 γράφεται,
3090 5403 3327 5471 πρᾶγμα
3378 5403 3512 5473 περὶ
3539 5403 3731 5456 ἀνυπό-

2169 5503 2338 5539 στατα
2390 5490 2942 5562 ματαιοπονούμενον,
2983 5494 3222 5548 ἀνείδεόν
3263 5513 3321 5548 τε
3355 5495 3416 5549 ὂν
3449 5496 3541 5550 καὶ
3570 5495 3730 5564 ἀσχη-

2175 5594 2451 5648 ματιστον.
