3972 6130
416 290 418 292 ,
473 232 578 296 363

1505 234 1566 294 S.
1607 232 2025 295 NICEPHORI
2062 234 2562 298 PATRIARCIIE
2602 237 2710 296 (ΣΡ.

3619 237 3719 301 38$

477 345 618 402 forte
637 357 907 416 quatenus
939 347 1184 403 nonnulli
1220 347 1516 419 ﬁgurantes
1537 359 1590 404 et
1611 349 2042 417 conformantes,

2150 352 2405 424 ἀνδρείαν
2451 353 2542 405 καὶ
2588 354 2686 416 τὰς
2731 352 2925 414 λοιπὰς
2987 351 3479 422 σωματοποιοῦσιν,
3539 351 3614 412 ὡς
3665 351 3718 405 ἓν

473 439 642 494 veluti
686 440 998 510 justitiam,
1031 440 1440 506 fortitudinem,
1489 440 1740 512 aliasque
1773 441 2006 496 virtutes
2029 481 2044 506 ,

477 541 790 600 corporant,
825 541 884 584 ut
915 530 1112 585 alicubi
1164 531 1450 599 videmus;
1483 547 1606 602 qua:
1643 533 1786 586 haud
1827 532 2047 602 proprie

480 622 697 690 [igurari
736 623 992 676 dicuntur
1033 636 1206 695 neque
1238 621 1424 694 pingi,
1459 623 1586 692 quia
1620 633 1810 677 carent
1848 623 2044 674 arche-

482 724 631 784 typo,
655 728 831 782 neque
855 713 947 766 ulli
985 713 1061 767 rei
1089 711 1412 767 subsistenti
1437 711 1644 768 similes
1659 721 1806 767 sunt.
1837 713 2044 766 Etenim

477 805 740 876 imagines
771 805 836 859 ad
869 803 1159 874 ardietypa
1193 803 1462 874 pingendo
1491 805 1804 878 exiguntur,
1837 812 1891 858 et
1922 805 2050 859 cha-

477 909 761 962 raxanlnr,
807 908 1042 966 suntque
1077 911 1143 951 ex
1175 895 1244 950 iis
1274 901 1393 966 qua!
1446 897 1514 951 ad
1550 895 1757 966 aliquid
1795 895 2046 951 referun-

477 999 563 1042 tur
591 988 724 1060 (93),
749 1001 807 1042 ut
827 996 983 1042 antea
1014 988 1275 1043 diximus.
1309 986 1430 1042 Haec
1449 1003 1583 1042 vero
1612 987 1867 1058 ﬁgmenta
1897 995 2046 1046 sunt.

475 1095 570 1149 pro
595 1081 810 1152 ingenio
857 1095 922 1136 ac
958 1089 1230 1150 poteState
1259 1079 1486 1134 artiﬁcis
1527 1079 1640 1150 80
1671 1080 2044 1135 conformata.

475 1169 681 1227 hullius
709 1173 874 1244 igitur
907 1174 984 1226 rei
1017 1169 1447 1240 pratexsistentis
1475 1181 1690 1226 constat
1718 1172 1788 1226 ab
1823 1173 1910 1227 his
1937 1187 2047 1242 prae

471 1280 530 1318 se
563 1264 694 1319 ferri
723 1267 985 1334 speciem,
1016 1263 1271 1328 formam,
1307 1275 1400 1317 aut
1431 1264 1678 1333 ﬁguram.
1703 1263 1847 1334 Ergo
1870 1278 2049 1332 neque

475 1359 695 1428 proprie
751 1372 926 1426 neque
971 1371 1098 1411 vere
1129 1355 1524 1425 cﬁigiabuntur.
1575 1356 1640 1410 Et
1681 1357 1902 1412 omnino
1930 1370 2049 1425 qua:

473 1449 595 1502 loco
638 1448 1064 1510 concluduntur,
1097 1455 1152 1502 et
1201 1444 1394 1502 sensus
1424 1458 1644 1503 nostros
1683 1444 1925 1503 afﬁciunt
1947 1487 1962 1514 ,
1995 1457 2048 1502 et

471 1541 666 1609 quibus
690 1553 910 1608 corpus,
939 1540 1170 1608 species,
1199 1549 1364 1607 atque
1399 1539 1566 1608 ﬁgura
1593 1540 2046 1610 cireumponitur,

465 1635 587 1686 huic
638 1641 691 1684 ut
731 1633 1020 1701 plurinunn
1067 1631 1420 1702 eliigiantur:
1475 1647 1595 1701 qua:
1639 1641 1818 1687 autem
1875 1630 2036 1684 aliam

2149 459 2293 496 τισιν
2330 443 2564 512 εἴδομεν,
2611 443 2646 496 δι
2695 445 2752 496 οὐ
2812 441 3016 511 κυρίως
3077 441 3443 507 είκονίζεσθαι
3512 441 3719 509 λέγεται

2148 535 2270 588 οὐδὲ
2325 534 2656 605 γράφεσθαι,
2717 535 2793 598 ὡς
2860 534 3603 606 ἀρχετύπο›ν’ὴμοιρηκότα,
3635 536 3722 587 καὶ

2152 625 2423 696 μηδαμῶς
2471 643 2615 680 τισιν
2667 627 2966 680 ὑποστᾶσιν
3017 627 3198 696 ὃμοια.
3245 628 3309 678 Al
3362 625 3474 694 γὰρ
3523 625 3721 688 εἰκόνες

2149 719 2284 790 πρὸς
2319 721 2602 791 ἀρχέτυπα
2659 718 3055 790 διαγράφονται
3102 720 3196 772 καὶ
3231 717 3610 788 χαράσσονται
3635 719 3724 770 καὶ

2147 809 2256 864 τῶν
2285 812 2421 882 πρός
2459 811 2506 864 τί
2535 812 2667 877 εἰσι,
2698 810 2844 866 καθὰ
2875 810 2940 882 δὴ
2971 811 3064 864 καὶ
3095 809 3290 882 πρώην
3317 811 3449 880 ἡμῖν
3487 810 3719 879 εἴρηται.

2148 897 2335 952 Ταῦτα
2363 897 2420 952 δὲ
2479 899 2780 969 πλάσματά
2830 901 3002 964 ἐστιν,
3065 898 3126 964 ἐξ
3172 900 3420 962 ἐπινοίας
3467 901 3569 952 καὶ
3604 898 3717 952 κατ’

2147 989 2398 1056 ἐξουσίαν
2442 989 2538 1071 τοῦ
2587 987 2887 1050 τυποῦντος
2960 988 3439 1058 ἀναπλασσόμενα.
3499 989 3722 1052 Οὐδενὸς

2147 1079 2241 1136 οὖν
2280 1081 2700 1152 προῦφεστῶτος
2750 1079 2922 1133 ταῦτα
2963 1081 3201 1150 φέροντα
3255 1079 3560 1144 δείκνυται,
3605 1079 3723 1133 οὔτε

2149 1170 2309 1238 εἶδος,
2335 1172 2459 1227 οὗτε
2491 1174 2701 1244 σχῆμα,
2749 1171 2874 1225 οὔτε
2909 1171 3162 1243 μορφήν·
3200 1170 3396 1224 οὐκοῦν
3431 1172 3492 1222 οὐ
3523 1171 3724 1241 κυρίως

2147 1266 2268 1319 οὐδὲ
2297 1264 2512 1336 ἀληθῶς
2543 1263 3001 1335 είκονισθήσεται.
3057 1263 3170 1316 Καὶ
3217 1262 3354 1326 ὅλως
3382 1263 3453 1314 τὰ
3481 1263 3544 1314 ὲν
3577 1263 3721 1330 τόπῳ

2149 1357 2597 1429 περιειργόμενα,
2624 1359 2720 1410 καὶ
2742 1357 2880 1428 πρὸς
2907 1356 3008 1426 τὴν
3034 1353 3288 1428 αἴσθησιν
3319 1355 3418 1424 τὴν
3446 1355 3722 1425 ἡμετέραν

2149 1453 2450 1524 ἐρχόμενα,
2485 1446 2568 1514 οἷς
2605 1449 2767 1520 σῶμά
2801 1466 2862 1502 τε
2903 1449 2998 1502 καὶ
3027 1443 3168 1511 εἶδος
3212 1448 3312 1500 καὶ
3344 1447 3537 1516 σχῆμα
3582 1463 3723 1516 περι-

2147 1541 2376 1607 τίθεται,
2407 1539 2581 1594 ταῦτα
2611 1540 2686 1604 ὡς
2733 1539 2828 1592 ἐπὶ
2853 1539 2915 1594 τὸ
2964 1537 3218 1592 πλεῖστον
3255 1538 3592 1600 είκονίζεται
3616 1553 3630 1568 ·
3661 1537 3722 1588 τι

2147 1631 2203 1684 δὲ
2233 1614 2354 1684 καθ’
2406 1612 2594 1702 ἕτερον
2616 1630 2816 1700 τρόπον
2851 1629 3134 1698 γινόμενα,
3177 1627 3210 1697 ἢ
3259 1627 3371 1679 οὐδ’
3396 1627 3560 1688 ὅλως,
3604 1627 3636 1696 ἢ
3664 1630 3718 1678 ἐν

475 1721 678 1776 habent
707 1720 994 1786 rationem,
1026 1735 1088 1774 ea
1123 1721 1207 1775 vel
1240 1735 1544 1790 nunquam,
1566 1721 1650 1775 vel
1680 1721 1924 1783 abusive,
1960 1718 2041 1772 vel

2150 1720 2506 1791 καταχρήσει,
2537 1720 2568 1790 ἢ
2593 1721 2700 1788 ὅτῳ
2726 1718 2914 1789 τρόπῳ
2956 1717 3150 1788 ἑτέρῳ,
3184 1717 3483 1780 σπανιάκις
3515 1720 3725 1787 γραφή-

469 1813 579 1867 alio
608 1811 789 1880 aliquo
821 1811 1012 1876 modo,
1066 1825 1194 1864 raro
1223 1811 1536 1881 pingentur.
1565 1809 1683 1865 Tali
1718 1810 1902 1880 itaque
1938 1811 2044 1864 de-

471 1884 776 1957 monstrata
805 1903 858 1956 in
891 1902 974 1956 his
994 1899 1323 1968 tliﬁerentia,
1356 1913 1466 1956 tum
1493 1917 1557 1956 ex
1585 1901 1904 1956 deﬁnitione
1929 1909 2043 1954 tum

469 2005 532 2050 ex
567 1995 777 2064 reliqua
803 1995 1042 2062 ipsorum
1073 1995 1302 2060 ratione,
1333 1994 1690 2048 nihilominus
1714 1991 1769 2046 hi
1799 1992 2046 2048 carnales

469 2095 524 2140 et
553 2085 761 2150 stolidi,
781 2086 927 2137 intra
956 2085 1236 2154 pricsentis
1261 2085 1384 2138 vitae
1416 2083 1678 2138 terminos
1711 2097 1860 2152 spem
1889 2097 2042 2136 suam

470 2175 858 2232 concludentes
890 2174 988 2246 (ut
1019 2165 1122 2228 hoc
1151 2174 1316 2229 etiam
1347 2174 1452 2228 illis
1484 2183 1682 2244 praeter
1715 2183 1910 2228 ctetera
1945 2189 2040 2228 oc-

473 2268 719 2320 cinamus
734 2265 776 2337 ),
815 2280 992 2334 neque
1021 2265 1292 2318 ullatenus
1321 2260 1586 2330 futuram,
1619 2275 1842 2334 propter
1877 2263 2045 2318 animi

472 2359 554 2412 sui
599 2357 879 2412 mollitiem
931 2367 1092 2425 atque
1136 2357 1201 2408 ad
1247 2355 1538 2410 materiam
1587 2355 1996 2425 proclivitatem
2025 2395 2038 2419 ,

477 2457 790 2519 spectantes
820 2487 834 2513 ,
871 2447 1152 2502 indomitis
1183 2457 1348 2516 atque
1376 2447 1683 2503 arbitrariis
1709 2449 2044 2504 exstimulati

473 2539 902 2613 cupiditatibus,
967 2548 1222 2606 tanquam
1273 2553 1370 2606 pro
1417 2540 1750 2594 auctoritate
1795 2541 2042 2610 dogma-ta

472 2650 565 2689 sua
589 2633 992 2688 inconsiderate
1008 2632 1279 2701 nimisque
1303 2633 1668 2700 imprudenter
1685 2632 2043 2698 constituunt,

471 2741 594 2796 qua:
639 2740 707 2780 ne
765 2739 946 2792 rerum
993 2723 1212 2794 quidem
1258 2733 1451 2776 natura
1489 2723 1714 2792 patitur.
1749 2721 1882 2776 Nam
1909 2737 2041 2814 .cum

476 2815 768 2868 dicendum
805 2814 947 2868 l'oret
976 2814 1200 2883 pingere
1231 2821 1284 2867 et
1325 2812 1559 2882 ﬁgurare
1584 2851 1600 2876 ,
1649 2813 1753 2881 ipsi
1808 2811 2045 2866 circum-

473 2888 712 2959 scribere
733 2905 942 2968 dicunt,
964 2919 1137 2972 neque
1156 2903 1542 2958 ecclesiasticae
1567 2903 1848 2972 doctrinae,
1869 2892 2046 2972 neque

475 3011 656 3048 rerum
687 2996 904 3062 quidem
937 2995 1330 3048 convenientia:
1366 2996 1722 3049 attendentes.
1761 2993 1946 3063 Neque
1979 3008 2039 3046 ca

475 3101 595 3156 qua:
618 3095 747 3140 sunt
767 3087 818 3138 in
854 3087 954 3140 hac
984 3086 1254 3138 communi
1291 3100 1355 3139 ac
1378 3083 1620 3153 potiuIari
1649 3084 2044 3138 consuetudine

473 3185 865 3246 persuaserunt
897 3175 978 3228 eis
1006 3217 1022 3240 ,
1056 3183 1114 3228 ut
1141 3175 1336 3228 borum
1377 3173 1740 3228 differentiam
1780 3188 2043 3242 agnosce-

475 3277 624 3330 rent,
658 3265 818 3320 velnti
849 3275 972 3318 sunt
1001 3277 1062 3316 ea
1105 3279 1224 3334 quae
1246 3265 1502 3318 dicuntur
1536 3265 1590 3318 in
1620 3265 1845 3334 privatis
1874 3265 2045 3332 pactis

475 3349 902 3425 circumscripta
941 3345 1262 3425 syngraphae
1294 3395 1308 3419 ,
1338 3354 1569 3408 diversae
1619 3355 1686 3408 ab
1715 3353 1781 3408 iis
1813 3366 1934 3423 quae
1970 3355 2037 3408 de

475 3448 757 3518 perpetuis
791 3448 1166 3501 contractibus
1191 3445 1308 3516 lege
1336 3445 1562 3515 sancitis
1601 3446 2039 3524 denominantur.

546 3540 634 3596 16.
673 3539 776 3594 Sed
805 3538 947 3609 quod
977 3539 1204 3593 istorum
1236 3537 1478 3591 omnium
1505 3551 1850 3604 summopere
1881 3537 2048 3606 pude-

475 3624 616 3681 facit
644 3626 956 3692 insaniam,
1018 3639 1123 3680 non
1183 3624 1490 3695 intelligunt
1550 3625 1756 3679 mi‘seri.
1817 3623 2048 3694 Semper

478 3719 623 3772 enim
660 3718 713 3770 in
753 3733 847 3772 ore
875 3719 1072 3771 habent
1108 3717 1388 3786 citautque
1414 3717 1732 3786 magistrum
1765 3717 2042 3771 Asterium

471 3811 748 3879 jubentem
795 3827 808 3862 :
859 3827 878 3860 ι
916 3809 1193 3864 Christum
1239 3823 1304 3864 ne
1341 3807 1532 3878 pingas
1573 3807 1708 3879 (9i).
1749 3827 1768 3860 ι
1803 3807 1963 3876 Atqui
2001 3808 2046 3860 is

478 3914 584 3953 non
643 3899 884 3968 praecipit
940 3915 952 3952 :
1015 3896 1093 3952 Ne
1141 3897 1596 3954 circumscribas“
1643 3897 1734 3952 Sic
1779 3898 1944 3952 enim.
1991 3909 2045 3952 et

479 4001 666 4045 noster
718 3989 967 4044 Asterius
1023 3989 1074 4042 in
1117 3987 1356 4042 dictione
1405 3987 1472 4042 de
1529 3997 1770 4058 martyre
1826 3987 2044 4057 Eupbeo

479 4081 766 4153 tnia(95):r
797 4081 936 4144 \"idi,
963 4081 1158 4148 inquit,
1181 4079 1444 4148 picturam
1471 4081 1761 4147 quamdam
1793 4097 1811 4131 ι
1836 4094 2046 4134 sacram

478 4169 730 4228 videlicet
749 4173 882 4224 diva:
911 4171 1183 4240 martyris,
1210 4169 1310 4222 hoc
1334 4168 1478 4222 dicto
1507 4169 1662 4223 nobis
1688 4170 1919 4224 innuens
1939 4170 2048 4226 his-

445 4259 453 4267 ’
482 4265 695 4317 loriam.
714 4260 827 4315 Non
849 4268 1028 4312 tamen
1049 4257 1182 4314 dixit
1199 4259 1761 4328 circumscriptionem
1783 4277 1796 4326 ;
1817 4264 2045 4330 pictam,

2148 1829 2318 1866 σεται.
2339 1809 2620 1878 Τοσαύτης
2635 1806 2728 1864 οὖν
2741 1808 3153 1879 ἐμφαινομένης
3171 1810 3226 1862 ὲν
3244 1807 3458 1872 τούτοις
3483 1809 3583 1877 τῆς
3607 1808 3718 1861 δια-

2146 1905 2340 1975 φορᾶς,
2363 1903 2426 1958 ἐκ
2455 1920 2516 1956 τε
2549 1902 2640 1956 τοῦ
2673 1903 2900 1974 ὁρισμοῦ
2925 1901 3018 1955 καὶ
3043 1899 3136 1953 τοῦ
3163 1899 3354 1953 λοιποῦ
3379 1901 3514 1971 περὶ
3545 1899 3722 1953 αὐτῶν

2143 1975 2329 2060 λόγου,
2343 1991 2480 2063 πλὴν
2496 1991 2548 2044 οἷ
2559 2007 2620 2060 γε
2637 1987 2902 2062 ἐμπαθεῖς
2915 1990 3009 2044 καὶ
3021 1989 3259 2058 ἀνόητοι,
3283 1993 3449 2059 μέχρι
3466 1989 3571 2057 τῆς
3585 1989 3726 2058 ζωῆς

2143 2084 2242 2154 τῆς
2255 2081 2537 2154 παρούσης
2554 2083 2653 2153 τὴν
2670 2080 2864 2134 ἐλπίδα
2879 2097 2944 2133 πε
2952 2081 3335 2151 ριγράφοντες,
3353 2081 3440 2131 ἵνα
3453 2071 3550 2132 καὶ
3571 2079 3731 2132 τοῦτο

2144 2176 2325 2237 αὐτοῖς
2355 2171 2708 2244 προστεθείη,
2749 2171 2845 2226 καὶ
2868 2170 3124 2240 οὐδαμῶς
3159 2169 3294 2239 πρὸς
3325 2169 3416 2222 τὸν
3453 2168 3720 2238 μέλλοντα

2143 2265 2232 2318 διὸ.
2254 2264 2316 2318 τὸ
2339 2262 2586 2334 ἐμπαθὲς
2617 2263 2716 2334 τῆς
2746 2261 2928 2333 ψυχῆς
2963 2262 3064 2315 καὶ
3097 2261 3236 2330 πρὸς
3275 2260 3372 2330 τὴν
3409 2259 3547 2330 ὕλην
3574 2261 3733 2330 tmp-

2145 2341 2310 2426 ρεπὲς
2342 2354 2654 2426 βλέποντες,
2681 2355 2880 2424 opimi;
2910 2352 2968 2406 δὲ
3015 2351 3370 2415 ἀπαιδεύτοις
3413 2351 3510 2406 καὶ
3536 2351 3730 2406 αὐθαι-

2145 2437 2320 2516 ρέτοις
2353 2445 2687 2515 κινούμενοι,
2720 2445 2908 2514 ὥσπερ
2943 2442 3002 2507 ἐξ
3051 2443 3430 2511 ἐπιτάγματος
3459 2441 3528 2495 τὰ
3548 2442 3735 2511 δεδογ-

2146 2526 2312 2608 μένα’
2333 2535 2720 2607 νομοθετοῦσιν
2775 2534 3198 2605 ἀπερισκέπτως
3233 2536 3331 2586 καὶ
3376 2535 3502 2586 λίαν
3553 2535 3728 2604 ἀφρο·

2123 2628 2414 2691 ,νὲστατα,
2463 2625 2500 2680 ἃ.
2543 2624 2679 2696 μηδὲ
2725 2623 2870 2699 αὐτὴ
2911 2623 3019 2676 τῶν
3075 2622 3422 2692 πραγμάτων
3480 2625 3515 2694 ἡ
3566 2623 3733 2692 φύσις

2143 2716 2452 2769 ἐπίσταται.
2493 2716 2624 2767 Δέον
2653 2713 2762 2784 γὰρ
2795 2713 2998 2782 λέγειν,
3029 2711 3265 2782 γράφειν
3289 2714 3383 2774 καὶ
3414 2712 3730 2775 είκονίζειν,

2145 2809 2510 2880 περιγράφειν
2547 2808 2702 2876 φασὶ,
2743 2805 2877 2874 μήτε
2907 2807 2982 2876 τῇ.
3005 2803 3442 2875 ἐκκλησιαστικῇ
3471 2805 3734 2857 6.61am:-

2143 2900 2252 2971 λίᾳ,
2288 2903 2424 2972 μήτε
2455 2898 2560 2970 μὴν
2590 2901 2657 2970 τῇ
2683 2897 2792 2950 τῶν
2833 2895 3175 2968 πραγμάτων
3207 2896 3522 2968 ’ἀκολουθίᾳ
3550 2911 3732 2970 προσ-

2146 2993 2458 3062 ανέχοντες.
2489 2991 2625 3044 Οὐδὲ
2651 2990 2721 3043 τὰ
2760 2993 2818 3044 ἐν
2844 2993 2910 3061 τῇ
2935 2992 3088 3060 κοινῇ
3112 2988 3286 3060 ταύτῃ
3313 2989 3378 3058 δὴ
3407 2978 3502 3041 καί
3539 2988 3733 3058 δημώ-

2143 3085 2221 3137 δει
2249 3085 2465 3156 χρήσει,
2509 3082 2808 3152 ἐπιγνῶναι
2840 3083 3037 3144 αὐτοὺς
3082 3081 3182 3151 τὴν
3216 3081 3426 3134 τοῦτων
3453 3081 3736 3152 διαφορὰν

2146 3173 2430 3234 πέπεικεν,
2463 3167 2552 3226 οἷά
2583 3175 2692 3226 εἰσι
2723 3172 2792 3226 τὰ
2834 3161 3108 3242 λεγόμενα
3139 3172 3198 3222 ἐν
3232 3173 3347 3234 τοῖς
3377 3171 3738 3242 συμϐολαίοις

2144 3267 2502 3335 γραμματεῖα
2567 3263 2984 3336 ὲμπερίγραφα,
3040 3262 3568 3331 ἁντιδιεσταλμὲνως
3611 3263 3732 3326 τοῖς

2145 3359 2236 3410 ἐπὶ
2289 3357 2402 3420 τοῖς
2469 3355 2746 3425 διηνεκέσι
2807 3355 3218 3426 συναλλάγμασι
3303 3355 3729 3426 νενομῖσμένοις

2143 3431 2543 3518 ὁνομαζδμενα.

2217 3537 2313 3604 ις’.
2367 3541 2433 3591 "U
2488 3538 2546 3591 δὲ
2600 3537 2818 3592 πάντων
2863 3537 3044 3592 αὐτῶν
3093 3537 3332 3608 μάλιστα
3369 3537 3727 3608 καταισχύνει

2145 3632 2244 3703 τὴν
2275 3633 2482 3696 ἄνοιαν,
2514 3633 2576 3683 οὐ
2631 3631 2872 3707 συνῆκαν
2921 3633 2970 3683 οἱ
3019 3630 3592 3704 δεί).αιοι.,11ανταχοῦ
3617 3627 3728 3697 γὰρ

2147 3723 2300 3776 αὐτοὶ
2317 3723 2421 3776 ἀνὰ
2455 3722 2630 3792 στόμα
2649 3720 2887 3790 ἔχοντες,
2905 3717 3270 3793 προ[σ]φρρου
3280 3734 3332 3770 σι
3360 3718 3450 3770 τὸν
3470 3716 3728 3770 διδάσκα-

2146 3813 2238 3866 λον
2283 3807 2560 3882 Ἀστέριον
2589 3811 3004 3882 προστάσσοντα
3036 3849 3050 3873 ,
3079 3807 3173 3875 ei;
3204 3826 3221 3858 ι
3258 3809 3352 3878 Μὴ
3397 3808 3581 3878 γράψε
3634 3809 3732 3859 τὶν

2147 3900 2382 3972 Χριστόν
2408 3917 2422 3930 ο
2459 3917 2476 3951 ι
2507 3899 2567 3952 οὐ
2603 3899 2730 3970 μὴν,
2757 3899 2848 3970 Μὴ
2871 3898 3208 3968 περίγραιρε,
3236 3897 3718 3965 διακελευόμενον.

2149 3994 2306 4046 Οὕτω
2337 3992 2392 4045 δὲ
2419 3992 2513 4045 καὶ
2543 3993 2571 4044 ὁ
2595 3991 2715 4044 καθ’
2743 3991 2891 4061 ἡμᾶς
2942 3990 3224 4060 Ἀστέριος
3255 3991 3314 4041 ὲν
3343 3991 3410 4059 τῇ
3452 3989 3598 4041 κατᾶ
3619 3987 3726 4056 τὴν

2148 4079 2314 4148 ἁγίαν
2346 4081 2598 4150 μάρτυρα
2621 4079 2908 4150 Εὐφημίαν
2925 4079 3194 4149 ὲκφράσει
3217 4078 3293 4149 (a)
3319 4094 3334 4110 °
3371 4097 3390 4130 ι
3421 4074 3576 4132 Εἶδον
3609 4080 3734 4130 ἐκεῖ.

2150 4172 2368 4242 γραφήν
2397 4189 2544 4236 τινα,
2583 4191 2602 4224 ι
2639 4171 2736 4243 τὴν
2763 4171 2914 4243 ἱερὰν
2943 4169 3183 4240 ἱστορίαν
3217 4172 3316 4240 τῆς
3347 4171 3730 4240 θεομάρτυρος

2151 4263 2280 4330 ἡμῖν
2299 4261 2621 4324 ὑποδεικνύς
2641 4277 2654 4290 ·
2701 4262 2762 4314 οὑ
2800 4263 3172 4332 περιγραφὴν,
3193 4245 3386 4330 εἴρηκε
3410 4278 3426 4293 ·
3458 4263 3556 4314 καὶ
3600 4277 3731 4331 γρα-

485 4357 736 4424 inquam,
769 4368 876 4407 non
919 4351 1412 4424 circumscriptam,
1443 4351 1753 4420 appellavit.
1778 4350 1928 4408 Vidit
1959 4370 2044 4408 ar-

2158 4352 2344 4424 φικὴν,
2373 4353 2434 4405 οὺ
2468 4353 2874 4424 περιγραφικὴν
2909 4353 3437 4423 κατωνομασμένην.
3477 4350 3602 4406 ora;

485 4456 612 4509 tein,
641 4455 695 4500 et
729 4445 996 4513 pictorum
1037 4442 1274 4512 optimos
1305 4441 1716 4511 obstupescere,
1746 4451 1801 4498 et
1830 4443 2046 4514 plurimi

484 4537 551 4591 ab
573 4536 656 4590 eis
688 4533 828 4598 ﬁeri,
861 4532 1260 4589 admirantibus
1293 4533 1633 4601 egregiorum
1661 4532 1931 4586 artiﬁcum
1970 4545 2048 4586 ta-

483 4627 656 4682 bulas.
703 4624 843 4691 Quid
879 4625 944 4678 de
995 4624 1124 4678 aliis
1145 4638 1308 4692 porro
1355 4625 1528 4694 sacris
1557 4622 1813 4679 Patribus
1851 4624 2054 4680 nostris

485 4715 812 4772 dicendum?
852 4730 1088 4786 quorum
1137 4714 1282 4769 alius
1333 4714 1702 4770 charaxantes
1747 4715 1800 4768 in
1854 4714 2053 4770 tabulis

484 4811 722 4880 pictores
747 4808 1004 4875 exhibet;
1035 4807 1174 4862 alius
1207 4816 1388 4862 autem
1421 4807 1496 4861 ait
1525 4823 1539 4862 :
1575 4805 1661 4860 An
1689 4807 1846 4863 vobis
1881 4807 2055 4860 homi-

555 5005 666 5078 (93)
693 5005 898 5062 Gellius
954 5003 1048 5078 lib.
1114 5019 1190 5068 τι,
1248 5001 1302 5057 5.
1361 5021 1379 5054 ι
1443 5000 1642 5078 Omnes
1677 5004 1901 5078 omnino
1959 5019 2046 5059 res

485 5072 605 5150 qua:
649 5072 846 5150 sensus
895 5077 1132 5150 omnium
1166 5081 1426 5150 movent,
1464 5072 1571 5150 τῶν
1625 5072 1764 5140 πρός
1809 5091 1876 5150 τι.
1917 5089 2040 5128 esse

487 5142 690 5205 dicunt.
734 5147 788 5200 Id
844 5145 1064 5198 verbum
1131 5142 1404 5213 signiﬁcat
1443 5143 1572 5196 nihil
1608 5158 1728 5196 esse
1751 5143 2041 5211 quidquam

484 5216 716 5291 quodex
740 5232 798 5270 se
829 5224 1060 5291 constet,
1089 5230 1192 5291 nec
1217 5214 1358 5281 quod
1387 5213 1581 5291 habeat
1620 5213 1743 5291 vim.
1762 5218 2039 5291 [ιι-οιξτιιιιιι

485 5281 540 5344 ἐι
567 5299 836 5349 naturam,
867 5287 960 5338 sed
983 5284 1158 5337 omnia
1194 5297 1440 5351 prorsum
1479 5283 1544 5334 ad
1583 5282 1784 5350 aliquid
1812 5281 2034 5347 referri;

490 5361 724 5426 taliaque
746 5357 934 5420 videri,
963 5354 1140 5426 qualis
1163 5357 1232 5409 sit
1261 5367 1446 5406 eorum
1470 5355 1677 5419 species
1699 5354 1824 5402 dum
1858 5351 2038 5404 viden-

488 5441 593 5493 tur,
609 5425 891 5494 qualiaque
909 5425 1046 5492 apud
1061 5437 1254 5477 sensus
1277 5432 1512 5494 nostros,
1532 5437 1638 5494 quo
1661 5431 2041 5487 pervenerunt,

487 5492 742 5552 creantur
763 5511 780 5560 ;
805 5492 908 5546 non
945 5495 1084 5560 apud
1116 5507 1256 5556 sese,
1291 5493 1430 5544 unde
1461 5492 1718 5560 profecta
1749 5497 1894 5560 sunt.
1921 5508 1958 5560 is

557 5565 669 5636 (94)
699 5557 1246 5636 ApndConibeﬁsintn
1273 5561 1430 5614 Auct.
1450 5557 1520 5614 B.
1547 5558 1730 5636 PR}.
1758 5557 1798 5624 Ι,
1829 5575 1891 5636 p._
1909 5559 2038 5636 267.

487 5628 791 5705 Et'quidei'n
843 5641 950 5686 tam
1002 5633 1102 5687 hoc
1153 5645 1313 5700 quam
1368 5641 1627 5700 sequente
1674 5628 1792 5684 loco
1843 5631 2040 5686 dicitur

2152 4443 2466 4512 τέχνην,καὶ
2479 4443 2585 4494 τῶν
2599 4444 2904 4514 ζωγράφων
2915 4445 3038 4504 τοὺς
3049 4443 3305 4518 ᾁρίστους
3321 4443 3351 4497 ὑ
3361 4443 3704 4514 περάγαοθαι
3717 4483 3736 4509 ,

2153 4533 2248 4586 καὶ
2265 4535 2343 4596 εἰς
2363 4535 2508 4603 μέγα
2527 4528 2692 4603 ἧρθαι
2711 4534 2840 4606 παρ’
2863 4535 3072 4598 αὐτοῖς,
3091 4523 3190 4587 καί
3211 4535 3327 4604 ἅμα
3351 4535 3729 4606 θαυμάζεσθαι

2160 4623 2269 4676 τῶν
2304 4626 2806 4696 φιλοτεχνουμὲνων
2846 4627 2974 4688 τοὺς
3013 4627 3269 4689 πίνακας.
3313 4625 3380 4678 Τί
3409 4629 3521 4698 χρὴ
3550 4627 3729 4694 λέγειν

2157 4715 2286 4786 περί
2308 4733 2370 4784 γε
2383 4717 2493 4768 τῶν
2511 4717 2685 4770 ἄλλων
2698 4720 2743 4770 le
2753 4717 2862 4786 ρῶν
2881 4717 3140 4788 Πατάρων
3157 4719 3190 4785 ἡ
3197 4716 3314 4786 μῶν
3334 4735 3350 4784 ;
3371 4711 3446 4771 ὧν
3464 4722 3493 4770 ὁ
3506 4719 3605 4788 μὲν
3622 4719 3730 4779 τοῖς

2163 4806 2378 4873 πίναξιν
2415 4807 2858 4878 ἐγχαράσσοντας
2905 4808 3032 4870 τοὺς
3073 4807 3397 4877 ζωγράφους
3431 4806 3726 4879 παρατίθει

2148 5004 2394 5059 Asterius
2415 5005 2660 5075 Amasea:
2684 5005 2986 5075 epise0pns.
3018 4997 3361 5074 theroquin
3397 5005 3542 5062 alius
3561 5009 3718 5062 etiam

2164 5075 2440 5143 antiquior
2476 5074 2724 5128 Asterius
2745 5074 2982 5128 Ariauus
3009 5076 3240 5138 exstitit,
3281 5077 3438 5142 cujus
3470 5077 3714 5144 eXplana-

2151 5145 2349 5198 tionem
2377 5147 2430 5198 in
2467 5155 2722 5213 quartum
2749 5146 3018 5214 psalmum
3061 5147 3228 5200 edidit
3275 5144 3718 5202 Montfauconius

2149 5229 2271 5268 cum
2323 5214 2576 5285 Eusebio,
2619 5229 2893 5285 quamque
2936 5216 2990 5268 in
3025 5220 3213 5272 codice
3237 5219 3410 5270 etiam
3452 5214 3715 5273 Vaticano

2147 5286 2374 5352 ipsemet
2404 5283 2711 5342 Observavi,

2231 5353 2344 5424 (95)
2375 5355 2544 5422 Apud'
2571 5352 2982 5420 Combeﬁsinm,
3018 5368 3106 5422 op.
3142 5355 3238 5409 cit.
3269 5369 3323 5421 p.
3353 5353 3483 5410 207.

2225 5421 2303 5495 (α)
2326 5421 2534 5479 Confer
2561 5424 2970 5495 ⁸(ξριιιιιοίιείιιιιι
3004 5421 3219 5495 Auctor.
3267 5425 3407 5479 Bibl.
3462 5423 3578 5478 PP.
3613 5435 3650 5480 ι.
3680 5421 3722 5492 l,

2149 5508 2200 5563 p.
2231 5493 2336 5548 207
2369 5505 2422 5548 et
2465 5511 2516 5562 p.
2551 5493 2682 5559 267,
2723 5494 2814 5562 qui
2873 5499 3042 5548 utitur
3073 5493 3379 5564 bicephoro
3405 5506 3591 5552 nostra
3619 5508 3724 5550 ms.

2149 5565 2239 5619 tibi
2275 5565 2333 5618 S.
2369 5565 2570 5621 Asterii
2602 5563 2905 5636 fragmenta
2944 5564 3166 5636 colligit.
