3972 6130
239 372 355 436 3ίῗ9

957 377 1587 439 ANTIRRHETICUS
1627 358 1688 438 Ii
1755 379 1924 440 ADV.
1964 381 2559 468 CONSTAQ’TINUM
2598 381 2812 443 COPR.

3411 381 3519 443 370

237 484 468 550 τέλεια,
504 483 692 555 σαφῶς
736 479 838 538 ὧδε
890 489 1290 558 πιστούμενος·
1331 489 1570 543 ὀδωδότα
1617 489 1712 542 τὸν
1741 506 1831 542 τε-

1963 505 2090 558 urns
2120 500 2239 546 erat
2281 480 2626 562 mysterium,
2653 508 2796 548 nunc
2825 491 2938 562 jam
2971 491 3274 548 communis
3315 503 3370 546 ct
3399 491 3522 546 uni-

237 579 570 650 τραήμερον
618 579 686 631 ὲκ
741 577 852 632 τῶν
909 581 1268 656 μυχαιτάτων
1309 583 1406 636 καὶ
1461 580 1686 651 ἀφανῶν
1739 579 1835 636 τοῦ

236 669 380 742 ᾅδου
429 670 654 741 χωρίων
701 671 778 735 ὼς
830 659 1012 735 ζῶντα
1052 675 1502 746 προκαλούμενος
1531 716 1546 739 ,
1597 675 1692 727 καὶ
1727 677 1838 738 τοῖς

238 761 388 828 ζῶσι
415 763 507 816 τὸν
529 763 638 839 ἠδη
672 764 809 836 πρὸς
849 765 1060 837 φθορὰν
1094 767 1457 836 ἐπειγόμενον
1491 766 1588 819 καὶ
1631 765 1866 836 λυόμε-¹

240 871 342 909 νον
376 855 832 926 ἐγκαταριθμῶν,
867 857 1118 929 ἐναργῶς
1165 858 1261 912 τοῦ
1294 857 1576 926 Θαύματος
1610 858 1710 927 τὴν
1741 857 1836 910 δύ-

242 963 420 1018 ναμιν
443 947 538 1000 τοῦ
557 947 958 1012 ζωοποιοῦντος
987 951 1114 1014 τοὺς
1146 951 1380 1022 νεκροὺς
1405 947 1830 1010 διαδεικνύντος.

260 1039 409 1093 Ἀλλ’
441 1040 566 1094 οὐδὲ
600 1040 837 1093 ἐνταῦθα
870 1039 968 1106 ὢν,
1007 1042 1112 1112 ἤδη
1149 1043 1247 1096 καὶ
1283 1043 1342 1095 ὲν
1379 1043 1764 1114 Καπερναοὺμ
1802 1041 1836 1110 ἣ

246 1130 311 1182 ἐν
339 1131 516 1202 ἑτέρῳ
553 1131 709 1202 τόπῳ
756 1132 902 1186 κατά
940 1132 1141 1186 ταυτὸν
1175 1133 1508 1201 σωματικῶς
1541 1133 1804 1201 ἐφαίνετο
1825 1147 1837 1158 ·

249 1224 354 1276 καὶ
382 1219 520 1285 ὅλως
555 1224 615 1276 ὲν
654 1223 792 1292 τῷδε
820 1221 897 1275 ὢν
927 1223 1008 1293 τῷ
1046 1225 1254 1294 χωρίῳ,
1297 1225 1398 1278 οὐκ
1425 1213 1494 1295 ἦν
1545 1225 1640 1277 καὶ
1680 1224 1844 1277 ἀλλα-

251 1312 380 1385 χόθι
399 1331 414 1344 ο
451 1313 546 1366 τὸν
575 1313 710 1382 γοῦν
740 1316 820 1378 εἰς
843 1315 1116 1386 οὐρανοὺς
1145 1317 1368 1370 ἀνιόντα
1406 1315 1505 1368 οὐκ
1529 1313 1649 1368 οἶδα
1684 1315 1738 1368 εί
1762 1331 1846 1377 τις

253 1403 400 1472 φαίη
423 1445 438 1468 ,
473 1405 571 1458 καί⁵
600 1403 698 1458 νῦν
737 1406 818 1459 ἔτι
863 1407 1198 1476 σωματικῶς
1229 1403 1546 1476 ἀνθρώποις
1580 1422 1846 1476 προσομι-

255 1495 464 1551 λοῦντα
510 1497 1062 1569 συναναστρέφεσθαι
1090 1539 1104 1561 ,
1141 1501 1191 1551 εί
1225 1499 1320 1552 καὶ
1355 1499 1531 1562 ἄλλως
1583 1498 1680 1550 σὺν
1711 1500 1847 1569 ἡμῖν

255 1585 339 1648 ὡς
383 1589 599 1652 πιστοῖς
635 1589 730 1642 καὶ
763 1589 993 1652 οἰκείοις
1043 1588 1370 1652 διαιωνίζων
1410 1589 1549 1652 ἐστὶ,
1606 1587 1749 1642 κατά
1786 1588 1848 1640 τὸ

257 1676 598 1748 ἐπάγγελμα
623 1695 636 1708 ·
667 1679 716 1730 εί
761 1677 836 1750 μὴ
885 1679 1136 1749 μέλλοιεν
1171 1679 1263 1732 καὶ
1297 1679 1434 1748 πρὸς
1479 1679 1655 1732 ταῦτα
1686 1659 1847 1748 περι-

257 1769 701 1840 τραχύνεσθαιοί
731 1762 1028 1841 ἀλλότριοι.
1055 1771 1166 1824 Καὶ
1194 1771 1282 1825 ἵνα
1316 1771 1390 1843 μὴ
1419 1773 1485 1826 τὰ
1516 1771 1687 1825 πολλά
1713 1773 1850 1838 διεξ-

261 1861 444 1922 ιόντες
483 1863 696 1933 μακρὸν
735 1863 1114 1934 ἀποτείνωμεν
1173 1859 1554 1934 λόγον,ἐίπερ
1597 1862 1849 1933 ὲνσὼμα-
1885 1850 1923 1902 Β

257 1971 360 2018 τος
391 1951 480 2024 ἦν,
519 1958 576 2008 ἐν
607 1955 757 2026 τόπῳ
783 1951 852 2026 ἧν
881 1957 978 2008 καὶ
1013 1956 1484 2028 περιεγέγραπτο.
1524 1956 1704 2020 Τόπος
1743 1955 1852 2027 γὰρ

261 2049 449 2116 πέρας
489 2049 609 2101 ἐστὶ
639 2047 732 2102 τοῦ
771 2047 1128 2120 περιέχοντος
1154 2048 1345 2114 μκαθὸ
1378 2041 1630 2118 περιέχει
1663 2049 1723 2101 τὸ
1752 2066 1852 2101 πε-

262 2139 613 2210 ριεχόμενον,
648 2141 744 2192 καὶ
775 2141 984 2210 πέρασι
1011 2138 1322 2210 διείληπται
1357 2139 1478 2192 καθ’
1509 2139 1574 2204 ἃς
1607 2139 1854 2212 όρίζεσαι

260 2226 558 2300 [ὁρίζεται]
597 2228 837 2298 σχέσεις.

338 2317 428 2374 ιϐ’.
477 2320 647 2392 Δῆλον
677 2316 794 2386 οὖν,
827 2320 904 2383 ὡς
939 2320 1038 2374 καὶ
1064 2322 1092 2374 ὁ
1122 2319 1382 2392 Χριστὸς,
1419 2320 1580 2390 σῶμα
1611 2317 1852 2388 ἀληθῶς,

262 2412 369 2466 καὶ
409 2412 472 2465 οὐ
513 2397 658 2466 κατὰ
695 2411 940 2483 δόκησιν,
987 2412 1170 2483 φορῶν
1203 2412 1266 2464 τὸ
1313 2411 1610 2482 ἡμέτερον,
1649 2409 1709 2464 ἕν
1747 2427 1855 2462 τινι

256 2506 418 2576 τόπῳ
469 2503 568 2572 ὢν,
629 2505 731 2558 οὐκ
779 2500 848 2576 ἦν
891 2503 1232 2574 σωματικῶς
1282 2502 1562 2572 πανταχοῦ
1594 2515 1608 2532 ⁸
1666 2501 1728 2566 ἐξ
1779 2495 1855 2555 ῶν

261 2597 492 2652 πάντων
549 2597 804 2668 φανερὸν,
859 2597 944 2650 ὅτι
998 2600 1470 2667 περιεγέγραπτο.
1525 2594 1638 2647 Καὶ
1677 2597 1726 2646 εἰ
1781 2598 1853 2665 μὴ

260 2689 432 2742 τοῦτο
463 2689 889 2758 ὁμολογήσαιεν,
917 2687 1010 2742 τὸν
1042 2687 1234 2761 ἕτερον
1263 2689 1467 2758 τρόπον
1501 2689 1759 2754 δώσουσι,
1788 2693 1852 2758 τῇ

261 2779 636 2850 κακοδαίμονι
679 2779 790 2832 τῶν
840 2779 1098 2852 Δοκητῶν
1143 2778 1324 2850 πλάνῃ
1357 2778 1681 2848 μαινόμενοι
1715 2795 1854 2848 συμ-

263 2869 722 2943 περιενεχθὲντες
749 2912 764 2935 ,
799 2871 858 2924 ὲν
901 2871 1175 2941 φαντασίᾳ
1205 2870 1306 2940 τὴν
1338 2869 1432 2922 τοῦ
1467 2871 1683 2942 Κυρίου
1723 2871 1858 2940 σάρ-

261 2962 444 3016 κωσίν
481 2977 540 3013 τε
581 2962 677 3014 καὶ
711 2959 1026 3032 σταύρωσιν
1055 2960 1501 3031 ὀνειρὼσσοντες.
1557 2960 1708 3028 Μηδὲ
1749 2961 1858 3031 γὰρ

263 3047 412 3103 εἶναι
447 3049 685 3121 Χριστδν
713 3049 806 3132 τρν
859 3049 1273 3122 σταυρούμενον
1309 3051 1712 3120 ἐφαντάζοντο,
1742 3050 1858 3107 ἀλλ’

265 3139 440 3194 αὐτὸν
495 3141 596 3210 μὲν
645 3143 741 3195 ἐπὶ
773 3141 870 3194 τοῦ
906 3141 1067 3214 ὅρους
1117 3142 1470 3208 καθέζεσθαι,
1506 3144 1764 3216 διαγελᾷν
1801 3145 1856 3198 δὲ

280 3232 580 3295 Ἰουδαίους
619 3232 694 3295 ὡς
727 3231 949 3303 Σίμωνα
995 3234 1392 3306 σταυροῦντας,
1433 3233 1582 3300 δόξαι
1622 3236 1858 3306 Χριστὸν

268 3321 680 3394 ἐσταυρῶσθαι.
715 3323 832 3377 Οὐκ
879 3322 940 3389 ἐξ
983 3325 1142 3396 ἡμῶν
1189 3322 1283 3380 οὖν
1329 3325 1457 3398 ἔσχε
1505 3326 1743 3398 Χριστὸς
1798 3327 1858 3381 τὸ

267 3415 741 3486 περιγράφεσθαι,
764 3416 886 3470 οὐδὲ
911 3417 1064 3488 παρά
1095 3417 1154 3470 τὸ
1185 3419 1475 3484 είκονίζειν
1499 3421 1648 3490 ἡμᾶς
1673 3421 1856 3486 αὑτὸν,

270 3509 660 3580 περιγραπτός
701 3510 842 3563 ἐστι.
879 3510 1088 3581 Μακρά
1120 3509 1214 3564 οὖν
1245 3512 1507 3584 ληροῦσιν
1537 3515 1585 3565 οἱ
1616 3513 1857 3580 ἀνόητοι,

270 3601 375 3652 καὶ
395 3600 717 3654 ἀπαίδευτοι
743 3643 758 3664 ,
796 3601 892 3656 καὶ
933 3605 1116 3674 πάσης
1147 3604 1522 3676 ὴμοιρηκότες
1555 3605 1856 3670 συνέσεως,

271 3693 376 3744 καὶ
407 3693 563 3748 οὐδὲν
606 3694 717 3748 τῶν
759 3696 1084 3766 μεμηνότων
1135 3695 1343 3765 βέλτιον
1370 3698 1608 3767 ἔχοντες.
1648 3697 1860 3750 Οὐκοῦν

271 3784 340 3838 οὐ
392 3788 815 3859 περιγράφομεν
871 3789 1038 3842 αὐτὸν
1083 3791 1284 3860 ἡμεῖς’
1344 3792 1463 3856 πῶς
1512 3792 1623 3864 γὰρ
1673 3783 1863 3862 τόνγε

274 3879 619 3949 σωματικῶς
648 3879 726 3952 μὴ
771 3880 1052 3952 παρόντας
1095 3881 1234 3937 ἀλλά
1273 3873 1601 3954 γράφομεν,
1630 3885 1692 3937 οὐ
1729 3885 1864 3938 καθὸ

199 4013 219 4024 -
273 3972 712 4042 περιγράφεται,
749 3972 890 4026 ἀλλὰ
921 3973 1056 4027 καθὸ
1085 3975 1396 4046 γράφεσθαι
1430 3977 1647 4046 πέφυκε
1677 3994 1866 4048 σωμα-

273 4063 452 4126 τικῶς
481 4103 496 4129 ,
523 4061 606 4134 αἴν’
636 4065 991 4137 ἐκδηλότερον
1023 4069 1166 4138 φανῇ
1197 4067 1258 4120 τὸ
1281 4067 1392 4122 τῶν
1425 4069 1621 4138 φωνῶν
1662 4086 1866 4142 σημαι-

275 4156 531 4226 νόμενον.
552 4155 736 4221 υῦτως
775 4157 947 4240 uallari
968 4161 1273 4226 εἰκόνες,οὺ
1293 4160 1432 4214 καθὸ
1465 4161 1865 4232 περιγραπτὸς,

275 4247 424 4300 ἀλλὰ
455 4247 593 4302 καθὸ
633 4249 905 4320 γραπτὺς,
937 4251 1272 4323 γνωρίζουσι
1317 4255 1485 4308 πᾶσιν
1517 4253 1706 4308 αὐτόν.
1757 4255 1868 4309 Καί

277 4357 347 4408 γε
383 4340 482 4393 καὶ
521 4342 688 4411 ἡμεῖς
731 4341 1094 4412 είκονίζομεν,
1137 4345 1236 4414 οὐχ
1350 4345 1524 4412 Λόγος
1575 4346 1674 4400 καὶ
1725 4347 1860 4410 Θεὸς

277 4433 541 4505 (ἀόρατος
563 4434 673 4509 γὲιρ
706 4437 799 4489 καὶ
821 4437 1034 4506 ἀναφὴς
1060 4438 1154 4490 καὶ
1183 4439 1622 4509 ἀσχημάτιστος,
1643 4441 1828 4508 ἄπαγε
1851 4456 1864 4471 ’

1941 583 2166 638 versalis
2203 585 2616 650 resurrectionis
2652 585 2908 652 praeludia
2941 586 3198 640 ostendit.
3231 585 3508 640 Feteutem

1941 674 2365 742 quatriduanum
2399 691 2464 730 ex
2503 677 2700 734 abditis
2747 677 3107 748 obscurisque
3149 675 3349 730 inferni
3383 675 3516 730 locis

1941 765 2122 820 vivom
2152 776 2406 832 revocat;
2443 775 2498 821 et
2542 769 2851 823 viVentibus
2882 784 3030 832 eum,
3069 767 3158 836 qui
3192 768 3246 821 in
3276 765 3526 836 putredi-

1945 871 2066 936 nein
2101 857 2214 927 jam
2253 857 2542 912 -rcsolutus
2596 859 2809 920 abibat,
2849 860 3208 924 adnumerat;
3266 859 3375 910 vim
3411 856 3530 924 eius

1946 957 2189 1002 mortuos
2223 947 2530 1002 viviﬁcandi
2581 949 2846 1003 miraculo
2877 949 2979 1004 hoc
3029 950 3314 1004 evidenter
3365 963 3526 1002 mon-

1945 1049 2173 1094 strante.
2207 1037 2314 1093 Sed
2341 1040 2486 1095 enim
2517 1039 2647 1094 dum
2693 1041 2782 1094 hic
2811 1051 2975 1106 esset,
2998 1041 3110 1109 jam
3141 1055 3250 1094 non
3279 1038 3527 1109 Caphar-

1947 1131 2127 1184 naunii
2161 1131 2339 1186 aliove
2394 1131 2446 1186 in
2481 1131 2624 1198 loco,
2654 1135 2844 1187 eodem
2881 1143 3125 1202 tempore
3161 1131 3524 1202 corporaliter

1948 1224 2244 1277 visebatur.
2279 1221 2514 1277 Prorsus
2555 1225 2680 1277 dum
2718 1225 2768 1277 in
2798 1225 2900 1279 hoc
2926 1225 3046 1280 loco
3073 1233 3240 1291 esset,
3277 1222 3406 1278 alibi
3442 1223 3526 1275 iu-

1950 1315 2106 1370 terim
2148 1331 2256 1369 non
2291 1325 2431 1369 erat.
2461 1316 2594 1370 Eum
2624 1317 2792 1383 igitur
2821 1319 2911 1387 qui
2949 1317 3004 1371 in
3039 1319 3210 1372 cwlos
3261 1327 3532 1370 conscen:

1948 1407 2050 1468 dit.
2078 1406 2219 1460 haud
2250 1406 2364 1460 scio
2392 1421 2458 1460 an
2481 1407 2936 1490 quisquamdicet
2959 1405 3319 1474 Corporaliter
3345 1405 3523 1458 adhuc

1949 1501 2094 1554 inter
2126 1501 2372 1554 bon'tines
2403 1499 2633 1554 versari.
2667 1498 2986 1566 Quanquam
3017 1497 3122 1552 alio
3151 1497 3311 1552 modo
3343 1495 3526 1549 nobis-

1950 1607 2074 1647 cum
2127 1607 2223 1646 ceu
2277 1591 2526 1646 ﬁdelibus
2569 1606 2634 1647 ac
2687 1591 3052 1646 familiaribus
3105 1599 3370 1661 perpetuo
3425 1598 3529 1652 est,

1951 1685 2248 1739 secundum
2295 1687 2748 1754 promissionem;
2788 1685 2892 1739 nisi
2931 1684 3073 1739 forte
3107 1683 3170 1741 .in
3225 1683 3329 1736 hoc
3365 1679 3524 1735 etiam

1952 1777 2286 1850 stomachari
2335 1776 2525 1831 volent-
2559 1775 2611 1830 bi
2661 1792 2688 1828 a
2739 1775 2844 1830 ﬁde
2900 1784 3086 1829 nostra
3128 1773 3314 1849 alieni.
3365 1771 3431 1825 Et
3461 1784 3530 1824 ne

1955 1869 2121 1924 multa
2144 1869 2518 1939 persequendo
2538 1867 2754 1938 longius
2777 1881 3080 1922 sermonem
3101 1866 3454 1936 protraham;
3489 1863 3532 1917 si

1953 1961 2206 2016 Christus
2237 1970 2559 2029 corporatus
2609 1970 2761 2025 erat,
2807 1961 2996 2028 utique
3047 1960 3098 2013 in
3157 1957 3274 2012 loc‘o
3323 1967 3438 2012 erat
3481 1965 3538 2008 et

1955 2052 2424 2119 circumscriptus.
2450 2051 2582 2104 Nam
2613 2050 2764 2106 locus
2791 2051 3058 2107 terminus
3073 2057 3156 2102 est
3182 2046 3534 2107 continentis,

1955 2155 2226 2214 quatenus
2257 2144 2532 2208 continet,
2571 2152 2627 2198 et
2674 2141 2926 2200 terminis
2971 2141 3310 2204 continetur,
3343 2152 3541 2193 secun-

1957 2237 2082 2291 dum
2113 2251 2210 2290 eas
2241 2235 2439 2304 quibus
2467 2233 2769 2303 praeﬁnitur
2797 2234 3112 2288 relationes.

2029 2329 2114 2382 19.
2154 2328 2304 2384 Patet
2358 2329 2542 2398 igitur,
2580 2331 2861 2386 Christum
2911 2345 3128 2400 quoque
3162 2343 3290 2383 vere
3329 2337 3398 2381 'et
3430 2341 3535 2379 non

1955 2430 2282 2488 apparentcr
2331 2435 2530 2488 corpus
2575 2433 2822 2476 nostrum
2876 2429 3202 2489 gestantem,
3256 2419 3440 2485 aliquo
3483 2417 3536 2470 in

1940 2493 2076 2566 'loco
2135 2513 2530 2580 essistcntem,
2585 2530 2691 2568 non
2745 2514 2917 2568 fuisse
2967 2513 3169 2581 ubique
3231 2507 3538 2578 corporali--

1960 2611 2040 2655 ter
2069 2620 2083 2657 :
2113 2605 2310 2673 quibus
2332 2620 2396 2659 ex
2431 2606 2692 2658 euntibus
2715 2615 2927 2660 cotistat
2956 2620 3078 2658 cum
3113 2603 3278 2657 fuisse
3305 2605 3544 2656 circum-

1957 2695 2244 2764 scriptum.
2283 2697 2437 2763 Quod
2486 2698 2530 2752 si
2581 2692 2748 2752 nolint
2801 2697 3075 2760 conﬁteri,
3115 2697 3282 2750 alium
3321 2694 3540 2748 nodum

1959 2788 2296 2852 narrabant,
2352 2789 2556 2843 infelici
2627 2789 2950 2843 Dnectarmn
3016 2803 3206 2842 errore
3270 2786 3544 2840 furialiter

1961 2879 2190 2947 abrepti,
2227 2879 2754 2948 phantasia'tantum
2781 2879 3076 2947 ctnitigisse
3105 2877 3316 2932 Domini
3353 2877 3542 2928 incar-

1962 2971 2232 3026 nationem
2279 2982 2329 3024 et
2356 2971 2766 3026 crucilixionem
2801 2971 3164 3026 somniantes.
3196 2968 3329 3022 Nam
3379 2967 3542 3021 Chri-

1961 3072 2101 3114 smm
2149 3061 2290 3114 haud
2321 3062 2488 3114 fuisse
2537 3061 2859 3116 cruciﬁxum
2915 3059 3198 3128 imaginati
3247 3068 3404 3126 sunt;
3447 3058 3554 3111 sod-

1965 3156 2138 3223 ipsum
2171 3158 2404 3224 quidem.
2441 3157 2494 3210 in
2545 3164 2730 3210 monte
2783 3155 3064 3211 sedentem
3117 3151 3332 3207 Judteos
3386 3152 3532 3204 deri-

1963 3247 2100 3300 sisse
2118 3286 2132 3308 ,
2164 3262 2262 3301 ceu
2289 3247 2382 3315 qui
2410 3246 2686 3302 Simonem
2713 3243 3066 3318 (Cyrenmum
3092 3241 3109 3306 )
3137 3241 3542 3310 cruciﬁgentes,

1965 3345 2216 3406 putarent
2248 3339 2519 3393 Christum
2551 3337 2888 3392 cruciﬁxisse
2927 3333 3162 3408 (97-98).
3222 3332 3339 3387 Non
3381 3331 3546 3401 igitur

1965 3427 2127 3482 habet
2179 3427 2429 3484 Christus
2481 3445 2508 3481 a
2571 3427 2728 3482 nobis
2775 3425 3382 3493 cirmunscriptionem;
3447 3438 3547 3475 nec

1963 3520 2088 3588 quia
2137 3535 2167 3574 a
2215 3521 2371 3574 nobis
2423 3520 2606 3588 imago
2657 3517 2776 3586 cjus
2809 3518 3051 3586 pingitur
3085 3517 3202 3571 sive
3257 3515 3544 3583 sculpitur,

1966 3611 2172 3665 idcirco
2219 3611 2266 3665 is
2304 3620 2390 3665 est
2420 3611 2888 3678 circumscriptus.
2930 3607 3094 3664 Valde
3127 3609 3314 3676 itaque
3340 3620 3550 3674 ttttgnn-

1967 3711 2054 3757 tur
2099 3704 2152 3758 lii
2195 3703 2378 3757 stolidi
2436 3702 2546 3773 33
2594 3711 2647 3758 et
2693 3703 2902 3773 ignari,
2953 3701 3212 3768 omnique
3267 3699 3560 3753 intellectu-

1967 3795 2135 3860 cassi,
2181 3811 2356 3864 neque
2405 3795 3028 3858 furentibussaniores,
3079 3791 3196 3846 Non
3238 3805 3368 3859 ergo
3407 3803 3544 3853 nos,

1966 3889 2212 3956 inquam,
2237 3887 2514 3942 Christum
2540 3885 3046 3942 circumscribimus
3076 3901 3092 3938 :
3113 3887 3386 3950 quomodo
3403 3883 3554 3935 enim

1969 3978 2022 4032 id
2057 3977 2236 4041 ﬁeret,
2283 3992 2349 4031 eo
2396 3975 2758 4043 corporaliter
2791 3989 2898 4029 non
2935 3971 3251 4042 prasente?
3280 3970 3388 4024 Sed
3425 3985 3548 4024 eum

1967 4071 2330 4133 delineamus,
2367 4082 2476 4122 non
2523 4077 2794 4136 quatenus
2837 4065 2909 4120 sit
2937 4063 3404 4131 circumscriptus.
3455 4063 3554 4116 sed

1971 4172 2240 4230 quatenus
2284 4170 2478 4215 natura
2527 4175 2621 4214 sua
2654 4161 2725 4212 ita
2779 4168 3126 4228 comparatus
3162 4163 3246 4210 est
3295 4164 3354 4211 ut
3383 4156 3553 4224 possit

1972 4253 2254 4310 delineari.
2287 4251 2380 4306 Sic
2404 4251 2548 4306 enim
2579 4251 2690 4320 jam
2718 4249 3326 4308 vocabulorumscnsns
3352 4248 3554 4303 clarius

1972 4322 2348 4414 patescetjlta
2386 4343 2550 4396 etiam
2599 4341 2784 4395 iconcs
2816 4355 2964 4404 etnn,
3002 4353 3108 4393 non
3142 4348 3412 4408 quatenus
3445 4340 3554 4394 cir-

1973 4439 2388 4506 cumscriptum,
2418 4435 2514 4489 sed
2544 4445 2814 4502 quatenus
2839 4431 3098 4487 delineari
3123 4442 3320 4499 potest,
3345 4432 3556 4486 cunctis

276 4527 718 4600 παραφροσύνης
747 4529 858 4599 γὰρ
895 4530 1056 4582 τοῦτό
1079 4531 1276 4599 γε,καὶ
1301 4533 1402 4603 τῆς
1434 4533 1664 4586 ἀπασῶν
1698 4533 1857 4604 ἐσχά-

1977 4532 2284 4586 uotiﬁcant.
2321 4529 2537 4596 Nosque
2573 4512 2890 4580 adcoilluni
2943 4523 3239 4593 ﬁguramus
3264 4565 3279 4591 ,
3305 4537 3412 4576 non
3451 4537 3555 4592 qua

273 4637 384 4690 της
439 4621 700 4685 ἀπονοίας
755 4623 1122 4694 ἀνάμεστον),
1149 4619 1329 4700 ἀλλ’ᾖ
1379 4624 1670 4696 ἄνθρωπος
1725 4626 1866 4678 κατά

279 4714 471 4766 πάντα
501 4713 914 4785 πεφανέρωται.
943 4717 1056 4786 Οὐχ
1081 4716 1276 4785 ῶσπερ
1305 4716 1384 4788 τῷ
1419 4715 1674 4787 ’Λϐραάμ
1703 4715 1866 4788 ὤφθη

279 4801 383 4856 καὶ
407 4805 522 4865 τοῖς
563 4805 882 4874 προφήταις
917 4808 977 4860 ὲν
1001 4807 1133 4862 εῖδει
1161 4806 1454 4879 ἀνθρώπου
1477 4850 1492 4874 ,
1527 4807 1664 4873 ἀλλ’,
1685 4809 1766 4861 ὅτι
1808 4809 1870 4862 '0

278 4894 482 4962 Λόγος
527 4895 687 4964 σὰρξ
735 4896 975 4968 ἐγένετο
1003 4939 1017 4962 ,
1055 4899 1155 4954 καί
1189 4901 1547 4966 ἐσκήνωσεν
1580 4900 1650 4954 ἑν
1701 4901 1865 4969 ἡμῖν.

280 4987 419 5052 Καὶ,
468 5003 489 5037 ι
538 4985 600 5040 '0
643 4987 820 5056 Λόγος
871 4989 1207 5059 παχύνεται,
1257 5009 1275 5042 ι
1309 4993 1336 5045 ὅ
1377 4994 1532 5054 ἐστι,
1587 4991 1688 5061 τὴν
1745 4990 1868 5043 καθ’

277 5081 434 5152 ἡμᾶς
470 5079 652 5152 σάρκα
679 5081 990 5154 πεφόρεκε·
1016 5084 1130 5149 καὶ,
1163 5103 1180 5134 ι
1203 5084 1264 5136 '0
1289 5083 1532 5155 ἄναρχος
1557 5082 1814 5154 ἄρχεταιο
1848 5101 1868 5132 ι

353 5232 568 5307 (97:98)
586 5233 971 5307 Animadverte
1001 5235 1519 5307 insigniterimpiam
1550 5236 1872 5307 Docctarum

279 5305 381 5363 seu
444 5305 942 5361 Phantasiastarum
992 5306 1246 5369 tabulam,
1287 5306 1427 5360 haud
1459 5309 1573 5360 scio
1629 5322 1694 5358 an
1746 5305 1872 5358 alibi

282 5386 674 5433 memoratam.
698 5375 902 5430 Revera
923 5375 1314 5430 Plianlasiasla:
1349 5376 1637 5430 humanam
1668 5375 1870 5429 Christi

283 5459 544 5503 naturam
567 5457 847 5516 negantes,
869 5445 986 5514 ejus
1005 5461 1222 5513 quoque
1251 5449 1558 5514 passionem
1592 5461 1655 5500 ac
1683 5457 1867 5498 necem

281 5527 692 5586 consequenter
717 5517 1070 5586 rejicicbant:
1093 5525 1259 5585 atque
1275 5517 1348 5567 ita
1381 5516 1658 5570 ludibundi
1679 5530 1870 5583 prone-

281 5585 510 5642 modum
545 5603 610 5641 ac
643 5585 782 5640 male
811 5585 988 5640 feriati
1035 5585 1418 5654 huncquoque
1462 5587 1707 5656 Cyrcntni
1747 5600 1870 5652 sup.

283 5659 617 5726 positionem
703 5657 1187 5724 excogitaverunt;
1246 5657 1346 5708 nisi
1405 5656 1546 5710 forte
1609 5658 1778 5724 ipsam
1841 5671 1870 5708 a

281 5727 606 5786 hiauit-limis
638 5728 792 5796 quasi
844 5727 1086 5780 lncredes
1139 5733 1486 5796 acceperant.
1547 5727 1870 5780 Phantasia-

287 5813 403 5858 stas
436 5795 684 5856 Severus
717 5797 1034 5867 patriarcha
1065 5795 1439 5852 Antiochcuus
1476 5797 1631 5852 libris
1677 5807 1865 5850 contra

1180 5975 1237 6018 ἰ

1978 4624 2215 4679 Verbum
2243 4631 2324 4677 est
2354 4630 2408 4676 et
2441 4619 2616 4683 Dens;
2644 4617 2746 4672 hac
2771 4617 2972 4672 ctrnim
3002 4617 3214 4671 ratione
3243 4615 3555 4692 inrisibilis,

1979 4713 2344 4784 itltangibilis,
2402 4719 2457 4765 ct
2499 4709 2704 4780 absque
2736 4706 2908 4762 forma
2959 4718 3040 4762 cst
3079 4705 3259 4779 (absit
3311 4707 3440 4773 hoc,
3478 4707 3560 4761 iu-

1979 4821 2171 4860 sanum
2209 4805 2404 4872 quippe
2425 4811 2590 4865 esset,
2622 4813 2677 4854 et
2715 4817 2926 4855 summa
2959 4801 3227 4856 dementia
3264 4797 3554 4869 plenum);

1980 4897 2072 4950 sed
2106 4905 2373 4964 quatenus
2415 4895 2579 4948 homo
2610 4890 2810 4956 factus,
2843 4891 3042 4960 ubique
3078 4890 3176 4945 luit
3207 4891 3555 4958 conspicuus.

1980 4989 2096 5043 Non
2151 4990 2293 5042 sicut
2339 4967 2655 5038 Abrahan'io
2683 4984 2842 5045 ,visus
2875 4994 2956 5037 est
3001 4994 3164 5052 atque
3193 4983 3472 5052 prephetis
3506 4984 3558 5036 iu

1971 5077 2220 5134 hominis
2262 5077 2444 5156 specie
2465 5115 2482 5142 ,
2507 5075 2602 5130 sed
2657 5071 2784 5142 quia
2813 5072 3033 5128 Verbum
3065 5089 3191 5127 caro
3222 5073 3425 5142 factm»
3459 5082 3559 5138 est,

1977 5231 2254 5301 Julianutn
2334 5231 2504 5285 llalic.
2565 5231 2892 5298 pulsaverat,
2945 5238 3176 5301 et_cn-u
3237 5229 3550 5284 Mauricii-mis

1979 5299 2292 5370 (:nnspirat'e
2313 5303 2822 5370 demonstraverat;
2853 5312 2986 5370 quos
3025 5299 3192 5354 libros
3225 5316 3321 5355 nos
3353 5302 3552 5368 partim

1977 5368 2248 5426 edidi—mus
2293 5371 2480 5439 Spicil.
2538 5368 2690 5422 Rom.
2730 5378 2768 5422 ι.
2825 5369 2895 5424 Χ.’
2924 5369 3067 5422 Idem
3126 5369 3334 5423 fecerat
3383 5372 3550 5422 etiam

1975 5443 2314 5497 Theodosius
2345 5443 2651 5510 patriarcha
2684 5440 3106 5502 Alexandrinus,
3139 5439 3294 5506 cujus
3318 5441 3573 5510 "scripta

1972 5515 2024 5566 in
2083 5509 2654 5566 Arabicis'codiribus
2731 5510 2925 5576 partim
2983 5511 3253 5564 novimus.
3305 5509 3554 5578 Cumque

1971 5585 2022 5638 lii
2041 5584 2276 5638 lucretici
2301 5585 2338 5634 Α
2353 5581 2612 5634 rmcuiazn
2634 5593 2850 5646 quoque
2880 5579 3368 5642 ccutaininasscnt,
3405 5581 3553 5634 rei..-

1983 5656 2078 5707 tati
2098 5664 2218 5707 sunt
2249 5651 2447 5704 sa'cuio
2469 5659 2662 5702 octavo
2681 5666 2708 5700 a
2731 5649 3036 5716 patriarcha
3059 5650 3266 5703 Joanne
3289 5651 3553 5704 Uzuiensi

1981 5741 2040 5778 ca
2069 5724 2328 5792 przrclara
2371 5721 2638 5786 oratione,
2683 5734 2803 5788 qtuc
2836 5720 2974 5788 typis
3150 5718 3555 5776 Mcchitarista-

1983 5788 2099 5849 rum
2141 5793 2379 5848 Vcnctiis
2407 5800 2529 5846 ante
2569 5792 2664 5845 hos
2699 5806 2868 5844 annos
2893 5788 3112 5859 prodiit.
