3898 6150
226 315 325 379 e73

934 311 1562 373 ANTIRRHETICUS
1597 312 1680 372 ΙΙ.
1720 313 1889 373 ADV.
1930 313 2521 377 CONSTANTINUM
2558 318 2772 378 COPR.

3373 312 3481 380 37$

229 425 428 486 πάντες
456 415 541 485 οἷς
578 420 650 476 τὰ
694 419 1031 491 αἰσθητήρια
1060 422 1159 491 τῆς
1184 420 1364 491 ψυχῆς
1388 420 1626 492 ἔρρωται
1664 438 1805 491 συμ-

1915 423 2378 494 circumscriptum
2411 435 2590 480 autem
2614 464 2630 490 ,
2660 436 2718 480 ut
2752 439 2939 479 omnes
2972 421 3168 492 quibus
3201 424 3335 478 sant‘
3356 435 3483 479 sunt

227 509 493 580 φωνοῦσι,
524 510 621 564 καὶ
654 510 886 580 ἀόρατόν
914 512 1052 563 ἐστι’
1083 512 1145 563 τὸ
1171 511 1228 564 δὲ
1259 511 1515 582 ἀόρατον,
1555 511 1649 587 καὶ
1674 513 1807 566 ἁνα-

231 603 327 672 φὲς
355 602 454 656 καὶ
485 602 887 672 ἀπερίληπτον,
901 603 996 655 καὶ
1029 602 1089 656 τὸ
1119 604 1227 656 πᾶν
1251 604 1446 667 εἰπεῖν,
1472 602 1764 673 ἀσώματον
1790 620 1804 635 ·

232 695 282 747 τί
309 694 375 764 δή
397 694 532 747 ποτέ
560 697 710 747 ἐστιν
734 694 975 762 ὄπερὲπὶ
998 694 1107 747 τῶν
1133 695 1369 748 τελετῶν
1390 694 1498 747 τῶν
1518 697 1653 765 παρ’
1673 696 1805 766 ἡμῖν

234 784 555 855 μυστηρίων
619 786 959 856 ἱερουργεῖτε
986 825 1001 849 ,
1054 786 1101 837 οί
1147 785 1308 838 ποσὶν
1342 785 1621 849 ἀνίπτοις,
1674 786 1702 839 ὃ
1741 786 1805 859 δὴ

231 874 474 942 λέγεται,
497 878 617 939 τοῖς
648 875 814 947 ἱεροῖς
836 875 1245 943 ὲπιϐαίνοντες;
1270 876 1333 928 Εἰ
1354 876 1466 945 γὰρ
1490 879 1588 945 οὐκ
1609 878 1801 942 ἁπτὸν,

230 965 350 1028 πῶς
377 967 782 1035 σφαγιάζεται;
827 966 920 1020 καὶ
947 966 1000 1019 τί
1041 965 1228 1019 θύεται
1280 967 1347 1032 ςδ
1390 970 1499 1039 γὰρ
1537 971 1608 1038 μή
1655 969 1805 1021 ἐστιν

234 1058 452 1127 ὁρατὸν,
496 1059 619 1111 οὐδὲ
652 1059 864 1128 πέφυκε
915 1056 1176 1124 θύεσθαι,
1207 1059 1330 1112 οὐδὲ
1381 1060 1803 1128 σφαγιάζεσθαι.

235 1150 337 1202 Καὶ
366 1151 520 1213 τίνος
546 1149 785 1203 ἅπτεσθε
819 1149 1092 1216 ἀναφοῦς,
1126 1150 1222 1202 καὶ
1270 1149 1458 1202 ὁποίου
1501 1149 1801 1219 σώματος;

240 1242 337 1293 Ποῖ
361 1240 421 1292 δὲ
454 1242 699 1310 χωρήσει
731 1242 862 1311 ὑμῖν
887 1243 946 1295 τὸ
977 1240 1115 1311 μετὰ
1149 1244 1337 1311 χεῖρας
1366 1243 1689 1312 φερόμενον,
1715 1242 1810 1295 καὶ

236 1330 459 1400 χειλέων
489 1331 624 1384 εἴσω
654 1330 1122 1401 κατακλειόμενον
1146 1330 1244 1383 καὶ
1288 1332 1766 1402 περιγραφόμενον
1788 1348 1801 1361 ·

235 1423 262 1475 ὃ
292 1425 383 1476 καὶ
412 1422 599 1476 ὀδοῦσι
622 1424 969 1488 λεπτύνεται,
999 1424 1094 1477 καὶ
1123 1422 1344 1477 ἐδεστὸν
1378 1424 1626 1492 γίνεται,
1664 1424 1717 1477 si
1743 1440 1806 1491 γε

237 1514 510 1582 ἄψαυστον
544 1513 604 1566 δν
629 1515 753 1568 οὐδὲ
787 1516 1043 1582 τέθυται;
1074 1516 1133 1568 ού
1167 1515 1277 1583 γὰρ
1321 1516 1412 1568 τὸν
1437 1516 1609 1585 Λόγον
1644 1515 1807 1570 αὐτὸν

239 1602 354 1655 καθ’
379 1602 551 1655 αὑτὸν
579 1603 794 1672 ἐδεστὸν
828 1601 968 1656 εἶναι
1006 1604 1236 1656 εἴποιτε.

239 1692 386 1746 edule
406 1693 657 1748 estiﬂes
686 1694 930 1761 profecto
957 1693 1292 1765 intangibilis
1352 1710 1458 1749 non
1523 1676 1874 1752 immolatur:

241 1783 447 1839 dicetis.

1914 516 2108 570 animae
2134 531 2329 572 sensus
2351 518 2677 581 concedunt,
2704 517 2976 571 invisibile
3000 517 3162 572 simul
3191 527 3303 583 est;
3341 503 3489 585 quod,

1912 620 2052 662 vero-
2087 608 2395 674 invisibile,
2449 610 2764 679 iutangibile
2806 624 3022 680 quoque
3055 618 3138 665 est
3183 619 3236 662 et
3275 609 3482 661 incom-

1913 698 2316 766 prehensibile,
2349 708 2532 774 atque,
2566 709 2626 754 ut
2660 714 2765 755 uno
2799 700 2966 754 verbo
2990 698 3190 762 dicam,
3228 698 3482 766 itu-orno-

1915 801 2103 856 reum;
2139 792 2268 859 quid
2290 833 2305 856 ,
2340 805 2471 857 oro,
2521 804 2618 846 vos
2663 791 2716 846 in
2751 800 3058 847 nostrorum
3095 788 3481 859 mysteriorum

1914 879 2131 949 liturgia
2163 883 2515 947 sacriﬁcatis,
2546 899 2665 951 vos,
2706 883 2950 951 inquam,
2980 883 3072 951 qui
3121 882 3286 936 illatis
3331 881 3480 946 pedi-

1915 971 2013 1026 bus
2066 973 2167 1041 (1),
2218 984 2277 1027 ιιι
2322 976 2665 1043 proverbium
2703 984 2818 1039 est,
2863 975 2928 1028 ad
2982 988 3137 1028 sacra
3197 970 3480 1026 acceditis?

1909 1060 2042 1115 Nam
2072 1064 2115 1117 si
2142 1064 2269 1118 illud
2296 1081 2497 1135 corpus
2526 1082 2633 1121 non
2664 1077 2746 1122 est
2771 1064 3053 1135 tangibile,
3086 1064 3356 1132 quomodo
3385 1064 3485 1116 im-

1909 1155 2183 1209 molatur?
2221 1157 2418 1226 quidve
2446 1159 2660 1212 demum
2693 1157 3067 1212 sacriﬁcatur?
3101 1171 3183 1209 res
3212 1156 3356 1208 enim
3397 1155 3482 1207 in-

1906 1245 2138 1300 visibilis
2167 1262 2344 1316 neque
2361 1248 2656 1303 sacriﬁcari
2679 1264 2853 1317 neque
2874 1249 3142 1302 immolari
3174 1257 3347 1315 potest
3376 1245 3477 1316 (2).

1910 1336 2228 1413 Quodnam)
2258 1353 2462 1408 quaeso,
2501 1339 2818 1408 intangibile
2850 1342 3062 1408 quodve
3095 1341 3309 1395 demum
3357 1353 3481 1392 cer-

1914 1444 2012 1497 pus
2054 1445 2147 1484 vos
2196 1430 2457 1498 tangitis'!
2488 1431 2729 1497 Quonam
2766 1431 2917 1484 vobis
2964 1431 3169 1494 abibit,
3200 1430 3347 1499 quod
3375 1443 3484 1497 pra:

1916 1520 2167 1575 manibus
2198 1520 2447 1587 habetis,
2482 1520 2623 1589 quod
2674 1520 2814 1574 intra
2861 1519 3001 1574 labia
3060 1517 3387 1573 coneluditis
3431 1522 3485 1568 et

1914 1610 2395 1676 circttmscrihitis,
2424 1613 2567 1682 quod
2600 1612 2852 1667 dentilms
2892 1610 3306 1673 comminuitur,
3341 1606 3484 1675 quod

1916 1716 2040 1756 nam
2069 1715 2215 1758 certe
2266 1702 2523 1771 Verbum,
2574 1719 2679 1774 qua
2717 1702 2952 1758 Verbum
3007 1709 3125 1777 est,
3160 1700 3299 1755 haud
3327 1698 3485 1756 edule

304 1876 428 1939 Πῶς
459 1876 519 1929 δὲ
552 1877 762 1931 καὶτὸν
783 1877 1014 1932 θάνατον
1047 1878 1288 1950 Χριστοῦ
1320 1878 1744 1947 καταγγέλλετε,
1775 1878 1808 1951 ἢ

1986 1878 2271 1945 Quomodo
2305 1879 2433 1934 item
2484 1878 2686 1935 Christi
2737 1894 2950 1949 quoque
2999 1886 3226 1933 mortem
3272 1894 3487 1936 annun-

239 1969 328 2038 τὴν
373 1969 679 2023 ἀνάστασιν
719 1969 1071 2041 ὁμολογεῖτε,
1126 1971 1220 2025 καὶ
1266 1971 1335 2024 τὰ
1390 1970 1808 2042 παραδεδομένα

240 2064 341 2124 τοῖς
396 2060 638 2131 μύσταις
674 2062 771 2116 τοῦ
824 2061 987 2129 λόγου
1039 2061 1185 2117 κατὰ
1237 2060 1334 2132 τὴν
1389 2061 1541 2131 ἱερὰν
1590 2062 1809 2132 ἐκείνην

241 2151 405 2205 νύκτα
424 2191 439 2216 ,
472 2152 597 2205 καθ’
626 2154 695 2223 ἢν
748 2153 1148 2223 κεκοινώνηκεν
1190 2152 1376 2214 αὐτοῖς
1404 2151 1512 2205 τῶν
1544 2150 1810 2204 ⁶τοιούτων

245 2243 596 2312 μυστηρίων;
640 2241 732 2308 Ἐξ
762 2238 838 2298 ὧν
868 2243 1153 2298 δείκνυσθε
1193 2243 1269 2305 ὡς
1302 2242 1690 2314 παράφρονες,
1724 2242 1811 2295 λέ-

246 2348 423 2398 γοντες
450 2333 535 2386 ὅτι
566 2334 686 2387 οὐδὲ
723 2335 751 2385 ό
781 2334 1021 2403 Χριστὸς
1065 2331 1282 2402 ἀληθῶς
1328 2332 1520 2386 ἑαυτὸν
1566 2331 1765 2386 τέθυκε
1791 2370 1808 2394 ,

246 2420 492 2489 σώματος
534 2424 913 2494 περιγραπτοῦ
946 2426 1021 2496 μὴ
1053 2408 1422 2498 ὑπάρχοντος·
1454 2424 1649 2481 οὐκοῦν
1681 2428 1812 2479 ὲαυ·

243 2514 359 2576 τοὺς
403 2513 725 2578 πλανῶντες
775 2514 1239 2587 παραλογίζεσθε,
1295 2517 1443 2572 θύειν
1488 2516 1814 2587 ὑπολαμϐά-

244 2619 417 2667 νοντες
448 2603 487 2657 ἃ
520 2607 596 2675 μὴ
624 2605 812 2674 λέγετε
865 2606 1111 2662 θύεσθαι.
1147 2608 1274 2671 Πῶς
1304 2609 1415 2679 γὰρ
1445 2608 1511 2661 ἂν
1542 2607 1728 2678 τυθείη
1754 2608 1815 2661 τὸ

240 2695 680 2765 ἁπερίτραπτον,
711 2699 1003 2753 καϊὰπτδν
1032 2698 1187 2754 ἔσται
1223 2699 1256 2771 ἢ
1292 2699 1676 2771 ὲδεσθήσεται;
1726 2701 1814 2765 Ἐξ

240 2780 297 2839 οὗ
326 2786 491 2857 δῆλον
525 2789 608 2841 ὅτι
637 2788 731 2841 καὶ
761 2789 829 2841 τὰ
874 2788 971 2842 ἐπὶ
1014 2790 1120 2843 τῶν
1170 2789 1486 2860 μυστηρίων
1512 2790 1720 2844 τούτων
1756 2792 1816 2845 ὲν

239 2882 347 2942 τοῖς
396 2881 573 2949 Ξεροῖς
610 2880 969 2948 Εὖαγγελίοις
1015 2881 1466 2951 παραδεδομένα,
1505 2883 1600 2936 καὶ
1646 2882 1815 2936 τᾶλλα

241 2971 413 3023 πάντα
442 2970 781 3042 διαγράφετε
838 2974 936 3025 καὶ
980 2972 1258 3038 ἀθετεῖτε,
1317 2974 1366 3026 οἱ
1417 2975 1499 3037 εἰς
1548 2973 1611 3027 τὸ
1656 2975 1814 3045 σῶμα

245 3062 483 3133 Χριστοῦ
527 3062 723 3133 ἀνέδην
755 3063 1197 3133 προσκόπτοντες
1225 3080 1240 3095 ’
1281 3062 1332 3117 εἴ
1366 3081 1432 3134 γε
1476 3066 1597 3119 οὐδὲ
1650 3066 1814 3135 σῶμα

241 3157 441 3222 κυρίως
462 3197 479 3221 ,
520 3154 637 3207 ἀλλ’
672 3155 861 3209 εἰκόνα
897 3156 1153 3227 σώματος
1186 3156 1329 3210 κατὰ
1373 3158 1464 3211 τὸν
1495 3157 1814 3211 διδάσκαλον

1919 1969 2101 2035 tiatis,
2144 1972 2237 2023 aut
2284 1971 2743 2025 resurrectionem
2791 1971 3159 2032 conﬁtemini.
3200 1980 3253 2024 et
3283 1972 3484 2027 tradita

1917 2061 2182 2115 sermOnis
2219 2062 2484 2117 ministris
2508 2062 2551 2094 ¹³
2587 2064 2639 2115 in
2671 2077 2825 2116 sacra
2872 2061 2960 2115 illa
3004 2071 3182 2127 nocte,
3229 2078 3331 2129 qua
3363 2063 3486 2120 illos

1916 2153 2104 2205 horum
2141 2152 2525 2220 mysteriorum
2573 2150 2702 2206 fecit
2740 2150 3070 2221 participes?
3117 2152 3483 2217 Quamobrem

1912 2241 2153 2296 insanire
2181 2258 2274 2298 vos
2297 2252 2533 2308 constat,
2568 2243 2812 2298 dicentes
2847 2259 2912 2297 ne
2942 2242 3225 2297 Christum
3266 2246 3483 2313 quidem

1913 2343 2086 2389 semet
2122 2349 2249 2389 vere
2300 2335 2647 2398 immolasse,
2707 2351 2830 2390 cum
2886 2349 3085 2405 corpus
3136 2350 3239 2389 non
3280 2336 3349 2391 sit
3381 2338 3489 2390 cir-

1914 2427 2324 2497 cumscriptum.
2360 2427 2499 2498 Ergo
2529 2436 2740 2482 vosmet
2784 2427 2929 2495 ipsos
2977 2426 3484 2497 crrorc‘decipitis,

1914 2519 2225 2573 sacriﬁcare
2254 2517 2653 2584 existimantes,
2685 2534 2805 2587 qum
2835 2532 3024 2587 reapse
3057 2516 3358 2573 sacriﬁcari
3392 2534 3486 2572 ne-

1914 2612 2072 2681 gatis.
2104 2609 2235 2665 Nam
2261 2611 2537 2680 quomodo
2562 2602 3485 2679 sacrificeturincircumscriptum,

1915 2702 1996 2756 vel
2026 2702 2167 2756 idem
2201 2702 2459 2771 tangibile
2482 2701 2585 2756 erit
2606 2742 2620 2768 ,
2657 2708 2747 2755 aut
2770 2698 3217 2756 manducabituri
3246 2701 3326 2757 Ex
3358 2701 3480 2769 qui-

1917 2778 2016 2848 hus
2045 2802 2299 2867 apparet,
2347 2808 2442 2847 vos
2482 2793 2570 2847 illa
2616 2794 2780 2848 etiam
2812 2809 2930 2863 qua:
2976 2794 3041 2846 de
3075 2793 3161 2847 his
3210 2793 3488 2862 mysteriis

1917 2884 1969 2938 in
2029 2883 2201 2938 sacris
2250 2883 2559 2953 Evangeliis
2619 2892 2748 2939 sunt
2803 2883 3032 2946 tradita,
3086 2898 3206 2936 cum
3261 2882 3488 2949 reliquis

1915 2974 2167 3029 omnibus
2211 2975 2393 3029 delere
2430 2984 2592 3047 atque
2638 2974 2892 3042 abolere,
2947 2975 3037 3045 qui
3085 2976 3231 3029 circa
3285 2972 3485 3028 Christi

1917 3060 2114 3136 corpus
2135 3067 2358 3122 omnino
2380 3070 2601 3133 erratis,
2631 3069 2887 3137 quoniam
2936 3067 3074 3122 haud
3110 3082 3239 3121 vere
3285 3081 3487 3133 corpus
3541 3097 3544 3101 ε

1917 3162 2062 3221 esse,
2091 3157 2183 3211 sed
2213 3158 2462 3226 corporis
2509 3156 2824 3228 imaginem,
2852 3157 3007 3226 juxta
3039 3165 3275 3211 vostrum
3306 3155 3485 3224 magi-

245 3246 390 3314 ὐμῶν
410 3247 797 3316 δογματίζετε.
843 3248 935 3301 Διὸ
980 3248 1123 3301 κατὰ
1153 3248 1244 3301 τὸν
1267 3251 1367 3320 τῆς
1399 3250 1613 3312 εἰκόνος
1642 3248 1805 3318 λόγον

1915 3254 2109 3311 strum,
2142 3246 2549 3316 dogmatizatis.
2583 3245 2770 3316 Itaque
2800 3247 3109 3327 secundum
3150 3246 3292 3301 illam
3348 3246 3486 3300 ima-

241 3336 295 3389 ὃν
323 3337 479 3390 αὐτοὶ
524 3338 895 3409 είσηγήσασθε
918 3377 933 3401 ,
973 3337 1032 3403 ἐξ
1065 3337 1313 3409 ἀνάγκης
1345 3338 1377 3409 ἢ
1428 3338 1808 3407 συγκαταθύε-

247 3429 360 3480 σἐαι
383 3428 479 3480 τὸν
506 3427 679 3496 Λόγον
695 3429 1062 3501 ὁμολογήσετε
1090 3429 1178 3483 διὰ
1206 3430 1304 3501 τὴν
1334 3432 1462 3500 μίαν
1490 3431 1806 3498 ὑπόστασιν,

244 3517 273 3585 ἦ
302 3519 387 3571 διὰ
419 3521 482 3572 τὸ
512 3520 933 3592 ἀπερίγραπτον
955 3517 1114 3587 εἶναι,
1147 3522 1484 3594 κεχωρίσθαι
1509 3522 1604 3576 τοῦ
1627 3521 1812 3592 σώμα-

244 3625 349 3673 τος,
371 3611 470 3662 καὶ
500 3611 654 3663 οὐδὲν
678 3611 841 3665 πλέον
865 3613 1032 3683 ἄρτου
1064 3613 1248 3667 κοινοῦ
1292 3615 1388 3667 καὶ
1419 3615 1561 3667 οἴνου
1599 3615 1814 3685 ἱερουρ-

246 3700 442 3767 γήσετε
490 3700 522 3771 ἣ
558 3702 938 3772 μεταλήψεσθε
964 3719 979 3734 ·
1031 3707 1306 3777 σωτηρίας
1348 3705 1405 3758 δὲ
1448 3704 1480 3776 ἢ
1534 3706 1808 3777 ἀγιασμοῦ

249 3789 514 3859 μετέχειν,
542 3792 666 3845 οὐδὲ
706 3792 956 3847 ὑπονοεῖν
978 3794 1128 3859 ἄξιον
1151 3812 1164 3825 ⁸
1190 3796 1218 3848 ό
1244 3795 1302 3849 δὲ
1344 3796 1536 3861 πιστὸς
1558 3796 1657 3849 οὐκ
1679 3797 1814 3850 ἀπο-

245 3879 512 3935 πλανᾶται
533 3885 867 3959 οηηιστεύει
910 3885 1020 3955 γὰρ
1058 3886 1148 3941 ὅτι
1182 3886 1355 3955 σῶμα
1383 3889 1643 3956 Χριστοῦ
1684 3889 1817 3943 ἐστι

244 3968 305 4020 τὸ
320 3970 484 4036 παρὰ
513 3971 638 4039 τοῖς
666 3972 863 4040 ἀξίοις
885 3976 1384 4044 Ιερουργούμενον
1404 3992 1418 4005 ⁸
1447 3976 1546 4030 καὶ
1573 3978 1633 4029 ἐν
1660 3975 1816 4047 χερσὶ

245 4047 485 4129 συνέχων
514 4065 1039 4135 περιγεγραμμένον
1068 4061 1233 4130 οῑδεν,
1272 4066 1541 4136 ἐδηδοκὼς
1567 4084 1627 4120 τε
1656 4068 1815 4136 ἁγιά-

1914 3338 2057 3407 ginis
2111 3339 2374 3394 rationem
2411 3353 2575 3408 quam
2613 3338 2818 3393 docetis
2842 3379 2859 3405 ,
2896 3339 3210 3393 necessario
3256 3352 3352 3391 vos
3395 3348 3485 3391 aut

1914 3429 2077 3484 simul
2133 3444 2254 3485 cum
2319 3444 2547 3501 corpore
2610 3428 2885 3485 immolari
2955 3428 3213 3495 Verbum,
3268 3437 3489 3499 propter

1916 3520 2128 3573 unicam
2151 3520 2505 3592 hypostasim,
2527 3522 2954 3589 contitebimini;
2981 3531 3072 3576 aut
3095 3523 3221 3592 quia
3246 3519 3486 3577 Verbum

1918 3610 2446 3681 incircumscriptutn
2474 3621 2576 3679 est,
2609 3613 2658 3666 id
2681 3626 2804 3667 esse
2826 3627 2855 3666 a
2875 3627 3116 3681 corpore
3132 3619 3440 3681 separatum
3467 3624 3485 3662 :

1918 3709 1971 3756 et
1994 3702 2106 3770 jam
2157 3701 2290 3755 nihil
2345 3701 2486 3756 ultra
2543 3717 2885 3756 communem
2943 3717 3138 3772 panem
3198 3716 3260 3756 ac
3302 3700 3487 3754 vinum

1917 3790 2271 3848 immolabitis
2295 3788 2390 3847 aut
2419 3791 2838 3863 participabitis.
2869 3790 3111 3862 Denique
3139 3792 3367 3847 salutem
3397 3796 3490 3843 aut

1915 3882 2402 3939 sanetiﬂcationem
2450 3899 2548 3940 vos
2578 3885 2739 3947 istinc
2792 3884 3143 3953 participare,
3179 3882 3231 3936 id
3283 3896 3350 3935 ne
3394 3896 3489 3936 co-

1906 3980 2090 4050 gitare
2136 3979 2353 4050 quidem
2403 3978 2547 4035 licet.
2603 3977 2779 4033 llomo
2823 3987 3013 4033 contra
3051 3976 3226 4030 lidelis
3257 3989 3363 4029 non
3397 3989 3487 4028 er-

1914 4080 2029 4135 rat;
2057 4070 2390 4125 credit'enim
2421 4086 2609 4138 corpus
2639 4085 2749 4123 esse
2793 4066 3015 4135 Christi,
3046 4065 3189 4137 quod
3226 4065 3366 4133 apud
3401 4065 3486 4118 di-

243 4149 423 4213 ζεται,
448 4153 542 4206 καὶ
574 4155 866 4225 ἁμαρτιῶν
891 4157 1247 4226 καθαίρεται,
1279 4159 1373 4212 καὶ
1407 4157 1686 4228 βασιλείας
1713 4158 1808 4212 ού-

1915 4175 2037 4230 gnos
2069 4157 2144 4231 (5)
2178 4157 2531 4227 sacriﬁcatur,
2566 4167 2615 4212 et
2644 4155 2856 4229 quando
2890 4153 3136 4208 manibus
3170 4162 3342 4219 tenet,
3372 4152 3472 4206 scit

246 4245 425 4311 ρανῶν
457 4245 838 4312 ἐπιτεύξεσθαι
866 4247 955 4302 διὰ
1000 4248 1208 4303 τούτων
1237 4248 1456 4319 ἀσφαλῆ
1491 4250 1589 4321 τὴν
1620 4249 1808 4321 ἐλπίδα

1915 4265 2013 4303 me
2041 4251 2514 4318 circumscriptum,
2554 4258 2603 4302 et
2628 4248 2899 4302 comedens
2928 4245 3314 4314 sanctiﬁcatur,
3346 4258 3476 4312 pec-

246 4337 527 4407 κέκτηται.
1872 4328 1877 4331 λ
1905 4341 2151 4410 catisque
2179 4340 2493 4408 mandatur,
2521 4351 2577 4396 et
2603 4341 2863 4395 caelorum
2898 4351 3062 4410 regno
3112 4346 3335 4409 propter
3360 4335 3482 4392 haec

1907 4449 1966 4491 se
1987 4435 2280 4507 potiturum
2313 4443 2426 4491 tuto
2455 4436 2674 4493 conlidit
2705 4434 2804 4509 (4).

318 4604 363 4639 ⁸³
392 4607 517 4664 Luc.
552 4624 593 4674 ι,
645 4608 701 4665 2.

1837 4786 1883 4843 υ
1912 4768 2368 4852 Cbristicorpore
2390 4769 2445 4824 in
2481 4775 2667 4825 sancta
2698 4767 3035 4825 Eucharistia
3069 4777 3338 4838 praesente
3382 4776 3464 4824 te-

1913 4848 2250 4895 stimonium.
3080 4864 3085 4871 ι

318 4766 394 4835 (l)
422 4765 622 4836 Nempe
652 4767 754 4824 hoc
792 4766 1128 4823 netissimum
1156 4767 1497 4836 proverbium
1524 4776 1626 4832 est.

320 4837 395 4904 (Ξ)
431 4835 501 4906 De
518 4840 691 4891 missa:
719 4838 984 4906 sacriﬁcio
1015 4855 1068 4906 p.
1101 4835 1188 4905 69,
1227 4840 1351 4893 adu.
1380 4836 1434 4891 2.

325 4907 391 4976 β)
416 4905 617 4978 Sensus
673 4905 929 4978 dictionis
971 4905 1087 4978 post,
1125 4911 1268 4978 quod
1301 4908 1374 4961 illi
1419 4907 1627 4976 indigni
1659 4906 1801 4962 haud

251 4976 536 5028 credebant
566 4980 828 5047 mysterio
857 4976 1248 5044 Eucharistico,
1275 4981 1516 5047 adquue
1541 4992 1639 5047 nec
1672 4979 1797 5041 rite,

249 5058 359 5097 sive
393 5058 457 5097 ex
481 5046 791 5101 authentiea
817 5061 881 5102 ac
921 5050 1230 5117 necessaria
1263 5046 1495 5117 liturgiae
1538 5046 1795 5117 formula,

249 5118 650 5174 consecravisse
681 5118 951 5173 videntur.
1004 5115 1070 5173 Et
1120 5120 1240 5176 vide
1292 5115 1451 5174 simul
1484 5132 1679 5175 novum
1731 5115 1800 5172 de

1983 4909 2060 4980 (lt)
2091 4909 2332 4978 ReSpicit
2374 4910 2439 4963 ad
2487 4909 2691 4965 Christi
2725 4909 2886 4980 verba
2925 4909 3081 4965 Joan.
3114 4923 3188 4974 vr,
3224 4908 3331 4980 557:
3371 4911 3473 4974 Qui

1907 4979 2193 5032 manduca:
2222 4995 2388 5033 meam
2419 4996 2627 5036 carnem
2666 4991 2713 5036 et
2751 4979 2880 5035 bibit
2920 4995 3095 5035 meum
3121 4979 3463 5048 sanguinem.

1906 5050 2057 5104 habet
2091 5050 2248 5105 vitam
2281 5059 2553 5107 (sternam.
