3972 6130
1468 205 1550 304 s.f
1573 219 1997 280 NICEPHORI
2035 193 2544 293 pAIRIARCH’zE
2580 225 2691 286 cr.
3604 227 3705 289 376

863 369 3688 401 mm

1557 518 2193 614 ΑΝΤΙΡΡΗΣΙΣ
2265 529 2592 612 ΤΡΙἿἮ
2605 580 2632 607 .

1240 880 2226 1021 ANTIRRHETICUS
2337 885 2894 1024 TERTIUS.

516 1224 628 1296 85
646 1224 750 1280 Sed
769 1225 911 1280 enim
938 1225 1334 1282 incredulitatis
1351 1227 1688 1294 defensores,
1713 1230 1807 1298 qui
1831 1243 2015 1284 rerum

2205 1228 2346 1282 Ἀλλ’
2371 1227 2420 1280 οἱ
2441 1225 2541 1296 τῆς
2565 1226 2826 1290 ἀπιστίας
2850 1226 3246 1296 προασπισταὶ,
3275 1226 3373 1280 καὶ
3397 1226 3514 1281 τῶν
3563 1228 3703 1296 παρὰ

449 1320 612 1374 etiam
646 1319 859 1374 cunctis
883 1319 1294 1388 perspicuarum
1323 1319 1830 1391 ctpervulgatarmn
1869 1335 2030 1374 accu-

452 1420 600 1468 ratas
683 1412 1182 1466 demonstrationes
1242 1413 1551 1481 requirunt,
1596 1412 1685 1480 qui
1751 1411 2026 1477 negotium

453 1499 754 1569 impietatis
785 1515 898 1553 suae
951 1499 1180 1564 laciunt,
1216 1510 1487 1554 rectorum
1523 1499 1782 1554 Ecclesia:
1810 1501 2031 1568 dogma-

457 1599 566 1644 tum
590 1591 1038 1656 subversionem;
1075 1600 1238 1658 atque
1265 1590 1338 1642 ita
1363 1605 1460 1644 ceu
1491 1591 1862 1660 eloquentium
1893 1589 2026 1643 vali-

455 1683 756 1750 dornmque
793 1681 1243 1748 dogmatistarum
1285 1681 1515 1750 gloriam
1555 1681 1697 1750 apud
1729 1694 1844 1746 eos,
1894 1695 2032 1750 quos

455 1774 752 1842 decipiunt,
808 1781 1091 1848 venantes,
1161 1773 1345 1827 statim
1387 1789 1449 1828 ac
1513 1775 1580 1827 ab
1630 1776 1749 1842 ipsa
1800 1773 2034 1827 veritate

457 1871 830 1932 roarguuntnr
895 1872 1060 1932 atque
1129 1875 1472 1934 premuntur,
1553 1863 1622 1917 ad
1682 1863 2028 1917 inordinatas

458 1956 885 2024 disceptationes
915 1955 986 2010 'et
1025 1956 1402 2024 intempestiva
1458 1965 1775 2025 argumenta
1816 1961 2037 2008 vertun-

459 2055 568 2109 tur,
595 2047 960 2118 protanasque
985 2048 1372 2118 vocabulorum
1397 2049 1663 2102 novitates
1686 2045 2031 2110 concinnant,

457 2139 762 2207 stultasqne
813 2117 881 2192 et,
934 2138 1142 2208 ineptas
1197 2117 1380 2194 hostili
1441 2137 1705 2192 adversus
1756 2135 2034 2190 Christum

459 2229 640 2298 lingua
703 2231 1028 2299 qmcstiones
1079 2236 1450 2292 commovent,
1483 2229 1630 2282 circa
1685 2227 1844 2281 ﬁdem
1901 2242 1928 2278 a
1975 2240 2036 2279 se

458 2322 725 2392 abjectam
777 2321 1248 2390 naufragantes“,
1301 2321 1434 2374 nihil
1485 2321 1722 2374 scientes
1773 2318 1866 2371 scd
1919 2317 2038 2369 lan-

459 2423 704 2482 guentes,
732 2423 790 2466 ut
820 2427 986 2467 sacrze
1023 2411 1241 2467 Littera:
1257 2413 1408 2466 aiunt
1431 2412 1497 2476 “',
1526 2412 1572 2466 ei
1592 2425 1681 2464 rea
1709 2409 2036 2480 qua-stiones

460 2513 514 2556 et
547 2519 752 2574 pugnas
786 2503 1095 2558 verborum.
1125 2505 1487 2571 Quamobrem
1521 2503 1676 2556 nobis
1707 2516 1764 2556 se
1795 2499 2038 2555 addubi-

463 2606 642 2651 tantes
663 2595 958 2662 exhibent;
990 2604 1155 2666 atque
1183 2595 1324 2649 unde
1369 2595 1525 2648 nobis
1567 2594 1858 2663 imaginum
1892 2592 2030 2649 ratio
2070 2581 2109 2636 Β

461 2693 618 2755 capta
669 2686 836 2742 fuerit
868 2687 1232 2757 interrogant,
1269 2695 1321 2739 et
1349 2686 1491 2740 unde
1521 2688 1760 2754 ipsarum
1806 2699 2036 2738 venera-

461 2779 540 2832 tio
564 2779 808 2834 tradita?
839 2791 1126 2850 sperantes
1142 2779 1354 2834 scilicet
1379 2779 1536 2833 nobis
1560 2778 1626 2835 ad
1649 2777 1848 2832 incitas
1883 2777 2038 2831 reda—

462 2870 566 2926 ctis
600 2868 850 2925 ﬁduciam
889 2869 1222 2926 defuturam.

533 2962 586 3016 1.
615 2962 744 3032 Age.
766 2977 916 3028 vero,
956 2963 1267 3030 huiusmodi
1312 2963 1622 3032 quaestioni,
1648 2972 2029 3031 lconseutauep

465 3069 565 3110 nos
595 3069 811 3124 quoque
845 3070 1098 3111 sermone
1134 3057 1544 3124 respondemus.
1584 3053 1862 3113 Undenam
1890 3052 2042 3108 vobis

467 3145 908 3216 evangelicorum
939 3145 1203 3200 librorum
1244 3145 1514 3210 inventio,
1553 3157 1606 3200 et
1643 3146 1730 3199 illa
1764 3160 1922 3214 quam
1957 3146 2040 3199 his

467 3235 740 3292 adhibetis
765 3238 1042 3292 veneratio
1063 3235 1435 3292 dem'onstrata
1469 3236 1592 3301 fuit,
1625 3221 1866 3306 itemque
1901 3251 2034 3289 crux

467 3337 523 3382 et
579 3343 914 3397 quzecnnque
979 3329 1085 3382 alia
1164 3330 1215 3382 in
1269 3328 1706 3382 Christianorum
1795 3325 2037 3382 Ecclesia

469 3421 735 3490 obsequio
795 3420 1058 3488 cultuque
1117 3414 1392 3492 gaudent?
1439 3419 1570 3486 Quae
1619 3435 1742 3475 cum
1795 3420 2042 3482 audiunt,

470 3523 867 3583 nxasperantur
892 3513 1209 3583 plurimum,
1251 3523 1456 3568 etcum
1509 3513 1588 3566 ira
1633 3511 1898 3566 deliniuut
1933 3525 2040 3566 non

470 3619 592 3660 esse
621 3607 688 3658 de
721 3604 805 3658 Itis
841 3593 1254 3670 sciscitandum,
1289 3603 1594 3660 metuentes
1622 3602 1833 3658 scilicet
1882 3617 1949 3656 ne
1994 3602 2044 3655 in

474 3697 725 3752 eamdem
761 3697 1042 3752 nobiscum
1077 3697 1508 3752 controversiam
1545 3695 1808 3749 incidant.
1844 3693 2048 3748 Deinde

471 3791 627 3864 quasi
651 3789 872 3844 aliunde
908 3803 1014 3842 non
1059 3789 1271 3858 possint
1294 3791 1528 3842 evadere
1561 3791 1707 3858 (nam
1744 3787 1872 3860 quid
1899 3785 2046 3840 aliud

474 3887 658 3939 dicere
707 3881 965 3956 queant?)
1002 3883 1068 3936 ad
1103 3881 1450 3936 traditionem
1483 3880 1843 3950 confugiunt;
1886 3886 2048 3950 prout

473 3974 719 4031 homines
745 3973 923 4029 solent
969 3988 1193 4030 carcere
1221 3972 1406 4028 emissi
1461 3971 1551 4042 qui
1605 3971 1670 4025 ad
1709 3973 1946 4039 spatiosa
1993 3976 2049 4024 et

475 4066 640 4120 libera
683 4064 800 4120 loca
838 4065 1156 4127 decurrunt,
1195 4071 1358 4132 atque
1381 4061 1684 4117 Ecclesiam
1711 4060 1822 4128 jam
1864 4061 1992 4115 inde
2021 4075 2050 4112 a

475 4155 1162 4228 primordiissuscepisse
1213 4156 1473 4224 scriptam
1533 4153 1584 4206 in
1639 4153 1748 4214 illis
1783 4152 1940 4205 libris
1990 4166 2053 4206 ac

476 4249 882 4304 nrauil'cslatam
923 4229 1177 4314 gratiam,
1233 4245 1585 4314 respondent.
1634 4234 1902 4298 Porro'si
1931 4243 2053 4312 quis

475 4341 708 4395 istorum
737 4337 1176 4394 incredulitatem
1209 4329 1376 4404 atque
1423 4335 1793 4404 insipientiam
1819 4344 2052 4404 spectet,

475 4447 608 4487 sane
651 4431 794 4485 dicet
835 4443 972 4496 opus
1024 4443 1145 4482 esse
1172 4427 1304 4496 ipsis
1361 4427 1635 4497 scriptura
1667 4427 1794 4492 alia,
1837 4427 2054 4495 aliaque

473 4535 752 4591 utcunque
786 4521 1272 4588 demonstratione,
1319 4535 1441 4591 quae
1473 4520 1846 4590 consignatam
1879 4520 2053 4574 Evan—

473 4615 633 4688 geliis
663 4615 946 4668 veritatem
975 4622 1270 4669 attestetur
1297 4615 1793 4684 atqueconlirmet:
1832 4628 2054 4670 rursus-

475 4724 583 4778 que
616 4707 744 4762 huic
771 4708 1026 4762 secundae
1073 4707 1362 4778 scripturae
1394 4722 1530 4776 opus
1556 4721 1681 4762 esse
1713 4707 1845 4773 alia,
1883 4716 2048 4774 atque

476 4803 552 4856 ita
592 4801 645 4856 in
686 4799 954 4854 inﬁnitum
993 4801 1312 4869 procedere.

546 4891 652 4948 Sed
681 4891 788 4946 hoc
819 4906 951 4946 sane
983 4891 1225 4958 ipsorum
1253 4892 1468 4962 ineptiis
1500 4892 1886 4960 concedamus.
1918 4891 2056 4947 Tra-

475 4987 737 5055 djtiouem
764 4985 1130 5057 praetendunt,
1175 5001 1338 5056 quam
1377 4987 1429 5040 in
1462 4987 1624 5042 rebus
1657 4985 1760 5041 sibi
1795 4985 2058 5055 jucundis

475 5081 584 5132 vim
629 5079 835 5134 habere
873 5077 1087 5144 volunt,
1128 5077 1182 5132 in
1249 5078 1496 5134 molestis
1551 5089 1734 5132 autem
1772 5077 2060 5146 repudiare

476 5179 753 5242 satagunt.
785 5171 949 5240 Atqui
985 5171 1038 5226 in
1065 5171 1282 5228 cunctis
1308 5170 1449 5226 idem
1481 5169 1788 5240 subjectum
1817 5175 1922 5232 est,
1965 5183 2062 5236 par

2131 1321 2268 1372 πᾶσι
2303 1318 2764 1388 κατειλημμένων
2791 1319 2886 1370 καὶ
2914 1318 3427 1388 δεδημοσιευμένων
3452 1317 3702 1389 ἀκριϐεῖς

2131 1409 2494 1472 ἀπαιτοῦντες
2535 1409 2636 1472 τὰς
2681 1409 3030 1474 ἀποδείξεις,
3083 1409 3272 1481 ἐπειδὴ
3327 1410 3564 1481 μελέτην
3610 1410 3704 1478 τῆς

2130 1494 2387 1563 ἀσεϐείας
2413 1499 2597 1553 αὐτῶν
2635 1498 2938 1566 ποιοῦνται,
2973 1500 3040 1553 τὰ
3071 1500 3210 1570 ὀρθά
3239 1500 3340 1570 τῆς
3380 1501 3700 1568 Ἐκκλησίας

2132 1593 2496 1664 παρευθύνειν
2525 1593 2794 1662 δόγματα,
2817 1591 2915 1664 τὴν
2944 1595 3008 1646 ὲκ
3026 1593 3120 1646 τοῦ
3148 1583 3296 1659 δόξαι
3321 1593 3534 1656 δεινούς
3554 1609 3701 1653 τινας

2133 1667 2229 1740 καὶ
2261 1685 2477 1758 δριμεῖς
2523 1679 2664 1738 εἶναι
2692 1685 3061 1754 δογματιστάς
3091 1685 3244 1755 παρὰ
3277 1685 3386 1738 τῶν
3423 1683 3703 1749 ἐξαπατω-

2137 1779 2314 1847 μὲνων
2331 1777 2490 1846 δόξαν
2516 1775 2846 1848 θηρώμενοι,
2867 1779 2997 1833 ὅταν
3021 1777 3113 1830 ὑπ’
3136 1776 3309 1844 αὐτῆς
3328 1777 3428 1846 τῆς
3455 1775 3704 1844 ἀληθείας

2133 1868 2464 1940 ἐλέγχωνται
2497 1869 2592 1922 καὶ
2625 1868 2923 1933 πιέζωνται
2945 1910 2960 1933 ,
3003 1867 3140 1940 πρὸς
3173 1868 3405 1939 ἐρεύνας
3440 1868 3705 1930 ἀτάκτους

2135 1962 2228 2015 καὶ
2247 1961 2553 2027 ἀποδείξεις
2581 1961 2847 2032 ἀκαίρους
2869 1961 3320 2031 περιτρέπονται,
3356 1959 3625 2029 βεϐήλους
3653 1975 3706 2012 τε

2135 2055 2468 2124 κενοφωνίας
2489 2053 2817 2116 συντιθέασι,
2847 2055 2938 2105 καὶ
2964 2052 3097 2122 πρὸς
3121 2051 3382 2122 ζητήσεις
3407 2050 3602 2121 μωρὰς
3622 2051 3707 2103 καὶ

2135 2145 2498 2210 ἀπαιδεύτους
2547 2146 2646 2214 τὴν
2676 2145 3062 2217 Χριστομάχον
3103 2144 3356 2212 γλῶσσαν
3403 2143 3704 2214 προΐενται,

2137 2239 2266 2309 περὶ
2297 2237 2396 2310 τὴν
2439 2238 2624 2294 πίστιν
2652 2237 2988 2308 ἀπωσμένην
3040 2237 3225 2296 αὐτοῖς
3273 2238 3700 2304 ναυαγήσαντες.

2141 2329 2304 2400 μηδὲν
2345 2329 2721 2397 ἐπιστάμενοι,
2758 2326 3042 2387 νοσοῦντες
3069 2326 3168 2390 δὲ,
3204 2326 3348 2378 κατὰ
3379 2327 3442 2377 τὸ
3475 2323 3708 2394 Γράμμα

2137 2422 2195 2474 τὸ
2229 2420 2395 2492 ἱερὸν,
2428 2415 2820 2490 περιζητῆσεις
2855 2417 3008 2490 [περὶ
3029 2416 3312 2492 ζητήσεις]
3351 2417 3446 2469 καὶ
3477 2414 3706 2484 λογομα-

2139 2511 2286 2582 χίας.
2321 2509 2412 2574 Ἐξ
2439 2503 2513 2564 ὧν
2542 2509 2899 2580 διαποροῦσιν
2930 2511 3086 2578 ἡμῖν,
3123 2508 3296 2562 Πόθεν
3339 2509 3469 2578 ὑμῖν
3499 2509 3706 2560 ἀνιστο-

2139 2602 2349 2672 ρεῖσθαι
2405 2601 2501 2666 τὰς
2550 2602 2766 2664 εἰκόνας
2810 2601 3232 2674 παρείληπται,
3294 2599 3391 2653 καὶ
3437 2602 3471 2669 ἡ
3510 2599 3708 2651 τούτων

2139 2689 2510 2762 προσκύνησις
2536 2689 2932 2760 παραδέδοται;
2964 2687 3142 2740 ἐλπίδι
3166 2685 3290 2751 τοῦ,
3321 2685 3458 2756 πρὸς
3495 2685 3556 2738 τὸ
3578 2684 3712 2752 ἁμή-

2139 2797 2302 2854 χανον
2333 2781 2586 2854 ἐντεῦθεν
2619 2779 3016 2850 περιωσμένων
3052 2777 3231 2848 ἡμῶν,
3261 2776 3360 2847 τὴν
3393 2773 3708 2846 παρρησίαν

2142 2875 2548 2944 περιαιρήσειν.
3329 2919 3334 2924 .

2211 2973 2280 3022 α’.
2337 2967 2424 3033 Ἐξ
2459 2963 2553 3020 οὖν
2577 2965 2677 3031 τῆς
2725 2965 3126 3035 ἐπαπορήσεως
3169 2959 3262 3014 τοῦ
3311 2961 3476 3026 λόγον
3503 2957 3564 3009 τὸ
3591 2953 3714 3009 ἀκό-

2141 3057 2331 3110 λουθον
2363 3059 2496 3128 ἡμῖν
2525 3057 2818 3120 ἐνδιδόντος
2849 3053 3316 3124 ἀνθυποφέρομεν
3339 3068 3352 3080 ·
3389 3049 3563 3102 Πόθεν
3592 3047 3716 3116 ὑμῖν

2143 3151 2252 3204 τῶν
2294 3148 2672 3218 εὐαγγελικῶν
2727 3147 2927 3218 βίϐλων
2951 3149 3000 3217 ,ἡ
3036 3144 3327 3216 ὲφεύρεσις
3353 3181 3368 3204 ,
3401 3140 3502 3194 καὶ
3529 3141 3564 3208 ὴ
3590 3137 3714 3206 περὶ

2146 3241 2352 3304 ταύτας
2379 3242 2444 3311 ἢν
2467 3241 2706 3293 ποιεῖσθε
2745 3239 3116 3310 προσκύνησις
3140 3233 3587 3306 παραδέδεικται,
3612 3229 3640 3282 ὅ
3659 3245 3716 3282 τε

2149 3332 2382 3403 σταυρὸς
2406 3369 2420 3394 ,
2471 3331 2568 3384 καὶ
2613 3329 2782 3384 τᾶλλα
2823 3329 2996 3382 ὁπόσα
3033 3331 3092 3381 ὲν
3125 3329 3194 3398 τῇ
3230 3325 3339 3379 τῶν
3373 3319 3715 3394 Χριστιανῶν

2160 3425 2460 3494 Ἐκκλησία
2486 3423 2548 3475 τὸ
2575 3423 2742 3485 σέϐας
2767 3423 2862 3476 καὶ
2901 3421 2998 3492 τὴν
3040 3418 3414 3491 προσκύνησιν
3453 3413 3716 3484 ἀποφέρει

2147 3533 2238 3568 ται
2263 3533 2277 3582 ;
2307 3515 2423 3584 Ἐφ’
2446 3508 2527 3578 οἷς
2553 3513 2630 3576 ὡς
2665 3513 2896 3566 πλεῖστα
2931 3508 3328 3583 τραχυνόμενοι
3363 3525 3422 3560 τε
3446 3507 3542 3561 καὶ
3563 3505 3718 3576 χαλε-

2148 3605 2432 3668 παίνοντες
2459 3604 2874 3675 νομοθετοῦσιν,
2904 3603 2979 3667 ὡς
2999 3603 3101 3656 οὐκ
3126 3601 3247 3665 egw
3272 3599 3482 3653 τούτων
3513 3597 3712 3651 πυνθά-

2147 3686 2333 3752 νεσθαι
2366 3695 2573 3758 ἕνεκεν,
2620 3694 2696 3765 μὴ
2727 3695 2848 3758 τοῖς,
2885 3695 3067 3755 αὐτοῖς
3099 3693 3232 3762 ἡμῖν
3257 3689 3610 3760 περιπέσοιεν
3638 3688 3718 3740 λό-

2149 3805 2268 3856 γοις
2297 3785 2529 3841 εὖλαδού
2540 3803 2712 3858 μενοι.
2737 3782 2870 3840 Εἶτα
2899 3786 2974 3850 ὡς
3007 3784 3108 3838 ούκ
3131 3783 3248 3837 ἐνὸν
3279 3785 3465 3844 αὐτοῖς
3487 3780 3718 3848 ἑτέρωσέ

2151 3900 2243 3946 ποι
2263 3881 2530 3952 προϊέναι,
2573 3881 2646 3946 (τί
2665 3880 2775 3952 γὰρ
2797 3879 2862 3933 ἂν
2888 3879 2982 3932 καὶ
3003 3877 3214 3931 εἴποιεν
3243 3875 3433 3947 ἕτερον
3451 3873 3494 3944 ς)
3509 3875 3602 3926 ἐπὶ
3625 3872 3722 3942 τὴν

2154 3975 2450 4046 παράδοσιν
2501 3973 2910 4043 αὐτομολοῦσι·
2965 3971 3222 4041 καθάπερ
3259 3969 3312 4021 οἱ
3359 3967 3468 4020 τῶν
3511 3963 3724 4034 δεσμῶν

2153 4067 2462 4138 ἀφιέμενοι.
2497 4066 2590 4119 ἐπὶ
2618 4065 2682 4118 τὸ
2711 4065 2996 4134 ἀνειμένον
3023 4062 3344 4131 ἐπείγονται
3377 4059 3476 4114 καὶ
3509 4056 3722 4112 ἐλεύθε-

2157 4180 2272 4234 ρον,
2301 4163 2396 4216 καὶ
2429 4162 2490 4216 τὸ
2520 4163 2616 4215 ἀπ’
2649 4161 2825 4233 ἀρχῆς
2844 4159 3088 4230 δεδέχθαι
3122 4158 3220 4228 τὴν
3262 4153 3594 4221 Ἐκκλησίαν
3629 4151 3726 4219 τὴν

2155 4255 2554 4328 γεγραμμένην
2585 4255 2643 4306 ὲν
2669 4256 2853 4316 αὐτοῖς
2883 4253 2976 4306 καὶ
3003 4251 3345 4322 δηλουμένην
3380 4247 3565 4318 χάριν,
3597 4261 3722 4316 προ-

2151 4351 2424 4418 ΐσχονται.
2456 4341 2625 4399 Εἶπεν
2643 4347 2707 4401 ἄν
2735 4363 2821 4408 τις
2845 4344 2982 4416 πρὸς
3001 4343 3064 4396 τὸ
3095 4342 3323 4396 ἄπιστον
3349 4341 3444 4393 καὶ
3472 4337 3730 4392 ἀσύνετον

2157 4440 2340 4493 αὐτῶν
2374 4437 2518 4504 ἰδὼν,
2544 4437 2621 4500 ὡς
2651 4437 2820 4506 ἄλλης
2861 4437 3047 4498 αὐτοῖς
3083 4435 3266 4506 δεήσει
3307 4431 3666 4502 συγγραφῆς,
3696 4429 3728 4498 ἦ

2156 4527 2407 4584 ὁπωσοῦν
2450 4528 2644 4598 ἐτέρας
2675 4525 3008 4590 ἀποδείξεως
3032 4567 3046 4589 ,
3085 4525 3146 4578 τὺ
3186 4527 3244 4578 ὲν
3275 4522 3509 4584 ἐκείνοις
3539 4519 3732 4588 ἀληθὲς

2158 4619 2697 4692 προσμαρτυρούσης
2739 4618 2834 4670 καὶ
2871 4616 3230 4690 βεϐαιούσης,
3268 4615 3366 4668 καὶ
3403 4613 3579 4686 ταύτῃ
3613 4613 3726 4664 ἑτέ-

2163 4732 2286 4786 ρας,
2322 4713 2417 4767 καὶ
2445 4712 2584 4764 ίέναι
2616 4711 2708 4764 ἐπὶ
2732 4709 2793 4762 τὸ
2822 4709 3071 4780 ἄπειρον.

2246 4895 2409 4951 Ἀλλά
2459 4895 2620 4948 τοῦτο
2668 4894 2768 4965 μὲν
2798 4895 2920 4956 ταῖς
2950 4891 3176 4945 ἐκείνων
3210 4889 3567 4960 ἀΰελτηρίαις
3601 4904 3736 4957 παρ-

2163 4991 2389 5062 ήσομεν.
2424 4987 2736 5058 Παράδοσιν
2764 4985 3210 5058 προχειρίζονται
3237 5023 3252 5048 ,
3281 4982 3348 5052 ἣν
3397 4980 3485 5048 ἐφ’
3514 4973 3599 5042 οἷς
3647 4980 3736 5048 μὲν

2161 5083 2379 5153 ἥδονται
2408 5077 2704 5150 κρατύνειν
2759 5076 3059 5136 ἐθέλουσιν,
3088 5074 3173 5142 ἐφ’
3213 5067 3295 5136 οἷς
3346 5071 3404 5125 δὲ
3451 5070 3734 5141 ἄχθονται,

2161 5170 2533 5242 ἀπαγορεύειν
2568 5167 2948 5231 σπουδάζουσι.
2997 5165 3194 5218 Καίτοι
3225 5167 3284 5217 ἐν
3307 5163 3515 5218 ἅπασιν
3548 5163 3581 5232 ἡ
3616 5159 3738 5213 ὑπό-

479 5267 740 5334 temporis
769 5280 986 5332 cursus,
1012 5265 1314 5320 auctoritas
1344 5265 1562 5320 eadem.
1597 5263 1704 5318 Sed
1743 5262 1872 5330 quid
1899 5261 2044 5332 quis-

2166 5264 2314 5324 θεσις
2341 5265 2374 5333 ἡ
2401 5261 2562 5329 αὐτὴ,
2597 5261 2692 5312 καὶ
2723 5261 2750 5314 ὁ
2788 5260 2978 5330 χρόνος
3009 5258 3328 5328 σύνδρομος,
3363 5256 3459 5306 καὶ
3483 5253 3546 5306 τὸ
3580 5254 3738 5320 γέρας

422 5341 430 5350 ’
481 5358 624 5425 piam
680 5357 830 5412 dicat
874 5357 1212 5423 hominibus;
1279 5357 1368 5428 qui
1425 5372 1602 5427 neque
1667 5357 1828 5412 factis
1885 5371 2057 5426 neque

483 5447 664 5504 verbis
691 5449 947 5514 credunt,
983 5463 1082 5504 nec
1110 5449 1237 5519 quid
1262 5449 1555 5520 loquantur
1579 5449 1660 5504 vel
1687 5449 1812 5518 quid
1837 5447 2063 5504 audiant

562 5619 792 5680 "lTim.
821 5641 860 5694 ι,
898 5626 979 5682 19.
1061 5629 1101 5661 ’⁵
1134 5630 1150 5683 1
1187 5627 1326 5684 Tim.
1366 5645 1440 5696 γι,
1469 5628 1520 5682 <1.

2166 5355 2452 5426 ὁμότιμον.
2515 5353 2678 5406 Ἀλλά
2710 5353 2764 5405 τί
2811 5353 2878 5406 ἄν
2918 5370 3002 5416 τις
3048 5353 3192 5404 εἴποι
3243 5348 3380 5419 πρὸς
3421 5344 3762 5413 ἀνθρώπους

2175 5450 2309 5518 μήτε
2337 5447 2481 5517 ἔργῳ
2510 5445 2646 5516 μήτε
2679 5445 2822 5516 λόγῳ
2858 5442 3233 5515 πειθομένους,
3274 5441 3410 5510 μήτε
3440 5437 3474 5492 ἃ
3505 5437 3735 5505 λέγουσι,
