3898 6150
1823 203 1838 238 l

230 286 338 353 377

971 305 1596 370 ANTIRRHETICUS
1636 307 1730 368 III
1768 305 1938 368 ADV.
1975 305 2569 370 CONSTANTINUM
2607 310 2820 372 COPR.

3388 315 3494 380 378

235 403 380 472 μήτε
407 403 445 460 ἃ
465 407 731 470 ἀκούουσι
767 412 1053 478 συνιέντας
1078 456 1092 480 ,
1119 417 1220 486 τῆς
1253 417 1311 470 δὲ
1341 417 1554 472 ἑαυτῶν
1572 419 1822 486 ἀπεγνω-

1928 419 2127 484 scium,
2161 431 2215 474 et
2257 423 2322 475 de
2376 435 2470 475 sua
2523 421 2698 477 salute
2751 422 3493 492 desperanttNihitominus

235 495 406 559 κὸτας
445 501 756 572 σωτηρίας;
792 503 987 572 Ὅμως
1012 506 1057 558 δ’
1087 507 1182 560 οὖν
1216 509 1244 560 ὁ
1267 508 1366 578 τῆς
1391 508 1652 579 ἀληθείας
1677 511 1818 578 παρ-

138 639 148 648 ,
238 589 572 658 ρησιάσεται
618 592 798 662 λόγος.
853 596 1075 664 Πρῶτον
1103 599 1162 652 δὲ
1215 600 1390 652 έκεῖνο
1434 601 1611 652 εἰπεῖν
1648 599 1818 664 ἀξιον,

233 679 322 732 ὅτι
367 681 611 749 μάλιστα
654 686 713 737 ὲν
749 688 862 748 τοῖς
905 687 1034 756 περὶ
1089 687 1223 740 Θεοῦ
1270 688 1584 759 λεγομένοις
1621 707 1681 743 τε
1728 691 1822 743 καὶ

234 770 620 842 ἁκουομένοις,
651 777 769 843 μετ’
797 775 1085 840 εὐλαϐείας
1107 778 1203 848 τῆς
1229 781 1621 850 προσηκούσης
1647 798 1818 852 προσ-

239 861 385 914 ιέναι
427 863 556 934 χρὴ,
593 864 742 936 φόϐῳ
780 865 908 935 θείῳ
937 872 1414 940 κατηρτισμένους
1436 887 1450 901 ο
1481 867 1602 924 εἶτα
1637 872 1818 924 πίστιν

238 954 298 1005 ιν
326 953 544 1018 τούτοις
590 956 860 1024 ἡγεῖσθαι,
909 960 1004 1011 καὶ
1035 960 1220 1014 πίστιν
1257 962 1548 1032 τιμᾶσθαι,
1581 963 1674 1016 καὶ
1698 965 1818 1025 ταῖς

238 1039 447 1110 ψυχαῖς
471 1045 920 1116 προενιδρύσθαι,
947 1049 1040 1102 καὶ
1066 1050 1126 1102 ἐν
1155 1050 1416 1123 εῦθύτητι
1444 1054 1669 1124 καρδίας
1693 1051 1818 1116 τοὺς

240 1133 372 1202 περὶ
408 1135 755 1206 τηλικούτων
797 1138 988 1209 λόγους
1023 1135 1403 1212 ὑποδέχεσθαι,
1437 1144 1610 1198 κενῶν
1638 1127 1696 1198 δὲ
1725 1145 1818 1199 καὶ

243 1225 498 1292 ματαίων
545 1229 871 1299 ἐρωτήσεων
904 1231 1207 1302 ἀπέχεσθαι
1235 1272 1251 1296 ,
1281 1232 1404 1297 τούς
1456 1251 1516 1287 τε
1553 1235 1820 1306 γραώδεις

245 1315 451 1385 μύθους
471 1318 688 1384 καὶτὰς
722 1320 983 1392 βεϐήλους
1007 1325 1342 1394 κενοφωνίας
1364 1327 1444 1390 είς
1467 1312 1528 1380 τδ
1559 1328 1821 1390 παντελὲς

241 1406 694 1478 ἀποτρέπεσθαι,
736 1413 798 1465 ού
830 1415 1126 1485 προσέχειν
1165 1417 1222 1470 δὲ
1267 1417 1638 1486 γενεαλογίαις
1683 1419 1818 1470 ἀπε-ι

246 1498 486 1569 ράντοις,
513 1501 658 1556 καθά
679 1502 740 1556 τὸ
769 1504 1007 1576 Γράμμα
1035 1505 1096 1558 τὸ
1123 1507 1268 1577 ίερδν
1301 1507 1592 1578 δεδίδαχεν,
1627 1507 1684 1561 αῖ
1721 1507 1820 1578 ζη-

243 1592 432 1662 τήσεις
465 1594 772 1665 παρέχουσι
813 1596 1036 1665 μᾶλλον,
1077 1598 1109 1668 ἢ
1164 1599 1478 1667 οἰκονομίαν
1535 1598 1671 1652 Θεοῦ
1723 1599 1821 1669 τὴν

246 1687 302 1736 ἑν
356 1686 584 1752 πίστει,
623 1687 760 1758 μηδὲ
819 1689 1005 1757 ζητεῖν
1044 1693 1144 1763 τὴν
1193 1691 1281 1744 διὰ
1313 1692 1422 1744 τῶν
1456 1692 1696 1762 σημείων
1727 1693 1821 1746 καὶ

246 1776 569 1847 παραδόξων
618 1777 794 1848 ἔργων
830 1781 1103 1834 πίστωσιν
1154 1783 1248 1836 καὶ
1292 1782 1590 1848 ἀπόδειξιν.
1630 1781 1821 1852 ἦγοῦν

247 1867 554 1938 ἀμφίϐολον
593 1870 692 1942 τὴν
729 1870 957 1942 γνώμην
992 1872 1137 1944 ἔχειν
1172 1874 1304 1944 περὶ
1347 1873 1416 1926 τὰ
1444 1873 1652 1942 καίρια.
1691 1874 1822 1926 Ἰου⁴¹

247 1961 431 2014 δαῖκὸν
471 1961 636 2016 τοῦτο
689 1963 750 2016 τὸ
785 1965 1124 2036 ἐπιχείρημα
1151 2005 1167 2027 ,
1212 1965 1458 2018 ἀπίστων
1481 1967 1596 2017 ἐστὶ
1629 1965 1690 2018 τὸ
1721 1981 1822 2017 κα-

249 2053 566 2125 κούργημα.
597 2054 752 2106 Τίσιν
787 2055 890 2126 ἔφη
915 2057 942 2108 ὁ
969 2056 1175 2126 Κύριος
1197 2097 1210 2120 ,
1243 2058 1310 2109 ’Ὠ
1337 2056 1510 2124 γενεὰ
1543 2055 1818 2120 ἄπιστος,

247 2145 503 2213 σημεῖον
517 2143 798 2214 ἐπιζητεῖ,
821 2147 920 2200 καί
948 2147 1200 2216 σημεῖον
1220 2149 1292 2200 οὺ
1307 2145 1624 2213 δοθήσεται
1645 2145 1819 2214 αὐτῇ,

247 2239 381 2293 ἀλλ’
433 2238 474 2306 ἦ
519 2237 588 2292 τὸ
628 2238 883 2308 σημεῖον
933 2237 1095 2294 Ἰωνᾶ
1145 2238 1251 2293 τοῦ
1307 2237 1658 2308 προφήτου;
1701 2238 1821 2308 οὐχὶ

247 2331 353 2391 τοῖς
376 2327 703 2380 ἀπειθοῦσιν
747 2328 1020 2391 Ἰουδαίοις
1039 2369 1054 2392 ,
1085 2329 1180 2382 καὶ
1222 2330 1307 2382 ἀεὶ
1333 2329 1410 2400 τῷ
1457 2330 1596 2400 ἁγίῳ
1623 2330 1822 2400 διαμα-

248 2414 501 2487 χομένοις
531 2418 843 2488 “vetitum;
896 2419 1038 2488 Μηδ“
1067 2415 1134 2472 αὖ
1185 2421 1325 2490 πρὸς
1375 2423 1698 2492 περιέργους
1728 2422 1822 2474 καὶ

250 2509 613 2573 ἀπαιδεύτους
640 2511 868 2580 ὲρεύνας
896 2511 1248 2578 ἀπάγεσθαι,
1283 2513 1339 2566 αἳ
1369 2513 1698 2583 λογομαχίας
1729 2517 1821 2566 καὶ

247 2599 444 2672 λέσχην
465 2601 701 2670 γεννῶσι
737 2603 958 2672 μᾶλλον,
990 2606 1023 2677 ἢ
1049 2603 1206 2670 λόγον
1233 2603 1533 2676 εὔχρηστον
1565 2607 1658 2660 καὶ
1679 2606 1822 2676 ὠφέο

247 2691 399 2762 λιμον
424 2709 440 2726 ο
475 2693 615 2762 μήτε
651 2691 758 2763 μὴν
785 2693 924 2764 πρὸς
970 2696 1359 2758 ἀποδεικτικὰς
1397 2695 1643 2764 ἀνάγκας
1673 2695 1820 2764 λογι-

247 2783 368 2845 καῖς
411 2782 660 2853 μεθόδοις
701 2782 1118 2851 προαγομένους
1160 2784 1251 2836 διὰ
1297 2785 1404 2836 τῶν
1431 2785 1693 2854 ἐντέχνων
1729 2787 1822 2838 καὶ

249 2887 657 2942 σεσοφισμενων
692 2872 890 2940 λόγων,
937 2874 1028 2926 ἐπὶ
1070 2875 1168 2934 τὰς
1209 2873 1412 2926 τούτων
1459 2875 1821 2943 καταφεύγειν

249 2963 638 3031 πιθανότητας,
665 2963 854 3034 βιαίως
876 2966 1014 3034 πρὸς
1041 2966 1444 3033 συγκατάθεσιν
1466 2968 1592 3028 τοὺς
1618 2966 1824 3036 ἀκροω-

1925 512 2176 566 veritatis
2235 527 2416 566 sermo
2465 513 2662 567 tlducia
2709 529 2814 568 non
2875 527 3044 572 caret.
3093 516 3278 572 Primo
3312 521 3494 588 itaque

1922 618 2143 658 monere
2169 603 2388 674 dignum
2429 613 2537 670 est,
2585 619 2779 674 nempe
2814 590 2880 661 ad
2904 621 2969 660 ea
3002 609 3236 663 maxime
3264 625 3384 678 qua:
3419 589 3483 664 de

1922 692 2034 748 Deo
2055 693 2309 747 dicuntur
2338 701 2392 748 et
2446 693 2768 758 audiuntur,
2807 695 2989 750 debita
3017 711 3138 750 cum
3182 681 3490 752 reverentia

1921 797 2040 839 esse
2099 785 2488 848 accedendum,
2551 784 2848 856 divinoque
2897 788 3093 842 timore
3169 792 3486 844 instructos.

1923 871 2126 928 Deinde
2166 883 2416 942 oportere
2475 874 2531 927 in
2571 875 2658 930 his
2706 877 2781 929 uti
2849 881 2986 932 duce
3039 880 3165 945 fide,
3229 881 3489 934 honorem

1922 965 2045 1018 ﬁdei
2105 965 2327 1029 habere,
2396 979 2625 1034 eamque
2687 967 2888 1022 animis
2937 969 3197 1035 inserere,
3248 981 3304 1026 et
3369 987 3489 1025 cum

1922 1055 2244 1110 rectitudine
2268 1055 2446 1111 cordis
2467 1057 2771 1112 doctrinam
2798 1060 2946 1114 circa
2974 1062 3073 1116 has
3104 1077 3194 1117 res
3215 1065 3490 1132 excipere,

1921 1145 2169 1200 futilibus
2196 1146 2503 1216 ineptisque
2535 1151 2932 1218 quzestionibus
2976 1154 3276 1219 abstinere,
3317 1155 3492 1210 aniles

1921 1233 2133 1289 fabulas
2169 1237 2502 1305 profanaque
2529 1247 2584 1292 et
2614 1253 2754 1292 vana
2779 1241 3040 1295 vocabula
3080 1245 3304 1298 omnino
3327 1260 3492 1313 repu-

1921 1325 2094 1389 diare,
2145 1341 2330 1394 neque
2377 1329 2712 1398 genealogiis
2761 1331 3135 1387 interminatis
3187 1335 3488 1402 attendere,

1923 1426 2082 1485 prout
2135 1432 2308 1473 sacrae
2358 1417 2581 1474 Littera:
2626 1423 2824 1474 docent
2850 1422 2917 1488 η,
2979 1438 3100 1491 qua:
3157 1427 3488 1492 qnazstiones

1923 1515 2184 1576 praestant
2225 1511 2418 1579 magis,
2448 1526 2613 1580 quam
2647 1512 2740 1567 Dei
2771 1515 3134 1567 meonomiam
3159 1516 3234 1586 (5)
3261 1531 3379 1585 qua:
3405 1527 3491 1569 est

1923 1597 1976 1650 in
2013 1599 2114 1652 fide
2145 1613 2160 1651 :
2189 1610 2360 1666 neque
2394 1599 2520 1652 item
2547 1599 2659 1670 86
2695 1600 2972 1669 postulare
3005 1612 3061 1654 ut
3102 1618 3197 1671 per
3225 1604 3486 1656 miracula

1923 1697 1977 1742 et
2003 1690 2305 1758 prodigiosa
2333 1704 2496 1758 opera
2541 1692 2880 1745 contirmatio
2918 1692 3011 1746 liat
3044 1709 3110 1747 ac
3139 1695 3488 1749 demoastra-

1928 1775 2044 1830 tio:
2083 1776 2162 1828 vel
2223 1776 2454 1846 denique
2496 1773 2722 1833 minime
2777 1779 2979 1834 habere
3021 1793 3298 1836 nutantem
3346 1785 3488 1838 circa

1926 1884 2012 1923 res
2032 1867 2366 1938 principales
2385 1869 2732 1923 sententiam.
2770 1869 3050 1924 Judaicum
3083 1872 3186 1926 hoc
3206 1869 3506 1939 argumeu/

1923 1973 2035 2015 tum
2063 1970 2166 2025 est,
2199 1969 2253 2014 et
2284 1960 2695 2014 iucredulorum
2731 1962 2965 2017 malitia.
2995 1962 3330 2030 Quibusnam
3357 1965 3490 2019 dicit

1923 2054 2182 2108 Dominus
2215 2071 2228 2106 :
2263 2056 2306 2105 0
2345 2053 2610 2122 generatio
2633 2053 2941 2108 incredula!
2971 2056 3176 2125 signum
3198 2057 3412 2126 quwrit,
3439 2067 3486 2109 et

1921 2146 2124 2216 signum
2146 2162 2247 2199 non
2277 2146 2494 2198 dabitur
2512 2145 2582 2208 ei,
2605 2145 2708 2198 nisi
2732 2147 2940 2215 signum
2953 2145 3107 2200 Iona:
3121 2155 3386 2215 propheta:
3406 2147 3450 2179 ⁸⁷
3466 2148 3492 2200 .’

1922 2249 2101 2290 nonne
2165 2235 2582 2290 contumacibus
2643 2233 2846 2289 Judzeis
2897 2246 2952 2290 et
3005 2245 3196 2290 sancto
3271 2251 3490 2302 semper

1922 2327 2243 2381 resistentes
2276 2325 2500 2394 Spiritui
2525 2325 2548 2379 ?
2569 2325 2754 2395 Neque
2787 2327 2915 2380 item
2947 2327 3180 2398 curiosis
3209 2336 3262 2379 et
3297 2327 3487 2380 inlice-

1923 2419 1993 2473 tis
2026 2416 2468 2486 inquisitionibus
2499 2425 2716 2486 oportet
2750 2433 2848 2471 nos
2897 2417 3096 2485 abripi,
3134 2433 3255 2486 qum
3289 2420 3480 2471 verbo-

1921 2524 2040 2565 rum
2065 2508 2440 2563 coutentiones
2489 2517 2544 2562 et
2595 2507 2969 2578 garrulitatem
3010 2508 3191 2577 potius
3221 2518 3490 2576 generant

1923 2618 2082 2672 quam
2112 2601 2408 2672 prolicuam
2461 2598 2756 2668 utilemque
2784 2581 3086 2654 dncirinam
3111 2623 3124 2656 :
3152 2614 3326 2669 neque
3359 2601 3480 2653 dia‘

1923 2694 2133 2750 lecticis
2189 2692 2458 2746 methodis
2496 2693 2562 2746 ad
2607 2695 3062 2746 demonstrativas
3107 2689 3490 2746 conclusioaes

1925 2784 2195 2854 pergendo
2228 2797 2326 2850 per
2377 2782 2706 2836 artificiosos
2757 2784 3140 2851 captiososque
3185 2796 3488 2846 sermones,

1924 2880 1991 2930 ad
2053 2878 2154 2930 hoc
2209 2891 2378 2944 genus
2436 2877 2851 2942 persuasionum
2907 2873 3222 2943 confugere,
3273 2887 3394 2941 qure
3424 2874 3490 2926 ad

1925 2983 2250 3024 consensum
2300 2967 2585 3020 audientes
2635 2966 2900 3021 violenter
2959 2966 3206 3035 adigunt.
3263 2963 3492 3018 Prorsus

252 3056 444 3126 μένους
483 3055 834 3125 ἐπαγομένας
860 3072 872 3084 '
919 3055 1233 3126 Ἑλληνικὸν
1261 3056 1422 3110 τοῦτο
1449 3057 1541 3108 καὶ
1578 3057 1820 3108 ἀπίστων

1928 3063 2031 3118 hoc
2096 3061 2444 3116 ethnicorum
2490 3066 2574 3113 est
2633 3067 2795 3126 atque
2843 3057 3138 3112 infidelium
3189 3057 3491 3110 inventum.

251 3146 569 3200 παντάπασι
599 3145 662 3198 τὸ
711 3145 1016 3218 ὲφεύρεμα.
1051 3147 1162 3199 Καὶ
1203 3147 1313 3218 γὰρ
1343 3145 1388 3198 ὦ
1403 3163 1538 3218 σπερ
1579 3147 1822 3199 Ἰουδαῖοι

253 3237 476 3304 σημεῖον
529 3235 810 3302 αἰτοῦσιν,
854 3237 1000 3290 οὕτω
1048 3237 1143 3290 καὶ
1187 3237 1447 3308 Ἕλληνες
1495 3238 1685 3306 σοφίαν
1725 3236 1822 3308 ζη-

250 3328 455 3384 τοῦσιν.

315 3423 380 3493 β’.
431 3421 577 3476 Ἀλλ’
603 3423 734 3494 ἡμῖν
753 3439 838 3490 γε,
865 3417 947 3486 οἷς
979 3422 1158 3486 πίστις
1179 3421 1241 3474 τδ
1268 3420 1604 3492 τιμώμενον,
1631 3421 1821 3485 πίστις

254 3514 388 3584 ἀρχὴ
414 3513 513 3567 καὶΙ
553 3511 844 3583 ὑποδάθρα
905 3514 1004 3582 τῆς
1051 3512 1324 3582 σωτηρίας
1362 3512 1520 3583 ημῶν
1567 3511 1821 3571 τιθέσθω.

255 3605 369 3658 ὅθεν
397 3605 495 3658 ἐπὶ
524 3605 620 3658 τὸν
663 3605 868 3658 σκοπὸν
899 3604 991 3658 καὶ
1018 3603 1080 3656 τὸ
1122 3597 1276 3667 τέλος
1303 3602 1413 3656 τῶν
1453 3603 1824 3672 ἐλπιζομένων

256 3696 610 3767 ἐπειγόμεθα.
646 3697 802 3749 Ἐπεὶ
838 3695 894 3748 δὲ
930 3698 964 3766 ἠ
991 3696 1175 3758 πίστις
1210 3695 1269 3760 ἐξ
1303 3695 1495 3766 ἀκοῆς,
1537 3695 1824 3748 πιστεῦσαι

256 3789 330 3842 δεῖ
354 3789 576 3858 πρῶτον
605 3787 700 3840 τὸν
743 3783 1185 3858 προσερχόμενον
1233 3789 1317 3840 ὅτι
1377 3787 1494 3840 ἔστι
1529 3787 1660 3850 Θεὸς
1681 3829 1695 3852 ,
1728 3788 1824 3840 καὶ

257 3881 367 3943 τοῖς
392 3878 728 3948 ἐκζητοῦσιν
763 3879 933 3931 αὐτὸν
984 3877 1387 3946 μισθαποδότης
1423 3879 1638 3946 γίνεται
1673 3895 1686 3909 ο
1731 3895 1824 3930 πιο

259 3968 479 4021 στεῦσαι
510 4006 527 4032 ,
561 3967 622 4020 ού
665 3967 1072 4038 ζυγομαχῆσαι,
1105 3967 1242 4020 ἀλλὰ
1277 3967 1459 4020 πίστει
1515 3968 1824 4038 προσιέναι,

257 4057 344 4110 τὸν
367 4058 469 4128 τῆς
500 4055 819 4120 εὐπειθείας
887 4057 1077 4128 μισθὸν
1129 4057 1582 4129 ἀπεκδεχόμενον.
1636 4059 1828 4123 Πίστις

259 4149 363 4220 γάρ
391 4151 545 4202 ἐστιν
569 4149 717 4220 ἁπλῆ
741 4148 1021 4218 λογισμῶν
1051 4149 1146 4202 καὶ
1179 4149 1515 4220 ἀπερίεργος
1545 4149 1826 4217 συγκατὰ-

263 4240 404 4306 θεσις
431 4255 448 4272 ⁶
480 4240 563 4294 διδ
612 4239 796 4292 πίστει
827 4239 1100 4309 πρόσιμεν
1133 4243 1198 4312 τῇ
1249 4241 1454 4310 χάριτι,
1496 4243 1563 4312 τῇ
1618 4243 1683 4294 ὲκ
1729 4240 1828 4294 τοῦ

261 4331 400 4386 θείου
423 4330 750 4403 Πνεῦματος
775 4333 1034 4404 ἐπιπνοίᾳ.
1061 4334 1416 4404 ὲντικτομένῃ
1448 4335 1568 4396 ταῖς
1595 4333 1704 4386 τῶν
1736 4351 1830 4386 πιο

1928 3153 2134 3209 Etenim
2168 3152 2308 3205 sicut
2352 3148 2522 3204 Judmi
2572 3151 2784 3222 signum
2818 3157 3028 3222 petunt,
3057 3152 3128 3208 ita
3170 3148 3370 3204 etlmici
3402 3163 3490 3200 sa-

1925 3246 2180 3319 pientiam
2205 3254 2458 3314 qmerunt
2489 3241 2554 3298 ¹⁸.

1991 3429 2047 3486 2.
2087 3427 2252 3483 Nobis
2292 3442 2442 3492 vero,
2478 3427 2676 3497 quibus
2708 3426 2842 3481 fides
2884 3426 2938 3480 in
2961 3428 3176 3499 honore
3213 3432 3321 3490 est,
3364 3423 3494 3478 ﬁdes

1929 3523 2043 3590 ipsa
2072 3521 2286 3575 initium
2337 3535 2400 3574 ac
2437 3519 2848 3574 fundamentum
2900 3519 3093 3574 salutis
3133 3526 3331 3572 nostra:
3363 3525 3497 3570 ceno

1927 3617 2212 3682 stituatur,
2274 3615 2417 3669 unde
2455 3615 2521 3667 ad
2561 3629 2780 3682 scopum
2831 3613 3100 3679 ﬁnemque
3155 3621 3494 3680 speratarum

1927 3721 2106 3760 rerum
2144 3705 2544 3759 coatendimus.
2583 3703 2848 3770 Quoniam
2884 3716 3012 3755 vero
3045 3701 3178 3755 fides
3201 3716 3264 3754 ex
3299 3701 3484 3753 auditu

1926 3807 2032 3860 est,
2057 3795 2281 3849 credere
2318 3804 2534 3863 oportet
2562 3795 2740 3864 primo
2789 3793 3135 3848 accedentem
3169 3792 3307 3860 quod
3341 3793 3480 3844 Deus

1927 3886 2019 3947 sit,
2063 3893 2116 3938 et
2158 3883 2301 3950 quod
2358 3883 2758 3951 inquirentilms
2801 3896 2860 3936 se
2901 3889 3280 3933 remuneratur
3326 3881 3492 3942 sit";

1928 3973 2440 4042 credere,inquam,
2489 3982 2722 4040 oportet,
2776 3986 2880 4024 non
2930 3971 3211 4032 resistere,
3247 3972 3340 4023 sed
3371 3987 3494 4024 cum

1931 4068 2034 4121 ﬁde
2051 4065 2332 4124 accedere.
2365 4073 2420 4117 et
2441 4063 2731 4117 docilitatis
2750 4061 2980 4116 fructum
3008 4060 3306 4128 percipere.
3333 4060 3493 4115 Fides

1929 4159 2071 4213 enim
2123 4165 2206 4210 est
2264 4157 2399 4208 liber
2442 4169 2469 4206 a
2525 4142 3034 4206 ratiocinationibus
3083 4158 3136 4203 et
3189 4150 3497 4204 incuriosus

1931 4261 2206 4301 assensus.
2239 4245 2360 4298 Ideo
2389 4242 2490 4298 [ide
2521 4244 2585 4297 ad
2623 4241 2848 4311 gratiam
2877 4239 3210 4296 accedimus.
3248 4255 3366 4306 qum
3401 4240 3486 4292 di-

1931 4336 2056 4389 vino
2077 4334 2290 4389 alllante
2310 4333 2514 4401 Spiritu
2547 4332 2598 4385 in
2631 4329 2914 4382 animabus
2939 4327 3173 4382 lidelium
3205 4327 3442 4397 gignitur
3469 4346 3482 4381 :

265 4424 399 4477 στῶν
427 4423 656 4493 ψυχαῖςο
705 4423 884 4492 πάσης
912 4424 1172 4481 ἀπιστίας
1216 4423 1511 4494 ἐλευθέραν
1551 4425 1650 4494 τὴν
1681 4424 1822 4492 γνὼ-

1935 4443 2054 4479 ριιιιι
2085 4425 2310 4478 liberam
2351 4421 2498 4479 omni
2535 4415 2908 4472 incredulitate
2959 4425 3192 4469 mentem
3228 4414 3492 4484 gerimus,

268 4532 368 4585 μην
402 4512 755 4586 κεκτημένοι,
808 4514 904 4568 καὶ
952 4515 1010 4568 ὲν
1067 4515 1333 4585 ἁπλότητι
1380 4515 1607 4584 καρδίας
1647 4516 1833 4580 ἁπλῶς

268 4606 355 4658 καὶ
383 4605 762 4670 ἀὸασανίστως
789 4606 860 4661 τὰ
890 4608 957 4676 τῇ
989 4605 1254 4677 καθολικῇ
1303 4605 1601 4676 Ἐκκλησία
1653 4623 1836 4678 παρα-

268 4695 521 4768 δεδομένα
558 4697 634 4761 ὡς
672 4699 736 4751 ἐκ
776 4697 933 4762 θείας
975 4698 1359 4769 ἐπιλάμποντα
1413 4699 1636 4767 χάριτος
1685 4698 1836 4768 δεχό-

277 4787 427 4858 μεθα,
471 4790 657 4860 πάσης
685 4789 784 4856 τῆς
813 4788 873 4854 ἐξ
895 4789 1229 4859 ἀμφιϐολίας
1277 4789 1493 4860 κηλῖδος
1524 4791 1620 4843 καὶ
1658 4789 1832 4862 ῥύπου

275 4879 685 4954 καθαρεύοντες.
723 4883 956 4953 Νόσημα
989 4883 1103 4953 γὰρ
1135 4881 1318 4952 ψυχῆς
1355 4882 1545 4934 κακῶν
1572 4882 1832 4936 κάκιστον

275 4971 513 5039 ἀπιστία,
553 4974 648 5028 καὶ
679 4973 974 5038 ἀσυνεσίας
1003 4974 1145 5044 ἀρχὴ
1175 4974 1270 5026 καὶ
1295 4972 1578 5036 ἀπωλείας
1627 4973 1830 5042 παραί-

277 5079 400 5120 τιον.
442 5064 581 5118 Ἐὰν
611 5065 721 5135 γὰρ
759 5066 846 5137 μὴ
883 5067 1284 5132 πιστεύσητε,
1337 5066 1524 5136 φησὶν,
1575 5065 1718 5121 οὐδὲ
1749 5066 1833 5135 μὴ

277 5153 514 5222 συνῆτε.
546 5154 622 5208 Ἥ
661 5171 720 5207 τε
755 5154 865 5223 γὰρ
915 5153 1172 5208 ἀπείθεια
1203 5155 1341 5226 πρὸς
1381 5155 1560 5208 ὁτιοῦν
1603 5157 1664 5208 οὐ
1701 5173 1834 5226 συγ-

345 5331 388 5366 ¹⁶
411 5331 432 5388 1
456 5333 598 5390 Tim.
629 5349 670 5398 ι,
695 5333 752 5388 ι.

829 5333 870 5364 ¹⁷
904 5332 1098 5387 Matth.
1137 5347 1248 5396 xvr,
1270 5331 1324 5386 4.
1403 5331 1445 5364 ⁸³
1475 5331 1491 5386 l
1523 5331 1652 5386 Cor.
1688 5347 1724 5399 ι,
1758 5332 1850 5387 22.

351 5488 428 5558 (ὅ)
451 5487 675 5544 Graecus
721 5485 1009 5554 Nicephori
1030 5487 1200 5541 codex
1221 5500 1411 5551 reapse
1433 5487 1596 5540 habet
1637 5500 1742 5540 non
1765 5487 1835 5558 ot-

283 5558 507 5628 κοδομὴν
553 5559 640 5612 vel
695 5559 1027 5626 οἰκοδομίαν,
1078 5559 1170 5628 sed
1230 5558 1564 5626 οἰκονομίαν,
1626 5567 1683 5608 ut
1741 5557 1830 5610 alii

287 5629 428 5682 multi
458 5627 674 5684 codices
712 5629 1061 5694 nonnullique
1101 5627 1289 5679 Patres
1314 5637 1627 5694 veteresque
1655 5636 1830 5680 trans-

286 5695 537 5766 lationes;
570 5713 875 5768 quanquam
912 5708 965 5754 et
1011 5699 1097 5752 illa
1129 5697 1277 5768 prior
1324 5697 1615 5766 permultos
1673 5695 1830 5750 habet

1929 4529 1985 4573 et
2025 4518 2078 4572 iu
2112 4514 2464 4586 simplicitate
2489 4511 2668 4565 cordis
2699 4510 2912 4564 sincere
2953 4523 3014 4563 ac
3052 4507 3169 4562 sine
3203 4506 3306 4558 ulla
3335 4505 3503 4572 inqui-

1931 4611 2128 4664 sitione
2176 4607 2402 4661 traditas
2432 4602 2713 4659 catholica:
2749 4601 3007 4656 Ecclesia:
3064 4599 3340 4654 doctrinas
3375 4605 3502 4649 tau-

1931 4717 2092 4772 quam
2143 4700 2321 4754 divina
2373 4697 2637 4765 fulgentes
2687 4695 2860 4764 gratia
2903 4686 3234 4762 suscipimus
3280 4704 3496 4744 omnem

1939 4791 2294 4847 dubitationis
2369 4803 2575 4844 nmvum
2649 4783 3027 4852 maculamque
3099 4785 3500 4850 abstergeutes.

1940 4884 2156 4938 Morbus
2196 4881 2341 4937 enim
2387 4879 2636 4934 omnium
2671 4879 2938 4949 pessimus
2971 4869 3344 4934 incredulitas,
3374 4873 3506 4925 insi—

1941 4977 2156 5047 pientia:
2194 4975 2427 5036 initium,
2458 4982 2510 5028 et
2549 4971 2872 5042 perditionis
2902 4983 3087 5024 causa.
3123 4966 3182 5020 Si
3215 4965 3357 5018 enim
3395 4979 3493 5016 »το-ι

1941 5067 2288 5126 credideritis,
2321 5065 2492 5133 inquit
2529 5062 2895 5131 Scriptura",
2933 5075 2996 5114 ne
3029 5053 3331 5124 intelligetis
3377 5053 3496 5121 qui-

1941 5159 2084 5214 dem.
2112 5158 2323 5213 Etenim
2359 5157 2706 5214 incredulitas
2739 5153 2937 5208 nullam
2967 5149 3172 5220 patitur
3200 5161 3338 5201 rem:
3375 5145 3506 5199 reli-

1928 5333 1971 5365 ¹⁸
2009 5331 2175 5389 llebr.
2209 5347 2286 5400 ιι,
2318 5331 2370 5386 6.
2448 5332 2494 5364 ⁸ο
2521 5329 2627 5384 lsa.
2653 5342 2750 5394 tu,
2773 5327 2828 5382 9.

1941 5487 2346 5554 asﬁpulatnres.
2402 5483 2537 5539 Vide
2619 5478 3090 5554 Roﬁsenmiillerum
3172 5476 3238 5528 ad
3301 5475 3504 5554 dictum

1943 5545 2088 5612 Pauli
2152 5559 2364 5617 locum,
2421 5555 2511 5622 qui
2581 5553 2773 5608 merito
2833 5549 3114 5618 Vulgatam
3148 5555 3410 5612 nostram,
3455 5545 3510 5601 id

1940 5639 2022 5684 est
2061 5629 2318 5700 priorem,
2348 5623 2587 5696 praefert.
