3898 6150
206 334 305 399 381

874 335 1507 399 ANTIRRHETICUS
1561 338 1657 399 ΙΙΙ
1694 340 1864 402 ADV.
1902 339 2497 402 CONSTANTINUM
2534 338 2749 399 COPB.

3347 327 3453 393 382

207 446 375 501 ἔπαθε
404 446 604 517 ῥαδίως
629 447 984 517 προάγονται,
1021 453 1107 503 καὶ
1147 450 1349 505 θᾶττον
1380 453 1412 523 ἢ
1437 452 1529 505 διὰ
1550 454 1648 521 τῆς
1671 455 1782 506 τῶν

1892 471 2192 527 passusque
2224 465 2308 510 est
2333 474 2348 523 ;
2397 464 2451 507 et
2498 453 2718 524 quidem
2747 448 2982 506 celerius
3012 461 3175 516 quam
3200 459 3451 500 sermone

207 531 381 600 λόγων
414 533 765 603 ὖφηγήσεως,
793 535 904 606 ὅσῳ
956 538 1051 589 καὶ
1101 537 1226 607 ὄψις
1278 540 1449 611 ἀκοῆς
1479 541 1672 595 θᾶττον
1702 545 1783 607 εἰς

206 624 410 693 γνῶσιν
471 625 567 679 καὶ
611 626 748 696 πρὸς
789 628 973 681 πίστιν
1035 629 1382 702 ἐτοιμοτέρα.
1444 634 1634 698 Οὕτως
1688 630 1784 689 οὖν

207 715 457 787 κατήχθη
487 718 616 787 ἄχρι
647 720 743 772 καὶ
777 720 933 789 ἡμῶν
959 720 1077 775 ίσον
1112 724 1175 776 τὸ
1213 725 1486 796 σέϐασμα,
1531 728 1610 797 τῷ
1643 745 1781 799 προ-

207 805 549 877 διηνυσμένῳ
582 810 684 877 μὲν
716 811 929 882 ἀπείρῳ
955 812 1136 883 χρόνῳ
1177 814 1588 885 βεϐαιούμενον,
1624 821 1686 888 τῇ
1720 818 1777 871 δὲ

208 898 316 950 τῶν
344 898 554 951 πιστῶν
597 900 942 968 Χριστιανῶν
972 903 1289 976 ἀξιοπιστίᾳ
1318 907 1415 960 καὶ
1462 907 1781 979 μαρτυρού-

213 1004 372 1059 μενον
399 989 494 1041 καὶ
522 991 921 1060 πραττόμενον.

275 1079 341 1132 δ’.
374 1077 443 1130 Τί
463 1078 527 1148 δὴ
545 1076 638 1131 οὖν
671 1081 730 1132 τὸ
757 1081 962 1134 λυποῦν
985 1085 1124 1149 ἐστι,
1148 1082 1248 1154 τῆς
1278 1087 1498 1157 μνήμης
1524 1086 1617 1140 τοῦ
1645 1089 1783 1157 Χρι-

213 1167 335 1220 στοῦ
362 1168 753 1240 συνεχέστερον
783 1172 1034 1227 ἐντεῦθεν
1060 1178 1518 1246 προσγινομένης,
1552 1179 1646 1230 καὶ
1671 1178 1780 1232 τῶν

211 1254 539 1326 εὐεργεσιῶν
580 1260 673 1311 καὶ
730 1261 1143 1332 μεγαλουργιῶν
1196 1265 1306 1318 τῶν
1362 1268 1443 1331 είς
1489 1269 1638 1338 ἡμᾶς
1684 1260 1782 1322 πε-

214 1348 544 1417 πραγμένων
606 1349 1093 1421 ὀμολογουμένων;
1142 1356 1284 1408 Ἀλλ’
1326 1359 1375 1410 οἱ
1432 1358 1540 1411 τῶν
1596 1359 1783 1413 κακῶν

212 1438 464 1502 τέκτονες
517 1439 902 1509 βασκαίνουσιν
974 1444 1283 1516 ἀνθρώποις
1328 1448 1428 1517 τῆς
1484 1449 1782 1519 σωτηρίας,

214 1530 307 1600 οὐχ
335 1531 555 1594 ἑαυτοῖς
591 1535 771 1602 μόνον,
801 1534 937 1587 ἀλλὰ
986 1538 1081 1589 καὶ
1109 1541 1223 1600 τοίς
1251 1538 1433 1611 ᾅλλοις
1485 1540 1583 1610 τὴν
1636 1539 1786 1610 βασι·

212 1619 355 1673 λείαν
409 1622 555 1675 κατὰ
582 1625 709 1687 τοὺς
756 1626 1085 1696 Φαρισαίους
1119 1629 1363 1691 ἐκείνους
1412 1618 1599 1698 σαφῶς
1645 1631 1784 1682 ἀπο-

214 1710 499 1776 κλείοντες,
533 1708 607 1767 ὧν
650 1717 744 1770 καὶ
789 1718 879 1770 τὸν
932 1718 1133 1787 τρόπον
1190 1719 1286 1772 καὶ
1331 1719 1432 1790 τὴν
1462 1719 1782 1784 ἀλαζονείαν

1887 555 2144 600 narrante
2176 544 2253 611 ﬁt,
2287 550 2490 612 quanto
2534 542 2684 595 visus
2738 538 2926 593 auditu
2974 534 3208 609 celerior
3273 532 3451 586 estad

1884 634 2451 704 comprehendendam
2529 632 2804 693 notitiam,
2859 639 2917 683 et
2967 626 3269 696 praebenda;
3323 622 3449 676 ﬁdei

1884 727 2148 793 paratior.
2189 724 2278 779 Sic
2307 724 2470 791 igitur
2498 723 2565 777 ad
2621 736 2719 776 nos
2745 734 2960 788 quoque
2991 716 3245 784 pervenit
3267 726 3454 778 atqua-

1885 817 2065 871 biliter
2094 818 2209 870 haec
2240 815 2542 880 veneratio,
2588 811 2839 867 immensi
2878 807 3138 876 temporis
3162 806 3311 871 lapsu
3342 812 3455 856 sta-

1884 904 2060 966 bilita.
2095 915 2151 958 et
2179 919 2206 957 a
2240 904 2474 957 ﬁdelium
2502 897 3104 965 Christianorumjusta
3132 891 3455 948 credulitate

1887 994 2256 1047 testimonium
2287 993 2612 1063 praximque
2650 991 2869 1045 sortita.
3020 996 3025 999 ‘

1952 1085 2006 1140 4.
2069 1086 2179 1139 Cur
2217 1099 2346 1153 ergo
2399 1085 2484 1138 his
2539 1083 2827 1136 molestum
2885 1085 2987 1142 est,
3043 1073 3188 1144 quod
3248 1069 3449 1140 saepius

1882 1175 2085 1230 Christi
2122 1175 2385 1229 memoria
2425 1174 2554 1227 hinc
2601 1170 2912 1231 refricetur,
2960 1163 3216 1236 quodque
3248 1158 3454 1214 beneﬁ-

1884 1270 1971 1320 cia
2022 1280 2087 1319 ac
2126 1265 2394 1332 inagnalia
2425 1265 2493 1319 ab
2522 1278 2587 1317 eo
2636 1276 2763 1330 erga
2801 1276 2898 1313 nos
2926 1265 3138 1327 patrata
3180 1251 3455 1307 aillrmen-

1886 1357 2023 1410 tur?
2072 1355 2269 1409 Verum
2313 1355 2367 1409 hi
2416 1353 2684 1408 malorum
2716 1350 2979 1412 artiﬁces,
3016 1348 3247 1402 salutem
3273 1342 3452 1399 homi-

1885 1445 2044 1499 nibus
2115 1444 2392 1508 invident;
2448 1456 2550 1496 nec
2595 1440 2698 1495 sibi
2758 1447 2990 1499 tantum,
3038 1447 3225 1489 verum
3289 1431 3452 1485 etiam

1885 1538 2120 1598 caeteris,
2152 1549 2304 1589 more
2337 1535 2551 1587 illorum
2591 1529 2996 1585 Pharisaeorum
3024 1538 3245 1594 regnum
3282 1522 3452 1575 mani-

1885 1626 2020 1681 feste
2042 1626 2459 1696 praecludentes,
2486 1637 2716 1694 quorum
2748 1635 2928 1674 mores
2952 1628 3117 1686 atque
3146 1615 3454 1683 superbiam

1885 1720 2221 1773 :rmulaotur.
2278 1717 2486 1771 Cuncta
2525 1715 2688 1784 igitur
2734 1710 3101 1766 venerationis
3151 1704 3454 1773 religionis-

213 1800 510 1870 ὲιξήλωεπιν.
543 1803 793 1858 Ἀπαντα
829 1807 926 1876 μέν
950 1803 1043 1861 οὖν
1084 1810 1436 1880 προσκυνητὰ
1482 1811 1576 1863 καὶ
1617 1810 1782 1864 σεϐά-

1892 1824 1991 1879 que
2045 1810 2429 1871 instrumenta,
2465 1812 2737 1874 quotquot
2766 1802 2818 1857 in
2866 1800 3107 1855 Ecclesia
3147 1797 3242 1850 Dei
3277 1792 3453 1847 tradi-

216 1906 363 1959 σμια,
393 1893 495 1946 ὅσα
522 1895 579 1945 ἐν
593 1897 659 1965 τῇ
695 1895 993 1968 Ἐκκλησία
1020 1897 1111 1951 τοῦ
1142 1899 1278 1951 Θεοῦ
1309 1899 1690 1969 παραδέδοται,
1724 1903 1783 1954 ἐν

213 1979 505 2050 γράμμασί
534 1998 592 2034 τε
650 1984 746 2037 καὶ
785 1985 1055 2056 ἀγράφως
1113 1987 1362 2057 κείμενα,
1424 1989 1520 2043 καὶ
1567 1988 1782 2052 ἁγιάζει

213 2069 383 2140 ψυχὰς
416 2075 511 2126 καὶ
542 2072 789 2143 σώματα,
836 2078 932 2130 καὶ
976 2078 1205 2149 οὐδεμία
1230 2082 1343 2141 τοῖς
1385 2083 1597 2143 πιστοῖς
1652 2080 1783 2152 περὶ

212 2162 379 2215 ταῦτα
406 2165 731 2232 ἀμφιϐολία.
759 2169 824 2220 Εί
852 2168 909 2222 δέ
935 2186 1020 2232 τις
1069 2170 1412 2241 ίσχνομυοῶν
1462 2171 1785 2243 λεπτότερον

219 2256 337 2323 περὶ
359 2256 548 2310 αὐτῶν
567 2256 775 2324 διεξίοι,
805 2260 982 2325 τοιάδε
1006 2261 1202 2332 φήσει·
1234 2262 1309 2326 ὼς
1338 2264 1371 2333 ἡ
1407 2262 1504 2334 μὲν
1549 2262 1785 2332 εὐαγγε-

218 2344 332 2417 λικὴ
396 2349 692 2421 συγγραφὴ
736 2350 879 2419 λόγῳ
916 2352 1300 2421 κπαραδέδοται
1354 2352 1506 2423 παρὰ
1561 2354 1673 2415 τοῖς
1726 2352 1785 2419 ἐξ

216 2436 383 2506 ἀρχῆς
408 2439 709 2502 αὐτόπταις
766 2441 862 2494 καὶ
920 2441 1222 2511 ὑπηρέταις
1278 2441 1372 2495 τοῦ
1429 2442 1614 2511 λόγου,
1673 2442 1782 2496 τῶν

218 2525 366 2579 θείων
386 2528 616 2581 ἐκείνων
642 2529 738 2582 καὶ
763 2530 1060 2600 ὑπερφυῶν
1089 2530 1264 2599 λόγων
1295 2548 1352 2585 τε
1376 2534 1466 2586 καὶ
1490 2533 1787 2602 ἐνεργειῶν

217 2618 306 2668 καὶ
347 2615 660 2685 δυνάμεων,
692 2616 728 2671 ἃ
769 2618 933 2687 μόνου
969 2615 1036 2689 ἦν
1075 2622 1168 2673 καὶ
1200 2620 1400 2691 δρᾶσαι
1449 2620 1544 2672 καὶ
1575 2620 1788 2685 διδάξαι

215 2705 303 2758 τοῦ
326 2707 853 2779 ἐνανθρωπήσαντος
886 2711 1081 2777 Λόγου,
1117 2713 1211 2765 καὶ
1240 2713 1390 2782 παρᾶ
1436 2713 1553 2774 τοῖς
1579 2714 1791 2776 πιστοῖς

216 2800 419 2863 πιστῶς
448 2801 728 2871 δεχθῆναι,
759 2802 820 2854 οὐ
852 2803 995 2873 λόγῳ
1020 2803 1160 2874 ψιλῷ
1203 2803 1299 2857 καὶ
1345 2805 1426 2863 εἰς
1465 2804 1603 2874 ἀέρα
1656 2820 1792 2874 προο

215 2889 475 2960 χεομένῳ,
524 2891 621 2943 καὶ
676 2891 846 2962 μικρά
892 2891 990 2962 τὴν
1055 2892 1224 2962 ἀκοὴν
1270 2892 1658 2962 περιηχοῦντι,
1715 2894 1793 2956 ὡς

216 2982 444 3054 παροῦσι
476 2981 536 3034 δέ
575 2982 924 3051 συγγίνεσθαι
952 2984 1294 3055 πράγμασιν,
1328 2983 1387 3048 ἐξ
1414 2978 1477 3038 οὗ
1517 2984 1578 3037 τὸ
1611 2985 1793 3055 μακά-

221 3087 326 3142 ριον
373 3072 771 3143 ἀποφέρονται.
815 3071 882 3125 Ἦ
926 3072 984 3125 δὲ
1044 3072 1153 3125 τῶν
1202 3066 1525 3142 ίεροτυπιῶν
1581 3072 1788 3126 τούτων

220 3136 420 3234 ίστορία
450 3136 663 3216 sitsi-05v
717 3151 1108 3234 μένὟιρτηται,
1158 3136 1264 3216 καὶ.
1283 3165 1345 3215 ἐκ
1389 3164 1520 3232 μιᾶς
1557 3164 1654 3217 καὶ
1685 3164 1785 3232 τῆς
1817 3136 1858 3195 c

218 3256 376 3325 αίνεῆς
424 3255 603 3327 ἀρχῆς
659 3256 1119 3326 συνυφεστήκασι,
1188 3256 1531 3324 πραγμάτων
1575 3256 1634 3309 δέ
1676 3256 1785 3309 τῶν

220 3346 387 3400 αὐτῶν
418 3348 657 3417 μίμησις
681 3346 817 3401 οὖσα
847 3346 1128 3418 τυγχάνει,
1157 3346 1248 3401 ὑπ’
1285 3346 1409 3416 ὄψιν
1439 3346 1647 3415 ἄγουσα
1676 3347 1785 3401 τῶν

221 3439 619 3509 πεπραγμένων
665 3438 766 3509 τὴν
818 3439 1071 3508 δήλωσιν,
1118 3438 1261 3492 καθὰ
1321 3440 1416 3492 καὶ
1471 3441 1528 3493 ἐν
1579 3440 1786 3505 ἑτέροις

217 3525 647 3597 διεξοδικώτερον
678 3528 809 3597 ἡμῖν
838 3529 1076 3599 εἴρηται,
1129 3527 1224 3581 καὶ
1252 3527 1312 3581 τὸ
1350 3527 1785 3599 ἁπαράγραπτον

218 3616 307 3686 τῆς
335 3617 559 3687 γραφῆς
591 3618 776 3686 σαφῶς
801 3620 1149 3690 παρίστησιν.

280 3715 339 3762 ε’.
383 3707 549 3762 Ἀλλὰ
600 3710 693 3763 καὶ
749 3711 799 3763 oi
844 3710 994 3779 λόγοι
1042 3711 1196 3764 αὐτοὶ
1240 3711 1451 3775 εἰκόνες
1502 3712 1611 3765 εἰσὶ
1677 3709 1787 3764 τῶν

218 3799 577 3868 πραγμάτων,
600 3799 693 3852 καὶ
722 3797 944 3853 ἕπονται
967 3800 1148 3864 αὐτοῖς
1165 3800 1240 3862 ὡς
1266 3800 1478 3863 αἰτίοις.
1506 3800 1617 3854 Καὶ
1640 3800 1788 3872 πρώ-

217 3901 317 3949 τως
350 3886 450 3955 μὲν
479 3886 578 3957 τὴν
614 3888 784 3957 ἀκοὴν
847 3888 1148 3943 είσδύονται
1173 3906 1186 3920 ο
1239 3889 1505 3961 πρότερον
1558 3890 1671 3959 γὰρ
1719 3889 1789 3943 τά

218 3976 394 4047 ἀπηχή
404 3994 554 4047 ματα
582 3976 690 4031 τῶν
714 3977 1021 4049 λεγομένων
1049 3982 1160 4041 τοῖς
1184 3980 1571 4049 ἐνηχουμένοις
1608 3994 1786 4050 προσ-

216 4070 474 4122 πίπτουσι
503 4085 517 4100 ·
545 4069 816 4141 δευτέρως
845 4070 901 4122 δὲ
926 4068 993 4123 δι’
1022 4070 1391 4141 ἁναλογισμοῦ
1421 4071 1513 4123 ἐπὶ
1536 4071 1635 4141 τὴν
1678 4069 1788 4125 τῶν

218 4161 555 4233 δηλουμένων
587 4163 926 4234 πραγμάτων
948 4156 1279 4234 ¹κατανόησιν
1324 4166 1354 4218 ὁ
1390 4154 1788 4235 ὴκουτισμένος

218 4252 453 4324 ἔρχεται.
522 4255 588 4307 Ἣ
638 4255 697 4307 δὲ
745 4256 976 4324 πρώτως
1033 4256 1128 4308 καὶ
1165 4258 1386 4326 ἀμέσως
1416 4258 1503 4308 ἐπ’
1551 4256 1692 4310 αὐτὰ
1720 4256 1789 4309 τὰ

221 4347 540 4418 πράγματα,
572 4346 647 4410 ὡς
678 4346 922 4417 παρόντα
952 4349 1076 4418 ἠδη,
1109 4348 1201 4400 τδν
1236 4348 1362 4402 νοῦν
1396 4348 1507 4401 τῶν
1554 4332 1789 4420 ἐνορών-

221 4451 321 4487 των
359 4437 653 4509 προσάγει,
692 4438 785 4491 καὶ
806 4438 870 4490 ἐκ
908 4437 1140 4509 ’πρώτης
1178 4437 1307 4501 θέας
1352 4442 1445 4492 καὶ
1490 4439 1787 4505 ἐντεύξεως

219 4528 413 4600 τρανὴν
447 4530 543 4583 καὶ
575 4529 959 4600 ἀπεξεσμὲνην
1008 4531 1109 4600 τὴν
1155 4531 1356 4600 γνῶσιν
1396 4530 1601 4584 τούτων
1630 4548 1787 4601 ,παρ-

218 4614 411 4688 ἑχεται.
431 4621 542 4674 Καὶ
559 4621 645 4674 ἵνα
663 4622 908 4694 Πατρικῇ
927 4624 1077 4692 φωνῇ
1097 4623 1580 4693 προσχρήσωμαι,ι
1610 4623 1788 4695 "Art-sp

220 4709 418 4777 ὀλόγος
449 4711 548 4781 τῆς
589 4712 833 4781 ἱστορίας
864 4714 1177 4783 ὑπέγραφε,
1224 4714 1399 4767 ταῦτα
1420 4712 1606 4784 γραφὴ
1654 4731 1788 4767 σιω-

223 4798 376 4854 πῶσα
399 4801 488 4855 διὰ
512 4803 796 4873 μιμήσεως
833 4803 1096 4858 δείκνυσι.
1134 4822 1153 4856 ι
1192 4805 1440 4858 Καθόσον
1483 4800 1577 4857 οὖν
1626 4805 1790 4874 ἔργον

220 4888 376 4959 λόγου
405 4893 701 4964 διενήνοχε,
731 4895 873 4949 κατὰ
902 4896 1153 4950 τοσοῦτον
1189 4897 1221 4968 ἡ
1250 4895 1344 4950 τοῦ
1365 4896 1527 4965 ἔργου
1555 4894 1791 4965 μίμησις

222 4983 312 5035 καὶ
338 4987 593 5054 ὁμοίωσις
646 4985 748 5056 τῆς
785 4987 895 5040 τῶν
925 4988 1097 5057 λόγων
1135 4989 1468 5058 άπηχήσεως
1511 4987 1649 5058 πρὸς
1689 4988 1789 5057 τὴν

221 5074 326 5127 τῶν
352 5079 697 5148 πραγμάτων
726 5079 917 5132 διοίσει
949 5079 1272 5150 ἐμφάνειαν.
1311 5079 1477 5132 Ὥστε
1520 5079 1786 5147 ἐμφαντι-

222 5167 490 5238 κωτέρους
509 5170 639 5233 τοὺς
669 5166 860 5239 λόγους
887 5171 980 5225 καὶ
1003 5170 1374 5243 σαφεστέρους
1403 5168 1662 5232 πολλάκις
1698 5167 1788 5221 διὰ

287 5342 334 5375 ³⁸
358 5340 549 5402 Matth.
583 5360 708 5413 xm,
742 5344 830 5400 16.

283 5493 362 5567 (7)
374 5494 583 5567 Abhinc
602 5513 701 5566 per
720 5512 904 5554 versus
928 5496 1312 5566 septemdecim
1337 5510 1506 5566 usque
1525 5494 1591 5549 ad
1611 5495 1773 5567 verba

217 5563 519 5643 quur—ﬁebat
547 5563 780 5643 tit—terim
819 5563 1009 5622 L-uline
1053 5563 1432 5643 l'ragmeut_0_n{
1452 5567 1595 5620 dedit
1635 5563 1775 5643 ’ξιπ-

220 5640 401 5704 riauus
424 5637 560 5700 apud
601 5637 897 5704 Cauisinm,
927 5649 1057 5692 tom.
1103 5641 1193 5692 cit.
1229 5652 1283 5704 p.
1314 5636 1415 5701 i7;
1444 5651 1602 5704 quem
1635 5637 1769 5699 fere,

219 5702 513 5762 imtnutatts
545 5717 724 5762 tamen
751 5702 895 5778 θωνα
936 5709 1133 5774 verbis,
1166 5702 1382 5776 scqttor,
1408 5702 1769 5778 praeterquam

1887 1902 2033 1955 tione
2063 1909 2337 1963 tenentur,
2389 1898 2506 1952 sive
2557 1894 2700 1964 picta
2751 1893 2868 1947 sive
2919 1903 3103 1951 secus,
3128 1896 3187 1941 et
3238 1885 3453 1938 animas

1885 2004 2104 2047 nosuas
2134 2003 2198 2043 ac
2232 2002 2461 2058 corpora
2493 1984 2879 2049 sanctiﬁcant;
2930 1989 2985 2035 et
3019 1979 3162 2032 nulla
3201 1986 3284 2030 est
3312 1974 3447 2029 ﬁde-

1880 2080 2025 2135 libus
2071 2081 2217 2134 circa
2264 2078 2380 2132 haec
2420 2075 2710 2130 dubitatio.
2762 2070 2915 2138 Quod
2944 2069 2987 2124 si
3024 2070 3145 2138 quis
3197 2064 3449 2119 subtilius

1886 2172 2260 2248 minutiusque
2289 2168 2357 2223 de
2388 2167 2475 2222 his
2512 2166 2784 2220 disserere
2830 2162 2983 2222 velit,
3015 2161 3087 2213 ita
3138 2157 3445 2224 eloquetur.

1884 2261 2092 2331 Nempe
2119 2243 2430 2327 evangelica
2469 2257 2744 2325 scriptura
2790 2262 3049 2310 oretenus
3097 2248 3297 2303 tradita
3350 2243 3455 2298 l‘uit

1887 2353 1953 2407 iis
1980 2351 2070 2421 qui
2098 2351 2167 2404 ab
2199 2349 2352 2402 initio
2383 2347 2644 2400 viderunt
2686 2352 2743 2399 et
2777 2341 3016 2398 ministri
3055 2338 3206 2392 l‘ucre
3236 2348 3454 2389 sermo-

1887 2445 1992 2508 nis,
2023 2444 2333 2506 verborum,
2365 2440 2590 2509 iuquam
2611 2476 2625 2502 ,
2659 2438 2987 2499 divinorum,
3034 2447 3099 2486 ac
3132 2433 3459 2498 supernatu-

1888 2536 2082 2590 ralium
2137 2534 2348 2587 illorum
2402 2544 2626 2599 operum
2684 2537 2851 2596 atque
2904 2522 3297 2592 prodigiorum,
3328 2530 3453 2586 qua

1888 2627 2060 2682 solum
2091 2624 2274 2680 facere
2294 2630 2510 2692 poterat
2524 2631 2579 2675 et
2598 2621 2794 2674 docere
2817 2619 3171 2671 humanatum
3190 2610 3451 2670 Verbum;

1889 2731 2008 2787 quae
2042 2715 2225 2770 ﬁdeles
2252 2715 2482 2768 ﬁdeliter
2497 2713 2769 2779 excipere,
2807 2723 2911 2761 non
2941 2720 3006 2759 ex
3033 2705 3175 2757 nudo
3194 2710 3449 2755 sermone

1890 2808 2016 2860 etin
2050 2819 2241 2859 aerem
2262 2802 2457 2867 eﬁ’nso,
2480 2802 2739 2868 brevique
2765 2798 3222 2855 circumsonante,
3261 2798 3456 2858 potue-

1894 2900 2060 2960 runt;
2097 2895 2191 2947 sed
2222 2893 2388 2945 etiam
2421 2905 2606 2945 coram
2657 2890 2820 2944 rebus
2863 2887 3031 2955 gestis
3068 2883 3361 2942 interesse,
3390 2893 3460 2934 ex

1891 2999 1999 3053 quo
2028 2985 2174 3038 beati
2198 2983 2558 3053 pra-dicantur
2578 2981 2646 3033 υ.
2672 2977 2789 3033 Jam
2812 2992 2939 3030 vero
2958 2988 3239 3030 sacrarum
3266 2972 3331 3026 ha
3343 2984 3461 3023 rum

1896 3076 2123 3133 historia
2143 3075 2439 3145 imaginum
2460 3072 2609 3127 illinc
2627 3070 2844 3139 pendet,
2868 3077 2922 3121 et
2941 3082 3007 3120 ex
3032 3079 3137 3119 uno
3157 3063 3456 3128 eodemque

1893 3165 2160 3236 principio
2194 3173 2423 3232 utraque
2455 3176 2543 3215 res
2583 3156 2904 3226 consurgit:
2935 3170 3024 3209 ars
3062 3166 3264 3214 autem,
3292 3149 3460 3203 facto-

1894 3274 2010 3313 rum
2031 3259 2272 3328 ipsorum
2300 3254 2536 3308 imitatio
2555 3261 2664 3316 est,
2685 3249 2860 3304 oculis
2887 3247 3154 3302 exhibens
3184 3253 3459 3314 gestarum

1895 3364 2073 3402 rerum
2107 3342 2641 3414 reprazsentationetn
2668 3357 2684 3407 ;
2715 3340 2855 3393 sicut
2876 3336 3040 3391 etiam
3080 3333 3209 3388 alibi
3241 3350 3268 3385 a
3301 3329 3458 3384 nobis

1892 3438 2163 3507 prolixius
2203 3436 2406 3489 dictum
2432 3433 2647 3497 fuit;et
2672 3430 2815 3501 quod
2855 3429 3069 3500 pictura
3115 3421 3466 3494 inculpabilis

1892 3529 1984 3594 sit,
2011 3527 2459 3581 demonstratum.

1964 3712 2016 3767 5.
2065 3709 2178 3765 lmo
2216 3707 2318 3781 (7)
2367 3717 2422 3763 et
2472 3706 2573 3776 ipsi
2616 3716 2902 3760 sermones
2958 3698 3226 3770 imagines
3278 3711 3462 3751 rerum

1893 3815 2042 3869 sunt,
2069 3815 2268 3869 easque
2326 3809 2582 3867 tanquam
2638 3810 2832 3850 causas
2891 3794 3319 3860 subsequuntur.
3383 3789 3452 3843 Et

1883 3887 2071 3967 ~primo
2128 3892 2349 3962 quidem
2403 3889 2643 3940 auditum
2702 3885 2951 3940 subeunt.
3012 3881 3260 3950 Namque
3302 3890 3460 3933 antea

1894 3985 2011 4040 soni
2049 3984 2363 4039 verborum,
2403 3975 2519 4045 88
2553 3976 2605 4028 in
2636 3988 2728 4027 eos
2776 3974 2869 4043 qui
2906 3972 3015 4026 illis
3061 3971 3350 4039 pulsantur
3379 3969 3467 4019 in-

1893 4082 2150 4136 currunt;
2181 4077 2365 4139 postea
2408 4083 2504 4137 per
2534 4065 2881 4119 ratiocinium
2929 4062 2994 4116 ad
3028 4076 3209 4116 rerum
3246 4059 3462 4128 signiti-

1894 4176 2143 4221 catarum
2193 4159 2614 4231 intelligentiam
2672 4157 2719 4210 is
2763 4156 2853 4224 qui
2909 4154 3061 4208 audit
3111 4151 3349 4207 devenit.
3398 4150 3467 4202 At

1897 4256 2108 4325 pictura
2142 4254 2326 4308 statim
2378 4253 2500 4306 sine
2560 4248 2669 4302 ullo
2713 4246 3039 4301 intermedio
3074 4245 3141 4297 ad
3175 4258 3263 4298 res
3296 4243 3463 4311 ipsas,

1897 4348 2091 4417 ntjam
2129 4348 2724 4415 przcseotesymentem
2773 4336 3138 4407 spectantium
3184 4334 3462 4398 admovet,

1896 4438 2157 4505 etprimo
2190 4434 2384 4489 intuitu
2409 4427 3112 4498 occursuqueperspicuam
3144 4425 3462 4494 perfectam.

1821 4496 1863 4552 θ
1892 4496 1997 4599 que
2032 4543 2212 4583 rerum
2265 4525 2630 4592 cognitionem
2670 4496 2911 4590 praebet.
2962 4519 3138 4588 Atque
3173 4525 3230 4570 ut
3283 4514 3462 4569 Patris

1894 4619 2176 4689 cujusdam
2213 4616 2451 4670 dictione
2482 4623 2603 4667 utar
2632 4630 2651 4664 ι
2679 4626 2801 4680 quae
2829 4611 3088 4664 historica
3123 4606 3301 4662 oratio
3330 4621 3465 4660 nar-

1896 4721 2003 4778 rat,
2031 4725 2091 4765 ea
2118 4710 2343 4764 silenter
2375 4708 2588 4779 pictura
2619 4705 2880 4761 imitando
2899 4703 3160 4759 ostendit.
3201 4721 3220 4755 ι
3252 4702 3468 4767 Quanto

1899 4803 2081 4870 itaque
2109 4814 2243 4869 opus
2277 4799 2526 4853 oratione
2559 4796 2916 4867 praestantius
2937 4802 3042 4859 est,
3097 4801 3246 4845 tanto
3275 4792 3456 4860 operis

1899 4891 2130 4947 imitatio
2160 4899 2216 4945 et
2262 4889 2580 4955 similitudo,
2611 4887 2874 4941 orationis
2898 4884 3119 4951 sonitui,
3158 4885 3299 4952 quod
3326 4882 3459 4938 atti-

1895 4992 1987 5038 net
2014 4981 2080 5036 ad
2115 4997 2293 5036 rerum
2342 4979 2879 5039 demonstrationem,
2932 4975 3230 5042 prmstabit.
3279 4971 3459 5038 Quare

1895 5073 2231 5128 manifestior
2276 5074 2452 5128 oratio
2502 5082 2664 5143 atque
2693 5068 3000 5126 evidentior
3053 5079 3194 5133 saepe
3224 5078 3320 5131 per
3353 5066 3450 5118 has

1888 5167 2135 5237 'picturas
2181 5160 2379 5221 evadit.
2441 5164 2712 5220 Multoties
2741 5161 2887 5217 enim
2919 5172 2986 5212 ex
3016 5168 3269 5212 sermone
3293 5153 3456 5211 dubia

1884 5495 1936 5551 in
1960 5505 2200 5552 extrema
2233 5498 2475 5567 periodo.
2504 5497 2557 5552 in
2596 5492 3040 5567 quah’rnrrianus
3073 5491 3258 5562 legens
3304 5500 3463 5567 meu-

1883 5569 2013 5621 dosc
2063 5561 2345 5636 συμ66’).ων
2396 5584 2490 5637 pro
2526 5561 2845 5631 συλλαὸὦν,
2883 5576 3048 5623 tota-tn
3125 5561 3452 5619 sententiam
3519 5574 3523 5578 ‘

1881 5638 2171 5694 subvertit.
