3918 6144
353 259 461 324 383

1380 262 1442 322 S.
1486 260 1909 322 NICEPHORI
1949 261 2457 322 PATRIARCHIE
2493 262 2599 322 CP.

3519 249 3614 314 ἓξὲξ

359 371 606 439 quaedam
642 376 696 425 et
725 369 1113 440 ambiguitates
1146 369 1450 440 pariuntur,
1484 369 1794 440 diversique
1814 385 1939 425 sen-

2078 369 2142 439 ῆς
2171 369 2434 440 τοιαύτης
2495 368 2736 438 ἱστορίας
2774 366 3042 436 γίνεσθαι.
3093 363 3365 424 Πολλάκις
3393 359 3502 428 γαρ
3537 360 3616 412 διὰ

357 462 526 517 susin
555 460 753 516 animis
780 459 918 514 eﬁici
941 460 1116 516 solent
1148 477 1162 514 :
1199 473 1305 528 quo
1329 456 1389 511 ﬁt
1413 467 1470 510 ttt
1495 457 1648 512 multi
1668 467 1724 512 et
1752 474 1934 514 secum

358 551 460 620 ipsi
481 558 535 606 et
558 551 824 606 adversus
843 551 980 604 alios
999 551 1343 616 dissentiant,
1363 549 1652 616 verbisque
1671 557 1932 618 pugnent,

359 639 432 696 de
469 641 630 696 dictis
679 641 1016 712 ambigentes
1048 654 1064 694 :
1100 649 1479 695 verumtamen
1507 655 1592 703 ea,
1651 655 1816 709 quam
1852 653 1940 693 res

361 730 605 798 visibiles
635 731 862 796 faciunt,
894 731 1026 784 ﬁdes
1060 731 1246 799 procul
1277 730 1423 784 omni
1456 731 1794 785 dubitatione
1829 739 1937 786 est.

364 821 537 876 Tanta
557 837 686 876 vero
697 831 778 877 est
795 826 1075 890 utriusque
1091 823 1422 887 communio,
1449 831 1508 875 ut
1526 823 1576 876 in
1601 838 1707 876 uno
1725 823 1946 876 eodem-

365 928 473 980 que
491 913 648 978 libro,
689 914 990 981 sicutsmpe
1015 913 1068 967 in
1095 914 1486 982 antiquissimis
1507 913 1715 976 chartis
1758 913 1942 966 videre

366 1012 472 1067 est,
501 1002 802 1056 alternatim
823 1018 910 1056 res
933 1003 1257 1077 delineetur,
1277 1003 1407 1058 hinc
1429 1003 1644 1072 quidem
1671 1017 1766 1073 per
1783 1003 1949 1074 sylla-

367 1094 540 1146 ltieam
564 1095 887 1158 orationem,
915 1093 1060 1148 illinc
1087 1109 1215 1148 vero
1239 1109 1332 1164 per
1365 1096 1529 1148 hasce
1557 1093 1824 1163 imagines
1847 1108 1945 1146 ea-

273 1189 278 1203 ‘
367 1181 488 1236 dem
525 1183 762 1236 narratio
807 1184 1148 1247 exitibeatttc,
1183 1198 1302 1253 quae
1333 1183 1491 1240 ﬁebat
1524 1183 1741 1236 litteris.
1781 1182 1934 1236 Sicut

373 1287 502 1338 ergo
518 1271 791 1342 Evangelii
807 1273 1075 1342 scriptura
1095 1273 1220 1328 inde
1233 1275 1592 1342 obtinetapud
1610 1274 1953 1328 Christianos

379 1364 564 1430 ﬁdem,
603 1365 732 1433 quin
792 1365 898 1419 alia
947 1367 1216 1435 scriptura
1269 1375 1360 1420 aut
1397 1368 1646 1422 oratione
1683 1366 1946 1436 indigeat,

368 1473 491 1528 qua!
519 1459 585 1512 de
621 1472 682 1513 ea
721 1465 955 1512 testetur
975 1459 1259 1527 eidemque
1277 1459 1673 1526 patrocinetur,
1702 1467 1758 1510 ut
1791 1473 1950 1510 vene-

371 1551 542 1604 randa
569 1561 624 1605 et
650 1551 988 1606 honorabilis
1021 1553 1319 1618 habeatur;
1347 1552 1426 1606 sic
1457 1552 1619 1606 etiam
1645 1549 1947 1603 divinarum

373 1641 667 1711 imaginum
726 1641 1040 1708 delineatio,
1091 1657 1213 1696 ctnn
1268 1643 1335 1696 sit
1374 1643 1562 1696 eadem
1599 1649 1764 1710 atque
1785 1656 1954 1695 evan-

2040 459 2151 511 τῶν
2179 459 2354 528 λόγων
2393 461 2488 512 καὶ
2530 459 2758 530 ἀπορίαι
2796 457 2940 520 τινὲς
2993 455 3093 509 καὶ
3121 452 3618 524 διαμφισϐητήσεις

2041 549 2340 616 τίκτονται,
2374 551 2468 603 καὶ
2495 551 2821 620 φρονήματα
2868 547 3105 617 διάφορα
3137 548 3256 609 ταῖς
3284 544 3512 613 ψυχαῖς,
3548 543 3619 603 ὡς

2043 640 2103 691 τδ
2134 639 2305 704 είκδς,
2347 639 2572 708 φύονται

2620 654 2634 669 ·
2671 638 2858 691 πολλοί⁷
2912 636 3043 706 γοῦν
3089 633 3356 704 καὶπρὸς
3401 631 3620 694 ἑαυτοῦς

2046 732 2139 784 καὶ
2167 732 2303 801 πρὸς
2333 731 2555 800 ἐτέρους
2584 728 3037 793 διαστασιάζουσι
3089 727 3186 781 καὶ
3231 722 3620 794 λογομαχοῦσι,

2046 823 2176 890 περὶ
2207 821 2320 875 τῶν
2373 821 2688 890 λεγομένων
2715 819 3148 888 ἀμφιγνοοῦντες
3168 833 3182 846 ο
3215 817 3248 886 ἡ
3292 814 3352 866 δὲ
3383 814 3474 866 διὰ
3525 811 3624 864 τῶν

2049 913 2265 981 ὁρατῶν
2291 913 2580 977 πίστωσις,
2617 911 3024 982 ἀναμφίλεκτον
3055 907 3396 977 πανταχόθεν
3434 903 3625 973 κέκτηο

2047 1019 2162 1056 ται.
2207 1001 2331 1054 Ἐπὶ
2363 1001 2616 1056 τοσοῦτον
2649 1002 2706 1056 δὲ
2732 1004 2790 1055 ἐν
2828 999 3158 1070 ἀμφοτέροις
3185 999 3218 1068 ή
3248 993 3530 1054 κοινωνία,
3559 991 3622 1055 ὡς

2049 1095 2106 1145 ὲν
2137 1094 2238 1164 μιᾷ
2272 1095 2364 1147 καὶ
2401 1095 2466 1164 τῇ
2501 1093 2640 1166 αὐτῇ
2690 1091 2880 1162 βίϐλῳ,
2937 1091 3083 1145 καθά
3140 1086 3418 1158 πολλαχοῦ
3445 1090 3503 1139 ἐν
3539 1085 3623 1152 ἀρ-

2050 1185 2366 1254 χαιοτάταις
2401 1184 2527 1237 ἰδεῖν
2574 1185 2690 1238 ἔστι
2719 1185 2960 1248 δέλτοις,
3009 1181 3161 1252 παρά
3212 1179 3381 1252 μέρος
3433 1176 3632 1246 γεγράο

2053 1275 2207 1344 φθαι,
2233 1273 2483 1328 ἐντεῦθεν
2517 1278 2616 1345 μὲν
2663 1275 2755 1328 τὸν
2796 1274 2884 1326 διὰ
2941 1273 3053 1325 τῶν
3107 1269 3398 1325 συλλαϐῶν
3436 1269 3626 1336 λόγον,

2052 1365 2304 1420 ἐντεῦθεν
2337 1367 2396 1420 δὲ
2441 1366 2532 1419 τὸν
2562 1367 2650 1420 διὰ
2687 1367 2785 1435 τῆς
2831 1365 3078 1436 ἱστορίας
3112 1363 3348 1434 ταύτης,
3394 1361 3496 1413 καὶ
3536 1359 3632 1427 τὴν

2054 1457 2224 1526 αὐτὴν
2280 1456 2694 1526 προδείκνυσθαι
2733 1459 3012 1527 ὑφήγησιν
3067 1458 3132 1525 τῇ
3167 1457 3226 1508 ἐν
3283 1455 3632 1522 γράμμασιν.

2069 1549 2156 1612 Ὠς
2185 1545 2280 1603 οὖν
2306 1549 2399 1602 τοῦ
2441 1549 2776 1618 Εὖαγγελίου
2818 1553 2851 1619 ἡ
2899 1547 3190 1619 συγγραφὴ
3260 1544 3496 1598 αὐτόθεν
3530 1543 3640 1611 ἔχει

2059 1640 2211 1710 παρὰ
2260 1642 2607 1712 Χριστιανοῖς
2639 1643 2700 1694 τὸ
2758 1641 3092 1704 ἀξιόπιστον,
3153 1639 3214 1690 οὗ
3255 1635 3636 1707 προσδεομένη

373 1731 542 1802 gelica
569 1733 814 1800 scriptio,
845 1749 940 1803 per
969 1747 1028 1787 se
1055 1733 1211 1785 ﬁdem
1247 1730 1397 1795 facit,
1424 1746 1602 1800 neque
1623 1731 1938 1784 extrinseco

2078 1729 2241 1800 τέρας
2280 1731 2622 1801 συγγραφῆς
2665 1731 2698 1800 ἢ
2747 1731 2906 1798 λόγου
2968 1730 3062 1783 τοῦ
3104 1724 3640 1798 συνηγορήσοντοςῆ

375 1835 697 1892 argumento
744 1833 886 1894 eget,
939 1835 994 1879 ut
1045 1824 1320 1891 Evangelii
1353 1839 1440 1878 res
1486 1831 1859 1891 reprtesentet,
1901 1832 1954 1876 et

374 1913 620 1968 eumdem
653 1930 717 1970 ac
743 1915 875 1968 illud
905 1915 1165 1969 honorem
1199 1915 1470 1982 impetret.
1503 1913 1654 1979 Quod
1674 1913 1719 1966 si
1747 1911 1957 1967 extrin-

376 2019 558 2059 seeum
589 2006 962 2060 testimonium
1000 2007 1182 2074 imago
1207 2005 1529 2074 requireret,
1552 2003 1829 2073 quomodo
1861 2003 1958 2056 ali-

378 2105 462 2150 ter
520 2098 569 2151 ei
639 2097 973 2164 patrocinari
1018 2113 1322 2167 possemus,
1384 2113 1545 2166 quant
1586 2097 1836 2151 invocata
1891 2097 1958 2148 ab

387 2187 697 2256 cvangelico
733 2189 940 2257 scripto
972 2189 1425 2244 conﬁrmatione?
1465 2187 1521 2241 Si
1549 2176 1679 2254 ergo
1713 2187 1959 2253 Evange-

385 2277 514 2330 lium
563 2279 903 2332 credentium
955 2279 1182 2334 auribus
1235 2293 1522 2336 assonans,
1571 2284 1854 2344 tantopere
1881 2283 1965 2328 est

387 2369 704 2424 honorabile
735 2369 884 2438 (nam
915 2369 1046 2424 ﬁdes
1071 2378 1256 2424 nostra
1285 2383 1350 2422 ex
1382 2366 1592 2435 auditu)
1620 2365 1826 2436 pictura
1848 2379 1966 2432 qua:

388 2459 488 2525 ipsi
522 2458 656 2512 visui
681 2461 1042 2528 sensibusque
1071 2459 1344 2521 incidens,
1373 2459 1620 2512 eamdem
1655 2457 1969 2511 instructio-

390 2565 512 2602 nem
541 2551 695 2604 nobis
719 2551 959 2613 exhibet,
1001 2549 1137 2616 haec,
1167 2549 1413 2619 inquam,
1451 2549 1530 2602 vel
1571 2557 1857 2618 praevertet
1878 2564 1968 2602 ce-

390 2640 604 2695 leritate
654 2641 1092 2706 instructionem,
1147 2643 1403 2710 quoniam
1455 2642 1604 2695 visus
1647 2640 1836 2710 aptior
1889 2651 1966 2694 est

391 2734 764 2800 persuadendo
833 2749 998 2803 quam
1046 2734 1285 2798 auditus,
1324 2733 1406 2788 vel
1463 2743 1612 2788 certe
1670 2733 1967 2788 secundum

390 2827 616 2893 gradum
663 2841 768 2880 non
813 2827 1036 2882 tenebit.
1088 2827 1266 2897 Atque
1316 2826 1388 2880 ita
1447 2824 1724 2896 Evangelii
1794 2825 1968 2880 instar

390 2919 496 2969 erit
528 2915 626 2988 (8).

2061 1823 2671 1893 προσμαρτυρὴσοντος,
2696 1822 2830 1892 πρὸς
2862 1812 2921 1874 τὸ
2951 1819 3092 1874 εἶναι
3119 1821 3292 1890 αὐτὴν
3331 1817 3642 1885 σεϐασμίαν

2061 1915 2156 1967 καὶ
2186 1913 2396 1978 ἔνδοξον
2423 1930 2436 1942 ’
2476 1913 2620 1967 οὕτω
2669 1915 2762 1966 καὶ
2797 1916 2830 1984 ἡ
2867 1915 2974 1966 τῶν
3005 1913 3168 1966 θείων
3203 1908 3646 1978 ἁπεικασμάτοιν

2061 2005 2271 2076 γραφὴ,
2304 2008 2336 2074 ἡ
2373 2005 2514 2076 αὑτὴ
2539 2007 2604 2075 τῇ
2641 2005 2974 2074 εὐαγγελικῇ
3023 2004 3397 2072 τυγχάνουσα,
3429 1997 3648 2052 οἴκοθεν

2061 2099 2122 2150 τδ
2151 2097 2343 2150 πιστὸν
2399 2098 2705 2164 ἐπάγεται,
2747 2095 2844 2150 καὶ
2894 2095 2994 2148 οὐκ
3039 2096 3104 2148 ἂν
3143 2093 3369 2163 δεηθείη
3411 2089 3513 2156 τῆς
3545 2086 3652 2138 τῶν

2065 2188 2264 2256 ἔξωθεν
2292 2187 2648 2253 ἀποδείξεως,
2679 2187 2922 2258 σημᾶναί
2949 2203 3010 2239 τε
3040 2185 3110 2239 τὰ
3139 2184 3235 2238 τοῦ
3282 2181 3650 2249 Εὑαγγελίου,

2066 2283 2161 2334 καὶ
2187 2281 2284 2351 τὴν
2319 2281 2489 2350 αὐτὴν
2522 2279 2718 2344 ἐκείνῳ
2745 2280 2912 2348 τιμὴν
2941 2275 3382 2346 ἀπενέγκασθαι.
3424 2275 3490 2326 Ei.
3525 2271 3658 2340 γοῦν

2066 2375 2234 2426 ἐδεῖτο
2266 2373 2575 2444 μαρτυρίας
2621 2372 2722 2440 τῆς
2765 2371 2874 2423 τῶν
2935 2371 3115 2433 ἐκτὸς,
3173 2369 3226 2421 τί
3290 2367 3358 2420 ἀν
3418 2364 3550 2418 ἀλλο
3575 2379 3657 2422 τις

2071 2464 2534 2535 προεστήσατο,ῆ
2578 2463 2795 2524 πάντως
2847 2462 2938 2515 τὴν
2974 2461 3070 2516 τοῦ
3127 2459 3470 2528 Εὐαγγελίου
3499 2455 3658 2522 λόγον

2071 2555 2398 2626 βεϐαιοῦντα
2425 2557 2722 2626 εἰσήγαγεν
2752 2573 2767 2622 ;
2793 2556 2854 2608 Ei
2880 2555 3060 2608 τοίνυν
3088 2553 3150 2607 τὶ)
3182 2551 3523 2620 Εὑαγγέλιον
3541 2549 3658 2610 ταῖς

2067 2647 2259 2709 ἀκοαῖς
2286 2646 2395 2698 τῶν
2425 2646 2637 2698 πιστῶν
2669 2645 3057 2716 ὲνηχούμενον,
3086 2643 3348 2697 τοσούτου
3392 2638 3660 2710 τιμᾶσθαι

2066 2739 2216 2802 ἀξιον
2248 2739 2366 2807 (καὶ
2387 2736 2496 2808 γὰρ
2526 2739 2559 2807 ἡ
2587 2737 2772 2800 πίστις
2807 2736 2966 2808 ἡμῶν
3001 2736 3059 2802 ἐξ
3083 2735 3305 2805 ἀκοῆς),
3337 2733 3410 2784 τὰ
3458 2733 3526 2801 τῇ
3561 2729 3663 2798 θέα

2069 2830 2208 2900 αὐτῇ
2238 2829 2679 2900 προσπίπτοντα,
2707 2828 2802 2881 καὶ
2824 2827 2891 2881 δι’
2922 2827 3091 2898 αὐτῆς
3111 2827 3210 2896 τῆς
3232 2823 3568 2894 αἰσθήσεως.
3600 2818 3665 2870 τὸ

2072 2920 2269 2974 ταυτὸν
2297 2921 2395 2990 τῆς
2424 2919 2774 2982 διδασκαλίας
2814 2920 2946 2988 ἡμῖν
2975 2916 3347 2986 παριστῶντα,
3386 2913 3420 2984 ἢ
3450 2930 3524 2964 πα
3536 2927 3666 2982 ρευ-

389 3011 675 3080 δυκιμῆσει
715 3014 815 3081 τῆς
851 3009 1201 3073 διδασκαλίας
1228 3008 1306 3079 τῷ
1335 3007 1513 3078 τάχει,
1537 3007 1673 3062 διότι
1719 3011 1814 3062 καὶ
1841 3009 1960 3079 ὄψις
1999 3011 2171 3080 ἀκοῆς
2205 3011 2406 3081 μᾶλλον
2469 3011 2530 3064 τὸ
2596 3010 2888 3079 ἐπαγωγὸν
2918 3009 3052 3080 πρὸς
3073 3007 3341 3060 πίπτωσιν
3371 3005 3664 3072 κέκτηται,

391 3104 428 3174 ἢ
462 3101 679 3165 πάντως
706 3103 808 3154 ούκ
865 3103 921 3154 ἐν
953 3101 1226 3172 δευτέροις
1265 3101 1570 3164 τετάξεται.
1622 3102 1732 3154 Καὶ
1779 3101 1952 3170 οὕτως
1991 3103 2146 3156 ἔσται
2185 3102 2541 3172 Εὑαγγέλιον.

471 3195 524 3248 6.
558 3193 806 3248 Asterius
839 3203 1040 3255 autem.
1071 3207 1302 3262 namque
1331 3207 1385 3247 et
1420 3194 1508 3248 hic
1539 3193 1734 3260 dignus
1751 3203 1832 3248 est
1881 3195 1970 3262 qui

2149 3203 2224 3262 ς’.
2265 3197 2542 3266 Ἀστέριος
2567 3196 2625 3250 δὲ
2649 3195 2898 3266 (μνήμης
2922 3193 3032 3264 γὰρ
3059 3192 3152 3246 καὶ
3177 3189 3368 3244 τοῦτον
3391 3188 3574 3254 ἀξιοῦν
3596 3191 3666 3243 τᾶ

399 3300 544 3341 nunc
567 3293 1042 3349 commemoretur,
1069 3284 1184 3339 sive
1206 3283 1251 3338 is
1269 3294 1350 3338 est
1367 3298 1526 3354 quem
1550 3285 1636 3338 isti
1659 3286 1974 3353 magistrum

399 3378 682 3436 inducunt,
713 3375 827 3428 sive
850 3373 989 3427 alius
1015 3375 1243 3444 quilibet
1270 3374 1378 3444 (9);
1411 3377 1679 3454 Asterius,
1730 3377 1973 3445 inquam,

401 3467 756 3524 nihilominus
837 3466 890 3520 in
970 3467 1404 3523 lncmorrltoissze
1482 3468 1792 3522 laudatione
1841 3467 1975 3539 (to),

401 3559 642 3615 studium
688 3557 1136 3627 voluntatemque
1171 3559 1438 3624 mulieris,
1489 3573 1650 3628 quam
1710 3561 1980 3614 credendo

407 3651 458 3702 in
503 3647 903 3704 benefactorcm
949 3663 1106 3702 suum
1152 3649 1408 3712 ostendit,
1445 3663 1776 3720 magnopere
1805 3649 1980 3703 admi-

410 3753 558 3806 rans,
579 3739 656 3794 ait
703 3739 1052 3795 constitutam
1077 3739 1146 3794 ab
1174 3739 1288 3809 ipsa
1320 3754 1525 3794 a'tteam
1557 3741 1758 3796 Christi
1795 3740 1984 3811 imagi-

409 3846 556 3896 nem,
594 3830 920 3900 evangelicaﬁ
952 3831 1318 3900 prmdicatioui
1361 3847 1518 3902 opem
1554 3832 1780 3918 tulisse;
1819 3833 1890 3886 ita
1927 3839 1984 3886 ut

411 3923 550 3976 hanc
605 3922 894 3978 irridentes
925 3921 1094 3976 Judaei
1135 3922 1296 3977 simul
1337 3935 1392 3978 et
1437 3924 1644 3978 ethnici
1697 3924 1984 3979 convince-

416 4024 600 4068 rentur
625 4024 804 4068 tamen
860 4030 924 4069 ac
971 4014 1330 4082 pudcﬁerent,
1364 4015 1490 4083 quia
1521 4031 1705 4070 veram
1738 4030 1860 4070 esse
1891 4015 1987 4067 do-

411 4107 643 4161 ctrinam
684 4105 828 4160 illam
859 4104 1202 4159 manifestius
1227 4106 1466 4174 patebat.
1491 4107 1666 4172 Quam
1691 4107 1986 4160 convictio-

411 4213 533 4252 nem
563 4213 668 4252 non
699 4197 934 4252 ferentes
953 4197 1100 4264 impii
1132 4197 1350 4264 quidam
1382 4211 1445 4251 ac
1460 4195 1556 4250 Dei
1571 4195 1777 4262 hostes,
1805 4211 1985 4250 rerum

411 4288 643 4342 subinde
677 4300 890 4340 summa
934 4284 1115 4353 potiti,
1168 4283 1408 4337 divinam
1464 4291 1724 4350 statuam,
1761 4283 1838 4338 ita
1878 4282 1988 4339 Deo

417 4387 544 4430 tunc
599 4376 968 4444 permittente,
1009 4372 1249 4438 dejicere
1283 4371 1450 4426 moliti
1483 4381 1610 4426 sunt
1643 4373 1756 4444 (ll)
1789 4391 1802 4428 :
1841 4375 1986 4444 quod

415 4482 548 4522 sane
594 4467 795 4520 nostris
821 4479 1034 4534 quoque
1067 4465 1404 4533 temporibus
1434 4463 1504 4518 ob
1552 4473 1772 4536 peccata
1805 4479 1988 4520 nostra

415 4560 786 4630 perpetratum
819 4557 1082 4610 videmus.
1107 4553 1242 4610 Cum
1275 4555 1329 4610 in
1355 4556 1620 4626 utrisque,
1655 4566 1764 4610 tttm
1800 4557 1986 4626 pictu-

417 4664 477 4702 ra
505 4647 711 4703 scilicet
742 4656 854 4701 tum
881 4647 1174 4718 scriptura,
1207 4663 1375 4702 unum
1422 4648 1673 4716 idemque
1695 4663 1987 4718 argumen-

417 4749 528 4793 tum
561 4739 809 4805 exsistat,
843 4752 1039 4810 resque
1075 4741 1142 4796 ab
1181 4740 1286 4797 illis
1329 4741 1648 4812 signiﬁcata:
1685 4755 1779 4810 per
1807 4741 1990 4796 omnia
2043 4754 2047 4756 ·

413 4833 528 4906 89
555 4834 760 4891 similes
791 4835 921 4902 sint,
951 4835 1074 4906 quis
1105 4851 1235 4891 sana
1275 4847 1454 4892 mente
1482 4838 1738 4906 praeditos
1773 4845 1866 4890 aut
1899 4851 1987 4892 so-

493 4975 569 5046 (8)
606 4971 812 5045 Nempe
840 4975 906 5028 ad
937 4973 1464 5046 demonstrationem
1484 4973 1626 5046 quod
1651 4973 1868 5038 attinet,
1889 4987 1992 5027 non

421 5043 913 5100 atl‘attt-toritatem.
953 5045 1150 5100 Recole
1191 5061 1242 5114 p.
1275 5045 1365 5108 51,
1404 5043 1534 5114 adu.
1563 5043 1654 5097 26.

494 5116 570 5184 (9)
596 5115 791 5170 Recole
817 5131 870 5184 ιν.
907 5116 997 5180 80,
1024 5132 1146 5170 cum
1173 5110 1359 5168 adnot.
1379 5115 1470 5169 οι.
1495 5113 1738 5184 Natttqne
1781 5119 1836 5164 et
1874 5110 1980 5184 illic

425 5182 1044 5240 duo"distinctiAsterii
1077 5186 1513 5240 subindicantur.
1561 5182 1668 5237 Sed
1717 5192 1894 5233 tamen
1927 5183 1994 5234 de

432 5259 515 5310 bis
547 5256 807 5325 prolixius
839 5256 943 5309 dici
980 5271 1011 5308 a
1039 5256 1193 5310 nobis
1220 5264 1434 5309 nonest
1461 5269 1620 5323 opus,
1652 5251 1992 5325 quandoquio

432 5319 742 5380 dem—exstat
757 5323 932 5380 Pltotii
952 5325 1404 5394 Atnpltilochiana
1423 5319 1784 5394 qttfestioqnot
1800 5319 1998 5388 fuerint

431 5396 644 5458 Asterii,
675 5399 813 5464 apud
841 5391 1250 5460 Combeﬁsium,
1279 5406 1411 5449 tom.
1441 5391 1540 5448 cit.
1569 5407 1624 5462 p.
1656 5391 1782 5446 280.

505 5464 619 5534 (ill)
643 5458 959 5536 Quindecim
989 5466 1104 5520 fere
1131 5458 1244 5536 qui
1267 5458 1820 5536 seqttunturjversus,
1855 5458 2002 5536 misit

433 5529 642 5605 cx'nts.
671 5533 978 5605 Nicephoro
1005 5529 1232 5592 Allatins
1255 5535 1319 5605 ad
1343 5529 1870 5605 Contbeﬁsium,_qui
1890 5531 2002 5583 edi-

432 5604 508 5656 dit
539 5612 668 5657 tont.
703 5599 878 5672 citfp.
909 5605 1035 5658 277.
1064 5605 1268 5661 Ibidem
1297 5604 1459 5674 igitur
1480 5599 1842 5674 Combeﬁsitts
1876 5615 1998 5670 gra-

434 5676 638 5730 tulatur
695 5674 762 5730 de
827 5671 1116 5744 Nicrpltori
1188 5671 1349 5745 opere
1405 5683 1661 5744 tanquam
1739 5671 1994 5726 thesauro

2079 3285 2174 3340 νῦν
2194 3285 2401 3339 δίκαιον
2423 3285 2548 3358 [b]),
2580 3288 2690 3340 εἴτε
2719 3285 2778 3338 ὃν
2807 3286 2964 3338 αὐτοὶ
2991 3283 3314 3338 διδάσκαλον
3341 3283 3664 3346 ὲπάγονται,

2079 3377 2112 3448 ἢ
2163 3375 2412 3430 ὁστισοῦν
2464 3376 2674 3446 ἕτερος,
2726 3374 3004 3444 ’Λστέριος
3063 3367 3232 3448 δ’ἰοῦν
3284 3372 3457 3440 ὅμως,
3499 3372 3558 3423 ὲν
3588 3369 3670 3438 τῷ

2080 3470 2160 3532 εἰς
2186 3467 2284 3538 τὴν
2339 3466 2642 3538 αἱμόρῤουν
2697 3464 2985 3534 ἐγκωμίῳ,
3033 3463 3134 3534 τήν
3184 3479 3246 3514 τε
3288 3462 3534 3532 σπουδὴν
3570 3461 3670 3513 καὶ

2083 3559 2406 3630 προαίρεσιν
2433 3559 2526 3611 τοῦ
2553 3557 2804 3626 γυναίου,
2837 3559 2903 3628 ἣν
2935 3556 3067 3626 περὶ
3095 3555 3196 3626 τὴν
3230 3555 3419 3608 πίστιν
3451 3554 3556 3625 τὴν
3584 3555 3670 3615 εἰς

2083 3651 2176 3703 τὸν
2241 3649 2548 3722 εὐεργέτην
2583 3648 2926 3712 ἐπεδείξατο,
2985 3646 3415 3719 ὑπεραγάμενύς
3473 3663 3666 3715 φησιν,

2083 3743 2165 3795 ὅτι
2188 3758 2250 3810 γε
2277 3741 2341 3811 δὴ
2367 3745 2394 3795 ὁ
2425 3741 2558 3812 παρ’
2582 3741 2753 3811 αὐτῆς
2784 3743 2865 3804 εἰς
2897 3739 3070 3793 τύπον
3115 3739 3210 3792 τοῦ
3243 3737 3486 3809 Χριστοῦ
3533 3739 3669 3806 χαλ-

2086 3831 2418 3904 κουργηθεὶς
2457 3831 2702 3902 ἀνδριὰς,
2763 3835 2845 3894 εἰς
2895 3829 3228 3902 συνηγορίαν
3273 3829 3368 3883 τοῦ
3430 3829 3668 3896 εὐαγγε-

2085 3925 2240 3978 λικοῦ
2275 3923 2636 3996 κηρύγματος
2680 3923 2936 3992 ἕστηκεν,
2969 3921 3111 3975 ὥστε
3147 3922 3276 3985 τοὺς
3303 3921 3466 3974 τοῦτο
3509 3912 3670 3990 κωμέ

2088 4015 2365 4088 ῳδοῦντας
2405 4017 2500 4070 καί
2538 4015 3055 4086 καταχλευάζοντας
3119 4012 3412 4072 Ἰουδαίους
3467 4029 3529 4064 τε
3577 4014 3676 4064 καὶ

2090 4106 2382 4178 Ἕλληνας.
2403 4107 2470 4160 δι’
2493 4105 2662 4160 αὐτοῦ
2682 4105 2899 4177 ἀληθῶς
2920 4103 3028 4157 τῶν
3054 4101 3492 4174 κηρυσσομένων
3511 4101 3674 4172 ἐκδη-

2089 4194 2310 4270 λῖτερον
2363 4200 2802 4267 ἐκφαινομένων,
2849 4195 3118 4268 ἡττᾶσθαι
3151 4196 3248 4248 καὶ
3283 4193 3674 4271 ,καταισχύνε-

2093 4289 2236 4344 σθαι.
2271 4283 2346 4344 Οὔ
2367 4291 2458 4343 τὸν
2475 4289 2696 4360 ἔλεγχον
2727 4290 2789 4343 ού
2825 4289 3106 4360 φέροντες,
3135 4287 3245 4340 τῶν
3271 4277 3416 4341 κατὰ
3441 4287 3674 4358 καιροὺς

2092 4381 2444 4454 κρατούντων
2493 4381 2710 4435 ἀσεϐῶν
2738 4399 2800 4434 τε
2843 4383 2938 4436 καὶ
2977 4381 3270 4452 θεομάχων
3319 4380 3491 4446 τινὲς,
3540 4379 3677 4450 πρὸς

2106 4472 2432 4544 καθαίρεσιν
2462 4472 2557 4526 τοῦ
2587 4472 2736 4525 θείου
2793 4473 3132 4544 ἀγάλματος,
3172 4472 3321 4524 οὕτω
3370 4469 3676 4542 τηνικαῦτα

2097 4563 2232 4619 Θεοῦ
2276 4566 2759 4636 συγχωρήσαντος,
2798 4565 3208 4636 ἐπεχείρησαν·
3263 4565 3400 4634 ὅπερ
3455 4564 3521 4634 δὴ
3583 4563 3679 4616 καὶ

2103 4654 2188 4722 ἐφ’
2213 4653 2372 4725 ἡμῶν
2397 4656 2486 4708 διὰ
2512 4653 2609 4718 τὰς
2641 4655 2920 4726 ἁμαρτίας
2937 4653 3092 4724 ἡμῶν
3115 4652 3334 4724 ὁρῶμεν
3363 4654 3677 4721 γινόμενον.

2115 4743 2235 4794 Ἐπ’
2266 4744 2471 4812 ἀμφοῖν
2497 4739 2590 4796 οὖν
2616 4743 2724 4796 τῶν
2775 4743 3008 4815 γραφῶν
3039 4746 3168 4814 μιᾶς
3215 4745 3308 4798 καὶ
3349 4743 3451 4811 τῆς
3506 4742 3680 4813 αὐτῆς

2102 4836 2457 4908 ὑπαρχούσης
2491 4837 2824 4902 ὑποθέσεως,
2856 4838 3085 4893 καὶτῶν
3122 4837 3219 4892 ἀπ’
3255 4837 3441 4890 αὐτῶν
3475 4853 3678 4907 σημαι-

2102 4971 2282 5046 adhue
2315 4974 2576 5046 reposito,
2603 4973 2708 5046 sed,
2737 4984 2914 5046 tamen
2942 4973 3218 5046 invento.‘

2177 5040 2288 5112 (ll)
2325 5042 2472 5094 Hanc
2505 5043 2709 5112 Christi
2745 5044 2953 5096 Domini
2982 5040 3237 5105 ειιιιιιειιιι,
3269 5041 3335 5095 de
3365 5057 3469 5110 qua
3499 5041 3681 5096 Ense-

2102 5111 2244 5176 hius,
2269 5111 2418 5164 Hist.
2449 5111 2822 5179 eccl.Vll,18,
2844 5115 2932 5166 alii
2957 5127 3204 5168 eversam
3245 5114 3414 5167 tuisse
3448 5131 3476 5164 a
3504 5112 3679 5166 Masi-

2101 5183 2250 5236 tnino
2275 5183 2446 5240 aiunt,
2481 5184 2569 5236 alii
2599 5199 2626 5235 a
2656 5182 2896 5236 Juliatto.

2171 5250 2246 5320 (l1)
2299 5253 2660 5308 Combeﬁsitts
2714 5255 2803 5321 qui
2862 5256 3025 5308 breve
3079 5254 3206 5312 hinc
3242 5261 3580 5320 exverptum,
3618 5267 3678 5321 ex

2101 5319 2290 5375 l’lmtio
2338 5333 2634 5390 sumptum,
2687 5319 2873 5388 edidit,
2913 5325 2972 5390 _in
3021 5324 3172 5377 Auct.
3237 5323 3378 5376 Bibl.
3410 5319 3532 5375 PP.
3570 5336 3610 5374 t.
3640 5319 3680 5386 Ι,

2101 5405 2154 5458 p.
2203 5390 2331 5454 255,
2375 5387 2524 5460 ponit
2561 5410 2575 5446 :
2617 5387 2927 5458 Ἀξιοῦνταῖ
2984 5393 3075 5447 τὸν
3118 5394 3366 5448 δίκαιον·
3433 5394 3680 5454 ridicule,

2099 5471 2288 5514 contra
2344 5471 2520 5516 textus
2572 5464 2758 5532 scripti
2806 5465 3120 5528 veritatem;
3181 5464 3419 5518 absurde
3477 5475 3682 5523 autem,

2101 5542 2292 5584 contra
2333 5545 2568 5586 tnetttetn
2611 5535 2872 5597 auctoris,
2913 5535 3002 5603 qui
3048 5535 3343 5598 Asterium,
3378 5535 3682 5600 nedttutju-

2102 5611 2266 5671 stunt,
2303 5603 2398 5658 sed
2439 5603 2614 5659 dubiae
2639 5605 2762 5659 ﬁdei
2802 5607 3095 5661 existimat.
