  <div class='ocr_page' id='page_1' title='image "/cluster/home/n/w/nwhite01/storage/ocr_20150623/100/mdp.39015005675668/202.png"; bbox 0 0 3898 6150; ppageno 0'>
   <div class='ocr_carea' id='block_1_1' title="bbox 209 337 304 401">
    <p class='ocr_par' dir='ltr' id='par_1_1' title="bbox 209 337 304 401">
     <span class='ocr_line' id='line_1_1' title="bbox 209 337 304 401; baseline 0 0"><span class='ocrx_word' id='word_1_1' title='bbox 209 337 304 401; x_wconf 82' lang='grc'><strong>385</strong></span> 
     </span>
    </p>
   </div>
   <div class='ocr_carea' id='block_1_2' title="bbox 910 339 2767 411">
    <p class='ocr_par' dir='ltr' id='par_1_2' title="bbox 910 339 2767 411">
     <span class='ocr_line' id='line_1_2' title="bbox 910 339 2767 411; baseline 0.006 -13"><span class='ocrx_word' id='word_1_2' title='bbox 910 339 1538 403; x_wconf 78' lang='lat' dir='ltr'><strong>ANTIRBHETICUS</strong></span> <span class='ocrx_word' id='word_1_3' title='bbox 1573 339 1668 401; x_wconf 93' lang='lat' dir='ltr'><strong>IlI</strong></span> <span class='ocrx_word' id='word_1_4' title='bbox 1705 342 1877 406; x_wconf 85' lang='lat' dir='ltr'><strong>ADV.</strong></span> <span class='ocrx_word' id='word_1_5' title='bbox 1917 343 2513 411; x_wconf 81' lang='lat' dir='ltr'><strong>CQNSTANTINUM</strong></span> <span class='ocrx_word' id='word_1_6' title='bbox 2553 349 2767 410; x_wconf 79' lang='lat' dir='ltr'><strong>COPR.</strong></span> 
     </span>
    </p>
   </div>
   <div class='ocr_carea' id='block_1_3' title="bbox 3359 355 3468 421">
    <p class='ocr_par' dir='ltr' id='par_1_3' title="bbox 3359 355 3468 421">
     <span class='ocr_line' id='line_1_3' title="bbox 3359 355 3468 421; baseline 0 0"><span class='ocrx_word' id='word_1_7' title='bbox 3359 355 3468 421; x_wconf 78' lang='lat'><strong>386</strong></span> 
     </span>
    </p>
   </div>
   <div class='ocr_carea' id='block_1_4' title="bbox 208 443 1786 538">
    <p class='ocr_par' dir='ltr' id='par_1_4' title="bbox 208 443 1779 522">
     <span class='ocr_line' id='line_1_4' title="bbox 208 443 1779 522; baseline 0.006 -24"><span class='ocrx_word' id='word_1_8' title='bbox 208 445 440 515; x_wconf 80' lang='grc' dir='ltr'><strong>νομένων</strong></span> <span class='ocrx_word' id='word_1_9' title='bbox 471 443 816 518; x_wconf 76' lang='grc' dir='ltr'><strong>πραγμάτων</strong></span> <span class='ocrx_word' id='word_1_10' title='bbox 873 446 1217 518; x_wconf 80' lang='grc' dir='ltr'><strong>ἑκατέρωθεν</strong></span> <span class='ocrx_word' id='word_1_11' title='bbox 1251 450 1313 502; x_wconf 82' lang='grc' dir='ltr'><strong>τὸ</strong></span> <span class='ocrx_word' id='word_1_12' title='bbox 1351 452 1779 522; x_wconf 80' lang='grc' dir='ltr'><strong>ἀπαράλλακτον</strong></span> 
     </span>
    </p>
   </div>
   <div class='ocr_carea' id='block_1_5' title="bbox 1891 443 3465 538">
    <p class='ocr_par' dir='ltr' id='par_1_5' title="bbox 1891 455 3465 538">
     <span class='ocr_line' id='line_1_5' title="bbox 1891 455 3465 538; baseline 0.009 -28"><span class='ocrx_word' id='word_1_13' title='bbox 1891 455 2058 520; x_wconf 87' lang='lat' dir='ltr'><strong>brius,</strong></span> <span class='ocrx_word' id='word_1_14' title='bbox 2121 457 2175 512; x_wconf 93' lang='lat' dir='ltr'><strong>in</strong></span> <span class='ocrx_word' id='word_1_15' title='bbox 2233 457 2435 528; x_wconf 86' lang='lat' dir='ltr'><strong>quibus</strong></span> <span class='ocrx_word' id='word_1_16' title='bbox 2461 458 2613 514; x_wconf 67' lang='lat' dir='ltr'><strong>nihil</strong></span> <span class='ocrx_word' id='word_1_17' title='bbox 2678 459 3015 517; x_wconf 78' lang='lat' dir='ltr'><strong>discriminis</strong></span> <span class='ocrx_word' id='word_1_18' title='bbox 3075 473 3182 531; x_wconf 84' lang='lat' dir='ltr'><strong>est,</strong></span> <span class='ocrx_word' id='word_1_19' title='bbox 3243 466 3465 538; x_wconf 73' lang='lat' dir='ltr'><strong>dignum</strong></span> 
     </span>
    </p>
   </div>
   <div class='ocr_carea' id='block_1_6' title="bbox 209 535 1786 616">
    <p class='ocr_par' dir='ltr' id='par_1_6' title="bbox 209 535 1786 616">
     <span class='ocr_line' id='line_1_6' title="bbox 209 535 1786 616; baseline 0.006 -25"><span class='ocrx_word' id='word_1_20' title='bbox 209 535 579 608; x_wconf 79' lang='grc' dir='ltr'><strong>κεκτημένων,</strong></span> <span class='ocrx_word' id='word_1_21' title='bbox 613 537 700 602; x_wconf 77' lang='grc' dir='ltr'><strong>τίς</strong></span> <span class='ocrx_word' id='word_1_22' title='bbox 723 537 833 592; x_wconf 85' lang='grc' dir='ltr'><strong>τῶν</strong></span> <span class='ocrx_word' id='word_1_23' title='bbox 860 539 989 594; x_wconf 80' lang='grc' dir='ltr'><strong>νοῦν</strong></span> <span class='ocrx_word' id='word_1_24' title='bbox 1017 543 1256 612; x_wconf 77' lang='grc' dir='ltr'><strong>ἐχόντων</strong></span> <span class='ocrx_word' id='word_1_25' title='bbox 1303 544 1399 607; x_wconf 72' lang='grc' dir='ltr'><strong>καὶ</strong></span> <span class='ocrx_word' id='word_1_26' title='bbox 1435 547 1786 616; x_wconf 73' lang='grc' dir='ltr'><strong>σωφρονούν-</strong></span> 
     </span>
    </p>
   </div>
   <div class='ocr_carea' id='block_1_7' title="bbox 207 625 1786 717">
    <p class='ocr_par' dir='ltr' id='par_1_7' title="bbox 207 625 1786 717">
     <span class='ocr_line' id='line_1_7' title="bbox 207 625 1786 717; baseline 0.006 -34"><span class='ocrx_word' id='word_1_27' title='bbox 207 648 329 692; x_wconf 88' lang='grc' dir='ltr'><strong>των,</strong></span> <span class='ocrx_word' id='word_1_28' title='bbox 362 631 423 682; x_wconf 86' lang='grc' dir='ltr'><strong>ἐν</strong></span> <span class='ocrx_word' id='word_1_29' title='bbox 453 625 538 694; x_wconf 82' lang='grc' dir='ltr'><strong>οἷς</strong></span> <span class='ocrx_word' id='word_1_30' title='bbox 566 630 630 684; x_wconf 83' lang='grc' dir='ltr'><strong>τὸ</strong></span> <span class='ocrx_word' id='word_1_31' title='bbox 679 631 974 702; x_wconf 76' lang='grc' dir='ltr'><strong>ἀδιάφορον</strong></span> <span class='ocrx_word' id='word_1_32' title='bbox 1005 634 1328 706; x_wconf 79' lang='grc' dir='ltr'><strong>ἐνυπάρχει,</strong></span> <span class='ocrx_word' id='word_1_33' title='bbox 1373 636 1435 690; x_wconf 82' lang='grc' dir='ltr'><strong>τὸ</strong></span> <span class='ocrx_word' id='word_1_34' title='bbox 1475 637 1576 706; x_wconf 83' lang='grc' dir='ltr'><strong>μὲν</strong></span> <span class='ocrx_word' id='word_1_35' title='bbox 1615 657 1786 717; x_wconf 64' lang='lat'><strong>75906-</strong></span> 
     </span>
    </p>
   </div>
   <div class='ocr_carea' id='block_1_8' title="bbox 209 719 1778 798">
    <p class='ocr_par' dir='ltr' id='par_1_8' title="bbox 209 719 1778 798">
     <span class='ocr_line' id='line_1_8' title="bbox 209 719 1778 798; baseline 0.004 -22"><span class='ocrx_word' id='word_1_36' title='bbox 209 719 480 776; x_wconf 75' lang='grc' dir='ltr'><strong>κυνεῖσθαι</strong></span> <span class='ocrx_word' id='word_1_37' title='bbox 540 719 609 774; x_wconf 80' lang='grc' dir='ltr'><strong>ἂν</strong></span> <span class='ocrx_word' id='word_1_38' title='bbox 677 721 912 794; x_wconf 77' lang='grc' dir='ltr'><strong>ἀξιώσῃ,</strong></span> <span class='ocrx_word' id='word_1_39' title='bbox 958 724 1020 778; x_wconf 64' lang='grc' dir='ltr'><strong>τι</strong></span> <span class='ocrx_word' id='word_1_40' title='bbox 1047 724 1108 778; x_wconf 81' lang='grc' dir='ltr'><strong>δὲ</strong></span> <span class='ocrx_word' id='word_1_41' title='bbox 1157 727 1778 798; x_wconf 75' lang='grc' dir='ltr'><strong>καταπίμπρασθαι;Εξ</strong></span> 
     </span>
    </p>
   </div>
   <div class='ocr_carea' id='block_1_9' title="bbox 209 811 1786 888">
    <p class='ocr_par' dir='ltr' id='par_1_9' title="bbox 209 811 1786 888">
     <span class='ocr_line' id='line_1_9' title="bbox 209 811 1786 888; baseline 0.003 -22"><span class='ocrx_word' id='word_1_42' title='bbox 209 813 306 883; x_wconf 70' lang='grc' dir='ltr'><strong>γὰρ</strong></span> <span class='ocrx_word' id='word_1_43' title='bbox 330 813 392 866; x_wconf 80' lang='grc' dir='ltr'><strong>τὸ</strong></span> <span class='ocrx_word' id='word_1_44' title='bbox 421 811 614 882; x_wconf 74' lang='grc' dir='ltr'><strong>ἕτερον</strong></span> <span class='ocrx_word' id='word_1_45' title='bbox 665 813 872 883; x_wconf 84' lang='grc' dir='ltr'><strong>τίμιον,</strong></span> <span class='ocrx_word' id='word_1_46' title='bbox 905 815 1002 867; x_wconf 71' lang='grc' dir='ltr'><strong>καὶ</strong></span> <span class='ocrx_word' id='word_1_47' title='bbox 1029 814 1261 885; x_wconf 83' lang='grc' dir='ltr'><strong>θάτερον</strong></span> <span class='ocrx_word' id='word_1_48' title='bbox 1310 815 1371 880; x_wconf 81' lang='grc' dir='ltr'><strong>ἐξ</strong></span> <span class='ocrx_word' id='word_1_49' title='bbox 1407 817 1657 888; x_wconf 73' lang='grc' dir='ltr'><strong>ἀνάγκης</strong></span> <span class='ocrx_word' id='word_1_50' title='bbox 1680 834 1696 849; x_wconf 89' lang='grc'><strong>·</strong></span> <span class='ocrx_word' id='word_1_51' title='bbox 1737 819 1786 872; x_wconf 77' lang='grc' dir='ltr'><strong>εἰ</strong></span> 
     </span>
    </p>
   </div>
   <div class='ocr_carea' id='block_1_10' title="bbox 207 904 1784 981">
    <p class='ocr_par' dir='ltr' id='par_1_10' title="bbox 207 904 1784 981">
     <span class='ocr_line' id='line_1_10' title="bbox 207 904 1784 981; baseline 0.005 -25"><span class='ocrx_word' id='word_1_52' title='bbox 207 905 257 958; x_wconf 79' lang='grc' dir='ltr'><strong>δέ</strong></span> <span class='ocrx_word' id='word_1_53' title='bbox 279 905 337 957; x_wconf 83' lang='grc' dir='ltr'><strong>οὐ</strong></span> <span class='ocrx_word' id='word_1_54' title='bbox 371 905 560 968; x_wconf 77' lang='grc' dir='ltr'><strong>τοῦτο,</strong></span> <span class='ocrx_word' id='word_1_55' title='bbox 610 904 735 958; x_wconf 81' lang='grc' dir='ltr'><strong>οὐδὲ</strong></span> <span class='ocrx_word' id='word_1_56' title='bbox 775 906 958 960; x_wconf 85' lang='grc' dir='ltr'><strong>ἐκεῖνο</strong></span> <span class='ocrx_word' id='word_1_57' title='bbox 1001 905 1224 977; x_wconf 82' lang='grc' dir='ltr'><strong>τίμιον⁶</strong></span> <span class='ocrx_word' id='word_1_58' title='bbox 1290 908 1388 962; x_wconf 80' lang='grc' dir='ltr'><strong>καὶ</strong></span> <span class='ocrx_word' id='word_1_59' title='bbox 1436 910 1627 981; x_wconf 84' lang='grc' dir='ltr'><strong>ἐπειδὴ</strong></span> <span class='ocrx_word' id='word_1_60' title='bbox 1661 912 1784 964; x_wconf 84' lang='grc' dir='ltr'><strong>κατ’</strong></span> 
     </span>
    </p>
   </div>
   <div class='ocr_carea' id='block_1_11' title="bbox 207 995 1787 1072">
    <p class='ocr_par' dir='ltr' id='par_1_11' title="bbox 207 995 1787 1072">
     <span class='ocr_line' id='line_1_11' title="bbox 207 995 1787 1072; baseline 0.006 -24"><span class='ocrx_word' id='word_1_61' title='bbox 207 995 346 1048; x_wconf 70' lang='grc' dir='ltr'><strong>οὐδὲν</strong></span> <span class='ocrx_word' id='word_1_62' title='bbox 373 995 753 1066; x_wconf 71' lang='grc' dir='ltr'><strong>διαφέρουσιν,</strong></span> <span class='ocrx_word' id='word_1_63' title='bbox 785 997 814 1049; x_wconf 84' lang='grc' dir='ltr'><strong>ὁ</strong></span> <span class='ocrx_word' id='word_1_64' title='bbox 846 995 929 1048; x_wconf 82' lang='grc' dir='ltr'><strong>’τὸ</strong></span> <span class='ocrx_word' id='word_1_65' title='bbox 961 995 1168 1069; x_wconf 18' lang='grc' dir='ltr'><strong>,ἕτερον</strong></span> <span class='ocrx_word' id='word_1_66' title='bbox 1225 1000 1528 1072; x_wconf 87' lang='grc' dir='ltr'><strong>καθαιρῶν,</strong></span> <span class='ocrx_word' id='word_1_67' title='bbox 1569 1001 1630 1056; x_wconf 82' lang='grc' dir='ltr'><strong>τὸ</strong></span> <span class='ocrx_word' id='word_1_68' title='bbox 1677 1003 1787 1057; x_wconf 78' lang='grc' dir='ltr'><strong>πᾶν</strong></span> 
     </span>
    </p>
   </div>
   <div class='ocr_carea' id='block_1_12' title="bbox 209 1086 1784 1166">
    <p class='ocr_par' dir='ltr' id='par_1_12' title="bbox 209 1086 1784 1166">
     <span class='ocr_line' id='line_1_12' title="bbox 209 1086 1784 1166; baseline 0.004 -24"><span class='ocrx_word' id='word_1_69' title='bbox 209 1088 542 1156; x_wconf 78' lang='grc' dir='ltr'><strong>Εὐαγγελίου</strong></span> <span class='ocrx_word' id='word_1_70' title='bbox 572 1086 906 1158; x_wconf 78' lang='grc' dir='ltr'><strong>καθῃρηκὼς</strong></span> <span class='ocrx_word' id='word_1_71' title='bbox 935 1087 1044 1159; x_wconf 79' lang='grc' dir='ltr'><strong>εἴη.</strong></span> <span class='ocrx_word' id='word_1_72' title='bbox 1081 1091 1144 1142; x_wconf 87' lang='grc' dir='ltr'>Ὢ</span> <span class='ocrx_word' id='word_1_73' title='bbox 1173 1091 1274 1161; x_wconf 83' lang='grc' dir='ltr'><strong>τῆς</strong></span> <span class='ocrx_word' id='word_1_74' title='bbox 1324 1094 1524 1162; x_wconf 85' lang='grc' dir='ltr'><strong>μανίας</strong></span> <span class='ocrx_word' id='word_1_75' title='bbox 1557 1095 1571 1148; x_wconf 85' lang='grc' dir='ltr'><strong>ι</strong></span> <span class='ocrx_word' id='word_1_76' title='bbox 1605 1092 1651 1147; x_wconf 82' lang='grc' dir='ltr'><strong>ὣ</strong></span> <span class='ocrx_word' id='word_1_77' title='bbox 1682 1095 1784 1166; x_wconf 86' lang='grc' dir='ltr'><strong>τῆς</strong></span> 
     </span>
    </p>
   </div>
   <div class='ocr_carea' id='block_1_13' title="bbox 209 1179 1784 1258">
    <p class='ocr_par' dir='ltr' id='par_1_13' title="bbox 209 1179 1784 1258">
     <span class='ocr_line' id='line_1_13' title="bbox 209 1179 1784 1258; baseline 0.005 -24"><span class='ocrx_word' id='word_1_78' title='bbox 209 1180 498 1244; x_wconf 72' lang='grc' dir='ltr'><strong>ἁπονοίαςί</strong></span> <span class='ocrx_word' id='word_1_79' title='bbox 543 1179 784 1252; x_wconf 80' lang='grc' dir='ltr'><strong>Χριστοῦ</strong></span> <span class='ocrx_word' id='word_1_80' title='bbox 847 1183 1040 1258; x_wconf 73' lang='grc' dir='ltr'><strong>μνήμη</strong></span> <span class='ocrx_word' id='word_1_81' title='bbox 1101 1183 1196 1236; x_wconf 82' lang='grc' dir='ltr'><strong>καὶ</strong></span> <span class='ocrx_word' id='word_1_82' title='bbox 1244 1185 1419 1256; x_wconf 79' lang='grc' dir='ltr'><strong>ὄνομα</strong></span> <span class='ocrx_word' id='word_1_83' title='bbox 1455 1187 1784 1258; x_wconf 71' lang='grc' dir='ltr'><strong>πρόκειταιο</strong></span> 
     </span>
    </p>
   </div>
   <div class='ocr_carea' id='block_1_14' title="bbox 209 1269 1788 1349">
    <p class='ocr_par' dir='ltr' id='par_1_14' title="bbox 209 1269 1788 1349">
     <span class='ocr_line' id='line_1_14' title="bbox 209 1269 1788 1349; baseline 0.004 -23"><span class='ocrx_word' id='word_1_84' title='bbox 209 1275 342 1336; x_wconf 81' lang='grc' dir='ltr'><strong>τίνες</strong></span> <span class='ocrx_word' id='word_1_85' title='bbox 371 1273 442 1341; x_wconf 39' lang='grc' dir='ltr'><strong>οἱ,</strong></span> <span class='ocrx_word' id='word_1_86' title='bbox 471 1272 986 1344; x_wconf 85' lang='grc' dir='ltr'><strong>καταστρέφοντες;</strong></span> <span class='ocrx_word' id='word_1_87' title='bbox 1041 1269 1154 1345; x_wconf 82' lang='grc' dir='ltr'><strong>ἆρα</strong></span> <span class='ocrx_word' id='word_1_88' title='bbox 1186 1275 1559 1346; x_wconf 74' lang='grc' dir='ltr'><strong>Χριστιανοὺς</strong></span> <span class='ocrx_word' id='word_1_89' title='bbox 1591 1280 1788 1349; x_wconf 74' lang='grc' dir='ltr'><strong>ὄνομα·</strong></span> 
     </span>
    </p>
   </div>
   <div class='ocr_carea' id='block_1_15' title="bbox 211 1451 1786 1532">
    <p class='ocr_par' dir='ltr' id='par_1_15' title="bbox 211 1451 1786 1532">
     <span class='ocr_line' id='line_1_15' title="bbox 211 1451 1786 1532; baseline 0.004 -22"><span class='ocrx_word' id='word_1_90' title='bbox 211 1459 358 1526; x_wconf 79' lang='grc' dir='ltr'><strong>ληνες</strong></span> <span class='ocrx_word' id='word_1_91' title='bbox 384 1457 485 1511; x_wconf 73' lang='grc' dir='ltr'><strong>καὶ</strong></span> <span class='ocrx_word' id='word_1_92' title='bbox 515 1451 814 1529; x_wconf 73' lang='grc' dir='ltr'><strong>βάρὸαροι,</strong></span> <span class='ocrx_word' id='word_1_93' title='bbox 849 1458 1038 1528; x_wconf 83' lang='grc' dir='ltr'><strong>ἐχθροί</strong></span> <span class='ocrx_word' id='word_1_94' title='bbox 1069 1473 1133 1526; x_wconf 68' lang='grc' dir='ltr'><strong>γε</strong></span> <span class='ocrx_word' id='word_1_95' title='bbox 1167 1459 1346 1528; x_wconf 77' lang='grc' dir='ltr'><strong>ὄντες,</strong></span> <span class='ocrx_word' id='word_1_96' title='bbox 1385 1461 1500 1528; x_wconf 18' lang='grc' dir='ltr'><strong>καὶαι</strong></span> <span class='ocrx_word' id='word_1_97' title='bbox 1533 1461 1634 1532; x_wconf 83' lang='grc' dir='ltr'><strong>τῆς</strong></span> <span class='ocrx_word' id='word_1_98' title='bbox 1661 1463 1786 1516; x_wconf 86' lang='grc' dir='ltr'><strong>καθ’</strong></span> 
     </span>
    </p>
   </div>
   <div class='ocr_carea' id='block_1_16' title="bbox 211 1539 1790 1621">
    <p class='ocr_par' dir='ltr' id='par_1_16' title="bbox 211 1539 1790 1621">
     <span class='ocr_line' id='line_1_16' title="bbox 211 1539 1790 1621; baseline 0.004 -19"><span class='ocrx_word' id='word_1_99' title='bbox 211 1539 344 1621; x_wconf 77' lang='grc' dir='ltr'><strong>ἡμᾶς</strong></span> <span class='ocrx_word' id='word_1_100' title='bbox 373 1548 532 1621; x_wconf 78' lang='grc' dir='ltr'><strong>ἱερᾶς</strong></span> <span class='ocrx_word' id='word_1_101' title='bbox 567 1549 870 1620; x_wconf 77' lang='grc' dir='ltr'><strong>θρησκείας</strong></span> <span class='ocrx_word' id='word_1_102' title='bbox 892 1547 1188 1620; x_wconf 79' lang='grc' dir='ltr'><strong>ἀλλότριοι,</strong></span> <span class='ocrx_word' id='word_1_103' title='bbox 1226 1545 1309 1614; x_wconf 72' lang='grc' dir='ltr'><strong>οἷς</strong></span> <span class='ocrx_word' id='word_1_104' title='bbox 1349 1553 1446 1606; x_wconf 78' lang='grc' dir='ltr'><strong>καὶ</strong></span> <span class='ocrx_word' id='word_1_105' title='bbox 1479 1547 1626 1607; x_wconf 72' lang='grc' dir='ltr'><strong>οὗτοι</strong></span> <span class='ocrx_word' id='word_1_106' title='bbox 1663 1555 1790 1608; x_wconf 82' lang='grc' dir='ltr'><strong>ἀτε-</strong></span> 
     </span>
    </p>
   </div>
   <div class='ocr_carea' id='block_1_17' title="bbox 211 1641 1788 1713">
    <p class='ocr_par' dir='ltr' id='par_1_17' title="bbox 211 1641 1788 1713">
     <span class='ocr_line' id='line_1_17' title="bbox 211 1641 1788 1713; baseline 0.003 -18"><span class='ocrx_word' id='word_1_107' title='bbox 211 1643 338 1712; x_wconf 76' lang='grc' dir='ltr'><strong>χνῶς</strong></span> <span class='ocrx_word' id='word_1_108' title='bbox 367 1642 446 1706; x_wconf 79' lang='grc' dir='ltr'><strong>ὡς</strong></span> <span class='ocrx_word' id='word_1_109' title='bbox 473 1642 856 1713; x_wconf 77' lang='grc' dir='ltr'><strong>Χριστομάχοι</strong></span> <span class='ocrx_word' id='word_1_110' title='bbox 899 1641 1320 1708; x_wconf 54' lang='grc' dir='ltr'><strong>συνλτετάξονται</strong></span> <span class='ocrx_word' id='word_1_111' title='bbox 1347 1659 1364 1676; x_wconf 78' lang='grc' dir='ltr'><strong><em>ο</em></strong></span> <span class='ocrx_word' id='word_1_112' title='bbox 1413 1644 1489 1708; x_wconf 81' lang='grc' dir='ltr'><strong>ὡς</strong></span> <span class='ocrx_word' id='word_1_113' title='bbox 1541 1645 1788 1700; x_wconf 82' lang='grc' dir='ltr'><strong>Ἰουδαῖοι</strong></span> 
     </span>
    </p>
   </div>
   <div class='ocr_carea' id='block_1_18' title="bbox 215 1734 1783 1808">
    <p class='ocr_par' dir='ltr' id='par_1_18' title="bbox 215 1734 1783 1808">
     <span class='ocr_line' id='line_1_18' title="bbox 215 1734 1783 1808; baseline 0.001 -18"><span class='ocrx_word' id='word_1_114' title='bbox 215 1735 784 1808; x_wconf 63' lang='grc' dir='ltr'><strong>σκανδαλιζέσθωσαιν,</strong></span> <span class='ocrx_word' id='word_1_115' title='bbox 843 1735 924 1798; x_wconf 82' lang='grc' dir='ltr'><strong>ὡς</strong></span> <span class='ocrx_word' id='word_1_116' title='bbox 970 1734 1232 1806; x_wconf 82' lang='grc' dir='ltr'><strong>Ἕλληνες</strong></span> <span class='ocrx_word' id='word_1_117' title='bbox 1289 1735 1783 1806; x_wconf 75' lang='grc' dir='ltr'><strong>μωραινὲσθωσανο</strong></span> 
     </span>
    </p>
   </div>
   <div class='ocr_carea' id='block_1_19' title="bbox 1889 549 3466 624">
    <p class='ocr_par' dir='ltr' id='par_1_19' title="bbox 1889 549 3466 624">
     <span class='ocr_line' id='line_1_19' title="bbox 1889 549 3466 624; baseline 0.005 -20"><span class='ocrx_word' id='word_1_118' title='bbox 1889 563 2077 610; x_wconf 87' lang='lat' dir='ltr'><strong>unum,</strong></span> <span class='ocrx_word' id='word_1_119' title='bbox 2109 549 2252 618; x_wconf 86' lang='lat' dir='ltr'><strong>quod</strong></span> <span class='ocrx_word' id='word_1_120' title='bbox 2290 551 2617 618; x_wconf 87' lang='lat' dir='ltr'><strong>honoretur;</strong></span> <span class='ocrx_word' id='word_1_121' title='bbox 2648 551 2877 608; x_wconf 85' lang='lat' dir='ltr'><strong>alterum</strong></span> <span class='ocrx_word' id='word_1_122' title='bbox 2913 560 3056 622; x_wconf 86' lang='lat' dir='ltr'><strong>quod</strong></span> <span class='ocrx_word' id='word_1_123' title='bbox 3091 556 3466 624; x_wconf 86' lang='lat' dir='ltr'><strong>comlmratur,</strong></span> 
     </span>
    </p>
   </div>
   <div class='ocr_carea' id='block_1_20' title="bbox 1889 639 3468 713">
    <p class='ocr_par' dir='ltr' id='par_1_20' title="bbox 1889 639 3468 713">
     <span class='ocr_line' id='line_1_20' title="bbox 1889 639 3468 713; baseline 0.009 -22"><span class='ocrx_word' id='word_1_124' title='bbox 1889 639 2191 709; x_wconf 77' lang='lat' dir='ltr'><strong>putaverit?</strong></span> <span class='ocrx_word' id='word_1_125' title='bbox 2233 641 2368 696; x_wconf 82' lang='lat' dir='ltr'><strong>Nam</strong></span> <span class='ocrx_word' id='word_1_126' title='bbox 2419 642 2468 696; x_wconf 88' lang='lat' dir='ltr'><strong>si</strong></span> <span class='ocrx_word' id='word_1_127' title='bbox 2525 654 2693 698; x_wconf 90' lang='lat' dir='ltr'><strong>unum</strong></span> <span class='ocrx_word' id='word_1_128' title='bbox 2746 645 3071 702; x_wconf 85' lang='lat' dir='ltr'><strong>honorabile</strong></span> <span class='ocrx_word' id='word_1_129' title='bbox 3099 659 3204 713; x_wconf 90' lang='lat' dir='ltr'><strong>est,</strong></span> <span class='ocrx_word' id='word_1_130' title='bbox 3244 667 3468 708; x_wconf 80' lang='lat' dir='ltr'><strong>necesse</strong></span> 
     </span>
    </p>
   </div>
   <div class='ocr_carea' id='block_1_21' title="bbox 1889 731 3468 807">
    <p class='ocr_par' dir='ltr' id='par_1_21' title="bbox 1889 731 3468 807">
     <span class='ocr_line' id='line_1_21' title="bbox 1889 731 3468 807; baseline 0.008 -22"><span class='ocrx_word' id='word_1_131' title='bbox 1889 738 1973 785; x_wconf 89' lang='lat' dir='ltr'><strong>est</strong></span> <span class='ocrx_word' id='word_1_132' title='bbox 2017 745 2141 790; x_wconf 81' lang='lat' dir='ltr'><strong>esse</strong></span> <span class='ocrx_word' id='word_1_133' title='bbox 2200 739 2256 786; x_wconf 89' lang='lat' dir='ltr'><strong>et</strong></span> <span class='ocrx_word' id='word_1_134' title='bbox 2293 731 2525 787; x_wconf 89' lang='lat' dir='ltr'><strong>alterum</strong></span> <span class='ocrx_word' id='word_1_135' title='bbox 2590 751 2604 787; x_wconf 90' lang='lat'><strong>:</strong></span> <span class='ocrx_word' id='word_1_136' title='bbox 2665 735 2750 789; x_wconf 89' lang='lat' dir='ltr'><strong>sin</strong></span> <span class='ocrx_word' id='word_1_137' title='bbox 2800 736 2902 790; x_wconf 84' lang='lat' dir='ltr'><strong>hoc</strong></span> <span class='ocrx_word' id='word_1_138' title='bbox 2956 739 3182 794; x_wconf 89' lang='lat' dir='ltr'><strong>minime</strong></span> <span class='ocrx_word' id='word_1_139' title='bbox 3239 751 3344 807; x_wconf 88' lang='lat' dir='ltr'><strong>est,</strong></span> <span class='ocrx_word' id='word_1_140' title='bbox 3399 759 3468 797; x_wconf 84' lang='lat' dir='ltr'><strong>ne</strong></span> 
     </span>
    </p>
   </div>
   <div class='ocr_carea' id='block_1_22' title="bbox 1889 821 3469 899">
    <p class='ocr_par' dir='ltr' id='par_1_22' title="bbox 1889 821 3469 899">
     <span class='ocr_line' id='line_1_22' title="bbox 1889 821 3469 899; baseline 0.009 -23"><span class='ocrx_word' id='word_1_141' title='bbox 1889 821 2021 877; x_wconf 92' lang='lat' dir='ltr'><strong>illud</strong></span> <span class='ocrx_word' id='word_1_142' title='bbox 2049 822 2289 891; x_wconf 80' lang='lat' dir='ltr'><strong>quidem.</strong></span> <span class='ocrx_word' id='word_1_143' title='bbox 2339 823 2408 878; x_wconf 90' lang='lat' dir='ltr'><strong>Et</strong></span> <span class='ocrx_word' id='word_1_144' title='bbox 2440 825 2696 894; x_wconf 86' lang='lat' dir='ltr'><strong>quoniam</strong></span> <span class='ocrx_word' id='word_1_145' title='bbox 2742 825 2858 881; x_wconf 72' lang='lat' dir='ltr'><strong>haec</strong></span> <span class='ocrx_word' id='word_1_146' title='bbox 2907 829 3042 882; x_wconf 83' lang='lat' dir='ltr'><strong>nihil</strong></span> <span class='ocrx_word' id='word_1_147' title='bbox 3096 829 3373 899; x_wconf 74' lang='lat' dir='ltr'><strong>differunt,</strong></span> <span class='ocrx_word' id='word_1_148' title='bbox 3422 835 3469 890; x_wconf 90' lang='lat' dir='ltr'><strong>si</strong></span> 
     </span>
    </p>
   </div>
   <div class='ocr_carea' id='block_1_23' title="bbox 1888 911 3468 990">
    <p class='ocr_par' dir='ltr' id='par_1_23' title="bbox 1888 911 3468 990">
     <span class='ocr_line' id='line_1_23' title="bbox 1888 911 3468 990; baseline 0.009 -25"><span class='ocrx_word' id='word_1_149' title='bbox 1888 911 2012 982; x_wconf 86' lang='lat' dir='ltr'><strong>quis</strong></span> <span class='ocrx_word' id='word_1_150' title='bbox 2061 911 2290 966; x_wconf 89' lang='lat' dir='ltr'><strong>alterum</strong></span> <span class='ocrx_word' id='word_1_151' title='bbox 2350 913 2618 980; x_wconf 74' lang='lat' dir='ltr'><strong>destruat,</strong></span> <span class='ocrx_word' id='word_1_152' title='bbox 2657 923 2824 970; x_wconf 86' lang='lat' dir='ltr'><strong>totam</strong></span> <span class='ocrx_word' id='word_1_153' title='bbox 2879 917 3154 990; x_wconf 76' lang='lat' dir='ltr'><strong>Evangelii</strong></span> <span class='ocrx_word' id='word_1_154' title='bbox 3201 938 3468 979; x_wconf 83' lang='lat' dir='ltr'><strong>summam</strong></span> 
     </span>
    </p>
   </div>
   <div class='ocr_carea' id='block_1_24' title="bbox 1889 1002 3468 1076">
    <p class='ocr_par' dir='ltr' id='par_1_24' title="bbox 1889 1002 3468 1076">
     <span class='ocr_line' id='line_1_24' title="bbox 1889 1002 3468 1076; baseline 0.007 -20"><span class='ocrx_word' id='word_1_155' title='bbox 1889 1002 2245 1058; x_wconf 81' lang='lat' dir='ltr'><strong>destruxerit.</strong></span> <span class='ocrx_word' id='word_1_156' title='bbox 2337 1007 2380 1056; x_wconf 83' lang='lat'>0</span> <span class='ocrx_word' id='word_1_157' title='bbox 2457 1006 2732 1059; x_wconf 82' lang='lat' dir='ltr'><strong>vesaniam</strong></span> <span class='ocrx_word' id='word_1_158' title='bbox 2808 1017 2974 1076; x_wconf 86' lang='lat' dir='ltr'><strong>atque</strong></span> <span class='ocrx_word' id='word_1_159' title='bbox 3083 1009 3468 1070; x_wconf 75' lang='lat' dir='ltr'><strong>dementiam!</strong></span> 
     </span>
    </p>
   </div>
   <div class='ocr_carea' id='block_1_25' title="bbox 1889 1093 3468 1172">
    <p class='ocr_par' dir='ltr' id='par_1_25' title="bbox 1889 1093 3468 1172">
     <span class='ocr_line' id='line_1_25' title="bbox 1889 1093 3468 1172; baseline 0.005 -24"><span class='ocrx_word' id='word_1_160' title='bbox 1889 1093 2093 1148; x_wconf 84' lang='lat' dir='ltr'><strong>Christi</strong></span> <span class='ocrx_word' id='word_1_161' title='bbox 2147 1093 2352 1150; x_wconf 87' lang='lat' dir='ltr'><strong>mentio</strong></span> <span class='ocrx_word' id='word_1_162' title='bbox 2424 1109 2732 1166; x_wconf 89' lang='lat' dir='ltr'><strong>nomenque</strong></span> <span class='ocrx_word' id='word_1_163' title='bbox 2803 1095 2916 1152; x_wconf 80' lang='lat' dir='ltr'><strong>illic</strong></span> <span class='ocrx_word' id='word_1_164' title='bbox 2979 1110 3268 1167; x_wconf 80' lang='lat' dir='ltr'><strong>prostant;</strong></span> <span class='ocrx_word' id='word_1_165' title='bbox 3343 1102 3468 1172; x_wconf 87' lang='lat' dir='ltr'><strong>qui-</strong></span> 
     </span>
    </p>
   </div>
   <div class='ocr_carea' id='block_1_26' title="bbox 1889 1179 3468 1255">
    <p class='ocr_par' dir='ltr' id='par_1_26' title="bbox 1889 1179 3468 1255">
     <span class='ocr_line' id='line_1_26' title="bbox 1889 1179 3468 1255; baseline 0.006 -17"><span class='ocrx_word' id='word_1_166' title='bbox 1889 1201 2036 1239; x_wconf 88' lang='lat' dir='ltr'><strong>nam-</strong></span> <span class='ocrx_word' id='word_1_167' title='bbox 2089 1184 2144 1239; x_wconf 91' lang='lat' dir='ltr'><strong>hi</strong></span> <span class='ocrx_word' id='word_1_168' title='bbox 2225 1179 2356 1238; x_wconf 77' lang='lat' dir='ltr'><strong>sunt</strong></span> <span class='ocrx_word' id='word_1_169' title='bbox 2413 1181 2528 1255; x_wconf 83' lang='lat' dir='ltr'><strong>qui’</strong></span> <span class='ocrx_word' id='word_1_170' title='bbox 2575 1188 2910 1243; x_wconf 87' lang='lat' dir='ltr'><strong>destruunt?</strong></span> <span class='ocrx_word' id='word_1_171' title='bbox 2961 1189 3100 1245; x_wconf 81' lang='lat' dir='ltr'><strong>Num</strong></span> <span class='ocrx_word' id='word_1_172' title='bbox 3167 1192 3468 1249; x_wconf 81' lang='lat' dir='ltr'><strong>Christiani</strong></span> 
     </span>
    </p>
   </div>
   <div class='ocr_carea' id='block_1_27' title="bbox 1890 1275 3470 1347">
    <p class='ocr_par' dir='ltr' id='par_1_27' title="bbox 1890 1275 3470 1347">
     <span class='ocr_line' id='line_1_27' title="bbox 1890 1275 3470 1347; baseline 0.007 -18"><span class='ocrx_word' id='word_1_173' title='bbox 1890 1275 2239 1344; x_wconf 79' lang='lat' dir='ltr'><strong>appellandi?</strong></span> <span class='ocrx_word' id='word_1_174' title='bbox 2265 1275 2416 1347; x_wconf 83' lang='lat' dir='ltr'><strong>Nego</strong></span> <span class='ocrx_word' id='word_1_175' title='bbox 2441 1279 2743 1336; x_wconf 80' lang='lat' dir='ltr'><strong>enimvero.</strong></span> <span class='ocrx_word' id='word_1_176' title='bbox 2775 1279 2945 1335; x_wconf 66' lang='lat' dir='ltr'><strong>Judaei</strong></span> <span class='ocrx_word' id='word_1_177' title='bbox 2973 1283 3075 1337; x_wconf 91' lang='lat' dir='ltr'><strong>hoc</strong></span> <span class='ocrx_word' id='word_1_178' title='bbox 3102 1285 3306 1340; x_wconf 81' lang='lat' dir='ltr'><strong>audent</strong></span> <span class='ocrx_word' id='word_1_179' title='bbox 3333 1285 3470 1340; x_wconf 82' lang='lat' dir='ltr'><strong>faci-</strong></span> 
     </span>
    </p>
   </div>
   <div class='ocr_carea' id='block_1_28' title="bbox 1890 1369 3471 1446">
    <p class='ocr_par' dir='ltr' id='par_1_28' title="bbox 1890 1369 3471 1446">
     <span class='ocr_line' id='line_1_28' title="bbox 1890 1369 3471 1446; baseline 0.008 -25"><span class='ocrx_word' id='word_1_180' title='bbox 1890 1381 2012 1432; x_wconf 88' lang='lat' dir='ltr'><strong>nus,</strong></span> <span class='ocrx_word' id='word_1_181' title='bbox 2043 1369 2239 1436; x_wconf 75' lang='lat' dir='ltr'><strong>pagani</strong></span> <span class='ocrx_word' id='word_1_182' title='bbox 2271 1369 2584 1436; x_wconf 90' lang='lat' dir='ltr'><strong>etbarbari,</strong></span> <span class='ocrx_word' id='word_1_183' title='bbox 2618 1384 2741 1425; x_wconf 89' lang='lat' dir='ltr'><strong>cum</strong></span> <span class='ocrx_word' id='word_1_184' title='bbox 2793 1371 2902 1426; x_wconf 88' lang='lat' dir='ltr'><strong>sint</strong></span> <span class='ocrx_word' id='word_1_185' title='bbox 2933 1373 3116 1430; x_wconf 87' lang='lat' dir='ltr'><strong>hostes</strong></span> <span class='ocrx_word' id='word_1_186' title='bbox 3175 1386 3471 1446; x_wconf 85' lang='lat' dir='ltr'><strong>nostroque</strong></span> 
     </span>
    </p>
   </div>
   <div class='ocr_carea' id='block_1_29' title="bbox 1891 1459 3468 1537">
    <p class='ocr_par' dir='ltr' id='par_1_29' title="bbox 1891 1459 3468 1537">
     <span class='ocr_line' id='line_1_29' title="bbox 1891 1459 3468 1537; baseline 0.006 -25"><span class='ocrx_word' id='word_1_187' title='bbox 1891 1472 2052 1512; x_wconf 89' lang='lat' dir='ltr'><strong>sacro</strong></span> <span class='ocrx_word' id='word_1_188' title='bbox 2088 1459 2235 1513; x_wconf 90' lang='lat' dir='ltr'><strong>cultu</strong></span> <span class='ocrx_word' id='word_1_189' title='bbox 2277 1459 2437 1537; x_wconf 82' lang='lat' dir='ltr'><strong>alieni</strong></span> <span class='ocrx_word' id='word_1_190' title='bbox 2465 1475 2482 1527; x_wconf 92' lang='lat'><strong>;</strong></span> <span class='ocrx_word' id='word_1_191' title='bbox 2515 1461 2713 1530; x_wconf 83' lang='lat' dir='ltr'><strong>quibus</strong></span> <span class='ocrx_word' id='word_1_192' title='bbox 2757 1462 2810 1516; x_wconf 90' lang='lat' dir='ltr'><strong>hi</strong></span> <span class='ocrx_word' id='word_1_193' title='bbox 2841 1464 3004 1516; x_wconf 87' lang='lat' dir='ltr'><strong>etiam</strong></span> <span class='ocrx_word' id='word_1_194' title='bbox 3047 1469 3167 1519; x_wconf 87' lang='lat' dir='ltr'><strong>stne</strong></span> <span class='ocrx_word' id='word_1_195' title='bbox 3211 1465 3320 1522; x_wconf 87' lang='lat' dir='ltr'><strong>ulla</strong></span> <span class='ocrx_word' id='word_1_196' title='bbox 3365 1469 3468 1523; x_wconf 87' lang='lat' dir='ltr'><strong>du-</strong></span> 
     </span>
    </p>
   </div>
   <div class='ocr_carea' id='block_1_30' title="bbox 1891 1547 3465 1618">
    <p class='ocr_par' dir='ltr' id='par_1_30' title="bbox 1891 1547 3465 1618">
     <span class='ocr_line' id='line_1_30' title="bbox 1891 1547 3465 1618; baseline 0.006 -16"><span class='ocrx_word' id='word_1_197' title='bbox 1891 1547 2178 1614; x_wconf 88' lang='lat' dir='ltr'><strong>bitatione,</strong></span> <span class='ocrx_word' id='word_1_198' title='bbox 2211 1558 2401 1618; x_wconf 84' lang='lat' dir='ltr'><strong>utpote</strong></span> <span class='ocrx_word' id='word_1_199' title='bbox 2446 1548 2652 1604; x_wconf 86' lang='lat' dir='ltr'><strong>Christi</strong></span> <span class='ocrx_word' id='word_1_200' title='bbox 2687 1551 2894 1616; x_wconf 84' lang='lat' dir='ltr'><strong>hostes,</strong></span> <span class='ocrx_word' id='word_1_201' title='bbox 2938 1555 3465 1612; x_wconf 84' lang='lat' dir='ltr'><strong>annunterabuntur.</strong></span> 
     </span>
    </p>
   </div>
   <div class='ocr_carea' id='block_1_31' title="bbox 1891 1635 3466 1712">
    <p class='ocr_par' dir='ltr' id='par_1_31' title="bbox 1891 1635 3466 1712">
     <span class='ocr_line' id='line_1_31' title="bbox 1891 1635 3466 1712; baseline 0.006 -23"><span class='ocrx_word' id='word_1_202' title='bbox 1891 1635 2172 1706; x_wconf 84' lang='lat' dir='ltr'><strong>Tanquam</strong></span> <span class='ocrx_word' id='word_1_203' title='bbox 2217 1635 2388 1693; x_wconf 67' lang='lat' dir='ltr'><strong>Judaei</strong></span> <span class='ocrx_word' id='word_1_204' title='bbox 2425 1640 2889 1706; x_wconf 82' lang='lat' dir='ltr'><strong>scandalizentur,</strong></span> <span class='ocrx_word' id='word_1_205' title='bbox 2953 1649 3214 1712; x_wconf 85' lang='lat' dir='ltr'><strong>tanquam</strong></span> <span class='ocrx_word' id='word_1_206' title='bbox 3263 1647 3466 1701; x_wconf 87' lang='lat' dir='ltr'><strong>ethnici</strong></span> 
     </span>
    </p>
   </div>
   <div class='ocr_carea' id='block_1_32' title="bbox 1890 1726 3468 1805">
    <p class='ocr_par' dir='ltr' id='par_1_32' title="bbox 1890 1726 3468 1805">
     <span class='ocr_line' id='line_1_32' title="bbox 1890 1726 3468 1805; baseline 0.007 -24"><span class='ocrx_word' id='word_1_207' title='bbox 1890 1726 2265 1796; x_wconf 81' lang='lat' dir='ltr'><strong>infatuentur;</strong></span> <span class='ocrx_word' id='word_1_208' title='bbox 2295 1731 2730 1800; x_wconf 76' lang='lat' dir='ltr'><strong>quandoquidem</strong></span> <span class='ocrx_word' id='word_1_209' title='bbox 2763 1731 3016 1788; x_wconf 86' lang='lat' dir='ltr'><strong>Christus</strong></span> <span class='ocrx_word' id='word_1_210' title='bbox 3063 1735 3154 1804; x_wconf 89' lang='lat' dir='ltr'><strong>qui</strong></span> <span class='ocrx_word' id='word_1_211' title='bbox 3198 1736 3468 1805; x_wconf 60' lang='lat' dir='ltr'><strong>praedica-</strong></span> 
     </span>
    </p>
   </div>
   <div class='ocr_carea' id='block_1_33' title="bbox 213 1821 1786 1900">
    <p class='ocr_par' dir='ltr' id='par_1_33' title="bbox 213 1827 1783 1900">
     <span class='ocr_line' id='line_1_33' title="bbox 213 1827 1783 1900; baseline 0.001 -19"><span class='ocrx_word' id='word_1_212' title='bbox 213 1831 506 1900; x_wconf 80' lang='grc' dir='ltr'><strong>ἐπειδήπερ</strong></span> <span class='ocrx_word' id='word_1_213' title='bbox 539 1827 964 1898; x_wconf 77' lang='grc' dir='ltr'><strong>ἐσταυρωμένος</strong></span> <span class='ocrx_word' id='word_1_214' title='bbox 988 1829 1016 1880; x_wconf 89' lang='grc' dir='ltr'>ὁ</span> <span class='ocrx_word' id='word_1_215' title='bbox 1047 1827 1289 1898; x_wconf 82' lang='grc' dir='ltr'><strong>Χριστὸς</strong></span> <span class='ocrx_word' id='word_1_216' title='bbox 1343 1827 1783 1898; x_wconf 82' lang='grc' dir='ltr'><strong>κηρυσσόμενος,</strong></span> 
     </span>
    </p>
   </div>
   <div class='ocr_carea' id='block_1_34' title="bbox 1891 1821 3467 1900">
    <p class='ocr_par' dir='ltr' id='par_1_34' title="bbox 1893 1821 3467 1896">
     <span class='ocr_line' id='line_1_34' title="bbox 1893 1821 3467 1896; baseline 0.008 -24"><span class='ocrx_word' id='word_1_217' title='bbox 1893 1829 1978 1872; x_wconf 85' lang='lat' dir='ltr'><strong>tur</strong></span> <span class='ocrx_word' id='word_1_218' title='bbox 2003 1821 2317 1886; x_wconf 81' lang='lat' dir='ltr'><strong>crucilixus,</strong></span> <span class='ocrx_word' id='word_1_219' title='bbox 2345 1821 2491 1890; x_wconf 81' lang='lat' dir='ltr'><strong>quod</strong></span> <span class='ocrx_word' id='word_1_220' title='bbox 2522 1823 2662 1879; x_wconf 79' lang='lat' dir='ltr'><strong>idem</strong></span> <span class='ocrx_word' id='word_1_221' title='bbox 2689 1833 2772 1878; x_wconf 86' lang='lat' dir='ltr'><strong>est</strong></span> <span class='ocrx_word' id='word_1_222' title='bbox 2829 1839 2893 1878; x_wconf 85' lang='lat' dir='ltr'><strong>ac</strong></span> <span class='ocrx_word' id='word_1_223' title='bbox 2926 1826 2971 1880; x_wconf 88' lang='lat' dir='ltr'><strong>si</strong></span> <span class='ocrx_word' id='word_1_224' title='bbox 3021 1826 3286 1896; x_wconf 78' lang='lat' dir='ltr'><strong>ﬁguratus</strong></span> <span class='ocrx_word' id='word_1_225' title='bbox 3311 1830 3467 1886; x_wconf 83' lang='lat' dir='ltr'><strong>dica-</strong></span> 
     </span>
    </p>
   </div>
   <div class='ocr_carea' id='block_1_35' title="bbox 209 1919 1786 1991">
    <p class='ocr_par' dir='ltr' id='par_1_35' title="bbox 209 1919 1786 1991">
     <span class='ocr_line' id='line_1_35' title="bbox 209 1919 1786 1991; baseline -0.001 -17"><span class='ocrx_word' id='word_1_226' title='bbox 209 1922 392 1974; x_wconf 76' lang='grc' dir='ltr'><strong>ταυτὸν</strong></span> <span class='ocrx_word' id='word_1_227' title='bbox 423 1921 486 1974; x_wconf 78' lang='grc' dir='ltr'><strong>δὲ</strong></span> <span class='ocrx_word' id='word_1_228' title='bbox 526 1919 826 1989; x_wconf 62' lang='grc' dir='ltr'><strong>φάναικαὶ</strong></span> <span class='ocrx_word' id='word_1_229' title='bbox 873 1919 1301 1988; x_wconf 72' lang='grc' dir='ltr'><strong>εὶκονιζόμενος,</strong></span> <span class='ocrx_word' id='word_1_230' title='bbox 1349 1919 1632 1983; x_wconf 80' lang='grc' dir='ltr'><strong>Ἰουδαίοις</strong></span> <span class='ocrx_word' id='word_1_231' title='bbox 1683 1921 1786 1991; x_wconf 85' lang='grc' dir='ltr'><strong>μέν</strong></span> 
     </span>
    </p>
   </div>
   <div class='ocr_carea' id='block_1_36' title="bbox 211 2010 1788 2084">
    <p class='ocr_par' dir='ltr' id='par_1_36' title="bbox 211 2010 1788 2084">
     <span class='ocr_line' id='line_1_36' title="bbox 211 2010 1788 2084; baseline -0.001 -19"><span class='ocrx_word' id='word_1_232' title='bbox 211 2015 316 2066; x_wconf 84' lang='grc' dir='ltr'><strong>ἐστι</strong></span> <span class='ocrx_word' id='word_1_233' title='bbox 339 2010 899 2080; x_wconf 78' lang='grc' dir='ltr'><strong>σκάνδαλον,Ἕλλησι</strong></span> <span class='ocrx_word' id='word_1_234' title='bbox 919 2011 976 2064; x_wconf 79' lang='grc' dir='ltr'><strong>δὲ</strong></span> <span class='ocrx_word' id='word_1_235' title='bbox 1003 2011 1205 2084; x_wconf 82' lang='grc' dir='ltr'><strong>μωρῖα.</strong></span> <span class='ocrx_word' id='word_1_236' title='bbox 1227 2010 1438 2082; x_wconf 80' lang='grc' dir='ltr'><strong>Ὠσπερ</strong></span> <span class='ocrx_word' id='word_1_237' title='bbox 1460 2011 1557 2065; x_wconf 80' lang='grc' dir='ltr'><strong>οὖν</strong></span> <span class='ocrx_word' id='word_1_238' title='bbox 1578 2013 1607 2065; x_wconf 89' lang='grc' dir='ltr'>ὁ</span> <span class='ocrx_word' id='word_1_239' title='bbox 1629 2011 1788 2081; x_wconf 80' lang='grc' dir='ltr'><strong>λόγος</strong></span> 
     </span>
    </p>
   </div>
   <div class='ocr_carea' id='block_1_37' title="bbox 213 2101 1787 2174">
    <p class='ocr_par' dir='ltr' id='par_1_37' title="bbox 213 2101 1787 2174">
     <span class='ocr_line' id='line_1_37' title="bbox 213 2101 1787 2174; baseline -0.003 -17"><span class='ocrx_word' id='word_1_240' title='bbox 213 2107 238 2157; x_wconf 80' lang='grc' dir='ltr'><strong>ὁ</strong></span> <span class='ocrx_word' id='word_1_241' title='bbox 257 2105 346 2158; x_wconf 78' lang='grc' dir='ltr'><strong>τοῦ</strong></span> <span class='ocrx_word' id='word_1_242' title='bbox 370 2103 620 2174; x_wconf 74' lang='grc' dir='ltr'><strong>σταυροῦ</strong></span> <span class='ocrx_word' id='word_1_243' title='bbox 647 2103 743 2156; x_wconf 78' lang='grc' dir='ltr'><strong>καὶ</strong></span> <span class='ocrx_word' id='word_1_244' title='bbox 767 2101 878 2156; x_wconf 83' lang='grc' dir='ltr'><strong>τῶν</strong></span> <span class='ocrx_word' id='word_1_245' title='bbox 927 2101 1022 2156; x_wconf 85' lang='grc' dir='ltr'><strong>τοῦ</strong></span> <span class='ocrx_word' id='word_1_246' title='bbox 1079 2104 1494 2174; x_wconf 79' lang='grc' dir='ltr'><strong>σταυρωθέντος</strong></span> <span class='ocrx_word' id='word_1_247' title='bbox 1539 2105 1787 2172; x_wconf 79' lang='grc' dir='ltr'><strong>ὑπομνη-</strong></span> 
     </span>
    </p>
   </div>
   <div class='ocr_carea' id='block_1_38' title="bbox 217 2187 1786 2271">
    <p class='ocr_par' dir='ltr' id='par_1_38' title="bbox 217 2187 1786 2271">
     <span class='ocr_line' id='line_1_38' title="bbox 217 2187 1786 2271; baseline -0.001 -23"><span class='ocrx_word' id='word_1_248' title='bbox 217 2195 411 2265; x_wconf 82' lang='grc' dir='ltr'><strong>μάτων,</strong></span> <span class='ocrx_word' id='word_1_249' title='bbox 443 2195 694 2265; x_wconf 79' lang='grc' dir='ltr'><strong>τοίς.μέν</strong></span> <span class='ocrx_word' id='word_1_250' title='bbox 728 2193 1135 2271; x_wconf 70' lang='grc' dir='ltr'><strong>ἀπολλυμένοις</strong></span> <span class='ocrx_word' id='word_1_251' title='bbox 1184 2196 1364 2266; x_wconf 82' lang='grc' dir='ltr'><strong>μωρία</strong></span> <span class='ocrx_word' id='word_1_252' title='bbox 1397 2187 1536 2259; x_wconf 76' lang='grc' dir='ltr'><strong>ἐστὶ,</strong></span> <span class='ocrx_word' id='word_1_253' title='bbox 1585 2199 1702 2259; x_wconf 87' lang='grc' dir='ltr'><strong>τοῖς</strong></span> <span class='ocrx_word' id='word_1_254' title='bbox 1729 2195 1786 2248; x_wconf 82' lang='grc' dir='ltr'><strong>δὲ</strong></span> 
     </span>
    </p>
   </div>
   <div class='ocr_carea' id='block_1_39' title="bbox 217 2284 1787 2358">
    <p class='ocr_par' dir='ltr' id='par_1_39' title="bbox 217 2284 1787 2358">
     <span class='ocr_line' id='line_1_39' title="bbox 217 2284 1787 2358; baseline -0.001 -17"><span class='ocrx_word' id='word_1_255' title='bbox 217 2287 537 2358; x_wconf 78' lang='grc' dir='ltr'><strong>σωζομένοις</strong></span> <span class='ocrx_word' id='word_1_256' title='bbox 573 2287 708 2358; x_wconf 79' lang='grc' dir='ltr'><strong>ἡμῖν</strong></span> <span class='ocrx_word' id='word_1_257' title='bbox 733 2284 967 2356; x_wconf 78' lang='grc' dir='ltr'><strong>δύναμις</strong></span> <span class='ocrx_word' id='word_1_258' title='bbox 998 2287 1138 2340; x_wconf 74' lang='grc' dir='ltr'><strong>Θεοῦ</strong></span> <span class='ocrx_word' id='word_1_259' title='bbox 1191 2289 1334 2353; x_wconf 88' lang='grc' dir='ltr'><strong>ἐστι,</strong></span> <span class='ocrx_word' id='word_1_260' title='bbox 1379 2285 1682 2342; x_wconf 72' lang='grc' dir='ltr'><strong>καὶταῦτά</strong></span> <span class='ocrx_word' id='word_1_261' title='bbox 1722 2304 1787 2356; x_wconf 89' lang='grc' dir='ltr'><strong>γε</strong></span> 
     </span>
    </p>
   </div>
   <div class='ocr_carea' id='block_1_40' title="bbox 215 2379 1788 2451">
    <p class='ocr_par' dir='ltr' id='par_1_40' title="bbox 215 2379 1788 2451">
     <span class='ocr_line' id='line_1_40' title="bbox 215 2379 1788 2451; baseline 0.001 -17"><span class='ocrx_word' id='word_1_262' title='bbox 215 2381 310 2450; x_wconf 79' lang='grc' dir='ltr'><strong>ἄρα</strong></span> <span class='ocrx_word' id='word_1_263' title='bbox 333 2379 758 2451; x_wconf 78' lang='grc' dir='ltr'><strong>ὡσαύτως-τὸν</strong></span> <span class='ocrx_word' id='word_1_264' title='bbox 793 2379 1028 2450; x_wconf 82' lang='grc' dir='ltr'><strong>σταυρὸν</strong></span> <span class='ocrx_word' id='word_1_265' title='bbox 1066 2380 1163 2433; x_wconf 81' lang='grc' dir='ltr'><strong>τοῦ</strong></span> <span class='ocrx_word' id='word_1_266' title='bbox 1187 2382 1426 2451; x_wconf 77' lang='grc' dir='ltr'><strong>Χριστοῦ</strong></span> <span class='ocrx_word' id='word_1_267' title='bbox 1455 2381 1654 2434; x_wconf 69' lang='grc' dir='ltr'><strong>καὶτὸ</strong></span> <span class='ocrx_word' id='word_1_268' title='bbox 1684 2384 1788 2436; x_wconf 86' lang='grc' dir='ltr'><strong>πά-</strong></span> 
     </span>
    </p>
   </div>
   <div class='ocr_carea' id='block_1_41' title="bbox 215 2450 1786 2544">
    <p class='ocr_par' dir='ltr' id='par_1_41' title="bbox 215 2450 1786 2544">
     <span class='ocr_line' id='line_1_41' title="bbox 215 2450 1786 2544; baseline 0.001 -19"><span class='ocrx_word' id='word_1_269' title='bbox 215 2472 296 2534; x_wconf 85' lang='grc' dir='ltr'><strong>θος</strong></span> <span class='ocrx_word' id='word_1_270' title='bbox 323 2475 454 2544; x_wconf 68' lang='grc' dir='ltr'><strong>ημῖν</strong></span> <span class='ocrx_word' id='word_1_271' title='bbox 499 2450 900 2542; x_wconf 75' lang='grc' dir='ltr'><strong>διαγράφουσιν</strong></span> <span class='ocrx_word' id='word_1_272' title='bbox 928 2487 944 2502; x_wconf 74' lang='grc' dir='ltr'><strong>ο</strong></span> <span class='ocrx_word' id='word_1_273' title='bbox 975 2473 1024 2524; x_wconf 84' lang='grc' dir='ltr'><strong>εί</strong></span> <span class='ocrx_word' id='word_1_274' title='bbox 1051 2471 1110 2524; x_wconf 73' lang='grc' dir='ltr'><strong>δὲ</strong></span> <span class='ocrx_word' id='word_1_275' title='bbox 1147 2450 1553 2542; x_wconf 81' lang='grc' dir='ltr'><strong>τάληθέστερον</strong></span> <span class='ocrx_word' id='word_1_276' title='bbox 1610 2473 1786 2539; x_wconf 75' lang='grc' dir='ltr'><strong>εἰπεῖν</strong></span> 
     </span>
    </p>
   </div>
   <div class='ocr_carea' id='block_1_42' title="bbox 215 2561 1786 2635">
    <p class='ocr_par' dir='ltr' id='par_1_42' title="bbox 215 2561 1786 2635">
     <span class='ocr_line' id='line_1_42' title="bbox 215 2561 1786 2635; baseline 0 -18"><span class='ocrx_word' id='word_1_277' title='bbox 215 2567 270 2617; x_wconf 83' lang='grc' dir='ltr'><strong>ἐκ</strong></span> <span class='ocrx_word' id='word_1_278' title='bbox 300 2565 640 2635; x_wconf 73' lang='grc' dir='ltr'><strong>περιουσίας,</strong></span> <span class='ocrx_word' id='word_1_279' title='bbox 666 2563 761 2616; x_wconf 79' lang='grc' dir='ltr'><strong>καὶ</strong></span> <span class='ocrx_word' id='word_1_280' title='bbox 791 2561 892 2624; x_wconf 71' lang='grc' dir='ltr'><strong>τὰς</strong></span> <span class='ocrx_word' id='word_1_281' title='bbox 941 2561 1244 2632; x_wconf 79' lang='grc' dir='ltr'><strong>θεοσημίας</strong></span> <span class='ocrx_word' id='word_1_282' title='bbox 1283 2564 1382 2616; x_wconf 78' lang='grc' dir='ltr'><strong>καὶ</strong></span> <span class='ocrx_word' id='word_1_283' title='bbox 1433 2562 1786 2634; x_wconf 68' lang='grc' dir='ltr'><strong>θαυματουρς</strong></span> 
     </span>
    </p>
   </div>
   <div class='ocr_carea' id='block_1_43' title="bbox 213 2653 1787 2726">
    <p class='ocr_par' dir='ltr' id='par_1_43' title="bbox 213 2653 1787 2726">
     <span class='ocr_line' id='line_1_43' title="bbox 213 2653 1787 2726; baseline 0.001 -18"><span class='ocrx_word' id='word_1_284' title='bbox 213 2657 348 2724; x_wconf 84' lang='grc' dir='ltr'><strong>γίας,</strong></span> <span class='ocrx_word' id='word_1_285' title='bbox 393 2655 580 2726; x_wconf 77' lang='grc' dir='ltr'><strong>ἇσπερ</strong></span> <span class='ocrx_word' id='word_1_286' title='bbox 629 2653 1015 2725; x_wconf 81' lang='grc' dir='ltr'><strong>τερατουργῷν</strong></span> <span class='ocrx_word' id='word_1_287' title='bbox 1068 2654 1380 2711; x_wconf 78' lang='grc' dir='ltr'><strong>ἐδείκνυτοο</strong></span> <span class='ocrx_word' id='word_1_288' title='bbox 1433 2656 1532 2708; x_wconf 77' lang='grc' dir='ltr'><strong>καὶ</strong></span> <span class='ocrx_word' id='word_1_289' title='bbox 1595 2654 1654 2710; x_wconf 82' lang='grc' dir='ltr'><strong>ἐν</strong></span> <span class='ocrx_word' id='word_1_290' title='bbox 1697 2657 1787 2709; x_wconf 83' lang='grc' dir='ltr'><strong>ἐπ’</strong></span> 
     </span>
    </p>
   </div>
   <div class='ocr_carea' id='block_1_44' title="bbox 213 2741 1786 2818">
    <p class='ocr_par' dir='ltr' id='par_1_44' title="bbox 213 2741 1786 2818">
     <span class='ocr_line' id='line_1_44' title="bbox 213 2741 1786 2818; baseline -0.001 -17"><span class='ocrx_word' id='word_1_291' title='bbox 213 2749 540 2818; x_wconf 77' lang='grc' dir='ltr'><strong>ἀμφοτέροις</strong></span> <span class='ocrx_word' id='word_1_292' title='bbox 566 2744 688 2800; x_wconf 71' lang='grc' dir='ltr'><strong>ἐστὶ</strong></span> <span class='ocrx_word' id='word_1_293' title='bbox 712 2745 774 2799; x_wconf 78' lang='grc' dir='ltr'><strong>τὸ</strong></span> <span class='ocrx_word' id='word_1_294' title='bbox 801 2745 902 2816; x_wconf 85' lang='grc' dir='ltr'><strong>τῆς</strong></span> <span class='ocrx_word' id='word_1_295' title='bbox 925 2747 1094 2816; x_wconf 82' lang='grc' dir='ltr'><strong>τιμῆς</strong></span> <span class='ocrx_word' id='word_1_296' title='bbox 1126 2745 1322 2810; x_wconf 80' lang='grc' dir='ltr'><strong>αἴτιον,</strong></span> <span class='ocrx_word' id='word_1_297' title='bbox 1355 2741 1388 2816; x_wconf 80' lang='grc' dir='ltr'><strong>ἢ</strong></span> <span class='ocrx_word' id='word_1_298' title='bbox 1417 2745 1513 2800; x_wconf 80' lang='grc' dir='ltr'><strong>τοῦ</strong></span> <span class='ocrx_word' id='word_1_299' title='bbox 1543 2747 1786 2818; x_wconf 77' lang='grc' dir='ltr'><strong>Χριστοῦ</strong></span> 
     </span>
    </p>
   </div>
   <div class='ocr_carea' id='block_1_45' title="bbox 213 2840 1434 2904">
    <p class='ocr_par' dir='ltr' id='par_1_45' title="bbox 213 2840 1434 2904">
     <span class='ocr_line' id='line_1_45' title="bbox 213 2840 1434 2904; baseline 0.005 -12"><span class='ocrx_word' id='word_1_300' title='bbox 213 2840 454 2904; x_wconf 77' lang='grc' dir='ltr'><strong>κένωσις.</strong></span> <span class='ocrx_word' id='word_1_301' title='bbox 1428 2852 1434 2858; x_wconf 85' lang='grc'><em>’</em></span> 
     </span>
    </p>
   </div>
   <div class='ocr_carea' id='block_1_46' title="bbox 273 2923 1786 3026">
    <p class='ocr_par' dir='ltr' id='par_1_46' title="bbox 273 2923 1786 3026">
     <span class='ocr_line' id='line_1_46' title="bbox 273 2923 1786 3026; baseline -0.003 -16"><span class='ocrx_word' id='word_1_302' title='bbox 273 2954 335 3018; x_wconf 82' lang='grc' dir='ltr'><strong>ζ’.</strong></span> <span class='ocrx_word' id='word_1_303' title='bbox 369 2957 435 3009; x_wconf 77' lang='lat' dir='ltr'><strong>Oi</strong></span> <span class='ocrx_word' id='word_1_304' title='bbox 467 2954 531 3007; x_wconf 80' lang='grc' dir='ltr'><strong>δέ</strong></span> <span class='ocrx_word' id='word_1_305' title='bbox 550 2953 838 3022; x_wconf 62' lang='grc' dir='ltr'><strong>γενφαῦλοι</strong></span> <span class='ocrx_word' id='word_1_306' title='bbox 869 2955 963 3010; x_wconf 69' lang='grc' dir='ltr'><strong>καὶ</strong></span> <span class='ocrx_word' id='word_1_307' title='bbox 1005 2954 1117 3008; x_wconf 84' lang='grc' dir='ltr'><strong>τῶν</strong></span> <span class='ocrx_word' id='word_1_308' title='bbox 1149 2953 1374 3023; x_wconf 79' lang='grc' dir='ltr'><strong>φαύλων</strong></span> <span class='ocrx_word' id='word_1_309' title='bbox 1401 2955 1662 3026; x_wconf 84' lang='grc' dir='ltr'><strong>ἐργάται,</strong></span> <span class='ocrx_word' id='word_1_310' title='bbox 1691 2923 1786 3008; x_wconf 67' lang='grc' dir='ltr'><strong>ὑπ’</strong></span> 
     </span>
    </p>
   </div>
   <div class='ocr_carea' id='block_1_47' title="bbox 213 3045 1784 3118">
    <p class='ocr_par' dir='ltr' id='par_1_47' title="bbox 213 3045 1784 3118">
     <span class='ocr_line' id='line_1_47' title="bbox 213 3045 1784 3118; baseline 0.001 -20"><span class='ocrx_word' id='word_1_311' title='bbox 213 3045 566 3116; x_wconf 71' lang='grc' dir='ltr'><strong>ἀναισχύντου</strong></span> <span class='ocrx_word' id='word_1_312' title='bbox 593 3045 817 3116; x_wconf 81' lang='grc' dir='ltr'><strong>γνώμης</strong></span> <span class='ocrx_word' id='word_1_313' title='bbox 872 3046 1270 3100; x_wconf 77' lang='grc' dir='ltr'><strong>καταιτιῶνται</strong></span> <span class='ocrx_word' id='word_1_314' title='bbox 1305 3047 1476 3116; x_wconf 71' lang='grc' dir='ltr'><strong>ἡμᾶς,</strong></span> <span class='ocrx_word' id='word_1_315' title='bbox 1531 3049 1598 3118; x_wconf 82' lang='grc' dir='ltr'><strong>τῇ</strong></span> <span class='ocrx_word' id='word_1_316' title='bbox 1637 3047 1784 3118; x_wconf 78' lang='grc' dir='ltr'><strong>ἁπλῇ</strong></span> 
     </span>
    </p>
   </div>
   <div class='ocr_carea' id='block_1_48' title="bbox 214 3135 1854 3224">
    <p class='ocr_par' dir='ltr' id='par_1_48' title="bbox 214 3135 1854 3224">
     <span class='ocr_line' id='line_1_48' title="bbox 214 3135 1854 3224; baseline 0.003 -38"><span class='ocrx_word' id='word_1_317' title='bbox 214 3136 378 3189; x_wconf 82' lang='grc' dir='ltr'><strong>πίστει</strong></span> <span class='ocrx_word' id='word_1_318' title='bbox 403 3137 588 3206; x_wconf 69' lang='grc' dir='ltr'><strong>καὶτῇ</strong></span> <span class='ocrx_word' id='word_1_319' title='bbox 623 3135 922 3224; x_wconf 73' lang='grc' dir='ltr'><strong>παραδόσει</strong></span> <span class='ocrx_word' id='word_1_320' title='bbox 973 3137 1083 3206; x_wconf 84' lang='grc' dir='ltr'><strong>τῆς</strong></span> <span class='ocrx_word' id='word_1_321' title='bbox 1117 3135 1419 3206; x_wconf 81' lang='grc' dir='ltr'><strong>καθολικῆς</strong></span> <span class='ocrx_word' id='word_1_322' title='bbox 1457 3136 1786 3207; x_wconf 67' lang='grc' dir='ltr'><strong>Ἐκκλησίας</strong></span> <span class='ocrx_word' id='word_1_323' title='bbox 1812 3169 1854 3224; x_wconf 80' lang='lat' dir='ltr'>c</span> 
     </span>
    </p>
   </div>
   <div class='ocr_carea' id='block_1_49' title="bbox 213 3215 1782 3300">
    <p class='ocr_par' dir='ltr' id='par_1_49' title="bbox 213 3215 1782 3300">
     <span class='ocr_line' id='line_1_49' title="bbox 213 3215 1782 3300; baseline 0 -20"><span class='ocrx_word' id='word_1_324' title='bbox 213 3230 271 3298; x_wconf 81' lang='grc' dir='ltr'><strong>τῇ</strong></span> <span class='ocrx_word' id='word_1_325' title='bbox 294 3230 532 3300; x_wconf 78' lang='grc' dir='ltr'><strong>ἀγράφῳ</strong></span> <span class='ocrx_word' id='word_1_326' title='bbox 557 3215 1089 3300; x_wconf 78' lang='grc' dir='ltr'><strong>ὲπιστηριζομένους</strong></span> <span class='ocrx_word' id='word_1_327' title='bbox 1109 3241 1124 3257; x_wconf 78' lang='grc'><strong><em>⁸</em></strong></span> <span class='ocrx_word' id='word_1_328' title='bbox 1169 3227 1306 3282; x_wconf 75' lang='grc' dir='ltr'><strong>ἀλλὰ</strong></span> <span class='ocrx_word' id='word_1_329' title='bbox 1335 3227 1530 3298; x_wconf 78' lang='grc' dir='ltr'><strong>ῥητέον</strong></span> <span class='ocrx_word' id='word_1_330' title='bbox 1575 3231 1782 3293; x_wconf 77' lang='grc' dir='ltr'><strong>αὐτοῖς,</strong></span> 
     </span>
    </p>
   </div>
   <div class='ocr_carea' id='block_1_50' title="bbox 215 3317 1785 3390">
    <p class='ocr_par' dir='ltr' id='par_1_50' title="bbox 215 3317 1785 3390">
     <span class='ocr_line' id='line_1_50' title="bbox 215 3317 1785 3390; baseline -0.001 -18"><span class='ocrx_word' id='word_1_331' title='bbox 215 3321 286 3372; x_wconf 79' lang='grc' dir='ltr'><strong>ὅτι</strong></span> <span class='ocrx_word' id='word_1_332' title='bbox 319 3321 565 3390; x_wconf 80' lang='grc' dir='ltr'><strong>μάλιστα</strong></span> <span class='ocrx_word' id='word_1_333' title='bbox 597 3317 696 3389; x_wconf 82' lang='grc' dir='ltr'><strong>μὲν</strong></span> <span class='ocrx_word' id='word_1_334' title='bbox 723 3320 755 3390; x_wconf 76' lang='grc' dir='ltr'><strong>ἠ</strong></span> <span class='ocrx_word' id='word_1_335' title='bbox 789 3319 1038 3387; x_wconf 76' lang='grc' dir='ltr'><strong>ἄγραφος</strong></span> <span class='ocrx_word' id='word_1_336' title='bbox 1071 3317 1374 3386; x_wconf 86' lang='grc' dir='ltr'><strong>παράδοσις</strong></span> <span class='ocrx_word' id='word_1_337' title='bbox 1401 3317 1464 3370; x_wconf 86' lang='grc' dir='ltr'><strong>τὸ</strong></span> <span class='ocrx_word' id='word_1_338' title='bbox 1493 3319 1785 3388; x_wconf 76' lang='grc' dir='ltr'><strong>ἰσχυρότα-</strong></span> 
     </span>
    </p>
   </div>
   <div class='ocr_carea' id='block_1_51' title="bbox 213 3403 1786 3483">
    <p class='ocr_par' dir='ltr' id='par_1_51' title="bbox 213 3403 1786 3483">
     <span class='ocr_line' id='line_1_51' title="bbox 213 3403 1786 3483; baseline -0.001 -19"><span class='ocrx_word' id='word_1_339' title='bbox 213 3429 295 3465; x_wconf 83' lang='grc' dir='ltr'><strong>τον</strong></span> <span class='ocrx_word' id='word_1_340' title='bbox 320 3415 548 3467; x_wconf 81' lang='grc' dir='ltr'><strong>πάντων</strong></span> <span class='ocrx_word' id='word_1_341' title='bbox 581 3413 870 3483; x_wconf 84' lang='grc' dir='ltr'><strong>κέκτηται,</strong></span> <span class='ocrx_word' id='word_1_342' title='bbox 907 3410 1006 3463; x_wconf 77' lang='grc' dir='ltr'><strong>καὶ</strong></span> <span class='ocrx_word' id='word_1_343' title='bbox 1035 3403 1148 3464; x_wconf 73' lang='grc' dir='ltr'><strong>οἷον</strong></span> <span class='ocrx_word' id='word_1_344' title='bbox 1181 3409 1394 3480; x_wconf 80' lang='grc' dir='ltr'><strong>κρηπίς</strong></span> <span class='ocrx_word' id='word_1_345' title='bbox 1416 3425 1502 3473; x_wconf 89' lang='grc' dir='ltr'><strong>τις</strong></span> <span class='ocrx_word' id='word_1_346' title='bbox 1525 3411 1618 3463; x_wconf 77' lang='grc' dir='ltr'><strong>καὶ</strong></span> <span class='ocrx_word' id='word_1_347' title='bbox 1651 3408 1786 3480; x_wconf 72' lang='grc' dir='ltr'><strong>ἕδρα</strong></span> 
     </span>
    </p>
   </div>
   <div class='ocr_carea' id='block_1_52' title="bbox 215 3501 1786 3576">
    <p class='ocr_par' dir='ltr' id='par_1_52' title="bbox 215 3501 1786 3576">
     <span class='ocr_line' id='line_1_52' title="bbox 215 3501 1786 3576; baseline -0.001 -20"><span class='ocrx_word' id='word_1_348' title='bbox 215 3505 312 3558; x_wconf 80' lang='grc' dir='ltr'><strong>τῶν</strong></span> <span class='ocrx_word' id='word_1_349' title='bbox 341 3508 398 3558; x_wconf 88' lang='grc' dir='ltr'><strong>ἐν</strong></span> <span class='ocrx_word' id='word_1_350' title='bbox 426 3507 497 3576; x_wconf 80' lang='grc' dir='ltr'><strong>τῇ</strong></span> <span class='ocrx_word' id='word_1_351' title='bbox 528 3505 724 3576; x_wconf 83' lang='grc' dir='ltr'><strong>χρήσει</strong></span> <span class='ocrx_word' id='word_1_352' title='bbox 750 3501 846 3556; x_wconf 78' lang='grc' dir='ltr'><strong>τοῦ</strong></span> <span class='ocrx_word' id='word_1_353' title='bbox 899 3501 1018 3573; x_wconf 85' lang='grc' dir='ltr'><strong>βίου</strong></span> <span class='ocrx_word' id='word_1_354' title='bbox 1049 3502 1222 3567; x_wconf 72' lang='grc' dir='ltr'><strong>ἐστὶν,</strong></span> <span class='ocrx_word' id='word_1_355' title='bbox 1251 3502 1375 3570; x_wconf 74' lang='grc' dir='ltr'><strong>ἦτις</strong></span> <span class='ocrx_word' id='word_1_356' title='bbox 1417 3501 1510 3554; x_wconf 72' lang='grc' dir='ltr'><strong>ἐπὶ</strong></span> <span class='ocrx_word' id='word_1_357' title='bbox 1539 3501 1786 3555; x_wconf 83' lang='grc' dir='ltr'><strong>πλεῖστον</strong></span> 
     </span>
    </p>
   </div>
   <div class='ocr_carea' id='block_1_53' title="bbox 215 3589 1788 3670">
    <p class='ocr_par' dir='ltr' id='par_1_53' title="bbox 215 3589 1788 3670">
     <span class='ocr_line' id='line_1_53' title="bbox 215 3589 1788 3670; baseline 0 -25"><span class='ocrx_word' id='word_1_358' title='bbox 215 3589 536 3665; x_wconf 80' lang='grc' dir='ltr'><strong>διαρκέσασα</strong></span> <span class='ocrx_word' id='word_1_359' title='bbox 581 3593 963 3664; x_wconf 80' lang='grc' dir='ltr'><strong>πεποιωμένον</strong></span> <span class='ocrx_word' id='word_1_360' title='bbox 1012 3591 1134 3656; x_wconf 71' lang='grc' dir='ltr'><strong>ἔθος</strong></span> <span class='ocrx_word' id='word_1_361' title='bbox 1195 3593 1568 3670; x_wconf 71' lang='grc' dir='ltr'><strong>καθίσταταιο</strong></span> <span class='ocrx_word' id='word_1_362' title='bbox 1623 3592 1686 3644; x_wconf 81' lang='grc' dir='ltr'><strong>τὸ</strong></span> <span class='ocrx_word' id='word_1_363' title='bbox 1731 3592 1788 3645; x_wconf 84' lang='grc' dir='ltr'><strong>δὲ</strong></span> 
     </span>
    </p>
   </div>
   <div class='ocr_carea' id='block_1_54' title="bbox 215 3683 1788 3758">
    <p class='ocr_par' dir='ltr' id='par_1_54' title="bbox 215 3683 1788 3758">
     <span class='ocr_line' id='line_1_54' title="bbox 215 3683 1788 3758; baseline -0.002 -19"><span class='ocrx_word' id='word_1_364' title='bbox 215 3687 324 3752; x_wconf 72' lang='grc' dir='ltr'><strong>ἔθος</strong></span> <span class='ocrx_word' id='word_1_365' title='bbox 354 3689 538 3758; x_wconf 72' lang='grc' dir='ltr'>χρόνῳ</span> <span class='ocrx_word' id='word_1_366' title='bbox 568 3685 766 3757; x_wconf 81' lang='grc' dir='ltr'><strong>μακρῷ</strong></span> <span class='ocrx_word' id='word_1_367' title='bbox 796 3683 1122 3756; x_wconf 76' lang='grc' dir='ltr'><strong>βεδαιωθέν,</strong></span> <span class='ocrx_word' id='word_1_368' title='bbox 1149 3683 1368 3753; x_wconf 86' lang='grc' dir='ltr'><strong>φύσεως</strong></span> <span class='ocrx_word' id='word_1_369' title='bbox 1387 3685 1542 3754; x_wconf 75' lang='grc' dir='ltr'><strong>ἰσχὺν</strong></span> <span class='ocrx_word' id='word_1_370' title='bbox 1572 3684 1788 3754; x_wconf 79' lang='grc' dir='ltr'><strong>λαμϐά-</strong></span> 
     </span>
    </p>
   </div>
   <div class='ocr_carea' id='block_1_55' title="bbox 217 3776 1791 3850">
    <p class='ocr_par' dir='ltr' id='par_1_55' title="bbox 217 3776 1791 3850">
     <span class='ocr_line' id='line_1_55' title="bbox 217 3776 1791 3850; baseline 0 -20"><span class='ocrx_word' id='word_1_371' title='bbox 217 3797 324 3834; x_wconf 84' lang='grc' dir='ltr'><strong>νει·</strong></span> <span class='ocrx_word' id='word_1_372' title='bbox 383 3780 606 3850; x_wconf 78' lang='grc' dir='ltr'><strong>φύσεως</strong></span> <span class='ocrx_word' id='word_1_373' title='bbox 635 3779 692 3832; x_wconf 85' lang='grc' dir='ltr'><strong>δέ</strong></span> <span class='ocrx_word' id='word_1_374' title='bbox 744 3778 802 3831; x_wconf 83' lang='grc' dir='ltr'><strong>τί</strong></span> <span class='ocrx_word' id='word_1_375' title='bbox 853 3778 920 3830; x_wconf 81' lang='grc' dir='ltr'><strong>ἂν</strong></span> <span class='ocrx_word' id='word_1_376' title='bbox 968 3777 1054 3848; x_wconf 81' lang='grc' dir='ltr'><strong>εἴη</strong></span> <span class='ocrx_word' id='word_1_377' title='bbox 1095 3776 1488 3848; x_wconf 54' lang='grc' dir='ltr'><strong>ίσχυρότεροεη</strong></span> <span class='ocrx_word' id='word_1_378' title='bbox 1520 3778 1583 3829; x_wconf 76' lang='grc' dir='ltr'><strong>Εἰ</strong></span> <span class='ocrx_word' id='word_1_379' title='bbox 1625 3777 1683 3830; x_wconf 80' lang='grc' dir='ltr'><strong>δὲ</strong></span> <span class='ocrx_word' id='word_1_380' title='bbox 1709 3777 1791 3830; x_wconf 87' lang='grc' dir='ltr'><strong>δεῖ</strong></span> 
     </span>
    </p>
   </div>
   <div class='ocr_carea' id='block_1_56' title="bbox 208 3868 1787 3944">
    <p class='ocr_par' dir='ltr' id='par_1_56' title="bbox 208 3868 1787 3944">
     <span class='ocr_line' id='line_1_56' title="bbox 208 3868 1787 3944; baseline -0.003 -20"><span class='ocrx_word' id='word_1_381' title='bbox 208 3873 632 3944; x_wconf 79' lang='grc' dir='ltr'><strong>’περιεργότερον</strong></span> <span class='ocrx_word' id='word_1_382' title='bbox 658 3869 857 3924; x_wconf 79' lang='grc' dir='ltr'><strong>τούτου</strong></span> <span class='ocrx_word' id='word_1_383' title='bbox 877 3868 1164 3925; x_wconf 76' lang='grc' dir='ltr'><strong>διαλαϐεῖν</strong></span> <span class='ocrx_word' id='word_1_384' title='bbox 1187 3869 1420 3932; x_wconf 82' lang='grc' dir='ltr'><strong>εἵνεκεν,</strong></span> <span class='ocrx_word' id='word_1_385' title='bbox 1453 3869 1676 3940; x_wconf 85' lang='grc' dir='ltr'><strong>ὁρῶμεν</strong></span> <span class='ocrx_word' id='word_1_386' title='bbox 1703 3869 1787 3922; x_wconf 83' lang='grc' dir='ltr'><strong>ὅτι</strong></span> 
     </span>
    </p>
   </div>
   <div class='ocr_carea' id='block_1_57' title="bbox 215 3957 1792 4038">
    <p class='ocr_par' dir='ltr' id='par_1_57' title="bbox 215 3957 1792 4038">
     <span class='ocr_line' id='line_1_57' title="bbox 215 3957 1792 4038; baseline -0.001 -22"><span class='ocrx_word' id='word_1_387' title='bbox 215 3965 302 4016; x_wconf 79' lang='grc' dir='ltr'><strong>καὶ</strong></span> <span class='ocrx_word' id='word_1_388' title='bbox 340 3965 400 4017; x_wconf 75' lang='grc' dir='ltr'><strong>τὸ</strong></span> <span class='ocrx_word' id='word_1_389' title='bbox 434 3957 771 4032; x_wconf 74' lang='grc' dir='ltr'><strong>Εὐαγγέλιον</strong></span> <span class='ocrx_word' id='word_1_390' title='bbox 801 3961 933 4015; x_wconf 80' lang='grc' dir='ltr'><strong>αὐτὸ</strong></span> <span class='ocrx_word' id='word_1_391' title='bbox 981 3961 1250 4031; x_wconf 80' lang='grc' dir='ltr'><strong>ἀγράφως</strong></span> <span class='ocrx_word' id='word_1_392' title='bbox 1282 3960 1344 4014; x_wconf 83' lang='grc' dir='ltr'><strong>τὸ</strong></span> <span class='ocrx_word' id='word_1_393' title='bbox 1373 3962 1431 4028; x_wconf 77' lang='grc' dir='ltr'><strong>ἐξ</strong></span> <span class='ocrx_word' id='word_1_394' title='bbox 1473 3961 1652 4038; x_wconf 75' lang='grc' dir='ltr'><strong>ἀρχῆς</strong></span> <span class='ocrx_word' id='word_1_395' title='bbox 1685 3978 1792 4015; x_wconf 84' lang='grc' dir='ltr'><strong>πα-</strong></span> 
     </span>
    </p>
   </div>
   <div class='ocr_carea' id='block_1_58' title="bbox 217 4045 1790 4127">
    <p class='ocr_par' dir='ltr' id='par_1_58' title="bbox 217 4045 1790 4127">
     <span class='ocr_line' id='line_1_58' title="bbox 217 4045 1790 4127; baseline -0.003 -17"><span class='ocrx_word' id='word_1_396' title='bbox 217 4056 516 4127; x_wconf 75' lang='grc' dir='ltr'><strong>ραδέδοται.</strong></span> <span class='ocrx_word' id='word_1_397' title='bbox 540 4058 598 4109; x_wconf 86' lang='grc'><strong>’0</strong></span> <span class='ocrx_word' id='word_1_398' title='bbox 621 4045 736 4126; x_wconf 68' lang='grc' dir='ltr'><strong>’γὰρ</strong></span> <span class='ocrx_word' id='word_1_399' title='bbox 760 4051 971 4125; x_wconf 79' lang='grc' dir='ltr'><strong>Κύριος</strong></span> <span class='ocrx_word' id='word_1_400' title='bbox 1003 4056 1098 4108; x_wconf 72' lang='grc' dir='ltr'><strong>καὶ</strong></span> <span class='ocrx_word' id='word_1_401' title='bbox 1123 4054 1256 4117; x_wconf 83' lang='grc' dir='ltr'><strong>Θεὸς</strong></span> <span class='ocrx_word' id='word_1_402' title='bbox 1285 4053 1442 4125; x_wconf 78' lang='grc' dir='ltr'><strong>ἡμῶν</strong></span> <span class='ocrx_word' id='word_1_403' title='bbox 1469 4055 1562 4112; x_wconf 83' lang='grc' dir='ltr'><strong>ἐπὶ</strong></span> <span class='ocrx_word' id='word_1_404' title='bbox 1586 4055 1648 4106; x_wconf 85' lang='grc' dir='ltr'><strong>τὸ</strong></span> <span class='ocrx_word' id='word_1_405' title='bbox 1681 4070 1790 4107; x_wconf 88' lang='grc' dir='ltr'><strong>σω-</strong></span> 
     </span>
    </p>
   </div>
   <div class='ocr_carea' id='block_1_59' title="bbox 213 4145 1791 4221">
    <p class='ocr_par' dir='ltr' id='par_1_59' title="bbox 213 4145 1791 4221">
     <span class='ocr_line' id='line_1_59' title="bbox 213 4145 1791 4221; baseline -0.002 -20"><span class='ocrx_word' id='word_1_406' title='bbox 213 4151 392 4220; x_wconf 83' lang='grc' dir='ltr'><strong>τήριον</strong></span> <span class='ocrx_word' id='word_1_407' title='bbox 424 4145 718 4221; x_wconf 69' lang='grc' dir='ltr'><strong>προελθὼν</strong></span> <span class='ocrx_word' id='word_1_408' title='bbox 762 4147 1052 4216; x_wconf 84' lang='grc' dir='ltr'><strong>κήρυγμα,</strong></span> <span class='ocrx_word' id='word_1_409' title='bbox 1091 4146 1194 4199; x_wconf 79' lang='grc' dir='ltr'><strong>οὐκ</strong></span> <span class='ocrx_word' id='word_1_410' title='bbox 1241 4148 1301 4206; x_wconf 82' lang='grc' dir='ltr'><strong>ἐν</strong></span> <span class='ocrx_word' id='word_1_411' title='bbox 1336 4145 1633 4216; x_wconf 78' lang='grc' dir='ltr'><strong>γράμμασι</strong></span> <span class='ocrx_word' id='word_1_412' title='bbox 1663 4147 1791 4207; x_wconf 78' lang='grc' dir='ltr'><strong>τοὺς</strong></span> 
     </span>
    </p>
   </div>
   <div class='ocr_carea' id='block_1_60' title="bbox 215 4234 1788 4317">
    <p class='ocr_par' dir='ltr' id='par_1_60' title="bbox 215 4234 1788 4317">
     <span class='ocr_line' id='line_1_60' title="bbox 215 4234 1788 4317; baseline -0.004 -23"><span class='ocrx_word' id='word_1_413' title='bbox 215 4239 382 4304; x_wconf 86' lang='grc' dir='ltr'><strong>θείους</strong></span> <span class='ocrx_word' id='word_1_414' title='bbox 404 4241 668 4302; x_wconf 74' lang='grc' dir='ltr'><strong>ἐκείνους</strong></span> <span class='ocrx_word' id='word_1_415' title='bbox 703 4240 798 4291; x_wconf 78' lang='grc' dir='ltr'><strong>καὶ</strong></span> <span class='ocrx_word' id='word_1_416' title='bbox 829 4238 1182 4308; x_wconf 74' lang='grc' dir='ltr'><strong>θαυμαστοὺς</strong></span> <span class='ocrx_word' id='word_1_417' title='bbox 1203 4237 1408 4307; x_wconf 82' lang='grc' dir='ltr'><strong>νόμους</strong></span> <span class='ocrx_word' id='word_1_418' title='bbox 1435 4234 1678 4317; x_wconf 70' lang='grc' dir='ltr'><strong>ἐξέθετο,</strong></span> <span class='ocrx_word' id='word_1_419' title='bbox 1715 4235 1788 4296; x_wconf 82' lang='grc' dir='ltr'><strong>ὡς</strong></span> 
     </span>
    </p>
   </div>
   <div class='ocr_carea' id='block_1_61' title="bbox 217 4327 1790 4410">
    <p class='ocr_par' dir='ltr' id='par_1_61' title="bbox 217 4327 1790 4410">
     <span class='ocr_line' id='line_1_61' title="bbox 217 4327 1790 4410; baseline -0.002 -27"><span class='ocrx_word' id='word_1_420' title='bbox 217 4332 364 4403; x_wconf 79' lang='grc' dir='ltr'><strong>ἴσμεν</strong></span> <span class='ocrx_word' id='word_1_421' title='bbox 397 4334 664 4398; x_wconf 75' lang='grc' dir='ltr'><strong>ἅπαντες,</strong></span> <span class='ocrx_word' id='word_1_422' title='bbox 701 4332 822 4385; x_wconf 82' lang='grc' dir='ltr'><strong>οὐδέ</strong></span> <span class='ocrx_word' id='word_1_423' title='bbox 849 4333 908 4384; x_wconf 88' lang='grc' dir='ltr'><strong>ἐν</strong></span> <span class='ocrx_word' id='word_1_424' title='bbox 931 4332 1108 4404; x_wconf 78' lang='grc' dir='ltr'><strong>χάρτη</strong></span> <span class='ocrx_word' id='word_1_425' title='bbox 1135 4331 1230 4383; x_wconf 68' lang='grc' dir='ltr'><strong>καὶ</strong></span> <span class='ocrx_word' id='word_1_426' title='bbox 1277 4328 1468 4399; x_wconf 78' lang='grc' dir='ltr'><strong>μέλανι</strong></span> <span class='ocrx_word' id='word_1_427' title='bbox 1511 4327 1612 4410; x_wconf 82' lang='grc' dir='ltr'><strong>τὴν</strong></span> <span class='ocrx_word' id='word_1_428' title='bbox 1647 4329 1790 4399; x_wconf 71' lang='grc' dir='ltr'><strong>ὑψη-</strong></span> 
     </span>
    </p>
   </div>
   <div class='ocr_carea' id='block_1_62' title="bbox 213 4415 1787 4496">
    <p class='ocr_par' dir='ltr' id='par_1_62' title="bbox 213 4415 1787 4496">
     <span class='ocr_line' id='line_1_62' title="bbox 213 4415 1787 4496; baseline -0.001 -22"><span class='ocrx_word' id='word_1_429' title='bbox 213 4425 303 4495; x_wconf 68' lang='grc' dir='ltr'><strong>λὴν</strong></span> <span class='ocrx_word' id='word_1_430' title='bbox 343 4415 498 4480; x_wconf 68' lang='grc' dir='ltr'><strong>οὕτω</strong></span> <span class='ocrx_word' id='word_1_431' title='bbox 529 4427 623 4479; x_wconf 71' lang='grc' dir='ltr'><strong>καὶ</strong></span> <span class='ocrx_word' id='word_1_432' title='bbox 665 4425 937 4496; x_wconf 81' lang='grc' dir='ltr'><strong>σωτήριον</strong></span> <span class='ocrx_word' id='word_1_433' title='bbox 972 4421 1324 4494; x_wconf 65' lang='grc' dir='ltr'><strong>διδασκαλίαν</strong></span> <span class='ocrx_word' id='word_1_434' title='bbox 1370 4421 1694 4492; x_wconf 66' lang='grc' dir='ltr'><strong>ἐνέγραψεν,</strong></span> <span class='ocrx_word' id='word_1_435' title='bbox 1725 4420 1787 4472; x_wconf 87' lang='grc' dir='ltr'><strong>οὐ</strong></span> 
     </span>
    </p>
   </div>
   <div class='ocr_carea' id='block_1_63' title="bbox 1889 1907 3462 1980">
    <p class='ocr_par' dir='ltr' id='par_1_63' title="bbox 1889 1907 3462 1980">
     <span class='ocr_line' id='line_1_63' title="bbox 1889 1907 3462 1980; baseline 0.006 -16"><span class='ocrx_word' id='word_1_436' title='bbox 1889 1918 1997 1972; x_wconf 87' lang='lat' dir='ltr'><strong>tur,</strong></span> <span class='ocrx_word' id='word_1_437' title='bbox 2033 1907 2239 1964; x_wconf 76' lang='lat' dir='ltr'><strong>Jutheis</strong></span> <span class='ocrx_word' id='word_1_438' title='bbox 2262 1911 2482 1979; x_wconf 84' lang='lat' dir='ltr'><strong>quidem</strong></span> <span class='ocrx_word' id='word_1_439' title='bbox 2523 1913 2840 1967; x_wconf 84' lang='lat' dir='ltr'><strong>scandalum</strong></span> <span class='ocrx_word' id='word_1_440' title='bbox 2871 1923 2975 1980; x_wconf 90' lang='lat' dir='ltr'><strong>est,</strong></span> <span class='ocrx_word' id='word_1_441' title='bbox 3012 1917 3246 1971; x_wconf 86' lang='lat' dir='ltr'><strong>ethnicis</strong></span> <span class='ocrx_word' id='word_1_442' title='bbox 3275 1929 3462 1974; x_wconf 90' lang='lat' dir='ltr'><strong>autem</strong></span> 
     </span>
    </p>
   </div>
   <div class='ocr_carea' id='block_1_64' title="bbox 1889 2000 3470 2072">
    <p class='ocr_par' dir='ltr' id='par_1_64' title="bbox 1889 2000 3470 2072">
     <span class='ocr_line' id='line_1_64' title="bbox 1889 2000 3470 2072; baseline 0.006 -17"><span class='ocrx_word' id='word_1_443' title='bbox 1889 2000 2135 2055; x_wconf 82' lang='lat' dir='ltr'><strong>stultitia.</strong></span> <span class='ocrx_word' id='word_1_444' title='bbox 2197 2001 2352 2065; x_wconf 81' lang='lat' dir='ltr'><strong>Sicut</strong></span> <span class='ocrx_word' id='word_1_445' title='bbox 2407 2016 2536 2072; x_wconf 78' lang='lat' dir='ltr'><strong>ergo</strong></span> <span class='ocrx_word' id='word_1_446' title='bbox 2567 2017 2748 2058; x_wconf 86' lang='lat' dir='ltr'><strong>sermo</strong></span> <span class='ocrx_word' id='word_1_447' title='bbox 2803 2005 2870 2059; x_wconf 89' lang='lat' dir='ltr'><strong>de</strong></span> <span class='ocrx_word' id='word_1_448' title='bbox 2903 2020 3066 2061; x_wconf 90' lang='lat' dir='ltr'><strong>cruce</strong></span> <span class='ocrx_word' id='word_1_449' title='bbox 3104 2007 3254 2062; x_wconf 89' lang='lat' dir='ltr'><strong>etde</strong></span> <span class='ocrx_word' id='word_1_450' title='bbox 3305 2011 3470 2065; x_wconf 84' lang='lat' dir='ltr'><strong>rebus</strong></span> 
     </span>
    </p>
   </div>
   <div class='ocr_carea' id='block_1_65' title="bbox 1888 2094 3465 2166">
    <p class='ocr_par' dir='ltr' id='par_1_65' title="bbox 1888 2094 3465 2166">
     <span class='ocr_line' id='line_1_65' title="bbox 1888 2094 3465 2166; baseline 0.008 -18"><span class='ocrx_word' id='word_1_451' title='bbox 1888 2094 2633 2162; x_wconf 51' lang='lat' dir='ltr'><strong>cruciﬁxi&quot;memorabilibus,</strong></span> <span class='ocrx_word' id='word_1_452' title='bbox 2684 2099 2913 2166; x_wconf 82' lang='lat' dir='ltr'><strong>perditis</strong></span> <span class='ocrx_word' id='word_1_453' title='bbox 2947 2100 3258 2158; x_wconf 79' lang='lat' dir='ltr'><strong>hominibus</strong></span> <span class='ocrx_word' id='word_1_454' title='bbox 3281 2105 3465 2160; x_wconf 89' lang='lat' dir='ltr'><strong>stulti-</strong></span> 
     </span>
    </p>
   </div>
   <div class='ocr_carea' id='block_1_66' title="bbox 1891 2187 3470 2262">
    <p class='ocr_par' dir='ltr' id='par_1_66' title="bbox 1891 2187 3470 2262">
     <span class='ocr_line' id='line_1_66' title="bbox 1891 2187 3470 2262; baseline 0.009 -22"><span class='ocrx_word' id='word_1_455' title='bbox 1891 2187 1963 2240; x_wconf 85' lang='lat' dir='ltr'><strong>tia</strong></span> <span class='ocrx_word' id='word_1_456' title='bbox 2011 2199 2131 2252; x_wconf 90' lang='lat' dir='ltr'><strong>est;</strong></span> <span class='ocrx_word' id='word_1_457' title='bbox 2161 2189 2320 2246; x_wconf 84' lang='lat' dir='ltr'><strong>nobis</strong></span> <span class='ocrx_word' id='word_1_458' title='bbox 2376 2199 2556 2244; x_wconf 90' lang='lat' dir='ltr'><strong>autem</strong></span> <span class='ocrx_word' id='word_1_459' title='bbox 2588 2190 2834 2258; x_wconf 89' lang='lat' dir='ltr'><strong>salvatis,</strong></span> <span class='ocrx_word' id='word_1_460' title='bbox 2873 2193 3046 2249; x_wconf 91' lang='lat' dir='ltr'><strong>virtus</strong></span> <span class='ocrx_word' id='word_1_461' title='bbox 3079 2196 3170 2250; x_wconf 88' lang='lat' dir='ltr'><strong>Dei</strong></span> <span class='ocrx_word' id='word_1_462' title='bbox 3192 2207 3315 2262; x_wconf 91' lang='lat' dir='ltr'><strong>est;</strong></span> <span class='ocrx_word' id='word_1_463' title='bbox 3351 2199 3470 2254; x_wconf 72' lang='lat' dir='ltr'><strong>haec</strong></span> 
     </span>
    </p>
   </div>
   <div class='ocr_carea' id='block_1_67' title="bbox 1890 2279 3470 2360">
    <p class='ocr_par' dir='ltr' id='par_1_67' title="bbox 1890 2279 3470 2360">
     <span class='ocr_line' id='line_1_67' title="bbox 1890 2279 3470 2360; baseline 0.008 -27"><span class='ocrx_word' id='word_1_464' title='bbox 1890 2279 2018 2334; x_wconf 84' lang='lat' dir='ltr'><strong>item</strong></span> <span class='ocrx_word' id='word_1_465' title='bbox 2074 2279 2277 2334; x_wconf 85' lang='lat' dir='ltr'><strong>Christi</strong></span> <span class='ocrx_word' id='word_1_466' title='bbox 2349 2295 2567 2336; x_wconf 89' lang='lat' dir='ltr'><strong>crucem</strong></span> <span class='ocrx_word' id='word_1_467' title='bbox 2621 2284 3048 2356; x_wconf 88' lang='lat' dir='ltr'><strong>passionemque</strong></span> <span class='ocrx_word' id='word_1_468' title='bbox 3112 2288 3268 2344; x_wconf 88' lang='lat' dir='ltr'><strong>nobis</strong></span> <span class='ocrx_word' id='word_1_469' title='bbox 3315 2305 3470 2360; x_wconf 64' lang='lat' dir='ltr'><strong>atque</strong></span> 
     </span>
    </p>
   </div>
   <div class='ocr_carea' id='block_1_68' title="bbox 1889 2371 3466 2448">
    <p class='ocr_par' dir='ltr' id='par_1_68' title="bbox 1889 2371 3466 2448">
     <span class='ocr_line' id='line_1_68' title="bbox 1889 2371 3466 2448; baseline 0.008 -24"><span class='ocrx_word' id='word_1_470' title='bbox 1889 2371 2242 2436; x_wconf 86' lang='lat' dir='ltr'><strong>describunt;</strong></span> <span class='ocrx_word' id='word_1_471' title='bbox 2299 2371 2410 2426; x_wconf 92' lang='lat' dir='ltr'><strong>imo</strong></span> <span class='ocrx_word' id='word_1_472' title='bbox 2466 2375 2708 2444; x_wconf 82' lang='lat' dir='ltr'><strong>majore,</strong></span> <span class='ocrx_word' id='word_1_473' title='bbox 2750 2386 2809 2430; x_wconf 92' lang='lat' dir='ltr'><strong>ut</strong></span> <span class='ocrx_word' id='word_1_474' title='bbox 2859 2379 3040 2432; x_wconf 87' lang='lat' dir='ltr'><strong>verius</strong></span> <span class='ocrx_word' id='word_1_475' title='bbox 3096 2379 3316 2444; x_wconf 88' lang='lat' dir='ltr'><strong>dicam,</strong></span> <span class='ocrx_word' id='word_1_476' title='bbox 3369 2383 3466 2448; x_wconf 87' lang='lat' dir='ltr'><strong>vi;</strong></span> 
     </span>
    </p>
   </div>
   <div class='ocr_carea' id='block_1_69' title="bbox 1889 2465 3470 2544">
    <p class='ocr_par' dir='ltr' id='par_1_69' title="bbox 1889 2465 3470 2544">
     <span class='ocr_line' id='line_1_69' title="bbox 1889 2465 3470 2544; baseline 0.008 -28"><span class='ocrx_word' id='word_1_477' title='bbox 1889 2469 2099 2518; x_wconf 78' lang='lat' dir='ltr'><strong>necubn</strong></span> <span class='ocrx_word' id='word_1_478' title='bbox 2135 2465 2315 2519; x_wconf 89' lang='lat' dir='ltr'><strong>divina</strong></span> <span class='ocrx_word' id='word_1_479' title='bbox 2357 2467 2598 2538; x_wconf 80' lang='lat' dir='ltr'><strong>prodigia</strong></span> <span class='ocrx_word' id='word_1_480' title='bbox 2625 2507 2640 2532; x_wconf 91' lang='lat'><strong>,</strong></span> <span class='ocrx_word' id='word_1_481' title='bbox 2679 2469 2886 2544; x_wconf 10' lang='lat' dir='ltr'><strong>quaeris</strong></span> <span class='ocrx_word' id='word_1_482' title='bbox 2914 2471 3241 2527; x_wconf 87' lang='lat' dir='ltr'><strong>mirabiliter</strong></span> <span class='ocrx_word' id='word_1_483' title='bbox 3271 2489 3470 2544; x_wconf 79' lang='lat' dir='ltr'><strong>opera-</strong></span> 
     </span>
    </p>
   </div>
   <div class='ocr_carea' id='block_1_70' title="bbox 1891 2543 3468 2628">
    <p class='ocr_par' dir='ltr' id='par_1_70' title="bbox 1891 2543 3468 2628">
     <span class='ocr_line' id='line_1_70' title="bbox 1891 2543 3468 2628; baseline 0.008 -20"><span class='ocrx_word' id='word_1_484' title='bbox 1891 2563 1976 2609; x_wconf 89' lang='lat' dir='ltr'><strong>tus</strong></span> <span class='ocrx_word' id='word_1_485' title='bbox 2011 2565 2114 2610; x_wconf 89' lang='lat' dir='ltr'><strong>est.</strong></span> <span class='ocrx_word' id='word_1_486' title='bbox 2148 2555 2372 2626; x_wconf 84' lang='lat' dir='ltr'><strong>Uuaque</strong></span> <span class='ocrx_word' id='word_1_487' title='bbox 2404 2566 2488 2612; x_wconf 87' lang='lat' dir='ltr'><strong>est</strong></span> <span class='ocrx_word' id='word_1_488' title='bbox 2524 2543 2822 2628; x_wconf 85' lang='lat' dir='ltr'><strong>utriusque</strong></span> <span class='ocrx_word' id='word_1_489' title='bbox 2863 2563 2940 2618; x_wconf 91' lang='lat' dir='ltr'><strong>rei</strong></span> <span class='ocrx_word' id='word_1_490' title='bbox 2979 2543 3468 2622; x_wconf 64' lang='lat' dir='ltr'><strong>honorand&#39;tecau-</strong></span> 
     </span>
    </p>
   </div>
   <div class='ocr_carea' id='block_1_71' title="bbox 1889 2647 2794 2727">
    <p class='ocr_par' dir='ltr' id='par_1_71' title="bbox 1889 2647 2794 2727">
     <span class='ocr_line' id='line_1_71' title="bbox 1889 2647 2794 2727; baseline 0.007 -29"><span class='ocrx_word' id='word_1_491' title='bbox 1889 2659 1978 2711; x_wconf 49' lang='lat' dir='ltr'><strong>sa,‘</strong></span> <span class='ocrx_word' id='word_1_492' title='bbox 2015 2661 2209 2715; x_wconf 82' lang='lat' dir='ltr'><strong>nempe</strong></span> <span class='ocrx_word' id='word_1_493' title='bbox 2237 2647 2448 2727; x_wconf 22' lang='lat' dir='ltr'><strong>Christi.</strong></span> <span class='ocrx_word' id='word_1_494' title='bbox 2473 2649 2794 2706; x_wconf 78' lang='lat' dir='ltr'><strong>exinanitio.</strong></span> 
     </span>
    </p>
   </div>
   <div class='ocr_carea' id='block_1_72' title="bbox 1961 2945 3467 3024">
    <p class='ocr_par' dir='ltr' id='par_1_72' title="bbox 1961 2945 3467 3024">
     <span class='ocr_line' id='line_1_72' title="bbox 1961 2945 3467 3024; baseline 0.007 -24"><span class='ocrx_word' id='word_1_495' title='bbox 1961 2945 2011 3000; x_wconf 90' lang='lat'><strong>7.</strong></span> <span class='ocrx_word' id='word_1_496' title='bbox 2065 2945 2128 3001; x_wconf 82' lang='lat' dir='ltr'><strong>Hi</strong></span> <span class='ocrx_word' id='word_1_497' title='bbox 2177 2959 2354 3002; x_wconf 89' lang='lat' dir='ltr'><strong>autem</strong></span> <span class='ocrx_word' id='word_1_498' title='bbox 2396 2949 2629 3020; x_wconf 82' lang='lat' dir='ltr'><strong>improbi</strong></span> <span class='ocrx_word' id='word_1_499' title='bbox 2667 2959 2721 3006; x_wconf 90' lang='lat' dir='ltr'><strong>et</strong></span> <span class='ocrx_word' id='word_1_500' title='bbox 2768 2950 3133 3022; x_wconf 87' lang='lat' dir='ltr'><strong>improbitatis</strong></span> <span class='ocrx_word' id='word_1_501' title='bbox 3181 2963 3467 3024; x_wconf 77' lang='lat' dir='ltr'><strong>auctores,</strong></span> 
     </span>
    </p>
   </div>
   <div class='ocr_carea' id='block_1_73' title="bbox 1890 3037 3470 3116">
    <p class='ocr_par' dir='ltr' id='par_1_73' title="bbox 1890 3037 3470 3116">
     <span class='ocr_line' id='line_1_73' title="bbox 1890 3037 3470 3116; baseline 0.004 -23"><span class='ocrx_word' id='word_1_502' title='bbox 1890 3040 2204 3116; x_wconf 84' lang='lat' dir='ltr'><strong>impudente</strong></span> <span class='ocrx_word' id='word_1_503' title='bbox 2250 3041 2432 3095; x_wconf 87' lang='lat' dir='ltr'><strong>animo</strong></span> <span class='ocrx_word' id='word_1_504' title='bbox 2477 3057 2574 3096; x_wconf 90' lang='lat' dir='ltr'><strong>nos</strong></span> <span class='ocrx_word' id='word_1_505' title='bbox 2614 3053 2908 3116; x_wconf 83' lang='lat' dir='ltr'><strong>accusant,</strong></span> <span class='ocrx_word' id='word_1_506' title='bbox 2959 3044 3048 3114; x_wconf 90' lang='lat' dir='ltr'><strong>qui</strong></span> <span class='ocrx_word' id='word_1_507' title='bbox 3087 3037 3140 3098; x_wconf 89' lang='lat' dir='ltr'><strong>in</strong></span> <span class='ocrx_word' id='word_1_508' title='bbox 3189 3045 3292 3100; x_wconf 79' lang='lat' dir='ltr'><strong>ﬁde</strong></span> <span class='ocrx_word' id='word_1_509' title='bbox 3337 3047 3470 3100; x_wconf 86' lang='lat' dir='ltr'><strong>siut-</strong></span> 
     </span>
    </p>
   </div>
   <div class='ocr_carea' id='block_1_74' title="bbox 1890 3115 3463 3207">
    <p class='ocr_par' dir='ltr' id='par_1_74' title="bbox 1890 3115 3463 3207">
     <span class='ocr_line' id='line_1_74' title="bbox 1890 3115 3463 3207; baseline 0.003 -24"><span class='ocrx_word' id='word_1_510' title='bbox 1890 3115 2046 3200; x_wconf 64' lang='lat' dir='ltr'><strong>pliei,</strong></span> <span class='ocrx_word' id='word_1_511' title='bbox 2068 3139 2124 3186; x_wconf 90' lang='lat' dir='ltr'><strong>et</strong></span> <span class='ocrx_word' id='word_1_512' title='bbox 2148 3132 2432 3186; x_wconf 72' lang='lat' dir='ltr'><strong>catholica:</strong></span> <span class='ocrx_word' id='word_1_513' title='bbox 2477 3115 2731 3188; x_wconf 68' lang='lat' dir='ltr'><strong>Ecclesia:</strong></span> <span class='ocrx_word' id='word_1_514' title='bbox 2767 3135 3056 3190; x_wconf 86' lang='lat' dir='ltr'><strong>traditione</strong></span> <span class='ocrx_word' id='word_1_515' title='bbox 3100 3153 3203 3190; x_wconf 87' lang='lat' dir='ltr'><strong>non</strong></span> <span class='ocrx_word' id='word_1_516' title='bbox 3239 3141 3463 3207; x_wconf 79' lang='lat' dir='ltr'><strong>scripta,</strong></span> 
     </span>
    </p>
   </div>
   <div class='ocr_carea' id='block_1_75' title="bbox 1890 3223 3467 3294">
    <p class='ocr_par' dir='ltr' id='par_1_75' title="bbox 1890 3223 3467 3294">
     <span class='ocr_line' id='line_1_75' title="bbox 1890 3223 3467 3294; baseline 0.006 -21"><span class='ocrx_word' id='word_1_517' title='bbox 1890 3223 2116 3276; x_wconf 88' lang='lat' dir='ltr'><strong>lirmiter</strong></span> <span class='ocrx_word' id='word_1_518' title='bbox 2155 3234 2486 3292; x_wconf 77' lang='lat' dir='ltr'><strong>perstamus.</strong></span> <span class='ocrx_word' id='word_1_519' title='bbox 2543 3223 2648 3278; x_wconf 87' lang='lat' dir='ltr'><strong>Sed</strong></span> <span class='ocrx_word' id='word_1_520' title='bbox 2691 3225 3128 3294; x_wconf 85' lang='lat' dir='ltr'><strong>respondendum</strong></span> <span class='ocrx_word' id='word_1_521' title='bbox 3179 3237 3263 3282; x_wconf 84' lang='lat' dir='ltr'><strong>est</strong></span> <span class='ocrx_word' id='word_1_522' title='bbox 3313 3230 3467 3294; x_wconf 81' lang='lat' dir='ltr'><strong>istis,</strong></span> 
     </span>
    </p>
   </div>
   <div class='ocr_carea' id='block_1_76' title="bbox 1891 3315 3470 3388">
    <p class='ocr_par' dir='ltr' id='par_1_76' title="bbox 1891 3315 3470 3388">
     <span class='ocr_line' id='line_1_76' title="bbox 1891 3315 3470 3388; baseline 0.006 -21"><span class='ocrx_word' id='word_1_523' title='bbox 1891 3315 2232 3370; x_wconf 86' lang='lat' dir='ltr'><strong>traditionem</strong></span> <span class='ocrx_word' id='word_1_524' title='bbox 2281 3315 2564 3384; x_wconf 87' lang='lat' dir='ltr'><strong>potissitne</strong></span> <span class='ocrx_word' id='word_1_525' title='bbox 2619 3331 2724 3370; x_wconf 88' lang='lat' dir='ltr'><strong>non</strong></span> <span class='ocrx_word' id='word_1_526' title='bbox 2769 3319 3028 3388; x_wconf 84' lang='lat' dir='ltr'><strong>scriptam</strong></span> <span class='ocrx_word' id='word_1_527' title='bbox 3069 3335 3180 3388; x_wconf 74' lang='lat' dir='ltr'><strong>prae</strong></span> <span class='ocrx_word' id='word_1_528' title='bbox 3217 3322 3470 3377; x_wconf 85' lang='lat' dir='ltr'><strong>onmibus</strong></span> 
     </span>
    </p>
   </div>
   <div class='ocr_carea' id='block_1_77' title="bbox 1887 3405 3463 3480">
    <p class='ocr_par' dir='ltr' id='par_1_77' title="bbox 1887 3405 3463 3480">
     <span class='ocr_line' id='line_1_77' title="bbox 1887 3405 3463 3480; baseline 0.004 -21"><span class='ocrx_word' id='word_1_529' title='bbox 1887 3419 2008 3460; x_wconf 83' lang='lat' dir='ltr'><strong>esse</strong></span> <span class='ocrx_word' id='word_1_530' title='bbox 2041 3405 2469 3474; x_wconf 83' lang='lat' dir='ltr'><strong>validissimam,</strong></span> <span class='ocrx_word' id='word_1_531' title='bbox 2517 3417 2573 3460; x_wconf 90' lang='lat' dir='ltr'><strong>et</strong></span> <span class='ocrx_word' id='word_1_532' title='bbox 2627 3407 2894 3464; x_wconf 76' lang='lat' dir='ltr'><strong>columna:</strong></span> <span class='ocrx_word' id='word_1_533' title='bbox 2949 3411 3206 3480; x_wconf 83' lang='lat' dir='ltr'><strong>basisque</strong></span> <span class='ocrx_word' id='word_1_534' title='bbox 3249 3415 3362 3468; x_wconf 87' lang='lat' dir='ltr'><strong>vice</strong></span> <span class='ocrx_word' id='word_1_535' title='bbox 3411 3414 3463 3468; x_wconf 90' lang='lat' dir='ltr'><strong>iu</strong></span> 
     </span>
    </p>
   </div>
   <div class='ocr_carea' id='block_1_78' title="bbox 1889 3498 3470 3573">
    <p class='ocr_par' dir='ltr' id='par_1_78' title="bbox 1889 3498 3470 3573">
     <span class='ocr_line' id='line_1_78' title="bbox 1889 3498 3470 3573; baseline 0.008 -25"><span class='ocrx_word' id='word_1_536' title='bbox 1889 3498 2012 3552; x_wconf 62' lang='lat' dir='ltr'><strong>vita:</strong></span> <span class='ocrx_word' id='word_1_537' title='bbox 2039 3498 2287 3554; x_wconf 81' lang='lat' dir='ltr'><strong>humanae</strong></span> <span class='ocrx_word' id='word_1_538' title='bbox 2322 3500 2507 3554; x_wconf 88' lang='lat' dir='ltr'><strong>usibus</strong></span> <span class='ocrx_word' id='word_1_539' title='bbox 2536 3499 2726 3572; x_wconf 78' lang='lat' dir='ltr'><strong>fungi;</strong></span> <span class='ocrx_word' id='word_1_540' title='bbox 2756 3517 2875 3570; x_wconf 77' lang='lat' dir='ltr'><strong>quze</strong></span> <span class='ocrx_word' id='word_1_541' title='bbox 2905 3503 3213 3560; x_wconf 86' lang='lat' dir='ltr'><strong>diutissime</strong></span> <span class='ocrx_word' id='word_1_542' title='bbox 3243 3506 3470 3573; x_wconf 82' lang='lat' dir='ltr'><strong>durans,</strong></span> 
     </span>
    </p>
   </div>
   <div class='ocr_carea' id='block_1_79' title="bbox 1889 3595 3471 3658">
    <p class='ocr_par' dir='ltr' id='par_1_79' title="bbox 1889 3595 3471 3658">
     <span class='ocr_line' id='line_1_79' title="bbox 1889 3595 3471 3658; baseline 0.005 -14"><span class='ocrx_word' id='word_1_543' title='bbox 1889 3601 2156 3658; x_wconf 85' lang='lat' dir='ltr'><strong>receptam</strong></span> <span class='ocrx_word' id='word_1_544' title='bbox 2217 3595 2662 3648; x_wconf 88' lang='lat' dir='ltr'><strong>consuetudinem</strong></span> <span class='ocrx_word' id='word_1_545' title='bbox 2714 3595 2998 3650; x_wconf 87' lang='lat' dir='ltr'><strong>constituit</strong></span> <span class='ocrx_word' id='word_1_546' title='bbox 3056 3614 3070 3651; x_wconf 91' lang='lat'><strong>:</strong></span> <span class='ocrx_word' id='word_1_547' title='bbox 3132 3601 3471 3652; x_wconf 74' lang='grc' dir='ltr'><strong>εοιιειιοιιιιιιι</strong></span> 
     </span>
    </p>
   </div>
   <div class='ocr_carea' id='block_1_80' title="bbox 1890 3682 3470 3753">
    <p class='ocr_par' dir='ltr' id='par_1_80' title="bbox 1890 3682 3470 3753">
     <span class='ocr_line' id='line_1_80' title="bbox 1890 3682 3470 3753; baseline 0.007 -19"><span class='ocrx_word' id='word_1_548' title='bbox 1890 3691 2069 3735; x_wconf 82' lang='lat' dir='ltr'><strong>autent</strong></span> <span class='ocrx_word' id='word_1_549' title='bbox 2108 3682 2264 3752; x_wconf 80' lang='lat' dir='ltr'><strong>longo</strong></span> <span class='ocrx_word' id='word_1_550' title='bbox 2306 3693 2547 3753; x_wconf 91' lang='lat' dir='ltr'><strong>tempore</strong></span> <span class='ocrx_word' id='word_1_551' title='bbox 2583 3685 2830 3749; x_wconf 84' lang='lat' dir='ltr'><strong>ﬁrmata,</strong></span> <span class='ocrx_word' id='word_1_552' title='bbox 2880 3699 3092 3742; x_wconf 68' lang='lat' dir='ltr'><strong>natura:</strong></span> <span class='ocrx_word' id='word_1_553' title='bbox 3131 3689 3236 3742; x_wconf 86' lang='lat' dir='ltr'><strong>vim</strong></span> <span class='ocrx_word' id='word_1_554' title='bbox 3281 3691 3470 3745; x_wconf 87' lang='lat' dir='ltr'><strong>sumit.</strong></span> 
     </span>
    </p>
   </div>
   <div class='ocr_carea' id='block_1_81' title="bbox 1891 3771 3473 3850">
    <p class='ocr_par' dir='ltr' id='par_1_81' title="bbox 1891 3771 3473 3850">
     <span class='ocr_line' id='line_1_81' title="bbox 1891 3771 3473 3850; baseline 0.008 -27"><span class='ocrx_word' id='word_1_555' title='bbox 1891 3771 2029 3838; x_wconf 85' lang='lat' dir='ltr'><strong>Quid</strong></span> <span class='ocrx_word' id='word_1_556' title='bbox 2081 3788 2244 3840; x_wconf 85' lang='lat' dir='ltr'><strong>porro</strong></span> <span class='ocrx_word' id='word_1_557' title='bbox 2281 3784 2366 3828; x_wconf 84' lang='lat' dir='ltr'><strong>est</strong></span> <span class='ocrx_word' id='word_1_558' title='bbox 2421 3783 2612 3828; x_wconf 88' lang='lat' dir='ltr'><strong>natura</strong></span> <span class='ocrx_word' id='word_1_559' title='bbox 2648 3775 2916 3831; x_wconf 84' lang='lat' dir='ltr'><strong>validius?</strong></span> <span class='ocrx_word' id='word_1_560' title='bbox 2953 3778 3107 3844; x_wconf 85' lang='lat' dir='ltr'><strong>Quod</strong></span> <span class='ocrx_word' id='word_1_561' title='bbox 3147 3779 3194 3836; x_wconf 81' lang='lat' dir='ltr'><strong>si</strong></span> <span class='ocrx_word' id='word_1_562' title='bbox 3246 3781 3473 3850; x_wconf 84' lang='lat' dir='ltr'><strong>hujusce</strong></span> 
     </span>
    </p>
   </div>
   <div class='ocr_carea' id='block_1_82' title="bbox 1892 3853 3474 3938">
    <p class='ocr_par' dir='ltr' id='par_1_82' title="bbox 1892 3853 3474 3938">
     <span class='ocr_line' id='line_1_82' title="bbox 1892 3853 3474 3938; baseline 0.005 -19"><span class='ocrx_word' id='word_1_563' title='bbox 1892 3865 1969 3919; x_wconf 86' lang='lat' dir='ltr'><strong>rei</strong></span> <span class='ocrx_word' id='word_1_564' title='bbox 2011 3853 2172 3919; x_wconf 69' lang='lat' dir='ltr'><strong>causa</strong></span> <span class='ocrx_word' id='word_1_565' title='bbox 2211 3869 2539 3936; x_wconf 83' lang='lat' dir='ltr'><strong>exquisitius</strong></span> <span class='ocrx_word' id='word_1_566' title='bbox 2575 3869 2780 3938; x_wconf 86' lang='lat' dir='ltr'><strong>aliquid</strong></span> <span class='ocrx_word' id='word_1_567' title='bbox 2814 3869 3105 3925; x_wconf 90' lang='lat' dir='ltr'><strong>dicendum</strong></span> <span class='ocrx_word' id='word_1_568' title='bbox 3159 3883 3276 3937; x_wconf 80' lang='lat' dir='ltr'><strong>est,</strong></span> <span class='ocrx_word' id='word_1_569' title='bbox 3326 3875 3474 3927; x_wconf 79' lang='lat' dir='ltr'><strong>vide-</strong></span> 
     </span>
    </p>
   </div>
   <div class='ocr_carea' id='block_1_83' title="bbox 1892 3956 3469 4034">
    <p class='ocr_par' dir='ltr' id='par_1_83' title="bbox 1892 3956 3469 4034">
     <span class='ocr_line' id='line_1_83' title="bbox 1892 3956 3469 4034; baseline 0.005 -24"><span class='ocrx_word' id='word_1_570' title='bbox 1892 3971 2012 4011; x_wconf 90' lang='lat' dir='ltr'><strong>mus</strong></span> <span class='ocrx_word' id='word_1_571' title='bbox 2057 3956 2232 4025; x_wconf 81' lang='lat' dir='ltr'><strong>ipsum</strong></span> <span class='ocrx_word' id='word_1_572' title='bbox 2265 3957 2622 4026; x_wconf 75' lang='lat' dir='ltr'><strong>Evangelium</strong></span> <span class='ocrx_word' id='word_1_573' title='bbox 2663 3959 2916 4034; x_wconf 77' lang='lat' dir='ltr'><strong>primitus</strong></span> <span class='ocrx_word' id='word_1_574' title='bbox 2965 3963 3172 4030; x_wconf 68' lang='lat' dir='ltr'><strong>alisque</strong></span> <span class='ocrx_word' id='word_1_575' title='bbox 3201 3961 3469 4032; x_wconf 85' lang='lat' dir='ltr'><strong>scriptura</strong></span> 
     </span>
    </p>
   </div>
   <div class='ocr_carea' id='block_1_84' title="bbox 1893 4047 3468 4118">
    <p class='ocr_par' dir='ltr' id='par_1_84' title="bbox 1893 4047 3468 4118">
     <span class='ocr_line' id='line_1_84' title="bbox 1893 4047 3468 4118; baseline 0.006 -17"><span class='ocrx_word' id='word_1_576' title='bbox 1893 4047 2060 4103; x_wconf 85' lang='lat' dir='ltr'><strong>fuisse</strong></span> <span class='ocrx_word' id='word_1_577' title='bbox 2105 4050 2380 4103; x_wconf 86' lang='lat' dir='ltr'><strong>traditum.</strong></span> <span class='ocrx_word' id='word_1_578' title='bbox 2411 4048 2542 4118; x_wconf 76' lang='lat' dir='ltr'><strong>Nam</strong></span> <span class='ocrx_word' id='word_1_579' title='bbox 2581 4049 2840 4105; x_wconf 80' lang='lat' dir='ltr'><strong>Dominus</strong></span> <span class='ocrx_word' id='word_1_580' title='bbox 2863 4066 2926 4106; x_wconf 88' lang='lat' dir='ltr'><strong>ac</strong></span> <span class='ocrx_word' id='word_1_581' title='bbox 2962 4053 3101 4107; x_wconf 86' lang='lat' dir='ltr'><strong>Deus</strong></span> <span class='ocrx_word' id='word_1_582' title='bbox 3134 4063 3320 4108; x_wconf 77' lang='lat' dir='ltr'><strong>noster</strong></span> <span class='ocrx_word' id='word_1_583' title='bbox 3345 4071 3468 4110; x_wconf 86' lang='lat' dir='ltr'><strong>cum</strong></span> 
     </span>
    </p>
   </div>
   <div class='ocr_carea' id='block_1_85' title="bbox 1891 4142 3470 4211">
    <p class='ocr_par' dir='ltr' id='par_1_85' title="bbox 1891 4142 3470 4211">
     <span class='ocr_line' id='line_1_85' title="bbox 1891 4142 3470 4211; baseline 0.004 -17"><span class='ocrx_word' id='word_1_584' title='bbox 1891 4143 1959 4196; x_wconf 88' lang='lat' dir='ltr'><strong>ad</strong></span> <span class='ocrx_word' id='word_1_585' title='bbox 1997 4142 2294 4197; x_wconf 86' lang='lat' dir='ltr'><strong>salutarem</strong></span> <span class='ocrx_word' id='word_1_586' title='bbox 2344 4144 2578 4197; x_wconf 85' lang='lat' dir='ltr'><strong>accessit</strong></span> <span class='ocrx_word' id='word_1_587' title='bbox 2609 4143 3085 4211; x_wconf 69' lang='lat' dir='ltr'><strong>prtedicationem,</strong></span> <span class='ocrx_word' id='word_1_588' title='bbox 3125 4160 3230 4199; x_wconf 91' lang='lat' dir='ltr'><strong>non</strong></span> <span class='ocrx_word' id='word_1_589' title='bbox 3272 4145 3470 4201; x_wconf 86' lang='lat' dir='ltr'><strong>litteris</strong></span> 
     </span>
    </p>
   </div>
   <div class='ocr_carea' id='block_1_86' title="bbox 1891 4223 3470 4306">
    <p class='ocr_par' dir='ltr' id='par_1_86' title="bbox 1891 4223 3470 4306">
     <span class='ocr_line' id='line_1_86' title="bbox 1891 4223 3470 4306; baseline 0.003 -18"><span class='ocrx_word' id='word_1_590' title='bbox 1891 4235 2116 4289; x_wconf 82' lang='lat' dir='ltr'><strong>divinas</strong></span> <span class='ocrx_word' id='word_1_591' title='bbox 2155 4235 2276 4288; x_wconf 87' lang='lat' dir='ltr'><strong>illas</strong></span> <span class='ocrx_word' id='word_1_592' title='bbox 2325 4223 2714 4305; x_wconf 76' lang='lat' dir='ltr'><strong>inirabilesque</strong></span> <span class='ocrx_word' id='word_1_593' title='bbox 2753 4235 2896 4306; x_wconf 82' lang='lat' dir='ltr'><strong>leges</strong></span> <span class='ocrx_word' id='word_1_594' title='bbox 2939 4237 3211 4306; x_wconf 82' lang='lat' dir='ltr'><strong>exposuit,</strong></span> <span class='ocrx_word' id='word_1_595' title='bbox 3248 4249 3306 4292; x_wconf 91' lang='lat' dir='ltr'><strong>ut</strong></span> <span class='ocrx_word' id='word_1_596' title='bbox 3353 4254 3470 4294; x_wconf 79' lang='lat' dir='ltr'><strong>om-</strong></span> 
     </span>
    </p>
   </div>
   <div class='ocr_carea' id='block_1_87' title="bbox 1893 4327 3472 4398">
    <p class='ocr_par' dir='ltr' id='par_1_87' title="bbox 1893 4327 3472 4398">
     <span class='ocr_line' id='line_1_87' title="bbox 1893 4327 3472 4398; baseline 0.003 -17"><span class='ocrx_word' id='word_1_597' title='bbox 1893 4341 1991 4381; x_wconf 89' lang='lat' dir='ltr'><strong>nes</strong></span> <span class='ocrx_word' id='word_1_598' title='bbox 2027 4327 2267 4392; x_wconf 78' lang='lat' dir='ltr'><strong>scimus,</strong></span> <span class='ocrx_word' id='word_1_599' title='bbox 2309 4341 2485 4398; x_wconf 81' lang='lat' dir='ltr'><strong>neque</strong></span> <span class='ocrx_word' id='word_1_600' title='bbox 2513 4327 2704 4386; x_wconf 84' lang='lat' dir='ltr'><strong>charta</strong></span> <span class='ocrx_word' id='word_1_601' title='bbox 2747 4338 2802 4382; x_wconf 91' lang='lat' dir='ltr'><strong>et</strong></span> <span class='ocrx_word' id='word_1_602' title='bbox 2838 4339 3145 4383; x_wconf 88' lang='lat' dir='ltr'><strong>atramento</strong></span> <span class='ocrx_word' id='word_1_603' title='bbox 3175 4339 3284 4384; x_wconf 91' lang='lat' dir='ltr'><strong>tam</strong></span> <span class='ocrx_word' id='word_1_604' title='bbox 3326 4331 3472 4385; x_wconf 87' lang='lat' dir='ltr'><strong>salu-</strong></span> 
     </span>
    </p>
   </div>
   <div class='ocr_carea' id='block_1_88' title="bbox 1895 4419 3474 4492">
    <p class='ocr_par' dir='ltr' id='par_1_88' title="bbox 1895 4419 3474 4492">
     <span class='ocr_line' id='line_1_88' title="bbox 1895 4419 3474 4492; baseline 0.003 -19"><span class='ocrx_word' id='word_1_605' title='bbox 1895 4419 2046 4473; x_wconf 86' lang='lat' dir='ltr'><strong>brem</strong></span> <span class='ocrx_word' id='word_1_606' title='bbox 2078 4419 2376 4474; x_wconf 83' lang='lat' dir='ltr'><strong>doctrinam</strong></span> <span class='ocrx_word' id='word_1_607' title='bbox 2413 4421 2668 4489; x_wconf 87' lang='lat' dir='ltr'><strong>scripsit,</strong></span> <span class='ocrx_word' id='word_1_608' title='bbox 2710 4437 2816 4476; x_wconf 93' lang='lat' dir='ltr'><strong>non</strong></span> <span class='ocrx_word' id='word_1_609' title='bbox 2866 4421 3100 4492; x_wconf 86' lang='lat' dir='ltr'><strong>lapideis</strong></span> <span class='ocrx_word' id='word_1_610' title='bbox 3139 4423 3338 4478; x_wconf 88' lang='lat' dir='ltr'><strong>tabulis</strong></span> <span class='ocrx_word' id='word_1_611' title='bbox 3390 4425 3474 4478; x_wconf 73' lang='lat' dir='ltr'><strong>in-</strong></span> 
     </span>
    </p>
   </div>
   <div class='ocr_carea' id='block_1_89' title="bbox 197 4499 1786 4586">
    <p class='ocr_par' dir='ltr' id='par_1_89' title="bbox 197 4510 1786 4586">
     <span class='ocr_line' id='line_1_89' title="bbox 197 4510 1786 4586; baseline -0.004 -16"><span class='ocrx_word' id='word_1_612' title='bbox 197 4518 366 4586; x_wconf 49' lang='grc' dir='ltr'><strong>,πλαξὶ</strong></span> <span class='ocrx_word' id='word_1_613' title='bbox 392 4517 630 4582; x_wconf 81' lang='grc' dir='ltr'><strong>λιθίναις</strong></span> <span class='ocrx_word' id='word_1_614' title='bbox 653 4517 928 4578; x_wconf 86' lang='grc' dir='ltr'><strong>ἐτύπωσε,</strong></span> <span class='ocrx_word' id='word_1_615' title='bbox 960 4515 1219 4584; x_wconf 80' lang='grc' dir='ltr'><strong>καθάπερ</strong></span> <span class='ocrx_word' id='word_1_616' title='bbox 1249 4515 1308 4567; x_wconf 81' lang='grc' dir='ltr'><strong>τὸ</strong></span> <span class='ocrx_word' id='word_1_617' title='bbox 1333 4513 1567 4566; x_wconf 80' lang='grc' dir='ltr'><strong>παλαιὸν</strong></span> <span class='ocrx_word' id='word_1_618' title='bbox 1593 4514 1620 4564; x_wconf 88' lang='grc' dir='ltr'>ὁ</span> <span class='ocrx_word' id='word_1_619' title='bbox 1647 4510 1786 4564; x_wconf 75' lang='grc' dir='ltr'><strong>κατὰ</strong></span> 
     </span>
    </p>
   </div>
   <div class='ocr_carea' id='block_1_90' title="bbox 1891 4499 3469 4586">
    <p class='ocr_par' dir='ltr' id='par_1_90' title="bbox 1893 4509 3469 4580">
     <span class='ocr_line' id='line_1_90' title="bbox 1893 4509 3469 4580; baseline 0.004 -18"><span class='ocrx_word' id='word_1_620' title='bbox 1893 4509 2149 4579; x_wconf 85' lang='lat' dir='ltr'><strong>sculpsit,</strong></span> <span class='ocrx_word' id='word_1_621' title='bbox 2191 4511 2360 4567; x_wconf 80' lang='lat' dir='ltr'><strong>sicut‘</strong></span> <span class='ocrx_word' id='word_1_622' title='bbox 2395 4511 2696 4580; x_wconf 86' lang='lat' dir='ltr'><strong>antiquitus</strong></span> <span class='ocrx_word' id='word_1_623' title='bbox 2735 4510 2970 4566; x_wconf 77' lang='lat' dir='ltr'><strong>Mosaica</strong></span> <span class='ocrx_word' id='word_1_624' title='bbox 3030 4513 3116 4567; x_wconf 80' lang='lat' dir='ltr'><strong>lex</strong></span> <span class='ocrx_word' id='word_1_625' title='bbox 3174 4514 3469 4569; x_wconf 78' lang='lat' dir='ltr'><strong>charaxata</strong></span> 
     </span>
    </p>
   </div>
   <div class='ocr_carea' id='block_1_91' title="bbox 211 4601 1787 4680">
    <p class='ocr_par' dir='ltr' id='par_1_91' title="bbox 211 4601 1787 4680">
     <span class='ocr_line' id='line_1_91' title="bbox 211 4601 1787 4680; baseline -0.006 -17"><span class='ocrx_word' id='word_1_626' title='bbox 211 4610 411 4666; x_wconf 75' lang='grc' dir='ltr'><strong>Μωσέα</strong></span> <span class='ocrx_word' id='word_1_627' title='bbox 456 4609 628 4678; x_wconf 82' lang='grc' dir='ltr'><strong>νόμος</strong></span> <span class='ocrx_word' id='word_1_628' title='bbox 673 4607 1068 4680; x_wconf 80' lang='grc' dir='ltr'><strong>διεκεχάρακτο</strong></span> <span class='ocrx_word' id='word_1_629' title='bbox 1095 4649 1109 4670; x_wconf 92' lang='grc'><strong>,</strong></span> <span class='ocrx_word' id='word_1_630' title='bbox 1150 4604 1288 4658; x_wconf 82' lang='grc' dir='ltr'><strong>ἀλλὰ</strong></span> <span class='ocrx_word' id='word_1_631' title='bbox 1347 4604 1550 4673; x_wconf 81' lang='grc' dir='ltr'><strong>ψυχαῖς</strong></span> <span class='ocrx_word' id='word_1_632' title='bbox 1614 4601 1787 4656; x_wconf 76' lang='grc' dir='ltr'><strong>ταῦτα</strong></span> 
     </span>
    </p>
   </div>
   <div class='ocr_carea' id='block_1_92' title="bbox 212 4697 1786 4771">
    <p class='ocr_par' dir='ltr' id='par_1_92' title="bbox 212 4697 1786 4771">
     <span class='ocr_line' id='line_1_92' title="bbox 212 4697 1786 4771; baseline -0.005 -19"><span class='ocrx_word' id='word_1_633' title='bbox 212 4702 618 4768; x_wconf 83' lang='grc' dir='ltr'><strong>ἐναπέθετο,’ἐν</strong></span> <span class='ocrx_word' id='word_1_634' title='bbox 651 4701 925 4771; x_wconf 78' lang='grc' dir='ltr'><strong>πνεύματι</strong></span> <span class='ocrx_word' id='word_1_635' title='bbox 957 4697 1352 4770; x_wconf 83' lang='grc' dir='ltr'><strong>κεχαραγμένα</strong></span> <span class='ocrx_word' id='word_1_636' title='bbox 1400 4697 1494 4748; x_wconf 79' lang='grc' dir='ltr'><strong>καὶ</strong></span> <span class='ocrx_word' id='word_1_637' title='bbox 1542 4711 1786 4762; x_wconf 61' lang='grc' dir='ltr'><strong>σεσημαι</strong></span> 
     </span>
    </p>
   </div>
   <div class='ocr_carea' id='block_1_93' title="bbox 215 4785 1784 4861">
    <p class='ocr_par' dir='ltr' id='par_1_93' title="bbox 215 4785 1784 4861">
     <span class='ocr_line' id='line_1_93' title="bbox 215 4785 1784 4861; baseline -0.003 -19"><span class='ocrx_word' id='word_1_638' title='bbox 215 4791 486 4861; x_wconf 75' lang='grc' dir='ltr'><strong>σμένα,,οὐ</strong></span> <span class='ocrx_word' id='word_1_639' title='bbox 507 4789 798 4860; x_wconf 77' lang='grc' dir='ltr'><strong>γράμματι</strong></span> <span class='ocrx_word' id='word_1_640' title='bbox 823 4829 838 4844; x_wconf 91' lang='grc'><strong>.</strong></span> <span class='ocrx_word' id='word_1_641' title='bbox 869 4789 1038 4842; x_wconf 74' lang='grc' dir='ltr'><strong>Τοῦτο</strong></span> <span class='ocrx_word' id='word_1_642' title='bbox 1057 4789 1150 4842; x_wconf 75' lang='grc' dir='ltr'><strong>καὶ</strong></span> <span class='ocrx_word' id='word_1_643' title='bbox 1177 4786 1268 4840; x_wconf 79' lang='grc' dir='ltr'><strong>διὰ</strong></span> <span class='ocrx_word' id='word_1_644' title='bbox 1290 4785 1588 4856; x_wconf 77' lang='grc' dir='ltr'><strong>προφητῶν</strong></span> <span class='ocrx_word' id='word_1_645' title='bbox 1615 4785 1784 4852; x_wconf 80' lang='grc' dir='ltr'><strong>ἁγίων</strong></span> 
     </span>
    </p>
   </div>
   <div class='ocr_carea' id='block_1_94' title="bbox 214 4879 1786 4954">
    <p class='ocr_par' dir='ltr' id='par_1_94' title="bbox 214 4879 1786 4954">
     <span class='ocr_line' id='line_1_94' title="bbox 214 4879 1786 4954; baseline -0.002 -22"><span class='ocrx_word' id='word_1_646' title='bbox 214 4883 375 4936; x_wconf 82' lang='grc' dir='ltr'><strong>πάλαι</strong></span> <span class='ocrx_word' id='word_1_647' title='bbox 404 4881 914 4954; x_wconf 74' lang='grc' dir='ltr'><strong>προαναπεφώνητο</strong></span> <span class='ocrx_word' id='word_1_648' title='bbox 935 4899 948 4912; x_wconf 78' lang='lat'>&#39;</span> <span class='ocrx_word' id='word_1_649' title='bbox 969 4881 1178 4946; x_wconf 85' lang='grc' dir='ltr'><strong>Διδοὺς</strong></span> <span class='ocrx_word' id='word_1_650' title='bbox 1211 4880 1340 4948; x_wconf 77' lang='grc' dir='ltr'><strong>γὰρ,</strong></span> <span class='ocrx_word' id='word_1_651' title='bbox 1373 4879 1528 4947; x_wconf 65' lang='grc' dir='ltr'><strong>φησι,</strong></span> <span class='ocrx_word' id='word_1_652' title='bbox 1561 4879 1786 4946; x_wconf 76' lang='grc' dir='ltr'><strong>νόμους</strong></span> 
     </span>
    </p>
   </div>
   <div class='ocr_carea' id='block_1_95' title="bbox 207 4967 1788 5040">
    <p class='ocr_par' dir='ltr' id='par_1_95' title="bbox 207 4967 1788 5040">
     <span class='ocr_line' id='line_1_95' title="bbox 207 4967 1788 5040; baseline -0.001 -16"><span class='ocrx_word' id='word_1_653' title='bbox 207 4990 320 5040; x_wconf 81' lang='grc' dir='ltr'><strong>μου</strong></span> <span class='ocrx_word' id='word_1_654' title='bbox 348 4977 437 5039; x_wconf 83' lang='grc' dir='ltr'><strong>εἱς</strong></span> <span class='ocrx_word' id='word_1_655' title='bbox 467 4975 742 5028; x_wconf 67' lang='grc' dir='ltr'><strong>διάνοιαν</strong></span> <span class='ocrx_word' id='word_1_656' title='bbox 779 4973 998 5037; x_wconf 81' lang='grc' dir='ltr'><strong>αὐτῶν,</strong></span> <span class='ocrx_word' id='word_1_657' title='bbox 1036 4973 1132 5026; x_wconf 82' lang='grc' dir='ltr'><strong>καὶ</strong></span> <span class='ocrx_word' id='word_1_658' title='bbox 1172 4972 1270 5024; x_wconf 76' lang='grc' dir='ltr'><strong>ἐπὶ</strong></span> <span class='ocrx_word' id='word_1_659' title='bbox 1310 4971 1558 5037; x_wconf 50' lang='grc' dir='ltr'><strong>καρδίας</strong></span> <span class='ocrx_word' id='word_1_660' title='bbox 1589 4967 1788 5023; x_wconf 77' lang='grc' dir='ltr'><strong>αὐτῶν</strong></span> 
     </span>
    </p>
   </div>
   <div class='ocr_carea' id='block_1_96' title="bbox 209 5059 1787 5136">
    <p class='ocr_par' dir='ltr' id='par_1_96' title="bbox 209 5059 1787 5136">
     <span class='ocr_line' id='line_1_96' title="bbox 209 5059 1787 5136; baseline -0.003 -18"><span class='ocrx_word' id='word_1_661' title='bbox 209 5067 516 5135; x_wconf 47' lang='grc' dir='ltr'><strong>ἐπιγράψω</strong></span> <span class='ocrx_word' id='word_1_662' title='bbox 543 5059 786 5132; x_wconf 76' lang='grc' dir='ltr'><strong>αὐτούς.</strong></span> <span class='ocrx_word' id='word_1_663' title='bbox 833 5069 912 5118; x_wconf 68' lang='lat' dir='ltr'><strong>&quot;&#39;A</strong></span> <span class='ocrx_word' id='word_1_664' title='bbox 952 5067 1016 5136; x_wconf 76' lang='grc' dir='ltr'><strong>δὴ</strong></span> <span class='ocrx_word' id='word_1_665' title='bbox 1047 5064 1138 5118; x_wconf 81' lang='grc' dir='ltr'><strong>ὑπ’</strong></span> <span class='ocrx_word' id='word_1_666' title='bbox 1171 5064 1343 5133; x_wconf 76' lang='grc' dir='ltr'><strong>αὐτῆς</strong></span> <span class='ocrx_word' id='word_1_667' title='bbox 1381 5064 1483 5131; x_wconf 73' lang='grc' dir='ltr'><strong>τῆς</strong></span> <span class='ocrx_word' id='word_1_668' title='bbox 1523 5061 1787 5134; x_wconf 73' lang='grc' dir='ltr'><strong>ἀληθείας</strong></span> 
     </span>
    </p>
   </div>
   <div class='ocr_carea' id='block_1_97' title="bbox 211 5155 1792 5229">
    <p class='ocr_par' dir='ltr' id='par_1_97' title="bbox 211 5155 1792 5229">
     <span class='ocr_line' id='line_1_97' title="bbox 211 5155 1792 5229; baseline -0.001 -21"><span class='ocrx_word' id='word_1_669' title='bbox 211 5157 452 5225; x_wconf 72' lang='grc' dir='ltr'><strong>Χριστοῦ</strong></span> <span class='ocrx_word' id='word_1_670' title='bbox 502 5157 880 5229; x_wconf 79' lang='grc' dir='ltr'><strong>περαινόμενα</strong></span> <span class='ocrx_word' id='word_1_671' title='bbox 928 5157 1198 5225; x_wconf 78' lang='grc' dir='ltr'><strong>ἔγνωμεν,</strong></span> <span class='ocrx_word' id='word_1_672' title='bbox 1271 5156 1485 5226; x_wconf 76' lang='grc' dir='ltr'><strong>χρόνοις</strong></span> <span class='ocrx_word' id='word_1_673' title='bbox 1525 5155 1581 5207; x_wconf 79' lang='grc' dir='ltr'><strong>δέ</strong></span> <span class='ocrx_word' id='word_1_674' title='bbox 1645 5170 1792 5208; x_wconf 90' lang='grc' dir='ltr'><strong>τισιν</strong></span> 
     </span>
    </p>
   </div>
   <div class='ocr_carea' id='block_1_98' title="bbox 211 5231 1792 5320">
    <p class='ocr_par' dir='ltr' id='par_1_98' title="bbox 211 5231 1792 5320">
     <span class='ocr_line' id='line_1_98' title="bbox 211 5231 1792 5320; baseline -0.001 -21"><span class='ocrx_word' id='word_1_675' title='bbox 211 5248 437 5320; x_wconf 72' lang='grc' dir='ltr'><strong>ὕστερον</strong></span> <span class='ocrx_word' id='word_1_676' title='bbox 475 5251 569 5302; x_wconf 84' lang='grc' dir='ltr'><strong>καὶ</strong></span> <span class='ocrx_word' id='word_1_677' title='bbox 625 5250 814 5320; x_wconf 82' lang='grc' dir='ltr'><strong>γραφῇ</strong></span> <span class='ocrx_word' id='word_1_678' title='bbox 865 5231 1290 5318; x_wconf 71' lang='grc' dir='ltr'><strong>χαραττόμενα·</strong></span> <span class='ocrx_word' id='word_1_679' title='bbox 1328 5247 1541 5316; x_wconf 82' lang='grc' dir='ltr'><strong>μάρτυς</strong></span> <span class='ocrx_word' id='word_1_680' title='bbox 1575 5247 1604 5298; x_wconf 88' lang='grc' dir='ltr'>ὁ</span> <span class='ocrx_word' id='word_1_681' title='bbox 1647 5245 1792 5308; x_wconf 85' lang='grc' dir='ltr'><strong>Θεῖος</strong></span> 
     </span>
    </p>
   </div>
   <div class='ocr_carea' id='block_1_99' title="bbox 211 5338 1790 5424">
    <p class='ocr_par' dir='ltr' id='par_1_99' title="bbox 211 5338 1790 5424">
     <span class='ocr_line' id='line_1_99' title="bbox 211 5338 1790 5424; baseline -0.002 -32"><span class='ocrx_word' id='word_1_682' title='bbox 211 5341 426 5404; x_wconf 79' lang='grc' dir='ltr'><strong>Λουκᾶς</strong></span> <span class='ocrx_word' id='word_1_683' title='bbox 475 5341 931 5424; x_wconf 70' lang='grc' dir='ltr'><strong>ἁπαράγραπτος,</strong></span> <span class='ocrx_word' id='word_1_684' title='bbox 975 5339 1039 5397; x_wconf 83' lang='grc' dir='ltr'><strong>ἂν</strong></span> <span class='ocrx_word' id='word_1_685' title='bbox 1075 5338 1186 5406; x_wconf 81' lang='grc' dir='ltr'><strong>ἄρα</strong></span> <span class='ocrx_word' id='word_1_686' title='bbox 1233 5339 1496 5410; x_wconf 75' lang='grc' dir='ltr'><strong>δέχωνται</strong></span> <span class='ocrx_word' id='word_1_687' title='bbox 1531 5340 1632 5408; x_wconf 75' lang='grc' dir='ltr'><strong>τὴν</strong></span> <span class='ocrx_word' id='word_1_688' title='bbox 1682 5354 1790 5390; x_wconf 83' lang='grc' dir='ltr'><strong>πα-</strong></span> 
     </span>
    </p>
   </div>
   <div class='ocr_carea' id='block_1_100' title="bbox 277 5515 874 5581">
    <p class='ocr_par' dir='ltr' id='par_1_100' title="bbox 277 5515 874 5581">
     <span class='ocr_line' id='line_1_100' title="bbox 277 5515 874 5581; baseline -0.002 -9"><span class='ocrx_word' id='word_1_689' title='bbox 277 5519 325 5550; x_wconf 83' lang='grc'><strong><em>⁸⁸</em></strong></span> <span class='ocrx_word' id='word_1_690' title='bbox 356 5515 558 5574; x_wconf 78' lang='lat' dir='ltr'><strong>Jerem.</strong></span> <span class='ocrx_word' id='word_1_691' title='bbox 599 5533 754 5581; x_wconf 74' lang='lat' dir='ltr'><strong>xxxi,</strong></span> <span class='ocrx_word' id='word_1_692' title='bbox 784 5517 874 5572; x_wconf 80' lang='lat'><strong>53.</strong></span> 
     </span>
    </p>
   </div>
   <div class='ocr_carea' id='block_1_101' title="bbox 1895 4589 3472 4675">
    <p class='ocr_par' dir='ltr' id='par_1_101' title="bbox 1895 4589 3472 4675">
     <span class='ocr_line' id='line_1_101' title="bbox 1895 4589 3472 4675; baseline 0.006 -23"><span class='ocrx_word' id='word_1_693' title='bbox 1895 4602 2026 4668; x_wconf 76' lang='lat' dir='ltr'><strong>fuit;</strong></span> <span class='ocrx_word' id='word_1_694' title='bbox 2082 4601 2174 4656; x_wconf 88' lang='lat' dir='ltr'><strong>sed</strong></span> <span class='ocrx_word' id='word_1_695' title='bbox 2210 4617 2328 4656; x_wconf 89' lang='lat' dir='ltr'><strong>eam</strong></span> <span class='ocrx_word' id='word_1_696' title='bbox 2369 4602 2420 4656; x_wconf 90' lang='lat' dir='ltr'><strong>in</strong></span> <span class='ocrx_word' id='word_1_697' title='bbox 2473 4589 2758 4658; x_wconf 81' lang='lat' dir='ltr'><strong>animabus</strong></span> <span class='ocrx_word' id='word_1_698' title='bbox 2799 4603 2939 4659; x_wconf 83' lang='lat' dir='ltr'><strong>Deus</strong></span> <span class='ocrx_word' id='word_1_699' title='bbox 2971 4605 3234 4668; x_wconf 89' lang='lat' dir='ltr'><strong>inseruit,</strong></span> <span class='ocrx_word' id='word_1_700' title='bbox 3278 4607 3472 4675; x_wconf 79' lang='lat' dir='ltr'><strong>Spiritu</strong></span> 
     </span>
    </p>
   </div>
   <div class='ocr_carea' id='block_1_102' title="bbox 1891 4679 3468 4770">
    <p class='ocr_par' dir='ltr' id='par_1_102' title="bbox 1891 4679 3468 4770">
     <span class='ocr_line' id='line_1_102' title="bbox 1891 4679 3468 4770; baseline 0.006 -25"><span class='ocrx_word' id='word_1_701' title='bbox 1891 4679 2226 4748; x_wconf 68' lang='lat' dir='ltr'><strong>cliormatam</strong></span> <span class='ocrx_word' id='word_1_702' title='bbox 2257 4705 2311 4749; x_wconf 93' lang='lat' dir='ltr'><strong>et</strong></span> <span class='ocrx_word' id='word_1_703' title='bbox 2343 4695 2732 4766; x_wconf 80' lang='lat' dir='ltr'><strong>censiguatam,</strong></span> <span class='ocrx_word' id='word_1_704' title='bbox 2769 4712 2878 4750; x_wconf 85' lang='lat' dir='ltr'><strong>non</strong></span> <span class='ocrx_word' id='word_1_705' title='bbox 2909 4697 3084 4752; x_wconf 88' lang='lat' dir='ltr'><strong>littera</strong></span> <span class='ocrx_word' id='word_1_706' title='bbox 3117 4697 3252 4770; x_wconf 67' lang='grc' dir='ltr'><strong>(ιν).</strong></span> <span class='ocrx_word' id='word_1_707' title='bbox 3301 4697 3410 4752; x_wconf 83' lang='lat' dir='ltr'><strong>lluc</strong></span> <span class='ocrx_word' id='word_1_708' title='bbox 3438 4714 3468 4754; x_wconf 88' lang='lat' dir='ltr'><strong>a</strong></span> 
     </span>
    </p>
   </div>
   <div class='ocr_carea' id='block_1_103' title="bbox 1885 4788 3465 4862">
    <p class='ocr_par' dir='ltr' id='par_1_103' title="bbox 1885 4788 3465 4862">
     <span class='ocr_line' id='line_1_103' title="bbox 1885 4788 3465 4862; baseline 0.005 -23"><span class='ocrx_word' id='word_1_709' title='bbox 1885 4788 2092 4841; x_wconf 90' lang='lat' dir='ltr'><strong>sanctis</strong></span> <span class='ocrx_word' id='word_1_710' title='bbox 2133 4803 2350 4862; x_wconf 84' lang='lat' dir='ltr'><strong>quoque</strong></span> <span class='ocrx_word' id='word_1_711' title='bbox 2406 4789 2686 4856; x_wconf 83' lang='lat' dir='ltr'><strong>prephetis</strong></span> <span class='ocrx_word' id='word_1_712' title='bbox 2743 4789 2870 4842; x_wconf 85' lang='lat' dir='ltr'><strong>oli‘m</strong></span> <span class='ocrx_word' id='word_1_713' title='bbox 2927 4793 3244 4859; x_wconf 61' lang='lat' dir='ltr'><strong>praedictum</strong></span> <span class='ocrx_word' id='word_1_714' title='bbox 3300 4790 3400 4845; x_wconf 81' lang='lat' dir='ltr'><strong>fuit</strong></span> <span class='ocrx_word' id='word_1_715' title='bbox 3449 4811 3465 4848; x_wconf 92' lang='lat'><strong>:</strong></span> 
     </span>
    </p>
   </div>
   <div class='ocr_carea' id='block_1_104' title="bbox 1889 4871 3464 4958">
    <p class='ocr_par' dir='ltr' id='par_1_104' title="bbox 1889 4871 3464 4958">
     <span class='ocr_line' id='line_1_104' title="bbox 1889 4871 3464 4958; baseline 0.003 -26"><span class='ocrx_word' id='word_1_716' title='bbox 1889 4875 2036 4932; x_wconf 75' lang='lat' dir='ltr'><strong>Datis</strong></span> <span class='ocrx_word' id='word_1_717' title='bbox 2065 4881 2224 4943; x_wconf 69' lang='lat' dir='ltr'><strong>enim,</strong></span> <span class='ocrx_word' id='word_1_718' title='bbox 2251 4880 2441 4948; x_wconf 84' lang='lat' dir='ltr'><strong>inquit,</strong></span> <span class='ocrx_word' id='word_1_719' title='bbox 2479 4881 2614 4949; x_wconf 80' lang='lat' dir='ltr'><strong>leges</strong></span> <span class='ocrx_word' id='word_1_720' title='bbox 2639 4897 2782 4934; x_wconf 82' lang='lat' dir='ltr'><strong>meas</strong></span> <span class='ocrx_word' id='word_1_721' title='bbox 2815 4871 2868 4934; x_wconf 79' lang='lat' dir='ltr'><strong>in</strong></span> <span class='ocrx_word' id='word_1_722' title='bbox 2906 4884 3162 4958; x_wconf 72' lang='lat' dir='ltr'><strong>mentibus</strong></span> <span class='ocrx_word' id='word_1_723' title='bbox 3192 4899 3394 4947; x_wconf 81' lang='lat' dir='ltr'><strong>eorum,</strong></span> <span class='ocrx_word' id='word_1_724' title='bbox 3415 4895 3464 4938; x_wconf 74' lang='lat' dir='ltr'><strong>et</strong></span> 
     </span>
    </p>
   </div>
   <div class='ocr_carea' id='block_1_105' title="bbox 1887 4971 3467 5040">
    <p class='ocr_par' dir='ltr' id='par_1_105' title="bbox 1887 4971 3467 5040">
     <span class='ocr_line' id='line_1_105' title="bbox 1887 4971 3467 5040; baseline 0.003 -16"><span class='ocrx_word' id='word_1_725' title='bbox 1887 4973 1942 5024; x_wconf 81' lang='lat' dir='ltr'><strong>in</strong></span> <span class='ocrx_word' id='word_1_726' title='bbox 1991 4971 2236 5024; x_wconf 73' lang='lat' dir='ltr'><strong>cordibus</strong></span> <span class='ocrx_word' id='word_1_727' title='bbox 2281 4973 2514 5040; x_wconf 81' lang='lat' dir='ltr'><strong>ipsorum</strong></span> <span class='ocrx_word' id='word_1_728' title='bbox 2559 4973 2786 5026; x_wconf 76' lang='lat' dir='ltr'><strong>scribam</strong></span> <span class='ocrx_word' id='word_1_729' title='bbox 2823 4988 2914 5026; x_wconf 78' lang='lat' dir='ltr'><strong>eas</strong></span> <span class='ocrx_word' id='word_1_730' title='bbox 2934 4975 2998 5026; x_wconf 84' lang='grc'><strong>²².</strong></span> <span class='ocrx_word' id='word_1_731' title='bbox 3047 4975 3198 5040; x_wconf 84' lang='lat' dir='ltr'><strong>Quod</strong></span> <span class='ocrx_word' id='word_1_732' title='bbox 3231 4989 3362 5027; x_wconf 69' lang='lat' dir='ltr'><strong>sane</strong></span> <span class='ocrx_word' id='word_1_733' title='bbox 3399 4975 3467 5028; x_wconf 85' lang='lat' dir='ltr'><strong>ab</strong></span> 
     </span>
    </p>
   </div>
   <div class='ocr_carea' id='block_1_106' title="bbox 1892 5063 3470 5142">
    <p class='ocr_par' dir='ltr' id='par_1_106' title="bbox 1892 5063 3470 5142">
     <span class='ocr_line' id='line_1_106' title="bbox 1892 5063 3470 5142; baseline -0.001 -23"><span class='ocrx_word' id='word_1_734' title='bbox 1892 5065 2006 5134; x_wconf 85' lang='lat' dir='ltr'><strong>ipsa</strong></span> <span class='ocrx_word' id='word_1_735' title='bbox 2038 5065 2264 5118; x_wconf 83' lang='lat' dir='ltr'><strong>veritate</strong></span> <span class='ocrx_word' id='word_1_736' title='bbox 2284 5063 2505 5118; x_wconf 81' lang='lat' dir='ltr'><strong>Christo</strong></span> <span class='ocrx_word' id='word_1_737' title='bbox 2533 5075 2814 5134; x_wconf 88' lang='lat' dir='ltr'><strong>peractum</strong></span> <span class='ocrx_word' id='word_1_738' title='bbox 2843 5065 3080 5142; x_wconf 81' lang='lat' dir='ltr'><strong>scimus;</strong></span> <span class='ocrx_word' id='word_1_739' title='bbox 3114 5075 3234 5132; x_wconf 87' lang='lat' dir='ltr'><strong>post</strong></span> <span class='ocrx_word' id='word_1_740' title='bbox 3261 5065 3470 5132; x_wconf 85' lang='lat' dir='ltr'><strong>aliquot</strong></span> 
     </span>
    </p>
   </div>
   <div class='ocr_carea' id='block_1_107' title="bbox 1895 5155 3468 5226">
    <p class='ocr_par' dir='ltr' id='par_1_107' title="bbox 1895 5155 3468 5226">
     <span class='ocr_line' id='line_1_107' title="bbox 1895 5155 3468 5226; baseline 0.001 -16"><span class='ocrx_word' id='word_1_741' title='bbox 1895 5167 2076 5212; x_wconf 85' lang='lat' dir='ltr'><strong>autem</strong></span> <span class='ocrx_word' id='word_1_742' title='bbox 2113 5171 2285 5211; x_wconf 86' lang='lat' dir='ltr'><strong>annos</strong></span> <span class='ocrx_word' id='word_1_743' title='bbox 2327 5158 2534 5226; x_wconf 88' lang='lat' dir='ltr'><strong>scripto</strong></span> <span class='ocrx_word' id='word_1_744' title='bbox 2562 5158 2724 5212; x_wconf 89' lang='lat' dir='ltr'><strong>etiam</strong></span> <span class='ocrx_word' id='word_1_745' title='bbox 2753 5171 3091 5225; x_wconf 79' lang='lat' dir='ltr'><strong>expressum.</strong></span> <span class='ocrx_word' id='word_1_746' title='bbox 3138 5155 3317 5210; x_wconf 84' lang='lat' dir='ltr'><strong>Testis</strong></span> <span class='ocrx_word' id='word_1_747' title='bbox 3350 5158 3468 5211; x_wconf 91' lang='lat' dir='ltr'><strong>ine-</strong></span> 
     </span>
    </p>
   </div>
   <div class='ocr_carea' id='block_1_108' title="bbox 1893 5238 3468 5320">
    <p class='ocr_par' dir='ltr' id='par_1_108' title="bbox 1893 5238 3468 5320">
     <span class='ocr_line' id='line_1_108' title="bbox 1893 5238 3468 5320; baseline 0.001 -20"><span class='ocrx_word' id='word_1_748' title='bbox 1893 5247 2166 5302; x_wconf 84' lang='lat' dir='ltr'><strong>luctabilis</strong></span> <span class='ocrx_word' id='word_1_749' title='bbox 2227 5247 2400 5302; x_wconf 84' lang='lat' dir='ltr'><strong>Lucas</strong></span> <span class='ocrx_word' id='word_1_750' title='bbox 2459 5249 2535 5320; x_wconf 84' lang='lat' dir='ltr'><strong>(si</strong></span> <span class='ocrx_word' id='word_1_751' title='bbox 2581 5238 2759 5302; x_wconf 78' lang='lat' dir='ltr'><strong>tamen</strong></span> <span class='ocrx_word' id='word_1_752' title='bbox 2815 5247 2959 5300; x_wconf 85' lang='lat' dir='ltr'><strong>hunc</strong></span> <span class='ocrx_word' id='word_1_753' title='bbox 3007 5247 3094 5300; x_wconf 88' lang='lat' dir='ltr'><strong>isti</strong></span> <span class='ocrx_word' id='word_1_754' title='bbox 3137 5247 3468 5320; x_wconf 83' lang='lat' dir='ltr'><strong>admittunt)</strong></span> 
     </span>
    </p>
   </div>
   <div class='ocr_carea' id='block_1_109' title="bbox 1881 5329 3470 5418">
    <p class='ocr_par' dir='ltr' id='par_1_109' title="bbox 1881 5329 3470 5418">
     <span class='ocr_line' id='line_1_109' title="bbox 1881 5329 3470 5418; baseline 0.003 -26"><span class='ocrx_word' id='word_1_755' title='bbox 1881 5329 1986 5408; x_wconf 78' lang='lat' dir='ltr'><strong>qui</strong></span> <span class='ocrx_word' id='word_1_756' title='bbox 2035 5338 2376 5394; x_wconf 87' lang='lat' dir='ltr'><strong>traditionem</strong></span> <span class='ocrx_word' id='word_1_757' title='bbox 2413 5339 2706 5418; x_wconf 76' lang='lat' dir='ltr'><strong>Evangelio</strong></span> <span class='ocrx_word' id='word_1_758' title='bbox 2744 5353 2844 5392; x_wconf 88' lang='lat' dir='ltr'><strong>suo</strong></span> <span class='ocrx_word' id='word_1_759' title='bbox 2885 5337 3295 5394; x_wconf 81' lang='lat' dir='ltr'><strong>fundamentum</strong></span> <span class='ocrx_word' id='word_1_760' title='bbox 3333 5356 3470 5410; x_wconf 71' lang='lat' dir='ltr'><strong>pra:-</strong></span> 
     </span>
    </p>
   </div>
   <div class='ocr_carea' id='block_1_110' title="bbox 283 5659 3465 5747">
    <p class='ocr_par' dir='ltr' id='par_1_110' title="bbox 283 5659 3465 5747">
     <span class='ocr_line' id='line_1_110' title="bbox 283 5659 3465 5747; baseline -0.001 -15"><span class='ocrx_word' id='word_1_761' title='bbox 283 5675 398 5747; x_wconf 70' lang='lat'><strong>(12)</strong></span> <span class='ocrx_word' id='word_1_762' title='bbox 438 5675 666 5731; x_wconf 79' lang='lat' dir='ltr'><strong>Videtur</strong></span> <span class='ocrx_word' id='word_1_763' title='bbox 695 5674 1031 5744; x_wconf 82' lang='lat' dir='ltr'><strong>Nicephorus</strong></span> <span class='ocrx_word' id='word_1_764' title='bbox 1061 5686 1278 5747; x_wconf 81' lang='lat' dir='ltr'><strong>sumere</strong></span> <span class='ocrx_word' id='word_1_765' title='bbox 1305 5673 1446 5727; x_wconf 87' lang='lat' dir='ltr'><strong>hanc</strong></span> <span class='ocrx_word' id='word_1_766' title='bbox 1476 5669 1805 5726; x_wconf 84' lang='lat' dir='ltr'><strong>sententiam</strong></span> <span class='ocrx_word' id='word_1_767' title='bbox 1842 5682 1908 5725; x_wconf 81' lang='lat' dir='ltr'><strong>ex</strong></span> <span class='ocrx_word' id='word_1_768' title='bbox 1969 5665 2190 5725; x_wconf 82' lang='lat' dir='ltr'><strong>Eusebii</strong></span> <span class='ocrx_word' id='word_1_769' title='bbox 2212 5666 2566 5737; x_wconf 85' lang='lat' dir='ltr'><strong>Theophania</strong></span> <span class='ocrx_word' id='word_1_770' title='bbox 2587 5667 2681 5726; x_wconf 92' lang='lat' dir='ltr'><strong>lib.</strong></span> <span class='ocrx_word' id='word_1_771' title='bbox 2710 5683 2792 5737; x_wconf 84' lang='lat' dir='ltr'><strong>tu,</strong></span> <span class='ocrx_word' id='word_1_772' title='bbox 2817 5670 2905 5736; x_wconf 77' lang='grc'><strong>40.</strong></span> <span class='ocrx_word' id='word_1_773' title='bbox 2938 5669 3092 5743; x_wconf 86' lang='lat' dir='ltr'><strong>cujus</strong></span> <span class='ocrx_word' id='word_1_774' title='bbox 3125 5673 3245 5731; x_wconf 78' lang='lat' dir='ltr'><strong>ride</strong></span> <span class='ocrx_word' id='word_1_775' title='bbox 3281 5659 3465 5731; x_wconf 55' lang='lat' dir='ltr'><strong>Grieca</strong></span> 
     </span>
    </p>
   </div>
   <div class='ocr_carea' id='block_1_111' title="bbox 214 5744 1210 5820">
    <p class='ocr_par' dir='ltr' id='par_1_111' title="bbox 214 5744 1210 5820">
     <span class='ocr_line' id='line_1_111' title="bbox 214 5744 1210 5820; baseline -0.002 -20"><span class='ocrx_word' id='word_1_776' title='bbox 214 5744 538 5820; x_wconf 76' lang='lat' dir='ltr'><strong>Fragmenta</strong></span> <span class='ocrx_word' id='word_1_777' title='bbox 573 5763 603 5802; x_wconf 87' lang='lat' dir='ltr'><strong>a</strong></span> <span class='ocrx_word' id='word_1_778' title='bbox 636 5748 792 5802; x_wconf 79' lang='lat' dir='ltr'><strong>nobis</strong></span> <span class='ocrx_word' id='word_1_779' title='bbox 841 5758 1010 5818; x_wconf 79' lang='lat' dir='ltr'><strong>nuper</strong></span> <span class='ocrx_word' id='word_1_780' title='bbox 1042 5744 1210 5799; x_wconf 86' lang='lat' dir='ltr'><strong>edita.</strong></span> 
     </span>
    </p>
   </div>
  </div>
