3918 6144
400 265 499 332 391
1426 260 1485 318 S-
1528 259 1576 316 N
1589 255 1946 317 lCEPHORI
1983 256 1998 315 ]

2105 250 2490 312 ΓΒ-ΙΑΗΟΗίΕ
2529 252 2638 311 CP.
3547 251 3635 312 393

404 377 636 446 primmn
657 417 673 442 ,
710 375 849 442 quod
881 374 964 427 lex
993 373 1188 442 jnbens
1219 371 1414 426 divinis
1449 370 1758 439 Evangeliis
1791 370 1970 423 cruci-

2105 369 2175 420 ιὲν
2199 369 2226 419 ὁ
2248 367 2412 436 νόμος
2444 367 2472 418 ὁ
2498 363 2737 418 κελεύων
2774 365 2842 417 τά
2867 379 2924 416 τε
2957 363 3076 416 θεῖα
3108 363 3418 432 Εὐαγγέλια
3442 367 3534 416 καὶ
3561 367 3639 418 τὸν

403 481 512 533 que
557 465 876 532 obsequium
917 465 1213 529 exhibere,
1266 462 1538 529 rebusque
1591 460 1714 514 aliis
1758 473 1878 528 quae
1923 458 1975 510 in

2105 456 2336 526 ςταυρὺν,
2358 459 2452 508 καὶ
2471 455 2640 510 τᾶλλα
2667 454 2846 514 ὁπόσα,
2865 457 2922 507 ὲν
2949 455 3016 523 τῇ
3046 452 3169 506 καθ’
3193 455 3336 522 ἡμᾶς
3357 452 3642 526 Ἐκκλησία

404 569 589 614 nostra
621 557 862 611 Ecclesia
903 557 1241 614 honoramur
1269 563 1324 609 et
1354 553 1747 622 gloriﬁcantur,
1786 549 1976 604 eadem

404 647 610 702 Christi
645 661 858 714 quoque
894 648 1182 715 imaginem
1214 643 1464 698 venerari
1489 644 1765 697 admouet.

479 737 567 792 10.
607 737 866 803 Quaenam
912 752 1036 790 vero
1072 734 1228 803 hujus
1268 735 1402 801 legis
1443 744 1638 788 natura
1671 732 1790 786 est?
1823 731 1982 786 Fides

410 829 694 894 nimirum,
727 838 783 883 et
825 827 1159 882 credentium
1203 815 1432 880 interior
1471 839 1535 879 ac
1571 833 1866 893 Spontanea
1918 823 1982 876 ad

412 935 500 974 res
545 920 757 974 divinas
793 918 1135 988 proclivitas,
1165 929 1220 971 et
1269 917 1415 971 circa
1451 917 1596 985 ipsas
1653 917 1737 983 pia
1772 925 1826 968 et
1867 929 1986 968 rec-

411 1010 618 1064 tissima
652 1024 780 1079 cura
817 1023 878 1062 ac
921 1007 1187 1070 studium,
1223 1021 1432 1061 necnon
1494 1005 1690 1058 tradita
1727 1004 1986 1058 Ecclesia:
2024 991 2030 996 ’

411 1103 777 1170 diuturnoque
819 1108 1061 1169 tempore
1092 1099 1333 1153 stabilita
1370 1109 1426 1153 et
1468 1112 1796 1166 permanens
1839 1112 1986 1156 con-

412 1193 671 1259 suetudo,
709 1199 868 1260 preat
912 1191 1069 1262 paulo
1104 1201 1231 1244 ante
1267 1191 1474 1244 dictmn
1513 1198 1617 1244 est.
1651 1175 1854 1244 Deinde
1889 1203 1988 1242 na-

416 1285 612 1338 turalis
643 1297 858 1352 quoque
901 1283 1059 1337 nobis
1104 1282 1265 1336 insita
1303 1281 1388 1334 lex
1429 1288 1512 1334 est
1562 1280 1788 1350 (praeter
1824 1295 1988 1348 quam

411 1377 556 1448 quod
600 1377 686 1430 lex
721 1390 937 1444 quoque
969 1375 1171 1442 scripta
1204 1373 1254 1427 id
1286 1373 1468 1444 jubet)
1508 1383 1563 1426 ut
1605 1373 1990 1442 praestantibus

413 1470 578 1524 rebus
638 1482 912 1536 congrues
967 1451 1520 1521 exhibeatur'honor
1572 1472 1627 1518 et
1689 1463 1986 1517 veneratio.

413 1564 592 1630 Atque
629 1560 732 1614 hoc
785 1575 851 1612 ex
887 1556 1194 1612 dilierentia
1229 1571 1446 1625 quoque
1483 1555 1858 1610 adorationum
1901 1569 1992 1609 co-

415 1667 677 1721 gnoscere
704 1652 848 1706 licet.
881 1650 1124 1718 Namque
1161 1649 1360 1702 eximia
1391 1657 1448 1702 et
1478 1647 1719 1702 omnium
1753 1647 1989 1701 maxima

415 1743 695 1808 adoratio,
755 1742 844 1794 uni
909 1739 1205 1794 universali
1259 1738 1370 1794 Deo
1413 1753 1705 1808 rerumque
1747 1739 1989 1793 omnium

418 1816 645 1886 Domino
695 1832 922 1885 debetur
974 1845 1038 1883 ac
1074 1829 1318 1884 redditur
1364 1830 1506 1900 (l8),
1551 1829 1714 1883 veluti
1749 1829 1834 1882 illa
1875 1844 1995 1897 quae

417 1933 702 1992 reputatur
742 1923 854 1978 ﬂeri
883 1923 1172 1976 latreutico
1201 1921 1346 1975 cultu
1385 1936 1451 1975 ac
1479 1921 1697 1992 spiritu.
1737 1919 1992 1990 Reliqua-

419 2029 536 2067 rum
566 2028 696 2067 vero
719 1995 1121 2076 adorationum,
1151 2010 1256 2064 alia
1288 2010 1348 2064 lit
1369 2010 1438 2064 ob
1470 2009 1742 2064 excelsum
1768 2011 1992 2078 gradum

419 2119 485 2158 ac
548 2104 900 2174 dignitatem,
957 2102 1123 2155 veluti
1177 2101 1268 2155 illa
1325 2116 1448 2170 quae
1489 2101 1708 2170 regibus
1763 2101 1996 2169 aliisque

421 2195 761 2264 principibus
789 2212 817 2248 a
849 2193 1086 2249 subditis
1113 2194 1422 2248 exhibetur.
1453 2193 1546 2248 Sic
1573 2193 1717 2247 enim
1745 2207 1812 2246 ex
1849 2192 1994 2246 omni

421 2285 748 2352 antiquitate
807 2285 890 2338 lex
956 2283 1215 2340 obtinuit.
1279 2285 1398 2338 Alia
1459 2285 1738 2354 tyrannica
1802 2293 1999 2340 est.et

419 2388 632 2442 coacta,
673 2391 868 2445 nempe
913 2391 1034 2445 quae
1078 2375 1355 2430 iracundis
1397 2390 1462 2429 ac
1500 2361 1925 2446 praepotentibus
1965 2393 1997 2432 a

423 2470 621 2522 timore
644 2477 704 2530 et.
733 2468 1094 2537 trepidatione
1125 2469 1234 2522 vim
1268 2468 1590 2538 patientium
1622 2469 1790 2524 invite
1825 2470 1998 2524 deler-

425 2569 540 2612 tur.
576 2556 694 2612 Alia
731 2573 852 2612 cum
883 2557 1184 2613 honorandi
1224 2557 1502 2626 proposito
1525 2567 1770 2612 amanter
1795 2568 1996 2614 etcum

418 2650 531 2722 title
581 2663 609 2701 a
668 2649 1042 2716 credentibus,
1102 2659 1328 2719 propter
1385 2649 1627 2718 ipsorum
1683 2660 1996 2706 sanctorum

424 2742 614 2806 Deum,
645 2742 901 2796 tribuitur
953 2743 1160 2795 sanctis
1193 2757 1291 2797 ceu
1343 2758 1440 2811 per
1478 2758 1572 2797 eos
1614 2745 1679 2797 ad
1712 2743 1876 2798 Deum
1915 2760 2000 2799 re-
2048 2747 2058 2756 '

423 2835 562 2897 lata,
599 2849 805 2888 necnon
859 2833 1002 2888 divis
1039 2835 1279 2904 angelis,
1329 2843 1383 2888 et
1435 2835 1612 2889 sacris
1654 2835 1998 2900 hominibus,

422 2936 475 2978 et
505 2927 746 2995 angustis
777 2924 990 2996 templis
1033 2925 1304 2994 vasisque.
1350 2925 1466 2980 Alia
1507 2926 1740 2995 denique
1779 2926 1999 2980 relativa

427 3027 482 3070 et
530 3017 872 3082 salutatoria,
913 3031 982 3070 ex
1009 3018 1186 3072 amico
1223 3017 1571 3087 benignoqae
1603 3019 1806 3082 animo,
1843 3018 1997 3071 fami-
2026 3051 2068 3108 Ο

426 3109 713 3163 liaritatem
749 3125 812 3164 ac
854 3109 1286 3164 benevolentiam
1315 3111 1458 3164 caris
1491 3108 1800 3164 hominibus
1831 3110 2000 3179 signi-

426 3204 620 3256 ticans.
649 3201 845 3256 Verum
887 3213 1174 3270 utcunque
1203 3217 1262 3256 se
1293 3201 1455 3256 habet
1477 3202 1810 3256 adorationis
1840 3206 1998 3268 ratio,

429 3302 489 3346 nt
519 3293 694 3361 magis
723 3292 1053 3361 generaliter
1083 3293 1390 3362 loquamur,
1424 3292 1489 3346 ad
1522 3293 1636 3346 haec
1667 3292 1768 3346 tria
1802 3309 2001 3362 genera

429 3385 686 3439 adoratio
724 3383 1017 3453 redigitur;
1055 3399 1178 3436 nam
1232 3382 1316 3437 vel
1369 3397 1556 3437 amore
1594 3382 1678 3437 vel
1741 3393 1882 3436 metu
1923 3381 2003 3435 vel
2046 3417 2049 3420 -

429 3473 546 3542 iege
615 3474 730 3528 lieri
786 3475 1143 3543 conspicitur.
1197 3472 1562 3538 Quamobrem
1616 3474 1809 3538 rebus,
1871 3490 2004 3544 quas

429 3574 612 3617 nostra
645 3565 910 3617 hactenus
932 3563 1179 3618 adoratio
1225 3563 1424 3634 attigit,
1465 3579 1562 3618 ceu
1593 3563 1854 3633 dignitate
1892 3580 2006 3618 Ina-

421 3655 544 3722 jore
573 3655 832 3724 praeditis,
867 3664 920 3710 et
961 3655 1367 3710 venerationem
1403 3663 1622 3724 propter
1651 3670 1714 3708 ea
1751 3670 1870 3723 qua:
1905 3671 2004 3708 no-

429 3747 512 3802 bis
535 3754 966 3800 commemorant
990 3745 1098 3817 92
1135 3746 1490 3812 merentibus,
1521 3756 1668 3800 recte
1695 3761 1794 3800 nos
1820 3761 2007 3799 amore

430 3839 692 3893 stimulati
729 3839 1076 3894 honorariam
1119 3837 1494 3892 adorationem
1529 3836 1856 3904 tribuimus;
1897 3851 2004 3890 non

432 3930 574 3984 illam
611 3930 792 3985 hercle
819 3930 1009 3995 Ian-ise,
1043 3930 1216 3995 absit;
1249 3937 1305 3981 ut
1342 3926 1432 3982 isti
1454 3927 1714 3982 adversus
1741 3927 2007 3982 Christia-

433 4037 532 4076 nos
563 4021 785 4091 indigno
815 4019 1252 4075 Christianorum
1288 4031 1438 4070 more
1477 4027 1748 4086 nugantnr
1775 4017 1910 4086 (t9).

504 4113 591 4166 Η.
622 4111 744 4166 Jam
793 4111 836 4165 si
895 4111 1042 4180 leges
1069 4124 1285 4178 quoque
1324 4109 1560 4164 recitare
1597 4125 1737 4178 opus
1781 4119 1898 4178 est,
1939 4127 2006 4164 en

433 4206 654 4259 Paulum
706 4203 989 4274 jubentem
1037 4218 1050 4254 :
1100 4199 1321 4254 Reddite
1361 4200 1600 4254 onmibus
1651 4201 1858 4266 debita,
1913 4202 2008 4254 alii

429 4309 658 4358 niettnn,
709 4297 804 4350 alii
845 4295 1096 4346 honorem
1121 4291 1167 4322 ³³
1225 4301 1279 4346 et
1319 4301 1584 4360 quotquot
1625 4291 1729 4346 alia
1763 4308 1886 4348 cum
1923 4293 2007 4347 his

2078 547 2306 615 τιμᾶται
2351 550 2446 599 καὶ
2484 545 2808 612 δοξάζεται,
2849 548 2877 600 ό
2910 545 3080 608 αὐτὸς
3119 540 3272 608 οὗτος
3314 545 3412 598 καὶ
3456 544 3643 616 ταύτην

2081 640 2410 706 προσκυνεῖν
2445 640 2762 710 παρεγγυᾷ.

2155 737 2201 784 ι’.
2239 729 2306 782 Τί
2329 729 2390 782 δὲ
2422 729 2580 784 τοῦτό
2597 731 2776 795 ἐστινς
2815 730 2880 783 Ἦ
2905 729 3110 795 πίστις,
3143 729 3234 783 καὶ
3261 729 3368 782 τῶν
3395 728 3594 784 πιστῶν
3618 731 3647 802 ἡ

2082 821 2297 876 οἴκοθεν
2327 823 2424 874 καὶ
2455 822 2900 891 αὐτεπάγγελτος
2933 822 3061 892 περὶ
3090 822 3159 875 τὰ
3190 821 3312 875 θεῖα
3353 821 3500 892 ὁρμὴ
3519 863 3532 886 ,
3559 823 3644 874 καὶ

2084 915 2118 984 ἡ
2146 915 2279 982 περὶ
2307 914 2449 968 αὐτὰ
2494 914 2736 986 εὐλαϐὴς
2769 915 2866 968 καὶ
2907 913 3176 982 εύθυτάτη
3219 913 3538 984 προαίρεσις
3567 916 3650 966 καὶ

2087 1005 2316 1074 σπουδὴ.
2347 1006 2442 1058 καὶ
2477 1007 2510 1076 ἡ
2558 998 2973 1075 παραδεδομένη
3000 1007 3068 1074 τῇ
3115 1004 3417 1074 Ἐκκλησίᾳ
3448 1005 3539 1057 καὶ
3581 1005 3649 1075 τῷ

2089 1096 2290 1166 μακρῷ
2329 1097 2506 1168 χρόνῳ
2545 1096 2912 1166 βεόαιωθεῖσα
2942 1096 3035 1148 καὶ
3066 1094 3347 1164 κρατοῦσα
3382 1095 3648 1165 συνήθεια,

2087 1185 2232 1239 καθὰ
2254 1186 2319 1256 δὴ
2349 1187 2443 1238 καὶ
2471 1187 2654 1256 μικρῷ
2686 1186 2924 1256 πρόσθεν
2957 1187 3176 1256 εἴρηται
3196 1201 3210 1214 °
3254 1184 3450 1238 ἔπειτα
3485 1187 3539 1239 δὲ
3579 1187 3652 1240 δτι

2087 1279 2185 1331 καὶ
2211 1265 2449 1346 ἷρυσικὺς
2479 1278 2644 1348 νόμος
2675 1281 2809 1348 ἡμῖν
2849 1278 3169 1348 ἐνυπάρχει,
3204 1279 3301 1330 καὶ
3335 1277 3436 1347 μὲν
3472 1277 3534 1348 δὴ
3571 1277 3656 1331 καὶ

2088 1370 2116 1420 ό
2140 1371 2198 1422 ἐν
2235 1371 2528 1440 γράμμασι
2558 1371 2812 1440 κείμενος
2842 1369 3218 1438 ὲγκελεύεται,
3246 1373 3366 1433 τοῖς
3398 1371 3460 1423 τὸ
3489 1375 3655 1440 κρεῖτ-

2089 1477 2180 1512 τον
2209 1461 2602 1530 ὲνεγκαμένοις
2647 1461 2744 1531 τὴν
2787 1461 3112 1532 πρέπουσαν
3143 1462 3336 1530 νέμειν
3381 1462 3544 1532 τιμὴν
3575 1464 3657 1515 καὶ

2092 1553 2496 1623 προσκύνησιν·
2545 1551 2831 1607 καὶτοῦτο
2875 1551 3038 1622 μάθοι
3080 1570 3164 1617 τις
3215 1553 3284 1607 ἂν
3332 1555 3400 1606 ἐκ
3439 1553 3536 1623 τῆς
3560 1553 3654 1606 τῶν

2093 1645 2520 1714 προσκυνήσεων
2553 1645 2842 1715 διαφορᾶς.
2864 1644 2930 1696 Ἦ
2960 1643 3061 1714 μὲν
3091 1645 3198 1714 γὰρ
3227 1624 3655 1714 ἐξῃρημένη’καὶ

2093 1734 2312 1787 πάντων
2355 1735 2616 1789 ἐπέκεινα
2650 1733 3057 1806 προσκύνησις,
3113 1736 3258 1805 μόνῳ
3297 1735 3379 1804 τῷ
3411 1733 3516 1787 τῶν
3541 1733 3658 1787 ὅλων

2094 1825 2212 1894 Θεῷ
2265 1827 2360 1878 καὶ
2401 1827 2626 1879 πάντων
2675 1825 3154 1890 κατεξουσιάζοντι
3199 1824 3548 1894 ἑποφείλεται
3579 1825 3660 1895 καὶ

2097 1916 2574 1989 προσάγεται,ὀῖα
2599 1921 2632 1987 ἡ
2664 1919 2722 1972 ὲν
2747 1917 2978 1989 λατρεία
3011 1916 3370 1988 θεωρουμένη
3399 1917 3494 1982 καὶ
3517 1915 3659 1968 πνεύ-

2100 2027 2264 2080 ματι·
2314 2009 2424 2065 τῶν
2471 2010 2518 2063 δ’
2561 2009 2735 2062 ἄλλων
2777 2011 2810 2080 ἡ
2854 2009 2954 2080 μὲν
2993 2008 3119 2062 καθ’
3165 2007 3448 2078 ὑπεροχὴν
3497 2007 3583 2059 καὶ
3607 2005 3662 2058 τὸ

2097 2101 2340 2172 ἀξίωμα,
2365 2101 2442 2165 ὼς
2471 2105 2502 2172 ὴ
2535 2105 2650 2166 τοῖς
2672 2101 3080 2180 βασιλεῦᾕκαὶ
3110 2104 3223 2164 τοῖς
3244 2099 3436 2162 ἄλλοις
3459 2099 3661 2171 ἄρχουσι

2098 2195 2248 2264 παρὰ
2277 2193 2386 2246 τῶν
2426 2193 2685 2264 ὑπηκόων
2716 2191 3168 2264 προσφερομένηο
3201 2190 3350 2245 οὓτω
3389 2189 3662 2262 γὰρνόμος

2097 2285 2440 2356 κεκράτηκεν
2467 2284 2676 2338 ἄνωθεν
2721 2297 2735 2312 ⁸
2765 2285 2800 2354 ἡ
2828 2283 2884 2334 δὲ
2925 2280 3226 2351 τυραννικὴ
3265 2281 3366 2334 καὶ
3414 2279 3595 2350 βίαιος,
3629 2279 3658 2349 ή

2098 2381 2212 2443 τοῖς
2237 2376 2530 2447 δυσμενέσι
2571 2375 2664 2428 καὶ
2689 2373 3010 2444 τυραννοῦσι
3033 2373 3142 2425 δέει
3168 2373 3264 2425 καὶ
3293 2371 3507 2442 ἀγωνίᾳ⁴
3531 2369 3663 2441 παρὰ

2099 2471 2208 2524 τῶν
2241 2466 2784 2540 κατηναγκασμένων
2813 2463 3533 2535 ἁκουσίως.προσαγομένη·
3559 2463 3588 2530 ἡ
3610 2461 3658 2514 δὲ

2101 2564 2243 2619 κατὰ
2271 2563 2438 2632 τιμὴν
2489 2560 2583 2616 καὶ
2621 2559 2946 2630 προαίρεσιν
2989 2558 3054 2610 ὲκ
3107 2557 3276 2610 πόθου
3311 2556 3408 2610 καὶ
3449 2556 3660 2614 πίστεως

2102 2656 2254 2727 παρὰ
2295 2655 2404 2709 τῶν
2451 2652 2659 2716 πιστῶν
2696 2655 2811 2716 τοῖς
2862 2650 3040 2720 ἁγίοις
3088 2651 3176 2704 διὰ
3213 2651 3310 2703 τὸν
3361 2648 3470 2702 τῶν
3511 2647 3661 2714 ἁγίων

2103 2747 2236 2801 Θεὸν
2268 2746 2642 2817 νενεμημένη,
2672 2744 2748 2808 ὡς
2791 2743 2858 2797 δι’
2899 2743 3123 2796 ἐκείνων
3158 2741 3246 2814 ἐπ’
3285 2741 3454 2794 αὑτὸν
3485 2741 3664 2808 ἀναγο-

2107 2839 2267 2910 μένη,
2298 2837 2554 2906 ἀγγέλοις
2582 2853 2641 2888 τε
2687 2835 2874 2900 θείοις,
2909 2834 3003 2888 καὶ
3053 2833 3317 2910 ἀνδράσιν
3364 2832 3556 2903 ἱεροῖς,
3584 2829 3666 2883 καὶ

2103 2932 2252 2992 ναοῖς
2289 2929 2496 3000 τιμίοις
2525 2931 2624 2982 καὶ⁵
2654 2929 2929 2983 σκεύεσιν·
2971 2931 3004 3000 ἡ
3033 2929 3092 2982 δὲ
3126 2928 3358 3000 σχετικὴ
3386 2929 3480 2982 καὶ
3509 2929 3667 2980 ἀσπα-

2105 3022 2290 3092 στικὴ,
2330 3022 2395 3078 ἐκ
2433 3021 2656 3092 φιλικῆς
2703 3023 2998 3085 διαθέσεως
3043 3023 3140 3074 καὶ
3185 3021 3561 3090 εὐγνώμονος,
3595 3021 3664 3073 oi-

2103 3112 2328 3166 κείωσιν
2373 3114 2467 3165 καὶ
2514 3111 2730 3166 εὔνοιαν
2771 3099 3320 3184 τοῖςήγαπημένοις
3351 3112 3666 3180 ἐπαγγελλο-

2105 3204 2263 3276 μένη.
2295 3205 2405 3258 Καὶ
2431 3206 2578 3268 ὅπως
2607 3205 2672 3259 ἂν
2701 3207 2729 3260 ό
2757 3205 2858 3274 τῆς
2897 3207 3331 3276 προσκυνήσεως
3368 3206 3478 3276 ἔχοι
3509 3205 3665 3271 λόγος.

2103 3297 2200 3350 καὶ
2244 3296 2319 3358 ὡς
2361 3295 2426 3348 ἄν
2464 3313 2548 3358 τις
2589 3296 2955 3366 γενικώτερον
2990 3295 3174 3360 εἴποι,
3213 3298 3372 3364 τρισὶ¹
3403 3296 3599 3356 τούτοις
3636 3294 3664 3363 ἡ

2104 3387 2480 3457 προσκύνησις
2505 3387 3012 3458 χαρακτηρίζεσθαι
3036 3386 3303 3456 πέφυκεν·
3328 3386 3362 3457 ἢ
3385 3388 3490 3458 γὰρ
3510 3385 3660 3453 πόθῳ,

2105 3480 2138 3548 ἢ
2172 3479 2342 3549 φόϐῳ,
2379 3480 2412 3550 ἢ
2443 3480 2594 3551 νόμῳ
2627 3479 2890 3549 γινομένη
2922 3481 3136 3549 ὁρᾶται·
3173 3477 3255 3532 διδ
3284 3481 3386 3531 καὶ
3415 3481 3522 3540 τοῖς
3548 3492 3664 3546 προ-

2105 3571 2378 3638 κειμένοις
2405 3571 2538 3639 ἡμῖν
2569 3567 2645 3638 τῷ
2673 3569 2816 3638 λόγῳ
2847 3570 2926 3631 εἰς
2957 3566 3268 3636 ἐπίσκεψιν,
3293 3561 3389 3620 οἷα
3417 3567 3566 3637 δόξης
3587 3565 3664 3617 λα-

2105 3665 2262 3730 χοῦσι
2296 3663 2392 3730 τῆς
2421 3659 2764 3729 κρείττονος,
2803 3659 2901 3712 καὶ
2929 3658 2990 3711 τὸ
3020 3658 3324 3728 σεϐάσμιον
3368 3649 3444 3711 ὧν
3481 3657 3665 3710 εἵνεκεν

2111 3754 2332 3822 μνήμην
2367 3751 2591 3822 φέρουσι
2616 3751 3002 3821 κεκτημένοις,
3029 3749 3255 3812 εἰκότως
3289 3751 3362 3802 ὲκ
3395 3749 3553 3802 πόθου
3579 3746 3664 3816 τὴν

2107 3839 2250 3893 κατὰ
2279 3839 2441 3910 τιμὴν
2466 3839 2842 3910 προσκύνησιν
2881 3841 3122 3910 νέμομεν
3145 3879 3162 3906 ,
3190 3839 3251 3892 οὗ
3289 3841 3396 3910 τὴν
3421 3839 3556 3892 κατὰ
3581 3835 3666 3890 λα-

2107 3930 2320 4001 τρείαν,
2356 3931 2563 3998 ἄπαγε,
2597 3931 2674 3994 ὡς
2703 3931 2752 3984 οἳ
2788 3931 3133 4003 Χριστιανῶν
3165 3931 3227 3984 οὐ
3247 3932 3404 3990 ,κατά
3428 3932 3670 4003 Χριστια·.

2107 4021 2232 4082 νοὺς
2265 4037 2394 4074 κατε
2403 4021 2614 4092 φλυὰρη
2623 4038 2741 4076 σαν.

2183 4107 2269 4162 ια’.
2304 4109 2364 4162 Ei
2389 4110 2445 4162 δὲ
2466 4111 2547 4162 δεῖ
2575 4111 2667 4163 καὶ
2692 4111 2818 4175 τοὺς
2847 4111 3046 4182 ,νόμους
3072 4113 3251 4164 εἰπεῖν
3277 4151 3292 4177 ,
3327 4107 3664 4182 νομοθετεῖται

2109 4200 2320 4264 Παῦλος
2340 4243 2356 4268 ,
2397 4201 2672 4254 Ἀπόδοτε
2703 4200 2855 4258 πᾶσι
2876 4243 2890 4267 ,
2927 4202 3126 4270 λέγων,
3159 4202 3267 4270 τὰς
3298 4201 3576 4270 ὀφειλάς,
3597 4193 3680 4262 ﬂii~

2103 4292 2222 4363 μὲν
2251 4292 2358 4345 τόν
2381 4294 2571 4361 φόϐον
2589 4333 2604 4359 ,
2630 4291 2708 4358 τῷ
2735 4293 2805 4346 δὲ
2833 4293 2949 4360 τὴν
2977 4293 3158 4361 τιμὴν
3182 4335 3197 4361 ,
3227 4295 3325 4346 καὶ
3347 4295 3449 4347 ὅσα
3474 4292 3664 4350 τούτοις

431 4398 736 4446 enumerat.
769 4386 922 4452 Quod
965 4385 1009 4439 si
1041 4383 1210 4439 Paulo
1238 4399 1343 4438 non
1375 4383 1654 4450 obediunt,
1688 4401 1754 4439 ne
1788 4385 1998 4440 Christo

2109 4385 2642 4455 συγκατηρξθμηται.
2680 4385 2743 4438 Εἰ
2775 4385 2834 4437 δὲ
2860 4383 3058 4456 Παύλῳ
3094 4385 3158 4438 οὐ
3201 4385 3516 4452 πείθονται,
3544 4383 3666 4452 τάχα

431 4482 650 4550 quidem
683 4494 888 4532 morem
934 4485 1158 4547 gerent,
1192 4475 1283 4545 qui
1314 4477 1546 4532 Cmsaris
1576 4477 1862 4547 imaginem
1905 4477 2003 4531 hoc

433 4573 616 4628 norari
651 4569 945 4624 mandavit.
983 4568 1196 4622 Etenim
1244 4583 1467 4621 nummo
1505 4582 1533 4620 a
1565 4566 1920 4622 tentatoribus
1951 4567 2001 4622 ei

431 4664 643 4727 oblato,
701 4676 804 4716 non
857 4661 932 4714 ait
974 4677 988 4714 :
1037 4657 1328 4730 Despuite,
1379 4669 1472 4713 aut
1522 4659 1859 4723 conculcate,
1911 4671 2005 4714 aut

504 4801 550 4832 "
567 4799 727 4854 Rom.
763 4811 882 4864 xm,
915 4797 964 4852 7.

504 4956 616 5026 (l8)
651 4953 974 5026 Rectissime
1009 4949 1347 5026 Nicephorus
1378 4963 1502 5026 cum
1537 4949 2007 5026 septimarsynodi

434 5021 751 5083 delinitione
783 5035 890 5076 act.
926 5022 979 5085 Ἰ,
1021 5021 1108 5072 ubi
1158 5021 1487 5073 honorandae
1507 5021 1722 5088 quidem
1753 5021 2008 5072 dicuntur

436 5099 698 5166 imagines
725 5093 946 5154 Christi,
987 5092 1248 5166 [)eipa-rae,
1279 5099 1676 5166 e‘tsanclnrum
1711 5106 1815 5141 non
1838 5101 2012 5166 tamen

432 5158 577 5221 tera"
595 5166 780 5228 lania,
813 5180 926 5228 qua:
958 5158 1245 5214 secundum
1281 5158 1438 5226 ﬁdem
1463 5170 1563 5224 est,
1593 5174 1810 5226 qumque
1841 5159 2012 5228 solam

434 5239 662 5296 divinam
688 5226 1198 5288 naturamdecetﬂﬂ
1229 5230 1334 5298 μὴν
1363 5228 1459 5298 τὴν
1481 5228 1624 5282 κατὰ
1647 5228 1828 5280 πίστιν
1858 5226 2010 5294 ἡμῶν

435 5307 695 5376 ἀληθινὴν
740 5303 1019 5376 λατρείαν,
1086 5299 1119 5370 ἢ
1153 5301 1347 5368 πρέπει
1383 5298 1520 5376 μόνῃ
1549 5302 1634 5376 Δτῇ
1667 5298 1788 5376 θείᾳ
1822 5299 2002 5376 φύσει.

438 5369 574 5430 Πειὶιι
612 5369 1025 5429 evidentissime
1065 5369 1214 5437 patet
1269 5384 1424 5422 error
1453 5369 1560 5437 (vel
1592 5370 1770 5437 potius
1802 5369 2008 5419 calum-

439 5450 550 5501 nia)
585 5446 804 5498 secundi
837 5440 1060 5496 canonis
1095 5437 1629 5496 Franeot‘erdiensis.
1681 5439 1748 5489 ab
1789 5437 2006 5490 hetero-

439 5517 596 5568 duxis
651 5515 811 5567 toties
868 5510 1156 5565 catholicis
1191 5509 1412 5574 objecti,
1454 5508 1506 5560 itt
1560 5521 1668 5574 quo
1702 5515 1892 5558 contra
1927 5507 2005 5559 rei

439 5587 610 5654 ipsius
641 5585 922 5654 veritatem
957 5582 1069 5633 hzec
1128 5580 1472 5654 scribuntur:
1502 5576 1682 5654 Allata
1715 5587 1787 5629 est
1819 5576 1872 5628 in
1906 5592 2008 5654 nte-

435 5646 587 5711 dium
617 5656 834 5725 quastio
868 5653 932 5704 de
972 5665 1104 5704 nova
1147 5646 1450 5702 Graecorum
1487 5647 1710 5716 synodo,
1745 5661 1902 5714 quam
1942 5647 2005 5698 de

2109 4477 2232 4530 οὐδὲ
2248 4475 2470 4547 Χριστῷ
2498 4477 2888 4548 πεισθήσονται
2911 4519 2926 4546 ,
2954 4478 3054 4550 τὴν
3082 4480 3366 4552 Καίσαρος
3396 4481 3572 4533 εἰκόνα
3598 4494 3666 4530 τι·

2114 4571 2221 4639 μᾷν
2255 4571 2738 4640 παρεγγυήσαντιο
2767 4570 2862 4623 τοῦ
2894 4557 3004 4642 γὰρ
3039 4572 3378 4642 νομίσματος
3407 4571 3552 4642 παρὰ
3574 4567 3664 4622 τῶν

2110 4659 2486 4730 πειραζόντων
2497 4659 2946 4732 ῥποδειχθέντός,
2965 4665 3064 4716 οὐκ
3095 4659 3243 4729 εἶπε,
3263 4661 3661 4720 Καταπτύσατε,

2121 4951 2410 5022 aderandis
2461 4951 2775 5020 imaginibus
2810 4949 3273 5020 Constantinopoli
3317 4943 3664 5022 (imoil‘liczcte)

2121 5021 2464 5088 fererunt,'in
2509 5017 2610 5090 quva
2657 5024 2907 5086 scriptum
2949 5017 3260 5083 Ιιιιίιείηιὶιιγ,
3295 5017 3350 5074 ιιι
3383 5021 3472 5090 qui
3499 5017 3665 5090 imagi-

2123 5093 2272 5144 nibus
2302 5101 2627 5150 sanctorum,
2678 5093 2754 5142 ita
2788 5101 2839 5142 ut
2889 5092 3091 5156 dei/ica:
3131 5089 3663 5150 Τνιηίιιιιὶζιιεηνίιίιιηι

2121 5171 2212 5211 aut
2241 5161 2605 5214 adorationem
2633 5177 2738 5214 non
2761 5162 3134 5228 impenderent,
3167 5169 3450 5214 anathema
3468 5159 3666 5227 judica-

2119 5239 2322 5282 rentur.
3479 5241 3484 5246 ’

2181 5300 2292 5368 (19)
2335 5297 2408 5354 Ut
2447 5299 2576 5353 olim
2615 5300 2959 5366 nngabantnr
3005 5299 3382 5362 leonomaehi,
3415 5300 3486 5351 ita
3520 5295 3662 5348 etiam

2105 5367 2416 5422 consecutis
2489 5373 2822 5438 temporibus
2879 5385 3050 5438 usque
3101 5372 3168 5422 ad
3223 5385 3340 5429 nos,
3390 5367 3664 5438 irridentur

2107 5439 2382 5491 immerito
2447 5440 2516 5492 ab
2573 5436 2920 5493 heternduxis
2962 5436 3222 5493 catholici
3307 5441 3458 5507 quasi
3507 5436 3660 5487 latria:

2106 5511 2332 5570 cultum,
2371 5525 2474 5562 non
2503 5521 2684 5563 autem
2729 5511 3074 5562 ilOlltti‘ﬂl‘iatli
3105 5513 3186 5578 (ut
3213 5527 3298 5566 res
3327 5511 3434 5578 est)
3461 5515 3662 5560 venen-

2107 5579 2308 5634 tioaem
2337 5581 2512 5635 sacris
2548 5580 2870 5649 imaginibus
2899 5580 3215 5634 exhibeant.

3853 3963 3855 4018 l

3853 4087 3855 4126 l
