3918 6144
237 246 346 313 ηι
947 235 1576 299 ANTIRBHETICUS
1616 235 1710 297 III
1749 236 1918 300 ADV.
1959 232 2554 297 CONSTANTINUM
2593 231 2806 292 COPR.
3413 229 3530 298 192‘!

239 353 744 430 προσδιωρίσαντο,
764 346 971 402 τοῦτων
999 347 1178 416 μόνων
1203 345 1529 418 ὑφελόμενοι
1559 347 1658 415 τὴν
1678 362 1848 418 προσ-

1962 345 2360 401 :onstitnissent
2397 358 2460 397 ac
2504 343 2854 404 deﬁnissent,
2899 351 3066 413 atque
3097 342 3182 398 bis
3225 359 3528 397 νειιιτιςιιιη-

239 451 482 522 κύνησιν
503 462 516 476 °
556 445 653 498 καὶ
681 441 735 495 τί
762 441 846 494 δεῖ
894 439 1078 508 λέγειν
1111 439 1526 510 προσκύνησιν;
1555 437 1690 508 μηδὲ
1743 454 1840 489 τυ-

241 542 486 598 ποῦσθαι
516 539 580 591 τὸ
620 533 888 606 παράπαν
914 532 1093 600 πάντη
1143 530 1237 583 καὶ
1273 529 1496 591 πάντως
1544 527 1838 582 ὲθέσπισαν

245 637 507 709 μίμημα.

319 726 390 782 λ’.
440 725 582 780 Ἀλλ’
627 721 810 776 αὐτῶν
851 735 915 788 γε
938 716 1072 770 ἔνιοι
1097 715 1193 769 καὶ
1242 714 1442 777 οῐκουςι
1468 712 1650 784 ίεροῦς
1705 711 1843 765 ἐδεί-

246 833 452 891 μαντο,
482 815 579 868 καὶ
607 811 730 881 ίερά
756 806 1018 878 κειμήλια
1041 803 1430 875 ἒτεκτήναντο,
1457 804 1516 855 ὲν
1551 795 1646 891 οἷςΔ
1667 801 1846 856 ταῦτα

243 887 620 967 ἐντυποῦντες
667 902 764 956 καὶ
797 897 1196 969 διαγράφοντες
1255 895 1586 962 φαίνονται·
1618 887 1694 948 ὧν
1749 896 1849 948 καὶ

241 998 428 1052 ὄντων
459 997 554 1049 καὶ
584 990 914 1062 γινομένων,
945 988 1038 1041 τὸν
1058 987 1159 1058 τῆς
1185 984 1331 1057 ζωῆς
1377 984 1622 1056 βιοῦντες
1673 985 1844 1038 διετέ-

243 1090 382 1143 λουν
417 1088 635 1140 ἅπαντα
662 1080 854 1153 χρόνον
891 1095 905 1109 ’
948 1077 1051 1149 ἢδη
1098 1076 1156 1129 δὲ
1193 1076 1286 1130 καὶ
1319 1075 1466 1146 ὅροις
1515 1074 1612 1128 καὶ
1656 1073 1845 1128 κανόσι

246 1181 427 1244 θείοις
492 1171 935 1244 ἀναστηλοῦσθαι
986 1169 1057 1222 τά
1099 1166 1338 1240 Χριστοῦ
1387 1167 1700 1230 ὲτύπωσαν,
1753 1167 1850 1219 καὶ

252 1273 462 1345 μᾶλλον
484 1268 564 1340 τῷ
585 1263 920 1337 ἀνθρωπείῳ
940 1261 1092 1326 εῖδει,
1111 1260 1222 1334 ὅσῳ
1235 1259 1330 1312 καὶ
1345 1262 1411 1330 τῇ
1427 1258 1662 1330 ἀληθείᾳ
1681 1245 1846 1328 προσ-

248 1368 560 1439 ῳκείωται,
587 1361 621 1433 ἢ
656 1360 736 1430 τῷ
769 1358 864 1412 τοῦ
893 1356 1093 1428 ἀμνοῦ,
1149 1357 1198 1408 οἱ
1233 1354 1622 1427 ἀρχαιότεροι,
1654 1355 1704 1406 οἱ
1747 1351 1846 1424 τὴν

252 1459 416 1530 ἱερὰν
477 1457 574 1510 καί
631 1453 795 1520 ἁγίαν
847 1449 1017 1530 ἕκτην
1063 1446 1574 1518 συγκεκροτηκότες
1628 1444 1845 1498 σύνοδον

252 1524 512 1617 θεόσοφοι
546 1545 788 1616 πατέρες
837 1524 1241 1596 διδασκέτωσαν
1265 1557 1279 1571 ·
1313 1538 1407 1603 οὓς
1440 1539 1648 1600 πάντας
1702 1554 1849 1607 παρ-

172 1631 178 1636 ’
249 1640 500 1712 ορῶντες
517 1639 564 1690 οἱ
586 1637 814 1700 ἀνόσιοι,
841 1632 933 1686 ἐπὶ
966 1633 1061 1686 τὸν
1085 1632 1388 1704 κορυφαῖον
1411 1631 1512 1702 τῆς
1541 1629 1738 1693 άθεϊας.
1756 1630 1848 1683 τὸν

1948 452 2072 491 nem
2127 436 2504 503 abrogassent.
2553 432 2691 500 Quid
2747 432 2871 488 dico
2917 435 3367 492 venerationem?
3415 436 3527 495 Nec

1945 528 2290 596 figurandum
2327 525 2547 594 quidem
2591 524 2700 579 ullo
2748 523 2910 578 modo
2946 522 3304 581 simulacrum
3341 529 3530 584 decre-

1947 617 2178 670 vissent.
2537 683 2540 686 I
2629 605 2635 610 ’

2024 706 2184 779 104
2223 706 2312 761 50.
2345 705 2506 776 Atqui
2547 720 2738 770 secus,
2769 705 2964 760 horum
2991 703 3158 775 aliqui
3187 701 3372 763 sacras
3394 723 3531 779 qun-

1947 815 2055 871 que
2082 800 2225 859 aedes
2257 808 2604 862 struxerunt,
2635 807 2692 852 et
2722 813 2880 853 sacra
2917 797 3133 853 cimelia
3160 797 3533 864 elaborarunt,

1946 892 2004 948 in
2032 891 2234 961 quibus
2267 890 2362 944 has
2397 889 2665 959 imagines
2693 888 2761 943 ab
2800 888 2882 944 eis
2916 888 3212 957 impressas
3244 888 3328 943 vel
3361 888 3536 959 picum

1947 991 2186 1038 constat.
2221 980 2350 1048 Qua:
2378 981 2505 1035 dum
2523 988 2816 1036 exstarent
2855 990 2910 1035 et
2948 980 3000 1034 in
3034 979 3150 1035 dies
3183 981 3394 1046 tierent,
3433 983 3533 1050 ipsi

1951 1083 2122 1127 totum
2151 1072 2505 1128 absolverunt
2533 1072 2662 1127 vitae
2703 1087 2948 1127 cursum.
2974 1071 3204 1143 Jamque
3243 1075 3408 1127 etiam
3440 1073 3534 1126 de-

1950 1164 2294 1220 ﬁnitionibus
2347 1164 2660 1234 divinisque
2714 1164 3015 1220 canonibus
3067 1165 3294 1235 proponi
3330 1163 3533 1220 Christi

1950 1256 2246 1326 imaginem
2286 1257 2525 1328 typicam
2558 1267 2926 1324 censuerunt;
2958 1267 3014 1312 et
3041 1257 3279 1312 humana
3315 1259 3534 1328 quidem

1949 1348 2135 1417 potius
2187 1349 2400 1413 forma,
2458 1363 2557 1403 ceu
2611 1349 2826 1404 veritati
2874 1349 3330 1418 congruentiore,
3372 1365 3536 1418 quam

1951 1440 2075 1510 agni
2098 1480 2112 1505 ,
2155 1439 2295 1506 ﬁeri,
2327 1438 2495 1509 prisci
2530 1438 2605 1494 illi
2630 1439 2722 1508 qui
2752 1455 2965 1494 sacram
3003 1449 3360 1511 sanctotnque
3381 1458 3537 1514 syno-

1950 1531 2079 1584 dum
2103 1539 2313 1583 sextam
2341 1531 2692 1596 celebrarunt
2723 1545 2751 1582 a
2783 1529 2890 1584 Deo
2918 1531 3170 1603 inspirati
3195 1531 3408 1602 Patres,
3440 1549 3543 1587 nos

1954 1620 2228 1675 docebunt
2259 1619 2394 1692 (40).
2432 1619 2579 1688 Quos
2607 1631 2838 1676 cunctos
2864 1621 3155 1692 irreligiosi
3182 1620 3238 1676 hi
3263 1624 3540 1694 neglectui

249 1711 504 1800 δυσσεϐῆ
522 1729 594 1781 Εὐ
604 1727 782 1780 σέϐιον
800 1724 1170 1796 ἀποτρέχουσι
1192 1726 1287 1778 καὶ
1307 1723 1400 1788 οὓς
1423 1723 1848 1794 παρεπλάσαντο

1962 1711 2378 1784 habentes,_'ad
2437 1712 2780 1783 coryphaeum
2835 1711 3257 1784 irrcligiositatis
3312 1715 3539 1782 impium

249 1823 539 1893 Πατέρας,
569 1821 689 1883 ταῖς
723 1816 954 1880 οἰκείαις
977 1815 1194 1889 ὀρέξεσι
1211 1815 1313 1887 τῆς
1340 1815 1596 1878 ἀσεὸείας
1621 1814 1842 1869 ἐκκαιό-

255 1931 443 1986 μενοι,
476 1910 540 1964 εκ
568 1927 629 1963 τε
663 1908 764 1978 τῆς
793 1907 1120 1977 Μανιχαίων
1165 1907 1260 1960 καὶ
1317 1905 1620 1978 Ἀρειανῶν
1664 1904 1845 1976 λύμης

251 2005 656 2082 ὲρανισάμενοι
688 2002 977 2072 φάσματα,
1018 1997 1346 2053 καὶτούτων
1391 1998 1535 2070 μέρη
1585 1997 1706 2052 τινὰ
1747 1996 1845 2050 καὶ

249 2099 534 2172 τμήματα
566 2094 751 2164 πάσης
800 2089 1090 2162 βδελυρίας
1143 2088 1241 2144 καὶ
1305 2087 1655 2160 ἀκαθαρσίας
1709 2087 1843 2140 ἀνά-

258 2207 465 2264 μεστα,
489 2187 679 2261 πόρρω
699 2202 804 2239 που
834 2183 928 2238 τοῦ
950 2183 1051 2254 τῆς
1083 2181 1413 2253 Ἐκκλησίας
1433 2181 1594 2251 χοροῦ
1625 2181 1719 2234 καὶ
1745 2179 1844 2250 τῆς

257 2284 418 2346 θείας
475 2282 540 2334 ὲκ
578 2278 852 2356 ,πλειόνων
905 2277 1118 2347 χρόνων
1168 2272 1618 2344 ἀπεληλαμένους
1663 2271 1842 2342 δόξης,

254 2373 359 2438 οὓς
399 2373 492 2426 καὶ
534 2371 594 2424 τὸ
644 2367 1062 2440 ἀπερίγραπτον
1097 2365 1192 2420 ἐπὶ
1228 2365 1491 2436 Χριστοῦ,
1527 2363 1716 2435 ὥσπερ
1750 2363 1847 2417 κα)⁸

255 2465 326 2520 τὸ
355 2464 636 2535 ἀλλότριον
660 2462 758 2516 καὶ
800 2459 1143 2532 ὲτεροούσιον
1172 2458 1274 2530 τῆς
1321 2458 1416 2513 τοῦ
1454 2457 1847 2528 γεγεννηκότος

255 2553 456 2616 οὐσίας
497 2551 856 2625 φρονοῦντας,
891 2549 948 2606 αι
1005 2551 1152 2623 ἱεραὶ
1203 2549 1412 2603 σύνοδοι
1465 2548 1844 2620 ἀπεκήρυξαν,

261 2647 520 2718 φρικτοῖς
574 2643 883 2715 ἀναθὲμασι
925 2641 1385 2708 καταζεύξαντες.
1437 2642 1560 2696 Ἔτι
1606 2640 1662 2694 δὲ
1710 2638 1848 2710 πρὸς

255 2741 384 2800 τοῖς
411 2739 748 2810 εἰρημένοις,
777 2737 869 2789 τὸν
905 2725 1231 2807 ἱεροφάντην
1259 2733 1531 2808 Κύριλλον
1583 2731 1678 2786 τοῦ
1722 2729 1848 2785 καθ’

257 2831 420 2902 ἡμᾶς
450 2829 610 2897 λόγου
645 2829 740 2881 καὶ
791 2827 892 2898 τῆς
923 2827 1190 2899 ἀληθείας
1228 2827 1552 2898 ὑπερμαχον
1605 2841 1848 2896 προστη-

261 2924 521 2991 σάμενοι,
552 2922 752 2992 ῖδωμεν
785 2921 890 2973 ποῦ
916 2937 1049 2976 ποτε
1083 2919 1195 2992 ἄρα
1230 2923 1258 2973 ὁ
1281 2919 1382 2990 τῆς
1413 2918 1620 2981 εἰκόνος
1665 2917 1850 2978 αὐτοῖς

1952 1802 2244 1858 Eusebium
2280 1803 2621 1875 confugiunt,
2668 1814 2724 1858 et
2756 1803 2892 1859 alios
2931 1820 3068 1874 quos
3116 1805 3220 1860 sibi
3255 1806 3540 1860 conﬁnxe-

1953 1905 2082 1950 runt
2124 1906 2344 1968 patres,
2391 1896 2614 1951 sceleris
2652 1897 2734 1951 sui
2782 1898 3130 1966 cupidinibus
3175 1896 3538 1962 inﬂammati,

1913 1987 2185 2053 -‘sumptis
2233 1987 2399 2041 etiam
2453 2001 2482 2040 a
2534 1985 2960 2042 Manichaeorum
3010 2001 3175 2060 atque
3205 1991 3540 2061 Arianorum

1955 2087 2112 2147 peste
2138 2078 2416 2147 ﬁgmentis
2435 2117 2450 2143 ,
2485 2093 2788 2148 eorumque
2823 2080 3108 2150 particulis
3133 2083 3343 2153 aliquot
3373 2096 3540 2154 atque

1953 2169 2235 2240 reliquiis,
2265 2171 2396 2225 faece
2429 2170 2574 2226 omni
2607 2182 2772 2241 atque
2807 2173 3121 2242 impuritate
3167 2177 3538 2246 scatentibtts;

1952 2277 2089 2333 quos
2123 2261 2312 2332 procul
2358 2261 2427 2316 ab
2460 2261 2715 2317 Ecclesiae
2758 2274 2901 2318 cuitu
2938 2265 3242 2333 submotos,
3278 2277 3334 2320 et
3381 2285 3411 2322 a
3458 2269 3541 2322 di-

1954 2353 2079 2410 vina
2113 2355 2284 2426 gloria
2325 2356 2492 2409 multo
2521 2365 2766 2424 tempore
2795 2365 2923 2411 ante
2948 2357 3227 2424 exclusos,
3258 2357 3540 2416 Christum

1952 2449 2115 2504 simul
2157 2450 2727 2518 incircumscriptum,
2762 2459 2818 2505 et
2861 2449 3104 2506 alienum
3153 2451 3540 2523 diversumque

1955 2531 1984 2594 a
2017 2551 2242 2610 paterna
2273 2542 2580 2600 substantia
2627 2554 2913 2612 censentes
2935 2582 2954 2609 ,
2996 2557 3170 2600 sacrae
3199 2547 3391 2616 synodi
3441 2562 3539 2600 ex-

1956 2635 2450 2702 communicarunt,
2476 2637 2772 2692 tremendis
2785 2636 3058 2706 subjectos
3079 2640 3538 2697 anathematmus.

1949 2726 2064 2782 Sed
2114 2742 2246 2793 nos,
2283 2739 2482 2799 praeter
2528 2730 2707 2794 dicta,
2760 2730 3178 2799 bierOphanlam
3227 2730 3540 2802 Cyriilum,

1959 2821 2230 2876 sermonis
2251 2822 2421 2876 nostri
2449 2821 2809 2892 veritatisque
2833 2834 3124 2893 patronum
3149 2827 3535 2894 producentes,

1959 2913 2238 2969 videamus
2276 2929 2512 2984 quonam
2545 2914 2661 2969 haec
2689 2915 2756 2968 de
2797 2916 3130 2986 imaginibus
3158 2919 3536 2973 controversia

260 3014 430 3083 λόγος
461 3013 756 3084 ἐκϐήσεται
781 3027 796 3042 ο
826 3011 1099 3081 θαυμάξω
1132 3011 1241 3082 γὰρ
1295 3011 1343 3064 εῑ
1405 3009 1480 3081 μὴ
1515 3007 1849 3062 ἀποστασίου

1962 3004 2080 3060 istis
2120 3005 2338 3074 demum
2396 3007 2603 3062 evadet.
2657 3006 2827 3063 Miror
2871 3010 3054 3075 enim,
3108 3010 3218 3065 nisi
3270 3011 3397 3067 huic
3427 3013 3536 3082 ipsi

261 3102 492 3174 γραφὴν
545 3083 980 3170 ἀπενέγκοιντο·
1031 3095 1134 3154 ὧδε
1181 3101 1289 3172 γάρ
1336 3117 1515 3172 φησι,
1565 3101 1664 3171 τὴν
1714 3100 1848 3168 πρὸς

1962 3108 2152 3154 saneto
2181 3101 2300 3154 vir-0
2326 3100 2532 3170 repudii
2561 3099 2803 3154 libellum
2849 3102 2997 3156 dent.
3032 3101 3242 3173 Quippe
3269 3103 3314 3159 is
3343 3104 3424 3159 sic
3459 3105 3545 3161 ait

276 3196 594 3266 Ῥωμαίους
644 3195 742 3248 τοῦ
779 3194 928 3249 θείου
989 3195 1321 3250 Ἀποστόλου
1378 3185 1848 3264 ὑπομνηματίζων

279 3289 630 3359 Ἐ’πιστολήνο
670 3306 688 3340 ι
733 3287 838 3341 Τόν
857 3305 921 3356 γε
957 3287 1063 3357 μὴν
1092 3291 1156 3341 ἐκ
1200 3286 1517 3356 σπέρματος
1546 3282 1713 3338 Δα6”ιδ
1755 3299 1851 3352 γε-

261 3381 507 3450 γονότα,
551 3377 693 3432 κατά
728 3379 828 3448 τὴν
873 3379 1056 3447 σάρκα
1104 3377 1341 3450 ὡρίσθαι
1392 3379 1557 3447 φησὶν
1598 3377 1675 3438 εἰς
1724 3375 1852 3428 Υίὸν

264 3471 411 3526 Θεοῦ
437 3473 496 3523 ἐν
527 3470 780 3540 δυνάμει,
813 3472 956 3524 κατά
989 3471 1213 3540 Πνεῦμα
1243 3469 1579 3540 ἁγιωσύνης,
1613 3467 1670 3533 ἐξ
1716 3468 1848 3522 ἀνα-

265 3564 522 3627 στάσεως
573 3561 786 3634 νεκρῶν
810 3578 824 3591 ·
861 3561 1151 3632 ὡρίσμεθα
1181 3562 1281 3632 μὲν
1313 3561 1422 3635 γὰρ
1449 3561 1546 3614 καὶ
1573 3561 1736 3630 ἡμεῖς
1774 3560 1854 3624 είς

265 3659 449 3720 υἱοὺς,
477 3655 591 3708 ἀλλ’
616 3656 716 3708 οὐκ
758 3656 816 3707 ὲν
854 3654 1087 3724 δυνάμει
1115 3653 1339 3723 μᾶλλον,
1367 3651 1481 3706 ἀλλ’
1534 3653 1609 3716 ὡς
1644 3652 1704 3705 ὲν
1756 3651 1856 3723 χά-

270 3766 424 3824 ριτος
459 3748 646 3820 μοίρᾳ,
699 3748 800 3817 τῆς
839 3746 1086 3816 κλήσεως
1123 3745 1475 3817 ἀξιούμενοι·
1535 3744 1632 3798 καὶ
1677 3743 1754 3807 ὡς
1797 3745 1856 3798 ἐν

270 3839 416 3909 μόνῃ
454 3837 672 3908 θειήσει
705 3833 800 3888 τοῦ
850 3833 986 3888 Θεοῦ
1012 3835 1109 3888 καὶ
1139 3835 1354 3905 Πατρδς
1404 3833 1466 3889 τὸ
1505 3835 1695 3906 χρῆμα
1729 3850 1858 3904 κιερ⁴

265 3929 587 3992 δαίνυντεςο
622 3931 651 3981 ὁ
687 3927 746 3982 δέ
800 3943 866 3996 γε
929 3926 1284 3999 Ἐμμανουὴλ
1317 3927 1420 3980 οὐκ
1457 3927 1524 3982 ἂν
1555 3920 1656 3980 ὧδε
1719 3924 1856 3996 ἔχοι,

265 4020 476 4075 πολλοῦ
495 4037 562 4089 γε
585 4019 680 4073 καί
699 4019 782 4073 δεῖ
807 4036 821 4051 ο
857 4018 974 4073 ἀλλ’
1005 4020 1054 4072 εί
1085 4019 1179 4073 κα)⁵
1199 4019 1425 4089 γέγονεν
1459 4020 1524 4073 ὲκ
1542 4018 1859 4090 σπέρματος

264 4113 372 4167 τοῦ
408 4111 570 4165 Δασὶδ
590 4112 734 4165 κατά
768 4111 970 4183 σάρκα,
1005 4111 1100 4164 καὶ
1137 4111 1213 4175 ὡς
1234 4107 1316 4174 εἷς
1344 4110 1404 4176 ἐξ
1421 4111 1579 4182 ἡμῶν
1609 4113 1689 4175 είς
1730 4111 1859 4165 Υἱὸν

264 4205 555 4274 λογίζεται
601 4199 736 4258 θεοῦ
767 4203 858 4258 διά
890 4205 952 4258 τὸ
1001 4203 1366 4276 ἀνθρώπινον,
1397 4203 1511 4258 ἀλλ’
1540 4200 1634 4259 οὖν
1672 4206 1730 4258 ἑν
1765 4205 1860 4257 δυ-

267 4298 443 4367 νάμει
474 4297 570 4351 καὶ
594 4289 826 4366 ἀληθείᾳ
861 4296 1004 4350 κατὰ
1032 4296 1198 4366 φύσιν
1232 4295 1361 4359 Υἱός
1389 4297 1529 4361 ἐστι,
1564 4297 1633 4349 δι’
1673 4289 1736 4349 οῦ
1766 4295 1862 4347 καὶ

267 4389 440 4458 ἡμεῖς
471 4384 869 4456 υίοποιούμεθα
901 4403 915 4416 ·
951 4386 1108 4457 εἴπερ
1155 4386 1304 4442 ἐστὶν
1329 4386 1526 4458 ἀληθὲς
1561 4387 1758 4448 εἰπεῖν,
1780 4385 1860 4465 ᾡς

265 4483 335 4535 τὸ
383 4479 548 4534 αὐτοῦ
574 4478 802 4550 Πνεῦμα
837 4478 1279 4551 πεπλουτηκότες
1312 4469 1403 4535 διά
1445 4480 1541 4534 τοῦ
1575 4478 1730 4548 ἁγίου
1762 4477 1862 4546 βα-

189 4595 206 4644 'L
271 4557 614 4642 κτίσματος,
643 4573 765 4625 τότε
795 4570 882 4641 δὴ,
915 4572 1040 4624 τότε
1076 4573 1172 4626 καὶ
1197 4574 1626 4644 άνεπιπλήκτως
1652 4571 1856 4640 φαμὲν,

282 4663 460 4718 Ἀϐϐά
481 4663 510 4716 ό
537 4664 751 4736 Πατήρ.
773 4663 983 4720 Οὐκοῦν
1016 4663 1090 4726 ὼς
1119 4660 1327 4727 είκόνες
1359 4665 1495 4734 πρὸς
1523 4658 1857 4734 ἀρχέτυπον,

267 4755 422 4810 οὕτω
447 4758 542 4809 καὶ
565 4757 726 4827 ἡμεῖς
743 4759 793 4810 οί
817 4757 962 4811 κατὰ
981 4756 1131 4810 θέσιν
1172 4756 1278 4810 υἱοὶ
1297 4796 1312 4821 ,
1340 4755 1476 4826 πρὸς
1499 4755 1592 4809 τὸν
1610 4754 1769 4823 φύσει
1799 4771 1859 4812 τε
1888 4776 1890 4779 '

270 4847 374 4902 καὶ
400 4847 629 4919 δυνάμει
657 4848 753 4902 καὶ
783 4847 1000 4919 άληθῶς
1017 4850 1083 4902 ἐκ
1110 4848 1323 4919 Πατρὸς
1359 4848 1860 4920 μεμαρτυρημένον

267 4940 358 4998 είς
387 4938 568 4994 τοῦτο.
591 4957 624 4990 -ι

347 5029 452 5084 λαι.
495 5029 852 5088 Ἐπιστατέον
879 5030 974 5084 οῦν
1015 5029 1282 5101 ἀκριϐῶς,
1309 5030 1392 5084 ὃτι
1443 5047 1506 5099 γε
1545 5031 1608 5084 τὸ
1632 5029 1735 5100 τῆς
1785 5031 1863 5083 εἰ-

269 5123 434 5184 κόνος
490 5122 865 5192 παράδειγμα,
922 5122 1020 5190 οὐχ
1054 5119 1245 5190 ὥσπερ
1284 5123 1341 5172 ὲν
1386 5123 1500 5184 τοῖς
1550 5121 1862 5193 ἔμπροσθεν

266 5217 426 5276 ὅπως
461 5214 576 5284 εχει
607 5214 637 5264 ό
669 5213 796 5276 Υἱὸς
827 5213 962 5284 πρὸς
995 5213 1087 5266 τὸν
1135 5213 1377 5284 Πατέρα,
1405 5212 1548 5268 οὕτω
1582 5215 1861 5276 κάνταῦθα

265 5307 708 5379 παρενήνεκται,
733 5304 848 5359 ἀλλ’
883 5306 1033 5369 ὅπως
1064 5306 1222 5376 ἡμεῖς
1255 5306 1304 5358 οἱ
1339 5305 1488 5359 θέσει
1531 5308 1627 5360 καῖ⁹
1678 5307 1861 5379 χάριτι

347 5457 464 5528 (10)
495 5458 570 5528 De
597 5456 701 5528 hoc
733 5456 968 5510 diximus
1004 5459 1273 5524 superius.
1303 5472 1356 5524 p.
1394 5457 1486 5524 12,
1510 5461 1562 5511 in
1590 5459 1717 5515 adn.

347 5526 464 5595 (4-1)
503 5526 864 5600 Cratini-simu:
889 5528 989 5581 huc
1047 5542 1245 5580 ttovmtt
1280 5533 1460 5600 Sall—Cll
1494 5530 1679 5600 (ἐντίΗί
1719 5529 1864 5599 frag-

266 5593 526 5656 mentum
555 5613 622 5650 ex
657 5595 776 5664 ejus
823 5593 1226 5650 Commentario
1277 5599 1328 5651 in
1360 5593 1637 5666 Epistiad
1673 5593 1866 5654 Bouia-

274 5686 400 5735 nos,
435 5669 590 5738 cujus
643 5667 799 5722 sedes
830 5669 1051 5744 propria
1079 5677 1161 5722 est
1197 5679 1316 5737 post
1347 5673 1583 5738 primum
1640 5689 1671 5727 a
1711 5673 1867 5727 nobis

1955 3189 2064 3245 divi
2105 3189 2352 3260 Apostoli
2387 3191 2454 3246 ad
2495 3189 2773 3247 Romanos
2812 3189 3540 3261 Epistulam.commentario

1953 3282 2255 3352 explanans
2283 3283 2420 3356 (41).
2468 3302 2487 3336 ι
2519 3281 2598 3339 De
2634 3284 2844 3340 semine
2878 3284 3099 3340 Davidis
3127 3297 3312 3341 natum
3343 3303 3542 3342 secun-

1955 3375 2083 3431 dnm
2114 3391 2367 3439 carnem,
2401 3375 2849 3444 praedestinatum
2883 3377 2962 3431 ait
2989 3376 3187 3432 Filium
3225 3379 3318 3434 Dei
3347 3379 3400 3433 in
3429 3380 3543 3434 vir-

1958 3473 2092 3533 tute,
2125 3468 2424 3522 secundum
2455 3466 2723 3538 Spiritum
2749 3468 3223 3536 sanctiﬁcationis,
3248 3485 3315 3526 ex
3353 3485 3542 3527 resur-

1957 3559 2199 3614 rectione
2229 3570 2590 3615 mortuorum.
2631 3559 2848 3616 Etenim
2883 3563 3340 3631 praedestinamur
3371 3567 3539 3619 etiam

1956 3667 2059 3708 nos
2093 3652 2222 3717 ﬁlii,
2265 3652 2358 3708 sed
2401 3663 2580 3708 tamen
2637 3670 2742 3709 non
2779 3670 2844 3709 ex
2881 3657 3116 3719 virtute,
3152 3659 3248 3710 sed
3283 3664 3541 3725 tanquam

1957 3758 2023 3798 ex
2057 3744 2268 3820 gratia,
2318 3745 2419 3800 hac
2469 3746 2833 3815 appellatione
2877 3746 3024 3817 digni
3070 3747 3274 3814 habiti;
3325 3759 3380 3803 et
3416 3757 3543 3803 tau-

1957 3851 2120 3906 quam
2171 3837 2287 3898 sola
2348 3838 2443 3894 Dei
2485 3837 2664 3894 Patris
2718 3839 3039 3906 voluntate,
3077 3840 3216 3895 hanc
3250 3855 3366 3895 rem
3417 3855 3542 3894 sor-

1962 3929 2067 3983 titi.
2113 3927 2595 3984 Verumenimvero
2629 3928 2950 3983 Emmanuel
3007 3928 3237 3982 multum
3283 3931 3434 3984 abest
3485 3941 3545 3984 ut

1959 4020 2034 4075 ita
2063 4036 2125 4076 se
2150 4020 2367 4076 habeat.
2386 4019 2613 4075 Etiamsi
2641 4020 2787 4075 enim
2813 4020 2882 4074 de
2906 4020 3124 4074 Davidis
3146 4021 3356 4075 semine
3376 4023 3546 4077 exsti-

1965 4115 2027 4169 tit
2074 4114 2370 4169 secundum
2403 4127 2657 4178 carnem,
2688 4122 2927 4168 attamen
2963 4112 3166 4168 virtute
3210 4128 3276 4168 ac
3317 4116 3547 4170 veritate

1963 4205 2234 4260 naturalis
2263 4205 2434 4260 Filius
2453 4215 2571 4270 est,
2603 4220 2701 4274 per
2730 4221 2894 4276 quem
2927 4221 3028 4262 nos
3056 4222 3269 4278 quoque
3295 4209 3388 4262 lilii
3424 4207 3544 4262 ρω-

1965 4296 2161 4350 cimur.
2201 4295 2480 4365 Siquidem
2506 4312 2636 4352 vere
2657 4297 2880 4365 dicitur,
2903 4298 3051 4368 quod
3079 4298 3199 4370 ejus
3236 4301 3393 4356 dilati
3421 4300 3546 4369 Spi-

1971 4389 2076 4444 ritu
2129 4404 2228 4460 per
2274 4402 2522 4445 sanctum
2563 4390 2923 4460 baptismum,
2975 4401 3103 4446 tunc
3144 4392 3360 4446 demum
3405 4394 3546 4448 citra

1972 4466 2447 4548 repreliensimmm
2477 4477 2712 4534 dicimus
2740 4497 2753 4532 :
2787 4477 2942 4534 Abba
2975 4477 3158 4535 Pater.
3211 4478 3380 4551 Igitur
3406 4484 3549 4537 sicut

1969 4571 2236 4642 imagines
2269 4580 2399 4624 sunt
2425 4584 2554 4640 erga
2593 4571 2914 4642 archetypa,
2948 4571 3022 4628 ita
3051 4581 3109 4626 et
3147 4587 3246 4628 nos
3271 4588 3370 4643 per
3419 4574 3550 4631 ado-

1972 4664 2212 4733 ptionem
2244 4661 2363 4728 lilii,
2389 4677 2516 4734 erga
2550 4678 2675 4717 eum
2712 4679 2900 4720 sumus
2926 4665 3019 4734 qui
3049 4677 3239 4734 suapte
3265 4676 3459 4720 natura
3486 4683 3550 4720 ac

1971 4755 2174 4808 virtute
2212 4767 2446 4824 vereque
2497 4751 2676 4808 Patris
2711 4753 3024 4812 testimonio
3057 4757 3180 4812 talis
3227 4767 3314 4812 est
3365 4759 3550 4813 decla-

1971 4857 2120 4900 ratus
2143 4844 2278 4917 (42).
2309 4863 2330 4896 ι

2040 5027 2132 5084 51.
2177 5025 2348 5082 Porro
2381 5038 2634 5084 accurate
2675 5031 3224 5087 animadvertendum
3277 5043 3362 5088 est
3409 5033 3547 5087 ima-

1970 5123 2112 5193 ginis
2146 5120 2489 5189 exemplum.
2541 5136 2648 5175 non
2681 5132 2738 5177 ut
2777 5123 2828 5176 in
2866 5123 3237 5191 superioribus
3275 5127 3551 5194 quomodo

1971 5213 2143 5282 Filius
2171 5227 2228 5266 se
2261 5211 2427 5266 habet
2455 5211 2522 5264 ad
2574 5210 2825 5278 Patrem,
2870 5213 2943 5267 ita
2975 5213 3063 5267 bic
3093 5214 3257 5268 etiam
3292 5213 3547 5284 proferri,

1972 5304 2069 5362 sed
2097 5305 2369 5374 quomodo
2401 5316 2500 5356 nos
2549 5302 2837 5373 adeptione
2875 5309 2929 5356 et
2953 5303 3127 5374 gratia
3165 5303 3285 5371 lilii,
3322 5304 3390 5360 ad
3421 5321 3544 5360 eum

1969 5467 2025 5516 in
2074 5467 2258 5514 nostra
2315 5455 2945 5528 editioneimpressum
2971 5501 2986 5526 ,
3018 5472 3211 5528 nempe
3244 5474 3362 5523 cap.
3408 5475 3460 5522 ι,
3491 5461 3549 5517 4.

2047 5530 2161 5600 (42)
2211 5527 2395 5582 Sam-ti
2454 5527 2887 5600 Cyrilliiusigue
2945 5542 2998 5582 et
3028 5527 3226 5593 Δνιινιιιιι
3281 5533 3348 5586 de
3381 5533 3554 5588 sacris

1975 5598 2303 5666 imaginibus
2333 5607 2513 5651 exstat
2552 5598 2925 5650 testimonium
2961 5600 3011 5653 in
3062 5600 3180 5667 ejus
3202 5601 3554 5658 Commenta-

1977 5678 2058 5727 rio
2089 5691 2118 5724 ιι
2147 5671 2302 5726 nobis
2329 5669 2475 5724 edito
2501 5669 2566 5720 ad
2599 5669 2864 5738 psalmum
2887 5684 3048 5743 cxtu,
3084 5672 3170 5727 l6.
