3898 6150
167 336 248 398 125

841 326 1469 389 ANTIRRHETICUS
1511 324 1601 384 ΠΙ
1643 322 1810 382 ADV.
1852 318 2446 381 CONSTANTINUM
2486 320 2697 378 (MPR.

3303 317 3408 381 426

165 448 272 510 κνὺς
304 446 367 498 ὲν
399 443 579 514 τούτῳ
616 442 717 512 τήν
762 458 825 494 τε
867 440 1163 512 ὁμοιότητα
1223 441 1318 494 καὶ
1371 439 1471 509 τὴν
1529 437 1726 490 οἰκειό-

1854 433 2094 504 magines
2111 441 2240 487 sunt
2268 441 2324 485 ut
2350 432 2678 501 archetypa;
2709 428 2789 483 sic
2814 429 3219 484 similitudinem
3247 432 3410 485 simul

164 554 296 609 τητα.

212 652 307 724 λβν.
348 652 416 705 Τί
438 651 646 706 τούτων
676 649 1011 720 σαφέστερον
1046 649 1079 719 ἢ
1105 647 1462 718 ἐκδηλότερον
1494 645 1632 716 πρὸς
1658 645 1727 698 τὰ

162 748 226 809 εἰς
250 745 482 816 ζήτησιν
527 745 660 815 ἡμῖν
698 744 1079 813 προκείμενα;
1119 743 1169 794 εἰ
1222 741 1298 811 μὴ
1331 739 1584 794 τοσοῦτον
1627 756 1729 795 πε-

165 841 431 909 πήρωνται
455 836 549 889 τὸν
575 834 723 901 νοῦν,
752 834 849 887 καὶ
877 833 939 886 τὸ
973 824 1073 903 τῆς
1104 831 1345 894 διανοίας
1369 832 1555 893 αὐτοῖς
1582 829 1731 909 ἐσκό-

164 908 323 982 τισται
359 926 538 996 ὖμμα.
566 925 631 977 Τί
657 919 752 977 οὖν
774 925 936 993 φαῖεν
971 921 1108 993 πρὸς
1134 920 1309 975 ταῦτα
1333 923 1381 974 oi
1413 922 1513 991 τῆς
1551 908 1729 974 υἱοθε-

166 1022 266 1085 σίας
313 1005 626 1088 ἀλλότριοις
684 1011 795 1085 ἆρα
847 1013 1172 1082 ἀντιϐλέψαι
1224 1013 1545 1085 δυνήσονται
1592 1013 1730 1083 πρὸς

163 1111 243 1180 τὴν
264 1109 413 1162 οὕτω
439 1108 703 1178 λαμπρὰν
722 1107 818 1160 καὶ
844 1106 1079 1175 διαφανῆ
1104 1106 1204 1174 τῆς
1226 1104 1491 1175 ἀληθείας
1516 1105 1691 1175 αὐγήν
1712 1123 1726 1170 ;

164 1197 253 1272 ἆρα
282 1200 745 1267 ἀνθυπενὲγκοιεν
764 1197 834 1251 τὰ
872 1198 937 1251 ὲκ
966 1198 1066 1268 τῆς
1100 1196 1361 1268 βδελυρᾶς
1388 1197 1482 1250 καὶ
1507 1195 1729 1250 θεοστυ-

166 1292 270 1359 γοῦς
326 1291 511 1345 αὐτῶν
542 1289 772 1361 καρδίας
815 1288 1237 1360 ἐξερευγόμενον.
1272 1289 1458 1342 εἰκαῖα
1495 1288 1590 1341 καὶ
1628 1306 1733 1358 μυ·-

168 1384 286 1453 σαρά
318 1381 727 1453 ληρωδήματα;
754 1379 998 1450 δέχονται
1027 1380 1252 1444 τούτους
1281 1382 1409 1443 τοὺς
1432 1380 1731 1452 θεηγόρους

166 1473 373 1540 λόγους,
417 1471 452 1541 ἢ
505 1469 963 1542 παραγράφονται
1010 1470 1100 1521 τὸν
1136 1469 1491 1535 διδάσκαλον;
1534 1470 1582 1521 εἰ
1632 1471 1732 1540 μὲν

165 1564 215 1616 ού
238 1563 509 1628 δέξονται,
538 1560 765 1614 αὐτόθεν
796 1561 979 1622 αὐτοῖς
1006 1562 1067 1612 τὸ
1095 1559 1196 1629 τῆς
1225 1559 1462 1628 Χριστοῦ
1494 1560 1733 1631 ποίμνης

164 1654 541 1727 ἠλλοτριῶσθαι
565 1651 880 1726 ὑπάρξειενο
907 1654 955 1705 εἱ
977 1652 1035 1704 δὲ
1056 1651 1321 1721 δέχονται,
1342 1652 1489 1706 δυοῖν
1515 1653 1728 1722 ἀνάγκη

164 1748 395 1817 ὓάτεροψ
427 1747 462 1816 ἢ
498 1745 589 1798 τὸν
621 1744 730 1798 τῶν
757 1743 980 1797 εἰκόνιον
1004 1743 1161 1811 λόγον
1183 1742 1258 1805 ὼς
1283 1742 1468 1813 ἔχουσι
1499 1743 1632 1815 πρὸς
1666 1744 1733 1796 τὰ

166 1838 458 1908 ἀρχέτυπα,
490 1833 752 1897 ὡσαύτως
781 1835 913 1905 ἡμῖν
941 1832 1311 1904 συμφήσαιεν,
1340 1834 1434 1886 καὶ
1457 1832 1544 1886 διὰ
1574 1834 1733 1887 τοῦτο
1769 1853 1809 1907 η

1804 1932 1960 1997 ‘rnm
2007 1919 2285 1972 nobiscum
2333 1921 2580 1974 venerari
2627 1923 2936 1989 patiantur;
2998 1924 3080 1977 vel
3132 1916 3426 1994 adoptione

166 1932 244 1983 καὶ
290 1928 395 1998 τὴν
446 1926 545 1980 τοῦ
599 1925 810 1992 Κυρίου
865 1925 1050 1978 εἰκόνα
1083 1923 1322 1977 καὶτῶν
1384 1923 1553 1991 ἁγίων
1611 1922 1730 1992 μεθ’

166 2021 301 2091 ἡμῶν
343 2018 722 2091 προσκυνῆσαι
768 2016 1192 2080 καταδέξανταιδ
1235 2015 1268 2084 ἢ
1312 2015 1415 2083 τῆς
1457 2014 1733 2077 υἱοθεσίας

168 2111 468 2183 περιφανῶς
502 2108 936 2179 ἐκϐληθήσονται
957 2147 971 2173 ,
1010 2108 1076 2178 ἦν
1112 2107 1198 2161 διὰ
1244 2106 1338 2160 τοῦ
1371 2108 1525 2175 ἁγίου
1564 2107 1732 2160 Πνεύ-

172 2222 318 2268 uate;
348 2207 409 2257 ἐν
441 2202 521 2273 τῷ
550 2202 682 2272 θείῳ
710 2201 922 2272 λουτρῷ
956 2201 1438 2271 πεπλουτήκαμεν,
1471 2201 1565 2253 καὶ⁴
1596 2202 1733 2270 μετὰ

175 2274 436 2351 Ἰουδαίων
460 2295 556 2347 καὶ
609 2288 881 2364 Ἑλλήνων
908 2291 1248 2358 τετάξονται,
1280 2293 1439 2362 εἴπερ
1460 2291 1526 2361 ἢν
1550 2292 1732 2362 ἔχουσι

170 2389 289 2456 πρὸς
329 2387 538 2456 ἄλληλα
581 2385 865 2439 κοινωνίαν
900 2401 960 2438 τε
1008 2385 1102 2437 καὶ
1145 2383 1330 2453 σχέσιν
1377 2383 1436 2435 οὐ
1473 2382 1731 2436 διδόασιν·

169 2480 356 2550 οἴχεται
390 2479 504 2549 γὰρ
536 2479 717 2542 αὐτοῖς
745 2477 806 2530 τὸ
840 2476 986 2530 θεῖον
1023 2477 1337 2547 βάπτισμα,
1376 2474 1646 2546 ἀνῄρηται
1673 2476 1732 2527 τὸ

170 2568 277 2621 κατ’
304 2569 495 2622 εἰκόνα
524 2563 665 2621 εἶναι
695 2565 1135 2628 τοῦΚτίσαντος
1156 2605 1172 2631 ,
1200 2564 1469 2618 Emitte-co:
1500 2566 1595 2619 καὶ
1630 2566 1736 2618 ἀπ-

171 2660 394 2729 ωσμένοι
434 2663 533 2729 τῆς
581 2658 735 2730 ἱερᾶς
765 2656 873 2710 τῶν
908 2655 1145 2727 Χριστοῦ
1176 2657 1381 2710 τέκνων
1410 2656 1612 2726 ἀγέλης
1633 2696 1647 2722 ,
1676 2657 1736 2709 τὸ

169 2750 339 2804 λοιπὸν
369 2748 744 2821 χρηματιοῦσι
769 2765 784 2780 ο
831 2747 1086 2802 τοσοῦτον
1129 2747 1417 2802 ἀπώναντο
1458 2748 1562 2818 τῆς
1595 2749 1745 2804 κατὰ

167 2843 255 2906 τὰς
283 2843 440 2914 ἱερὰς
471 2842 689 2906 εἰκόνας
729 2840 944 2911 ὕϐρεως
975 2842 1023 2893 οἰ
1067 2822 1424 2911 ταλαίπωροι.⁸
1462 2841 1738 2911 ὑπερθαυ-

170 2935 394 3003 μάσαιτο
418 2934 465 2988 δ’
505 2932 694 2995 ἄν’τις
724 2934 922 2995 αὐτοὺς
952 2934 1048 2986 καὶ
1095 2920 1351 2987 ἐντεῦθεν
1379 2932 1611 2997 εἰκότως
1658 2935 1738 2996 εἰς

166 3027 280 3079 ὅσον
310 3027 657 3097 ἠλιθιότητος
707 3027 799 3079 καὶ
844 3024 1136 3089 ἀσυνεσίας
1180 3024 1461 3090 ἐξέπεσον,
1509 3025 1739 3079 ἀκολου-

169 3118 284 3171 θοῦν
321 3119 864 3186 ταῖςάνοσιουργοϊς
918 3117 1184 3188 πράξεσι,
1243 3114 1338 3169 καὶ
1380 3118 1441 3169 τὸ
1485 3118 1738 3188 φρόνημα

174 3212 409 3282 σχόντες.

231 3326 329 3394 λγ’.
361 3324 799 3399 Προσποιοῦνται
837 3326 936 3397 μὲν
965 3325 1074 3396 γὰρ
1102 3320 1200 3378 καὶ
1230 3323 1750 3396 κατασχηματίζον-

172 3434 252 3470 ται
278 3418 369 3473 τὸν
380 3418 482 3473 τοῦ
510 3419 752 3492 σταυροῦ
771 3418 942 3473 τύπον
963 3419 1151 3490 τιμᾷνο
1174 3418 1235 3471 τὸ
1257 3417 1317 3471 δὲ
1340 3419 1573 3489 πρᾶγμα
1596 3417 1773 3495 αὑτὸκ

172 3510 297 3583 ὅπερ
344 3514 472 3568 ἐστὶ
510 3513 572 3566 τὸ
624 3506 892 3584 σωτήριον
936 3510 1032 3563 τοῦ
1088 3510 1327 3582 Χριστοῦ
1376 3510 1592 3577 πάθος,
1634 3513 1752 3575 ταῖς

173 3604 443 3674 ἀληθείαις
481 3603 792 3674 ἀναιροῦσι.
828 3602 956 3665 Πῶς
988 3601 1097 3673 γὰρ
1145 3601 1397 3656 πείσεται
1432 3602 1464 3672 ἢ
1501 3619 1752 3673 σταυρωο

172 3696 425 3764 θήσεται,
458 3694 604 3750 κατά
642 3694 742 3767 τὴν
791 3694 1016 3748 ἐκείνων
1069 3697 1404 3765 παράνοιαν,
1449 3694 1754 3764 ἀπερίγρατ

173 3802 299 3839 πτον
335 3785 650 3854 ἀνειληφὼς
694 3784 886 3855 σῶμα;
941 3784 994 3838 τί
1046 3783 1163 3855 γὰρ
1207 3785 1273 3839 ἂν
1320 3784 1406 3853 εἴη
1457 3783 1517 3836 τὸ
1566 3785 1623 3835 ὲν
1675 3782 1753 3852 τῷ

172 3876 388 3947 σταυρῷ
420 3874 859 3947 καθηλούμενον,
904 3874 938 3945 ἢ
973 3876 1085 3938 τοῖς
1118 3875 1268 3945 ἥλοις
1299 3875 1749 3947 διαπειρόμενον;

172 3969 260 4021 καὶ
288 3970 386 4022 ποῖ
425 3968 525 4039 τῆς
564 3968 771 4039 αἰχμῆς
805 3969 852 4021 οἰ
893 3967 1048 4036 ὄγκοι
1086 3966 1413 4030 εἰσδύσειαν,
1456 3970 1504 4020 εἰ
1545 3967 1620 4038 μὴ
1664 3984 1754 4020 πε-

174 4061 529 4131 ριγράφοιτος
560 4058 594 4129 ἣ
632 4059 913 4113 κάνταῦθα
937 4060 999 4112 τὸ
1041 4060 1138 4130 τῆς
1168 4059 1445 4131 δοκήσεως
1491 4062 1603 4124 τοῖς
1628 4060 1753 4113 ἁδο-

171 4153 353 4221 κίμοις
411 4151 734 4222 ἐπαχλύσειε
777 4150 1001 4217 σκότος’;
1044 4150 1163 4214 πῶς
1207 4151 1317 4222 γὰρ
1352 4152 1450 4204 οὐκ
1506 4152 1753 4220 ἀδόκιμοι

170 4246 257 4297 τὸν
300 4243 435 4299 νοῦν
479 4245 574 4298 καὶ
624 4244 723 4315 τὴν
774 4243 952 4315 ψυχὴν
1000 4232 1377 4313 ἐσκοτισμένοι
1405 4281 1421 4305 ,
1467 4243 1754 4306 λαλοῦντες

170 4332 623 4405 διεστραμμένα;
705 4332 909 4401 ἀγαθάΙ
959 4331 1068 4403 γὰρ
1136 4331 1322 4384 λαλεῖν
1388 4332 1486 4385 οὐκ
1564 4332 1752 4396 ἴσασι,

174 4426 402 4495 πονηροί
432 4442 495 4493 γε
522 4424 678 4487 ὄντες
697 4463 713 4488 ,
738 4425 834 4477 καὶ
860 4426 929 4478 ὲκ
959 4422 1065 4477 τοῦ
1086 4422 1630 4495 πονηροῦθησαυροῦ
1657 4425 1755 4493 τῆς

172 4518 404 4588 καρδίας
445 4518 514 4569 τὰ
559 4515 903 4588 πονηρότερα
948 4515 1371 4586 προφερόμενον
1420 4512 1508 4587 ἆρ’
1551 4513 1647 4570 οὖν
1692 4517 1753 4570 οὐ

176 4609 500 4679 πεφώραται
548 4609 619 4662 τὰ
646 4608 746 4677 τῆς
778 4605 1034 4670 ἀσεϐείας
1066 4606 1268 4673 αὐτῶν,
1302 4608 1451 4670 ὅπως
1489 4608 1536 4659 οἱ
1571 4606 1757 4677 ἐχθροὶ

170 4699 267 4751 τοῦ
324 4699 566 4769 σταυροῦ
624 4697 720 4751 τοῦ
777 4692 1061 4769 Χριστοῦ,
1113 4697 1183 4750 τά
1229 4699 1328 4768 μὲν
1374 4697 1471 4751 τοῦ
1524 4698 1757 4769 σταυροῦ

174 4791 513 4862 πρεσϐεύειν
565 4789 987 4861 ὑποκρίνονται,
1038 4790 1289 4844 αὑτὸνδὲ
1327 4790 1418 4844 τὸν
1458 4791 1629 4844 τύπον
1661 4790 1756 4844 τοῦ

174 4885 421 4954 σταυροῦ
451 4884 565 4946 τοῖς
595 4884 765 4954 ἱεροῖς
798 4884 1145 4954 χαρακτῆρσι
1171 4883 1626 4954 συνανορύττουσι
1663 4888 1759 4936 καὶ

171 4975 618 5041 συγκαταλύουσι
635 4992 648 5041 ;

235 5088 342 5143 λε’.
388 5090 453 5142 Τί
479 5084 572 5143 οῦν
599 5083 788 5158 φασιν,
827 5090 876 5142 οί
908 5089 1128 5159 ῥήματα
1151 5088 1305 5143 δόλια
1334 5091 1428 5143 καὶ
1457 5089 1756 5161 διεστραμ-

174 5182 319 5247 μένα
343 5180 813 5252 προϐαλλόμενοι;
836 5199 856 5233 ι
888 5181 993 5236 Τὸν
1011 5181 1184 5235 τύπον
1198 5178 1293 5234 τοῦ
1314 5172 1549 5252 σταυροῦ
1583 5194 1755 5251 προσ-

168 5270 476 5339 κυνοῦμεν,
502 5261 592 5324 διά
618 5271 708 5325 τὸν
732 5270 1032 5324 ὲκταθέντα
1052 5271 1113 5322 ὲν
1143 5271 1314 5341 αὐτῷ.
1343 5289 1360 5321 ι
1383 5270 1527 5342 Δήλη
1555 5270 1612 5323 δὲ
1636 5270 1761 5324 τού-

165 5376 282 5415 των
310 5363 353 5433 ἥ
387 5379 445 5415 τε
475 5362 873 5435 παραφροσύνη
904 5365 1000 5416 καὶ¹
1045 5365 1078 5435 η
1109 5356 1369 5435 σκαιότης
1399 5362 1757 5433 καθέστηκεν,

165 5452 246 5522 ὥς
277 5454 383 5509 τὸν
416 5456 514 5526 μὲν
552 5456 649 5510 τοῦ
685 5455 1006 5524 ἀγιάζοντος
1040 5457 1212 5510 τύπον
1240 5454 1625 5527 βδελύσσονται
1659 5455 1759 5527 ἤδη

244 5666 371 5738 (44)
415 5665 571 5723 Ludit
613 5667 1048 5738 Nicephorusgin
1094 5668 1373 5723 vocabulis
1412 5666 1670 5737 ἀδόκιμος
1712 5674 1764 5720 et

166 5736 410 5808 δόκησις
430 5776 442 5799 ,
470 5742 612 5806 quod
640 5753 792 5806 aeque
826 5738 937 5791 ﬁeri
966 5736 1156 5794 Latine
1190 5754 1296 5793 non
1331 5747 1525 5807 potest.

463 5832 730 5891 ΡΑτιιοι..
779 5833 894 5893 Gn.
944 5832 1016 5894 C.

1832 523 2382 591 convenientiamque
2413 522 2823 576 demonstrant.

1901 636 1989 691 5?.
2017 637 2155 704 Quid
2190 638 2294 691 hoc
2318 634 2667 690 manifestius
2703 644 2797 689 aut
2827 635 3133 690 evidentius
3183 637 3250 689 ad
3284 652 3413 706 pro-

1832 729 2061 799 positam
2085 728 2255 782 nobis‘
2274 725 2669 797 quaestionem?
2699 724 2811 780 Nisi
2839 720 2979 780 forte
3007 725 3112 780 illis
3143 739 3414 781 excmcata

1832 833 2059 887 prorsus
2087 833 2242 874 mens
2284 830 2387 886 est,
2421 819 2731 887 mentisque
2762 818 2950 873 oculus
2999 820 3412 875 ohtenehratus.

1833 911 1973 978 Quid
2002 922 2132 981 ergo
2169 915 2233 966 ad
2276 912 2390 967 hare
2419 912 2604 966 dicent
2655 912 2743 965 isti
2797 911 2863 965 ab
2894 912 3185 981 adoptione
3228 911 3416 968 divina

1832 1003 2029 1057 alieni?
2057 1002 2192 1058 Num
2230 1003 2417 1059 oculos
2447 1014 2638 1059 contra
2664 1013 2771 1057 tam
2800 1005 3005 1059 clarum
3038 1005 3420 1076 lucentemque

1831 1095 2083 1150 veritatis
2132 1094 2473 1165 splendorem
2508 1104 2768 1166 poterunt
2799 1096 3138 1150 ohlirmare?
3187 1098 3269 1150 An
3316 1113 3417 1169 op-

1831 1194 2032 1253 ponent
2065 1200 2202 1239 vana
2239 1195 2293 1239 et
2330 1185 2692 1239 abominanda
2726 1202 2792 1240 ex
2832 1187 3044 1255 impuro
3074 1203 3172 1243 suo
3201 1190 3420 1260 Deoque

1832 1275 2017 1329 odibili
2066 1282 2313 1330 eructala
2368 1278 2531 1331 corde
2579 1276 2934 1332 deliramenta
2974 1278 2998 1332 Ἰ
3042 1279 3422 1336 Admittuntne

1834 1369 2091 1423 divinitus
2127 1370 2334 1437 prolata
2382 1369 2575 1431 verba,
2631 1386 2695 1421 an
2749 1371 3068 1439 magistrum
3125 1373 3419 1427 recursant?

1835 1462 1888 1515 Si
1920 1479 2035 1535 non
2056 1450 2367 1525 admittunt,
2412 1462 2521 1530 jam
2572 1462 2696 1516 hinc
2723 1464 2791 1516 iis
2824 1460 3115 1518 conﬁcitur
3142 1484 3168 1519 a
3213 1465 3419 1521 Christi

1835 1554 2257 1608 ovilialienatio.
2285 1552 2379 1608 Sin
2411 1555 2723 1617 admittunt,
2758 1554 3080 1611 alterutrum
3117 1558 3182 1612 de
3211 1558 3422 1613 duobus

1836 1658 2057 1699 necesse
2095 1654 2204 1709 est;
2243 1660 2433 1714 nempe
2487 1646 2568 1698 vel
2607 1646 2900 1715 imaginum
2936 1646 3222 1712 rationem,
3264 1661 3426 1719 prout

1834 1749 1893 1786 se
1932 1734 2130 1789 habent
2152 1737 2215 1787 ad
2245 1726 2873 1806 archetypa;nobiscum
2905 1738 3291 1806 conﬁteantur,
3340 1752 3424 1797 at-

1836 1840 1939 1893 que
1974 1827 2040 1881 ob
2073 1828 2122 1878 id
2175 1827 2385 1881 Domini
2433 1844 2648 1899 quoque
2677 1829 2965 1899 imaginem
3004 1842 3171 1901 atque
3204 1845 3426 1889 sancto-

1841 2008 2021 2062 divina
2083 2010 2368 2065 manifeste
2416 2012 2786 2082 expellentur,
2819 2029 2982 2082 quam
3035 2032 3128 2084 per
3173 2030 3422 2074 Sanctum

1842 2101 2103 2169 Spiritum
2148 2104 2200 2156 in
2238 2103 2422 2157 divino
2479 2104 2694 2159 lavacro
2725 2108 2903 2176 adepti
2931 2106 3131 2163 fuimus
3153 2148 3167 2173 ,
3199 2120 3252 2165 et
3298 2128 3423 2171 cum

1839 2192 2041 2247 Judaeis
2067 2203 2230 2264 atque
2247 2194 2479 2249 ethnicis
2497 2195 2936 2264 collocabuntur;
2962 2197 3229 2268 siquidem
3261 2217 3424 2270 quam

1843 2286 2045 2339 habent
2079 2287 2307 2340 invicem
2352 2290 2622 2350 praedicta:
2672 2289 2940 2356 imagines
2979 2294 3420 2350 communionem

1842 2378 2269 2448 relationemque
2312 2396 2416 2434 non
2444 2376 2770 2437 concedunt.
2796 2381 3126 2440 Peritenim
3170 2387 3301 2457 ipsis
3332 2389 3426 2445 ba-

1843 2470 2098 2539 ptismus,
2151 2471 2402 2527 desinunt
2450 2487 2572 2528 esse
2596 2474 2748 2541 juxta
2778 2475 3055 2533 Creatoris
3086 2479 3424 2550 imaginem;

1845 2564 2053 2619 decidui
2108 2573 2163 2620 et
2207 2562 2367 2635 ejecti
2417 2580 2576 2623 sacro
2631 2567 2836 2623 Christi
2880 2568 3112 2624 ﬁliorum
3167 2588 3333 2644 grege
3373 2575 3428 2630 iu

1845 2664 2122 2723 posterum
2169 2667 2350 2711 erunt.
2386 2657 2498 2713 lloc
2530 2646 2629 2715 sibi
2664 2661 3098 2718 emolumentum
3126 2679 3191 2719 ex
3226 2650 3425 2736 injuria

1844 2749 2104 2817 adversus
2141 2765 2326 2806 sacras
2378 2750 2643 2824 imagines
2689 2765 2944 2810 curarunt
2987 2754 3221 2813 miseri.‘
3258 2760 3431 2816 Sum-

1846 2855 2065 2917 mopege
2087 2852 2265 2898 autem
2303 2844 2443 2898 demi
2455 2845 2558 2899 rari
2593 2844 2689 2899 hos
2722 2844 2914 2902 merito
2945 2846 3071 2903 hinc
3106 2864 3427 2921 possumus,

1847 2932 1900 2985 in
1934 2943 2196 3001 qhantum
2218 2930 2464 2990 stultitim
2496 2937 2857 3008 amentiaeque
2889 2940 3170 3006 venerint,
3197 2958 3432 3000 consen-

1848 3033 2061 3079 taneam
2091 3027 2351 3097 improbis
2395 3028 2551 3083 factis
2585 3031 2699 3085 suis
2732 3032 2928 3087 mentis
2957 3048 3173 3102 quoque
3205 3047 3423 3092 sentem

1850 3120 1976 3170 tiam
2022 3118 2301 3175 habentes.

1929 3324 2089 3397 106
2136 3324 2228 3380 55.
2267 3324 2542 3380 Simulanl
2585 3327 2807 3398 quidem
2861 3327 3114 3401 falsoque
3151 3341 3437 3392 ostentant

1856 3417 2034 3471 crucis
2069 3426 2253 3487 typum
2280 3432 2307 3471 a
2348 3430 2407 3473 se
2435 3416 2727 3486 honorari;
2757 3422 2853 3475 sed
2898 3419 3101 3478 factum
3140 3423 3338 3495 ipsum,
3385 3429 3437 3483 id

1856 3517 1938 3562 est
1965 3507 2260 3563 salutarem
2290 3508 2494 3564 Christi
2534 3508 2841 3579 passionem
2870 3551 2886 3579 ,
2945 3529 3134 3571 revera
3191 3502 3433 3575 abolent.

1855 3598 2133 3664 Quomodo
2154 3598 2296 3652 enim
2340 3614 2532 3669 passus
2562 3599 2706 3655 l'orct
2751 3610 2848 3655 aut
2904 3596 3223 3674 cruciﬁxus,
3270 3609 3425 3678 juxta

1857 3689 2088 3741 istorum
2115 3689 2478 3753 dementiam,
2536 3692 2581 3746 si
2637 3692 3173 3766 incircumscriptmn
3240 3715 3439 3770 corpus

1855 3780 2442 3849 assumpsisset?Quid
2476 3784 2620 3837 enim
2650 3785 2703 3838 in
2734 3800 2896 3841 cruce
2926 3782 3116 3863 luisset
3141 3790 3434 3860 conlisum,

1855 3868 2152 3943 aut‘clavis
2205 3869 2587 3939 perforatum?
2633 3871 2880 3938 Quonam
2932 3874 3135 3931 lanceae
3187 3883 3438 3949 cu5pides

1857 3968 2272 4026 penetrassent,
2310 3961 2416 4028 nisi
2464 3976 2665 4032 corpus
2703 3962 2897 4019 fuisset
2925 3965 3440 4039 circumscriptum?

1856 4051 1991 4106 Num
2025 4053 2149 4107 hinc
2179 4048 2343 4107 etiam
2370 4052 2455 4108 his
2481 4044 2834 4123 inopinabilis
2860 4056 3152 4125 impietatis
3178 4060 3436 4127 alumnis,

1856 4145 2127 4215 opinioais
2173 4145 2541 4227 phantastiete
2571 4145 2684 4217 (44)
2749 4144 3098 4203 olfundentur
3166 4153 3443 4209 tenebrae?

1857 4236 2053 4303 Quidni
2081 4237 2225 4291 enim
2278 4237 2390 4293 sint
2422 4238 2665 4310 reprobi,
2691 4239 2782 4309 qui
2820 4250 3058 4297 mentem
3093 4242 3293 4299 habent
3318 4244 3440 4300 ani-

1859 4343 2114 4395 mamque
2156 4311 2598 4398 obteitebrntam,
2642 4330 2927 4401 loquentes
2960 4335 3257 4403 perversa?
3301 4336 3440 4392 bona

1857 4419 2001 4474 enim
2035 4419 2183 4490 loqui
2207 4419 2478 4486 nesciunt,
2523 4421 2649 4475 mali
2682 4422 2810 4477 cum
2843 4423 2975 4491 sint,
3026 4438 3095 4478 ex
3126 4440 3293 4494 pravo
3319 4442 3443 4484 cor-

1790 4552 1831 4606 D
1862 4513 1945 4566 dis
1973 4514 2235 4568 thesauro
2262 4503 2525 4582 pravlora‘
2551 4514 2961 4584 depromentes,
3012 4514 3208 4601 Nonne
3264 4520 3446 4592 itaque

1863 4604 2199 4673 deprehensa
2225 4613 2307 4660 est
2331 4605 2557 4661 istorum
2588 4607 2862 4676 impietas,
2889 4611 3161 4693 quomodo
3192 4613 3448 4670 videlicet

1862 4695 2071 4750 inimici
2102 4695 2285 4750 crucis
2315 4694 2545 4763 Christi,
2578 4711 2797 4752 crucem
2834 4699 3052 4769 quidem
3091 4703 3341 4758 venerari
3371 4704 3446 4759 si-

1862 4788 2067 4843 mulant
2092 4828 2106 4854 ,
2142 4790 2315 4856 ipsum
2357 4803 2488 4844 vero
2511 4789 2691 4847 crucis
2725 4800 2910 4862 typum
2948 4792 3068 4864 (45)
3109 4808 3232 4849 cum
3272 4797 3448 4851 sacris

1864 4879 2273 4935 characteribus
2315 4877 2589 4936 subruunt
2621 4880 3058 4954 destruuntque?

1941 5085 2030 5139 34.
2066 5086 2204 5153 Quid
2236 5102 2366 5155 ergo
2409 5086 2462 5140 hi
2512 5087 2686 5152 aiunt,
2717 5089 2884 5145 verba
2916 5089 3101 5144 dolosa
3139 5100 3194 5146 et
3225 5091 3446 5162 obliqua

1866 5177 2240 5234 et‘l‘utientesh
2264 5177 2478 5250 Typum
2500 5183 2682 5235 crucis
2705 5182 3023 5248 adoramus,
3049 5194 3274 5252 propter
3295 5184 3450 5241 illum

1871 5270 1961 5338 qui
2000 5270 2053 5324 in
2085 5284 2149 5324 ea
2169 5268 2269 5337 fuit
2290 5270 2910 5339 extensus.»Explorata
2938 5282 3119 5328 autem
3140 5282 3225 5329 est
3253 5274 3449 5331 horum

1872 5361 2105 5417 amentia
2139 5369 2195 5416 et
2235 5361 2580 5430 improbitas,
2620 5362 2763 5429 quod
2811 5377 3006 5431 nempe
3053 5363 3452 5420 sanetilicantis

1875 5453 2057 5525 typum
2113 5455 2503 5509 abominantur
2558 5468 2625 5510 ac
2689 5455 2999 5526 despuunt,
3046 5456 3449 5514 sanctiﬁcatum

1945 5665 2058 5737 (45)
2095 5664 2299 5742 Nempe
2332 5665 2548 5742 _Christi
2593 5666 2920 5738 imaginem,
2967 5685 3031 5726 ex
3063 5687 3167 5742 qua
3207 5674 3446 5732 derivata

1870 5735 2084 5793 videtur
2115 5735 2292 5792 crucis
2325 5735 2514 5808 figura.

3062 5838 3133 5896 l‘t
