3898 6150
477 299 594 363 ἶΞἸ

1527 298 1587 357 S.
1630 296 2051 358 NICEPHORI
2087 297 2598 357 'PATRIARCILE
2641 298 2747 357 (ΣΡ.

3648 297 3758 361 423

489 427 674 473 autem
707 414 982 471 honorare
1011 413 1266 468 videntur
1297 409 1434 480 (46).
1453 409 1617 478 Atqui
1644 410 1918 480 quomodo
1940 426 2067 464 san-

2179 409 2268 462 καὶ
2303 407 2647 474 διαπτύουσι,
2681 407 2772 458 τὸν
2807 407 2865 458 δὲ
2913 406 3005 458 τοῦ
3040 406 3408 476 ἁγιαζομένου
3442 408 3605 478 τιμᾷν
3641 412 3757 464 ἐὺ)-

490 493 759 563 ctiﬁcatus
789 516 968 577 typus,
997 505 1048 558 id
1078 512 1162 558 est
1183 516 1316 556 crux
1342 539 1358 565 ,
1390 499 1512 564 fuit,
1549 510 1606 553 ut
1636 501 1735 570 ipsi
1767 499 1986 562 volunt,
2021 500 2066 555 si

491 599 742 655 Christus
772 612 898 651 vere
927 596 978 649 in
1016 607 1246 664 corpore
1278 607 1382 664 non
1411 600 1494 645 est
1520 591 1753 658 passus?
1782 590 1918 644 lluic
1939 605 2070 658 ergo

493 683 745 736 amentiae
772 690 933 750 atque
965 678 1188 732 insania:
1220 691 1286 730 ne
1313 675 1641 744 respondere
1665 675 1884 754 quidem
1909 689 2069 744 opor-

500 785 638 829 teret
695 791 708 826 :
769 771 1097 841 respomlere
1156 767 1302 822 enim
1355 767 1518 821 stulto
1561 765 1718 834 juxta
1781 765 2067 820 stultitiam

493 883 658 921 suam.
679 874 922 920 vetamur
937 862 1004 916 ⁵⁵.
1032 859 1141 916 Sed
1167 859 1312 914 enim
1344 869 1567 928 propter
1601 857 1760 926 hujus
1799 857 2069 912 sermonis

495 959 780 1014 veritatem
814 939 1191 1019 asserendam,
1223 951 1535 1020 seriemque
1569 953 1878 1016 tenendam,
1909 961 2070 1019 atque

494 1059 552 1104 ut
597 1046 956 1118 picntioribus
985 1043 1437 1114 persuadeamus,
1464 1043 1536 1096 ita
1570 1043 1805 1104 dicimus
1843 1061 1856 1096 :
1898 1042 2072 1111 primo

405 1141 425 1159 ‘
491 1142 708 1212 quidem
731 1147 925 1195 cuncta
956 1153 1077 1208 qua:
1108 1137 1159 1190 in
1197 1135 1434 1189 Ecclesia
1459 1134 1552 1190 Dei
1583 1144 1730 1197 sunt,
1763 1148 1916 1188 sacra
1951 1146 2072 1186 esse

491 1253 554 1292 ac
577 1247 785 1298 sancta,
811 1248 926 1286 ‘uos
944 1232 1086 1285 scire
1109 1238 1163 1283 et
1192 1227 1437 1282 conﬁteri
1465 1243 1480 1292 ;
1508 1226 1735 1294 ideoque
1767 1223 2070 1279 veneranda

490 1340 544 1382 ct
574 1327 819 1394 religiosa
846 1324 1052 1396 pariter
1076 1322 1264 1376 haberi
1291 1337 1318 1373 a
1345 1319 1503 1374 nobis
1525 1328 1686 1388 atque
1715 1317 2029 1371 honoranda
2055 1333 2069 1381 ;

493 1421 737 1488 nihilque
764 1432 886 1471 esse
914 1415 966 1469 in
1006 1415 1073 1467 iis
1097 1413 1386 1483 inglorium
1418 1420 1511 1464 aut
1545 1409 1820 1478 ignobile,
1856 1415 1912 1460 ut
1957 1405 2070 1471 jam

493 1511 620 1566 alibi
654 1509 908 1564 diximus.
956 1504 1146 1574 Neque
1186 1505 1317 1557 licet
1369 1503 1526 1556 nobis
1575 1501 1858 1564 lidelihus,
1897 1512 2074 1568 neque

497 1602 814 1655 traditiones
846 1598 1104 1660 illorum,
1155 1596 1244 1665 qui
1295 1593 1560 1649 doctrina:
1616 1601 1814 1646 nostra;
1870 1589 2073 1643 antesi—

494 1695 654 1764 gnani
693 1692 935 1760 fuerunt,
962 1697 1184 1743 monent
1214 1695 1272 1740 ut
1298 1685 1678 1740 distinctiones
1709 1683 1844 1736 ullas
1875 1693 1927 1736 et
1957 1683 2069 1735 dis--

2177 500 2296 567 ξανο
2336 500 2512 554 καίτοι
2549 499 2664 562 πῶς
2714 499 2976 568 ἡγίασται
3019 499 3140 551 κατ’
3175 499 3372 562 αὐτοὺς
3400 540 3414 564 ,
3451 501 3524 570 μὴ
3559 520 3759 558 πεπον-

2177 593 2328 656 θότος
2364 591 2456 646 τοῦ
2490 591 2730 664 Χριστοῦ
2761 593 2975 662 σώματι
3000 593 3142 645 κατά
3167 592 3460 664 ἀλήθειανς
3492 597 3626 661 πρὶς
3662 598 3758 664 μὲν

2177 683 2271 740 οὖν
2294 688 2394 756 τὴν
2423 685 2682 756 τοιαύτην
2709 688 3010 758 παράνοιαν
3038 686 3133 738 καὶ
3162 686 3611 755 φρενοὸὶάϐειαν,
3641 690 3761 742 οὐδὲ

2177 776 2572 848 ἀποκρίνεσθαι
2593 775 2769 848 χρεών
2793 794 2807 807 ·
2823 797 2839 827 ι
2863 779 2954 846 Μὴ
2976 777 3270 846 ἀποκρίνου
3286 777 3394 847 γὰρ
3413 779 3604 849 ἄφρονι
3621 782 3761 833 κατά

2177 871 2274 940 τὴν
2303 869 2619 940 ἀφροσύνην
2662 867 2849 931 αὐτοῦ,
2878 887 2895 917 ι
2922 868 3303 938 διδασκόμεθα.
3333 868 3562 922 Διάύτὸ
3577 871 3633 922 δὲ
3669 871 3759 924 τοῦ

2177 961 2339 1029 λόγου
2371 960 2432 1014 τὸ
2462 959 2664 1030 ἀληθὲς
2695 961 2790 1014 καὶ⁴
2825 959 3138 1020 ἀκόλουθον,
3181 961 3275 1013 καὶ
3315 960 3412 1028 τὴν
3445 961 3552 1014 τῶν
3593 965 3762 1015 ἐπιει-

2178 1057 2456 1127 κεστέρων
2483 1055 2822 1116 εὐπείθειαν,
2851 1054 3026 1106 ταῦτά
3048 1071 3227 1124 φαμεν
3253 1071 3266 1086 ο
3295 1055 3377 1107 ὅτι
3409 1055 3629 1125 πρῶτον
3665 1057 3762 1126 μὲν

2175 1148 2355 1201 πάντα
2392 1150 2457 1200 τὰ
2479 1149 2537 1200 ὲν
2565 1151 2630 1218 τῇ
2679 1146 2943 1216 ἐκκλησίᾳ
2967 1145 3061 1198 τοῦ
3084 1145 3242 1208 Θεοῦ,
3266 1146 3390 1216 ἱερά
3422 1163 3482 1199 τε
3505 1150 3598 1200 καὶ
3630 1148 3762 1216 ἅγια

2181 1243 2274 1296 καὶ
2300 1243 2458 1311 ἴσμεν
2499 1241 2595 1294 καὶ
2628 1238 3019 1310 ὁμολογοῦμεν·
3057 1239 3150 1290 καὶ
3177 1237 3267 1290 διὰ
3295 1238 3452 1290 τοῦτο
3471 1277 3485 1302 ,
3516 1256 3761 1308 προσκυ-

2179 1335 2315 1404 νητά
2343 1337 2436 1387 καὶ
2461 1335 2735 1403 σεϐάσμια
2756 1333 2961 1402 ὁμοίως
2995 1330 3125 1403 παρ’
3157 1333 3287 1402 ἡμῖν
3320 1334 3426 1384 εἰσι
3453 1333 3548 1384 καὶ
3575 1333 3760 1400 τίμια,

2181 1430 2273 1494 καὶ.
2299 1427 2451 1480 οὐδὲν
2491 1426 2702 1490 ἄδοξον,
2750 1425 2905 1478 οὐδὲν
2942 1424 3157 1493 ἄτιμον,
3190 1423 3380 1494 ὥσπερ
3417 1425 3482 1494 δὴ
3515 1428 3611 1477 καὶ
3654 1427 3765 1478 ὲτέα

2183 1519 2316 1589 ρωθι
2363 1520 2493 1588 ἡμῖν
2539 1517 2808 1569 λέλεκται·
2853 1505 2946 1570 καὶ
2991 1516 3092 1568 οὐκ
3142 1515 3262 1580 ἐξὸν
3313 1517 3447 1584 ἡμῖν
3503 1517 3620 1578 τοῖς
3678 1534 3764 1568 πι-

2183 1608 2348 1671 στοῖςο
2384 1607 2504 1660 οὐδὲ
2548 1607 2622 1660 τὰ
2664 1605 3077 1677 παραδεδομένα
3118 1606 3268 1676 παρά
3320 1605 3427 1656 τῶν
3477 1604 3764 1673 προεστὼ-

2180 1710 2288 1746 των
2349 1693 2445 1746 τοῦ
2501 1693 2624 1748 καθ’
2689 1696 2836 1763 ἡμᾶς
2890 1693 3049 1760 λόγου
3109 1692 3503 1760 ἐπαγγέλλεται
3550 1693 3766 1762 διακρί-

497 1786 825 1856 quisitiones
876 1781 1143 1836 faciamus
1167 1820 1182 1843 ,
1216 1778 1344 1848 quid
1393 1779 1465 1832 sit
1497 1778 1730 1846 primum
1758 1776 1842 1829 vel
1876 1789 2069 1828 secun-

2179 1801 2285 1848 σεις
2314 1786 2468 1848 τινάς
2513 1785 2607 1838 καὶ
2647 1785 2919 1850 ἐξετάσεις
2951 1785 3251 1850 ποιεῖσθαι,
3283 1787 3483 1837 -όποῐον
3517 1785 3584 1854 δὴ
3631 1786 3765 1854 πρό-

495 1876 647 1938 dum,
682 1873 959 1944 quidplus
993 1870 1076 1926 vel
1113 1869 1292 1924 minus
1336 1866 1672 1922 honorabile.
1722 1864 1966 1934 Namque
2017 1864 2068 1918 id

495 1969 658 2024 omne
688 1967 755 2022 ab
785 1964 1084 2020 inlidelium
1122 1973 1175 2016 et
1200 1961 1490 2032 impiorum
1528 1957 1728 2011 malitia
1755 1967 1837 2011 est
1869 1971 1883 2010 :
1917 1965 2065 2026 puta,

488 2061 540 2116 si
572 2059 675 2114 hoc
715 2057 1016 2112 adoravero
1055 2052 1139 2107 vel
1189 2065 1346 2106 secus
1371 2090 1386 2114 ,
1419 2034 1741 2104 salvaborue
1771 2064 1839 2101 an
1876 2048 2070 2101 secus?

495 2152 756 2207 meliusne
785 2149 907 2212 hoc,
947 2164 1013 2201 an
1038 2145 1204 2200 illud?
1233 2143 1389 2211 Quod
1424 2156 1555 2215 sane
1577 2155 1801 2216 summa:
1825 2139 2070 2194 stultitiae

493 2253 560 2299 ac
599 2242 846 2297 ruditatis
877 2241 1097 2303 horum,
1128 2237 1220 2306 qui
1263 2250 1404 2289 nunc
1441 2235 1566 2289 talia
1614 2241 1885 2301 quaerunt,
1927 2232 2066 2285 iudi-

495 2339 638 2393 cium
672 2345 776 2389 est.
809 2331 948 2398 Quid
976 2330 1119 2384 enim
1143 2326 1550 2396 respondebunt
1585 2323 1826 2378 dicenti:
1857 2341 1874 2374 ι
1911 2322 1966 2376 Si
1993 2323 2070 2377 le-

491 2441 614 2498 gem
649 2427 953 2493 universam
1003 2419 1196 2490 aliquis
1239 2417 1572 2484 servaverit,
1629 2417 1681 2469 in
1732 2431 1838 2470 uno
1889 2425 2068 2470 autem

498 2517 751 2572 mandato
775 2514 1029 2579 Oﬁciiilatt,
1063 2511 1239 2564 factus
1257 2519 1339 2565 est
1365 2509 1605 2562 omnium
1633 2523 1754 2561 reus
1773 2508 1818 2538 ⁸⁵
1835 2507 2071 2577 τιΔιῳιο

498 2613 612 2665 ιιωο
639 2611 703 2664 de
729 2607 994 2676 legalibus
1029 2603 1242 2658 actibus
1264 2643 1279 2668 ,
1309 2601 1395 2655 vel
1428 2600 1588 2654 etiam
1623 2599 1691 2653 de
1739 2599 2072 2670 irreprehcn-

494 2700 639 2757 sihili
663 2711 718 2754 et
744 2696 1096 2765 integerrima
1121 2694 1224 2748 lide
1255 2701 1464 2747 nostra.
1495 2688 1612 2750 Non
1646 2698 1729 2744 est
1759 2705 1886 2759 ergo
1914 2705 1944 2743 a
1983 2705 2073 2744 no-

496 2794 579 2849 bis
601 2792 746 2846 circa
776 2790 889 2844 haec
915 2788 1224 2850 rixandum,
1265 2783 1520 2855 quoniam
1548 2783 1661 2852 pari
1691 2783 1857 2851 gradu
1897 2783 2070 2837 bono-

498 2883 664 2937 randa
693 2896 812 2936 esse
847 2887 1058 2944 sancta,
1087 2890 1369 2932 sacrorum
1404 2873 1624 2928 Patrum
1659 2887 1900 2926 can0nes
1932 2873 2068 2926 divi-

495 2973 639 3027 nitus
679 2971 807 3026 editi
839 2968 1177 3041 praecipiunt.
1477 2986 1479 2989 ·

563 3181 655 3235 55.
690 3177 1073 3234 Verumtamen
1098 3182 1317 3242 propter
1342 3173 1630 3227 stultorum
1673 3175 2072 3228 contumaciam
2125 3242 2129 3246 _

490 3283 664 3341 atque
694 3265 1104 3337 impudentiam,
1137 3264 1296 3334 paulo
1329 3266 1596 3318 curiosius
1625 3265 1692 3318 de
1726 3265 1828 3318 hac
1867 3279 1925 3317 re
1969 3265 2074 3319 dis-

497 3359 786 3418 serendum
842 3367 1123 3428 putamus;
1175 3355 1354 3408 neutri
1385 3355 1602 3424 quidem
1637 3356 1727 3410 rei
1757 3354 1784 3427 (’
1815 3356 1964 3410 cruci
2019 3365 2074 3411 et

497 3453 758 3524 imagini)
789 3451 1050 3505 honorem
1097 3455 1377 3516 negantes,
1406 3447 1500 3501 sed
1531 3455 1798 3515 quatenus
1853 3462 1918 3502 ex
1965 3449 2074 3503 dis-

495 3537 813 3617 quisiliouis
883 3539 1274 3608 consequentia
1354 3539 1636 3608 provenit,
1701 3540 2072 3607 praestantiam

496 3638 788 3710 quamdam
818 3635 963 3689 inter
993 3635 1090 3688 bas
1119 3633 1294 3703 ipsas,
1343 3631 1495 3686 brevi
1537 3647 1789 3688 sermone
1833 3644 2075 3687 statuen-

497 3708 625 3798 ﬁs;
659 3731 889 3785 dicimus
927 3727 1142 3797 itaque,
1207 3734 1266 3780 ut
1310 3741 1340 3780 a
1399 3725 1560 3780 simili
1613 3708 1852 3778 initium.
1895 3727 2075 3796 Capia-

499 3839 621 3878 mus
667 3839 682 3878 :
729 3821 780 3892 Ι)
835 3820 1100 3888 Quoniam
1150 3829 1205 3874 et
1252 3819 1367 3888 ipsa
1416 3819 1593 3890 imago
1636 3817 1903 3889 ejusmodi
1951 3830 2072 3884 est;

498 3917 677 3988 imago
706 3915 914 3971 Christi
961 3913 1264 3970 similitudo
1293 3911 1412 3981 ejus
1435 3922 1519 3976 est
1542 3955 1556 3978 ,
1590 3921 1645 3965 et
1683 3913 1901 3980 corpori
1955 3911 2073 3980 ejus

497 4009 692 4065 similis
715 4016 820 4072 est,
848 4005 1187 4074 ﬁguramque
1214 4004 1455 4074 corporis
1484 4003 1599 4074 ejus
1629 4005 1786 4060 nobis
1816 4005 2076 4059 describit

499 4109 554 4156 et
585 4099 838 4164 deliueat,
872 4113 936 4153 ac
967 4096 1202 4168 speciem
1239 4096 1544 4160 denuntiat,
1569 4105 1624 4151 et
1652 4099 1868 4151 modum
1904 4097 2075 4150 actio-

498 4191 584 4244 nis
607 4188 692 4244 vel
733 4187 994 4243 doctrina:
1050 4185 1132 4238 vel
1186 4183 1459 4253 passionis
1498 4195 1556 4237 ut
1610 4185 1898 4254 plurimum
1927 4186 2074 4239 .imi-

499 4283 667 4336 tando
697 4279 986 4349 signiﬁcat.
1018 4276 1218 4346 Figura
1254 4290 1383 4328 vero
1412 4277 1593 4330 erucis
1625 4277 1770 4330 nulla
1804 4287 1956 4345 parte
2002 4281 2075 4332 si-

501 4373 643 4427 milis
698 4382 782 4426 est
825 4371 1037 4439 corpori
1079 4369 1231 4438 ejus,
1286 4367 1527 4436 nihilque
1565 4365 1777 4423 eorum
1806 4386 1926 4440 qua:
1962 4373 2071 4431 dixi

2169 1893 2328 1946 τερον
2357 1876 2390 1947 ἢ
2421 1875 2694 1946 δεύτερον,
2735 1877 2830 1928 καὶ
2876 1878 2960 1929 ὃτι
2985 1875 3312 1946 τιμιώτερον
3342 1877 3374 1945 ἢ
3410 1877 3760 1948 ἀτιμότερον’

2170 1969 2418 2023 ἀπίστων
2461 1968 2629 2022 τοῦτο
2678 1969 2773 2023 καὶ
2821 1968 3054 2022 ἀνοσίων
3101 1968 3593 2054 τδᾶκακούργημα
3622 1986 3636 1998 ·
3692 1970 3765 2032 ὡς

2170 2061 2232 2112 Εἰ
2265 2060 2382 2113 τόδε
2434 2060 2532 2130 μὲν
2594 2061 2981 2131 προσκυνήσω,
3037 2059 3154 2112 τόδε
3187 2060 3243 2112 δὲ
3295 2058 3393 2125 οὒ,
3445 2059 3761 2128 σώζομαιῆ

2170 2152 2228 2205 οὺ
2302 2148 2574 2220 σώζομαι;
2646 2154 2895 2220 κρεῖττον
2953 2150 3112 2204 τοῦτο
3179 2152 3381 2220 μᾶλλον
3450 2151 3484 2221 ἦ
3545 2153 3762 2214 ὲκεῖνο;

2169 2242 2197 2294 ὃ
2229 2242 2294 2312 δὴ
2343 2243 2437 2296 καὶ
2490 2242 2622 2295 αὐτὸ
2656 2243 2756 2312 τῆς
2795 2242 2970 2313 ἄκρας
3015 2242 3258 2311 ἀμαθίας
3317 2244 3413 2296 καὶ
3466 2244 3762 2303 ἀσυνεσίας

2169 2335 2281 2387 τῶν
2337 2334 2432 2387 νῦν
2490 2333 2558 2388 τὰ
2617 2332 2847 2387 τοιαῦτα
2897 2333 3278 2402 ὲκζητούντων
3327 2337 3656 2404 τεκμήριον·
3713 2335 3762 2386 τί

2171 2426 2279 2497 γάρ
2325 2427 2561 2496 φήσουσι
2616 2428 2756 2496 πρὸς
2813 2424 2905 2477 τὸν
2939 2426 3224 2493 εἰρηκότα,
3283 2427 3364 2478 ὅτι
3422 2445 3441 2478 ι
3498 2427 3631 2478 Ἐὰν
3676 2426 3762 2476 τὸν

2174 2517 2336 2586 νόμον
2385 2517 2504 2568 ὅλον
2557 2515 2769 2587 φυλάξῃ
2813 2532 2897 2577 τις
2923 2556 2936 2579 ,
2968 2516 3174 2586 πταίσῃ
3207 2517 3263 2569 δὲ
3309 2519 3366 2568 ἐν
3419 2517 3536 2581 ἐνὶ,
3567 2517 3764 2584 γέγονε

2173 2610 2392 2661 πάντων
2439 2607 2659 2676 ἕνοχος;
2714 2625 2732 2657 ι
2783 2606 2878 2660 καὶ
2926 2605 3103 2660 ταῦτα
3132 2607 3262 2674 περὶ
3312 2606 3567 2678 πράξεων
3618 2624 3764 2676 νομι-

2150 2700 2306 2763 κῶν,
2367 2699 2507 2767 ἦπου
2545 2715 2606 2765 γε
2645 2697 2744 2766 τῆς
2778 2699 3083 2767 ἀμωμήτου
3131 2699 3222 2750 καὶ
3268 2697 3563 2767 ἀκιὸδήλου
3601 2698 3764 2768 ἡμῶν

2173 2792 2428 2854 πίστεως·
2473 2790 2576 2842 οὐκ
2612 2788 2757 2842 ἔστιν
2786 2784 2877 2842 οῦν
2912 2791 3048 2858 ἡμῖν
3091 2788 3219 2858 περὶ
3258 2787 3466 2848 τούτων
3512 2789 3765 2857 ζυγομα-

2174 2885 2307 2952 χεῖν,
2330 2880 2489 2934 ὁπότε
2513 2879 2916 2949 παραπλησίως
2943 2877 3198 2946 ἀλλήλοις
3218 2875 3485 2946 τιμᾶσθαι
3511 2877 3578 2929 τὰ
3599 2877 3763 2944 ἀγια,

2175 2976 2267 3028 καὶ
2311 2973 2571 3042 Πατέρων
2625 2973 2785 3042 ἱερῶν
2830 2971 3025 3042 θεσμοὶ
3068 2969 3391 3040 θεοπρεπῶς
3433 2969 3766 3040 ὲκπεφωνη-

2100 3113 2143 3169 Γ
2181 3067 2330 3133 μένοι
2357 3063 2755 3134 διαγορεύουσι.

2125 3151 2145 3169 ι

2125 3151 2145 3170 Α

2252 3179 2346 3232 λε’.
2382 3179 2481 3230 Διά
2511 3177 2566 3229 δὲ
2602 3176 2907 3245 φιλόνεικον
2938 3176 3036 3227 καὶ
3064 3174 3422 3244 ἀναίσχυντον
3453 3174 3564 3226 τῶν
3597 3174 3763 3243 ἀνοή-

2179 3290 2308 3335 των,
2351 3271 2772 3341 περιεργότερον
2802 3267 3005 3322 τούτων
3045 3267 3230 3319 ἕνεκεν
3255 3264 3628 3334 διαλήψεσθαι
3658 3265 3766 3318 δεῖν

2179 3364 2468 3435 ᾠήθημεν,
2503 3363 2681 3416 οὐδενὶ
2729 3361 2829 3430 μὲν
2861 3362 2922 3412 τὸ
2968 3359 3156 3423 ἄδοξον
3188 3357 3562 3430 περιτιθέντες
3589 3396 3612 3419 ,,
3641 3357 3765 3410 ὅσον

2179 3457 2235 3509 δὲ
2260 3459 2322 3508 ἐκ
2350 3457 2446 3526 τῆς
2479 3454 2776 3518 ἐξετάσεως
2804 3452 2896 3506 τοῦ
2927 3451 3222 3505 ἀκολούθου
3252 3452 3471 3520 ἀνήκει,
3501 3450 3562 3502 τὸ
3596 3450 3767 3519 ὑπερ-

2181 3550 2314 3618 φυὲς
2343 3549 2484 3600 κατά
2515 3564 2566 3598 τι
2592 3545 2721 3613 γοῦν
2758 3547 2814 3597 έν
2842 3544 3054 3605 αὐτοῖς,
3090 3542 3165 3604 ὡς
3199 3543 3256 3594 ὲν
3292 3541 3487 3612 βραχεῖ
3513 3541 3594 3608 τῷ
3623 3541 3766 3610 λόγῳ

2181 3639 2576 3709 παριστῶντες·
2613 3640 2846 3708 λέγομεν
2879 3636 3061 3692 τοίνυν
3097 3635 3182 3696 ἵνα
3213 3637 3277 3686 ἐκ
3310 3633 3404 3686 τοῦ
3436 3635 3628 3702 ὁμοίου
3668 3636 3764 3706 τὴν

2184 3732 2360 3803 ἀρχὴν
2385 3729 2766 3800 ποιησώμεθα,
2799 3729 2988 3796 ἐπειδὴ
3008 3727 3166 3779 τοῦτο
3190 3727 3282 3778 καὶ
3306 3726 3490 3778 εἰκών
3515 3729 3598 3792 A')
3642 3726 3766 3777 ὀτι

2182 3826 2214 3894 ή
2243 3821 2412 3876 εἰκὼν
2437 3822 2531 3874 τοῦ
2567 3821 2810 3891 Χριστοῦ
2832 3862 2846 3886 ,
2879 3819 3132 3890 ὁμοίωμα
3166 3816 3333 3870 αὑτοῦ
3376 3820 3492 3868 ἐστι
3515 3858 3530 3880 ,
3561 3818 3662 3870 καὶ
3691 3818 3766 3886 τῷ

2183 3912 2395 3982 σώματι
2438 3911 2603 3964 αὐτοῦ
2635 3911 2926 3982 προσέοικε
2947 3949 2960 3974 ,
2997 3911 3090 3960 καὶ
3122 3909 3216 3960 τὸν
3245 3907 3416 3960 τύπον
3445 3906 3541 3959 τοῦ
3579 3909 3763 3976 σωμα-

2180 4022 2268 4068 τος
2298 4003 2466 4058 αὑτοῦ
2518 4006 2654 4074 ἡμῖν
2693 4002 3034 4072 ὑπογράφει,
3072 4003 3166 4052 καὶ
3201 4000 3260 4052 τὸ
3303 3996 3445 4061 εἶδος
3480 4016 3764 4065 κατεπαγ-

2180 4097 2453 4164 γέλλεται,
2488 4097 2582 4148 καὶ
2610 4093 2812 4163 τρόπον
2844 4093 3096 4164 πράξεως
3123 4091 3154 4161 ῆ
3206 4091 3557 4152 διδασκαλίας
3585 4091 3620 4163 ἦ
3665 4094 3765 4142 πά·

2182 4184 2306 4247 θους
2338 4185 2412 4248 ὡς
2444 4185 2512 4236 τὰ
2561 4183 2733 4236 πολλὰ
2777 4183 3208 4253 ἀπομιμουμένη
3251 4181 3629 4250 διασημαίνει·
3655 4184 3683 4234 ό
3712 4182 3766 4232 δὲ

2179 4278 2276 4332 τοῦ
2311 4277 2546 4348 σταυροῦ
2587 4277 2786 4343 τύπος,
2813 4275 2938 4330 οὔτε
2972 4276 3297 4346 προσέοικεν
3338 4275 3506 4327 αὑτοῦ
3548 4275 3628 4344 τῷ
3660 4275 3765 4326 σώ-

2186 4389 2335 4442 ματι,
2363 4369 2488 4422 οὔτε
2529 4371 2678 4422 οὐδὲν
2707 4369 2819 4422 τῶν
2857 4368 3166 4438 εἰρημένων
3211 4368 3347 4438 ἡμῖν
3392 4366 3761 4420 ὑποδείκνυσι·

501 4464 761 4518 ostendit.
797 4463 951 4528 Quod
981 4470 1163 4514 autem
1195 4459 1371 4515 simile
1403 4471 1486 4515 est
1535 4461 1721 4528 alicui,
1757 4467 1928 4534 magis
1959 4483 2072 4538 pro«

2182 4463 2241 4515 τὸ
2273 4463 2330 4514 δέ
2357 4479 2464 4515 τινι
2489 4463 2695 4533 ὅμοιον,
2724 4461 2821 4514 τοῦ
2853 4461 2930 4532 μὴ
2950 4461 3138 4530 ὁμοίου
3171 4460 3470 4530 ἐγγύτερόν
3519 4461 3640 4513 ἐστι
3674 4460 3764 4513 καὶ

501 4552 760 4622 pinquum
799 4550 956 4621 107
977 4559 1032 4604 et
1062 4560 1352 4620 cognatum
1385 4561 1466 4604 est
1497 4552 1570 4616 ei,
1603 4567 1762 4621 quam
1789 4557 1935 4624 quod
1969 4573 2075 4612 non

500 4654 584 4699 est
640 4643 838 4710 simile,
879 4642 1163 4714 noliusque
1221 4642 1351 4697 illud
1391 4653 1609 4712 propter
1660 4647 2074 4706 similitudinem

499 4735 698 4792 ellicit:
729 4751 792 4791 ac
823 4735 1048 4805 proinde
1072 4737 1384 4790 honoratior
1410 4748 1495 4808 est
1524 4739 1699 4807 imago
1735 4739 1962 4808 Christi,
1990 4753 2076 4798 ut-

498 4837 628 4899 pote
653 4829 824 4898 magis
846 4826 921 4880 illi
943 4826 1170 4881 ﬁnitima
1195 4836 1250 4882 et
1277 4828 1476 4902 n0tior.
1511 4829 1645 4883 tium
1693 4832 1860 4900 igitur
1905 4833 2076 4904 ﬁgura

497 4922 676 4978 erucis
719 4921 859 4991 apud
893 4935 993 4977 nos
1020 4922 1094 4976 sit
1122 4922 1178 4976 in
1211 4923 1416 4978 honore
1456 4933 1512 4976 et
1558 4927 1926 4992 veneratione,
1975 4929 2079 4982 erit

500 5016 821 5072 honoratior
857 5024 911 5070 et
946 5015 1310 5070 venerabilior
1333 5015 1539 5069 Christi
1591 5017 1790 5087 imago.
1821 5019 1890 5090 ll)
1922 5019 2074 5074 Prac-

499 5120 647 5164 terea
677 5110 854 5179 imago
883 5106 1084 5162 Christi
1123 5109 1354 5176 primum
1409 5118 1463 5162 et
1514 5109 1630 5161 sine
1678 5111 1854 5164 medio
1889 5113 2073 5168 statim

497 5210 551 5255 et
577 5199 754 5269 primo
792 5214 1086 5269 congressu
1133 5201 1369 5268 speciem
1414 5199 1531 5267 ejus
1589 5201 1744 5255 nobis
1781 5203 1985 5257 indicat
2019 5215 2075 5260 et

500 5288 818 5346 memoriam
848 5285 1030 5353 aﬂ‘ert,
1065 5290 1330 5357 siquidem
1357 5304 1501 5352 eum,
1539 5289 1632 5357 qui
1675 5289 1939 5360 efﬁgiatus
1965 5304 2070 5360 est,

501 5379 554 5435 in
589 5380 704 5450 ipsa
735 5378 920 5447 efﬁgie
953 5389 1205 5450 tauquam
1233 5382 1284 5434 in
1314 5382 1534 5450 speculo
1558 5391 1884 5449 spectamus.
1924 5382 2070 5439 Crux

572 5563 614 5595 ρει
647 5567 808 5618 υτον.
849 5581 996 5628 xxvi,
1031 5563 1082 5615 4,
1161 5563 1205 5593 ⁵⁸
1245 5562 1362 5618 Jac.
1399 5579 1457 5627 Il,
1499 5565 1580 5618 lt).

2183 4558 2538 4628 οἰκειότερον,
2575 4558 2648 4622 ὡς
2689 4558 2779 4612 διὰ
2825 4560 2922 4627 τῆς
2974 4558 3292 4627 ὁμοιότητος
3338 4556 3765 4628 γνωριμώτερον

2184 4651 2360 4703 ἐκεῖνο
2417 4649 2605 4703 ποιοῦν
2658 4651 2753 4703 καὶ
2809 4649 2911 4705 διὰ,
2960 4651 3118 4703 τοῦτο
3168 4650 3262 4702 καὶ
3328 4650 3682 4720 τιμιώτερονο
3733 4650 3764 4717 ἡ

2183 4740 2346 4796 εἰκὼν
2401 4741 2510 4812 ἄρα
2565 4741 2659 4794 τοῦ
2695 4742 2968 4812 Χριστοῦ,
3014 4741 3090 4805 ὡς
3135 4742 3445 4812 οἰκειοτέρα
3487 4744 3584 4795 καὶ
3629 4759 3765 4809 γνω-

2187 4833 2506 4902 ριμωτόρα,
2571 4833 2754 4902 τιμίου
2821 4835 2917 4888 καὶ
2981 4833 3182 4886 σεπτοῦ
3250 4833 3344 4887 τοῦ
3419 4833 3594 4886 τύπου
3669 4831 3762 4884 τοῦ

2184 4924 2419 4996 σταυροῦ
2464 4927 2594 4995 παρ’
2629 4929 2761 4996 ἡμῖν
2807 4926 3198 4995 τυγχάνοντος,
3239 4925 3548 4995 τιμιωτέρα
3583 4924 3648 4978 ἂν
3677 4924 3763 4991 εἴη

2183 5018 2276 5070 καὶ
2317 5019 2753 5088 σεϐασμιωτέρα.
2800 5018 2896 5088 Β’)
2935 5018 3054 5071 Ἔτι
3101 5018 3326 5088 ήείκὼν
3354 5017 3450 5071 τοῦ
3485 5015 3760 5088 Χριστοῦ,

2182 5109 2416 5180 πρώτως
2445 5111 2536 5162 καὶ
2562 5112 2784 5180 ἀμέσως
2813 5110 2977 5174 εὐθύς
3009 5128 3066 5162 τε
3094 5112 3193 5170 καὶ
3223 5113 3290 5164 ὲκ
3322 5111 3547 5182 πρώτης
3581 5110 3759 5165 έντεύ-

2176 5201 2342 5267 ξεως,
2375 5203 2436 5255 τὸ
2462 5198 2599 5265 εἶδος
2631 5201 2796 5256 αὑτοῦ
2839 5205 2966 5274 παρ’
3008 5205 3140 5272 ἡμῖν
3169 5206 3494 5274 ἐμφανίζει,
3526 5205 3623 5258 καὶ
3664 5203 3759 5273 τὴν

2177 5298 2400 5367 μνήμην
2446 5296 2740 5366 ἐντίθησινο
2773 5297 2936 5382 αὑτρν
2968 5299 3076 5367 γὰρ
3117 5298 3209 5351 τὸν
3256 5300 3661 5369 εἰκονιζόμενον
3702 5299 3761 5350 ἐν

2175 5388 2312 5458 αὐτῇ
2367 5386 2882 5461 κατοπτριζόμεθα·
2933 5391 2962 5441 ό
3015 5389 3072 5441 δὲ
3117 5391 3348 5462 σταυρὸς
3402 5392 3503 5460 οὐχ
3554 5389 3756 5454 οὓτως·

572 5717 687 5784 uti)
726 5717 836 5772 Hoc
859 5720 990 5775 dicit
1023 5719 1142 5787 quia
1177 5718 1518 5773 lconomachi
1555 5719 1845 5790 imaginem
1875 5720 2078 5777 Christi
2119 5722 2533 5794 aversabantur,
2563 5738 2782 5780 crucem
2812 5739 2917 5780 non
2949 5725 3100 5792 item,
3132 5736 3188 5780 ut
3218 5741 3336 5781 mox
3365 5723 3598 5792 patebit.
