3898 6150
439 248 536 311 431

1463 242 1524 304 S.
1566 239 1985 301 NICEPHORI
2023 240 2528 302 PATRIARCHJE
2563 243 2671 303 (ΣΡ.

3593 250 3695 316 4‘32

431 360 592 416 quam
625 345 776 404 illum
811 345 902 414 qui
925 345 1181 402 conﬁxus
1207 355 1286 401 est
1320 346 1512 400 timum
1546 346 1791 411 Domini,
1833 355 1888 397 et
1919 362 2004 397 va-

2111 347 2378 414 σταυρόν
2417 361 2534 402 σου
2555 388 2569 410 ,
2619 350 2716 402 καί
2758 349 3074 408 ἀκολούθει
3101 371 3222 424 μοι,
3255 355 3286 426 ἦ
3318 355 3408 410 τὸν
3443 358 3696 430 καθηλω-

429 437 694 494 nitatibus
720 437 906 492 mundi
948 439 1196 493 nuntium
1227 438 1460 504 remisit,
1495 447 1744 507 paratum
1789 451 1910 492 esse
1941 437 2008 490 ad

429 529 612 582 omnia
675 519 900 598 propter
949 543 1190 584 amorem
1243 529 1362 596 ejus
1399 527 1756 582 sustinenda?
1787 527 1881 582 Sic
1917 527 2009 596 qui

431 621 497 673 in
518 633 686 675 carne
725 634 824 674 sua
879 622 1131 691 stigmata
1165 620 1370 676 Christi
1425 619 1674 685 ferebat,
1712 629 1762 675 et
1795 621 1848 673 in
1880 635 2009 689 pas-

433 712 584 766 sione
607 711 947 780 gloriabatur
985 711 1282 780 inqniens:
1325 711 1458 765 Mihi
1497 721 1676 766 autem
1709 713 1845 766 absit
1889 712 2008 782 glo-

432 803 564 856 riari
589 803 693 857 nisi
719 803 772 856 in
795 819 948 856 cruce
975 801 1184 856 Domini
1210 803 1528 857 nostri-Jan:
1555 801 1752 858 Christi
1782 804 1852 870 ⁸⁸,
1880 819 2007 858 cru-

451 893 740 948 itixionem
772 894 950 959 nobis,
990 893 1040 946 id
1073 905 1156 948 est
1177 895 1482 965 passionem
1519 895 1750 960 Christi,
1775 895 1861 950 his
1887 906 2009 949 rer-

431 985 515 1039 his
549 985 893 1055 depingebat.
925 985 1108 1056 Imago
1130 997 1308 1041 autem
1339 995 1426 1041 est
1459 987 1628 1058 ipsius
1649 1029 1664 1055 ,
1686 990 1776 1058 qui
1818 1003 2010 1060 passus

429 1084 534 1134 est,
566 1090 822 1144 espressa
872 1075 1210 1142 similitudo;
1253 1092 1374 1146 qum
1432 1079 1651 1147 proprie
1695 1079 1868 1148 magis
1927 1079 2008 1132 di-

429 1165 698 1234 gniusque
747 1167 924 1234 ipsum
956 1167 1116 1222 nobis
1142 1178 1520 1234 repraesentat,
1542 1183 1704 1236 quam
1725 1184 1786 1224 ea
1816 1167 2006 1238 ﬁgura,

435 1257 596 1326 108
626 1273 744 1325 qua:
780 1259 1050 1313 exteriora
1082 1267 1136 1312 et.
1167 1272 1288 1326 qute
1318 1253 1596 1313 Christum
1651 1261 2008 1314 circumstant

429 1349 698 1420 designat.
743 1348 927 1420 Imago
957 1350 1124 1420 igitur
1153 1364 1275 1418 qua:
1327 1349 1505 1422 ipsum
1531 1349 1812 1406 Christum
1852 1352 2007 1404 nobis

429 1441 698 1512 designat,
729 1440 944 1510 dignior
967 1450 1048 1496 est
1074 1441 1356 1506 honorari,
1386 1456 1545 1512 quam
1581 1458 1716 1498 crux
1737 1457 1856 1512 quae
1885 1457 2008 1512 pas-

430 1533 601 1588 sionis
640 1534 856 1586 modum
907 1532 1061 1586 nobis
1087 1531 1444 1588 demonstrat.
1995 1530 2004 1535 ’

473 1803 704 1860 Christi
776 1815 994 1858 nomen
1027 1803 1134 1873 VII)
1185 1811 1442 1874 tauquam
1503 1804 1890 1874 homonymum
1938 1804 2004 1858 de

425 1896 628 1952 Christi
657 1897 894 1966 imagine
915 1897 1242 1964 praedicatur
1272 1915 1284 1950 :
1312 1897 1566 1952 Christus
1599 1896 1742 1950 enim
1779 1907 2006 1951 vocatur

430 1992 548 2058 ipsa
579 1990 780 2057 imago,
803 1989 944 2042 sicut
974 2002 1068 2044 rex
1101 1987 1326 2042 vocatur
1355 1989 1468 2057 ipsa
1506 1988 1682 2057 imago
1711 1988 1852 2058 regis
1886 2005 1902 2042 :
1941 1988 2005 2040 de

431 2095 592 2135 cruce
615 2083 796 2134 autem
829 2079 1110 2150 praedicari
1137 2095 1240 2132 non
1277 2089 1472 2148 petcst,
1509 2095 1666 2132 nemo
1699 2080 1842 2131 enim
1883 2093 2007 2130 cor-

428 2177 589 2229 datus
639 2186 863 2227 crucem
923 2172 1042 2236 ullo,
1087 2173 1248 2226 modo
1304 2173 1596 2242 appellabit
1664 2172 1940 2226 Christum
1987 2189 2000 2224 :

428 2279 600 2334 quare
632 2265 775 2333 quod
802 2263 1092 2333 participat
1129 2264 1304 2333 ipsum
1343 2279 1561 2326 nomen,
1605 2265 1748 2318 sicut
1777 2263 2004 2332 par-tici—

428 2365 522 2427 pat
571 2356 798 2424 ﬁguram
835 2355 1123 2424 corporis,
1168 2357 1342 2422 magis
1391 2355 1714 2408 houoratmn
1759 2363 1874 2420 εει,
1915 2357 2006 2409 illo

429 2450 569 2514 quod
612 2447 743 2501 nihil
776 2447 968 2501 horum
999 2447 1290 2516 participat
1323 2464 1334 2498 :
1369 2449 1546 2516 imago
1577 2447 1740 2516 igitur
1769 2447 2006 2502 honora-

433 2543 536 2594 tior
561 2549 868 2609 est,quam
927 2537 1094 2608 ﬁgura
1148 2541 1349 2594 crucis.
1397 2537 1543 2608 Vill)
1571 2540 1744 2596 Causa
1789 2535 2007 2596 antece-

431 2636 510 2687 dit
531 2633 806 2695 ctl‘cctutn,
834 2632 1212 2701 prtrcipueque
1235 2645 1400 2686 causa
1432 2632 1709 2688 eliiciens:
1739 2635 1885 2704 quod
1911 2649 2004 2688 au-

431 2737 538 2778 tetu
575 2725 872 2787 anteCedit,
909 2726 1081 2794 magis
1113 2725 1436 2778 honoratum
1465 2733 1570 2793 est,
1604 2739 1764 2794 quam
1816 2727 1868 2781 id
1917 2727 2006 2792 cui

430 2818 724 2872 antecedit.
749 2815 888 2882 Quia
923 2817 1090 2886 igitur
1121 2831 1283 2871 causa
1314 2817 1501 2886 ﬁgura!
1527 2819 1704 2872 crucis
1723 2827 1806 2872 est
1829 2818 2008 2888 passio

431 2896 676 2978 corporis
705 2907 933 2970 Christi,
987 2918 1044 2961 et
1101 2922 1300 2976 corpus
1347 2915 1431 2962 est
1486 2907 1802 2978 principalis
1840 2923 2008 2963 causa

434 3004 621 3069 ﬁgurae
650 3000 860 3062 crucis,
905 2999 1150 3067 sequitur
1188 3008 1248 3052 ut
1297 2999 1476 3069 imago
1503 2999 1748 3070 corporis
1776 2999 2006 3064 Christi,

2113 435 2277 506 μένον
2319 438 2396 510 τῷ
2433 439 2582 510 φόϐῳ
2617 441 2827 512 Κυρίου
2854 483 2869 507 ,
2907 445 3004 498 καὶ
3045 449 3160 510 τοῖς
3201 447 3296 499 τοῦ
3338 449 3549 519 κόσμου
3591 470 3699 522 μα-

2108 529 2285 594 ταίοις
2337 531 2773 602 ἀποταξάμενον,
2837 534 3083 609 εὐτρεπῆ
3139 535 3280 593 εἶναι
3347 543 3457 595 πᾶν
3515 544 3698 600 ὁτιοῦν

2110 619 2254 692 ὑπὲρ
2308 623 2407 694 τῆς
2439 625 2520 687 εἰς
2572 625 2736 680 αὐτὸν
2787 627 3082 698 ὑπομένειν
3131 631 3386 703 ἀγάπης;
3436 632 3584 689 οῦτω
3630 636 3697 707 δὴ

2110 715 2206 794 καὶ
2230 715 2259 766 ὁ
2287 715 2354 768 τά
2391 715 2668 787 στίγματα
2703 719 2796 772 τοῦ
2826 721 3068 792 Χριστοῦ
3101 725 3159 776 ἒν
3195 725 3261 795 τῇ
3297 726 3464 795 σαρκὶ
3488 727 3696 800 φέρων,

2111 807 2206 859 καὶ
2239 807 2380 878 μέγα
2401 809 2497 862 ἐπὶ
2531 809 2606 881 τῷ
2643 812 2806 866 πάθει
2835 814 3006 869 αὐτοῦ
3037 817 3276 891 φρονῶν,
3329 817 3700 891 ἐφιλοτιμεῖτο

2111 898 2308 967 λέγων’
2369 902 2526 971 Ἐμοὶ
2555 902 2624 957 δὲ
2651 904 2737 974 μὴ
2765 905 3001 974 γένοιτο
3045 889 3404 978 κάυχᾱσθαι,
3438 914 3490 966 εὶ
3509 889 3598 982 μὴ
3628 913 3701 966 ἐν

2109 989 2191 1056 τῷ
2215 992 2456 1062 σταυρῷ
2482 997 2590 1050 τοῦ
2611 998 2834 1066 Κυρίου
2861 998 3033 1070 ἡμῶν
3061 1001 3266 1071 Ἰησοῦ
3291 1005 3573 1072 Χριστοῦ·
3596 1006 3699 1078 τὴν

2112 1085 2422 1156 σταύρωσιν
2481 1091 2612 1160 ἡμῖν
2645 1090 2736 1143 διὰ
2782 1083 2988 1166 τούτων
3041 1093 3396 1166 ὑπογράφων,
3452 1097 3572 1169 ἦτοι
3633 1100 3698 1152 τὺ

2110 1177 2348 1246 Χριστοῦ
2384 1179 2577 1244 πάθος·
2624 1182 2657 1251 ἡ
2703 1181 2761 1234 δὲ
2809 1181 2974 1236 είκὼν
3022 1184 3190 1238 αὑτοῦ
3239 1185 3334 1240 τοῦ
3387 1188 3698 1260 πάσχοντος

2110 1269 2506 1342 ἐκσφράγισμα
2531 1273 2628 1325 καὶ
2661 1274 2919 1344 ὁμοίωμά
2947 1276 3120 1342 ἐστιν,
3148 1278 3477 1350 οἰκειότερον
3505 1281 3562 1333 δὲ
3597 1283 3696 1335 καὶ

2111 1355 2564 1433 ἀξιολογώτερον,
2577 1363 2637 1416 τὸ
2653 1363 2820 1417 αὐτόν
2837 1381 2959 1420 τινα
2972 1366 3298 1438 διαγράφον,
3317 1369 3350 1442 ἦ
3370 1369 3430 1447 τὸ
3446 1371 3518 1423 τὰ
3533 1372 3696 1436 ἐκτὸς

2111 1451 2206 1504 καὶ
2244 1452 2374 1520 περὶ.
2417 1452 2580 1506 αὐτὸν
2612 1452 2933 1524 ύποιραῖνον·
2967 1457 3370 1529 ἀξιολογωτέρα
3399 1459 3506 1530 ἄρα
3544 1462 3576 1530 ὴ
3609 1464 3694 1514 εί-

2111 1541 2244 1608 κὼν,
2280 1544 2356 1606 ὡς
2387 1545 2478 1598 τὸν
2509 1545 2745 1618 Χριστὸν
2770 1548 2936 1601 αὐτὸν
2979 1549 3111 1619 ἡμῖν
3157 1549 3563 1618 ἐμφανίζουσα,
3591 1551 3696 1606 ’τοῦ

2112 1636 2352 1708 σταυροῦ
2406 1638 2497 1690 τὸν
2543 1625 2752 1710 ’τρόπον
2815 1629 2916 1693 τοῦ
2973 1639 3181 1705 πάθους
3238 1643 3371 1714 ἡμῖν
3425 1644 3696 1714 παραδει-

2033 1715 2074 1768 Ῑ)
2105 1727 2351 1792 κνύντος.

2112 1889 2116 1892 η
2181 1820 2254 1875 Τὸ
2301 1823 2540 1903 Χριστὸς
2597 1824 2774 1896 ὄνομα
2811 1827 2886 1898 Z')
2931 1827 3245 1898 ῥμωνύμως
3277 1830 3371 1884 καὶ
3420 1829 3562 1885 κατὰ
3588 1832 3695 1903 τῆς

2107 1913 2316 1978 εἰκόνος
2357 1915 2523 1969 αὐτοῦ
2565 1917 2659 1970 τοῦ
2709 1918 2950 1988 Χριστοῦ
2981 1925 3393 1992 κατηγορεῖται·
3445 1922 3695 1993 Χριστὸς

2106 2005 2212 2075 γὰρ
2245 2008 2340 2060 καλ¹
2370 2008 2506 2080 αὑτὴ
2541 2007 2758 2078 λέγεται
2787 2027 2799 2039 ·
2823 2010 3021 2082 ’ὥσπερ
3067 2009 3164 2066 καὶ
3190 2005 3442 2084 βασιλεὺς
3466 2058 3482 2080 ,
3523 2017 3556 2085 ἡ
3589 2015 3690 2074 τοῦ

2109 2096 2382 2179 βασιλέως
2425 2099 2610 2154 εἰκών·
2656 2101 2799 2156 κατά
2834 2101 2927 2156 τοῦ
2982 2095 3218 2175 σταυροῦ
3270 2105 3693 2177 δὲκατηγορεϊ-

2109 2177 2232 2244 σθαι
2269 2177 2430 2244 τοῦτο
2458 2193 2756 2247 ἀδύνατον·
2793 2195 2974 2258 οὐδεὶς
3007 2197 3116 2268 γὰρ
3155 2195 3224 2250 ἂν
3265 2197 3398 2267 φαίη
3431 2198 3540 2253 τῶν
3577 2216 3692 2252 σω-

2107 2282 2471 2350 φρονούντων,
2517 2286 2756 2355 Χριστὸν
2789 2286 2882 2339 τὸν
2931 2287 3167 2360 σταυρὸν
3199 2288 3382 2342 οὐδενὶ⁵
3413 2289 3620 2360 τρόπον
3657 2289 3690 2344 δ

2103 2373 2284 2426 τοίνυν
2331 2369 2636 2446 ὲνμεθέξει
2666 2379 2758 2432 καὶ
2790 2379 2954 2444 αὐτοῦ
3001 2380 3095 2434 τοῦ
3143 2381 3408 2452 ὀνόματος
3454 2381 3685 2450 γέγονε,

2106 2465 2358 2536 καθάπερ
2409 2466 2508 2540 ἤδη
2557 2471 2651 2524 καὶ
2696 2471 2774 2541 τῷ
2807 2472 2900 2525 τοῦ
2935 2472 3187 2541 σώματος
3232 2473 3387 2543 τύπῳ
3419 2473 3689 2528 κεκοινὼο

2105 2555 2270 2627 Vnica;
2289 2559 2382 2612 τοῦ
2409 2562 2635 2630 μηδενὸς
2655 2563 2860 2616 τούτων
2887 2565 3250 2634 μετασχόντος
3271 2563 3617 2638 τιμιώτερον·
3647 2566 3684 2636 ἡ

2107 2641 2267 2701 εἰκὼν
2305 2649 2416 2720 ἄρα
2444 2650 2538 2704 τοῦ
2589 2651 2762 2706 τύπου
2815 2653 2908 2707 τοῦ
2951 2655 3191 2726 σταυροῦ
3226 2655 3550 2726 τιμιωτέρα.
3597 2655 3688 2724 H')

2107 2739 2180 2792 Τὸ
2231 2741 2404 2794 αἴτιον
2434 2741 2528 2795 τοῦ
2567 2743 2812 2798 αἰτιατοῦ
2853 2748 3176 2818 προηγεῖται
3201 2762 3214 2778 ο
3249 2748 3345 2802 καὶ
3388 2746 3594 2818 μᾶλλον
3622 2748 3688 2802 τδ

2107 2831 2391 2900 ποιητικὸν
2417 2831 2608 2887 αἴτιονο
2638 2834 2700 2886 τὸ
2737 2833 2794 2888 δὲ
2825 2837 3448 2907 προηγούμενόντινος,
3486 2835 3690 2907 τιμιώ-

2105 2939 2263 2994 τερον
2294 2914 2356 2975 οὗ
2386 2927 2730 2994 προηγεῖται·
2759 2927 2882 2997 ἐπεὶ
2919 2923 3012 2978 οὖν
3043 2927 3214 2981 αἴτιον
3239 2906 3332 2980 τοῦ
3370 2927 3544 2983 τύπου
3586 2925 3688 2984 τοῦ

2110 3014 2365 3086 σταυροῦ,
2395 3015 2455 3068 τὸ
2482 3016 2654 3080 πάθος
2677 3017 2775 3070 τοῦ
2826 3017 3078 3090 σώματος
3108 3019 3202 3073 τοῦ
3253 3020 3493 3091 Χριστοῦ
3514 3063 3532 3088 ,
3578 3017 3678 3072 καί

435 3105 690 3162 tanquam
725 3105 890 3144 causa
941 3089 1200 3146 eliiciens'
1229 3090 1412 3160 ﬁgura:
1450 3093 1652 3158 crucis,
1694 3094 2004 3147 henoratior

2111 3105 2589 3176 προκαταρκτικὸν
2617 3105 2678 3158 τὸ
2713 3104 2870 3181 σῶμα
2907 3106 3002 3160 τοῦ
3050 3106 3258 3175 τύπου,
3302 3109 3396 3162 καὶ
3439 3111 3472 3180 ὴ
3519 3111 3690 3166 είκῶν

431 3187 717 3241 habeatur.
779 3183 870 3253 IX)
915 3183 1250 3251 hem-quod
1303 3181 1534 3251 alicujus
1583 3199 1748 3240 causa
1801 3185 2004 3240 factum

428 3287 534 3340 est,
570 3273 800 3329 inferius
846 3283 928 3328 est
963 3287 1028 3326 eo
1053 3273 1070 3338 ,'
1095 3281 1317 3344 propter
1355 3276 1500 3342 quod
1555 3269 1758 3329 factum
1795 3285 1898 3330 est.
1942 3275 2004 3330 Si

430 3369 597 3438 igitur
621 3380 754 3420 crux
790 3374 1015 3434 propter
1061 3379 1261 3436 corpus
1311 3362 1525 3419 Domini
1577 3364 1722 3418 facta
1758 3375 1863 3430 est,
1899 3381 2002 3420 nec

432 3473 588 3516 cease
615 3467 699 3514 est
725 3466 785 3511 ut
811 3457 978 3510 etiam
1014 3456 1066 3508 in
1094 3457 1288 3510 horum
1307 3456 1500 3525 ﬁguris
1521 3455 1806 3511 inferiores
1823 3467 2008 3526 partes

429 3553 571 3604 ferat
595 3549 767 3616 ﬁgura
803 3549 1006 3602 crucis.
1048 3547 1186 3600 Nam
1213 3561 1442 3617 quorum
1471 3548 1848 3603 antecedentia
1897 3552 2003 3603 mi-

429 3655 561 3696 nora
595 3651 764 3706 sunt,
799 3639 915 3710 ipsa
955 3653 1172 3708 quoque
1207 3637 1418 3692 minora
1469 3647 1614 3694 sunt.
1651 3637 2005 3694 Demonstra-

441 3745 554 3788 tum
586 3731 752 3801 igitur
795 3741 884 3785 est
927 3730 1172 3800 pluribus
1217 3729 1552 3795 rationibus,
1593 3731 1756 3800 quod,
1789 3731 2004 3787 etiamsi

431 3838 568 3880 crux
606 3822 820 3878 virilica
846 3823 898 3877 in
929 3825 1134 3878 honore
1158 3822 1360 3892 alioqui
1395 3821 1678 3889 habeatur,
1715 3823 1892 3894 imago
1924 3835 2004 3876 ta-

429 3930 554 3971 men
585 3912 813 3974 Christi,
852 3925 910 3968 ut
939 3911 1314 3983 superioribus
1340 3914 1674 3982 argumentis
1694 3913 2002 3969 coniectura

427 4021 534 4078 est,
585 4010 906 4067 honoratior
955 4019 1038 4064 est
1072 4029 1084 4064 :
1117 4023 1286 4079 quare
1321 4008 1415 4078 qui
1457 4023 1677 4064 crucem
1736 4009 2004 4064 honorare

428 4104 744 4174 proﬁtetur,
807 4103 1022 4158 Domini
1056 4116 1274 4172 quoque
1327 4101 1999 4178 itttagittettrltonorabit:

425 4196 512 4250 sin
535 4204 666 4252 Vero
699 4197 842 4250 hanc
873 4210 978 4248 non
1031 4197 1283 4257 honorat,
1313 4191 1480 4246 multo
1511 4193 1688 4247 minus
1729 4193 1876 4246 illum
1912 4193 2004 4246 ho-

427 4287 662 4341 "orabit.

498 4471 813 4534 Postremo,
854 4469 923 4540 Χ)
978 4469 1225 4528 videmus
1258 4468 1444 4524 multis
1499 4471 1550 4524 in
1600 4469 1734 4526 locis
1781 4471 2000 4526 cruciﬁ-

427 4563 646 4618 xionem
675 4561 879 4616 Christi
901 4563 955 4615 in
990 4561 1226 4632 imagine
1255 4562 1482 4632 picum,
1507 4570 1562 4618 et
1584 4570 1646 4617 ιιι
1675 4563 2011 4618 eumenien--

428 4655 500 4708 tia
527 4653 604 4708 rei
635 4653 831 4722 poscit,
865 4669 984 4722 qua:
1025 4654 1116 4709 illo
1149 4654 1362 4713 scilicet
1388 4653 1548 4710 modo
1581 4664 1703 4709 acta
1736 4653 1887 4710 fuit:
1916 4657 2000 4710 vi-

427 4749 618 4802 demus
651 4745 925 4802 Christum
965 4748 1236 4816 peudcre,
1291 4737 1592 4818 manusque
1637 4755 1892 4804 extensas
1933 4763 1998 4804 ac

425 4839 594 4895 clavis
619 4840 885 4905 conlixas,
919 4839 1116 4909 quibus
1146 4839 1404 4894 salutaris
1441 4839 1620 4908 passio
1649 4839 1850 4895 Christi
1873 4855 1998 4894 om-

427 4932 585 4988 nibus
635 4929 912 4985 miraculis
963 4929 1371 4994 admirabilior,
1422 4939 1476 4984 et
1523 4931 1756 4996 caeteris,
1799 4931 1998 5001 quibus

424 5023 559 5078 salvi
609 5021 738 5077 facti
777 5034 966 5076 sumus
994 5059 1012 5086 ,
1075 5021 1425 5090 principalior
1469 5019 1626 5075 nobis
1665 5021 1993 5092 depingitur.

425 5117 565 5182 Quid
601 5115 764 5184 igitur
804 5115 1014 5170 inimici
1049 5113 1231 5170 crucis
1262 5113 1461 5169 Christi
1500 5113 1588 5168 hic
1621 5112 1864 5169 facient?
1893 5114 1998 5170 Ne-

424 5221 578 5264 cesse
598 5217 684 5262 est
709 5207 943 5262 alterum
966 5223 1033 5261 ex
1079 5205 1292 5261 duobus
1330 5204 1510 5261 facere
1544 5222 1558 5260 :
1587 5215 1680 5259 aut
1707 5205 2006 5265 adorantes,

422 5311 675 5363 crucem,
721 5299 1010 5367 imaginem
1065 5311 1280 5368 quoque
1335 5299 1598 5364 adorare,
1653 5297 1753 5351 nisi
1812 5297 2000 5352 malint

424 5381 675 5442 frustrari
743 5387 1139 5457 professionem
1204 5402 1358 5444 suam
1416 5407 1430 5444 :
1489 5399 1586 5442 aut
1644 5387 1999 5444 demolientes

425 5476 735 5547 imaginem,
779 5479 940 5534 simul
973 5497 1189 5537 crucem
1219 5481 1482 5536 demoliri.
1521 5479 1620 5547 Qui
1669 5491 1848 5536 autem
1907 5499 1996 5537 ευρ·

463 5630 542 5698 ,⁵⁸
570 5628 750 5688 Galat.
811 5647 887 5699 Vt,
922 5634 1006 5686 Μ.

2107 3199 2217 3268 ἄρα
2245 3197 2340 3250 τοῦ
2371 3197 2620 3268 σώματος
2653 3197 2747 3252 τοῦ
2778 3199 3040 3267 Χριστοῦ,
3076 3199 3151 3262 ὡς
3178 3200 3462 3270 ποιητικὸν
3486 3201 3686 3268 αἴτιον,

2105 3288 2200 3343 τοῦ
2231 3288 2405 3342 τύπου
2439 3287 2534 3342 τοῦ
2566 3289 2803 3360 σταυροῦ
2853 3291 3172 3362 τιμιωτέρα.
3205 3291 3284 3360 0')
3317 3293 3439 3346 Ἔτι
3469 3293 3496 3346 ὅ
3542 3311 3687 3358 τινος

2105 3379 2291 3435 ἕνεκεν
2319 3381 2566 3448 γέγονεν,
2599 3379 2822 3434 ἔλαττόν
2852 3380 3000 3434 ἐστιν
3030 3381 3242 3434 ἐκείνου
3278 3382 3376 3436 τοῦ
3413 3383 3481 3436 δι’
3511 3383 3539 3435 ὃ
3590 3385 3686 3452 γέ-

2105 3489 2283 3540 γονεψ
2316 3473 2366 3524 εί
2396 3471 2578 3525 τοίνυν
2625 3473 2654 3524 ὁ
2687 3471 2918 3544 σταυρὸς
2935 3471 3040 3526 τοῦ
3093 3473 3378 3544 Κυριακοῦ
3429 3475 3684 3546 σώματος

2103 3562 2312 3626 ἕνεκεν,
2345 3559 2566 3630 ἀνάγκη
2592 3561 2686 3614 καὶ
2716 3562 2774 3614 ὲν
2805 3563 2920 3624 τοῖς
2947 3559 3155 3614 τούτων
3183 3561 3398 3628 τύποις,
3431 3565 3492 3617 τὸ
3526 3564 3684 3620 ἔλατ-

2103 3668 2194 3704 τον
2216 3651 2308 3704 τὸν
2339 3649 2511 3705 τύπον
2539 3649 2636 3703 τοῦ
2663 3650 2898 3722 σταυροῦ
2933 3651 3328 3722 ἀποφέρεσθαι·
3361 3647 3436 3707 ὧν
3471 3655 3583 3726 γὰρ
3613 3655 3683 3710 τὰ

2105 3742 2494 3812 προηγούμενα
2533 3741 2827 3808 ἐλάττονα,
2875 3743 2968 3796 καὶ
3021 3741 3160 3796 αὐτὰ
3188 3743 3468 3798 ἐλάττονα*
3512 3744 3683 3800 δέδει-

2104 3852 2231 3890 κται
2262 3831 2356 3888 οὖν
2395 3833 2484 3886 διὰ
2513 3833 2794 3897 πλειόνων,
2823 3835 2898 3897 ὡς
2924 3835 3019 3888 καὶ
3045 3836 3210 3890 αὑτοῦ
3248 3836 3342 3890 τοῦ
3371 3839 3546 3891 τύπου
3581 3839 3680 3892 τοῦ

2105 3926 2368 3993 ζωοποιοῦ
2402 3925 2634 3998 σταυροῦ
2665 3925 2848 3996 τιμίου
2896 3925 3051 3991 ὄντος
3080 3927 3212 4000 παρ’
3242 3930 3393 4000 ἡμῖν,
3445 3931 3480 4001 ή
3510 3930 3678 3984 εἰκὼν

2103 4019 2197 4073 τοῦ
2247 4018 2518 4092 Χριστοῦ,
2569 4017 2710 4072 κατὰ
2745 4018 2844 4088 τὴν
2889 4017 3000 4072 τῶν
3048 4019 3454 4092 ἀποδεδομένων
3501 4021 3680 4091 λόγων

2103 4111 2428 4166 ἀκολουθίαν
2474 4128 2533 4179 τε
2578 4114 2672 4165 καὶ
2719 4110 2994 4178 ἐξέτασιν,
3053 4115 3359 4185 τιμιωτέρα
3413 4115 3675 4187 ὑπάρχειο

2102 4202 2130 4254 ὁ
2163 4202 2346 4254 τοίνυν
2371 4201 2464 4255 τὸν
2492 4203 2725 4274 σταυρὸν
2738 4205 2902 4276 τιμᾷν
2917 4203 3385 4274 ἐπαγγελλόμενος
3403 4245 3419 4269 ,
3453 4207 3680 4283 τιμήσει

2103 4291 2212 4361 ἄρα
2246 4292 2340 4346 καὶ
2375 4290 2472 4344 τοῦ
2505 4293 2712 4364 Κυρίου
2759 4293 2859 4362 τὴν
2898 4294 3114 4348 είκόναο
3162 4295 3213 4348 εί
3255 4295 3315 4349 δὲ
3356 4294 3566 4368 ταύτην
3618 4298 3682 4351 ού

2103 4387 2260 4456 τιμᾷ,
2297 4384 2418 4438 οὐδὲ
2443 4386 2652 4439 ἐκεῖνον
2679 4371 2971 4455 πολλοῦ’γε
3013 4386 3105 4439 καὶ
3131 4386 3232 4442 δεῖ.

2179 4474 2312 4530 Εἶτα
2341 4475 2408 4547 ια)
2439 4475 2656 4548 ὁρῶμεν
2692 4478 2748 4530 ἐν
2777 4478 2984 4531 πλείοσι
3008 4475 3194 4541 τόποις
3235 4477 3326 4550 τὴν
3351 4477 3444 4532 τοῦ
3469 4480 3679 4550 Κυρίου

2108 4564 2421 4636 σταύρωσιν
2473 4566 2532 4618 ὲν
2580 4567 2750 4618 εικόνι
2794 4567 3301 4638 διαγεγραμμένην,
3353 4571 3446 4622 καὶ
3490 4559 3566 4633 ὧς
3621 4571 3682 4622 τὸ

2106 4655 2255 4718 εἰκὸς
2293 4653 2427 4724 ἔχει,
2452 4653 2716 4722 ἀνάλογον
2741 4655 2817 4726 τῷ
2847 4656 2941 4709 τοῦ
2966 4659 3294 4728 πράγματος
3327 4659 3452 4713 καθ’
3485 4659 3545 4714 ὃν
3585 4661 3678 4714 πέ-

2108 4762 2350 4818 πρακται
2375 4747 2584 4816 τρόπῳ,
2617 4747 2890 4816 ἐκκρεμὲς
2915 4765 2975 4800 τε
3011 4747 3072 4802 τε
3096 4749 3276 4822 σῶμα,
3315 4751 3410 4824 καὶ
3437 4751 3534 4824 τάς
3567 4755 3676 4824 χεῖ-

2106 4856 2206 4908 ρας
2231 4838 2648 4910 διαπλουμένας,
2675 4840 2772 4892 καὶ
2799 4841 2912 4903 τοῖς
2940 4841 3089 4911 ἥλοις
3119 4822 3680 4915 διαπεπερονηκμέν-ας·

2104 4931 2195 5000 ὑφ’
2225 4927 2303 4984 ὧν
2327 4932 2388 4984 τδ
2423 4930 2644 4985 πάντων
2696 4929 3020 5002 θαυμασίων
3059 4933 3535 5008 θαυμασιώτερον,
3589 4937 3685 4990 καὶ

2102 5022 2212 5075 τῶν
2251 5023 2319 5076 δι’
2357 5016 2433 5077 ὧν
2472 5023 2800 5094 σεσώσμεθα
2831 5024 2893 5077 τὸ
2925 5020 3326 5097 καιριώτατον,“
3345 5025 3519 5090 πάθος
3551 5029 3685 5098 ἡμῖν

2102 5113 2195 5166 τοῦ
2227 5113 2466 5186 Χριστοῦ
2501 5113 2561 5166 τὸ
2595 5114 2864 5188 σωτήριον
2898 5114 3295 5187 ὑπογράφεται·
3337 5118 3390 5170 τί
3422 5111 3515 5170 οῦν
3546 5117 3685 5189 πρὸς

2101 5205 2262 5260 τοῦτο
2285 5207 2333 5258 oi
2365 5205 2555 5277 ἐχθροὶ
2585 5205 2680 5260 τοῦ
2721 5204 2955 5278 σταυροῦ
2995 5206 3090 5260 τοῦ
3118 5205 3355 5279 Χριστοῦ
3387 5208 3684 5280 δράσειαν,

2101 5295 2316 5368 ἀνάγκη
2343 5295 2492 5352 δυοῖν
2522 5296 2586 5350 τὺ
2611 5297 2818 5369 ἕτερον·
2855 5299 2889 5370 ἢ
2922 5298 3366 5370 προσκυνοῦντας
3397 5299 3489 5354 τὸν
3521 5317 3686 5356 σταυ·

2106 5389 2218 5460 ρον,
2273 5389 2370 5443 καὶ
2404 5389 2503 5460 τὴν
2563 5390 2750 5445 εἰκόνα
2805 5394 3338 5464 συμπροσκυνῆσαι,
3389 5391 3553 5466 εἴπερ
3608 5392 3686 5464 μὴ

2108 5483 2291 5552 μέλλοι
2328 5483 2400 5537 τὰ
2440 5485 2539 5554 τῆς
2587 5483 2920 5554 ἐπαγγελίας
2978 5484 3160 5540 αὐτῶν
3205 5484 3616 5542 διαπεσεῖσθαιο
3652 5486 3684 5558 ἢ
