3898 6150
246 353 316 419 33
913 334 1541 424 ANTIRR'HETICUS
1583 365 1670 423 III
1710 363 1878 423 Αον.
1917 353 2509 422 CONSTANTINUM
2547 362 2760 424 corn.

3381 322 3488 431 tat

207 468 614 542 καθαιροῦντις
661 470 762 540 τὴν
801 472 1024 534 εἰκόνα,
1076 473 1543 540 συγκαταϐάλλειν
1582 475 1676 527 καὶ
1709 473 1800 526 τὸν

1911 470 2136 525 cundum
2170 467 2408 536 eligunt,
2453 470 2520 524 ad
2551 480 2856 526 extremum
2905 488 3124 530 erucem
3171 477 3387 547 ipsam,
3432 489 3486 534 et

206 562 452 634 σταυρόν
488 561 582 632 (e)°
619 565 668 616 οἱ
700 563 758 616 δέ
807 579 874 630 γε
910 563 971 617 τὺ
1003 565 1255 636 δεύτερον
1305 565 1572 634 ἑλόμενοι,
1613 563 1798 616 τέλεον

208 651 306 704 καὶ
331 652 423 704 τὸν
463 651 701 722 σταυρὸν
730 653 892 706 αὐτὸν
923 654 1018 706 καί
1046 655 1224 707 πᾶσαν
1254 651 1393 722 ὁμοῦ
1423 653 1522 723 τὴν
1556 652 1796 724 Χριστοῦ

207 742 528 812 οἰκονομίαν
569 743 645 805 ὡς
697 744 1110 816 ἀνοικονόμητοι
1159 747 1652 817 παραγράφονται,
1706 747 1799 798 καὶ

208 831 320 884 τῶν
354 833 795 905 ἐπηγγελμένων
816 833 878 888 τδ
907 834 1103 904 ψεῦδος
1135 823 1574 907 δημοσιεύουσινο
1609 838 1657 890 εί
1689 835 1806 906 γὰρ’

215 925 388 996 μετῆν
419 926 608 988 αὐτοῖς
633 925 884 980 ὁπωσοῦν
911 927 1192 999 ἀληθείας,
1225 929 1332 982 ἔδει
1367 929 1798 1002 προηγουμένως

211 1019 312 1088 τὴν
353 1019 548 1072 είκόνα
595 1019 762 1090 τιμᾷν
797 1019 872 1083 ὡς
919 1021 1211 1090 ποιητικὸν
1259 1023 1456 1086 αἴτιον,
1515 1021 1614 1075 καὶ
1662 1039 1798 1094 προ-

212 1108 496 1177 αγωγικδν
527 1108 620 1162 τοῦ
653 1109 889 1180 σταυροῦ
907 1127 920 1140 ·
941 1113 1051 1164 πᾶν
1076 1112 1183 1182 γὰρ
1209 1115 1238 1166 ὅ
1264 1130 1410 1176 τινος
1427 1114 1616 1168 ἕνεκεν
1648 1115 1800 1185 εῐρηο

213 1217 334 1263 ται,
368 1199 596 1254 ἔλαττον
622 1200 834 1255 ἐκείνου
858 1202 953 1255 τοῦ
984 1201 1049 1255 δι’
1078 1202 1106 1256 ὃ
1140 1203 1353 1273 γέγονεο
1388 1209 1481 1258 καὶ
1507 1207 1556 1258 εἰ
1584 1207 1612 1258 ό
1643 1223 1800 1258 σταυ-

220 1293 304 1362 ρδς
331 1293 623 1363 τιμητέος,
649 1292 839 1366 ὥσπερ
866 1293 960 1348 οὖν
991 1295 1086 1348 καὶ
1113 1295 1251 1358 ἐστι,
1286 1293 1488 1364 μ’ᾶλλον
1521 1298 1552 1368 ἡ
1587 1296 1678 1350 τὸν
1704 1297 1798 1351 τοῦ

217 1385 388 1438 αἰτίου
425 1384 626 1439 τούτου
670 1385 830 1456 λόγον
869 1379 1140 1457 ἐπέχουσα
1184 1387 1348 1442 εἰκὼν
1395 1390 1665 1460 τιμητέα’
1705 1391 1801 1444 καὶ

217 1476 322 1546 γὰρ
351 1471 380 1530 ό
417 1478 655 1550 σταυρὸς
688 1477 777 1532 διὰ
801 1479 900 1551 τὴν
939 1479 1124 1532 είκόνα
1154 1480 1398 1548 γέγονεν,
1433 1481 1533 1534 οὐκ
1566 1481 1801 1552 ἔμπαλιν

218 1565 250 1633 ἡ
287 1563 454 1618 εἰκὼν
509 1566 598 1620 διὰ
638 1565 732 1620 τὸν
783 1567 955 1622 τύπον
993 1568 1087 1622 τοῦ
1139 1569 1401 1641 σταυρού’
1451 1571 1660 1642 ταύτης
1691 1572 1801 1642 γὰρ

220 1655 656 1729 προηγουμένως
681 1659 1128 1734 διαγραφομένης
1159 1661 1252 1716 καὶ
1277 1664 1648 1734 τυπουμένης,
1680 1655 1802 1718 συν-

219 1751 489 1822 διεγράφη
513 1751 608 1804 καὶ
638 1751 822 1816 αὐτὸς,
857 1757 923 1826 τῇ
957 1771 1014 1808 τε
1059 1755 1245 1810 στάσει
1281 1753 1375 1808 τοῦ
1399 1755 1584 1828 ὀρθίου
1611 1756 1801 1827 σώμα-

218 1859 306 1905 τος
330 1883 346 1906 ,
385 1844 484 1896 καὶ
511 1845 580 1914 τῇ
609 1845 698 1914 ἐφ’
736 1845 978 1915 ἑκάτερα
1007 1847 1116 1902 τῶν
1154 1847 1358 1920 χειρῶν
1392 1849 1616 1902 ἐκτάσει
1679 1861 1804 1902 συν·

219 1933 690 2005 αποτυπούμενος·
741 1935 801 2001 ἐξ
829 1936 1081 2008 ἀνάγκης
1127 1945 1188 1991 τε
1243 1939 1336 1993 καὶ
1367 1939 1678 2004 ἀκολούθως
1726 1941 1806 2012 τῷ

223 2024 597 2098 σχηματισμῷ
635 2027 729 2080 τού
773 2027 1024 2098 σώματος
1060 2028 1138 2093 ῶς
1175 2029 1645 2102 παρακολούθημα
1681 2047 1804 2084 συν-

223 2117 662 2189 αναφαινόμενος
683 2135 696 2148 °
753 2122 844 2174 καὶ
885 2122 986 2175 οὐκ
1021 2119 1100 2176 ἄν
1135 2139 1222 2186 τις
1263 2122 1604 2194 ἀποσφαλείη
1639 2123 1807 2195 τάλη-

224 2208 346 2272 θοῦς
366 2209 570 2280 λέγων,
603 2210 678 2274 ὡς
704 2211 732 2264 ὃ
749 2229 813 2280 γε
836 2211 934 2284 τὴν
963 2213 1150 2268 εἰκόνα
1173 2213 1266 2268 τοῦ
1287 2216 1496 2286 Κυρίου
1521 2215 1600 2287 τῷ
1620 2216 1807 2288 τοιῷδε

224 2300 411 2371 τρόπῳ
455 2301 861 2374 διαχαράσσων,
914 2305 1008 2358 καὶ
1049 2306 1097 2359 εί
1133 2305 1208 2377 μὴ
1263 2305 1542 2377 βούλοιτο,
1583 2307 1678 2360 καὶ
1717 2307 1808 2361 τὸν

225 2393 396 2445 τᾷπον
436 2393 534 2446 τοῦ
582 2395 818 2467 σταυροῦ
860 2394 1344 2468 συνδιαχαράξειεο
1400 2396 1518 2460 πῶς
1567 2393 1661 2450 οὖν
1709 2399 1808 2452 οὐκ

226 2485 451 2556 ἔκδηλος
481 2484 572 2539 διὰ
616 2487 858 2555 πάντων,
894 2488 1004 2543 τῶν
1029 2471 1430 2561 Χριστομάχων
1453 2491 1492 2560 ἡ
1527 2507 1811 2561 παραφροτ·

229 2577 360 2648 σύνη
391 2579 492 2632 καὶ
519 2579 554 2651 ή
583 2579 905 2648 δυσσέϐειας
935 2582 1028 2636 τὸν
1055 2582 1154 2653 μὲν
1182 2584 1289 2654 γὰρ
1314 2583 1392 2648 ὡς
1418 2583 1599 2654 τίμιον
1628 2583 1810 2636 σέϐειν

228 2669 620 2740 ὑποκρίνονται
641 2713 656 2736 ,
681 2672 741 2725 τὸ
769 2673 826 2726 δὲ
853 2673 1055 2742 μᾶλλον
1088 2673 1272 2744 τίμιον
1293 2673 1478 2728 τέλεον
1515 2673 1808 2728 διαπτύουο

227 2777 332 2815 σινσ
361 2763 482 2816 ἀλλ’
529 2763 591 2816 οὐ
629 2763 710 2835 τῷ
760 2766 978 2838 σταυρῷ
1017 2767 1076 2820 τύ
1111 2769 1296 2836 τίμιον
1323 2767 1614 2836 νέμοντες,
1653 2765 1812 2820 τοῦτο

226 2853 443 2908 ποιοῦσι
463 2871 480 2886 ⁸
517 2856 636 2920 πῶς
664 2855 774 2924 γάρ
803 2858 858 2910 οἵ
890 2875 954 2927 γε
991 2859 1531 2927 συγκαταϐάλλοντες
1576 2859 1634 2912 ἐν
1682 2857 1812 2911 πολ-

225 2945 369 3013 λοῖς,
414 2948 512 2999 καὶ
542 2949 980 3018 καταφλέγοντες
1005 2953 1098 3004 καὶ
1123 2949 1540 3022 συμπατοῦντες
1572 2951 1700 3002 ποσὶ
1725 2949 1812 3020 βε-

228 3037 416 3110 ϐήλοις
451 3040 552 3092 καὶ
595 3041 966 3113 ἀκαθάρτοις;
1004 3043 1124 3098 ἀλλ’
1157 3045 1244 3098 ἵνα
1280 3044 1356 3116 μὴ
1383 3043 1596 3097 δοκοῖεν
1631 3045 1811 3098 πάντα

1902 562 2210 615 universam
2238 560 2399 615 simul
2427 561 2632 615 Christi
2681 565 3066 634 oeconomiam,
3099 575 3287 637 utpote
3328 569 3487 638 hujus

1901 652 2246 715 adversarii,
2307 652 2526 721 delent;
2563 665 2617 708 et
2671 655 2986 724 sponsionis
3021 673 3134 713 sua:
3197 661 3486 718 falsitatem

1902 732 2074 815 palam
2111 743 2334 802 faciunt.
2371 742 2426 798 Si
2457 749 2602 800 enim
2633 748 2716 802 vel
2765 748 3037 804 tantillum
3067 752 3315 807 veritatis
3341 755 3484 822 apud

1901 851 1995 892 eos
2027 831 2322 904 resideret,
2371 846 2648 906 oporteret
2679 839 2730 892 in
2761 840 2952 908 primis
2982 841 3272 913 imaginem
3326 861 3489 900 vene-

1901 927 2028 982 rari-
2071 927 2147 982 uti
2205 942 2426 983 causam
2459 927 2780 985 efﬁcientem
2823 939 2878 986 et
2929 917 3228 990 auctricem
3281 919 3485 994 cruris.

1899 1018 2171 1091 Quidquid
2201 1020 2346 1075 enim
2377 1021 2444 1076 ab
2475 1020 2659 1092 aliquo
2677 1035 2800 1078 esse
2821 1023 3046 1092 dicitur,
3077 1026 3258 1092 minus
3288 1034 3371 1084 est
3397 1027 3488 1083 illo

1903 1126 1930 1165 a
1959 1123 2066 1180 quo
2099 1106 2349 1166 edicitur.
2380 1107 2443 1164 Et
2471 1111 2514 1165 si
2545 1126 2680 1166 crux
2708 1115 3020 1170 veneranda
3045 1121 3150 1182 est,
3183 1116 3356 1186 magis
3381 1116 3486 1173 ho-

1902 1203 2145 1258 noranda
2171 1213 2256 1258 est
2291 1218 2376 1268 ea,
2411 1217 2533 1274 qua:
2559 1218 2738 1260 causa:
2764 1205 3026 1262 rationem
3063 1207 3224 1264 habet
3244 1249 3258 1274 ,
3284 1208 3487 1278 imago.

1899 1294 2036 1350 Nam
2064 1309 2197 1351 crux
2223 1304 2444 1365 propter
2474 1296 2760 1366 imaginem
2792 1299 3022 1366 exstitit,
3051 1314 3158 1354 non
3186 1316 3342 1356 versa
3369 1301 3490 1356 vice

1904 1387 2337 1456 imagO'pmpter
2365 1385 2544 1440 crucis
2590 1395 2795 1457 typum.
2837 1385 3081 1458 imagine
3133 1389 3280 1444 enim
3319 1397 3480 1446 antea

1895 1475 2170 1545 descripta
2199 1462 2254 1530 et
2283 1474 2536 1554 ﬁgurata,
2565 1491 2700 1532 crux
2728 1476 2887 1532 simul
2917 1477 3189 1549 descripta
3226 1486 3332 1546 est,
3361 1495 3492 1536 cor—

1902 1566 2051 1638 poris
2091 1575 2274 1641 erecto
2297 1566 2488 1633 statui,
2519 1577 2574 1623 et
2608 1569 2887 1641 utriusque
2917 1585 3116 1626 manus
3150 1571 3492 1638 extensioni,

1903 1651 2274 1721 conformata;
2310 1656 2622 1712 necessario
2643 1656 2852 1713 scilicet
2879 1667 3322 1716 etconsentanee
3357 1677 3482 1717 cor-

1906 1746 2284 1814 porishabitui
2319 1762 2418 1803 ceu
2460 1748 2738 1817 se‘quelam
2781 1760 2952 1806 semet
2995 1739 3311 1808 ostendens.
3370 1751 3488 1808 Nec

1907 1837 2192 1907 quisquam
2221 1839 2401 1894 a‘vero
2429 1840 2742 1904 aberrabit,
2774 1840 2962 1898 dicens
3009 1861 3022 1897 :
3079 1845 3224 1912 quod
3267 1843 3494 1899 Domini

1908 1930 2201 2001 imaginem
2247 1931 2352 1987 hoc
2387 1933 2547 1988 modo
2581 1933 2910 2001 charaxans,
2947 1935 3162 1990 etiamsi
3213 1936 3368 2002 nolit,
3405 1946 3482 2008 ty-

1907 2034 2035 2090 pum
2062 2021 2243 2076 crucis
2281 2035 2390 2076 una
2436 2023 2836 2079 charaxaverit.
2879 2023 3082 2092 Quidni
3133 2025 3301 2096 igitur
3345 2042 3484 2096 qua-

1908 2126 2208 2184 quaversus
2240 2123 2452 2170 constet
2475 2114 2675 2170 Christi
2729 2115 2966 2172 hostium
3027 2116 3235 2172 insania
3274 2125 3328 2172 et
3384 2118 3486 2172 iut-

1908 2205 2117 2275 pietas?
2154 2203 2288 2259 Nam
2326 2221 2544 2262 crucem
2593 2218 2654 2262 ut
2687 2209 3050 2264 venerandam
3084 2225 3144 2265 se
3183 2209 3366 2266 colere
3411 2210 3490 2266 si-

1911 2297 2150 2366 mulant;
2189 2300 2331 2370 quod
2359 2307 2540 2354 autem
2567 2301 2738 2370 magis
2783 2309 2866 2357 est
2896 2300 3226 2369 venerabile,
3258 2317 3486 2372 prorsus

1910 2393 2198 2462 despuunt.
2226 2390 2339 2446 Sed
2363 2406 2472 2446 non
2497 2391 2622 2461 quia
2648 2407 2863 2448 crucem
2893 2393 3182 2460 honorent,
3211 2393 3265 2449 id
3290 2403 3484 2466 agunt;

1910 2484 2034 2556 quis
2065 2484 2210 2539 enim
2249 2485 2300 2540 id
2335 2486 2566 2541 credat?
2595 2486 2866 2557 siquidem
2911 2489 3054 2544 hanc
3085 2504 3228 2560 saepe
3281 2489 3486 2558 dejeceo

1913 2587 2072 2642 runt,
2107 2579 2548 2644 combusserunt,
2597 2577 2841 2648 profanis
2873 2581 3099 2650 pedibus
3127 2592 3290 2653 atque
3322 2582 3489 2637 illotis

1912 2670 2364 2727 conculcaverunt
2393 2687 2409 2738 ;
2451 2671 2543 2726 sed
2580 2679 2650 2726 ne
2673 2672 2962 2727 videantur
2991 2683 3218 2728 cunctas
3248 2672 3491 2729 funditus

1913 2777 2258 2818 commovere
2297 2762 2556 2818 Ecclesia:
2589 2763 2902 2830 religiones,
2967 2766 3209 2820 divimnn
3263 2767 3485 2820 interim

1913 2854 2117 2910 Christi
2151 2864 2336 2922 typum
2373 2853 2711 2925 (imaginem)
2747 2865 3052 2926 opportune
3083 2858 3392 2929 importune
3425 2858 3493 2912 de

1915 2945 2092 3002 medio
2126 2946 2314 3001 tollere
2358 2945 2618 3013 student;
2659 2945 2818 3016 109
2878 2949 3136 3014 quoniam
3175 2949 3356 3017 gravis
3408 2957 3493 3002 est

1914 3037 2045 3108 ipsis
2072 3036 2236 3091 etiam
2289 3036 2342 3090 in
2373 3036 2612 3104 imagine
2671 3045 2947 3105 spectatus
3003 3037 3275 3093 Christus.
3311 3036 3494 3093 Veluti

229 3130 292 3184 ὲκ
327 3129 609 3201 πυθμένος
658 3135 984 3203 παρακινεῖν
1018 3134 1086 3187 τὰ
1115 3135 1214 3204 τῆς
1267 3133 1599 3205 Ἐκκλησίας
1650 3131 1806 3186 σεϐά-

1918 3128 1962 3184 si
1994 3128 2116 3198 quis
2148 3125 2448 3181 naturalem
2475 3124 2775 3178 foeditatem
2807 3125 2993 3179 volens
3015 3135 3315 3188 extenuare
3339 3164 3356 3191 ,
3397 3141 3490 3178 or-

229 3237 437 3291 σματα,
466 3221 560 3275 τὸν
589 3221 731 3277 θεῖον
759 3223 853 3278 τοῦ
883 3224 1121 3296 Χριστοῦ
1152 3225 1324 3280 τύπον
1351 3225 1626 3297 εὐκαίρως
1654 3224 1812 3278 ἀκαί-

233 3329 338 3382 ρως
371 3312 622 3369 ἐκποδὼν
671 3315 944 3370 ποιεῖσθαι
987 3316 1344 3388 προελόμενοι
1367 3356 1382 3381 ,
1416 3316 1606 3388 ἐπειδὴ
1639 3315 1809 3388 βαρύς

229 3403 374 3454 ἐστιν
407 3403 588 3468 αὐτοῖς
621 3405 711 3458 καὶ
732 3406 790 3459 ἐν
817 3407 990 3461 εἰκόνι
1015 3407 1366 3479 βλεπόμενος·
1398 3407 1473 3471 ὡς
1506 3408 1616 3479 γὰρ
1646 3407 1700 3460 ετ
1728 3420 1808 3470 τις

1920 3227 2296 3274 namentorum
2357 3217 2627 3273 lenocinio
2690 3229 2863 3272 semet
2903 3227 3253 3279 vetntstaret;
3317 3218 3387 3272 ita
3435 3216 3494 3272 hi

1917 3309 2094 3364 crucis
2125 3309 2418 3378 negotium,
2445 3317 2500 3361 ut
2533 3307 2972 3362 honestissimum
3001 3317 3320 3380 praetextum
3343 3349 3359 3377 ,
3393 3323 3492 3362 no-

1917 3404 2001 3457 bis
2026 3401 2312 3468 objiciunt.

227 3495 287 3548 τδ
320 3497 552 3566 φυσικὸν
606 3495 796 3570 αἶσχος
880 3501 1206 3573 βουλόμενος
1277 3502 1709 3574 ἀπο-τρίψεσθαι,
1781 3499 2151 3570 κομμωτικοῖς
2197 3482 2650 3564 καλλωπίσματα)
2709 3495 3172 3566 ὲπιμορφίζοιτο,
3238 3495 3332 3550 τὸν
3389 3493 3492 3548 τοῦ

231 3593 464 3662 σταυροῧ
500 3595 659 3666 λόγον
682 3599 757 3662 ὡς
783 3601 985 3672 σκῆψιν
1006 3603 1459 3674 εὐπρεπεστάτην
1490 3602 1646 3656 αὐτοὶ
1679 3595 2141 3670 προχειρίζονται.

218 3749 224 3753 _
297 3683 407 3749 λς’.
445 3686 514 3740 Τί
559 3687 616 3742 δὲ
665 3690 749 3745 δεῖ
779 3695 908 3765 περὶ
941 3689 1253 3748 τού.’τύπου
1293 3693 1386 3748 τοῦ
1432 3693 1668 3764 σταυροῦ
1717 3694 1807 3746 λέ-

228 3793 381 3844 γειν;
409 3777 554 3833 αύτά
580 3781 647 3835 τά
673 3783 1033 3852 πρωτότυπα,
1051 3786 1126 3850 ὡς
1147 3786 1212 3841 ἄν
1237 3803 1322 3849 τις
1339 3785 1498 3857 φαίη,
1517 3785 1614 3838 τοῦ
1644 3801 1808 3838 σταυ-

231 3867 346 3938 ροῦ,
379 3871 447 3926 τὰ
479 3874 752 3946 σεϐάσμια
778 3878 871 3931 καὶ
901 3876 1032 3947 παρ’
1058 3881 1191 3948 ἡμῖν
1219 3881 1332 3942 τοῖς
1363 3872 1578 3942 πίστοῖς
1602 3876 1808 3940 πιστῶς

229 3963 706 4035 προσκυνούμενα,
742 3967 902 4038 τίμια
940 3969 1036 4023 καὶ
1067 3969 1312 4034 ζωοποιὰ
1344 3969 1510 4036 ξύλα,
1547 3968 1810 4038 καθυϐρί-

231 4051 378 4117 ζουσι
402 4057 502 4110 καὶ
531 4057 892 4128 ἀτιμάζουσιν
914 4061 1178 4134 αἰσχρῶς·
1205 4062 1273 4116 τά
1303 4063 1412 4132 γὰρ
1441 4060 1681 4133 ἀρχῆθεν
1717 4061 1812 4114 καὶ

231 4147 380 4220 παρά
403 4149 752 4221 Χριστιανῶν
785 4152 842 4206 ἕν
871 4170 930 4206 τε
959 4152 1292 4224 χρυσώμασι
1317 4153 1412 4206 καὶ
1447 4149 1811 4223 ἀργυρώμασι

231 4243 753 4313 κατεσκευασμένα,
789 4247 887 4298 καὶ
921 4244 1231 4316 καλούμενα
1270 4245 1646 4316 φυλακτήρια,
1683 4241 1718 4296 ἃ
1746 4242 1811 4313 δὴ

233 4333 321 4386 καὶ
351 4333 474 4386 κατ’
499 4333 727 4404 αὐχένος
752 4333 1265 4406 ἐκκρεμαννύμενα,
1293 4335 1546 4406 καὶ’πρὺς
1572 4333 1632 4386 τὸ
1658 4332 1812 4403 στέρ-

1986 3688 2076 3742 56.
2109 3685 2246 3752 Quid
2263 3701 2424 3754 porro
2446 3686 2509 3739 de
2537 3687 2717 3740 crucis
2743 3695 2871 3758 typo
2896 3685 3184 3740 dicendum
3207 3679 3495 3754 superest?

1916 3776 2033 3846 Ipsa
2069 3777 2247 3832 crucis
2275 3784 2586 3846 prototypa,
2618 3785 2676 3830 ut
2701 3777 2976 3847 appellare
3003 3776 3150 3840 licet,
3181 3775 3490 3828 veneranda

1916 3882 1966 3926 et
2003 3891 2028 3923 a
2065 3869 2221 3924 nobis
2265 3867 2516 3922 fidelibus
2557 3867 2789 3923 fideliter
2827 3871 3130 3932 adoranda,
3162 3866 3396 3936 pretiosa
3440 3878 3495 3920 et

1918 3962 2132 4018 vivifica
2164 3961 2334 4030 ligna,
2365 3958 2730 4014 dehonestent
2764 3959 3119 4027 turpihusque
3144 3956 3494 4012 contumeliis

1917 4054 2184 4110 alliciunt.
2259 4049 2504 4119 Namque
2561 4050 2677 4104 haec
2722 4065 2750 4104 a
2805 4048 3130 4104 Christianis
3189 4047 3493 4117 antiquitus

1915 4147 2097 4202 aureis
2129 4145 2210 4200 vel
2247 4143 2520 4214 argenteis
2556 4142 2727 4198 thecis
2751 4141 3012 4212 reposita,
3048 4155 3169 4212 qua:
3208 4139 3492 4212 phylacte-

1917 4241 1995 4294 ria
2029 4238 2372 4304 vocitantur,‘
2393 4250 2622 4306 qumque
2649 4235 2789 4289 collo
2813 4249 3099 4304 suspensa,
3129 4245 3185 4290 et
3217 4234 3268 4288 in
3304 4243 3492 4304 pectus

1915 4332 2150 4386 demissa
2221 4338 2500 4398 gestamus
2542 4325 2842 4382 Christiani
2891 4325 3026 4395 (47),
3079 4325 3148 4380 ob
3187 4322 3492 4379 custodiam

232 4438 317 4476 νον
346 4423 653 4494 καθιέμενα
675 4427 914 4498 φέρομεν
940 4427 1259 4498 Χριστιανοὶ
1286 4426 1422 4498 πρὸς
1446 4423 1696 4498 φυλακὴν
1718 4423 1806 4478 καὶ

1920 4424 2257 4492 tutelamque
2301 4422 2424 4476 vitae
2467 4429 2684 4485 nosti-te,
2717 4417 3056 4487 salutemque
3088 4416 3396 4469 animarum
3438 4423 3493 4466 et

233 4517 528 4586 ἀσφάλειαν
572 4517 672 4588 τῆς
707 4517 852 4588 ζωῆς
887 4517 1078 4590 ἡμῶν,
1111 4519 1208 4572 καὶ
1241 4515 1518 4588 σωτηρίαν
1564 4515 1674 4568 τῶν
1713 4515 1816 4582 ψυ-

231 4609 334 4677 χῶν
363 4627 424 4662 τε
449 4609 545 4663 καὶ
572 4609 681 4664 τῶν
712 4613 980 4682 σωμάτων
1001 4608 1159 4682 ἡμῶν
1177 4625 1190 4640 ·
1221 4608 1472 4662 ἐντεῦθεν
1494 4607 1603 4679 γὰρ
1628 4607 1812 4670 αὐτοῖς

234 4705 324 4756 καὶ
348 4702 593 4773 τοῦνομα
627 4703 1025 4776 ἐπικέκληται,
1063 4704 1202 4776 πρὸς
1249 4702 1492 4772 ἰατρείαν
1525 4719 1584 4754 τε
1618 4698 1810 4754 παθῶν

233 4795 323 4847 καὶ
355 4795 676 4866 ἀποτροπὴν
695 4795 798 4866 τῆς
825 4795 934 4850 τῶν
963 4795 1289 4868 ἀκαθάρτων
1317 4794 1612 4866 δαιμονίων
1638 4809 1812 4864 προσ-

233 4885 410 4958 ϐολῆς,
446 4887 623 4942 ταῦτα
654 4887 954 4958 κεκτῆσθαι
987 4886 1372 4954 πιστεύοντες,
1411 4889 1470 4940 ὲν
1499 4879 1578 4948 οἷς
1615 4884 1680 4956 δὴ
1717 4883 1812 4938 καὶ

231 4979 298 5033 τὰ
331 4980 479 5051 πάθη
512 4979 754 5052 Χριστοῦ
791 4981 885 5034 καὶ
915 4979 983 5034 τὰ
1023 4979 1310 5051 θαύματα,
1342 4982 1434 5032 καὶ
1467 4979 1500 5049 ἡ
1545 4975 1810 5042 ζωοποιὸς

233 5073 531 5137 ἀνάστασις
559 5073 634 5138 ὼς
664 5073 730 5126 τὰ
755 5072 928 5126 πολλὰ
959 5072 1340 5144 εἰκονιζόμενα
1367 5072 1644 5125 δείκνυται
1667 5107 1682 5134 ,
1715 5070 1812 5122 καὶ

173 5232 178 5241 1
241 5164 436 5225 ιούτων
459 5162 662 5236 πλῆθος
683 5165 908 5237 ἄπειρον
931 5165 1082 5236 παρὰ
1104 5164 1453 5236 Χριστιανοῖς
1468 5161 1806 5232 εὑρίσκεται.

234 5255 286 5310 τί
323 5256 502 5312 ταῦτα
549 5255 703 5328 παρὰ
732 5258 844 5321 τοῖς
881 5256 1117 5321 ἀνοσίοις
1157 5255 1499 5325 λελόγισται;
1543 5251 1810 5325 βδελυκτά

303 5439 373 5512 (ε)
427 5441 700 5512 Hactenus
746 5441 1054 5511 pertinebat
1096 5447 1454 5494 memoratum
1505 5437 1558 5490 in
1599 5450 1806 5506 praece-

233 5511 394 5568 dente
423 5511 777 5568 adnotatione
807 5519 1144 5578 excerptum.

328 5583 420 5652 Π)
455 5581 534 5636 De
565 5581 799 5652 bacgpia
843 5573 1514 5652 consuetudinejcgantnr
1544 5573 1803 5652 capitula,

237 5660 275 5707 t.
309 5647 350 5716 Ι,
384 5647 479 5708 lib.
515 5667 556 5719 ι,
587 5669 638 5722 p.
673 5647 865 5722 7_8;et
898 5651 990 5705 lib.
1023 5665 1097 5722 tl,
1120 5666 1175 5722 [ιε
1202 5647 1296 5712 27,
1328 5647 1506 5716 magni
1533 5647 1712 5719 operis
1742 5649 1806 5698 de

239 5738 419 5786 truce,
448 5717 670 5776 auctore
689 5719 754 5774 P.
787 5717 1039 5774 Grctsero
1064 5717 1224 5780 S.J.,
1251 5733 1357 5786 ιιιιο
1389 5731 1519 5770 sane
1548 5717 1612 5770 ex
1635 5730 1805 5786 rupere

243 5785 563 5848 immensam
597 5791 741 5842 muni
779 5791 970 5844 sarculo
1012 5785 1438 5844 Christianorum
1473 5796 1576 5839 tam
1613 5785 1802 5838 Oricu-

1921 4531 2244 4584 eorporum;
2281 4513 2406 4566 hinc
2431 4512 2576 4567 enim
2605 4519 2662 4566 et
2688 4525 2884 4566 nomen
2918 4510 3052 4579 ipsis
3075 4508 3366 4562 conliritstt'
3393 4525 3408 4574 ;
3441 4519 3496 4560 et

1915 4607 1984 4660 ob
2019 4605 2374 4676 cupiditatum
2414 4602 2702 4667 medelam,
2729 4611 2780 4656 et
2817 4601 3154 4670 impurorum
3213 4601 3496 4655 incurren-

1917 4697 2050 4750 tium
2099 4696 2405 4749 dannonum
2455 4691 2990 4754 avet-runcationem,
3042 4691 3158 4745 lucc
3211 4689 3352 4760 apud
3397 4705 3496 4745 nos

1915 4788 2116 4844 habere
2142 4786 2463 4850 credentes;
2511 4785 2562 4837 in
2593 4783 2792 4854 quibus
2817 4783 3020 4838 Christi
3067 4798 3282 4853 «pioque
3309 4782 3490 4852 passio

1913 4891 1967 4934 et
1994 4879 2252 4934 miracula
2307 4886 2362 4930 et
2414 4875 2628 4930 vivifica
2696 4876 3028 4932 resurrectio
3069 4875 3278 4930 inserta
3330 4883 3492 4939 sunt;

1919 4969 2053 5037 lucc,
2097 4970 2356 5038 inquam,
2413 4967 2560 5037 ligna
2609 4967 2890 5022 innumera
2959 4968 3102 5036 apud
3150 4965 3496 5021 Christianos

1918 5061 2348 5130 comperiantur.
2397 5059 2536 5126 Quid
2581 5075 2707 5115 vero
2742 5061 2894 5128 impii
2947 5060 3014 5113 de
3063 5057 3150 5111 his
3205 5054 3494 5124 iudicant?

1917 5155 2278 5212 abominanda
2326 5163 2536 5224 putant,
2596 5166 2716 5222 qua;
2761 5165 2886 5206 sunt
2943 5148 3358 5214 conservanda;
3407 5147 3495 5202 fu-

1917 5249 2130 5318 gienda,
2167 5262 2287 5316 quae
2335 5254 2464 5300 sunt
2511 5246 2690 5316 potius
2747 5243 3073 5314 appetenda.
3131 5240 3258 5296 llaec
3308 5241 3494 5312 itaque

1914 5431 2097 5484 talium
2157 5445 2317 5500 quam
2363 5424 2790 5500 Occidentalium
2853 5422 3346 5500 religioncm__erga
3389 5419 3495 5500 _l_t_oe

1911 5501 2102 5554 salutis
2167 5489 2365 5554 nostra
2423 5497 2727 5567 symbolum
2781 5489 3116 5567 cognoscere
3181 5489 3327 5567 li_c_e_i.
3389 5489 3494 5567 ζιζιιι

1913 5570 2273 5625 unonumentis
2301 5570 2368 5624 de
2417 5559 2576 5622 cruce
2609 5582 2637 5617 a
2667 5559 2944 5640 Gretse—ro,
2979 5572 3019 5617 t.
3057 5561 3120 5640 l|_,
3158 5559 3490 5640 editis,_al_ia,

1912 5652 1968 5694 ut
1994 5654 2255 5709 auguror,
2280 5656 2307 5692 a
2335 5653 2416 5694 me
2441 5652 2506 5692 ex
2535 5651 2665 5691 mss.
2682 5633 2959 5689 codicibus
2981 5632 3301 5703 proferenda
3335 5632 3496 5687 dein.

1910 5727 2034 5780 ροηδε
2065 5721 2208 5764 sunt.
