3898 6150
240 299 336 366 ιιι

932 304 1554 369 ANTIRRHETICUS
1597 306 1689 365 III
1728 305 1897 365 ADV.
1938 303 2529 367 CONSTANTINUM
2569 306 2781 367 COPR.

3384 302 3496 368 438

240 415 330 470 ἐπὶ
355 413 454 485 τὴν
488 414 652 487 ,ἰεράν
680 416 790 469 τῶν
829 416 1179 486 Εὐαγγελίων
1210 419 1558 491 συγγραφὴν,
1591 419 1665 482 ὼς
1697 417 1815 471 δαι-

1926 431 2020 472 ceu
2059 432 2179 487 qua:
2209 419 2512 473 damouum
2562 420 2946 475 nonnullorum
3003 420 3339 489 aliorumque
3383 419 3482 474 im-

242 506 415 579 μόνων
442 507 508 579 δή
557 525 720 562 τινων
753 510 848 563 καὶ
876 510 1055 564 ἄλλων
1088 512 1341 581 πονηρῶν
1372 513 1595 583 μνήμην
1630 508 1817 577 εἰσφέ-

242 616 436 668 ρουσαν
466 599 876 667 αἰτιασόμενοιο
913 600 1028 653 ἀλλ’
1062 601 1122 653 ού
1171 601 1239 653 δι’
1279 603 1465 653 ἐκεῖνα
1493 599 1686 659 ταῦτα,
1732 596 1821 650 διὰ

238 691 293 744 δὲ
319 691 409 744 τὸν
436 690 1009 763 θαυματουργήσαντα
1034 693 1131 746 καὶ
1155 692 1511 746 ἀπελάσαντα
1534 690 1816 760 δαίμονας,

240 782 333 836 καὶ
398 782 593 845 νόσους
662 783 979 853 καθάραντα
1033 784 1317 854 προδήλως
1403 782 1815 852 συνενήνεκται.

240 873 370 927 esas
411 873 491 942 τῷ
523 874 844 945 Εὐαγγελίῳ
876 874 1538 946 συμπροσκυνηθήσεταιο
1578 871 1674 925 καὶ
1712 871 1820 940 γὰρ

239 967 270 1033 ἠ
298 966 425 1034 παρ’
452 964 613 1036 ἡμῶν
646 965 1048 1037 προσκύνησις,
1082 968 1130 1020 εἰ
1169 966 1263 1020 xa‘t
1291 964 1570 1035 αἰσθητῶς
1608 963 1819 1032 γίνεται

242 1056 374 1125 πρὸς
403 1055 645 1126 αἰσθητά
677 1073 741 1125 γε
770 1056 900 1109 ὄντα
926 1058 995 1111 τά
1022 1056 1175 1126 ἅγια,
1207 1056 1324 1112 ἀλλ’
1354 1056 1447 1110 οὖν
1476 1072 1540 1124 γε
1568 1051 1820 1117 ἐντεῦθεν

238 1150 354 1209 ταῖς
393 1150 610 1218 νοεραῖς
650 1147 986 1219 ἐνεργείαις,
1037 1149 1132 1202 ἐπὶ
1160 1149 1251 1203 τὸν
1298 1148 1506 1203 τούτων
1549 1147 1721 1200 αἰτιον
1758 1142 1819 1196 τὸ

241 1238 400 1301 σέϐας
422 1239 761 1311 άνάπτομεν,
784 1240 878 1294 καὶ
904 1240 1250 1311 συμδολικῶς
1276 1240 1449 1294 ταῦτα
1466 1239 1815 1295 ἐπιτελεῖται*

240 1332 471 1402 ἐπείπερ
497 1332 532 1401 ἥ
576 1347 638 1400 γε
703 1331 1079 1403 προσκύνησις
1107 1332 1265 1405 ήμῶν
1301 1333 1395 1386 καὶ
1426 1333 1460 1402 ἡ
1492 1331 1719 1398 λατρεία
1761 1334 1818 1385 ὲν

240 1422 513 1492 πνεύματι
540 1425 634 1477 καὶ
662 1422 917 1496 ἀληθείᾳ,
938 1414 1080 1480 κατᾶ
1102 1425 1193 1477 τὸν
1223 1423 1318 1478 τοῦ
1350 1424 1604 1495 Σωτῆρος
1633 1423 1816 1492 λόγον,

239 1514 443 1585 κυρίως
476 1516 571 1570 καὶ
602 1516 819 1588 ἀληθῶς
854 1519 1003 1571 ἐστιν
1024 1534 1035 1546 ·
1072 1518 1233 1587 ἡμεῖς
1267 1516 1378 1587 γὰρ
1405 1514 1435 1569 ὃ
1465 1512 1818 1586 προσκυνοῦ-

242 1622 362 1673 μεν,
400 1604 648 1677 οἴδαμεν·
682 1606 837 1660 αὐτοὶ
878 1606 936 1660 δὲ
970 1607 998 1660 ὃ
1025 1605 1443 1678 προσκυνοῦμεν
1465 1646 1482 1673 ,
1514 1605 1616 1658 οὐκ
1645 1604 1813 1666 ἴσασι,

238 1695 311 1768 τῷ
353 1698 430 1768 μὴ
462 1698 668 1752 εἰδέναι
696 1698 897 1777 αὐτοὺς
922 1701 1019 1770 τῆς
1058 1699 1210 1761 θείας
1237 1695 1551 1768 οἰκονομίας
1578 1694 1638 1749 τὸ
1672 1694 1814 1764 μέγα

242 1792 560 1861 μυστήριον.
1106 1808 1109 1813 λ

309 1879 415 1953 λη’.
450 1882 573 1935 Ἐτι
601 1881 802 1951 φασιν,
852 1883 937 1936 ὃτι
983 1900 1002 1934 ι
1038 1882 1154 1953 Πρὸ
1190 1880 1289 1953 μὲν
1317 1879 1411 1934 τοῦ
1447 1880 1651 1943 πάθους
1682 1880 1818 1950 Χρι-

241 1973 367 2027 στοῦ
394 1975 494 2028 καὶ
528 1974 629 2044 τῆς
664 1973 1038 2038 ἀναστάσεως,
1070 1972 1307 2044 Χριστὸν
1339 1972 1733 2042 περιγράφειςο
1766 1969 1817 2023 τί

239 2060 281 2115 δ’
309 2061 375 2115 ἃν
403 2062 584 2125 εἴποις
615 2062 756 2132 μετά
783 2061 883 2132 τὴν
905 2061 1201 2115 ἀνάστασιν
1225 2077 1240 2128 ;
1273 2059 1464 2130 ἐπειδὴ
1488 2060 1588 2112 ούκ
1618 2059 1677 2111 ἐν
1705 2060 1819 2121 τοῖς

239 2150 423 2214 αὐτοῖς
452 2152 520 2204 τὰ
554 2151 875 2223 πράγματα·
907 2150 1188 2222 ἄφθαρτον
1215 2151 1323 2221 γὰρ
1348 2149 1536 2204 λοιπὸν
1570 2149 1630 2203 τὸ
1660 2149 1818 2219 σῶμα

239 2241 500 2312 Χριστοῦ,
526 2242 619 2296 καὶ
647 2242 745 2312 τὴν
774 2241 1078 2296 ἀθανασίαν
1114 2227 1566 2314 κληρωσάμενον·
1597 2239 1699 2293 ποῦ
1725 2235 1818 2293 οὖν

242 2351 320 2388 σοι
350 2334 426 2389 τὰ
471 2335 574 2405 τῆς
620 2333 970 2405 περιγραφῆς
1024 2335 1338 2404 χωρήσειες
1372 2333 1467 2386 καὶ
1512 2331 1628 2395 πῶς
1663 2347 1819 2403 περι·

237 2427 588 2497 γραφήσεται
616 2425 678 2478 τδ
712 2424 1116 2496 κεκλεισμένων
1152 2425 1263 2479 τῶν
1294 2416 1479 2496 ’θυρῶν
1511 2423 1648 2493 πρὸς
1696 2423 1821 2485 τοὺς

241 2517 496 2587 μαθητάς
526 2516 719 2583 εἰσιὺν,
759 2518 857 2571 καὶ
890 2517 1081 2588 μηδενὶ
1114 2514 1400 2587 κωλύματι
1430 2514 1818 2587 περιειργὸμεο

239 2626 357 2674 νονς
397 2627 418 2661 ι
455 2610 587 2673 Ταῖς
621 2609 950 2681 τολμηρίαις
979 2609 1087 2679 γάρ
1116 2609 1226 2662 τῶν
1249 2607 1503 2677 Δοκητῶν
1526 2605 1819 2677 ἀναισχύν-

239 2716 346 2759 τως
389 2699 652 2768 ἑπόμενοι
688 2739 703 2764 ,
740 2699 876 2768 μηδὲ
907 2698 1223 2768 ἐφάψασθαι
1258 2698 1417 2769 χερσὶ
1446 2698 1536 2750 τδν
1573 2696 1822 2767 μαθητὴν

239 2791 336 2861 τῆς
363 2791 517 2854 θείας
547 2791 791 2861 πλευρᾶς
825 2789 1172 2859 κενολογοῦσι
1191 2807 1204 2821 ·
1239 2788 1601 2843 κελευσθέντα
1633 2787 1691 2841 δὲ
1723 2786 1821 2858 μό-

240 2901 329 2940 νον
355 2883 513 2953 παρὰ
540 2882 633 2936 τοῦ
681 2883 935 2954 Σωτῆρος
960 2882 1040 2953 μὴ
1074 2880 1258 2950 μέντοι
1283 2880 1379 2934 καὶ
1399 2880 1460 2932 τὸ
1482 2877 1821 2951 προσταχθὲν

241 2978 319 3037 εἰς
345 2974 512 3046 ἔργον
538 2974 904 3041 ἐξενέγκαντα
923 2990 936 3003 ·
964 2972 1060 3027 καὶ
1089 2973 1176 3027 διά
1202 2973 1374 3027 ταῦτα
1410 2975 1548 3044 μήτε
1589 2970 1821 3041 ὀφθῆναι

245 3068 480 3138 σώματι,
515 3071 652 3139 μήτε
676 3063 814 3122 εἶναι
845 3058 1093 3137 σῶμαλτδ
1121 3066 1382 3136 παράπαν
1410 3066 1471 3120 τὸ
1499 3066 1679 3136 σῶμα.
1717 3062 1821 3116 Οὓς
1847 3091 1890 3150 ε

243 3176 347 3222 τως
379 3159 563 3222 αὐτοῖς
593 3155 661 3213 τὰ
693 3159 800 3212 τῶν
826 3158 1171 3227 Εὐαγγελίων
1198 3157 1430 3212 άπισταί
1471 3155 1634 3211 Ἀλλά
1661 3154 1822 3209 τοῦτο

245 3248 459 3319 πρῶτον
489 3248 782 3301 ἀκούσεται
812 3250 840 3302 ὁ
872 3250 999 3317 περὶ
1026 3247 1200 3302 ταῦτα
1232 3246 1530 3319 διαπορῶν,
1550 3246 1633 3300 ὅτι
1662 3243 1819 3299 Ἐἰσ-

198 3404 208 3414 ι
241 3339 458 3405 ελθὼν,
494 3341 697 3409 φήσας,
744 3333 817 3394 ’τὸ
850 3339 1225 3411 ἀπορούμενον
1252 3340 1479 3402 ἔλυσαςο
1523 3340 1659 3403 ὅλως
1711 3340 1821 3409 γὰρ

244 3431 304 3486 τὸ
331 3432 622 3498 εἰσελθεῖν,
662 3434 759 3487 καὶ
802 3432 1075 3500 ἐξελθεῖν,
1106 3432 1140 3503 ἢ
1184 3431 1535 3502 μεταϐαίνειν
1566 3428 1820 3484 ἐντεῦθεν

247 3524 447 3587 ἐκεῖσε,
487 3524 643 3577 οὐδὲν
680 3524 931 3596 ἓτερονῆ
971 3525 1322 3596 περιγραφῆς
1365 3525 1512 3575 ἐστιν
1544 3521 1713 3575 ἴδιον·
1762 3522 1824 3574 τὸ

247 3613 353 3682 γάρ
387 3613 538 3669 ἐντὸς
567 3612 749 3684 θυρῶν
773 3614 1017 3682 γεγονὸς,
1046 3614 1230 3667 οὐκέτι
1260 3613 1316 3666 δὲ
1343 3613 1436 3666 καὶ
1463 3611 1621 3674 ἐκτὸς
1646 3610 1825 3682 ύπάρ-

247 3721 361 3775 χον,
397 3706 778 3777 περιγραπτδν
813 3707 1031 3770 πάντως
1077 3705 1253 3759 ἐστίν’
1280 3703 1424 3757 οὕτω
1466 3706 1561 3757 καὶ
1596 3703 1691 3756 ἐπὶ
1720 3703 1824 3773 τῆς

248 3796 523 3869 Σωτηρέου
563 3798 912 3862 ἀναστάσεως
959 3798 1168 3853 κατίδοι
1199 3815 1285 3862 τις
1319 3797 1414 3861 ἂν,
1445 3795 1539 3849 τοῦ
1569 3794 1717 3848 λίθου
1746 3794 1824 3866 τῷ

248 3887 403 3959 τάφῳ
435 3889 824 3957 ἐπικειμένου,
857 3892 941 3959 ἐφ’
975 3882 1021 3958 ᾧ
1055 3887 1123 3942 τά
1166 3889 1460 3959 σήμαντρα
1495 3885 1826 3958 προσετετύ-

252 3996 399 4033 πωτο
417 3997 429 4009 ·
456 3980 697 4033 ἀναστὰν
719 3984 828 4050 γάρ
850 3982 913 4035 τὸ
940 3982 1118 4051 σῶμα,
1140 3983 1243 4049 οὐκ
1262 3978 1329 4052 ἦν
1352 3982 1445 4033 καὶ
1469 3981 1526 4032 ὲν
1547 3978 1625 4049 τῷ
1645 3978 1823 4049 τάφῳ·

250 4071 308 4136 ἐξ
334 4066 396 4125 οὗ
423 4071 487 4125 τὸ
528 4074 904 4144 περιγραπτδν
934 4067 1075 4126 εἶναι
1100 4111 1115 4137 ,
1147 4071 1461 4126 ἀκολουθεῖν
1490 4071 1823 4139 ἐπάναγκεςο

250 4161 310 4214 τὸ
337 4162 392 4215 δὲ
416 4165 480 4216 ὲκ
507 4163 719 4234 νεκρῶν
744 4164 1067 4233 ἀναστῆναι,
1094 4162 1190 4216 καὶ
1217 4161 1399 4216 πυλῶν
1423 4162 1825 4231 κεκλεισμένων

250 4253 378 4305 εῖσω
409 4254 687 4321 γενέσθαι,
719 4256 810 4307 καὶ
840 4254 893 4306 εί
916 4271 970 4308 τι
1008 4254 1221 4318 τούτοις
1262 4254 1499 4307 ἐτελεῖτο
1532 4252 1826 4323 παραπλή-

252 4360 386 4411 σιον,
416 4348 477 4400 οὐ
513 4346 765 4415 σώματος
791 4347 1009 4418 πρόεισι
1043 4347 1213 4418 νόμῳ,
1244 4345 1365 4399 οὐδὲ
1398 4345 1498 4415 τῆς
1528 4345 1652 4398 καθ’
1676 4345 1828 4415 ἡμᾶς

1926 508 2218 577 proborum
2277 507 2444 563 faciat
2495 510 2849 565 mentionem.
2901 511 3065 581 Atqui
3118 526 3222 565 non
3271 522 3494 581 propter

1924 598 2223 663 dremones,
2261 599 2356 653 sed
2413 609 2634 669 propter
2670 599 2929 654 miracula
2982 610 3290 671 patrantem
3332 599 3491 656 Citri-

1923 676 2065 739 sitttn
2104 687 2484 758 daemonesque
2533 689 2913 758 expellentem,
2965 701 3021 746 et
3049 692 3270 747 morbos
3291 706 3494 748 sanau-

1925 786 2054 843 tem,
2081 779 2202 834 sine
2241 779 2405 835 dubio
2451 780 2722 850 scriptura
2754 781 2842 834 illa
2884 792 3105 838 exarata
3154 781 3280 837 fuit.
3306 781 3495 852 Neque

1924 882 2119 937 reapse
2154 868 2509 938 Evangelium
2542 886 2647 927 una
2670 872 3026 929 adorabitur:
3061 874 3265 930 etenim
3300 884 3490 929 nostra

1923 960 2193 1027 adoratio,
2241 962 2458 1018 etiamsi
2496 964 2833 1020 sensibiliter
2879 980 3008 1037 erga
3069 967 3349 1025 sensibilis
3410 966 3489 1032 ﬁt,

1920 1068 2162 1114 attamen
2223 1060 2353 1116 hinc
2404 1060 2759 1118 intellectuali
2829 1060 2881 1117 vi
2927 1061 2994 1116 ad
3054 1062 3246 1116 harum
3308 1074 3490 1114 rerum

1921 1159 2198 1204 auctorem
2225 1150 2430 1206 cultum
2457 1153 2771 1217 deferimus,
2804 1168 2904 1208 nec
2923 1152 3025 1208 nisi
3051 1151 3352 1223 symbolice
3370 1150 3485 1204 hmc

1924 1239 2078 1295 liunt.
2121 1241 2343 1313 Quippe-
2364 1252 2553 1300 nostra
2602 1244 2853 1300 adoratio
2881 1253 2934 1298 et
2991 1244 3153 1297 lutria
3197 1242 3253 1297 in
3292 1242 3503 1313 spiritu-

1921 1343 1986 1383 ac
2019 1330 2276 1403 veritate,
2309 1334 2608 1388 secundum
2642 1330 2958 1388 Servatoris
2996 1332 3183 1400 verba,
3214 1331 3490 1403 principa-

1921 1420 2046 1475 liter
2072 1436 2307 1492 vereque
2334 1423 2411 1478 [ἰι.
2432 1424 2547 1480 Nos
2567 1424 2713 1479 enim
2742 1424 2870 1495 quid
2899 1425 3188 1486 adoremus
3219 1463 3235 1489 ,
3255 1424 3480 1479 scimus.

1922 1512 2012 1567 isti
2048 1528 2177 1569 vero
2209 1515 2354 1585 quod
2384 1529 2483 1571 nos
2504 1515 2821 1579 adoramus,
2873 1516 3149 1577 nesciunt,
3191 1514 3319 1584 quia
3370 1527 3483 1567 mae

1920 1620 2083 1676 gnum
2115 1604 2309 1661 divina!
2339 1607 2656 1665 (nconomiae
2693 1606 3009 1678 mysterium
3040 1606 3312 1677 ignorant.

1988 1875 2078 1931 58.
2112 1875 2338 1947 Insuper
2364 1878 2520 1934 aiunt
2564 1896 2579 1934 :
2617 1896 2637 1929 ι
2680 1881 2820 1934 Ante
2853 1878 3057 1935 Christi
3093 1879 3315 1948 quidem
3368 1890 3489 1946 pas-

1920 1969 2129 2025 sionem
2160 1980 2210 2024 et
2241 1973 2703 2027 resurrectionem
2734 1969 3010 2026 Christum
3039 1969 3477 2033 circumscribis;

1920 2058 2050 2128 quid
2101 2073 2233 2113 vero
2266 2058 2416 2115 dices
2461 2068 2585 2129 post
2614 2058 3112 2119 resurrectionem?
3154 2060 3356 2115 etenim
3393 2074 3479 2113 res

1920 2165 2029 2203 non
2063 2151 2255 2205 eodem
2285 2159 2415 2207 sunt
2444 2159 2629 2220 statu;
2657 2150 2855 2221 quippe
2881 2150 3296 2220 lncorruptihile
3323 2151 3478 2204 deiu-

1918 2256 2048 2311 ceps
2069 2241 2272 2298 Christi
2292 2258 2493 2313 corpus
2522 2252 2606 2299 est
2629 2252 2685 2297 et
2709 2243 3172 2298 immortalitatem
3197 2244 3473 2311 adeptum.

1919 2333 2166 2401 Quonam
2228 2336 2412 2404 itaque
2470 2345 2557 2390 tua
2625 2336 3064 2406 circumscﬁptio
3128 2337 3355 2389 evadit?
3406 2339 3501 2392 vcl-

1920 2428 2733 2496 quomodo‘eircumscribetur,
2767 2429 2911 2498 quod
2960 2428 3157 2482 clausis
3185 2427 3368 2497 jallilis
3422 2431 3489 2480 ad

1920 2520 2219 2589 discipulos
2259 2520 2470 2575 introiit
2516 2519 2662 2575 nullo
2709 2519 2994 2576 obstaculo
3057 2518 3425 2589 impeditum?
3466 2539 3499 2571 »ι

1922 2610 2165 2675 Scilicet,
2194 2610 2250 2665 hi
2300 2611 2584 2666 audaciam
2640 2611 3139 2681 phantasiastarnm
3176 2619 3493 2679 sequentes,

1923 2715 1990 2754 ne
2044 2709 2244 2755 tactum
2303 2699 2518 2769 quidem
2571 2699 2825 2755 manibus
2871 2715 2899 2752 a
2949 2699 3216 2768 discipulo
3245 2700 3488 2753 divinum

1923 2792 2065 2846 Iulus
2098 2791 2403 2858 blaterant;
2436 2790 2530 2845 sed
2556 2790 2766 2860 jttssuttt
2796 2791 2845 2844 id
2885 2794 3261 2844 tantummodo
3301 2806 3330 2844 τι
3360 2790 3491 2844 Scr-

1927 2893 2136 2948 vatore,
2174 2898 2279 2936 non
2309 2891 2488 2936 tamen
2518 2882 2572 2937 iu
2611 2897 2832 2953 operam
2866 2898 2980 2936 rem
3020 2882 3327 2936 mandatam
3360 2900 3505 2937 eun-

1927 2973 2137 3028 tulisse.
2210 2970 2613 3042 Proptereaque
2675 2987 2852 3043 neque
2900 2972 3075 3027 visum
3131 2972 3184 3027 in
3239 2988 3506 3043 corpore,

1926 3077 2102 3133 neque
2148 3062 2278 3118 illud
2315 3077 2513 3133 corpus
2552 3064 2820 3120 ullatenus
2867 3062 3037 3120 fuisse
3088 3079 3305 3133 corpus.
3344 3064 3511 3120 Adeo.

1924 3153 2013 3208 isti
2044 3152 2356 3224 Evangeliis
2398 3154 2752 3210 discreduntl
2792 3152 2956 3224 Atqui
2984 3154 3086 3210 hoe
3134 3155 3367 3224 primum
3396 3170 3493 3208 au-

1922 3247 2059 3315 diet,
2116 3247 2206 3316 qui
2241 3247 2307 3301 de
2346 3246 2432 3302 his
2492 3248 2752 3318 ambigit;
2811 3261 3007 3318 nempe
3060 3263 3182 3302 eum
3253 3248 3492 3310 dixeris.

1923 3338 2150 3404 introiit,
2183 3338 2403 3392 dubium
2450 3338 2681 3394 solvisti.
2730 3339 2963 3394 Prorsus
2990 3339 3134 3394 enim
3184 3338 3408 3394 introire
3439 3350 3492 3394 et

1924 3433 2095 3498 exire,
2125 3433 2207 3488 vel
2248 3434 2375 3488 hinc
2416 3434 2543 3489 illuc
2589 3435 2844 3500 transire,
2893 3435 3106 3489 nonnisi
3143 3434 3495 3490 circumscri-

1884 3542 1887 3545 ’
1924 3524 2131 3595 ptionis
2163 3525 2442 3594 pr0prium
2489 3535 2594 3579 cst.
2637 3524 2770 3580 Nam
2805 3527 2947 3596 quod
2974 3527 3112 3581 intra
3158 3526 3354 3596 jannas
3384 3537 3490 3590 est,

1927 3630 2102 3684 neque
2129 3614 2239 3683 jam
2272 3627 2425 3669 extra
2457 3617 2731 3684 consistit,
2764 3618 3235 3686 circumscriptum
3269 3618 3493 3673 omnino

1928 3716 2032 3761 est.
2068 3706 2159 3761 Sic
2188 3707 2352 3760 etiam
2392 3707 2445 3760 in
2499 3707 2809 3763 Servatoris
2856 3709 3259 3773 resurrectione
3309 3710 3495 3764 videre
3540 3712 3549 3723 ’

1929 3806 2037 3863 est,
2080 3812 2202 3850 cum
2234 3797 2376 3867 lapis
2404 3798 2657 3868 sepulcro
2680 3798 2873 3855 fuisset
2902 3800 3204 3866 impositus,
3231 3809 3285 3853 et
3313 3800 3487 3866 sigilla

1930 3888 2199 3958 apposita.
2244 3887 2374 3941 Nam
2408 3890 2790 3943 rcsuscitatum
2822 3888 3195 3961 corpushjam
3227 3908 3333 3944 non
3377 3902 3497 3945 crat

1927 3978 2134 4048 pariter
2165 3979 2217 4033 in
2247 3978 2531 4048 sepulcro;
2558 3979 2700 4033 unde
2729 3978 2781 4033 id
2799 3979 2967 4033 fuisse
2993 3979 3493 4051 circumscriptum,

1929 4072 2243 4125 necessario
2271 4068 2631 4125 concluditur.
2662 4068 2837 4125 Porro
2864 4086 2891 4123 a
2923 4071 3153 4126 mortuis
3186 4086 3494 4139 resurgere,

1929 4171 1983 4216 et
2010 4160 2212 4216 clausis
2258 4161 2437 4231 ianuis
2493 4163 2744 4223 introire.
2777 4169 2833 4216 et
2881 4161 3145 4231 quidquid
3187 4161 3493 4230 huiusmodi

1930 4265 2209 4323 peractum
2238 4253 2361 4317 fuit,
2392 4252 2534 4308 haud
2583 4252 2699 4323 lege
2727 4254 2971 4324 corporis
2997 4254 3288 4326 processit,
3323 4270 3498 4323 neque

1934 4354 2135 4399 nostra:
2164 4343 2774 4415 materialislahilisque
2819 4355 3049 4399 natura.
3099 4345 3236 4412 Quia
3278 4356 3333 4400 et
3371 4355 3499 4402 ante

251 4436 438 4490 ὲνύλου
461 4440 557 4490 καὶ
582 4438 817 4509 ῥευστῆς
834 4439 1073 4507 φύσεως·
1096 4440 1216 4493 ἐπεὶ
1238 4439 1330 4492 καὶ
1352 4437 1460 4508 πρὸ
1479 4436 1573 4491 τοῦ
1596 4437 1822 4501 πάθους,

1932 4435 2262 4504 passionem,
2315 4436 2370 4489 in
2424 4433 2680 4515 ﬂuctibus
2731 4435 3014 4491 ambulare
3049 4447 3374 4505 conspectus
3414 4445 3499 4491 est

252 4528 392 4582 κατά
424 4531 686 4599 κυμάτων
716 4531 744 4582 ὁ
775 4531 965 4603 Σωτὴρ
994 4530 1241 4594 πεζεύων
1268 4528 1542 4592 τεθέαται,
1570 4530 1680 4599 ἀφῇ
1717 4544 1827 4599 χει-

257 4619 343 4689 ρὸς
370 4621 603 4690 νεκροὺς
626 4620 895 4692 ἀνίστησι,
923 4623 1019 4677 καὶ
1040 4621 1208 4677 τᾶλλα
1226 4614 1368 4692 άπερ
1386 4620 1826 4691 ἐθαυματούργει

252 4711 337 4764 διὰ
364 4710 461 4765 τοῦ
507 4712 780 4783 σώματος’
811 4716 904 4767 καὶ
933 4714 995 4767 οὐ
1026 4714 1091 4783 δή
1135 4729 1239 4765 που
1283 4710 1458 4765 ταῦτά
1495 4727 1678 4780 φαμεν
1720 4706 1827 4763 ἴδια

254 4799 527 4869 σώματος,
572 4801 694 4854 οὐδὲ
734 4802 1051 4873 ἀσώματον
1086 4805 1186 4874 τῆς
1215 4804 1327 4875 γὰρ
1360 4803 1689 4875 δραστηρίου
1730 4802 1827 4857 καὶ⁸

252 4892 467 4963 ἀμάχου
499 4892 782 4963 δυνάμεως
816 4889 905 4966 ἦν,
946 4889 980 4967 ᾗ
1020 4894 1197 4949 πάντα
1224 4893 1383 4948 εἴκει·
1420 4895 1515 4948 καὶ
1546 4892 1827 4964 θαύματος

251 4982 417 5061 λύγῳ,
443 4983 545 5036 οὐκ
576 4984 797 5056 ἰδιότητι
826 4986 1129 5056 ἐπράττετο
1166 4985 1418 5058 σώματος
1443 5000 1458 5014 ⁶
1494 4984 1611 5038 ἀλλ’
1638 4983 1826 5056 ἐπειδὴ

251 5074 328 5146 τῷ
354 5076 549 5129 κάλλει
579 5075 680 5146 τῆς
708 5074 1017 5148 ἀφθαρσίας
1042 5076 1532 5148 λελαμπρυσμένον
1565 5077 1703 5147 μετὰ
1728 5078 1828 5147 τὴν

251 5167 551 5222 ἀνάστασιν
590 5168 783 5236 γέγονε
804 5206 818 5230 ,
844 5168 940 5222 καὶ
969 5168 1269 5240 ἀκήρατον,
1314 5169 1409 5222 καὶ
1432 5168 1616 5238 πάντη
1651 5168 1826 5223 καθα-

256 5259 410 5330 ρεῦον
462 5258 673 5330 φθορᾶς
716 5260 810 5313 καὶ
839 5258 1181 5330 παχύτητος,
1229 5261 1297 5330 τῇ
1348 5261 1671 5329 συνημμένη
1713 5260 1830 5330 ἅμα

250 5350 637 5416 ὑποστατικῶς
664 5351 758 5405 καὶ
796 5350 1107 5423 ἀδιαστάτῳ
1144 5350 1328 5419 φύσει,
1361 5350 1421 5417 ἐξ
1449 5347 1516 5423 ἦς
1554 5351 1659 5404 τῶν
1692 5352 1833 5424 ὑπὲρ

255 5443 417 5512 φύσιν
450 5442 707 5513 μετέσχε,
735 5444 802 5496 τὰ
830 5443 969 5514 ὑπὲρ
992 5442 1152 5514 σῶμα
1173 5444 1417 5514 ἐνήργει,
1447 5444 1539 5497 καὶ
1568 5437 1657 5496 οἷα
1686 5443 1833 5507 εἰκὸς

251 5535 349 5605 οὐχ
382 5533 574 5598 ἁπλῶς
605 5532 858 5605 σώματος
888 5575 903 5601 ,
937 5535 1074 5590 άλλά
1108 5534 1255 5589 θείου
1289 5536 1382 5589 καὶ
1409 5535 1690 5608 ἀφθάρτου
1726 5537 1833 5589 σώ-

257 5642 449 5694 ματος.

1929 4526 2207 4593 Servator,
2234 4542 2424 4582 manus
2454 4536 2599 4584 tactu
2654 4536 2899 4584 tnortuos
2929 4530 3218 4597 suscitare,
3262 4538 3316 4584 et
3342 4545 3495 4599 quas—

1928 4632 2140 4686 cunque
2171 4617 2276 4670 alia
2328 4632 2424 4686 per
2456 4632 2654 4686 corpus
2705 4632 2864 4672 suum
2915 4620 3185 4676 mirabilia
3238 4620 3494 4689 patravit.

1928 4707 2115 4776 Neque
2152 4708 2274 4762 ideo
2328 4707 2445 4762 haec
2479 4708 2711 4765 dicimus
2737 4711 2985 4780 corporis
3033 4713 3276 4781 propria,
3327 4726 3505 4782 neque

1929 4797 2104 4867 ipsum
2157 4796 2278 4852 sine
2334 4812 2591 4867 corpore.
2628 4800 2794 4855 Erant
2846 4804 3044 4874 quippe
3099 4804 3215 4861 base
3266 4802 3501 4859 cllicacis

1932 4890 2260 4959 invictusque
2288 4889 2508 4947 virtutis
2523 4891 2721 4962 oﬂlcia,
2753 4895 2838 4949 cui
2873 4896 3055 4952 omnia
3083 4897 3317 4962 cedunt;
3346 4912 3500 4964 aeque

1932 4982 2179 5039 miraculi
2205 4984 2473 5041 rationem
2502 4986 2798 5055 habebant,
2824 5004 2929 5057 noon
2960 4997 3141 5044 autem
3165 4989 3501 5059 proprietate

1931 5073 2093 5133 insita
2151 5077 2364 5144 corpori
2411 5078 2645 5134 ﬂebant.
2672 5078 2779 5136 Sed
2838 5080 2928 5137 ubi
2976 5079 3502 5149 incorruptibilitatis

1933 5163 2272 5224 formositate
2300 5183 2496 5239 corpus
2526 5170 2655 5224 illud
2694 5178 2818 5240 post
2861 5169 3315 5226 resurrectionem
3347 5184 3505 5225 exor-

1935 5267 2118 5313 natum
2169 5259 2366 5325 evasit,
2405 5272 2462 5316 et
2505 5261 2838 5329 inviolabile,
2885 5263 3144 5332 omnique
3195 5262 3501 5331 corruptela

1933 5360 1987 5405 et
2013 5351 2259 5406 crassitie
2292 5353 2548 5418 immune,
2594 5368 2717 5411 cum
2757 5352 3004 5422 copulata
3035 5352 3135 5408 sibi
3167 5352 3504 5423 hypostatice

1936 5442 2284 5511 inseparabili
2332 5454 2551 5506 natura,
2587 5459 2652 5497 ex
2702 5459 2809 5513 qna
2843 5444 3290 5513 snpernat’nrales
3345 5444 3503 5501 doles

1938 5533 2327 5601 participabat;
2381 5544 2507 5588 tunc
2559 5537 2840 5605 superiora
2896 5535 3145 5604 corporis
3205 5537 3502 5592 conditioni

1940 5625 2156 5689 agebat,
2188 5632 2373 5692 atque,
2406 5636 2462 5676 ιιι
2498 5640 2595 5692 par
2628 5636 2769 5690 erat,
2804 5628 3021 5697 propria
3048 5612 3157 5683 non
3182 5628 3504 5697 simpliciter

1939 5715 2207 5790 corporis,
2256 5718 2352 5772 sed
2405 5717 2569 5771 divini
2623 5731 2676 5774 et
2753 5720 3184 5790 incot‘ruptihilis
3237 5722 3501 5791 corporis.
