  <div class='ocr_page' id='page_1' title='image "/cluster/home/n/w/nwhite01/storage/ocr_20150623/100/mdp.39015005675668/229.png"; bbox 0 0 3898 6150; ppageno 0'>
   <div class='ocr_carea' id='block_1_1' title="bbox 414 258 520 327">
    <p class='ocr_par' dir='ltr' id='par_1_1' title="bbox 414 258 520 327">
     <span class='ocr_line' id='line_1_1' title="bbox 414 258 520 327; baseline 0.028 -3"><span class='ocrx_word' id='word_1_1' title='bbox 414 258 520 327; x_wconf 69' lang='grc'><strong>439</strong></span> 
     </span>
    </p>
   </div>
   <div class='ocr_carea' id='block_1_2' title="bbox 418 471 1985 541">
    <p class='ocr_par' dir='ltr' id='par_1_2' title="bbox 418 471 1985 541">
     <span class='ocr_line' id='line_1_2' title="bbox 418 471 1985 541; baseline 0.01 -15"><span class='ocrx_word' id='word_1_2' title='bbox 418 479 503 527; x_wconf 79' lang='lat' dir='ltr'><strong>tus</strong></span> <span class='ocrx_word' id='word_1_3' title='bbox 532 471 812 539; x_wconf 79' lang='lat' dir='ltr'><strong>Servatur,</strong></span> <span class='ocrx_word' id='word_1_4' title='bbox 849 490 956 529; x_wconf 92' lang='lat' dir='ltr'><strong>non</strong></span> <span class='ocrx_word' id='word_1_5' title='bbox 1001 488 1175 531; x_wconf 87' lang='lat' dir='ltr'><strong>tamen</strong></span> <span class='ocrx_word' id='word_1_6' title='bbox 1210 480 1351 534; x_wconf 87' lang='lat' dir='ltr'><strong>sicut</strong></span> <span class='ocrx_word' id='word_1_7' title='bbox 1390 492 1548 536; x_wconf 88' lang='lat' dir='ltr'><strong>antea</strong></span> <span class='ocrx_word' id='word_1_8' title='bbox 1584 500 1705 538; x_wconf 90' lang='lat' dir='ltr'><strong>cum</strong></span> <span class='ocrx_word' id='word_1_9' title='bbox 1737 487 1985 541; x_wconf 88' lang='lat' dir='ltr'><strong>omnibus</strong></span> 
     </span>
    </p>
   </div>
   <div class='ocr_carea' id='block_1_3' title="bbox 415 564 1985 644">
    <p class='ocr_par' dir='ltr' id='par_1_3' title="bbox 415 564 1985 644">
     <span class='ocr_line' id='line_1_3' title="bbox 415 564 1985 644; baseline 0.013 -31"><span class='ocrx_word' id='word_1_10' title='bbox 415 564 774 633; x_wconf 69' lang='lat' dir='ltr'><strong>versabatur;</strong></span> <span class='ocrx_word' id='word_1_11' title='bbox 830 570 945 623; x_wconf 88' lang='lat' dir='ltr'><strong>sed</strong></span> <span class='ocrx_word' id='word_1_12' title='bbox 984 571 1291 639; x_wconf 86' lang='lat' dir='ltr'><strong>hujnsmodi</strong></span> <span class='ocrx_word' id='word_1_13' title='bbox 1351 573 1557 629; x_wconf 84' lang='lat' dir='ltr'><strong>visione</strong></span> <span class='ocrx_word' id='word_1_14' title='bbox 1605 575 1782 644; x_wconf 74' lang='lat' dir='ltr'><strong>dignis</strong></span> <span class='ocrx_word' id='word_1_15' title='bbox 1814 590 1985 633; x_wconf 88' lang='lat' dir='ltr'><strong>semet</strong></span> 
     </span>
    </p>
   </div>
   <div class='ocr_carea' id='block_1_4' title="bbox 416 656 1984 736">
    <p class='ocr_par' dir='ltr' id='par_1_4' title="bbox 416 656 1984 736">
     <span class='ocr_line' id='line_1_4' title="bbox 416 656 1984 736; baseline 0.013 -30"><span class='ocrx_word' id='word_1_16' title='bbox 416 656 686 725; x_wconf 74' lang='lat' dir='ltr'><strong>revelatis,</strong></span> <span class='ocrx_word' id='word_1_17' title='bbox 734 661 912 715; x_wconf 85' lang='lat' dir='ltr'><strong>crucis</strong></span> <span class='ocrx_word' id='word_1_18' title='bbox 947 661 1143 715; x_wconf 86' lang='lat' dir='ltr'><strong>indicia</strong></span> <span class='ocrx_word' id='word_1_19' title='bbox 1176 666 1518 723; x_wconf 86' lang='lat' dir='ltr'><strong>ostendebat.</strong></span> <span class='ocrx_word' id='word_1_20' title='bbox 1556 668 1729 736; x_wconf 83' lang='lat' dir='ltr'><strong>Atque</strong></span> <span class='ocrx_word' id='word_1_21' title='bbox 1755 669 1858 724; x_wconf 91' lang='lat' dir='ltr'><strong>hoc</strong></span> <span class='ocrx_word' id='word_1_22' title='bbox 1885 686 1984 725; x_wconf 87' lang='lat' dir='ltr'><strong>no-</strong></span> 
     </span>
    </p>
   </div>
   <div class='ocr_carea' id='block_1_5' title="bbox 413 746 1981 834">
    <p class='ocr_par' dir='ltr' id='par_1_5' title="bbox 413 746 1981 834">
     <span class='ocr_line' id='line_1_5' title="bbox 413 746 1981 834; baseline 0.013 -34"><span class='ocrx_word' id='word_1_23' title='bbox 413 746 495 801; x_wconf 87' lang='lat' dir='ltr'><strong>bis</strong></span> <span class='ocrx_word' id='word_1_24' title='bbox 523 747 758 804; x_wconf 81' lang='lat' dir='ltr'><strong>allirmat</strong></span> <span class='ocrx_word' id='word_1_25' title='bbox 796 752 962 822; x_wconf 88' lang='lat' dir='ltr'><strong>(quod</strong></span> <span class='ocrx_word' id='word_1_26' title='bbox 994 753 1227 809; x_wconf 88' lang='lat' dir='ltr'><strong>libenter</strong></span> <span class='ocrx_word' id='word_1_27' title='bbox 1261 756 1597 829; x_wconf 82' lang='lat' dir='ltr'><strong>ﬁdeliterque</strong></span> <span class='ocrx_word' id='word_1_28' title='bbox 1625 762 1981 834; x_wconf 77' lang='lat' dir='ltr'><strong>admittimus)</strong></span> 
     </span>
    </p>
   </div>
   <div class='ocr_carea' id='block_1_6' title="bbox 411 839 1980 922">
    <p class='ocr_par' dir='ltr' id='par_1_6' title="bbox 411 839 1980 922">
     <span class='ocr_line' id='line_1_6' title="bbox 411 839 1980 922; baseline 0.01 -29"><span class='ocrx_word' id='word_1_29' title='bbox 411 839 655 894; x_wconf 87' lang='lat' dir='ltr'><strong>divinmn</strong></span> <span class='ocrx_word' id='word_1_30' title='bbox 683 842 821 899; x_wconf 88' lang='lat' dir='ltr'><strong>latus</strong></span> <span class='ocrx_word' id='word_1_31' title='bbox 845 842 1082 900; x_wconf 85' lang='lat' dir='ltr'><strong>Thomas</strong></span> <span class='ocrx_word' id='word_1_32' title='bbox 1104 848 1445 917; x_wconf 82' lang='lat' dir='ltr'><strong>contingens,</strong></span> <span class='ocrx_word' id='word_1_33' title='bbox 1482 851 1730 922; x_wconf 87' lang='lat' dir='ltr'><strong>elataque</strong></span> <span class='ocrx_word' id='word_1_34' title='bbox 1755 863 1810 909; x_wconf 89' lang='lat' dir='ltr'><strong>et</strong></span> <span class='ocrx_word' id='word_1_35' title='bbox 1839 855 1980 911; x_wconf 88' lang='lat' dir='ltr'><strong>clara</strong></span> 
     </span>
    </p>
   </div>
   <div class='ocr_carea' id='block_1_7' title="bbox 411 932 1976 1002">
    <p class='ocr_par' dir='ltr' id='par_1_7' title="bbox 411 932 1976 1002">
     <span class='ocr_line' id='line_1_7' title="bbox 411 932 1976 1002; baseline 0.013 -19"><span class='ocrx_word' id='word_1_36' title='bbox 411 944 543 985; x_wconf 73' lang='lat' dir='ltr'><strong>voce</strong></span> <span class='ocrx_word' id='word_1_37' title='bbox 573 932 887 989; x_wconf 79' lang='lat' dir='ltr'><strong>exclamans</strong></span> <span class='ocrx_word' id='word_1_38' title='bbox 906 953 932 989; x_wconf 64' lang='grc' dir='ltr'>«ι</span> <span class='ocrx_word' id='word_1_39' title='bbox 982 936 1237 992; x_wconf 73' lang='lat' dir='ltr'><strong>Dominus</strong></span> <span class='ocrx_word' id='word_1_40' title='bbox 1284 956 1427 996; x_wconf 81' lang='lat' dir='ltr'><strong>meus</strong></span> <span class='ocrx_word' id='word_1_41' title='bbox 1458 952 1506 997; x_wconf 87' lang='lat' dir='ltr'><strong>et</strong></span> <span class='ocrx_word' id='word_1_42' title='bbox 1544 943 1684 999; x_wconf 78' lang='lat' dir='ltr'><strong>Deus</strong></span> <span class='ocrx_word' id='word_1_43' title='bbox 1712 958 1858 1002; x_wconf 77' lang='lat' dir='ltr'><strong>meus</strong></span> <span class='ocrx_word' id='word_1_44' title='bbox 1897 949 1976 1002; x_wconf 68' lang='grc' dir='ltr'>ὀἰ</span> 
     </span>
    </p>
   </div>
   <div class='ocr_carea' id='block_1_8' title="bbox 410 1027 1984 1109">
    <p class='ocr_par' dir='ltr' id='par_1_8' title="bbox 410 1027 1984 1109">
     <span class='ocr_line' id='line_1_8' title="bbox 410 1027 1984 1109; baseline 0.013 -34"><span class='ocrx_word' id='word_1_45' title='bbox 410 1037 623 1078; x_wconf 89' lang='lat' dir='ltr'><strong>necnon</strong></span> <span class='ocrx_word' id='word_1_46' title='bbox 654 1037 857 1082; x_wconf 68' lang='lat' dir='ltr'><strong>sanetae</strong></span> <span class='ocrx_word' id='word_1_47' title='bbox 888 1027 1153 1086; x_wconf 87' lang='lat' dir='ltr'><strong>mulieres</strong></span> <span class='ocrx_word' id='word_1_48' title='bbox 1172 1033 1482 1101; x_wconf 88' lang='lat' dir='ltr'><strong>purissimis</strong></span> <span class='ocrx_word' id='word_1_49' title='bbox 1511 1037 1738 1106; x_wconf 86' lang='lat' dir='ltr'><strong>pedibus</strong></span> <span class='ocrx_word' id='word_1_50' title='bbox 1775 1041 1984 1109; x_wconf 88' lang='lat' dir='ltr'><strong>pariter</strong></span> 
     </span>
    </p>
   </div>
   <div class='ocr_carea' id='block_1_9' title="bbox 412 1112 1984 1191">
    <p class='ocr_par' dir='ltr' id='par_1_9' title="bbox 412 1112 1984 1191">
     <span class='ocr_line' id='line_1_9' title="bbox 412 1112 1984 1191; baseline 0.013 -29"><span class='ocrx_word' id='word_1_51' title='bbox 412 1112 571 1167; x_wconf 83' lang='lat' dir='ltr'><strong>tactis</strong></span> <span class='ocrx_word' id='word_1_52' title='bbox 602 1130 616 1165; x_wconf 91' lang='lat'><strong>:</strong></span> <span class='ocrx_word' id='word_1_53' title='bbox 649 1116 745 1170; x_wconf 83' lang='lat' dir='ltr'><strong>sed</strong></span> <span class='ocrx_word' id='word_1_54' title='bbox 794 1127 850 1171; x_wconf 92' lang='lat' dir='ltr'><strong>et</strong></span> <span class='ocrx_word' id='word_1_55' title='bbox 882 1117 957 1172; x_wconf 83' lang='lat' dir='ltr'><strong>illi</strong></span> <span class='ocrx_word' id='word_1_56' title='bbox 999 1120 1216 1175; x_wconf 87' lang='lat' dir='ltr'><strong>demum</strong></span> <span class='ocrx_word' id='word_1_57' title='bbox 1254 1122 1466 1178; x_wconf 90' lang='lat' dir='ltr'><strong>itineris</strong></span> <span class='ocrx_word' id='word_1_58' title='bbox 1504 1126 1752 1191; x_wconf 87' lang='lat' dir='ltr'><strong>comites,</strong></span> <span class='ocrx_word' id='word_1_59' title='bbox 1784 1139 1838 1181; x_wconf 89' lang='lat' dir='ltr'><strong>et</strong></span> <span class='ocrx_word' id='word_1_60' title='bbox 1888 1145 1984 1182; x_wconf 87' lang='lat' dir='ltr'><strong>cor</strong></span> 
     </span>
    </p>
   </div>
   <div class='ocr_carea' id='block_1_10' title="bbox 407 1203 1982 1274">
    <p class='ocr_par' dir='ltr' id='par_1_10' title="bbox 407 1203 1982 1274">
     <span class='ocr_line' id='line_1_10' title="bbox 407 1203 1982 1274; baseline 0.013 -23"><span class='ocrx_word' id='word_1_61' title='bbox 407 1203 606 1256; x_wconf 91' lang='lat' dir='ltr'><strong>ardens</strong></span> <span class='ocrx_word' id='word_1_62' title='bbox 644 1206 876 1274; x_wconf 77' lang='lat' dir='ltr'><strong>experti,</strong></span> <span class='ocrx_word' id='word_1_63' title='bbox 931 1210 1161 1264; x_wconf 87' lang='lat' dir='ltr'><strong>retentis</strong></span> <span class='ocrx_word' id='word_1_64' title='bbox 1213 1211 1564 1266; x_wconf 86' lang='lat' dir='ltr'><strong>nihilominus</strong></span> <span class='ocrx_word' id='word_1_65' title='bbox 1623 1218 1764 1270; x_wconf 90' lang='lat' dir='ltr'><strong>inter</strong></span> <span class='ocrx_word' id='word_1_66' title='bbox 1816 1220 1982 1273; x_wconf 81' lang='lat' dir='ltr'><strong>colin-</strong></span> 
     </span>
    </p>
   </div>
   <div class='ocr_carea' id='block_1_11' title="bbox 406 1294 1979 1377">
    <p class='ocr_par' dir='ltr' id='par_1_11' title="bbox 406 1294 1979 1377">
     <span class='ocr_line' id='line_1_11' title="bbox 406 1294 1979 1377; baseline 0.013 -34"><span class='ocrx_word' id='word_1_67' title='bbox 406 1294 679 1359; x_wconf 86' lang='lat' dir='ltr'><strong>quendum</strong></span> <span class='ocrx_word' id='word_1_68' title='bbox 707 1297 948 1367; x_wconf 89' lang='lat' dir='ltr'><strong>ipsorum</strong></span> <span class='ocrx_word' id='word_1_69' title='bbox 981 1302 1151 1356; x_wconf 88' lang='lat' dir='ltr'><strong>oculis</strong></span> <span class='ocrx_word' id='word_1_70' title='bbox 1180 1318 1247 1357; x_wconf 92' lang='lat' dir='ltr'><strong>ne</strong></span> <span class='ocrx_word' id='word_1_71' title='bbox 1270 1317 1665 1375; x_wconf 79' lang='lat' dir='ltr'><strong>agnoscerent;</strong></span> <span class='ocrx_word' id='word_1_72' title='bbox 1690 1311 1831 1377; x_wconf 87' lang='lat' dir='ltr'><strong>quod</strong></span> <span class='ocrx_word' id='word_1_73' title='bbox 1857 1327 1979 1365; x_wconf 68' lang='lat' dir='ltr'><strong>unus</strong></span> 
     </span>
    </p>
   </div>
   <div class='ocr_carea' id='block_1_12' title="bbox 409 1382 1975 1464">
    <p class='ocr_par' dir='ltr' id='par_1_12' title="bbox 409 1382 1975 1464">
     <span class='ocr_line' id='line_1_12' title="bbox 409 1382 1975 1464; baseline 0.014 -27"><span class='ocrx_word' id='word_1_74' title='bbox 409 1387 856 1454; x_wconf 86' lang='lat' dir='ltr'><strong>impedimentum</strong></span> <span class='ocrx_word' id='word_1_75' title='bbox 900 1392 953 1446; x_wconf 91' lang='lat' dir='ltr'><strong>in</strong></span> <span class='ocrx_word' id='word_1_76' title='bbox 1007 1393 1272 1449; x_wconf 80' lang='lat' dir='ltr'><strong>fractione</strong></span> <span class='ocrx_word' id='word_1_77' title='bbox 1314 1398 1470 1464; x_wconf 87' lang='lat' dir='ltr'><strong>panis</strong></span> <span class='ocrx_word' id='word_1_78' title='bbox 1528 1398 1797 1453; x_wconf 87' lang='lat' dir='ltr'><strong>sublatum</strong></span> <span class='ocrx_word' id='word_1_79' title='bbox 1854 1382 1975 1459; x_wconf 61' lang='lat' dir='ltr'><strong>fuit.</strong></span> 
     </span>
    </p>
   </div>
   <div class='ocr_carea' id='block_1_13' title="bbox 405 1478 1977 1562">
    <p class='ocr_par' dir='ltr' id='par_1_13' title="bbox 405 1478 1977 1562">
     <span class='ocr_line' id='line_1_13' title="bbox 405 1478 1977 1562; baseline 0.011 -32"><span class='ocrx_word' id='word_1_80' title='bbox 405 1478 523 1547; x_wconf 88' lang='lat' dir='ltr'><strong>lpse</strong></span> <span class='ocrx_word' id='word_1_81' title='bbox 587 1489 767 1536; x_wconf 88' lang='lat' dir='ltr'><strong>autem</strong></span> <span class='ocrx_word' id='word_1_82' title='bbox 818 1484 940 1538; x_wconf 91' lang='lat' dir='ltr'><strong>cibo</strong></span> <span class='ocrx_word' id='word_1_83' title='bbox 1011 1496 1246 1555; x_wconf 88' lang='lat' dir='ltr'><strong>potuqne</strong></span> <span class='ocrx_word' id='word_1_84' title='bbox 1305 1491 1579 1554; x_wconf 72' lang='lat' dir='ltr'><strong>utebatur,</strong></span> <span class='ocrx_word' id='word_1_85' title='bbox 1633 1492 1844 1546; x_wconf 86' lang='lat' dir='ltr'><strong>etiamsi</strong></span> <span class='ocrx_word' id='word_1_86' title='bbox 1867 1493 1977 1562; x_wconf 89' lang='lat' dir='ltr'><strong>jam</strong></span> 
     </span>
    </p>
   </div>
   <div class='ocr_carea' id='block_1_14' title="bbox 404 1569 1979 1653">
    <p class='ocr_par' dir='ltr' id='par_1_14' title="bbox 404 1569 1979 1653">
     <span class='ocr_line' id='line_1_14' title="bbox 404 1569 1979 1653; baseline 0.011 -31"><span class='ocrx_word' id='word_1_87' title='bbox 404 1569 822 1641; x_wconf 79' lang='lat' dir='ltr'><strong>incorruptibile</strong></span> <span class='ocrx_word' id='word_1_88' title='bbox 856 1591 1054 1647; x_wconf 89' lang='lat' dir='ltr'><strong>corpus</strong></span> <span class='ocrx_word' id='word_1_89' title='bbox 1090 1590 1208 1633; x_wconf 89' lang='lat' dir='ltr'><strong>erat</strong></span> <span class='ocrx_word' id='word_1_90' title='bbox 1242 1599 1255 1635; x_wconf 88' lang='lat'>:</span> <span class='ocrx_word' id='word_1_91' title='bbox 1294 1596 1414 1650; x_wconf 65' lang='lat' dir='ltr'><strong>quae</strong></span> <span class='ocrx_word' id='word_1_92' title='bbox 1443 1582 1659 1653; x_wconf 81' lang='lat' dir='ltr'><strong>quidem</strong></span> <span class='ocrx_word' id='word_1_93' title='bbox 1699 1601 1802 1638; x_wconf 88' lang='lat' dir='ltr'><strong>non</strong></span> <span class='ocrx_word' id='word_1_94' title='bbox 1837 1585 1979 1639; x_wconf 78' lang='lat' dir='ltr'><strong>indi-</strong></span> 
     </span>
    </p>
   </div>
   <div class='ocr_carea' id='block_1_15' title="bbox 406 1662 1978 1745">
    <p class='ocr_par' dir='ltr' id='par_1_15' title="bbox 406 1662 1978 1745">
     <span class='ocr_line' id='line_1_15' title="bbox 406 1662 1978 1745; baseline 0.01 -32"><span class='ocrx_word' id='word_1_95' title='bbox 406 1662 586 1730; x_wconf 70' lang='lat' dir='ltr'><strong>gentia</strong></span> <span class='ocrx_word' id='word_1_96' title='bbox 628 1665 828 1735; x_wconf 87' lang='lat' dir='ltr'><strong>aliqua,</strong></span> <span class='ocrx_word' id='word_1_97' title='bbox 871 1669 965 1723; x_wconf 90' lang='lat' dir='ltr'><strong>sed</strong></span> <span class='ocrx_word' id='word_1_98' title='bbox 995 1671 1480 1728; x_wconf 79' lang='lat' dir='ltr'><strong>condescensionis</strong></span> <span class='ocrx_word' id='word_1_99' title='bbox 1530 1675 1760 1739; x_wconf 87' lang='lat' dir='ltr'><strong>ratione,</strong></span> <span class='ocrx_word' id='word_1_100' title='bbox 1792 1685 1846 1730; x_wconf 89' lang='lat' dir='ltr'><strong>et</strong></span> <span class='ocrx_word' id='word_1_101' title='bbox 1883 1692 1978 1745; x_wconf 92' lang='lat' dir='ltr'><strong>per</strong></span> 
     </span>
    </p>
   </div>
   <div class='ocr_carea' id='block_1_16' title="bbox 1374 277 2662 347">
    <p class='ocr_par' dir='ltr' id='par_1_16' title="bbox 1374 277 2662 347">
     <span class='ocr_line' id='line_1_16' title="bbox 1374 277 2662 347; baseline 0.01 -13"><span class='ocrx_word' id='word_1_102' title='bbox 1374 312 1381 322; x_wconf 73' lang='grc' dir='ltr'><strong>ο</strong></span> <span class='ocrx_word' id='word_1_103' title='bbox 1448 277 1506 336; x_wconf 88' lang='lat' dir='ltr'><strong>S.</strong></span> <span class='ocrx_word' id='word_1_104' title='bbox 1552 278 1967 341; x_wconf 40' lang='lat' dir='ltr'><strong>NlCEl’l‘lthl</strong></span> <span class='ocrx_word' id='word_1_105' title='bbox 2010 283 2515 346; x_wconf 62' lang='lat' dir='ltr'><strong>PATRIARCII/E</strong></span> <span class='ocrx_word' id='word_1_106' title='bbox 2553 288 2662 347; x_wconf 72' lang='grc' dir='ltr'><strong>(ΣΡ.</strong></span> 
     </span>
    </p>
   </div>
   <div class='ocr_carea' id='block_1_17' title="bbox 490 377 2060 462">
    <p class='ocr_par' dir='ltr' id='par_1_17' title="bbox 490 377 2060 462">
     <span class='ocr_line' id='line_1_17' title="bbox 490 377 2060 462; baseline 0.011 -31"><span class='ocrx_word' id='word_1_107' title='bbox 490 379 644 447; x_wconf 76' lang='lat'><strong>111</strong></span> <span class='ocrx_word' id='word_1_108' title='bbox 673 377 1011 437; x_wconf 87' lang='lat' dir='ltr'><strong>Cernebatur</strong></span> <span class='ocrx_word' id='word_1_109' title='bbox 1041 386 1202 454; x_wconf 74' lang='lat' dir='ltr'><strong>igitur</strong></span> <span class='ocrx_word' id='word_1_110' title='bbox 1233 387 1303 440; x_wconf 91' lang='lat' dir='ltr'><strong>ita</strong></span> <span class='ocrx_word' id='word_1_111' title='bbox 1337 392 1655 445; x_wconf 84' lang='lat' dir='ltr'><strong>naturaliter</strong></span> <span class='ocrx_word' id='word_1_112' title='bbox 1702 409 1986 462; x_wconf 82' lang='lat' dir='ltr'><strong>eompara-</strong></span> <span class='ocrx_word' id='word_1_113' title='bbox 2018 410 2060 462; x_wconf 77' lang='grc' dir='ltr'><strong>Α</strong></span> 
     </span>
    </p>
   </div>
   <div class='ocr_carea' id='block_1_18' title="bbox 2174 396 3683 471">
    <p class='ocr_par' dir='ltr' id='par_1_18' title="bbox 2174 396 3683 471">
     <span class='ocr_line' id='line_1_18' title="bbox 2174 396 3683 471; baseline 0.004 -21"><span class='ocrx_word' id='word_1_114' title='bbox 2174 397 2417 467; x_wconf 73' lang='grc' dir='ltr'>Έωρᾶτο</span> <span class='ocrx_word' id='word_1_115' title='bbox 2446 396 2489 449; x_wconf 81' lang='grc' dir='ltr'>δ’</span> <span class='ocrx_word' id='word_1_116' title='bbox 2518 398 2611 451; x_wconf 77' lang='grc' dir='ltr'><strong>οὖν</strong></span> <span class='ocrx_word' id='word_1_117' title='bbox 2643 399 2792 467; x_wconf 77' lang='grc' dir='ltr'>ὅμως</span> <span class='ocrx_word' id='word_1_118' title='bbox 2820 399 2977 453; x_wconf 79' lang='grc' dir='ltr'>τοῦτο</span> <span class='ocrx_word' id='word_1_119' title='bbox 3015 401 3267 469; x_wconf 72' lang='grc' dir='ltr'>πεφυκὼς</span> <span class='ocrx_word' id='word_1_120' title='bbox 3301 401 3327 454; x_wconf 91' lang='lat'><strong>6</strong></span> <span class='ocrx_word' id='word_1_121' title='bbox 3363 401 3574 471; x_wconf 78' lang='grc' dir='ltr'>Σωτὴρ,</span> <span class='ocrx_word' id='word_1_122' title='bbox 3602 405 3683 456; x_wconf 66' lang='grc' dir='ltr'>οὐ</span> 
     </span>
    </p>
   </div>
   <div class='ocr_carea' id='block_1_19' title="bbox 2093 488 3681 561">
    <p class='ocr_par' dir='ltr' id='par_1_19' title="bbox 2093 488 3681 561">
     <span class='ocr_line' id='line_1_19' title="bbox 2093 488 3681 561; baseline 0.004 -22"><span class='ocrx_word' id='word_1_123' title='bbox 2093 488 2445 555; x_wconf 64' lang='grc' dir='ltr'>μέντοι⁷καθ’</span> <span class='ocrx_word' id='word_1_124' title='bbox 2493 489 2552 542; x_wconf 79' lang='grc' dir='ltr'>ὃν</span> <span class='ocrx_word' id='word_1_125' title='bbox 2600 489 2798 558; x_wconf 79' lang='grc' dir='ltr'>τρόπον</span> <span class='ocrx_word' id='word_1_126' title='bbox 2867 490 3250 560; x_wconf 76' lang='grc' dir='ltr'>ἐπιχωριάζων</span> <span class='ocrx_word' id='word_1_127' title='bbox 3290 493 3349 544; x_wconf 69' lang='grc' dir='ltr'><strong>τὸ</strong></span> <span class='ocrx_word' id='word_1_128' title='bbox 3398 493 3681 561; x_wconf 71' lang='grc' dir='ltr'>πρότερον</span> 
     </span>
    </p>
   </div>
   <div class='ocr_carea' id='block_1_20' title="bbox 2088 577 3680 651">
    <p class='ocr_par' dir='ltr' id='par_1_20' title="bbox 2088 577 3680 651">
     <span class='ocr_line' id='line_1_20' title="bbox 2088 577 3680 651; baseline 0.002 -21"><span class='ocrx_word' id='word_1_129' title='bbox 2088 577 2287 630; x_wconf 77' lang='grc' dir='ltr'>ἅπασι·</span> <span class='ocrx_word' id='word_1_130' title='bbox 2317 580 2427 642; x_wconf 87' lang='grc' dir='ltr'>τοῖς</span> <span class='ocrx_word' id='word_1_131' title='bbox 2460 577 2591 645; x_wconf 78' lang='grc' dir='ltr'>γοῦν</span> <span class='ocrx_word' id='word_1_132' title='bbox 2636 578 2806 644; x_wconf 78' lang='grc' dir='ltr'>ἁξίοις</span> <span class='ocrx_word' id='word_1_133' title='bbox 2843 582 2939 650; x_wconf 80' lang='grc' dir='ltr'>τῆς</span> <span class='ocrx_word' id='word_1_134' title='bbox 2980 579 3235 649; x_wconf 72' lang='grc' dir='ltr'><strong>τοιαύτης</strong></span> <span class='ocrx_word' id='word_1_135' title='bbox 3267 580 3395 637; x_wconf 79' lang='grc' dir='ltr'>θέας</span> <span class='ocrx_word' id='word_1_136' title='bbox 3433 583 3680 651; x_wconf 78' lang='grc' dir='ltr'>ἐμφανι-</span> 
     </span>
    </p>
   </div>
   <div class='ocr_carea' id='block_1_21' title="bbox 2086 664 3679 741">
    <p class='ocr_par' dir='ltr' id='par_1_21' title="bbox 2086 664 3679 741">
     <span class='ocr_line' id='line_1_21' title="bbox 2086 664 3679 741; baseline 0.004 -24"><span class='ocrx_word' id='word_1_137' title='bbox 2086 664 2335 735; x_wconf 78' lang='grc' dir='ltr'>ζόμενος,</span> <span class='ocrx_word' id='word_1_138' title='bbox 2362 668 2429 721; x_wconf 87' lang='grc' dir='ltr'><strong>τά</strong></span> <span class='ocrx_word' id='word_1_139' title='bbox 2455 685 2513 720; x_wconf 87' lang='grc' dir='ltr'><strong>τε</strong></span> <span class='ocrx_word' id='word_1_140' title='bbox 2540 670 2742 739; x_wconf 83' lang='grc' dir='ltr'>σημεῖα</span> <span class='ocrx_word' id='word_1_141' title='bbox 2768 669 2860 722; x_wconf 84' lang='grc' dir='ltr'>τοῦ</span> <span class='ocrx_word' id='word_1_142' title='bbox 2894 669 3131 740; x_wconf 71' lang='grc' dir='ltr'>σταυροῦ</span> <span class='ocrx_word' id='word_1_143' title='bbox 3167 671 3496 741; x_wconf 75' lang='grc' dir='ltr'>παρεδείκνυ</span> <span class='ocrx_word' id='word_1_144' title='bbox 3517 689 3531 701; x_wconf 91' lang='grc'><strong>·</strong></span> <span class='ocrx_word' id='word_1_145' title='bbox 3570 672 3679 724; x_wconf 67' lang='grc' dir='ltr'><strong>καὶ</strong></span> 
     </span>
    </p>
   </div>
   <div class='ocr_carea' id='block_1_22' title="bbox 2086 756 3677 833">
    <p class='ocr_par' dir='ltr' id='par_1_22' title="bbox 2086 756 3677 833">
     <span class='ocr_line' id='line_1_22' title="bbox 2086 756 3677 833; baseline 0.005 -25"><span class='ocrx_word' id='word_1_146' title='bbox 2086 756 2245 810; x_wconf 75' lang='grc' dir='ltr'>τοῦτο</span> <span class='ocrx_word' id='word_1_147' title='bbox 2270 759 2420 827; x_wconf 83' lang='grc' dir='ltr'>ἡμᾶς</span> <span class='ocrx_word' id='word_1_148' title='bbox 2449 759 2477 811; x_wconf 98' lang='lat'><strong>6</strong></span> <span class='ocrx_word' id='word_1_149' title='bbox 2510 759 2759 830; x_wconf 79' lang='grc' dir='ltr'>μαθητὴς</span> <span class='ocrx_word' id='word_1_150' title='bbox 2792 760 3037 829; x_wconf 76' lang='grc' dir='ltr'>ἐμπεδοῒ,</span> <span class='ocrx_word' id='word_1_151' title='bbox 3069 761 3164 814; x_wconf 64' lang='grc' dir='ltr'><strong>καί⁵</strong></span> <span class='ocrx_word' id='word_1_152' title='bbox 3197 761 3561 833; x_wconf 76' lang='grc' dir='ltr'><strong>εὐγνωμόνως</strong></span> <span class='ocrx_word' id='word_1_153' title='bbox 3599 779 3677 830; x_wconf 90' lang='grc' dir='ltr'><strong>γε</strong></span> 
     </span>
    </p>
   </div>
   <div class='ocr_carea' id='block_1_23' title="bbox 2087 836 3680 925">
    <p class='ocr_par' dir='ltr' id='par_1_23' title="bbox 2087 836 3680 925">
     <span class='ocr_line' id='line_1_23' title="bbox 2087 836 3680 925; baseline 0.005 -26"><span class='ocrx_word' id='word_1_154' title='bbox 2087 849 2181 901; x_wconf 76' lang='grc' dir='ltr'><strong>καί</strong></span> <span class='ocrx_word' id='word_1_155' title='bbox 2222 848 2429 913; x_wconf 85' lang='grc' dir='ltr'>πιστῶς</span> <span class='ocrx_word' id='word_1_156' title='bbox 2459 849 2746 920; x_wconf 80' lang='grc' dir='ltr'>δεχόμεθα,</span> <span class='ocrx_word' id='word_1_157' title='bbox 2778 851 2878 923; x_wconf 72' lang='grc' dir='ltr'><strong>τὴν</strong></span> <span class='ocrx_word' id='word_1_158' title='bbox 2904 852 3056 906; x_wconf 81' lang='grc' dir='ltr'>Θείαν</span> <span class='ocrx_word' id='word_1_159' title='bbox 3081 853 3325 924; x_wconf 79' lang='grc' dir='ltr'>πλευρὰν</span> <span class='ocrx_word' id='word_1_160' title='bbox 3365 836 3680 925; x_wconf 32' lang='grc' dir='ltr'>ὲπαφώιμεο</span> 
     </span>
    </p>
   </div>
   <div class='ocr_carea' id='block_1_24' title="bbox 2085 942 3679 1018">
    <p class='ocr_par' dir='ltr' id='par_1_24' title="bbox 2085 942 3679 1018">
     <span class='ocr_line' id='line_1_24' title="bbox 2085 942 3679 1018; baseline 0.003 -24"><span class='ocrx_word' id='word_1_161' title='bbox 2085 958 2174 1005; x_wconf 86' lang='grc' dir='ltr'><strong>νος</strong></span> <span class='ocrx_word' id='word_1_162' title='bbox 2196 981 2211 1005; x_wconf 93' lang='grc'><strong>,</strong></span> <span class='ocrx_word' id='word_1_163' title='bbox 2252 942 2394 1011; x_wconf 86' lang='grc' dir='ltr'>μέγα</span> <span class='ocrx_word' id='word_1_164' title='bbox 2427 959 2486 995; x_wconf 87' lang='grc' dir='ltr'><strong>τε</strong></span> <span class='ocrx_word' id='word_1_165' title='bbox 2523 944 2812 1014; x_wconf 86' lang='grc' dir='ltr'>κεκραγὼς</span> <span class='ocrx_word' id='word_1_166' title='bbox 2860 946 2950 1000; x_wconf 82' lang='grc' dir='ltr'><strong>καί</strong></span> <span class='ocrx_word' id='word_1_167' title='bbox 2984 946 3238 1016; x_wconf 87' lang='grc' dir='ltr'>λαμπρόν</span> <span class='ocrx_word' id='word_1_168' title='bbox 3265 962 3279 975; x_wconf 76' lang='grc' dir='ltr'><strong>ο</strong></span> <span class='ocrx_word' id='word_1_169' title='bbox 3306 965 3324 996; x_wconf 82' lang='grc' dir='ltr'><strong>ι</strong></span> <span class='ocrx_word' id='word_1_170' title='bbox 3373 946 3435 1001; x_wconf 86' lang='grc' dir='ltr'>Ὀ</span> <span class='ocrx_word' id='word_1_171' title='bbox 3461 943 3679 1018; x_wconf 82' lang='grc' dir='ltr'>Κύριός</span> 
     </span>
    </p>
   </div>
   <div class='ocr_carea' id='block_1_25' title="bbox 2089 1032 3677 1108">
    <p class='ocr_par' dir='ltr' id='par_1_25' title="bbox 2089 1032 3677 1108">
     <span class='ocr_line' id='line_1_25' title="bbox 2089 1032 3677 1108; baseline 0.004 -23"><span class='ocrx_word' id='word_1_172' title='bbox 2089 1050 2187 1103; x_wconf 86' lang='grc' dir='ltr'><strong>μου</strong></span> <span class='ocrx_word' id='word_1_173' title='bbox 2214 1033 2358 1097; x_wconf 68' lang='grc' dir='ltr'><strong>καὶὸ</strong></span> <span class='ocrx_word' id='word_1_174' title='bbox 2378 1032 2511 1097; x_wconf 80' lang='grc' dir='ltr'>Θεός</span> <span class='ocrx_word' id='word_1_175' title='bbox 2536 1050 2659 1104; x_wconf 88' lang='grc' dir='ltr'>μου·</span> <span class='ocrx_word' id='word_1_176' title='bbox 2691 1054 2710 1087; x_wconf 74' lang='grc' dir='ltr'><strong>ι</strong></span> <span class='ocrx_word' id='word_1_177' title='bbox 2740 1035 2923 1091; x_wconf 76' lang='grc' dir='ltr'>καὶτὰ</span> <span class='ocrx_word' id='word_1_178' title='bbox 2954 1039 3126 1108; x_wconf 88' lang='grc' dir='ltr'>σεμνά</span> <span class='ocrx_word' id='word_1_179' title='bbox 3150 1036 3347 1106; x_wconf 85' lang='grc' dir='ltr'>γύναια</span> <span class='ocrx_word' id='word_1_180' title='bbox 3377 1038 3677 1107; x_wconf 72' lang='grc' dir='ltr'>ἀχράντων</span> 
     </span>
    </p>
   </div>
   <div class='ocr_carea' id='block_1_26' title="bbox 2086 1127 3673 1200">
    <p class='ocr_par' dir='ltr' id='par_1_26' title="bbox 2086 1127 3673 1200">
     <span class='ocr_line' id='line_1_26' title="bbox 2086 1127 3673 1200; baseline 0 -20"><span class='ocrx_word' id='word_1_181' title='bbox 2086 1127 2263 1181; x_wconf 80' lang='grc' dir='ltr'>ποδῶν</span> <span class='ocrx_word' id='word_1_182' title='bbox 2305 1129 2693 1200; x_wconf 76' lang='grc' dir='ltr'>ἐφαπτόμενα·</span> <span class='ocrx_word' id='word_1_183' title='bbox 2727 1129 2865 1200; x_wconf 83' lang='grc' dir='ltr'>πρὸς</span> <span class='ocrx_word' id='word_1_184' title='bbox 2908 1128 2966 1182; x_wconf 84' lang='grc' dir='ltr'>δὲ</span> <span class='ocrx_word' id='word_1_185' title='bbox 3014 1130 3107 1182; x_wconf 80' lang='grc' dir='ltr'><strong>καί</strong></span> <span class='ocrx_word' id='word_1_186' title='bbox 3148 1131 3199 1182; x_wconf 88' lang='grc' dir='ltr'><strong>οἰ</strong></span> <span class='ocrx_word' id='word_1_187' title='bbox 3251 1145 3673 1200; x_wconf 83' lang='grc' dir='ltr'>συμπαρομαρ-</span> 
     </span>
    </p>
   </div>
   <div class='ocr_carea' id='block_1_27' title="bbox 2083 1220 3673 1292">
    <p class='ocr_par' dir='ltr' id='par_1_27' title="bbox 2083 1220 3673 1292">
     <span class='ocr_line' id='line_1_27' title="bbox 2083 1220 3673 1292; baseline 0.001 -20"><span class='ocrx_word' id='word_1_188' title='bbox 2083 1220 2322 1284; x_wconf 84' lang='grc' dir='ltr'>τοῦντες,</span> <span class='ocrx_word' id='word_1_189' title='bbox 2383 1222 2475 1274; x_wconf 79' lang='grc' dir='ltr'><strong>καὶ</strong></span> <span class='ocrx_word' id='word_1_190' title='bbox 2522 1221 2624 1292; x_wconf 81' lang='grc' dir='ltr'><strong>τὴν</strong></span> <span class='ocrx_word' id='word_1_191' title='bbox 2668 1221 2897 1292; x_wconf 80' lang='grc' dir='ltr'>καρδίαν</span> <span class='ocrx_word' id='word_1_192' title='bbox 2952 1220 3331 1290; x_wconf 76' lang='grc' dir='ltr'>ἐκκαιόμενοι,</span> <span class='ocrx_word' id='word_1_193' title='bbox 3382 1222 3481 1275; x_wconf 73' lang='grc' dir='ltr'><strong>καί⁵</strong></span> <span class='ocrx_word' id='word_1_194' title='bbox 3534 1222 3673 1282; x_wconf 80' lang='grc' dir='ltr'>τοὺς</span> 
     </span>
    </p>
   </div>
   <div class='ocr_carea' id='block_1_28' title="bbox 2082 1311 3670 1385">
    <p class='ocr_par' dir='ltr' id='par_1_28' title="bbox 2082 1311 3670 1385">
     <span class='ocr_line' id='line_1_28' title="bbox 2082 1311 3670 1385; baseline 0.001 -22"><span class='ocrx_word' id='word_1_195' title='bbox 2082 1312 2395 1382; x_wconf 73' lang='grc' dir='ltr'>ὀφθαλμοὺς</span> <span class='ocrx_word' id='word_1_196' title='bbox 2423 1314 2480 1366; x_wconf 85' lang='grc' dir='ltr'>ὲν</span> <span class='ocrx_word' id='word_1_197' title='bbox 2508 1316 2627 1376; x_wconf 82' lang='grc' dir='ltr'>ταῖς</span> <span class='ocrx_word' id='word_1_198' title='bbox 2650 1313 2937 1383; x_wconf 80' lang='grc' dir='ltr'>ὀμιλήσεσι</span> <span class='ocrx_word' id='word_1_199' title='bbox 2972 1312 3375 1385; x_wconf 79' lang='grc' dir='ltr'><strong>κεκρατημένοι</strong></span> <span class='ocrx_word' id='word_1_200' title='bbox 3398 1314 3530 1385; x_wconf 72' lang='grc' dir='ltr'>περὶ</span> <span class='ocrx_word' id='word_1_201' title='bbox 3565 1311 3670 1382; x_wconf 81' lang='grc' dir='ltr'>τὴν</span> 
     </span>
    </p>
   </div>
   <div class='ocr_carea' id='block_1_29' title="bbox 2084 1403 3667 1476">
    <p class='ocr_par' dir='ltr' id='par_1_29' title="bbox 2084 1403 3667 1476">
     <span class='ocr_line' id='line_1_29' title="bbox 2084 1403 3667 1476; baseline -0.002 -18"><span class='ocrx_word' id='word_1_202' title='bbox 2084 1404 2400 1473; x_wconf 76' lang='grc' dir='ltr'>ἐπίγνωσιν,</span> <span class='ocrx_word' id='word_1_203' title='bbox 2437 1404 2464 1458; x_wconf 84' lang='lat'><strong>6</strong></span> <span class='ocrx_word' id='word_1_204' title='bbox 2490 1404 2553 1476; x_wconf 82' lang='grc' dir='ltr'>δὴ</span> <span class='ocrx_word' id='word_1_205' title='bbox 2586 1406 2723 1475; x_wconf 83' lang='grc' dir='ltr'><strong>μετά</strong></span> <span class='ocrx_word' id='word_1_206' title='bbox 2746 1406 2844 1474; x_wconf 78' lang='grc' dir='ltr'>τὴν</span> <span class='ocrx_word' id='word_1_207' title='bbox 2869 1404 3063 1459; x_wconf 82' lang='grc' dir='ltr'>κλάσιν</span> <span class='ocrx_word' id='word_1_208' title='bbox 3094 1403 3187 1458; x_wconf 84' lang='grc' dir='ltr'>τοῦ</span> <span class='ocrx_word' id='word_1_209' title='bbox 3218 1406 3384 1475; x_wconf 76' lang='grc' dir='ltr'>ἄρτου</span> <span class='ocrx_word' id='word_1_210' title='bbox 3416 1404 3667 1468; x_wconf 83' lang='grc' dir='ltr'>λέλυται,</span> 
     </span>
    </p>
   </div>
   <div class='ocr_carea' id='block_1_30' title="bbox 2084 1492 3669 1568">
    <p class='ocr_par' dir='ltr' id='par_1_30' title="bbox 2084 1492 3669 1568">
     <span class='ocr_line' id='line_1_30' title="bbox 2084 1492 3669 1568; baseline -0.001 -19"><span class='ocrx_word' id='word_1_211' title='bbox 2084 1495 2341 1567; x_wconf 73' lang='grc' dir='ltr'>βρώσεώς</span> <span class='ocrx_word' id='word_1_212' title='bbox 2369 1515 2428 1550; x_wconf 92' lang='grc' dir='ltr'><strong>τε</strong></span> <span class='ocrx_word' id='word_1_213' title='bbox 2460 1499 2555 1550; x_wconf 76' lang='grc' dir='ltr'><strong>καὶ</strong></span> <span class='ocrx_word' id='word_1_214' title='bbox 2585 1499 2797 1563; x_wconf 87' lang='grc' dir='ltr'><strong>πόσεως</strong></span> <span class='ocrx_word' id='word_1_215' title='bbox 2828 1499 3073 1568; x_wconf 79' lang='grc' dir='ltr'>ἠνείχετο</span> <span class='ocrx_word' id='word_1_216' title='bbox 3093 1536 3109 1560; x_wconf 90' lang='grc'><strong>,</strong></span> <span class='ocrx_word' id='word_1_217' title='bbox 3139 1497 3243 1552; x_wconf 76' lang='grc' dir='ltr'><strong>κᾶν</strong></span> <span class='ocrx_word' id='word_1_218' title='bbox 3283 1496 3563 1568; x_wconf 82' lang='grc' dir='ltr'>ἄφθαρτον</span> <span class='ocrx_word' id='word_1_219' title='bbox 3590 1492 3669 1567; x_wconf 84' lang='grc' dir='ltr'>ἦν</span> 
     </span>
    </p>
   </div>
   <div class='ocr_carea' id='block_1_31' title="bbox 2078 1585 3670 1657">
    <p class='ocr_par' dir='ltr' id='par_1_31' title="bbox 2078 1585 3670 1657">
     <span class='ocr_line' id='line_1_31' title="bbox 2078 1585 3670 1657; baseline 0.003 -20"><span class='ocrx_word' id='word_1_220' title='bbox 2078 1586 2139 1637; x_wconf 85' lang='grc' dir='ltr'><strong>τὸ</strong></span> <span class='ocrx_word' id='word_1_221' title='bbox 2168 1585 2324 1656; x_wconf 85' lang='grc' dir='ltr'>σῶμα</span> <span class='ocrx_word' id='word_1_222' title='bbox 2345 1601 2361 1617; x_wconf 76' lang='grc' dir='ltr'><strong>ο</strong></span> <span class='ocrx_word' id='word_1_223' title='bbox 2398 1586 2545 1657; x_wconf 74' lang='grc' dir='ltr'>άπερ</span> <span class='ocrx_word' id='word_1_224' title='bbox 2569 1587 2630 1640; x_wconf 80' lang='grc' dir='ltr'><strong>οὐ</strong></span> <span class='ocrx_word' id='word_1_225' title='bbox 2661 1586 2734 1657; x_wconf 83' lang='grc' dir='ltr'><strong>τῷ</strong></span> <span class='ocrx_word' id='word_1_226' title='bbox 2774 1586 2984 1640; x_wconf 79' lang='grc' dir='ltr'>δεῖσθαι</span> <span class='ocrx_word' id='word_1_227' title='bbox 3023 1586 3249 1651; x_wconf 86' lang='grc' dir='ltr'>τούτων,</span> <span class='ocrx_word' id='word_1_228' title='bbox 3283 1587 3419 1640; x_wconf 81' lang='grc' dir='ltr'><strong>ἀλλά</strong></span> <span class='ocrx_word' id='word_1_229' title='bbox 3450 1604 3670 1656; x_wconf 76' lang='grc' dir='ltr'>συγκα-</span> 
     </span>
    </p>
   </div>
   <div class='ocr_carea' id='block_1_32' title="bbox 2078 1675 3665 1750">
    <p class='ocr_par' dir='ltr' id='par_1_32' title="bbox 2078 1675 3665 1750">
     <span class='ocr_line' id='line_1_32' title="bbox 2078 1675 3665 1750; baseline 0.003 -22"><span class='ocrx_word' id='word_1_230' title='bbox 2078 1675 2364 1740; x_wconf 77' lang='grc' dir='ltr'>ταδάσεως</span> <span class='ocrx_word' id='word_1_231' title='bbox 2399 1678 2586 1748; x_wconf 83' lang='grc' dir='ltr'>τρόπῳ</span> <span class='ocrx_word' id='word_1_232' title='bbox 2614 1680 2704 1731; x_wconf 79' lang='grc' dir='ltr'><strong>καὶ</strong></span> <span class='ocrx_word' id='word_1_233' title='bbox 2729 1677 2816 1732; x_wconf 78' lang='grc' dir='ltr'><strong>διὰ</strong></span> <span class='ocrx_word' id='word_1_234' title='bbox 2852 1678 2950 1749; x_wconf 79' lang='grc' dir='ltr'><strong>τὴν</strong></span> <span class='ocrx_word' id='word_1_235' title='bbox 2987 1678 3303 1750; x_wconf 79' lang='grc' dir='ltr'>οἰκονομίαν</span> <span class='ocrx_word' id='word_1_236' title='bbox 3328 1678 3665 1750; x_wconf 73' lang='grc' dir='ltr'>ἐπράττετο,</span> 
     </span>
    </p>
   </div>
   <div class='ocr_carea' id='block_1_33' title="bbox 404 1756 1974 1839">
    <p class='ocr_par' dir='ltr' id='par_1_33' title="bbox 404 1756 1974 1834">
     <span class='ocr_line' id='line_1_33' title="bbox 404 1756 1974 1834; baseline 0.011 -30"><span class='ocrx_word' id='word_1_237' title='bbox 404 1756 763 1811; x_wconf 75' lang='lat' dir='ltr'><strong>mconomiam</strong></span> <span class='ocrx_word' id='word_1_238' title='bbox 797 1757 1045 1825; x_wconf 80' lang='lat' dir='ltr'><strong>faciebat,</strong></span> <span class='ocrx_word' id='word_1_239' title='bbox 1081 1770 1138 1815; x_wconf 88' lang='lat' dir='ltr'><strong>ut</strong></span> <span class='ocrx_word' id='word_1_240' title='bbox 1191 1762 1330 1816; x_wconf 82' lang='lat' dir='ltr'><strong>idem</strong></span> <span class='ocrx_word' id='word_1_241' title='bbox 1371 1765 1487 1834; x_wconf 88' lang='lat' dir='ltr'><strong>ipse</strong></span> <span class='ocrx_word' id='word_1_242' title='bbox 1519 1767 1849 1832; x_wconf 81' lang='lat' dir='ltr'><strong>crederetur,</strong></span> <span class='ocrx_word' id='word_1_243' title='bbox 1886 1782 1974 1821; x_wconf 83' lang='lat' dir='ltr'><strong>ve-</strong></span> 
     </span>
    </p>
   </div>
   <div class='ocr_carea' id='block_1_34' title="bbox 2080 1756 3668 1839">
    <p class='ocr_par' dir='ltr' id='par_1_34' title="bbox 2083 1764 3668 1839">
     <span class='ocr_line' id='line_1_34' title="bbox 2083 1764 3668 1839; baseline 0.001 -20"><span class='ocrx_word' id='word_1_244' title='bbox 2083 1767 2171 1821; x_wconf 77' lang='grc' dir='ltr'>ἴνα</span> <span class='ocrx_word' id='word_1_245' title='bbox 2199 1768 2226 1819; x_wconf 87' lang='lat'><strong>6</strong></span> <span class='ocrx_word' id='word_1_246' title='bbox 2255 1766 2418 1829; x_wconf 80' lang='grc' dir='ltr'>αὐτὸς</span> <span class='ocrx_word' id='word_1_247' title='bbox 2458 1768 2663 1829; x_wconf 82' lang='grc' dir='ltr'>ἐκεῖνος</span> <span class='ocrx_word' id='word_1_248' title='bbox 2693 1764 2779 1820; x_wconf 79' lang='grc' dir='ltr'>ὢν</span> <span class='ocrx_word' id='word_1_249' title='bbox 2799 1767 3061 1838; x_wconf 83' lang='grc' dir='ltr'>πιστευθῇ</span> <span class='ocrx_word' id='word_1_250' title='bbox 3084 1808 3097 1831; x_wconf 87' lang='grc'><strong>,</strong></span> <span class='ocrx_word' id='word_1_251' title='bbox 3129 1767 3330 1838; x_wconf 84' lang='grc' dir='ltr'>ἀληθές</span> <span class='ocrx_word' id='word_1_252' title='bbox 3359 1786 3415 1820; x_wconf 88' lang='grc' dir='ltr'><strong>τε</strong></span> <span class='ocrx_word' id='word_1_253' title='bbox 3453 1769 3551 1821; x_wconf 75' lang='grc' dir='ltr'>καὶ</span> <span class='ocrx_word' id='word_1_254' title='bbox 3583 1768 3668 1839; x_wconf 80' lang='grc' dir='ltr'>μὴ</span> 
     </span>
    </p>
   </div>
   <div class='ocr_carea' id='block_1_35' title="bbox 403 1848 1977 1921">
    <p class='ocr_par' dir='ltr' id='par_1_35' title="bbox 403 1848 1977 1921">
     <span class='ocr_line' id='line_1_35' title="bbox 403 1848 1977 1921; baseline 0.011 -25"><span class='ocrx_word' id='word_1_255' title='bbox 403 1858 632 1914; x_wconf 83' lang='lat' dir='ltr'><strong>rumque</strong></span> <span class='ocrx_word' id='word_1_256' title='bbox 688 1862 752 1902; x_wconf 89' lang='lat' dir='ltr'><strong>ac</strong></span> <span class='ocrx_word' id='word_1_257' title='bbox 807 1848 1031 1906; x_wconf 91' lang='lat' dir='ltr'><strong>minime</strong></span> <span class='ocrx_word' id='word_1_258' title='bbox 1086 1854 1491 1921; x_wconf 87' lang='lat' dir='ltr'><strong>phantasticum</strong></span> <span class='ocrx_word' id='word_1_259' title='bbox 1561 1859 1977 1914; x_wconf 88' lang='lat' dir='ltr'><strong>resurrectionis</strong></span> 
     </span>
    </p>
   </div>
   <div class='ocr_carea' id='block_1_36' title="bbox 402 1938 1978 2012">
    <p class='ocr_par' dir='ltr' id='par_1_36' title="bbox 402 1938 1978 2012">
     <span class='ocr_line' id='line_1_36' title="bbox 402 1938 1978 2012; baseline 0.008 -22"><span class='ocrx_word' id='word_1_260' title='bbox 402 1938 722 2006; x_wconf 82' lang='lat' dir='ltr'><strong>mysterium</strong></span> <span class='ocrx_word' id='word_1_261' title='bbox 741 1942 1175 2000; x_wconf 70' lang='lat' dir='ltr'><strong>existimaretur.</strong></span> <span class='ocrx_word' id='word_1_262' title='bbox 1198 1946 1481 2012; x_wconf 87' lang='lat' dir='ltr'><strong>Quomodo</strong></span> <span class='ocrx_word' id='word_1_263' title='bbox 1503 1956 1683 2004; x_wconf 85' lang='lat' dir='ltr'><strong>autem</strong></span> <span class='ocrx_word' id='word_1_264' title='bbox 1713 1949 1978 2005; x_wconf 87' lang='lat' dir='ltr'><strong>vidissent</strong></span> 
     </span>
    </p>
   </div>
   <div class='ocr_carea' id='block_1_37' title="bbox 402 2028 1975 2104">
    <p class='ocr_par' dir='ltr' id='par_1_37' title="bbox 402 2028 1975 2104">
     <span class='ocr_line' id='line_1_37' title="bbox 402 2028 1975 2104; baseline 0.011 -29"><span class='ocrx_word' id='word_1_265' title='bbox 402 2029 505 2078; x_wconf 76' lang='lat' dir='ltr'><strong>nivi</strong></span> <span class='ocrx_word' id='word_1_266' title='bbox 551 2028 799 2099; x_wconf 82' lang='lat' dir='ltr'><strong>discipuli</strong></span> <span class='ocrx_word' id='word_1_267' title='bbox 851 2032 918 2086; x_wconf 91' lang='lat' dir='ltr'><strong>de</strong></span> <span class='ocrx_word' id='word_1_268' title='bbox 962 2035 1138 2089; x_wconf 86' lang='lat' dir='ltr'><strong>medio</strong></span> <span class='ocrx_word' id='word_1_269' title='bbox 1187 2036 1423 2104; x_wconf 83' lang='lat' dir='ltr'><strong>ipsorum</strong></span> <span class='ocrx_word' id='word_1_270' title='bbox 1463 2038 1772 2103; x_wconf 88' lang='lat' dir='ltr'><strong>sublatum,</strong></span> <span class='ocrx_word' id='word_1_271' title='bbox 1820 2049 1871 2092; x_wconf 88' lang='lat' dir='ltr'><strong>et</strong></span> <span class='ocrx_word' id='word_1_272' title='bbox 1920 2040 1975 2092; x_wconf 91' lang='lat' dir='ltr'><strong>in</strong></span> 
     </span>
    </p>
   </div>
   <div class='ocr_carea' id='block_1_38' title="bbox 402 2118 1974 2200">
    <p class='ocr_par' dir='ltr' id='par_1_38' title="bbox 402 2118 1974 2200">
     <span class='ocr_line' id='line_1_38' title="bbox 402 2118 1974 2200; baseline 0.011 -34"><span class='ocrx_word' id='word_1_273' title='bbox 402 2118 572 2172; x_wconf 67' lang='lat' dir='ltr'><strong>Helos</strong></span> <span class='ocrx_word' id='word_1_274' title='bbox 617 2121 924 2178; x_wconf 87' lang='lat' dir='ltr'><strong>sublimiter</strong></span> <span class='ocrx_word' id='word_1_275' title='bbox 976 2126 1269 2193; x_wconf 79' lang='lat' dir='ltr'><strong>volantem,</strong></span> <span class='ocrx_word' id='word_1_276' title='bbox 1300 2139 1353 2182; x_wconf 90' lang='lat' dir='ltr'><strong>et</strong></span> <span class='ocrx_word' id='word_1_277' title='bbox 1388 2140 1627 2198; x_wconf 72' lang='lat' dir='ltr'><strong>paternae</strong></span> <span class='ocrx_word' id='word_1_278' title='bbox 1670 2132 1856 2200; x_wconf 73' lang='lat' dir='ltr'><strong>gloria:</strong></span> <span class='ocrx_word' id='word_1_279' title='bbox 1893 2132 1974 2183; x_wconf 79' lang='lat' dir='ltr'><strong>la-</strong></span> 
     </span>
    </p>
   </div>
   <div class='ocr_carea' id='block_1_39' title="bbox 401 2219 1971 2290">
    <p class='ocr_par' dir='ltr' id='par_1_39' title="bbox 401 2219 1971 2290">
     <span class='ocr_line' id='line_1_39' title="bbox 401 2219 1971 2290; baseline 0.011 -34"><span class='ocrx_word' id='word_1_280' title='bbox 401 2219 547 2262; x_wconf 69' lang='lat' dir='ltr'><strong>rtmn</strong></span> <span class='ocrx_word' id='word_1_281' title='bbox 607 2225 1021 2282; x_wconf 82' lang='lat' dir='ltr'><strong>consessorem,</strong></span> <span class='ocrx_word' id='word_1_282' title='bbox 1066 2233 1363 2289; x_wconf 76' lang='lat' dir='ltr'><strong>rursusque</strong></span> <span class='ocrx_word' id='word_1_283' title='bbox 1414 2222 1618 2290; x_wconf 84' lang='lat' dir='ltr'><strong>pariter</strong></span> <span class='ocrx_word' id='word_1_284' title='bbox 1664 2232 1971 2282; x_wconf 87' lang='lat' dir='ltr'><strong>venturum,</strong></span> 
     </span>
    </p>
   </div>
   <div class='ocr_carea' id='block_1_40' title="bbox 399 2298 1971 2378">
    <p class='ocr_par' dir='ltr' id='par_1_40' title="bbox 399 2298 1971 2378">
     <span class='ocr_line' id='line_1_40' title="bbox 399 2298 1971 2378; baseline 0.008 -29"><span class='ocrx_word' id='word_1_285' title='bbox 399 2298 545 2367; x_wconf 68' lang='lat' dir='ltr'><strong>juxta</strong></span> <span class='ocrx_word' id='word_1_286' title='bbox 623 2304 999 2361; x_wconf 80' lang='lat' dir='ltr'><strong>comitantium</strong></span> <span class='ocrx_word' id='word_1_287' title='bbox 1082 2311 1643 2378; x_wconf 88' lang='lat' dir='ltr'><strong>supratnnndanarutn</strong></span> <span class='ocrx_word' id='word_1_288' title='bbox 1716 2312 1971 2365; x_wconf 84' lang='lat' dir='ltr'><strong>virtutum</strong></span> 
     </span>
    </p>
   </div>
   <div class='ocr_carea' id='block_1_41' title="bbox 399 2394 1972 2470">
    <p class='ocr_par' dir='ltr' id='par_1_41' title="bbox 399 2394 1972 2470">
     <span class='ocr_line' id='line_1_41' title="bbox 399 2394 1972 2470; baseline 0.01 -32"><span class='ocrx_word' id='word_1_289' title='bbox 399 2402 611 2455; x_wconf 80' lang='lat' dir='ltr'><strong>vocem,</strong></span> <span class='ocrx_word' id='word_1_290' title='bbox 669 2394 773 2448; x_wconf 89' lang='lat' dir='ltr'><strong>nisi</strong></span> <span class='ocrx_word' id='word_1_291' title='bbox 818 2410 1016 2466; x_wconf 81' lang='lat' dir='ltr'><strong>corpus</strong></span> <span class='ocrx_word' id='word_1_292' title='bbox 1071 2400 1546 2470; x_wconf 87' lang='lat' dir='ltr'><strong>circumscriptum</strong></span> <span class='ocrx_word' id='word_1_293' title='bbox 1596 2400 1823 2458; x_wconf 78' lang='lat' dir='ltr'><strong>luisset?</strong></span> <span class='ocrx_word' id='word_1_294' title='bbox 1879 2401 1972 2454; x_wconf 75' lang='lat' dir='ltr'><strong>Vel</strong></span> 
     </span>
    </p>
   </div>
   <div class='ocr_carea' id='block_1_42' title="bbox 400 2481 1975 2564">
    <p class='ocr_par' dir='ltr' id='par_1_42' title="bbox 400 2481 1975 2564">
     <span class='ocr_line' id='line_1_42' title="bbox 400 2481 1975 2564; baseline 0.01 -33"><span class='ocrx_word' id='word_1_295' title='bbox 400 2481 531 2546; x_wconf 82' lang='lat' dir='ltr'><strong>quid</strong></span> <span class='ocrx_word' id='word_1_296' title='bbox 566 2485 792 2540; x_wconf 88' lang='lat' dir='ltr'><strong>omnino</strong></span> <span class='ocrx_word' id='word_1_297' title='bbox 824 2502 1052 2557; x_wconf 81' lang='lat' dir='ltr'><strong>magnus</strong></span> <span class='ocrx_word' id='word_1_298' title='bbox 1079 2489 1412 2561; x_wconf 79' lang='lat' dir='ltr'><strong>Stephanus,</strong></span> <span class='ocrx_word' id='word_1_299' title='bbox 1440 2503 1733 2564; x_wconf 79' lang='lat' dir='ltr'><strong>martyrum</strong></span> <span class='ocrx_word' id='word_1_300' title='bbox 1769 2495 1975 2564; x_wconf 87' lang='lat' dir='ltr'><strong>primus</strong></span> 
     </span>
    </p>
   </div>
   <div class='ocr_carea' id='block_1_43' title="bbox 400 2574 1969 2654">
    <p class='ocr_par' dir='ltr' id='par_1_43' title="bbox 400 2574 1969 2654">
     <span class='ocr_line' id='line_1_43' title="bbox 400 2574 1969 2654; baseline 0.01 -27"><span class='ocrx_word' id='word_1_301' title='bbox 400 2591 464 2629; x_wconf 87' lang='lat' dir='ltr'><strong>ac</strong></span> <span class='ocrx_word' id='word_1_302' title='bbox 505 2574 861 2646; x_wconf 80' lang='lat' dir='ltr'><strong>fortissimus,</strong></span> <span class='ocrx_word' id='word_1_303' title='bbox 916 2583 968 2635; x_wconf 90' lang='lat' dir='ltr'><strong>in</strong></span> <span class='ocrx_word' id='word_1_304' title='bbox 1036 2585 1215 2639; x_wconf 88' lang='lat' dir='ltr'><strong>medio</strong></span> <span class='ocrx_word' id='word_1_305' title='bbox 1266 2587 1583 2643; x_wconf 83' lang='lat' dir='ltr'><strong>certaminis</strong></span> <span class='ocrx_word' id='word_1_306' title='bbox 1637 2589 1718 2642; x_wconf 89' lang='lat' dir='ltr'><strong>sui</strong></span> <span class='ocrx_word' id='word_1_307' title='bbox 1770 2588 1969 2654; x_wconf 87' lang='lat' dir='ltr'><strong>stadio,</strong></span> 
     </span>
    </p>
   </div>
   <div class='ocr_carea' id='block_1_44' title="bbox 400 2667 1968 2750">
    <p class='ocr_par' dir='ltr' id='par_1_44' title="bbox 400 2667 1968 2750">
     <span class='ocr_line' id='line_1_44' title="bbox 400 2667 1968 2750; baseline 0.008 -32"><span class='ocrx_word' id='word_1_308' title='bbox 400 2667 544 2721; x_wconf 83' lang='lat' dir='ltr'><strong>haud</strong></span> <span class='ocrx_word' id='word_1_309' title='bbox 564 2671 734 2725; x_wconf 89' lang='lat' dir='ltr'><strong>multo</strong></span> <span class='ocrx_word' id='word_1_310' title='bbox 759 2682 879 2741; x_wconf 88' lang='lat' dir='ltr'><strong>post</strong></span> <span class='ocrx_word' id='word_1_311' title='bbox 905 2675 1212 2731; x_wconf 87' lang='lat' dir='ltr'><strong>Servatoris</strong></span> <span class='ocrx_word' id='word_1_312' title='bbox 1237 2677 1289 2731; x_wconf 90' lang='lat' dir='ltr'><strong>in</strong></span> <span class='ocrx_word' id='word_1_313' title='bbox 1317 2680 1514 2734; x_wconf 70' lang='lat' dir='ltr'><strong>emittm</strong></span> <span class='ocrx_word' id='word_1_314' title='bbox 1548 2681 1800 2741; x_wconf 88' lang='lat' dir='ltr'><strong>reditum,</strong></span> <span class='ocrx_word' id='word_1_315' title='bbox 1820 2682 1968 2750; x_wconf 83' lang='lat' dir='ltr'><strong>quid,</strong></span> 
     </span>
    </p>
   </div>
   <div class='ocr_carea' id='block_1_45' title="bbox 402 2754 1969 2838">
    <p class='ocr_par' dir='ltr' id='par_1_45' title="bbox 402 2754 1969 2838">
     <span class='ocr_line' id='line_1_45' title="bbox 402 2754 1969 2838; baseline 0.009 -27"><span class='ocrx_word' id='word_1_316' title='bbox 402 2764 642 2830; x_wconf 84' lang='lat' dir='ltr'><strong>inquam,</strong></span> <span class='ocrx_word' id='word_1_317' title='bbox 701 2765 861 2832; x_wconf 90' lang='lat' dir='ltr'><strong>vidit,</strong></span> <span class='ocrx_word' id='word_1_318' title='bbox 915 2779 1073 2836; x_wconf 87' lang='lat' dir='ltr'><strong>prout</strong></span> <span class='ocrx_word' id='word_1_319' title='bbox 1117 2769 1298 2824; x_wconf 82' lang='lat' dir='ltr'><strong>videre</strong></span> <span class='ocrx_word' id='word_1_320' title='bbox 1343 2754 1649 2835; x_wconf 76' lang='lat' dir='ltr'><strong>oportebat</strong></span> <span class='ocrx_word' id='word_1_321' title='bbox 1690 2788 1811 2825; x_wconf 91' lang='lat' dir='ltr'><strong>eum</strong></span> <span class='ocrx_word' id='word_1_322' title='bbox 1879 2774 1969 2838; x_wconf 87' lang='lat' dir='ltr'><strong>qui</strong></span> 
     </span>
    </p>
   </div>
   <div class='ocr_carea' id='block_1_46' title="bbox 400 2854 1972 2930">
    <p class='ocr_par' dir='ltr' id='par_1_46' title="bbox 400 2854 1972 2930">
     <span class='ocr_line' id='line_1_46' title="bbox 400 2854 1972 2930; baseline 0.01 -28"><span class='ocrx_word' id='word_1_323' title='bbox 400 2863 546 2905; x_wconf 82' lang='lat' dir='ltr'><strong>tanta</strong></span> <span class='ocrx_word' id='word_1_324' title='bbox 585 2854 774 2923; x_wconf 83' lang='lat' dir='ltr'><strong>plenus</strong></span> <span class='ocrx_word' id='word_1_325' title='bbox 806 2868 925 2910; x_wconf 87' lang='lat' dir='ltr'><strong>erat</strong></span> <span class='ocrx_word' id='word_1_326' title='bbox 953 2859 1154 2928; x_wconf 81' lang='lat' dir='ltr'><strong>gratia,</strong></span> <span class='ocrx_word' id='word_1_327' title='bbox 1187 2870 1239 2913; x_wconf 89' lang='lat' dir='ltr'><strong>et</strong></span> <span class='ocrx_word' id='word_1_328' title='bbox 1271 2871 1540 2929; x_wconf 66' lang='lat' dir='ltr'><strong>quatenus</strong></span> <span class='ocrx_word' id='word_1_329' title='bbox 1579 2874 1972 2930; x_wconf 74' lang='lat' dir='ltr'><strong>supernatura-</strong></span> 
     </span>
    </p>
   </div>
   <div class='ocr_carea' id='block_1_47' title="bbox 399 2943 1968 3016">
    <p class='ocr_par' dir='ltr' id='par_1_47' title="bbox 399 2943 1968 3016">
     <span class='ocr_line' id='line_1_47' title="bbox 399 2943 1968 3016; baseline 0.008 -20"><span class='ocrx_word' id='word_1_330' title='bbox 399 2943 873 3016; x_wconf 33' lang='lat' dir='ltr'><strong>l:ter,contiugere</strong></span> <span class='ocrx_word' id='word_1_331' title='bbox 905 2958 1117 3016; x_wconf 80' lang='lat' dir='ltr'><strong>poterat</strong></span> <span class='ocrx_word' id='word_1_332' title='bbox 1150 2951 1352 3006; x_wconf 87' lang='lat' dir='ltr'><strong>ltOmiui</strong></span> <span class='ocrx_word' id='word_1_333' title='bbox 1394 2956 1555 3006; x_wconf 70' lang='lat' dir='ltr'><strong>nato?</strong></span> <span class='ocrx_word' id='word_1_334' title='bbox 1597 2953 1785 3008; x_wconf 80' lang='lat' dir='ltr'><strong>Nonne</strong></span> <span class='ocrx_word' id='word_1_335' title='bbox 1821 2955 1871 3008; x_wconf 90' lang='lat' dir='ltr'><strong>in</strong></span> <span class='ocrx_word' id='word_1_336' title='bbox 1907 2970 1968 3008; x_wconf 88' lang='lat' dir='ltr'><strong>ea</strong></span> 
     </span>
    </p>
   </div>
   <div class='ocr_carea' id='block_1_48' title="bbox 399 3038 1967 3114">
    <p class='ocr_par' dir='ltr' id='par_1_48' title="bbox 399 3038 1967 3114">
     <span class='ocr_line' id='line_1_48' title="bbox 399 3038 1967 3114; baseline 0.006 -25"><span class='ocrx_word' id='word_1_337' title='bbox 399 3038 601 3102; x_wconf 80' lang='lat' dir='ltr'><strong>specie,</strong></span> <span class='ocrx_word' id='word_1_338' title='bbox 635 3053 797 3106; x_wconf 88' lang='lat' dir='ltr'><strong>quam</strong></span> <span class='ocrx_word' id='word_1_339' title='bbox 849 3049 1007 3094; x_wconf 90' lang='lat' dir='ltr'><strong>antea</strong></span> <span class='ocrx_word' id='word_1_340' title='bbox 1058 3046 1199 3110; x_wconf 77' lang='lat' dir='ltr'><strong>apud</strong></span> <span class='ocrx_word' id='word_1_341' title='bbox 1241 3058 1338 3097; x_wconf 89' lang='lat' dir='ltr'><strong>nos</strong></span> <span class='ocrx_word' id='word_1_342' title='bbox 1397 3060 1504 3114; x_wconf 62' lang='lat' dir='ltr'><strong>prec</strong></span> <span class='ocrx_word' id='word_1_343' title='bbox 1540 3060 1601 3100; x_wconf 88' lang='lat' dir='ltr'><strong>se</strong></span> <span class='ocrx_word' id='word_1_344' title='bbox 1644 3047 1859 3108; x_wconf 86' lang='lat' dir='ltr'><strong>tulerat,</strong></span> <span class='ocrx_word' id='word_1_345' title='bbox 1917 3046 1967 3099; x_wconf 93' lang='lat' dir='ltr'><strong>in</strong></span> 
     </span>
    </p>
   </div>
   <div class='ocr_carea' id='block_1_49' title="bbox 2081 1857 3667 1929">
    <p class='ocr_par' dir='ltr' id='par_1_49' title="bbox 2081 1857 3667 1929">
     <span class='ocr_line' id='line_1_49' title="bbox 2081 1857 3667 1929; baseline 0 -19"><span class='ocrx_word' id='word_1_346' title='bbox 2081 1857 2351 1925; x_wconf 74' lang='grc' dir='ltr'>φαντασία</span> <span class='ocrx_word' id='word_1_347' title='bbox 2379 1858 2610 1928; x_wconf 85' lang='grc' dir='ltr'>νομισθῇ</span> <span class='ocrx_word' id='word_1_348' title='bbox 2643 1858 2703 1911; x_wconf 80' lang='grc' dir='ltr'><strong>τὸ</strong></span> <span class='ocrx_word' id='word_1_349' title='bbox 2742 1858 2840 1927; x_wconf 82' lang='grc' dir='ltr'><strong>τῆς</strong></span> <span class='ocrx_word' id='word_1_350' title='bbox 2869 1859 3219 1921; x_wconf 84' lang='grc' dir='ltr'>ἀναστάσεως</span> <span class='ocrx_word' id='word_1_351' title='bbox 3251 1859 3575 1929; x_wconf 83' lang='grc' dir='ltr'>μυστήριον·</span> <span class='ocrx_word' id='word_1_352' title='bbox 3606 1858 3667 1910; x_wconf 80' lang='grc' dir='ltr'><strong>τί</strong></span> 
     </span>
    </p>
   </div>
   <div class='ocr_carea' id='block_1_50' title="bbox 2079 1947 3665 2020">
    <p class='ocr_par' dir='ltr' id='par_1_50' title="bbox 2079 1947 3665 2020">
     <span class='ocr_line' id='line_1_50' title="bbox 2079 1947 3665 2020; baseline 0.002 -20"><span class='ocrx_word' id='word_1_353' title='bbox 2079 1947 2135 2001; x_wconf 85' lang='grc' dir='ltr'>δὲ</span> <span class='ocrx_word' id='word_1_354' title='bbox 2167 1949 2257 2002; x_wconf 78' lang='grc' dir='ltr'><strong>καὶ</strong></span> <span class='ocrx_word' id='word_1_355' title='bbox 2288 1947 2475 2019; x_wconf 80' lang='grc' dir='ltr'>ἑώρων</span> <span class='ocrx_word' id='word_1_356' title='bbox 2503 1950 2552 2002; x_wconf 87' lang='grc' dir='ltr'><strong>οἰ</strong></span> <span class='ocrx_word' id='word_1_357' title='bbox 2585 1948 2865 2003; x_wconf 87' lang='grc' dir='ltr'>θεσπέσιοι</span> <span class='ocrx_word' id='word_1_358' title='bbox 2899 1949 3159 2020; x_wconf 78' lang='grc' dir='ltr'>μαθηταὶ,</span> <span class='ocrx_word' id='word_1_359' title='bbox 3187 1952 3251 2002; x_wconf 82' lang='grc' dir='ltr'>ὲκ</span> <span class='ocrx_word' id='word_1_360' title='bbox 3281 1950 3447 2020; x_wconf 88' lang='grc' dir='ltr'>μέσου</span> <span class='ocrx_word' id='word_1_361' title='bbox 3475 1950 3665 2003; x_wconf 77' lang='grc' dir='ltr'>αὐτῶν</span> 
     </span>
    </p>
   </div>
   <div class='ocr_carea' id='block_1_51' title="bbox 2078 2041 3666 2113">
    <p class='ocr_par' dir='ltr' id='par_1_51' title="bbox 2078 2041 3666 2113">
     <span class='ocr_line' id='line_1_51' title="bbox 2078 2041 3666 2113; baseline 0.002 -19"><span class='ocrx_word' id='word_1_362' title='bbox 2078 2042 2390 2112; x_wconf 83' lang='grc' dir='ltr'>αἰρόμενον,</span> <span class='ocrx_word' id='word_1_363' title='bbox 2417 2042 2512 2096; x_wconf 76' lang='grc' dir='ltr'><strong>καὶ</strong></span> <span class='ocrx_word' id='word_1_364' title='bbox 2548 2041 2687 2112; x_wconf 84' lang='grc' dir='ltr'>πρὸς</span> <span class='ocrx_word' id='word_1_365' title='bbox 2718 2042 2981 2113; x_wconf 79' lang='grc' dir='ltr'>οὐρανοὺς</span> <span class='ocrx_word' id='word_1_366' title='bbox 3015 2041 3314 2113; x_wconf 78' lang='grc' dir='ltr'>μετάρσιον</span> <span class='ocrx_word' id='word_1_367' title='bbox 3351 2043 3666 2113; x_wconf 84' lang='grc' dir='ltr'>ἀνιπτάμε·</span> 
     </span>
    </p>
   </div>
   <div class='ocr_carea' id='block_1_52' title="bbox 2077 2132 3662 2205">
    <p class='ocr_par' dir='ltr' id='par_1_52' title="bbox 2077 2132 3662 2205">
     <span class='ocr_line' id='line_1_52' title="bbox 2077 2132 3662 2205; baseline 0.002 -21"><span class='ocrx_word' id='word_1_368' title='bbox 2077 2149 2187 2197; x_wconf 89' lang='grc' dir='ltr'>νον,</span> <span class='ocrx_word' id='word_1_369' title='bbox 2216 2132 2243 2185; x_wconf 80' lang='grc' dir='ltr'><strong>ὃ</strong></span> <span class='ocrx_word' id='word_1_370' title='bbox 2268 2132 2652 2204; x_wconf 86' lang='grc' dir='ltr'>συμπάρεδρον</span> <span class='ocrx_word' id='word_1_371' title='bbox 2681 2132 2839 2204; x_wconf 79' lang='grc' dir='ltr'>δόξης</span> <span class='ocrx_word' id='word_1_372' title='bbox 2867 2133 2966 2204; x_wconf 80' lang='grc' dir='ltr'><strong>τῆς</strong></span> <span class='ocrx_word' id='word_1_373' title='bbox 2994 2134 3264 2205; x_wconf 84' lang='grc' dir='ltr'>πατρικῆς</span> <span class='ocrx_word' id='word_1_374' title='bbox 3289 2134 3527 2203; x_wconf 78' lang='grc' dir='ltr'>ἐγένετο,</span> <span class='ocrx_word' id='word_1_375' title='bbox 3560 2135 3662 2187; x_wconf 74' lang='grc' dir='ltr'><strong>καὶ</strong></span> 
     </span>
    </p>
   </div>
   <div class='ocr_carea' id='block_1_53' title="bbox 2079 2220 3661 2293">
    <p class='ocr_par' dir='ltr' id='par_1_53' title="bbox 2079 2220 3661 2293">
     <span class='ocr_line' id='line_1_53' title="bbox 2079 2220 3661 2293; baseline 0.003 -22"><span class='ocrx_word' id='word_1_376' title='bbox 2079 2221 2241 2274; x_wconf 82' lang='grc' dir='ltr'>πάλιν</span> <span class='ocrx_word' id='word_1_377' title='bbox 2267 2220 2528 2284; x_wconf 77' lang='grc' dir='ltr'>ὡσαύτως</span> <span class='ocrx_word' id='word_1_378' title='bbox 2552 2221 2927 2293; x_wconf 78' lang='grc' dir='ltr'>ἐλευσόμενον,</span> <span class='ocrx_word' id='word_1_379' title='bbox 2961 2220 3103 2276; x_wconf 87' lang='grc' dir='ltr'><strong>κατά</strong></span> <span class='ocrx_word' id='word_1_380' title='bbox 3126 2222 3224 2292; x_wconf 83' lang='grc' dir='ltr'><strong>τὴν</strong></span> <span class='ocrx_word' id='word_1_381' title='bbox 3253 2223 3362 2277; x_wconf 89' lang='grc' dir='ltr'><strong>τῶν</strong></span> <span class='ocrx_word' id='word_1_382' title='bbox 3393 2239 3661 2292; x_wconf 84' lang='grc' dir='ltr'>προπεμ-</span> 
     </span>
    </p>
   </div>
   <div class='ocr_carea' id='block_1_54' title="bbox 2080 2311 3662 2384">
    <p class='ocr_par' dir='ltr' id='par_1_54' title="bbox 2080 2311 3662 2384">
     <span class='ocr_line' id='line_1_54' title="bbox 2080 2311 3662 2384; baseline 0.003 -21"><span class='ocrx_word' id='word_1_383' title='bbox 2080 2312 2298 2364; x_wconf 82' lang='grc' dir='ltr'>πουσῶν</span> <span class='ocrx_word' id='word_1_384' title='bbox 2335 2311 2718 2383; x_wconf 83' lang='grc' dir='ltr'>ὑπερκοσμίων</span> <span class='ocrx_word' id='word_1_385' title='bbox 2747 2311 3031 2381; x_wconf 83' lang='grc' dir='ltr'>δυνάμεων</span> <span class='ocrx_word' id='word_1_386' title='bbox 3072 2312 3279 2383; x_wconf 77' lang='grc' dir='ltr'>φωνὴν,</span> <span class='ocrx_word' id='word_1_387' title='bbox 3311 2314 3360 2365; x_wconf 81' lang='grc' dir='ltr'><strong>εἰ</strong></span> <span class='ocrx_word' id='word_1_388' title='bbox 3389 2312 3464 2383; x_wconf 85' lang='grc' dir='ltr'>μὴ</span> <span class='ocrx_word' id='word_1_389' title='bbox 3493 2312 3662 2384; x_wconf 88' lang='grc' dir='ltr'>σῶμα</span> 
     </span>
    </p>
   </div>
   <div class='ocr_carea' id='block_1_55' title="bbox 2076 2400 3657 2475">
    <p class='ocr_par' dir='ltr' id='par_1_55' title="bbox 2076 2400 3657 2475">
     <span class='ocr_line' id='line_1_55' title="bbox 2076 2400 3657 2475; baseline 0 -19"><span class='ocrx_word' id='word_1_390' title='bbox 2076 2402 2453 2474; x_wconf 82' lang='grc' dir='ltr'>περιγραπτὸν</span> <span class='ocrx_word' id='word_1_391' title='bbox 2484 2400 2583 2474; x_wconf 78' lang='grc' dir='ltr'>ἦνς</span> <span class='ocrx_word' id='word_1_392' title='bbox 2615 2404 2648 2475; x_wconf 76' lang='grc' dir='ltr'><strong>ἢ</strong></span> <span class='ocrx_word' id='word_1_393' title='bbox 2678 2403 2730 2456; x_wconf 88' lang='grc' dir='ltr'><strong>τί</strong></span> <span class='ocrx_word' id='word_1_394' title='bbox 2759 2420 2889 2456; x_wconf 88' lang='grc' dir='ltr'>ποτε</span> <span class='ocrx_word' id='word_1_395' title='bbox 2918 2402 3055 2466; x_wconf 82' lang='grc' dir='ltr'><strong>ὅλως</strong></span> <span class='ocrx_word' id='word_1_396' title='bbox 3081 2405 3108 2456; x_wconf 89' lang='lat'><strong>6</strong></span> <span class='ocrx_word' id='word_1_397' title='bbox 3149 2403 3328 2473; x_wconf 89' lang='grc' dir='ltr'>μέγας</span> <span class='ocrx_word' id='word_1_398' title='bbox 3355 2403 3657 2471; x_wconf 81' lang='grc' dir='ltr'>Στέφανος,</span> 
     </span>
    </p>
   </div>
   <div class='ocr_carea' id='block_1_56' title="bbox 2075 2493 3659 2567">
    <p class='ocr_par' dir='ltr' id='par_1_56' title="bbox 2075 2493 3659 2567">
     <span class='ocr_line' id='line_1_56' title="bbox 2075 2493 3659 2567; baseline -0.002 -19"><span class='ocrx_word' id='word_1_399' title='bbox 2075 2497 2102 2548; x_wconf 84' lang='lat'><strong>6</strong></span> <span class='ocrx_word' id='word_1_400' title='bbox 2130 2498 2185 2548; x_wconf 83' lang='grc' dir='ltr'>ἐν</span> <span class='ocrx_word' id='word_1_401' title='bbox 2222 2495 2460 2567; x_wconf 82' lang='grc' dir='ltr'>μάρτυσι</span> <span class='ocrx_word' id='word_1_402' title='bbox 2495 2494 2801 2565; x_wconf 77' lang='grc' dir='ltr'>πρώτιστός</span> <span class='ocrx_word' id='word_1_403' title='bbox 2836 2511 2895 2547; x_wconf 89' lang='grc' dir='ltr'><strong>τε</strong></span> <span class='ocrx_word' id='word_1_404' title='bbox 2928 2495 3021 2548; x_wconf 73' lang='grc' dir='ltr'><strong>καὶ</strong></span> <span class='ocrx_word' id='word_1_405' title='bbox 3063 2495 3377 2562; x_wconf 84' lang='grc' dir='ltr'>κράτιστος,</span> <span class='ocrx_word' id='word_1_406' title='bbox 3408 2493 3466 2545; x_wconf 81' lang='grc' dir='ltr'>ὲν</span> <span class='ocrx_word' id='word_1_407' title='bbox 3499 2493 3659 2563; x_wconf 84' lang='grc' dir='ltr'>μέσῳ</span> 
     </span>
    </p>
   </div>
   <div class='ocr_carea' id='block_1_57' title="bbox 2074 2583 3657 2657">
    <p class='ocr_par' dir='ltr' id='par_1_57' title="bbox 2074 2583 3657 2657">
     <span class='ocr_line' id='line_1_57' title="bbox 2074 2583 3657 2657; baseline -0.002 -18"><span class='ocrx_word' id='word_1_408' title='bbox 2074 2588 2182 2639; x_wconf 83' lang='grc' dir='ltr'><strong>τῶν</strong></span> <span class='ocrx_word' id='word_1_409' title='bbox 2206 2587 2304 2657; x_wconf 75' lang='grc' dir='ltr'>τῆς</span> <span class='ocrx_word' id='word_1_410' title='bbox 2330 2585 2612 2657; x_wconf 82' lang='grc' dir='ltr'>ἀθλήσεως</span> <span class='ocrx_word' id='word_1_411' title='bbox 2630 2585 2859 2655; x_wconf 78' lang='grc' dir='ltr'>ἀγώνων</span> <span class='ocrx_word' id='word_1_412' title='bbox 2885 2584 2981 2651; x_wconf 81' lang='grc' dir='ltr'>ὢν,</span> <span class='ocrx_word' id='word_1_413' title='bbox 3009 2588 3071 2638; x_wconf 83' lang='grc' dir='ltr'><strong>οὐ</strong></span> <span class='ocrx_word' id='word_1_414' title='bbox 3096 2584 3274 2656; x_wconf 86' lang='grc' dir='ltr'>πολλῷ</span> <span class='ocrx_word' id='word_1_415' title='bbox 3301 2583 3530 2654; x_wconf 75' lang='grc' dir='ltr'>ὕστερον</span> <span class='ocrx_word' id='word_1_416' title='bbox 3554 2584 3657 2653; x_wconf 79' lang='grc' dir='ltr'>τῆς</span> 
     </span>
    </p>
   </div>
   <div class='ocr_carea' id='block_1_58' title="bbox 2074 2674 3658 2749">
    <p class='ocr_par' dir='ltr' id='par_1_58' title="bbox 2074 2674 3658 2749">
     <span class='ocr_line' id='line_1_58' title="bbox 2074 2674 3658 2749; baseline -0.003 -18"><span class='ocrx_word' id='word_1_417' title='bbox 2074 2680 2154 2742; x_wconf 87' lang='grc' dir='ltr'><strong>εἰς</strong></span> <span class='ocrx_word' id='word_1_418' title='bbox 2180 2678 2439 2749; x_wconf 78' lang='grc' dir='ltr'>οὐρανοὺς</span> <span class='ocrx_word' id='word_1_419' title='bbox 2460 2677 2552 2731; x_wconf 75' lang='grc' dir='ltr'>τοῦ</span> <span class='ocrx_word' id='word_1_420' title='bbox 2580 2677 2832 2747; x_wconf 80' lang='grc' dir='ltr'>Σωτῆρος</span> <span class='ocrx_word' id='word_1_421' title='bbox 2857 2676 3070 2741; x_wconf 79' lang='grc' dir='ltr'>ἀνόδου,</span> <span class='ocrx_word' id='word_1_422' title='bbox 3095 2676 3329 2747; x_wconf 76' lang='grc' dir='ltr'>ἑωράκει</span> <span class='ocrx_word' id='word_1_423' title='bbox 3361 2674 3496 2729; x_wconf 82' lang='grc' dir='ltr'>καθὸ</span> <span class='ocrx_word' id='word_1_424' title='bbox 3523 2676 3658 2728; x_wconf 77' lang='grc' dir='ltr'>ἰδεῖν</span> 
     </span>
    </p>
   </div>
   <div class='ocr_carea' id='block_1_59' title="bbox 2075 2766 3657 2841">
    <p class='ocr_par' dir='ltr' id='par_1_59' title="bbox 2075 2766 3657 2841">
     <span class='ocr_line' id='line_1_59' title="bbox 2075 2766 3657 2841; baseline -0.002 -19"><span class='ocrx_word' id='word_1_425' title='bbox 2075 2770 2179 2824; x_wconf 75' lang='grc' dir='ltr'>ἔδει</span> <span class='ocrx_word' id='word_1_426' title='bbox 2206 2770 2301 2823; x_wconf 81' lang='grc' dir='ltr'>τὸν</span> <span class='ocrx_word' id='word_1_427' title='bbox 2333 2770 2429 2840; x_wconf 84' lang='grc' dir='ltr'><strong>τῆς</strong></span> <span class='ocrx_word' id='word_1_428' title='bbox 2458 2769 2793 2841; x_wconf 70' lang='grc' dir='ltr'>τηλικαύτης</span> <span class='ocrx_word' id='word_1_429' title='bbox 2822 2766 3252 2840; x_wconf 84' lang='grc' dir='ltr'>πεπληρωμένον</span> <span class='ocrx_word' id='word_1_430' title='bbox 3283 2767 3532 2838; x_wconf 89' lang='grc' dir='ltr'>χάριτος,</span> <span class='ocrx_word' id='word_1_431' title='bbox 3558 2768 3657 2820; x_wconf 74' lang='grc' dir='ltr'>καὶ</span> 
     </span>
    </p>
   </div>
   <div class='ocr_carea' id='block_1_60' title="bbox 2075 2856 3655 2932">
    <p class='ocr_par' dir='ltr' id='par_1_60' title="bbox 2075 2856 3655 2932">
     <span class='ocr_line' id='line_1_60' title="bbox 2075 2856 3655 2932; baseline -0.001 -19"><span class='ocrx_word' id='word_1_432' title='bbox 2075 2861 2323 2932; x_wconf 82' lang='grc' dir='ltr'>χωρητὸν</span> <span class='ocrx_word' id='word_1_433' title='bbox 2358 2860 2654 2932; x_wconf 74' lang='grc' dir='ltr'>ὑπερφυῶς</span> <span class='ocrx_word' id='word_1_434' title='bbox 2691 2856 2761 2931; x_wconf 84' lang='grc' dir='ltr'>ἦν</span> <span class='ocrx_word' id='word_1_435' title='bbox 2799 2862 2862 2931; x_wconf 79' lang='grc' dir='ltr'>τῇ</span> <span class='ocrx_word' id='word_1_436' title='bbox 2911 2860 3071 2930; x_wconf 76' lang='grc' dir='ltr'>φύσει</span> <span class='ocrx_word' id='word_1_437' title='bbox 3106 2863 3172 2930; x_wconf 82' lang='grc' dir='ltr'>τῇ</span> <span class='ocrx_word' id='word_1_438' title='bbox 3224 2859 3585 2929; x_wconf 69' lang='grc' dir='ltr'>ἀνθρωπείας</span> <span class='ocrx_word' id='word_1_439' title='bbox 3619 2858 3655 2927; x_wconf 79' lang='grc' dir='ltr'>ἢ</span> 
     </span>
    </p>
   </div>
   <div class='ocr_carea' id='block_1_61' title="bbox 2074 2949 3658 3023">
    <p class='ocr_par' dir='ltr' id='par_1_61' title="bbox 2074 2949 3658 3023">
     <span class='ocr_line' id='line_1_61' title="bbox 2074 2949 3658 3023; baseline -0.001 -17"><span class='ocrx_word' id='word_1_440' title='bbox 2074 2952 2193 3023; x_wconf 75' lang='grc' dir='ltr'>οὐχὶ</span> <span class='ocrx_word' id='word_1_441' title='bbox 2222 2954 2281 3006; x_wconf 79' lang='grc' dir='ltr'>ἐν</span> <span class='ocrx_word' id='word_1_442' title='bbox 2310 2953 2443 3005; x_wconf 72' lang='grc' dir='ltr'>εῖδει</span> <span class='ocrx_word' id='word_1_443' title='bbox 2478 2952 2556 3023; x_wconf 81' lang='grc' dir='ltr'>τῷ</span> <span class='ocrx_word' id='word_1_444' title='bbox 2596 2952 2816 3022; x_wconf 78' lang='grc' dir='ltr'>ὀφθέντι</span> <span class='ocrx_word' id='word_1_445' title='bbox 2849 2953 2942 3004; x_wconf 78' lang='grc' dir='ltr'>ἐπὶ</span> <span class='ocrx_word' id='word_1_446' title='bbox 2966 2952 3070 3022; x_wconf 81' lang='grc' dir='ltr'>γῆς</span> <span class='ocrx_word' id='word_1_447' title='bbox 3111 2951 3236 3005; x_wconf 83' lang='grc' dir='ltr'>καθ’</span> <span class='ocrx_word' id='word_1_448' title='bbox 3265 2951 3434 3022; x_wconf 79' lang='grc' dir='ltr'>ἡμᾶς,</span> <span class='ocrx_word' id='word_1_449' title='bbox 3464 2949 3559 3003; x_wconf 79' lang='grc' dir='ltr'><strong>τὸν</strong></span> <span class='ocrx_word' id='word_1_450' title='bbox 3588 2951 3658 3004; x_wconf 76' lang='grc' dir='ltr'>ἐκ</span> 
     </span>
    </p>
   </div>
   <div class='ocr_carea' id='block_1_62' title="bbox 2074 3040 3657 3114">
    <p class='ocr_par' dir='ltr' id='par_1_62' title="bbox 2074 3040 3657 3114">
     <span class='ocr_line' id='line_1_62' title="bbox 2074 3040 3657 3114; baseline -0.002 -19"><span class='ocrx_word' id='word_1_451' title='bbox 2074 3043 2264 3108; x_wconf 80' lang='grc' dir='ltr'>δεξιῶν</span> <span class='ocrx_word' id='word_1_452' title='bbox 2301 3044 2400 3114; x_wconf 78' lang='grc' dir='ltr'>τῆς</span> <span class='ocrx_word' id='word_1_453' title='bbox 2442 3044 2717 3113; x_wconf 86' lang='grc' dir='ltr'>πατρικῆς</span> <span class='ocrx_word' id='word_1_454' title='bbox 2762 3042 2918 3112; x_wconf 81' lang='grc' dir='ltr'>δόξης</span> <span class='ocrx_word' id='word_1_455' title='bbox 2948 3042 3161 3096; x_wconf 77' lang='grc' dir='ltr'>ἑστῶτα</span> <span class='ocrx_word' id='word_1_456' title='bbox 3193 3041 3501 3112; x_wconf 83' lang='grc' dir='ltr'>θεώμενος;</span> <span class='ocrx_word' id='word_1_457' title='bbox 3536 3040 3657 3104; x_wconf 85' lang='grc' dir='ltr'><strong>πῶς</strong></span> 
     </span>
    </p>
   </div>
   <div class='ocr_carea' id='block_1_63' title="bbox 401 3127 1974 3206">
    <p class='ocr_par' dir='ltr' id='par_1_63' title="bbox 401 3131 1971 3206">
     <span class='ocr_line' id='line_1_63' title="bbox 401 3131 1971 3206; baseline 0.007 -25"><span class='ocrx_word' id='word_1_458' title='bbox 401 3131 626 3182; x_wconf 78' lang='lat' dir='ltr'><strong>dextera</strong></span> <span class='ocrx_word' id='word_1_459' title='bbox 680 3141 923 3198; x_wconf 70' lang='lat' dir='ltr'><strong>paterna-</strong></span> <span class='ocrx_word' id='word_1_460' title='bbox 972 3134 1159 3202; x_wconf 76' lang='lat' dir='ltr'><strong>gloria:</strong></span> <span class='ocrx_word' id='word_1_461' title='bbox 1190 3144 1422 3188; x_wconf 87' lang='lat' dir='ltr'><strong>stantem</strong></span> <span class='ocrx_word' id='word_1_462' title='bbox 1472 3138 1772 3206; x_wconf 77' lang='lat' dir='ltr'><strong>spectavit?</strong></span> <span class='ocrx_word' id='word_1_463' title='bbox 1804 3137 1971 3193; x_wconf 85' lang='lat' dir='ltr'><strong>Secus</strong></span> 
     </span>
    </p>
   </div>
   <div class='ocr_carea' id='block_1_64' title="bbox 2080 3127 3656 3206">
    <p class='ocr_par' dir='ltr' id='par_1_64' title="bbox 2080 3131 3656 3203">
     <span class='ocr_line' id='line_1_64' title="bbox 2080 3131 3656 3203; baseline -0.001 -18"><span class='ocrx_word' id='word_1_464' title='bbox 2080 3134 2183 3202; x_wconf 77' lang='grc' dir='ltr'><strong>γάρ</strong></span> <span class='ocrx_word' id='word_1_465' title='bbox 2236 3131 2386 3203; x_wconf 80' lang='grc' dir='ltr'>αὐτῷ</span> <span class='ocrx_word' id='word_1_466' title='bbox 2448 3132 2578 3203; x_wconf 79' lang='grc' dir='ltr'>ἐξῆν</span> <span class='ocrx_word' id='word_1_467' title='bbox 2631 3133 2854 3202; x_wconf 86' lang='grc' dir='ltr'>λέγειν·</span> <span class='ocrx_word' id='word_1_468' title='bbox 2910 3151 2929 3184; x_wconf 85' lang='grc' dir='ltr'><strong>ι</strong></span> <span class='ocrx_word' id='word_1_469' title='bbox 2964 3131 3167 3203; x_wconf 84' lang='grc' dir='ltr'>Θεωρῶ</span> <span class='ocrx_word' id='word_1_470' title='bbox 3212 3132 3337 3194; x_wconf 73' lang='grc' dir='ltr'>τοὺς</span> <span class='ocrx_word' id='word_1_471' title='bbox 3384 3131 3656 3203; x_wconf 77' lang='grc' dir='ltr'>οὒρανοὺς</span> 
     </span>
    </p>
   </div>
   <div class='ocr_carea' id='block_1_65' title="bbox 399 3221 1970 3295">
    <p class='ocr_par' dir='ltr' id='par_1_65' title="bbox 399 3221 1970 3295">
     <span class='ocr_line' id='line_1_65' title="bbox 399 3221 1970 3295; baseline 0.006 -22"><span class='ocrx_word' id='word_1_472' title='bbox 399 3221 544 3273; x_wconf 86' lang='lat' dir='ltr'><strong>enim</strong></span> <span class='ocrx_word' id='word_1_473' title='bbox 581 3221 675 3288; x_wconf 85' lang='lat' dir='ltr'><strong>qui</strong></span> <span class='ocrx_word' id='word_1_474' title='bbox 715 3221 899 3277; x_wconf 84' lang='lat' dir='ltr'><strong>dicere</strong></span> <span class='ocrx_word' id='word_1_475' title='bbox 936 3225 1199 3293; x_wconf 88' lang='lat' dir='ltr'><strong>potuisset</strong></span> <span class='ocrx_word' id='word_1_476' title='bbox 1235 3242 1248 3278; x_wconf 91' lang='lat'><strong>:</strong></span> <span class='ocrx_word' id='word_1_477' title='bbox 1296 3224 1456 3280; x_wconf 78' lang='lat' dir='ltr'><strong>Video</strong></span> <span class='ocrx_word' id='word_1_478' title='bbox 1487 3227 1639 3281; x_wconf 71' lang='lat' dir='ltr'><strong>mlas</strong></span> <span class='ocrx_word' id='word_1_479' title='bbox 1662 3238 1889 3295; x_wconf 80' lang='lat' dir='ltr'><strong>apertos,</strong></span> <span class='ocrx_word' id='word_1_480' title='bbox 1923 3238 1970 3282; x_wconf 70' lang='lat' dir='ltr'><strong>et</strong></span> 
     </span>
    </p>
   </div>
   <div class='ocr_carea' id='block_1_66' title="bbox 400 3311 1968 3375">
    <p class='ocr_par' dir='ltr' id='par_1_66' title="bbox 400 3311 1968 3375">
     <span class='ocr_line' id='line_1_66' title="bbox 400 3311 1968 3375; baseline 0.008 -12"><span class='ocrx_word' id='word_1_481' title='bbox 400 3311 604 3366; x_wconf 68' lang='lat' dir='ltr'><strong>Filium</strong></span> <span class='ocrx_word' id='word_1_482' title='bbox 656 3315 886 3369; x_wconf 73' lang='lat' dir='ltr'><strong>hominis</strong></span> <span class='ocrx_word' id='word_1_483' title='bbox 935 3326 1158 3371; x_wconf 79' lang='lat' dir='ltr'><strong>stantem</strong></span> <span class='ocrx_word' id='word_1_484' title='bbox 1190 3335 1221 3370; x_wconf 82' lang='grc' dir='ltr'><strong>α</strong></span> <span class='ocrx_word' id='word_1_485' title='bbox 1250 3319 1447 3371; x_wconf 70' lang='lat' dir='ltr'><strong>dextris</strong></span> <span class='ocrx_word' id='word_1_486' title='bbox 1508 3319 1603 3373; x_wconf 77' lang='lat' dir='ltr'><strong>Dei</strong></span> <span class='ocrx_word' id='word_1_487' title='bbox 1649 3320 1733 3373; x_wconf 69' lang='grc'><strong>³⁸2</strong></span> <span class='ocrx_word' id='word_1_488' title='bbox 1790 3320 1911 3375; x_wconf 71' lang='lat' dir='ltr'><strong>Hazc</strong></span> <span class='ocrx_word' id='word_1_489' title='bbox 1941 3336 1968 3375; x_wconf 87' lang='lat' dir='ltr'><strong>a</strong></span> 
     </span>
    </p>
   </div>
   <div class='ocr_carea' id='block_1_67' title="bbox 399 3405 1971 3476">
    <p class='ocr_par' dir='ltr' id='par_1_67' title="bbox 399 3405 1971 3476">
     <span class='ocr_line' id='line_1_67' title="bbox 399 3405 1971 3476; baseline 0.005 -20"><span class='ocrx_word' id='word_1_490' title='bbox 399 3405 648 3458; x_wconf 81' lang='lat' dir='ltr'><strong>divorqu</strong></span> <span class='ocrx_word' id='word_1_491' title='bbox 695 3421 911 3476; x_wconf 88' lang='lat' dir='ltr'><strong>quoqtte</strong></span> <span class='ocrx_word' id='word_1_492' title='bbox 960 3408 1179 3463; x_wconf 84' lang='lat' dir='ltr'><strong>Patrum</strong></span> <span class='ocrx_word' id='word_1_493' title='bbox 1222 3409 1510 3464; x_wconf 80' lang='lat' dir='ltr'><strong>manifeste</strong></span> <span class='ocrx_word' id='word_1_494' title='bbox 1542 3411 1797 3466; x_wconf 81' lang='lat' dir='ltr'><strong>docemur</strong></span> <span class='ocrx_word' id='word_1_495' title='bbox 1846 3428 1971 3467; x_wconf 85' lang='lat' dir='ltr'><strong>sen-</strong></span> 
     </span>
    </p>
   </div>
   <div class='ocr_carea' id='block_1_68' title="bbox 402 3498 1971 3571">
    <p class='ocr_par' dir='ltr' id='par_1_68' title="bbox 402 3498 1971 3571">
     <span class='ocr_line' id='line_1_68' title="bbox 402 3498 1971 3571; baseline 0.006 -21"><span class='ocrx_word' id='word_1_496' title='bbox 402 3498 607 3563; x_wconf 88' lang='lat' dir='ltr'><strong>tentiis,</strong></span> <span class='ocrx_word' id='word_1_497' title='bbox 638 3516 772 3568; x_wconf 86' lang='lat' dir='ltr'><strong>qnas</strong></span> <span class='ocrx_word' id='word_1_498' title='bbox 824 3516 1011 3571; x_wconf 69' lang='lat' dir='ltr'><strong>puswa</strong></span> <span class='ocrx_word' id='word_1_499' title='bbox 1046 3502 1427 3569; x_wconf 86' lang='lat' dir='ltr'><strong>reeitabimus;</strong></span> <span class='ocrx_word' id='word_1_500' title='bbox 1473 3504 1685 3558; x_wconf 88' lang='lat' dir='ltr'><strong>etiamsi</strong></span> <span class='ocrx_word' id='word_1_501' title='bbox 1729 3505 1971 3560; x_wconf 79' lang='lat' dir='ltr'><strong>veritatis</strong></span> 
     </span>
    </p>
   </div>
   <div class='ocr_carea' id='block_1_69' title="bbox 399 3590 1967 3664">
    <p class='ocr_par' dir='ltr' id='par_1_69' title="bbox 399 3590 1967 3664">
     <span class='ocr_line' id='line_1_69' title="bbox 399 3590 1967 3664; baseline 0.006 -21"><span class='ocrx_word' id='word_1_502' title='bbox 399 3590 786 3662; x_wconf 79' lang='lat' dir='ltr'><strong>Evangeliique</strong></span> <span class='ocrx_word' id='word_1_503' title='bbox 819 3596 1216 3651; x_wconf 84' lang='lat' dir='ltr'><strong>conviciatores</strong></span> <span class='ocrx_word' id='word_1_504' title='bbox 1244 3597 1575 3664; x_wconf 88' lang='lat' dir='ltr'><strong>discredent,</strong></span> <span class='ocrx_word' id='word_1_505' title='bbox 1610 3607 1665 3651; x_wconf 90' lang='lat' dir='ltr'><strong>et</strong></span> <span class='ocrx_word' id='word_1_506' title='bbox 1690 3595 1967 3653; x_wconf 86' lang='lat' dir='ltr'><strong>Christum</strong></span> 
     </span>
    </p>
   </div>
   <div class='ocr_carea' id='block_1_70' title="bbox 398 3684 1972 3755">
    <p class='ocr_par' dir='ltr' id='par_1_70' title="bbox 398 3684 1972 3755">
     <span class='ocr_line' id='line_1_70' title="bbox 398 3684 1972 3755; baseline 0.005 -21"><span class='ocrx_word' id='word_1_507' title='bbox 398 3684 575 3749; x_wconf 83' lang='lat' dir='ltr'><strong>ipsum</strong></span> <span class='ocrx_word' id='word_1_508' title='bbox 597 3686 982 3752; x_wconf 79' lang='lat' dir='ltr'><strong>prapetnodum</strong></span> <span class='ocrx_word' id='word_1_509' title='bbox 1007 3687 1301 3755; x_wconf 79' lang='lat' dir='ltr'><strong>cxpellent,</strong></span> <span class='ocrx_word' id='word_1_510' title='bbox 1337 3704 1553 3743; x_wconf 84' lang='lat' dir='ltr'><strong>camem</strong></span> <span class='ocrx_word' id='word_1_511' title='bbox 1583 3698 1637 3743; x_wconf 89' lang='lat' dir='ltr'><strong>et</strong></span> <span class='ocrx_word' id='word_1_512' title='bbox 1658 3704 1779 3743; x_wconf 84' lang='lat' dir='ltr'><strong>ossa</strong></span> <span class='ocrx_word' id='word_1_513' title='bbox 1806 3690 1972 3744; x_wconf 80' lang='lat' dir='ltr'><strong>disci-</strong></span> 
     </span>
    </p>
   </div>
   <div class='ocr_carea' id='block_1_71' title="bbox 398 3776 1971 3850">
    <p class='ocr_par' dir='ltr' id='par_1_71' title="bbox 398 3776 1971 3850">
     <span class='ocr_line' id='line_1_71' title="bbox 398 3776 1971 3850; baseline 0.004 -22"><span class='ocrx_word' id='word_1_514' title='bbox 398 3776 544 3843; x_wconf 84' lang='lat' dir='ltr'><strong>pulis</strong></span> <span class='ocrx_word' id='word_1_515' title='bbox 573 3786 962 3843; x_wconf 84' lang='lat' dir='ltr'><strong>ostentantem,</strong></span> <span class='ocrx_word' id='word_1_516' title='bbox 1019 3790 1303 3850; x_wconf 85' lang='lat' dir='ltr'><strong>propterea</strong></span> <span class='ocrx_word' id='word_1_517' title='bbox 1348 3781 1490 3847; x_wconf 88' lang='lat' dir='ltr'><strong>quod</strong></span> <span class='ocrx_word' id='word_1_518' title='bbox 1540 3780 1614 3835; x_wconf 92' lang='lat' dir='ltr'><strong>illi</strong></span> <span class='ocrx_word' id='word_1_519' title='bbox 1646 3781 1971 3835; x_wconf 86' lang='lat' dir='ltr'><strong>videbantur</strong></span> 
     </span>
    </p>
   </div>
   <div class='ocr_carea' id='block_1_72' title="bbox 399 3867 1972 3942">
    <p class='ocr_par' dir='ltr' id='par_1_72' title="bbox 399 3867 1972 3942">
     <span class='ocr_line' id='line_1_72' title="bbox 399 3867 1972 3942; baseline 0.004 -20"><span class='ocrx_word' id='word_1_520' title='bbox 399 3867 505 3922; x_wconf 83' lang='lat' dir='ltr'><strong>sibi</strong></span> <span class='ocrx_word' id='word_1_521' title='bbox 539 3869 789 3939; x_wconf 87' lang='lat' dir='ltr'><strong>spiritum</strong></span> <span class='ocrx_word' id='word_1_522' title='bbox 824 3885 1077 3937; x_wconf 88' lang='lat' dir='ltr'><strong>cernere;</strong></span> <span class='ocrx_word' id='word_1_523' title='bbox 1125 3882 1180 3927; x_wconf 89' lang='lat' dir='ltr'><strong>et</strong></span> <span class='ocrx_word' id='word_1_524' title='bbox 1212 3873 1326 3927; x_wconf 69' lang='lat' dir='ltr'><strong>haec</strong></span> <span class='ocrx_word' id='word_1_525' title='bbox 1354 3873 1534 3928; x_wconf 88' lang='lat' dir='ltr'><strong>omnia</strong></span> <span class='ocrx_word' id='word_1_526' title='bbox 1571 3884 1727 3927; x_wconf 80' lang='lat' dir='ltr'><strong>extra</strong></span> <span class='ocrx_word' id='word_1_527' title='bbox 1772 3887 1972 3942; x_wconf 88' lang='lat' dir='ltr'><strong>corpus</strong></span> 
     </span>
    </p>
   </div>
   <div class='ocr_carea' id='block_1_73' title="bbox 399 3961 1967 4033">
    <p class='ocr_par' dir='ltr' id='par_1_73' title="bbox 399 3961 1967 4033">
     <span class='ocr_line' id='line_1_73' title="bbox 399 3961 1967 4033; baseline 0.003 -21"><span class='ocrx_word' id='word_1_528' title='bbox 399 3961 540 4014; x_wconf 82' lang='lat' dir='ltr'><strong>facta</strong></span> <span class='ocrx_word' id='word_1_529' title='bbox 574 3975 697 4016; x_wconf 87' lang='lat' dir='ltr'><strong>esse</strong></span> <span class='ocrx_word' id='word_1_530' title='bbox 727 3963 1013 4033; x_wconf 86' lang='lat' dir='ltr'><strong>putabunt.</strong></span> <span class='ocrx_word' id='word_1_531' title='bbox 1036 3964 1141 4020; x_wconf 89' lang='lat' dir='ltr'><strong>Sed</strong></span> <span class='ocrx_word' id='word_1_532' title='bbox 1168 3980 1291 4030; x_wconf 89' lang='lat' dir='ltr'><strong>nos,</strong></span> <span class='ocrx_word' id='word_1_533' title='bbox 1327 3980 1506 4020; x_wconf 89' lang='lat' dir='ltr'><strong>rerum</strong></span> <span class='ocrx_word' id='word_1_534' title='bbox 1538 3967 1733 4021; x_wconf 88' lang='lat' dir='ltr'><strong>harum</strong></span> <span class='ocrx_word' id='word_1_535' title='bbox 1765 3967 1967 4020; x_wconf 81' lang='lat' dir='ltr'><strong>verita-</strong></span> 
     </span>
    </p>
   </div>
   <div class='ocr_carea' id='block_1_74' title="bbox 400 4054 1972 4128">
    <p class='ocr_par' dir='ltr' id='par_1_74' title="bbox 400 4054 1972 4128">
     <span class='ocr_line' id='line_1_74' title="bbox 400 4054 1972 4128; baseline 0.004 -23"><span class='ocrx_word' id='word_1_536' title='bbox 400 4064 506 4107; x_wconf 87' lang='lat' dir='ltr'><strong>tem</strong></span> <span class='ocrx_word' id='word_1_537' title='bbox 567 4054 947 4123; x_wconf 64' lang='lat' dir='ltr'><strong>praedicantes,</strong></span> <span class='ocrx_word' id='word_1_538' title='bbox 977 4056 1229 4121; x_wconf 90' lang='lat' dir='ltr'><strong>dicimus,</strong></span> <span class='ocrx_word' id='word_1_539' title='bbox 1293 4055 1568 4113; x_wconf 85' lang='lat' dir='ltr'><strong>Christum</strong></span> <span class='ocrx_word' id='word_1_540' title='bbox 1618 4071 1722 4128; x_wconf 90' lang='lat' dir='ltr'><strong>qua</strong></span> <span class='ocrx_word' id='word_1_541' title='bbox 1764 4059 1972 4113; x_wconf 84' lang='lat' dir='ltr'><strong>ratione</strong></span> 
     </span>
    </p>
   </div>
   <div class='ocr_carea' id='block_1_75' title="bbox 397 4144 1970 4218">
    <p class='ocr_par' dir='ltr' id='par_1_75' title="bbox 397 4144 1970 4218">
     <span class='ocr_line' id='line_1_75' title="bbox 397 4144 1970 4218; baseline 0.002 -21"><span class='ocrx_word' id='word_1_542' title='bbox 397 4144 902 4207; x_wconf 85' lang='lat' dir='ltr'><strong>condescensionis,</strong></span> <span class='ocrx_word' id='word_1_543' title='bbox 972 4148 1411 4202; x_wconf 81' lang='lat' dir='ltr'><strong>lmmanationem</strong></span> <span class='ocrx_word' id='word_1_544' title='bbox 1477 4149 1706 4218; x_wconf 81' lang='lat' dir='ltr'><strong>peregit,</strong></span> <span class='ocrx_word' id='word_1_545' title='bbox 1782 4151 1970 4202; x_wconf 85' lang='lat' dir='ltr'><strong>eadem</strong></span> 
     </span>
    </p>
   </div>
   <div class='ocr_carea' id='block_1_76' title="bbox 396 4237 1973 4303">
    <p class='ocr_par' dir='ltr' id='par_1_76' title="bbox 396 4237 1973 4303">
     <span class='ocr_line' id='line_1_76' title="bbox 396 4237 1973 4303; baseline 0.004 -16"><span class='ocrx_word' id='word_1_546' title='bbox 396 4237 604 4303; x_wconf 88' lang='lat' dir='ltr'><strong>pariter</strong></span> <span class='ocrx_word' id='word_1_547' title='bbox 625 4237 1030 4302; x_wconf 83' lang='lat' dir='ltr'><strong>circumscribi,</strong></span> <span class='ocrx_word' id='word_1_548' title='bbox 1061 4247 1203 4294; x_wconf 85' lang='lat' dir='ltr'><strong>utex</strong></span> <span class='ocrx_word' id='word_1_549' title='bbox 1234 4239 1350 4291; x_wconf 83' lang='lat' dir='ltr'><strong>visu</strong></span> <span class='ocrx_word' id='word_1_550' title='bbox 1379 4241 1542 4294; x_wconf 88' lang='lat' dir='ltr'><strong>etiam</strong></span> <span class='ocrx_word' id='word_1_551' title='bbox 1577 4241 1777 4295; x_wconf 83' lang='lat' dir='ltr'><strong>veritas</strong></span> <span class='ocrx_word' id='word_1_552' title='bbox 1816 4241 1973 4294; x_wconf 88' lang='lat' dir='ltr'><strong>nobis</strong></span> 
     </span>
    </p>
   </div>
   <div class='ocr_carea' id='block_1_77' title="bbox 397 4329 780 4384">
    <p class='ocr_par' dir='ltr' id='par_1_77' title="bbox 397 4329 780 4384">
     <span class='ocr_line' id='line_1_77' title="bbox 397 4329 780 4384; baseline 0.005 -4"><span class='ocrx_word' id='word_1_553' title='bbox 397 4329 780 4384; x_wconf 79' lang='lat' dir='ltr'><strong>innotescerct.</strong></span> 
     </span>
    </p>
   </div>
   <div class='ocr_carea' id='block_1_78' title="bbox 469 4417 1966 4493">
    <p class='ocr_par' dir='ltr' id='par_1_78' title="bbox 469 4417 1966 4493">
     <span class='ocr_line' id='line_1_78' title="bbox 469 4417 1966 4493; baseline 0.003 -20"><span class='ocrx_word' id='word_1_554' title='bbox 469 4418 561 4474; x_wconf 75' lang='lat'><strong>59.</strong></span> <span class='ocrx_word' id='word_1_555' title='bbox 600 4417 879 4484; x_wconf 86' lang='lat' dir='ltr'><strong>Quomodo</strong></span> <span class='ocrx_word' id='word_1_556' title='bbox 935 4418 1223 4493; x_wconf 57' lang='lat' dir='ltr'><strong>ergo&#39;alia</strong></span> <span class='ocrx_word' id='word_1_557' title='bbox 1283 4418 1499 4488; x_wconf 86' lang='lat' dir='ltr'><strong>quidem</strong></span> <span class='ocrx_word' id='word_1_558' title='bbox 1560 4431 1764 4475; x_wconf 88' lang='lat' dir='ltr'><strong>mutata</strong></span> <span class='ocrx_word' id='word_1_559' title='bbox 1821 4433 1966 4486; x_wconf 91' lang='lat' dir='ltr'><strong>sunt,</strong></span> 
     </span>
    </p>
   </div>
   <div class='ocr_carea' id='block_1_79' title="bbox 400 4508 1970 4580">
    <p class='ocr_par' dir='ltr' id='par_1_79' title="bbox 400 4508 1970 4580">
     <span class='ocr_line' id='line_1_79' title="bbox 400 4508 1970 4580; baseline 0.004 -19"><span class='ocrx_word' id='word_1_560' title='bbox 400 4524 523 4562; x_wconf 79' lang='lat' dir='ltr'><strong>Imm</strong></span> <span class='ocrx_word' id='word_1_561' title='bbox 585 4508 812 4575; x_wconf 79' lang='lat' dir='ltr'><strong>mortale</strong></span> <span class='ocrx_word' id='word_1_562' title='bbox 858 4508 1057 4562; x_wconf 81' lang='lat' dir='ltr'><strong>factum</strong></span> <span class='ocrx_word' id='word_1_563' title='bbox 1108 4517 1190 4561; x_wconf 88' lang='lat' dir='ltr'><strong>est</strong></span> <span class='ocrx_word' id='word_1_564' title='bbox 1243 4508 1579 4575; x_wconf 79' lang='lat' dir='ltr'><strong>immortale,</strong></span> <span class='ocrx_word' id='word_1_565' title='bbox 1620 4512 1970 4580; x_wconf 87' lang='lat' dir='ltr'><strong>corruptibile</strong></span> 
     </span>
    </p>
   </div>
   <div class='ocr_carea' id='block_1_80' title="bbox 401 4585 1971 4670">
    <p class='ocr_par' dir='ltr' id='par_1_80' title="bbox 401 4585 1971 4670">
     <span class='ocr_line' id='line_1_80' title="bbox 401 4585 1971 4670; baseline 0.003 -22"><span class='ocrx_word' id='word_1_566' title='bbox 401 4597 656 4666; x_wconf 84' lang='lat' dir='ltr'><strong>apparuit</strong></span> <span class='ocrx_word' id='word_1_567' title='bbox 702 4585 1136 4665; x_wconf 85' lang='lat' dir='ltr'><strong>incorruptibile,</strong></span> <span class='ocrx_word' id='word_1_568' title='bbox 1173 4596 1429 4666; x_wconf 88' lang='lat' dir='ltr'><strong>passibile</strong></span> <span class='ocrx_word' id='word_1_569' title='bbox 1470 4601 1535 4653; x_wconf 91' lang='lat' dir='ltr'><strong>ad</strong></span> <span class='ocrx_word' id='word_1_570' title='bbox 1565 4600 1971 4670; x_wconf 86' lang='lat' dir='ltr'><strong>impassibilita-</strong></span> 
     </span>
    </p>
   </div>
   <div class='ocr_carea' id='block_1_81' title="bbox 401 4687 1970 4761">
    <p class='ocr_par' dir='ltr' id='par_1_81' title="bbox 401 4687 1970 4761">
     <span class='ocr_line' id='line_1_81' title="bbox 401 4687 1970 4761; baseline 0.004 -22"><span class='ocrx_word' id='word_1_571' title='bbox 401 4700 509 4742; x_wconf 86' lang='lat' dir='ltr'><strong>tem</strong></span> <span class='ocrx_word' id='word_1_572' title='bbox 530 4687 771 4751; x_wconf 87' lang='lat' dir='ltr'><strong>transiit,</strong></span> <span class='ocrx_word' id='word_1_573' title='bbox 790 4687 1266 4758; x_wconf 90' lang='lat' dir='ltr'><strong>circumscriptum</strong></span> <span class='ocrx_word' id='word_1_574' title='bbox 1294 4702 1421 4744; x_wconf 84' lang='lat' dir='ltr'><strong>vero</strong></span> <span class='ocrx_word' id='word_1_575' title='bbox 1444 4689 1522 4761; x_wconf 89' lang='lat' dir='ltr'><strong>(ut</strong></span> <span class='ocrx_word' id='word_1_576' title='bbox 1544 4692 1715 4761; x_wconf 86' lang='lat' dir='ltr'><strong>aiunt)</strong></span> <span class='ocrx_word' id='word_1_577' title='bbox 1764 4708 1866 4745; x_wconf 92' lang='lat' dir='ltr'><strong>non</strong></span> <span class='ocrx_word' id='word_1_578' title='bbox 1889 4704 1970 4746; x_wconf 90' lang='lat' dir='ltr'><strong>est</strong></span> 
     </span>
    </p>
   </div>
   <div class='ocr_carea' id='block_1_82' title="bbox 400 4779 1965 4851">
    <p class='ocr_par' dir='ltr' id='par_1_82' title="bbox 400 4779 1965 4851">
     <span class='ocr_line' id='line_1_82' title="bbox 400 4779 1965 4851; baseline 0.002 -18"><span class='ocrx_word' id='word_1_579' title='bbox 400 4782 423 4833; x_wconf 72' lang='grc' dir='ltr'><strong>ί</strong></span> <span class='ocrx_word' id='word_1_580' title='bbox 424 4788 603 4835; x_wconf 85' lang='lat' dir='ltr'><strong>actum</strong></span> <span class='ocrx_word' id='word_1_581' title='bbox 623 4779 1183 4849; x_wconf 84' lang='lat' dir='ltr'><strong>incircumscriplum?</strong></span> <span class='ocrx_word' id='word_1_582' title='bbox 1202 4780 1438 4836; x_wconf 90' lang='lat' dir='ltr'><strong>Dicimus</strong></span> <span class='ocrx_word' id='word_1_583' title='bbox 1456 4782 1640 4851; x_wconf 89' lang='lat' dir='ltr'><strong>itaque</strong></span> <span class='ocrx_word' id='word_1_584' title='bbox 1652 4783 1965 4839; x_wconf 88' lang='lat' dir='ltr'><strong>Creatorem</strong></span> 
     </span>
    </p>
   </div>
   <div class='ocr_carea' id='block_1_83' title="bbox 399 4872 1966 4929">
    <p class='ocr_par' dir='ltr' id='par_1_83' title="bbox 399 4872 1966 4929">
     <span class='ocr_line' id='line_1_83' title="bbox 399 4872 1966 4929; baseline 0.002 -5"><span class='ocrx_word' id='word_1_585' title='bbox 399 4872 468 4927; x_wconf 82' lang='lat' dir='ltr'><strong>ab</strong></span> <span class='ocrx_word' id='word_1_586' title='bbox 500 4872 655 4926; x_wconf 93' lang='lat' dir='ltr'><strong>initio</strong></span> <span class='ocrx_word' id='word_1_587' title='bbox 689 4886 775 4926; x_wconf 90' lang='lat' dir='ltr'><strong>res</strong></span> <span class='ocrx_word' id='word_1_588' title='bbox 813 4872 1060 4927; x_wconf 76' lang='lat' dir='ltr'><strong>humana:</strong></span> <span class='ocrx_word' id='word_1_589' title='bbox 1113 4881 1319 4926; x_wconf 72' lang='lat' dir='ltr'><strong>natum</strong></span> <span class='ocrx_word' id='word_1_590' title='bbox 1363 4872 1522 4928; x_wconf 90' lang='lat' dir='ltr'><strong>simul</strong></span> <span class='ocrx_word' id='word_1_591' title='bbox 1555 4874 1859 4929; x_wconf 88' lang='lat' dir='ltr'><strong>condidisse</strong></span> <span class='ocrx_word' id='word_1_592' title='bbox 1913 4883 1966 4928; x_wconf 89' lang='lat' dir='ltr'><strong>et</strong></span> 
     </span>
    </p>
   </div>
   <div class='ocr_carea' id='block_1_84' title="bbox 398 4963 1961 5036">
    <p class='ocr_par' dir='ltr' id='par_1_84' title="bbox 398 4963 1961 5036">
     <span class='ocr_line' id='line_1_84' title="bbox 398 4963 1961 5036; baseline 0.003 -19"><span class='ocrx_word' id='word_1_593' title='bbox 398 4965 790 5036; x_wconf 83' lang='lat' dir='ltr'><strong>composuisse,</strong></span> <span class='ocrx_word' id='word_1_594' title='bbox 825 4966 985 5019; x_wconf 90' lang='lat' dir='ltr'><strong>veluti</strong></span> <span class='ocrx_word' id='word_1_595' title='bbox 1016 4963 1431 5020; x_wconf 83' lang='lat' dir='ltr'><strong>intellectualem</strong></span> <span class='ocrx_word' id='word_1_596' title='bbox 1464 4966 1595 5031; x_wconf 88' lang='lat' dir='ltr'><strong>vim,</strong></span> <span class='ocrx_word' id='word_1_597' title='bbox 1618 4967 1961 5032; x_wconf 87' lang='lat' dir='ltr'><strong>rationalem,</strong></span> 
     </span>
    </p>
   </div>
   <div class='ocr_carea' id='block_1_85' title="bbox 399 5055 1967 5127">
    <p class='ocr_par' dir='ltr' id='par_1_85' title="bbox 399 5055 1967 5127">
     <span class='ocr_line' id='line_1_85' title="bbox 399 5055 1967 5127; baseline 0.003 -18"><span class='ocrx_word' id='word_1_598' title='bbox 399 5055 728 5120; x_wconf 81' lang='lat' dir='ltr'><strong>sensualem,</strong></span> <span class='ocrx_word' id='word_1_599' title='bbox 778 5055 1293 5125; x_wconf 85' lang='lat' dir='ltr'><strong>concupiscibllcm,</strong></span> <span class='ocrx_word' id='word_1_600' title='bbox 1328 5066 1382 5110; x_wconf 90' lang='lat' dir='ltr'><strong>et</strong></span> <span class='ocrx_word' id='word_1_601' title='bbox 1434 5058 1575 5125; x_wconf 89' lang='lat' dir='ltr'><strong>quod</strong></span> <span class='ocrx_word' id='word_1_602' title='bbox 1624 5060 1967 5127; x_wconf 65' lang='lat' dir='ltr'><strong>praestantius</strong></span> 
     </span>
    </p>
   </div>
   <div class='ocr_carea' id='block_1_86' title="bbox 400 5148 1971 5217">
    <p class='ocr_par' dir='ltr' id='par_1_86' title="bbox 400 5148 1971 5217">
     <span class='ocr_line' id='line_1_86' title="bbox 400 5148 1971 5217; baseline 0.001 -14"><span class='ocrx_word' id='word_1_603' title='bbox 400 5150 599 5203; x_wconf 82' lang='lat' dir='ltr'><strong>dicitur</strong></span> <span class='ocrx_word' id='word_1_604' title='bbox 631 5149 857 5204; x_wconf 87' lang='lat' dir='ltr'><strong>liberum</strong></span> <span class='ocrx_word' id='word_1_605' title='bbox 897 5148 1204 5213; x_wconf 84' lang='lat' dir='ltr'><strong>arbitrium,</strong></span> <span class='ocrx_word' id='word_1_606' title='bbox 1248 5157 1302 5201; x_wconf 89' lang='lat' dir='ltr'><strong>et</strong></span> <span class='ocrx_word' id='word_1_607' title='bbox 1330 5148 1373 5202; x_wconf 91' lang='lat' dir='ltr'><strong>si</strong></span> <span class='ocrx_word' id='word_1_608' title='bbox 1406 5148 1537 5217; x_wconf 89' lang='lat' dir='ltr'><strong>quid</strong></span> <span class='ocrx_word' id='word_1_609' title='bbox 1590 5148 1735 5202; x_wconf 88' lang='lat' dir='ltr'><strong>aliud</strong></span> <span class='ocrx_word' id='word_1_610' title='bbox 1762 5159 1842 5204; x_wconf 85' lang='lat' dir='ltr'><strong>est</strong></span> <span class='ocrx_word' id='word_1_611' title='bbox 1872 5152 1971 5205; x_wconf 87' lang='lat' dir='ltr'><strong>hu-</strong></span> 
     </span>
    </p>
   </div>
   <div class='ocr_carea' id='block_1_87' title="bbox 397 5240 1974 5310">
    <p class='ocr_par' dir='ltr' id='par_1_87' title="bbox 397 5240 1974 5310">
     <span class='ocr_line' id='line_1_87' title="bbox 397 5240 1974 5310; baseline 0.001 -16"><span class='ocrx_word' id='word_1_612' title='bbox 397 5242 653 5296; x_wconf 76' lang='lat' dir='ltr'><strong>iusmodi.</strong></span> <span class='ocrx_word' id='word_1_613' title='bbox 700 5242 764 5295; x_wconf 79' lang='lat' dir='ltr'><strong>Et</strong></span> <span class='ocrx_word' id='word_1_614' title='bbox 824 5243 984 5294; x_wconf 84' lang='lat' dir='ltr'><strong>homo</strong></span> <span class='ocrx_word' id='word_1_615' title='bbox 1016 5240 1083 5293; x_wconf 92' lang='lat' dir='ltr'><strong>de</strong></span> <span class='ocrx_word' id='word_1_616' title='bbox 1141 5249 1282 5292; x_wconf 88' lang='lat' dir='ltr'><strong>terra</strong></span> <span class='ocrx_word' id='word_1_617' title='bbox 1322 5249 1568 5309; x_wconf 89' lang='lat' dir='ltr'><strong>sumptus</strong></span> <span class='ocrx_word' id='word_1_618' title='bbox 1619 5241 1974 5310; x_wconf 83' lang='lat' dir='ltr'><strong>corporaliter</strong></span> 
     </span>
    </p>
   </div>
   <div class='ocr_carea' id='block_1_88' title="bbox 2072 3222 3655 3299">
    <p class='ocr_par' dir='ltr' id='par_1_88' title="bbox 2072 3222 3655 3299">
     <span class='ocr_line' id='line_1_88' title="bbox 2072 3222 3655 3299; baseline 0.001 -24"><span class='ocrx_word' id='word_1_619' title='bbox 2072 3223 2454 3293; x_wconf 84' lang='grc' dir='ltr'>ἀνεῳγμένους</span> <span class='ocrx_word' id='word_1_620' title='bbox 2473 3266 2487 3289; x_wconf 91' lang='grc'><strong>,</strong></span> <span class='ocrx_word' id='word_1_621' title='bbox 2519 3225 2615 3277; x_wconf 71' lang='grc' dir='ltr'><strong>καὶ</strong></span> <span class='ocrx_word' id='word_1_622' title='bbox 2645 3225 2736 3276; x_wconf 83' lang='grc' dir='ltr'><strong>τὸν</strong></span> <span class='ocrx_word' id='word_1_623' title='bbox 2768 3224 2892 3277; x_wconf 69' lang='grc' dir='ltr'>Υἰὸν</span> <span class='ocrx_word' id='word_1_624' title='bbox 2924 3222 3017 3277; x_wconf 81' lang='grc' dir='ltr'>τοῦ</span> <span class='ocrx_word' id='word_1_625' title='bbox 3051 3222 3338 3299; x_wconf 78' lang='grc' dir='ltr'>ἀνθρώπου</span> <span class='ocrx_word' id='word_1_626' title='bbox 3365 3224 3430 3276; x_wconf 83' lang='grc' dir='ltr'>ὲκ</span> <span class='ocrx_word' id='word_1_627' title='bbox 3459 3222 3655 3286; x_wconf 84' lang='grc' dir='ltr'>δεξιῶν</span> 
     </span>
    </p>
   </div>
   <div class='ocr_carea' id='block_1_89' title="bbox 2072 3311 3654 3382">
    <p class='ocr_par' dir='ltr' id='par_1_89' title="bbox 2072 3311 3654 3382">
     <span class='ocr_line' id='line_1_89' title="bbox 2072 3311 3654 3382; baseline 0 -18"><span class='ocrx_word' id='word_1_628' title='bbox 2072 3313 2279 3365; x_wconf 79' lang='grc' dir='ltr'>ἑστῶτα</span> <span class='ocrx_word' id='word_1_629' title='bbox 2306 3313 2398 3365; x_wconf 85' lang='grc' dir='ltr'>τοῦ</span> <span class='ocrx_word' id='word_1_630' title='bbox 2430 3312 2600 3380; x_wconf 81' lang='grc' dir='ltr'>Θεόῦ;</span> <span class='ocrx_word' id='word_1_631' title='bbox 2646 3332 2663 3364; x_wconf 72' lang='grc' dir='ltr'><strong>ι</strong></span> <span class='ocrx_word' id='word_1_632' title='bbox 2699 3313 2886 3366; x_wconf 79' lang='grc' dir='ltr'>Ταῦτα</span> <span class='ocrx_word' id='word_1_633' title='bbox 2918 3313 3012 3367; x_wconf 69' lang='grc' dir='ltr'><strong>καί⁵</strong></span> <span class='ocrx_word' id='word_1_634' title='bbox 3050 3312 3158 3365; x_wconf 89' lang='grc' dir='ltr'><strong>τῶν</strong></span> <span class='ocrx_word' id='word_1_635' title='bbox 3199 3311 3361 3365; x_wconf 90' lang='grc' dir='ltr'>θείων</span> <span class='ocrx_word' id='word_1_636' title='bbox 3389 3312 3654 3382; x_wconf 82' lang='grc' dir='ltr'>Πατέρων</span> 
     </span>
    </p>
   </div>
   <div class='ocr_carea' id='block_1_90' title="bbox 2074 3402 3652 3475">
    <p class='ocr_par' dir='ltr' id='par_1_90' title="bbox 2074 3402 3652 3475">
     <span class='ocr_line' id='line_1_90' title="bbox 2074 3402 3652 3475; baseline 0.001 -21"><span class='ocrx_word' id='word_1_637' title='bbox 2074 3402 2259 3469; x_wconf 82' lang='grc' dir='ltr'>σαφῶς</span> <span class='ocrx_word' id='word_1_638' title='bbox 2307 3403 2615 3458; x_wconf 74' lang='grc' dir='ltr'>ἐκδιδάσκει</span> <span class='ocrx_word' id='word_1_639' title='bbox 2657 3404 2724 3458; x_wconf 75' lang='grc' dir='ltr'>τὰ</span> <span class='ocrx_word' id='word_1_640' title='bbox 2769 3404 3050 3475; x_wconf 84' lang='grc' dir='ltr'>δόγματα,</span> <span class='ocrx_word' id='word_1_641' title='bbox 3103 3404 3247 3475; x_wconf 76' lang='grc' dir='ltr'>ειπερ</span> <span class='ocrx_word' id='word_1_642' title='bbox 3297 3405 3377 3466; x_wconf 88' lang='grc' dir='ltr'><strong>εἰς</strong></span> <span class='ocrx_word' id='word_1_643' title='bbox 3424 3402 3652 3473; x_wconf 76' lang='grc' dir='ltr'>ὕστερον</span> 
     </span>
    </p>
   </div>
   <div class='ocr_carea' id='block_1_91' title="bbox 2072 3493 3651 3565">
    <p class='ocr_par' dir='ltr' id='par_1_91' title="bbox 2072 3493 3651 3565">
     <span class='ocr_line' id='line_1_91' title="bbox 2072 3493 3651 3565; baseline -0.001 -19"><span class='ocrx_word' id='word_1_644' title='bbox 2072 3493 2507 3565; x_wconf 84' lang='grc' dir='ltr'>παραθησόμεθα</span> <span class='ocrx_word' id='word_1_645' title='bbox 2526 3511 2539 3524; x_wconf 91' lang='grc'><strong>·</strong></span> <span class='ocrx_word' id='word_1_646' title='bbox 2587 3493 2688 3548; x_wconf 85' lang='grc' dir='ltr'><strong>κᾶν</strong></span> <span class='ocrx_word' id='word_1_647' title='bbox 2717 3495 2767 3547; x_wconf 80' lang='grc' dir='ltr'><strong>οἱ</strong></span> <span class='ocrx_word' id='word_1_648' title='bbox 2802 3494 2902 3564; x_wconf 82' lang='grc' dir='ltr'>τῆς</span> <span class='ocrx_word' id='word_1_649' title='bbox 2931 3494 3190 3563; x_wconf 85' lang='grc' dir='ltr'>ἀληθείας</span> <span class='ocrx_word' id='word_1_650' title='bbox 3214 3496 3307 3548; x_wconf 77' lang='grc' dir='ltr'>καὶ</span> <span class='ocrx_word' id='word_1_651' title='bbox 3342 3493 3437 3547; x_wconf 78' lang='grc' dir='ltr'>τοῦ</span> <span class='ocrx_word' id='word_1_652' title='bbox 3466 3493 3651 3561; x_wconf 81' lang='grc' dir='ltr'>Εὒαγ-</span> 
     </span>
    </p>
   </div>
   <div class='ocr_carea' id='block_1_92' title="bbox 2071 3581 3651 3654">
    <p class='ocr_par' dir='ltr' id='par_1_92' title="bbox 2071 3581 3651 3654">
     <span class='ocr_line' id='line_1_92' title="bbox 2071 3581 3651 3654; baseline -0.004 -16"><span class='ocrx_word' id='word_1_653' title='bbox 2071 3585 2254 3652; x_wconf 80' lang='grc' dir='ltr'>γελίου</span> <span class='ocrx_word' id='word_1_654' title='bbox 2285 3584 2640 3639; x_wconf 87' lang='grc' dir='ltr'>διαπιστῶσιν</span> <span class='ocrx_word' id='word_1_655' title='bbox 2688 3585 2976 3654; x_wconf 76' lang='grc' dir='ltr'>ὑϐρισταὶ,</span> <span class='ocrx_word' id='word_1_656' title='bbox 3008 3583 3101 3637; x_wconf 87' lang='grc' dir='ltr'><strong>καί</strong></span> <span class='ocrx_word' id='word_1_657' title='bbox 3148 3600 3246 3636; x_wconf 85' lang='grc' dir='ltr'><strong>που</strong></span> <span class='ocrx_word' id='word_1_658' title='bbox 3284 3582 3381 3635; x_wconf 74' lang='grc' dir='ltr'><strong>καὶ</strong></span> <span class='ocrx_word' id='word_1_659' title='bbox 3412 3581 3651 3652; x_wconf 73' lang='grc' dir='ltr'>Χριστὸν</span> 
     </span>
    </p>
   </div>
   <div class='ocr_carea' id='block_1_93' title="bbox 2072 3673 3651 3746">
    <p class='ocr_par' dir='ltr' id='par_1_93' title="bbox 2072 3673 3651 3746">
     <span class='ocr_line' id='line_1_93' title="bbox 2072 3673 3651 3746; baseline -0.003 -16"><span class='ocrx_word' id='word_1_660' title='bbox 2072 3676 2235 3730; x_wconf 77' lang='grc' dir='ltr'>αὐτὸν</span> <span class='ocrx_word' id='word_1_661' title='bbox 2264 3675 2682 3742; x_wconf 84' lang='grc' dir='ltr'>ἀποδιώσονται,</span> <span class='ocrx_word' id='word_1_662' title='bbox 2717 3675 2894 3746; x_wconf 86' lang='grc' dir='ltr'>σάρκα</span> <span class='ocrx_word' id='word_1_663' title='bbox 2920 3676 3014 3728; x_wconf 67' lang='grc' dir='ltr'>καὶ</span> <span class='ocrx_word' id='word_1_664' title='bbox 3041 3675 3202 3728; x_wconf 82' lang='grc' dir='ltr'>ὀστέα</span> <span class='ocrx_word' id='word_1_665' title='bbox 3229 3676 3342 3738; x_wconf 84' lang='grc' dir='ltr'>τοῖς</span> <span class='ocrx_word' id='word_1_666' title='bbox 3374 3673 3651 3745; x_wconf 84' lang='grc' dir='ltr'>μαθηταῖς</span> 
     </span>
    </p>
   </div>
   <div class='ocr_carea' id='block_1_94' title="bbox 2071 3767 3648 3841">
    <p class='ocr_par' dir='ltr' id='par_1_94' title="bbox 2071 3767 3648 3841">
     <span class='ocr_line' id='line_1_94' title="bbox 2071 3767 3648 3841; baseline -0.002 -19"><span class='ocrx_word' id='word_1_667' title='bbox 2071 3768 2384 3823; x_wconf 86' lang='grc' dir='ltr'>δεικνύοντα</span> <span class='ocrx_word' id='word_1_668' title='bbox 2403 3781 2431 3835; x_wconf 78' lang='grc'>,⁸</span> <span class='ocrx_word' id='word_1_669' title='bbox 2474 3770 2596 3822; x_wconf 76' lang='grc' dir='ltr'>ἐπεὶ</span> <span class='ocrx_word' id='word_1_670' title='bbox 2643 3769 2862 3841; x_wconf 83' lang='grc' dir='ltr'>πνεῦμα</span> <span class='ocrx_word' id='word_1_671' title='bbox 2908 3769 3040 3841; x_wconf 87' lang='grc' dir='ltr'>παρ’</span> <span class='ocrx_word' id='word_1_672' title='bbox 3089 3769 3273 3832; x_wconf 81' lang='grc' dir='ltr'>αὐτοῖς</span> <span class='ocrx_word' id='word_1_673' title='bbox 3324 3767 3648 3839; x_wconf 82' lang='grc' dir='ltr'>θεωρεῖσθαι</span> 
     </span>
    </p>
   </div>
   <div class='ocr_carea' id='block_1_95' title="bbox 2072 3855 3646 3932">
    <p class='ocr_par' dir='ltr' id='par_1_95' title="bbox 2072 3855 3646 3932">
     <span class='ocr_line' id='line_1_95' title="bbox 2072 3855 3646 3932; baseline 0.001 -22"><span class='ocrx_word' id='word_1_674' title='bbox 2072 3859 2339 3924; x_wconf 79' lang='grc' dir='ltr'>ἐδέδοκτο,</span> <span class='ocrx_word' id='word_1_675' title='bbox 2372 3859 2466 3911; x_wconf 73' lang='grc' dir='ltr'><strong>καὶ</strong></span> <span class='ocrx_word' id='word_1_676' title='bbox 2500 3859 2673 3914; x_wconf 83' lang='grc' dir='ltr'>ταῦτα</span> <span class='ocrx_word' id='word_1_677' title='bbox 2701 3861 2858 3924; x_wconf 76' lang='grc' dir='ltr'>ἐκτὸς</span> <span class='ocrx_word' id='word_1_678' title='bbox 2884 3855 3024 3914; x_wconf 79' lang='grc' dir='ltr'>εἶναι</span> <span class='ocrx_word' id='word_1_679' title='bbox 3054 3861 3328 3932; x_wconf 76' lang='grc' dir='ltr'>οἰήσονται</span> <span class='ocrx_word' id='word_1_680' title='bbox 3366 3859 3646 3930; x_wconf 76' lang='grc' dir='ltr'>σώματος’</span> 
     </span>
    </p>
   </div>
   <div class='ocr_carea' id='block_1_96' title="bbox 2073 3949 3650 4022">
    <p class='ocr_par' dir='ltr' id='par_1_96' title="bbox 2073 3949 3650 4022">
     <span class='ocr_line' id='line_1_96' title="bbox 2073 3949 3650 4022; baseline -0.001 -17"><span class='ocrx_word' id='word_1_681' title='bbox 2073 3950 2187 4005; x_wconf 82' lang='grc' dir='ltr'>ἀλλ’</span> <span class='ocrx_word' id='word_1_682' title='bbox 2216 3952 2377 4021; x_wconf 80' lang='grc' dir='ltr'>ἡμεῖς</span> <span class='ocrx_word' id='word_1_683' title='bbox 2407 3968 2471 4018; x_wconf 89' lang='grc' dir='ltr'><strong>γε</strong></span> <span class='ocrx_word' id='word_1_684' title='bbox 2496 3950 2560 4002; x_wconf 77' lang='grc' dir='ltr'>τὸ</span> <span class='ocrx_word' id='word_1_685' title='bbox 2596 3949 2825 4020; x_wconf 79' lang='grc' dir='ltr'>ἀψευδὲς</span> <span class='ocrx_word' id='word_1_686' title='bbox 2866 3950 3075 4005; x_wconf 88' lang='grc' dir='ltr'>τούτων</span> <span class='ocrx_word' id='word_1_687' title='bbox 3100 3952 3469 4022; x_wconf 78' lang='grc' dir='ltr'>κηρύσσοντες</span> <span class='ocrx_word' id='word_1_688' title='bbox 3492 3950 3650 4018; x_wconf 86' lang='grc' dir='ltr'>λέγο-</span> 
     </span>
    </p>
   </div>
   <div class='ocr_carea' id='block_1_97' title="bbox 2078 4037 3650 4116">
    <p class='ocr_par' dir='ltr' id='par_1_97' title="bbox 2078 4037 3650 4116">
     <span class='ocr_line' id='line_1_97' title="bbox 2078 4037 3650 4116; baseline -0.002 -20"><span class='ocrx_word' id='word_1_689' title='bbox 2078 4061 2199 4115; x_wconf 90' lang='grc' dir='ltr'>μεν,</span> <span class='ocrx_word' id='word_1_690' title='bbox 2222 4037 2363 4111; x_wconf 83' lang='grc' dir='ltr'><strong>ὅτιῷ</strong></span> <span class='ocrx_word' id='word_1_691' title='bbox 2385 4045 2573 4116; x_wconf 84' lang='grc' dir='ltr'>τρόπῳ</span> <span class='ocrx_word' id='word_1_692' title='bbox 2596 4043 3061 4113; x_wconf 79' lang='grc' dir='ltr'>συγκαταὸάσεως</span> <span class='ocrx_word' id='word_1_693' title='bbox 3082 4044 3450 4115; x_wconf 81' lang='grc' dir='ltr'>ᾠκονόμηται,</span> <span class='ocrx_word' id='word_1_694' title='bbox 3472 4041 3650 4112; x_wconf 85' lang='grc' dir='ltr'>τούτῳ</span> 
     </span>
    </p>
   </div>
   <div class='ocr_carea' id='block_1_98' title="bbox 2075 4131 3648 4207">
    <p class='ocr_par' dir='ltr' id='par_1_98' title="bbox 2075 4131 3648 4207">
     <span class='ocr_line' id='line_1_98' title="bbox 2075 4131 3648 4207; baseline -0.003 -18"><span class='ocrx_word' id='word_1_695' title='bbox 2075 4138 2172 4191; x_wconf 70' lang='grc' dir='ltr'>καὶ</span> <span class='ocrx_word' id='word_1_696' title='bbox 2206 4136 2628 4207; x_wconf 70' lang='grc' dir='ltr'><strong>περιγράφεται⁸</strong></span> <span class='ocrx_word' id='word_1_697' title='bbox 2666 4137 2741 4198; x_wconf 85' lang='grc' dir='ltr'>ὡς</span> <span class='ocrx_word' id='word_1_698' title='bbox 2768 4135 2835 4190; x_wconf 78' lang='grc' dir='ltr'><strong>ἂν</strong></span> <span class='ocrx_word' id='word_1_699' title='bbox 2865 4136 2960 4189; x_wconf 73' lang='grc' dir='ltr'><strong>καὶ</strong></span> <span class='ocrx_word' id='word_1_700' title='bbox 2985 4136 3053 4188; x_wconf 88' lang='grc' dir='ltr'>δι’</span> <span class='ocrx_word' id='word_1_701' title='bbox 3082 4133 3258 4204; x_wconf 76' lang='grc' dir='ltr'>ὅψεως</span> <span class='ocrx_word' id='word_1_702' title='bbox 3288 4134 3420 4204; x_wconf 73' lang='grc' dir='ltr'>ἡμῖν</span> <span class='ocrx_word' id='word_1_703' title='bbox 3449 4133 3519 4185; x_wconf 83' lang='grc' dir='ltr'><strong>τά</strong></span> <span class='ocrx_word' id='word_1_704' title='bbox 3547 4131 3648 4201; x_wconf 73' lang='grc' dir='ltr'>τῆς</span> 
     </span>
    </p>
   </div>
   <div class='ocr_carea' id='block_1_99' title="bbox 2075 4229 2714 4301">
    <p class='ocr_par' dir='ltr' id='par_1_99' title="bbox 2075 4229 2714 4301">
     <span class='ocr_line' id='line_1_99' title="bbox 2075 4229 2714 4301; baseline -0.002 -18"><span class='ocrx_word' id='word_1_705' title='bbox 2075 4229 2333 4301; x_wconf 82' lang='grc' dir='ltr'>ἀληθείας</span> <span class='ocrx_word' id='word_1_706' title='bbox 2362 4229 2714 4299; x_wconf 82' lang='grc' dir='ltr'>γνωρίζηται.</span> 
     </span>
    </p>
   </div>
   <div class='ocr_carea' id='block_1_100' title="bbox 2148 4412 3647 4486">
    <p class='ocr_par' dir='ltr' id='par_1_100' title="bbox 2148 4412 3647 4486">
     <span class='ocr_line' id='line_1_100' title="bbox 2148 4412 3647 4486; baseline -0.004 -16"><span class='ocrx_word' id='word_1_707' title='bbox 2148 4418 2247 4473; x_wconf 82' lang='grc' dir='ltr'>λθ’.</span> <span class='ocrx_word' id='word_1_708' title='bbox 2282 4418 2407 4480; x_wconf 79' lang='grc' dir='ltr'>Πῶς</span> <span class='ocrx_word' id='word_1_709' title='bbox 2436 4412 2530 4471; x_wconf 78' lang='grc' dir='ltr'><strong>οὖν</strong></span> <span class='ocrx_word' id='word_1_710' title='bbox 2567 4419 2635 4470; x_wconf 81' lang='grc' dir='ltr'><strong>τά</strong></span> <span class='ocrx_word' id='word_1_711' title='bbox 2666 4416 2763 4486; x_wconf 76' lang='grc' dir='ltr'><strong>μὲν</strong></span> <span class='ocrx_word' id='word_1_712' title='bbox 2805 4415 2939 4470; x_wconf 77' lang='grc' dir='ltr'>ἄλλα</span> <span class='ocrx_word' id='word_1_713' title='bbox 2973 4413 3396 4485; x_wconf 79' lang='grc' dir='ltr'>μεταϐέϐληται,</span> <span class='ocrx_word' id='word_1_714' title='bbox 3425 4412 3487 4465; x_wconf 73' lang='grc' dir='ltr'>τὸ</span> <span class='ocrx_word' id='word_1_715' title='bbox 3517 4412 3647 4482; x_wconf 71' lang='lat' dir='ltr'><strong>0w;—</strong></span> 
     </span>
    </p>
   </div>
   <div class='ocr_carea' id='block_1_101' title="bbox 2073 4503 3647 4580">
    <p class='ocr_par' dir='ltr' id='par_1_101' title="bbox 2073 4503 3647 4580">
     <span class='ocr_line' id='line_1_101' title="bbox 2073 4503 3647 4580; baseline -0.006 -17"><span class='ocrx_word' id='word_1_716' title='bbox 2073 4511 2164 4563; x_wconf 80' lang='grc' dir='ltr'><strong>τὸν</strong></span> <span class='ocrx_word' id='word_1_717' title='bbox 2198 4510 2307 4580; x_wconf 77' lang='grc' dir='ltr'><strong>γὰρ</strong></span> <span class='ocrx_word' id='word_1_718' title='bbox 2333 4507 2604 4562; x_wconf 85' lang='grc' dir='ltr'>ἀθάνατον</span> <span class='ocrx_word' id='word_1_719' title='bbox 2638 4507 2850 4574; x_wconf 86' lang='grc' dir='ltr'>γέγονε,</span> <span class='ocrx_word' id='word_1_720' title='bbox 2884 4506 2977 4559; x_wconf 72' lang='grc' dir='ltr'>καὶ</span> <span class='ocrx_word' id='word_1_721' title='bbox 3012 4504 3075 4557; x_wconf 84' lang='grc' dir='ltr'><strong>τὸ</strong></span> <span class='ocrx_word' id='word_1_722' title='bbox 3104 4504 3340 4575; x_wconf 83' lang='grc' dir='ltr'>φθαρτὸν</span> <span class='ocrx_word' id='word_1_723' title='bbox 3366 4503 3647 4573; x_wconf 65' lang='grc' dir='ltr'>ἄφθαρτον</span> 
     </span>
    </p>
   </div>
   <div class='ocr_carea' id='block_1_102' title="bbox 2070 4595 3648 4676">
    <p class='ocr_par' dir='ltr' id='par_1_102' title="bbox 2070 4595 3648 4676">
     <span class='ocr_line' id='line_1_102' title="bbox 2070 4595 3648 4676; baseline -0.006 -21"><span class='ocrx_word' id='word_1_724' title='bbox 2070 4602 2257 4676; x_wconf 70' lang='grc' dir='ltr'>ὤφθη,</span> <span class='ocrx_word' id='word_1_725' title='bbox 2292 4602 2387 4655; x_wconf 75' lang='grc' dir='ltr'><strong>καί</strong></span> <span class='ocrx_word' id='word_1_726' title='bbox 2429 4598 2637 4663; x_wconf 85' lang='grc' dir='ltr'>ἀπαθὲς</span> <span class='ocrx_word' id='word_1_727' title='bbox 2677 4599 2737 4651; x_wconf 87' lang='grc' dir='ltr'><strong>τὸ</strong></span> <span class='ocrx_word' id='word_1_728' title='bbox 2771 4598 3031 4667; x_wconf 72' lang='grc' dir='ltr'>παθητὸν,</span> <span class='ocrx_word' id='word_1_729' title='bbox 3077 4597 3139 4650; x_wconf 80' lang='grc' dir='ltr'>τὸ</span> <span class='ocrx_word' id='word_1_730' title='bbox 3181 4597 3237 4649; x_wconf 84' lang='grc' dir='ltr'>δὲ</span> <span class='ocrx_word' id='word_1_731' title='bbox 3269 4595 3648 4669; x_wconf 79' lang='grc' dir='ltr'>περιγραπτὸν</span> 
     </span>
    </p>
   </div>
   <div class='ocr_carea' id='block_1_103' title="bbox 2069 4685 3645 4758">
    <p class='ocr_par' dir='ltr' id='par_1_103' title="bbox 2069 4685 3645 4758">
     <span class='ocr_line' id='line_1_103' title="bbox 2069 4685 3645 4758; baseline -0.004 -17"><span class='ocrx_word' id='word_1_732' title='bbox 2069 4689 2169 4758; x_wconf 78' lang='grc' dir='ltr'>οὐχ</span> <span class='ocrx_word' id='word_1_733' title='bbox 2198 4686 2406 4758; x_wconf 75' lang='grc' dir='ltr'>ὑπῆρξε</span> <span class='ocrx_word' id='word_1_734' title='bbox 2451 4687 2542 4740; x_wconf 75' lang='grc' dir='ltr'><strong>καὶ</strong></span> <span class='ocrx_word' id='word_1_735' title='bbox 2567 4686 3009 4757; x_wconf 79' lang='grc' dir='ltr'>ἁπερίγραπτον;</span> <span class='ocrx_word' id='word_1_736' title='bbox 3033 4685 3215 4756; x_wconf 81' lang='grc' dir='ltr'>Φαμὲν</span> <span class='ocrx_word' id='word_1_737' title='bbox 3242 4685 3440 4749; x_wconf 80' lang='grc' dir='ltr'>τοίνυν,</span> <span class='ocrx_word' id='word_1_738' title='bbox 3468 4685 3551 4736; x_wconf 83' lang='grc' dir='ltr'>ὅτι</span> <span class='ocrx_word' id='word_1_739' title='bbox 3581 4687 3645 4753; x_wconf 79' lang='grc' dir='ltr'>τῇ</span> 
     </span>
    </p>
   </div>
   <div class='ocr_carea' id='block_1_104' title="bbox 2072 4775 3648 4851">
    <p class='ocr_par' dir='ltr' id='par_1_104' title="bbox 2072 4775 3648 4851">
     <span class='ocr_line' id='line_1_104' title="bbox 2072 4775 3648 4851; baseline -0.004 -17"><span class='ocrx_word' id='word_1_740' title='bbox 2072 4782 2232 4850; x_wconf 77' lang='grc' dir='ltr'>φύσει</span> <span class='ocrx_word' id='word_1_741' title='bbox 2270 4783 2335 4851; x_wconf 82' lang='grc' dir='ltr'>τῇ</span> <span class='ocrx_word' id='word_1_742' title='bbox 2375 4780 2691 4850; x_wconf 62' lang='grc' dir='ltr'>ἀνθρωπεία</span> <span class='ocrx_word' id='word_1_743' title='bbox 2720 4782 2787 4832; x_wconf 68' lang='grc' dir='ltr'><strong>τὰ</strong></span> <span class='ocrx_word' id='word_1_744' title='bbox 2819 4779 2917 4848; x_wconf 82' lang='grc' dir='ltr'>μὲν</span> <span class='ocrx_word' id='word_1_745' title='bbox 2947 4778 3008 4843; x_wconf 80' lang='grc' dir='ltr'>ἐξ</span> <span class='ocrx_word' id='word_1_746' title='bbox 3031 4779 3206 4849; x_wconf 78' lang='grc' dir='ltr'>ἀρχῆς</span> <span class='ocrx_word' id='word_1_747' title='bbox 3236 4777 3388 4847; x_wconf 87' lang='grc' dir='ltr'><strong>παρά</strong></span> <span class='ocrx_word' id='word_1_748' title='bbox 3421 4775 3516 4829; x_wconf 82' lang='grc' dir='ltr'>τοῦ</span> <span class='ocrx_word' id='word_1_749' title='bbox 3544 4781 3648 4845; x_wconf 77' lang='grc' dir='ltr'><strong>Δη-</strong></span> 
     </span>
    </p>
   </div>
   <div class='ocr_carea' id='block_1_105' title="bbox 2080 4864 3649 4945">
    <p class='ocr_par' dir='ltr' id='par_1_105' title="bbox 2080 4864 3649 4945">
     <span class='ocr_line' id='line_1_105' title="bbox 2080 4864 3649 4945; baseline -0.003 -18"><span class='ocrx_word' id='word_1_750' title='bbox 2080 4873 2340 4945; x_wconf 76' lang='grc' dir='ltr'>μιουργοῦ</span> <span class='ocrx_word' id='word_1_751' title='bbox 2372 4873 2734 4933; x_wconf 84' lang='grc' dir='ltr'>συνέκτισται,</span> <span class='ocrx_word' id='word_1_752' title='bbox 2765 4871 2858 4923; x_wconf 75' lang='grc' dir='ltr'><strong>καὶ</strong></span> <span class='ocrx_word' id='word_1_753' title='bbox 2890 4870 3418 4942; x_wconf 63' lang='grc' dir='ltr'>σ’δγκαταῦέϐληται,</span> <span class='ocrx_word' id='word_1_754' title='bbox 3447 4864 3560 4923; x_wconf 72' lang='grc' dir='ltr'>οἷον</span> <span class='ocrx_word' id='word_1_755' title='bbox 3588 4868 3649 4922; x_wconf 83' lang='grc' dir='ltr'><strong>τὸ</strong></span> 
     </span>
    </p>
   </div>
   <div class='ocr_carea' id='block_1_106' title="bbox 2068 4961 3641 5036">
    <p class='ocr_par' dir='ltr' id='par_1_106' title="bbox 2068 4961 3641 5036">
     <span class='ocr_line' id='line_1_106' title="bbox 2068 4961 3641 5036; baseline -0.002 -17"><span class='ocrx_word' id='word_1_756' title='bbox 2068 4967 2279 5036; x_wconf 68' lang='grc' dir='ltr'>νοερὸν,</span> <span class='ocrx_word' id='word_1_757' title='bbox 2310 4967 2369 5016; x_wconf 74' lang='grc' dir='ltr'><strong>τδ</strong></span> <span class='ocrx_word' id='word_1_758' title='bbox 2399 4964 2635 5033; x_wconf 82' lang='grc' dir='ltr'>λογικὸν,</span> <span class='ocrx_word' id='word_1_759' title='bbox 2666 4962 2981 5032; x_wconf 87' lang='grc' dir='ltr'>αἰσθητικόν</span> <span class='ocrx_word' id='word_1_760' title='bbox 3010 4980 3069 5016; x_wconf 88' lang='grc' dir='ltr'><strong>τε</strong></span> <span class='ocrx_word' id='word_1_761' title='bbox 3106 4961 3172 5016; x_wconf 81' lang='grc' dir='ltr'><strong>αὖ</strong></span> <span class='ocrx_word' id='word_1_762' title='bbox 3205 4962 3300 5016; x_wconf 69' lang='grc' dir='ltr'><strong>καί⁵</strong></span> <span class='ocrx_word' id='word_1_763' title='bbox 3338 4963 3641 5034; x_wconf 75' lang='grc' dir='ltr'>ὀρεκτικὸν,</span> 
     </span>
    </p>
   </div>
   <div class='ocr_carea' id='block_1_107' title="bbox 2076 5055 3647 5128">
    <p class='ocr_par' dir='ltr' id='par_1_107' title="bbox 2076 5055 3647 5128">
     <span class='ocr_line' id='line_1_107' title="bbox 2076 5055 3647 5128; baseline -0.002 -16"><span class='ocrx_word' id='word_1_764' title='bbox 2076 5060 2169 5112; x_wconf 69' lang='grc' dir='ltr'><strong>καὶ</strong></span> <span class='ocrx_word' id='word_1_765' title='bbox 2198 5058 2225 5111; x_wconf 80' lang='grc' dir='ltr'>ὃ</span> <span class='ocrx_word' id='word_1_766' title='bbox 2249 5060 2498 5128; x_wconf 83' lang='grc' dir='ltr'>κρεῖττον</span> <span class='ocrx_word' id='word_1_767' title='bbox 2522 5058 2700 5110; x_wconf 83' lang='grc' dir='ltr'>εἰπεῖν</span> <span class='ocrx_word' id='word_1_768' title='bbox 2729 5056 3078 5122; x_wconf 78' lang='grc' dir='ltr'>αὐτεξούσιον</span> <span class='ocrx_word' id='word_1_769' title='bbox 3099 5096 3113 5119; x_wconf 90' lang='grc'><strong>,</strong></span> <span class='ocrx_word' id='word_1_770' title='bbox 3140 5056 3235 5109; x_wconf 74' lang='grc' dir='ltr'><strong>καὶ</strong></span> <span class='ocrx_word' id='word_1_771' title='bbox 3268 5055 3322 5109; x_wconf 72' lang='grc' dir='ltr'><strong>εἴ</strong></span> <span class='ocrx_word' id='word_1_772' title='bbox 3344 5074 3396 5108; x_wconf 92' lang='grc' dir='ltr'><strong>τι</strong></span> <span class='ocrx_word' id='word_1_773' title='bbox 3434 5055 3647 5119; x_wconf 87' lang='grc' dir='ltr'>τούτοις</span> 
     </span>
    </p>
   </div>
   <div class='ocr_carea' id='block_1_108' title="bbox 2079 5146 3649 5220">
    <p class='ocr_par' dir='ltr' id='par_1_108' title="bbox 2079 5146 3649 5220">
     <span class='ocr_line' id='line_1_108' title="bbox 2079 5146 3649 5220; baseline -0.001 -18"><span class='ocrx_word' id='word_1_774' title='bbox 2079 5149 2440 5219; x_wconf 74' lang='grc' dir='ltr'>προσόμοιονο</span> <span class='ocrx_word' id='word_1_775' title='bbox 2472 5147 2567 5202; x_wconf 68' lang='grc' dir='ltr'>καὶ</span> <span class='ocrx_word' id='word_1_776' title='bbox 2603 5148 2631 5199; x_wconf 92' lang='lat'><strong>6</strong></span> <span class='ocrx_word' id='word_1_777' title='bbox 2671 5146 2958 5220; x_wconf 79' lang='grc' dir='ltr'>ἄνθρωπος</span> <span class='ocrx_word' id='word_1_778' title='bbox 2992 5149 3098 5201; x_wconf 66' lang='grc' dir='ltr'><strong>ἀπὸ</strong></span> <span class='ocrx_word' id='word_1_779' title='bbox 3137 5147 3239 5218; x_wconf 82' lang='grc' dir='ltr'>γῆς</span> <span class='ocrx_word' id='word_1_780' title='bbox 3279 5147 3505 5217; x_wconf 67' lang='grc' dir='ltr'>ληφθεὶς</span> <span class='ocrx_word' id='word_1_781' title='bbox 3546 5164 3649 5200; x_wconf 89' lang='grc' dir='ltr'>σω-</span> 
     </span>
    </p>
   </div>
   <div class='ocr_carea' id='block_1_109' title="bbox 2074 5236 3649 5312">
    <p class='ocr_par' dir='ltr' id='par_1_109' title="bbox 2074 5236 3649 5312">
     <span class='ocr_line' id='line_1_109' title="bbox 2074 5236 3649 5312; baseline -0.003 -18"><span class='ocrx_word' id='word_1_782' title='bbox 2074 5240 2318 5312; x_wconf 80' lang='grc' dir='ltr'>ματικῶς</span> <span class='ocrx_word' id='word_1_783' title='bbox 2344 5238 2778 5303; x_wconf 80' lang='grc' dir='ltr'>διαπέπλασται,</span> <span class='ocrx_word' id='word_1_784' title='bbox 2821 5239 2917 5292; x_wconf 69' lang='grc' dir='ltr'>καὶ</span> <span class='ocrx_word' id='word_1_785' title='bbox 2957 5238 3118 5310; x_wconf 83' lang='grc' dir='ltr'>σῶμα</span> <span class='ocrx_word' id='word_1_786' title='bbox 3152 5239 3376 5309; x_wconf 87' lang='grc' dir='ltr'>γέγονεν</span> <span class='ocrx_word' id='word_1_787' title='bbox 3412 5240 3551 5310; x_wconf 85' lang='grc' dir='ltr'>ὅπερ</span> <span class='ocrx_word' id='word_1_788' title='bbox 3590 5236 3649 5303; x_wconf 77' lang='grc' dir='ltr'><strong>ἐξ</strong></span> 
     </span>
    </p>
   </div>
   <div class='ocr_carea' id='block_1_110' title="bbox 400 5329 1974 5403">
    <p class='ocr_par' dir='ltr' id='par_1_110' title="bbox 400 5329 1974 5401">
     <span class='ocr_line' id='line_1_110' title="bbox 400 5329 1974 5401; baseline 0.001 -15"><span class='ocrx_word' id='word_1_789' title='bbox 400 5336 664 5388; x_wconf 76' lang='lat' dir='ltr'><strong>formatus</strong></span> <span class='ocrx_word' id='word_1_790' title='bbox 717 5340 822 5397; x_wconf 91' lang='lat' dir='ltr'><strong>est,</strong></span> <span class='ocrx_word' id='word_1_791' title='bbox 883 5329 1094 5401; x_wconf 69' lang='lat' dir='ltr'><strong>fuitque</strong></span> <span class='ocrx_word' id='word_1_792' title='bbox 1151 5347 1349 5400; x_wconf 87' lang='lat' dir='ltr'><strong>corpus</strong></span> <span class='ocrx_word' id='word_1_793' title='bbox 1409 5332 1716 5387; x_wconf 88' lang='lat' dir='ltr'><strong>necessario</strong></span> <span class='ocrx_word' id='word_1_794' title='bbox 1766 5332 1974 5388; x_wconf 86' lang='lat' dir='ltr'><strong>visibile</strong></span> 
     </span>
    </p>
   </div>
   <div class='ocr_carea' id='block_1_111' title="bbox 2080 5329 3650 5403">
    <p class='ocr_par' dir='ltr' id='par_1_111' title="bbox 2080 5331 3650 5403">
     <span class='ocr_line' id='line_1_111' title="bbox 2080 5331 3650 5403; baseline -0.003 -16"><span class='ocrx_word' id='word_1_795' title='bbox 2080 5335 2318 5403; x_wconf 68' lang='grc' dir='ltr'>ἀνάγκης</span> <span class='ocrx_word' id='word_1_796' title='bbox 2361 5333 2553 5401; x_wconf 80' lang='grc' dir='ltr'>ὁρατόν</span> <span class='ocrx_word' id='word_1_797' title='bbox 2595 5349 2655 5385; x_wconf 87' lang='grc' dir='ltr'><strong>τε</strong></span> <span class='ocrx_word' id='word_1_798' title='bbox 2696 5333 2910 5403; x_wconf 81' lang='grc' dir='ltr'>ὑπῆρχε</span> <span class='ocrx_word' id='word_1_799' title='bbox 2954 5333 3171 5396; x_wconf 84' lang='grc' dir='ltr'>πάντως</span> <span class='ocrx_word' id='word_1_800' title='bbox 3209 5332 3303 5385; x_wconf 75' lang='grc' dir='ltr'><strong>καὶ</strong></span> <span class='ocrx_word' id='word_1_801' title='bbox 3344 5332 3517 5385; x_wconf 81' lang='grc' dir='ltr'>ἁπτὸν</span> <span class='ocrx_word' id='word_1_802' title='bbox 3556 5331 3650 5384; x_wconf 70' lang='grc' dir='ltr'><strong>καὶ</strong></span> 
     </span>
    </p>
   </div>
   <div class='ocr_carea' id='block_1_112' title="bbox 398 5421 1974 5495">
    <p class='ocr_par' dir='ltr' id='par_1_112' title="bbox 398 5424 1974 5495">
     <span class='ocr_line' id='line_1_112' title="bbox 398 5424 1974 5495; baseline 0.002 -18"><span class='ocrx_word' id='word_1_803' title='bbox 398 5426 622 5479; x_wconf 74' lang='grc' dir='ltr'>υιιιιιίιιο</span> <span class='ocrx_word' id='word_1_804' title='bbox 652 5434 706 5479; x_wconf 88' lang='lat' dir='ltr'><strong>et</strong></span> <span class='ocrx_word' id='word_1_805' title='bbox 738 5425 994 5491; x_wconf 72' lang='lat' dir='ltr'><strong>tangibile</strong></span> <span class='ocrx_word' id='word_1_806' title='bbox 1040 5434 1095 5478; x_wconf 92' lang='lat' dir='ltr'><strong>et</strong></span> <span class='ocrx_word' id='word_1_807' title='bbox 1148 5424 1656 5492; x_wconf 87' lang='lat' dir='ltr'><strong>circumscriptum;</strong></span> <span class='ocrx_word' id='word_1_808' title='bbox 1710 5440 1974 5495; x_wconf 82' lang='lat' dir='ltr'><strong>nemoque</strong></span> 
     </span>
    </p>
   </div>
   <div class='ocr_carea' id='block_1_113' title="bbox 2080 5421 3643 5495">
    <p class='ocr_par' dir='ltr' id='par_1_113' title="bbox 2080 5421 3643 5494">
     <span class='ocr_line' id='line_1_113' title="bbox 2080 5421 3643 5494; baseline -0.002 -19"><span class='ocrx_word' id='word_1_809' title='bbox 2080 5423 2446 5494; x_wconf 76' lang='grc' dir='ltr'>περιγραπτόν</span> <span class='ocrx_word' id='word_1_810' title='bbox 2472 5439 2485 5453; x_wconf 76' lang='grc'><strong><em>⁸</em></strong></span> <span class='ocrx_word' id='word_1_811' title='bbox 2519 5423 2613 5474; x_wconf 81' lang='grc' dir='ltr'><strong>καί</strong></span> <span class='ocrx_word' id='word_1_812' title='bbox 2641 5421 2817 5484; x_wconf 75' lang='grc' dir='ltr'>οὐδεὶς</span> <span class='ocrx_word' id='word_1_813' title='bbox 2851 5422 2960 5474; x_wconf 87' lang='grc' dir='ltr'><strong>τῶν</strong></span> <span class='ocrx_word' id='word_1_814' title='bbox 2991 5421 3151 5490; x_wconf 76' lang='grc' dir='ltr'>λόγου</span> <span class='ocrx_word' id='word_1_815' title='bbox 3194 5421 3643 5493; x_wconf 78' lang='grc' dir='ltr'>μετεσχηκότων,</span> 
     </span>
    </p>
   </div>
   <div class='ocr_carea' id='block_1_114' title="bbox 401 5510 1974 5588">
    <p class='ocr_par' dir='ltr' id='par_1_114' title="bbox 401 5515 1973 5585">
     <span class='ocr_line' id='line_1_114' title="bbox 401 5515 1973 5585; baseline 0.003 -20"><span class='ocrx_word' id='word_1_816' title='bbox 401 5532 532 5574; x_wconf 66' lang='lat' dir='ltr'><strong>nulla</strong></span> <span class='ocrx_word' id='word_1_817' title='bbox 568 5525 747 5570; x_wconf 87' lang='lat' dir='ltr'><strong>mente</strong></span> <span class='ocrx_word' id='word_1_818' title='bbox 783 5518 1099 5581; x_wconf 80' lang='lat' dir='ltr'><strong>instructus,</strong></span> <span class='ocrx_word' id='word_1_819' title='bbox 1127 5516 1270 5569; x_wconf 69' lang='lat' dir='ltr'><strong>dicet</strong></span> <span class='ocrx_word' id='word_1_820' title='bbox 1297 5530 1494 5585; x_wconf 88' lang='lat' dir='ltr'><strong>corpus</strong></span> <span class='ocrx_word' id='word_1_821' title='bbox 1526 5531 1644 5571; x_wconf 85' lang='lat' dir='ltr'><strong>esse</strong></span> <span class='ocrx_word' id='word_1_822' title='bbox 1681 5515 1973 5570; x_wconf 81' lang='lat' dir='ltr'><strong>lncircnm-</strong></span> 
     </span>
    </p>
   </div>
   <div class='ocr_carea' id='block_1_115' title="bbox 2080 5510 3648 5588">
    <p class='ocr_par' dir='ltr' id='par_1_115' title="bbox 2080 5510 3648 5588">
     <span class='ocr_line' id='line_1_115' title="bbox 2080 5510 3648 5588; baseline -0.004 -19"><span class='ocrx_word' id='word_1_823' title='bbox 2080 5518 2232 5588; x_wconf 71' lang='grc' dir='ltr'>σῶμα</span> <span class='ocrx_word' id='word_1_824' title='bbox 2278 5511 2415 5567; x_wconf 62' lang='grc' dir='ltr'>εἶναι</span> <span class='ocrx_word' id='word_1_825' title='bbox 2468 5514 2688 5584; x_wconf 53' lang='grc' dir='ltr'>’φήσειεν</span> <span class='ocrx_word' id='word_1_826' title='bbox 2741 5514 3188 5587; x_wconf 66' lang='grc' dir='ltr'>ἀπερίγριιπτον·</span> <span class='ocrx_word' id='word_1_827' title='bbox 3241 5514 3308 5569; x_wconf 79' lang='grc' dir='ltr'><strong>τά</strong></span> <span class='ocrx_word' id='word_1_828' title='bbox 3342 5513 3399 5566; x_wconf 80' lang='grc' dir='ltr'>δὲ</span> <span class='ocrx_word' id='word_1_829' title='bbox 3447 5510 3648 5576; x_wconf 65' lang='grc' dir='ltr'>ἔξωθεν</span> 
     </span>
    </p>
   </div>
   <div class='ocr_carea' id='block_1_116' title="bbox 471 5670 1504 5739">
    <p class='ocr_par' dir='ltr' id='par_1_116' title="bbox 471 5670 1504 5739">
     <span class='ocr_line' id='line_1_116' title="bbox 471 5670 1504 5739; baseline 0.009 -19"><span class='ocrx_word' id='word_1_830' title='bbox 471 5674 514 5709; x_wconf 68' lang='grc' dir='ltr'><strong>ν</strong></span> <span class='ocrx_word' id='word_1_831' title='bbox 541 5670 695 5729; x_wconf 63' lang='grc' dir='ltr'>δι”.ιιὶι</span> <span class='ocrx_word' id='word_1_832' title='bbox 744 5688 834 5738; x_wconf 68' lang='lat' dir='ltr'><strong>XX,</strong></span> <span class='ocrx_word' id='word_1_833' title='bbox 866 5671 955 5725; x_wconf 58' lang='lat'><strong>93.</strong></span> <span class='ocrx_word' id='word_1_834' title='bbox 1032 5674 1074 5704; x_wconf 53' lang='grc' dir='ltr'><strong>δ’)</strong></span> <span class='ocrx_word' id='word_1_835' title='bbox 1122 5674 1235 5727; x_wconf 65' lang='grc' dir='ltr'><strong>ΛΜ.</strong></span> <span class='ocrx_word' id='word_1_836' title='bbox 1273 5690 1368 5739; x_wconf 75' lang='lat' dir='ltr'><strong>\‘lt,</strong></span> <span class='ocrx_word' id='word_1_837' title='bbox 1416 5676 1504 5729; x_wconf 70' lang='grc'><strong>55.</strong></span> 
     </span>
    </p>
   </div>
  </div>
