3898 6150
189 303 287 366 441

891 309 1511 375 ANTIRBHETICUS
1550 314 1645 374 III
1683 315 1853 375 ADV.
1897 285 2490 383 CONSTANTINUM
2531 323 2744 384 COPR.

3344 317 3452 380 412

189 415 281 468 καὶ
315 413 458 484 μετά
483 415 586 489 τὴν
621 414 800 470 κτίσιν
832 420 1246 492 ἐπισυμϐεϐηκε
1269 465 1284 488 ,
1316 423 1410 476 καὶ
1441 419 1552 476 οἷον
1581 425 1770 490 ἐπιγε-

1892 427 2158 498 tcriptum.
2193 429 2476 485 Exteriora
2516 437 2695 486 autem
2725 436 2849 500 post
2894 426 3224 484 creationem
3257 442 3450 496 super-

189 507 474 578 νηματικά
515 509 812 580 τυγχάνει,
860 509 898 564 ἃ
947 512 1033 565 διὰ
1079 511 1181 582 τὴν
1223 513 1482 585 ἀθέτησιν
1528 514 1631 585 τῆς
1675 513 1770 567 τοῦ

189 597 495 661 Κτίσαντος
539 599 764 670 ἐντολῆς
797 603 1286 672 ὲπεισενήνεκται’
1326 603 1514 674 ἐπειδὴ
1550 604 1660 674 γὰρ
1694 603 1774 675 τῷ

191 687 250 753 ἐξ
277 689 460 760 ἀρχῆς
489 690 893 762 πεπλασμένῳ,
924 696 1036 756 τοῖς
1063 693 1207 746 κατά
1231 694 1460 765 γνώμην
1492 697 1644 767 παρά
1677 696 1772 750 τοῦ

192 780 524 847 ¹πλάσαντος,
556 781 626 835 τά
647 782 748 852 τῆς
780 783 926 852 ζωῆς
959 784 1313 856 ἀπεκέκριτο,
1338 786 1422 851 ἐνὶ
1453 786 1509 840 δὲ
1537 787 1687 858 νόμῳ
1715 787 1776 840 τί)

191 872 408 942 αἱρετὸν
443 872 597 942 αὐτῷ
623 874 743 926 κατ’
770 873 1016 940 ἐξουσίαν
1050 872 1364 943 προύκειτο,
1399 874 1432 946 ἦ
1460 878 1776 947 τηρήσαντα

191 965 378 1020 τοῦτον
426 967 530 1037 τὴν
569 967 830 1021 ἀνωτάτω
873 968 970 1021 καὶ
1018 967 1271 1037 ἀγγέλοις
1323 969 1622 1040 δφάμιλλον
1660 970 1778 1025 δια-

194 1056 587 1128 κληρώσασθαι
625 1058 1032 1130 μακαριότητα,
1073 1059 1107 1131 ἢ
1151 1060 1497 1131 άλογήσαντα
1527 1061 1626 1131 τῆς
1667 1079 1778 1134 χει-

197 1149 386 1221 ρίστης
419 1149 515 1204 καὶ
550 1149 896 1221 ἀθλιωτάτης
931 1151 1127 1222 μοίρας
1161 1151 1640 1224 ἀποταχθήσεσθαι
1666 1172 1679 1184 ’
1711 1155 1777 1224 ἣν

195 1241 255 1312 δὴ
279 1245 346 1313 τῇ
379 1241 634 1314 ἐξαπάτῃ
667 1241 760 1295 τοῦ
791 1242 966 1312 ὄφεως
999 1243 1367 1314 προελόμενος
1389 1283 1402 1306 ,
1441 1245 1540 1314 τὴν
1568 1244 1778 1316 φθορὰν

197 1333 356 1398 εὐθὺς
389 1334 489 1386 καὶ
520 1333 622 1404 τὴν
652 1333 956 1405 θνητότητα
985 1334 1232 1402 φυσικῶς
1266 1335 1595 1400 ὑποδύεται,
1629 1337 1724 1390 καὶ
1750 1339 1778 1390 ὁ

197 1424 377 1488 λοιπὸς
407 1425 519 1478 τῶν
552 1425 764 1498 μυρίων
796 1424 984 1480 παθῶν
1017 1425 1182 1496 ἐσμὸς
1227 1427 1634 1498 ὲπεισκρίνεται
1664 1445 1676 1456 ·
1715 1429 1776 1482 οὐ

199 1516 302 1588 γὰρ
351 1517 709 1572 συνέκτισται
746 1516 825 1588 τῷ
875 1518 1291 1589 πρωτοπλάστῳ
1325 1519 1357 1588 ἡ
1395 1518 1573 1588 φθορά
1612 1520 1705 1572 καὶ
1750 1519 1780 1571 ὁ

201 1605 452 1671 Θάνατος,
491 1608 617 1662 ἐπεὶ
655 1608 756 1660 οὐκ
787 1607 854 1662 ἂν
886 1608 982 1661 τοῦ
1018 1610 1115 1679 τῆς
1150 1609 1296 1678 ζωῆς
1331 1609 1488 1676 ξύλου
1519 1610 1776 1680 ἐδέησεν,

198 1700 332 1770 ὅπερ
359 1702 420 1752 ὲν
458 1699 612 1769 μέσῳ
642 1697 719 1770 τῷ
750 1699 1062 1772 παραδείσῳ
1099 1701 1341 1771 τέθηλεν.
1387 1702 1446 1754 '0
1475 1702 1654 1756 τοίνυν
1683 1702 1776 1755 τοῦ

1877 529 2166 585 venerunt,
2207 532 2261 576 et
2308 521 2462 590 quasi
2490 521 2684 576 adnata
2731 527 2883 587 sunt,
2922 533 3041 590 quat
3087 517 3297 574 scilicet
3333 527 3452 588 post

1876 611 2132 665 violatum
2156 613 2432 670 Creatoris
2465 623 2793 684 praeceptum
2809 613 3025 666 invecta
3046 609 3286 666 fuerunt.
3309 607 3447 675 Quia

1875 704 2018 756 enim
2050 704 2270 760 condito
2310 707 2540 776 primum
2575 704 2806 768 bomini,
2850 703 2895 758 sl
2937 703 3097 758 modo
3124 717 3192 757 ex
3225 701 3452 756 Creato—

1877 795 1957 850 ris
1982 797 2254 851 sententia
2274 798 2520 863 vixisset,
2547 797 2657 852 vita
2680 805 2797 851 erat
2817 795 3150 865 adiudicata,
3178 795 3250 848 ita
3273 804 3448 848 tamen

1877 899 1936 940 ut
1985 888 2100 958 lege
2134 888 2265 954 lata,
2321 889 2552 944 liberum
2607 887 2966 942 nihilominus
3017 894 3165 941 esset
3211 884 3446 955 eligendi

1877 979 2189 1046 arbitrium,
2219 995 2411 1050 nempe
2459 989 2518 1034 ut
2549 979 2632 1034 vel
2678 979 2782 1034 hac
2811 981 3098 1034 observata
3129 976 3450 1031 altissimam

1876 1080 1931 1124 et
1952 1071 2158 1140 angelis
2185 1086 2375 1141 parem
2401 1071 2814 1126 nancisceretur
2845 1070 3004 1124 homo
3023 1066 3448 1129 beatitudinem;

1879 1163 1962 1216 vel
1995 1177 2057 1218 ea
2089 1163 2352 1233 neglecta,
2387 1163 2677 1233 pessimam
2712 1173 2766 1218 et
2791 1161 3217 1216 infelicissimam
3249 1166 3449 1213 sortem

1880 1255 2226 1320 incurreret;
2257 1269 2419 1323 quam
2449 1261 2780 1322 postremam
2809 1251 3001 1306 fraude
3029 1249 3303 1319 serpentis
3325 1261 3451 1302 cum

1879 1343 2151 1414 elegisset,
2190 1342 2514 1412 corruptela:
2562 1343 2706 1398 illico
2761 1351 2815 1394 et
2853 1340 3085 1394 naturali
3135 1335 3452 1393 mortalitati

1880 1434 2060 1490 factus
2123 1444 2207 1490 est
2251 1433 2537 1498 obnoxius,
2607 1443 2661 1488 et
2717 1433 2919 1502 reliqua
2980 1428 3452 1484 innumerabilium

1880 1525 2238 1594 cupiditatum
2273 1523 2534 1578 colluvies
2567 1524 2626 1577 in
2657 1536 2778 1578 eum
2818 1521 3082 1576 incubuit.
3137 1517 3256 1572 Non
3305 1517 3452 1572 enim

1881 1632 1986 1670 una
2042 1631 2166 1671 cum
2225 1615 2564 1685 protoplasto
2613 1613 2915 1681 corruptela
2972 1620 3027 1666 et
3083 1625 3230 1665 mors
3274 1620 3457 1666 creata

1883 1707 2023 1773 fuit;
2047 1708 2248 1774 alioqui
2286 1707 2431 1774 ligno
2457 1707 2578 1758 vita:
2609 1720 2714 1758 non
2740 1705 3000 1771 eguisset,
3036 1701 3192 1770 112
3231 1701 3370 1771 quod
3402 1701 3454 1753 in

202 1791 524 1860 πλάσματος
555 1789 652 1844 τοῦ
703 1790 900 1844 ἑαυτοῦ
941 1793 1146 1862 Κύριος
1168 1833 1184 1858 ,
1218 1793 1631 1865 φιλανθρωπίας
1681 1813 1784 1847 πε-

1892 1799 2063 1852 medio
2125 1797 2380 1866 paradiso
2431 1795 2665 1864 vigebat.
2707 1766 2868 1864 Igitur
2918 1766 3192 1848 creatur;
3229 1766 3458 1862 propriae

203 1883 419 1953 ριουσίᾳ
442 1925 456 1948 ,
485 1883 556 1936 δι’
595 1879 778 1938 οἶκτον
819 1883 1028 1954 ἄφατον
1061 1885 1159 1954 τὴν
1201 1885 1278 1956 τῷ
1329 1885 1542 1956 θανάτῳ
1587 1887 1779 1956 ὑπενη-

201 1975 470 2044 νεγμένην
498 1974 664 2044 φύσιν
685 2017 701 2042 ,
735 1975 943 2046 φθορᾶς
972 1977 1276 2044 ἀπαλλάξαι
1309 1977 1658 2048 βουλόμενος,
1691 1978 1784 2031 καὶ

203 2068 276 2130 είς
298 2068 360 2119 τὸ
385 2067 448 2134 ἐξ
471 2068 647 2138 ἀρχῆς
669 2069 763 2138 τῆς
793 2069 1078 2138 εὐμοιρίας
1105 2069 1592 2136 ὲπανασώσασθαι,
1624 2069 1786 2137 σῶμα

203 2157 444 2210 τοιοῦτον
480 2157 833 2227 ἀνειληφέναι
880 2157 980 2212 οὐκ
1027 2157 1342 2226 ἀπηξίωσεν
1368 2197 1382 2222 ,
1415 2161 1599 2213 ὁποῖον
1641 2159 1706 2228 δὴ
1756 2159 1784 2210 ό

205 2249 536 2320 κατάκριτος
561 2247 700 2317 ἔχων
725 2248 924 2318 ἐφάνη,
955 2251 1116 2318 ἡμεῖς
1139 2264 1196 2300 τε
1220 2249 1421 2311 πάντες
1447 2249 1497 2301 οἱ
1523 2247 1602 2317 τῷ
1631 2247 1780 2317 αὑτῷ

207 2338 670 2409 κεκοινωνηκότες
696 2338 1053 2408 συγκρίματι,
1075 2339 1110 2390 ὃ
1125 2338 1190 2408 δὴ
1211 2337 1405 2408 θνητὸν
1433 2339 1525 2392 καὶ
1548 2339 1787 2407 φθαρτόν

207 2433 337 2485 ἐστι·
373 2430 538 2502 σῶμα
565 2429 623 2484 δὲ
645 2430 726 2493 ὃν,
753 2430 854 2483 οὐκ
881 2430 946 2483 ἂν
971 2431 1061 2500 εἴη
1098 2430 1447 2501 περιγραφῆς
1475 2429 1785 2500 ἐλεύθερον,

204 2526 305 2590 ἕως
336 2525 407 2580 ἂν
529 2526 718 2596 σῶμα·
755 2522 874 2578 εἶτα
913 2524 1130 2594 θανάτῳ
1177 2525 1476 2596 σωματικῷ
1518 2543 1787 2596 προσομι-

207 2619 398 2687 λήσας,
429 2610 586 2688 ᾧπερ
618 2617 719 2687 οὐχ
771 2617 981 2687 ὑπῆρχε
1019 2616 1358 2687 κατάχρεως,
1389 2616 1527 2670 ἀλλά
1563 2615 1625 2669 τὸ
1650 2617 1789 2686 ὑπὲρ

208 2709 364 2780 ήμῶν
393 2709 689 2765 ἀπετίννυε
713 2710 892 2778 χρέοςο
929 2706 1014 2761 ἵνα
1043 2707 1143 2778 τὴν
1163 2710 1221 2761 ὲν
1254 2703 1427 2778 Ἀδὰμ
1453 2707 1788 2778 παράϐασιν,

210 2805 266 2856 ὲν
300 2802 487 2873 ἑαυτῷ
536 2801 846 2872 ὲξιάσηται,
882 2801 978 2854 καὶ
1007 2799 1104 2870 τὴν
1133 2796 1308 2873 ἧτταν
1346 2800 1790 2869 ἀνακαλούμενος

207 2893 306 2962 τῆς
388 2893 646 2962 φύσεως,
709 2892 991 2963 ἀναστήσῃ
1073 2891 1164 2944 τὸν
1239 2891 1530 2961 κείμενονο
1601 2889 1788 2959 ἐπειδὴ

213 3001 233 3034 ι
271 2983 581 3056 Ἀμαρτίαν
608 2985 707 3038 οὐκ
731 2983 990 3054 ἐποίησεν
1015 3024 1031 3048 ,
1063 2984 1184 3038 οὐδὲ
1218 2983 1419 3054 εὑρέθη
1447 2982 1596 3046 δόλος
1628 2983 1687 3035 ἐν
1710 2981 1790 3052 τῷ

212 3073 444 3143 στόματι
478 3072 671 3126 αὑτοῦ·
707 3091 726 3124 ι
757 3073 1078 3143 κατήργηκε
1112 3071 1211 3142 μὲν
1237 3073 1331 3124 τὸν
1362 3071 1614 3139 θάνατον,
1657 3071 1788 3125 καθ-

213 3165 319 3218 εῖλε
348 3165 408 3218 δὲ
437 3165 537 3235 τὴν
568 3163 799 3234 φθορὰν,
827 3163 940 3234 ζωὴ
986 3165 1128 3218 κατὰ
1160 3163 1324 3231 φύσιν
1359 3163 1622 3234 ὑπάρχων
1652 3163 1791 3234 ἀλη-

214 3254 317 3318 θῶς
373 3254 472 3307 καὶ
519 3253 818 3316 ἀθανασίας
858 3251 1048 3323 πηγὴ,
1103 3253 1368 3323 κρείττων
1419 3253 1653 3306 Θανάτου
1696 3249 1794 3306 καὶ

215 3345 420 3416 φθορᾶς
443 3342 653 3412 ὀφθείς
681 3346 715 3415 ἡ
743 3345 849 3416 γὰρ
875 3343 1016 3414 σὰρξ
1037 3344 1202 3396 αὐτοῦ
1224 3343 1326 3397 οὐκ
1342 3339 1452 3398 εἶδε
1472 3343 1788 3416 διαφθοράν,

215 3435 621 3490 καταποθεῐσαν
662 3437 742 3498 είς
782 3437 932 3500 νῖκος
969 3416 1085 3488 καίκ
1112 3434 1508 3502 ἀφανισθεῖσαν
1541 3434 1649 3487 ὑπὸ
1694 3433 1790 3488 τοῦ

216 3528 302 3581 τὸν
325 3527 533 3598 κόσμον
560 3527 883 3598 νικήσαντος
903 3567 916 3592 ,
953 3529 1017 3594 τῇ
1053 3525 1327 3597 κρείττονι
1372 3527 1467 3580 καὶ
1500 3525 1794 3581 πανσθενεῖ

216 3618 306 3673 τοῦ
343 3618 506 3685 λόγου
547 3619 776 3686 δυνάμει
809 3617 1248 3688 συντηρουμένη.
1282 3617 1384 3670 κᾶν
1415 3612 1482 3688 ἦν
1518 3622 1794 3686 πεφυκυῖα

216 3707 307 3762 τοῦ
340 3706 669 3778 φθείρεσθαι
689 3724 703 3737 ·
739 3703 860 3760 εἶτα
883 3707 1087 3777 ἀνέστη
1119 3708 1420 3777 τριήμερος
1444 3747 1458 3769 ,
1488 3707 1585 3760 καὶ⁹
1616 3707 1794 3762 πάντα

218 3798 284 3853 τά
309 3801 374 3852 ὲκ
405 3799 504 3868 τῆς
537 3796 810 3868 ἁμαρτίας
857 3796 1353 3867 ἐγκατασκήψαντα
1401 3798 1466 3867 τῇ
1503 3797 1663 3866 φύσει
1711 3799 1794 3850 αἱ·

217 3890 460 3960 τιάματα
503 3890 597 3942 καὶ
645 3887 1077 3960 προστρίμματα
1135 3887 1202 3940 δι’
1233 3887 1430 3941 ἑαυτοῦ
1479 3888 1795 3960 ἐκκαθάρας

219 3979 576 4051 ἀπέσμηξεν,
623 3978 810 4050 ὥσπερ
854 3979 1078 4050 ἀπαρχὴ
1120 3979 1214 4032 καὶ
1255 3979 1515 4051 ἀρραϐὼν
1545 3979 1639 4032 τοῦ
1673 3979 1794 4033 καθ’

219 4072 367 4141 ἡμᾶς
393 4069 740 4142 χρηματίσας
764 4069 1108 4141 φυράματος,
1136 4069 1392 4142 λαμπρόν
1428 4087 1487 4123 τε
1519 4069 1664 4125 οὕτω
1699 4073 1796 4126 καὶ

223 4163 418 4234 μώμου
456 4163 660 4226 παντὸς
687 4164 839 4230 ἀνευ,
871 4163 931 4216 τὸ
962 4162 1093 4216 ῑδιον
1123 4163 1409 4234 ἀποφήνας
1439 4162 1670 4234 ποίημα,
1704 4163 1800 4217 καὶ

218 4258 290 4308 τά
323 4258 388 4309 ἐκ
432 4255 532 4321 τῆς
572 4255 780 4318 οἰκείας
827 4253 986 4324 δόξης
1029 4253 1324 4326 αὐχήματα
1376 4254 1796 4326 δωρησάμενος·

221 4346 361 4399 οὕτω
382 4345 493 4416 γάρ
519 4347 614 4400 καὶ
643 4345 1060 4416 βαπτιζόμενος,
1087 4345 1188 4418 τὴν
1220 4345 1492 4418 ἡμετέραν
1521 4347 1796 4418 ἐνήργησε

1894 1887 2176 1952 Dominus,
2245 1887 2602 1957 benignitatis
2657 1885 3030 1951 abundantia,
3086 1883 3455 1938 misericordia

1887 1978 2168 2045 ineffabili,
2228 1979 2498 2034 subditam
2534 1977 2694 2032 morti
2739 1985 2992 2030 naturam
3045 1973 3350 2043 corruptela
3402 1973 3459 2026 Ii-

1888 2073 2080 2126 lierare
2113 2071 2321 2137 volens,
2355 2069 2486 2124 etin
2512 2077 2747 2124 veterem
2799 2067 3114 2122 felicitatem
3157 2065 3455 2130 vindicare,

1891 2177 2088 2232 (orpus
2110 2163 2212 2217 hoc
2237 2160 2516 2230 suscipere
2550 2173 2656 2214 non
2687 2157 2976 2222 recusavit,
3011 2155 3171 2226 quale
3203 2162 3258 2208 et
3279 2153 3457 2208 homi-

1887 2271 2008 2310 nem
2057 2255 2371 2308 damnatmn
2417 2252 2622 2306 habere
2670 2249 2974 2312 constabat,
3014 2259 3218 2315 nosque
3272 2259 3460 2298 omnes

1846 2347 1977 2426 ‘qui
2025 2346 2268 2400 eamdem
2331 2341 2734 2398 damnationem
2783 2337 3245 2422 participavimus,
3317 2336 3460 2404 quod

1887 2439 2004 2494 sine
2040 2437 2204 2492 dubio
2233 2438 2462 2490 mortale
2489 2444 2543 2488 et
2570 2431 2923 2502 corruptibilc
2943 2439 3046 2485 est.
3072 2427 3190 2482 Jam
3229 2443 3350 2482 cum
3391 2427 3463 2480 sit

1889 2541 2110 2595 corpus,
2148 2537 2296 2580 certe
2326 2521 2836 2592 circumscriptione
2878 2534 2983 2575 non
3019 2527 3192 2581 caret,
3223 2516 3460 2586 quanliu

1891 2632 2087 2686 corpus
2130 2616 2254 2670 erit.
2294 2614 2494 2667 Deinde
2539 2611 2872 2679 corporalem
2902 2618 3156 2677 expertus
3188 2615 3272 2660 est
3314 2621 3459 2658 niur-

1894 2721 2024 2773 tem,
2055 2709 2142 2763 cui
2173 2705 2464 2774 caeteroqui
2496 2721 2600 2758 non
2627 2701 3050 2763 eratobnoxius,
3088 2698 3181 2752 sed
3217 2697 3457 2750 debitum

1892 2816 1988 2870 pro
2021 2798 2173 2854 nobis
2207 2797 2406 2862 solvit;
2434 2807 2492 2849 ut
2517 2793 2712 2848 factam
2746 2792 2798 2845 itt
2830 2791 3040 2854 Adamo
3069 2787 3461 2858 transgressio~

1895 2908 2036 2956 nem,
2073 2891 2124 2944 in
2147 2904 2206 2944 se
2242 2889 2359 2958 ipso
2388 2895 2646 2952 sanaret;
2686 2893 2740 2938 et
2770 2891 2976 2937 naturae
3021 2882 3274 2936 damnum
3311 2895 3465 2946 repa-

1895 2998 2044 3050 rans,
2095 2983 2306 3052 lapsum
2359 2977 2632 3033 hominem
2691 2975 2987 3039 relevaret;
3041 2972 3293 3042 quoniam
3349 2970 3465 3039 ipse

1819 3104 1861 3162 ο
1898 3075 2180 3131 Peccatum
2227 3087 2329 3126 non
2361 3071 2508 3140 fecit,
2547 3085 2639 3123 nec
2679 3069 2918 3121 inventus
2970 3076 3044 3121 est
3093 3063 3246 3117 dolus
3275 3063 3329 3115 in
3377 3076 3468 3114 ore
3563 3105 3568 3110 .

1893 3169 2007 3238 ejus
2043 3166 2122 3230 “;
2179 3173 2408 3218 mortem
2466 3160 2756 3224 destruxit,
2807 3157 3170 3228 corruptelam
3223 3154 3463 3216 al-stulit,

1893 3275 2014 3313 cum
2052 3257 2164 3325 ipse
2193 3255 2263 3309 sit
2290 3252 2610 3307 naturaliter
2641 3263 2874 3319 vereque
2899 3250 3032 3312 vita,
3060 3256 3113 3302 et
3143 3243 3468 3300 immortali-

1896 3349 2020 3403 tatis
2058 3348 2330 3410 scatebra,
2369 3343 2619 3413 superior
2649 3341 2807 3394 morti
2838 3348 2893 3394 et
2922 3336 3254 3405 corruptioni
3281 3337 3451 3387 visus.

1895 3438 2026 3493 Nam
2049 3452 2176 3493 caro
2201 3437 2316 3506 ejus
2339 3451 2445 3490 non
2473 3434 2604 3487 vidit
2625 3432 3060 3500 corruptionem,
3088 3443 3205 3498 qua:
3221 3427 3472 3480 videlicet

1895 3532 2150 3598 absorpta
2195 3528 2298 3582 fuit
2331 3528 2387 3582 in
2424 3525 2734 3588 victoriam,
2767 3533 2822 3576 et
2859 3540 2888 3576 a
2927 3522 3112 3574 mundi
3145 3521 3345 3574 victore
3376 3517 3470 3570 dc-

1895 3623 2124 3684 liellata;
2155 3633 2281 3674 caro
2311 3627 2493 3671 autem
2530 3631 2562 3669 a
2598 3615 2885 3684 superiore
2909 3624 3072 3681 atque
3103 3609 3471 3678 omnipotente

1901 3711 2057 3766 Vetbi
2121 3712 2322 3764 virtute
2367 3716 2687 3763 conservata
2743 3718 2869 3767 est,
2920 3718 3227 3772 quanquam
3284 3709 3472 3770 suapte

1898 3815 2091 3860 natura
2129 3801 2466 3870 corruptioui
2498 3808 2646 3855 esset
2679 3798 2912 3852 obnoxia
2951 3795 3085 3866 (48).
3123 3794 3322 3848 Deinde
3352 3799 3472 3861 post

1899 3899 2134 3953 triduum
2170 3893 2506 3957 resurrexit;
2559 3901 2613 3946 et
2659 3905 2849 3945 Omnes
2921 3888 3010 3956 qui
3052 3902 3117 3939 ex
3151 3894 3370 3954 peccato
3419 3884 3472 3936 in

1899 4000 2146 4042 naturam
2175 3985 2538 4040 incubuerant
2571 3989 2759 4036 reatus
2801 3990 2962 4048 atque
3005 3977 3352 4037 detrimenta,
3379 3988 3475 4041 per

1899 4097 1956 4136 se
1989 4092 2227 4149 purgans
2259 4075 2538 4138 abstersit,
2573 4071 2852 4128 inchoatio
2891 4067 3056 4121 veluti
3085 4076 3137 4120 et
3186 4067 3349 4118 art-Ita
3381 4079 3476 4117 no-

1899 4171 1996 4226 stri
2033 4169 2208 4223 factus
2262 4165 2581 4236 plasmatis;
2625 4162 2965 4233 splendidam
2999 4162 3070 4213 ita
3111 4171 3275 4228 atque
3326 4157 3473 4210 omni

1904 4259 2285 4316 criminatione
2351 4257 2580 4312 liberam
2635 4260 2939 4308 creaturam
2995 4267 3148 4306 suam
3215 4248 3474 4314 iniciens,

1901 4353 2057 4418 eique
2106 4348 2291 4417 gloriae
2340 4360 2452 4400 sure
2505 4345 2704 4399 decora
2767 4341 3026 4410 largiens.
3083 4338 3175 4392 Sic
3229 4339 3372 4392 enim
3422 4346 3479 4390 et

223 4439 513 4511 κάθαρσιν,
541 4437 570 4490 ὁ
600 4439 784 4508 πάσης
809 4439 1070 4494 ἐπέκεινα
1111 4438 1488 4510 καθαρότητος
1514 4457 1530 4471 ο
1558 4439 1715 4492 τοῦτο
1743 4440 1786 4493 δὲ

1905 4441 2241 4510 baptizatus,
2273 4447 2517 4493 nostram
2550 4433 2761 4505 peregit
2792 4434 3184 4502 purgationem,
3218 4446 3336 4484 cum
3361 4430 3478 4499 ipse

223 4533 315 4586 καὶ
338 4532 510 4586 πάλαι
535 4531 600 4586 ἂν
618 4531 1008 4603 πεπλουτήκει,
1023 4532 1181 4604 εἴπερ
1197 4532 1258 4584 τὸ
1274 4532 1388 4584 ἀπα
1397 4530 1531 4602 ρχῆς
1557 4530 1801 4595 κτισθεὶς

223 4623 254 4678 ὁ
285 4621 576 4693 ἄνθρωπος
611 4621 711 4694 τὴν
748 4623 972 4694 ἐντολὴν
1005 4624 1302 4694 τετηρήκει
1341 4621 1436 4679 τοῦ
1467 4622 1796 4686 κτίσαντος·

224 4709 460 4780 καὶγὰρ
511 4709 596 4762 ἐπ’
642 4709 916 4782 ἀθανασίᾳ
961 4711 1099 4782 πρὸς
1127 4711 1221 4764 τοῦ
1263 4712 1796 4782 Δημιουργήσαντος,

223 4801 320 4853 καὶ
351 4803 420 4872 τῇ
451 4801 586 4873 πρὸς
611 4800 676 4856 τὸ
703 4804 951 4874 κρεῖττον
987 4803 1266 4875 ἀναδρομῇ
1299 4804 1724 4874 παρενήνεκται.

295 4984 408 5038 Καὶ
445 4983 619 5040 ταῦτα
658 4987 808 5057 ἡμᾶς
855 4987 905 5040 οἱ
939 4985 1197 5058 ἡμέτεροι
1245 4984 1559 5040 διδάσκαλοι
1606 4985 1801 5040 ἐκπαι-

227 5075 504 5129 δεύουσιν·
539 5078 734 5150 εἴρηκε
781 5077 892 5148 γάρ
929 5093 1034 5130 που
1069 5079 1096 5131 ὁ
1125 5077 1269 5140 θεῖος
1309 5076 1666 5140 Ἀπόστολοςο
1699 5078 1802 5132 Διὰ

231 5165 422 5234 τοῦτο,
467 5168 676 5238 ὥσπερ
705 5169 778 5223 δι’
817 5169 958 5236 ἐνὸς
995 5169 1310 5238 ἀνθρώπου
1354 5168 1393 5233 ἡ
1425 5169 1680 5238 ἁμαρτία
1713 5171 1802 5234 εὶς

231 5261 336 5314 τὸν
358 5261 591 5330 κόσμον
619 5258 891 5329 εἰσῆλθε,
923 5261 1022 5314 καὶ
1065 5258 1164 5314 διὰ
1189 5259 1300 5328 τῆς
1321 5259 1606 5328 ἁμαρτίας
1638 5262 1670 5314 ὁ
1696 5258 1799 5313 θά-

227 5369 408 5420 γητος
431 5371 445 5384 ·
474 5353 576 5407 καί
598 5352 786 5419 οὕτως
804 5355 893 5418 είς
915 5351 1151 5418 πάντας
1187 5351 1540 5420 ἀνθρώπους
1571 5355 1603 5405 ό
1623 5351 1801 5405 θάνα-

231 5531 273 5565 ⁶⁸
309 5529 410 5586 lsa.
450 5543 574 5597 ιιιι,
605 5528 638 5584 9
664 5527 723 5596 ;l
761 5528 905 5583 Petr.
939 5527 1110 5594 ".22.
1187 5529 1230 5560 "
1257 5526 1416 5581 Rom.
1453 5526 1612 5591 v,12.

1907 4547 2068 4601 supra
2098 4545 2316 4584 omnem
2350 4528 2668 4582 munditiem
2703 4535 2868 4580 esset.
2901 4521 2956 4577 Id
2981 4531 3160 4577 autem
3187 4522 3315 4576 olim
3343 4535 3477 4591 quo-

1904 4639 2010 4694 que
2042 4638 2146 4678 non
2180 4620 2462 4683 defuisset,
2503 4619 2547 4672 si
2577 4626 2794 4672 creatus
2825 4617 2891 4668 ab
2945 4617 3098 4669 initio
3145 4617 3303 4668 homo
3345 4627 3478 4682 pra:-

1904 4726 2118 4784 ceptttm
2165 4711 2442 4766 Creatoris
2475 4711 2840 4776 observasset.
2881 4707 3016 4763 Nam
3057 4723 3228 4778 usque
3273 4706 3338 4759 ad
3381 4707 3476 4759 im~

1906 4805 2291 4862 mortalitatem
2340 4803 2742 4872 transitumque
2782 4802 2848 4856 ad
2893 4801 3136 4866 meliora,
3167 4817 3192 4852 a
3219 4799 3479 4854 Creatore

1906 4905 2194 4967 provectus
2225 4893 2434 4950 fuisset.

1982 4986 2105 5041 llaec
2140 5001 2240 5040 nos
2265 4984 2507 5055 magistri
2540 4984 2712 5040 nostri
2741 4983 2958 5038 docent.
3008 4982 3149 5034 Dixit
3197 4979 3339 5033 enim
3377 4977 3476 5031 ali-

1908 5076 2121 5145 quando
2151 5076 2304 5129 divus
2330 5075 2618 5145 Apostolus
2646 5093 2659 5127 :
2691 5072 2981 5141 Pr0pterea
3013 5073 3147 5125 sicut
3193 5085 3285 5136 per
3314 5083 3476 5121 unum

1907 5167 2167 5224 hominem
2197 5175 2466 5234 peccatum
2496 5167 2551 5220 in
2583 5168 2832 5220 mundum
2859 5163 3116 5223 introivit,
3147 5174 3192 5214 et
3229 5175 3320 5228 per
3353 5173 3477 5227 pec~

1908 5273 2086 5314 catum
2125 5278 2286 5322 mors,
2305 5270 2462 5331 atque
2492 5263 2546 5314 in
2570 5277 2746 5314 omnes
2772 5259 3008 5312 homines
3045 5272 3180 5310 mors
3210 5266 3474 5326 pertrans-

1908 5354 1965 5406 iit
1996 5354 2062 5406 θ’.
2094 5351 2218 5409 llaec
2268 5353 2614 5422 antiquorum
2643 5351 2802 5406 etiam
2842 5349 3219 5404 nonnullorum
3263 5346 3469 5416 sapien-

302 5685 412 5756 (ιιι)
453 5684 566 5739 lloc
598 5683 792 5739 dicitur
827 5683 1079 5737 adversus
1108 5685 1354 5738 haeresim
1394 5681 1970 5750 lz-ctrrttptiCttlat'um.
