3898 6150
399 298 504 361 H3
1433 298 1495 359 S.
1536 296 1956 359 NICEPHORI
1996 297 2503 359 PATPtlARCH/E
2538 297 2641 359 ΟΡ.
3568 283 3689 349 444

404 414 547 464 tibus
580 404 762 464 elatis
788 405 1163 473 continentur,
1195 404 1247 461 in
1279 403 1476 476 quibus
1502 405 1762 463 scribitur
1803 422 1816 459 :
1851 406 1991 473 quod

2103 422 2198 470 τος
2226 402 2437 472 διῆλθε
2461 421 2474 435 ³
2506 404 2680 458 ταῦτα
2715 402 2811 457 καὶ
2842 401 3089 475 ἀρχαίων
3118 401 3283 456 τινῶν
3315 398 3484 466 σοφαὶ
3511 413 3682 470 περι-

406 503 547 557 Deus
602 510 832 555 mortem
889 514 996 554 non
1048 497 1258 564 fecerit,
1313 497 1408 553 sed
1460 497 1529 553 ad
1578 497 1982 553 subsistendum

2103 497 2271 567 ἔχουσι
2285 499 2495 568 ῥήσεις,
2512 496 2635 551 καθ’
2648 496 2716 560 ἃς
2737 496 3065 567 γέγραπται,
3083 497 3195 550 ὅτι(
3215 495 3276 549 '0
3292 493 3427 556 Θεὸς
3443 492 3685 547 θάνατον

406 602 602 645 cuncta
646 590 955 656 creaverit;
1015 596 1093 655 et,
1129 586 1273 657 quod
1317 590 1588 644 salutares
1637 587 1748 643 sint
1801 587 1984 642 mundi

406 682 670 750 origines,
699 697 872 753 neque
898 682 979 737 eis
1015 681 1206 735 mortis
1231 681 1587 749 pharmacum
1633 678 1764 735 insit
1793 680 1838 712 “
1869 699 1882 734 :
1910 691 1986 744 et,

406 776 553 844 quod
588 774 729 828 Deus
761 776 1037 829 hominem
1077 773 1381 827 condiderit
1407 772 1475 828 ad
1498 771 1990 841 incorruptibilita-

411 877 539 931 teiu,
575 867 774 921 invidia
814 875 996 920 autem
1026 864 1224 919 diaboli
1258 865 1478 920 morsin
1523 865 1783 921 mundum
1817 866 1988 920 intra-

411 960 552 1012 verit
591 958 657 1011 “.
684 958 780 1013 His
808 972 1044 1014 consona
1069 957 1295 1012 Patrum
1325 972 1541 1028 quoque
1576 956 1852 1027 religionis
1885 972 1987 1011 nn-

409 1058 537 1105 strze
564 1050 945 1118 magistrorum
978 1062 1140 1103 voces
1167 1048 1485 1119 przedicaut.
1530 1048 1685 1116 Quod
1703 1063 1838 1119 ergo
1870 1063 1990 1103 ma-

404 1141 524 1211 jore
553 1141 968 1196 conlirmatione
993 1140 1290 1211 indigebat,
1336 1140 1390 1195 id
1424 1154 1614 1210 reapse
1660 1155 1721 1195 ea
1757 1142 1988 1211 potitum

407 1241 516 1288 est.
560 1229 676 1292 Non
707 1230 851 1285 enim
880 1244 1080 1299 corpus
1120 1228 1405 1297 oportebat
1440 1228 1556 1283 ﬁeri
1583 1229 1984 1297 incorporeum,

409 1331 470 1376 ut
521 1331 668 1377 esset
715 1322 881 1376 etiam
940 1321 1500 1389 incircumscriptum,
1552 1319 1989 1388 quandoquidem

409 1427 519 1468 non
566 1414 771 1482 absque
823 1426 1052 1482 corpore
1083 1412 1245 1466 homo
1275 1421 1488 1466 creatus
1520 1410 1627 1464 fuit
1660 1428 1674 1464 :
1708 1426 1882 1482 neque
1906 1426 1991 1466 se-

411 1507 531 1561 rius
571 1514 790 1575 propter
840 1516 1120 1573 peceatum
1169 1520 1366 1574 corpus
1416 1505 1466 1560 ei
1520 1505 1752 1560 accessit
1805 1504 1918 1575 (49)
1974 1522 1987 1559 :

413 1595 613 1665 alioqui
663 1610 838 1665 neque
868 1594 1033 1649 homo
1065 1597 1367 1652 exstitisset
1395 1611 1573 1666 neque
1603 1599 1988 1666 transgressio.

412 1686 470 1741 In
499 1703 605 1757 quo
636 1690 782 1742 enim
828 1686 1046 1741 demum
1080 1697 1361 1755 peceatqu
1412 1696 1682 1757 patratum
1716 1688 1839 1755 fuit,
1887 1690 1991 1745 nisi

2084 588 2186 641 οὐκ
2217 588 2501 657 ἐποίησεν,
2553 587 2670 642 ἀλλ’
2702 587 2922 642 ἔκτισεν
2959 588 3043 651 είς
3082 587 3144 641 τὸ
3181 581 3322 640 εἶναι
3352 584 3425 640 τὰ
3452 584 3638 639 πάντα.
3659 599 3679 612 ⁸

2086 679 2183 733 καὶ
2235 680 2497 751 σωτήριοι
2519 680 2575 733 αἱ
2597 680 2843 749 γενέσεις
2873 678 2970 733 τοῦ
3000 678 3230 748 κόσμου,
3256 676 3355 732 καὶ
3385 676 3488 729 οὐκ
3526 674 3686 728 ἐστιν

2087 773 2145 825 ὲν
2169 772 2361 834 αὑταῖς
2390 770 2686 843 φάρμακον
2705 772 2928 842 ὀλέθρου
2948 788 2963 802 ’
2998 790 3017 824 ι
3055 772 3171 835 καὶ,
3194 770 3278 825 ὅτι
3309 770 3351 821 ι’
3367 772 3409 823 0
3430 768 3567 833 Θεὸς
3591 768 3688 822 ἔκ-

2086 878 2205 916 τισε
2226 861 2319 915 τὸν
2340 861 2629 933 ἄνθρωπον
2663 863 2750 916 ἐπ’
2781 861 3083 933 ἀφθαρσίᾳ,
3112 860 3209 914 καὶ
3229 858 3408 929 φθόνῳ
3423 857 3687 912 διαϐόλου

2090 953 2319 1018 θάνατος
2334 956 2415 1017 εἰς
2431 954 2524 1007 τὸν
2546 954 2751 1026 κόσμον
2773 954 2991 1024 εἰσῆλθε
3017 969 3032 984 ⁸
3055 973 3076 1006 ι
3102 952 3316 1014 τούτοις
3345 951 3564 1021 συνῳδὰ
3582 951 3689 1005 καὶ

2088 1047 2196 1101 τῶν
2238 1046 2583 1118 ίερομυστῶν
2619 1046 2882 1118 Πατέρων
2909 1047 2966 1100 αἱ
3010 1045 3190 1114 φωναὶ
3220 1041 3646 1114 διαγορεύουσιν
3666 1057 3685 1073 ·

2090 1138 2228 1209 ὅπερ
2254 1134 2347 1191 οὖν
2377 1137 2548 1191 ἐδεῖτο
2581 1137 2838 1209 βοηθείας
2868 1138 2970 1208 τῆς
3003 1137 3342 1208 κρείττονος,
3378 1133 3544 1188 τοῦτο
3587 1132 3690 1186 καὶ

2090 1230 2352 1300 τυγχάνει
2382 1247 2396 1260 ·
2421 1229 2485 1283 ού
2512 1229 2622 1300 γὰρ
2650 1229 2713 1282 τὸ
2737 1228 2899 1299 σῶμα
2925 1227 3034 1281 ἔδει
3063 1226 3323 1295 γενέσθαι
3356 1223 3689 1295 ἀσώματον,

2093 1322 2181 1377 ἵνα
2273 1323 2370 1377 καὶ
2402 1322 2844 1394 ἁπερίγραπτον,
2877 1320 3113 1391 ἐπείπερ
3132 1321 3236 1373 οὐκ
3255 1304 3386 1373 ἄνευ
3425 1317 3689 1387 σώματος

2092 1415 2424 1487 ὁᾶνθρωπος
2449 1415 2942 1486 δεδημιούργηται,
2964 1412 3088 1467 οὐδὲ
3108 1412 3187 1476 είς
3210 1410 3443 1482 ὕστερον
3465 1409 3557 1463 διὰ
3578 1410 3688 1478 τὴν

2095 1509 2373 1581 ἁμαρτίαν
2403 1508 2555 1580 αὐτῷ
2597 1508 2660 1561 τὸ
2696 1507 2859 1577 σῶμα
2894 1505 3300 1577 προσγέγονεν·
3354 1503 3389 1575 ἢ
3445 1502 3558 1574 γὰρ
3614 1500 3690 1554 ἂν

2094 1602 2215 1655 οὐδὲ
2243 1602 2550 1671 ἄνθρωπος,
2589 1600 2711 1654 οὐδὲ
2736 1598 3056 1671 παράϐασις
3084 1615 3100 1631 ο
3133 1599 3192 1650 ὲν
3237 1595 3347 1651 τίνι
3387 1595 3499 1666 γὰρ
3541 1594 3690 1658 ὅλως

2096 1694 2164 1747 τὰ
2191 1694 2290 1764 τῆς
2322 1692 2597 1764 ἁμαρτίας
2627 1692 2972 1763 ἐπέπρακτο,
2993 1690 3133 1747 ἀλλὰ
3151 1688 3222 1744 τὰ
3252 1689 3385 1760 περὶ
3408 1688 3472 1741 τὸ
3496 1687 3687 1758 σῶμα,

414 1780 468 1834 in
505 1779 752 1849 corporis
772 1777 1176 1843 aﬂ'ectionibus,
1207 1795 1327 1849 quae
1356 1777 1469 1846 jam
1495 1780 1546 1833 in
1574 1780 1748 1850 ipsum
1774 1791 1996 1851 propter

2103 1788 2244 1859 ἅπερ
2275 1788 2375 1859 ἤδη
2424 1786 2514 1840 διὰ
2550 1785 2652 1858 τὴν
2702 1785 3019 1857 είσποίητον
3052 1782 3205 1855 αὐτῷ
3250 1781 3536 1853 ἁμαρτίαν
3568 1782 3690 1833 εἰσ-

414 1872 661 1926 inolitum
691 1882 968 1940 peceatum
1016 1871 1382 1926 introierant?
1411 1869 1580 1942 Igitur
1623 1881 1917 1928 renovatur
1945 1875 1999 1928 in

413 1966 634 2020 Christo
665 1974 857 2019 natura
910 1973 965 2019 et
995 1964 1259 2019 salvatnr.
1291 1964 1361 2019 Et
1417 1967 1561 2035 quod
1604 1978 1806 2035 corpus
1859 1967 1999 2021 Deus

413 2057 739 2125 assumpsit,
772 2056 1061 2111 deiﬁcatur
1091 2066 1286 2121 totum,
1346 2056 1399 2110 in
1438 2056 1636 2112 melius
1669 2064 2001 2113 transmuta-

417 2157 551 2211 tum.
598 2155 655 2202 et.
700 2144 1061 2202 ineﬂ'abilibus
1114 2147 1456 2202 ornamentis
1521 2157 1877 2213 coronatum;
1937 2163 2002 2202 ac

416 2238 663 2306 spiritale
708 2239 968 2309 deinceps
1023 2247 1163 2303 erat,
1200 2247 1362 2307 atque
1403 2254 1619 2294 omnem
1667 2253 2001 2308 exsuperans

415 2324 754 2379 iuaterialem
801 2337 1188 2395 terrenamquc
1232 2327 1768 2397 crassitiem.Neqne
1796 2329 2001 2384 idcirco

416 2430 615 2484 corpus
659 2431 783 2471 esse
823 2417 1007 2481 desiit,
1048 2418 1144 2472 sed
1188 2433 1390 2485 corpus
1437 2433 1557 2474 esse
1612 2423 1998 2489 perseveravit,

416 2508 749 2563 cuicuimodi
781 2509 1000 2563 demum
1036 2509 1090 2563 id
1121 2519 1227 2576 est,
1253 2522 1306 2564 et
1339 2522 1487 2565 certe
1505 2511 1996 2582 circumscriptum.

420 2598 537 2655 Non
573 2602 717 2655 enim
751 2603 997 2658 exterius
1042 2608 1291 2673 provenit
1338 2619 1516 2671 neque
1543 2619 1606 2658 ex
1650 2614 1869 2673 peccato
1902 2607 2001 2659 cir-

416 2692 796 2760 eumscriptio,
830 2696 1105 2759 quomodo
1138 2693 1444 2762 corruptela
1476 2702 1531 2745 et
1558 2692 1677 2747 alia:
1721 2694 2001 2762 passiones

416 2784 817 2849 subintrarunt,
850 2785 943 2839 sed
968 2800 1030 2839 ea
1061 2784 1309 2853 corporis
1334 2795 1416 2838 est
1451 2784 2002 2855 iudigena,atquc,ut

421 2874 494 2929 ita
534 2876 733 2939 dicam,
764 2878 879 2930 haec
911 2885 995 2930 est
1021 2877 1265 2945 corporis
1298 2876 1730 2941 circumsmntia,
1755 2885 1809 2930 et
1836 2877 2001 2944 ipsius

419 2970 685 3022 terminus
720 2980 883 3037 atque
933 2970 1092 3024 ratio.
1129 2969 1261 3023 Nam
1323 2969 1480 3040 113
1532 2969 1578 3022 si
1627 2970 1750 3037 quis
1780 2969 2002 3022 deﬁniat

416 3075 614 3130 corpus
632 3061 825 3128 triplici
849 3060 1110 3129 qualitate
1128 3074 1406 3124 constare,
1426 3061 1506 3113 vel
1529 3060 1833 3129 physicum,
1850 3074 2000 3127 orga-

2101 1882 2380 1951 έιρρησενς
2414 1879 2613 1934 οὐκοῦν
2643 1879 2950 1944 καινίζεται
2983 1878 3082 1949 μὲν
3110 1878 3144 1948 ἡ
3169 1876 3329 1946 φύσις
3365 1876 3423 1928 ὲν
3458 1871 3693 1945 Χριστῷ

2100 1974 2196 2026 καὶ
2229 1971 2578 2037 ἀνασώζεται
2600 1989 2615 2004 ο
2640 1972 2737 2025 καὶ
2766 1972 2794 2025 ὃ
2823 1970 3228 2042 προσείληπται
3257 1969 3336 2040 τῷ
3356 1966 3480 2038 Θεῷ
3498 1966 3687 2036 σῶμα,

2097 2063 2365 2118 τεθέωται
2400 2064 2500 2134 μὲν
2527 2063 2674 2127 ὅλον,
2706 2063 2799 2117 ἐπὶ
2825 2062 2886 2116 τὸ
2924 2062 3135 2132 βέλτιον
3164 2058 3692 2132 μεταστοιχειούμε-

2100 2171 2212 2219 νον,
2253 2156 2348 2208 καὶ
2380 2155 2502 2219 ταῖς
2547 2155 2813 2227 ἀρρήτοις
2856 2153 3138 2215 εὐκλείαις
3179 2151 3686 2221 καταστεφόμενον,

2100 2247 2478 2316 πνευματικόν
2506 2263 2567 2299 τε
2622 2242 2692 2317 ἦν
2723 2246 2933 2311 λοιπὸν,
2984 2246 3079 2299 καὶ⁸
3134 2246 3317 2299 πᾶσαν
3354 2241 3693 2311 ύπερϐαϊνον

2102 2336 2294 2390 ύλαίαν
2326 2339 2419 2391 καὶ⁵
2450 2336 2633 2408 γεώδη
2667 2336 2990 2409 παχύτητα·
3028 2336 3087 2390 τὸ
3114 2336 3173 2390 δὲ
3226 2333 3368 2389 εῖναι
3420 2334 3584 2402 σῶμα
3620 2332 3690 2385 οὐ

2101 2430 2442 2502 παρῄτηται,
2477 2431 2640 2500 σῶμα
2672 2430 2729 2483 δὲ
2782 2430 3095 2501 μεμενηκὸς
3126 2429 3230 2482 κᾶν
3258 2426 3547 2482 ὁποιονοῦν
3590 2425 3691 2479 καὶ

2099 2524 2249 2585 ὅπως
2289 2522 2434 2592 ἕχον,
2490 2522 2586 2575 καὶ
2630 2521 3075 2591 περιγράφεσθαι
3124 2519 3405 2587 πέφυκεν·
3459 2519 3523 2570 οὐ
3574 2517 3691 2589 γὰρ

2101 2612 2301 2678 ἔξωθεν
2331 2614 2426 2664 καὶ
2454 2612 2518 2665 ὲκ
2547 2612 2642 2681 τῆς
2678 2611 2956 2680 ἁμαρτίας
2988 2611 3020 2682 ἡ
3050 2609 3396 2680 περιγραφὴ,
3431 2608 3626 2680 ῶσπερ
3651 2610 3686 2679 ἡ

2102 2705 2277 2775 φθορὰ
2302 2706 2397 2758 καὶ
2423 2703 2592 2758 τᾶλλα
2619 2703 2769 2774 πάθη
2790 2702 3140 2773 ὲπεισῆκται,
3164 2702 3281 2756 ἀλλ’
3303 2701 3560 2755 αὐτόθεν-
3590 2702 3691 2755 καὶ

2100 2796 2173 2859 ὡς
2196 2796 2264 2850 ἂν
2288 2798 2433 2848 εἴποι
2461 2813 2546 2859 τις
2577 2796 2609 2865 ἡ
2639 2794 2735 2848 τοῦ
2763 2794 3014 2865 σώματος
3038 2795 3359 2865 περίστασις
3387 2793 3482 2847 καὶ
3503 2795 3533 2845 6
3563 2791 3691 2845 κατ’

2101 2888 2233 2941 αὐτὸ
2262 2890 2387 2959 ὅρος
2411 2904 2469 2940 τε
2502 2887 2601 2940 καὶ
2624 2887 2785 2954 λόγος
2811 2902 2824 2918 ’
2847 2887 2895 2938 εί
2919 2886 3028 2955 γάρ
3055 2903 3137 2948 τις
3163 2885 3409 2956 ὁρίσαιτο
3439 2883 3501 2937 τὸ
3525 2884 3693 2953 σῶμα
3778 2886 3793 2891 ⁷

2101 2976 2239 3033 εἶναι
2267 2983 2429 3050 τριχῆ
2459 2978 2771 3041 διαστατδν,
2824 2978 2857 3048 ἢ
2891 2977 3144 3048 φυσικὸν,
3177 2976 3484 3046 ὀργανικὸν,
3523 2976 3692 3029 δονά-

2106 3090 2195 3142 μει
2240 3073 2390 3141 ζωὴν
2438 3072 2583 3140 ἕχον,
2626 3069 2659 3141 ἢ
2704 3069 2765 3122 τὺ
2811 3068 3290 3139 ἐσχηματισμένον
3336 3067 3431 3121 καὶ
3482 3068 3691 3137 πέρασι

420 3151 623 3212 nicum,
663 3152 852 3204 intima
883 3152 1086 3206 virtute
1126 3152 1345 3217 vivens;
1374 3152 1457 3205 vel
1501 3153 1789 3220 ﬁguratum
1811 3160 1863 3204 et
1894 3160 1997 3204 ter-

2104 3162 2513 3235 διειλημμένον,
2535 3163 2680 3233 ἅπερ
2709 3161 2935 3217 οίκείως
2967 3162 3063 3214 ἐπὶ
3091 3161 3186 3214 τοῦ
3214 3160 3336 3214 καθ’
3366 3162 3516 3231 ἡμᾶς
3546 3159 3692 3228 λαμ-

421 3242 584 3297 niiuis
632 3244 1120 3311 comprehensum,
1152 3260 1272 3313 qua:
1310 3244 1489 3298 omnia
1533 3243 1702 3298 nostri
1758 3243 1998 3311 corporis

421 3333 637 3403 propria
676 3343 823 3397 sunt,
854 3333 988 3386 nihil
1022 3334 1164 3388 aliud
1219 3349 1382 3403 quam
1418 3333 1550 3387 illud
1594 3347 1718 3388 esse
1764 3333 2000 3387 circnm-

420 3425 685 3493 seriptuni
721 3423 1061 3492 signiﬁcabit.

495 3536 623 3592 Post
659 3537 1114 3592 resurrectionem
1167 3536 1334 3607 igitur
1385 3552 1416 3591 a
1467 3537 1719 3601 mortuis,
1790 3534 1998 3593 Christi

424 3645 647 3699 corpus,
681 3644 991 3700 quanquam
1030 3627 1286 3683 deiﬁcato
1322 3627 1503 3682 simile
1532 3637 1703 3682 tutum
1728 3628 1999 3698 apparuit,

426 3723 596 3778 nihilo
629 3732 810 3776 tamen
846 3722 1024 3775 minus
1045 3734 1247 3788 corpus
1274 3720 1539 3774 remansit
1569 3737 1582 3774 :
1628 3736 1734 3774 non
1765 3720 1910 3774 enim
1934 3718 2002 3773 ad

426 3815 644 3869 deitatis
661 3812 1023 3867 substantiam
1054 3820 1137 3866 est
1168 3810 1634 3865 transfurmatum.
1688 3811 1824 3864 Nam
1859 3810 2003 3879 quod

424 3904 678 3958 Christus
707 3901 1005 3956 secundum
1036 3914 1259 3953 carnem
1290 3896 1400 3967 jam
1434 3882 1544 3979 non
1586 3900 1909 3968 agnoscitur
1931 3899 1997 3960 ⁸³,

426 3996 570 4052 haud
602 3995 756 4049 nobis
786 3993 1059 4063 signiﬁcat
1090 3991 1337 4060 corporis
1370 3992 1732 4047 cessationem
1766 4001 1859 4045 aut
1904 3993 2004 4045 de-

426 4086 917 4158 positionem,sunt
943 4081 1088 4138 enim
1119 4078 1203 4135 hae
1235 4078 1659 4134 Manichaeorum
1705 4079 2007 4133 hallucina-

2106 3257 2331 3311 ϐάνεται
2385 3255 2659 3326 σώματος,
2706 3255 2862 3309 οὐδὲν
2896 3253 3149 3326 ἕτερονῆ
3195 3253 3258 3307 τὸ
3307 3252 3693 3325 περιγραπτδν

2106 3348 2242 3405 αὐτὸ
2278 3343 2419 3401 εἶναι
2452 3349 2887 3419 κατασημήνειε.

2177 3532 2333 3589 Μετὰ
2383 3532 2519 3602 γοῦν
2552 3532 2651 3604 τὴν
2710 3533 2775 3586 ἐκ
2822 3531 3037 3603 νεκρῶν
3105 3531 3424 3599 ἀναϐίωσιν,
3479 3530 3543 3585 τὸ
3590 3530 3691 3585 τοῦ

2107 3626 2349 3698 Χριστοῦ
2388 3625 2568 3696 σῶμα,
2601 3623 2780 3679 καίτοι
2815 3623 3225 3677 θεοειδέστατον
3262 3623 3382 3676 ὅλον
3424 3626 3687 3692 πεφηνὸς,

2113 3719 2419 3790 μεμένηκεν
2450 3719 2602 3788 ὅμως
2636 3717 2827 3787 σῶμα’
2847 3716 2906 3768 ού
2938 3716 3048 3786 γὰρ
3078 3712 3160 3779 είς
3185 3716 3284 3787 τὴν
3309 3715 3407 3785 τῆς
3436 3714 3694 3786 θεότητος

2109 3810 2300 3863 οὐσίαν
2328 3808 2762 3880 μετακεχώρηκε
2784 3823 2798 3839 ⁸
2824 3812 2886 3860 τδ
2909 3807 3018 3879 γὰρ
3046 3807 3249 3878 μηκέτι
3279 3807 3515 3877 Χριστὸν
3546 3805 3694 3859 κατὰ

2112 3901 2293 3972 σάρκα
2310 3898 2704 3970 γινώσκεσθαι,
2722 3899 2782 3952 ού
2808 3898 2903 3952 τοῦ
2928 3899 3181 3969 σώματος
3197 3901 3333 3968 ἡμῖν
3356 3897 3694 3969 ὑπαγορεύει

2110 3995 2211 4053 τὴν
2248 3992 2583 4064 παραίτησιν
2616 3992 2649 4062 ἢ
2680 3991 2781 4062 τὴν
2806 3990 3103 4057 ἀπόθεσιν,
3145 3990 3489 4061 Μανιχαῖκδν
3529 3988 3695 4043 τοῦτο

2111 4085 2172 4139 τὸ
2205 4085 2416 4152 σκότος,
2446 4084 2666 4139 ἀλλ’ὅτι
2698 4083 2806 4137 τῶν
2840 4083 3177 4155 σωματικῶν
3207 4082 3467 4152 ἀναγκῶν
3497 4081 3697 4154 ἐξῄρη-

428 4180 628 4244 tiones,
678 4178 771 4232 sed
812 4175 967 4247 quod
1016 4173 1397 4238 corporalibus
1471 4170 1899 4226 necessitatibus
1935 4170 1997 4225 sil

2114 4195 2223 4238 ται,
2257 4179 2350 4230 καὶ
2395 4174 2506 4230 τῶν
2557 4175 2833 4248 σαρκικῶν
2892 4175 3083 4230 παθῶν
3121 4176 3215 4230 καὶ
3270 4175 3372 4245 τῆς
3419 4176 3696 4245 ἡμετέρας

426 4277 735 4339 exemptus,
768 4278 823 4322 et
846 4282 912 4321 ex
941 4263 1254 4320 carnalibus
1279 4261 1656 4317 aﬁ’ectionibus
1709 4270 1997 4331 nostraque

2115 4268 2399 4333 ἀσθενείας
2442 4268 2763 4341 ἐκϐέϐηκεν,
2804 4263 2919 4322 οἷον
2960 4267 3055 4324 τοῦ
3117 4270 3181 4322 ὲκ
3238 4270 3339 4339 τῆς
3378 4266 3697 4336 ὁδοιπορίας

428 4362 746 4415 iulirmitate
768 4356 1090 4418 excesserit,
1126 4362 1255 4424 puta
1297 4352 1483 4407 labore
1515 4367 1583 4407 ex
1618 4352 1836 4421 itinere,
1891 4354 1997 4421 siti,

2115 4358 2286 4415 κόπου
2312 4358 2476 4430 δίψης
2509 4375 2567 4410 τε
2614 4364 2708 4413 καὶ
2755 4361 2948 4429 πείνης
2989 4360 3084 4413 καὶ
3133 4358 3359 4425 δειλίας,
3413 4360 3508 4413 καὶ
3561 4360 3617 4412 εί
3643 4377 3697 4414 τι

429 4454 593 4519 fatue,
637 4464 858 4519 pavore,
888 4457 945 4502 et
971 4448 1013 4501 si
1044 4447 1173 4517 quid
1203 4446 1347 4499 aliud
1373 4445 1809 4516 esthujusmodi.
1842 4466 1861 4500 ι
1885 4445 1997 4503 Non

2116 4450 2323 4514 τούτοις
2356 4450 2764 4522 παραπλήσιον.
2816 4470 2835 4503 ι
2868 4451 3068 4505 Οὐκέτι
3101 4450 3199 4523 μὲν
3222 4452 3331 4521 γὰρ
3358 4453 3562 4521 σάρκα,
3595 4454 3697 4506 οὐκ

370 4606 375 4609 η
428 4543 571 4594 enim
607 4540 716 4608 jam
755 4554 887 4594 caro
922 4548 1028 4606 est,
1070 4552 1244 4606 neque
1297 4550 1476 4593 tamen
1511 4548 1597 4594 est
1628 4540 1997 4611 incorporeus,

2110 4544 2406 4615 ἀσώματον
2452 4544 2533 4608 δὲ,
2578 4545 2696 4598 ἀλλ’
2754 4539 2842 4608 οἷς
2897 4539 3004 4598 οἶδε
3054 4543 3237 4614 λόγοις
3292 4544 3695 4616 θεοειδεστέρου

432 4633 526 4685 :ed
554 4645 639 4692 co,
668 4644 826 4699 quem
861 4630 974 4698 ipse
1003 4629 1132 4693 scit,
1158 4627 1396 4683 deiﬁcati
1431 4630 1680 4699 corporis
1700 4632 1881 4699 modo,
1912 4650 1931 4682 ι
1956 4648 1986 4685 ιι

2115 4636 2391 4708 σώματος,
2428 4653 2447 4687 ι
2482 4636 2577 4690 καὶ
2626 4638 2654 4690 6
2687 4636 2861 4708 μέγας
2898 4636 3161 4707 κηρύσσει
3192 4635 3518 4708 Γρηγόριος.
3566 4633 3700 4691 Εἶτα

431 4737 659 4791 magnus
705 4722 967 4792 prmdicat
992 4720 1290 4791 Gregorius
1329 4720 1464 4794 (50).
1504 4723 1705 4778 Deinde
1738 4741 1751 4778 :
1810 4743 1828 4776 ι
1869 4740 1997 4793 (ιιιοι

2118 4745 2137 4779 ι
2174 4729 2298 4781 Ὅτι
2325 4727 2387 4781 τδ
2420 4727 2519 4797 μὲν
2556 4727 2797 4798 φθαρτὸν
2828 4727 2988 4781 τοῦτο
3017 4728 3343 4783 ἐνδύσασθαι
3378 4729 3461 4783 δεῖ
3480 4732 3698 4803 ἀφθαρ-

433 4814 533 4867 lioc
556 4814 916 4883 corruptibile
946 4814 1092 4868 indui
1126 4815 1323 4870 debeat
1357 4815 1907 4885 incorruptibilitate,
1957 4824 2012 4871 et

432 4905 662 4959 mortale
708 4904 824 4959 ﬁeri
878 4906 1188 4959 immortale
1219 4924 1239 4958 ι
1302 4922 1531 4978 magnus
1564 4908 1725 4962 docet
1762 4906 2001 4975 Aposto-

433 4997 513 5049 lus
539 4997 605 5054 ⁸⁸.
644 4996 751 5053 Sed
783 5013 981 5068 corpus
1036 4998 1537 5069 iucorporalitatem
1593 5000 1699 5056 sibi
1762 5000 2006 5066 induere,

435 5089 514 5142 vel
550 5101 795 5146 creatura
841 5090 955 5146 fieri
999 5092 1325 5157 increatum,
1382 5092 1467 5148 vel
1524 5093 2006 5164 circumscriptum

435 5184 500 5235 ad
554 5182 1179 5256 iucircumscriptionem
1235 5186 1613 5251 transmutari,
1652 5186 1888 5241 nondum
1936 5187 2004 5241 ad

506 5387 553 5419 σε
582 5387 711 5458 Sap.
749 5404 785 5455 i,
826 5390 910 5457 ιδ,
950 5389 1032 5444 ιι.
1110 5390 1156 5422 οι
1184 5388 1312 5461 Sap.
1356 5405 1416 5456 ιι,
1439 5391 1530 5445 ει.

508 5566 622 5641 (49)
660 5566 886 5641 Animas
930 5569 999 5624 ob
1044 5571 1222 5641 priora
1260 5582 1513 5639 peccata,
1546 5572 1597 5627 iu
1635 5587 1859 5641 corpora
1907 5572 2011 5626 im-

443 5638 583 5711 mitti
617 5650 669 5691 et
717 5640 1135 5711 quodammodo
1163 5638 1423 5711 relegari,
1477 5659 1611 5697 vana
1648 5638 2007 5711 quorumdam

445 5707 877 5779 philosophorum
912 5712 1089 5779 opinio
1120 5710 1240 5766 fuit.

2114 4819 2256 4883 σίαν,
2280 4819 2377 4872 καὶ
2392 4820 2452 4872 τδ
2479 4818 2673 4889 θνητὸν
2692 4819 3050 4887 ἀθανασίαν,ι
3083 4820 3111 4873 6
3142 4820 3320 4891 μέγας
3343 4824 3701 4891 μυσταγωγεῖ

2125 4911 2452 4975 Ἀπόστολος
2473 4927 2486 4941 ·
2537 4911 2598 4964 τὸ
2629 4911 2685 4965 δὲ
2719 4911 2879 4981 σῶμα
2913 4912 3320 4982 ἀσωματότητα
3347 4911 3697 4977 ἐνδύσασθαι,

2118 5004 2151 5075 ἢ
2183 5004 2243 5057 τὸ
2281 5004 2501 5058 κτιστὸν
2533 5003 2790 5072 γενέσθαι
2822 5004 3103 5068 ἄκτιστον,
3132 5005 3165 5076 ἢ
3211 5005 3274 5058 τδ
3317 5007 3699 5077 περιγραπτὸν

2117 5096 2197 5158 είς
2229 5093 2641 5167 ἀπεριγραψίαν
2672 5094 3163 5167 μετατεθήσεσθαι,
3198 5094 3354 5148 οῠπω
3400 5095 3568 5166 μέχρι
3609 5096 3701 5149 καὶ

2120 5189 2361 5261 σήμερον
2399 5187 2692 5259 ἥκονσται·
2742 5187 2947 5242 τούτων
2981 5188 3036 5243 δέ
3086 5205 3208 5242 τινα
3247 5189 3340 5241 καὶ
3389 5189 3702 5259 ἀσωμάτων

1663 5393 1707 5425 ⁸⁸
1737 5391 1778 5446 ll
1812 5390 1937 5448 Cor.
1969 5393 2135 5461 ν,1ϐ.
2211 5393 2256 5426 ⁸⁸
2296 5392 2465 5450 lCor.
2496 5410 2585 5459 xv,
2616 5393 2704 5448 55.

2119 5573 2792 5700 0'..£a;ill)7Gaug'Nazianz.
2840 5582 2978 5630 orat.
3017 5573 3107 5641 ιο,
3146 5590 3200 5628 ιι.
3239 5572 3329 5628 45.
3366 5570 3503 5628 Vide
3537 5581 3704 5628 etiam
