3918 6144
194 286 318 356 445

905 295 1528 361 ANTIRRHETICUS
1567 299 1659 361 IlI
1700 301 1866 363 ADV.
1906 299 2499 363 CONSTANTINUM
2539 301 2734 361 COPR

3357 298 3466 363 446

198 405 346 468 ἴδια,
378 404 507 457 ιπεὶ
540 403 634 458 καὶ
654 403 879 473 ἀ,“γελοι
909 405 1114 477 κτίσμα
1139 406 1302 476 Θεοῦ,
1339 410 1433 464 καὶ
1465 408 1545 479 τῷ
1580 404 1785 481 ἦρχθαι

1908 424 2028 464 iane
2052 422 2224 479 usque
2255 409 2399 465 diem
2432 410 2674 466 auditum
2702 417 2808 464 est.
2857 408 2983 465 llaec
3038 409 3238 482 partim
3300 412 3464 466 attri-

198 496 375 567 ἔσχον
400 494 464 549 τὸ
487 493 949 568 περιγράφεσθαι.

291 764 520 836 Ῥητέον
556 765 740 817 τοίνυν
768 765 844 826 ὼς
877 764 911 834 η
938 763 1282 834 Χριστιανῶν
1319 764 1575 834 ὁμολογεῖ
1606 763 1790 818 Oscos-

200 855 363 922 6εια,
394 856 514 927 ἦτοι
542 857 642 925 τῆς
676 853 975 918 καθολικῆς
1012 856 1108 908 καὶ
1139 855 1505 927 ἀωστολικῆς
1560 856 1793 927 Ἐκκλη-

203 947 339 1012 σίας
369 948 681 1002 ἐκδιδάσκει
720 947 783 1000 τὸ
820 947 1110 1019 κήρυγμα,
1145 950 1229 1003 ὅτι
1263 948 1328 1019 δὴ
1373 951 1401 1001 ό
1431 950 1668 1019 Χριστὸς
1698 950 1793 1003 καὶ

203 1040 347 1102 Θεὸς
383 1038 546 1108 ἡμῶν
578 1041 718 1108 μετά
744 1038 845 1108 τὴν
875 1041 954 1101 είς
1005 1039 1272 1107 οὐρανοὺς
1316 1038 1521 1103 ἄνοδον,
1571 1039 1665 1092 καὶ
1695 1039 1793 1109 τὴν

204 1130 279 1184 ἐκ
303 1128 504 1194 δεξιῶν
534 1129 627 1181 τοῦ
663 1128 798 1183 Θεοῦ
837 1129 934 1184 καὶ
968 1129 1185 1200 Πατρὸς
1213 1128 1484 1200 καθέδραν
1520 1130 1617 1182 καὶ
1648 1130 1794 1202 ἰδρυ-

206 1239 327 1284 σιν,
357 1221 458 1293 τὴν
503 1221 949 1292 προσληφθεῖσα)
986 1224 1259 1292 τετήρηκε
1291 1220 1452 1291 φύσιν
1500 1222 1791 1293 ἀμείωτον,

208 1315 315 1368 καὶ
363 1314 519 1367 οὐδὲν
566 1314 676 1369 τῶν
705 1313 765 1378 ἐξ
806 1305 882 1365 ὧν
910 1310 1051 1383 αὕτη
1086 1312 1608 1384 χαρακτηριζομένη
1664 1330 1791 1367 συν-

206 1406 418 1476 έστηκε
449 1405 633 1475 μερῶν
659 1403 1042 1473 ἀποϐέϐληκεν
1060 1419 1072 1432 ⁸
1102 1402 1234 1457 αὐτό
1264 1420 1323 1457 τε
1346 1403 1453 1475 γὰρ
1468 1403 1531 1456 τὸ
1550 1403 1711 1473 σῶμα
1736 1404 1794 1457 ἐν

204 1494 366 1566 αὑτῷ
417 1493 764 1559 διασώζεται,
797 1494 833 1565 ἦ
867 1509 928 1546 τε
968 1492 1134 1562 ψυχὴ,
1277 1492 1547 1563 scalmo,
1597 1492 1794 1565 λογικὴ

207 1588 314 1638 καὶ
344 1586 533 1657 νοερὰ,
587 1586 853 1658 Θελητική
887 1602 947 1639 τε
1002 1587 1098 1639 καὶ
1141 1584 1494 1656 ὲνεργητικὴ,
1543 1584 1668 1638 καθ’
1728 1584 1796 1655 ἣν

207 1678 367 1733 θέλει
393 1684 489 1733 καὶ
523 1682 745 1750 ἐνεργεῖ
757 1679 856 1750 τὴν
877 1680 987 1734 τῶν
1018 1680 1155 1733 ὅλων
1183 1679 1445 1753 πρόνοιαν
1469 1680 1561 1732 καὶ
1597 1680 1794 1748 συντή-

1892 502 2043 564 buta,
2080 501 2525 569 incorporeorum
2557 515 2773 572 quoque
2804 501 3187 570 suntpropria,
3220 506 3348 570 quia
3405 510 3461 557 et

1892 589 2066 660 angeli
2102 600 2355 646 creatura
2393 590 2487 645 Dei
2522 602 2670 658 sunt,
2697 601 2753 645 et
2791 602 3061 662 quatenus
3119 591 3335 653 initium
3364 592 3465 646 ha-

1892 682 2077 745 buere,
2105 688 2349 751 tempore
2376 692 2502 736 sunt
2534 681 2962 751 circumscripti.

1961 771 2263 827 Dicendum
2280 782 2365 829 est
2400 789 2552 843 ergo,
2596 783 2756 844 prout
2804 770 3244 831 Christianorum
3300 774 3467 844 proli-

1894 874 2039 935 tetur
2058 866 2267 935 religio,
2293 867 2410 920 sive
2434 868 2719 922 catholicae
2749 877 2805 922 et
2848 868 3165 938 apostolicae
3203 866 3466 923 Ecclesia:

1895 958 2064 1010 tradit
2095 957 2366 1024 doctrina,
2386 957 2666 1013 Christum
2687 956 2853 1012 Deum
2889 968 3138 1012 nostrum
3158 969 3283 1026 post
3315 958 3463 1012 redi-

1897 1049 2087 1103 tumin
2118 1048 2308 1112 ctelos,
2328 1059 2384 1103 et
2412 1063 2566 1103 suam
2590 1049 2657 1103 ad
2685 1050 2965 1104 dexteram
2998 1049 3091 1106 Dei
3123 1048 3308 1104 Patris
3340 1065 3458 1106 ses-

1893 1140 2099 1193 sionem
2131 1149 2185 1195 et
2210 1140 2641 1205 collocationem,
2691 1152 3003 1209 susceptam
3050 1142 3468 1196 conservavisse

1893 1227 2037 1283 haud
2069 1228 2416 1284 imminutam
2442 1240 2714 1294 naturam,
2748 1232 3065 1301 nullamque
3111 1247 3180 1286 ex
3229 1232 3466 1302 integra-

1895 1334 2013 1373 rum
2037 1334 2265 1374 numero
2302 1330 2511 1388 partem
2545 1321 2852 1389 abjecisse:
2893 1322 3034 1376 idem
3077 1323 3222 1377 enim
3268 1336 3468 1390 corpus

1894 1407 1949 1461 in
1998 1422 2064 1463 eo
2115 1419 2496 1473 conservatur,
2527 1423 2739 1463 necnon
2788 1410 2971 1463 anima
3007 1424 3112 1479 qua
3169 1411 3467 1474 animatur,

1893 1499 2176 1555 rationalis
2219 1509 2273 1556 et
2320 1499 2728 1566 intellectualis,
2765 1499 3103 1554 voluntativa
3147 1510 3204 1554 et
3260 1500 3463 1564 activa,

1896 1607 2001 1661 qua
2038 1591 2153 1645 vult
2177 1601 2231 1645 et
2262 1591 2404 1662 gerit
2447 1607 2628 1646 rerum
2671 1592 2913 1645 omnium
2975 1592 3379 1661 providentiam
3415 1601 3470 1646 et

1896 1682 2390 1748 conservationem,
2415 1690 2473 1735 ut
2512 1681 2772 1736 divinitus
2805 1682 2877 1734 ita
2910 1681 3074 1735 etiam
3119 1681 3468 1749 humanitus;

210 1786 403 1840 ρησιν,
444 1769 635 1841 ὥσπερ
676 1770 897 1835 θεῖκῶς,
950 1768 1094 1823 οὕτω
1145 1771 1209 1840 δὴ
1261 1772 1353 1824 καὶ
1382 1751 1792 1841 -ἀνθρωπικῶςο

1905 1774 2197 1827 advocatus
2238 1783 2322 1828 est
2356 1788 2454 1842 pro
2483 1773 2642 1827 nobis
2678 1772 2819 1839 apud
2871 1772 3089 1828 Patrem
3122 1771 3325 1837 factus,
3375 1788 3472 1829 no-

208 1861 580 1932 παράκλητος
608 1862 748 1932 ὑπὲρ
769 1861 930 1931 ἡμῶν
956 1860 1090 1931 πρὸς
1119 1863 1211 1916 τὸν
1238 1861 1460 1933 Πατέρα
1485 1862 1794 1932 γινόμενος,

206 1954 311 2008 καὶ
334 1954 434 2023 τὴν
461 1954 742 2024 ἡμετέραν
763 1953 1067 2023 οἰκονομῶν
1099 1952 1402 2023 σωτηρίαν,
1440 1953 1534 2005 καὶ
1562 1952 1661 2022 τὴν
1686 1951 1796 2005 τῶν

208 2045 618 2117 συμφερόντων
662 2045 797 2115 ἡμῖν
847 2044 1234 2115 περιποίησινο
1277 2045 1469 2117 μνήμῃ
1520 2060 1581 2095 τε
1630 2042 1699 2097 αὖ
1729 2045 1794 2114 τῇ

205 2136 467 2206 παναγίᾳ
502 2136 686 2209 ἐκείνῃ
719 2135 815 2189 καὶ
863 2135 983 2208 Θείᾳ
1012 2135 1160 2207 ψυχῇ
1188 2139 1511 2206 τετήρηται,
1549 2135 1659 2187 τῶν
1696 2135 1797 2188 ὅσα

207 2227 312 2281 ἐπὶ
362 2228 469 2297 γῆς
522 2227 894 2298 ἀναστραφεὶς
944 2228 972 2280 ὁ
1028 2227 1267 2298 Χριστὸς
1342 2227 1434 2281 καὶ
1487 2224 1795 2297 ἀνθρώποις

210 2319 641 2391 προσομιλήσας
672 2319 810 2390 ὑπὲρ
837 2320 937 2389 τῆς
964 2321 1240 2390 ἡμετέρας
1262 2318 1582 2390 ἐλευθερίας
1601 2317 1795 2388 ἔδρασέ

208 2429 274 2465 τε
308 2411 406 2465 καὶ
437 2410 644 2464 ἔπαθεν
695 2410 790 2463 καὶ
839 2409 1122 2478 γινώσκει,
1184 2411 1267 2463 δτι
1317 2408 1443 2462 καθ’
1501 2409 1796 2463 ὑπόστασιν

208 2503 426 2574 ἥνωται
450 2499 528 2571 τῷ
561 2500 690 2572 Θείῳ
724 2501 906 2569 Λόγῳ,
936 2501 1033 2553 καὶ
1063 2501 1166 2570 ὁρᾷ
1195 2500 1272 2563 ὡς
1298 2498 1681 2564 συνδοξάζεται
1705 2499 1796 2551 καὶ

208 2596 726 2665 συμπροσκυνείται
788 2593 938 2657 αὑτῷ
994 2593 1071 2657 ὡς
1120 2593 1255 2646 Θεοῦ
1306 2592 1492 2665 ψυχὴ,
1549 2594 1646 2646 καὶ
1698 2595 1797 2663 οὐχ

209 2685 409 2749 ἁπλῶς
462 2684 631 2756 ψυχὴ,
681 2685 790 2739 ὑπὸ
832 2686 1014 2756 πάσης
1059 2685 1286 2754 λογικῆς
1337 2701 1396 2736 τε
1454 2685 1548 2738 καὶ
1602 2686 1796 2755 νοερᾶς

209 2780 454 2841 κτίσεως
475 2794 487 2807 ·
525 2777 604 2831 ἔτι
639 2795 720 2844 τε,
768 2779 851 2832 ὅτι
881 2778 945 2835 ὲκ
975 2777 1079 2846 γῆς
1129 2777 1265 2846 πρὸς
1299 2776 1566 2846 οὐρανοὺς
1598 2776 1796 2845 ἀνελή-

207 2870 368 2934 λυοε,
412 2870 506 2923 καὶ
538 2869 702 2923 πάλιν
739 2868 879 2938 μετά
928 2870 1028 2937 τῆς
1076 2866 1353 2935 πατρικῆς
1388 2865 1546 2935 δόξης
1578 2864 1797 2917 ὲλεύσευ

209 2980 307 3017 ται
332 2977 346 2991 ‘
386 2964 447 3016 τὸ
479 2958 572 3016 οὖν
606 2961 815 3015 ἀνιέναι
851 2961 930 3023 εἰς
964 2960 1254 3024 οὐρανοὺς,
1287 2958 1381 3011 καὶ
1427 2958 1587 3010 πάλιν
1638 2960 1795 3024 ἰέναι,

211 3055 244 3110 ὃ
274 3054 345 3127 δὴ
373 3055 471 3124 τὴν
491 3053 727 3123 τοπικὴν
764 3054 830 3106 ὲκ
864 3051 1064 3113 παντὸς
1096 3050 1405 3120 ὑπογράφει
1439 3050 1796 3121 μετάστασιν,
1826 3080 1869 3137 C

212 3149 314 3200 καὶ
366 3146 469 3218 τὴν
512 3144 844 3216 πορευτικὴν
898 3142 1201 3213 παρίστησι
1248 3142 1486 3211 κίνησιν,
1549 3140 1798 3210 σώματος

213 3237 500 3308 ἐνέργειαι
537 3232 1020 3304 περιγραφομένου
1052 3230 1413 3302 γνωρίζονται
1435 3247 1449 3261 ο
1486 3232 1548 3284 τὸ
1577 3231 1633 3283 δὲ
1669 3230 1799 3284 καθ-

214 3330 448 3395 έζεσθαι
482 3327 645 3382 αὑτὸν
692 3330 751 3381 ὲν
783 3324 932 3395 δεξιᾷ
966 3324 1061 3377 τοῦ
1110 3322 1246 3376 Θεοῦ
1277 3325 1372 3377 καὶ
1414 3324 1629 3394 Harpe;
1663 3322 1800 3392 μετά

215 3420 321 3476 τοῦ
374 3418 651 3489 σώματος,
708 3418 766 3470 οὑ
799 3417 898 3485 τὴν
923 3417 981 3469 ὲν
1010 3414 1161 3484 τόπῳ
1193 3412 1375 3480 δεξιὰν
1421 3414 1765 3485 ὑποληπτέον
1785 3432 1798 3444 ·

216 3510 348 3564 οὐδὲ
386 3510 496 3580 γὰρ
526 3507 593 3562 ἂν
636 3507 794 3579 σχοίη
830 3506 889 3559 τὸ
923 3505 1343 3577 ἀπερίγραπτον
1372 3504 1589 3557 πώποτε
1625 3504 1804 3568 δεξιᾶς

216 3604 255 3676 ἢ
290 3596 593 3673 ἀριστερᾶς
629 3600 871 3671 ἔμφασιν
894 3614 908 3628 ⁸
931 3598 1069 3654 αλλά
1098 3582 1195 3667 τὴν
1221 3595 1376 3660 δόξαν
1400 3597 1494 3649 καὶ
1519 3599 1614 3666 τὴν
1638 3597 1804 3666 τιμὴν

214 3701 626 3772 ὁμολογοῦμεν,
658 3698 781 3751 καο’
812 3698 879 3768 ἢν
902 3698 929 3749 ὁ
964 3695 1137 3772 Λόγος
1160 3693 1347 3762 ὥσπερ
1382 3691 1509 3754 Υἱὸς
1542 3689 1677 3743 Θεοῦ
1711 3689 1805 3743 καὶ

217 3794 365 3860 θεὸς
394 3790 724 3863 προαιώνιος
750 3790 844 3842 καὶ
880 3786 957 3857 τῷ
994 3785 1171 3856 Πατρὶ
1198 3782 1507 3851 ὁμοούσιος,
1540 3780 1684 3834 οὕτω
1714 3782 1806 3835 καὶ

223 3887 371 3958 μετᾶ
406 3885 612 3955 σαρκὸς
645 3884 873 3950 τιμᾶται
932 3879 1026 3933 καὶ
1085 3875 1491 3942 συνδοξάζεται,
1532 3873 1626 3927 καὶ
1678 3873 1806 3942 μίαν

219 3977 325 4032 καὶ
371 3975 472 4044 τὴν
526 3974 700 4042 αὐτὴν
758 3970 896 4041 μετὰ
927 3968 1021 4022 τοῦ
1073 3967 1330 4037 σώματος
1389 3964 1542 4031 παρά
1590 3965 1807 4018 πάντων

222 4068 606 4141 προσκύνησιν
638 4060 877 4135 δέχεται,
910 4063 1033 4115 ἐπεὶ
1089 4060 1187 4113 καὶ
1244 4059 1343 4129 μία
1400 4059 1431 4126 ἡ
1485 4056 1804 4119 ὑπόστασις.

220 4157 670 4229 Τεφροὺσθωσαν
690 4152 877 4206 λοιπὸν
901 4152 1009 4205 τῶν
1023 4150 1426 4221 Χριστομάχων
1454 4148 1511 4201 αἱ
1534 4147 1805 4214 γλῶσσαι,

1897 1875 2176 1931 strataque
2195 1863 2588 1916 administrans
2607 1862 2861 1928 salutem,
2882 1870 2939 1915 et
2967 1860 3180 1915 utilium
3204 1863 3360 1917 nobis
3383 1878 3472 1918 re-

1900 1973 2015 2011 rum
2048 1954 2460 2009 exhibitiouem.
2498 1952 2724 2023 Insuper
2745 1952 3063 2006 memoriam
3120 1952 3322 2006 retinet
3339 1967 3470 2007 san-

1898 2048 2139 2103 ctissima
2177 2046 2266 2099 illa
2297 2054 2351 2099 et
2382 2044 2568 2100 divina
2595 2043 2776 2097 anima
2798 2045 3038 2098 omnium
3071 2060 3191 2114 quae
3221 2044 3472 2099 Christus

1897 2157 2018 2194 cum
2057 2137 2366 2191 hominibus
2412 2137 2637 2189 interra
2674 2150 2902 2190 versans
2933 2150 3033 2205 pro
3081 2146 3262 2190 nostra
3298 2134 3472 2191 salute

1897 2233 2008 2301 egit
2046 2244 2351 2300 passusque
2393 2237 2524 2282 cst:
2577 2228 2973 2297 cognoscitque
3016 2243 3076 2282 se
3138 2229 3473 2299 liypostatice

1898 2325 2082 2379 divino
2115 2320 2290 2377 Verbo
2320 2320 2551 2387 unitam,
2579 2321 2835 2388 videtque
2865 2333 2923 2373 se
2949 2320 3233 2375 coadorari
3265 2335 3387 2373 cum
3408 2334 3473 2376 eo

1901 2425 2153 2483 tauquam
2186 2412 2282 2467 Dei
2321 2414 2581 2479 animam,
2620 2423 2675 2465 et
2711 2428 2816 2465 non
2851 2412 3177 2481 simpliciter
3206 2414 3469 2478 animam,

1899 2506 1966 2559 ab
2000 2504 2147 2558 omni
2208 2502 2461 2556 rationali
2500 2511 2554 2557 et
2607 2502 2944 2571 intelligente
2986 2512 3258 2557 creatura.
3313 2501 3474 2555 Novit

1900 2598 2027 2650 item
2051 2610 2109 2649 se
2143 2596 2205 2649 de
2250 2604 2392 2649 terra
2428 2594 2480 2646 in
2513 2593 2708 2647 malum
2741 2593 3143 2657 conscendisse,
3173 2607 3472 2660 rursusque

1900 2704 2022 2743 eum
2059 2686 2238 2741 Patris
2276 2684 2562 2754 majestate
2600 2695 2907 2738 venturam.
2961 2683 3102 2749 Ergo
3163 2686 3214 2737 in
3270 2683 3469 2737 cmlum

1900 2778 2073 2839 abire,
2110 2774 2422 2830 etvicissim
2463 2776 2662 2840 redire,
2690 2775 2833 2842 quod
2874 2774 3094 2827 localem
3127 2788 3353 2843 prorsus
3381 2774 3475 2825 de-

1900 2867 2090 2921 scrihit
2123 2865 2559 2927 translationem,
2581 2875 2635 2917 et
2664 2863 3081 2918 ambulatorium
3106 2865 3328 2918 exhibet
3359 2880 3474 2917 mo-

1902 2968 2035 3021 tum,
2062 2955 2838 3024 lue,inquam,cirCttht-ripti
2861 2956 3104 3024 corporis
3130 2956 3475 3023 opt-rationes

1902 3065 2022 3105 esse
2079 3060 2397 3103 noscuntur.
2432 3046 2633 3101 Sedere
2669 3060 2851 3101 autem
2900 3046 3180 3101 Christum
3230 3048 3295 3099 ad
3333 3048 3471 3101 (ιω-

1907 3151 2077 3197 teram
2114 3141 2204 3194 Dei
2239 3139 2418 3193 Putris
2447 3155 2569 3193 cum
2604 3152 2834 3207 corpore
2865 3155 2986 3193 cum
3040 3140 3290 3202 dicimus,
3332 3140 3473 3192 haud

1906 3236 2204 3305 cogitamus
2237 3233 2302 3287 de
2355 3235 2578 3287 dextera
2624 3232 2722 3286 loci
2767 3242 2959 3301 parte:
2993 3247 3167 3301 neque
3205 3233 3352 3286 enim
3390 3232 3475 3285 in-

1902 3324 2545 3395 circumscriptusPater
2588 3326 2810 3378 liahehit
2839 3342 3074 3394 unquam
3110 3326 3349 3379 dextera:
3384 3332 3479 3378 aut

1904 3423 2138 3477 sinistrae
2170 3420 2408 3490 speciem
2440 3436 2454 3485 ;
2500 3421 2594 3471 sed
2648 3418 2876 3487 gloriam
2917 3420 3286 3484 honoremque
3325 3416 3472 3469 fate-

1907 3529 2043 3579 mur,
2078 3527 2182 3582 qua
2222 3512 2476 3575 Verbum,
2504 3520 2689 3578 utpote
2727 3509 2814 3562 Dei
2858 3509 3028 3562 Filius
3063 3524 3127 3562 ac
3162 3507 3305 3562 Deus
3351 3518 3478 3563 ante

1906 3604 2125 3667 szecula,
2175 3614 2226 3657 et
2257 3602 2406 3657 Patri
2464 3602 2972 3666 consubstantialis,
3028 3604 3102 3656 ita
3141 3603 3305 3654 etiam
3354 3616 3473 3654 cum

1908 3709 2071 3748 carne
2113 3696 2417 3747 honoratur
2443 3696 2877 3761 etglorilieatur,
2923 3707 3199 3761 unamque
3230 3699 3282 3745 ct
3331 3706 3482 3745 eain-

1909 3788 2028 3839 dem
2057 3801 2177 3838 cum
2210 3801 2439 3853 corpore
2473 3786 2541 3838 ab
2566 3788 2818 3839 omnibus
2860 3766 3050 3853 recipil
3085 3782 3483 3845 adorationem,‘

1909 3876 2346 3944 quandoquidem
2400 3892 2507 3929 una
2564 3886 2648 3929 est
2701 3877 3030 3945 hypostasis.
3091 3874 3243 3929 Ciuis
3300 3873 3481 3938 itaque

1912 3966 2041 4020 ﬁant
2078 3954 2278 4018 Christi
2301 3965 2534 4018 hostium
2571 3965 2782 4034 linguae,
2815 3977 2865 4017 et
2891 3965 3133 4034 ipsorum
3165 3968 3325 4015 coria
3357 3978 3483 4013 exa-

1912 4056 2156 4110 rescant!
2192 4065 2355 4124 atque
2394 4072 2456 4110 os
2485 4055 2714 4122 loquens
2752 4057 2935 4123 iniqua
2970 4057 3234 4108 adversus
3273 4053 3474 4105 verita-

1912 4154 2018 4198 tem
2046 4146 2257 4199 cunctis
2276 4144 2453 4214 palam
2494 4145 2817 4214 expositam,
2855 4145 3157 4214 Oppiletur!

220 4254 324 4306 καὶ
352 4247 796 4322 ξηραινέσθωσαν
832 4244 1013 4298 αὐτῶν
1075 4244 1132 4297 αί
1197 4240 1447 4313 καρδία.ιί
1484 4241 1579 4292 καὶ
1646 4236 2046 4308 ἐμφραττέσθω
2082 4238 2191 4290 πᾶν
2263 4237 2438 4308 στόμα
2490 4236 2685 4291 λαλοῦν
2732 4237 2876 4291 κατὰ
2910 4237 3009 4307 τῆς
3041 4236 3302 4307 ἀληθείας
3350 4237 3483 4290 πᾶσι

221 4346 504 4417 διαφανῶς
536 4343 903 4416 προκειμένης
937 4339 1135 4395 ἀδικαι

302 4447 379 4512 μ’.
420 4441 540 4492 Ἔτι
568 4440 683 4499 τοῖς
713 4433 1029 4507 εἰρημένοις
1063 4431 1442 4505 προστιθέασι,
1480 4428 1563 4483 δτι
1599 4426 1801 4496 Γέγρα-

1985 4423 2145 4496 114
2171 4425 2261 4480 40.
2293 4420 2490 4512 Adhud
2542 4425 2820 4495 praedictis
2863 4426 3068 4480 addunt
3098 4441 3111 4478 :
3145 4444 3164 4477 ι
3205 4427 3483 4497 Scriptum

225 4550 400 4591 πται*
444 4552 461 4582 ι
492 4534 575 4586 Οὐ
613 4529 890 4595 ποιήσεις
918 4528 1147 4591 παντὸς
1175 4524 1439 4591 ὁμοίωμα
1470 4520 1586 4574 ὅσα
1610 4518 1679 4570 ἐν
1730 4515 1808 4582 τῷ

225 4624 469 4697 οὐρανῷ
499 4623 640 4688 ἀνω,
672 4622 769 4676 καὶ
797 4620 913 4676 ὅσα
937 4620 1009 4674 ἐν
1035 4618 1112 4687 τῇ
1141 4616 1216 4687 τῇ
1248 4616 1428 4675 κάτω.
1468 4614 1565 4668 καὶ
1596 4613 1713 4665 ὅσα
1739 4612 1809 4665 ἐν

226 4714 357 4780 τοῖς
393 4713 615 4766 ὕδασιν
644 4709 925 4764 ὑποκάτω
952 4706 1062 4775 τῆς
1082 4705 1215 4775 γῆς.
1271 4704 1381 4759 Καὶ
1409 4703 1498 4755 διά
1526 4702 1684 4755 τοῦτο
1709 4703 1809 4754 οὐκ

229 4805 358 4870 ἰξὺν
389 4799 680 4863 εἰκονίζειν
710 4798 801 4852 τὸν
821 4797 1079 4869 Χριστόν.
1120 4814 1139 4847 ι
1174 4794 1391 4848 Τούτων
1422 4793 1479 4846 δὲ
1495 4790 1603 4846 τῶν
1628 4791 1809 4861 ῥητῶν

227 4899 306 4952 τὰ
346 4893 740 4966 προηγούμενα
774 4890 872 4943 καὶ
919 4889 1200 4959 ἑπόμενα·
1254 4886 1337 4949 τὸ,
1395 4886 1517 4939 Οὐκ
1564 4882 1813 4937 ἔσονταί

230 5004 341 5044 σοι
378 4985 500 5042 θεοὶ
532 4985 719 5052 ἕτεροι
773 4981 941 5050 πλὴν
992 4980 1138 5050 ἐμοῦ
1174 4996 1188 5011 ο
1230 4978 1347 5045 καὶ,
1406 4978 1488 5031 Οὐ
1535 4975 1813 5042 ποιήσεις

230 5076 479 5143 σεαυτῷ
505 5077 760 5131 εἴδωλον
775 5090 789 5103 ⁸
806 5072 1001 5138 καὶτὸ,
1021 5072 1117 5139 Μὴ
1140 5068 1586 5141 προσκυνήσῃς
1607 5065 1815 5135 αὐτοῖς

230 5170 388 5230 οὐδὲ
414 5169 500 5239 μὴ
530 5168 873 5238 imperiam;
897 5164 1102 5230 αὐτοῖς
1125 5206 1140 5231 ,
1165 5165 1266 5217 οὐκ
1301 5159 1418 5217 οἶδα
1449 5163 1598 5223 ὅπως
1628 5175 1816 5229 παρα-

234 5261 599 5340 κρατοῦντες,
620 5261 840 5322 ἑκόντες
861 5257 896 5329 ἢ
928 5256 1155 5318 ἄκοντες
1179 5254 1653 5327 ἀποκρύπτουσιν,
1687 5251 1817 5315 ἴσως

233 5355 371 5417 τοὺς
429 5351 686 5421 ἐλέγχους
742 5352 841 5421 τῆς
897 5347 1248 5419 βλασφημίας
1307 5344 1812 5417 διαδιδράσκοντεςο

236 5445 403 5502 οὐδὲν
444 5443 503 5498 δὲ
546 5441 710 5515 ἦττον
752 5444 818 5513 τῇ
853 5442 943 5512 ἴση
992 5439 1312 5510 βλασφημίᾳ
1344 5439 1437 5492 καὶ
1479 5436 1654 5499 οὑτως
1695 5434 1817 5489 ἁλί-

238 5549 515 5591 σκονται·
574 5532 699 5586 ἐπεὶ
746 5531 855 5602 γὰρ
885 5528 1113 5602 ἐξῆρται
1163 5531 1191 5582 ὑ
1225 5527 1319 5582 τοῦ
1351 5526 1488 5582 Θεοῦ
1542 5526 1707 5597 φόδος
1756 5524 1816 5591 ἐξ

321 5689 367 5723 ⁸⁷
396 5688 545 5745 Exod
606 5706 694 5752 xx,
736 5688 778 5741 ί.
859 5684 902 5715 ⁸⁸
948 5684 1076 5739 ibid.
1110 5685 1161 5740 ’5.
1242 5686 1285 5716 ⁸³
1439 5675 1567 5731 “illi.
1609 5677 1662 5732 5.

1914 4530 2036 4570 est:
2074 4517 2195 4570 Non
2232 4510 2394 4584 {acies
2428 4516 2590 4571 ullius
2641 4518 2717 4570 rei
2768 4517 3136 4584 simulacrum,
3164 4520 3273 4572 sive
3305 4537 3487 4574 eorum

1913 4624 2032 4677 quia
2060 4610 2255 4661 suntin
2288 4609 2414 4662 (celo
2437 4608 2679 4675 desuper,
2701 4611 2808 4662 sive
2823 4626 2942 4679 quw
2970 4610 3025 4663 in
3048 4622 3190 4664 terra
3216 4612 3486 4676 deorsum,

1915 4703 2023 4754 sive
2048 4716 2227 4754 eorum
2261 4718 2380 4770 qua:
2409 4711 2530 4754 sunt
2572 4702 2625 4754 in
2658 4702 2811 4771 aquis
2859 4702 2955 4755 sub
2979 4711 3121 4756 terra
3145 4702 3211 4756 "'.
3254 4704 3488 4774 Ideoque

1918 4791 2157 4861 ﬁgurare
2190 4792 2470 4847 Christum
2505 4808 2610 4846 non
2656 4793 2805 4847 licet.
2836 4811 2855 4844 ι
2898 4790 2995 4846 llis
3050 4793 3369 4863 praecedunt
3423 4812 3487 4848 ac

1918 4883 2327 4952 subsequuntur
2349 4884 2452 4936 alia
2484 4882 2645 4938 eli’ata
2713 4900 2727 4938 :
2778 4884 2904 4938 Non
2939 4893 3091 4936 erum
3144 4888 3240 4936 ubi
3282 4887 3359 4936 du’
3394 4886 3488 4937 alii

1917 4985 2107 5043 prwter
2136 4991 2216 5029 me
2244 4976 2309 5029 ⁸⁸.
2362 4974 2471 5029 Et:
2517 4974 2641 5031 Non
2669 4979 2834 5047 [acies
2885 4979 2979 5030 tibi
3034 4976 3319 5030 idolum”.
3381 4976 3439 5027 Et
3472 4993 3486 5029 :

1920 5060 2042 5116 Non
2091 5064 2342 5118 adorabis
2383 5066 2507 5119 deos
2556 5065 2716 5134 alios,
2769 5082 2933 5135 neque
2970 5067 3095 5135 ipsis
3141 5067 3340 5119 cultum
3395 5068 3489 5118 de-

1919 5153 2057 5221 feres
2096 5155 2169 5210 '°.
2230 5152 2454 5221 Nescio,
2506 5157 2757 5225 inquam,
2802 5159 3072 5226 quomodo
3118 5166 3291 5211 semet
3336 5159 3489 5211 cohi-

1917 5245 2133 5300 buerint
2153 5258 2213 5301 ut
2234 5248 2481 5303 volentes
2497 5248 2746 5302 nolentes
2765 5251 2880 5303 lure
2913 5248 3345 5311 dissimularint,
3373 5250 3488 5302 for-

1916 5347 2063 5399 tasse
2110 5338 2460 5407 blasphemiae
2512 5340 2955 5394 criminationem
2998 5341 3254 5394 vitantes.
3307 5338 3493 5396 Nihilo

1918 5437 2097 5487 tamen
2129 5430 2309 5486 minus
2342 5431 2490 5500 paris
2518 5431 2597 5486 sic
2621 5432 2785 5486 etiam
2825 5430 3176 5499 blasphemiae
3210 5432 3287 5485 rei
3330 5432 3488 5490 liunt.

1916 5520 2051 5576 Nam
2088 5522 2213 5591 quia
2255 5521 2345 5577 Dei
2387 5521 2634 5578 timorem
2695 5538 2804 5594 prze
2848 5522 3021 5580 oculis
3066 5524 3268 5582 habere
3339 5523 3491 5583 desi-

1827 5681 1872 5712 τ’
1902 5678 2084 5741 Exod.
2116 5695 2274 5747 χχιιι,
2305 5679 2397 5737 24.
