3898 6150
191 300 295 365 5-29

899 303 1528 366 ANTIRRIIETICUS
1568 304 1660 364 IlI
1700 305 1870 368 ADV.
1912 307 2502 370 CONSTANTINUM
2537 311 2745 371 COPR.

3341 307 3446 372 450

190 417 524 487 ἐλάτρευον·
579 414 666 484 ἐφ’
715 411 796 478 οἷς
855 413 1374 484 κατεγνωσμένους,
1415 416 1508 468 καὶ
1562 415 1775 480 πολλοῖς

1893 419 2264 488 propheticam
2292 435 2476 474 vocem
2511 438 2525 474 :
2581 419 2694 489 Ego
2716 436 2828 474 sum
2859 419 3114 474 Dominus
3143 419 3278 474 Deus
3306 431 3446 490 ιιιιιι,

191 509 422 578 ὕστερον
470 505 621 558 ἔτεσι
677 505 1035 568 κατονειδὶζει
1090 505 1222 569 Θεος
1288 506 1378 559 διὰ
1432 508 1777 578 προφητικῆς

191 600 410 671 φωνῆς,
457 596 607 667 Ἐγώ
643 599 763 666 εἰμι
812 597 1026 664 Κύριος
1069 599 1100 650 ὀ
1134 599 1278 662 Θεός
1311 613 1428 650 σου
1451 639 1465 660 ,
1514 597 1709 666 λέγων,
1744 601 1776 652 ὀ

188 685 459 756 στερεῶν
509 685 774 754 οίφανὸν
803 685 900 738 καὶ
953 684 1163 745 κτίζὶυν
1193 685 1328 754 γῆν,
1378 682 1449 741 οὗ
1479 689 1539 740 al
1578 687 1776 757 χεῖρες

190 778 450 832 ἔκτισαν
479 773 692 831 πᾶσαν
725 773 840 840 τὴν
885 777 1176 842 στρατιὰν
1202 775 1309 829 τοῦ
1341 777 1636 842 οἰιρανοῦο
1673 778 1771 830 καὶ

191 870 263 922 οὐ
300 863 634 933 παρέδειξὰ
661 878 762 917 σοι
796 862 902 916 τοῦ
924 864 1286 930 πορεύεσθαι
1330 865 1522 916 ὀπίσω
1551 863 1769 918 αὐτῶν.

203 958 350 1027 Ἐγὼ
389 957 706 1026 ἀνήγαγόν
761 971 834 1009 σε
873 955 939 1008 ἐκ
972 954 1086 1022 γῆς
1113 957 1430 1023 Αἰγύπτου,
1482 955 1578 1009 καὶ
1629 956 1777 1009 Θεὸν

193 1049 360 1118 πλὴν
389 1048 544 1117 ἐμοῦ
573 1050 646 1102 οὐ
672 1045 902 1117 γνώσῃ,
932 1047 1031 1099 καὶ
1057 1049 1090 1098 ό
1130 1044 1330 1106 σώζων
1353 1047 1464 1099 οὐκ
1485 1046 1616 1123 ἐστι
1665 1060 1777 1100 πα-

191 1139 297 1206 ρὲξ
340 1137 517 1206 ἐμοῦ.
547 1137 650 1190 Διὰ
683 1134 894 1206 τούτων
943 1134 1053 1206 γὰρ
1085 1133 1284 1198 αὐτοὺς
1323 1135 1404 1198 είς
1433 1135 1656 1204 μνήμην
1689 1138 1777 1188 ὲν-

194 1231 313 1296 άγει
350 1228 466 1282 τῶν
500 1226 712 1281 ἄνωθεν
740 1225 1150 1296 νενομισμένων
1181 1225 1368 1288 αὐτοῖς
1393 1239 1406 1252 °
1434 1225 1776 1295 ἀπαγορεύει

196 1317 284 1373 οὖν
309 1320 456 1383 τέως
483 1319 585 1389 τὴν
613 1317 723 1370 τῶν
749 1317 1098 1387 φαινομένων
1129 1317 1224 1368 καὶ
1251 1315 1601 1384 βλεπομένων
1631 1318 1684 1370 ἕν
1715 1335 1775 1370 τε

1882 509 2096 576 dicens,
2139 509 2254 564 ειείὶ
2291 509 2727 579 ﬁrmator,terra:
2757 509 3032 577 fundator,
3065 512 3216 580 cujus
3261 526 3451 576 manu:

1879 597 2183 653 universum
2217 599 2336 653 coeli
2361 601 2643 653 exercitum
2669 611 3018 654 creaverunt:
3064 617 3222 670 neque
3268 617 3359 669 ego
3402 609 3452 652 te

1877 691 2036 742 docui
2061 701 2114 743 ut
2146 691 2348 744 alienos
2395 691 2520 744 deos
2555 693 2846 758 sequereris
2872 693 2939 744 τί.
2973 691 3089 761 Ego
3124 691 3284 743 eduxi
3319 700 3368 744 te
3385 689 3452 744 de

1877 789 2022 834 terra
2067 780 2310 852 zEgypti,
2357 793 2412 835 tu
2457 798 2574 836 vero
2609 782 2778 836 Deum
2824 793 3016 848 prwter
3068 797 3147 834 me
3196 783 3452 834 neminem

1883 888 2164 941 agnosces;
2208 890 2480 942 neruoque,
2531 883 2723 942 pra'ler
2781 891 2885 934 me,
2945 885 3021 928 est
3069 874 3160 944 qui
3198 871 3450 926 salvat".

1884 961 1978 1017 llis
1998 965 2175 1019 verbis
2213 965 2532 1020 revocateis
2571 965 2623 1018 in
2645 967 2962 1020 memoriam
3011 965 3262 1018 mmtdata
3321 965 3453 1034 ipsis

1885 1055 2188 1124 antiquitus
2215 1055 2488 1126 imposita.
2530 1054 2672 1125 Ergo
2707 1065 2853 1110 vetat
2881 1055 3096 1111 interim
3145 1069 3232 1110 rer
3257 1071 3323 1106 ιιιι
3357 1068 3454 1124 ap-

1884 1145 2191 1210 parentium
2221 1153 2276 1198 et
2299 1145 2716 1214 conspicuarum
2743 1147 2794 1199 in
2821 1145 2984 1208 caelo,
3009 1155 3152 1200 terra
3181 1153 3234 1198 et
3263 1145 3452 1212 aquis,

1883 1233 2064 1288 facere
2089 1235 2418 1299 simulacra;
2445 1249 2513 1288 ne
2536 1235 2696 1299 forte,
2717 1233 3051 1302 ignoratione
3082 1234 3156 1287 rei
3187 1233 3452 1298 melioris,

1882 1322 1966 1377 vel
1992 1324 2272 1392 repudiato
2305 1322 2584 1386 Creatore,
2611 1322 2815 1378 cultum
2843 1322 2948 1376 illis
2971 1322 3308 1376 adhiberent.

196 1409 435 1480 οὐρανῷ,
462 1411 559 1461 καὶ
589 1410 699 1478 ,γῇ,
735 1407 833 1461 καὶ
870 1409 985 1470 τοῖς
1019 1405 1214 1471 ὕδασι,
1244 1405 1518 1460 ποιεῖσθαι
1551 1407 1831 1478 ὁμοίωσιν,
1873 1410 1960 1465 ἵνα
1995 1410 2072 1484 μὴ
2112 1411 2307 1485 ἀγνοίᾳ
2340 1411 2432 1465 τοῦ
2471 1409 2804 1481 κρείττονος,
2839 1409 2872 1481 ἢ
2909 1409 3165 1480 άθξετήσει
3197 1410 3288 1464 τοῦ
3319 1409 3454 1464 Κτί-

200 1500 414 1567 σαντος,
455 1503 689 1565 ἐκείνοις
719 1501 928 1570 νέμωσι
959 1498 1056 1569 τὴν
1087 1501 1482 1569 προσκύνησιν.

263 1597 337 1649 Τὸ
383 1589 482 1648 οὖν
533 1591 1028 1664 προσταττόμενον,
1085 1589 1170 1642 ὅτι
1207 1588 1341 1641 Τόδε
1392 1590 1452 1642 ού
1506 1591 1774 1662 ποιήσεις,

197 1687 427 1757 δυνάμει
459 1703 577 1748 πως
621 1685 714 1737 καὶ
745 1684 886 1736 κατὰ
937 1681 1001 1734 τὸ
1036 1678 1414 1750 σιωπώμενον,
1469 1681 1771 1749 ποιήσεις,

1957 1592 2056 1660 Qui
2087 1609 2216 1665 ergo
2257 1595 2336 1650 sic
2379 1595 2622 1666 praecipit
2652 1609 2671 1672 :_
2703 1607 2834 1648 cave
2884 1595 2986 1650 hoc
3019 1595 3336 1650 nominatim
3376 1595 3456 1650 fa-

1883 1684 2032 1751 cias;
2064 1677 2429 1754 potentialiter
2459 1673 2854 1756 quodammodo
2895 1695 2950 1740 et
2987 1701 3082 1755 per
3131 1687 3455 1756 praeteritio-

199 1782 313 1834 ἐστὶ
335 1818 351 1844 ,
383 1779 483 1833 καὶ
513 1776 947 1848 προαγγελτικόν
983 1777 1102 1828 ἐστι
1133 1775 1242 1828 τῶν
1277 1773 1582 1844 μελλόντων
1610 1777 1779 1827 ποιεῖ-

1891 1789 2028 1838 nem,
2061 1775 2246 1844 facies,
2283 1775 2478 1846 inquit,
2528 1775 2878 1845 praedicitque
2916 1777 3057 1845 quod
3088 1777 3137 1829 in
3173 1787 3448 1846 posterum

201 1873 322 1926 σθαι
358 1869 838 1940 προστάττεσθαι·
872 1865 1116 1920 τοιοῦτον
1159 1867 1268 1934 γάρ
1303 1883 1354 1918 τι
1389 1867 1520 1936 ἡμῖν
1566 1867 1594 1918 ὁ
1625 1866 1781 1934 λόγος

201 1962 622 2016 ὑπαινίσσεται·
655 1961 682 2013 ὁ
716 1959 826 2030 γὰρ
855 1958 1056 2027 λέγων,
1089 1959 1173 2010 ὅτι
1195 1957 1413 2010 Τούτων
1443 1957 1504 2009 οὒ
1537 1959 1784 2028 ποιήσεις

202 2055 476 2124 ὁμοίωμα,
514 2051 718 2122 ἑτέρων
769 2049 934 2103 τινῶν
982 2048 1202 2120 ποίησιν
1235 2048 1312 2120 τῷ
1347 2049 1490 2119 λόγῳ
1542 2067 1782 2122 προανα-

201 2145 494 2216 κρούεται’
532 2145 629 2197 καὶ
661 2141 872 2213 βεϐαιοῖ
899 2139 1060 2194 τοῦτο
1082 2140 1152 2193 τὰ
1199 2141 1322 2194 ὅσον
1352 2137 1506 2194 οὔπω
1540 2159 1784 2212 προστα-

202 2237 542 2308 χθησόμενα,
583 2231 866 2304 μονονουχὶ
894 2231 1123 2286 τοιαῦτα
1154 2234 1531 2304 ἐπισκήπτων,
1556 2235 1637 2286 ὅτι
1658 2235 1784 2304 Μη-

203 2330 348 2393 δενδς
377 2322 458 2381 ὧν
505 2326 618 2396 ἐγὼ
656 2328 716 2380 οὐ
751 2325 1044 2395 πρόστάξω
1077 2327 1310 2397 ποιήσῃς
1339 2328 1613 2397 ὁμοίωμα,
1647 2329 1786 2381 ἀλλὰ

203 2421 309 2476 τῶν
355 2421 663 2491 ἀλλοτρίων
719 2420 1060 2482 ἀποστάντες
1110 2411 1494 2488 σεϐασμὰτων,
1545 2416 1626 2484 οἷς
1675 2419 1786 2490 ἐγὼ

207 2513 593 2584 ἀπεχθάνομαι
638 2513 735 2566 καὶ
790 2511 1233 2582 ἀποστρέφομαι,
1283 2513 1398 2574 τοῖς
1461 2513 1592 2583 παρ’
1651 2513 1784 2582 ἐμοῦ

208 2603 741 2675 συνταχθησομένοις
773 2605 1094 2674 προσέχετε,
1127 2596 1208 2665 οἷς
1236 2602 1414 2673 χαίρω
1445 2602 1541 2656 καὶ
1566 2603 1786 2667 δοξάζο-

208 2716 305 2770 μαι
329 2716 342 2727 ·
379 2685 647 2768 πρότερον
673 2697 782 2766 γὰρ
805 2695 1078 2766 ἀπείρξας
1106 2695 1304 2758 αὐτοὺς
1330 2694 1438 2746 τῶν
1471 2695 1788 2766 ἀπηγορευ-

208 2793 390 2864 μένων
437 2790 530 2844 διὰ
575 2787 688 2842 τῶν
721 2787 1224 2869 νομοθετουμένων,
1272 2785 1500 2858 ὕστερον
1543 2787 1610 2840 τὰ
1646 2785 1787 2840 κατὰ

203 2887 301 2956 τὴν
327 2884 551 2954 ποίησιν
572 2881 672 2955 τῆς
705 2881 911 2950 σκηνῆς
940 2878 1220 2948 ἐπήγαγεν
1241 2893 1256 2906 θ
1286 2876 1477 2948 ὥσπερ
1505 2877 1614 2948 γὰρ
1633 2879 1684 2929 εἴ
1702 2894 1791 2939 τις

204 2976 381 3031 ἐθέλοι
425 2974 538 3027 τῶν
587 2971 783 3026 ἑαυτοῦ
819 2971 1045 3023 οἰκετῶν
1097 2971 1184 3048 είς
1223 2969 1284 3022 τὸ
1318 2968 1516 3040 μέλλον
1541 2969 1650 3022 τινὶ
1675 2967 1787 3019 τῶν

205 3048 514 3118 δοκούντων
559 3062 879 3134 ἐπιτρέπειν
933 3059 967 3131 ἢ
1007 3061 1318 3131 ἐγχειρεῖν,
1371 3058 1426 3112 τι
1457 3058 1780 3130 παρεγγυᾷ;

1843 1923 1848 1927 ,
1886 1865 2000 1919 lieri
2037 1867 2404 1936 praecipietur.
2460 1867 2672 1922 Etenim
2733 1866 3040 1933 huiusmodi
3088 1867 3290 1938 aliquid
3338 1871 3453 1925 haec

1886 1957 2040 2013 nobis
2074 1961 2235 2013 verba
2267 1959 2514 2012 innuunt.
2550 1957 2682 2010 Nam
2710 1959 2968 2026 quidicit,
2993 1959 3176 2013 talium
3207 1961 3455 2016 nomina-

1888 2049 1981 2102 tim
2013 2063 2192 2102 rerum
2231 2065 2334 2103 non
2367 2048 2538 2104 facies
2577 2049 2951 2113 simulacrum,
2987 2049 3214 2104 aliarum
3248 2050 3454 2121 aliquot

1887 2142 2151 2195 facturam
2214 2137 2564 2211 auspicatur;
2633 2141 3007 2212 approbatque
3081 2142 3172 2196 illa
3225 2159 3452 2212 quorum

1887 2236 2368 2306 praecipiendorum
2436 2239 2671 2290 nondum
2717 2247 2929 2304 tempus
2989 2237 3311 2304 advenerat,
3382 2239 3452 2292 ita

1885 2305 2270 2392 propemodum
2303 2325 2524 2393 jubens,
2555 2339 2746 2392 nen‘ipe
2789 2325 2864 2378 rei
2921 2326 3120 2380 nullius
3152 2342 3313 2396 quam
3356 2340 3457 2395 ego

1887 2430 1990 2467 non
2022 2417 2376 2478 mandavero,
2407 2415 2756 2469 simulacrum
2784 2415 2978 2482 iacies;
3015 2417 3107 2472 sed
3135 2419 3310 2472 alieno
3333 2418 3456 2472 abs-

1888 2506 2121 2560 tinentes
2147 2507 2318 2573 cultu,
2342 2521 2499 2576 quem
2528 2521 2628 2576 ego
2656 2508 2742 2560 odi
2769 2518 2818 2562 et
2845 2523 3088 2572 aversor,
3124 2509 3185 2563 iis
3213 2524 3332 2578 quae
3357 2524 3457 2577 ego

1889 2595 2176 2664 aliquando
2225 2597 2530 2667 principium
2587 2613 2773 2654 curam
2844 2601 3199 2669 impendatis,
3260 2602 3458 2670 quibus

1887 2685 2137 2740 videlicet
2163 2701 2262 2754 ego
2284 2691 2492 2757 gaudeo
2527 2699 2580 2743 et
2613 2689 2908 2759 gloriﬁcor.
2943 2689 3129 2745 Primo
3170 2693 3315 2746 enim
3364 2707 3458 2747 eos

1891 2771 2173 2832 retrahens
2201 2793 2230 2832 a
2281 2780 2568 2848 prohibitis
2613 2796 2712 2848 per
2747 2781 2943 2849 legem,
2975 2767 3167 2838 deinde
3216 2783 3460 2838 taberna-

1886 2869 1990 2923 culi
2047 2869 2458 2925 mdilicationem
2498 2872 2808 2926 introducit.
2873 2872 3024 2927 Haud
3067 2889 3242 2942 secus,
3293 2890 3455 2945 qnam

1887 2961 1932 3014 si
1963 2960 2086 3030 quis
2115 2959 2274 3015 alicui
2301 2976 2332 3017 e
2355 2962 2530 3018 servis
2557 2963 2669 3018 suis
2692 2962 2922 3017 ollicium
2950 2961 3164 3034 aliquod
3190 2967 3459 3044 imperare

1891 3051 2073 3104 volens
2131 3063 2224 3106 aut
2272 3053 2632 3118 committere,
2673 3055 2826 3124 quid'
2858 3055 3077 3110 monet?
3125 3055 3327 3125 Nempe
3389 3072 3460 3112 ne

206 3147 458 3227 Σήμερον
489 3153 606 3206 τόδε
640 3118 715 3223 μή
752 3118 1006 3221 πράξειν,
1232 3118 1494 3220 ἀπαίρειν

1891 3144 2048 3198 hodie
2081 3145 2179 3198 hoc
2201 3151 2343 3214 agat,
2383 3161 2559 3215 neque
2589 3145 2768 3216 aliquo
2790 3145 2974 3212 abeat,
3017 3157 3142 3216 puta
3179 3149 3246 3202 ad
3265 3163 3455 3217 agrum

207 3242 316 3300 οἷον
341 3249 427 3308 εἰς
455 3246 628 3316 ἀγρὸν
663 3246 737 3314 μὴ
789 3241 1048 3297 ἀπελθεῖν
1067 3281 1084 3308 ,
1129 3241 1263 3312 μηδὲ
1313 3243 1392 3304 εἰς
1417 3241 1624 3311 ἀγορὰν
1650 3255 1788 3308 παρ-

207 3339 472 3410 εμϐαλεῖν
515 3355 530 3368 θ
577 3336 826 3407 βούλεται
877 3336 990 3406 γὰρ
1067 3322 1260 3386 αὐτόν’
1291 3331 1526 3402 ε’ύσταλῆ
1584 3347 1644 3382 τε
1695 3330 1789 3383 καὶ

208 3431 451 3501 εὐτρεπῆ
519 3431 635 3490 τοῖς
688 3425 1216 3496 ὲπίταχθησομένοις
1262 3423 1550 3493 ὑπάρχειν,
1601 3421 1788 3493 ἐπειδὴ

212 3521 402 3594 μέλλει
435 3519 582 3574 κατὰ
626 3517 723 3589 τὴν
755 3515 1048 3588 ὑστεραίαν
1081 3515 1162 3578 είς
1189 3513 1347 3584 τήνδε
1377 3513 1472 3581 τὴν
1512 3511 1666 3564 πόλιν
1694 3527 1790 3562 τυ-

210 3613 303 3685 χον
331 3614 366 3684 ἢ
393 3611 558 3682 τήνδε
581 3609 682 3681 τὴν
715 3609 900 3680 χώραν
935 3605 1245 3676 ἐκπέμπειν
1264 3619 1278 3632 ·
1312 3601 1554 3656 τοιοῦτόν
1577 3618 1631 3654 τι
1659 3601 1790 3654 ὑπο-

207 3706 418 3761 τίθεται
437 3705 570 3774 ἡμῖν
600 3703 696 3756 καὶ
725 3694 809 3754 ὁδε
833 3701 861 3752 ὁ
890 3700 1044 3769 λόγος
1068 3699 1290 3764 ἐννοεῖν,
1313 3697 1394 3749 ὅτι
1442 3695 1518 3748 Οὐ
1543 3694 1792 3762 ποιήσεις

209 3816 262 3854 τι
316 3800 447 3853 ἄνευ
501 3795 603 3866 τῆς
654 3795 792 3864 ἐμῆς
851 3776 1227 3862 προστάξεως,
1284 3788 1372 3840 ἵνα
1426 3786 1571 3857 ἅπερ
1629 3784 1792 3847 αὐτὸς

211 3888 559 3958 ὶντέλλομαι,
588 3885 764 3940 ταῦτα
793 3886 958 3954 ποιῇς
981 3882 1075 3936 κοιλ⁸
1103 3880 1426 3952 περιέποις“·
1459 3877 1791 3946 προστάττει

213 3980 342 4049 γοῦν
401 3976 544 4048 μετὰ
589 3975 763 4028 ταῦτα
829 3972 906 4043 τῷ
955 3971 1248 4043 ἱεροφάντῃ
1291 3969 1426 4032 Θεὸς
1461 3967 1561 4039 τήν
1586 3983 1644 4018 τε
1689 3965 1792 4034 τῆς

217 4073 424 4142 σκηνῆς
469 4059 709 4140 ποίησιν,
742 4067 838 4120 καὶ
867 4066 967 4118 ὅσα
1015 4063 1085 4116 τὰ
1123 4063 1254 4133 περὶ
1287 4061 1488 4130 αὑτήνο
1536 4061 1568 4128 ἡ
1616 4058 1674 4112 δὲ
1722 4054 1791 4131 ἦν

218 4163 324 4214 τῶν
362 4155 893 4232 παραπετασμάτων
919 4155 954 4224 ή
989 4151 1274 4221 διασκευὴ,
1303 4147 1592 4220 Χερουϐὶμ
1625 4149 1792 4218 ἐργα-

223 4253 312 4305 σία
355 4248 623 4310 ποικίλως
653 4244 1066 4314 ὲξυφασμένων,
1111 4243 1188 4295 Τὰ
1237 4239 1303 4292 δὲ
1331 4239 1485 4308 ὑπὲρ
1533 4237 1648 4306 τὴν
1697 4239 1793 4290 ἐν·

221 4339 406 4393 ταῦθα
441 4333 726 4399 κιϐωτὸν,
775 4333 910 4385 τινα
947 4327 1248 4397 ποιήσεις-ε
1293 4327 1448 4397 φησι,
1505 4324 1792 4394 Χερουϐὶμ

220 4423 421 4496 χρυσᾶ
452 4419 728 4490 τορευτά.
755 4419 868 4473 Καὶ
893 4417 1016 4470 οὐδὲ
1051 4415 1276 4510 εἰκόνας
1299 4413 1586 4510 Χερουϐὶμ
1623 4429 1792 4510 προσ-
1823 4455 1868 4510 D

221 4515 497 4586 αγορεύει,
526 4511 664 4564 ἀλλὰ
687 4507 973 4578 Χερουϐὶμ
993 4504 1302 4576 ὁμωνύμως
1330 4507 1450 4568 ταῖς
1483 4503 1791 4566 θειοτάταις

223 4607 312 4660 καὶ
334 4603 736 4674 ὑπερκοσμίοις
762 4599 974 4662 οὐσίαις
992 4615 1008 4628 ο
1035 4597 1131 4650 καὶ
1157 4595 1187 4648 ὃ
1232 4595 1297 4666 δὴ
1329 4593 1788 4666 θαυμαστότερον,

220 4697 300 4750 ὅτι
341 4693 607 4758 Ἐκεῖθεν,
637 4692 792 4762 φησὶ,
831 4683 1220 4758 ⁸ίνωσθήσόμιιί
1263 4702 1376 4738 σοι.
1414 4684 1486 4742 Τί
1503 4683 1559 4738 δὲ
1593 4683 1796 4750 ἐνδοξό.

219 4786 440 4858 τερονῆ
488 4781 840 4854 τιμιώτερον,
870 4779 995 4834 ὅθεν
1043 4777 1162 4832 θεία
1206 4775 1504 4846 ἐπιφάνεια
1549 4774 1789 4844 γίνεται;

221 4873 594 4944 δεδοξασμένα
622 4871 680 4925 δὲ
708 4872 804 4923 καὶ
829 4864 900 4940 ἦν
931 4869 1020 4922 καὶ
1052 4867 1273 4936 ἐλέγετο
1306 4865 1450 4938 ,μετὰ
1485 4865 1592 4919 τῶν
1615 4865 1794 4919 ἄλλων

219 4969 323 5023 τῶν
347 4970 406 5022 ἐν
434 4969 502 5038 τῇ
533 4966 704 5034 σκηνῇ
731 4961 1012 5026 τοσοῦτον,
1038 4961 1120 5012 ὅτι
1147 4959 1208 5013 οὐ
1243 4955 1396 5028 παρὰ
1417 4957 1609 5010 Μωσεῖ
1633 4956 1794 5028 μόνον

223 5061 314 5114 καὶ
341 5057 624 5120 Ἰουδαίοις
645 5051 1296 5127 τηνικαῦταδεδόξασται,
1319 5049 1459 5104 ἀλλὰ
1476 5051 1573 5104 καὶ
1595 5049 1794 5118 Παύλῳ

222 5152 372 5224 αὐτῷ
392 5151 473 5223 τῷ
499 5151 600 5221 τῆς
628 5150 854 5220 χάριτος
883 5149 1111 5218 κήρυκι·
1137 5144 1233 5198 καί
1261 5159 1330 5212 γε
1351 5141 1443 5197 καὶ
1469 5141 1796 5213 σεμνότερόν

222 5263 338 5310 πως
371 5243 532 5298 καλεῖ
567 5241 854 5312 Χερουϐὶμ
907 5239 1068 5310 δόξης
1119 5235 1565 5299 κατασκιάζοντα
1594 5234 1658 5288 τὺ
1689 5234 1798 5288 ελα-

225 5341 482 5410 στήριον·
523 5335 654 5405 περὶ
693 5326 770 5388 ὧν
816 5336 876 5386 ὲν
921 5331 1136 5402 ἑτέροις
1179 5326 1520 5399 πλατύτερον
1555 5327 1790 5399 εῖρηται.

222 5431 368 5503 Πρὸς
395 5429 454 5484 δέ
478 5444 544 5498 γε
571 5430 686 5490 τοῖς
721 5423 1054 5497 εἰρημένοις,
1074 5420 1188 5476 καὶ
1209 5419 1467 5492 ἀλλαχόθι
1491 5419 1634 5473 κατὰ
1662 5419 1792 5484 τοὺς

1890 3252 1994 3288 non
2030 3243 2207 3302 exeat,
2239 3251 2413 3304 neque
2453 3237 2505 3290 in
2538 3235 2655 3291 foro
2687 3239 2966 3292 consistat.
3003 3229 3128 3294 Vult
3153 3241 3294 3294 enim
3335 3255 3456 3294 ser-

1891 3339 2012 3379 vum
2065 3326 2215 3380 illum
2275 3341 2503 3382 vacuum
2547 3338 2902 3400 paratumque
2942 3342 3062 3384 esse
3113 3331 3179 3384 ad
3230 3345 3292 3384 ea
3333 3347 3456 3401 qua:

1889 3423 2082 3486 postea,
2103 3417 2461 3486 pra‘cipienda
2487 3426 2614 3472 sunt
2650 3435 2663 3472 :
2707 3418 2962 3487 quoniam
3003 3417 3243 3473 futurum
3270 3429 3372 3483 est,
3403 3430 3462 3472 ut

1891 3509 2127 3563 crastina
2162 3507 2249 3562 die
2284 3509 2336 3562 in
2369 3508 2510 3562 hanc
2560 3509 2749 3563 urbem
2793 3509 2874 3564 vel
2911 3509 2963 3564 in
3003 3510 3142 3564 hanc
3187 3511 3460 3580 regionem

1891 3613 2012 3652 cum
2041 3599 2238 3654 mittat.
2269 3598 2585 3669 Hujusmodi
2617 3599 2818 3670 aliquid
2846 3601 3087 3670 suggerit
3138 3602 3292 3656 nobis
3322 3618 3462 3672 pra:-

1889 3704 2016 3744 scns
2043 3704 2258 3758 quoque
2279 3704 2460 3745 sermo
2490 3699 2548 3744 ut
2571 3691 2904 3760 cogitemus;
2929 3705 3140 3761 nempe,
3167 3689 3460 3762 Sinejussu

1893 3788 2018 3836 meo‘
2047 3781 2181 3834 nihil
2231 3781 2420 3843 lacies,
2457 3791 2514 3835 ut
2561 3798 2682 3850 quae
2721 3782 2936 3837 demum
2975 3797 3074 3852 ego
3118 3786 3456 3854 praecipiam,

1893 3885 2024 3942 agas
2049 3877 2102 3924 et
2127 3871 2402 3927 observes.
2436 3869 2658 3927 Mandat
2702 3883 2823 3942 post
2878 3875 2994 3928 haec
3046 3889 3236 3942 reapse
3284 3877 3465 3930 biero-

1892 3963 2110 4032 phantze
2143 3961 2286 4018 Deus
2337 3961 2668 4016 tabernaculi
2723 3963 3165 4027 aediﬁcationem,
3221 3975 3276 4019 et
3307 3980 3463 4033 quae-

1892 4055 2106 4124 cunque
2135 4055 2202 4108 ad
2229 4068 2349 4110 eam
2399 4048 2652 4124 attinent.
2713 4051 3218 4122 Parapetasmatum
3273 4069 3468 4124 nempe

1894 4146 2183 4214 facturam,
2220 4161 2340 4216 quae
2379 4145 2720 4202 Cherubinos
2758 4160 2922 4216 Opere
2943 4145 3174 4216 phrygio
3229 4146 3466 4202 intextus

1895 4225 2185 4294 habebant.
2210 4237 2334 4292 lam
2351 4247 2398 4292 et
2434 4254 2573 4292 arca:
2601 4237 3082 4308 superponendum,
3107 4237 3234 4308 quid
3253 4237 3417 4306 [acies
3436 4239 3464 4294 ἵ

1895 4330 2100 4400 inquit;
2137 4311 2460 4385 Cherubinos
2504 4329 2700 4384 scilicet
2747 4344 2940 4382 aureos
2994 4327 3361 4382 lornaliles".
3401 4325 3470 4382 Ει

1896 4435 1963 4475 ne
2003 4421 2257 4492 imaginis
2287 4419 2507 4490 quidem
2559 4419 2778 4475 nomine
2811 4405 3044 4490 appellat
3091 4419 3460 4486 Cberubinos,

1895 4514 1990 4568 sed
2020 4512 2342 4583 simpliciter
2365 4513 2726 4578 Cherubinos,
2749 4503 2939 4570 eodem
2961 4527 3186 4582 prorsus
3204 4513 3468 4569 vocabulo

1897 4613 2265 4674 quoaugustze
2294 4603 2396 4658 illa:
2449 4619 2514 4658 ac
2547 4604 3001 4674 supramundanaa
3029 4602 3343 4669 substantia:
3373 4605 3470 4661 de-
3543 4669 3550 4678 _

1899 4705 2178 4753 notantur.
2206 4695 2346 4763 Quid
2382 4704 2563 4750 autem
2621 4697 2908 4765 gloriosius
2950 4705 3044 4752 aut
3103 4697 3470 4755 venerabilius

1902 4779 2219 4841 cherubinis
2243 4795 2350 4853 est,
2381 4786 2524 4842 unde
2547 4785 2728 4842 divina
2774 4789 3043 4858 apparitio
3074 4789 3280 4846 ﬁebat?
3307 4789 3472 4846 Certe

1905 4875 1978 4928 illi
2002 4877 2139 4931 adeo
2167 4875 2388 4946 gloriosi
2412 4887 2568 4934 erant
2595 4887 2651 4933 et
2685 4879 3026 4945 dicebantur,
3069 4896 3193 4936 cum
3252 4881 3374 4936 aliis
3412 4881 3470 4936 in

1905 4966 2263 5022 tabernaculo
2293 4967 2504 5038 positis,
2539 4977 2598 5022 ut
2625 4984 2729 5024 non
2752 4985 2778 5022 a
2811 4959 2991 5040 Moyse
3023 4972 3394 5026 tantummodo
3415 4977 3473 5027 ct

1906 5058 2121 5112 illorum
2167 5067 2488 5129 temporum'
2517 5059 2722 5116 Judaeis
2771 5061 2826 5115 in
2883 5061 3088 5116 honore
3115 5061 3280 5115 habiti
3337 5063 3470 5128 sint,

1906 5162 2095 5204 verum
2121 5149 2290 5204 etiam
2311 5149 2400 5208 .ab
2439 5151 2556 5218 ipso
2578 5150 2748 5206 Paulo
2773 5151 3096 5220 evangelica:
3115 5151 3302 5220 gratia:
3328 5167 3469 5220 prae.-

1903 5239 2129 5294 cone”.
2195 5238 2412 5295 Etenim
2485 5241 2738 5313 religiose
2805 5241 3050 5296 nominat
3131 5240 3472 5300 Cherubinos

1903 5331 2092 5400 gloriae
2113 5331 2286 5387 altare
2314 5331 2734 5400 obumbrantes;
2761 5333 2826 5389 de
2863 5333 3066 5403 quibus
3091 5347 3191 5388 nos
3211 5332 3320 5389 alio
3349 5333 3472 5390 loco

1901 5421 2064 5482 latius
2109 5423 2275 5480 locuti
2323 5434 2514 5482 sumus
2559 5424 2696 5497 (52).
2744 5423 2947 5482 Praeter
2997 5428 3260 5482 hactenus
3305 5426 3474 5497 dicta,

294 5565 337 5598 "
367 5531 475 5619 lsa.
507 5579 634 5628 va,
668 5563 756 5616 12.
832 5561 880 5594 τ’
907 5558 1074 5616 Exod.
1111 5572 1205 5622 xx,
1233 5533 1296 5610 (ἒξ
1368 5555 1412 5587 7'
1449 5555 1618 5611 Exod.
1651 5570 1777 5620 xxv,

1892 5595 1904 5609 .
1985 5558 2030 5590 ⁷³
2053 5558 2218 5614 Hebr.
2252 5576 2326 5628 Ix,
2359 5561 2414 5615 5.

295 5680 416 5754 (5‘2)
452 5682 510 5738 ιη
541 5682 886 5752 Apologetico
916 5683 1118 5751 majore
1147 5696 1271 5748 cap.
1306 5677 1372 5733 70
1403 5688 1454 5733 et
1481 5695 1596 5748 soq.
