3898 6150
407 274 515 343 455

1436 277 1497 337 S.
1539 271 1961 336 NICEPHORI
1995 265 2508 330 PATRIARCHE
2549 263 2657 324 (ΖΡ.

3559 258 3667 324 456

412 390 651 458 erigens,
677 384 857 441 oleum
885 383 1006 452 ejus
1051 384 1239 440 vertici
1271 383 1488 439 infudit.
1536 381 1674 436 Num
1708 395 1839 452 ergo
1867 381 1981 434 haec

2099 375 2290 446 ςτήλην
2309 374 2402 426 τὸν
2433 373 2581 427 λίθον
2608 371 2964 443 στησάμενος,
3001 369 3178 424 ἔλαιον
3203 369 3346 424 κατὰ
3369 369 3466 424 τοῦ
3498 371 3671 442 ἄκρου

410 485 628 532 recusat
661 475 824 540 Deus,
850 484 908 530 ut
939 475 1024 530 his
1048 475 1299 530 nefandis
1325 475 1580 530 videtur?
1606 473 1984 544 Nequaquam,

411 569 523 623 imo
569 576 624 622 et
650 567 976 638 perlibenter
1001 567 1269 635 admittit;
1301 567 1444 638 quod
1474 583 1540 622 ex
1577 566 1800 622 oraculo
1837 573 1988 634 post-

423 661 550 714 hinc
605 659 806 714 Jarobo
863 661 1008 713 edito
1057 667 1274 714 constat
1323 673 1338 714 :
1402 657 1526 713 Vidi
1573 660 1733 723 enim,
1788 657 1985 725 inquit,

415 758 617 820 quanta
646 747 830 804 Laban
872 751 969 803 tibi
1007 750 1212 816 fecerit.
1244 749 1360 821 Ego
1411 767 1526 804 sum
1557 750 1818 804 Dominus
1848 748 1986 802 Deus

414 851 560 906 tuus,
586 841 675 910 qui
703 841 796 893 tibi
826 855 942 893 sum
959 839 1099 895 visus
1133 841 1186 894 in
1221 841 1334 896 loco
1351 840 1466 906 Déi,
1496 842 1584 894 ubi
1611 851 1668 894 tu
1697 839 1825 893 mihi
1854 839 1990 908 lapi-

411 937 527 985 dem
573 932 794 998 auxisti,
847 941 894 986 at
926 935 1053 987 mihi
1083 943 1260 987 uotum
1288 933 1472 987 vovisti
1501 933 1570 989 ⁸³.
1599 932 1682 986 Ad
1712 932 1828 987 haec
1854 933 1985 1002 quid

353 1052 356 1056 -
417 1037 646 1090 magnus
682 1033 867 1076 noster
897 1023 1152 1078 sacerdos
1185 1021 1261 1076 ait
1285 1021 1586 1091 Gregorius
1635 1020 1789 1092 (56)?
1826 1039 1844 1070 ι
1893 1018 1990 1074 Ja-

410 1111 580 1166 cobus
647 1110 850 1166 scalam
916 1112 1207 1180 quamdam
1267 1111 1558 1180 phantasia
1613 1112 1768 1176 vidit,
1823 1121 1988 1180 atque

412 1201 728 1273 angelorum
769 1217 1080 1269 ascensum,
1137 1212 1192 1256 et
1239 1201 1472 1272 lapidem
1523 1203 1681 1256 unxit
1721 1201 1984 1273 mystice;

411 1292 645 1348 fortasse
665 1305 722 1348 ut
739 1293 970 1362 lapidem
1001 1294 1170 1348 nostri
1199 1309 1363 1348 causa
1388 1293 1741 1366 unctum(57)
1765 1295 1989 1348 denota-

413 1395 534 1454 rcl;
589 1396 646 1440 et
718 1385 816 1440 Dei
847 1387 1101 1440 visionem
1145 1385 1436 1455 appellavit
1489 1401 1613 1440 eum
1669 1387 1870 1449 locum,
1933 1385 1985 1438 in

425 1477 546 1545 ejus
581 1477 672 1543 qui
723 1476 1370 1546 apparuerat~houorem.
1424 1497 1444 1530 ›
1497 1477 1560 1532 Et
1589 1478 1696 1530 alia
1744 1493 1864 1545 qua:
1913 1477 1984 1531 ibi

414 1566 713 1636 Gregorius
747 1567 990 1622 encomia
1032 1570 1397 1637 prosequitur.
1435 1569 1561 1624 Haec
1603 1571 1818 1624 cuinam
1878 1584 1984 1622 non

414 1657 755 1727 perspicuum
783 1657 1006 1720 faciunt,
1029 1658 1278 1712 eamdam
1301 1659 1536 1728 lapidum
1569 1659 1869 1723 materiam,
1890 1675 1987 1729 pro

2091 469 2328 540 ὲπιχέει.
2361 463 2490 539 ’Ἆρ’
2518 461 2612 520 οὖν
2635 465 3030 537 ἀποπέμπεται
3059 464 3234 518 ταῦτα
3258 463 3424 530 Θεὸς,
3451 465 3530 526 ὡς
3556 467 3674 529 τοῖς

2091 559 2402 628 ὲξαγίστοις
2433 559 2616 623 δοκεῖς
2657 557 2926 628 Οὐδαμῶς
2949 600 2966 624 ,
2995 557 3136 612 ἀλλὰ
3162 557 3257 610 καὶ
3295 557 3418 610 λίαν
3443 557 3675 622 προσίε-

2088 666 2202 702 ταιο
2235 649 2332 702 καὶ
2353 649 2514 721 δῆλον
2547 650 2604 716 ἐξ
2626 645 2701 702 ὧν
2729 649 2878 718 αὐτῷ
2899 667 3072 721 κεχρη
3083 649 3278 721 μάτικε
3301 649 3444 720 μετᾶ
3469 651 3674 705 ταῦτα’

2103 739 2364 810 Ἑώρακα
2393 743 2525 813 γὰρ,
2564 743 2733 813 φησὶν
2764 782 2780 808 ,
2811 742 2930 796 ὅσα
2956 760 3054 796 σοι
3084 743 3288 796 Λάόαν
3311 743 3491 798 ποιεῖ.
3530 745 3678 814 Ἐγώ

2089 837 2206 904 ειμι
2227 835 2439 904 Κύριος
2458 838 2490 888 ὀ
2517 839 2661 902 Θεεξς
2677 852 2816 899 σου,
2835 837 3055 904 ὃόφθεί
3058 857 3087 902 ς
3111 836 3294 890 σοιέν
3311 839 3474 904 τόπῳ
3499 838 3675 901 Θεοῦ,

2090 919 2162 980 αὖ
2186 923 2446 992 ἧλειψάς
2460 942 2564 994 μοι
2589 924 2719 976 ἐκεῖ
2733 923 2996 990 στήλην,
3025 924 3123 978 καὶ
3145 923 3309 991 ηὔξω
3325 940 3430 994 μοι
3452 922 3680 993 “7267i?-

2091 1017 2233 1086 Πρὸς
2267 1015 2442 1070 ταῦτα
2469 1015 2580 1068 τῶν
2618 1015 2742 1070 καθ’
2768 1017 2916 1086 ἡμᾶς
2976 1013 3318 1085 ίερομυστῶν
3348 1017 3376 1068 ὁ
3408 1015 3588 1085 μέγας
3623 1013 3679 1068 τί

2092 1125 2227 1178 φησι
2263 1109 2302 1160 Γ
2308 1109 2608 1182 ρηγόριος;
2649 1128 2667 1159 ι
2726 1107 2923 1161 Ἰακὼϐ
2954 1108 3011 1162 δὲ
3055 1107 3302 1178 κλίμακα
3348 1107 3452 1178 μὲν
3506 1108 3678 1176 ἐφαν-

2089 1200 2264 1270 τάσθη
2293 1201 2416 1254 τινὰ
2440 1243 2454 1267 ,
2485 1201 2580 1254 καὶ
2609 1199 2860 1268 ἀγγέλων
2893 1199 3118 1264 ἄνοδον,
3152 1200 3249 1254 καὶ
3283 1200 3493 1271 στήλην
3526 1199 3680 1253 ἀλεί-

2089 1310 2180 1361 φει
2213 1290 2526 1362 μυστικῶς·
2569 1292 2698 1354 ἴσως
2731 1291 2820 1344 ἵνα
2841 1290 2934 1344 τὸν
2965 1290 3110 1359 ὑπὲρ
3138 1291 3294 1361 ἡμῶν
3324 1290 3473 1344 λίθον
3497 1309 3680 1362 παρα-

2089 1381 2334 1452 δηλώῐιῃ,
2361 1381 2456 1434 καὶ
2481 1377 2642 1446 εἶδος
2677 1379 2825 1434 Θεοῦ
2859 1381 3010 1451 τόπῳ
3053 1381 3160 1434 τινὶ
3190 1381 3570 1454 προσηγορίαν
3597 1383 3678 1436 δί-

2091 1474 2279 1538 δωσιν,
2319 1475 2400 1536 είς
2431 1472 2594 1543 τιμὴν
2630 1471 2722 1526 τοῦ
2765 1471 3044 1541 ὀφθέντος.
3086 1491 3104 1523 ν
3139 1470 3250 1525 Καὶ
3283 1472 3420 1526 ἄλλα
3450 1476 3555 1527 ὅσα
3587 1475 3680 1543 ἑγ-

2089 1565 2274 1635 κὼμια
2305 1564 2536 1617 ἐνταῦθα
2562 1563 2812 1630 διέξεισιο
2844 1563 3017 1616 ταῦτα
3060 1565 3164 1616 τίνι
3184 1565 3286 1618 οὐκ
3315 1566 3524 1636 ἐναργῆ
3552 1565 3683 1620 καθ-

2093 1657 2324 1722 ίσταται,
2340 1657 2414 1720 ὡς
2432 1656 2557 1728 περὶ
2571 1656 2670 1728 τὴν
2687 1656 2856 1726 αὐτὴν
2878 1655 3031 1727 ὕλην,
3048 1657 3158 1711 τῶν
3177 1657 3360 1732 λίθων,
3381 1659 3549 1729 φημὶ,
3570 1659 3679 1712 τῶν

417 1757 766 1804 oraculorum
797 1747 1136 1814 diversitate,
1173 1749 1334 1803 modo
1365 1750 1474 1804 Deo
1493 1759 1701 1820 gratam
1725 1760 1780 1804 et
1811 1751 1986 1803 honu-

2099 1747 2499 1818 θεσπιζομένων
2529 1748 2590 1800 τὸ
2621 1747 2879 1818 διάφορον
2903 1748 3236 1814 ἐκδιδάσκει,
3268 1749 3348 1813 ὡς
3375 1753 3445 1802 τὰ
3474 1747 3678 1820 μὲν-τῷ

416 1839 644 1894 rabilem
682 1853 826 1905 esse,
886 1841 1047 1893 modo
1081 1840 1372 1896 contrariis
1429 1841 1766 1907 adhibitam,
1817 1840 1994 1894 vitan-

412 1936 534 1986 dam
567 1946 687 1987 esse
705 1941 760 1986 et
795 1933 1218 1988 detestabilem?

490 2021 690 2088 Quales
724 2037 856 2079 vero
882 2035 1228 2094 quantasque
1266 2023 1572 2078 Salomonis
1607 2023 1876 2094 sapientia
1933 2031 1990 2078 et

418 2113 696 2183 opulentia
737 2111 952 2178 fecerit,
1006 2130 1144 2183 quas
1191 2115 1462 2170 famosum
1517 2115 1646 2169 illud
1681 2115 1994 2169 continebat

421 2199 702 2270 templum,
758 2202 1204 2268 incorporearum
1267 2204 1488 2274 figuras,
1531 2203 1838 2258 volentibus
1873 2214 1995 2257 stu-

418 2295 573 2348 diose
601 2295 838 2348 scrutari
860 2295 1252 2364 permittimus,
1286 2297 1539 2366 quoniam
1567 2305 1624 2350 et
1649 2296 1775 2350 alibi
1803 2307 1912 2351 nos‘
1927 2297 1993 2350 de

419 2383 506 2438 his
539 2383 792 2438 subtilius
824 2387 1180 2440 tractavimus
1217 2386 1353 2459 (58).
1398 2387 1624 2457 Insuper
1656 2397 1707 2440 et
1736 2403 1992 2456 quaecun-

419 2490 528 2545 que
578 2475 702 2532 divo
752 2475 1091 2533 Ezechieli“
1142 2481 1255 2535 visa
1321 2486 1450 2534 sunt
1505 2486 1558 2534 et
1616 2479 1876 2544 revelata,
1931 2493 1996 2533 ac

428 2567 614 2623 divino
669 2570 890 2624 oraculo
955 2569 1260 2626 manifesta.
1315 2571 1526 2626 Etenim
1573 2572 1722 2627 circa
1745 2573 1997 2643 .parietcs

427 2661 686 2716 delineati
740 2663 1056 2732 ostensique
1102 2665 1324 2734 templi,
1370 2679 1582 2720 necnon
1629 2666 1772 2720 circa
1834 2666 1998 2721 vcsti-

431 2753 572 2819 bula,
616 2753 916 2809 Cherubini
949 2765 1106 2811 erant
1141 2755 1338 2824 sculpli
1377 2766 1432 2810 ct
1481 2756 1693 2827 palmae,
1729 2761 1856 2827 'qusc
1911 2771 1998 2812 res

421 2845 727 2898 secundum
789 2859 1010 2900 veraces
1078 2845 1197 2900 illas
1253 2845 1488 2901 visiones
1542 2845 1788 2918 figuratae
1841 2855 1998 2902 erant

427 2951 724 3007 coramque
747 2937 972 3008 depicta;
1007 2955 1023 2991 :
1055 2941 1196 2992 inter
1235 2953 1371 3008 quas
1407 2945 1568 2994 etiam
1619 2939 1820 2995 Sancta
1871 2955 1998 2996 sau-

423 3039 659 3091 Ctorum,
696 3029 1026 3099 plenumque
1055 3030 1227 3100 gloria
1281 3030 1491 3086 Domini
1522 3033 1808 3087 aedilicium
1841 3033 1996 3086 vide-

421 3123 546 3186 bat;
573 3123 714 3176 uude
752 3131 805 3175 et
837 3137 1044 3192 pronus
1071 3119 1652 3194 ibi'lwmiproCubuit
1693 3145 1708 3182 :
1761 3127 1994 3181 audivit-

420 3226 526 3280 que
555 3223 746 3266 contra
799 3223 1218 3282 oxasperantem
1259 3215 1424 3286 118
1481 3217 1698 3272 domum
1748 3219 1988 3274 Israelis.

421 3303 661 3373 graviter
721 3303 1028 3368 inclamari,
1078 3314 1136 3358 ut
1205 3320 1235 3359 a
1279 3308 1394 3361 suis
1448 3307 1823 3377 iniquitatibus
1878 3311 1995 3367 sine

423 3409 573 3448 mora
601 3393 934 3458 desinerent,
958 3405 1013 3450 et
1045 3395 1192 3449 omni
1257 3405 1380 3452 actu
1437 3409 1548 3469 quo
1575 3396 1786 3454 Domini
1821 3399 1992 3470 legem

423 3487 710 3550 violantes,
741 3500 895 3541 sacra
916 3487 1032 3558 ejus
1052 3485 1443 3558 profanabant;
1467 3490 1626 3546 sicuti
1659 3505 1801 3546 nunc
1829 3494 1991 3547 etiam

422 3578 670 3634 videmus
723 3578 791 3633 ab
847 3577 932 3634 bis
975 3577 1137 3650 impie
1203 3579 1320 3636 ﬁeri
1371 3583 1461 3651 qui
1533 3581 1780 3638 acerbius
1815 3583 1994 3638 adhuc

421 3679 667 3738 peccant,
703 3679 757 3724 et
797 3671 1004 3725 sanctis
1035 3671 1142 3726 illis
1173 3673 1442 3728 sanctiora
1480 3673 1698 3729 laedunt.
1729 3673 1905 3744 Atque
1925 3689 1992 3728 ex

425 3763 510 3818 his
535 3763 788 3819 omnibus
813 3764 1175 3830 concluditur,
1208 3780 1381 3836 neque
1411 3767 1593 3822 omnia
1649 3782 1768 3837 qua:
1816 3767 1883 3822 de
1913 3767 1997 3822 his

429 3855 692 3924 legalibus
719 3856 924 3926 scripta
953 3856 1226 3925 feruntur,
1249 3860 1540 3930 rejicienda
1568 3875 1691 3917 esse
1724 3861 1989 3926 absolute,

427 3961 600 4018 neque
657 3949 838 4004 omnia
906 3951 1145 4006 vicissim
1196 3951 1554 4008 admittenda.
1618 3951 1754 4008 Nam
1819 3968 1997 4023 neque

424 4043 603 4094 omnia
635 4041 862 4110 profana
892 4052 1017 4098 sunt
1067 4053 1122 4098 et
1155 4044 1530 4114 despicabilis,
1589 4061 1764 4114 neque
1811 4046 1996 4100 omnia

427 4147 614 4185 rursus
648 4142 838 4188 sancta
898 4143 950 4188 et
1009 4134 1373 4200 venerabilia;
1433 4135 1525 4190 sed
1593 4149 1714 4204 quae
1758 4135 1890 4201 sint,
1943 4145 1998 4190 et

425 4237 587 4290 quam
627 4223 696 4276 ob
741 4238 988 4286 causam,
1058 4224 1400 4277 manifestius
1446 4225 1662 4279 docebit
1715 4226 1994 4280 oraculum

427 4312 668 4368 Gedeoni
725 4326 960 4380 superne
1007 4313 1212 4367 editum
1265 4313 1436 4382 judici
1491 4313 1706 4370 lsraelis
1735 4315 1995 4370 electo“.

428 4401 742 4455 Mandatum
779 4400 977 4470 quippe
1015 4401 1094 4454 illi
1139 4400 1236 4462 fuit
1264 4411 1321 4456 ut
1351 4407 1582 4472 patrium
1619 4401 1797 4458 Baalis
1824 4404 1996 4460 altare
2031 4431 2075 4486 ι)

427 4490 652 4560 ejusque
691 4489 870 4544 lucum
905 4491 1230 4559 destrueret,
1267 4492 1520 4564 aliudque
1545 4492 1836 4551 aedificaret
1863 4495 1996 4564 Deo,

426 4591 484 4636 et
554 4579 820 4635 sacrificia
892 4581 1017 4638 illuc
1081 4582 1362 4638 extolleret
1418 4585 1746 4654 vitulorum,
1801 4587 2000 4644 succisi

427 4673 532 4728 luci
595 4672 754 4744 lignis
808 4675 1028 4730 utendo.
1097 4677 1297 4732 Eodem
1355 4681 1514 4734 modo
1573 4695 1672 4737 nos
1736 4697 1996 4752 quoque,

428 4765 696 4820 diviniore
725 4781 786 4820 ac
819 4766 1152 4836 religiosiore
1183 4768 1297 4840 lege
1327 4782 1566 4841 recepta,
1601 4773 1647 4829 si
1681 4788 1838 4844 quem
1871 4773 2002 4828 alie-

428 4873 556 4912 num
589 4873 616 4910 a
656 4867 840 4913 nostra
876 4861 1146 4915 sententia
1203 4863 1726 4930 deprchenderimus
1779 4865 2000 4935 religio-

429 4964 549 5005 sum
581 4949 770 5016 ritum,
814 4951 958 5004 hunc
990 4949 1135 5004 velut
1160 4949 1441 5006 Judaicum
1475 4961 1568 5006 aut
1625 4951 1992 5018 Barbaricum,

429 5058 526 5096 ceu
569 5040 990 5096 abominandum
1027 5041 1538 5110 detestandamque,
1584 5041 1734 5096 omni
1773 5057 2000 5112 prorsus

427 5133 713 5190 sedulitate
749 5143 984 5198 utentes,
1015 5133 1316 5198 destruere,
1353 5147 1449 5186 ceu
1483 5133 1743 5198 alienum,
1780 5147 2004 5188 necesse

426 5236 530 5282 est.
565 5226 694 5293 Quae
723 5240 852 5280 vero
888 5225 954 5278 ad
983 5225 1072 5280 Dei
1130 5225 1358 5296 gloriam
1411 5223 1612 5291 favent,
1647 5235 1703 5278 et
1750 5225 2004 5280 salutaris

2093 1838 2212 1908 Θεῷ
2264 1840 2442 1892 οἰκεῖα
2477 1839 2571 1892 καὶ
2611 1839 2772 1910 τίμια
2794 1881 2808 1904 ,
2841 1841 2911 1894 τὰ
2952 1841 3008 1893 δὲ
3043 1842 3155 1904 τοῖς
3186 1822 3455 1905 ἐναντίοις
3493 1843 3678 1914 ἀνημ-

2099 1929 2262 1999 μένα,
2302 1929 2516 1996 φευκτὰ.
2544 1930 2639 1982 καὶ
2672 1929 3028 1994 ἀπόπτυστα;

2176 2018 2370 2073 Ὁποία
2393 2019 2450 2072 δὲ
2481 2021 2576 2073 καὶ
2604 2020 2708 2074 ὅσα
2735 2022 2768 2092 ἡ
2801 2021 3152 2090 Σολομῶντος
3181 2020 3345 2092 σοφία
3376 2023 3475 2078 καὶ
3521 2021 3680 2077 δυνα-

2098 2110 2253 2164 στεία
2282 2110 2639 2182 ἐξείργασται
2669 2152 2682 2176 ,
2724 2111 2820 2164 καὶ
2851 2111 2996 2190 ἆπερ
3024 2113 3052 2166 ὁ
3087 2113 3437 2184 περιώνυμος
3464 2115 3679 2178 ἐκεῖνος

2096 2199 2209 2272 εἷχε
2239 2203 2364 2267 ναὸς
2414 2203 2524 2256 τῶν
2575 2203 2890 2272 ἀσωμάτων
2931 2202 3312 2282 μορφώματα,
3335 2206 3452 2268 τοῖς
3483 2203 3677 2275 βουλο-

2100 2295 2286 2364 μένοις
2339 2295 2644 2364 φιλοπὸνως
2675 2294 2968 2368 ἐξερευνᾷν
3014 2297 3364 2366 παρήσομεν,
3405 2297 3534 2349 ἐπεὶ
3581 2299 3676 2350 καὶ

2097 2387 2229 2456 ἡμῖν
2261 2387 2585 2460 λεπτότερον
2605 2390 2664 2441 ὲν
2685 2387 2894 2458 ἑτέροις
2926 2387 3055 2458 περὶ
3086 2385 3292 2442 τούτων
3321 2387 3636 2460 διείληπται
3657 2401 3674 2421 ⁶

2099 2478 2327 2549 προσέτι
2374 2495 2437 2544 γε
2495 2479 2602 2549 μὴν
2659 2479 2756 2532 καὶ
2815 2474 2906 2533 οἷα
2953 2478 3030 2551 τῷ
3077 2479 3353 2550 θεσπεσίῳ
3409 2479 3676 2550 Ἱεζεκιὴλ

2099 2564 2278 2624 ὦπται
2311 2570 2404 2624 καὶ
2437 2571 2898 2642 κεχρημάτισται,
2931 2573 3000 2624 τὰ
3021 2570 3394 2642 θεοπαράδοτα
3419 2571 3677 2640 διασαφεῖ

2099 2662 2252 2730 λόγια
2271 2678 2286 2693 ο
2319 2661 2459 2716 κατά
2481 2679 2540 2714 τε
2569 2661 2676 2734 γὰρ
2703 2663 2828 2725 τοὺς
2849 2663 3065 2733 τοίχους
3093 2662 3284 2732 κύκλῳ
3313 2662 3408 2716 τοῦ
3441 2662 3673 2734 διαγρει.⁴

2101 2754 2336 2825 φομένου
2391 2755 2488 2808 καὶ
2521 2753 3025 2826 παραδεικνυμένου
3073 2753 3180 2808 νεὼ
3203 2794 3217 2819 ,
3255 2755 3350 2810 καὶ
3381 2755 3452 2808 τὰ
3492 2753 3673 2826 θυρώο

2103 2863 2250 2916 ματα
2283 2845 2570 2916 Χερουϐὶμ
2597 2841 2664 2918 ἦν
2695 2846 2763 2900 τὰ
2793 2845 3174 2917 γεγλυμμένα,
3199 2846 3294 2900 καὶ
3324 2846 3567 2917 φοίνικες
3593 2886 3609 2908 ,
3639 2846 3676 2900 δ.

2100 2935 2165 3007 δὴ
2194 2936 2334 2990 κατὰ
2362 2937 2458 3000 τὰς
2493 2936 2746 3006 ἀψευδεῖς
2783 2937 2998 3000 ὲκείνας
3035 2936 3189 3007 ὄψεις
3211 2978 3225 3004 ,
3266 2937 3581 2992 ὲτετύπωτό
3611 2951 3678 2991 τε

2102 3028 2195 3081 καὶ
2223 3029 2618 3100 προῖστόρητο·
2647 3031 2704 3080 ὲν
2729 3025 2810 3092 οἷς
2837 3019 2932 3082 καὶ
2957 3030 3123 3098 ’Ἅγια
3143 3029 3338 3098 ἁγίων,
3373 3029 3470 3084 xui.
3489 3030 3672 3101 πλήρη

2094 3118 2252 3189 δᾶξης
2281 3120 2486 3190 Κυρίου
2539 3119 2632 3173 τὸν
2676 3115 2832 3174 οἷκον
2860 3120 3150 3187 τεθέαται,
3204 3123 3294 3176 ὅτε
3331 3123 3430 3176 καὶ
3461 3123 3675 3196 πρηνὴς

2095 3212 2304 3262 ἐκεῖθεν
2330 3211 2666 3264 κατέπιπτεν
2686 3228 2701 3243 ·
2735 3213 2903 3284 ἥκουέ
2927 3231 2985 3266 τε
3015 3213 3152 3285 πρὸς
3181 3215 3270 3268 τὸν
3293 3217 3674 3286 παραπικραί-

2095 3319 2254 3356 νοντα
2292 3299 2439 3356 οἶκον
2487 3303 2583 3356 τοῦ
2627 3303 2846 3374 Ἰσραὴλ
2871 3346 2885 3371 ,
2915 3306 3345 3376 ἐμϐριθέστερον
3377 3308 3676 3377 ἀποφαίνε·

2097 3393 2254 3457 σθαι,
2283 3393 2589 3465 ’ἂπολήγειν
2617 3395 2778 3460 εὐθὺς
2803 3397 2910 3451 τῶν
2941 3398 3182 3468 ἀνομιῶν
3211 3398 3412 3464 αὐτῶν,
3453 3400 3676 3454 καὶτῶν

2095 3484 2196 3536 ὅσα
2224 3484 2322 3556 τὴν
2351 3485 2617 3557 διαθήκην
2658 3487 2866 3559 Κυρίου
2911 3489 3350 3558 παραϐαίνοντες
3378 3485 3676 3562 ἔϐεϐήλουν

2097 3577 2164 3630 τὰ
2192 3575 2352 3646 ἆγιαο
2406 3579 2659 3650 καθάπερ
2699 3579 2764 3651 δὴ
2821 3581 2916 3634 καὶ
2959 3581 3054 3634 νῦν
3106 3581 3324 3653 ὁρῶμεν
3362 3583 3524 3655 παρὰ
3567 3583 3678 3637 τῶν

2097 3669 2446 3740 ἀνομούντων
2492 3671 2841 3743 πικρότερον,
2881 3674 2974 3726 καὶ
3035 3673 3410 3744 βεϐηλούντων
3453 3674 3523 3729 τὰ
3571 3675 3679 3729 τῶν

2099 3759 2270 3828 ἁγίων
2302 3760 2528 3815 ἐκείνων
2552 3763 2829 3836 ἁγιώτερα
2860 3763 3036 3828 ἀθέως
3065 3766 3389 3838 τελούμενα.
3438 3767 3537 3822 Ἐκ
3559 3769 3680 3824 τού-

2094 3867 2204 3904 των
2236 3851 2293 3904 δὲ
2331 3851 2548 3906 πάντων
2597 3854 2895 3922 συνάγεται
2931 3894 2945 3920 ,
2979 3855 3056 3920 ὡς
3085 3854 3210 3910 οὔτε
3246 3860 3426 3913 πάντα
3457 3859 3529 3914 τὰ
3573 3876 3671 3928 γε·

2097 3942 2394 4013 γραμμένα
2429 3943 2556 4016 περὶ
2584 3943 2692 3998 τῶν
2732 3944 2875 3998 οὕτω
2906 3944 3386 4020 νομοθετουμένων
3419 3951 3679 4022 ἀποπεμ-

2101 4034 2262 4086 πτέον
2303 4034 2492 4098 ἁπλῶς
2515 4076 2532 4101 ,
2561 4035 2686 4090 οὔτε
2729 4037 2908 4092 πάντα
2957 4040 3322 4110 προσδεκτέον
3346 4059 3360 4073 ⁸
3410 4041 3536 4096 οὔτε
3573 4043 3680 4115 γὰρ

2099 4125 2280 4180 πάντα
2309 4129 2480 4198 έναγῆ
2513 4129 2609 4181 καὶ
2646 4129 3009 4204 ἀπόπτυστα,
3045 4115 3170 4185 οΰττε
3209 4135 3389 4188 πάντα
3419 4135 3555 4204 ἅγια
3589 4138 3682 4190 καὶ

2102 4215 2382 4285 σεϐάσμιαι
2401 4230 2416 4244 ·
2449 4213 2586 4270 ἀλλὰ
2613 4218 2746 4290 δῆλα
2772 4201 2930 4274 ἅτινα
2957 4222 3052 4274 καὶ
3081 4215 3156 4276 ὧν
3187 4223 3374 4278 ἕνεκεν
3397 4201 3479 4288 ὡς.
3513 4225 3684 4296 σαφέ-

2101 4323 2294 4378 στερον
2330 4307 2598 4374 ἐκδιδάξει
2622 4349 2638 4376 ,
2678 4308 2714 4363 ἃ
2743 4309 2822 4382 τῷ
2859 4311 3067 4367 Γεδεὼν
3109 4313 3189 4384 τῷ
3228 4316 3317 4377 είς
3354 4314 3548 4386 κριτὴν
3594 4315 3684 4368 ἐπὶ

2101 4397 2192 4451 τδν
2238 4389 2458 4470 Ἰσραὴλ
2501 4403 3010 4474 κεχειροτονημένῳ
3039 4391 3503 4476 κεχρησμῷδηται
3543 4407 3684 4460 ἄνω·

2104 4489 2237 4544 θεν·
2285 4492 2646 4563 καθαιρήσειν
2700 4493 2800 4563 μὲν
2846 4483 3052 4566 γὰρἿιδ
3101 4495 3354 4568 πατρῷον
3403 4496 3498 4551 τοῦ
3535 4498 3685 4552 Βάαλ

2105 4581 2498 4654 θυσιαστήριον
2523 4585 2621 4639 καὶ
2652 4584 2712 4638 τὸ
2749 4586 2838 4639 ἐπ’
2871 4587 3020 4658 αὐτῷ
3051 4588 3236 4655 ἄλσος,
3270 4589 3454 4660 ἓτερον
3479 4589 3538 4642 δὲ
3577 4590 3685 4643 δεί-

2107 4673 2312 4738 μασθαι
2344 4674 2422 4745 τῷ
2444 4663 2586 4746 Θεῷ,
2617 4677 2712 4730 καὶ
2747 4677 2992 4730 ἀνοίσειν
3015 4677 3210 4743 θυσῖας
3242 4679 3460 4750 μόσχων
3490 4682 3556 4735 ὲκ
3591 4681 3684 4734 τοῦ

2108 4765 2459 4829 διακοπέντος
2495 4767 2693 4833 ἄλσους
2743 4769 2853 4823 τῶν
2897 4769 3072 4834 ξύλων
3124 4771 3490 4842 ὲπετρέπετο·
3546 4771 3686 4826 κατὰ

2107 4854 2281 4908 ταῦτα
2310 4855 2368 4909 δὲ
2407 4859 2502 4912 καὶ
2543 4857 2672 4930 παρ’
2700 4861 2829 4930 ἡμῖν
2859 4862 2971 4923 τοῖς
3001 4860 3101 4931 τὴν
3143 4859 3428 4933 θειοτέραν
3463 4864 3560 4916 καὶ
3598 4880 3684 4916 σε·

2112 4945 2498 5021 δασμιωτέραν
2551 4951 2874 5022 νομοθεσίαν
2915 4951 3296 5022 δεδεγμένοις,
3343 4957 3392 5008 εἰ
3443 4955 3547 5024 μέν
3583 4969 3682 5008 που

2113 5037 2394 5110 ἀλλότριον
2421 5043 2524 5113 τῆς
2551 5042 2673 5096 καθ’
2703 5045 2854 5115 ἡμᾶς
2891 5041 3052 5114 δόξης
3083 5045 3364 5116 φωραθείη
3399 5046 3648 5118 σέϐασμα
3668 5088 3684 5112 ,

2109 5129 2199 5186 οἷα
2219 5135 2298 5188 τὰ
2323 5137 2478 5208 παρὰ
2507 5138 2809 5208 Ἰουδαίοις,
2842 5142 2892 5192 εί
2923 5137 3099 5209 τύχοι,
3132 5137 3580 5210 καῖβαρϐἀροις,
3614 5139 3688 5204 ὡς

2111 5224 2487 5300 ἐϐδελυγμένα
2522 5232 2618 5284 καὶ
2649 5231 2893 5302 στυγητὰ
2915 5272 2930 5297 ,
2958 5231 3174 5296 πάντως
3202 5231 3269 5286 ἂν
3300 5233 3506 5306 σπουδῇ
3542 5233 3686 5305 nam

497 5381 544 5413 ⁸³
570 5381 706 5441 Gen,
748 5398 902 5447 xxx],
935 5379 1022 5434 1‘2.
1100 5379 1147 5412 ⁸⁸
1174 5378 1373 5435 Ezecb.
1412 5379 1640 5444 λι1,18.
1718 5379 1764 5411 ⁸⁵
1798 5378 1974 5437 Judic.
2016 5398 2090 5449 vr,
2126 5384 2218 5438 25.

501 5523 613 5594 (3.6)
649 5525 869 5580 Scilicet
898 5525 953 5594 in
983 5523 1226 5594 oratione
1251 5520 1344 5587 28,
1377 5538 1433 5594 n.
1464 5522 1550 5594 18_.

503 5591 619 5660 (57)
663 5595 861 5662 Nempe
907 5593 1236 5660 ἁλειφέντα,
1289 5603 1348 5644 ιιι
1390 5593 1467 5646 ait
1505 5591 1832 5662 Gregorius,
1861 5594 2002 5658 quod

434 5664 752 5718 vocabulum
793 5661 970 5720 tamen
1001 5664 1253 5718 mendose
1280 5661 1431 5716 deest
1456 5663 1507 5716 in
1551 5661 1809 5716 Vaticmo
1842 5663 2000 5717 Nice-

2113 5523 2270 5592 phori
2310 5526 2493 5579 codice
2531 5542 2582 5593 p.
2614 5526 2739 5581 265.
2776 5527 2826 5580 h.

2185 5595 2301 5665 (58)
2340 5597 2393 5650 In
2428 5599 2777 5666 Apologclico
2812 5596 3037 5667 majore,
3067 5614 3186 5670 cap.
3221 5600 3312 5658 69.
