3898 6150
217 308 318 371 457

923 311 1548 376 ANTIRRHETICUS
1586 315 1680 376 ΙΙΙ
1719 317 1886 378 ADV.
1928 315 2522 377 CONSTANTINUM
2559 315 2769 376 COPR.

3367 314 3470 377 458

219 420 547 491 χρωμένοις,
587 423 872 493 καθαιρεῖν
893 425 968 489 ὡς
991 426 1248 496 ἀλλότρια
1281 428 1592 496 ἐπάναγκες
1625 445 1638 456 ·
1669 427 1706 482 ἃ.
1737 428 1792 482 δὲ

1909 442 2210 484 nconomm
2240 428 2498 482 indicium
2549 426 2782 490 faciunt,
2831 426 2956 495 quia
3003 425 3161 480 nobis
3208 439 3463 494 prosunt,

218 513 298 574 είς
327 511 490 578 δόξαν
536 514 732 585 ἀνήκει
779 514 939 579 Θεοῦ,
985 517 1082 569 καὶ
1125 517 1363 587 δήλωσιν
1389 519 1488 588 τῆς
1530 519 1801 589 σωτηρίου

219 605 541 674 οἰκονομίας
566 605 858 676 πρόκειται
883 648 897 670 ,
927 607 1052 661 ἐπεὶ
1077 610 1208 678 ἡμῖν
1233 609 1550 678 διαφέρουσι
1575 649 1590 673 ,
1637 609 1801 663 σεσά-

219 713 428 765 σματος
484 697 582 748 καὶ
629 698 794 766 τιμῆς
825 698 952 761 ἀξια
993 699 1206 769 κρίνειν
1233 739 1246 761 ,
1291 701 1389 769 οὐχ
1417 701 1606 770 ῶσπερ
1650 699 1802 770 παρὰ

217 787 328 840 τῶν
365 787 580 855 ἐναγῶν
605 786 675 840 τὰ
704 787 835 856 ᾶγια
865 788 1187 842 δοαπτύεται
1210 790 1387 852 ἀθέως
1417 791 1511 844 καὶ
1541 791 1802 862 καθυϐρί-

219 878 374 942 ζεται
401 896 417 910 ο
455 880 505 931 οἳ
537 879 602 948 δὴ
649 878 832 932 πάντα
878 880 1204 952 συγχέοντες
1251 882 1347 934 καὶ
1386 881 1799 953 συμφύροντες,

217 968 313 1022 τοῦ
361 967 610 1038 καθαροῦ
656 969 718 1022 τὸ
745 970 1076 1041 ἀκάθαρτον,
1111 971 1207 1024 καὶ
1237 973 1330 1026 τοῦ
1367 974 1525 1040 ἁγίου
1555 974 1615 1027 τὸ
1641 974 1802 1046 βέόη-
1872 966 1876 969 ’

220 1060 313 1114 λον
352 1060 620 1130 διορίζειν
661 1061 721 1113 οὐ
759 1060 1076 1130 βούλονται⁶
1130 1067 1238 1129 Είς
1281 1064 1393 1133 γὰρ
1431 1067 1802 1134 κακότεχνον

221 1151 476 1221 ψυχὴν,
508 1151 699 1221 σοφία
743 1153 893 1206 Θεοῦ
922 1155 1035 1207 οὐκ
1081 1157 1516 1210 εἰσελεύσεται.
1563 1157 1801 1228 Ἀνάγκη

222 1242 330 1312 γὰρ
375 1241 565 1303 αὐτοῖς
621 1241 652 1311 ἢ
718 1242 897 1295 πάντα
951 1243 1039 1296 διὰ
1091 1243 1176 1309 τὸ,
1207 1245 1290 1298 Οὐ
1325 1245 1623 1312 ’ποιήσεις
1679 1245 1802 1300 πᾶν

224 1333 511 1401 ὁμοίωμα,
539 1332 606 1384 τὰ
629 1330 707 1401 τῷ
730 1331 847 1403 Θεῷ
869 1333 1001 1400 φίλα
1021 1333 1118 1386 καὶ
1149 1335 1327 1388 οἰκεῖα
1347 1335 1797 1406 ἀποπέμπεσθαι,

225 1421 258 1490 ἢ
296 1421 388 1473 διὰ
416 1421 479 1473 τὸ
507 1419 814 1486 ποιήσεις,
847 1423 917 1475 τὰ
955 1423 1394 1494 νομοθετούμενα
1427 1424 1611 1478 πάντα
1640 1463 1656 1488 ,
1707 1426 1802 1478 καὶ

225 1512 293 1564 τὰ
325 1509 439 1564 τῶν
474 1509 653 1564 ἀθέων
693 1511 788 1563 καὶ
817 1511 1064 1564 ἀπίστων
1093 1512 1275 1566 σέϐειν
1307 1510 1406 1566 καί
1435 1514 1798 1580 ἀσπάζεσθαι,

226 1604 486 1672 οὐδεμιᾶς
547 1603 732 1666 αὐτοῖς
781 1603 1102 1673 ὑπολήψεως
1176 1605 1363 1674 ὑγιοῦς
1412 1606 1658 1677 ὑπούσης
1708 1608 1803 1662 καὶ

229 1694 504 1762 κρίσεως-
578 1690 613 1760 ἦ
685 1691 823 1762 ὅπερ
895 1693 1096 1755 αὐτοῖς,
1141 1693 1340 1745 οἰκεῖον
1397 1695 1492 1746 καὶ
1546 1695 1798 1764 ἐραστὸν,

229 1786 412 1838 πᾶσαν
459 1782 702 1836 παλαιὰν
749 1785 846 1836 καὶ
903 1783 1032 1836 νέαν
1079 1783 1440 1852 νομοθεσίαν,
1482 1786 1632 1839 κατὰ
1670 1785 1801 1849 τοὺς
1835 1771 1875 1826 Β

228 1877 442 1931 ἑαυτῶν
465 1875 818 1938 διδασκάλους
839 1915 854 1938 ,
887 1875 1122 1930 ἀθετεῖν.

299 1975 413 2039 μα’.
451 1988 469 2020 ι
511 1965 648 2021 Εῐτα
677 1967 818 2020 ἐστω
864 1967 962 2037 μὲν
1006 1967 1178 2022 ταῦτα
1216 1968 1391 2032 οὕτως
1438 1969 1605 2040 ἔχειν,
1646 1971 1800 2038 φασὶ,

229 2062 328 2114 ποῦ
381 2061 442 2113 δέ
507 2077 587 2113 σοι
654 2057 887 2112 ἐνταῦθα
949 2059 1364 2130 ,νενομοθέτηται
1425 2064 1600 2114 ποιεῖν
1665 2061 1800 2114 Θεοῦ

229 2153 480 2224 ὁμοίωμα
503 2168 519 2217 ;
559 2169 578 2201 ›
609 2152 752 2220 Πρὸς
780 2147 873 2204 οὖν
901 2151 963 2204 τὸ
989 2152 1177 2204 σκαιὸν
1207 2152 1301 2205 καλ⁸
1329 2151 1684 2221 ἀπόπληκτον
1704 2153 1804 2221 τῆς

230 2246 571 2315 ἐρωτήσεως,
595 2242 821 2296 τοιαῦτά
838 2259 1040 2310 φαμενο
1064 2242 1279 2312 πρῶτον
1301 2245 1418 2312 μὲν,
1441 2244 1523 2297 ὅτι
1556 2245 1802 2298 Ἐοίκατε

229 2337 406 2388 ταῦτα
426 2334 851 2401 πυνθανόμενοι,
883 2333 1258 2403 προκάλυμμα
1277 2335 1375 2404 τῆς
1433 2335 1644 2388 ἑαυτῶν
1675 2337 1803 2389 ἁπι-

234 2427 384 2489 στίας
411 2426 504 2477 καὶ
519 2424 834 2486 δυσσεϐείας
851 2424 1337 2494 προΐσχεσθαιοοὺχ
1364 2425 1510 2489 ὅπως
1528 2443 1580 2479 τι
1599 2427 1804 2491 ἀξιόλοο
1846 2451 1852 2458 ·

231 2535 324 2585 γον
348 2519 480 2587 περὶ
516 2515 651 2568 Θεοῦ
682 2515 860 2582 λέγειν
881 2515 1073 2583 δόξητε
1098 2557 1112 2581 ,
1142 2516 1258 2570 ἀλλ’
1287 2518 1373 2569 ἵνα
1392 2516 1490 2588 τὴν
1523 2516 1678 2571 θείαν
1705 2517 1800 2571 τοῦ

232 2610 488 2677 Σωτῆρος
550 2607 865 2676 οἰκονομίαν
925 2609 1410 2678 συκοφαντήσητεο
1472 2609 1647 2672 οὐδεὶς
1695 2610 1803 2678 γὰρ

234 2701 360 2770 ὑμῖν
391 2697 626 2751 ἐνταῦθα
648 2698 977 2769 σαρκώσεως
999 2698 1154 2767 λόγος
1175 2701 1546 2770 παρείληπται
1568 2716 1583 2730 ·
1613 2701 1805 2755 ἔπειτα

232 2793 307 2856 δὲ,
343 2793 429 2844 ὅτι
469 2793 530 2844 τὺ
574 2790 864 2844 ἀλλόκοτον
899 2791 994 2844 καὶ
1025 2792 1458 2863 παραφροσύνης
1503 2794 1805 2863 ἐπίμεστον

235 2885 409 2954 ὑμῶν,
454 2885 513 2936 ἐν
559 2883 773 2946 τούτοις
816 2883 1242 2953 τεκμηριοῦταιο
1280 2883 1458 2955 μάτην
1513 2885 1624 2952 γὰρ
1671 2885 1807 2954 Χρι-

237 2977 476 3036 στιανοῖς
499 2973 941 3044 διαλοιδορεῖσθε,
975 2974 1070 3026 καὶ
1096 2974 1132 3028 ἃ
1167 2976 1302 3046 μήτε
1336 2975 1494 3028 αὐτοὶ
1521 2975 1802 3040 ἐδόξασαν,

239 3068 374 3137 μήτε
411 3068 571 3136 ὑμεῖς
619 3065 892 3134 ἀκηκόατέ
945 3065 1167 3119 πώποτε
1219 3067 1658 3132 καταπτύοντες,
1693 3065 1808 3119 ἐπί-

240 3158 420 3228 κλημα
468 3157 882 3226 προσεπάγετε,
929 3157 1062 3210 ὡσεὶ
1103 3159 1198 3210 καὶ
1241 3157 1372 3210 Θεὸν
1404 3157 1562 3219 ψιλὸν
1604 3157 1808 3227 σαρκὸς

238 3250 660 3320 γεγυμνωμένον
684 3249 972 3312 είκονίζειν
1004 3249 1494 3318 ἐπαγγελλομένοις
1519 3267 1532 3280 ’
1562 3250 1668 3301 τίνι
1701 3249 1809 3318 γὰρ

237 3342 342 3394 τῶν
393 3341 624 3409 λογικῆς
676 3339 1013 3410 μετεχόντων
1048 3339 1264 3408 φύσεως
1302 3341 1364 3392 οὐ
1407 3340 1810 3410 διωμολόγηται

241 3435 451 3502 σαφῶς,
483 3435 564 3484 ὅτι
596 3432 732 3484 Θεοῦ
767 3434 939 3484 ποιεῖν
982 3432 1239 3502 ὁμοίωμα
1349 3433 1481 3495 Θεὸς
1502 3471 1516 3495 ,
1549 3432 1810 3485 ἀδύνατον

238 3525 309 3589 ὡς
342 3524 560 3595 άληθῶς
589 3524 685 3576 καὶ
713 3521 1165 3593 ἀνεπιχείρητον;
1215 3525 1340 3574 ἐπεὶ
1380 3524 1501 3576 οὐδὲ
1529 3523 1724 3593 ὁρατὸν
1749 3521 1810 3574 τὸ

244 3618 398 3669 Θεῖον
425 3615 552 3667 οὐδὲ
584 3614 810 3684 ληπτόν·
848 3615 997 3668 Θεὸν
1035 3614 1145 3685 γὰρ
1187 3614 1390 3679 οὐδεὶς
1416 3615 1640 3681 ἑώρακε
1690 3613 1808 3665 πώ-

242 3722 403 3758 ποτε.
435 3704 647 3758 Οὐκοῦν
677 3703 800 3756 οὐδὲ
829 3705 1033 3772 Μωσῆς
1064 3702 1226 3766 αὐτὸς
1248 3705 1277 3755 ό
1306 3704 1416 3764 τοῖς
1442 3701 1608 3764 θείοις
1624 3699 1810 3770 νόμοις

240 3796 702 3867 ὑπηρετούμενος,
737 3795 911 3848 καίτοι
936 3797 1164 3864 κάτοχος
1193 3793 1271 3864 τῷ
1293 3794 1391 3864 τῆς
1432 3793 1582 3855 θείας
1609 3794 1809 3860 ἐπιφα-

240 3889 386 3953 νείας
414 3889 710 3957 γενόμενος
733 3887 897 3958 ἔρωτι
933 3887 1208 3950 τεθέαται,
1245 3887 1326 3940 ὅτι
1357 3888 1430 3956 μὴ
1464 3887 1622 3955 μόνον
1649 3886 1808 3950 δόξαν

237 3979 405 4047 Θεοῦ,
444 3981 566 4051 ἥτις
605 3979 754 4050 αὐτῷ
799 3979 1218 4050 παραδέδεικται
1279 3982 1449 4050 ἡνίκα
1496 3979 1558 4032 τὸ
1602 3980 1808 4044 δεδοξα-

241 4073 441 4140 σμένον
474 4070 741 4141 πρότερον
793 4070 1158 4141 παρελήλυθε,
1189 4072 1285 4126 καὶ
1315 4073 1490 4125 ταῦτα
1514 4075 1583 4142 τῇ
1631 4071 1810 4144 πέτρᾳ

241 4162 651 4231 καλυπτόμενος
677 4202 691 4221 .
729 4162 822 4215 καὶ
855 4164 1008 4232 μόλις
1050 4163 1261 4233 καθορᾷ
1288 4163 1424 4216 Θεοῦ
1451 4163 1521 4217 τὰ
1553 4161 1773 4216 ὀπίσθια
1791 4181 1805 4194 ο

239 4254 378 4320 τάχα
408 4253 521 4305 τῶν
550 4253 853 4319 μελλόντων
891 4256 991 4323 τῆς
1022 4257 1081 4324 ἐν
1110 4257 1274 4326 σαρκὶ
1321 4256 1640 4325 θεοφανείας
1685 4257 1810 4318 τοὺς

239 4345 443 4408 τύπους
476 4345 1007 4416 μυσταγωγούμενος
1031 4364 1046 4378 ·
1086 4346 1140 4400 τί
1171 4349 1280 4416 γάρ
1326 4364 1490 4417 φησιν
1521 4350 1549 4400 ὁ
1580 4364 1806 4418 χρημα-

1909 519 2026 574 haec
2070 520 2274 575 honore
2311 519 2569 588 cultuque
2598 518 2782 584 .digna
2831 517 3164 585 judicamus,
3217 530 3376 572 secus
3408 529 3470 570 ac

1905 611 1960 665 bi
2011 611 2216 666 faciunt
2265 611 2459 680 impuri
2514 611 2603 679 qui
2655 618 2845 665 sancta
2902 609 3064 679 impie
3104 609 3370 678 despuunt
3419 621 3472 662 et

1903 701 2246 756 contumeliis
2278 700 2518 755 alliciunt
2551 718 2566 755 :
2617 701 2708 770 qui
2759 700 2976 768 quidem
3011 699 3197 754 omnia
3244 699 3476 753 confun-

1903 795 2091 848 dentes
2141 793 2671 862 permiscentesque,
2733 792 2994 846 mundum
3029 792 3097 845 ab
3170 791 3470 853 immundo,

1903 895 2151 940 sanctum
2181 899 2211 938 a
2255 883 2482 954 profano
2547 880 2932 938 discriminare
2980 881 3189 936 nolunt.
3226 880 3474 949 Namque

1900 977 1957 1030 in
1985 976 2302 1030 maliliosam
2323 976 2556 1029 animam
2589 991 2692 1028 non
2726 974 2964 1027 introibit
3000 973 3095 1028 Dei
3117 973 3380 1042 sapientia
3400 971 3468 1023 ”.

1902 1067 2134 1122 Necesse
2161 1069 2357 1136 quippe
2387 1076 2491 1129 cst,
2546 1076 2604 1119 ιιι
2628 1066 2714 1120 vel
2752 1065 2828 1129 hi,
2859 1075 3079 1132 propter
3116 1063 3247 1116 illud
3303 1076 3472 1132 nega-

1905 1159 2100 1221 tivum,
2142 1171 2244 1211 non
2263 1157 2429 1223 facies
2453 1157 2819 1218 simulacrum,
2845 1164 3038 1208 cuncta
3081 1155 3190 1207 Deo
3217 1154 3385 1206 chara
3419 1159 3474 1205 et

1902 1251 2118 1319 propria
2152 1247 2433 1316 rejiciant;
2484 1247 2569 1302 vel
2609 1256 2828 1315 propter
2852 1244 3232 1298 aﬂirmativum
3272 1244 3468 1310 facies,

1900 1350 2158 1396 consueta
2217 1339 2398 1394 omnia
2455 1338 2634 1391 atheis
2677 1345 2731 1390 et
2769 1336 3079 1390 inﬁdelibus
3123 1335 3348 1389 adorent
3418 1341 3475 1390 et

1903 1431 2336 1500 amplectantur;
2396 1429 2514 1481 sine
2563 1426 2668 1480 ulla
2704 1425 2957 1478 videlicet
2981 1425 3298 1493 opinionum
3321 1421 3474 1493 judi-

1901 1519 2076 1587 ciique
2101 1519 2350 1580 sanitate.
2377 1515 2475 1569 Vel
2505 1516 2756 1583 denique,
2782 1514 2922 1583 quod
2960 1513 3092 1582 ipsis
3120 1513 3473 1582 etproprium

1901 1623 1954 1666 et
1979 1611 2272 1681 jucundum
2315 1618 2418 1673 est,
2457 1617 2623 1660 totam
2657 1616 2892 1662 veterem
2931 1607 3247 1674 'novamque
3273 1604 3488 1675 legem,‘

1902 1704 2016 1759 suis
2043 1700 2315 1772 magistris
2345 1701 2727 1768 obsequentes,
2757 1697 2993 1780 deleant.

1973 1971 2062 2024 41.
2096 1987 2115 2020 ι
2144 1969 2276 2037 Age,
2311 1967 2421 2022 sint
2446 1965 2572 2023 ista.
2611 1963 2796 2030 aiunt;
2821 1963 3041 2018 ubinam
3071 1975 3203 2017 vero
3231 1960 3326 2015 tibi
3357 1961 3472 2032 lege

1903 2062 2258 2117 constitutum
2313 2057 2434 2123 fuit,
2493 2066 2552 2112 ut
2596 2056 2689 2110 Dei
2718 2056 3069 2111 simulacrum
3129 2053 3383 2108 faceres?
3447 2070 3468 2104 ι

1905 2157 2156 2225 Improbe
2193 2155 2319 2210 huic
2361 2153 2665 2220 stolidoque
2697 2151 2926 2219 quaesito
2975 2150 3048 2204 ita
3087 2147 3470 2203 occurrimus:

1903 2249 2080 2318 primo
2131 2247 2370 2316 quidem,
2427 2244 2600 2298 videri
2654 2258 2749 2297 vos
2796 2242 2940 2295 hanc
2976 2240 3351 2310 quaestionem,
3403 2237 3517 2314 ob.

1903 2340 2182 2394 velandam
2231 2336 2668 2392 incredulitatem
2726 2333 3168 2402 impietatemqne
3230 2340 3470 2385 vestram

1905 2445 2285 2487 commovere:
2327 2443 2500 2496 neque
2543 2438 2603 2480 ut
2634 2426 2836 2495 aliquid
2869 2409 3012 2495 frugi
3066 2425 3132 2478 de
3169 2423 3279 2478 Deo
3329 2423 3475 2491 loqui

1904 2518 2311 2582 existimemini,
2338 2519 2430 2571 sed
2453 2516 2761 2570 utdivinam
2788 2516 3092 2570 Servatoris
3113 2513 3472 2568 meonomiam

1904 2611 2305 2668 calumniemini
2336 2627 2350 2675 ;
2396 2609 2598 2664 nullam
2629 2611 2774 2662 enim
2807 2609 2894 2662 hic
2937 2623 3035 2661 vos
3073 2606 3469 2663 incarnationis

1907 2703 2169 2756 rationem
2220 2699 2456 2756 habetis.
2514 2698 2720 2754 Deinde
2789 2697 3100 2752 absurditas
3175 2710 3356 2752 vestra
3415 2704 3471 2752 et

1905 2792 2174 2847 dementia
2227 2790 2533 2846 omnimOda
2583 2804 2649 2843 ex
2703 2789 2793 2843 his
2851 2790 3186 2858 coarguitur.
3238 2787 3468 2843 Frustra

1907 2885 2054 2939 enim
2110 2881 2439 2937 Christianis
2487 2880 2892 2943 conviciamini,
2931 2889 2987 2934 et
3028 2865 3126 2944 rei,
3178 2896 3341 2948 quam
3378 2896 3477 2935 nec

1909 2974 2007 3043 ipsi
2041 2973 2364 3042 cogitarunt,
2400 2986 2501 3026 nec
2552 2984 2648 3024 vos
2694 2983 2935 3038 unquam
2991 2970 3242 3034 audistis,
3283 2985 3475 3038 asper-

1911 3074 2105 3119 nanter
2155 3064 2368 3118 titulum
2415 3062 2713 3130 imponitis,
2753 3061 2906 3129 quasi
2947 3061 3246 3129 simplicem
3284 3062 3476 3125 Deum,

1922 3168 2085 3210 carne
2135 3152 2420 3215 nudatum,
2477 3154 2710 3222 ﬁgurare
2766 3167 2826 3206 se
2875 3151 3082 3206 dicant.
3141 3150 3276 3218 Quis
3331 3153 3478 3206 enim

1913 3246 2193 3300 rationalis
2211 3255 2418 3299 natura:
2443 3246 2713 3315 particeps
2737 3261 2841 3300 non
2868 3245 3154 3300 manifeste
3177 3246 3477 3312 profitetur,

1915 3339 2005 3394 Dei
2037 3339 2217 3394 facere
2246 3339 2560 3408 imaginem,
2589 3354 2693 3407 qua
2726 3337 2869 3393 Deus
2891 3348 2994 3404 est,
3029 3353 3152 3392 vere
3193 3352 3316 3391 esse.
3373 3337 3477 3389 im-

1909 3432 2170 3501 possibilo
2222 3435 2455 3502 vanique
2503 3433 2778 3502 negotium
2827 3430 3162 3486 moliminis?
3221 3430 3476 3498 quoniam

1911 3539 2085 3592 neque
2133 3523 2366 3579 visibilis
2397 3533 2484 3580 est
2541 3524 2806 3578 Divinitas
2845 3538 3022 3592 neque
3068 3521 3482 3590 comprehensi-

1913 3616 2067 3672 bilis:
2097 3617 2261 3670 Deum
2280 3619 2424 3672 enim
2448 3633 2598 3671 nemo
2618 3618 2745 3670 vidit
2771 3632 3000 3688 unquam
3017 3615 3084 3669 ⁸⁷.
3110 3614 3241 3668 Nam
3269 3613 3482 3684 Moyses

1915 3705 2051 3774 ipse,
2087 3706 2176 3775 qui
2206 3707 2506 3760 divinarum
2537 3706 2714 3775 legum
2737 3707 2982 3759 minister
3002 3704 3127 3768 fuit,
3155 3718 3470 3774 quanquam

1911 3797 2106 3852 divina:
2176 3799 2475 3866 praesentia:
2545 3799 2770 3852 ardente
2835 3797 3110 3851 desiderio
3175 3806 3477 3866 correptus,

1911 3887 2134 3955 gloriam
2189 3887 2284 3941 Dei
2317 3888 2687 3942 tantummodo
2719 3889 2850 3941 vidit
2884 3902 3003 3957 qua:
3039 3888 3089 3940 ei
3119 3899 3338 3941 ostensa
3377 3887 3478 3940 fuit

1909 3993 2030 4033 cum
2063 3979 2332 4049 gloriosus
2364 3981 2505 4035 Deus
2534 3981 2813 4048 praeteriit,
2844 3991 2900 4034 et
2929 3980 3146 4047 quidem
3180 3982 3296 4048 ipso
3328 3981 3473 4035 intra

1913 4078 2122 4137 petram
2149 4069 2380 4134 incluso,
2411 4071 2502 4140 qui
2530 4071 2742 4126 nonnisi
2771 4069 3070 4138 posteriora
3098 4069 3191 4124 Dei
3215 4070 3370 4135 vidit,
3399 4075 3480 4126 sic

1909 4159 2142 4216 fortasse
2167 4161 2363 4216 futurae
2397 4163 2449 4216 in
2479 4177 2644 4216 carne
2693 4162 3049 4231 apparitionis
3094 4162 3292 4231 tiguras
3345 4162 3480 4216 edo-

1910 4265 2052 4309 ctus.
2087 4255 2226 4321 Quid
2285 4256 2428 4310 enim
2475 4255 2550 4308 ait
2609 4252 2705 4309 Dei
2741 4254 3068 4309 oraculum?
3113 4253 3237 4308 Non
3293 4255 3480 4308 videbit

1912 4347 2100 4415 [aciem
2129 4364 2298 4404 meam
2340 4351 2515 4413 homo,
2571 4355 2624 4402 et
2671 4347 2885 4402 vivet”.
2932 4346 3122 4403 Nonne
3161 4357 3216 4401 et
3269 4348 3479 4416 priscos

241 4435 402 4500 τίζων
433 4435 607 4500 Θεός;
642 4437 722 4490 Οὐ
743 4437 829 4506 μὴ
865 4439 962 4505 ιδῃ
990 4438 1055 4492 τὸ
1083 4439 1411 4506 πρόσωπόν
1437 4456 1555 4508 μου
1583 4439 1806 4507 ἄνθρω-

1914 4441 2140 4516 aliquot,
2175 4442 2331 4496 sicuti
2385 4440 2634 4511 legimus,
2690 4440 2780 4509 qui
2830 4439 3226 4508 omnipotentis
3262 4438 3356 4493 Dei
3390 4441 3478 4494 in-

242 4546 352 4595 :toc
377 4570 392 4594 ,
421 4529 525 4584 καὶ
568 4531 828 4599 ζήσεται.
878 4534 947 4584 Ἢ
987 4533 1112 4602 οὐχὶ
1151 4536 1246 4586 καί
1293 4549 1402 4586 τισι
1448 4531 1557 4584 τῶν
1603 4531 1806 4598 πάλαι,

244 4622 496 4692 καθάπερ
526 4624 864 4694 ἀνέγνωμεν,
896 4624 960 4677 τὸ
989 4625 1084 4678 τοῦ
1114 4626 1334 4680 πάντων
1361 4625 1811 4690 κατεξουσιάζον·

243 4727 331 4774 τος
353 4712 491 4764 Θεοῦ
522 4713 884 4784 ἀκοινώνητον
931 4715 1104 4785 ὄνομα
1131 4719 1243 4781 τοῖς
1282 4717 1412 4787 παρ’
1441 4716 1622 4768 αὐτῶν
1657 4714 1811 4768 σεϐο-

250 4803 428 4871 μένοις
467 4804 680 4870 ξοάνοις
725 4807 1061 4876 ὲπιγράψασι
1089 4847 1103 4872 ,
1140 4809 1234 4860 καὶ
1273 4808 1371 4878 τὴν
1421 4808 1812 4878 προσήκουσαν

246 4895 392 4965 αὐτῷ
427 4897 574 4966 μόνῳ
603 4897 848 4951 άναθεῖσι
877 4899 1154 4969 λατρείαν,
1180 4899 1270 4952 διὰ
1298 4900 1482 4970 φωνῆς
1511 4899 1607 4953 τοῦ
1639 4899 1811 4969 μεγά-

246 4983 335 5038 λου
373 4987 601 5040 Ἡσαΐου
633 4989 955 5059 ἐπιπλήττει
991 4991 1158 5057 Θεδς,
1195 4992 1317 5045 Τίνι
1347 4992 1685 5060 ὠμοιώσατε
1707 4991 1814 5044 τὸν

249 5079 486 5145 Κύριον,
529 5079 741 5148 λέγων,
799 5080 898 5134 καὶ
954 5084 1070 5135 τίνι
1116 5082 1431 5151 ὁμοιώματι
1473 5082 1814 5152 ὠμοιώσατε

248 5169 460 5232 αὐτόν;
479 5169 566 5238 μὴ
608 5173 812 5225 εἰκόνα
835 5173 1088 5238 ἐποίησε
1110 5173 1332 5226 τέκτων
1349 5188 1364 5236 ;
1398 5172 1436 5240 ἢ
1471 5173 1812 5242 χρυσοχόος

249 5261 560 5326 χωνεύσας
611 5262 872 5329 χρυσίον
939 5265 1426 5332 περιεχρύσωσεν
1471 5265 1654 5328 αὑτό;
1705 5263 1815 5316 Καὶ

251 5350 449 5421 σφόδρα
483 5367 548 5418 γε
580 5350 807 5416 δικαίως
834 5355 1049 5408 ἀπειλεῖ
1080 5356 1148 5409 τὰ
1172 5355 1364 5409 ἀνόσια
1395 5355 1528 5426 δρᾷν
1552 5356 1814 5428 τετολμη-

251 5442 398 5494 κόσιν
421 5459 435 5473 ·
477 5444 547 5495 οὐκ
588 5443 696 5513 γὰρ
731 5445 953 5516 θεμιτὸν
988 5446 1197 5501 οἴεσθαί
1225 5449 1424 5512 τιτῶν
1467 5450 1524 5499 ἐν
1553 5447 1812 5518 κτίσμασι

250 5533 560 5598 τελούντων,
583 5528 628 5602 ᾧ
660 5536 802 5589 κατὰ
830 5537 992 5604 φύσιν
1015 5538 1050 5610 ἢ
1074 5539 1232 5604 δόξαν
1259 5539 1292 5610 ἢ
1322 5538 1495 5610 ἀλκὴν
1523 5537 1553 5608 ἢ
1589 5539 1732 5591 κατά
1761 5556 1812 5592 τι

1914 4533 2358 4589 communicabile
2408 4547 2603 4586 nomen
2656 4531 2816 4586 cultis
2849 4546 2876 4585 a
2931 4547 2991 4586 se
3033 4533 3229 4588 statuis
3286 4534 3486 4587 inscri-

1913 4634 2156 4695 pserant,
2193 4626 2389 4695 quibus
2436 4633 2492 4678 et
2537 4623 2740 4678 cultum
2772 4623 2869 4678 soli
2904 4623 3014 4679 Deo
3050 4624 3291 4679 debitum
3326 4625 3485 4678 exhi-

1913 4718 2133 4780 bebant,
2196 4732 2291 4784 per
2342 4715 2495 4769 Isaia:
2534 4716 2712 4785 magni
2776 4729 2967 4770 vocem
3003 4716 3259 4787 obiurgat
3310 4717 3478 4780 Deus,

1915 4807 2146 4862 Cuinam
2204 4804 2544 4859 assimilastis
2609 4805 2815 4868 Deum,
2862 4806 3082 4870 dicens,
3153 4814 3203 4858 et
3273 4807 3483 4860 cuinam

1913 4898 2202 4952 simulacro
2231 4897 2457 4950 similem
2503 4896 2974 4964 effecistis?Num
3030 4899 3312 4968 imaginem
3365 4898 3482 4965 ejus

1915 4991 2068 5060 faciet
2096 4977 2320 5058 ariifex,
2358 4999 2448 5043 aut
2497 4990 2645 5056 faber
2697 4991 2951 5043 amarius
2996 4989 3120 5058 fuso
3160 5007 3292 5042 auro
3327 4991 3482 5044 illum

1914 5081 2282 5134 inaurabit”?
2318 5099 2334 5133 ι
2366 5080 2431 5134 Ει
2465 5079 2768 5148 iustissime
2794 5081 2955 5150 119
2996 5081 3209 5149 quidem
3243 5082 3484 5136 minatur

1915 5173 2099 5226 illicita
2139 5173 2480 5228 audentibus.
2513 5174 2626 5227 Non
2656 5176 2800 5228 enim
2828 5174 2952 5227 licet
2981 5172 3299 5228 existima-re
3324 5175 3484 5243 quid-

1914 5279 2077 5332 quam
2107 5279 2228 5318 esse
2265 5265 2318 5318 in
2353 5265 2582 5324 creatis.
2630 5265 2717 5318 cui
2769 5264 2909 5316 Dens
2965 5263 3079 5318 sive
3110 5273 3306 5318 natura
3367 5265 3486 5319 sive

1915 5355 2084 5423 gloria
2122 5357 2236 5410 sive
2262 5356 2469 5409 viribus
2497 5356 2611 5409 sive
2660 5370 2720 5409 re
2777 5355 2883 5408 alia
2943 5355 3137 5424 quavis
3189 5356 3484 5412 assimilari

1916 5455 2099 5515 queat.
2138 5445 2271 5500 Nam
2307 5445 2531 5516 gloriam
2559 5461 2752 5510 meam,
2787 5445 2984 5514 inquit,
3017 5443 3173 5501 atteri
3201 5463 3304 5502 non
3324 5447 3488 5516 dabo.
3588 5504 3593 5509 ,

1916 5555 2077 5608 neque
2125 5540 2341 5592 virtutes
2399 5553 2542 5590 mea:
2583 5535 2999 5605 sculptilibus”.
3055 5537 3267 5606 Quibus
3340 5537 3487 5599 enim

319 5683 365 5715 ⁸⁸
395 5685 521 5755 Sap.
552 5703 592 5749 ι,
625 5692 673 5744 l.
747 5689 790 5720 ⁸⁷
814 5687 965 5743 Joan.
1003 5707 1041 5755 ι,
1080 5691 1165 5745 l8.
1240 5692 1284 5725 ³⁸
1317 5691 1486 5748 Exod.
1522 5706 1718 5759 uxttt,
1743 5690 1806 5744 20

1911 5691 1956 5724 ⁸⁵
1987 5689 2056 5746 is.
2088 5707 2228 5758 XLVI,
2259 5692 2311 5748 5.
2388 5693 2434 5726 °°
2467 5691 2570 5748 lsa.
2609 5707 2741 5762 xui,
2775 5695 2826 5750 8.

523 5783 791 5844 Pa'rnOL.
829 5784 942 5845 Gn.
1008 5788 1074 5848 C.

3096 5793 3170 5852 15

2239 5873 2329 5890 -..4⁸1
