3898 6150
436 306 501 371 ὺθ

1431 307 1492 364 S.
1535 304 1956 365 NICEPHORI
1994 293 2498 365 PATRIARCH/E
2533 305 2641 365 (ΞΡ.

3551 295 3652 360 460

299 495 305 506 λ
387 425 588 480 similis
616 438 737 480 esse
767 433 927 494 queat
957 423 1112 493 is-qui
1145 422 1397 478 omnibus
1426 433 1510 477 est
1537 423 1846 488 invisibilis,
1879 439 1970 478 su-

2077 421 2208 489 γοῦν
2239 420 2710 490 ἀπεικασθήσεται
2732 434 2746 448 ·
2789 417 2912 484 Τὴν
2936 416 3044 487 γάρ
3077 414 3265 479 δόξαν
3295 430 3435 483 μου,
3466 415 3653 484 φησ“.ν,

383 525 599 586 praque
658 529 874 570 omnem
935 524 1169 570 mentem
1250 523 1304 568 et
1379 513 1966 581 comprehensionem?

396 608 730 675 Quibusnam
771 607 1077 663 simulacris
1109 606 1454 670 manufactis,
1486 607 1724 660 humano
1749 604 1964 673 ingenio

394 701 736 773 at-tiﬁcioque
757 700 1057 755 elaboratis
1083 697 1535 767 comparabitdr?

2073 511 2254 579 ἑτέρῳ
2287 513 2358 564 οὐ
2406 509 2600 574 δώσω,
2641 507 2784 562 οὐδὲ
2814 507 2920 573 τὰς
2951 505 3167 574 ἀρετάς
3208 523 3326 574 μου
3357 503 3484 569 τοῖς
3513 507 3656 572 γλυ-

2078 603 2272 666 πτοῖς.
2333 602 2452 654 Τίνι
2492 600 2603 671 γὰρ
2634 596 2975 664 προσεοικὼς
3005 596 3091 666 εἴη
3121 596 3149 647 ὁ
3192 597 3360 648 πᾶσιν
3405 593 3654 656 ἀθέατος,

2075 695 2278 757 παντός
2316 711 2378 746 τε
2415 691 2506 746 νοῦ
2546 692 2640 746 καὶ
2667 691 2849 759 πάσης
2892 690 3222 758 ὑπερέκεινα
3265 685 3656 756 καταλήψεωςς

395 797 548 850 Τίσιν
588 795 900 867 ὁμοιώμασι
941 795 1384 865 χειροτεύκτοις,
1451 793 1814 864 ἀνθρωπίνοις
1853 790 2152 860 σοφίσμασι
2199 790 2293 843 καὶ
2355 788 2818 858 φιλοτεχνήμασιν
2893 783 3486 854 έκμεμηχανημένοις,
3554 798 3658 834 πι-

378 889 793 959 λραϐληθήσεται
814 903 829 951 ;

465 981 806 1035 Christianos
825 980 1008 1048 itaque
1031 979 1146 1032 hzec
1167 979 1423 1044 scientes,
1443 979 1568 1033 etin
1591 977 1789 1032 divinis
1809 978 1969 1032 rebus

383 1073 530 1125 bene
559 1069 820 1134 eruditos,
847 1085 1143 1138 sanamque
1171 1071 1444 1124 notionem
1483 1083 1696 1122 arcanae
1719 1067 1965 1123 ineffabi-

394 1163 566 1229 lisque
597 1169 805 1216 natura:
844 1161 1130 1224 habentes,
1161 1175 1322 1215 nemo
1368 1161 1467 1214 nisi
1505 1159 1744 1216 furiosus
1773 1159 1968 1215 existi-

393 1265 544 1304 mare
568 1250 764 1317 poterit
791 1249 986 1303 divina:
1006 1257 1209 1302 natura:
1233 1249 1522 1318 imaginem
1546 1248 1682 1303 velle
1710 1248 1962 1317 ﬁgurare.

381 1338 562 1394 ‘Vobis
595 1340 760 1409 igitur
788 1339 1186 1393 incredulitatis
1223 1339 1458 1407 novique
1484 1337 1751 1393 Judaismi
1778 1338 1965 1393 defen-

395 1433 632 1488 soribus.
666 1432 829 1485 verba
886 1427 1050 1483 Deum
1086 1430 1300 1498 quidem
1357 1446 1504 1483 nemo
1559 1431 1689 1484 vidit
1732 1447 1967 1499 unquam

395 1534 610 1588 semper
660 1519 713 1572 in
773 1532 869 1570 ore
921 1526 1286 1586 promptuque
1342 1527 1490 1571 sunt.
1554 1516 1728 1572 Verba
1788 1528 1966 1572 tamen

393 1609 623 1661 cidimus
651 1606 970 1665 Dominum;
1015 1616 1092 1668 et,
1151 1621 1267 1658 cum
1314 1607 1408 1658 illo
1455 1608 1884 1661 manducavimux
1921 1626 1980 1662 ac

399 1697 709 1760 bibimus“,
740 1707 793 1750 et
840 1709 1182 1764 quaecunque
1230 1694 1331 1749 alia
1369 1710 1594 1751 summae
1643 1699 1978 1752 condescen-

398 1788 567 1841 sionis
630 1785 844 1854 propria
902 1784 1057 1837 nobis
1104 1791 1231 1836 sunt
1293 1784 1626 1852 prtedicata,
1668 1801 1788 1840 cum
1824 1788 1975 1842 vobis

398 1879 714 1941 recitantur,
741 1875 930 1929 audire
969 1875 1156 1944 eisque
1182 1875 1408 1929 credere
1449 1876 1600 1932 nullo
1634 1880 1795 1932 modo
1829 1881 1968 1948 pati-

397 1970 553 2033 mini,
585 1967 678 2021 sed
710 1967 784 2020 uti
843 1966 1188 2035 peregrinam
1243 1966 1613 2038 absonamque
1660 1983 1848 2024 vocem
1885 1984 1973 2024 re-

383 2058 614 2127 ‘pell'nis.
635 2056 740 2111 Sed
773 2057 816 2112 si
847 2057 970 2111 licet
999 2057 1354 2126 interrogare,
1391 2073 1731 2128 responsum,
1769 2075 1971 2130 quaeso,

399 2149 626 2203 reddite.
658 2146 888 2202 Ubinam
909 2147 1063 2202 vobis
1083 2130 1447 2202 constitutum
1482 2147 1604 2214 fuit,
1626 2150 1740 2205 sive
1772 2166 1800 2205 a
1829 2150 1975 2223 lega-

399 2239 539 2291 libus
599 2235 901 2304 prmceptis,
958 2235 1072 2289 sive
1121 2252 1149 2287 a
1192 2235 1440 2289 doctrina
1497 2236 1833 2307 evangelica,
1885 2239 1971 2294 vel

401 2329 694 2398 apostolico
735 2325 1070 2396 magisterio,
1127 2325 1658 2396 incircumscriptum
1716 2329 1972 2384 conﬁteri

393 2421 699 2484 Christum,
741 2429 1013 2486 quatenus
1068 2418 1320 2485 apparuit
1397 2418 1538 2486 apud
1599 2434 1699 2473 nos
1768 2421 1974 2474 homo?

400 2524 578 2576 neque
612 2523 775 2576 porro
803 2505 986 2562 facere
1019 2506 1306 2574 imaginem
1336 2506 1456 2575 ejus
1497 2522 1673 2576 neque
1698 2511 1970 2577 venerari,

400 2599 562 2654 sicuti
611 2613 755 2652 nunc
819 2597 1229 2668 dogmatizatisr?
1282 2597 1537 2652 Profecto
1595 2600 1647 2652 id
1701 2599 1973 2656 affirmare

400 2707 508 2746 non
539 2690 811 2760 poteritis,
849 2704 1022 2758 neque
1054 2688 1160 2742 ullo
1190 2701 1511 2758 argumento
1565 2692 1967 2759 demonstrare;

399 2785 472 2837 ita
500 2794 558 2837 ut
590 2797 708 2852 quae
743 2797 838 2837 vos
886 2782 1084 2851 premit
1133 2793 1574 2850 argumentorum
1627 2783 1877 2850 penuria,
1915 2784 1968 2838 in

397 2873 637 2928 victoriae
667 2882 868 2927 nostrae
921 2871 1310 2925 abundantiam
1350 2873 1528 2926 cedat.
1581 2871 1806 2928 Etiamsi
1840 2887 1970 2944 ergo

407 2961 563 3017 vobis
597 2976 701 3014 non
733 2968 1011 3015 constaret
1045 2958 1326 3014 catholicae
1357 2969 1412 3014 et
1445 2961 1753 3028 apostolica:
1789 2962 1972 3017 Eccle-

2009 1760 2048 1813 B

2146 970 2512 1042 Χριστιανοὺς
2545 969 2677 1037 γοῦν
2721 967 2896 1022 ταῦτα
2926 966 3138 1030 εἰδότας
3157 1008 3172 1032 ,
3210 967 3563 1039 ἐρρωμένους
3594 987 3654 1021 τε

2075 1063 2204 1133 περὶ
2231 1061 2298 1114 τὰ
2328 1060 2470 1124 θεῖα,
2505 1060 2602 1112 καὶ
2626 1061 2757 1128 ὑγιᾶ
2785 1058 2887 1129 τὴν
2908 1058 3162 1128 διάληψιν
3196 1060 3327 1129 περὶ
3355 1059 3456 1130 τὴν
3484 1060 3661 1131 ἀπόρ·

2077 1156 2240 1224 ρητον
2268 1151 2364 1204 καὶ
2397 1151 2778 1222 ἀνέκφραστον
2813 1149 2977 1219 φύσιν
3015 1149 3416 1220 κεκτημένους,
3457 1167 3656 1218 μαινο-

2077 1245 2255 1315 μένων
2277 1244 2426 1296 ὲστὶν
2446 1243 2732 1312 είκόνισμα
2752 1240 2905 1303 θείας
2927 1238 3146 1310 φύσεως
3165 1240 3501 1310 γράφεσθαι·
3527 1241 3660 1311 ὑμῖν

2079 1335 2177 1404 μὲν
2199 1331 2291 1388 οὖν
2320 1337 2432 1397 τοῖς
2463 1335 2566 1401 τῆς
2597 1333 2855 1397 ἀπιστίας
2881 1334 2974 1385 καὶ
3004 1333 3098 1385 τοῦ
3151 1333 3274 1385 νέου
3318 1331 3660 1402 Ἰουδαῖσμοῦ

2076 1426 2451 1487 ὑπασπισταῖς
2467 1423 2527 1476 τὺ
2547 1425 2668 1494 μὲν,
2690 1424 2839 1478 Θεὸν
2852 1423 3052 1490 οὐδεὶς
3066 1425 3284 1493 ἑώρακε
3298 1425 3559 1490 πώποτε,
3570 1426 3659 1478 διὰ

2077 1515 2328 1586 γλώσσης
2351 1517 2443 1578 καὶ
2465 1517 2887 1586 προχειρότατον
2904 1532 2919 1546 ⁸
2956 1516 3014 1568 τὸ
3043 1516 3120 1580 δὲ,
3141 1515 3518 1586 Ἑωράκαμεν
3549 1518 3661 1570 τὸν

2089 1608 2331 1675 Κύριον,
2375 1609 2469 1659 καὶ
2519 1606 2605 1660 ὅτι
2664 1606 3087 1676 συνεφάγομεν
3137 1608 3232 1660 καί
3286 1607 3662 1676 συνεπίομεν

2087 1697 2272 1762 αὐτῷ,
2327 1697 2422 1750 καὶ
2472 1696 2643 1750 τᾶλλα
2693 1697 2795 1750 ὅσα
2827 1696 2928 1765 τῆς
2961 1697 3134 1766 ἄκρας
3190 1695 3662 1762 συγκαταϐἀσεως

2078 1788 2210 1858 ἡμῖν
2254 1789 2631 1858 κεκήρυκται,
2685 1787 2950 1854 λεγόντων
3003 1786 3223 1841 ἀκούειν
3271 1786 3652 1855 ἢπιστεύειν,

2076 1880 2186 1932 οὐδ’
2233 1878 2483 1932 ὁπωσοῦν
2526 1877 2818 1949 ἀνέχεσθε,
2851 1879 2927 1942 ὡς
2959 1877 3250 1947 ἀλλοτρίαν
3295 1879 3351 1930 δὲ
3407 1881 3505 1932 καὶ
3548 1881 3661 1931 ἀπ-

2079 1971 2392 2041 ηχεστάτην
2409 1971 2538 2040 ὑμῖν
2554 1971 2653 2041 τὴν
2675 1970 2858 2040 φωνὴν
2876 1968 3258 2024 ἀπαναίνεσθε·
3284 1970 3458 2022 ἀλλἐί
3479 1969 3662 2036 ἔξεστι

2077 2061 2346 2116 πυθέσθαι
2391 2061 2484 2114 καὶ
2522 2063 2704 2130 ἡμᾶς,
2767 2060 3174 2130 ἀποκρίνασθεο
3230 2059 3336 2112 ποῦ
3371 2061 3501 2130 ὑμῖν
3561 2062 3661 2112 καὶ

2076 2154 2240 2206 πόθεν
2270 2152 2723 2223 νενομοθέτηται,
2753 2152 2816 2204 ἔκ
2841 2170 2902 2204 τε
2933 2152 3177 2222 νομικῶν
3232 2152 3602 2219 θεσπισμάτω
3647 2195 3660 2210 .

2075 2246 2454 2315 εὐαγγελικῶν
2490 2263 2548 2298 τε
2588 2245 2987 2316 κηρυγμάτων,
3020 2244 3053 2314 ἢ
3089 2244 3467 2296 ἀποστολικῶν
3504 2244 3658 2297 διδα-

2075 2339 2323 2408 γμάτων,
2353 2337 2768 2407 ἀπερίγραπτον
2792 2337 3078 2405 ὁμολογεῖν
3103 2335 3194 2388 τὸν
3220 2335 3481 2405 Χριστὸν,
3515 2337 3661 2389 καθὸ

2075 2429 2462 2499 πεφανέρωται
2480 2428 2602 2482 καθ’
2622 2428 2765 2498 ἡμᾶς
2785 2427 3102 2497 ᾶνθρωπος;
3127 2427 3267 2496 μήτε
3293 2430 3485 2492 ποιεῖν,
3511 2429 3659 2497 μήτε

2078 2521 2188 2591 μὴν
2221 2519 2518 2590 γινομένην
2559 2518 2744 2571 είκόνα
2785 2515 2951 2570 αὐτοῦ
3002 2519 3349 2588 προσκυνεῖν,
3397 2516 3658 2584 καθάπερ

2073 2610 2169 2664 νῦν
2194 2611 2582 2679 δογματίζετε;
2618 2608 2755 2662 ἀλλά
2793 2607 2951 2660 τοῦτο
2996 2608 3098 2660 οὐκ
3137 2608 3202 2661 ἂν
3231 2609 3409 2660 εἰπεῖν
3441 2608 3617 2676 ἔχοιτε
3639 2629 3652 2638 ·

2073 2701 2310 2770 οὐδαμοῦ
2343 2700 2452 2768 γὰρ
2482 2700 2610 2770 ὑμῖν
2658 2697 2897 2752 ἐνταῦθα
2929 2698 3312 2768 δειχθήσεται·
3366 2697 3504 2750 ὥστε
3553 2699 3656 2767 τὴν

2073 2791 2584 2861 περιστοιχίζουσαν
2629 2789 2772 2859 ὑμᾶς
2826 2788 3082 2857 ἀπορίαν,
3131 2788 3232 2856 τῆς
3259 2789 3536 2858 ἡμετέρας
3569 2790 3655 2839 νί-

2073 2899 2175 2952 κης
2198 2880 2440 2949 γίνεσθαι
2489 2879 2805 2948 περιουσίαν
2835 2894 2848 2906 ’
2884 2880 2932 2930 εἰ
2968 2877 3068 2946 μὲν
3096 2874 3190 2931 οὖν
3241 2879 3314 2947 μὴ
3359 2877 3660 2948 προῦκειτο

2073 2973 2202 3042 ὑμῖν
2289 2971 2390 3040 τῆς
2433 2969 2731 3038 καθολικῆς
2765 2968 2859 3020 καὶ
2902 2967 3272 3036 ἀποστολικῆς
3319 2969 3655 3037 Ἐκκλησίας

392 3053 491 3107 sia:
522 3051 822 3120 antiquitus
851 3050 1002 3104 etab
1054 3049 1207 3105 initio
1244 3061 1500 3106 constans
1543 3053 1781 3118 traditio,
1826 3054 1968 3121 quod

2077 3062 2282 3116 ἀνωθεν
2309 3061 2405 3113 xli.
2467 3061 2526 3124 ἐξ
2576 3059 2753 3128 ἀρχῆς
2817 3060 3193 3126 κεκρατηκυῖα
3245 3059 3566 3128 παράδοσις,
3623 3063 3656 3110 ὂ

387 3151 482 3196 «εει
505 3143 747 3196 omnium
787 3139 1176 3195 validissimum
1207 3154 1584 3212 argumentum
1614 3153 1777 3212 atque
1815 3141 1969 3198 tutis-

399 3235 625 3298 simum,
659 3247 758 3288 nec
784 3247 890 3288 non
925 3232 1236 3302 apostolica
1276 3242 1332 3287 et
1363 3235 1586 3289 Patrum
1625 3248 1814 3298 voces,
1855 3250 1974 3304 quae

400 3323 636 3378 retinere
660 3322 976 3378 traditiones
998 3321 1214 3393 jubent,
1247 3323 1364 3378 sive
1392 3325 1620 3393 scriptas
1648 3326 1765 3378 sive
1790 3340 1968 3389 secus,

388 3415 523 3485 quia
553 3429 651 3486 par
697 3415 750 3471 in
801 3423 1032 3485 utroque
1089 3429 1289 3484 genere
1331 3416 1682 3471 traditionmn
1733 3418 1814 3473 vis
1847 3433 1972 3487 spe-

367 3517 609 3574 --ctatur,
655 3517 896 3589 attamen
925 3511 990 3563 de
1022 3509 1231 3564 duobus
1263 3508 1530 3579 ambiguis
1575 3510 1704 3565 illud
1751 3511 1974 3566 omnino

382 3597 691 3667 praevalere
734 3598 958 3655 deberet
1034 3600 1177 3668 quod
1232 3599 1538 3669 religiosius
1594 3609 1698 3665 est,
1741 3613 1796 3656 et
1849 3601 1972 3656 ﬁdei

400 3700 566 3760 atque
596 3690 768 3745 amori
794 3706 924 3762 erga
973 3690 1250 3746 Christum
1306 3691 1681 3761 propinquius,
1722 3693 1973 3761 quodque

368 3780 837 3848 a-optimuszelus,
865 3779 1183 3850 fervensque
1212 3779 1434 3836 affectus
1465 3781 1712 3850 inspirat.
1741 3783 1894 3848 Quod
1926 3781 1972 3836 si

401 3871 676 3939 utrimque
722 3871 1065 3940 praestantior
1112 3871 1414 3940 meliorque
1461 3873 1596 3926 ratio
1628 3888 1724 3942 pro
1763 3871 1967 3926 Christi

369 3961 636 4016 .Ecclesia
670 3971 798 4027 stat,
837 3976 934 4017 nos
964 3963 1150 4033 utique
1183 3960 1342 4034 longo
1372 3963 1657 4017 intervallo
1689 3963 1970 4017 victoriam

399 4051 714 4107 referemus.
742 4051 1008 4118 Quoniam
1035 4055 1214 4122 itaque
1238 4053 1568 4123 impossibile
1600 4063 1684 4108 est
1704 4066 1974 4122 supraque

396 4145 562 4210 vires,
594 4145 761 4199 Deum
791 4154 972 4200 mente
1002 4145 1510 4214 comprehendere;
1535 4155 1684 4200 certe
1715 4143 1972 4213 ﬁgurare,

391 4252 560 4306 supra
577 4250 805 4292 omnem
855 4246 1024 4290 artem
1052 4244 1136 4289 est
1182 4244 1346 4302 atque
1390 4237 1525 4288 adeo
1563 4236 1970 4304 impossibilius,

388 4330 524 4399 quia
547 4339 794 4382 naturam
814 4326 1116 4380 assimilare
1133 4324 1227 4379 Dei
1244 4335 1441 4394 praeter
1463 4335 1709 4380 naturam
1727 4337 1830 4393 est,
1849 4341 1972 4384 cum

2076 3151 2294 3205 πάντων
2344 3152 2458 3202 ἐστί
2503 3151 2563 3200 τὸ
2607 3151 2959 3218 ἰσχυρότατον
2985 3149 3078 3201 καὶ
3118 3148 3554 3216 ἀσφαλέστατον,
3592 3152 3654 3202 αἰ

2073 3257 2132 3294 τε
2175 3241 2534 3294 ἀποστολικα“ι
2573 3240 2665 3292 καὶ
2708 3239 2988 3308 Πατρικαὶ
3021 3240 3214 3305 φωναὶ,
3248 3240 3305 3292 αἳ
3329 3240 3393 3310 δὴ
3425 3246 3653 3310 κρατεῖν

2074 3330 2220 3399 ἡμᾶς
2264 3330 2368 3393 τὰς
2413 3329 2774 3398 παραδόσεις,
2822 3330 2943 3382 ὅσαι
2981 3347 3040 3381 τε
3093 3330 3366 3401 ἔγγραφοι
3422 3332 3545 3386 ὅσαι
3585 3349 3648 3384 τε

2073 3423 2314 3492 ἄγραφοι
2345 3421 2773 3485 διακελεύονται,
2805 3415 2894 3474 οἷα
2924 3422 3011 3474 ἐπ’
3039 3425 3382 3492 ἀμφοτέραις
3407 3425 3509 3494 τὴν
3547 3425 3651 3477 αὖε-

2073 3513 2172 3585 τὴν
2203 3511 2529 3584 θεωρεῖσθαι
2552 3512 2804 3582 δύναμιν.
2842 3513 2914 3564 Τὸ
2955 3511 3087 3580 γοῦν
3120 3513 3512 3584 εὐσεϐέστερον
3537 3516 3652 3568 τῶν

2074 3608 2133 3660 ὲν
2183 3606 2509 3676 ἀμφιϐόλοις
2549 3605 2821 3674 κειμένων
2871 3605 3138 3676 κρατήσει
3192 3605 3433 3670 πάντως,
3468 3610 3654 3661 καὶτὸ

2073 3699 2440 3768 διαφερόντως
2469 3699 2547 3760 εἰς
2573 3696 2755 3750 πίστιν
2783 3696 2874 3750 καὶ
2899 3696 3120 3766 ἀγάπην
3151 3696 3250 3768 τὴν
3280 3699 3362 3760 είς
3389 3699 3649 3768 Χριστὸν,

2073 3791 2141 3859 ἣν
2171 3789 2336 3858 ζῆλος
2380 3788 2563 3851 ἔνθεος
2603 3789 2698 3841 καὶ
2741 3788 2904 3851 πόθος
2939 3787 3140 3858 θερμὸς
3190 3791 3511 3860 παρίστησι,
3548 3794 3653 3861 τὴν

2074 3883 2346 3936 οίκείωσιν
2393 3881 2839 3950 ἐνδεικνύμενον·
2895 3881 2943 3932 εὶ
2977 3879 3032 3932 δὲ
3065 3881 3183 3934 κατ’
3209 3881 3376 3950 ἄμφω
3408 3883 3468 3935 τὸ
3512 3888 3653 3954 κρα-

2073 3993 2165 4038 τος
2209 3979 2275 4046 τῇ
2324 3974 2618 4044 Ἐκκλησία
2664 3973 2904 4044 Χριστοῦ
2953 3974 3048 4027 καὶ
3095 3973 3154 4026 τὸ
3187 3973 3473 4042 εὐδόκιμον
3503 3977 3652 4045 πάρ-

2075 4083 2243 4132 εστιν,
2270 4069 2402 4136 ἡμῖν
2435 4065 2545 4138 ἄρα
2573 4068 2674 4137 τὴν
2698 4065 2937 4119 νικῶσαν
2967 4066 3032 4117 ὲκ
3063 4063 3264 4117 πολλοῦ
3291 4063 3386 4117 τοῦ
3415 4067 3642 4136 περιόν-

2073 4175 2165 4222 τος
2199 4157 2524 4213 ἀποίσεσθαι
2561 4157 2925 4228 περιέστηκεν
2949 4168 2964 4186 ⁶
3019 4155 3144 4207 ἐπεὶ
3190 4146 3285 4210 οὗν
3314 4156 3505 4226 νοῆσαι
3544 4159 3651 4227 μὲν

2078 4249 2213 4303 Θεὸν
2245 4250 2425 4318 πάντη
2448 4249 2710 4303 ἀδύνατον
2743 4250 2836 4302 καὶ
2855 4246 3258 4318 ἀνεγχώρητον,
3286 4247 3552 4300 είκονίσαι
3596 4249 3655 4300 δὲ

2073 4341 2358 4410 ἀμήχανον
2393 4339 2473 4392 ἑτι
2515 4340 2610 4392 καὶ
2655 4337 3086 4406 ἀδυνατώτερον,
3134 4336 3295 4388 ὁπότε
3324 4335 3446 4388 οὐδὲ
3487 4337 3656 4405 φύσιν

397 4419 608 4488 species
639 4419 920 4481 formaque
945 4413 1086 4467 nulla
1133 4415 1330 4468 subsit.
1355 4414 1566 4469 Etenim
1610 4416 1676 4470 ad
1697 4417 1970 4486 quodnam

2077 4430 2212 4485 Θεοῦ
2245 4431 2486 4502 ὁμοιοῦν,
2527 4431 2691 4498 φύσιν
2718 4429 2841 4500 ἔχον
2879 4429 3049 4497 ἐστὶν,
3082 4427 3253 4490 είδους
3279 4445 3338 4480 τε
3375 4429 3469 4482 καὶ
3518 4447 3658 4500 μορ-

399 4511 679 4578 exemplar
707 4516 961 4575 spectans
997 4505 1193 4561 artifex
1227 4507 1515 4578 imaginem
1549 4507 1791 4565 faceret?
1820 4509 1972 4564 Nunc

401 4617 531 4656 vero
548 4602 672 4670 quia
690 4597 857 4653 Deum
875 4599 1091 4669 proprie
1101 4613 1333 4670 vereque
1347 4610 1689 4671 corporatum
1704 4603 1972 4666 novimus,

399 4700 606 4762 prostat
627 4691 713 4758 pie
727 4689 1034 4745 volentibus
1055 4692 1120 4744 ad
1143 4689 1438 4746 faciendam
1462 4693 1750 4765 imaginem
1770 4708 1834 4749 ea
1853 4709 1974 4762 spe-

409 4785 544 4849 cies,
582 4784 649 4838 ad
695 4797 856 4852 quam
905 4782 1066 4847 Deus,
1095 4784 1234 4838 servi
1269 4782 1438 4839 forma
1471 4795 1765 4856 assumpta,
1800 4795 1974 4843 semet

403 4875 675 4944 figuravit.
703 4872 839 4928 Nam
872 4876 918 4928 si
971 4875 1115 4942 quod
1161 4886 1245 4928 est
1283 4875 1552 4930 invisibile
1597 4884 1653 4931 et
1688 4891 1812 4931 vere
1855 4877 1973 4932 sine

398 4969 598 5033 forma,
625 4975 811 5036 utpote
838 4965 1408 5034 incomprehensibile,
1426 4967 1554 5022 nulli
1588 4969 1664 5024 rei
1687 4978 1772 5024 est
1797 4969 1976 5024 simile

366 5057 658 5127 'pingique
707 5058 926 5125 nequit;
969 5057 1282 5111 necessario
1316 5057 1578 5126 quidquid
1621 5069 1706 5112 est
1751 5058 1967 5114 confor-

398 5160 602 5206 matum
643 5160 699 5206 et
730 5149 964 5215 visibile,
1024 5158 1210 5220 utpote
1257 5150 1774 5218 comprehensibile,
1808 5152 1966 5207 fateri

395 5249 613 5313 oponet
670 5241 933 5296 delineari
992 5254 1152 5309 posse
1213 5249 1267 5293 et
1341 5239 1656 5306 assimilari;
1727 5243 1866 5310 quod
1914 5254 1972 5298 ut

391 5334 718 5405 ﬁguremus,
755 5348 860 5387 non
889 5340 971 5386 est
1003 5332 1157 5384 nobis
1189 5344 1323 5398 opus
1356 5331 1632 5385 mandato.
1674 5330 1789 5386 Non
1827 5335 1969 5388 enim

396 5427 621 5480 esthoc
661 5425 712 5478 in
740 5438 889 5478 more
919 5421 1182 5484 ﬁdelium,
1217 5429 1274 5473 ut
1323 5420 1458 5473 nihil
1505 5422 1605 5476 nisi
1649 5423 1966 5492 imperatum

361 5500 372 5508 ’
401 5514 625 5570 faciant.
646 5512 832 5568 Solent
865 5511 1045 5584 potius
1068 5509 1324 5565 nonnulla
1350 5519 1542 5578 sponte
1567 5513 1666 5581 ipsi
1698 5516 1966 5582 conferre,

463 5689 512 5720 ³⁸
546 5688 706 5745 Joan.
743 5705 832 5755 xx,
875 5688 970 5757 l8;
1004 5689 1125 5742 Act.
1155 5703 1210 5752 ι,
1246 5686 1336 5741 M.

2078 4525 2183 4593 φῆς
2229 4523 2474 4594 ὑπούσης
2535 4522 2610 4586 ὼς
2659 4523 2896 4592 ἥκιστα·
2941 4519 3078 4590 πρὸς
3105 4521 3214 4574 ὅτι
3259 4519 3369 4590 γάρ
3419 4538 3503 4583 τις
3559 4523 3656 4572 καὶ

2077 4615 2390 4684 ἀποϐλέψας
2451 4614 2805 4684 παράδειγμα
2863 4611 3184 4682 ὁμοιώσειε;
3248 4610 3344 4665 νῦν
3408 4611 3466 4664 δὲ
3514 4612 3654 4665 Θεὸν

2081 4705 2484 4773 σωματωθέντα
2534 4703 2738 4772 κυρίως
2789 4701 2882 4754 καλ⁵
2929 4701 3148 4770 ἀληθῶς
3191 4701 3461 4769 ἔγνωμεν,
3514 4703 3656 4772 πρό-

2078 4813 2257 4850 κειται
2289 4799 2400 4859 τοῖς
2454 4795 2698 4848 εὐσεϐεῖν
2745 4792 2990 4846 ἐθέλουσι
3025 4792 3208 4864 μορφὴ
3238 4793 3321 4855 είς
3363 4793 3651 4863 ὁμοίωσιν,

2078 4887 2144 4958 ἢν
2206 4886 2576 4957 προσείληφεν
2605 4886 2634 4938 ὁ
2680 4885 2779 4954 τὴν
2821 4883 2915 4936 τοῦ
2955 4882 3145 4937 δούλου
3172 4883 3358 4936 είκόνα
3407 4883 3655 4954 μορφού-

2081 4994 2276 5047 μενος’
2329 4979 2379 5030 εί
2431 4979 2541 5046 γὰρ
2589 4977 2651 5028 τὺ
2698 4974 2928 5028 ἀθέατον
2967 4974 3062 5027 καὶ
3103 4971 3351 5042 ἄμορφον
3380 4971 3460 5041 τῷ
3507 4973 3653 5035 ὁντι,

2076 5069 2152 5131 ὡς
2179 5069 2422 5140 ἄληπτον
2463 5067 2717 5135 ἀνόμοιόν
2758 5082 2818 5118 τε
2853 5065 2949 5120 καὶ
2989 5064 3293 5133 ἀγραπτον,
3341 5063 3561 5134 ἀνάγκη
3594 5067 3656 5117 τὸ

2083 5159 2369 5230 μορφωθὲν
2400 5176 2460 5211 τε
2492 5160 2585 5212 καὶ
2625 5157 2836 5223 θεαθὲν,
2869 5158 2944 5218 ὡς
2983 5155 3333 5225 καταληφθὲν
3371 5154 3654 5225 ὁμολογεί-

2080 5251 2203 5304 σθαι
2232 5250 2479 5322 γραπτὸν
2501 5250 2595 5304 καὶ
2619 5249 2996 5319 ὁμοιούμενον,
3027 5247 3054 5299 ὃ
3079 5247 3367 5310 εἰκονίςειν
3388 5247 3496 5301 οὐκ
3519 5249 3655 5300 ἀνα-

2075 5340 2307 5408 μένομεν
2339 5339 2635 5409 πρόσταξιν
2655 5355 2670 5370 °
2707 5339 2768 5391 οὐ
2838 5338 2948 5405 γάρ
2974 5339 3089 5390 ἐστι
3117 5337 3276 5390 τοῦτο
3307 5340 3420 5401 τοῖς
3440 5344 3655 5401 πιστοῖς

2077 5430 2228 5494 ἴδιον,
2263 5432 2441 5483 πάντα
2479 5432 2543 5483 ὲκ
2575 5432 2996 5500 προστάγματος
3050 5428 3340 5498 πράττειν’
3394 5428 3511 5481 ἐστι
3544 5429 3656 5498 γὰρ

2077 5517 2111 5570 ἃ
2150 5520 2242 5572 καὶ
2289 5520 2416 5592 παρ’
2463 5522 2680 5584 ἑαυτοῖς
2725 5519 3120 5588 συνεισφέρειν,
3153 5518 3252 5572 ὅσα
3291 5519 3404 5580 τοῖς
3453 5518 3658 5590 θερμο-
