3898 6150
230 414 331 485 461

913 413 1536 479 ANTIRRHETICUS
1575 415 1670 476 III
1735 416 1903 478 ADV.
1942 415 2536 479 CONSTANTINUM
2573 417 2786 479 COPR.

3379 417 3484 481 462

229 532 416 600 τὲροις
464 527 736 600 προσήκει
795 528 1034 599 μάλιστα
1097 529 1192 582 καὶ
1243 527 1687 597 σπουδαιοτέροις
1733 527 1813 589 εἰς

1920 542 2041 596 quae
2072 529 2328 582 nimirum
2355 528 2590 582 maxime
2618 529 2807 582 decem
2827 525 3183 581 ferventiores
3206 534 3260 582 et
3283 528 3486 581 studio-

231 619 514 690 φιλοθεῖαν
539 637 598 672 τε
626 621 722 672 καὶ
752 620 1037 673 εὐσέϐειαν
1058 638 1071 650 ·
1097 618 1218 672 ἐπεὶ
1251 620 1416 672 πόθεν
1438 619 1498 672 τὸ
1531 619 1723 672 πιστὸν
1755 619 1814 671 ὲν

231 717 416 778 αὐτοῖς
441 712 742 784 ὀφθήσεται
759 732 774 779 ;

184 853 193 873 ν
304 825 417 898 μβ’;
471 828 536 880 Ei
589 827 646 880 δὲ
698 827 791 879 καὶ
841 825 1006 895 νόμον
1057 837 1143 889 τις
1195 825 1514 896 ἐπιζητοίη,
1543 821 1640 879 τοῦ
1671 823 1814 894 λόγῳ

236 916 569 987 προστάξαι,
601 916 662 969 τὸ
715 916 864 987 ἔργῳ
921 917 1216 986 κατάρξαι,
1284 917 1423 988 πρὸς
1466 916 1814 984 ἀξιοπιστίαν

230 1006 646 1076 ἀσφαλέστερον
667 1022 680 1035 ·
722 1007 815 1058 καὶ
860 1008 971 1069 τοῖς
1006 1005 1251 1069 εὐλαϐῶς
1279 1007 1408 1077 περὶ
1439 1007 1506 1060 τὰ
1540 1006 1662 1060 θεῖα
1695 1006 1812 1058 δια-

233 1098 513 1168 κειμένοις
561 1098 662 1151 οὐκ
711 1097 1153 1168 ἀπιστηθήσεται
1193 1099 1254 1150 τὸ
1298 1097 1622 1168 λεγόμενον·
1667 1100 1812 1152 ίστό·

236 1204 400 1258 ρηται
439 1188 551 1258 γὰρ
579 1188 656 1250 ὡς
677 1186 930 1256 Αύγαρος
963 1189 991 1240 ὁ
1022 1187 1132 1241 τῶν
1175 1189 1478 1259 Ἑδεσηνῶν
1521 1189 1809 1260 βασιλεὺς,

233 1281 300 1331 τὰ
360 1277 520 1345 παρὰ
560 1277 798 1348 Χριστοῦ
836 1279 1098 1346 γινόμενα
1144 1278 1690 1350 θαυματουργήματα
1723 1281 1815 1332 ὲκ-

235 1370 634 1439 πληττόμενος,
668 1368 818 1439 πόθῳ
860 1386 918 1421 τε
950 1368 1131 1439 πολλῷ
1165 1369 1587 1438 καθελκόμενος,
1623 1371 1718 1423 καὶ
1753 1372 1811 1422 ὲν
1831 1407 1856 1423 κ

233 1462 406 1514 εξκόνι
457 1460 620 1513 αὑτὸν
655 1459 816 1529 μόνον
840 1459 1158 1523 θεάσασθαι,
1200 1461 1523 1513 ἀποστέλλει
1550 1462 1670 1514 τινὰ
1705 1462 1812 1525 ζω-

232 1551 468 1618 γράφον,
491 1547 636 1601 ὦστε
665 1549 725 1601 τὸ
750 1545 888 1612 εῐδος
918 1552 1096 1603 ἐκεῖνο
1123 1549 1183 1602 τὸ
1212 1551 1356 1605 θεῖον
1382 1551 1810 1622 διαχαράξαντα,

233 1643 363 1711 παρ’
401 1641 564 1692 αὐτὸν
611 1640 860 1710 κομίζειν
899 1641 974 1703 ὡς
1024 1643 1287 1711 τάχισταο
1338 1641 1432 1695 τοῦ
1475 1642 1533 1694 δὲ
1583 1643 1814 1714 διαμαρ-

229 1733 417 1794 τόντος
475 1730 569 1784 τοῦ
630 1731 856 1798 σκοποῦ,
913 1731 1004 1786 διὰ
1055 1733 1152 1803 τὴν
1206 1733 1656 1803 ὑπερϐάλλουσαν
1715 1735 1810 1788 τοῦ

231 1823 532 1893 προσώπου
574 1823 737 1892 χάριν
777 1839 838 1875 τε
881 1824 976 1875 καλ⁸
1009 1822 1392 1894 λαμπρότητα,
1424 1826 1585 1889 αὐτὸς
1623 1826 1702 1896 τῷ
1731 1829 1812 1879 oi-

230 1915 368 1984 κείῳ
403 1915 684 1985 προσώπῳ
709 1914 901 1984 ὀθόνην
925 1915 1157 1981 ἐπιθεὶς,
1189 1917 1558 1988 ὲναπομάττει
1598 1918 1660 1970 τὺ
1687 1920 1812 1972 ἐαυ-

229 2008 327 2060 τοῦ
351 2006 607 2076 ὁμοίωμα
627 2045 641 2070 ,
692 2006 787 2060 καὶ
815 2007 1141 2060 ἀποστέλλει
1168 2008 1246 2078 τῷ
1285 2009 1482 2079 ἐρῶντι
1513 2010 1578 2064 τὸ
1609 2009 1813 2063 ποθού-

235 2116 422 2166 μενον.

306 2212 421 2280 μγ’.
470 2191 782 2283 Ἱστόρηται
824 2211 1014 2265 δὲκαὶ
1076 2209 1270 2279 τοῦτο,
1305 2212 1388 2267 ὅτι
1437 2210 1534 2267 τοῦ
1593 2213 1814 2268 πάντων

232 2303 395 2373 ἡμῶν
421 2304 676 2374 Σωτῆρος
703 2303 957 2372 Χριστοῦ,
974 2305 1031 2356 ὲν
1057 2303 1307 2375 Βηθλεὲμ
1333 2306 1636 2376 τεχθέντος,
1664 2308 1692 2360 ὁ
1721 2305 1814 2359 τοῦ

232 2395 462 2466 Περσῶν
506 2395 695 2457 ἔθνους
735 2394 1040 2464 τηνικαῦτα
1072 2395 1442 2465 ἡγεμονεύων,
1489 2398 1665 2468 εὐφυῆ
1693 2415 1817 2451 τινα

233 2486 533 2556 ζωγράφον
585 2487 764 2538 ἐκεῖσε
818 2485 1169 2556 ἐξέπεμψεν,
1230 2489 1378 2550 ὅστις
1428 2489 1530 2558 τήν
1606 2506 1663 2541 τε
1719 2489 1815 2543 τοῦ

230 2579 525 2647 τεχθέντος
573 2580 672 2632 καὶ
709 2579 806 2646 τῆς
858 2578 1129 2648 τεκούσης
1159 2579 1344 2631 εἰκόνα
1380 2579 1711 2650 διαγράψας,
1742 2581 1818 2645 ὡς

230 2670 399 2722 αὐτὸν
429 2671 655 2738 ἤγαγεν.
692 2666 896 2722 Εἰδέτω
917 2669 1113 2739 καρδία
1145 2669 1408 2732 ἄπιστοςῑ
1439 2670 1574 2722 Οὐδὲ
1601 2671 1819 2742 Πέρσας

230 2759 595 2829 παραδέξεται
641 2759 912 2830 τοσαύτην
949 2761 1336 2829 στειλαμένους
1387 2760 1528 2824 ὁδὸν,
1559 2761 1708 2834 δῶρα
1740 2762 1818 2833 τῷ

231 2850 489 2920 τεχθέντι
518 2850 729 2920 βασιλεί
759 2845 844 2904 οἷα
870 2851 1114 2922 προσῆκε
1141 2852 1497 2922 κομίσοντας,
1533 2855 1637 2907 ὑπὸ
1663 2857 1820 2908 ἀστέ-

233 2961 335 3014 ρος
363 2961 421 2996 τε
461 2944 884 3013 ὁδηγουμένους,
909 2945 1005 2998 καὶ
1033 2945 1172 3015 ὅπερ
1197 2944 1275 3014 τῷ
1305 2945 1418 2998 ὄντι
1449 2939 1696 3018 περιδεὲς
1725 2950 1821 3002 καὶ

233 3039 322 3099 εὶς
353 3031 631 3106 προῦπτον
681 3035 950 3106 ἐμϐάλλον
983 3035 1246 3101 κίνδυνον,
1271 3036 1492 3107 βασιλέα
1523 3039 1820 3109 κηρύσσειν

232 3128 514 3198 λαμπρῶς
552 3127 645 3180 τὸν
678 3128 1012 3197 γεννηθέντα
1032 3169 1046 3193 ,
1080 3129 1173 3181 ἐπὶ
1202 3128 1302 3198 τῆς
1328 3129 1641 3201 ἀλλοδαπῆς
1663 3147 1820 3200 γενο-

1918 623 2091 675 siores
2112 621 2276 673 divini
2305 620 2504 674 amoris
2532 630 2692 688 atque
2718 619 2952 688 pietatis.
2985 617 3151 673 Secus
3179 618 3323 672 enim
3348 631 3485 686 quo-

1917 710 2079 763 modo
2111 709 2348 776 ipsorum
2384 709 2614 764 ﬁdelitas
2655 709 2986 778 appareret?

1988 817 2078 873 42.
2121 819 2273 884 Quod
2318 819 2362 874 si
2403 819 2526 888 quis
2559 819 2721 874 etiam
2775 819 2946 890 legem
2980 821 3338 876 demonstrari
3380 821 3483 878 sibi

1916 912 2176 981 postulet,
2229 924 2376 968 certe
2429 928 2592 982 opere
2630 911 2866 977 efﬁcere,
2913 914 3140 968 validius
3205 917 3270 968 ad
3324 914 3484 970 ﬁdem

1919 1002 2220 1058 faciendam
2248 1014 2352 1066 est,
2381 1019 2539 1072 quam
2559 1004 2740 1059 verbis
2758 1004 3071 1074 praecipere.
3092 1003 3212 1059 Jam
3237 1020 3366 1060 vero
3395 1005 3483 1071 iis,

1916 1095 2006 1163 qui
2041 1095 2128 1163 pie
2165 1096 2231 1148 ad
2264 1111 2352 1150 res
2383 1095 2593 1149 divinas
2640 1096 2981 1161 incumbunt,
3009 1097 3059 1150 id
3107 1097 3248 1165 quod
3279 1096 3482 1151 dicturi

1915 1199 2104 1240 sumus
2138 1200 2242 1240 non
2284 1187 2389 1240 erit
2437 1187 2772 1242 incredibile.
2829 1187 3093 1242 Narratur
3119 1187 3262 1242 enim
3300 1189 3481 1256 Ahga-

1916 1292 2036 1331 rum
2061 1277 2460 1333 Edessenorum
2494 1295 2700 1348 regem,
2734 1283 2878 1334 edita
2909 1297 2936 1332 a
2965 1279 3182 1334 Christo
3230 1281 3479 1350 prodigia

1915 1369 2260 1434 admiratum,
2305 1369 2473 1424 multo
2515 1385 2699 1424 amore
2744 1372 2905 1440 120
2939 1371 3248 1441 impulsum,
3277 1382 3338 1427 ut
3376 1373 3481 1427 sal-

1916 1468 2021 1513 tem
2052 1461 2102 1513 in
2138 1461 2369 1530 imagine
2391 1476 2511 1514 eum
2538 1470 2828 1529 spectaret,
2859 1463 3114 1530 pictorem
3142 1463 3356 1516 misisse
3386 1466 3476 1532 qui

1913 1553 2116 1606 vultum
2149 1552 2296 1606 illum
2316 1554 2551 1607 divinum
2586 1553 2848 1621 pingeret,
2870 1563 3032 1622 atque
3053 1553 3118 1606 ad
3142 1568 3199 1606 se
3222 1554 3484 1608 citissime

1913 1645 2408 1714 aﬂ'erret.Cumque
2435 1647 2608 1715 pictor
2639 1661 2804 1713 scopo
2830 1660 2926 1700 suo
2950 1661 3053 1700 non
3088 1655 3234 1701 esset
3261 1646 3484 1715 potitus,

1914 1747 2134 1806 propter
2166 1737 2421 1791 eximiam
2453 1737 2630 1790 vultus
2663 1746 3002 1791 venustatem
3039 1749 3203 1807 atque
3238 1738 3488 1806 splendo-

1917 1843 2052 1892 rem,
2086 1828 2236 1882 aiunt
2279 1827 2558 1882 Christum
2616 1826 2774 1881 faciei
2823 1842 2934 1882 sua:
2985 1828 3154 1882 linteo
3175 1829 3484 1898 .applicito,

1914 1915 2204 1984 imaginem
2235 1917 2509 1985 propriam
2537 1915 2955 1984 deprompsisse,
2992 1930 3217 1986 remque
3245 1927 3484 1988 optatam

1915 2007 1982 2061 ad
2015 2017 2316 2063 amatorem
2349 2023 2531 2078 regem
2574 2007 2941 2064 tran‘smisisse
2959 2007 3095 2078 (59).

1985 2206 2075 2261 45.
2105 2205 2368 2262 Narratur
2397 2221 2639 2279 insuper,
2669 2209 2962 2266 universali
2984 2222 3170 2266 nostro
3195 2211 3485 2267 Servatore

1915 2299 2132 2356 Christo
2156 2300 2445 2357 Bethleemi
2466 2311 2610 2366 nato,
2633 2302 2777 2358 illum
2796 2303 2887 2373 qui
2909 2306 3083 2374 gentis
3107 2305 3337 2361 Persicae
3362 2316 3488 2359 tunc

1917 2405 2126 2464 sceptra
2150 2395 2386 2460 tenebat,
2405 2398 2677 2466 egregium
2703 2398 2828 2450 illuc
2848 2400 3167 2454 amandasse
3192 2401 3486 2468 pictorem,

1918 2486 2009 2554 qui
2037 2487 2144 2540 nati
2163 2488 2317 2562 pueri
2343 2503 2406 2542 ac
2425 2489 2613 2542 matris
2635 2489 2920 2557 imaginem
2940 2489 3292 2555 describeret,
3325 2503 3490 2560 atque

1919 2578 1985 2629 ad
2017 2591 2075 2630 se
2100 2580 2406 2632 adduceret.
2429 2580 2735 2648 AgnoScant
2757 2579 2859 2634 hoc
2879 2579 3044 2634 corda
3079 2580 3352 2636 incredula
3375 2585 3387 2636 l
3414 2583 3490 2637 Ne

1921 2668 2114 2723 Persas
2146 2670 2360 2737 quidem
2419 2672 2519 2724 sibi
2557 2673 2949 2740 persuadebunt
2985 2680 3190 2726 tantum
3221 2674 3323 2728 iter
3371 2690 3491 2730 sits-

1920 2762 2148 2829 cepisse,
2175 2762 2312 2815 dona
2354 2771 2480 2817 nato
2509 2764 2620 2833 regi
2648 2774 2808 2834 prout
2836 2779 2932 2832 par
2945 2773 3062 2818 erat
3085 2764 3310 2830 laturos,
3335 2767 3489 2821 stella

1922 2852 2150 2906 ducente
2174 2868 2189 2916 ;
2218 2853 2470 2922 quodque
2496 2867 2686 2908 revera
2717 2855 3129 2910 formidolosum
3157 2866 3293 2921 erat,
3335 2866 3390 2911 et
3434 2859 3488 2910 in

1925 2942 2272 2997 manifestum
2323 2943 2648 3012 conjiciebat
2702 2945 3018 3012 discrimen,
3082 2962 3260 3013 regem
3307 2947 3488 3018 palam

1923 3037 2214 3103 praedicare
2265 3048 2449 3091 natum
2504 3038 2556 3091 in
2624 3047 2766 3093 terra
2831 3040 2930 3094 sibi
2994 3041 3302 3110 peregrina.
3335 3040 3491 3106 Quod

1923 3129 1969 3182 si
2019 3143 2125 3183 non
2159 3129 2342 3183 omnia
2388 3129 2443 3182 in
2489 3131 2798 3199 evangelica
2833 3131 3057 3186 historia
3109 3141 3234 3187 sunt
3263 3132 3488 3202 scripta,

236 3224 477 3295 μένους·
533 3225 581 3275 ει
631 3222 688 3274 δὲ
736 3222 797 3274 ού
849 3222 1029 3277 πάντα
1077 3222 1498 3292 ἀναγέγραπται
1543 3223 1688 3277 κατὰ
1719 3224 1813 3294 τὴν

1923 3234 2030 3273 non
2073 3219 2272 3273 idcirco
2323 3219 2504 3274 omnia
2550 3228 2677 3273 sunt
2723 3220 3079 3275 incredibilia.
3132 3219 3264 3274 Nam
3315 3237 3492 3291 neque

234 3315 606 3386 εύαγγελικὴν
635 3315 900 3384 ἱστορίαν,
927 3314 988 3367 οὺ
1016 3315 1198 3368 πάντα
1221 3315 1374 3384 παρὰ
1397 3314 1560 3369 τοῦτο
1587 3317 1814 3370 ἄπιστα·

232 3411 362 3465 οὐδὲ
386 3411 494 3480 γὰρ
522 3410 591 3462 τὰ
612 3407 749 3462 ἄλλα
783 3409 984 3476 σημεῖα
1021 3406 1058 3460 ἃ
1090 3407 1348 3475 εποίησεν
1379 3407 1408 3459 ὁ
1454 3407 1664 3478 Ἰησοῦς
1691 3408 1820 3464 ἀθε-

233 3502 451 3572 τητέον,
484 3500 656 3554 πολλά
685 3515 748 3567 γε
778 3499 908 3552 ὄντα
930 3539 946 3565 ,
987 3498 1064 3561 ὡς
1105 3498 1243 3570 μηδὲ
1274 3501 1473 3568 χωρεῖν
1501 3499 1591 3553 τὸν
1615 3500 1817 3568 κόσμον

235 3593 409 3649 καθὲν
437 3594 783 3664 γραφόμενα,
811 3590 998 3662 ἐπειδὴ
1027 3591 1128 3645 οὐκ
1155 3591 1592 3662 ἀναγέγραπται,
1626 3592 1811 3662 φησὶν,

232 3690 266 3741 6
296 3687 471 3758 μέγας
517 3683 911 3754 εὐαγγελιστὴς
967 3683 1221 3753 Ἰωάννης
1242 3697 1257 3712 ⁸
1288 3683 1419 3753 περὶ
1449 3682 1550 3754 μὲν
1592 3678 1686 3736 οὖν
1715 3682 1818 3752 τῆς

233 3777 475 3848 ἀοράτου
511 3777 608 3829 καὶ
641 3774 978 3843 ύπερουσίου
1023 3775 1118 3848 καί.
1161 3773 1405 3844 ἀλήπτου
1440 3773 1678 3842 φύσεως,
1718 3774 1818 3826 καὶ

233 3845 554 3940 ἥννὸμοιοῦν
581 3866 850 3922 ἀδύνατον
899 3845 1140 3932 λέγεται,
1174 3866 1256 3918 ὃτι
1293 3863 1443 3918 Οὔτε
1467 3863 1680 3933 φωνὴν
1708 3866 1816 3918 αὺ-

231 3960 346 4014 τοῦ
380 3961 703 4026 ἀκηκόατε,
746 3957 884 4011 οὔτε
913 3953 1070 4022 εἶδος
1112 3955 1300 4011 αὑτοῦ
1336 3955 1656 4025 ἑωράκατε·
1685 3957 1811 4022 καὶ,

233 4052 390 4104 Θεὸν
432 4050 630 4116 οὐδεὶς
661 4049 882 4116 ἑώρακε
909 4048 1174 4113 πώποτε,
1205 4049 1342 4102 οὔτε
1371 4067 1461 4112 τις
1491 4048 1815 4118 ἀνθρώπων

230 4140 419 4205 εἶδεν,
448 4142 586 4195 οὔτε
619 4139 768 4194 ἰδεῖν
795 4139 1046 4194 δύναται
1068 4155 1081 4168 ·
1127 4138 1214 4192 διὰ
1247 4139 1309 4192 τὸ
1345 4139 1518 4203 οὕτως
1547 4140 1691 4210 ἔχειν
1712 4140 1812 4192 αὐ-

229 4233 356 4300 τὴν,
412 4232 507 4282 καὶ
549 4229 623 4299 μὴ
657 4227 888 4299 ὁρᾶσθαι
940 4229 1076 4298 μηδὲ
1107 4227 1424 4293 ἀκούεσθαι,
1461 4229 1576 4281 ἀλλ’
1611 4229 1812 4300 ἐξῃρῆ-

233 4321 362 4373 σθαι
391 4319 596 4389 ταύτην
620 4319 714 4371 καὶ
736 4318 911 4381 εἴδους
940 4319 1143 4382 παντὸς
1166 4320 1260 4372 καὶ
1287 4318 1566 4388 φθόγγων·
1597 4322 1689 4373 καὶ
1714 4320 1812 4390 μέν

229 4428 299 4479 γε
343 4411 439 4464 καὶ
485 4411 569 4464 ὅτι
609 4409 669 4462 ού
709 4409 959 4463 πεινάσει
995 4409 1116 4462 οὐδὲ
1143 4411 1429 4464 κοπιάσειο
1467 4410 1619 4464 Οὐδὲ
1643 4411 1813 4464 ἐστιν

227 4501 544 4568 ἐξεύρεσις
572 4499 682 4567 τῆς
714 4499 1064 4567 φρονήσεως
1111 4498 1318 4553 αὐτοῦ.
1352 4501 1490 4564 Περὶ
1527 4500 1583 4553 δὲ
1610 4500 1709 4569 τῆς
1753 4503 1810 4553 ὲν

1922 3310 2026 3364 alia
2069 3310 2335 3380 prodigia,
2392 3324 2512 3379 quae
2582 3309 2740 3365 Jesus
2782 3310 2969 3376 edidit,
3031 3322 3161 3367 sunt
3219 3313 3483 3383 neganda,

1920 3416 2046 3454 cum
2081 3409 2158 3455 tot
2203 3400 2424 3465 fuerint,
2457 3411 2603 3456 utne
2633 3403 2866 3456 mundus
2904 3403 3118 3471 quidem
3151 3417 3213 3458 ea
3239 3416 3483 3473 caperet,

1919 3507 2230 3560 quanquam
2270 3507 2376 3547 non
2398 3499 2524 3547 sunt
2545 3492 2765 3561 scripta,
2804 3502 2861 3546 ut
2895 3508 3121 3563 magnus
3155 3495 3230 3548 ait
3258 3509 3490 3565 evange-

1921 3581 2048 3655 lista.
2069 3579 2386 3637 Joannes".
2421 3582 2498 3636 De
2538 3581 2794 3637 invisibili
2823 3597 2952 3653 ergo
2984 3594 3039 3637 et
3069 3587 3488 3652 supersuhstan-

1921 3673 2032 3726 tiali
2064 3681 2117 3728 et
2135 3673 2662 3743 incomprehensibili
2687 3683 2900 3739 natura,
2928 3686 2983 3730 et
3011 3676 3165 3744 cujus
3193 3677 3484 3746 imaginem

1919 3763 2100 3818 facere
2158 3764 2490 3833 impossibile
2520 3774 2622 3833 est,
2657 3767 2857 3821 dicitur
2889 3786 2903 3822 :
2942 3765 3126 3837 Neque
3172 3787 3346 3824 vocem
3371 3771 3487 3840 ejus

1918 3853 2166 3917 audistis,
2220 3869 2381 3922 neque
2429 3856 2651 3924 speciem
2685 3857 2800 3924 ejus
2830 3857 3135 3924 uidistis“;
3170 3866 3224 3912 ct
3256 3876 3270 3912 :
3321 3861 3488 3912 Deum.

1918 3960 2066 4000 nemo
2098 3945 2225 3998 vidit
2249 3962 2504 4013 unquam,
2540 3964 2701 4017 neque
2731 3947 2872 4002 ullus
2904 3949 3170 4003 hominum
3217 3953 3364 4004 scivit
3391 3964 3486 4005 aut

1917 4037 2052 4090 scire
2108 4047 2276 4105 potest
2297 4039 2343 4071 ”
2389 4039 2515 4108 quia
2581 4055 2774 4109 nempe
2829 4039 3014 4094 Deitas
3057 4041 3130 4094 ita
3196 4058 3256 4097 se
3301 4043 3485 4103 habet.

1917 4138 1976 4181 ut
2017 4141 2191 4196 neque
2233 4127 2500 4194 audiatur,
2538 4130 2634 4184 sed
2667 4129 2814 4184 omni
2876 4142 3166 4201 conspeCtu
3227 4148 3290 4188 ac
3353 4150 3487 4188 sonu

1916 4217 2217 4285 eximatur;
2298 4233 2474 4288 neque
2547 4219 2674 4273 item
2729 4221 2931 4276 esuriet
3011 4239 3242 4290 unquam
3311 4241 3486 4291 neque

1914 4309 2091 4364 sitiet:
2123 4309 2235 4364 Nec
2259 4320 2333 4364 est
2359 4311 2687 4380 investigatio
2709 4314 2982 4378 sapientia:
3001 4315 3114 4382 ejus
3132 4317 3198 4369 ³⁵.
3229 4317 3300 4370 De
3321 4313 3482 4370 Verbi

1916 4411 2094 4456 autem
2126 4403 2177 4456 in
2210 4416 2376 4457 carne
2414 4403 2793 4472 apparitione:
2827 4403 2952 4458 Nisi
2996 4406 3272 4474 venissem,
3310 4419 3356 4462 et
3397 4426 3484 4462 eos

1915 4492 2182 4549 allocutus
2243 4511 2430 4559 essent,
2481 4505 2754 4563 peccatum
2821 4512 2924 4550 non
2970 4501 3237 4553 haberent.
3280 4501 3350 4556 Et
3403 4505 3482 4556 ui-

231 4593 405 4661 σαρκὶ
433 4590 758 4658 θεοφανείας
801 4587 895 4642 τοῦ
921 4589 1120 4657 Λόγου,
1144 4590 1226 4642 ὅτι
1283 4592 1352 4643 El
1381 4589 1465 4658 μὴ
1492 4585 1682 4659 ἦλθον
1710 4591 1809 4645 καὶ

1920 4583 2127 4648 derunt,
2171 4595 2221 4639 et
2271 4591 2492 4639 oderunt
2539 4603 2638 4650 me,
2681 4587 2937 4652 simulque
2991 4588 3140 4642 illum
3198 4593 3288 4660 qui
3339 4596 3483 4644 misit

227 4679 510 4747 ἐλάλησα
559 4677 782 4744 αὐτοῖς,
834 4679 1124 4747 ἁμαρτίαν
1166 4681 1278 4732 οὐκ
1322 4675 1519 4746 εἶχον·
1572 4681 1668 4732 καὶ
1725 4681 1806 4732 ὅτι

239 4769 581 4837 Ἑωράκασι
609 4769 706 4823 καί
729 4768 1100 4838 μεμισήκασι
1129 4769 1228 4822 καὶ
1263 4768 1368 4837 ἐμὲ
1405 4769 1500 4821 κιιι
1530 4768 1637 4822 τὸν
1663 4771 1810 4837 πέμ-

225 4859 434 4930 ψαντὰ
488 4876 589 4933 με,
662 4860 710 4914 τί
769 4859 826 4912 δὲ
881 4860 931 4911 oi
979 4859 1257 4912 θεσπέσιοι
1296 4859 1556 4929 μαθηταὶ,
1607 4857 1804 4927 φασίν;

229 4950 359 5004 Ὀτι
401 4951 464 5002 Ὀ
496 4947 575 5019 ἦν
598 4948 698 5003 ἀπ’
727 4947 942 5017 ἀρχῆς,
978 4947 1009 5000 ὃ
1031 4947 1372 5017 ἑωράκαμεν
1398 4947 1494 5000 καὶ
1526 4950 1584 5000 αἱ
1615 4949 1809 5014 χεῖρες

227 5040 404 5108 ἡμῶν
451 5038 862 5108 ἐψηλάφησαν
912 5039 1046 5106 περὶ
1095 5039 1200 5092 τοῦ
1240 5040 1436 5108 Λόγου
1488 5037 1596 5106 τῆς
1637 5037 1805 5105 ζωῆς.

228 5131 343 5184 Καὶ
395 5132 476 5183 ὅτι
534 5129 914 5199 Ἑωράκαμεν
969 5129 1078 5183 τὸν
1134 5131 1375 5197 Κύριον,
1405 5130 1619 5194 οἵτινες
1660 5146 1808 5182 συν-

225 5223 532 5293 εφάγομεν
577 5222 678 5275 καὶ
722 5223 1094 5288 συνεπίομεν
1144 5221 1336 5285 αὐτῷ,
1371 5221 1399 5272 ὃ
1449 5221 1586 5290 μετὰ
1618 5221 1713 5290 τὴν
1743 5221 1807 5272 ἐκ

227 5315 446 5386 νεκρῶν
481 5314 783 5368 ἀναϐίωσιν
813 5315 1070 5382 γέγονεν’
1121 5311 1258 5366 ἀλλὰ
1287 5312 1380 5365 καὶ
1403 5311 1685 5363 ’ἐκοπίασε
1716 5313 1810 5363 καὶ

300 5495 347 5526 ⁹²
379 5491 538 5548 Joan.
575 5509 688 5556 ut,
720 5493 810 5547 25.
888 5494 934 5526 "
973 5493 1129 5546 Joan.
1165 5507 1219 5551 v,
1252 5490 1340 5546 57.
1418 5491 1464 5524 ⁹⁸
1493 5491 1766 5557 1Τὶιιι.νι,
1801 5491 1813 5545 l

1971 5488 2247 5556 95153.“,
2287 5491 2379 5546 28.

230 5563 283 5617 l.
366 5565 411 5594 ’⁸
442 5565 563 5616 Act.
593 5579 648 5626 χ,
689 5564 778 5616 41.
857 5563 900 5594 ’⁸
925 5564 1043 5616 Gal.
1086 5579 1159 5623 Iv,
1188 5563 1240 5614 Δ.

1917 4675 2076 4727 me".
2109 4673 2246 4738 Quid
2293 4685 2472 4731 autem
2513 4677 2622 4730 divi
2649 4677 2894 4746 discipuli
2950 4680 3143 4734 aiunt?
3188 4680 3343 4746 Quod
3379 4683 3482 4751 [uit

1916 4764 1981 4817 ab
2015 4765 2187 4830 initio,
2217 4770 2354 4835 quod
2387 4769 2630 4835 vidimus,
2658 4779 2704 4824 et
2750 4787 2938 4825 manus
2969 4785 3158 4827 nostra!
3195 4786 3485 4830 contrecta-

1917 4865 2120 4920 uerunt,
2151 4857 2215 4908 de
2259 4855 2419 4910 Verbo
2476 4859 2675 4914 vitaz".
2746 4859 2812 4914 Et
2876 4861 3110 4918 Vidimus
3177 4865 3481 4927 Dominum,

1917 4949 2005 5017 qui
2062 4965 2167 5001 una
2212 4952 2641 5004 manducavimus
2690 4963 2740 5006 et
2808 4954 3109 5022 bibimus”,
3170 4959 3313 5026 quod
3363 4970 3484 5025 post

1918 5040 2061 5094 illius
2112 5054 2140 5092 a
2183 5041 2410 5096 mortuis
2462 5044 2912 5097 resurrectionem
2961 5047 3206 5113 contigit.
3257 5046 3362 5100 Sed
3429 5058 3486 5100 et

1915 5129 2197 5195 laboravit,
2229 5147 2295 5184 ex
2324 5132 2439 5197 lege
2465 5134 2735 5202 corporis,
2768 5142 2822 5188 et
2847 5135 3060 5190 esuriit.
3091 5136 3355 5192 etsitivit.
3379 5135 3479 5190 Et:

1919 5221 2063 5275 Misit
2122 5223 2256 5277 Deus
2315 5221 2514 5277 Filium
2547 5241 2700 5278 suum
2735 5224 2934 5293 factum
2980 5240 3045 5279 ea:
3084 5224 3298 5280 muliere
3317 5229 3381 5282 π.
3418 5228 3486 5281 Et

1918 5311 2061 5367 Deus
2089 5315 2336 5382 apparuit
2382 5315 2434 5367 in
2471 5329 2657 5379 carne,
2687 5325 2738 5367 et
2763 5330 2954 5383 passus
2985 5325 3068 5369 est
3096 5317 3146 5367 iu
3184 5332 3244 5370 ea
3270 5334 3479 5372 assum-

2475 5495 2518 5524 ⁹⁶
2540 5493 2692 5548 Joan.
2722 5509 2810 5558 xv,
2836 5494 2925 5559 2'2,
2947 5494 3038 5549 24.
3115 5496 3158 5526 ⁸*
3192 5495 3209 5549 l
3245 5493 3400 5576 Joau.
3439 5515 3477 5563 I,

301 5740 418 5811 (59)
446 5739 528 5820 De
552 5738 752 5820 Christi
786 5740 1016 5820 imagine
1052 5740 1118 5794 ad
1152 5740 1449 5820 _l_lbgarnt_n
1493 5739 1654 5796 missa
1695 5739 1926 5794 diximus
1954 5741 2019 5795 ad
2051 5741 2293 5796 Autirrh.
2362 5743 2400 5809 Ι,
2463 5741 2549 5809 '56,
2596 5756 2649 5811 p.
2702 5742 2792 5810 ’56,
2833 5743 2926 5812 57,
2965 5745 3018 5801 in
3056 5747 3184 5802 adn.
3244 5747 3481 5820 Legatur

228 5809 452 5880 insuper
490 5811 756 5866 Baronius
790 5815 854 5866 ad
890 5811 990 5866 Ch.
1028 5827 1118 5865 an.
1151 5810 1239 5874 5|,
1274 5827 1324 5863 ιι.
1361 5809 1445 5864 61.
