3898 6150
368 398 394 447 ε
419 396 538 469 ιω
1456 397 1518 457 s.
1558 394 1977 459 NICEPHORI
2017 398 2021 459 ῖ

2124 398 2524 463 ῙἮῙΑΒΟΗᾹΞ
2560 401 2670 464 CP.
2799 434 2802 438 ~
3580 401 3678 467 4θί

304 536 393 599 μὲι
434 515 989 590 ιιιιι,ϊοειπι“εχῑι‹ιιιε
1018 520 1449 567 vetcrasccntem
1492 522 1715 582 peccato
1760 523 2008 567 naturam

2124 515 2369 572 ἐπείνασε
2400 517 2496 571 καὶ
2526 518 2748 589 ἐδίψησε
2793 517 2942 588 νόμῳ
2988 518 3260 589 σώματος.
3290 518 3384 573 καὶ
3422 520 3505 574 δτι
3557 520 3683 588 Ἐε-

372 638 375 643 ’
396 634 399 643 '
436 627 728 668 ιειιοναιιε.

2112 610 2473 665 απέστειλεν
2500 615 2533 665 ὀ
2564 612 2710 676 Θεὸς
2741 611 2849 665 τὸν
2881 611 3023 665 Υἱὸν
3050 612 3239 666 αὐτοῦ
3268 615 3595 683 γενόμενον
3617 616 3683 667 ἐκ

335 709 755 780 ηιμτυναικός·
819 703 916 757 καὶ
963 700 1097 763 Θεὸς
1155 696 1479 767 ἐφανερώθη
1534 698 1592 749 ἐν
1656 698 1854 767 σαρκὶ,
1916 697 2013 751 καὶ
2051 698 2287 753 πέπονθε
2351 701 2431 773 τῷ
2501 702 3038 773 προσλήμματι,καὶ
3061 700 3259 774 ἀνέστη
3298 706 3686 776 καινοποιήσας

435 801 535 872 τὴν
564 796 970 852 παλαιωθεῖσαν
1001 790 1107 845 ὑπὸ
1133 790 1234 860 τῆς
1264 787 1539 859 ἁμαρτίας
1565 788 1747 856 φύσιν.

506 894 599 948 ιι,
630 891 721 946 Sic
764 901 894 958 ergo
943 894 995 941 et
1027 898 1125 939 nos
1168 882 1420 937 eumdem
1452 882 1609 935 nobis
1646 879 2009 935 assimilatum

437 1000 534 1052 per
560 979 744 1036 omnia
774 976 978 1044 absque
1015 978 1263 1044 peccato,
1312 970 1464 1034 iusta
1505 969 1773 1024 viviﬁcam
1804 980 1858 1025 et
1889 986 2014 1024 san-

437 1075 734 1131 ctissimam
772 1069 888 1138 ejus
914 1067 1166 1138 speciem
1190 1106 1205 1130 ,
1243 1063 1611 1120 assimilamns
1641 1075 1696 1117 et
1720 1062 2015 1133 ﬁguramus

439 1167 841 1231 a'doranutsque
882 1159 1116 1214 ﬁdeliter
1155 1172 1220 1211 ac
1270 1155 1437 1209 veluti
1503 1152 1669 1208 Deum
1718 1154 1895 1219 decet,
1954 1160 2014 1206 ut

441 1272 633 1327 magna
667 1269 805 1309 voce
825 1253 1024 1307 clamat
1061 1249 1151 1303 Dei
1185 1245 1442 1302 Ecclesiae
1471 1244 1665 1300 tradita
1695 1245 1763 1297 ab
1788 1245 2011 1312 antiquo

374 1380 387 1389 κ
439 1353 699 1406 divinitus
777 1343 1136 1401 consuetudo.
1212 1339 1411 1406 Quidni
1482 1337 1650 1406 igitur
1721 1336 2010 1389 adorandae

382 1472 393 1477 -
442 1438 985 1499 suntethonorandze
1007 1430 1800 1503 huiusmodiassimilationes?
1849 1428 2011 1483 Tem-

384 1566 387 1571 ν
443 1534 588 1603 poris
613 1545 801 1594 causa,
824 1527 1041 1593 dicunt;
1065 1524 1191 1594 quia
1216 1523 1357 1578 haud
1383 1522 1681 1592 anthnitus
1702 1518 2006 1588 huiusmodi

445 1621 721 1677 veneratio
747 1619 942 1674 tradita
967 1627 1071 1671 est.
1109 1615 1272 1683 Atqui
1299 1615 1341 1668 si
1381 1612 1637 1682 temporis
1663 1626 1823 1666 causa
1858 1612 2000 1665 haud

392 1738 399 1743 -
445 1711 782 1768 venerandos
860 1709 1124 1778 imagines
1173 1705 1372 1767 dicitis,
1421 1718 1520 1759 nos
1565 1712 1753 1759 contra
1795 1712 2015 1773 propter

2189 882 2294 948 μδ’.
2336 882 2525 947 Οὕτως
2567 879 2661 936 οὖν
2696 882 2791 937 καὶ
2840 884 3003 954 ἡμεῖς
3050 883 3390 953 ὁμοιωθέντα
3433 886 3567 955 ἡμῖν
3597 886 3693 940 τὸν

2114 971 2277 1025 αὐτὸν
2324 972 2467 1026 κατά
2497 972 2674 1027 πάντα
2715 975 2885 1044 χωρὶς
2910 974 3207 1045 ἁμαρτίας,
3246 975 3390 1030 κατά
3414 975 3477 1028 τὸ
3520 977 3693 1045 φανὲν

2115 1063 2384 1127 ζωοποιδν
2432 1065 2527 1119 καὶ
2582 1065 2848 1133 πανάγιον
2897 1061 3075 1129 εἶδος,
3141 1065 3520 1137 ἀφομοιοῦμεν
3595 1070 3692 1121 καὶ

2115 1156 2460 1227 εἰκονίζομεν
2491 1160 2587 1209 καὶ
2627 1156 3047 1226 προσκυνοῦμεν
3080 1155 3290 1220 πιστῶς
3336 1158 3430 1210 καὶ
3461 1156 3694 1229 θεοπρε-

2117 1249 2258 1315 πῶς,
2293 1250 2374 1313 ὡς
2415 1249 2559 1320 μέγα
2596 1248 2752 1319 βοᾷή
2800 1247 3007 1301 ἀνωθεν
3030 1248 3162 1317 ἡμῖν
3201 1248 3259 1300 ἐν
3288 1250 3353 1319 τῇ
3391 1249 3693 1320 Ἐκκλησία

2116 1339 2301 1404 ἔνθεος
2344 1326 2753 1411 παραδεδομένη
2799 1338 3062 1408 συνήθεια
3083 1355 3098 1370 ·
3133 1338 3253 1401 πῶς
3298 1335 3393 1394 οὖν
3422 1340 3485 1393 οὗ
3516 1356 3694 1411 προσ-

2118 1432 2359 1502 κυνητέα
2389 1433 2485 1485 καὶ
2511 1432 2746 1502 τιμητέα
2788 1430 2961 1484 ταῦτα
2984 1431 3053 1483 τά
3079 1430 3440 1502 όμοιώματα;
3469 1434 3571 1486 Διά
3597 1434 3694 1487 τὸν

2117 1522 2329 1593 χρόνον,
2360 1523 2547 1590 φασιν,
2575 1524 2656 1576 ὅτι
2685 1523 2787 1575 οὐκ
2809 1522 3049 1594 ἀρχῆθεν
3072 1524 3106 1593 ἠ
3135 1522 3341 1575 τούτων
3375 1526 3692 1599 προσκύνη-

2120 1629 2206 1676 σις
2251 1613 2705 1684 παραδέηδεικται·
2761 1613 2877 1666 ἀλλ’
2932 1614 2985 1666 εί
3028 1630 3091 1682 γε
3123 1614 3211 1668 διά
3267 1615 3359 1668 τὸν
3395 1616 3588 1686 χρόνον
3626 1617 3693 1670 ού

2119 1706 2524 1775 προσκυνητέα,
2546 1704 2632 1757 διὰ
2655 1704 2815 1758 τοῦτο
2854 1705 3058 1774 μᾶλλον
3086 1709 3497 1777 προσκυνητέα·
3533 1708 3696 1764 τοῦτο

391 1832 399 1841 -
447 1806 549 1859 hoc
580 1802 813 1856 maxime
833 1777 1172 1854 venerandas
1206 1796 1605 1852 contendimus.
1633 1792 1879 1863 Namque
1917 1793 2014 1847 has

2124 1800 2227 1870 γὰρ
2256 1798 2314 1864 ἐξ
2350 1798 2527 1870 ἀρχῆς
2556 1799 2851 1870 ἐνορῶντες
2879 1800 3162 1871 γινόμενον
3192 1803 3485 1872 Μανιχαῐοί
3512 1820 3573 1856 τε
3598 1806 3696 1858 καὶ

446 1896 514 1950 ab
545 1894 699 1949 initio
724 1891 839 1947 fieri
883 1891 1130 1946 videntes
1161 1886 1438 1942 διαπιῑοίιωί
1464 1896 1627 1955 atque
1661 1887 1847 1940 Ariani
1873 1884 2012 1956 (60),

445 1985 539 2056 qui
573 1983 789 2038 fuerunt
818 1984 1011 2037 horum
1059 1979 1454 2059 neotericorum
1499 1976 1868 2046 antesignani,
1897 1990 2019 2030 eas-

446 2080 569 2130 dem
611 2074 829 2129 abolere
870 2070 1180 2135 studebant,
1219 2067 1643 2136 adorantesque,
1666 2067 1717 2121 id
1756 2075 1840 2120 est
1893 2065 2019 2120 reli-

448 2167 626 2235 giosos
652 2165 921 2225 homines,
952 2162 1349 2230 vituperabant,
1386 2165 1441 2213 et
1462 2158 1655 2213 horum
1685 2156 2017 2211 damnationi

438 2256 881 2313 subscribebant.
907 2253 1098 2308 Testes
1143 2250 1264 2304 libri
1306 2258 1455 2313 sunt,
1503 2263 1642 2318 quos
1691 2262 1799 2315 prae
1844 2248 2021 2301 mani-

440 2353 553 2405 ‘bus
585 2349 775 2402 horum
808 2344 1117 2401 sacerdotes
1160 2342 1379 2395 habent.
1427 2338 1580 2405 Quod
1614 2339 1658 2394 si
1704 2354 1879 2409 neque
1905 2332 2047 2394 suis

444 2442 582 2511 ipsis
604 2437 897 2509 magistris.
946 2448 1121 2503 neque
1169 2435 1370 2487 nostris
1400 2432 1645 2487 veritatis
1696 2431 2019 2500 praedicato-

451 2533 601 2588 ribus
647 2529 876 2591 cedunt,
916 2538 1091 2596 neque
1135 2538 1256 2593 qua:
1306 2523 1541 2592 propriis
1586 2522 1761 2576 oculis
1809 2522 2016 2586 vident,

451 2624 763 2685 :tdmillttnl,
795 2620 1115 2688 quibusnam
1154 2617 1408 2685 deinceps
1438 2616 1592 2685 121
1621 2614 2016 2669 annumerandl

433 2717 743 2785 .sintpatet.
774 2711 880 2765 Sed
903 2707 1114 2764 etiamsi
1138 2708 1223 2763 his
1248 2708 1446 2761 auditis
1470 2724 1563 2760 ora
1601 2722 1698 2760 sua
1727 2706 2023 2761 occludunt

453 2810 505 2863 hi
550 2805 790 2876 profani,
847 2814 1088 2857 attamen
1124 2800 1501 2867 impudentem
1544 2799 1869 2854 sententiam
1910 2812 2019 2853 non

449 2903 740 2963 omittunt;
792 2897 885 2951 sed
919 2894 1026 2949 alia
1077 2892 1251 2962 magis
1295 2892 1471 2947 adhuc
1529 2891 1926 2948 irrationabilia
1969 2900 2023 2946 et

444 2992 640 3044 insana
678 2988 764 3042 his
796 2983 1185 3055 superaddunt.

2131 1892 2419 1961 Ἀρειανοὶ,
2460 1893 2511 1944 οἱ
2538 1892 2647 1945 τῶν
2676 1892 2772 1945 νῦν
2808 1893 3290 1964 δογματιζομένων
3318 1893 3562 1965 ἔξαρχοι,
3596 1897 3697 1950 καὶ

2119 1982 2392 2052 περιελεῖν
2423 1981 2837 2047 σπουδάζοντες,
2864 1982 2976 2036 τῶν
3001 1982 3452 2053 προσκυνούντων
3476 1986 3572 2039 ἅτε
3605 1987 3698 2039 εύο

2122 2072 2428 2127 σεόούντων
2475 2072 2931 2143 κατεψηφίζοντο,
2975 2076 3069 2127 καὶ
3109 2075 3209 2143 τὴν
3236 2075 3445 2129 τούτων
3475 2079 3691 2146 ἐχειρο·

2118 2166 2367 2237 γράφουν
2402 2165 2720 2237 καθαίρεσιν
2739 2182 2752 2195 ·
2785 2165 2880 2218 καὶ
2912 2166 3285 2236 μαρτυροῦσιν
3312 2168 3369 2220 αἰ
3399 2167 3594 2237 βίϐλοι,
3625 2169 3696 2234 au;

2124 2259 2266 2329 μετά
2301 2260 2489 2330 χεῖρας
2515 2259 2565 2312 οἰ
2594 2259 2800 2311 τούτων
2831 2257 3034 2327 μύσται
3064 2257 3322 2327 φέρουσιν
3342 2272 3360 2289 ·
3389 2259 3438 2310 εἰ
3467 2259 3524 2312 δέ
3567 2258 3695 2313 οὔτε

2120 2352 2234 2412 τοῖς
2282 2348 2493 2402 ἐαυτῶν
2541 2347 2882 2409 διδασκάλοις
2902 2385 2917 2410 ,
2952 2344 3077 2400 οὔτε
3124 2348 3239 2409 τοῖς
3268 2347 3561 2419 ἡμετέροις
3593 2348 3697 2417 τῆς

2122 2436 2384 2508 ἀληθείας
2433 2437 2711 2491 πείθονται
2772 2434 3023 2507 κήρυξιν,
3076 2433 3203 2487 οὔτε
3263 2436 3407 2505 ειπερ
3469 2436 3698 2499 οἰκείοις

2121 2528 2422 2597 ὀφθαλμοῖς
2487 2527 2766 2598 καθορῶσι
2834 2526 3272 2596 παραδέχονται,
3326 2526 3443 2579 τίσι
3505 2527 3699 2582 λοιπὸν

2125 2617 2719 2688 συγκαταριθμηθεῖεν,
2743 2617 2843 2671 οὐκ
2863 2616 3058 2687 ἄδηλον
3073 2634 3087 2648 ·
3107 2616 3247 2670 ἀλλά
3276 2617 3372 2670 καὶ
3398 2618 3457 2670 ἐν
3481 2616 3697 2683 τούτοις

2121 2710 2604 2783 ἀποῤῥαπτόμενοι
2648 2710 2719 2763 τά
2751 2707 2995 2778 στόματα
3043 2708 3089 2760 οἰ
3123 2708 3358 2771 ἀνόσιοι,
3404 2709 3506 2779 τῆς
3537 2711 3701 2763 ἀναι-

2125 2802 2355 2873 σχύντου
2388 2802 2612 2871 γνώμης
2634 2800 2695 2854 ού
2719 2799 3081 2868 καθυφιᾶσιν·
3106 2799 3269 2871 ἕτερα
3295 2801 3353 2854 δὲ
3374 2800 3699 2873 ἀλογώτερα

2124 2896 2219 2949 καὶ
2247 2892 2585 2965 ἀνοητότερα
2608 2891 2816 2947 τούτων
2844 2891 3165 2959 ἐπάγουσιν.

522 3100 613 3156 45.
646 3098 784 3153 Nam
826 3112 948 3151 cum
999 3093 1197 3163 aliquis
1239 3093 1573 3149 orthodoxus
1608 3109 1704 3150 eos
1735 3096 2020 3165 alloquens

2195 3105 2297 3168 με’.
2341 3096 2536 3151 Ἢνίκα
2574 3095 2683 3167 γὰρ
2711 3094 2821 3147 τῶν
2846 3090 3215 3147 εὐσεϐούντων
3246 3108 3331 3156 τις
3358 3091 3544 3155 αὐτοῖς
3573 3091 3699 3146 δια-

363 3175 370 3181 ”
435 3207 663 3264 ~aequum
692 3203 814 3245 esse
842 3197 901 3242 ut
930 3186 1114 3241 divina
1170 3184 1417 3256 symbols
1470 3187 1830 3252 honorentnr,
1865 3190 2020 3255 dicit,

452 3283 889 3355 quandoquidem
905 3282 957 3333 in
969 3278 1143 3334 sacris
1162 3277 1367 3331 :edibus
1381 3276 1665 3340 collocata,
1688 3293 1844 3333 sacra
1865 3280 2020 3347 ﬁunt;

450 3378 763 3449 pariterque
798 3373 884 3427 illa
918 3386 1038 3441 qua:
1074 3372 1128 3424 in
1158 3366 1339 3424 diVTna
1373 3383 1559 3422 mensa
1592 3371 1675 3424 vel
1711 3372 1838 3425 alibi
1888 3371 2025 3425 [orte

439 3468 733 3539 proposita
776 3474 927 3529 sunt,
972 3463 1058 3519 vel
1090 3463 1143 3516 in
1189 3461 1372 3516 linteis
1409 3461 1492 3516 vel
1526 3461 1582 3515 in
1619 3462 1739 3517 aliis
1780 3464 2024 3518 materiis

453 3561 598 3629 picta
662 3571 760 3612 ceu
799 3564 985 3611 sancta
1017 3564 1069 3608 et
1100 3551 1466 3617 coadoranda,
1497 3567 1525 3605 a
1552 3550 1880 3606 Christianis
1912 3552 2022 3622 jam

446 3650 582 3704 inde
605 3649 673 3703 ab
704 3645 863 3701 initio
896 3642 1149 3699 conlecta
1187 3642 1443 3708 fuerunt;
1476 3643 1604 3711 quid
1638 3642 1790 3695 aiunt
1823 3643 1899 3703 bl.
1930 3643 2021 3711 qui

436 3751 702 3797 sanctum
730 3754 759 3792 a
794 3737 1002 3809 polluto
1050 3736 1387 3804 distinguere
1438 3733 1672 3788 nolunt?
1705 3750 1724 3785 ι
1762 3732 2024 3787 Ferarum

455 3852 519 3891 ac
539 3836 910 3906 iumentorum
934 3839 988 3883 et
1012 3828 1189 3882 avium
1214 3838 1268 3883 et
1288 3826 1515 3881 aliorum
1551 3824 1864 3879 animalium
1892 3826 2025 3879 ima-

453 3929 610 3996 gines
642 3926 693 3979 in
734 3924 817 3978 his
840 3920 1070 3993 picturis
1119 3928 1468 3989 spectamus;
1499 3922 1554 3970 et
1584 3930 1740 3971 sacra
1781 3915 2023 3985 quidem,

434 4029 727 4089 tquatenus
748 4030 905 4070 sacra
943 4013 1194 4077 colimus,
1232 4012 1325 4067 sed
1357 4025 1462 4064 non
1502 4008 1592 4062 illa
1629 4018 1854 4078 prapter
1888 4008 2022 4063 haec.

343 4178 351 4185 _
440 4108 532 4164 'lta
559 4116 764 4163 etcum
789 4104 996 4159 Christi
1040 4102 1331 4169 Imaginem
1360 4099 1630 4164 videmus,
1665 4112 1779 4151 rem
1813 4108 2024 4151 sacram

442 4217 562 4256 non
610 4197 902 4268 imaginem
950 4205 1308 4255 veneramur;
1351 4189 1584 4259 ideoque
1617 4202 1685 4242 ne
1713 4196 1867 4241 extra
1911 4188 2027 4242 hare

2123 3188 2417 3259 λεγόμενος
2455 3189 2640 3259 φήσει,
2691 3186 2773 3239 ὅτι
2806 3186 2957 3252 ἀξιον
2985 3184 3246 3250 τιμᾶσθαι
3276 3183 3348 3236 τά
3392 3182 3515 3237 θεῖα
3557 3184 3699 3255 σύμ-

2124 3279 2287 3344 ϐολα,
2323 3276 2513 3347 ἐπειδὴ
2563 3278 2662 3330 καὶ
2696 3278 2754 3329 ἐν
2782 3279 2896 3339 τοῖς
2930 3277 3096 3344 ἱεροῖς
3138 3276 3310 3336 οίκοις
3360 3276 3699 3346 ἀνακείμενα

2126 3372 2249 3442 ἰερά
2300 3373 2461 3437 εἰσιν,
2517 3368 2783 3433 ὡσαύτως
2836 3369 2931 3423 καί⁵
2988 3370 3047 3422 ἐν
3074 3371 3186 3431 τοῖς
3234 3368 3378 3421 κατά
3418 3369 3521 3440 τὴν
3548 3368 3702 3422 θείαν

2123 3461 2406 3531 τράπεζαν
2440 3461 2534 3515 καὶ
2561 3460 2793 3531 ἑτέρωθί
2825 3476 2929 3513 που
2966 3458 3062 3513 τοῦ
3100 3459 3247 3528 ἱεροῦ
3280 3460 3697 3529 ὕφαπλούμενα.

2125 3553 2269 3607 κατά
2292 3570 2351 3605 τε
2386 3552 2483 3622 τὴν
2515 3552 2723 3622 ἐσθῆτα
2761 3552 2857 3605 καὶ
2886 3554 2943 3604 ἐν
2970 3552 3135 3622 ἑτέρᾳ
3162 3549 3265 3622 ὕλῃ
3295 3552 3697 3623 συνδιαγραφόο

2131 3662 2289 3715 μενα,
2320 3644 2397 3706 ὡς
2426 3644 2561 3711 ἅγια
2580 3645 2674 3697 καὶ
2704 3643 3277 3713 συμπροσκυνούμενα
3303 3644 3511 3707 αὐτοῖς,
3547 3643 3702 3715 παρά

2126 3731 2472 3800 Χριστιανοῖς
2501 3732 2564 3785 τὸ
2595 3731 2654 3796 ἐξ
2686 3732 2863 3803 ἀρχῆς
2890 3731 3422 3801 συνεξειργάσθησαν
3446 3750 3459 3763 ·
3501 3735 3555 3786 τί
3594 3752 3700 3803 φα-

2128 3841 2217 3878 σιν
2244 3825 2294 3877 οἱ
2327 3825 2603 3895 ἀναμέσον
2656 3824 2816 3892 ἁγίου
2866 3825 2962 3878 καὶ
3018 3823 3246 3894 βεϐήλου
3290 3824 3594 3880 διαστεῖλαι
3637 3828 3699 3880 ού

2128 3915 2479 3986 βουλόμενοι;
2540 3936 2559 3968 ι
2598 3916 2722 3969 Ὅτι
2764 3916 2871 3968 ’καὶ
2932 3915 3140 3986 θηρίων
3185 3916 3280 3969 καὶ
3333 3918 3549 3987 κτηνῶν
3608 3919 3702 3971 καὶ

2127 4007 2330 4078 ὀρνέων
2359 4009 2453 4061 καὶ
2476 4008 2679 4078 ἐτέρων
2703 4007 2858 4072 ζώων
2887 4008 3106 4071 εἰκόνας
3130 4010 3189 4060 ἐν
3217 4009 3401 4072 αὐτοῖς
3426 4008 3702 4080 θεώμεθα·

2126 4097 2223 4150 καὶ
2256 4097 2322 4150 τὰ
2370 4097 2471 4167 μὲν
2525 4098 2646 4168 ἱερὰ
2678 4098 2755 4161 ὡς
2787 4098 2907 4169 ἰερά
2961 4097 3402 4169 προσκυνοῦμεν,
3435 4099 3550 4153 ἀλλ’
3579 4101 3704 4170 οὐχὶ

2125 4189 2223 4244 καὶ
2250 4189 2425 4245 ταῦτά
2457 4207 2523 4258 γε
2554 4190 2623 4244 δι’
2658 4193 2846 4269 ἐκεῖνα
2865 4207 2880 4222 ·
2919 4189 3062 4243 οὕτω
3108 4190 3214 4244 κάν
3243 4190 3430 4244 εἰκόνα
3461 4193 3706 4261 Χριστοῦ

454 4289 673 4360 quidem
714 4283 1021 4340 veneranda
1064 4288 1149 4335 est
1193 4279 1394 4347 imago.
1444 4295 1465 4328 ι
1508 4276 1615 4331 Sed
1666 4277 1793 4331 licet
1840 4276 2021 4332 dicere

2124 4281 2368 4353 ὁρῶμεν,
2409 4282 2471 4335 τὸ
2495 4282 2662 4353 ἰερὸν,
2692 4284 2753 4336 ού
2789 4282 2892 4352 τὴν
2919 4282 3103 4335 εἰκόνα
3135 4281 3575 4352 προσκυνοῦμεν,
3608 4285 3703 4335 καὶ

455 4397 563 4435 non
599 4375 845 4432 eamdem
876 4372 930 4427 in
957 4370 1212 4426 omnibus
1237 4368 1387 4424 cerni
1416 4367 1707 4422 rationem.
1741 4366 1875 4423 Nam
1914 4383 2021 4424 ca:-

2126 4372 2213 4425 διά
2240 4371 2416 4425 ταῦτα
2437 4372 2559 4425 οὐδέ
2579 4373 2737 4436 ἐκτὸς
2759 4371 2967 4426 τούτων
2989 4371 3374 4443 προακυνητέα
3393 4376 3426 4441 ἡ
3451 4372 3639 4426 εἰκών.
3677 4392 3699 4424 ι

454 4483 695 4525 ternrnm
727 4456 1037 4519 animalium
1066 4459 1261 4515 forma:
1289 4460 1429 4514 haud
1460 4458 1832 4529 principaliter
1867 4458 2021 4513 altari

2124 4462 2290 4515 Εἴποι
2346 4463 2392 4516 ἄ
2450 4463 2518 4517 ἄν
2568 4481 2654 4527 τις
2708 4465 2795 4517 ὅτι
2843 4464 2943 4534 οὐχ
2988 4440 3213 4527 όναύτδς
3245 4440 3502 4531 λόγοςίέν
3534 4467 3704 4519 instat

455 4560 713 4615 adhibitae
727 4563 872 4619 sunt,
890 4567 1066 4623 neque
1093 4552 1217 4607 ideo
1241 4561 1299 4605 ut
1320 4551 1641 4618 adorentur,
1668 4550 1762 4606 sed
1792 4565 2019 4605 ornatus

2130 4552 2452 4623 θεωρεῖται·
2486 4555 2599 4607 τῶν
2627 4557 2727 4625 μὲν
2758 4555 2867 4626 γὰρ
2900 4555 3077 4610 ἄλλων
3106 4555 3263 4621 ξύων
3286 4540 3344 4609 αἰ
3386 4557 3620 4626 μορφαὶ,
3641 4558 3703 4610 ού

454 4666 618 4706 causa
667 4657 724 4702 et
773 4643 1149 4701 decorantenli
1203 4641 1493 4697 linteorum
1554 4643 1754 4712 quibus
1803 4642 2021 4695 intextas

2131 4644 2562 4715 προηγουμένως
2596 4645 2733 4716 πρὸς
2764 4646 2825 4699 τὺ
2865 4647 2947 4709 είς
2980 4644 3371 4715 θυσιαιιτήριον
3395 4646 3704 4716 ἀναχθῆναι

455 4751 602 4796 sunt.
634 4739 764 4794 Dein
808 4737 889 4791 sic
928 4734 1151 4797 accidit,
1204 4733 1451 4803 religiosa
1510 4733 1818 4801 impellente
1865 4731 1938 4795 vi,
1970 4740 2021 4785 et

2130 4736 2229 4788 καὶ
2261 4735 2690 4804 προσκυνεῖσθαι
2745 4737 3068 4804 γεγόνασιν,
3115 4737 3197 4800 εἰς
3257 4737 3463 4804 κόσμον
3508 4738 3566 4791 δὲ
3612 4742 3703 4791 καὶ

456 4835 668 4904 piorum
700 4844 827 4896 erga
876 4827 1089 4882 divinas
1117 4826 1259 4881 aedes
1292 4826 1495 4890 studio,
1524 4836 1583 4879 ut
1621 4825 1739 4879 hzec
1765 4833 2021 4891 tanquam

2127 4826 2470 4896 εὐπρέπειαν
2514 4826 2625 4879 τῶν
2669 4828 2728 4880 ἐν
2766 4821 2849 4890 οἷς
2877 4827 3418 4904 συνεξειργάσθησαν
3453 4829 3703 4899 ὑφασμά-

455 4902 672 4979 sacrum
703 4919 987 4975 donarian
1016 4917 1197 4973 oblata
1224 4917 1357 4971 sint.
1386 4915 1639 4970 Attamen
1674 4931 1796 4968 cum
1830 4912 2021 4982 aliquis

2128 4930 2269 4969 των·
2297 4911 2418 4970 εἶτα
2441 4917 2588 4970 οὕτω
2613 4917 2828 4988 συμϐὰν
2855 4902 3042 4989 τρόπῳ
3071 4918 3330 4987 θεοφιλεῖ.
3368 4920 3469 4973 καὶ
3493 4921 3699 4989 σπουδῇ

360 5010 365 5023 ’
454 5030 571 5070 rem
599 5026 812 5067 sacrant
854 5008 1001 5070 colit,
1035 5006 1178 5062 haud
1207 5008 1274 5060 de
1300 5005 1548 5076 jnmento
1578 5004 1661 5058 vel
1691 5005 1756 5058 de
1784 5003 1899 5058 fera
1932 5019 2026 5058 co-

456 5107 635 5169 gitans
682 5105 735 5156 id
784 5102 924 5172 agit;
972 5099 1077 5155 scit
1121 5098 1267 5153 enim
1325 5096 1459 5150 nihil
1510 5096 1635 5150 inde
1673 5096 2026 5149 emolumenti

458 5201 605 5261 l'ore;
635 5197 730 5249 sed
761 5193 839 5247 rei
875 5206 1045 5247 sacrm
1073 5190 1402 5243 honorandae
1433 5187 1697 5250 intentus,
1731 5187 1861 5241 nihil
1890 5202 2027 5255 pra:-

459 5300 542 5343 ter
580 5288 845 5341 visionem
878 5283 1069 5337 formis
1106 5281 1211 5336 illis
1239 5279 1431 5335 ferinis
1458 5280 1721 5347 impertit.
1748 5278 1855 5332 Sed
1883 5282 2027 5331 enim

456 5393 740 5434 sacrorum
810 5374 1224 5431 simulacrorum
1277 5374 1424 5426 ratio
1465 5386 1569 5425 non
1618 5370 1691 5423 ita
1740 5386 1798 5424 se
1845 5370 2029 5426 habet.

459 5470 611 5527 Cur?
648 5470 773 5540 quia
823 5482 948 5523 cum
995 5481 1091 5536 per
1137 5479 1196 5521 se
1240 5473 1426 5520 saneta
1462 5464 1593 5528 sint,
1625 5473 1678 5516 ct
1713 5463 2030 5516 meritoriam

529 5644 647 5715 (ορ)
695 5642 775 5715 Ad
824 5642 1057 5698 Arianos
1106 5641 1249 5715 quod
1289 5639 1527 5715 at_tinet,_
1565 5635 1737 5715 instar
1782 5635 2023 5689 onmium

457 5706 550 5768 est
568 5706 781 5767 Eusebii
814 5715 1077 5767 sententia
1115 5706 1142 5763 εἰ
1178 5709 1483 5778 Nicephoro
1517 5706 1700 5778 inltoc
1725 5719 1888 5771 opere
1920 5722 2024 5758 non

461 5784 625 5840 semel
671 5795 986 5838 memorata.
1032 5783 1106 5837 De
1144 5776 1485 5843 Manic‘baeis,
1516 5776 1590 5830 nil
1633 5776 1830 5831 mirum
1854 5790 2023 5837 tonant

2126 5010 2193 5078 τῇ
2226 5009 2358 5079 περὶ
2384 5009 2513 5070 τοὺς
2545 5008 2721 5072 θείους
2760 5008 2946 5072 οἴκους
2989 5010 3101 5062 τῶν
3131 5009 3530 5077 εὐσεϐούντων,
3575 5012 3704 5067 ἀνά-

2125 5100 2277 5171 θημα
2314 5101 2458 5171 ἱερὸν
2503 5100 2989 5171 προσηνέχθησαν·
3026 5102 3076 5154 εἰ
3123 5101 3236 5172 γὰρ
3286 5105 3595 5173 προσκυνεῖ
3620 5119 3702 5164 τις

2128 5192 2191 5244 τὸ
2231 5193 2394 5261 ἱερὸν.
2423 5193 2483 5244 οὐ
2534 5193 2674 5262 πρὸς
2696 5193 2761 5246 τὸ
2799 5194 2996 5263 κτῆνος
3037 5193 3071 5264 ἢ
3101 5194 3163 5246 τὸ
3193 5193 3386 5263 θηρίον
3420 5195 3701 5266 προσέχων

2130 5281 2289 5337 τοῦτο
2334 5283 2464 5353 δρᾷ·
2514 5280 2622 5336 οῐδε
2671 5284 2784 5357 γὰρ
2823 5285 2982 5338 οὐδὲν
3011 5286 3107 5338 ἀπ’
3136 5284 3319 5338 αὐτῶν
3361 5284 3698 5356 όνήνασθαι·

2134 5371 2271 5441 πρὸς
2299 5372 2358 5424 δὲ
2389 5372 2483 5425 τοῦ
2534 5374 2682 5445 ἰεροῦ
2713 5376 2812 5446 τὴν
2845 5375 3013 5445 τιμὴν
3053 5373 3297 5444 ἀφορῶν,
3335 5373 3491 5427 οὐδὲν
3542 5373 3701 5427 πλέον

2130 5463 2232 5533 τῆς
2260 5462 2438 5532 ὅψεως
2488 5466 2735 5529 ἐκείνους
2767 5465 2977 5537 νέμων·
3016 5468 3046 5519 ὁ
3095 5466 3152 5518 δὲ
3178 5464 3289 5518 τῶν
3321 5466 3539 5519 σεπτῶν
3570 5482 3701 5537 μορ·

2133 5646 2295 5692 sccue
2338 5653 2449 5709 quo
2496 5639 2708 5708 pejores
2736 5648 2896 5706 sunt,
2926 5654 2993 5695 eo
3023 5640 3400 5694 vehementius
3443 5644 3511 5701 ab
3554 5639 3699 5697 omni

2133 5710 2220 5777 pia
2250 5708 2390 5765 vene
2419 5708 2679 5766 Ecclesia:
2705 5712 3101 5767 consuetudine
3131 5710 3456 5766 abhorrent.
