3898 6150
264 356 371 425 465

918 414 921 417 ι
1015 368 1565 430 ίΤΙΒΒΗΕΤΙΕΗΞ
1604 369 1698 430 III
1735 370 1854 430 AD‘

1963 371 2541 435 ZONSTAN'I‘INUM
2581 373 2821 440 COPR..

3296 378 3307 397 '
3417 379 3535 444 466

273 479 551 548 φωμάτων
588 481 790 545 σκοπὸς
820 482 920 553 οὐχ
957 483 1134 549 οὕτως
1173 484 1319 555 ἔχει·
1363 486 1559 551 πόθεν;
1611 485 1752 540 ἀλλὰ
1774 486 1842 540 δι’

1963 488 2362 559 trchetyporum
2410 500 2725 547 sanctorum
2756 477 3055 558 refricem,
3103 508 3203 550 ceu
3235 480 3525 551 sacratum

267 572 398 625 αὐτὸ
430 571 494 625 τὸ
531 570 667 640 ἆγικ
695 565 862 636 εἶναι,
893 572 990 627 καὶ
1023 574 1102 638 είς
1130 576 1356 646 μνήμην
1378 575 1487 629 τῶν
1513 575 1843 647 ἀρχετύπων

269 666 519 735 προϊέναι
572 665 766 733 ἁγίων,
815 666 892 729 ὡς
946 666 1068 736 ἱερὰ
1116 669 1228 731 τοίς
1261 668 1428 739 ίεροίς
1482 683 1844 739 συμπροσκυ-

275 757 513 822 νοῦνται,
550 758 644 811 καὶ
684 758 747 811 ού
784 758 881 812 σὺν
915 758 1100 823 αὐτοῖς
1151 759 1334 828 μόνον,
1382 758 1517 814 ἀλλὰ
1544 760 1641 813 καὶ
1688 761 1846 824 ἐκτὸς

271 848 377 903 τῶν
407 848 586 916 άγίων
614 847 781 902 οἴκων
816 850 1222 921 τιμηθήσονται
1241 867 1257 882 ο
1287 852 1352 905 σὺ
1384 850 1442 904 δὲ
1469 851 1565 905 τοῦ
1597 851 1696 922 μὲν
1718 852 1842 907 ὄνου

270 942 361 994 καὶ
389 941 486 993 τοῦ
514 942 679 1006 κυνὸς
709 942 805 996 καὶ
828 941 923 995 τοῦ
958 943 1144 1014 χοίρου
1175 944 1234 996 ἐν
1260 942 1340 1013 τῷ
1363 942 1495 1014 ἱερῷ
1521 945 1846 1015 προσκυνῶν

269 1028 367 1091 τὰς
391 1027 632 1095 είκόνας,
662 1030 725 1082 ού
755 1029 1152 1101 δυσχεραίνεις,
1179 1031 1278 1103 τὴν
1309 1032 1367 1086 δὲ
1394 1032 1631 1103 Χριστοῦ
1659 1035 1847 1091 εἰκόνα

270 1120 422 1189 αὑτῷ
465 1121 599 1192 ίερῷ
648 1126 1056 1194 καταπιμπρῶν
1083 1124 1364 1196 γέγηθας;
1391 1110 1488 1179 καὶ
1517 1126 1578 1179 οὐ
1601 1127 1848 1197 φρίττεις

268 1210 498 1263 τοιαῦτα
544 1212 782 1282 τολμῶν,
840 1214 1058 1280 δεικνὺς
1110 1218 1294 1288 μάτην
1351 1217 1565 1288 σεαυτῷ
1601 1218 1663 1272 τὸ
1707 1218 1846 1287 Χρι-

271 1303 522 1369 στιανὸς
571 1306 898 1377 ἐπιγράφων
943 1308 1116 1379 ὄνομα
1130 1327 1144 1377 ;
1180 1309 1232 1362 τί
1276 1305 1371 1362 οῦν
1400 1310 1609 1363 εἴποιεν
1655 1311 1705 1363 οί
1747 1311 1848 1380 τὴν

269 1394 514 1448 διάνοιαν
561 1396 956 1468 λελωὸημένοι,
1007 1402 1104 1454 καὶ⁹
1154 1401 1253 1471 τὴν
1301 1400 1497 1472 νοερὰν
1561 1401 1847 1473 ἐνέργειαν

272 1488 696 1557 πεπηρωμένοι,
726 1493 856 1562 περὶ¹
881 1490 991 1544 τῶν
1031 1492 1091 1545 ἐν
1114 1494 1235 1556 ταίς
1260 1495 1433 1563 ἱεραῖς
1462 1493 1708 1562 κιγκλίσι
1751 1494 1848 1548 καὶ

272 1580 391 1640 ταῖς
417 1579 789 1649 καλουμέναις
809 1582 1061 1648 σωλὲαις,
1086 1583 1196 1637 τῶν
1223 1601 1282 1636 τε
1312 1588 1371 1637 ἐν
1399 1587 1511 1648 τοῖς
1563 1584 1708 1638 κίοσι
1751 1584 1848 1639 καὶ

273 1669 518 1724 πυλῶσιν
549 1673 755 1738 αὐτοῖς,
786 1674 897 1727 τῶν
924 1691 985 1728 τε
1012 1676 1118 1746 πρὸ
1144 1675 1240 1729 τοῦ
1268 1675 1416 1729 θείου
1449 1675 1846 1747 θυσιαστηρίου

274 1762 620 1832 ίδρυμένωνς
643 1760 750 1835 ἆρα
778 1765 987 1836 κόσμου
1012 1767 1108 1821 καὶ
1129 1769 1463 1839 εὐπρεπείας
1487 1768 1650 1839 χάριν
1672 1752 1861 1823 ταῦτα

1951 594 2074 633 cum
2123 580 2295 634 sacris
2326 580 2652 646 adorantur;
2692 596 2868 652 neque
2914 597 3039 639 cum
3091 585 3224 653 ipsis
3274 594 3516 640 tantum-
3582 598 3589 604 ·

1952 671 2135 735 modo,
2170 686 2359 726 verum
2402 672 2567 728 etiam
2599 681 2756 729 extra
2805 685 3027 729 sanctas
3060 676 3206 730 aedes
3237 676 3288 730 iu
3318 677 3525 731 honore

1951 771 2131 818 erunt.
2164 760 2243 816 Tu
2273 777 2405 818 vero
2434 763 2574 818 asini
2601 772 2655 818 et
2683 765 2837 820 canis
2861 773 2917 819 et
2944 768 3059 821 suis
3087 768 3139 821 in
3171 768 3371 836 templo
3395 768 3521 823 ado-

1953 867 2083 907 rans
2135 853 2419 922 imagines,
2475 870 2581 909 nou
2631 859 3024 922 stomacharis;
3076 858 3282 914 Christi
3341 871 3525 916 autem

1953 944 2245 1014 imaginem
2269 960 2374 999 una
2395 960 2517 1000 cum
2542 946 2743 1016 templo
2773 951 3101 1004 comburere
3123 950 3333 1019 gestis?
3353 965 3529 1021 neque

1954 1037 2096 1093 hanc
2147 1040 2433 1095 audaciam
2479 1042 2903 1111 perhorrescis,
2936 1056 3041 1109 qua
3081 1043 3431 1097 demonstras
3478 1051 3530 1095 te

1954 1143 2150 1185 nomen
2192 1130 2288 1187 tibi
2314 1114 2612 1201 Christiani
2646 1132 2847 1187 frustra
2881 1132 3201 1201 imponere?
3235 1132 3374 1199 Quid
3398 1147 3547 1203 ergo.
3604 1172 3607 1173 ν

1920 1290 1923 1293 δ
1954 1219 2138 1275 dicent
2162 1221 2215 1275 hi
2253 1231 2433 1276 mente
2475 1223 2643 1292 capti,
2673 1232 2729 1278 et
2759 1222 3110 1278 intellectuali
3143 1224 3400 1279 facultate
3431 1239 3528 1277 or—

1954 1310 2088 1376 bati,
2144 1312 2212 1366 de
2252 1316 2427 1367 sacris
2466 1314 2740 1367 caelaturis
2787 1313 2843 1367 in
2887 1314 3166 1379 cancellis,
3210 1325 3267 1370 et
3302 1314 3371 1369 iis
3409 1330 3541 1383 quae

1954 1410 2181 1456 vocatur
2211 1402 2372 1457 solea:
2399 1403 2537 1474 (6i),
2566 1412 2622 1458 et
2654 1403 2709 1457 in
2738 1403 3011 1460 columnis
3044 1420 3107 1459 ac
3136 1405 3347 1461 foribus
3374 1407 3526 1473 ipsis,

1954 1502 2009 1548 et
2038 1493 2274 1562 denique
2314 1503 2441 1549 ante
2467 1495 2711 1549 divinum
2753 1488 2932 1551 altare
2980 1495 3206 1565 positis?
3240 1493 3377 1549 Num
3414 1498 3530 1550 hare

1953 1590 2179 1638 ornatus
2210 1593 2267 1638 et
2298 1599 2511 1654 pompa:
2541 1599 2707 1639 causa
2754 1584 3054 1640 Christiani
3095 1582 3535 1645 fabricaverunt.

1955 1691 2025 1730 an
2054 1676 2235 1746 potius
2259 1677 2479 1747 propria
2529 1676 2766 1747 propriis
2804 1676 3097 1746 aptantes?
3126 1676 3280 1747 gnari
3322 1675 3531 1731 scilicet

1955 1766 2072 1822 loca
2103 1768 2221 1822 haec
2249 1782 2371 1822 esse
2411 1769 2772 1833 adoratiouis,
2806 1769 3036 1837 ideoque
3080 1776 3140 1821 ut
3164 1767 3531 1821 adorarentur

271 1855 319 1906 ei
347 1855 669 1923 Χριστιανοὶ
705 1858 1087 1930 ἐτεκτήναντο,
1120 1858 1154 1928 ἢ
1182 1861 1249 1913 τὰ
1273 1862 1450 1914 οἰκεῖα
1478 1862 1594 1924 τοῖς
1622 1859 1845 1923 οίκείοις

1963 1872 2066 1913 masc
2095 1858 2171 1913 ibi
2198 1858 2656 1930 conﬁgurarunt?

274 1944 681 2015 ἐφαρμόζοντες
704 1946 943 2014 ,ειδότες
970 1951 1054 2004 ὄτι
1086 1953 1135 2004 οἱ
1162 1951 1320 2006 τόποι
1347 1946 1495 2007 οῦτοι
1554 1949 1983 2024 προσκυνήσεώς
2042 1951 2150 2004 alat
2206 1950 2386 2017 τόποι,
2417 1951 2514 2006 καὶ
2578 1951 2674 2005 τοῦ
2707 1950 3132 2022 προσκυνεῖσθαι
3175 1950 3365 2003 ἕνεκεν
3389 1947 3531 2043 τολύ-

271 2052 386 2099 τοις
408 2040 561 2091 ἐνετυ
570 2037 822 2094 πὼσαντο
847 2054 864 2106 ;

350 2155 471 2218 μς¹.
515 2150 676 2204 Ἀλλὰ
705 2152 799 2205 καὶ
836 2152 1060 2217 δικαίως
1099 2154 1246 2225 μάλα
1272 2156 1301 2208 δ
1332 2156 1670 2227 προφητικδς
1690 2155 1853 2224 λόγος

276 2238 372 2310 τὴν
394 2241 605 2295 τούτων
635 2244 1067 2315 παραφροσύνην
1104 2249 1197 2300 καὶ
1233 2247 1333 2319 τὴν
1362 2249 1665 2313 παράνοιαν
1716 2265 1850 2319 προ·-

276 2329 454 2385 λαϐὼν
502 2332 881 2404 ἐστηλίτευσεν
903 2376 921 2399 ,
949 2337 1032 2390 ὅτι
1069 2337 1334 2392 Ἔδωκεν
1377 2337 1582 2404 αὐτοῖς
1615 2341 1648 2393 d
1684 2340 1847 2405 Θεὸς,

278 2421 627 2492 ὀφθαλμοὺς
684 2425 791 2483 τοῦ
837 2425 924 2496 μὴ
972 2428 1252 2493 βλέπειν,
1305 2430 1406 2483 καὶ
1457 2424 1578 2484 ὦτα
1614 2430 1722 2485 τοῦ
1769 2429 1850 2499 μὴ

278 2512 543 2579 ἀκούειν,
567 2517 670 2570 ἵνα
682 2516 1025 2586 ,ϐλέποντες
1047 2520 1130 2589 μὴ
1151 2520 1452 2585 βλέπωσι,
1476 2520 1576 2575 καὶ
1602 2522 1854 2577 ἀκούον-

282 2622 377 2672 τες
406 2605 497 2675 μὴ
547 2608 826 2663 συνιῶσι.
879 2611 988 2664 Καὶ
1047 2609 1388 2681 Ἐπαχύνθη
1418 2610 1617 2666 αὐτῶν
1645 2614 1682 2682 ἠ
1727 2611 1855 2667 διὰ-

282 2713 436 2759 νοια,
486 2698 588 2750 καί
640 2698 1095 2768 ὲσκοτίσθησαν
1126 2703 1226 2756 καὶ
1258 2703 1691 2772 ἐμωράνθησαν
1732 2703 1858 2769 τοῖς

210 2807 213 2809 ν
280 2785 718 2858 διαλογισμοῖς.
805 2791 1225 2863 Ἐξερευνῶντες
1297 2793 1710 2865 ἐξερευνήσεις,
1782 2789 1857 2848 ὧν

280 2877 403 2932 οὔτε
433 2878 636 2950 ἔρευνα
672 2880 798 2935 οὔτε
847 2883 1147 2953 ἀμφιϐολία
1193 2883 1347 2955 παρὰ
1384 2885 1730 2954 Χριστιανοῖς
1769 2886 1861 2954 γέ-

281 2986 406 3036 γονε
452 2969 709 3025 πώποτεο
742 2979 838 3026 καὶ
871 2974 1044 3037 οὕτως
1074 2974 1338 3045 ἐναργοῦς
1379 2975 1731 3046 ὑπαρχούσης
1766 2976 1858 3028 καὶ

278 3061 783 3134 δεδημοσιευμένης
826 3065 926 3136 τῆς
974 3065 1232 3135 ἀληθείας
1277 3067 1429 3137 πάσῃ
1456 3069 1522 3138 τῇ
1565 3067 1656 3134 ὑφ’
1683 3067 1853 3139 ἡλίῳ,

280 3158 392 3219 τοῖς
417 3155 644 3219 οἰκείοις
682 3144 986 3228 ὀφθαλμοῖς
1014 3158 1108 3211 καὶ
1153 3161 1219 3229 τῇ
1252 3159 1516 3230 ἐναργείᾳ
1545 3158 1684 3230 αὐτῇ
1715 3161 1855 3213 ἁπο-

2027 2156 2117 2212 ιδ.
2152 2155 2248 2213 Pol
2278 2157 2588 2213 rectissime
2610 2158 2965 2229 propheticus
2994 2171 3173 2212 sermo
3204 2156 3399 2210 horum
3433 2154 3533 2209 dc-

1958 2247 2141 2303 lirium
2169 2257 2332 2321 atque
2362 2247 2627 2302 insaniam
2657 2248 2865 2319 jamdiu
2890 2245 3243 2315 vituperavit.
3275 2243 3427 2297 Dedit
3454 2243 3532 2296 eis

1960 2337 2099 2394 Deus
2132 2341 2311 2393 oculos
2343 2339 2412 2392 ad
2445 2354 2547 2392 non
2578 2339 2882 2404 videndum,
2917 2346 2969 2392 et
3013 2352 3168 2391 aures
3199 2336 3268 2390 ad
3299 2350 3400 2387 non
3430 2349 3530 2386 att-

1960 2430 2242 2493 diendum;
2275 2439 2332 2483 ut
2361 2429 2594 2483 videntes
2629 2445 2734 2483 non
2766 2429 3002 2492 videant,
3035 2435 3082 2481 et
3110 2426 3389 2479 audientes
3429 2438 3541 2475 non

1962 2521 2267 2591 intelligant
2318 2520 2359 2576 ⁸.
2416 2520 2482 2574 Ει
2520 2537 2535 2574 :
2573 2517 2884 2573 Incrassata
2955 2527 3035 2571 est
3094 2514 3307 2569 illorum
3347 2527 3533 2574 mens,

1964 2613 2231 2666 obscurati
2258 2621 2383 2666 sunt
2429 2620 2478 2665 et
2524 2610 2783 2679 infamati
2811 2610 2866 2663 in
2906 2605 3310 2679 cogitationibus
3353 2602 3465 2656 suis
3488 2600 3534 2654 '.

1964 2705 2343 2777 Disquirentes
2375 2704 2684 2774 disquirunt
2709 2717 2799 2769 ea,
2826 2716 3059 2772 quorum
3088 2710 3268 2767 neque
3299 2692 3550 2764 quaestio

1965 2812 2143 2869 neque
2193 2796 2526 2866 ambiguitas
2576 2797 2718 2866 apud
2765 2792 3114 2848 Christianos
3152 2801 3386 2858 unquam
3415 2784 3555 2838 fuit-

1964 2887 2102 2943 Cum
2141 2887 2281 2943 adeo
2333 2889 2403 2942 sit
2443 2888 2728 2958 perspicua
2777 2893 2833 2940 et
2864 2884 3122 2939 universo
3147 2883 3281 2936 orbe
3323 2877 3536 2948 pervul-

1966 2986 2090 3047 gata
2135 2979 2364 3045 veritas,
2420 2976 2573 3032 stulti
2605 2975 2657 3030 hi
2691 2974 2928 3044 propriis
2966 2972 3141 3028 oculis
3179 2970 3394 3042 ipsique
3420 2966 3535 3022 evi-

1965 3069 2165 3124 dentiae
2191 3077 2513 3139 repugnant,
2546 3065 3152 3133 demonstrationesque
3181 3077 3361 3118 rerum
3402 3059 3543 3128 ipsis

1964 3161 2383 3229 conspicuarum
2418 3168 2489 3218 .et
2539 3159 2610 3214 ob
2658 3157 2850 3215 oculos
2907 3159 3206 3228 positarum
3263 3161 3567 3243 quarmth

284 3247 553 3317 μάχονται
585 3251 633 3301 οἱ
668 3248 921 3320 ἀνόητοι,
956 3250 1051 3302 καὶ
1086 3248 1389 3314 ἀποδείξεις
1434 3249 1543 3303 τῶν
1588 3249 1854 3321 βλεπομέ-

1963 3250 2104 3306 Idem
2135 3261 2358 3323 agentes
2384 3267 2447 3307 ac
2473 3252 2519 3307 si
2554 3252 2678 3323 quis
2707 3250 2875 3306 solem
2908 3250 3099 3305 videns
3126 3247 3244 3304 eois
3290 3253 3539 3300 recenter

284 3355 386 3390 νων
415 3338 549 3410 παρ’
576 3340 763 3403 αὐτοῖς
803 3341 898 3393 καὶ
932 3340 1024 3392 ὑπ’
1054 3339 1177 3410 ὄψιν
1205 3341 1460 3412 ὴγμένων
1493 3340 1813 3412 ἐπιζητοῦσι
1831 3356 1848 3375 ο

283 3429 480 3482 ταυτόν
518 3447 575 3483 τι
620 3429 931 3497 ποιοῦντες,
966 3430 1155 3501 ῶσπερ
1204 3433 1252 3484 εί
1290 3430 1381 3485 τὸν
1419 3432 1572 3502 ἥλιον
1604 3431 1853 3499 καθορῶν

281 3538 362 3584 τις
393 3521 520 3591 ἄρτι
570 3521 681 3575 τῶν
736 3522 891 3594 ἑῴων
932 3524 1219 3593 τερμάτων
1269 3521 1714 3592 ἅναθρώσκοντα,
1763 3524 1858 3579 καὶ

282 3609 391 3663 τῶν
442 3610 691 3681 ἡλιακῶν
743 3611 981 3664 ἀκτίνων
1021 3611 1295 3682 πανταχοῦ
1350 3611 1451 3676 τὰς
1501 3612 1661 3681 βολὰς
1693 3629 1858 3666 κατα-

288 3701 613 3773 σπείραντα,
660 3703 943 3776 διαποροίη
989 3703 1067 3767 ὡς
1112 3703 1220 3774 ἄρα
1245 3703 1430 3775 ἡμέρα
1479 3706 1782 3758 ἐνισταῖτο·
1822 3703 1857 3775 ἢ

283 3792 564 3853 θάλασσάν
611 3812 696 3858 τις
743 3795 1193 3865 ναυτιλλόμενος,
1232 3797 1265 3868 ἢ
1318 3797 1564 3868 ποταμὸν
1598 3796 1859 3867 περαιού-

287 3902 469 3953 μενος,
499 3888 644 3941 κατὰ
666 3887 792 3951 τοὺς
819 3887 1079 3951 διάπλους
1111 3887 1384 3955 ἀπόδειξιν
1414 3888 1723 3959 ἐπιζητοίη,
1762 3888 1858 3947 καὶ

283 3976 710 4050 διαμφισϐητοίη
731 3995 746 4011 ο
791 3981 840 4033 εί
872 3980 982 4050 ἄρα
1017 3980 1172 4034 ἐστὶν
1207 3978 1351 4051 ὕδωρ
1384 3981 1443 4033 ἐν
1485 3980 1733 4052 θαλάσσῃ
1765 3980 1859 4034 καὶ

286 4069 515 4141 ποταμῷ
534 4087 548 4100 ·
579 4071 674 4125 καὶ
696 4070 733 4124 ἃ
758 4072 868 4125 οὐδ’
894 4073 961 4125 ἂν
991 4073 1039 4125 οἱ
1067 4071 1161 4125 τοῦ
1188 4073 1365 4141 φωτὸς
1384 4070 1590 4139 ,τούτου
1620 4070 1859 4142 πάμπαν

284 4160 501 4231 ἄπειροι
543 4162 1014 4233 διαμφιϐάλλοιεν,
1054 4162 1174 4217 οὐδέ
1196 4163 1248 4215 οἱ
1273 4163 1413 4231 ἄγαν
1446 4162 1511 4216 ἐκ
1542 4162 1858 4233 κραιπάλης

287 4252 730 4323 καρηϐαροῦντες
751 4255 846 4308 καὶ
867 4255 1321 4326 κατενηνεγμένοι
1344 4253 1588 4311 πάθοιενο
1603 4253 1861 4317 πολλάκις

289 4342 465 4394 καὶτὰ
490 4342 703 4396 ἑστῶτα
724 4345 820 4397 καὶ
844 4344 1110 4416 μηδαμῶς
1137 4344 1432 4414 κινούμενα
1452 4344 1511 4396 ἐν
1544 4344 1728 4413 κύκλῳ
1758 4360 1860 4396 πε-

258 4432 266 4441 “
292 4433 606 4501 ριδινεῐσθαι
638 4437 874 4507 οἰόμενοι
893 4454 908 4469 ο
938 4432 1085 4493 οὗτοι
1113 4437 1588 4509 ὲκμεμεθυσμένοι
1613 4436 1690 4508 τῷ
1734 4438 1861 4507 οἴνῳ

291 4524 385 4591 τῆς
411 4526 694 4593 ἀπιστίας,
736 4529 832 4583 καὶ
865 4528 1244 4600 κεκαρωμένοι
1273 4528 1372 4598 τὴν
1397 4527 1576 4600 ψυχὴν
1608 4530 1722 4591 τοῖς
1750 4527 1861 4579 ὑλι-

1966 3343 2165 3400 finibus
2212 3345 2571 3411 exorientem,
2599 3354 2654 3399 et
2682 3343 2947 3398 solarium
2983 3341 3261 3416 radiorum
3289 3349 3562 3407 quaqua-..

1964 3450 2155 3491 versus
2194 3435 2373 3506 jactus
2424 3446 2795 3507 spargentem,
2845 3431 3122 3488 dubitaret
3176 3429 3352 3484 adhuc
3405 3443 3569 3482 num:

1966 3527 2083 3582 dies
2109 3528 2347 3583 adesset.
2389 3529 2498 3582 Aut
2528 3542 2679 3582 mare
2706 3525 2979 3595 quispiam
3006 3521 3288 3591 navigans,
3322 3517 3404 3572 vel
3436 3516 3537 3571 llu-

1966 3632 2089 3672 men
2143 3629 2402 3684 tranans,
2464 3617 2831 3674 demonstrari
2893 3616 3002 3671 sibi
3059 3611 3533 3669 transmissiouem

1965 3723 2120 3763 suam
2164 3711 2486 3778 postularet,
2535 3709 2929 3778 dubitaretque
2974 3721 3101 3761 num
3136 3719 3278 3774 aqua
3308 3704 3362 3757 in
3398 3700 3569 3756 mari-

1967 3814 2031 3855 ae
2063 3800 2283 3855 ﬂumine
2308 3809 2475 3857 esset.
2512 3799 2576 3869 Et
2600 3804 2823 3857 cum‘ne
2853 3797 3101 3853 homines
3130 3796 3348 3866 quidem
3378 3807 3539 3863 pror-

1967 3905 2062 3946 sus
2105 3890 2242 3946 Iucis
2284 3900 2539 3961 expertes
2579 3892 2645 3945 de
2675 3889 2762 3945 his
2793 3888 2952 3960 122
3013 3887 3329 3953 ambigam,
3366 3897 3543 3951 neque

1968 3978 2189 4049 crapula
2219 3979 2399 4033 obruti
2425 3978 2717 4046 etahrepti
2763 3977 2904 4031 hanc
2934 3975 3201 4029 insaniam
3238 3971 3536 4041 patiantur,
3572 4028 3575 4029 ν

1968 4070 2061 4139 qui
2093 4077 2271 4123 tamen
2298 4082 2439 4137 saepe
2458 4082 2544 4122 res
2566 4075 2777 4145 stantes
2802 4072 2858 4120 et
2886 4061 3212 4125 immobiles.
3239 4060 3538 4129 circumagi
3570 4100 3575 4109 .

1968 4169 2189 4233 putant,
2243 4158 2298 4214 hi
2346 4162 2475 4213 vino
2528 4155 2926 4212 incredulitatis
2975 4151 3134 4218 ebrii,
3188 4151 3539 4218 animamque

1970 4252 2202 4324 gravati,
2233 4249 2611 4305 materialibus
2650 4247 2817 4303 veluti
2857 4245 3094 4301 devincti
3144 4243 3571 4313 cupiditatibus.

1973 4342 2355 4410 mundauoque
2385 4349 2442 4396 et
2470 4338 2651 4394 fallaci
2698 4336 2946 4407 gloriolae
2988 4334 3113 4390 fuco
3146 4344 3201 4390 et
3229 4333 3540 4388 carnalibus

1971 4432 2340 4503 voluptatibus
2386 4431 2666 4501 captivati,
2700 4429 2936 4500 pessima
2965 4441 3195 4499 quaeque
3224 4434 3280 4483 et
3313 4425 3540 4481 calami»

1973 4533 2088 4579 tosa
2121 4527 2498 4594 experiuntur.

290 4620 403 4680 κοῖς
430 4611 520 4671 οἷα
541 4620 946 4691 κατασυρέντες
976 4619 1199 4686 πάθεσι,
1221 4619 1314 4674 καὶ
1339 4621 1460 4684 ταῖς
1520 4618 1900 4691 περικοσμίοις
1972 4618 2067 4673 καὶ
2113 4615 2421 4707 άπατηλαῖς
2460 4613 2639 4682 δόξαις
2689 4612 2785 4667 καὶ
2836 4612 3129 4683 σαρκικαῖς
3185 4606 3559 4681 ἡδυπαθείαις.

290 4710 839 4782 αίχμαλωτιζόμενοι,
863 4711 931 4766 τὰ
954 4712 1173 4765 πάντων
1194 4710 1526 4768 πεπόνθασιν
1550 4709 1859 4783 άθλιώτερα
1895 4712 1990 4767 καὶ
2019 4710 2401 4782 χαλεπώτερα.

362 4800 469 4870 μζ’.
509 4802 634 4855 Ἔτι
675 4802 873 4872 μικρὸν
902 4804 1017 4866 τοῖς
1064 4803 1379 4874 εἰρημένοις
1426 4803 1756 4873 προσθέντες
1786 4806 1854 4867 είς

2042 4803 2132 4858 47.
2169 4801 2227 4857 Si
2257 4815 2434 4872 pauca
2473 4801 2651 4855 adhuc
2680 4800 2747 4853 ad
2778 4798 2938 4867 huius
2973 4796 3244 4852 sermonis
3277 4792 3539 4864 disquisi-

290 4889 387 4962 τὴν
417 4892 513 4944 τοῦ
545 4891 708 4960 λόγου
745 4893 1015 4959 ἐξέτασιν,
1047 4894 1308 4965 γνοίημεν
1337 4893 1393 4947 εί
1431 4911 1496 4962 γε
1541 4893 1651 4965 ἄρα
1697 4911 1866 4965 προσ-

298 4983 541 5050 ηκόντως
574 4983 757 5048 αὐτοῖς
788 4984 849 5037 τὺ
878 4984 975 5037 τοῦ
1002 4983 1435 5055 Χριστιανισμοῦ
1468 4984 1867 5054 ἐπιφημίζεται

292 5072 484 5144 ὄνομα⁹
518 5075 679 5145 ἴσμεν
709 5077 816 5146 γὰρ
844 5074 1082 5140 ἅπαντες
1112 5077 1193 5129 ὅτι
1219 5075 1409 5147 ῶσπερ
1437 5076 1469 5147 ἡ
1493 5074 1589 5129 τοῦ
1623 5076 1862 5147 Χριστοῦ

295 5165 453 5217 εἰκὼν
490 5169 559 5219 ἐκ
600 5168 946 5238 παραγωγῆς
967 5207 983 5232 ,
1028 5168 1123 5222 τοῦ
1153 5167 1389 5239 Χριστοῦ
1418 5167 1490 5222 τό,
1511 5184 1571 5221 τε
1597 5162 1740 5232 εἶδος
1773 5170 1865 5221 κέ-

298 5270 523 5323 κτηται,
585 5257 678 5309 καὶ
724 5257 825 5327 τὴν
866 5259 1240 5330 προσηγορίαν
1291 5258 1462 5330 αὐτὴν
1514 5258 1862 5329 ἐπιφέρεται,

294 5345 432 5401 οὕτω
487 5347 552 5418 δὴ
619 5350 712 5402 καὶ
757 5350 786 5402 ὀ
840 5351 1202 5422 Χριστιανὸς,
1251 5352 1329 5414 ὡς
1384 5354 1449 5405 ὲκ
1505 5350 1864 5421 πρωτοτύπου

295 5437 556 5509 ὀνόματος
591 5439 688 5492 τοῦ
728 5441 988 5512 Χριστοῦ,
1016 5444 1114 5510 τήν
1151 5459 1211 5495 τε
1243 5443 1437 5513 κλῆσιν
1466 5441 1627 5512 ἔλαχε
1658 5441 1866 5497 καὶτὸν

368 5615 390 5653 ⁸
418 5616 525 5674 lsa.
547 5632 625 5681 vt,
655 5615 710 5684 9,
744 5615 830 5671 10.
902 5616 923 5646 ’
958 5613 1172 5678 Roma,
1202 5609 1291 5664 2i.

1967 4894 2171 4949 tionem
2203 4895 2487 4958 addemus,
2522 4892 2658 4947 satis
2703 4891 2890 4962 utique
2922 4902 3316 4958 cognoscemus
3349 4901 3417 4940 an
3455 4885 3559 4941 his.

1966 4984 2354 5040 convenienter
2382 4983 2817 5038 Christianorum
2851 4980 3138 5051 appellatio
3177 4977 3530 5032 attribuatur.

1968 5075 2178 5145 Quippe
2205 5088 2398 5129 omnes
2456 5074 2684 5136 scimus,
2721 5072 2867 5140 quod
2913 5070 3076 5124 sicuti
3119 5067 3327 5122 Christi
3365 5067 3561 5135 imago.

1969 5180 2066 5235 per
2095 5165 2658 5228 derivationem,tum
2687 5161 2893 5217 Christi
2928 5160 3166 5230 speciem
3214 5166 3382 5223 tenet,
3427 5167 3553 5211 tum,

1973 5267 2027 5313 et
2054 5257 2223 5325 ipsam
2247 5257 2661 5327 appellationem
2686 5253 2856 5321 gerit,
2880 5253 2959 5308 sic
2982 5251 3147 5306 etiam
3171 5248 3554 5312 Christianus,,

1976 5356 2231 5412 tanquam
2274 5363 2341 5403 ex
2374 5356 2658 5417 prototypo
2693 5344 2893 5400 Christi
2944 5342 3182 5407 nomine,
3214 5349 3268 5394 et
3296 5336 3547 5408 appella—.

1977 5441 2177 5497 tionem
2208 5443 2437 5496 sortitur
2469 5449 2523 5493 et
2552 5450 2750 5503 mores,
2792 5434 2884 5509 qui
2911 5448 3034 5491 eum
3068 5432 3407 5503 distinguere
3443 5442 3551 5484 seu:

366 5773 476 5846 (6|)
517 5776 591 5830 De
637 5772 780 5829 solea
830 5772 1029 5830 veteris
1077 5771 1331 5851 Ecclesiae
1375 5780 1551 5828 exstat
1584 5770 1850 5828 eruditum
1890 5769 2085 5828 Leonis
2125 5768 2303 5825 Allatii
2342 5766 2679 5839 opusculum.
