3898 6150
335 333 342 338 ’
407 325 514 389 467

1437 333 1498 392 s.
1535 315 1951 392 NICEPHORI
1992 332 2493 392 PATRIARCHZE
2525 333 2632 392 cp.

3551 335 3654 397 468

411 441 660 506 deliitire,
687 456 785 512 per
817 443 1176 501 imitationem
1209 445 1440 515 vitmque
1475 461 1668 517 genus,
1709 458 1975 517 quatenus

2083 449 2302 517 τρόπον,
2339 446 2462 501 καθ’
2494 447 2552 500 δν
2594 445 2660 520 δὴ
2703 447 3132 519 χαρακτηρίζειν
3171 449 3329 503 αὐτὸν
3368 450 3456 504 διὰ
3485 455 3655 522 μιμή-

412 534 528 587 lieri
557 543 753 602 potest,
790 536 1004 591 debent.
1039 538 1116 592 Ex
1145 553 1252 592 uno
1285 539 1467 607 itaque
1497 554 1592 593 ceu
1623 540 1893 608 principio
1917 556 1980 594 ac

413 624 615 687 radice,
645 624 861 681 Christo
889 627 1116 693 scilicet,
1141 633 1514 697 procedentes,
1541 631 1980 684 communionem

410 715 845 787 relationemque
893 728 1134 773 mutuam
1166 731 1493 774 conservant
1527 738 1540 773 :
1580 729 1634 776 et
1665 736 1980 791 quanquam

411 810 714 864 substantia
749 813 1011 878 modoque
1039 813 1335 867 exsistendi
1376 812 1592 868 differre
1621 814 1762 868 inter
1790 827 1848 866 se
1881 828 1978 867 no-

411 907 671 961 scuntur,
703 899 1054 955 nihilominus
1107 902 1298 957 eodem
1349 905 1572 959 nomine
1625 913 1871 968 utuntur,
1925 914 1980 958 ct

413 989 716 1042 communis
758 989 810 1043 in
843 1001 1073 1060 utraque
1114 1007 1172 1047 re
1203 995 1533 1060 praedicatur
1579 988 1795 1050 Christi
1813 996 1979 1050 deno-

410 1077 656 1132 minatio.
709 1078 765 1132 Si
812 1095 942 1151 ergo
988 1081 1109 1137 talis
1145 1087 1475 1152 communio,
1528 1087 1776 1155 idemque
1806 1101 1978 1141 nexus

410 1166 585 1221 abhis
609 1171 874 1223 retinetur
894 1188 1020 1240 erga
1052 1173 1470 1242 homogeneum,
1503 1187 1666 1245 atque
1697 1177 1763 1230 ad
1790 1177 2008 1231 homo-‘

408 1274 628 1330 nymum
663 1276 760 1329 par
791 1262 965 1316 honor
1002 1264 1291 1330 redundat,
1345 1281 1478 1320 sane
1523 1266 1609 1319 his
1648 1267 1980 1320 attribuatur

409 1347 704 1405 Christiani
732 1369 947 1407 nomen.
977 1354 1070 1408 Sin
1095 1355 1180 1409 his
1204 1370 1428 1424 prorsus
1447 1359 1719 1412 contraria
1749 1357 1973 1421 faciunt,

411 1451 575 1510 atque
607 1446 752 1498 omni
786 1446 1051 1502 dedecore
1078 1458 1132 1502 et
1162 1449 1458 1518 ignominia
1488 1449 1727 1504 obruunt
1757 1448 1976 1504 Christo

409 1545 563 1600 asque
593 1548 657 1588 ac
695 1535 796 1589 sibi
836 1553 1121 1592 commune
1159 1553 1352 1594 nomen
1387 1550 1440 1593 et
1469 1549 1709 1593 mutuam
1759 1539 1980 1594 relatio-

411 1638 556 1690 nem,
586 1640 684 1680 cur
721 1628 772 1682 hi
801 1627 1234 1686 Christianorum
1279 1632 1700 1702 appellationem
1746 1630 1977 1702 partici-

409 1713 656 1780 pabunt?

428 1979 570 2035 ⁸48.
605 1977 758 2048 Quod
793 1991 974 2038 autem
1012 1983 1174 2051 huius
1203 1986 1279 2040 rei
1312 2000 1476 2041 causa
1527 1984 1806 2057 archetypi
1843 1999 1978 2056 quo-

411 2087 516 2140 que
567 2072 864 2130 destructio
895 2076 962 2130 ab
990 2077 1121 2146 ipsis
1165 2079 1280 2144 (lat,
1331 2066 1604 2133 ratiocinii
1651 2077 1872 2147 sequela
1925 2085 1980 2134 et

409 2179 592 2219 rerum
627 2181 747 2234 quae
786 2179 1082 2224 cernuntur
1125 2169 1357 2225 intentio
1412 2170 1621 2225 faciunt
1651 2169 1976 2240 intelligere.

411 2255 678 2311 Distrahit
715 2259 860 2312 enim
893 2259 1104 2314 illorum
1133 2261 1601 2330 coniunctionem,
1639 2259 1980 2327 nominisque

411 2349 872 2416 communionem,
907 2351 1226 2422 homogenei
1259 2360 1314 2406 et
1342 2353 1659 2423 homonymi
1690 2349 1979 2419 abnegatio

408 2447 466 2492 ct
505 2437 758 2508 abjectio.
796 2439 986 2497 Simile
1022 2442 1148 2512 quid
1177 2443 1482 2513 patiuntur,
1512 2458 1574 2498 ac
1603 2442 1646 2497 si
1673 2443 1741 2496 de
1769 2441 1978 2497 duobus

408 2529 594 2596 pueris
630 2529 1045 2598 disquireretur,
1090 2541 1271 2586 utrum
1297 2547 1360 2587 ex
1394 2534 1580 2588 eodem
1618 2541 1802 2587 essent
1828 2541 1978 2600 patre

409 2619 709 2688 progeniti;
743 2637 972 2690 quorum
1008 2623 1097 2677 ille
1129 2625 1218 2692 qui
1256 2625 1546 2678 incolumia
1591 2625 1851 2679 retineret
1879 2639 1975 2693 pa-

412 2722 565 2765 terna
644 2711 1121 2779 lineamenta,'et
1181 2714 1526 2770 indelebilem
1574 2722 1787 2785 gereret
1855 2728 1976 2768 cum

409 2806 662 2872 gignente
713 2804 1158 2874 similitudinem,
1205 2808 1400 2861 merito
1457 2822 1586 2862 sane
1636 2814 1978 2876 reputaretur

409 2895 860 2959 germanissimus
890 2915 903 2950 :
934 2901 1073 2952 alter
1118 2913 1248 2952 vero
1289 2899 1424 2953 nihil
1470 2898 1660 2952 horum
1712 2898 1975 2962 retinens,

407 2987 762 3054 probabiliter
792 2989 990 3045 nothus
1019 2989 1357 3056 judicaretur
1388 2999 1442 3044 ct
1471 2999 1787 3046 extraneus.
1812 2985 1974 3040 Nothi
2017 3031 2038 3054 ,

409 3091 539 3139 ergo
559 3085 613 3130 et
637 3077 691 3129 hi
718 3077 1009 3132 Christiani
1027 3077 1150 3145 jure
1173 3081 1480 3144 credentur,
1501 3088 1553 3133 et
1576 3078 1774 3132 Christi
1805 3077 1976 3131 haere-

410 3169 581 3223 ditate
613 3179 780 3238 atque
806 3171 930 3224 ovili
967 3170 1202 3239 expulsi.
1250 3171 1477 3225 Frustra
1505 3170 1647 3225 enim
1680 3170 1782 3224 sibi
1814 3184 1972 3223 arro-

410 3270 540 3330 gant
571 3261 714 3314 nullo
739 3263 898 3314 modo
929 3263 994 3315 ad
1024 3262 1170 3331 ipsos
1199 3263 1475 3332 pertinens
1507 3279 1700 3317 nomen
1733 3280 1746 3314 :
1780 3262 1876 3316 sed
1904 3262 1970 3316 ad

412 3352 730 3407 oeconomiae
781 3351 983 3407 Christi
1034 3354 1487 3419 destructionem,
1546 3354 1629 3409 vel
1685 3355 1862 3422 potius
1911 3355 1976 3408 ad

411 3464 632 3502 suarum
682 3448 986 3507 animarum
1039 3448 1298 3515 exitium,
1341 3449 1645 3519 speciosum
1681 3449 1976 3504 incircum-

412 3540 602 3610 scripti
636 3539 900 3610 objiciunt
938 3539 1285 3595 vocabulum.

490 3812 573 3869 49.
611 3812 748 3880 Quid
779 3826 905 3882 ergo
935 3813 1112 3868 dicent
1156 3814 1221 3869 de
1257 3813 1379 3867 aliis
1416 3813 1590 3868 sacris
1638 3812 1976 3883 ﬁgurationi-

406 3905 531 3970 bns,
563 3919 755 3974 nempe
790 3916 846 3960 et
870 3905 1040 3975 ipsius
1074 3905 1432 3960 sanctissima:
1469 3905 1707 3974 Virginis
1735 3904 1829 3960 Dei
1858 3903 1974 3958 Ma-

410 3999 529 4064 tris,
562 4007 615 4051 et
653 4007 971 4053 cancrorum
1021 4005 1357 4062 sanctorum,
1383 3997 1481 4066 ,qui
1517 3997 1662 4051 omni
1708 4011 1822 4051 aevo
1866 3997 1975 4050 Deo

405 4087 765 4157 placuerunt?
793 4087 929 4141 Num
975 4088 1138 4141 etiam
1186 4087 1274 4142 hic
1305 4087 1797 4156 incircumscriptio
1829 4090 1973 4156 ipso-

406 4195 525 4234 rum
577 4178 857 4234 obstabit?
911 4177 995 4231 vel
1039 4192 1101 4230 εχ
1137 4179 1339 4231 deitate
1369 4187 1425 4231 et
1456 4178 1792 4232 humanitate
1843 4193 1976 4231 con-

407 4280 614 4325 stantes
675 4270 820 4338 ipsos
889 4267 1187 4322 delinicnt?
1245 4266 1362 4321 Non
1418 4267 1544 4322 licet
1589 4270 1676 4321 hic
1731 4268 1974 4337 profecto

406 4366 586 4417 dicere
647 4361 903 4415 deitatem
973 4373 1077 4411 una
1146 4358 1556 4424 circumscribi,
1613 4359 1696 4413 vel
1754 4375 1971 4414 carnem

2085 556 2223 601 σεως
2267 539 2359 592 καὶ
2397 538 2674 602 πολιτείας
2716 540 2791 602 ὡς
2829 535 2938 592 οἷόν
2987 541 3048 593 τέ
3096 541 3244 594 ἐστιν
3282 542 3650 596 ἐνδείκνυταιο

2080 630 2156 692 ὡς
2199 633 2264 683 ἐκ
2309 632 2436 700 μιᾶς
2490 626 2584 684 οὖν
2629 631 2802 699 ἀρχῆς
2849 631 3138 702 ἀμφότερα
3181 631 3511 702 ὁρμώμενα,
3563 636 3656 686 καὶ

2079 715 2192 774 οἷον
2242 720 2400 791 ῥίζης
2452 721 2549 790 τῆς
2599 721 2768 791 αὐτῆς
2825 721 3082 789 προῖόντα
3117 722 3210 774 τοῦ
3245 723 3504 790 Χριστοῦ,
3542 741 3655 775 κοι-

2081 809 2276 862 νωνίαν
2308 825 2367 860 τε
2398 809 2490 860 καὶ
2519 809 2702 878 σχέσιν
2730 808 2828 878 τὴν
2860 810 2998 878 πρὸς
3047 809 3253 878 ἄλληλα
3285 810 3616 875 διασώζουσι
3638 829 3652 844 ο

2081 900 2186 953 κᾶν
2211 902 2275 970 τῇ
2313 899 2470 970 οὐσίᾳ
2498 901 2596 952 καὶ
2627 899 2705 968 τῷ
2748 901 2934 970 τρόπῳ
2971 902 3068 971 τῆς
3098 900 3383 970 ὑπάρξεως
3404 941 3418 965 ,
3453 901 3511 952 τὸ
3541 902 3656 954 δια-

2081 1007 2245 1060 φορον
2277 992 2332 1042 ὲν
2362 992 2545 1053 αὐτοῖς
2583 991 2937 1062 ἐμφαίνηται,
2964 993 3114 1060 ὅμως
3159 991 3201 1042 δ’
3229 989 3322 1044 οὖν
3352 992 3446 1044 τοῦ
3486 992 3652 1045 αὐτοῦ

2083 1082 2342 1151 μετέσχον
2369 1082 2658 1152 ὀνόματος,
2683 1087 2779 1136 καὶ
2806 1082 3112 1153 ὁμωνύμως
3151 1083 3236 1136 ἐπ’
3264 1087 3469 1153 ἀμφοῖν
3496 1086 3528 1152 ἡ
3561 1085 3651 1136 τοῦ

2080 1173 2320 1243 Χριστοῦ
2359 1177 2764 1244 κατηγορεῖται
2826 1174 3202 1245 προσηγορία·
3268 1175 3315 1226 εί
3369 1175 3554 1227 τοίνυν
3621 1178 3652 1245 ἡ

2078 1264 2300 1332 τοιαύτη
2335 1265 2590 1316 κοινωνία
2619 1265 2712 1316 καὶ⁹
2744 1267 2772 1318 ὁ
2813 1265 2977 1326 αὐτὸς
3021 1265 3210 1334 εἱρμδς
3244 1266 3395 1334 παρά
3440 1265 3652 1328 τούτοις

2081 1352 2426 1421 πεφύλακται
2476 1355 2614 1425 πρὸς
2667 1354 2726 1406 τὸ
2774 1355 3115 1424 ὁμόστοιχον,
3184 1355 3278 1406 καὶ
3337 1354 3541 1423 ήπρὸς
3594 1356 3652 1406 τὸ

2081 1443 2369 1514 ὁμώνυμον
2415 1446 2550 1514 τιμὴ
2606 1445 2997 1514 ἐκνενὲμηται,
3061 1443 3521 1513 κατακληρούσθω
3559 1445 3650 1495 καὶ

2084 1534 2172 1586 ἐπ’
2202 1534 2386 1597 αὐτοῖς
2433 1534 2496 1587 τὸ
2523 1533 2850 1605 Χριστιανοῦ
2903 1534 3072 1603 ὄνομα
3093 1549 3104 1562 ·
3141 1537 3189 1586 εί
3233 1534 3289 1586 δὲ
3323 1534 3651 1596 ἀπεναντίας

2080 1624 2286 1679 τούτων
2316 1625 2492 1679 πάντα
2539 1627 2872 1697 πράττουσι,
2921 1628 3015 1678 καὶ
3060 1625 3241 1695 πάσης
3289 1626 3514 1694 ἀτιμίας
3561 1625 3652 1677 καὶ

2083 1715 2297 1779 ἀδοξίας
2349 1714 2728 1785 ἀποπληροῦσι
2778 1716 2848 1768 τά
2893 1733 2952 1768 τε
3011 1715 3248 1784 Χριστοῦ
3292 1717 3386 1768 καὶ
3439 1717 3650 1776 ἑαυτοῖς

2011 1799 2350 1877 Βὸμώνυμά
2390 1823 2448 1860 τε
2501 1808 2595 1859 καὶ
2635 1807 2692 1858 ὲν
2744 1806 2924 1875 σχέσει
2971 1809 3037 1876 τῇ
3073 1807 3206 1876 αὐτῇ
3265 1805 3648 1874 θεωρούμενα,

2083 1896 2203 1960 πῶς
2232 1897 2298 1951 ἂν
2323 1897 2477 1950 αὐτοὶ
2507 1897 2608 1966 τῆς
2638 1896 2984 1967 Χριστιανῶν
3018 1896 3302 1967 μεθέξουσι
3332 1897 3614 1966 κλήσεως;

2155 1994 2267 2058 μη’.
2308 1987 2429 2039 Ὅτι
2474 1988 2529 2040 δὲ
2553 1987 2642 2040 διὰ
2681 1987 2838 2040 τοῦτο
2875 1988 2969 2040 καὶ
3016 1989 3049 2058 ὴ
3081 1987 3214 2057 πρὸς
3241 1986 3301 2040 τὸ
3343 1987 3652 2056 ἀρχέτυπον

2081 2079 2265 2141 αὐτοῖς
2323 2077 2580 2148 ἀθέτησις
2628 2077 2869 2146 γίνεται,
2933 2079 2993 2130 τὸ
3025 2076 3119 2129 τοῦ
3152 2077 3311 2145 λόγου
3359 2076 3650 2129 ἀκόλουθον

2082 2170 2178 2223 καὶ
2204 2171 2232 2222 6
2269 2168 2760 2239 τῶνφαινομένων
2805 2167 3006 2231 σκοπὸς
3058 2168 3260 2222 ἐννοεῖν
3313 2167 3495 2220 δίδωσι
3520 2182 3535 2195 ’
3569 2167 3652 2219 δι-

2086 2262 2267 2332 ίστησι
2285 2261 2395 2332 γὰρ
2423 2260 2602 2313 αὐτῶν
2626 2260 2725 2330 τὴν
2750 2258 3064 2330 οἰκειότητα
3096 2259 3196 2330 τὴν
3224 2259 3360 2330 πρὸς
3389 2258 3522 2312 αὐτὸ
3557 2258 3651 2310 καὶ

2079 2353 2178 2424 τὴν
2224 2355 2323 2422 τῆς
2376 2351 2622 2422 κλήσεως
2671 2350 2976 2415 κοινωνίαν,
3009 2353 3041 2421 ἡ
3074 2350 3167 2404 τοῦ
3217 2349 3502 2419 συστοίχου
3557 2350 3650 2402 καὶ

2078 2441 2373 2512 ὁμωνύμου
2422 2441 2754 2512 παραίτησις
2796 2445 2890 2496 καὶ
2939 2443 3317 2508 ὲξουδένωσις·
3354 2441 3648 2511 παραπλή-

2082 2549 2197 2586 σιον
2235 2533 2342 2603 γάρ
2380 2549 2433 2584 τι
2463 2528 2814 2598 πεπόνθασιν,
2846 2532 2920 2595 ὡς
2945 2535 2992 2585 εἰ
3027 2533 3120 2586 καὶ
3151 2531 3242 2584 δύο
3288 2532 3433 2595 τινὲς
3465 2531 3649 2592 παῖδες

2080 2621 2439 2688 ἐξετάζοιντο,
2471 2623 2518 2673 εί
2568 2622 2687 2685 ἑνὸς
2717 2622 2810 2675 καὶ
2842 2622 2936 2674 τοῦ
2991 2622 3154 2675 αὐτοῦ
3201 2622 3645 2692 προστετυχήκα-

2081 2728 2186 2766 σιν’
2213 2706 2287 2766 ὧν
2311 2715 2340 2765 6
2359 2714 2454 2782 μὲν
2473 2713 2654 2783 ἕτερος
2684 2715 2886 2777 ἀσινεῖς
2906 2714 3032 2778 τοὺς
3063 2713 3347 2784 πατρῴους
3368 2711 3646 2774 διασώζων

2078 2806 2466 2874 χαρακτῆρας,
2518 2807 2610 2856 καὶ
2657 2805 3121 2874 ἀπαραχάρακτον
3175 2803 3354 2874 φέρων
3393 2802 3488 2854 τοῦ
3543 2801 3645 2870 φύ-

2081 2912 2272 2958 σαντος
2298 2896 2396 2963 τὴν
2428 2895 2748 2964 ἐμφέρειαν,
2793 2896 3018 2957 εἰκότως
3048 2895 3113 2948 ἂν
3141 2894 3423 2964 νομισθείη
3454 2896 3483 2946 6
3518 2909 3648 2962 γνη-

2082 2985 2370 3048 σιώτατος’
2413 2987 2440 3038 6
2461 2986 2505 3038 δ’
2537 2981 2600 3039 αὖ
2635 2986 2821 3055 ἕτερος
2859 2986 3024 3057 μηδὲν
3052 2985 3257 3039 τούτων
3286 2985 3646 3053 ἐπαγόμενος,

2080 3076 2319 3144 εὐλόγως
2366 3076 2432 3128 ἂν
2465 3074 2617 3139 νόθος
2667 3075 2881 3145 κριθείη
2918 3076 3024 3128 -καὶ
3071 3075 3330 3142 ἔκφυλοςο
3383 3073 3529 3126 νόθοι
3554 3069 3646 3126 οὖν

2079 3168 2173 3220 καὶ
2202 3166 2356 3220 αὐτοὶ
2386 3166 2703 3235 Χριστιανοὶ
2729 3167 2786 3218 ὲν
2815 3166 2937 3237 δίκῃ
2965 3166 3406 3236 νομισθήσονται,
3433 3164 3646 3233 καὶτῆς

2077 3256 2316 3328 Χριστοῦ
2383 3257 2748 3327 κληρονομίας
2816 3259 2912 3309 καὶ
2975 3257 3210 3326 ποίμνης
3275 3256 3647 3324 ὲκκήρυκτοισ

2081 3354 2257 3420 μάτην
2301 3350 2409 3419 γὰρ
2464 3349 2912 3420 μεταποιοῦνται,
2960 3349 3111 3403 οὐδὲν
3157 3350 3337 3403 αὐτοῖς
3369 3347 3650 3419 προσῆκον

2077 3442 2200 3511 ἤδη,
2245 3441 2336 3492 τοῦ
2377 3441 2668 3511 ὀνόματοςθ
2716 3441 2832 3494 ἀλλ’
2867 3443 2946 3504 είς
2979 3440 3078 3510 μὲν
3124 3439 3383 3508 ἀθέτησιν
3411 3439 3510 3506 τῆς
3553 3437 3648 3490 τοῦ

2077 3529 2314 3601 Χριστοῦ
2346 3533 2690 3601 οἰκονομίας,
2723 3531 2924 3600 μᾶλλον
2953 3532 3010 3584 δὲ
3039 3533 3121 3593 εἰς
3149 3529 3371 3600 ὄλεθρον
3407 3530 3516 3581 τῶν
3547 3527 3648 3596 qau-

2079 3623 2190 3694 χῶν
2225 3622 2426 3688 αὐτῶν,
2480 3624 2684 3695 σκῆψις
2712 3627 2744 3696 ὴ
2775 3624 2869 3677 τοῦ
2915 3623 3331 3695 ἀπεριγράπτου
3361 3624 3648 3693 πρόκειται

2077 3714 2252 3782 φωνή.

2151 3805 2258 3875 μθ’.
2291 3807 2355 3860 Τί
2387 3805 2479 3860 οὖν
2523 3804 2933 3874 ἀποφανοῦνται
2977 3804 3106 3874 περὶ
3139 3801 3246 3855 τῶν
3277 3801 3453 3855 ἄλλων
3485 3799 3648 3870 ἱερῶν

2077 3899 2510 3968 ὲκτυπωμόιτων,
2561 3898 2731 3967 αὐτῆς
2778 3915 2834 3949 τε
2885 3899 2984 3967 τῆς
3033 3896 3313 3961 πανάγνου
3362 3891 3646 3962 Παρθένου

2077 3993 2172 4043 καὶ
2212 3989 2577 4060 Θεομήτορος,
2627 3988 2721 4040 καὶ
2773 3985 2878 4038 τῶν
2920 3986 3095 4039 ἄλλων
3151 3983 3326 4050 ἁγίων
3387 3982 3497 4034 τῶν
3547 3979 3645 4032 ἀπ’

2077 4081 2272 4143 αίῶνος
2298 4079 2375 4150 τῷ
2409 4079 2526 4148 Θεῷ
2559 4075 3089 4148 εὐαρεστησάντων;
3128 4074 3261 4143 μήτι
3309 4088 3373 4141 γε
3405 4071 3515 4141 ἄρα
3548 4071 3646 4122 καὶ

2075 4173 2302 4225 ἐνταῦθα
2337 4174 2396 4226 τὸ
2423 4173 2834 4243 ἀπ-ερίγραπτον
2866 4170 3046 4223 αὐτῶν
3079 4168 3478 4239 προστήσεται;
3517 4165 3548 4235 ἦ
3582 4164 3648 4215 ὲκ

2077 4263 2330 4332 θεότητος
2361 4264 2455 4316 καὶ
2487 4263 2908 4332 ἀνθρωπότητος
2950 4257 3289 4320 ὑποστάντας
3331 4256 3533 4316 αὐτοὺς
3563 4270 3651 4304 νος

2079 4355 2470 4427 μοθετήσουσιν
2497 4373 2510 4421 ;
2552 4355 2649 4408 οὐκ
2678 4354 2824 4406 ἐστιν
2849 4347 2950 4406 ὦδε
2982 4353 3156 4405 εἰπεῖν
3188 4348 3650 4420 συμπεριγράφεο

407 4450 658 4514 distrahi,
691 4459 746 4504 et
778 4449 990 4503 unicam
1021 4449 1188 4503 dividi
1217 4465 1541 4518 personam;
1576 4460 1629 4505 et
1661 4451 1969 4518 conjuncta,

2083 4448 2201 4502 σθαι
2223 4449 2318 4518 τὴν
2350 4449 2600 4518 θεότητα,
2653 4446 2685 4517 ἣ
2715 4447 2814 4517 τὴν
2844 4447 3022 4517 σάρκα
3064 4442 3390 4504 διίστασθαι,
3423 4441 3520 4492 καὶ
3549 4439 3648 4508 τὴν

406 4541 674 4614 pingendo
701 4541 1306 4595 autcirctnnscribendo
1326 4540 1571 4596 dissolvi.
1604 4543 1682 4598 Ad
1710 4543 1844 4597 alias
1876 4545 1973 4612 igi-

407 4649 496 4691 tur
567 4633 977 4689 adinventiones
1037 4642 1091 4687 et
1158 4633 1491 4702 prodigiosas
1578 4634 1973 4691 lndilicationes

407 4725 837 4782 commiscendas
861 4725 1116 4794 loquaces
1138 4725 1191 4778 hi
1219 4734 1533 4794 peccatores
1563 4735 1969 4782 convertentur.

406 4816 553 4871 Nihil
588 4815 731 4870 enim
762 4815 846 4870 his
890 4813 1060 4883 magis
1103 4823 1316 4883 gratum
1359 4822 1522 4868 estet
1553 4815 1605 4867 in
1641 4830 1794 4870 more
1828 4816 1973 4884 posi-

408 4918 544 4970 tum,
582 4921 740 4977 quam
770 4913 829 4959 ut
859 4907 924 4959 ad
959 4904 1224 4960 absurdos
1253 4904 1520 4974 cogitatus
1549 4907 1852 4975 impiosque
1876 4907 1969 4960 de-

405 5001 609 5056 clinent
629 5017 645 5067 ;
664 5008 718 5054 et
741 4997 1000 5068 quidquid
1028 4995 1381 5065 improbabile
1402 5007 1486 5051 est
1503 5011 1565 5052 ac
1588 4998 1694 5051 Deo
1717 4998 1961 5053 invisum.

408 5102 704 5149 sectentur.

478 5274 568 5330 50.
605 5273 862 5341 Quaenam
895 5283 1074 5328 autem
1097 5282 1180 5329 est
1210 5273 1435 5326 istorum
1465 5271 1566 5325 hac
1588 5271 1642 5325 in
1672 5286 1730 5325 re
1757 5270 1975 5338 opinio?

407 5364 544 5432 Quia
579 5366 883 5421 nullatenus
929 5367 1072 5434 quod
1102 5365 1233 5418 utile
1279 5373 1363 5418 est
1397 5377 1726 5433 cognoscere
1770 5363 1970 5430 valent,

410 5470 585 5524 neque
605 5456 766 5509 ullam
800 5459 1068 5511 rationem
1091 5455 1423 5521 excogitare,
1449 5468 1568 5522 quae
1585 5467 1693 5506 suae
1719 5452 1976 5520 improbi-

414 5544 504 5596 tati
540 5559 600 5597 ac
642 5545 906 5599 maleficio
956 5545 1347 5614 patrocinetur,
1391 5545 1455 5596 ad
1484 5542 1766 5596 arbitrium
1819 5557 1973 5597 suum

412 5643 576 5702 atque
615 5635 682 5688 ad
728 5636 958 5705 propriae
1011 5636 1244 5691 vesania:
1295 5637 1568 5704 ingenium
1618 5633 1972 5702 confugiunt,

412 5725 701 5794 dicuntque
728 5745 739 5780 :
770 5745 787 5776 ι
829 5726 1091 5791 Quoniam
1114 5729 1314 5784 Christi
1347 5728 1522 5785 cultus
1554 5727 1865 5784 cxsulllatus
1895 5738 1975 5786 cst

2080 4542 2209 4613 μίαν
2233 4541 2525 4613 διῃρῆσθαι
2555 4541 2876 4602 ὑπόστασιν,
2911 4539 3006 4591 καὶ
3033 4538 3102 4589 τὰ
3132 4535 3388 4606 ἡνωμένα
3439 4535 3505 4585 ὲκ
3551 4534 3649 4600 τῆς

2075 4633 2293 4703 γραφῆς
2316 4632 2348 4702 ἢ
2378 4631 2728 4702 περιγραφῆς
2746 4630 3080 4683 διαλύεσθαι.
3123 4628 3238 4696 Ἐφ’
3269 4627 3462 4696 ἐτέρας
3488 4625 3645 4692 εὐρε-

2079 4723 2318 4791 σιλογίας
2346 4724 2441 4776 καὶ
2480 4723 2802 4785 ἀλλοκότους
2855 4719 3167 4791 ἐρεσχελίας
3197 4720 3246 4770 οί
3276 4717 3649 4786 ἀμαρτοεπεῖν

2076 4814 2294 4878 εἰδότες,
2325 4814 2804 4884 ἐκπεπορισμένας
2833 4813 3020 4874 αὐτοῖς
3049 4809 3408 4878 τετράψονται
3432 4823 3444 4835 ’
3493 4806 3648 4881 οὐδὲν

2076 4905 2185 4976 γὰρ
2208 4904 2352 4957 οὔτω
2401 4905 2556 4972 φίλον
2611 4904 2794 4964 αὐτοῖς
2843 4903 2938 4955 καὶ
2969 4901 3414 4971 προχειρότατον,
3451 4896 3528 4959 ὼς
3567 4898 3647 4958 εἰς

2075 4991 2342 5054 ὲκτόπους
2377 4991 2586 5054 ἑννοίας
2645 4991 2742 5044 καὶ
2795 4991 3090 5059 ἀθεμίτους
3140 4986 3498 5057 ἀποίχεσθαι,
3552 4984 3648 5038 καὶ

2077 5082 2214 5150 προς
2269 5083 2378 5135 πᾶν
2416 5083 2592 5136 ὁτιοῦν
2651 5081 2760 5134 τῶν
2807 5081 3082 5150 ἀδοκίμων
3133 5079 3228 5132 καὶ
3259 5077 3377 5147 Θεῷ
3407 5077 3481 5147 μὴ
3518 5078 3647 5145 ἀρε-

2079 5175 2313 5227 σκόντων
2348 5173 2698 5245 ἐκφέρεσθαι.

2147 5268 2213 5324 ν’.
2258 5267 2449 5320 ὐποία
2473 5267 2529 5319 δὲ
2569 5269 2603 5338 ἡ
2646 5267 2774 5335 περὶ
2821 5264 3025 5318 τούτων
3076 5263 3205 5330 παρ’
3241 5263 3426 5324 αὐτοῖς
3459 5260 3647 5330 διάλη-

2075 5360 2208 5429 ᾠις;
2249 5358 2466 5428 Ἐπειδὴ
2505 5356 2801 5427 οὐδαμόθεν
2835 5356 2894 5408 τὸ
2927 5354 3238 5408 λυσιτελοῦν
3292 5354 3524 5406 συνιδεῖν
3559 5353 3647 5406 δε-

2076 5453 2351 5522 δύνηνται,
2371 5451 2403 5520 ἢ
2427 5451 2705 5503 ὁντιναοῦν
2732 5448 2890 5517 λόγον
2912 5445 3417 5518 ἐκμηχανήσασθαι,
3440 5447 3537 5514 τῆς
3565 5445 3645 5496 οί-

2077 5546 2230 5607 κείας
2265 5543 2568 5614 μοχθηρίας
2595 5543 2692 5595 καὶ
2736 5539 3072 5610 κακουργίας
3123 5539 3425 5608 συνήγορον
3457 5537 3550 5589 ἐπὶ
3584 5534 3645 5588 τὸ

2079 5636 2398 5705 αὐτόνομον,
2423 5634 2517 5687 καὶ
2563 5634 2662 5702 τῆς
2693 5631 2912 5698 ἀλογίας
2935 5630 3113 5683 αὐτῶν
3140 5629 3376 5700 χωροῦσι
3399 5627 3460 5680 τὸ
3489 5627 3644 5679 ἰδιαί-

2081 5746 2260 5796 τατον,
2318 5727 2408 5780 καί
2467 5742 2629 5795 φασιν
2679 5726 2764 5778 ὅτι
2815 5743 2832 5777 ι
2890 5723 3111 5793 Ἐπειδὴ
3161 5722 3226 5776 τὰ
3270 5720 3363 5774 τοῦ
3405 5714 3642 5790 Χριστοῦ
