3918 6144
229 379 355 449 £63

922 390 1545 457 ANTIRRHETICUS
1585 398 1678 457 IlI
1715 400 1882 460 ADV.
1921 400 2512 490 CONSTA'NTINUM
2549 368 2760 463 COPfl.

3405 391 3518 456 ne
3573 363 3596 382 ’

231 502 565 571 διέρριπται
593 503 687 557 καλ⁵
731 503 1137 571 διαπέπτωκεν,
1199 508 1494 561 ἀκόλουθον
1517 509 1582 562 ἂν
1619 511 1704 579 εἴη
1738 509 1826 561 καὶ

1937 521 1990 565 et
2019 514 2240 577 excidit,
2273 522 2698 570 consentaneum
2727 517 2827 573 est,
2857 505 3262 579 venerationem
3298 521 3516 576 quoque

238 592 428 647 ταῦτα
477 595 542 665 δὴ
573 595 645 650 τὰ
688 597 800 650 τῶν
844 597 1016 666 ἁγίων
1063 600 1515 671 συνοιχήσεσθαι,
1569 602 1663 654 καὶ
1698 599 1831 670 μηδέ

243 685 478 756 μνήμης
509 685 569 737 τὸ
590 685 779 740 λοιπὸν
815 686 1086 757 ἠξιῶσθαι
1133 690 1377 745 πώποτε.
1418 710 1436 740 ι
1503 691 1708 760 Καιρὸς
1739 689 1834 742 νῦν

233 776 426 828 εἰπεῖν
456 789 468 802 '
507 793 526 826 ι
565 774 628 828 El
659 774 753 828 τὸν
797 777 1190 848 οἰκοδεσπότην
1233 779 1568 844 Βεελζεϐοὺλ
1616 779 1832 833 ἀπεκά-

239 865 438 929 λεσαν,
497 866 652 938 πόσῳ
709 867 913 938 μᾶλλον
973 871 1099 932 τοὺς
1163 871 1477 933 οἱκειακοὺς
1534 870 1750 935 αὐτοῦ;
1809 889 1827 924 ι

239 958 493 1013 Τοιαῦτα
524 958 637 1030 γὰρ
679 961 728 1013 οἱ
759 957 856 1013 νῦν
901 961 1148 1016 Ἰουδαῖοι
1177 966 1290 1027 τοῖς
1316 965 1486 1018 πάλαι
1527 964 1626 1028 τὰς
1659 963 1834 1034 γλώσ-

243 1067 351 1113 σας
381 1050 728 1115 δανείσαντες
765 1054 1163 1122 ἀποφαίνονται
1196 1071 1209 1086 ·
1241 1057 1289 1108 εἱ
1311 1056 1420 1126 γὰρ
1461 1057 1531 1110 τὰ
1580 1056 1824 1127 Χριστοῦ

239 1139 394 1192 οὔτω
417 1139 700 1213 διέθηκαν,
727 1142 780 1195 τί
819 1143 920 1196 οὐκ
965 1142 1032 1197 ἂν
1089 1145 1231 1200 κατά
1265 1146 1374 1200 τῶν
1432 1148 1605 1215 ἁγίων
1665 1148 1831 1201 αὐτοῦ

241 1232 488 1300 πονηρὸν
539 1231 765 1304 δράσειν
808 1232 1077 1304 ἐμελλονς
1116 1235 1300 1302 ’Δξιον
1337 1237 1438 1307 μὲν
1485 1238 1559 1302 ὡς
1616 1239 1832 1308 ἀληθῶς

240 1320 349 1389 τῆς
378 1321 605 1374 ἐκείνων
653 1323 1028 1394 παρανομίας,
1087 1326 1180 1378 καὶ
1213 1327 1312 1396 τῆς
1367 1329 1448 1390 εἰς
1477 1329 1606 1392 τοὺς
1640 1331 1832 1398 ἁγίους

238 1409 454 1482 τόλμης
484 1429 546 1465 τε
579 1411 674 1466 καὶ¹
697 1412 1036 1484 θρασύτητος
1057 1429 1070 1442 ⁶
1105 1415 1286 1470 αὐτῶν
1308 1417 1365 1470 δέ
1385 1418 1493 1472 τῶν
1515 1418 1690 1488 ἁγίων
1733 1423 1830 1492 τῆς

238 1502 327 1563 είς
360 1501 600 1571 Χριστὸν
632 1504 847 1571 ἀφάτου
875 1504 1098 1576 ἀγάπης
1134 1508 1437 1577 τεκμήριον
1466 1510 1826 1578 ἱκανώτατον,

240 1592 372 1644 καθ’
425 1593 493 1664 ἣν
537 1594 690 1664 αὐτῷ
731 1595 1136 1666 ἀνεκράθησαν,
1194 1596 1391 1652 οὔποτε
1427 1600 1826 1672 χωριζόμενοι⁹

239 1685 339 1738 καὶ
373 1685 485 1756 γὰρ
516 1681 611 1740 οῦν
655 1687 751 1741 καὶ
777 1687 917 1742 κατὰ
950 1687 1048 1760 την
1085 1689 1272 1742 ἐνθάδε
1306 1690 1491 1761 βιοτὴν
1522 1694 1827 1764 περιόντες,

241 1776 530 1849 μάρτυρες
547 1777 658 1832 τῶν
681 1778 1046 1849 παθημάτων,
1071 1779 1165 1834 καὶ
1185 1783 1432 1836 κοινωνοὶ
1444 1785 1537 1837 τοῦ
1560 1785 1826 1848 ζωοποιοῦ

1937 611 2249 658 sanctorum
2315 605 2476 659 simul
2525 603 2810 666 desinere,
2859 613 3036 668 neque
3079 598 3192 668 jam
3258 598 3514 666 deinceps

1937 697 2212 752 mentione
2243 697 2460 766 dignam
2492 693 2690 764 putari.
2740 712 2758 744 ι
2795 691 2959 761 Atqni
2999 705 3142 745 nunc
3188 699 3398 760 tempus
3429 698 3532 745 est.

1935 782 2149 838 dicendi
2183 802 2196 837 :
2237 802 2257 836 ι
2286 785 2341 838 Si
2376 782 2825 854 patremfamilias
2848 779 3003 850 123
3039 779 3324 836 Beelzebul
3346 795 3513 836 voca-

1935 884 2149 940 verunt,
2203 884 2406 945 quanto
2452 877 2622 946 magis
2661 875 2991 928 domesticos
3039 873 3154 942 ejus
3202 871 3353 942 (62)?
3386 871 3513 927 Haec
3582 869 3586 873 ’

1934 965 2079 1018 enim
2114 967 2356 1021 hodierni
2374 965 2568 1030 Judasi,
2601 965 2810 1034 linguas
2833 979 2960 1018 suas
2983 979 3010 1015 a
3031 963 3223 1031 priscis
3253 971 3508 1016 mutuan—

1934 1065 2016 1110 tcs
2067 1058 2275 1124 dicunt.
2329 1059 2462 1112 Nam
2512 1057 2555 1114 si
2595 1073 2680 1112 res
2729 1055 2932 1110 Christi
2989 1056 3062 1108 ita
3107 1062 3507 1113 tractaverunt,

1935 1149 2062 1216 quid
2086 1151 2302 1205 malitiae
2334 1153 2594 1205 adversus
2623 1159 2842 1203 sanctos
2870 1146 2988 1214 ejus
3019 1160 3122 1199 non
3151 1144 3512 1215 exproment?

1934 1239 2074 1296 Vere
2111 1243 2212 1298 hoc
2243 1243 2459 1311 dignum
2490 1253 2571 1296 est
2607 1241 2818 1295 illorum
2857 1238 3164 1304 iniquitate,
3201 1247 3255 1293 et
3281 1238 3334 1291 in
3379 1251 3506 1292 san-

1929 1334 2048 1388 'ctos
2073 1336 2296 1390 audacia
2317 1351 2379 1391 ac
2408 1337 2761 1405 protervitale
2788 1352 2800 1388 :
2826 1333 2986 1387 simul
3013 1341 3192 1386 tamen
3221 1341 3303 1384 est
3327 1331 3508 1385 chari-

1934 1427 2060 1480 tatis
2105 1442 2330 1481 summae
2367 1436 2676 1480 sanctorum
2721 1440 2849 1493 erga
2905 1423 3180 1478 Christum
3238 1422 3500 1476 indicium

1930 1518 2484 1586 opportunissimum,
2540 1532 2642 1586 qua
2695 1516 2906 1570 scilicet
2945 1516 2994 1568 ei
3045 1520 3172 1568 sunt
3225 1512 3505 1575 devincti,

1930 1621 2204 1676 nunquam
2235 1606 2418 1660 divisi.
2447 1605 2659 1660 Etenim
2690 1604 2815 1658 dum
2847 1603 2905 1656 in
2941 1606 3042 1656 hac
3074 1603 3180 1654 vita
3210 1601 3496 1671 degerent,

1931 1705 2098 1752 testes
2132 1698 2444 1766 passionum
2479 1696 2709 1759 Christi,
2741 1696 2981 1764 sociique
3012 1693 3240 1748 viviﬁca:
3262 1693 3380 1763 ejus
3409 1709 3508 1748 ne-

1932 1786 2007 1842 cis
2041 1787 2281 1854 fuerunt,
2319 1798 2543 1856 peccato
2583 1802 2757 1857 usque
2786 1786 2851 1840 ad
2878 1797 3110 1840 mortem
3161 1786 3499 1840 resistentes.

236 1869 414 1923 αὑτοῦ
447 1870 680 1926 θανάτου
704 1873 981 1942 γεγόνασι,
1028 1877 1222 1948 μέχρις
1259 1878 1489 1947 αἵματος
1533 1880 1826 1934 ἀντικατα-

1933 1877 1999 1930 Ει
2032 1891 2176 1932 nunc
2214 1877 2376 1933 etiam
2420 1881 2652 1934 terrenis
2699 1879 2861 1934 rebus
2901 1877 3164 1946 exempti,
3207 1877 3509 1946 participes.

236 1963 478 2026 στάντες
510 1963 648 2034 πρὸς
683 1965 782 2035 τὴν
817 1966 1118 2037 ἁμαρτίαν.
1157 1968 1266 2021 Καὶ
1291 1968 1386 2021 νῦν
1437 1969 1496 2022 δὲ
1551 1970 1658 2023 τῶν
1702 1973 1828 2042 τῇδε

232 2054 675 2124 ἀπαλλαγέντες,
738 2057 957 2128 μέτοχοι
1008 2059 1273 2130 ὤφθησαν
1305 2063 1400 2116 τοῦ
1463 2064 1827 2134 ἐφεστηκότος

231 2144 373 2215 ἄρτι
395 2145 538 2200 κατά
568 2147 809 2217 Χριστοῦ
864 2148 1108 2219 διωγμοῦ
1163 2153 1256 2204 καὶ⁹
1294 2152 1396 2220 τῆς
1432 2151 1646 2223 ὕϐρεως
1672 2169 1685 2183 ·
1724 2154 1828 2224 ἤδη

231 2237 355 2305 γὰρ
389 2238 483 2290 καὶ
519 2237 825 2308 τηνικαῦτα
870 2240 1122 2312 σώμασιν
1173 2243 1358 2306 αὐτοῖς
1392 2243 1530 2314 ὑπὲρ
1579 2244 1673 2298 τοῦ
1723 2262 1828 2298 πα-

234 2327 433 2393 θόντος
461 2327 533 2381 δι’
561 2330 712 2401 ἡμᾶς
770 2330 1006 2402 σώματι,
1065 2332 1460 2402 διηγωνίσαντο
1491 2335 1585 2388 καὶ
1637 2335 1824 2405 ἠνδρί-

236 2434 446 2474 σαντο·
474 2420 532 2474 δν
558 2421 702 2492 ὑπὲρ
740 2423 840 2494 τῆς
867 2423 1057 2494 κοινῆς
1088 2423 1307 2480 πάντων
1348 2426 1508 2496 ἡμῶν
1549 2427 1828 2498 σωτηρίας

237 2511 442 2582 ἀνέτλη
503 2511 733 2567 θάνατον
785 2498 1186 2585 μιμησάμενοι,
1228 2516 1340 2570 Καὶ
1363 2512 1522 2580 αὖθις
1551 2519 1714 2589 ὅμοια
1741 2520 1827 2587 ἐφ’

230 2605 456 2672 ὁμοίοις
487 2605 792 2676 πάσχουσιν
826 2623 840 2637 ·
889 2607 1155 2675 ἀνάλογον
1189 2607 1300 2678 γὰρ
1345 2610 1459 2670 τοῖς
1491 2609 1826 2678 ἀρχετύποις

233 2694 312 2748 τὰ
345 2696 638 2765 ἐκμαγεῖα,
663 2697 730 2750 τὰ
757 2697 860 2766 τῆς
902 2699 1090 2768 κοινῆς
1118 2698 1343 2768 ἀτιμίας
1390 2700 1487 2751 καὶ
1537 2699 1827 2770 παροινίας

235 2787 671 2858 συνδιαφέρουσι
697 2805 710 2818 ⁸
764 2791 857 2841 καὶ
918 2791 1082 2843 πάλιν
1117 2790 1557 2859 συμπάσχουσιν,
1600 2791 1688 2844 ἵνα
1729 2793 1826 2845 καὶ

235 2877 680 2944 συνὼξασθῶσιν
707 2875 897 2943 αὖθις·
936 2881 1034 2935 καὶ
1075 2881 1239 2934 πάλιν
1295 2882 1561 2953 τιμῶνται
1596 2885 1660 2953 τῇ
1708 2899 1824 2935 κοι-

232 2967 413 3037 νωνίᾳ
433 2969 537 3037 τῆς
564 2970 811 3039 ἀτιμίας.
837 2971 948 3023 Καὶ
975 2970 1063 3024 ἵνα
1084 2974 1150 3042 τῇ
1175 2972 1374 3042 ’μνήμῃ
1392 2971 1500 3024 τῶν
1531 2970 1826 3042 μαρτύρων

237 3059 614 3130 συνησθέντες
674 3063 724 3116 οί
791 3061 1198 3134 φιλομάρτυρες
1256 3063 1822 3135 ἐγκαλλωπισώμεθα,

1933 1967 2031 2023 visi
2061 1977 2188 2023 sunt
2217 1970 2500 2024 concitatae
2531 1985 2702 2038 nuper
2733 1970 2994 2023 adversus
3019 1969 3292 2023 Christum
3318 1982 3502 2036 perse-

1931 2058 2164 2114 cutionis
2199 2067 2254 2113 et
2280 2060 2642 2115 contumeliae.
2675 2059 2812 2114 Ecce
2841 2059 2986 2114 enim
3019 2067 3072 2112 et
3101 2070 3230 2113 tunc
3257 2059 3500 2126 corpori-

1931 2153 2033 2208 bus
2062 2153 2196 2219 suis,
2223 2169 2321 2223 pro
2344 2169 2408 2208 eo
2436 2154 2530 2222 qui
2565 2154 2616 2207 in
2647 2167 2876 2222 corpore
2899 2167 3093 2221 passus
3123 2136 3227 2217 cst,
3257 2152 3506 2207 decerta-

1933 2255 2058 2301 runt
2089 2245 2412 2317 fortiterque
2439 2261 2496 2302 se
2518 2257 2836 2316 gesserunt;
2868 2257 2920 2301 et
2948 2259 3092 2299 nunc
3127 2259 3316 2299 rursus
3349 2245 3501 2314 paria

1929 2339 2047 2408 pari
2084 2337 2154 2394 de
2185 2353 2351 2393 causa
2406 2338 2682 2408 patientur
2743 2333 2880 2406 (65).
2938 2333 3184 2404 Namque
3240 2333 3504 2402 imagines

1929 2445 2112 2499 parem
2141 2443 2206 2483 ac
2242 2430 2540 2501 archetypa
2575 2427 2926 2499 ignominiam
2953 2424 3256 2496 perierunt,
3288 2440 3505 2480 rursus-

1929 2535 2034 2591 que
2063 2520 2486 2590 compatiuntur,
2515 2529 2574 2575 ut
2598 2521 2780 2576 denuo
2803 2517 3315 2588 congloriﬁcentur;
3344 2524 3510 2584 atque

1929 2614 2124 2668 lterum
2158 2613 2500 2667 honorantur
2546 2612 2857 2682 ignominiaa
2885 2609 3286 2666 communione.
3324 2609 3504 2677 Atque

1930 2713 1989 2759 ut
2018 2715 2313 2776 martyrum
2335 2705 2610 2779 .memoria
2637 2702 2930 2759 exhilarati
2955 2716 3055 2756 nos
3085 2701 3504 2769 philomartyres
3539 2737 3554 2747 .

1929 2796 2242 2864 gloriemur,
2286 2795 2680 2865 aliquantulum
2716 2796 2770 2849 in
2806 2796 2910 2849 hoc
2947 2807 3198 2848 sermone
3231 2790 3500 2845 demorari

1929 2884 2057 2938 libet
2087 2901 2099 2935 :
2129 2883 2293 2938 veluti
2321 2883 2566 2937 homines
2589 2883 2868 2952 spectandi
2890 2890 2944 2936 ct
2968 2878 3495 2948 audiendistguliosi,

1927 2989 2048 3028 cum
2067 2974 2323 3044 jucundis
2343 2975 2786 3044 gratissimisque
2807 2974 3152 3029 ohlectantur
3182 2967 3507 3040 spectaculi;
3553 3014 3555 3017 .

1928 3073 2023 3119 aut
2062 3064 2283 3119 musicis
2328 3064 2497 3129 sonis,
2540 3065 2682 3118 haud
2722 3065 2790 3118 ab
2827 3066 2892 3118 iis
2921 3064 3080 3118 facile
3127 3060 3503 3123 discesserint.
3556 3119 3560 3122 ν

235 3151 420 3222 βραχύ
444 3166 497 3203 τι
527 3152 657 3222 περὶ
683 3152 780 3207 τὸν
801 3153 961 3222 λόγον
985 3155 1504 3226 προσδιατρίψωμεν
1525 3169 1538 3184 ·
1572 3154 1823 3226 καθάπερ

1933 3155 2140 3211 etiamsi
2177 3155 2446 3210 interdum
2482 3157 2793 3211 necessaria
2816 3155 3030 3225 negotia
3055 3153 3345 3208 omittenda
3373 3153 3503 3208 sint.

232 3242 708 3315 οίφιλοθεάμονές
757 3262 817 3299 τε
864 3247 960 3300 καὶ
987 3246 1423 3318 φιλακροάμονές
1459 3263 1519 3300 τε
1573 3246 1667 3300 ἐπὶ
1714 3246 1824 3300 τῶν

237 3337 495 3409 τερπνῶν
527 3338 621 3392 καὶ
654 3337 886 3409 ἡδίστων
925 3339 1111 3403 αὐτοῖς
1165 3338 1456 3409 θεαμάτων
1497 3340 1595 3392 καὶ
1655 3341 1824 3393 ἀκου-

239 3430 492 3498 σμάτων,
531 3421 606 3482 ὧν
633 3430 734 3482 οὐκ
764 3429 833 3483 ἂν
860 3430 1064 3501 ῥᾳδίως
1086 3430 1435 3500 ἀπόσχοιντο,
1466 3430 1580 3484 ἐσθ’
1609 3432 1698 3484 ὅτε
1727 3431 1825 3485 καὶ

1934 3245 2122 3303 Solent
2150 3247 2292 3301 enim
2324 3261 2387 3301 ea
2421 3262 2542 3316 quae
2573 3247 2712 3302 visui
2740 3246 3054 3315 audituique
3087 3243 3340 3314 pabulum
3371 3259 3507 3312 prac-

1931 3337 2081 3403 bent,
2116 3345 2420 3392 amatorum
2451 3352 2644 3394 sensus
2676 3331 2975 3402 attrahere,
3007 3351 3257 3408 aegreque
3286 3349 3507 3403 separa-

1930 3429 2092 3484 bilem
2125 3443 2278 3484 usum
2307 3429 2390 3484 sui
2419 3429 2659 3484 eﬁicere.

237 3521 357 3574 τῶν
412 3521 727 3589 ἀναγκαίων
767 3519 948 3574 αὐτῶν
1003 3521 1518 3593 καταφρονήσαντες
1545 3537 1559 3551 ⁸
1604 3521 1819 3592 φιλοῦσι
1860 3523 1968 3592 γάρ
1999 3539 2113 3584 πως
2141 3520 2209 3574 τὰ
2236 3520 2337 3591 τὴν
2363 3519 2486 3592 δψιν
2553 3522 2649 3574 καὶ
2724 3519 2895 3591 ἀκοὴν
2947 3519 3233 3581 ἑστιῶντα,
3267 3518 3364 3579 τὰς
3399 3518 3510 3573 τῶν

238 3612 499 3683 ἐρώντων
526 3613 808 3684 αἰσθήσεις
850 3614 1196 3681 ἐφέλκεσθαι,
1234 3615 1693 3671 δυσαπόσπαστον
1721 3616 1820 3687 τὴν
1860 3616 1988 3687 περὶ
2011 3616 2151 3671 αὑτά
2175 3616 2393 3688 ὁμιλίαν
2426 3616 2792 3689 ἐργαζόμενα.

315 3745 421 3801 να’.
456 3739 614 3802 Οὗτοι
639 3747 818 3801 τοίνυν
847 3749 898 3801 oi
922 3748 1067 3816 ἀγιοι
1101 3745 1342 3818 Χριστοῦ
1383 3747 1624 3818 μιμηταὶ
1669 3748 1826 3816 γενό-

241 3853 428 3906 μενοι,
454 3837 548 3890 καὶ
575 3840 642 3908 τῇ
669 3839 748 3900 εις
778 3837 1018 3907 Χριστὸν
1050 3837 1242 3910 ἀγάπῃ
1271 3838 1371 3907 τὴν
1397 3835 1576 3907 ψυχὴν
1619 3853 1826 3908 τετρω-

240 3929 424 3998 μένοι,
456 3930 550 3981 καὶ
565 3930 684 3982 κατ’
715 3930 860 4000 ἴχνος
890 3928 1057 3983 αὑτοῦ
1089 3930 1213 3983 ὅσον
1239 3929 1460 3998 ἐφικτὸν
1481 3926 1818 3998 ἀνθρώποις,

245 4021 392 4073 ἱέναι
435 4019 901 4092 προθυμούμενοι,
953 4020 1137 4073 πίστει
1186 4037 1248 4073 τε
1296 4018 1692 4090 ἐρηρεισμένοι,
1732 4019 1829 4072 καὶ

241 4110 350 4178 τὴν
367 4108 558 4162 ἐλπίδα
577 4126 748 4179 κεκτη
757 4111 907 4180 μένοι
925 4108 1256 4180 ἀπλάνητον,
1275 4112 1370 4164 καὶ
1391 4109 1499 4163 τῶν
1524 4109 1828 4180 μελλόντων

241 4202 323 4258 ὡς
341 4201 620 4272 παρόντων
633 4202 732 4272 ἤδη
758 4203 1196 4273 ἀντειλημμένοι,
1223 4201 1328 4254 τῶν
1346 4201 1436 4254 ἐπὶ
1463 4201 1552 4270 γῆς
1573 4201 1829 4256 ἁπάντων

242 4293 324 4355 ὡς
349 4291 630 4362 ἐπικήρων
655 4293 749 4346 καὶ
772 4293 1026 4364 φθαρτῶν
1054 4293 1467 4364 κατεφρόνησαν
1485 4309 1499 4323 ο
1528 4295 1830 4364 χρημάτων

243 4400 306 4435 τε
335 4379 405 4436 αὖ
438 4386 531 4438 καὶ
551 4383 820 4454 σωμάτων
843 4385 1021 4438 αὐτῶν
1051 4385 1356 4452 ὑπερόπται
1381 4384 1640 4452 γεγόνασι
1675 4401 1688 4416 ·
1729 4384 1832 4438 τῶν

1996 3749 2086 3802 51.
2120 3747 2183 3801 lli
2211 3762 2342 3818 ergo
2365 3750 2534 3805 sancti
2563 3748 2767 3804 Christi
2794 3748 2920 3803 lacti
2949 3749 3274 3811 imitatores,
3301 3756 3355 3801 et
3376 3761 3514 3815 erga.

1925 3841 2201 3896 Christum
2259 3841 2528 3896 cbaritate
2581 3842 2797 3910 penitus
2837 3840 3104 3895 vulnerati
3131 3879 3146 3904 ,
3184 3848 3238 3893 et
3278 3839 3512 3908 vestigia.

1925 3934 2042 4001 ejus
2073 3939 2342 4001 quatenus
2391 3931 2607 3986 homini
2648 3931 2906 3998 possibile
2953 3940 3068 3993 est,
3119 3930 3369 3998 persequi
3415 3945 3508 3998 ge-

1926 4023 2175 4088 stientes,
2224 4021 2328 4075 ﬁde
2373 4022 2519 4086 nixi,
2547 4030 2600 4074 et
2631 4022 2843 4077 ﬁrmam
2877 4036 3030 4089 spem
3067 4022 3389 4083 retinentes,
3427 4034 3490 4072 ac

1936 4111 2114 4165 futura
2146 4120 2401 4181 tanquam
2445 4111 2728 4181 praesentia
2754 4118 3056 4180 captantes,
3082 4120 3294 4165 terrena
3318 4110 3512 4169 omnia

1937 4216 2034 4255 ceu
2062 4200 2264 4256 caduca
2288 4210 2342 4256 et
2373 4201 2741 4270 corruptibilis
2773 4210 3247 4270 contempserunt;
3282 4200 3496 4254 divitia-

1940 4309 2058 4348 rum
2095 4309 2308 4364 quoque
2329 4297 2652 4364 etipsorum
2687 4310 2975 4366 corporum
3013 4295 3345 4364 negligentes
3382 4293 3499 4346 fue-

1941 4392 2084 4449 runt,
2129 4385 2255 4454 quia
2286 4399 2373 4440 res
2407 4385 2658 4441 cmlestes
2689 4401 2754 4440 ac
2779 4386 3127 4442 sublimiores
3154 4384 3500 4454 appetebant,

243 4475 594 4540 ἐπουρανίων
628 4477 735 4548 γὰρ
789 4477 884 4531 καὶ
932 4476 1282 4548 ὑψηλοτέρων
1325 4475 1624 4546 ἐγλίχοντο,
1674 4476 1826 4530 πολι-

1933 4478 2397 4533 conversationem
2446 4478 2498 4530 in
2541 4476 2700 4533 cmlis
2756 4478 3019 4546 agendam
3067 4485 3342 4546 optantes.
3381 4476 3505 4530 Ideo

243 4566 404 4618 τείαν
431 4566 682 4638 οὐράνιον
708 4567 1121 4638 ἀσπασάμενοι·
1145 4565 1227 4620 διδ
1251 4566 1429 4620 πάντα
1460 4565 1705 4619 σκύϐαλα
1733 4566 1825 4620 διὰ

245 4661 352 4732 τὴν
376 4661 458 4724 εἰς
484 4662 576 4715 τὸν
610 4663 890 4715 Κτίσαντα
943 4661 1186 4730 ἀγάπην,
1233 4659 1374 4714 κατὰ
1396 4659 1488 4713 τὸν
1529 4659 1824 4730 μαρτύρων

243 4751 482 4822 ἔξαρχον
506 4753 771 4824 ἥγηνται·
799 4753 943 4807 οὕτω
984 4753 1077 4807 τὸν
1124 4751 1357 4824 σταυρὸν
1401 4752 1690 4823 ἀράμενοι,
1731 4752 1827 4815 καὶ

243 4842 354 4912 τὴν
385 4843 690 4897 πανοπλίαν
722 4843 1088 4906 ἀναλαϐόντες
1121 4841 1216 4897 τοῦ
1251 4840 1584 4912 πνεύματος,
1607 4840 1686 4911 τῷ
1718 4840 1822 4893 θώ-

248 4931 388 5004 ρακί
413 4949 470 4986 τε
502 4935 600 5005 τῆς
651 4934 889 4997 πίστεως
939 4933 1304 5004 φραξάμενοι,
1360 4932 1453 4987 καί
1486 4931 1582 4986 τοῦ
1631 4931 1826 5002 θυρεοῦ

245 5024 356 5094 τῆς
385 5022 601 5087 ἐλπίδος
625 5024 972 5096 δραξάμενοι,
1009 5023 1101 5077 καὶ
1133 5024 1235 5094 τὴν
1267 5023 1704 5093 περικεφαλαίαν
1727 5022 1824 5076 τοῦ

248 5115 530 5186 σωτηρίου
566 5115 990 5187 περιϐαλόμενοι
1020 5132 1034 5146 ·
1061 5114 1136 5180 ὡς
1168 5115 1232 5187 δὴ
1254 5115 1353 5186 τὴν
1384 5112 1441 5180 ἐξ
1473 5113 1639 5185 ὕψους
1669 5113 1828 5167 δῦνα-

330 5317 352 5349 ⁸
391 5316 593 5387 Philip.
630 5335 714 5384 ttt,
748 5319 799 5374 8.

332 5515 450 5581 (6%)
484 5514 676 5582 Incipit
701 5515 825 5568 hinc
849 5515 988 5583 apud
1023 5513 1379 5582 Nicephorum
1411 5515 1648 5571 laudatio
1673 5531 1818 5570 mar-

250 5601 467 5660 tyrum,
517 5599 636 5660 quae
673 5585 878 5660 utiliter
914 5583 1223 5660 conferetur
1243 5585 1510 5660 _cnn_t_illa
1553 5586 1819 5660 Constan-

249 5653 360 5712 lini
409 5653 619 5708 diaconi
665 5669 694 5706 a
746 5655 899 5708 nobis
935 5655 1090 5710 edita
1128 5655 1180 5708 in
1233 5653 1417 5722 Spicil.
1461 5654 1616 5710 Rom.
1654 5664 1692 5707 t.
1741 5655 1815 5722 Χ,

250 5739 534 5798 quamque
575 5739 689 5798 prie
715 5724 1166 5798 oc_u|is__hahnisse
1209 5725 1419 5798 videtur
1463 5724 1816 5798 Nicephorus,

250 5791 726 5868 prascrtitn’qoia
775 5795 827 5847 in
875 5791 1090 5850 Nicaena
1139 5797 1377 5864 synodo,
1426 5791 1819 5866 cui.Nicepho¥

1931 4575 2128 4620 cnncta
2179 4582 2278 4622 ceu
2324 4578 2568 4624 stercora
2613 4583 2722 4636 prae
2766 4569 3038 4622 Creatoris
3079 4583 3300 4631 amore,
3352 4567 3504 4636 juxta

1931 4647 2229 4729 martyrum
2291 4670 2644 4724 summatem,
2704 4660 3112 4713 arbitrabantur
3163 4660 3205 4714 ³.
3257 4661 3350 4714 Sic
3398 4659 3498 4713 sibi

1929 4766 2146 4806 crucem
2187 4751 2455 4816 tollentes,
2486 4762 2540 4805 et
2567 4761 2900 4806 armaturam
2938 4751 3058 4806 ﬁdei
3101 4753 3404 4821 capientes,
3439 4761 3496 4805 et

1933 4839 2054 4895 ﬁdei
2087 4839 2251 4896 lorica
2288 4843 2499 4906 muniti,
2531 4852 2849 4912 scutumque
2878 4842 2999 4896 ﬁdei
3027 4843 3374 4912 arripientes,
3402 4859 3497 4910 ga-

1930 4929 2066 4986 leam
2099 4945 2313 5000 quoque
2367 4931 2656 4986 salutarem
2711 4932 2815 4986 sibi
2852 4933 3342 4999 circnmponentes,
3382 4940 3504 4984 tan-

1933 5033 2092 5086 quam
2119 5019 2318 5081 exalto
2350 5021 2492 5076 vires
2534 5021 2918 5092 suscipientes,
2948 5021 3151 5075 Christi
3185 5021 3495 5088 passionem

1931 5112 2280 5179 aemulantes,
2336 5113 2545 5170 fortiter
2613 5115 2988 5179 decertantes,
3059 5113 3245 5169 invicti
3299 5113 3500 5168 milites

1929 5533 2024 5572 rus
2047 5534 2263 5586 quoque
2297 5519 2560 5582 interfurit,
2586 5533 2763 5573 sermo
2793 5519 2879 5573 Ille
2903 5517 3240 5573 Constantini
3263 5516 3492 5571 citatnr.

1935 5636 1943 5644 .
2001 5589 2113 5658 (65)
2161 5586 2349 5644 Parem
2398 5588 2722 5643 sententiam
2766 5591 2832 5644 de
2881 5600 3181 5658 martyrum
3234 5586 3496 5658 reliquiis,

1927 5656 2062 5723 quas
2111 5661 2365 5713 Saraceni
2427 5658 2829 5714 Thessalonicae
2883 5656 3259 5720 violaverant,
3311 5656 3502 5711 scribit

1929 5727 2181 5784 Nicolaus
2228 5730 2536 5798 patriarcha
2563 5729 2619 5799 in
2657 5744 2902 5785 sermone
2939 5743 3038 5786 suo
3069 5729 3208 5799 apud
3252 5741 3349 5784 nos
3377 5723 3502 5792 Spi-

1927 5798 2018 5869 εει.
2065 5809 2100 5854 ι.
2137 5799 2203 5866 x,
2235 5799 2391 5854 ρεωι.
2427 5815 2478 5868 ι».
2508 5798 2596 5853 27.
