3898 6150
255 262 361 329 473

953 278 1582 349 ANTIRRHETICUS
1618 289 1712 350 III
1748 291 1920 355 ADV.
1959 295 2555 362 CONS'I‘ANTINUM
2591 304 2805 366 COPR.

3410 305 3519 370 474

260 374 622 445 συγχαίρουσι
642 378 737 432 καὶ
773 381 1097 451 συνήδονται
1123 403 1137 417 ·
1176 387 1424 453 διάϐολος
1466 393 1524 446 δὲ
1558 397 1678 458 ταῖς
1703 396 1835 450 ἀπο-

1943 403 2254 471 apostaticae
2288 408 2460 476 copiae
2488 409 2605 476 ejus
2634 410 2930 468 vulneratae
2976 411 3280 484 pudefiunt,
3322 428 3514 469 casum

253 469 542 531 πατικαίς
589 469 730 539 ὁμοῦ
768 471 1038 544 δυνάμεσι
1083 482 1596 552 τραυματιζόμενος
1644 503 1838 542 καται-

254 553 534 624 σχύνεται,
563 558 627 611 τὸ
654 560 859 632 πτῶμα
895 567 989 618 καὶ
1029 567 1253 640 ἥττημα
1299 573 1531 655 ἑαυτῶν
1562 574 1836 648 ἀποδυρό-

257 662 430 716 μενοι.

323 734 491 799 Οὗτοι
511 744 580 818 δὴ
606 748 657 801 of
689 751 843 819 σοφοὶ
874 750 971 805 καὶ
1004 754 1354 827 πανεύφημοι
1379 759 1679 832 μάρτυρες,
1701 779 1835 835 spo-

250 839 548 909 καιοφόροι
588 846 731 897 κατά
752 845 852 914 τῆς
896 846 1112 918 πλάνης
1140 851 1590 922 ἀναδειχθέντες,
1631 855 1835 926 πύργοι

249 930 347 999 τῆς
380 932 505 985 καθ’
534 935 684 1003 ἡμᾶς
708 936 944 1000 πίστεως
965 937 1229 1010 ὤφθησαν
1255 945 1663 1011 ἀκατάσειστοι,
1701 944 1836 1001 στῦ-

142 1044 157 1057 ο
251 1019 336 1072 λοι
366 1021 469 1090 τῆς
504 1023 835 1103 Ἐκκλησίας
861 1029 955 1082 καὶ
979 1030 1289 1104 ἑδραίωμα,
1315 1037 1524 1106 κρηπὶς
1547 1038 1650 1109 τῆς
1675 1040 1836 1095 εὐσε-

254 1110 407 1205 ϐείας
434 1116 529 1168 καὶ
557 1114 808 1186 θεμέλιος
839 1121 1227 1196 ἀκαθαίρετος,
1284 1129 1445 1193 κλέος
1495 1132 1639 1201 μέγα
1677 1134 1838 1205 ἡμῶν

253 1203 368 1257 τῶν
397 1207 608 1260 πιστῶν
636 1211 731 1263 καὶ
760 1212 1216 1287 ἐγκαλλὼπισμα,
1243 1220 1319 1284 ὠς
1345 1224 1636 1294 φωστῆρες
1689 1203 1834 1296 λαμ-

253 1296 389 1364 ⁴κροὶ
422 1299 518 1351 καὶ
548 1303 1081 1373 νοεροὶ,μφωτίζουσι
1103 1310 1174 1363 τά
1210 1311 1425 1383 πέρατα
1450 1329 1463 1343 ·
1493 1318 1614 1380 ταῖς
1645 1318 1833 1374 ἀκτῖσι

248 1386 365 1439 τῶν
408 1390 640 1457 ἀγώνων
698 1396 794 1447 καὶ
841 1396 942 1466 τῆς
983 1398 1222 1465 πίστεως
1259 1406 1833 1478 ὲναπαστράπτοντες.

256 1479 326 1570 ’ρ
350 1479 594 1546 πίστεως
617 1483 872 1551 ἀκλινοῦς
910 1491 1005 1543 καὶ
1033 1492 1254 1564 ἀγάπης
1289 1481 1701 1570 ἀνεκφράστου,
1735 1502 1837 1555 καὶ

251 1568 473 1634 δλπίδος
500 1573 893 1632 ἀντνδυάστουί
923 1578 968 1632 ὣ
1010 1580 1190 1653 ψυχῆς
1230 1568 1488 1653 γενναίας
1532 1589 1835 1658 ἀγγελικοῦ

252 1662 694 1731 παραστήματος
717 1667 732 1718 l
764 1665 809 1720 ὣ
839 1677 1054 1740 φρενῶν
1080 1673 1304 1744 ὑψηλῶν
1324 1694 1384 1730 τε
1418 1680 1515 1732 καὶ
1541 1680 1827 1750 οὐρανίων,

1939 509 2096 548 suum
2130 495 2452 577 clademque
2483 500 2854 569 deplorantes.

2006 762 2292 834 Sapientes
2324 765 2377 820 bi
2415 780 2478 821 ac
2503 766 2842 823 celeberrimi
2880 778 3168 841 martyres,
3203 771 3272 827 de
3317 785 3514 827 errore

1939 844 2357 931 triumphatores
2389 857 2590 930 effecti,
2638 860 2761 914 fidei
2811 870 3011 915 nostra:
3058 863 3509 932 inexpugnabiles

1937 955 2116 1003 turres
2153 948 2502 1013 exstiterunt,
2534 949 2790 1006 Ecclesia:
2834 952 3102 1007 columnae
3133 968 3197 1008 ac
3226 962 3510 1009 sustenta-
3562 991 3567 995 η

1936 1040 2076 1106 cuia,
2122 1040 2399 1112 religionis
2446 1041 2604 1098 bases
2636 1052 2695 1098 et
2734 1044 3013 1101 immobile
3064 1044 3508 1113 fundamentum,

1934 1132 2102 1203 gloria
2138 1133 2330 1201 ingens
2373 1120 2681 1188 nostratem
2748 1136 2983 1190 fidelium
3012 1145 3065 1191 et
3104 1150 3504 1205 ornamentum,

1935 1223 2221 1276 luminaria
2277 1222 2557 1292 splendida
2598 1233 2655 1279 et
2695 1225 3078 1280 intellectualia
3128 1230 3312 1282 mundi
3370 1228 3505 1284 fines

1935 1314 2275 1380 illuminant,
2327 1316 2693 1370 certaminum
2755 1331 2978 1371 suorum
3043 1317 3277 1387 fideique
3337 1320 3507 1375 radiis

1936 1406 2226 1476 fulgentes.
2253 1405 2299 1460 Ο
2324 1406 2482 1460 fidem
2510 1407 2767 1461 invictam
2792 1407 2806 1459 l
2839 1422 2874 1461 o
2898 1409 3220 1465 charitatem
3263 1409 3510 1467 ineffabi-

1934 1499 2069 1554 leml
2096 1514 2131 1551 ο
2157 1513 2309 1568 spem
2337 1497 2643 1551 indubiam!
2669 1513 2701 1553 ο
2729 1499 2887 1553 fortis
2914 1499 3108 1554 anima:
3144 1500 3508 1554 constantiam

1935 1588 2263 1661 angelicam!
2293 1602 2329 1643 ο
2366 1588 2703 1643 excelsaqu
2775 1588 3034 1644 mentium
3098 1588 3511 1657 cmlestiumque

1935 1680 2272 1736 alacritatem
2322 1688 2485 1749 atque
2546 1679 2812 1748 vigorem,
2869 1688 3066 1733 natura
3129 1679 3416 1748 majorem,
3455 1693 3514 1732 re

252 1751 353 1842 καὶ
381 1753 700 1825 προθυμίας
728 1761 822 1813 καὶ
849 1763 1112 1834 σπουδῆς,
1141 1768 1386 1839 νικώσης
1413 1771 1514 1842 τὴν
1554 1746 1717 1841 φόσιν
1738 1774 1834 1826 καὶ

1943 1783 2119 1826 creata
2159 1746 2526 1840 superiorem!
2557 1746 2699 1834 Quid
2737 1770 2887 1839 prius
2916 1780 3199 1839 stupentes
3218 1746 3514 1826 admirabi-

253 1841 714 1918 ὕπεριπταμένης
747 1850 848 1920 τὴν
879 1853 1093 1910 κτίσινί
1147 1857 1213 1910 Τί
1254 1841 1521 1930 πρότερον
1554 1861 1831 1933 θαυμάσο-

254 1953 355 2006 μεν
383 1938 1007 2012 ὑπερεκπληττὸμενοις
1038 1946 1144 2000 Τοῦ
1180 1949 1569 2018 ὲνισχύσαντος
1612 1952 1712 2020 τὴν
1744 1954 1837 2007 δύ-

254 2044 421 2098 ναμιν
445 2030 607 2096 Θεοῦ,
637 2031 673 2102 ἢ
702 2034 812 2086 τῶν
861 2036 1142 2105 ἑλομένων
1169 2040 1268 2110 τὴν
1308 2042 1630 2113 προαίρεσιν
1655 2061 1669 2109 ;
1725 2044 1834 2098 τῶν

254 2118 417 2173 θείων
442 2119 667 2191 δωρεῶν
692 2123 765 2177 τὰ
791 2127 1093 2197 παράδοξα,
1125 2130 1291 2201 ήδτῶν
1316 2132 1491 2199 ἁγίων
1514 2134 1575 2186 τὸ
1604 2136 1837 2204 μεγαλό-

249 2208 462 2281 ψυχονς
511 2213 566 2267 Ἀ
578 2215 829 2287 μφότερα
859 2219 970 2291 γὰρ
994 2222 1091 2273 καὶ
1117 2221 1281 2291 φύσιν
1307 2225 1398 2277 καὶ
1427 2225 1585 2293 λόγον
1609 2225 1835 2281 νικῶσιν

254 2302 697 2376 ὑπερϐαλόμενα.
750 2306 906 2363 Μετά
967 2313 1063 2366 τοῦ
1144 2316 1432 2385 [προφήτου
1497 2316 1827 2389 βοήσωμενο

256 2398 385 2463 Τοῖς
404 2399 601 2471 ἁγίοις
620 2403 747 2470 τοῖς
781 2406 852 2458 ἐν
888 2406 966 2476 τῇ
1001 2402 1079 2476 γῆ
1113 2409 1321 2473 αὐτοῦ,
1362 2411 1834 2480 ἐθαυμάστωσεν

253 2493 285 2543 ὀ
310 2493 532 2559 Κύριος
550 2508 567 2525 ο
606 2494 805 2549 πάντα
831 2498 902 2552 τὰ
923 2499 1231 2568 θελήματα
1262 2501 1450 2556 αὐτοῦ
1490 2503 1561 2557 ἐν
1591 2505 1794 2571 αὐτοῖς
1813 2521 1830 2535 ⁸

253 2581 440 2654 ἐπειδὴ
475 2586 572 2638 καὶ
593 2579 753 2650 οὗτος
773 2589 1085 2659 θαυμαστὸς
1112 2593 1170 2644 ὲν
1198 2593 1385 2656 αὐτοῖς
1428 2595 1597 2659 ἐστιν,
1621 2595 1705 2648 ὅτι
1734 2597 1834 2664 τῆς

252 2673 485 2738 κτίσεως
508 2678 692 2745 πάσης
721 2679 1146 2750 ὑπεραρθέντες,
1194 2683 1341 2755 μόνῳ
1389 2684 1467 2755 τῷ
1512 2684 1703 2757 κτίστῃ
1736 2689 1835 2740 καὶ

248 2765 572 2838 δημιουργῷ
632 2770 1112 2841 ωνανεκράθησαν
1139 2786 1155 2803 ⁸
1190 2773 1336 2827 οὕτω
1383 2775 1446 2845 δὴ
1473 2772 1567 2828 οὖν
1604 2777 1832 2844 γεγόνα-

252 2870 336 2910 σιν
360 2855 613 2928 ἔσοπτρα
661 2859 796 2913 Θεοῦ
827 2861 1158 2933 ἀκηλίδωτα,
1207 2864 1595 2936 καθαρώτατα,
1632 2869 1831 2921 διειδέ-

251 2963 422 3001 στατα
446 2963 462 2977 ·
489 2949 591 3020 τὴν
619 2949 772 3006 θείαν
799 2952 857 3004 δὲ
902 2954 1098 3007 ἀκτῖνα
1144 2955 1404 3026 καθαρῶς
1453 2959 1575 3021 ταῖς
1624 2959 1834 3012 ἑαυτῶν

1937 1860 2098 1917 mur?
2123 1861 2481 1916 Fortitudinis
2525 1860 2770 1916 datorem
2808 1860 2998 1925 Deum,
3033 1875 3102 1913 an
3133 1860 3354 1914 fortium
3381 1875 3510 1925 pro-

1934 1953 2210 2024 positum?
2275 1953 2582 2008 divinorum
2649 1953 2912 2006 donorum
2975 1952 3383 2019 praestantiam,
3440 1967 3513 2005 an

1936 2055 2251 2101 sanctorum
2321 2043 2867 2114 magnanimitatem?
2918 2042 3158 2112 Utraque
3215 2058 3304 2097 res
3363 2042 3507 2099 enim

1935 2147 2188 2192 naturam
2218 2135 2629 2201 orationemque
2675 2142 2914 2187 nostram
2950 2134 3184 2188 excedit.
3214 2131 3350 2187 Cum
3377 2131 3512 2187 Pro-

1933 2231 2094 2300 pheta
2127 2243 2254 2293 ει·αο
2275 2226 2734 2282 exclamahimus:
2763 2225 2978 2280 Sanctis
3012 2226 3105 2295 qui
3134 2237 3255 2280 sunt
3288 2227 3341 2279 in
3369 2233 3511 2293 terra

1933 2320 2070 2389 rjns,
2124 2316 2424 2385 miriﬁcavit
2455 2316 2713 2369 Dominus
2751 2332 2928 2370 omnes
2959 2315 3253 2370 voluntates
3298 2332 3424 2370 suas
3452 2316 3512 2369 in

1933 2414 2009 2467 eis
2036 2413 2079 2466 ⁴’.
2101 2410 2366 2477 Quoniam
2401 2418 2459 2464 et
2483 2409 2572 2463 hic
2600 2409 2866 2463 mirabilis
2887 2409 2939 2462 in
2959 2409 3039 2464 eis
3059 2418 3164 2473 est,
3192 2408 3317 2478 quia
3344 2422 3508 2476 supra

1933 2518 2147 2561 onmem
2189 2511 2492 2557 creaturam
2525 2517 2585 2557 se
2617 2502 2961 2566 extollentes,
2991 2502 3081 2554 uni
3115 2500 3348 2556 creatori
3379 2515 3510 2554 con-

1933 2596 2206 2664 ditorique
2254 2609 2355 2649 suo
2413 2594 2777 2649 adba'serunt.
2824 2592 2916 2648 Sic
2955 2594 3137 2663 itaque
3197 2591 3329 2646 facti
3383 2598 3510 2645 sunt

1933 2687 2211 2758 speculum
2247 2685 2344 2741 Dei
2373 2686 2796 2749 immaculatum,
2833 2684 3205 2755 purissimum,
3239 2682 3509 2751 limpidis-

1933 2781 2167 2843 simum;
2196 2778 2548 2846 divinumque
2578 2778 2790 2832 radium
2821 2791 2955 2846 pure
2975 2766 3030 2829 in
3055 2774 3170 2830 suis
3202 2773 3511 2845 purissimis

1935 2870 2224 2925 animabus
2276 2869 2631 2937 excipientes,
2683 2868 2776 2922 Dei
2829 2868 3126 2921 imitatores
3178 2873 3508 2930 evaserunt;

1934 2962 2189 3032 quodque
2221 2960 2362 3015 Deus
2384 2969 2470 3014 est
2494 2970 2686 3029 suapte
2708 2968 2931 3024 natura,
2967 2959 3066 3028 ipsi
3102 2956 3514 3028 participatione

251 3040 672 3111 καθαρωτάταις
706 3042 906 3112 ψυχαῖς
947 3044 1337 3116 εἰσδεχόμενοι,
1389 3047 1450 3101 τὸ
1497 3047 1833 3122 θεομὶμητον

1943 3064 1992 3107 et
2018 3052 2189 3123 gratia
2223 3050 2502 3105 consecuti
2544 3060 2690 3114 sunt,
2716 3049 2843 3102 facti
2884 3049 3138 3102 nimirum
3174 3047 3265 3101 Dei
3299 3046 3510 3101 habita-

249 3132 694 3202 κατεκτήσαντο·
752 3134 850 3187 καὶ
878 3136 1018 3206 ὅπερ
1067 3136 1204 3200 Θεὸς
1238 3136 1421 3206 φύσει,
1451 3137 1615 3203 τοῦτο
1670 3140 1830 3194 αὐτοὶ

256 3225 473 3296 μεθέξει
504 3228 602 3281 καὶ
631 3229 815 3299 χάριτι
849 3230 1253 3299 ἀπηνέγκαντο,
1298 3233 1393 3286 καὶ
1416 3233 1667 3306 ὑπῆρξαν
1693 3230 1834 3286 Θεοῦ

254 3321 600 3390 παταγώγια,
637 3320 731 3375 καὶ
767 3322 883 3376 ναοὶ
914 3322 1086 3376 ἔνθεον
1134 3325 1227 3378 καὶ
1276 3324 1543 3397 λαμπροὶ,
1569 3326 1713 3380 κατά
1737 3326 1836 3397 τὴν

1937 3145 2078 3209 cula,
2111 3143 2305 3213 templa
2338 3142 2516 3197 divina
2548 3151 2603 3195 et
2623 3140 2929 3211 splendida,
2955 3139 3109 3208 juxta
3137 3138 3514 3208 propheticam
3571 3166 3583 3178 -

1940 3237 2266 3291 locutionem
2294 3252 2308 3288 :
2337 3234 2603 3288 flabitabo
2648 3236 2705 3287 in
2735 3233 2811 3287 eis
2845 3242 2893 3287 et
2930 3224 3300 3294 inambulabo;
3332 3236 3382 3282 et
3408 3227 3513 3296 ipsi

1943 3336 2094 3380 erunt
2123 3327 2248 3380 mihi
2283 3327 2528 3396 populus,
2558 3335 2604 3379 et
2628 3341 2720 3394 ego
2747 3324 2958 3378 illorum
2984 3321 3154 3376 Deum
3184 3322 3229 3376 ⁵.

255 3413 571 3480 φάσκουσαν
604 3415 950 3488 προφητικὴν
996 3418 1436 3488 προαγόρευσιν·
1493 3418 1829 3489 Ἐνοικήσω
1862 3419 1934 3474 ἐν
1964 3417 2171 3484 αὐτοῖς
2226 3417 2325 3471 καὶ
2351 3415 2842 3487 ἐμπεριπατήσω’
2884 3412 2985 3467 καί
3057 3412 3224 3467 αὐτοὶ
3264 3404 3517 3464 ἔσονται

250 3522 347 3573 μοι
378 3510 469 3572 είς
493 3505 672 3569 λαὸν,
712 3510 815 3561 καί
838 3508 956 3577 ἐγὼ
983 3506 1198 3578 ἔσομαι
1222 3509 1427 3576 αὐτοῖς
1456 3510 1545 3574 είς
1575 3512 1748 3564 Θεόν.

320 3590 487 3651 Οὗτοι
506 3597 688 3650 τοίνυν
725 3597 816 3651 τὸν
851 3597 1040 3667 ἀγῶνα
1071 3598 1164 3651 τὸν
1204 3599 1370 3652 καλὸν
1399 3599 1583 3663 καλῶς
1633 3601 1836 3669 ἀγωνι-

257 3687 505 3758 σάμενοι,
533 3688 633 3755 τὴν
664 3687 847 3741 πίστιν
872 3691 1237 3760 τηρήσαντες,
1281 3690 1374 3743 τὸν
1425 3690 1628 3763 δρόμον
1682 3691 1836 3744 τελέ-

260 3796 471 3845 σαντες,
522 3780 728 3851 κόσμον
761 3782 853 3834 καὶ
911 3783 1335 3856 κοσμοκράτορα
1384 3785 1709 3856 νικήσαντες
1741 3784 1836 3839 καί

260 3876 627 3944 πατήσαντες,
680 3872 779 3943 τὴν
835 3873 1013 3944 καλήν
1043 3891 1101 3927 τε
1131 3877 1524 3946 πραγματείαν
1558 3879 1830 3948 ἐμπορευ-

261 3967 528 4037 σάμενοι,
588 3966 684 4019 καί
732 3966 1096 4037 ἀλλαξάμενοι
1145 3966 1255 4021 τῶν
1301 3970 1399 4040 οὐχ
1444 3968 1695 4025 ἑστώτων
1737 3968 1836 4023 καὶ

261 4060 496 4129 ῥεόντων
537 4058 605 4112 τὰ
638 4060 813 4112 εἰσαεὶ
852 4058 1198 4130 διαμένοντα,
1239 4062 1513 4126 τοσούτοις
1561 4061 1835 4132 ἀνδραγα-

259 4152 466 4223 θήμασι
499 4151 596 4206 καὶ
620 4151 964 4223 τηλικούτοις
994 4153 1337 4225 παλαίσμασι
1386 4156 1496 4209 τῶν
1527 4156 1837 4226 ἀμαραντί-

259 4261 360 4296 νων
387 4243 679 4313 στεφάνων
708 4246 757 4298 οἱ
795 4244 1058 4309 ἀξιόνικοι
1109 4246 1210 4317 τῆς
1263 4245 1524 4316 ἀληθείας
1556 4248 1837 4320 μάρτυρες

261 4334 405 4404 παρά
439 4334 538 4386 τοῦ
567 4332 862 4387 ἀθλοθέτου
884 4334 1021 4388 Θεοῦ
1051 4335 1446 4407 κατηξίωνται,
1486 4338 1582 4393 καὶ
1609 4334 1835 4409 Χριστῷ

262 4427 340 4488 είς
380 4426 563 4480 αἰῶνα
637 4426 1138 4497 συμϐασιλεύουσι·
1192 4428 1417 4499 Χριστῷ
1468 4430 1836 4500 συγκληρονο-

266 4516 450 4584 μοῦσι,
482 4517 581 4569 καὶ
625 4516 716 4570 τὸν
749 4517 850 4586 τῆς
890 4516 1199 4582 ἀθανασίας
1231 4517 1582 4588 διαλαχόντες
1610 4517 1837 4590 κλῆρον,

266 4604 431 4668 ζῶσιν
457 4607 517 4659 ὲν
546 4605 699 4677 αὐτῷ
725 4604 875 4677 ζωὴν
900 4607 1004 4678 τήν
1031 4607 1379 4669 ἀκατάλυτον
1411 4609 1508 4662 καὶ
1532 4608 1840 4680 ἀμήρυτον,

267 4701 398 4764 φωτὶ
444 4696 605 4768 ἀϊδίῳ
649 4699 1175 4770 ὲναστραπτόμενοι,
1216 4697 1298 4770 τῷ
1352 4699 1482 4771 θείῳ
1517 4699 1708 4753 κάλλει
1750 4701 1839 4754 ὲνο

268 4788 676 4860 αγλαῖζόμενοι,
704 4793 827 4854 ταῖς
850 4791 961 4845 ἀνω
989 4793 1258 4861 δυνάμεσι
1275 4792 1734 4865 συγχορεύοντεςο
1755 4791 1850 4847 καὶ

270 4880 320 4933 τί
346 4882 458 4954 γὰρ
493 4881 653 4936 πλέον
676 4881 710 4953 ἢ
737 4882 856 4953 Θεῷ
879 4886 1117 4963 συνεῖναι
1142 4887 1242 4938 καὶ⁴
1268 4885 1371 4954 τῆς
1392 4884 1650 4938 ἐντεῦθεν
1678 4900 1851 4939 κατα-

272 4976 481 5046 τρυφᾷν
510 4975 924 5046 μακαριότητος
976 4976 1273 5048 ἠξιωμένοι
1322 4978 1423 5048 τῆς
1460 4978 1574 5032 ἄνω
1605 4974 1766 5050 δόξης
1789 4996 1849 5032 τε

274 5067 364 5117 καὶ
384 5067 816 5137 λαμπρότητος;
845 5070 892 5121 εί
917 5068 1027 5140 γάρ
1075 5087 1194 5132 πως
1220 5071 1317 5124 καὶ
1345 5070 1493 5124 δοκεῖ
1533 5071 1848 5142 κεκρύφθαι

276 5155 453 5209 αὐτῶν
486 5155 582 5209 νῦν
607 5157 708 5226 τὴν
734 5156 901 5228 ζωήν,
937 5158 1117 5212 Ὅταν
1144 5162 1177 5214 ό
1220 5162 1500 5229 Χριστὸς,
1528 5162 1685 5230 φησὶ,
1737 5178 1847 5231 φα-

276 5248 501 5318 νερωθῇ
534 5248 573 5315 ἡ
606 5248 719 5317 (Ruit
767 5248 959 5319 ἡμῶν,
998 5252 1133 5306 τότε
1175 5252 1277 5307 καὶ
1319 5251 1643 5308 αὐτοὶοσὺν
1691 5251 1850 5318 αὐτῷ

280 5341 807 5412 φανερωθήσογται
835 5343 906 5397 ἐν
925 5343 1102 5413 δόξῃ.
1142 5344 1204 5398 '0
1226 5344 1337 5416 γάρ
1362 5363 1444 5399 τοι
1494 5344 1606 5397 τῶν
1643 5343 1850 5414 μαρτύ-

286 5449 390 5504 ρων
413 5435 569 5499 Θεὸς,
600 5434 735 5498 Θεὸς
773 5435 1032 5507 ’Δϐραὰμ
1055 5438 1157 5491 καὶ
1190 5437 1376 5491 Ἰσαὰκ
1398 5437 1492 5491 καὶ
1532 5434 1757 5499 Ἰακὼϐ,
1788 5435 1850 5488 οὐ

282 5528 508 5599 νεκρῶν,
530 5529 667 5583 ἀλλά
687 5527 906 5594 ζώντων
923 5527 1056 5592 Θεός
1076 5529 1251 5594 ἐστιν,
1273 5529 1350 5592 ὡς
1376 5528 1711 5599 γέγραπται.
1728 5528 1821 5580 Ἰόι
1835 5558 1853 5570 ο

360 5680 548 5742 "Psal.
580 5701 671 5752 xv,
710 5684 763 5739 5.
841 5687 862 5720 ⁸
896 5684 1072 5742 Levit.
1116 5701 1262 5753 xxvr,
1291 5684 1390 5751 l2;
1425 5683 1467 5740 ll
1520 5685 1649 5743 Cor.
1690 5699 1767 5752 γι,
1797 5685 1835 5735 it

1961 5681 1980 5714 ‘
2006 5679 2215 5735 Coloss.
2252 5696 2334 5741 ιιι,
2369 5679 2422 5735 ii.

2017 3599 2082 3654 Hi
2118 3614 2273 3669 ergo,
2303 3598 2568 3669 praeclaro
2598 3599 2898 3653 certamine
2924 3597 3185 3666 praeclare
3213 3595 3513 3649 decertata.

1942 3692 2046 3748 fide
2080 3702 2324 3756 servata,
2380 3706 2544 3746 cursu
2592 3697 2998 3753 consummato,
3043 3687 3243 3742 mundo
3293 3685 3517 3753 ejusque

1940 3785 2188 3854 principe
2211 3782 2500 3848 debellato,
2527 3782 2744 3851 egregio
2773 3778 3020 3834 confecto
3043 3779 3280 3847 negotio,
3309 3776 3513 3830 caduca

1947 3891 2012 3932 ac
2041 3876 2183 3930 fluxa
2218 3874 2376 3944 125
2409 3888 2532 3928 cum
2569 3870 2843 3942 perpetuis
2863 3879 3280 3930 comminantes,
3302 3869 3370 3921 ob
3404 3867 3517 3920 haec

1941 3966 2175 4020 viriliter
2211 3976 2385 4033 gesta,
2421 3973 2477 4017 et
2507 3971 2655 4016 tanta
2679 3959 3003 4024 certamina,
3040 3956 3516 4013 immarcescibili—

1942 4059 2044 4114 bus
2070 4057 2290 4112 coronis
2334 4055 2616 4109 victoriosi
2652 4053 2901 4108 veritatis
2943 4060 3107 4106 testes
3140 4066 3169 4103 a
3205 4049 3521 4103 munerario

1942 4148 2300 4205 certaminum
2328 4148 2438 4202 Deo
2468 4145 2615 4214 digni
2653 4142 3024 4206 habebuntur,
3055 4148 3107 4196 et
3135 4154 3257 4195 cum
3296 4138 3517 4192 Christo

1943 4238 2270 4296 teternaliter
2307 4237 2609 4306 regnabunt
2653 4235 2872 4290 Christo
2894 4231 3104 4289 scilicet
3129 4229 3257 4284 facti
3277 4228 3519 4284 cohaere-

1945 4334 2061 4399 des,
2089 4342 2144 4389 et
2172 4329 2602 4387 immortalitatis
2644 4338 2846 4384 sortem
2894 4324 3100 4396 adepti,
3147 4323 3334 4376 vivunt
3376 4318 3519 4389 apud

1943 4442 2066 4483 eum
2093 4426 2256 4481 vitam
2291 4422 2662 4479 incessabilem
2688 4436 2753 4475 ac
2776 4428 3116 4490 perpetuam,
3145 4415 3266 4470 luce
3292 4414 3516 4467 immor-

1946 4520 2039 4576 tali
2077 4519 2374 4590 fulgentes,
2406 4515 2590 4570 divina
2622 4512 3031 4585 pulchritudine
3067 4509 3363 4569 venustati,
3394 4521 3519 4560 cum

1946 4612 2198 4682 supernis
2232 4609 2592 4680 potestatibus
2621 4608 2850 4661 choreas
2882 4605 3173 4674 agitantes.
3224 4601 3358 4655 Nam
3391 4599 3520 4669 quid

1950 4707 2124 4775 majus
2154 4719 2279 4760 esse
2322 4711 2531 4768 potest,
2582 4715 2743 4770 quam
2774 4700 2983 4754 versari
3023 4712 3145 4754 cum
3182 4695 3314 4759 Deo,
3362 4703 3525 4762 atque

1949 4798 2097 4854 illinc
2128 4797 2389 4851 beatitate
2416 4794 2645 4864 perfrui,
2679 4806 2912 4862 superna
2940 4791 3110 4862 gloria
3142 4789 3336 4856 dignos
3365 4785 3520 4840 habi-

1949 4900 2033 4944 tos
2060 4896 2221 4955 atque
2252 4883 2584 4956 splendore?
2614 4882 2838 4938 Etiamsi
2878 4882 3023 4935 enim
3071 4895 3213 4932 nunc
3244 4877 3382 4930 forte
3415 4876 3525 4930 vita

1949 4979 2164 5034 illorum
2194 4978 2427 5032 obscura
2458 4973 2692 5039 videtur,
2732 4983 2971 5027 attamen
3014 4988 3028 5023 :
3070 4966 3204 5022 Cum
3254 4964 3525 5027 Christus,

1949 5070 2146 5140 inquit,
2175 5067 2478 5139 apparuerit
2510 5066 2619 5120 vita
2673 5072 2875 5128 nostra,
2907 5070 3029 5115 tunc
3074 5067 3124 5112 et
3154 5058 3256 5125 ipsi
3295 5071 3414 5107 cum
3458 5069 3523 5107 eo

1945 5162 2272 5231 apparebunt
2309 5164 2365 5215 in
2388 5159 2557 5230 gloria
2594 5157 2638 5213 ⁸.
2669 5156 2917 5223 Namque
2937 5159 3237 5221 martyrum
3268 5149 3411 5202 Deus
3442 5153 3528 5201 est

1947 5253 2239 5307 Abrahami
2282 5251 2424 5304 Deus
2445 5259 2499 5305 et
2524 5248 2694 5305 lsaaci
2722 5257 2775 5302 et
2807 5244 3016 5306 Jacobi,
3048 5256 3150 5297 non
3189 5249 3527 5294 mortuorum

1946 5342 2040 5397 sed
2074 5341 2368 5397 viventium
2422 5340 2564 5394 Deus
2609 5346 2714 5402 est,
2746 5336 2823 5391 uti
2867 5336 3126 5403 scriptum
3155 5343 3239 5388 est.
3263 5331 3306 5385 '.
3340 5331 3530 5398 Itaque

1949 5443 2251 5487 sanctarum
2276 5432 2468 5485 animis
2489 5431 2542 5483 in
2566 5443 2728 5481 manu
2752 5426 2845 5479 Dei
2868 5434 2993 5480 sunt
3017 5425 3063 5488 ⁸,
3089 5437 3263 5492 neque
3288 5435 3530 5489 unquam.

1950 5540 2046 5581 cas
2082 5533 2267 5593 tanget
2291 5524 2473 5588 dolor;
2509 5533 2564 5577 et
2596 5532 2906 5589 quanquam
2951 5516 3124 5572 oculis
3172 5517 3362 5570 hot‘uut
3397 5514 3529 5570 iusi-

2521 5680 2539 5713 ⁷
2575 5678 2706 5763 huc.
2737 5694 2810 5734 xx
2863 5677 2956 5734 58.
3031 5678 3053 5710 ⁸
3086 5678 3220 5751 Sap.
3256 5691 3340 5741 tu,
3372 5672 3429 5729 1.
