3918 6144
448 313 558 380 475

357 5116 374 5158 1

1474 327 1535 389 S.
1577 328 1995 391 NICEPHORI
2032 318 2676 393 ΡΑΤΒΙΑΒΕΗᾹΞὈΡ.

3600 327 3710 392 476

452 423 711 494 pientium
752 424 853 481 visi
898 433 1026 482 sunt
1076 427 1237 494 mori,
1271 437 1327 485 et
1355 440 1601 501 reputata
1634 443 1718 489 est
1741 434 1994 490 calamita

2127 435 2336 515 γαροῦν
2364 438 2425 489 ai
2452 435 2571 489 τῶν
2596 435 2786 505 ἁγίων
2825 434 3021 506 ψυχαὶ
3070 410 3148 489 ἐν
3181 436 3333 504 χειρί
3374 437 3530 492 Θεοῦ
3562 442 3705 504 εἰσι,

450 518 630 571 exitus
678 516 923 586 illorum;
954 527 1011 574 et
1040 534 1071 574 a
1106 521 1262 577 nobis
1292 521 1588 592 discessus,
1621 526 1916 595 contritio;
1948 527 2025 583 illi

453 608 804 663 nihilominus
852 619 983 664 sunt
1012 610 1066 666 in
1099 626 1250 681 pace.
1302 611 1419 668 Non
1456 616 1600 670 enim
1633 617 1830 671 mortui
1876 628 2021 687 sunt,

450 699 543 751 se.l
581 700 785 765 vivunt,
818 709 873 756 et
903 716 1130 756 somnus
1163 702 1344 771 potius
1373 720 1538 775 quam
1572 722 1721 764 mors
1744 719 1850 777 est,
1877 725 2024 768 mors

454 790 666 845 illorum
701 792 975 861 pretiosa;
1013 795 1154 849 haud
1190 805 1333 851 terra
1371 798 1586 863 infossi,
1619 803 1711 858 sed
1746 803 1799 856 in
1825 804 2021 860 coelum

452 879 629 933 volatu
659 881 782 935 elati
812 880 948 953 (64).
986 883 1201 939 Etenim
1238 901 1306 940 ex
1336 888 1676 955 corruptibili
1709 891 2023 963 caducaque

450 971 556 1021 vita
583 969 850 1037 translati,
877 973 928 1026 in
950 972 1113 1028 aliam
1138 978 1472 1035 transierunt
1503 982 1802 1036 senectutis
1824 996 2019 1053 exper-

447 1070 552 1113 tem
600 1070 654 1115 et
697 1064 1101 1127 sempiternam.
1169 1067 1531 1134 Quamobrem
1582 1072 1635 1126 in
1688 1074 2020 1143 quotidianis

445 1151 672 1205 ιτιιιιίιίίε
721 1154 945 1220 nostris,
996 1156 1145 1213 circa
1201 1157 1333 1214 illud
1383 1161 1770 1218 acroteleution
1819 1165 2019 1219 cantici

444 1240 812 1312 quod-hymno
835 1246 1162 1316 succinitur,
1192 1262 1491 1320 congruum
1517 1252 1646 1320 quid
1678 1252 2019 1310 modulantes

443 1346 541 1385 ceu
575 1334 643 1386 ad
674 1334 916 1390 viventes
942 1335 994 1390 in
1021 1335 1132 1392 Deo
1165 1348 1388 1394 sanctos
1419 1355 1434 1392 :
1460 1338 1783 1408 Benedicite,
1799 1345 2019 1413 spiritus

441 1430 486 1473 et
520 1423 713 1489 animm
733 1423 1029 1492 justorum,
1055 1424 1306 1494 Domino,
1334 1429 1582 1497 dicimus,
1611 1438 1668 1486 et
1694 1446 1811 1501 qua:
1833 1434 1904 1489 ibi
1926 1450 2015 1491 se-

440 1521 702 1578 quuntur.
733 1516 892 1584 Atqui
923 1515 999 1570 illi
1024 1518 1297 1573 canticum
1327 1517 1539 1575 Domini
1576 1522 1720 1579 haud
1757 1534 2015 1581 canerent

443 1601 497 1653 in
531 1611 675 1657 terra
716 1604 916 1672 aliena,
950 1613 1005 1661 et
1031 1621 1061 1661 a
1095 1616 1283 1664 nostro
1316 1623 1475 1665 sacro
1509 1613 1675 1667 choro
1703 1613 2014 1685 longissime

439 1691 732 1758 absentes,
787 1695 831 1750 si
881 1706 1031 1752 certe
1091 1700 1263 1754 sancti
1329 1702 1399 1756 ab
1455 1704 1535 1758 eis
1595 1705 1793 1759 mortui
1858 1720 2013 1776 puta-

438 1792 646 1841 rcttlttt'.

2126 526 2222 580 καὶ
2247 526 2309 579 οὐ
2342 527 2416 597 μή
2450 542 2580 579 ποτε
2603 525 2787 579 αὐτῶν
2825 525 3035 596 ἅψηται
3081 526 3343 596 βάσανος,
3384 526 3493 582 κάν
3516 528 3711 595 ἔδοξαν

2125 619 2184 671 ὲν
2210 616 2512 689 ὀφθαλμοῖς
2539 618 2773 672 τουτωνὶ
2800 616 2911 672 τῶν
2953 618 3215 689 ἀφρόνων
3262 619 3549 687 τεθνάναι,
3608 623 3712 676 καὶ

2125 707 2380 779 ἐλογίσθη
2406 709 2656 771 κάκωσις
2687 710 2721 779 ἡ
2756 708 2936 774 ἔξοδος
2966 708 3172 773 αὐτῶν,
3205 710 3300 763 καὶ
3337 713 3373 782 ἡ
3414 711 3510 781 ἀφ’
3545 711 3711 782 ἡμῶν

2125 798 2319 871 πορεία
2336 797 2671 871 σύντριμμαο
2694 799 2745 852 οἰ
2765 799 2823 852 δέ
2849 801 2989 854 εἰσιν
3009 802 3069 855 ὲν
3085 802 3302 873 εἰρήνῃ·
3327 803 3389 857 ού
3406 803 3711 873 τεθνήκασι

2122 891 2252 962 γὰρ,
2279 889 2416 944 ἀλλὰ
2430 891 2587 956 ζῶσι,
2605 893 2703 945 καὶ
2730 892 2897 956 ὕπνος
2919 893 3120 964 μᾶλλον
3137 895 3321 965 τίμιος
3340 895 3372 966 ἢ
3397 895 3655 960 Θάνατος,
3680 898 3712 948 ό

2122 982 2353 1047 θάνατος
2382 983 2564 1059 αὐτῶν
2591 985 2744 1038 ἐστιν
2769 1000 2784 1017 ο
2824 984 2925 1038 οὐκ
2959 986 3042 1049 εἰς
3067 987 3173 1057 γῆν
3211 986 3543 1055 ὑποδύντες,
3589 987 3709 1042 ἀλλ’

2121 1076 2202 1137 εἰς
2233 1075 2500 1146 οὐρανοὺς
2540 1076 2905 1142 ἀναπτάντες.
2943 1077 3069 1132 Τῶν
3108 1079 3219 1150 γὰρ
3253 1079 3520 1151 φθαρτῶν
3572 1098 3712 1151 μετ-

2118 1167 2449 1229 αναστάντες
2475 1167 2570 1221 καὶ
2608 1169 2918 1239 ἐπικήρων,
2968 1170 3058 1239 ἐφ’
3097 1170 3295 1241 ἑτέραν
3346 1170 3532 1243 βιοτὴν
3567 1190 3712 1243 μετ-

2117 1258 2379 1327 ετάξαντο
2407 1259 2506 1331 τὴν
2535 1262 2729 1332 ἀγήρω
2755 1278 2818 1315 τε
2869 1263 2965 1316 καὶ
3009 1264 3336 1336 μακραίωνα
3359 1281 3371 1296 ·
3418 1264 3613 1335 διόπερ
3648 1266 3711 1320 ἑν

2115 1352 2229 1414 τοῖς
2251 1350 2523 1423 ὁσημέραι
2555 1355 2687 1425 παρ’
2719 1355 2852 1424 ἡμῖν
2891 1353 3199 1426 ᾀδομένοις,
3261 1355 3384 1410 κατ’
3424 1358 3607 1410 ἐκεῖνο
3638 1357 3708 1427 δὴ

2114 1439 2178 1494 τδ
2196 1440 2613 1510 ἀκροτελεύτιον
2640 1442 2739 1497 τοῦ
2776 1443 3052 1514 ὲφυμνίου
3104 1442 3326 1515 μέλους,
3369 1446 3708 1517 ἐναρμόνιόν

2112 1546 2167 1583 τι
2190 1530 2485 1601 μέλποντες
2516 1527 2608 1585 οἷα
2639 1533 2776 1603 πρὸς
2804 1530 3017 1597 ζῶντας
3044 1535 3102 1586 ὲν
3146 1532 3270 1604 Θεῷ
3305 1535 3438 1598 τοὺς
3477 1534 3705 1601 ἁγίους,

2113 1620 2455 1692 Εὐλογεῖτε,
2476 1624 2787 1693 πνεύματα
2808 1623 2908 1678 καὶ
2932 1624 3126 1694 ψυχαί
3153 1626 3423 1692 δικαίων,
3451 1627 3558 1680 τὸν
3575 1626 3705 1681 K15-

2104 1729 2273 1780 ptor,
2304 1715 2560 1786 λέγομεν,
2594 1716 2693 1770 καὶ
2742 1716 2810 1770 τὰ
2867 1717 3085 1781 τούτοις
3131 1718 3400 1790 ἑπόμενα.
3458 1719 3705 1772 Ἐκεῖνοι

2034 1796 2077 1851 Β
2104 1802 2215 1872 ’γὰρ
2262 1805 2363 1859 οὐκ
2415 1806 2482 1860 ἂν
2509 1806 2608 1877 τὴν
2664 1806 2807 1879 ᾠδὴν
2844 1807 3056 1877 Κυρίου
3113 1807 3311 1879 ᾄσαιεν
3361 1809 3439 1871 ὡς
3462 1809 3559 1861 ἐπὶ
3586 1809 3704 1879 γῆς

436 1872 741 1945 ἀλλοτρίας,
764 1878 857 1931 καὶ
885 1878 985 1950 τῆς
1023 1879 1152 1935 καθ’
1182 1881 1330 1951 ἡμᾶς
1362 1883 1518 1953 ἰερᾶς
1553 1884 1882 1956 όμηγύρεως
1909 1888 1985 1951 ὡς
2056 1896 2399 1965 πορρωτάτω
2441 1872 2775 1969 ἱστάμενοιί
2812 1872 2974 1969 εἷπε-ρ
3041 1872 3226 1963 αὐτοῖς
3288 1872 3612 1962 τεθνειίῖνιττες⁷
3645 1872 3699 1951 οδ

436 1964 580 2032 ἅγιοι
610 1968 989 2041 ἐλογίσθησαν.

505 2054 595 2112 52.
633 2056 738 2112 Sed
788 2061 877 2114 illa
929 2063 1147 2131 quidem
1181 2065 1363 2135 priora
1392 2065 1630 2119 fuerunt.
1670 2066 1825 2121 Nunc
1873 2084 2002 2124 vero

433 2148 488 2201 in
538 2150 655 2205 suis
700 2152 873 2208 sacris
933 2153 1260 2226 imaginibus
1303 2157 1524 2212 easdem
1575 2174 1713 2228 quas
1760 2160 2007 2218 Christus

430 2241 841 2306 persecutiones
873 2244 1243 2316 participant,
1285 2247 1637 2317 ejusdemque
1665 2252 2007 2320 passionibus

430 2330 842 2389 conformantur
863 2376 879 2404 ,
912 2339 985 2390 ita
1022 2347 1081 2391 ut
1114 2353 1213 2408 pro
1244 2339 1441 2409 duplici
1485 2342 1738 2410 passione
1764 2352 1819 2399 et
1861 2344 2001 2414 inju-

372 2418 381 2421 ’
432 2422 535 2488 ria,
565 2425 869 2493 duplicibus
890 2428 1055 2483 etiam
1081 2432 1318 2498 pramiis
1341 2431 1449 2487 sint
1472 2436 1766 2490 coronandi
1795 2452 1812 2490 :
1838 2438 2003 2492 vicis-

430 2513 642 2585 simque
677 2517 839 2571 simul
871 2518 1317 2588 gloriﬁcabuntur
1349 2525 1619 2590 secundo,
1658 2533 1771 2580 tum
1807 2527 1859 2580 in
1891 2529 2000 2583 vita

428 2605 638 2661 scilicet
674 2617 972 2678 martyres,
1015 2620 1124 2665 tum
1156 2613 1318 2667 etiam
1366 2626 1634 2685 martyres
1663 2615 1715 2670 in
1753 2618 2000 2688 imagini-

428 2700 549 2753 bus.
578 2700 873 2770 Propterea
903 2718 1003 2758 nos
1030 2704 1267 2759 scientes
1296 2720 1392 2763 eos
1424 2709 1514 2763 Dei
1549 2708 1849 2766 familiares
1877 2727 2000 2767 esse

428 2798 494 2838 ac
541 2787 782 2842 asseclas
815 2790 915 2860 (iis
961 2793 1106 2846 enim
1147 2795 1389 2849 omnium
1439 2799 1579 2853 Deus
1633 2801 1771 2855 dixit
1810 2818 1825 2855 :
1875 2802 1999 2856 lam

425 2889 530 2928 non
551 2876 670 2930 dico
696 2895 785 2932 vos
814 2897 1009 2948 servos,
1040 2884 1131 2937 sed
1156 2885 1402 2953 amicos,o
1428 2905 1442 2955 ;
1474 2897 1550 2953 et,
1575 2889 1727 2945 Dedit
1753 2893 1826 2947 eis
1853 2905 2003 2961 pote-

2175 2067 2273 2138 νβ’.
2320 2069 2461 2123 Ἀλλ’
2491 2073 2681 2125 ἐκεῖνα
2725 2071 2827 2140 μὲν
2876 2070 3168 2143 πρότερον.
3214 2073 3324 2127 Καὶ
3355 2074 3454 2127 νῦν
3501 2077 3561 2131 δὲ
3588 2076 3717 2136 διὰ’

2105 2160 2271 2231 μέσου
2293 2161 2406 2215 τῶν
2429 2161 2594 2235 ἰερῶν
2626 2162 3065 2233 άπεικασμάτων
3117 2163 3321 2231 αὐτῶν,
3353 2169 3468 2230 τοῖς
3496 2168 3697 2236 αὐτοῖς

2100 2251 2180 2323 τῷ
2205 2254 2429 2326 Χριστῷ
2459 2256 2903 2327 συμμετέχοντες
2923 2257 3250 2313 κοινωνοῦσι
3277 2260 3550 2331 διωγμοῖς
3578 2267 3687 2320 καὶ

2103 2341 2216 2402 τοῖς
2265 2340 2463 2395 πάθεσι
2519 2343 3030 2415 συμμορφούμενοι,
3067 2347 3146 2415 ὡς
3185 2349 3279 2401 ἐπὶ
3314 2348 3528 2415 διπλοῖς
3569 2357 3694 2420 τοῖς

2102 2430 2392 2501 παθήμασι
2442 2433 2539 2487 καὶ
2569 2434 2823 2498 ὀνείδεσι,
2857 2434 3069 2501 διπλοῖς
3107 2439 3203 2493 καὶ
3245 2442 3362 2505 τοῖς
3404 2441 3693 2514 βραδείοις

2102 2518 2519 2590 στεφθήσονται.
2564 2524 2674 2577 Καὶ
2699 2520 2858 2589 αὖθις
2909 2527 3439 2600 συνδοξασθήσονται
3467 2534 3531 2586 τδ
3559 2534 3707 2590 δεύ-“

2103 2623 2281 2675 τερον,
2310 2608 2404 2660 καὶ
2433 2611 2492 2662 ὲν
2521 2609 2657 2675 ζῶσι
2706 2614 3007 2685 μάρτυρες,
3035 2618 3130 2670 καὶ
3155 2619 3215 2671 ἐν
3264 2620 3443 2675 εἰκόσι
3470 2625 3688 2695 μάρτυ-

2106 2714 2220 2767 ρες,
2260 2700 2540 2770 τοιγάρτοι
2568 2703 2665 2756 καὶ
2700 2703 2778 2768 ὡς
2812 2706 3049 2773 οἰκείους
3072 2708 3210 2763 Θεοῦ
3254 2714 3353 2766 καὶ
3403 2714 3681 2787 θεράπον-

2100 2805 2199 2851 τας
2230 2789 2434 2853 εἰδότες
2461 2806 2475 2822 ο
2532 2793 2672 2864 πρὸς
2709 2796 2908 2860 αὐτοὺς
2938 2798 3048 2868 γὰρ
3085 2801 3114 2853 ὁ
3145 2800 3256 2854 τῶν
3289 2803 3433 2859 ὅλων
3486 2808 3685 2879 εἰρηκε

2100 2878 2234 2943 Θεός
2257 2893 2272 2909 ⁸
2302 2880 2509 2935 Οὐκέτι
2541 2884 2698 2954 ὑμᾶς
2719 2885 2884 2942 καλῶ
2912 2887 3200 2956 δούλους,
3232 2893 3396 2949 ἀλλὰ
3434 2878 3679 2965 φίλους.

423 2977 608 3022 statam
638 2971 780 3038 ﬁlios
819 2971 916 3027 Dei
954 2976 1074 3043 fieri
1109 2976 1219 3047 '°),
1252 2978 1590 3035 admiremur
1624 2982 1835 3039 illorum
1871 3000 1998 3056 erga

425 3055 592 3095 “mum
632 3062 955 3095 ηΙι-η-ἶιοιωηη
993 3080 1055 3095 ι...
1095 3066 1255 3095 nam...
1317 3079 1367 3095 ,ι
1418 3072 1664 3095 ...μη-,2-
1695 3073 1985 3095 1.,..--ει

2104 2972 2235 3035 Καὶ,
2269 2974 2531 3030 Ἔδωκεν
2557 2978 2765 3044 αὐτοῖς
2795 2979 3089 3044 ἐξουσίαν
3113 2982 3295 3037 τέκνα
3332 2986 3483 3042 Θεοῦ
3510 2992 3683 3057 γεγέ-

2102 3066 2239 3095 ι-ι-Ωηι
2264 3082 2280 3095 ο
2313 3067 2706 3095 ,θι---.ηιιιη-Δ..
2741 3071 2838 3095 .J.-.
2885 3071 2986 3095 -2;
3014 3074 3092 3095 -1-
3140 3072 3273 3095 n_L_
3326 3077 3349 3095 ι.
3406 3078 3422 3095 ι
3656 3086 3671 3095 .

424 3055 592 3111 Deum
632 3062 956 3117 charitatem
993 3080 1057 3120 ac
1095 3066 1283 3132 ﬁdem,
1315 3079 1371 3124 et
1417 3072 1666 3141 supernis
1695 3055 1996 3132 honoribus

2101 3066 2242 3118 σθαι
2264 3082 2280 3097 ο
2313 3067 2709 3139 ύπεραγάμεθα
2739 3071 2838 3140 μὲν
2884 3071 2986 3142 τῆς
3011 3074 3092 3137 εἰς
3139 3072 3274 3128 Θεὸν
3316 3055 3543 3149 ἀγάπης
3584 3086 3680 3136 καὶ

358 3175 369 3186 -
422 3149 764 3207 cumulemus
802 3172 816 3208 :
866 3156 1062 3225 templa
1114 3158 1325 3213 illorum
1357 3177 1652 3231 ornemus,
1694 3169 1994 3223 certamina

423 3239 760 3295 celebremus
782 3284 798 3308 ,
828 3258 1013 3301 sacras
1054 3249 1314 3324 reliquias
1345 3267 1700 3320 veneremur,
1743 3266 1996 3327 augustas

424 3329 637 3386 illorum
671 3333 938 3404 imagines
981 3339 1128 3394 cultu
1161 3357 1559 3413 prosequamur
1601 3365 1616 3401 :
1653 3350 1995 3425 quandoqui-

422 3423 546 3476 dem
596 3439 722 3479 vere
755 3427 930 3483 honor
961 3430 1215 3501 imaginis
1261 3435 1328 3489 ad
1377 3423 1720 3507 prototypttm
1762 3444 1990 3509 transit;

421 3523 477 3567 et
505 3514 676 3570 honor
724 3517 978 3576 ﬁdelibus
1008 3526 1289 3580 conservis
1321 3527 1575 3593 tributus,
1611 3529 1867 3584 indicium
1910 3543 1994 3586 est

422 3613 619 3661 nostra;
659 3623 786 3678 erga
843 3626 1189 3669 communem
1228 3616 1513 3672 Dominum
1571 3620 1991 3688 benevolentize,

420 3708 480 3750 nt
513 3700 665 3754 aiunt
706 3700 963 3759 Ecclesia:
1002 3706 1272 3776 magistri.
1308 3705 1443 3764 Hinc
1488 3711 1645 3765 nobis
1678 3711 1831 3767 ﬁrma
1872 3728 1993 3782 spes

420 3787 680 3858 ﬁdesque,
713 3792 1201 3851 sanctiﬁcationem
1232 3798 1579 3868 impetrandi,
1610 3810 1990 3870 peccatorum-

417 3894 525 3948 que
581 3883 991 3952 remissionem,
1060 3902 1126 3943 ac
1181 3889 1552 3945 molestiarum
1613 3891 1989 3962 depulsionem

417 3974 790 4032 nanciscentli.
832 3977 970 4035 Hinc
999 3981 1247 4038 videmus
1273 3982 1466 4050 expelli
1494 3985 1800 4050 daemones,
1842 4001 1990 4041 mor-

412 4065 514 4121 hos
572 4069 779 4136 sanari,
829 4070 1174 4128 inﬁrmitates
1226 4073 1407 4145 fugari
1454 4078 1696 4131 omnium
1739 4077 1987 4147 quicum

414 4157 519 4211 ﬁde
551 4161 850 4224 accedunt,
891 4163 1008 4217 sive
1041 4165 1316 4233 spiritales
1350 4167 1466 4221 sive
1521 4181 1813 4237 corporeas
1834 4207 1851 4231 ,
1909 4170 1988 4223 si-

411 4248 628 4314 quidem
665 4251 814 4305 dedit
848 4251 983 4319 ipsis
1032 4254 1277 4308 omnium
1313 4257 1624 4311 dominator
1663 4267 1984 4326 potestatem

2097 3152 2334 3219 πίστεως
2372 3158 2590 3243 αξτοὺς,
2622 3159 2994 3230 στεφανοῦμεν
3042 3162 3099 3215 δὲ
3131 3166 3255 3228 ταῖς
3293 3168 3562 3223 ἀνωτάτω
3587 3189 3675 3225 τι-

2096 3246 2255 3312 μαῖς*
2289 3247 2620 3318 γεραίρομεν
2655 3250 2835 3303 αὐτῶν
2879 3253 3008 3317 τοὺς
3032 3254 3217 3320 ναοὺς,
3266 3257 3524 3328 τιμῶμεν
3548 3262 3679 3328 τοὺς

2096 3333 2308 3399 ἄθλους,
2359 3340 2780 3412 προσκυνοῦμεν
2824 3342 2895 3398 τά
2928 3344 3050 3416 ίερά
3086 3344 3340 3418 λείψανα,
3381 3368 3673 3409 κατασπα-

2096 3426 2301 3498 ζόμεθα
2331 3430 2511 3485 αὐτῶν
2561 3418 2630 3487 τά
2663 3434 2826 3502 τίμια
2872 3437 3234 3508 εἰκονίσματα
3255 3458 3271 3473 ι
3325 3444 3521 3517 ἐπειδὴ
3555 3451 3674 3513 ταῖς

2095 3520 2439 3595 άληθείαιςή
2480 3523 2581 3595 τῆς
2621 3526 2831 3591 εἰκόνος
2875 3528 3011 3599 τιμὴ
3066 3531 3163 3584 ἐπὶ
3209 3534 3271 3586 τδ
3314 3539 3671 3607 πρωτότυπον

2092 3611 2382 3680 διαόαίνει,
2412 3617 2510 3670 καὶ
2565 3618 2600 3687 ἡ
2646 3617 2785 3690 πρὸς
2822 3621 2949 3685 τοὺς
2988 3621 3345 3693 εὐγνώμονας
3400 3629 3512 3683 τῶν
3542 3634 3669 3701 όμο-

2092 3703 2293 3758 δούλων
2320 3707 2456 3777 τιμὴ
2490 3706 2767 3775 ἀπόδειξιν
2798 3709 2912 3781 ἔχει
2941 3715 3041 3785 τῆς
3062 3717 3204 3787 πρὸς
3228 3717 3322 3771 τὸν
3370 3722 3549 3775 κοινὸν
3571 3725 3669 3775 Δε-

2095 3797 2299 3866 σπότην
2330 3797 2565 3865 εὐνοίας,
2599 3802 2765 3869 φασὶν
2794 3803 2845 3871 οἰ
2883 3803 2986 3874 τῆς
3026 3807 3364 3879 Ἐκκλησίας
3405 3811 3665 3868 διδάσκα-

2092 3883 2214 3936 λοι·
2285 3885 2537 3942 ἐντεῦθεν
2613 3891 2746 3960 ἡμῖν
2808 3894 3149 3961 ἀδιστάκτως
3230 3901 3517 3966 ὲλπίζεται
3575 3907 3665 3958 καὶ

2092 3978 2429 4045 πιστεύεται,
2452 3980 2725 4053 ἁγιασμόν
2744 4002 2805 4037 τε
2825 3987 3237 4057 προσγίνεσθαι,
3261 3994 3358 4047 καὶ
3380 3995 3665 4066 ἁμαρτιῶν

2093 4066 2462 4141 συγχώρησιν,
2499 4075 2593 4127 καὶ
2649 4074 2806 4130 λύσιν
2852 4079 3130 4151 εὑρίσκειν
3173 4083 3286 4137 τῶν
3342 4085 3616 4159 δυσχερῶν
3643 4106 3657 4120 ·

2089 4161 2322 4216 ἐνταῦθα
2368 4163 2586 4235 ὁρῶμεν
2626 4168 2704 4232 ὡς
2760 4169 3018 4240 δαίμονες
3081 4175 3515 4242 ἀπελαύνονται,
3571 4182 3663 4234 καὶ

2089 4252 2234 4307 νόσοι
2261 4255 2680 4326 θεραπεύονται,
2711 4263 2807 4314 καὶ
2837 4262 3017 4316 πάντα
3042 4264 3374 4334 δραπετεύει
3403 4271 3472 4322 τὰ
3520 4270 3662 4339 πάθη

410 4336 656 4393 calcamli
681 4356 844 4408 supra
870 4352 1146 4412 serpentes
1165 4354 1221 4400 et
1246 4347 1512 4417 scorpios,
1537 4357 1591 4402 et
1611 4363 1775 4419 super
1790 4365 1983 4407 omnes

2101 4345 2195 4400 τῶν
2228 4348 2410 4400 πίστει
2451 4350 2808 4421 προσιόντων,
2839 4354 2941 4408 ὅσα
2961 4372 3023 4408 τε
3077 4356 3255 4428 ψυχῆς
3279 4360 3374 4413 καὶ
3426 4360 3527 4414 ὅσα
3557 4360 3659 4413 σώ-

410 4427 618 4482 inimici
646 4429 809 4493 vires,
839 4446 939 4485 nec
963 4445 1071 4486 non
1102 4433 1352 4489 morbum
1378 4436 1680 4505 quemlibet
1706 4439 1987 4509 aegritudi-

2087 4453 2260 4505 ματος
2284 4452 2299 4466 ·
2327 4438 2562 4510 ἐπείπερ
2587 4439 2821 4496 δέδωκεν
2851 4444 3037 4509 αὐτοῖς
3064 4447 3093 4498 ό
3118 4446 3228 4501 τῶν
3247 4449 3509 4504 ἁπάντων
3530 4468 3659 4503 κατι

408 4529 644 4584 nemque
681 4519 907 4573 sanandi
932 4520 996 4575 “.
1028 4520 1146 4588 Quo
1197 4523 1288 4586 lit,
1340 4533 1423 4588 ut,
1469 4526 1669 4582 virtute
1705 4542 1734 4583 a
1776 4526 1981 4597 Spiritu

2101 4529 2411 4597 ;ξουσιάξων
2451 4531 2552 4602 τὴν
2612 4531 2866 4599 ἐξουσίαν
2909 4538 3107 4589 πατεῖν
3138 4537 3332 4591 ἐπάνω
3359 4539 3539 4608 ὄφεων
3571 4543 3659 4592 καὶ

407 4616 652 4675 accepta,
678 4609 958 4668 miraculis
992 4623 1154 4684 atque
1174 4607 1482 4675 ivirtutibus
1503 4619 1815 4676 clarescant
1843 4621 1980 4693 (65),

2081 4622 2356 4693 σκορπίων
2383 4622 2480 4676 καὶ
2500 4623 2594 4677 ἐπὶ
2621 4625 2805 4678 πᾶσαν
2827 4624 2927 4696 τὴν
2957 4626 3191 4698 δύναμιν
3214 4629 3309 4682 τοῦ
3326 4629 3547 4699 ἐχθροῦ,
3569 4632 3658 4683 καὶ

404 4700 594 4765 gratim
620 4700 821 4757 fontem
848 4702 902 4757 in
922 4716 1095 4760 semet
1117 4715 1392 4775 gestantes
1419 4710 1746 4767 sanitatibus
1767 4714 1981 4770 abunde

2101 4714 2260 4766 πᾶσαν
2274 4714 2431 4769 νόσον
2460 4715 2790 4785 θεραπεύειν
2812 4717 2909 4771 καὶ
2926 4719 3107 4773 πᾶσαν
3130 4719 3432 4788 μαλακίαν.
3452 4723 3543 4776 Διὸ
3561 4724 3654 4792 τὴν

403 4791 471 4845 ad
500 4806 691 4848 omnes
715 4796 1122 4853 scaturientem.
1160 4797 1300 4864 Quid
1329 4799 1494 4868 igitur
1525 4802 1593 4856 ad
1625 4801 1741 4857 haec
1773 4803 1973 4869 dicitis,

403 4898 437 4937 ο
467 4884 629 4957 126
680 4895 995 4943 sanctorum
1029 4889 1276 4946 inimici?
1319 4891 1545 4962 Dignine
1586 4904 1715 4949 sunt
1764 4910 1971 4962 necne,

401 4987 623 5045 propter
673 4978 790 5035 haec
838 4981 1046 5052 majora
1093 4984 1243 5038 omni
1280 4984 1611 5052 cogitatione
1656 4998 1819 5057 atque
1848 5004 1976 5045 orno

365 5098 374 5142 ᾖ
402 5072 549 5124 tione
577 5071 880 5125 certamina
902 5112 918 5136 ,
949 5088 1069 5142 quae
1110 5075 1364 5131 humana;
1394 5086 1604 5133 natura:
1635 5080 1780 5134 vires
1807 5095 1970 5135 exce-

398 5161 528 5215 llere
582 5161 817 5226 scimus,
866 5164 1037 5235 digni,
1070 5168 1315 5237 inquam,
1343 5184 1410 5224 ne
1448 5180 1575 5225 sunt
1616 5172 1872 5233 honorari
1916 5182 1973 5228 et

398 5250 732 5321 gloriﬁcari?
760 5259 1059 5325 praesertim
1091 5260 1220 5328 quia
1258 5270 1314 5316 et
1337 5261 1404 5316 de
1432 5263 1566 5332 ipsis
1597 5273 1814 5318 exstant
1841 5280 1968 5332 pro-

467 5409 489 5441 ’
511 5408 667 5468 Joan.
698 5428 788 5481 xv,
823 5416 909 5470 l5.
987 5415 1032 5448 ¹⁰
1058 5415 1213 5473 Joan.
1244 5433 1281 5483 ι,
1320 5419 1405 5473 12.
1487 5419 1527 5452 ¹¹
1565 5416 1696 5472 Luc.
1720 5434 1774 5479 κ,
1808 5420 1896 5486 19,
1927 5420 2017 5475 20.

467 5544 580 5615 (64)
614 5546 752 5624 Ergo
795 5552 1593 5624 nonexspectatoruniversalis
1629 5554 1815 5624 iudicii
1857 5555 1963 5622 die,

396 5622 457 5669 ut
493 5618 818 5673 recentiores
845 5618 1175 5675 schismatici
1207 5623 1474 5675 dictitant.

469 5685 584 5753 (65)
624 5685 700 5740 En
728 5687 931 5744 Graeca!
966 5706 1179 5759 quoque
1217 5692 1469 5747 Ecclcsitc
1490 5733 1503 5758 ,
1534 5693 1853 5761 patriarcha:
1882 5696 1960 5751 sui

2080 4802 2364 4873 ἐνέργειαν
2389 4804 2649 4871 λαϐόντες
2685 4807 2783 4875 τοῦ
2809 4809 3152 4881 Πνεύματος,
3196 4813 3256 4864 ὲν
3288 4811 3533 4883 θαύμασι
3565 4814 3653 4866 καὶ

2079 4893 2346 4966 δυνάμεσι
2397 4895 2790 4970 διαλάμπουσι,
2822 4900 2923 4972 τὴν
2977 4901 3161 4974 πηγὴν
3214 4903 3273 4957 ὲν
3318 4904 3533 4967 ἑαυτοῖς
3558 4905 3652 4969 τῆς

2081 4987 2302 5058 χάριτος
2369 4988 2631 5061 φέροντες
2698 4992 3015 5064 βλύζουσαν
3075 4995 3208 5048 πᾶσι
3286 4994 3525 5065 δαψιλῶς
3584 4999 3648 5049 τά

2081 5080 2309 5149 ἰάματα.
2372 5082 2438 5136 Τί
2479 5078 2573 5138 οὗν
2624 5084 2762 5157 πρός
2819 5085 2993 5140 ταῦτά
3016 5103 3179 5156 φατε,
3228 5088 3280 5140 οἱ
3320 5087 3433 5141 τῶν
3486 5088 3646 5156 ἁγίων

2078 5171 2267 5244 ἐχθροί
2289 5191 2305 5239 ;
2344 5174 2524 5240 Ἀξιοι
2554 5176 2643 5230 διά
2661 5176 2884 5241 τούτους
2921 5178 2987 5251 δὴ
3027 5179 3158 5241 τοὺς
3214 5178 3357 5252 ὑπὲρ
3400 5180 3523 5234 νοῦν
3558 5180 3643 5233 καὶ

2077 5265 2234 5334 λόγον
2267 5266 2506 5336 ἀγῶνας,
2541 5269 2636 5323 καὶ
2669 5268 2764 5334 όῦς
2790 5272 3038 5339 κρεῖττον
3069 5271 3102 5343 ῆ
3131 5271 3272 5326 κατά
3306 5272 3407 5345 τὴν
3437 5272 3637 5343 ἀνθρω-

2074 5557 2358 5627 Nicephort
2394 5574 2509 5625 ore,
2544 5562 2945 5621 confessionem
2979 5568 3044 5621 de
3076 5567 3353 5623 miraculis
3389 5567 3630 5623 interces-

2072 5627 2225 5681 sione
2257 5640 2563 5754 sanc'torum
2588 5674 2601 5699 ,
2636 5637 2935 5703 prmsertim
2970 5638 3040 5693 ob
3072 5637 3348 5694 hominum
3383 5638 3627 5702 salutem,

2072 5706 2272 5757 patrari
2305 5716 2365 5755 so
2390 5710 2500 5757 ills.

2071 5706 2272 5767 patrari
2305 5706 2500 5757 solitis.
