3918 6144
202 260 277 326 47
280 264 316 326 7

891 280 1519 353 ANTIRRHE'I‘ICUS
1557 295 1673 354 III.
1712 299 1882 361 ADV.
1924 304 2510 379 CONSTANTINUM
2555 311 2768 372 COPR.

3374 315 3480 380 £78

206 375 385 427 πεεαν
423 376 589 445 φύσιν
636 380 1003 455 γινώσκομεν,
1042 394 1308 462 τιμᾶσθαί
1348 415 1409 452 τε
1446 400 1541 453 καὶ
1573 403 1789 469 δοξάζε-

1905 413 2214 475 missioues.
2264 416 2439 472 multo
2469 427 2595 473 ante
2638 419 2780 474 haud
2810 418 3079 475 fallaciter
3107 422 3263 477 editae
3296 441 3311 479 :
3353 424 3482 479 Cla—

206 465 345 565 σθαι
366 509 381 533 ,
413 467 491 531 ὡς
524 469 593 524 ἂν
618 474 710 549 καὶ
745 476 801 526 αἰ
848 481 980 548 περὶ
1020 484 1223 547 αὐτοὺς
1264 489 1612 559 ἐπαγγελίαι,

1908 502 2170 570 riﬁcanles
2202 522 2282 560 me
2312 546 2327 569 ,
2379 507 2575 576 inquit,
2604 510 2912 580 gloriﬁcabo
2935 551 2950 574 ,
2985 527 3147 567 verax
3196 516 3478 570 oraculum

434 565 937 668 προῦποσχεθεῖσαι
984 573 1048 625 τὸ
1096 575 1329 643 ἀψευδὲς
1386 557 1606 651 ἔχοιενί
1655 557 1789 652 Τοὺς

1907 557 1984 642 ait
2004 592 2070 644 ι’.
2109 592 2226 656 Quo
2252 557 2328 659 id;
2360 557 3061 670 iiiﬁL—a’ix'lfnietisiiventp;
3088 557 3248 657 aliter

204 647 665 747 δοξάῶντὰςμε
684 659 816 728 γὰρ,
844 658 1008 730 φησὶ,
1040 663 1303 735 δοξάσω,
1331 672 1358 723 ό
1385 647 1595 744 ἁληθὴς
1619 647 1797 747 ἔφησε

204 738 372 807 λόγος
395 756 407 768 ·
440 743 567 797 τίνα
594 749 839 816 τρόπον;
879 755 974 806 καὶ
1039 755 1107 808 δι’
1166 757 1357 831 ἕτερόν
1385 738 1585 830 γεξὼς
1645 738 1799 818 τὶλέί-

206 848 361 925 στων
393 835 488 887 καὶ
535 837 676 906 ἄγαν
718 841 940 923 ὑψηλῶν
990 847 1085 901 καὶ
1128 848 1302 917 λόγων
1356 851 1452 906 καὶ
1483 853 1685 925 ἔργων,
1735 856 1798 910 τὸ

203 922 517 1018 ἀξιόχρεων
548 930 659 985 τῶν
683 922 924 989 ἐπαίνων
967 940 1063 992 καὶ
1092 941 1193 1010 τῆς
1222 941 1379 1013 δόξης
1428 922 1613 1009 αὐτοῖς
1654 965 1799 1018 παρ-

205 1015 495 1071 ιστὼντων
519 1037 533 1050 ο
567 1022 629 1075 οὐ
684 1025 795 1095 μὴν
824 1020 988 1097 ἦττόν
1011 1047 1097 1098 γε,
1130 1034 1225 1086 καὶ
1249 1034 1455 1088 τούτων
1484 1036 1548 1108 δὴ
1574 1037 1682 1091 τῶν
1717 1040 1795 1090 ie-

208 1106 498 1174 ροτυπιῶν
524 1109 734 1175 ἕνεκεν,
763 1115 901 1186 ὅπερ
937 1119 1072 1188 ἡμῖν
1106 1122 1466 1187 σπουδάζεται
1496 1129 1606 1190 τοῖς
1633 1129 1793 1181 εὐσε-

203 1196 335 1251 ϐέσι
370 1201 465 1253 καὶ
494 1202 896 1275 φιλομάρτυσιν
919 1226 936 1241 ο
964 1211 1203 1266 αἰδεῖσθε
1226 1216 1433 1270 τούτων
1452 1218 1585 1282 τοὺς,
1598 1219 1794 1286 ἄθλους

204 1288 311 1339 καὶ
339 1291 541 1358 τιμᾶτε
562 1291 660 1362 τὴν
690 1294 935 1367 μνήμην,
982 1298 1083 1361 τὰς
1122 1300 1400 1371 ἀοιδίμους
1430 1303 1644 1366 ἐκείνας
1677 1306 1799 1375 ἀρι-

206 1376 405 1441 στείας
438 1378 1037 1454 ὑπερεκπληττόμενοι,
1086 1386 1182 1452 οὓς
1219 1390 1315 1443 καὶ
1363 1390 1526 1462 θῆρες
1561 1392 1793 1464 ᾐδέσθη-

1906 679 2159 749 plurimis
2204 685 2639 757 sublimibusque
2676 692 2942 746 aicomiis
2979 702 3145 763 atque
3183 695 3476 763 operibus,

1907 770 2102 839 dignus
2154 774 2235 828 cis
2284 774 2502 831 laudum
2557 781 2728 836 honor
2774 793 2824 835 et
2885 786 3055 852 gloria
3109 786 3475 856 impenditur;

1906 873 2080 929 neque
2111 870 2289 918 tamen
2326 868 2503 921 serius
2534 883 2630 937 per
2677 887 2865 928 sacras
2910 875 3206 945 imagines,
3250 877 3303 932 id
3335 880 3481 948 quod

1903 963 2002 1037 nos
2053 952 2290 1022 religiosi
2344 970 2409 1011 ac
2465 957 2886 1030 philomartyres
2941 967 3100 1019 valde
3157 970 3474 1037 satagimus.

1901 1035 2253 1099 Veneramini
2294 1058 2424 1114 ergo
2466 1049 2788 1116 certamina,
2823 1052 3089 1109 honorate
3131 1035 3477 1120 memoriam,

1901 1125 2136 1183 celebria
2171 1129 2259 1185 illa
2298 1132 2546 1189 facinora
2587 1139 2926 1195 admirantes
2961 1151 3286 1213 martyrum,
3337 1158 3478 1212 quos

1907 1216 2281 1307 ferze‘quoque
2309 1227 2668 1295 erubueruut,
2694 1233 2891 1298 quibus
2926 1234 3067 1303 ignis
3098 1250 3242 1306 saepe
3269 1238 3478 1302 cessit,

1904 1308 2422 1385 ferruminfractum
2447 1327 2532 1373 est
2559 1328 2616 1374 et
2644 1321 2922 1389 obtusum,
2954 1325 3199 1394 pmnales
3244 1327 3479 1393 dirupta:

1904 1409 2031 1456 sunt
2065 1403 2356 1473 machinae;
2408 1416 2466 1461 et
2510 1422 2670 1465 sensu
2715 1412 3119 1480 quodammodo
3173 1424 3315 1469 tacta
3365 1415 3480 1470 ele-

205 1482 339 1535 σαν,
377 1470 561 1525 καὶτὸ
597 1474 712 1545 πῦρ
750 1476 1008 1542 πολλάκις
1054 1481 1412 1551 καταπλαγὲν
1443 1483 1789 1556 ὑπεχώρησε,

1906 1500 2109 1558 menta,
2156 1504 2455 1566 martyrum
2494 1514 2623 1567 erga
2654 1516 2998 1558 communem
3033 1505 3320 1560 Dominum
3349 1504 3480 1561 cha-

202 1559 307 1611 καὶ
362 1561 581 1634 σίδηρος
617 1567 1013 1639 περιθραύεταί
1058 1589 1117 1626 τε
1176 1575 1272 1627 καὶ
1325 1574 1745 1645 ἀπαμϐλύνεται
1774 1614 1789 1641 ,

1904 1581 2121 1636 τὶιειιοιιι
2142 1626 2157 1649 ,
2182 1600 2280 1639 ceu
2307 1602 2570 1644 conserva
2594 1594 2827 1647 reverita
2854 1604 3003 1649 sum.

200 1653 310 1760 καὶ
342 1654 412 1707 τὰ
439 1656 795 1760 ’κολαστήρια
848 1663 1214 1760 περιάγνυται
1259 1671 1794 1760 μηχανουργήματα,
1837 1676 2077 1743 στοιχεῖα
2144 1677 2202 1730 δέ
2266 1679 2458 1754 ὥσπερ
2506 1684 2563 1737 ἐν
2594 1685 2843 1756 αἰσθήσει
2891 1688 3175 1758 γινόμενα,
3203 1688 3304 1760 τὴν
3342 1688 3479 1760 πρὸς

197 1744 302 1795 τὸν
345 1746 525 1800 κοινὸν
561 1749 842 1839 Δεσπότην
895 1753 1320 1827 εὐγνωμοσύνην
1373 1752 1461 1812 οἷα
1516 1760 1782 1830 ὁμόδουλα
1819 1764 2219 1838 δεδυσώπηται.
2423 1744 2437 1754 1
2623 1834 2629 1839 _

282 1839 393 1902 νγτ.
430 1834 504 1888 Ἢ
528 1834 689 1890 τοῦτο
735 1839 837 1907 μὲν
869 1841 997 1910 ὑμῖν
1025 1843 1086 1895 οὐ
1116 1842 1292 1911 δοκεῖς
1342 1845 1693 1916 βδελύττεσθε
1736 1852 1789 1907 δὲ

1970 1855 2061 1910 55.
2090 1834 2186 1913 -Δη
2243 1875 2371 1915 vero
2403 1862 2562 1918 aliter
2597 1879 2692 1919 vos
2730 1866 3101 1923 existimatis?
3132 1868 3477 1928 Aversamini

200 1924 313 1989 τὰς
335 1925 450 1979 τῶν
467 1926 641 1993 ἁγίων
681 1930 1005 2001 πρεσϐείας,
1053 1933 1420 1991 διασκάπτετε
1459 1939 1518 1993 δὲ
1558 1941 1660 2006 τὰς
1690 1943 1789 1998 τῶν

1905 1957 2083 2005 autem
2138 1963 2454 2008 sanctorum
2518 1970 2745 2026 preces,
2791 1958 3059 2015 sutl'oditis
3119 1972 3475 2034 augustorum

204 2017 381 2073 θείων
405 2019 815 2095 θυσιαστηρίων
847 2026 998 2099 ἱερὰς
1028 2028 1329 2101 τραπέζας,
1358 2033 1447 2088 ἵνα
1473 2035 1575 2104 τῆς
1601 2037 1789 2107 φλογὸς

1904 2040 2161 2097 altarium
2195 2059 2381 2100 sacras
2421 2062 2662 2114 mensas,
2696 2057 2754 2104 ut
2784 2048 3000 2105 ﬂamma
3024 2067 3091 2107 ex
3122 2054 3316 2109 horum
3348 2055 3478 2111 reli-

201 2112 326 2165 τῶν
357 2112 632 2183 λειψάνων
662 2116 866 2186 αὐτῶν,
907 2120 1168 2194 καθάπερ
1198 2124 1229 2176 ὁ
1281 2124 1598 2194 διδάσκαλος
1644 2130 1789 2200 sum

1903 2132 2047 2202 quiis
2070 2135 2334 2203 ardente,
2370 2137 2533 2193 sicuti
2583 2112 2764 2195 vester
2807 2138 3084 2197 liamonas
3127 2141 3257 2198 fecit
3284 2158 3350 2198 ac
3378 2145 3478 2200 do-

206 2204 504 2276 Μαμωνᾶς
533 2205 728 2278 ἐδρασέ
761 2226 822 2263 τε
853 2212 950 2265 καὶ
974 2212 1234 2282 ἐδίδαξεν,
1272 2217 1655 2290 ἐμφορηθῆτε;
1689 2220 1789 2275 Kal

1903 2225 2045 2292 cuit,
2112 2228 2508 2296 perfruamini?
2554 2232 2623 2287 Et
2679 2235 3017 2290 venerabiles
3082 2237 3275 2292 horum
3332 2238 3476 2293 aedes

206 2300 620 2369 καταχραίνετε
669 2302 853 2361 αὐτῶν
900 2304 1028 2370 τοὺς
1073 2306 1407 2378 σεϐασμίους
1446 2311 1651 2378 οἴκους,
1705 2314 1789 2366 καί

1902 2319 2277 2385 eonspurcatis
2297 2359 2312 2386 ,
2333 2321 2599 2391 omnique
2628 2322 2802 2377 fetore
2831 2338 2894 2379 ac
2927 2325 3257 2394 turpitudine
3285 2325 3475 2397 Opple-

205 2389 403 2459 πάσης
443 2390 712 2482 δυσωδίας
749 2395 845 2448 καὶ
897 2398 1295 2470 αἰσχρουργίας
1328 2403 1789 2475 ἁιιιεοπληροῦντες¹

1902 2404 1992 2470 tis,
2037 2418 2224 2462 sancta
2264 2389 2522 2479 polluitist
2538 2420 2595 2467 et
2619 2412 2925 2482 profanatis
2965 2389 3085 2468 cum
3135 2389 3477 2471 illorum-sa-

202 2480 628 2551 καταμολύνετι
657 2485 751 2538 καὶ
774 2485 1069 2557 βεδηλοῦτε
1093 2491 1162 2543 τὰ
1192 2491 1344 2559 ἅγια,
1364 2493 1480 2565 ἅμα
1494 2497 1607 2559 τοῖς
1633 2498 1789 2568 ἱεροῖς

1901 2497 2010 2551 cris
2031 2496 2326 2564 caelaturis,
2349 2501 2547 2568 quibus
2574 2480 2873 2573 martyrum
2899 2517 2987 2558 res
3010 2504 3265 2573 praeclare
3285 2518 3475 2574 gesta',

200 2571 401 2626 αὐτῶν
428 2575 813 2648 ἐκτυπώμασι,
869 2580 938 2632 δι’
979 2574 1055 2634 ὧν
1111 2582 1172 2636 αἴ
1199 2600 1257 2637 τε
1309 2587 1586 2657 ἀριστεῖαι
1620 2590 1715 2643 καὶ
1746 2590 1789 2642 οἰ

1900 2597 1955 2642 et
1983 2588 2220 2643 celebria
2249 2592 2568 2659 certamina,
2601 2608 2698 2648 ceu
2723 2571 2799 2647 tit
2828 2594 2880 2647 iu
2910 2571 3066 2649 libris
3110 2596 3182 2648 ita
3217 2595 3269 2648 in
3289 2571 3477 2650 eccle-

200 2663 459 2735 ἀοίδιμοι
488 2662 640 2721 ἆθλοι
665 2670 870 2735 αὐτῶν,
899 2671 1091 2745 ὥσπερ
1122 2678 1244 2740 ταῖς
1273 2676 1498 2745 βίϐλοις,
1525 2679 1668 2733 οὕτω
1693 2684 1789 2735 κὰν

1899 2678 1998 2734 siis
2051 2691 2116 2733 ac
2170 2680 2370 2737 tabulis
2404 2683 2688 2751 splendide
2737 2684 2881 2752 picta
2933 2685 3293 2740 exhibentur.
3334 2686 3475 2752 Quin

200 2756 342 2819 ταῖς
382 2757 706 2827 ἐκκλησίαις
738 2761 965 2826 καὶτοῖς
996 2764 1216 2831 πίναξιν
1256 2767 1637 2837 ἐμπρέποντες
1665 2772 1789 2825 ἁνὰ·

1899 2769 2034 2824 adeo
2083 2770 2238 2825 libris
2288 2771 2453 2827 etiam
2501 2773 2708 2842 aliquot
2751 2775 2879 2829 talia
2912 2775 3320 2831 continentibus
3359 2777 3473 2846 igni

199 2863 457 2916 γραπται
488 2850 886 2921 παραδέδονται
918 2870 931 2884 ·
959 2852 1101 2907 ὥστε
1139 2856 1267 2919 τοὺς
1322 2856 1789 2928 ἁναθεωροῦντας,

1901 2861 2135 2925 traditis,
2172 2862 2410 2918 cinerem
2441 2863 2792 2934 favillamque
2835 2867 2934 2922 hos
2958 2867 3268 2923 eﬂiciendos
3308 2883 3472 2922 cura-

202 2938 354 3009 πρὸς
381 2938 546 3009 ζῆλον
572 2940 675 3012 τῆς
713 2942 1054 3016 θεομιμήτου
1081 2946 1262 3000 αὐτῶν
1306 2948 1588 3013 πολιτείας
1641 2950 1789 3004 διαν-

1899 2953 2037 3014 stis,
2077 2953 2249 3008 utsic
2280 2953 2445 3008 etiam
2497 2964 2806 3011 sanctorum
2857 2959 3176 3013 memoriam
3229 2959 3475 3016 funditus

206 3030 496 3085 ἱστασθαι·
519 3035 616 3087 καὶ
639 3035 750 3088 τῶν
777 3036 983 3106 βίϐλων
1002 3040 1183 3094 αὐτῶν
1198 3058 1349 3106 τινας
1370 3042 1450 3113 τῷ
1471 3043 1608 3115 πυρὶ
1624 3060 1789 3114 παρα·

1896 3043 2210 3099 aboleretis.
2233 3043 2350 3099 Jam
2387 3061 2516 3101 vero
2553 3048 2644 3116 qui
2680 3049 2754 3102 ita
2787 3050 3050 3106 adversus
3074 3059 3294 3106 sanctos
3326 3052 3474 3107 inso-

200 3121 471 3188 διδόντες,
508 3126 660 3180 κόνιν
693 3130 790 3182 καὶ
812 3129 1020 3202 τέφραν
1051 3133 1332 3199 ἀποδεῖξαι
1372 3135 1789 3204 διηγωνίσασθε,

1897 3139 2107 3193 lescunt
2133 3135 2411 3206 (proutex
2451 3150 2510 3190 re
2550 3140 2829 3205 praesenti,
2864 3141 3095 3208 quisque
3123 3141 3292 3203 volet,
3326 3141 3472 3194 aliir-

203 3211 301 3264 ἵνα
332 3213 431 3265 καὶ
459 3215 550 3269 διὰ
571 3216 781 3272 τούτων
806 3219 907 3290 τὴν
938 3221 1166 3294 μνήμην
1223 3222 1407 3277 αὐτῶν
1438 3225 1621 3279 τέλεον
1654 3227 1788 3279 ἁποο

1898 3228 2150 3284 matiouis
2206 3227 2491 3281 veritatem
2526 3230 2832 3299 comperire
2882 3229 3146 3302 poterit),
3194 3230 3321 3300 quid
3367 3245 3472 3285 nou
3531 3298 3541 3306 .

202 3302 448 3374 σόἐσητε
475 3321 489 3335 ·
519 3308 568 3359 οἰ
594 3305 741 3362 οὕτω
763 3310 872 3362 τῶν
901 3311 1074 3379 ἁγίων
1124 3316 1687 3385 κατανεανιευόμενοι,
1719 3317 1789 3380 ὡς

1898 3327 2056 3376 erant.
2082 3316 2257 3373 acturi
2289 3319 2618 3373 horrendum
2659 3331 2821 3389 atque
2851 3321 3169 3377 incredibile
3207 3324 3472 3378 adversus

198 3397 273 3448 ἐκ
300 3395 415 3450 τῶν
438 3398 725 3468 παρόντων
756 3402 827 3455 τὰ
872 3403 968 3456 τοῦ
1014 3402 1252 3475 ἀληθοῦς
1291 3407 1674 3478 τεκμήρασθαι
1715 3408 1789 3478 τῷ

1896 3417 2139 3473 sanctos,
2169 3409 2216 3463 si
2261 3408 2397 3463 forte
2428 3410 2481 3462 in
2515 3424 2579 3464 ea
2616 3417 2863 3481 tempora
2902 3411 3245 3478 incidissent,
3278 3414 3473 3482 quibus

203 3485 536 3560 βουλομένῳ
561 3491 728 3544 παντὶ
751 3492 847 3546 καὶ
865 3493 1097 3548 συνιδεῖν
1116 3493 1294 3560 ἔξεστι
1321 3515 1335 3529 ·
1363 3497 1417 3550 τί
1442 3498 1543 3550 οὐκ
1568 3497 1789 3568 ἔμελλον

1897 3501 1973 3556 illi
2022 3499 2317 3555 vixerunt?
2355 3497 2546 3555 Nonne
2603 3509 2752 3559 tanto
2795 3500 2981 3571 pejora
3016 3504 3377 3572 praesentibus
3416 3513 3473 3558 et

193 3576 323 3630 τῶν
355 3577 547 3634 δεινῶν
576 3581 672 3636 καὶ
702 3582 955 3639 ἐκτόπων
991 3587 1072 3649 εἰς
1101 3587 1301 3651 αὐτοὺς
1348 3586 1591 3659 δράσειν,
1634 3590 1789 3660 εἴπερ

1897 3591 2099 3647 diriora
2131 3589 2412 3656 fecissent,
2456 3600 2661 3662 quanto
2695 3593 2869 3663 major
2903 3596 3094 3650 borum
3127 3611 3255 3668 erga
3286 3611 3466 3652 veram

195 3669 395 3732 αὐτοῖς
414 3673 793 3743 ’συνήκμασαν
816 3675 941 3729 καθ’
970 3676 1030 3730 ὃν
1058 3677 1251 3747 χρόνον
1276 3679 1336 3732 ὲν
1381 3679 1509 3749 τῇδε
1561 3682 1628 3750 τῇ
1677 3680 1789 3752 ζωῇ

1898 3681 2213 3752 religionem
2247 3682 2559 3737 adversatio
2598 3685 2890 3740 cernitur?
3354 3746 3357 3751 ,

193 3764 517 3830 ἐϐιότευον;
547 3762 659 3839 ἆρα
687 3768 808 3838 οὐχὶ
843 3768 954 3823 τῶν
981 3770 1269 3840 παρόντων
1295 3769 1478 3824 πολλῶ
1530 3771 1700 3844 χείρω
1729 3787 1790 3824 τε
1826 3772 1919 3826 καὶ
1983 3770 2366 3842 χαλεπώτερα,
2396 3771 2506 3841 ὅσῳ
2540 3773 2637 3826 καὶ
2699 3772 2905 3844 μείζων
2939 3774 3177 3848 αὐτοῖςή
3205 3776 3342 3849 ὑπὲρ
3366 3774 3470 3847 τῆς

196 3857 262 3909 εὐ
272 3855 493 3920 σεσείας
515 3854 766 3935 ἔνστασις
797 3857 1156 3927 διεδείκνυτο;

275 3947 376 4002 νδ’.
426 3947 567 4001 Ἀλλ’
597 3948 1034 4005 ὑππλὰττονται
1065 3952 1165 4019 μὲν
1187 3950 1287 4002 οὐκ
1317 3951 1538 4006 ἀσεϐεῖν
1557 3953 1637 4016 εἰς
1663 3953 1789 4016 τοὺς

1942 3953 2031 4008 54.
2065 3953 2173 4009 Sed
2204 3954 2351 4008 enim
2392 3954 2657 4010 simulant
2695 3968 2755 4010 se
2791 3958 3059 4013 adversus
3084 3960 3286 4028 templa
3324 3962 3467 4019 irrc-

195 4042 397 4104 ναοὺς,
449 4040 914 4110 παραλογίζονται
967 4041 1025 4095 δὲ
1066 4042 1312 4107 ἑαυτοὺς,
1369 4045 1644 4113 λέγοντες,
1706 4045 1790 4099 ὅτι

203 4152 224 4181 ι
238 4129 430 4198 Ἀγιοί
443 4132 583 4183 εἰσιν
602 4126 772 4196 οὗτοι,
787 4130 876 4184 διὰ
890 4129 990 4196 τὰς
1009 4130 1341 4201 τελουμένας
1357 4132 1566 4198 θυσίας,
1584 4135 1680 4187 καὶ
1695 4134 1795 4198 τὰς

196 4222 365 4293 ἱερὰς
382 4222 551 4292 εὐχὰς
582 4222 680 4276 καὶ
702 4222 1046 4294 ἐπικλήσεις,
1064 4226 1164 4287 τὰς
1192 4225 1283 4278 ἐπὶ
1307 4225 1417 4279 τῶν
1446 4225 1789 4295 ἐδραιώσεων

193 4314 385 4369 αὐτῶν
416 4314 888 4387 ἱερολογουμὲνας.
929 4336 949 4368 ›
976 4314 1109 4371 Εἶτα
1138 4318 1256 4381 πῶς
1287 4318 1387 4371 οὒκ
1416 4318 1664 4371 ἁσύνετοι
1694 4319 1787 4372 καί

190 4408 555 4478 ἀπόπληκτοι
586 4408 844 4479 πάμπαν,
879 4409 942 4463 οὑ
985 4409 1258 4474 συνιέντες
1292 4410 1369 4474 ὡς
1396 4411 1519 4464 καθ’
1544 4410 1668 4469 ὅλον
1695 4411 1788 4465 τὸν

191 4500 335 4573 ναδν
359 4498 457 4552 τοῦ
491 4501 771 4572 ἀγιασμοῢ
800 4502 1054 4574 διαφοιτᾷ
1078 4504 1257 4574 χάρις,
1295 4502 1389 4556 καὶ
1418 4505 1451 4575 ή
1496 4503 1591 4557 τοῦ
1625 4505 1784 4573 ἁγίου

1892 4045 2084 4116 ligiose
2130 4060 2237 4099 non
2282 4059 2470 4115 agere;
2503 4046 2599 4101 sed
2640 4046 2739 4116 ipsi
2775 4046 2879 4102 sibi
2907 4046 3087 4103 fucum
3130 4048 3334 4106 faciunt
3378 4054 3468 4108 di.

1891 4145 2082 4192 centes
2115 4152 2129 4189 :
2167 4155 2185 4187 ι
2224 4137 2332 4191 ista
2368 4137 2584 4207 quidem
2617 4146 2804 4194 saneta
2837 4152 2980 4206 esse,
3008 4141 3079 4196 ob
3110 4140 3221 4196 illic
3248 4155 3466 4213 peracta

1891 4226 2182 4291 sacrificia,
2210 4235 2266 4282 et
2295 4242 2479 4283 sacras
2511 4242 2700 4297 preces
2722 4239 2885 4299 atque
2912 4229 3310 4301 invocationes,
3346 4253 3466 4307 qua:

1894 4318 1948 4372 in
1993 4332 2181 4373 eorum
2214 4317 2625 4375 fundationibus
2663 4321 2820 4376 fiunt.
2855 4339 2874 4373 ›
2913 4321 3077 4394 Atqui
3117 4326 3303 4394 quidni
3342 4338 3468 4382 sunt

1893 4405 2026 4463 fatui
2062 4408 2352 4480 stolidique
2376 4411 2623 4477 omnino,
2660 4426 2787 4467 cum
2823 4427 2931 4469 non
2974 4416 3282 4487 intelligant
3335 4435 3466 4473 sau-

1893 4499 2244 4555 ctiflcationis
2268 4503 2500 4570 gratiam
2534 4503 2818 4572 sanctique
2845 4502 3084 4573 Spiritus
3117 4509 3465 4577 praesentiam

192 4590 487 4659 παρουσία
515 4590 863 4662 Πνεύματος;
895 4592 956 4646 οὐ
991 4594 1097 4664 γὰρ
1134 4595 1200 4647 ἐκ
1244 4594 1443 4665 μέτρου
1491 4594 1694 4649 δίδοται
1723 4595 1783 4649 τὸ

1896 4590 1959 4644 ad
1988 4600 2158 4647 totum
2196 4592 2448 4661 templum
2484 4580 2792 4663 pertinere?
2819 4610 2995 4665 neque
3023 4599 3168 4652 enim
3208 4602 3276 4654 ad
3317 4615 3469 4655 men-

195 4680 450 4750 ῐίνεῦμαο
482 4680 607 4734 οὐδὲ
626 4681 686 4735 τὸ
707 4682 809 4752 μὲν
837 4682 930 4737 τοῦ
957 4683 1087 4738 ναοῦ
1117 4683 1282 4756 μέρος
1302 4684 1401 4756 τὴν
1419 4677 1580 4755 χάριν
1611 4703 1777 4756 προσ-

190 4773 422 4840 άγεται,
459 4771 523 4825 τὸ
565 4772 624 4826 δὲ
656 4772 863 4843 ταύτης
895 4774 1338 4846 ἁπολιμπὰνεται
1362 4791 1377 4806 ⁸
1414 4776 1447 4849 ἢ
1506 4778 1615 4848 γὰρ
1662 4777 1785 4842 ὅλος

195 4861 355 4932 ἱερός
384 4878 444 4915 τε
462 4863 555 4915 καὶ
584 4862 762 4932 ἁγιος,
794 4865 829 4936 ἢ
874 4864 994 4929 ὅλος
1022 4868 1223 4937 ἐναγής
1246 4884 1304 4921 τε
1336 4868 1431 4921 καὶ
1451 4866 1780 4939 ἀκάθαρτος.

205 4952 378 5005 Ἀλλὰ
420 4952 486 5005 σύ
518 4970 604 5022 γε,
656 4948 701 5008 ὦ
732 4954 1217 5028 φιλαπερίγραπτε
1277 4959 1375 5012 καὶ
1411 4960 1781 5030 μισόμαρτυς,

193 5045 564 5116 περιγράφων
583 5046 674 5100 τὸν
702 5048 995 5120 ἁγιασμὸν,
1040 5049 1100 5102 τὸ
1132 5051 1242 5104 πᾶν
1272 5050 1595 5123 ἀποστερεῖς
1617 5052 1782 5121 ἀνοή-

190 5155 333 5203 τως,
364 5130 412 5203 ᾧ
450 5137 515 5189 τὸ
543 5138 726 5205 πλέον,
778 5142 827 5193 εἰ
855 5141 961 5213 χρὴ
1013 5144 1538 5215 παῤῥησιασὰμενον
1584 5145 1782 5207 εἰπεῖν,

194 5232 524 5301 πρόσεστιν,
558 5233 961 5305 ὑφαιρούμενος
982 5251 998 5267 ⁸
1047 5236 1237 5309 ἐπειδὴ
1280 5236 1454 5290 ταῦτα
1477 5238 1572 5290 καὶ
1606 5235 1782 5301 ἄλλως

195 5320 499 5393 μετέχουσι
556 5324 778 5396 χάριτος
807 5340 823 5357 ·
855 5325 1046 5397 ὥσπερ
1089 5326 1198 5396 γὰρ
1241 5327 1293 5379 oi
1352 5328 1471 5381 ναοὶ
1517 5326 1616 5397 τὴν
1671 5327 1782 5379 τῶν

189 5411 376 5481 ἁγίων
425 5415 747 5487 ἐπωνυμίαν
796 5416 1063 5487 δέχονται,
1121 5416 1268 5472 οὓτω
1317 5419 1414 5472 καὶ
1459 5419 1527 5473 τὰ
1576 5417 1783 5472 τούτων

187 5504 666 5577 ἀπεικονίσματα,
691 5508 788 5580 τὴν
823 5509 1013 5580 κλῆσιν
1053 5510 1235 5563 αὐτῶν
1281 5510 1366 5566 διὰ
1418 5512 1511 5582 τῆς
1550 5513 1783 5582 ἐπιγρα-

273 5663 323 5696 ¹⁸
361 5661 382 5714 1
411 5661 546 5734 Reg.
581 5681 640 5731 ll,
664 5665 753 5720 30.
832 5667 875 5699 ¹³
902 5665 1058 5723 Joan.
1088 5684 1171 5735 tu,
1207 5668 1294 5739 δί.

1891 4696 2074 4738 suram
2107 4682 2271 4737 datur
2305 4681 2636 4752 Spiritus";
2670 4699 2845 4756 neque
2874 4702 3000 4756 pars
3024 4689 3244 4759 quidem
3278 4692 3464 4760 templi

1888 4775 2063 4847 gratia
2112 4775 2392 4842 imbuitur,
2423 4790 2549 4847 pars
2591 4787 2770 4832 autem
2798 4779 2900 4835 hac
2933 4781 3272 4837 destituitur.
3323 4783 3461 4838 Nam

1888 4869 1974 4922 vel
2010 4874 2180 4921 totum
2231 4880 2447 4922 sacrum
2480 4878 2563 4924 est
2616 4878 2673 4924 et
2711 4881 2996 4938 sanctum,
3046 4874 3129 4929 vel
3177 4874 3463 4944 profanum

1891 4968 2062 5016 totum
2093 4966 2258 5030 atque
2284 4959 2568 5029 pollutum.
2598 4963 2669 5017 At
2694 4970 2770 5025 tu.
2810 4963 2903 5033 qui
2931 4963 3463 5034 incircumscriptum

1892 5067 2062 5119 amas,
2111 5060 2167 5106 et
2214 5063 2484 5124 martyres
2511 5054 2638 5110 odio
2672 5055 2862 5120 habes,
2908 5057 3035 5109 dum
3068 5055 3467 5111 sanctificatio-

1891 5157 2015 5215 nem
2054 5143 2482 5211 circumscribis,
2519 5159 2633 5200 rem
2678 5154 2845 5200 totam
2892 5145 3220 5216 insipienter
3254 5146 3461 5211 aufers,

1891 5235 2017 5302 quia
2068 5235 2155 5289 cui
2205 5234 2329 5305 plus
2379 5224 2557 5302 in'est,
2614 5235 2661 5289 si
2692 5235 3034 5291 confidenter
3063 5236 3247 5292 dicere
3296 5236 3461 5301 licet,

1889 5326 2203 5395 subtrahis;
2262 5327 2537 5396 quoniam,
2571 5326 2687 5382 haec
2736 5326 2957 5382 aliunde
3010 5327 3173 5383 etiam
3225 5325 3461 5396 gratiam

1891 5418 2242 5488 participant.
2284 5416 2420 5473 Nam
2453 5416 2595 5473 sicut
2625 5416 2825 5488 templa
2863 5432 2891 5472 a
2924 5417 3133 5473 sanctis
3171 5417 3334 5473 rebus
3368 5432 3465 5487 ap-

1891 5508 2236 5579 pellationem
2279 5507 2571 5577 accipiunt,
2602 5507 2675 5561 ita
2707 5516 2762 5564 ct
2805 5517 3119 5566 sanctorum
3164 5508 3462 5567 simulacra
