3898 6150
433 311 538 380 479
1469 313 1527 372 S.
1568 307 1984 371 NICEPHORI
2021 307 2043 367 1

2149 294 2527 372 ,‘RIARCHE
2562 312 2676 373 ep.
3101 306 3104 308 ‘
3589 308 3708 373 430

436 437 631 480 nomen
677 427 869 481 horum
921 423 1243 494 inscriptum
1275 429 1470 492 gerunt
1496 460 1512 485 ,
1547 431 1708 489 atque
1745 421 1849 474 hoc
1878 436 2002 473 san-
2032 453 2043 477 λ

2149 418 2214 487 ἧς
2237 418 2482 489 φέρουσι,
2517 420 2804 493 καὶταύτῃ
2831 421 3149 490 ἀγιάξονται
3175 439 3189 455 ο
3224 422 3354 492 εἰδὴ
3380 421 3572 484 πιστός
3603 434 3695 472 σοι

436 516 780 580 ctilicantur;
816 517 859 568 si
891 525 1036 569 certe
1063 514 1338 570 credibilis
1375 513 1470 567 tibi
1494 512 1824 581 minimeque
1857 528 2012 566 men-

2168 509 2400 579 Χριστὸς
2425 513 2519 564 καὶ
2548 513 2947 582 ἀψευδέστατος
2973 514 3207 584 μάρτυς,
3239 513 3340 584 τὴν
3365 514 3430 567 ἐκ
3451 512 3550 564 τοῦ
3580 512 3707 563 6er-

439 607 541 658 dax
579 608 735 660 testis
779 616 864 660 est
896 607 1166 673 Christus,
1200 606 1291 674 qui
1336 605 1446 658 vim
1486 604 1723 658 nominis
1751 605 2012 673 gratiam-

2149 617 2286 665 ιατος
2323 603 2474 672 ίσχὺν
2503 604 2596 656 καὶ
2615 605 2776 676 χάριν
2805 604 3107 674 διασαφῶν.
3151 604 3256 659 Ἐν
3309 602 3388 670 τῷ
3439 602 3698 670 ὀνόματί

442 713 546 767 que
596 698 838 750 declarat
898 699 1087 751 dicens
1145 714 1162 752 :
1211 696 1280 751 In
1325 698 1532 751 nomine
1589 713 1703 750 meo
1752 697 2016 750 (immania

2149 710 2251 757 tov,
2264 694 2456 763 λέγων,
2475 696 2750 764 δαιμόνια
2769 697 3113 752 ἐκϐαλοῦσι.
3129 697 3239 752 Καὶ
3256 695 3291 750 ἀ
3308 696 3520 756 τούτοις
3537 695 3590 746 ie
3601 711 3704 763 μεν

441 791 652 859 ejicient
674 791 739 842 ⁸⁵.
771 789 830 843 Et
856 805 976 858 qua:
1009 789 1080 844 ibi
1111 790 1395 857 sequentia
1413 789 1640 844 scimus.
1673 787 1774 842 Et:
1807 787 1912 852 Qui
1936 805 2020 840 re-

445 881 569 944 tipil
629 884 938 948 prophetam
990 881 1043 932 in
1111 879 1317 932 nomine
1373 879 1676 948 prophettz,
1730 879 2019 932 mercedem

447 973 707 1036 prop/cette
749 971 984 1036 accipiet.
1035 969 1098 1021 Et
1128 971 1218 1038 qui
1262 970 1445 1036 recipit
1482 970 1690 1039 justum
1724 971 1778 1022 in
1809 969 2021 1028 nomine

444 1057 602 1125 justi,
643 1059 927 1112 mercedem
965 1058 1096 1124 iusti
1135 1060 1352 1126 accipiet
1373 1059 1440 1111 ³⁸.
1469 1057 1568 1120 Qui
1602 1072 1733 1125 ergo
1771 1057 1837 1123 ad
1875 1071 2022 1110 mar—

451 1148 587 1217 tyris
620 1149 875 1218 templum
917 1151 1174 1213 accurrit,
1210 1151 1276 1205 ad
1308 1150 1597 1216 imaginem
1630 1148 1836 1216 pariter
1864 1163 2023 1203 acce-

452 1240 552 1293 dit.
591 1239 834 1308 Utraque
860 1240 1073 1306 opiﬁcia
1102 1250 1226 1294 sunt
1251 1252 1305 1295 et
1346 1241 1502 1309 127
1542 1241 1594 1293 in
1632 1240 2025 1310 ambobusgra-

455 1332 526 1383 tia
561 1332 769 1384 eadem.
811 1329 1036 1400 insuper
1081 1345 1210 1384 vero
1254 1331 1343 1399 qui
1390 1331 1645 1399 religiose
1698 1324 2028 1396 accesserit,

455 1421 938 1474 sanctiﬁcationem
966 1422 1034 1474 ob
1075 1420 1233 1474 [idem
1271 1419 1544 1489 propriam
1581 1417 1793 1488 (66-67)
1838 1433 2028 1473 conse-

453 1523 672 1580 quetur.
707 1511 762 1566 Si
796 1527 924 1582 ergo
955 1521 1142 1566 sancta
1171 1521 1299 1566 sunt
1333 1511 1530 1579 templa
1577 1525 1642 1565 ac
1676 1511 1984 1566 veneranda
2012 1549 2027 1573 ,

469 1617 693 1656 necesse
779 1613 861 1655 est
921 1603 1094 1657 sancti
1155 1616 1370 1670 quoque
1431 1601 1666 1656 lmtninis
1739 1602 2032 1670 imaginem

460 1707 702 1750 sanctam
743 1710 861 1750 esse
903 1710 966 1748 ac
1000 1694 1396 1759 venerabilem;
1436 1693 1680 1762 nihilque
1725 1692 1815 1746 hic
1848 1691 2031 1760 profa-

2119 785 2381 855 ἑπόμενα.
2415 785 2522 840 Καὶ
2553 789 2587 839 ό
2622 785 2945 856 δεχόμενος
2989 787 3306 856 προφήτην
3343 786 3414 838 ἐν
3451 785 3714 852 ὀνόματι

2120 878 2452 945 προφήτου,
2469 879 2695 947 μισθὸν
2709 880 3020 948 προφήτου
3041 878 3325 947 λήψεται.
3350 877 3460 931 Καὶ
3484 879 3518 930 δ
3535 876 3716 943 δεχό-

2119 982 2303 1035 μενος
2324 966 2560 1021 δίκαιον
2581 971 2670 1035 εἰς
2689 969 2877 1038 ὄνομα
2903 969 3162 1034 δικαίου,
3201 969 3423 1039 μισθὸν
3468 968 3716 1021 δικαίου

2124 1056 2402 1124 λήψεται.
2422 1058 2479 1110 Ὁ
2500 1059 2678 1112 τοίνυν
2696 1059 2773 1128 τῷ
2789 1060 2901 1130 ναῷ
2920 1060 3269 1132 προστρέχων
3286 1059 3378 1112 τοῦ
3403 1059 3724 1130 μάρτυρος,

2127 1145 2220 1197 καὶ
2249 1148 2314 1215 τῇ
2346 1147 2515 1198 εἰκόνι
2550 1146 2811 1211 ὡσαύτως
2837 1149 3085 1218 πρόσεισι
3114 1165 3126 1178 ⁸
3161 1149 3366 1218 κτίσμα
3407 1148 3505 1201 καὶ
3531 1147 3716 1200 ταῦτα

2128 1239 2380 1301 κάκεῖνα,
2415 1239 2509 1290 καὶ
2539 1239 2624 1290 ἐπ’
2653 1241 2854 1308 ἀμφοῖν
2881 1243 2911 1310 ἡ
2942 1241 3098 1310 χάρις
3121 1242 3156 1311 ἡ
3191 1239 3328 1310 αὐτή
3350 1257 3368 1275 ο
3399 1239 3562 1292 πλέον
3596 1240 3657 1292 δὲ
3690 1241 3720 1292 ὁ

2128 1328 2340 1392 πιστῶς
2363 1329 2603 1400 προσιὼν
2632 1331 2742 1395 ἕξει
2799 1333 2938 1385 κατά
2992 1333 3092 1402 τὴν
3131 1333 3342 1385 οἰκείαν
3396 1332 3584 1386 πίστιν
3655 1332 3722 1384 τὸ

2129 1419 2475 1486 ἀγιάζεσθαι.
2499 1422 2669 1492 Εἴπερ
2697 1417 2792 1476 οὖν
2810 1425 2858 1475 ei
2885 1427 3004 1476 ναοὶ
3027 1425 3192 1492 ἆγιοι,
3217 1426 3312 1476 καὶ
3339 1425 3408 1476 τά
3433 1424 3490 1475 ὲν
3527 1424 3722 1485 αὐτοῖς

2131 1509 2312 1563 πάντα
2335 1511 2468 1578 am
2493 1513 2588 1564 καὶ
2619 1512 2911 1582 σεϐάσμια,
2939 1513 3152 1583 ἀνάγκη
3186 1513 3280 1566 καὶ
3304 1513 3395 1566 τὸν
3419 1511 3515 1566 τοῦ
3547 1513 3716 1578 ἁγίου

2132 1601 2464 1673 χαρακτῆρα
2503 1604 2658 1671 ἆγιον
2713 1600 2854 1657 εἶναι
2899 1606 2995 1657 καὶ
3031 1605 3355 1674 σεϐάσμιον,
3403 1605 3501 1658 καὶ
3555 1603 3724 1657 οὐδὲν

2134 1691 2369 1744 ἐνταῦθα
2389 1677 2590 1760 ¹ἐναγὲς
2620 1695 2715 1746 καὶ
2744 1694 3054 1766 ἀκάθαρτον
3075 1713 3091 1727 ο
3128 1698 3177 1748 εί
3207 1695 3264 1747 δὲ
3294 1694 3470 1749 ταῦτα
3522 1693 3723 1756 καλεῖς

465 1802 590 1839 num
621 1800 738 1839 esse
767 1795 859 1840 aut
887 1786 1170 1854 pollutum.
1196 1783 1349 1850 Quod
1382 1784 1426 1838 si
1457 1785 1557 1838 has
1584 1783 1840 1853 profanas
1872 1782 2033 1846 dicis,

2149 1781 2330 1852 ἐναγῆ,
2360 1783 2554 1837 οὐκοῦν
2587 1786 2679 1837 καὶ
2736 1787 2793 1838 αἱ
2859 1763 3178 1856 Ἐκκλησίαι
3233 1788 3448 1855 ἐναγεῖς
3481 1801 3497 1840 τ
3533 1785 3725 1848 κοινὸς

462 1876 705 1946 proiecto
733 1877 896 1932 etiam
943 1877 1193 1932 ecclesiae
1221 1857 1465 1946 profana:
1491 1885 1614 1928 sunt
1647 1893 1660 1928 :
1689 1888 2033 1928 communem

460 1971 605 2023 enim
637 1979 690 2023 et
728 1985 824 2038 per
870 1971 1053 2024 omnia
1084 1969 1334 2024 diiiusam
1368 1976 1589 2023 constat
1633 1981 1756 2021 esse
1790 1966 2036 2020 sanctiﬁ-

462 2063 759 2115 catiouem.
789 2061 1040 2129 Alioquin
1087 2059 1413 2129 imaginibus
1454 2058 1557 2112 alia
1581 2073 1716 2126 opus
1741 2068 1885 2112 esset
1909 2072 2038 2111 san-

465 2152 830 2217 ctificatione,
866 2151 1207 2217 ftirtdalioue,
1241 2152 1534 2224 precibus,
1583 2149 1843 2205 encaeniis
1883 2148 2039 2215 aliis;

468 2245 803 2311 alteriusque
881 2246 1172 2298 adventum
1252 2243 1491 2312 Spiritus
1557 2241 2038 2310 praestolabuntur.

469 2336 621 2402 Quod
653 2337 694 2389 si
731 2346 784 2390 tu
820 2351 917 2404 per
951 2351 1113 2389 unam
1156 2350 1306 2399 rem,
1343 2335 1570 2388 alteram
1603 2333 1763 2387 simul
1803 2333 2039 2398 evertis,

471 2426 816 2479 maniiestum
845 2437 896 2480 te
918 2426 1159 2480 ostendis
1189 2435 1503 2479 sanctarum
1527 2439 1710 2478 rerum
1738 2424 2039 2485 inimicum,

470 2527 524 2571 et
558 2518 774 2586 quidem
820 2517 1242 2572 [otiosissimum
1286 2517 1494 2570 hostem
1544 2525 1708 2584 atque
1743 2515 2042 2570 acerbissi-

471 2626 641 2674 mum,
678 2611 802 2678 quia
841 2609 1208 2664 molestissimi
1261 2609 1357 2663 tibi
1400 2617 1528 2662 sunt
1569 2608 1742 2662 sancti
1791 2608 1954 2662 etiam
1989 2608 2041 2660 in

472 2702 704 2768 imagine
733 2701 986 2767 spectati.
1033 2699 1321 2769 Propterea
1355 2709 1409 2751 tu
1447 2697 1684 2772 subruis,
1719 2698 2043 2767 prosternis,

471 2794 672 2861 spolias
704 2793 936 2860 templa,
965 2793 1092 2862 quia
1122 2801 1308 2846 sancta
1349 2798 1498 2846 sunt.
1531 2789 1722 2846 Nonne
1753 2791 1825 2844 ita
1869 2799 1960 2844 tuo
1993 2801 2046 2844 te

474 2886 786 2940 testimonio
823 2901 1036 2940 osorem
1087 2884 1412 2953 hostemque
1451 2892 1767 2937 sanctorum
1809 2883 2048 2951 probas]?

475 2979 827 3033 Demonstras
876 2978 1019 3032 cnim
1045 3019 1059 3042 ,
1093 2977 1304 3039 etiamsi
1353 2975 1562 3040 nolles,
1601 2990 1873 3029 summam
1927 2989 2049 3030 esse

2140 1874 2250 1945 γὰρ
2285 1875 2380 1928 καὶ
2407 1875 2494 1928 διά
2520 1877 2742 1930 πάντων
2777 1879 2978 1947 φοιτῶν
3046 1879 3314 1932 δέδεικται
3346 1880 3374 1931 ὁ
3417 1877 3724 1946 ἁγιασμὸς.

2139 1971 2436 2040 Δεήσονται
2463 1971 2652 2023 λοιπὸν
2673 1973 2766 2024 καὶ
2800 1974 2988 2043 ἑτέρου
3017 1973 3317 2043 ἀγιασμοῦ,
3377 1971 3729 2043 έδραιώσεών

2139 2079 2198 2115 τε
2221 2063 2315 2114 καὶ
2345 2061 2521 2131 εὐχῶν
2550 2063 2647 2114 καὶ
2685 2064 3060 2132 ὲγκαινισμῶν
3113 2065 3339 2136 ἐτέρων,
3402 2065 3498 2118 καὶ
3552 2063 3728 2117 ἄλλου

2140 2152 2486 2223 ἑπιφοίτησιν
2521 2153 2829 2217 ἐκδέξονται
2883 2154 3238 2225 Πνεύματος·
3289 2157 3339 2208 εί
3368 2141 3426 2208 δὲ
3462 2154 3555 2207 διά
3619 2152 3720 2206 τοῦ

2142 2245 2261 2309 ένδς
2301 2246 2395 2298 καὶ
2421 2245 2480 2298 τὸ
2508 2245 2698 2316 ἕτερον
2730 2247 3154 2318 καταστρέφεις,
3201 2246 3438 2317 φανερὸν
3495 2245 3730 2298 σεαυτὸν

2142 2339 2510 2408 κατέστησας,
2537 2339 2618 2391 ὅτι
2647 2339 2842 2409 ἐχθρὸς
2878 2333 2929 2391 εἷ
2955 2339 3064 2392 τῶν
3083 2339 3279 2406 ἁγίων,
3313 2339 3406 2392 καὶ
3453 2337 3674 2408 ἐχθρῶν
3701 2340 3731 2390 ὁ

2142 2429 2580 2499 δυσμενέστατος
2634 2431 2731 2483 καὶ¹
2773 2431 3127 2503 πικρότατος,
3169 2430 3360 2499 ἐπειδὴ
3420 2429 3728 2501 βαρύτατοι

2146 2522 2228 2574 σοί
2260 2523 2399 2575 είσιν
2439 2524 2490 2575 oi.
2534 2523 2680 2590 ἅγιοι
2732 2523 2825 2576 καὶ
2861 2526 2918 2577 έν
2952 2523 3120 2576 εἰκόνι
3158 2523 3523 2593 βλεπόμενοι·
3585 2521 3729 2574 ἀλλά

2144 2613 2234 2666 διά
2263 2611 2423 2665 τοῦτο
2459 2613 2794 2685 ἀνορύττεις,
2854 2613 2943 2668 διά
2989 2613 3149 2666 τοῦτο
3183 2611 3575 2675 καταὸἁλλεις,
3638 2610 3735 2663 διὰ

2144 2705 2303 2759 τοῦτο
2327 2707 2687 2776 ἀποκοσμεῖς,
2735 2707 2817 2760 ὅτι
2866 2706 3010 2774 ἆγιοί
3043 2709 3184 2759 εἰσιν
3218 2707 3267 2759 οἱ
3320 2705 3475 2757 ναοί·
3511 2705 3544 2774 ἦ
3599 2703 3733 2772 ὀύχὶ

2151 2797 2378 2852 σεαυτοῦ
2416 2800 2866 2868 καταμαρτυρεῖς
2906 2797 3017 2851 τῶν
3058 2798 3232 2866 ἀγίων
3277 2793 3418 2850 εἶναι
3477 2796 3733 2865 δυσμενῆ

2149 2890 2243 2942 καὶ
2266 2889 2559 2957 πολέμιον;
2594 2887 2867 2951 Δεικνύεις
2900 2889 3010 2959 γὰρ
3038 2889 3132 2941 καὶ
3161 2887 3233 2958 μὴ
3267 2887 3620 2958 βουλόμενος,
3651 2886 3734 2938 ὄτι

2147 2980 2382 3051 τοσαύτη
2411 2983 2444 3050 ἡ
2482 2981 2666 3050 σχέσις
2697 2982 2793 3034 καὶ¹
2810 2981 3083 3043 οἰκείωσις
3101 2979 3306 3032 τούτων
3328 2979 3465 3050 πρὸς
3495 2976 3734 3047 ἄλληλα,

475 3073 665 3124 horum
700 3071 842 3124 inter
870 3083 928 3123 se
954 3069 1274 3124 relationem
1301 3077 1356 3122 et
1387 3067 1866 3129 necessitudinem,
1901 3066 2040 3121 sacri

2149 3072 2243 3127 τοῦ
2271 3090 2332 3125 τε
2369 3071 2517 3143 ίεροῦ
2547 3072 2720 3134 οἴκου,
2754 3073 2919 3142 φημὶ,
2959 3073 3054 3124 καὶ
3083 3071 3192 3124 τῶν
3211 3071 3372 3124 θείων
3407 3069 3736 3138 εἰκονισμά-

480 3178 671 3228 nempe
709 3162 889 3228 templi
921 3170 977 3214 et
1004 3168 1358 3230 angustarum
1391 3159 1714 3228 imaginum,
1746 3157 1874 3226 quia
1905 3171 2048 3211 nunc

476 3255 639 3310 simul
689 3254 1044 3309 destruuntur
1074 3263 1126 3305 et
1176 3250 1608 3321 persecutionem
1645 3249 2045 3318 experiuntur;

477 3349 630 3404 velut
663 3358 819 3416 antea
849 3362 879 3401 a
909 3343 1235 3399 Christianis
1263 3341 1522 3397 fabricata
1561 3343 1675 3396 hate
1700 3343 1906 3411 pariter
1930 3342 2049 3398 lue-

481 3449 605 3493 rant
632 3450 684 3492 ct
718 3439 1004 3494 honorata.

551 3553 642 3608 55.
691 3552 985 3620 Postquam
1031 3550 1216 3618 itaque
1263 3554 1429 3602 temet
1479 3545 1700 3600 Christo
1745 3554 1800 3600 et
1846 3547 2054 3602 sanctis

483 3645 906 3699 inl‘ensissimum
939 3641 1252 3705 ostendisti,
1281 3641 1528 3709 sequitur
1553 3649 1610 3693 ut
1637 3640 1784 3709 paria
1815 3641 1879 3695 de
1905 3655 2055 3711 sym-

485 3743 621 3792 bolis
653 3752 870 3806 quoque
894 3736 1199 3791 caelestium
1231 3743 1286 3788 et
1314 3733 1759 3802 incorporearum
1788 3733 2052 3785 virtutum

485 3831 694 3883 sentias
721 3837 884 3895 atque
915 3828 1177 3895 loquaris.
1209 3823 1344 3878 Nam
1375 3823 1578 3878 Christi
1609 3821 1770 3876 rebus
1803 3821 2053 3889 sublatis,

483 3922 599 3976 ‘nmc
625 3935 839 3990 quoque
862 3916 1024 3972 simul
1053 3915 1253 3970 auferri
1278 3915 1593 3981 destruique
1615 3926 1911 3981 congruum
1937 3918 2055 3974 est;

487 4024 545 4066 ut
601 4014 727 4065 hinc
777 4012 940 4065 etiam
997 4002 1287 4062 Marcionis
1343 4003 1680 4072 Manetisque
1734 4001 2058 4056 inﬁdelitate

483 4119 647 4176 atque
694 4105 967 4158 atheismo
1009 4101 1261 4156 laborare
1299 4099 1619 4166 coarguaris
1645 4137 1659 4159 ,
1693 4093 2058 4163 Veteremque

483 4212 539 4255 et
569 4199 771 4254 Novam
802 4196 1140 4262 Scripturam
1169 4191 1404 4246 ludibrio
1425 4190 1666 4257 risuique
1692 4187 1914 4251 habere,
1939 4187 2056 4257 ple-

487 4308 654 4361 raque
681 4305 747 4345 ex
774 4289 860 4341 his
888 4287 1072 4340 delere
1097 4292 1151 4338 et
1174 4281 1463 4352 expellere,
1497 4280 1804 4348 loquentem
1833 4279 1886 4332 in
1927 4280 2058 4348 ipsis

487 4384 656 4436 Deum
707 4376 1154 4447 reprehendere:
1205 4381 1261 4428 et
1303 4372 1347 4426 si
1375 4371 1508 4425 nihil
1553 4369 1721 4435 aliud,
1753 4379 1900 4424 certe
1938 4371 2058 4425 illos

2153 3180 2283 3226 των,
2312 3163 2394 3216 ὅτι
2419 3161 2514 3214 καὶ
2551 3160 3051 3232 συγκαθαιροῦνται
3077 3160 3332 3230 ἀλλήλοις
3379 3160 3473 3211 καὶ
3503 3159 3738 3211 συνδιω-

2154 3272 2358 3318 κονται,
2402 3253 2654 3324 καθάπερ
2709 3253 2804 3306 καὶ
2847 3253 2906 3306 τὸ
2960 3255 3089 3325 πρὶν
3160 3251 3313 3322 παρά
3373 3249 3738 3321 Χριστιανοῖς

2157 3345 2700 3418 συγκαταρτιζόμενα
2727 3345 2826 3414 ἤδη
2862 3343 2959 3397 καὶ
2985 3342 3298 3410 ὲδοξάζοντο
3326 3342 3461 3412 ἅμα.

2227 3543 2320 3598 νε’.
2370 3543 2641 3613 Ὀπηνίκα
2670 3540 2764 3596 οὖν
2798 3541 2989 3612 ὤφθης
3009 3539 3251 3612 Χριστοῦ
3287 3538 3386 3592 καὶ
3415 3537 3526 3590 τῶν
3561 3536 3738 3604 ἁγίων

2155 3636 2184 3688 ὁ
2213 3635 2484 3706 ἔχθιστος,
2517 3635 2812 3688 ἀκόλουθον
2841 3633 3018 3687 ταῦτα
3054 3634 3149 3685 καὶ
3181 3632 3312 3703 περὶ
3367 3631 3477 3683 τῶν
3533 3627 3740 3698 συμϐό-

2155 3725 2264 3779 λων
2293 3726 2401 3779 τῶν
2421 3725 2692 3796 οὐρανίων
2717 3727 2812 3779 καὶ
2849 3725 3160 3794 ἀσωμάτων
3188 3724 3407 3793 φρονεῖν
3430 3722 3523 3775 καὶ
3557 3720 3740 3787 λέγειν

2155 3817 2441 3888 δυνάμεων
2463 3831 2478 3848 ⁸
2504 3818 2586 3870 ὅτι
2616 3816 2804 3886 ἐπειδὴ
2837 3816 2905 3869 τά
2937 3815 3032 3868 τοῦ
3069 3813 3308 3886 Χριστοῦ
3346 3813 3734 3871 καταλέλυται,

2158 3910 2254 3960 καὶ
2283 3907 2458 3960 ταῦτα
2489 3907 3002 3976 συγκαταλελύσθαι
3046 3908 3140 3961 καὶ
3174 3901 3738 3973 συγκαταόεϐλῆσοαι

2157 3999 2306 4062 ἄξιον
2331 4016 2346 4030 '
2376 3999 2462 4051 ἵνα
2497 3999 2830 4070 κατάφωρος
2858 3999 2996 4069 γένῃ
3037 3995 3317 4050 κάνταῦθα
3347 3995 3448 4064 τὴν
3473 3992 3739 4064 Μαρκίως

2158 4105 2246 4151 νος
2272 4089 2364 4142 καὶ
2418 4088 2696 4152 Μάνεντος
2724 4090 2897 4144 νοσῶν
2929 4089 3191 4143 ἀπιστίαν
3225 4089 3318 4140 καὶ
3368 4086 3585 4147 ἀθεῖαν,
3620 4084 3738 4136 Πα-

2157 4179 2315 4234 λαιάν
2341 4198 2397 4233 τε
2432 4181 2526 4234 καὶ
2575 4181 2720 4234 Νέαν
2770 4179 2993 4251 Γραφὴν
3030 4177 3489 4249 καταμωμεῖσθαί
3534 4192 3593 4228 τε
3650 4173 3742 4226 καὶ

2159 4273 2549 4326 ἀποσκώπτειν
2578 4272 2759 4336 εἰδὼς,
2811 4272 3026 4326 ἀθετεῖν
3059 4289 3118 4325 τε
3167 4271 3373 4324 τούτων
3424 4267 3600 4321 πολλά
3645 4266 3738 4318 καὶ

2163 4370 2647 4441 ἀποσκορακίζειν,
2673 4368 2882 4423 καὶτὸν
2911 4369 2968 4420 ἐν
3021 4369 3218 4429 αὐταῖς
3260 4365 3575 4435 λαλήσαντα
3609 4361 3740 4414 Θεὸν

489 4439 860 4533 Cherubinos,
891 4467 983 4536 qui
1016 4480 1148 4519 auro
1183 4477 1319 4534 puro
1349 4461 1534 4517 ductili
1570 4460 1785 4515 formati
1816 4459 2043 4516 fuerunt

2162 4439 2497 4532 δυσφημεῖν·
2542 4461 2636 4514 καὶ
2690 4461 2761 4512 εί·
2803 4460 2878 4531 μή
2935 4477 2988 4513 τι
3045 4459 3194 4517 ἄλλο,
3245 4457 3314 4510 τά
3365 4472 3430 4523 γε
3475 4451 3742 4524 χερουϐἶμ

491 4562 602 4615 Deo
637 4561 878 4613 omnium
919 4558 1148 4613 Domino
1190 4556 1445 4626 jubente,
1483 4553 1792 4625 Moysisque
1831 4553 2056 4607 oraculo

489 4650 747 4715 conﬂati,
783 4661 945 4720 atque
988 4650 1133 4704 haud
1172 4649 1352 4704 minus
1415 4643 1724 4718 apostolicis
1769 4647 1951 4700 verbis
1986 4645 2054 4710 ",

491 4742 765 4808 honorati,
798 4742 1076 4797 latreutici
1105 4742 1284 4797 cultus
1313 4755 1437 4795 cum
1475 4737 1690 4795 caneris
1710 4737 2063 4807 justillcatio-

2166 4557 2368 4621 ἐκεῖνα,
2396 4553 2432 4607 ἃ
2460 4553 2524 4625 δὴ
2565 4553 2774 4624 χρυσίῳ
2805 4551 3032 4622 καθαρῷ
3060 4548 3345 4622 διήλασταί
3378 4564 3437 4599 τε
3488 4546 3586 4598 καὶ
3645 4559 3741 4594 πε-

2164 4648 2405 4717 ποίηται,
2433 4646 2568 4699 Θεοῦ
2604 4647 2704 4716 μὲν
2727 4645 2823 4698 τοῦ
2854 4646 3072 4699 πάντων
3104 4641 3463 4704 δεσπόζοντος
3507 4651 3739 4708 προστε-

2165 4738 2412 4809 ταχότος,
2434 4737 2678 4801 Μωσέως
2708 4737 2766 4790 δὲ
2793 4737 3052 4807 θεοκλυτή
3065 4751 3255 4798 σαντος
3277 4728 3738 4802 συμπηγνύμενα.

490 4850 608 4898 nes,
651 4850 748 4889 ceu
799 4834 1040 4906 symbola
1084 4835 1245 4904 hujus
1297 4833 1639 4904 regulaeque,
1680 4831 1941 4896 vocitati;
1999 4830 2043 4884 dt

2163 4829 2528 4900 δεδοξασμένα
2556 4830 2654 4899 μὲν
2678 4831 2773 4882 καὶ
2808 4829 3081 4898 σεδάσμια
3103 4830 3198 4880 καὶ
3225 4825 3394 4893 Ἀγια
3425 4822 3622 4889 ἁγίων,
3649 4815 3741 4870 καὶ

489 4929 687 4996 quibus
719 4929 881 4983 latius
913 4928 1039 4982 alibi
1074 4943 1289 4998 quoque
1320 4942 1350 4982 a
1380 4926 1536 4981 nobis
1568 4923 1669 4979 iuit
1702 4925 2035 4993 disputatum

2167 4921 2468 4990 τηνικαῦτα
2496 4923 2592 4973 καὶ
2623 4920 2754 4973 ὄντα
2785 4921 2879 4973 καὶ
2915 4915 3460 4990 προσαγορευόμενα,
3489 4911 3643 4965 οὐδὲν
3687 4907 3740 4958 δὲ

485 5022 673 5095 ἧττον,
708 5023 801 5076 καὶ
824 5020 975 5092 παρά
995 5020 1073 5092 τῷ
1095 5019 1441 5089 ἀποστολικῷ
1463 5018 1606 5088 λόγῳ
1633 5015 1944 5087 τιμώμενα,
2005 5014 2100 5067 καὶ
2133 5013 2478 5084 δικαιώματα
2539 5012 2795 5083 λατρείας
2829 5012 2970 5081 μετά
2993 5011 3101 5063 τῶν
3132 5008 3308 5063 ἄλλων
3365 5004 3462 5058 καὶ
3499 5003 3577 5065 ὡς
3611 5001 3741 5070 σύμ-

441 5099 455 5171 i
490 5115 629 5171 ϐολα
658 5118 753 5170 καὶ
803 5116 997 5187 θεσμοὶ
1047 5114 1250 5182 ταύτης
1287 5111 1798 5183 κατονομαζόμενα,
1832 5109 1963 5180 περὶ⁴
1992 5101 2068 5161 ὧν
2107 5105 2442 5178 πλατύτερον
2459 5106 2552 5159 καὶ
2577 5105 2634 5156 ὲν
2667 5104 2876 5175 ἑτέροις
2899 5104 3029 5178 ἡμῖν
3056 5099 3388 5170 διείληπται.

2245 5224 2350 5290 νς’.
2384 5225 2497 5278 Νῦν
2525 5225 2580 5278 δὲ
2603 5222 2762 5277 τοῦτο
2791 5224 2950 5293 μόνον
2982 5218 3277 5290 προστεθὲν
3302 5217 3613 5288 ἀποχρήσει
3634 5228 3739 5266 σοι·

2173 5323 2254 5374 ὃτι
2286 5318 2477 5389 ἐπειδὴ
2523 5319 2616 5371 καὶ
2680 5315 2952 5371 Ἰουδαίων
3011 5309 3063 5366 εἴ
3108 5309 3592 5384 ἀγνωμονέστερος
3655 5303 3743 5358 καὶ

559 5237 651 5290 56.
686 5235 842 5291 Nunc
875 5237 1091 5290 demum
1130 5235 1235 5288 hoc
1269 5233 1365 5286 tibi
1399 5232 1576 5286 adhuc
1608 5229 1879 5298 adjectum
1920 5227 2068 5283 suiIi-

491 5333 618 5385 ciat.
669 5329 907 5398 Nempe,
952 5327 1094 5398 quod
1143 5325 1348 5382 Judtnis
1388 5324 1652 5396 ingratior
1684 5332 1739 5376 et
1784 5331 2067 5378 contoma-
2117 5336 2119 5338 ·

564 5489 608 5519 ⁸⁸⁸
635 5487 798 5541 Marc.
827 5502 932 5549 xvr,
971 5486 1052 5539 l7.
1131 5485 1176 5515 “
1201 5483 1391 5536 Matth.
1441 5497 1494 5545 κ,
1530 5480 1619 5543 41,
1812 5478 1852 5508 ⁸⁷
1894 5473 2058 5530 llebr.
2100 5491 2174 5539 Ix,
2210 5473 2262 5528 5.

2169 5630 2243 5683 sis
2280 5629 2479 5685 nostris
2513 5629 2742 5696 actibus,
2776 5641 2842 5682 ex
2874 5625 3062 5683 intimo
3093 5624 3272 5678 animo
3301 5621 3388 5693 pic
3421 5623 3740 5687 sinccrcque

563 5641 774 5709 (66.67)
817 5641 1008 5704 Recte;
1058 5653 1182 5691 nam
1217 5651 1393 5705 neque
1443 5650 1471 5688 a
1515 5634 1686 5688 sacris
1736 5631 2055 5698 imaginibus
2169 5631 2243 5683 sis
2280 5644 2332 5680 η(

567 5727 715 5752 nitent
752 5709 962 5752 tmnnlie
983 5709 1197 5752 nrnnrie
1222 5705 1642 5752 sanctiﬁcatum.
1665 5703 1756 5752 seti
1791 5718 1817 5752 τι
1853 5700 2060 5752 rcliaio-
2174 5698 2332 5752 eliciti

2174 5714 2385 5754 θιιςιῑιε.

479 5700 670 5783 neque
689 5727 716 5766 a
752 5700 962 5778 iemplis
983 5700 1197 5779 prOprie
1222 5700 1642 5770 sanietiiicamur,
1665 5703 1756 5758 SCti
1791 5718 1817 5755 a
1853 5700 2060 5770 religio-
