3898 6150
200 395 293 464 481

906 396 1535 459 ANTIRRHETICUS
1573 395 1664 457 ΙΙΙ
1705 397 1872 459 ADV.
1911 397 2499 460 CONSTANTlNUM
2538 401 2753 463 COPB.

3339 402 3445 468 482

199 512 616 582 ἁπειθέστερος,
639 511 708 562 τὰ
729 509 849 563 θεῖα
878 513 1282 582 προστάγματα
1307 512 1644 564 καταπατῶν
1681 513 1770 565 καὶ

1881 512 1998 564 cior
2042 528 2162 565 cum
2196 514 2270 564 sis
2299 551 2314 575 ,
2355 512 2536 565 divina
2583 518 2849 581 princepta
2880 511 3109 580 pedibus
3141 516 3361 572 trahens
3391 530 3448 572 et

199 607 266 668 ὼς
296 603 525 656 παιδιὰν
545 599 918 670 λογιζόμενος,
951 599 1281 669 Χριπιανόν
1315 617 1374 653 σε
1408 601 1700 669 γινώσκειν
1742 602 1775 672 ἢ

197 696 379 750 καλεῖν
416 695 477 746 οῦ
520 691 764 761 θεμιτόν.
815 691 923 754 υῦς
961 691 1068 760 γὰρ
1102 695 1237 760 μήτε
1270 693 1601 763 ἀποστολικὴ
1629 693 1776 746 διδα-

200 787 394 841 σκαλία
428 784 682 847 πέπεικε,
732 785 871 854 μήτε
892 783 1202 854 νομοθετῶν
1240 785 1335 837 καὶ
1362 785 1658 855 προφητῶν
1689 787 1778 838 θε-

201 875 713 948 σμοὶὲπηγάγοντο,
738 875 873 944 μήτε
891 875 1055 926 αὐτοῦ
1079 874 1214 927 Θεοῦ
1238 875 1567 946 προστάξεις
1599 877 1776 930 ὲκδει·

203 967 437 1041 ματοῦσι
483 967 581 1020 καὶ
628 965 961 1034 ἐντάλματα,
1001 967 1118 1029 πῶς
1177 965 1244 1019 ἂν
1294 968 1394 1037 τῆς
1433 967 1773 1035 Χριστιανῶν

203 1062 396 1130 μοίρας
435 1073 523 1118 τις
567 1054 932 1125 ὑπολήψοιτο;
978 1056 1041 1107 Ei
1076 1056 1174 1126 μὲν
1209 1052 1302 1110 οὖν
1351 1057 1635 1125 ἐξεγένετό
1666 1074 1773 1111 τινι

198 1147 533 1220 Χριστιανόν
561 1161 620 1197 σε
653 1147 842 1198 πεῖσαι
872 1145 1148 1213 γενέσθαι,
1171 1148 1326 1200 οὐδὲν
1355 1147 1420 1200 ἂν
1453 1147 1641 1217 ἐδέησε
1680 1148 1773 1201 τοῦ

199 1239 322 1307 περὶ
357 1238 590 1290 εἰκόνων
623 1235 867 1306 Χριστοῦ
928 1237 1023 1289 καὶ
1052 1237 1162 1288 τῶν
1199 1238 1369 1305 ἁγίων
1411 1238 1572 1306 λόγου
1607 1255 1621 1268 ·
1656 1239 1775 1292 ἐπί-

201 1346 429 1392 στευσας
465 1329 579 1398 γὰρ
607 1329 694 1393 ἂν,
731 1329 813 1380 ὅτι
849 1328 946 1380 καὶ
975 1328 1266 1400 ἐσαρκώθη
1295 1331 1392 1382 καὶ
1433 1332 1770 1402 ὲσωματώθη

191 1425 223 1475 ’ό
240 1423 332 1474 τοῦ
364 1420 506 1474 Θεοῦ
547 1421 739 1488 Λόγος,
766 1421 861 1474 καὶ
887 1419 1308 1490 ὲνηνθρώπησεν
1327 1426 1384 1476 ὲν
1409 1425 1655 1495 ἀληθείᾳ,
1681 1425 1776 1478 καὶ

199 1513 254 1565 οὗ
278 1513 509 1582 δοκήσει
549 1513 645 1564 καὶ
675 1510 950 1581 φαντασίᾳ
979 1527 993 1542 ·
1027 1512 1300 1581 ἐκήρυξας
1325 1515 1369 1566 δ’
1396 1515 1460 1568 ἂν
1485 1518 1578 1568 καί¹
1617 1533 1774 1584 περι-

199 1603 444 1673 γριαπτὺν
495 1601 662 1654 αὐτοῦ
693 1602 756 1654 τὸ
789 1600 968 1670 σῶμα,
1001 1601 1096 1654 καὶ
1127 1604 1353 1674 οὐδεμία
1387 1623 1469 1658 σοι
1509 1607 1636 1677 περὶ
1663 1607 1772 1661 τῶν

197 1696 294 1762 τῆς
346 1694 585 1755 πίστεως
646 1692 805 1761 ἡμῶν
869 1693 1033 1762 ίερῶν
1089 1695 1372 1763 συμϐόλων
1424 1698 1768 1766 ἀμφιϐολία·

201 1786 333 1839 ἀλλὰ
360 1785 509 1854 λόγῳ
549 1785 648 1853 μὲν
681 1785 774 1836 καὶ
813 1783 899 1834 ἐπ’
938 1783 1091 1854 ἄκρῳ
1115 1785 1384 1857 γλώττης,
1410 1789 1470 1841 τὸ
1500 1789 1593 1843 τοῦ
1632 1791 1770 1860 Χρι-

201 1878 419 1930 στιανοῦ
461 1875 672 1946 σεαυτῷ
718 1875 1106 1945 περιπλάττων
1155 1879 1544 1949 ὲπιχρωννύεις
1575 1881 1768 1950 ὄνομα,

199 1970 342 2040 Εργῳ
373 1969 434 2020 δὲ
461 1969 544 2020 ὃτι
584 1967 901 2019 παντάπασι
931 1968 1030 2037 τὴν
1054 1969 1148 2021 τοῦ
1184 1970 1424 2039 Χριστοῦ
1455 1973 1771 2041 οἰκονομίαν

200 2059 493 2129 ἀπαναίνῃ,
524 2059 594 2110 τὰ
621 2056 708 2110 διὰ
738 2057 847 2110 τῶν
877 2057 1078 2126 χειρῶν
1104 2076 1195 2111 σου
1222 2062 1572 2131 πραττόμενα
1600 2080 1772 2132 μεγα-

196 2150 450 2218 λοφώνως
485 2152 757 2219 μαρτυρεῖ
783 2164 798 2178 °
831 2151 964 2220 ἡμῖν
1011 2149 1067 2202 δὲ
1115 2151 1210 2202 καὶ
1239 2153 1406 2203 πᾶσιν
1437 2153 1767 2226 ἀνθρώποις,

198 2238 274 2305 οἷς
327 2245 356 2294 ό
423 2242 588 2310 φόϐος
645 2241 852 2310 Κυρίου
915 2242 1350 2310 ὲμπεφύτευται,
1389 2245 1482 2297 καὶ
1533 2245 1601 2298 τὰ
1654 2246 1770 2298 θεῖα

201 2335 377 2387 σέϐειν
408 2342 502 2386 καὶ
528 2333 695 2402 τιμᾷν
729 2331 1097 2403 μεμαθηκόσι,
1138 2335 1234 2387 καὶ
1288 2337 1352 2388 ἐκ
1385 2336 1496 2388 τῶν
1545 2338 1770 2389 Μωσαῖ-

200 2425 308 2479 κῶν
358 2425 845 2493 Συγγραμμάτων,
901 2423 1102 2492 μᾶλλον
1149 2422 1206 2474 δὲ
1253 2423 1361 2476 τῶν
1400 2424 1772 2478 θεοπνεύστων

198 2520 481 2588 ῥημάτων,
518 2517 758 2586 ἐμφανὲς
799 2515 1142 2576 καθίσταται,
1181 2517 1263 2567 ὅτι
1295 2517 1387 2568 καὶ
1420 2516 1470 2568 οἱ
1509 2517 1653 2583 ἆγιοι
1681 2516 1774 2585 ἆγ-

203 2611 352 2678 γελοι
389 2610 699 2680 γράφονται
739 2609 836 2660 καὶ
867 2606 1224 2670 εἰκονίζονται
1247 2624 1260 2638 ·
1291 2608 1385 2660 καὶ
1433 2607 1520 2660 διὰ
1554 2608 1664 2659 τῶν
1691 2610 1772 2660 εί-

201 2700 370 2752 κόνων
412 2696 594 2750 αὐτῶν
620 2695 696 2757 ὠς
729 2693 889 2765 ίερῶν
919 2696 1051 2758 Θεὸς
1079 2695 1460 2765 ἐμφανίζεται.
1518 2697 1774 2750 Ἐκεῖθεν

200 2790 325 2860 γῆρ,
374 2789 565 2856 φησιν,
601 2785 1028 2855 γνωσθήσομαί
1059 2801 1181 2842 σοι.
1254 2787 1354 2854 ⁶Διὺ
1393 2788 1772 2858 προσκυνηταί

200 2887 302 2934 εἱσι
333 2882 429 2933 καὶ
457 2879 609 2948 ἆγιαι
644 2896 656 2909 ⁸
690 2881 738 2932 εί
767 2879 822 2931 δὲ
875 2880 932 2932 αἱ
965 2880 1265 2951 ὑπέρταται
1295 2881 1475 2932 οὐσίαι
1523 2881 1612 2934 καῖ
1652 2879 1772 2950 Θεῴ

199 2970 609 3040 πλησιάζουσαι
658 2970 1038 3035 εἱκονίξονται,
1095 2971 1252 3041 δῆλον
1281 2971 1356 3032 ib;
1399 2971 1493 3024 καὶ
1543 2973 1600 3023 αἱ
1639 2971 1773 3024 ὑπο-

201 3066 491 3135 ϐεϐηκυῖαι
514 3064 776 3133 δυνάμεις
800 3062 1290 3131 είκονισθήσονται,
1320 3064 1416 3115 καὶ
1458 3064 1608 3134 παρὰ
1632 3064 1768 3134 Χρι-

1881 601 2118 656 ludibrio
2184 605 2424 664 habens,
2483 602 2850 657 Christianum
2910 612 2961 657 te
3014 618 3312 673 agnoscere
3357 618 3450 661 aut

1882 693 2158 761 appellare
2207 710 2310 747 non
2344 695 2491 748 licet.
2527 693 2674 759 Quos
2711 695 2853 748 enim
2889 707 3062 762 neque
3091 697 3448 764 apostoiicum

1881 783 2250 852 magisterium
2291 785 2666 852 persuadendo
2711 785 2914 849 vincit,
2963 801 3138 854 neque
3181 787 3451 856 legislato-

1880 889 1999 926 rum
2055 890 2118 927 ac
2167 877 2551 943 prophetarum
2613 877 2828 930 decreta
2875 891 3222 946 permovent,
3276 897 3450 951 neque

1880 963 2052 1033 ipsius
2085 965 2173 1018 Dei
2213 967 2508 1020 constituta
2545 977 2600 1019 et
2627 970 2878 1021 mandata
2913 978 3138 1035 terrent,
3170 987 3269 1026 cur
3294 976 3448 1042 quis-

1877 1068 2041 1120 quam
2078 1056 2129 1107 in
2163 1054 2598 1109 Christianorum
2635 1057 2877 1124 partibus
2907 1073 3002 1112 eos
3053 1075 3173 1115 esse
3203 1060 3449 1129 judicet?

1878 1144 1936 1198 Si
1980 1159 2112 1213 ergo
2144 1146 2436 1208 accideret,
2469 1157 2527 1199 ut
2566 1147 2658 1200 tibi
2685 1149 2882 1217 aliquis
2923 1149 3292 1206 Christianum
3332 1154 3446 1208 ﬁeri

1879 1235 2174 1298 suaderet,
2206 1235 2338 1289 nihil
2373 1251 2504 1290 sane
2529 1238 2576 1290 ei
2611 1252 2746 1306 Opus
2773 1246 2858 1292 est
2898 1241 2962 1293 de
2991 1239 3194 1294 Christi
3223 1256 3446 1316 sancto-

1877 1339 2112 1393 rumque
2143 1324 2472 1393 imaginibus
2500 1324 2668 1394 loqui.
2706 1324 2898 1381 Credis
2925 1329 3068 1381 enim
3104 1330 3445 1385 incarnatum

1876 1431 1997 1470 esse
2027 1426 2081 1470 et
2126 1428 2474 1486 corporatum
2513 1417 2605 1470 Dei
2662 1415 2934 1482 Verbum,
2983 1433 3213 1488 vereque
3257 1423 3448 1475 huma-

1877 1518 2087 1568 natum.
2116 1517 2293 1562 etnon
2323 1520 2650 1578 apparenter
2676 1510 3223 1578 atquephantastice.
3254 1513 3446 1565 Dixisti

1875 1603 2040 1655 etiam
2098 1601 2574 1681 circumscriptum
2634 1615 2756 1654 esse
2809 1615 3006 1669 corpus
3065 1601 3217 1669 ejus,
3274 1617 3449 1670 neque

1877 1693 2044 1747 ullum
2082 1695 2179 1748 tibi
2210 1703 2292 1748 est
2343 1696 2407 1748 de
2439 1704 2637 1748 nostrae
2684 1695 2807 1748 fidei
2839 1695 3013 1749 sacris
3058 1694 3321 1764 symbolis
3351 1697 3450 1749 du-

1876 1783 2046 1836 bium.
2084 1781 2444 1836 Nihilominus
2475 1783 2701 1836 summis
2739 1792 2944 1835 tantum
2993 1783 3149 1837 labiis
3175 1794 3230 1838 et
3261 1786 3450 1841 verbo-

1877 1883 2033 1927 tenus
2083 1872 2383 1928 Christiani
2425 1874 2518 1926 tibi
2562 1872 2883 1927 simulanter
2915 1875 3165 1942 appingis
3207 1889 3444 1940 nomen,

1873 1980 2035 2033 opere
2100 1975 2280 2019 autem
2338 1966 2456 2034 ipso
2513 1966 2716 2020 Christi
2787 1966 3222 2021 incarnationem
3290 1984 3322 2022 a
3395 1979 3447 2025 te

1872 2070 2101 2124 prorsus
2128 2057 2336 2124 negari,
2369 2056 2511 2109 facta
2538 2066 2625 2110 tua
2651 2057 2958 2111 vehementi
2987 2073 3119 2110 voce
3152 2070 3442 2116 testantur.

1873 2143 2041 2200 Nobis
2071 2161 2202 2199 vero
2237 2146 2564 2214 cunctisque
2610 2147 2954 2212 hominibus,
2989 2149 3186 2215 quibus
3235 2149 3444 2205 Domini

1875 2234 2040 2287 timor
2067 2245 2151 2288 est
2190 2234 2409 2299 insitus,
2439 2236 2638 2303 quique
2675 2251 2761 2289 res
2799 2235 3011 2290 divinas
3051 2235 3228 2290 colere
3263 2249 3316 2292 et
3351 2239 3447 2294 ho-

1872 2342 2070 2381 norare
2101 2327 2244 2380 docti
2271 2342 2478 2389 sumus,
2512 2341 2577 2380 ex
2602 2327 2852 2381 Mosaicis
2881 2343 3096 2396 quoque
3119 2326 3440 2396 Scripturis,

1874 2418 1957 2472 vel
2003 2419 2182 2488 potius
2211 2433 2277 2472 ex
2323 2418 2600 2486 inspiratis
2631 2433 2659 2471 a
2690 2419 2798 2472 Deo
2831 2420 3072 2473 oraculis
3107 2433 3442 2488 compertum

1875 2521 1960 2564 est
1999 2522 2220 2564 sanctos
2257 2523 2474 2579 quoque
2504 2508 2720 2577 angelos
2759 2509 2902 2577 pingi
2937 2517 2991 2562 et
3026 2509 3283 2577 ﬁgurari;
3321 2527 3442 2578 per-

1874 2614 1979 2666 que
2031 2601 2222 2652 horum
2282 2614 2468 2652 sacras
2521 2599 2783 2668 imagines
2847 2600 3010 2651 Deum
3081 2601 3439 2656 nmnil‘estari.

1873 2689 2035 2743 Illinc
2069 2692 2244 2754 enim,
2293 2691 2496 2759 inquit}
2535 2690 2861 2743 innotescunt
2900 2689 2993 2741 tibi
3029 2690 3093 2744 ⁸⁸.
3134 2690 3276 2746 Sunt
3314 2709 3443 2760 ergo

1875 2780 1957 2834 Ita:
1985 2782 2304 2834 veneranda:
2345 2795 2408 2834 ac
2456 2791 2676 2834 sanctae.
2709 2779 2827 2833 Jam
2878 2781 2920 2833 si
2956 2780 3234 2835 altissima:
3282 2783 3444 2853 128

1874 2869 2194 2923 substantia:
2238 2879 2293 2923 et
2327 2871 2436 2924 Deo
2462 2871 2722 2940 proxima:
2751 2870 3076 2935 ﬁgurantur,
3099 2871 3439 2939 exploratum

1873 2967 1956 3013 est
2006 2959 2294 3013 inferiores
2340 2974 2556 3028 quoque
2608 2961 2879 3028 potentias
2935 2960 3051 3013 {ore
3089 2961 3440 3030 ﬁgurandas,

1875 3058 2038 3118 atque
2091 3065 2120 3103 a
2171 3051 2496 3106 Christianis
2546 3065 2643 3104 ceu
2677 3065 2864 3105 sacras
2899 3051 3244 3107 honorandas
3289 3065 3344 3108 et
3386 3055 3440 3109 in

203 3161 436 3220 στιανοίς
465 3156 540 3218 ὡς
586 3155 707 3226 ἱερὰ
745 3155 842 3208 καὶ
873 3155 1240 3225 τιμηθήσεται
1270 3155 1365 3208 καὶ
1395 3155 1770 3227 προσκυνηθή-

1877 3142 2103 3213 picturis
2134 3145 2395 3213 obsequio
2423 3142 2697 3197 colendas.

199 3270 350 3306 σεται
381 3249 732 3321 γραφόμενα.

264 3344 366 3407 νζ’.
405 3343 626 3412 Ἐπειδὴ
667 3341 723 3393 δὲ
751 3338 902 3392 οὐδὲν
939 3339 1048 3391 τῶν
1097 3339 1326 3393 ἀνοσίων
1375 3341 1470 3394 καὶ
1521 3341 1768 3396 ἐκτόπων

200 3437 380 3498 αὐτοῖς
429 3433 887 3506 παραλέλειπται,
941 3431 968 3484 ὃ
1024 3432 1098 3502 μὴ
1151 3434 1289 3486 κατὰ
1329 3434 1428 3503 τῆς
1474 3434 1770 3503 καθολικῆς

213 3528 544 3596 Ἐκκλησίας
600 3524 1022 3595 ἐκμελετῶντες,
1098 3524 1518 3594 πεφλυαρήκασί
1568 3541 1628 3577 τε
1680 3526 1772 3578 καὶ

203 3616 638 3684 κατεπράξαντο’
680 3614 776 3665 καὶ
803 3613 912 3682 γὰρ
951 3610 1210 3674 καθάπαξ
1255 3612 1346 3664 ἐπὶ
1387 3613 1452 3680 τῇ
1500 3611 1671 3683 λύσσῃ
1703 3613 1768 3681 τῇ

200 3708 517 3776 Μανιχαϊκῇ
561 3704 885 3769 ἑαλωκότες,
914 3702 1014 3764 τὰς
1068 3701 1302 3772 μανικὰς
1329 3701 1769 3770 ἀπαμϐλίσκουσι

197 3797 296 3866 τῆς
320 3796 553 3866 καρδίας
589 3794 784 3856 ὠδῖνας
803 3810 817 3824 ·
850 3792 946 3846 καὶ
974 3791 1162 3864 ὥσπερ
1195 3792 1518 3862 μεμηνότες,
1554 3793 1653 3854 τὰς
1671 3791 1770 3862 τῆς

199 3889 461 3957 ἀληθείας
493 3887 710 3950 εἰκόνας
740 3887 834 3940 καὶ
863 3885 970 3938 τῶν
991 3884 1209 3954 ἀληθῶν
1231 3885 1328 3954 τὴν
1362 3885 1587 3954 μνήμην
1635 3885 1770 3952 ἡμῖν

199 3979 601 4043 διασωζούσας,
627 3980 678 4032 οἱ
712 3978 806 4031 τοῦ
832 3977 1062 4047 ψεύδους
1101 3977 1463 4039 ὑπασπισταὶ,
1495 3974 1772 4042 ψευδωνύ-

204 4087 336 4140 μους
372 4068 772 4139 κατονομάζειν
799 4069 860 4120 οὐ
879 4067 1344 4136 καταπεφρίκασι,
1392 4070 1502 4130 τοῖς
1537 4067 1771 4137 ἀρχετύ-

201 4175 324 4222 ποις
352 4158 416 4211 τδ
437 4158 638 4227 ψεῦδος
663 4157 1022 4221 ἀνάπτοντες,
1057 4156 1167 4208 ὀὐκ
1200 4155 1307 4208 ἀπὸ
1355 4155 1557 4208 σκοποῦ
1589 4156 1770 4226 ᾠήθη-

205 4269 304 4322 μεν
329 4249 402 4303 τὰ
434 4249 533 4302 νῦν
586 4247 972 4317 ὑποδραμόντα
997 4247 1113 4310 τοῖς
1168 4246 1549 4316 προεκτεθεῖσι
1602 4263 1773 4317 προσο

203 4340 412 4394 θεῖναιο
446 4337 716 4400 εὐσθενῶς
745 4337 855 4408 γὰρ
899 4337 1047 4395 ὅπως
1089 4335 1432 4406 ἐξελεγχθείη
1477 4336 1654 4388 αὐτῶν
1702 4337 1772 4389 τὰ

1943 3322 2031 3377 57.
2072 3323 2178 3377 Sed
2229 3323 2362 3378 nihil
2396 3325 2617 3395 impium
2663 3327 3026 3382 absurdumve
3063 3328 3255 3383 ab-his
3301 3345 3440 3400 prae-

1872 3418 2182 3470 termissum
2219 3415 2324 3469 fuit
2344 3457 2358 3477 ,
2389 3417 2530 3484 quod
2563 3418 2802 3472 studiose
2829 3421 3088 3474 adversus
3115 3422 3436 3478 catholicam

1871 3505 2173 3560 Ecclesiam
2215 3524 2318 3560 non
2353 3508 2461 3561 sint
2493 3509 2663 3561 moliti
2692 3519 2785 3562 aut
2815 3513 3022 3578 nugati.
3059 3509 3194 3564 Nam
3227 3528 3290 3566 ex
3334 3524 3443 3582 auo

1872 3595 2166 3650 Manicbma
2205 3598 2356 3652 rabie
2407 3608 2531 3652 sunt
2579 3601 2836 3670 correpti,
2876 3601 3154 3658 maniacos
3209 3601 3438 3657 fitndunt

1871 3685 2054 3740 cordis
2106 3688 2364 3751 abortus;
2398 3696 2450 3740 et
2497 3691 2650 3756 quasi
2695 3689 2990 3760 lymphati,
3025 3692 3271 3744 veritatis
3305 3692 3439 3744 ima-

1870 3779 2022 3846 gines
2043 3818 2058 3840 ,
2091 3777 2142 3830 itl
2166 3788 2270 3844 est,
2297 3794 2416 3847 qum
2440 3794 2691 3833 verarum
2727 3795 2902 3834 rerum
2935 3783 3252 3836 memoriam
3281 3785 3441 3838 nobis

1870 3879 2234 3932 conservant,
2269 3871 2320 3924 hi
2363 3870 2617 3924 falsitatis
2653 3870 2996 3934 defensores,
3041 3875 3441 3943 pseudonymas

1870 3957 2142 4026 appellare
2173 3974 2277 4011 non
2317 3970 2584 4023 verentur,
2610 3959 2917 4027 archetypis
2942 3959 3230 4014 falsitatem
3285 3962 3438 4015 aliin-

1868 4051 2092 4112 geutes;
2123 4045 2265 4097 haud
2296 4044 2533 4098 alienum
2569 4045 2842 4114 proposito
2879 4057 3065 4100 nostro
3099 4049 3446 4102 arbitramur

1869 4150 1988 4203 quae
2024 4149 2168 4188 nunc
2201 4136 2364 4189 menti
2393 4145 2720 4189 succurrunt
2749 4137 3075 4204 supradictis
3102 4135 3396 4208 adjungere
3421 4155 3440 4203 ;

1863 4242 2198 4299 magnopere
2227 4228 2370 4282 enim
2413 4228 2530 4282 base
2560 4232 2916 4299 coarguenda:
2958 4230 3174 4284 illorum
3215 4232 3444 4286 insania:

1873 4319 2199 4387 malitiaeque
2255 4321 2576 4388 proderunt.
2621 4319 2757 4373 Nam
2801 4321 2892 4388 qui
2941 4321 3126 4375 divino
3177 4323 3441 4376 resistunt

201 4433 298 4501 τῆς
324 4429 589 4492 ἀπονοίας
613 4430 709 4482 καὶ⁴
735 4427 1072 4498 κακουργίας
1097 4427 1459 4496 συλλήψεται·
1490 4429 1539 4479 οἱ
1561 4428 1669 4497 γὰρ
1693 4427 1770 4496 τῷ

1877 4410 2131 4479 Spiritui,
2184 4411 2479 4480 quamlibet
2523 4411 2686 4465 etiam
2731 4413 2997 4466 orationis
3049 4413 3438 4468 sublimitatem

367 4521 765 4590 διαμαχόμενοι
800 4491 1106 4588 Πνεῦματι,
1141 4518 1238 4570 καὶ
1279 4491 1416 4588 πρὸς
1453 4491 1648 4569 πᾶσαν-
1670 4491 1769 4586 ὐιιοζ

1877 4505 2153 4564 abnuunt,
2207 4502 2410 4555 Christi
2475 4517 2538 4555 ac
2590 4513 2904 4556 sanctorum
2959 4504 3277 4559 memoriam
3338 4508 3440 4558 hoc

203 4613 433 4685 ηγορίαν
456 4613 885 4681 ἀπαγορεύουσι,
903 4611 1344 4679 συγκατασϐἐσαι
1366 4609 1656 4664 διάτούτου
1667 4614 1766 4683 τήν

203 4724 261 4760 τε
299 4707 540 4777 Χριστοῦ
599 4706 819 4776 μνήμην
856 4705 950 4757 καὶ
995 4703 1104 4756 τῶν
1159 4704 1330 4771 ἁγίων
1385 4705 1766 4774 πραγματευό-

210 4816 379 4868 μενοι,
411 4801 515 4852 κάν
549 4796 723 4866 τούτῳ
769 4797 889 4858 ταῖς
939 4794 1316 4857 θεοπνεύστοις
1361 4798 1562 4863 φωναῖς
1609 4797 1762 4848 ἀντι-

207 4890 702 4960 παραταττόμενοι.

274 4982 378 5046 νηθ.
414 4977 609 5037 Ὅπως
637 4975 744 5044 γὰρ
777 4972 1101 5041 παλαιγενὲς
1128 4970 1388 5041 τοῦνομα,
1415 4972 1510 5025 καλ¹
1553 4973 1652 5044 τῆς
1676 4974 1768 5026 ἀν-

204 5065 427 5136 θρώπου
481 5066 754 5134 γενέσεως
798 5064 971 5133 αὐτῆς
1031 5063 1427 5134 πρεσϐύτερον,
1473 5064 1672 5134 μᾶλλον
1715 5065 1773 5120 δὲ

204 5159 298 5212 καὶ
331 5161 413 5222 είς
437 5158 538 5229 τὴν
568 5157 852 5228 ἀνθρώπου
879 5155 1097 5225 ποίησιν
1136 5155 1211 5218 ώς
1237 5156 1540 5226 ἡγούμενον
1595 5173 1774 5228 παρα-

203 5249 645 5319 λαμϐανόμενον,
701 5248 967 5318 μάθοιμεν
1015 5247 1081 5300 ἂν
1135 5247 1321 5315 σαφῶς
1385 5247 1656 5302 ἐντεῦθεν.
1707 5250 1772 5302 Τί

202 5357 367 5411 φησιν
389 5344 419 5394 ὁ
459 5340 571 5393 τῶν
594 5339 732 5392 ὅλων
748 5339 910 5404 Θεός;
931 5338 1282 5407 Ποιήσωμεν
1301 5338 1615 5407 ἄνθρωπον
1644 5341 1770 5394 κατ’

198 5431 406 5486 εἰκόνα
421 5411 518 5486 καὶ
542 5431 829 5500 ὁμοίωσιν
854 5429 1149 5499 ἡμετέραν
1168 5444 1181 5458 ·
1213 5429 1407 5500 πρώτη
1434 5429 1592 5501 ῥῆσις
1613 5430 1769 5498 Θεοῦ,

266 5568 313 5602 ⁸³
342 5567 520 5623 Exod.
547 5585 677 5633 xxv,
711 5568 802 5623 22.
879 5569 923 5600 ⁶⁹
949 5567 1084 5622 Gen.
1115 5583 1156 5633 ι,
1187 5567 1279 5622 26.

273 5698 383 5770 (68)
410 5697 846 5770 Reprehenditur
877 5697 979 5751 hoc
1022 5699 1404 5770 argumentum
1439 5698 1506 5770 ab
1542 5705 1762 5752 auctore

203 5767 462 5826 librorum
507 5767 882 5824 Caroliaorum
933 5770 1026 5824 lib.
1073 5767 1110 5836 ι,
1159 5769 1210 5831 7;
1245 5769 1340 5824 sed
1374 5767 1680 5823 defenditur
1709 5779 1764 5824 et

1873 4593 2121 4647 instituto
2161 4607 2262 4646 suo
2309 4602 2567 4646 conantes
2604 4594 2974 4664 exstinguere,
3035 4596 3114 4650 sic
3146 4596 3310 4650 etiam
3358 4596 3439 4649 iu-

1869 4682 2088 4750 spiratls
2123 4683 2341 4736 vocibus
2372 4685 2829 4738 contradicentes.

1945 4973 2035 5028 58.
2089 4974 2240 5039 Quod
2287 4974 2524 5044 priscum
2578 4977 2649 5031 sit
2711 4977 2811 5033 hoc
2849 4977 3205 5041 vocabulum,
3239 4990 3292 5034 et
3326 4980 3438 5048 ipsa

1875 5061 2111 5117 hominis
2147 5066 2424 5122 creatione
2455 5067 2755 5136 antiquius,
2790 5069 2896 5123 imo
2925 5085 3053 5123 vero
3087 5080 3139 5124 et
3176 5073 3227 5124 in
3269 5074 3442 5128 homi-

1874 5155 1958 5208 nis
2000 5156 2278 5210 creatione
2327 5165 2579 5226 tanquam
2616 5161 2692 5214 rei
2751 5161 2911 5213 iudex
2955 5161 3276 5229 adhibitum,
3315 5181 3442 5232 per-

1874 5246 2058 5315 spicue
2111 5263 2176 5302 ex
2209 5251 2561 5317 sequentibus
2608 5251 2886 5305 discimus.
2935 5242 3266 5316 Quid'enim
3305 5257 3441 5311 dixit

1873 5338 2114 5390 omnium
2169 5339 2349 5393 Deus?
2403 5339 2690 5394 Faciamus
2739 5342 2997 5395 hominem
3041 5344 3109 5395 ad
3158 5345 3440 5415 imaginem

1872 5439 1919 5480 et
1972 5430 2368 5484 similitudinem
2428 5441 2660 5485 nostram
2684 5433 2729 5464 ⁶⁹
2765 5433 2900 5504 (68).
2955 5434 3132 5489 Prima
3179 5437 3292 5492 haec
3341 5438 3442 5494 fuit.

1869 5701 2192 5786 explanatur
2220 5702 2284 5786 a‘h
2315 5702 2550 5786 Adriano
2588 5705 2688 5762 PP.
2735 5709 2787 5764 in
2819 5711 3040 5783 cpistola
3074 5713 3275 5770 celebri
3310 5730 3434 5786 apo-

1869 5769 2094 5840 logetica
2124 5773 2186 5826 ad
2221 5772 2468 5829 Carolum
2503 5776 2632 5846 imp.
