3898 6150
455 330 561 396 483

1473 341 1534 402 8.
1580 341 1995 403 NICEPHOBI
2032 345 2537 411 PATRIARCHAE
2575 351 2681 413 (ΣΡ.

3602 360 3725 425 484

460 439 554 495 Dei
607 438 808 496 locutio
869 449 1113 496 nostram
1175 443 1408 500 volemis
1459 457 1711 502 naturam
1766 452 1990 506 condere

2128 455 2226 526 τὴν
2258 457 2380 510 καθ’
2423 459 2576 528 ἡμᾶς
2606 460 2911 531 ὑποστῆσαι
2943 460 3269 533 βουλομένου
3321 463 3484 533 φύσιν
3509 484 3521 496 ·
3584 464 3723 522 εἶτα

459 530 664 586 Deinde
689 541 809 600 post
832 533 981 600 prius
1006 533 1207 588 dictum
1243 552 1259 589 :
1294 533 1362 589 Et
1394 535 1516 607 fecit
1557 537 1695 594 Deus
1735 542 2022 609 hominem,

459 620 526 673 ad
572 621 854 691 imaginem
904 621 1001 676 Dei
1040 622 1163 691 fecit
1205 624 1374 681 illum.
1421 627 1490 681 Et
1538 629 1732 685 deinde
1780 653 1793 688 :
1837 630 2024 687 Genuit

460 708 692 764 Adamus
737 709 955 775 Setlmm
977 751 991 775 ,
1023 714 1093 766 ad
1142 714 1421 784 imaginem
1449 729 1495 772 et
1534 719 1754 785 speciem
1788 723 2021 778 suam".

456 800 632 868 Atque
667 810 747 868 ut,
780 801 902 857 aliis
931 776 1338 872 praetermissis,
1370 821 1435 862 ea
1462 776 1582 878 quae
1614 810 1772 880 longo
1805 776 2022 882 quidem

401 892 408 899 '
457 896 699 960 tempore
736 892 966 958 distant,
996 893 1090 948 sed
1128 903 1308 949 tamen
1346 897 1496 966 justo
1529 901 1792 957 vocabulo
1833 918 2024 958 sensu-

453 994 560 1049 que
589 990 916 1051 congruunt,
954 983 1006 1036 in
1049 985 1282 1040 medium
1322 985 1636 1058 aﬂ‘eramus,
1677 991 1901 1049 Paulum
1944 995 2025 1050 lo-

452 1079 708 1139 qnentem
765 1073 1048 1130 audiamus
1103 1094 1118 1131 :
1172 1076 1318 1131 Sicut
1369 1081 1689 1159 portavimus
1739 1084 2021 1154 imaginem

452 1164 673 1228 terreni,
714 1163 792 1217 ita
835 1165 1059 1219 rmiestis
1102 1183 1305 1239 quoque
1337 1181 1604 1252 portemus
1644 1174 1925 1245 imaginem
1950 1176 2018 1231 ".

452 1251 654 1321 Utique
704 1255 840 1310 satis
884 1256 1001 1310 haec
1042 1266 1185 1315 esse”
1209 1260 1429 1329 judico,
1470 1251 1643 1334 neque
1682 1267 1840 1322 nobis
1882 1282 2020 1336 opus

450 1357 572 1398 esse
619 1344 864 1413 longiore
921 1363 1173 1405 sermone
1242 1352 1309 1406 ad
1346 1354 1422 1407 rei
1468 1357 1761 1425 propositae
1800 1357 2022 1412 demon-

449 1436 792 1490 strationem.
809 1438 939 1502 Quae
964 1442 1107 1495 enim
1133 1442 1305 1509 major
1330 1447 1624 1502 auctoritas
1638 1464 1799 1518 quam
1821 1448 2021 1519 Moysis

450 1532 507 1578 et
532 1522 718 1579 Pauli?
744 1525 938 1583 Dicant
967 1542 1097 1599 ergo
1134 1531 1291 1586 nobis
1322 1533 1374 1586 bi
1400 1535 1495 1604 qui
1522 1536 1693 1604 ipsum
1733 1539 1835 1592 hoc
1858 1551 2020 1592 voca-

449 1613 635 1667 bulum
684 1619 962 1683 abnuunt,
992 1632 1159 1688 seque
1200 1622 1269 1676 ab
1302 1622 1534 1692 imagine
1560 1625 1656 1679 Dei
1704 1625 2019 1695 longissime

448 1702 807 1772 submovent,
844 1717 1007 1775 atque
1046 1711 1114 1764 ab
1160 1711 1277 1780 ejus
1324 1715 1513 1783 gratiae
1557 1718 2007 1787 participatione,

447 1797 493 1849 si
545 1798 764 1862 omnia,
810 1816 930 1869 quae
976 1803 1079 1858 hoc
1131 1807 1348 1862 nomine
1398 1819 1657 1877 utuntur,
1710 1814 2015 1869 veneranda
2048 1786 2089 1841 Β

445 1896 572 1942 sunt
601 1898 656 1942 et
683 1889 1022 1946 honorabilia
1044 1933 1060 1959 ,
1098 1907 1321 1964 propter
1347 1912 1533 1953 eorum
1565 1902 1707 1955 unde
1738 1901 2015 1957 deducun-

446 1985 532 2031 tur
560 1978 909 2047 dignitatem,
943 1998 1042 2038 cur
1066 1984 1176 2054 jam
1213 1987 1414 2043 Christi
1453 1998 1510 2045 et
1535 1999 1847 2047 sanctorum
1878 1994 2013 2050 ima-

441 2066 655 2135 ginibus
691 2069 1041 2140 ignominiam
1093 2091 1502 2147 quaquaversus
1544 2092 1600 2137 et
1641 2095 2010 2156 contemptum

376 2196 387 2211 ς
440 2162 770 2230 aspergunt?
810 2164 986 2233 Atque
1039 2176 1099 2221 nt
1154 2182 1220 2223 ex
1276 2170 1684 2229 sublimioribus
1729 2185 1892 2245 atque
1942 2181 2010 2232 ab

442 2249 559 2316 ipsa
629 2251 893 2323 theologia
944 2259 1246 2313 orationem
1304 2263 1529 2330 ordiar,
1584 2266 1752 2321 Filius
1802 2268 1895 2324 Dei
1946 2284 2011 2324 ac

441 2339 585 2396 Deus
630 2352 836 2411 noster,
870 2362 991 2401 cum
1023 2347 1186 2405 Patre
1231 2367 1330 2407 suo
1369 2353 1512 2412 Deus
1556 2358 1763 2427 pariter
1792 2360 2005 2427 dictus,

439 2445 693 2504 tanquam
751 2440 868 2509 ejus
926 2441 1103 2512 imago
1165 2445 1465 2504 honoratur
1519 2463 1716 2520 praeter
1773 2467 2004 2512 cmteras

313 2563 329 2573 .
434 2525 677 2594 ejusdem
708 2530 1119 2599 appellationes,
1157 2547 1211 2590 et
1239 2538 1578 2607 gloriﬁcatur
1609 2561 1623 2597 :
1658 2544 1763 2609 Qui
1788 2557 1884 2612 est,
1923 2548 2004 2602 in-

434 2618 551 2686 quit
575 2616 775 2675 Paulus
797 2622 863 2686 ",
892 2624 1066 2694 imago
1093 2626 1189 2681 Dei
1222 2629 1496 2687 invisibilis
1527 2633 1661 2703 (69).
1695 2638 1872 2706 Atque
1902 2624 2004 2696 hoc

433 2709 771 2778 potissimum
819 2716 1084 2772 vocabulo
1147 2710 1446 2788 gloriantur
1492 2724 1725 2796 theologi
1770 2738 1824 2783 et
1873 2745 2003 2799 gau-

430 2800 581 2857 dent.
633 2800 742 2857 Sed
800 2820 1010 2871 nonne,
1075 2821 1293 2878 propter
1345 2813 1599 2886 imaginis
1640 2820 1998 2886 vocabulum,

431 2890 625 2946 Filium
661 2908 874 2964 quoque
907 2898 1094 2953 hostes
1136 2899 1232 2956 Dei
1277 2917 1307 2956 a
1339 2915 1562 2971 paterna
1590 2907 1761 2979 gloria
1795 2921 1851 2966 et
1882 2912 2001 2967 uni-

431 2994 542 3038 tate
604 2994 812 3040 naturas
858 2987 1281 3047 abalienabunt?
1340 2995 1578 3063 Deinde,
1627 3009 1683 3054 et
1739 3011 1997 3071 angustus

428 3072 671 3142 angelus,
711 3074 888 3145 imago
929 3077 1023 3132 Dei
1061 3092 1164 3145 est,
1214 3088 1492 3153 speculum
1530 3104 1749 3156 purum,
1798 3092 1995 3147 imma-
2023 3110 2066 3170 ς
2101 3072 2203 3176 ξηέ
2229 3072 2323 3161 καὶ

427 3161 691 3227 culatum,
728 3162 1184 3233 limpidissimum.
1214 3170 1427 3229 Idcirco
1467 3177 1804 3236 honorabilis
1830 3198 1995 3253 ange-

428 3249 540 3315 lus;
568 3251 804 3322 itemqne
835 3256 1017 3321 homo,
1049 3267 1235 3328 utpote
1263 3264 1330 3317 ad
1355 3264 1646 3337 imaginem
1669 3269 1762 3324 Dei
1796 3249 1992 3339 factus,

424 3351 481 3396 et
506 3340 600 3397 Dei
637 3344 814 3414 imago
859 3348 1177 3417 appellatus.
1222 3351 1515 3423 Propterea
1559 3359 1612 3413 in
1648 3359 1853 3417 honore
1894 3365 1995 3420 ha-

425 3430 604 3499 betur,
659 3433 890 3503 ideoque
930 3437 1092 3491 etiam
1135 3439 1308 3497 libero
1340 3445 1566 3502 arbitrio
1604 3449 1805 3518 pollet,
1835 3463 1890 3508 et
1921 3455 1990 3510 ab

421 3522 545 3593 aliis
596 3523 777 3578 dilfert
822 3528 1182 3596 animalibus,
1249 3541 1306 3588 et
1347 3538 1600 3593 omnibus
1649 3541 1983 3597 dominatur.

421 3611 553 3707 Nam
579 3624 851 3684 quatenus
881 3626 1089 3674 tantum
1117 3633 1362 3681 creatura
1395 3635 1480 3683 est
1512 3638 1569 3685 et
1593 3630 1816 3699 animal,
1851 3634 1984 3689 nihil

419 3719 449 3758 a
496 3708 706 3763 caeteris
744 3707 940 3765 diﬂ'ert.
990 3711 1203 3784 Alioqui
1256 3730 1324 3771 ne
1367 3721 1718 3790 conspicuum
1762 3725 1981 3794 quidem

415 3796 591 3851 oculis
640 3806 756 3860 est,
797 3800 924 3865 quid
971 3802 1184 3859 dicatur
1226 3806 1279 3861 in
1325 3807 1543 3867 homine
1584 3815 1651 3867 ad
1688 3815 1979 3886 imaginem

418 3884 549 3951 Dei;
585 3888 700 3942 sive
730 3890 889 3962 129
926 3904 1161 3953 mentetl.
1187 3898 1310 3967 quis
1336 3910 1528 3970 putare
1560 3904 1687 3959 velit
1725 3918 1777 3962 et
1804 3884 1976 3966 animi

401 4267 522 4306 rum
550 4263 654 4309 εει.

468 4345 555 4400 59.
589 4344 859 4401 Praeterea
900 4350 1072 4405 nostri
1118 4367 1335 4424 quoque
1361 4360 1694 4430 sacerdotes,
1717 4366 1842 4435 quia
1871 4384 1965 4424 su-

2130 547 2354 617 μετᾰτὰ
2391 549 2681 620 εἰρημένα,
2712 552 2817 606 Καὶ
2839 556 3130 621 ἐποίησεν
3167 558 3200 609 ὁ
3251 556 3394 622 Θεὸς
3444 558 3551 611 τὸν
3600 560 3723 614 ἇν-

2127 641 2391 705 θρωπον·
2431 641 2786 697 κατέὶκόνα
2830 645 2979 699 Θεοῦ
3008 646 3299 713 euehitur
3342 648 3564 702 αὐτόν·
3606 650 3719 705 καὶ

2124 729 2184 781 ἐν
2211 732 2325 793 τοῖς
2357 732 2497 802 μετὰ
2523 732 2696 786 ταῦτα
2720 751 2733 764 ο
2781 734 3134 803 Ἐγέννησεν
3180 737 3353 808 Ἀδὰμ
3396 739 3505 793 τὸν
3548 739 3715 809 Σὴθ,

2124 822 2276 876 κατὰ
2302 822 2417 891 τὴν
2441 825 2646 879 εικόνα
2674 827 2772 880 καὶ
2797 828 2950 882 κατὰ
2979 828 3093 897 τὴν
3139 828 3305 884 ἰδέαν
3334 830 3542 886 αὐτοῦ.
3580 833 3739 888 Ἴναι

2121 911 2179 964 δὲ
2214 912 2377 966 τᾶλλα
2427 916 2714 983 παρέντες,
2773 918 2840 972 τὰ
2867 919 2944 990 τῷ
2988 921 3186 993 μακρῷ
3229 922 3329 993 μὲν
3366 924 3710 996 διεστηκότα

2123 1004 2428 1076 χρόνῳ,τῷ
2461 1006 2519 1059 δὲ
2564 1009 2711 1079 ὀρθῷ
2756 1011 3079 1082 συνημμένα
3106 1014 3250 1084 λόγῳ
3305 1016 3400 1069 καὶ
3448 1019 3575 1080 ταῖς
3612 1020 3714 1071 ὲν-

2122 1094 2317 1162 νοίαις,
2350 1099 2430 1162 εἰς
2462 1099 2626 1169 μέσον
2669 1100 2916 1172 θείημεν,
2957 1100 3047 1159 οἷα
3080 1107 3231 1176 παρὰ
3270 1108 3487 1162 Παύλου
3541 1109 3710 1177 λέγε-

2120 1204 2210 1242 ται
2258 1190 2605 1262 ἀκουσόμεθα
2630 1208 2643 1223 ·
2686 1195 2821 1264 φησι¹
2865 1195 2996 1267 γὰρ,
3031 1197 3117 1249 ὅτι
3145 1198 3375 1268 Ὠσπερ
3406 1199 3710 1269 escape-aa-

2115 1297 2232 1349 μεν
2250 1280 2364 1349 τὴν
2394 1285 2601 1338 εἰκόνα
2629 1285 2735 1339 τοῦ
2767 1286 2996 1355 χοϊκοῦ,
3039 1287 3389 1358 φορέσωμεν
3434 1291 3535 1345 καὶ
3576 1292 3707 1358 τὴν

2118 1374 2324 1427 εἰκόνα
2343 1373 2448 1428 τοῦ
2469 1375 2850 1443 ἐπουρανίου.
2889 1377 3028 1431 Ἀλλ’
3053 1379 3301 1450 ἀποχρῆν
3323 1376 3479 1451 οἶμαι
3506 1386 3701 1447 ταυτὶ,

2120 1464 2215 1516 καὶ
2245 1463 2305 1516 οὐ
2338 1463 2554 1535 δεήσειν
2579 1466 2936 1537 μακροτέρων
2959 1471 3092 1538 ἡμῖν
3119 1468 3297 1538 λόγων
3328 1474 3408 1534 εἰς
3439 1473 3537 1543 τὴν
3581 1475 3702 1529 τῶν

2119 1555 2500 1626 προκειμένων
2529 1557 2837 1625 ἀπόδειξιν·
2871 1559 2925 1612 τί
2960 1560 3067 1630 γὰρ
3095 1563 3340 1625 Μωσέως
3396 1564 3430 1635 ἢ
3469 1565 3699 1619 Παύλου

2118 1646 2568 1718 ἀξιολογώτερονς
2597 1649 2957 1718 Φραζέτωσαν
2979 1647 3071 1705 οὖν
3102 1653 3232 1721 ἡμῖν
3251 1655 3300 1705 οἱ
3331 1657 3425 1707 καὶ
3447 1655 3701 1725 τοῦνομα.

2118 1738 2436 1809 ἠρνημένοι,
2468 1741 2561 1793 καὶ
2593 1741 2687 1794 τοῦ
2707 1739 2848 1795 εἶναι
2877 1741 2997 1795 κατ’
3037 1743 3224 1797 εἰκόνα
3249 1744 3386 1797 Θεοῦ
3414 1746 3487 1809 ὡς
3551 1750 3701 1818 πορ-

2120 1832 2348 1902 ρωτάτω
2378 1833 2852 1904 ἀποπεμπόμενοι,
2870 1832 3085 1904 καὶτῆς
3116 1835 3367 1889 ἐντεῦθεν
3391 1839 3698 1908 ἀμέθεκτοι

2115 1922 2337 1993 χάριτος
2357 1940 2372 1957 ο
2397 1925 2446 1976 εἰ
2476 1924 2657 1979 πάντα
2684 1926 2754 1978 τὰ
2783 1926 2881 1994 τῆς
2914 1926 3286 1997 προσηγορίας
3309 1927 3514 1999 ταύτης
3559 1948 3699 1999 μετ-

2113 2020 2409 2089 εσχηκότα,
2451 2018 2608 2090 τίμια
2664 2023 2759 2075 καὶ
2787 2021 2994 2089 ἔνδοξα,
3046 2024 3111 2076 ὲκ
3152 2023 3253 2090 τῆς
3282 2016 3361 2079 ὧν
3393 2025 3697 2095 παρήχθηο

2115 2127 2213 2164 σαν
2273 2111 2431 2182 δόξης
2475 2112 2634 2165 τοῦτο
2684 2113 3050 2183 ὲνεγκάμενα,
3096 2114 3149 2168 τί
3181 2115 3383 2183 δήποτε
3423 2122 3546 2182 ταῖς
3586 2120 3690 2172 τοῦ

2110 2201 2349 2271 Χριστοῦ
2383 2203 2475 2255 καὶ
2505 2202 2610 2255 τῶν
2642 2203 2812 2272 ἁγίων
2841 2205 3070 2269 εἰκόσιν,
3107 2207 3172 2260 ἐκ
3201 2209 3416 2264 πάντων
3449 2212 3512 2264 τὸ
3557 2213 3688 2266 5.60-

2111 2291 2199 2357 ξον
2219 2294 2310 2345 καὶ
2326 2293 2695 2357 ἀπόπτυστον,
2714 2297 3151 2366 ἀποῤῥίπτουσι;
3196 2299 3306 2355 Καὶ
3334 2302 3424 2356 ἵνα
3458 2306 3523 2359 ἐκ
3573 2306 3689 2360 τῶν

2110 2382 2458 2454 ὑψηλοτέρων
2480 2385 2575 2438 καὶ
2602 2385 2703 2456 τῆς
2727 2385 3008 2456 θεολογίας
3042 2389 3213 2458 αὐτῆς
3244 2390 3337 2444 τοῦ
3362 2393 3521 2463 λόγου
3549 2414 3689 2449 κατ-

2107 2475 2386 2544 άρξωμαι,
2419 2477 2447 2528 ό
2482 2475 2603 2540 Υἱὸς
2638 2476 2730 2529 τοῦ
2772 2477 2907 2529 Θεοῦ
2940 2481 3033 2532 καὶ
3053 2479 3183 2544 Θεὸς
3218 2482 3374 2551 ἡμῶν
3396 2485 3476 2553 τῷ
3504 2487 3685 2557 Πατρὶ

2108 2564 2654 2637 συνθεολογούμενος,
2698 2567 2775 2631 ὡς
2833 2570 2999 2622 εἰκὼν
3038 2571 3201 2624 αὐτοῦ
3254 2577 3479 2640 τιμᾶται
3539 2579 3685 2647 μετὰ

2104 2653 2213 2707 τῶν
2242 2653 2418 2708 ἄλλων
2451 2656 2859 2727 προσηγοριῶν,
2912 2660 3008 2712 καὶ
3049 2660 3353 2726 δοξάζεται.
3412 2666 3518 2731 Ὃς
3566 2668 3679 2738 γάρ

2101 2745 2253 2807 ἐστι,
2286 2746 2474 2816 φησὶν,
2527 2747 2705 2800 εἰκὼν
2746 2749 2852 2804 τοῦ
2888 2751 3036 2806 Θεοῦ
3083 2755 3190 2808 τοῦ
3242 2757 3503 2824 ἀοράτου
3527 2776 3543 2790 ο
3584 2762 3683 2814 καὶ

2100 2836 2272 2909 ταύτῃ
2306 2837 2509 2907 μᾶλλον
2559 2840 2608 2891 οἱ
2659 2838 2900 2910 θεολόγοι
2943 2844 3364 2914 ὲνσεμνύνονται
3413 2852 3482 2921 τῇ
3517 2852 3676 2923 φωνῇ

2100 2927 2192 2981 καὶ
2222 2928 2630 3001 συγχαίρουσιν.
2674 2931 2837 2984 Ἀλλὰ
2872 2934 3084 3003 μήποτε
3124 2937 3212 2993 διὰ
3239 2939 3301 2992 τὺ
3329 2942 3427 3011 τῆς
3458 2945 3678 3011 εἰκόνες

2097 3017 2286 3087 δνομα,
2327 3018 2419 3071 καὶ
2456 3018 2546 3072 τὸν
2576 3020 2706 3075 Υἱὺν
2751 3022 2800 3074 οἱ
2830 3022 3087 3095 θεομάχοι
3129 3028 3232 3097 τῆς
3266 3031 3549 3102 Πατρικῆς
3581 3035 3675 3087 δό-

2355 3111 2633 3178 συμφυΐας
2663 3112 3152 3183 ἁλλοτριώσουσινς
3188 3120 3382 3175 ἔπειτα
3421 3123 3478 3176 δὲ
3508 3128 3601 3180 καὶ
3643 3130 3674 3180 ὁ

2099 3198 2240 3262 θεῖος
2269 3200 2520 3269 ἄγγελος,
2553 3204 2716 3257 εἰκών
2742 3207 2857 3259 ἐστι
2878 3207 2970 3260 τοῦ
3001 3209 3161 3275 Θεοῦ,
3188 3211 3452 3286 ἔσοπτρον
3472 3219 3671 3289 ἀκραι-

2096 3290 2244 3358 φνὲς,
2275 3291 2632 3362 ἀκηλίδωτον,
2663 3295 3045 3353 διειδέστατον.
3067 3300 3158 3353 Διὸ
3174 3304 3355 3371 τίμιος
3385 3308 3413 3358 ό
3436 3307 3672 3375 ἄγγελος

2093 3380 2187 3432 καὶ
2212 3382 2240 3433 ὁ
2262 3381 2546 3452 ἄνθρωπος
2582 3384 2705 3438 κατ’
2728 3388 2915 3441 εἰκόνα
2962 3388 3097 3443 Θεοῦ
3129 3398 3521 3469 γεγενημένος,
3570 3405 3669 3455 καὶ

2089 3468 2254 3524 εἰκὼν
2300 3470 2435 3525 Θεοῦ
2484 3473 2819 3544 λεγόμενος’
2873 3478 2963 3533 διὰ
3020 3480 3181 3535 τοῦτο
3225 3468 3518 3557 τετίμηται
3568 3492 3666 3545 καὶ

2085 3559 2261 3632 ταύτῃ
2305 3564 2634 3634 χρηματίζει
2680 3566 2743 3620 τὸ
2776 3567 3146 3638 αὐτεξούσιον,
3195 3577 3292 3630 καὶ
3343 3580 3455 3632 τῶν
3483 3581 3662 3637 ἄλλων

2084 3648 2357 3723 διαφέρων
2395 3652 2573 3724 ζώων,
2602 3659 2743 3713 κατά
2769 3660 2986 3716 πάντων
3007 3664 3068 3717 τὸ
3104 3671 3329 3738 κρατεῖν
3356 3670 3471 3742 ἔχει
3495 3691 3509 3704 ο
3534 3676 3660 3730 ἐπεὶ

2083 3741 2222 3795 καθὸ
2249 3744 2459 3816 κτίσμα
2480 3747 2575 3801 καί
2601 3748 2787 3815 ἁπλῶς
2824 3751 2988 3818 ζῶον,
3023 3755 3230 3813 τούτων
3279 3741 3432 3816 οὐδὲν
3470 3765 3657 3837 διενή-

2084 3852 2207 3905 νοχε
2230 3850 2251 3870 ο
2293 3838 2473 3892 καίτοι
2511 3839 2635 3893 οὐδὲ
2679 3842 2875 3913 ὁρᾶται
2906 3844 2990 3899 ’τὸ
3029 3849 3174 3903 κατὰ
3215 3851 3306 3906 τὸν
3361 3854 3652 3927 ἄνθρωπον

2081 3925 2200 3978 κατ’
2235 3925 2419 3979 εἰκόνα
2449 3926 2742 3999 λεγόμενον
2771 3947 2786 3962 ο
2818 3932 2930 3986 εἴτε
2976 3934 3065 3987 τὸν
3107 3938 3235 3992 νοῦν
3276 3942 3418 3997 εἴποι
3454 3925 3543 4009 τις
3592 3950 3652 4000 τό

2141 4371 2238 4426 νϐ’.
2279 4376 2399 4429 Ἔτι
2429 4379 2522 4431 καὶ
2550 4381 2599 4433 oi
2632 4383 2756 4435 καθ’
2782 4385 2931 4456 ἡμᾶς
2981 4391 3166 4462 ἱερεῖς,
3205 4398 3328 4452 ἐπεὶ
3373 4401 3484 4455 τῶν
3528 4406 3641 4460 ἄνω

395 4437 856 4505 permundialium
925 4442 1177 4497 ordinum
1217 4448 1452 4515 speciem
1497 4456 1843 4528 exprimunt;
1881 4473 1964 4517 ει-

395 4525 540 4563 anim
574 4528 671 4563 Ιιηι
706 4540 1094 4563 tantone-Anim“!
1133 4546 1242 4563 ιη...
1274 4539 1325 4563 ε..
1366 4543 1534 4563 ,--..ε,
1573 4544 1624 4563 19.
1737 4549 1771 4563 ..

2103 4465 2381 4537 ιακόσμων
2419 4469 2513 4524 καὶ
2544 4472 2751 4537 τάξεων
2778 4435 3634 4563 ἇπᾟυποῦσιῑτὴζέμερῖρνειέᾒ

394 4525 540 4579 enim
573 4528 673 4582 hos
705 4540 1100 4599 repraesentant
1133 4546 1242 4590 tum
1273 4539 1327 4592 in
1364 4543 1538 4598 sacris
1571 4525 1958 4619 lilurgiis,'tum

393 4617 447 4670 in
480 4616 600 4671 aliis
632 4618 830 4675 duinis
864 4638 1002 4692 quas
1048 4628 1323 4686 celebrant
1377 4616 1779 4709 hymnologiis;
1832 4659 1958 4712 pro-

394 4717 583 4776 pterea
617 4709 964 4770 honorabiles
994 4717 1263 4774 habentur
1299 4738 1328 4775 a
1368 4738 1495 4780 vere
1522 4728 1628 4797 piis
1652 4739 1812 4801 atque
1833 4709 1956 4787 ino-

386 4798 577 4854 destis.
618 4799 686 4855 Et
716 4803 922 4873 reliqua
963 4807 1220 4866 Ecclesia:
1248 4816 1520 4875 ordinatio
1555 4835 1621 4877 ac
1651 4798 1948 4893 dispositio.

384 4888 624 4944 caelestis
656 4892 793 4947 aulae
829 4895 1063 4951 imitatio
1095 4909 1179 4955 est
1225 4917 1291 4958 ac
1338 4905 1532 4976 figura.
1569 4908 1702 4966 Item
1735 4888 1951 4984 —Moysis

384 4986 718 5054 legislatoris
756 4990 1185 5062 tabernaculum,
1214 5007 1269 5052 et
1293 5011 1489 5056 cuncta
1524 5003 1633 5059 illic
1664 5017 1945 5074 contenta,

379 5079 680 5131 ccelestinm
713 5079 1052 5152 aliarumque
1073 5097 1382 5144 creatarum
1401 5106 1581 5146 rerum
1607 5098 1948 5155 resonantias

376 5167 638 5233 quasdam
683 5182 747 5224 ac
786 5171 1176 5232 similitudines
1219 5193 1328 5246 pra:
1379 5196 1440 5237 se
1496 5182 1776 5249 ferebant.
1805 5188 1948 5245 sicut

374 5258 445 5312 ab
471 5272 537 5314 eo
565 5259 886 5332 dispositum
917 5263 1119 5322 fuerat.

439 5436 487 5469 ⁷⁸
507 5439 643 5495 Gen.
673 5457 726 5508 v,
754 5443 808 5499 ὅ.
885 5448 925 5479 ⁷³
963 5448 979 5502 Ι
1016 5449 1144 5506 Cor.
1172 5468 1260 5520 xv,
1289 5456 1377 5513 49.
1454 5460 1499 5491 ¹²
1529 5456 1712 5517 "Cor.
1752 5480 1824 5532 IV.
1855 5468 1909 5523 4ο

439 5549 959 5654 ςϐθὶέηηξιηοῆᾶὶοετιε
971 5565 1316 5654 Jadditament
1328 5589 1415 5628 um
1446 5575 1752 5654 invisibilis,
1770 5582 1941 5654 ἀορά-

366 5633 460 5700 του
484 5661 498 5683 ,
529 5626 671 5700 quod
715 5643 820 5682 non
859 5634 997 5700 apud

365 5689 567 5760 aliquot
592 5695 751 5749 etiam
790 5689 1002 5755 codices
1032 5689 1246 5775 legitur.

2067 4555 2397 4619 eixovtCouot
2433 4560 2542 4631 γὰρ
2565 4562 2764 4628 αὐτοὺς
2796 4571 2939 4623 κατά
2958 4588 3016 4624 τε
3057 4575 3157 4640 τὰς
3202 4555 3355 4650 ἱερὰς
3375 4555 3636 4658 λειτουρ-

2065 4644 2214 4712 γίας,
2240 4648 2334 4700 καὶ
2357 4647 2459 4714 τὰς
2483 4650 2651 4717 ἄλλας
2691 4655 2842 4721 θείας
2870 4660 3197 4733 ὑμνολογὶας
3379 4678 3510 4745 παρ’
3539 4644 3636 4731 αῦ-

2061 4736 2171 4789 τῶν
2206 4738 2535 4809 τελουμένας
2556 4757 2570 4772 ·
2605 4744 2692 4799 διὰ
2735 4748 2893 4803 τοῦτο
2918 4752 3092 4823 τίμιοι
3139 4760 3293 4829 παρὰ
3335 4763 3445 4817 τῶν
3461 4736 3637 4821 ἐὐσε-

2060 4825 2175 4879 ϐεῖν
2202 4828 2421 4885 εἰδότων
2462 4836 2556 4886 καὶ
2609 4841 3032 4908 σωφρονούντων
3058 4863 3072 4877 ⁸
3126 4854 3220 4905 καὶ
3252 4854 3284 4924 ή
3340 4855 3503 4930 λοιπὴ
3534 4863 3633 4933 τῆς

2069 4916 2394 4989 Ἐκκλησίας
2417 4923 2781 4998 διακόσμησις
2811 4934 2905 4988 καὶ
2928 4936 3178 5005 εὐταξία.
3211 4916 3321 4999 τιῦν
3359 4916 3631 5019 οὐρανίων

2053 5009 2191 5061 εἰσὶν
2244 5011 2658 5085 ἀπομιμήματα
2718 5024 2812 5077 καὶ
2859 5028 3201 5099 τυπώματαο
3257 5039 3349 5091 καὶ
3485 5051 3629 5100 κατὰ

2054 5100 2260 5155 Μωσέα
2299 5104 2356 5156 δὲ
2405 5108 2577 5178 σκηνὴ
2625 5113 2716 5164 τὸν
2750 5117 3070 5189 νομοθέτην,
3122 5125 3218 5177 καὶ
3261 5128 3331 5182 τὰ
3373 5100 3433 5184 ἐν
3485 5135 3623 5207 αὐτῇ

2052 5191 2253 5255 πάντα,
2286 5194 2396 5247 τῶν
2428 5197 2697 5268 οὐρανίων
2753 5205 2845 5258 καὶ
2878 5208 2979 5278 τῆς
3026 5210 3195 5283 ἄλλης
3239 5219 3474 5287 κτίσεως
3514 5191 3623 5277 ax:

1981 5296 1989 5302 ·
2051 5282 2317 5351 ηχήματὰ
2340 5302 2462 5339 τινα
2497 5290 2592 5342 καὶ
2624 5292 2942 5365 ὁμοιώματα
2961 5282 3157 5372 ἔφερε,
3172 5308 3429 5382 καθάπερ
3452 5282 3616 5386 ἀὖτῷ

2050 5372 2418 5431 διατέτακται.

2110 5594 2224 5690 ςῖθ)
2249 5595 2457 5690 V‘it‘i‘e‘sis
2489 5602 2855 5690 gantacnzcni
2885 5625 3097 5682 quoque
3127 5613 3434 5683 opinionem
3467 5618 3611 5690 apud

1082 5637 1091 5646 .
1730 5633 1741 5647 ,
1777 5633 1800 5634 ρ
1838 5633 1905 5654 Γ..
2111 5633 2224 5661 μυ]
2264 5633 2457 5654 “uuam
2489 5633 2688 5658 uanus:

1030 5633 1393 5734 Elge-phorum
1427 5646 1620 5713 solum,
1660 5653 1754 5705 sed
1796 5659 1938 5723 apud
2038 5679 2169 5729 nos,
2203 5681 2255 5734 ιι.
2288 5668 2390 5724 1ου
2440 5672 2562 5727 adn.
2599 5674 2688 5729 3|.
