  <div class='ocr_page' id='page_1' title='image "/cluster/home/n/w/nwhite01/storage/ocr_20150623/100/mdp.39015005675668/252.png"; bbox 0 0 3898 6150; ppageno 0'>
   <div class='ocr_carea' id='block_1_1' title="bbox 179 325 297 390">
    <p class='ocr_par' dir='ltr' id='par_1_1' title="bbox 179 325 297 390">
     <span class='ocr_line' id='line_1_1' title="bbox 179 325 297 390; baseline 0 -2"><span class='ocrx_word' id='word_1_1' title='bbox 179 325 297 390; x_wconf 67' lang='grc'><strong>485</strong></span> 
     </span>
    </p>
   </div>
   <div class='ocr_carea' id='block_1_2' title="bbox 892 319 2749 386">
    <p class='ocr_par' dir='ltr' id='par_1_2' title="bbox 892 319 2749 386">
     <span class='ocr_line' id='line_1_2' title="bbox 892 319 2749 386; baseline -0.002 -3"><span class='ocrx_word' id='word_1_2' title='bbox 892 321 1519 386; x_wconf 72' lang='lat' dir='ltr'><strong>ANTIBRHETICUS</strong></span> <span class='ocrx_word' id='word_1_3' title='bbox 1562 321 1654 382; x_wconf 90' lang='lat' dir='ltr'><strong>lIl</strong></span> <span class='ocrx_word' id='word_1_4' title='bbox 1692 321 1863 384; x_wconf 79' lang='lat' dir='ltr'><strong>ADV.</strong></span> <span class='ocrx_word' id='word_1_5' title='bbox 1901 320 2493 382; x_wconf 81' lang='lat' dir='ltr'><strong>CONSTANTINUM</strong></span> <span class='ocrx_word' id='word_1_6' title='bbox 2532 319 2749 381; x_wconf 86' lang='lat' dir='ltr'><strong>COPR.</strong></span> 
     </span>
    </p>
   </div>
   <div class='ocr_carea' id='block_1_3' title="bbox 3345 316 3451 381">
    <p class='ocr_par' dir='ltr' id='par_1_3' title="bbox 3345 316 3451 381">
     <span class='ocr_line' id='line_1_3' title="bbox 3345 316 3451 381; baseline 0 -1"><span class='ocrx_word' id='word_1_7' title='bbox 3345 316 3451 381; x_wconf 70' lang='lat'><strong>486</strong></span> 
     </span>
    </p>
   </div>
   <div class='ocr_carea' id='block_1_4' title="bbox 265 429 1780 508">
    <p class='ocr_par' dir='ltr' id='par_1_4' title="bbox 265 429 1775 508">
     <span class='ocr_line' id='line_1_4' title="bbox 265 429 1775 508; baseline -0.001 -18"><span class='ocrx_word' id='word_1_8' title='bbox 265 438 328 502; x_wconf 79' lang='grc' dir='ltr'><strong>ξ’.</strong></span> <span class='ocrx_word' id='word_1_9' title='bbox 364 434 511 506; x_wconf 81' lang='grc' dir='ltr'>Ἤδη</span> <span class='ocrx_word' id='word_1_10' title='bbox 540 434 596 488; x_wconf 83' lang='grc' dir='ltr'><strong>δὲ</strong></span> <span class='ocrx_word' id='word_1_11' title='bbox 626 434 717 488; x_wconf 74' lang='grc' dir='ltr'>καὶ</span> <span class='ocrx_word' id='word_1_12' title='bbox 752 436 808 487; x_wconf 81' lang='grc' dir='ltr'>αἱ</span> <span class='ocrx_word' id='word_1_13' title='bbox 837 437 981 508; x_wconf 80' lang='grc' dir='ltr'>ἱεραὶ</span> <span class='ocrx_word' id='word_1_14' title='bbox 1014 436 1184 506; x_wconf 77' lang='grc' dir='ltr'>βίόλοι</span> <span class='ocrx_word' id='word_1_15' title='bbox 1214 429 1400 502; x_wconf 76' lang='grc' dir='ltr'>αὗται,</span> <span class='ocrx_word' id='word_1_16' title='bbox 1436 440 1644 503; x_wconf 78' lang='grc' dir='ltr'><strong>εἰκόνες</strong></span> <span class='ocrx_word' id='word_1_17' title='bbox 1669 439 1775 491; x_wconf 73' lang='grc' dir='ltr'>εἰσὶ</span> 
     </span>
    </p>
   </div>
   <div class='ocr_carea' id='block_1_5' title="bbox 1886 429 3452 508">
    <p class='ocr_par' dir='ltr' id='par_1_5' title="bbox 1949 434 3452 506">
     <span class='ocr_line' id='line_1_5' title="bbox 1949 434 3452 506; baseline -0.002 -14"><span class='ocrx_word' id='word_1_18' title='bbox 1949 438 2036 492; x_wconf 83' lang='grc'><strong>60.</strong></span> <span class='ocrx_word' id='word_1_19' title='bbox 2067 438 2207 504; x_wconf 81' lang='lat' dir='ltr'><strong>Quin</strong></span> <span class='ocrx_word' id='word_1_20' title='bbox 2239 441 2374 494; x_wconf 87' lang='lat' dir='ltr'><strong>adeo</strong></span> <span class='ocrx_word' id='word_1_21' title='bbox 2408 438 2549 493; x_wconf 75' lang='lat' dir='ltr'><strong>sacri</strong></span> <span class='ocrx_word' id='word_1_22' title='bbox 2581 437 2682 506; x_wconf 88' lang='lat' dir='ltr'><strong>ipsi</strong></span> <span class='ocrx_word' id='word_1_23' title='bbox 2717 435 2874 501; x_wconf 93' lang='lat' dir='ltr'><strong>libri,</strong></span> <span class='ocrx_word' id='word_1_24' title='bbox 2912 434 3190 491; x_wconf 81' lang='lat' dir='ltr'><strong>hominum</strong></span> <span class='ocrx_word' id='word_1_25' title='bbox 3230 434 3321 501; x_wconf 88' lang='lat' dir='ltr'><strong>qui</strong></span> <span class='ocrx_word' id='word_1_26' title='bbox 3357 449 3452 489; x_wconf 89' lang='lat' dir='ltr'><strong>eos</strong></span> 
     </span>
    </p>
   </div>
   <div class='ocr_carea' id='block_1_6' title="bbox 178 526 1776 600">
    <p class='ocr_par' dir='ltr' id='par_1_6' title="bbox 178 526 1776 600">
     <span class='ocr_line' id='line_1_6' title="bbox 178 526 1776 600; baseline 0.001 -18"><span class='ocrx_word' id='word_1_27' title='bbox 178 529 306 583; x_wconf 75' lang='grc' dir='ltr'><strong>τῶν</strong></span> <span class='ocrx_word' id='word_1_28' title='bbox 340 527 525 595; x_wconf 86' lang='grc' dir='ltr'>λόγων</span> <span class='ocrx_word' id='word_1_29' title='bbox 553 526 664 578; x_wconf 87' lang='grc' dir='ltr'><strong>τῶν</strong></span> <span class='ocrx_word' id='word_1_30' title='bbox 692 527 1163 599; x_wconf 81' lang='grc' dir='ltr'><strong>συγγεγραφότων</strong></span> <span class='ocrx_word' id='word_1_31' title='bbox 1188 545 1204 560; x_wconf 88' lang='grc'><strong>·</strong></span> <span class='ocrx_word' id='word_1_32' title='bbox 1236 528 1306 583; x_wconf 87' lang='grc' dir='ltr'>δι’</span> <span class='ocrx_word' id='word_1_33' title='bbox 1341 530 1524 584; x_wconf 79' lang='grc' dir='ltr'>αὐτῶν</span> <span class='ocrx_word' id='word_1_34' title='bbox 1549 531 1657 600; x_wconf 83' lang='grc' dir='ltr'><strong>γὰρ</strong></span> <span class='ocrx_word' id='word_1_35' title='bbox 1681 529 1776 584; x_wconf 76' lang='grc' dir='ltr'>καὶ</span> 
     </span>
    </p>
   </div>
   <div class='ocr_carea' id='block_1_7' title="bbox 185 618 1776 691">
    <p class='ocr_par' dir='ltr' id='par_1_7' title="bbox 185 618 1776 691">
     <span class='ocr_line' id='line_1_7' title="bbox 185 618 1776 691; baseline -0.002 -14"><span class='ocrx_word' id='word_1_36' title='bbox 185 619 277 691; x_wconf 78' lang='grc' dir='ltr'>μὴ</span> <span class='ocrx_word' id='word_1_37' title='bbox 294 619 583 690; x_wconf 63' lang='grc' dir='ltr'>παρόντες</span> <span class='ocrx_word' id='word_1_38' title='bbox 624 619 713 672; x_wconf 74' lang='grc' dir='ltr'>ἀεὶ</span> <span class='ocrx_word' id='word_1_39' title='bbox 770 618 1124 687; x_wconf 85' lang='grc' dir='ltr'>φθέγγονται,</span> <span class='ocrx_word' id='word_1_40' title='bbox 1173 622 1270 675; x_wconf 75' lang='grc' dir='ltr'>καὶ</span> <span class='ocrx_word' id='word_1_41' title='bbox 1317 622 1460 676; x_wconf 87' lang='grc' dir='ltr'><strong>κατά</strong></span> <span class='ocrx_word' id='word_1_42' title='bbox 1521 620 1776 675; x_wconf 85' lang='grc' dir='ltr'>τοσοῦτον</span> 
     </span>
    </p>
   </div>
   <div class='ocr_carea' id='block_1_8' title="bbox 182 707 1778 781">
    <p class='ocr_par' dir='ltr' id='par_1_8' title="bbox 182 707 1778 781">
     <span class='ocr_line' id='line_1_8' title="bbox 182 707 1778 781; baseline 0 -14"><span class='ocrx_word' id='word_1_43' title='bbox 182 713 382 774; x_wconf 78' lang='grc' dir='ltr'>αὐτοῖς</span> <span class='ocrx_word' id='word_1_44' title='bbox 410 709 745 781; x_wconf 85' lang='grc' dir='ltr'>ᾠκείωνται,</span> <span class='ocrx_word' id='word_1_45' title='bbox 763 708 837 772; x_wconf 85' lang='grc' dir='ltr'>ὡς</span> <span class='ocrx_word' id='word_1_46' title='bbox 860 707 952 762; x_wconf 85' lang='grc' dir='ltr'><strong>καί</strong></span> <span class='ocrx_word' id='word_1_47' title='bbox 973 708 1081 763; x_wconf 88' lang='grc' dir='ltr'><strong>τῶν</strong></span> <span class='ocrx_word' id='word_1_48' title='bbox 1105 710 1465 781; x_wconf 71' lang='grc' dir='ltr'><strong>γεγραφότων</strong></span> <span class='ocrx_word' id='word_1_49' title='bbox 1483 710 1663 764; x_wconf 82' lang='grc' dir='ltr'>αὐτῶν</span> <span class='ocrx_word' id='word_1_50' title='bbox 1682 712 1778 781; x_wconf 83' lang='grc' dir='ltr'>φέ-</span> 
     </span>
    </p>
   </div>
   <div class='ocr_carea' id='block_1_9' title="bbox 188 800 1774 879">
    <p class='ocr_par' dir='ltr' id='par_1_9' title="bbox 188 800 1774 879">
     <span class='ocr_line' id='line_1_9' title="bbox 188 800 1774 879; baseline -0.001 -21"><span class='ocrx_word' id='word_1_51' title='bbox 188 823 313 877; x_wconf 85' lang='grc' dir='ltr'>ρειν</span> <span class='ocrx_word' id='word_1_52' title='bbox 338 804 429 857; x_wconf 70' lang='grc' dir='ltr'><strong>ἐπ’</strong></span> <span class='ocrx_word' id='word_1_53' title='bbox 460 801 677 865; x_wconf 77' lang='grc' dir='ltr'><strong>εὐθείας</strong></span> <span class='ocrx_word' id='word_1_54' title='bbox 699 800 769 855; x_wconf 78' lang='grc' dir='ltr'><strong>τὰ</strong></span> <span class='ocrx_word' id='word_1_55' title='bbox 789 802 1054 872; x_wconf 79' lang='grc' dir='ltr'>ὀνόματα’</span> <span class='ocrx_word' id='word_1_56' title='bbox 1078 804 1226 857; x_wconf 71' lang='grc' dir='ltr'>οὕτω</span> <span class='ocrx_word' id='word_1_57' title='bbox 1253 803 1362 872; x_wconf 85' lang='grc' dir='ltr'><strong>γὰρ</strong></span> <span class='ocrx_word' id='word_1_58' title='bbox 1380 802 1481 879; x_wconf 69' lang='grc' dir='ltr'>τὴν</span> <span class='ocrx_word' id='word_1_59' title='bbox 1511 801 1662 875; x_wconf 73' lang='grc' dir='ltr'>ἱερὰν</span> <span class='ocrx_word' id='word_1_60' title='bbox 1680 802 1774 856; x_wconf 84' lang='grc' dir='ltr'><strong>τοῦ</strong></span> 
     </span>
    </p>
   </div>
   <div class='ocr_carea' id='block_1_10' title="bbox 195 889 1776 963">
    <p class='ocr_par' dir='ltr' id='par_1_10' title="bbox 195 889 1776 963">
     <span class='ocr_line' id='line_1_10' title="bbox 195 889 1776 963; baseline -0.001 -16"><span class='ocrx_word' id='word_1_61' title='bbox 195 890 535 947; x_wconf 80' lang='grc' dir='ltr'>’Δποστόλου</span> <span class='ocrx_word' id='word_1_62' title='bbox 570 889 774 960; x_wconf 76' lang='grc' dir='ltr'>βίϐλον,</span> <span class='ocrx_word' id='word_1_63' title='bbox 805 889 1132 945; x_wconf 80' lang='grc' dir='ltr'>Ἀπόστολον</span> <span class='ocrx_word' id='word_1_64' title='bbox 1150 893 1523 963; x_wconf 73' lang='grc' dir='ltr'>όνομάξομεψ</span> <span class='ocrx_word' id='word_1_65' title='bbox 1558 894 1654 946; x_wconf 75' lang='grc' dir='ltr'>καὶ</span> <span class='ocrx_word' id='word_1_66' title='bbox 1675 894 1776 963; x_wconf 78' lang='grc' dir='ltr'>τὴν</span> 
     </span>
    </p>
   </div>
   <div class='ocr_carea' id='block_1_11' title="bbox 180 984 1777 1057">
    <p class='ocr_par' dir='ltr' id='par_1_11' title="bbox 180 984 1777 1057">
     <span class='ocr_line' id='line_1_11' title="bbox 180 984 1777 1057; baseline -0.002 -16"><span class='ocrx_word' id='word_1_67' title='bbox 180 987 285 1042; x_wconf 87' lang='grc' dir='ltr'><strong>τοῦ</strong></span> <span class='ocrx_word' id='word_1_68' title='bbox 304 987 497 1057; x_wconf 80' lang='grc' dir='ltr'>Προφή</span> <span class='ocrx_word' id='word_1_69' title='bbox 506 1002 625 1050; x_wconf 91' lang='grc' dir='ltr'>του,</span> <span class='ocrx_word' id='word_1_70' title='bbox 646 989 935 1057; x_wconf 80' lang='grc' dir='ltr'><strong>προφήτην</strong></span> <span class='ocrx_word' id='word_1_71' title='bbox 949 984 1211 1049; x_wconf 82' lang='grc' dir='ltr'><strong>ὡσαύτως</strong></span> <span class='ocrx_word' id='word_1_72' title='bbox 1230 985 1508 1056; x_wconf 81' lang='grc' dir='ltr'>καλοῦμεν</span> <span class='ocrx_word' id='word_1_73' title='bbox 1527 999 1543 1015; x_wconf 84' lang='lat'><strong><em>°</em></strong></span> <span class='ocrx_word' id='word_1_74' title='bbox 1566 985 1662 1040; x_wconf 76' lang='grc' dir='ltr'>καὶ</span> <span class='ocrx_word' id='word_1_75' title='bbox 1677 986 1777 1057; x_wconf 83' lang='grc' dir='ltr'>τὴν</span> 
     </span>
    </p>
   </div>
   <div class='ocr_carea' id='block_1_12' title="bbox 111 1071 1777 1150">
    <p class='ocr_par' dir='ltr' id='par_1_12' title="bbox 111 1071 1777 1150">
     <span class='ocr_line' id='line_1_12' title="bbox 111 1071 1777 1150; baseline 0.001 -19"><span class='ocrx_word' id='word_1_76' title='bbox 111 1071 127 1149; x_wconf 50' lang='grc' dir='ltr'><strong>ί</strong></span> <span class='ocrx_word' id='word_1_77' title='bbox 179 1078 284 1131; x_wconf 73' lang='grc' dir='ltr'><strong>τοῦ</strong></span> <span class='ocrx_word' id='word_1_78' title='bbox 296 1076 693 1145; x_wconf 83' lang='grc' dir='ltr'>εὐαγγελιποῦ</span> <span class='ocrx_word' id='word_1_79' title='bbox 715 1076 935 1147; x_wconf 82' lang='grc' dir='ltr'>ὁμοίως.</span> <span class='ocrx_word' id='word_1_80' title='bbox 961 1078 1072 1131; x_wconf 72' lang='grc' dir='ltr'><strong>Καὶ</strong></span> <span class='ocrx_word' id='word_1_81' title='bbox 1090 1078 1219 1140; x_wconf 78' lang='grc' dir='ltr'>τοὺς</span> <span class='ocrx_word' id='word_1_82' title='bbox 1249 1079 1429 1150; x_wconf 77' lang='grc' dir='ltr'>ἱεροὺς</span> <span class='ocrx_word' id='word_1_83' title='bbox 1451 1077 1652 1142; x_wconf 72' lang='grc' dir='ltr'>οἴκους,</span> <span class='ocrx_word' id='word_1_84' title='bbox 1676 1078 1777 1132; x_wconf 79' lang='grc' dir='ltr'>οὐκ</span> 
     </span>
    </p>
   </div>
   <div class='ocr_carea' id='block_1_13' title="bbox 183 1167 1776 1239">
    <p class='ocr_par' dir='ltr' id='par_1_13' title="bbox 183 1167 1776 1239">
     <span class='ocr_line' id='line_1_13' title="bbox 183 1167 1776 1239; baseline 0.002 -17"><span class='ocrx_word' id='word_1_85' title='bbox 183 1173 251 1222; x_wconf 83' lang='grc' dir='ltr'>ὲν</span> <span class='ocrx_word' id='word_1_86' title='bbox 282 1170 469 1238; x_wconf 82' lang='grc' dir='ltr'><strong>σχέσει</strong></span> <span class='ocrx_word' id='word_1_87' title='bbox 501 1167 734 1221; x_wconf 85' lang='grc' dir='ltr'>πάντοτε</span> <span class='ocrx_word' id='word_1_88' title='bbox 764 1167 998 1239; x_wconf 86' lang='grc' dir='ltr'>λέγομεν</span> <span class='ocrx_word' id='word_1_89' title='bbox 1025 1167 1101 1232; x_wconf 82' lang='grc' dir='ltr'><strong>ὡς</strong></span> <span class='ocrx_word' id='word_1_90' title='bbox 1130 1168 1303 1234; x_wconf 87' lang='grc' dir='ltr'>τοῦδε,</span> <span class='ocrx_word' id='word_1_91' title='bbox 1341 1169 1479 1224; x_wconf 86' lang='grc' dir='ltr'><strong>ἀλλά</strong></span> <span class='ocrx_word' id='word_1_92' title='bbox 1504 1170 1566 1222; x_wconf 83' lang='grc' dir='ltr'>τὸ</span> <span class='ocrx_word' id='word_1_93' title='bbox 1592 1169 1776 1225; x_wconf 84' lang='grc' dir='ltr'>πλεῖον</span> 
     </span>
    </p>
   </div>
   <div class='ocr_carea' id='block_1_14' title="bbox 183 1259 1778 1333">
    <p class='ocr_par' dir='ltr' id='par_1_14' title="bbox 183 1259 1778 1333">
     <span class='ocr_line' id='line_1_14' title="bbox 183 1259 1778 1333; baseline 0.002 -21"><span class='ocrx_word' id='word_1_94' title='bbox 183 1261 438 1330; x_wconf 76' lang='grc' dir='ltr'>ἀσχέτως</span> <span class='ocrx_word' id='word_1_95' title='bbox 474 1260 626 1313; x_wconf 80' lang='grc' dir='ltr'>τόνδε</span> <span class='ocrx_word' id='word_1_96' title='bbox 654 1259 939 1332; x_wconf 82' lang='grc' dir='ltr'>φράζομεν</span> <span class='ocrx_word' id='word_1_97' title='bbox 957 1260 1265 1331; x_wconf 82' lang='grc' dir='ltr'>ὁμωνύμως</span> <span class='ocrx_word' id='word_1_98' title='bbox 1297 1260 1375 1331; x_wconf 79' lang='grc' dir='ltr'>τῷ</span> <span class='ocrx_word' id='word_1_99' title='bbox 1402 1261 1778 1333; x_wconf 66' lang='grc' dir='ltr'>ἐπικεκλημέ-</span> 
     </span>
    </p>
   </div>
   <div class='ocr_carea' id='block_1_15' title="bbox 190 1350 1779 1422">
    <p class='ocr_par' dir='ltr' id='par_1_15' title="bbox 190 1350 1779 1422">
     <span class='ocr_line' id='line_1_15' title="bbox 190 1350 1779 1422; baseline 0.001 -18"><span class='ocrx_word' id='word_1_100' title='bbox 190 1368 293 1420; x_wconf 82' lang='grc' dir='ltr'><strong>νῳ,</strong></span> <span class='ocrx_word' id='word_1_101' title='bbox 328 1351 419 1404; x_wconf 80' lang='grc' dir='ltr'><strong>διὰ</strong></span> <span class='ocrx_word' id='word_1_102' title='bbox 454 1350 554 1421; x_wconf 83' lang='grc' dir='ltr'>τὴν</span> <span class='ocrx_word' id='word_1_103' title='bbox 586 1350 688 1420; x_wconf 81' lang='grc' dir='ltr'>τῆς</span> <span class='ocrx_word' id='word_1_104' title='bbox 734 1350 1122 1422; x_wconf 78' lang='grc' dir='ltr'>προσηγορίας</span> <span class='ocrx_word' id='word_1_105' title='bbox 1150 1353 1437 1407; x_wconf 82' lang='grc' dir='ltr'>κοινωνίαν</span> <span class='ocrx_word' id='word_1_106' title='bbox 1477 1370 1540 1406; x_wconf 89' lang='grc' dir='ltr'><strong>τε</strong></span> <span class='ocrx_word' id='word_1_107' title='bbox 1566 1354 1661 1407; x_wconf 73' lang='grc' dir='ltr'>καὶ</span> <span class='ocrx_word' id='word_1_108' title='bbox 1698 1355 1779 1407; x_wconf 80' lang='lat' dir='ltr'><strong>ol-</strong></span> 
     </span>
    </p>
   </div>
   <div class='ocr_carea' id='block_1_16' title="bbox 204 1441 1777 1515">
    <p class='ocr_par' dir='ltr' id='par_1_16' title="bbox 204 1441 1777 1515">
     <span class='ocr_line' id='line_1_16' title="bbox 204 1441 1777 1515; baseline 0.003 -22"><span class='ocrx_word' id='word_1_109' title='bbox 204 1442 473 1511; x_wconf 75' lang='grc' dir='ltr'>κειότητα</span> <span class='ocrx_word' id='word_1_110' title='bbox 501 1458 515 1472; x_wconf 75' lang='grc'><strong>⁸</strong></span> <span class='ocrx_word' id='word_1_111' title='bbox 555 1441 701 1495; x_wconf 78' lang='grc' dir='ltr'>οὕτω</span> <span class='ocrx_word' id='word_1_112' title='bbox 744 1442 809 1510; x_wconf 82' lang='grc' dir='ltr'><strong>δὴ</strong></span> <span class='ocrx_word' id='word_1_113' title='bbox 853 1442 949 1496; x_wconf 75' lang='grc' dir='ltr'>καὶ</span> <span class='ocrx_word' id='word_1_114' title='bbox 990 1441 1098 1495; x_wconf 82' lang='grc' dir='ltr'><strong>τῶν</strong></span> <span class='ocrx_word' id='word_1_115' title='bbox 1138 1443 1231 1496; x_wconf 72' lang='grc' dir='ltr'><strong>ἐπὶ</strong></span> <span class='ocrx_word' id='word_1_116' title='bbox 1277 1444 1382 1514; x_wconf 81' lang='grc' dir='ltr'>γῆς</span> <span class='ocrx_word' id='word_1_117' title='bbox 1431 1445 1777 1515; x_wconf 85' lang='grc' dir='ltr'>κρατούντων</span> 
     </span>
    </p>
   </div>
   <div class='ocr_carea' id='block_1_17' title="bbox 188 1534 1777 1606">
    <p class='ocr_par' dir='ltr' id='par_1_17' title="bbox 188 1534 1777 1606">
     <span class='ocr_line' id='line_1_17' title="bbox 188 1534 1777 1606; baseline 0.003 -21"><span class='ocrx_word' id='word_1_118' title='bbox 188 1534 430 1596; x_wconf 82' lang='grc' dir='ltr'>εἰκόνες,</span> <span class='ocrx_word' id='word_1_119' title='bbox 455 1535 570 1596; x_wconf 85' lang='grc' dir='ltr'>τοῖς</span> <span class='ocrx_word' id='word_1_120' title='bbox 597 1534 861 1603; x_wconf 80' lang='grc' dir='ltr'>ὑπηκόοις</span> <span class='ocrx_word' id='word_1_121' title='bbox 883 1534 1062 1604; x_wconf 87' lang='grc' dir='ltr'>τίμιαι</span> <span class='ocrx_word' id='word_1_122' title='bbox 1094 1535 1243 1606; x_wconf 82' lang='grc' dir='ltr'><strong>παρά</strong></span> <span class='ocrx_word' id='word_1_123' title='bbox 1263 1534 1540 1597; x_wconf 85' lang='grc' dir='ltr'>τοσοῦτον,</span> <span class='ocrx_word' id='word_1_124' title='bbox 1576 1537 1656 1589; x_wconf 78' lang='grc' dir='ltr'>ὅτι</span> <span class='ocrx_word' id='word_1_125' title='bbox 1684 1538 1777 1589; x_wconf 76' lang='grc' dir='ltr'>καὶ</span> 
     </span>
    </p>
   </div>
   <div class='ocr_carea' id='block_1_18' title="bbox 184 1625 1778 1698">
    <p class='ocr_par' dir='ltr' id='par_1_18' title="bbox 184 1625 1778 1698">
     <span class='ocr_line' id='line_1_18' title="bbox 184 1625 1778 1698; baseline 0.002 -20"><span class='ocrx_word' id='word_1_126' title='bbox 184 1626 347 1696; x_wconf 83' lang='grc' dir='ltr'>παρὰ</span> <span class='ocrx_word' id='word_1_127' title='bbox 367 1625 610 1695; x_wconf 76' lang='grc' dir='ltr'>Χριστοῦ</span> <span class='ocrx_word' id='word_1_128' title='bbox 641 1628 806 1695; x_wconf 76' lang='grc' dir='ltr'>τιμῆς</span> <span class='ocrx_word' id='word_1_129' title='bbox 836 1627 869 1695; x_wconf 74' lang='grc' dir='ltr'><strong>ἡ</strong></span> <span class='ocrx_word' id='word_1_130' title='bbox 892 1626 1177 1698; x_wconf 82' lang='grc' dir='ltr'>Καίσαρος</span> <span class='ocrx_word' id='word_1_131' title='bbox 1199 1626 1429 1695; x_wconf 75' lang='grc' dir='ltr'>ἠξίωται</span> <span class='ocrx_word' id='word_1_132' title='bbox 1451 1628 1615 1681; x_wconf 85' lang='grc' dir='ltr'>είκών</span> <span class='ocrx_word' id='word_1_133' title='bbox 1640 1644 1652 1657; x_wconf 91' lang='grc'><strong>·</strong></span> <span class='ocrx_word' id='word_1_134' title='bbox 1679 1629 1778 1681; x_wconf 79' lang='grc' dir='ltr'>καὶ</span> 
     </span>
    </p>
   </div>
   <div class='ocr_carea' id='block_1_19' title="bbox 184 1714 1771 1789">
    <p class='ocr_par' dir='ltr' id='par_1_19' title="bbox 184 1714 1771 1789">
     <span class='ocr_line' id='line_1_19' title="bbox 184 1714 1771 1789; baseline 0.002 -21"><span class='ocrx_word' id='word_1_135' title='bbox 184 1717 346 1768; x_wconf 73' lang='grc' dir='ltr'>οὐδὲν</span> <span class='ocrx_word' id='word_1_136' title='bbox 376 1715 445 1769; x_wconf 79' lang='grc' dir='ltr'><strong>ἀν</strong></span> <span class='ocrx_word' id='word_1_137' title='bbox 466 1714 617 1786; x_wconf 82' lang='grc' dir='ltr'>εῦροι</span> <span class='ocrx_word' id='word_1_138' title='bbox 640 1733 723 1779; x_wconf 83' lang='grc' dir='ltr'><strong>τις</strong></span> <span class='ocrx_word' id='word_1_139' title='bbox 751 1715 779 1769; x_wconf 82' lang='grc' dir='ltr'><strong>ὃ</strong></span> <span class='ocrx_word' id='word_1_140' title='bbox 823 1715 958 1787; x_wconf 84' lang='grc' dir='ltr'>πρός</span> <span class='ocrx_word' id='word_1_141' title='bbox 981 1734 1032 1770; x_wconf 92' lang='grc' dir='ltr'><strong>τι</strong></span> <span class='ocrx_word' id='word_1_142' title='bbox 1079 1716 1496 1789; x_wconf 85' lang='grc' dir='ltr'>προηγούμενον</span> <span class='ocrx_word' id='word_1_143' title='bbox 1525 1719 1771 1788; x_wconf 84' lang='grc' dir='ltr'>φέρεται,</span> 
     </span>
    </p>
   </div>
   <div class='ocr_carea' id='block_1_20' title="bbox 185 1807 1770 1881">
    <p class='ocr_par' dir='ltr' id='par_1_20' title="bbox 185 1807 1770 1881">
     <span class='ocr_line' id='line_1_20' title="bbox 185 1807 1770 1881; baseline 0.001 -20"><span class='ocrx_word' id='word_1_144' title='bbox 185 1808 218 1861; x_wconf 84' lang='grc' dir='ltr'><strong>ὃ</strong></span> <span class='ocrx_word' id='word_1_145' title='bbox 253 1808 333 1877; x_wconf 84' lang='grc' dir='ltr'><strong>μὴ</strong></span> <span class='ocrx_word' id='word_1_146' title='bbox 376 1808 447 1861; x_wconf 85' lang='grc' dir='ltr'>δι’</span> <span class='ocrx_word' id='word_1_147' title='bbox 480 1808 615 1861; x_wconf 82' lang='grc' dir='ltr'>αὐτὸ</span> <span class='ocrx_word' id='word_1_148' title='bbox 643 1809 821 1861; x_wconf 76' lang='grc' dir='ltr'>ἐκεῖνο</span> <span class='ocrx_word' id='word_1_149' title='bbox 853 1807 952 1879; x_wconf 84' lang='grc' dir='ltr'>τὴν</span> <span class='ocrx_word' id='word_1_150' title='bbox 977 1810 1188 1862; x_wconf 75' lang='grc' dir='ltr'>ἐκείνου</span> <span class='ocrx_word' id='word_1_151' title='bbox 1217 1810 1385 1881; x_wconf 76' lang='grc' dir='ltr'>τιμὴν</span> <span class='ocrx_word' id='word_1_152' title='bbox 1411 1811 1770 1880; x_wconf 69' lang='grc' dir='ltr'>προσάγεται,</span> 
     </span>
    </p>
   </div>
   <div class='ocr_carea' id='block_1_21' title="bbox 187 1895 1774 1970">
    <p class='ocr_par' dir='ltr' id='par_1_21' title="bbox 187 1895 1774 1970">
     <span class='ocr_line' id='line_1_21' title="bbox 187 1895 1774 1970; baseline 0.002 -18"><span class='ocrx_word' id='word_1_153' title='bbox 187 1895 281 1953; x_wconf 78' lang='grc' dir='ltr'><strong>οἷα</strong></span> <span class='ocrx_word' id='word_1_154' title='bbox 304 1900 373 1969; x_wconf 81' lang='grc' dir='ltr'><strong>δὴ</strong></span> <span class='ocrx_word' id='word_1_155' title='bbox 406 1899 510 1968; x_wconf 77' lang='grc' dir='ltr'>τὴν</span> <span class='ocrx_word' id='word_1_156' title='bbox 541 1899 752 1952; x_wconf 77' lang='grc' dir='ltr'>ἐκείνου</span> <span class='ocrx_word' id='word_1_157' title='bbox 779 1898 1078 1969; x_wconf 78' lang='grc' dir='ltr'>ἐμφανίζον</span> <span class='ocrx_word' id='word_1_158' title='bbox 1125 1900 1444 1970; x_wconf 82' lang='grc' dir='ltr'>διάγνωσιν.</span> <span class='ocrx_word' id='word_1_159' title='bbox 1474 1903 1537 1955; x_wconf 80' lang='lat' dir='ltr'><strong>El</strong></span> <span class='ocrx_word' id='word_1_160' title='bbox 1593 1901 1774 1955; x_wconf 88' lang='grc' dir='ltr'>τοίνυν</span> 
     </span>
    </p>
   </div>
   <div class='ocr_carea' id='block_1_22' title="bbox 191 1990 1775 2062">
    <p class='ocr_par' dir='ltr' id='par_1_22' title="bbox 191 1990 1775 2062">
     <span class='ocr_line' id='line_1_22' title="bbox 191 1990 1775 2062; baseline 0.003 -17"><span class='ocrx_word' id='word_1_161' title='bbox 191 1994 384 2046; x_wconf 77' lang='grc' dir='ltr'>πάντα</span> <span class='ocrx_word' id='word_1_162' title='bbox 402 1990 577 2044; x_wconf 87' lang='grc' dir='ltr'>ταῦτα</span> <span class='ocrx_word' id='word_1_163' title='bbox 595 1992 664 2044; x_wconf 79' lang='grc' dir='ltr'>δι’</span> <span class='ocrx_word' id='word_1_164' title='bbox 684 1994 868 2044; x_wconf 77' lang='grc' dir='ltr'>ἐκεῖνα</span> <span class='ocrx_word' id='word_1_165' title='bbox 890 1992 1064 2062; x_wconf 68' lang='grc' dir='ltr'>τίμια,</span> <span class='ocrx_word' id='word_1_166' title='bbox 1084 1992 1227 2055; x_wconf 88' lang='grc' dir='ltr'>τίνος</span> <span class='ocrx_word' id='word_1_167' title='bbox 1258 1993 1445 2046; x_wconf 74' lang='grc' dir='ltr'>ἕνεκεν</span> <span class='ocrx_word' id='word_1_168' title='bbox 1473 1994 1538 2047; x_wconf 77' lang='grc' dir='ltr'>ὲκ</span> <span class='ocrx_word' id='word_1_169' title='bbox 1553 1993 1775 2049; x_wconf 82' lang='grc' dir='ltr'>πάντων</span> 
     </span>
    </p>
   </div>
   <div class='ocr_carea' id='block_1_23' title="bbox 188 2082 1775 2156">
    <p class='ocr_par' dir='ltr' id='par_1_23' title="bbox 188 2082 1775 2156">
     <span class='ocr_line' id='line_1_23' title="bbox 188 2082 1775 2156; baseline 0.003 -20"><span class='ocrx_word' id='word_1_170' title='bbox 188 2084 261 2136; x_wconf 73' lang='grc' dir='ltr'>τὰ</span> <span class='ocrx_word' id='word_1_171' title='bbox 287 2082 605 2154; x_wconf 85' lang='grc' dir='ltr'>κρείττονος</span> <span class='ocrx_word' id='word_1_172' title='bbox 633 2082 855 2136; x_wconf 87' lang='grc' dir='ltr'>πάντων</span> <span class='ocrx_word' id='word_1_173' title='bbox 890 2083 1265 2153; x_wconf 84' lang='grc' dir='ltr'>μετεσχηκότα</span> <span class='ocrx_word' id='word_1_174' title='bbox 1286 2082 1466 2155; x_wconf 80' lang='grc' dir='ltr'>δόξης,</span> <span class='ocrx_word' id='word_1_175' title='bbox 1492 2085 1643 2156; x_wconf 88' lang='grc' dir='ltr'>παρὰ</span> <span class='ocrx_word' id='word_1_176' title='bbox 1665 2087 1775 2140; x_wconf 83' lang='grc' dir='ltr'>τῶν</span> 
     </span>
    </p>
   </div>
   <div class='ocr_carea' id='block_1_24' title="bbox 189 2176 1774 2250">
    <p class='ocr_par' dir='ltr' id='par_1_24' title="bbox 189 2176 1774 2250">
     <span class='ocr_line' id='line_1_24' title="bbox 189 2176 1774 2250; baseline 0 -20"><span class='ocrx_word' id='word_1_177' title='bbox 189 2176 604 2247; x_wconf 77' lang='grc' dir='ltr'>Χριστομόιχων</span> <span class='ocrx_word' id='word_1_178' title='bbox 630 2176 904 2245; x_wconf 67' lang='grc' dir='ltr'>ἠτίμωται</span> <span class='ocrx_word' id='word_1_179' title='bbox 925 2177 1019 2229; x_wconf 72' lang='grc' dir='ltr'>καὶ</span> <span class='ocrx_word' id='word_1_180' title='bbox 1043 2176 1438 2247; x_wconf 76' lang='grc' dir='ltr'>καθύϐρισταις</span> <span class='ocrx_word' id='word_1_181' title='bbox 1469 2178 1581 2231; x_wconf 75' lang='grc' dir='ltr'><strong>Καὶ</strong></span> <span class='ocrx_word' id='word_1_182' title='bbox 1605 2180 1633 2231; x_wconf 88' lang='grc' dir='ltr'><strong>ό</strong></span> <span class='ocrx_word' id='word_1_183' title='bbox 1678 2179 1774 2250; x_wconf 81' lang='grc' dir='ltr'>μὲν</span> 
     </span>
    </p>
   </div>
   <div class='ocr_carea' id='block_1_25' title="bbox 194 2268 1775 2341">
    <p class='ocr_par' dir='ltr' id='par_1_25' title="bbox 194 2268 1775 2341">
     <span class='ocr_line' id='line_1_25' title="bbox 194 2268 1775 2341; baseline 0.001 -19"><span class='ocrx_word' id='word_1_184' title='bbox 194 2269 336 2332; x_wconf 82' lang='grc' dir='ltr'>Υίὺς</span> <span class='ocrx_word' id='word_1_185' title='bbox 378 2268 455 2331; x_wconf 85' lang='grc' dir='ltr'><strong>ὡς</strong></span> <span class='ocrx_word' id='word_1_186' title='bbox 498 2268 665 2321; x_wconf 86' lang='grc' dir='ltr'>είκὼν</span> <span class='ocrx_word' id='word_1_187' title='bbox 702 2268 796 2321; x_wconf 88' lang='grc' dir='ltr'><strong>τοῦ</strong></span> <span class='ocrx_word' id='word_1_188' title='bbox 834 2269 1046 2340; x_wconf 77' lang='grc' dir='ltr'>Πατρὸς</span> <span class='ocrx_word' id='word_1_189' title='bbox 1072 2269 1388 2334; x_wconf 80' lang='grc' dir='ltr'>δοξάζεται·</span> <span class='ocrx_word' id='word_1_190' title='bbox 1432 2271 1636 2334; x_wconf 78' lang='grc' dir='ltr'>εἰκόνες</span> <span class='ocrx_word' id='word_1_191' title='bbox 1665 2271 1775 2341; x_wconf 85' lang='grc' dir='ltr'>γὰρ</span> 
     </span>
    </p>
   </div>
   <div class='ocr_carea' id='block_1_26' title="bbox 189 2357 1776 2434">
    <p class='ocr_par' dir='ltr' id='par_1_26' title="bbox 189 2357 1776 2434">
     <span class='ocr_line' id='line_1_26' title="bbox 189 2357 1776 2434; baseline -0.001 -18"><span class='ocrx_word' id='word_1_192' title='bbox 189 2362 512 2432; x_wconf 76' lang='grc' dir='ltr'>ἀμφότερα,</span> <span class='ocrx_word' id='word_1_193' title='bbox 537 2361 630 2415; x_wconf 78' lang='grc' dir='ltr'>καὶ</span> <span class='ocrx_word' id='word_1_194' title='bbox 653 2357 736 2423; x_wconf 79' lang='grc' dir='ltr'>εἷς</span> <span class='ocrx_word' id='word_1_195' title='bbox 760 2363 789 2414; x_wconf 86' lang='grc' dir='ltr'><strong>ό</strong></span> <span class='ocrx_word' id='word_1_196' title='bbox 818 2361 905 2413; x_wconf 81' lang='grc' dir='ltr'><strong>ἐπ’</strong></span> <span class='ocrx_word' id='word_1_197' title='bbox 922 2361 1113 2424; x_wconf 84' lang='grc' dir='ltr'>αὑταῖς</span> <span class='ocrx_word' id='word_1_198' title='bbox 1130 2360 1309 2429; x_wconf 78' lang='grc' dir='ltr'>λόγος,</span> <span class='ocrx_word' id='word_1_199' title='bbox 1325 2361 1428 2415; x_wconf 83' lang='grc' dir='ltr'>κᾶν</span> <span class='ocrx_word' id='word_1_200' title='bbox 1449 2364 1514 2432; x_wconf 78' lang='grc' dir='ltr'>τῇ</span> <span class='ocrx_word' id='word_1_201' title='bbox 1529 2362 1689 2434; x_wconf 83' lang='grc' dir='ltr'>οὐσίᾳ</span> <span class='ocrx_word' id='word_1_202' title='bbox 1714 2364 1776 2415; x_wconf 84' lang='grc' dir='ltr'>τὸ</span> 
     </span>
    </p>
   </div>
   <div class='ocr_carea' id='block_1_27' title="bbox 187 2451 1778 2523">
    <p class='ocr_par' dir='ltr' id='par_1_27' title="bbox 187 2451 1778 2523">
     <span class='ocr_line' id='line_1_27' title="bbox 187 2451 1778 2523; baseline -0.001 -17"><span class='ocrx_word' id='word_1_203' title='bbox 187 2454 455 2522; x_wconf 63' lang='grc' dir='ltr'>διάφορον</span> <span class='ocrx_word' id='word_1_204' title='bbox 477 2453 675 2522; x_wconf 72' lang='grc' dir='ltr'>ἔχωσιν</span> <span class='ocrx_word' id='word_1_205' title='bbox 694 2467 707 2481; x_wconf 92' lang='grc'><strong>·</strong></span> <span class='ocrx_word' id='word_1_206' title='bbox 730 2452 758 2505; x_wconf 84' lang='grc' dir='ltr'><strong>ὃ</strong></span> <span class='ocrx_word' id='word_1_207' title='bbox 783 2451 837 2504; x_wconf 79' lang='grc' dir='ltr'><strong>δὲ</strong></span> <span class='ocrx_word' id='word_1_208' title='bbox 863 2451 1095 2521; x_wconf 78' lang='grc' dir='ltr'>μάλιστα</span> <span class='ocrx_word' id='word_1_209' title='bbox 1116 2452 1296 2505; x_wconf 81' lang='grc' dir='ltr'>αὐτῶν</span> <span class='ocrx_word' id='word_1_210' title='bbox 1313 2452 1373 2504; x_wconf 78' lang='grc' dir='ltr'><strong>τὸ</strong></span> <span class='ocrx_word' id='word_1_211' title='bbox 1398 2452 1626 2523; x_wconf 80' lang='grc' dir='ltr'>μανικὸν</span> <span class='ocrx_word' id='word_1_212' title='bbox 1653 2470 1778 2523; x_wconf 85' lang='grc' dir='ltr'>στη-</span> 
     </span>
    </p>
   </div>
   <div class='ocr_carea' id='block_1_28' title="bbox 188 2544 1778 2616">
    <p class='ocr_par' dir='ltr' id='par_1_28' title="bbox 188 2544 1778 2616">
     <span class='ocr_line' id='line_1_28' title="bbox 188 2544 1778 2616; baseline -0.003 -14"><span class='ocrx_word' id='word_1_213' title='bbox 188 2549 402 2602; x_wconf 70' lang='grc' dir='ltr'>λιτεύει</span> <span class='ocrx_word' id='word_1_214' title='bbox 430 2549 524 2602; x_wconf 64' lang='grc' dir='ltr'>καὶ</span> <span class='ocrx_word' id='word_1_215' title='bbox 552 2547 935 2616; x_wconf 76' lang='grc' dir='ltr'>ἀναίσχυντον,</span> <span class='ocrx_word' id='word_1_216' title='bbox 962 2544 1122 2597; x_wconf 90' lang='grc' dir='ltr'>τοῦτο</span> <span class='ocrx_word' id='word_1_217' title='bbox 1144 2546 1263 2606; x_wconf 66' lang='grc' dir='ltr'>τοῖς</span> <span class='ocrx_word' id='word_1_218' title='bbox 1275 2544 1593 2612; x_wconf 84' lang='grc' dir='ltr'>λεγομένοις</span> <span class='ocrx_word' id='word_1_219' title='bbox 1610 2561 1778 2615; x_wconf 84' lang='grc' dir='ltr'>προσ-</span> 
     </span>
    </p>
   </div>
   <div class='ocr_carea' id='block_1_29' title="bbox 186 2632 1773 2707">
    <p class='ocr_par' dir='ltr' id='par_1_29' title="bbox 186 2632 1773 2707">
     <span class='ocr_line' id='line_1_29' title="bbox 186 2632 1773 2707; baseline -0.004 -15"><span class='ocrx_word' id='word_1_220' title='bbox 186 2638 518 2707; x_wconf 76' lang='grc' dir='ltr'>τεθήσεται·</span> <span class='ocrx_word' id='word_1_221' title='bbox 539 2637 699 2706; x_wconf 81' lang='grc' dir='ltr'>ἴσμεν</span> <span class='ocrx_word' id='word_1_222' title='bbox 717 2636 826 2705; x_wconf 84' lang='grc' dir='ltr'>γὰρ</span> <span class='ocrx_word' id='word_1_223' title='bbox 858 2634 1097 2696; x_wconf 72' lang='grc' dir='ltr'>ἅπαντες</span> <span class='ocrx_word' id='word_1_224' title='bbox 1132 2632 1214 2686; x_wconf 82' lang='grc' dir='ltr'>ὅτι</span> <span class='ocrx_word' id='word_1_225' title='bbox 1231 2633 1325 2685; x_wconf 88' lang='grc' dir='ltr'>καί</span> <span class='ocrx_word' id='word_1_226' title='bbox 1349 2632 1544 2701; x_wconf 90' lang='grc' dir='ltr'>φαῦλοι</span> <span class='ocrx_word' id='word_1_227' title='bbox 1561 2632 1773 2704; x_wconf 82' lang='grc' dir='ltr'>ἄνδρες,</span> 
     </span>
    </p>
   </div>
   <div class='ocr_carea' id='block_1_30' title="bbox 188 2723 1779 2795">
    <p class='ocr_par' dir='ltr' id='par_1_30' title="bbox 188 2723 1779 2795">
     <span class='ocr_line' id='line_1_30' title="bbox 188 2723 1779 2795; baseline -0.003 -13"><span class='ocrx_word' id='word_1_228' title='bbox 188 2729 265 2782; x_wconf 81' lang='grc' dir='ltr'><strong>τὰ</strong></span> <span class='ocrx_word' id='word_1_229' title='bbox 289 2728 403 2780; x_wconf 85' lang='grc' dir='ltr'><strong>τῶν</strong></span> <span class='ocrx_word' id='word_1_230' title='bbox 420 2726 641 2795; x_wconf 81' lang='grc' dir='ltr'>φαύλων</span> <span class='ocrx_word' id='word_1_231' title='bbox 668 2724 764 2778; x_wconf 78' lang='grc' dir='ltr'><strong>καὶ</strong></span> <span class='ocrx_word' id='word_1_232' title='bbox 781 2724 1013 2779; x_wconf 85' lang='grc' dir='ltr'>ἀνοσίων</span> <span class='ocrx_word' id='word_1_233' title='bbox 1033 2723 1413 2794; x_wconf 80' lang='grc' dir='ltr'>τετιμηκότες,</span> <span class='ocrx_word' id='word_1_234' title='bbox 1437 2724 1533 2777; x_wconf 77' lang='grc' dir='ltr'>καὶ</span> <span class='ocrx_word' id='word_1_235' title='bbox 1560 2724 1779 2787; x_wconf 82' lang='grc' dir='ltr'>εἰκόνας</span> 
     </span>
    </p>
   </div>
   <div class='ocr_carea' id='block_1_31' title="bbox 190 2810 1777 2886">
    <p class='ocr_par' dir='ltr' id='par_1_31' title="bbox 190 2810 1777 2886">
     <span class='ocr_line' id='line_1_31' title="bbox 190 2810 1777 2886; baseline -0.002 -16"><span class='ocrx_word' id='word_1_236' title='bbox 190 2819 387 2880; x_wconf 87' lang='grc' dir='ltr'>αὐτοῖς</span> <span class='ocrx_word' id='word_1_237' title='bbox 420 2818 498 2879; x_wconf 82' lang='grc' dir='ltr'><strong>είς</strong></span> <span class='ocrx_word' id='word_1_238' title='bbox 525 2816 748 2886; x_wconf 79' lang='grc' dir='ltr'>μνήμην</span> <span class='ocrx_word' id='word_1_239' title='bbox 779 2812 1042 2867; x_wconf 76' lang='grc' dir='ltr'>ἀνέθεσαν</span> <span class='ocrx_word' id='word_1_240' title='bbox 1065 2830 1080 2844; x_wconf 88' lang='grc'><strong>·</strong></span> <span class='ocrx_word' id='word_1_241' title='bbox 1108 2810 1198 2866; x_wconf 78' lang='grc' dir='ltr'>οἷα</span> <span class='ocrx_word' id='word_1_242' title='bbox 1227 2813 1292 2883; x_wconf 86' lang='grc' dir='ltr'><strong>δὴ</strong></span> <span class='ocrx_word' id='word_1_243' title='bbox 1321 2815 1416 2867; x_wconf 74' lang='grc' dir='ltr'>καὶ</span> <span class='ocrx_word' id='word_1_244' title='bbox 1441 2813 1535 2867; x_wconf 91' lang='grc' dir='ltr'><strong>τοῦ</strong></span> <span class='ocrx_word' id='word_1_245' title='bbox 1572 2815 1777 2884; x_wconf 82' lang='grc' dir='ltr'>τρόπου</span> 
     </span>
    </p>
   </div>
   <div class='ocr_carea' id='block_1_32' title="bbox 186 2904 1775 2977">
    <p class='ocr_par' dir='ltr' id='par_1_32' title="bbox 186 2904 1775 2977">
     <span class='ocr_line' id='line_1_32' title="bbox 186 2904 1775 2977; baseline -0.004 -14"><span class='ocrx_word' id='word_1_246' title='bbox 186 2909 380 2963; x_wconf 78' lang='grc' dir='ltr'>αὐτῶν</span> <span class='ocrx_word' id='word_1_247' title='bbox 409 2906 648 2977; x_wconf 79' lang='grc' dir='ltr'>ζηλωταὶ</span> <span class='ocrx_word' id='word_1_248' title='bbox 670 2906 979 2974; x_wconf 83' lang='grc' dir='ltr'>γενόμενοι.</span> <span class='ocrx_word' id='word_1_249' title='bbox 1007 2906 1102 2959; x_wconf 76' lang='grc' dir='ltr'>καὶ</span> <span class='ocrx_word' id='word_1_250' title='bbox 1126 2904 1236 2958; x_wconf 84' lang='grc' dir='ltr'><strong>τῶν</strong></span> <span class='ocrx_word' id='word_1_251' title='bbox 1256 2904 1506 2974; x_wconf 83' lang='grc' dir='ltr'>πράξεων</span> <span class='ocrx_word' id='word_1_252' title='bbox 1525 2905 1775 2977; x_wconf 74' lang='grc' dir='ltr'>ἐρασταὶ,</span> 
     </span>
    </p>
   </div>
   <div class='ocr_carea' id='block_1_33' title="bbox 188 2993 1778 3072">
    <p class='ocr_par' dir='ltr' id='par_1_33' title="bbox 188 2993 1778 3072">
     <span class='ocr_line' id='line_1_33' title="bbox 188 2993 1778 3072; baseline -0.004 -20"><span class='ocrx_word' id='word_1_253' title='bbox 188 2999 296 3052; x_wconf 77' lang='grc' dir='ltr'>καὶ</span> <span class='ocrx_word' id='word_1_254' title='bbox 325 2997 402 3059; x_wconf 85' lang='grc' dir='ltr'>ὡς</span> <span class='ocrx_word' id='word_1_255' title='bbox 432 2998 651 3049; x_wconf 85' lang='grc' dir='ltr'>οίκείων</span> <span class='ocrx_word' id='word_1_256' title='bbox 688 2994 783 3049; x_wconf 82' lang='grc' dir='ltr'>καὶ</span> <span class='ocrx_word' id='word_1_257' title='bbox 812 2993 1134 3065; x_wconf 84' lang='grc' dir='ltr'>ὁμοτρόπων</span> <span class='ocrx_word' id='word_1_258' title='bbox 1161 2993 1515 3064; x_wconf 81' lang='grc' dir='ltr'>περιέποντες</span> <span class='ocrx_word' id='word_1_259' title='bbox 1536 2993 1778 3072; x_wconf 40' lang='grc' dir='ltr'>,διετέλε-</span> 
     </span>
    </p>
   </div>
   <div class='ocr_carea' id='block_1_34' title="bbox 191 3083 1777 3156">
    <p class='ocr_par' dir='ltr' id='par_1_34' title="bbox 191 3083 1777 3156">
     <span class='ocr_line' id='line_1_34' title="bbox 191 3083 1777 3156; baseline -0.004 -13"><span class='ocrx_word' id='word_1_260' title='bbox 191 3104 325 3151; x_wconf 81' lang='grc' dir='ltr'>σαν,</span> <span class='ocrx_word' id='word_1_261' title='bbox 360 3088 472 3140; x_wconf 75' lang='grc' dir='ltr'>εἴτε</span> <span class='ocrx_word' id='word_1_262' title='bbox 496 3085 692 3156; x_wconf 80' lang='grc' dir='ltr'>ἀγνοίᾳ</span> <span class='ocrx_word' id='word_1_263' title='bbox 725 3083 819 3138; x_wconf 86' lang='grc' dir='ltr'><strong>τοῦ</strong></span> <span class='ocrx_word' id='word_1_264' title='bbox 873 3085 1201 3154; x_wconf 86' lang='grc' dir='ltr'>κρείττονος,</span> <span class='ocrx_word' id='word_1_265' title='bbox 1254 3087 1367 3139; x_wconf 87' lang='grc' dir='ltr'>εῐτε</span> <span class='ocrx_word' id='word_1_266' title='bbox 1414 3085 1624 3155; x_wconf 74' lang='grc' dir='ltr'>αἱρέσει</span> <span class='ocrx_word' id='word_1_267' title='bbox 1684 3084 1777 3137; x_wconf 86' lang='grc' dir='ltr'><strong>τοῦ</strong></span> 
     </span>
    </p>
   </div>
   <div class='ocr_carea' id='block_1_35' title="bbox 192 3175 1778 3251">
    <p class='ocr_par' dir='ltr' id='par_1_35' title="bbox 192 3175 1778 3251">
     <span class='ocr_line' id='line_1_35' title="bbox 192 3175 1778 3251; baseline -0.003 -18"><span class='ocrx_word' id='word_1_268' title='bbox 192 3176 633 3251; x_wconf 79' lang='grc' dir='ltr'>χείρονος.Ἀλλά</span> <span class='ocrx_word' id='word_1_269' title='bbox 646 3177 775 3246; x_wconf 84' lang='grc' dir='ltr'>παρ’</span> <span class='ocrx_word' id='word_1_270' title='bbox 794 3175 1040 3246; x_wconf 87' lang='grc' dir='ltr'>Ἕλλησι,</span> <span class='ocrx_word' id='word_1_271' title='bbox 1062 3176 1216 3243; x_wconf 73' lang='grc' dir='ltr'>φασὶ,</span> <span class='ocrx_word' id='word_1_272' title='bbox 1246 3177 1341 3229; x_wconf 74' lang='grc' dir='ltr'>καὶ</span> <span class='ocrx_word' id='word_1_273' title='bbox 1367 3175 1655 3247; x_wconf 83' lang='grc' dir='ltr'>Ἑλλήνων,</span> <span class='ocrx_word' id='word_1_274' title='bbox 1683 3177 1778 3228; x_wconf 82' lang='grc' dir='ltr'>καὶ</span> 
     </span>
    </p>
   </div>
   <div class='ocr_carea' id='block_1_36' title="bbox 190 3268 1777 3340">
    <p class='ocr_par' dir='ltr' id='par_1_36' title="bbox 190 3268 1777 3340">
     <span class='ocr_line' id='line_1_36' title="bbox 190 3268 1777 3340; baseline -0.003 -15"><span class='ocrx_word' id='word_1_275' title='bbox 190 3272 362 3326; x_wconf 73' lang='grc' dir='ltr'>τοῦτο</span> <span class='ocrx_word' id='word_1_276' title='bbox 407 3274 509 3340; x_wconf 81' lang='grc' dir='ltr'>τῆς</span> <span class='ocrx_word' id='word_1_277' title='bbox 555 3269 786 3325; x_wconf 67' lang='grc' dir='ltr'>ἐκείνων</span> <span class='ocrx_word' id='word_1_278' title='bbox 860 3268 1266 3340; x_wconf 76' lang='grc' dir='ltr'>ὲμϐροντησίας</span> <span class='ocrx_word' id='word_1_279' title='bbox 1319 3270 1417 3324; x_wconf 72' lang='grc' dir='ltr'>καὶ</span> <span class='ocrx_word' id='word_1_280' title='bbox 1477 3269 1777 3339; x_wconf 86' lang='grc' dir='ltr'>παρανοίας</span> 
     </span>
    </p>
   </div>
   <div class='ocr_carea' id='block_1_37' title="bbox 192 3355 1778 3430">
    <p class='ocr_par' dir='ltr' id='par_1_37' title="bbox 192 3355 1778 3430">
     <span class='ocr_line' id='line_1_37' title="bbox 192 3355 1778 3430; baseline -0.001 -18"><span class='ocrx_word' id='word_1_281' title='bbox 192 3359 357 3424; x_wconf 75' lang='grc' dir='ltr'>ἄξιον</span> <span class='ocrx_word' id='word_1_282' title='bbox 376 3375 391 3388; x_wconf 87' lang='grc'><strong>·</strong></span> <span class='ocrx_word' id='word_1_283' title='bbox 424 3355 532 3429; x_wconf 78' lang='grc' dir='ltr'>ἆρα</span> <span class='ocrx_word' id='word_1_284' title='bbox 547 3359 657 3428; x_wconf 82' lang='grc' dir='ltr'>γὰρ</span> <span class='ocrx_word' id='word_1_285' title='bbox 680 3359 782 3412; x_wconf 73' lang='grc' dir='ltr'>οὐκ</span> <span class='ocrx_word' id='word_1_286' title='bbox 806 3357 915 3412; x_wconf 76' lang='grc' dir='ltr'>ἔδει</span> <span class='ocrx_word' id='word_1_287' title='bbox 948 3360 1044 3412; x_wconf 65' lang='grc' dir='ltr'><strong>καί⁵</strong></span> <span class='ocrx_word' id='word_1_288' title='bbox 1066 3359 1426 3429; x_wconf 81' lang='grc' dir='ltr'>Χριστιανοὺς</span> <span class='ocrx_word' id='word_1_289' title='bbox 1448 3361 1520 3413; x_wconf 83' lang='grc' dir='ltr'>τὰ</span> <span class='ocrx_word' id='word_1_290' title='bbox 1540 3358 1778 3430; x_wconf 79' lang='grc' dir='ltr'>Χριστοῦ</span> 
     </span>
    </p>
   </div>
   <div class='ocr_carea' id='block_1_38' title="bbox 194 3447 1780 3520">
    <p class='ocr_par' dir='ltr' id='par_1_38' title="bbox 194 3447 1780 3520">
     <span class='ocr_line' id='line_1_38' title="bbox 194 3447 1780 3520; baseline -0.001 -16"><span class='ocrx_word' id='word_1_291' title='bbox 194 3449 553 3520; x_wconf 59' lang='grc' dir='ltr'>σεάὶσματος</span> <span class='ocrx_word' id='word_1_292' title='bbox 591 3448 794 3513; x_wconf 84' lang='grc' dir='ltr'>παντὸς</span> <span class='ocrx_word' id='word_1_293' title='bbox 824 3447 1031 3515; x_wconf 78' lang='grc' dir='ltr'>ἀξιοῦν,</span> <span class='ocrx_word' id='word_1_294' title='bbox 1066 3451 1160 3504; x_wconf 77' lang='grc' dir='ltr'>καὶ</span> <span class='ocrx_word' id='word_1_295' title='bbox 1207 3451 1278 3504; x_wconf 82' lang='grc' dir='ltr'>τὰ</span> <span class='ocrx_word' id='word_1_296' title='bbox 1305 3450 1414 3505; x_wconf 80' lang='grc' dir='ltr'><strong>τῶν</strong></span> <span class='ocrx_word' id='word_1_297' title='bbox 1451 3451 1620 3518; x_wconf 84' lang='grc' dir='ltr'>ἁγίων</span> <span class='ocrx_word' id='word_1_298' title='bbox 1642 3451 1780 3503; x_wconf 80' lang='grc' dir='ltr'>ἀπο-</span> 
     </span>
    </p>
   </div>
   <div class='ocr_carea' id='block_1_39' title="bbox 199 3540 1782 3614">
    <p class='ocr_par' dir='ltr' id='par_1_39' title="bbox 199 3540 1782 3614">
     <span class='ocr_line' id='line_1_39' title="bbox 199 3540 1782 3614; baseline 0.001 -18"><span class='ocrx_word' id='word_1_299' title='bbox 199 3543 498 3614; x_wconf 77' lang='grc' dir='ltr'>σεμνύνειν</span> <span class='ocrx_word' id='word_1_300' title='bbox 532 3559 595 3596; x_wconf 87' lang='grc' dir='ltr'><strong>τε</strong></span> <span class='ocrx_word' id='word_1_301' title='bbox 645 3543 742 3596; x_wconf 77' lang='grc' dir='ltr'>καὶ</span> <span class='ocrx_word' id='word_1_302' title='bbox 791 3540 1177 3609; x_wconf 53' lang='lat' dir='ltr'><strong>“Masilam</strong></span> <span class='ocrx_word' id='word_1_303' title='bbox 1214 3542 1407 3613; x_wconf 84' lang='grc' dir='ltr'>ὥσπερ</span> <span class='ocrx_word' id='word_1_304' title='bbox 1438 3542 1547 3613; x_wconf 86' lang='grc' dir='ltr'>γὰρ</span> <span class='ocrx_word' id='word_1_305' title='bbox 1593 3544 1649 3596; x_wconf 76' lang='lat' dir='ltr'><strong>ai</strong></span> <span class='ocrx_word' id='word_1_306' title='bbox 1673 3544 1782 3597; x_wconf 85' lang='grc' dir='ltr'><strong>τῶν</strong></span> 
     </span>
    </p>
   </div>
   <div class='ocr_carea' id='block_1_40' title="bbox 195 3630 1783 3705">
    <p class='ocr_par' dir='ltr' id='par_1_40' title="bbox 195 3630 1783 3705">
     <span class='ocr_line' id='line_1_40' title="bbox 195 3630 1783 3705; baseline 0.001 -18"><span class='ocrx_word' id='word_1_307' title='bbox 195 3634 419 3700; x_wconf 75' lang='grc' dir='ltr'>ἐναγῶν</span> <span class='ocrx_word' id='word_1_308' title='bbox 451 3633 665 3703; x_wconf 83' lang='grc' dir='ltr'>μνῆμαι</span> <span class='ocrx_word' id='word_1_309' title='bbox 706 3630 1002 3702; x_wconf 77' lang='grc' dir='ltr'>βδελυκταί</span> <span class='ocrx_word' id='word_1_310' title='bbox 1027 3632 1134 3685; x_wconf 83' lang='grc' dir='ltr'>εισι</span> <span class='ocrx_word' id='word_1_311' title='bbox 1157 3632 1255 3687; x_wconf 81' lang='grc' dir='ltr'>καὶ</span> <span class='ocrx_word' id='word_1_312' title='bbox 1279 3632 1606 3705; x_wconf 85' lang='grc' dir='ltr'>ἀκάθαρτοι,</span> <span class='ocrx_word' id='word_1_313' title='bbox 1640 3634 1783 3689; x_wconf 81' lang='grc' dir='ltr'>οὓτω</span> 
     </span>
    </p>
   </div>
   <div class='ocr_carea' id='block_1_41' title="bbox 195 3723 1449 3795">
    <p class='ocr_par' dir='ltr' id='par_1_41' title="bbox 195 3723 1449 3795">
     <span class='ocr_line' id='line_1_41' title="bbox 195 3723 1449 3795; baseline -0.002 -16"><span class='ocrx_word' id='word_1_314' title='bbox 195 3725 303 3779; x_wconf 72' lang='grc' dir='ltr'>καὶ</span> <span class='ocrx_word' id='word_1_315' title='bbox 328 3724 388 3776; x_wconf 85' lang='grc' dir='ltr'><strong>αί</strong></span> <span class='ocrx_word' id='word_1_316' title='bbox 413 3723 518 3779; x_wconf 84' lang='grc' dir='ltr'><strong>τῶν</strong></span> <span class='ocrx_word' id='word_1_317' title='bbox 543 3723 717 3790; x_wconf 85' lang='grc' dir='ltr'>ἀγίων</span> <span class='ocrx_word' id='word_1_318' title='bbox 744 3725 1024 3778; x_wconf 74' lang='grc' dir='ltr'>ἀσπασταὶ</span> <span class='ocrx_word' id='word_1_319' title='bbox 1050 3724 1145 3778; x_wconf 77' lang='grc' dir='ltr'>καὶ</span> <span class='ocrx_word' id='word_1_320' title='bbox 1168 3723 1449 3795; x_wconf 81' lang='grc' dir='ltr'>ἐράσμιοι.</span> 
     </span>
    </p>
   </div>
   <div class='ocr_carea' id='block_1_42' title="bbox 1878 525 3446 603">
    <p class='ocr_par' dir='ltr' id='par_1_42' title="bbox 1878 525 3446 603">
     <span class='ocr_line' id='line_1_42' title="bbox 1878 525 3446 603; baseline -0.006 -17"><span class='ocrx_word' id='word_1_321' title='bbox 1878 530 2216 603; x_wconf 88' lang='lat' dir='ltr'><strong>scripserunt</strong></span> <span class='ocrx_word' id='word_1_322' title='bbox 2248 531 2513 601; x_wconf 83' lang='lat' dir='ltr'><strong>imagines</strong></span> <span class='ocrx_word' id='word_1_323' title='bbox 2536 538 2683 585; x_wconf 89' lang='lat' dir='ltr'><strong>sunt.</strong></span> <span class='ocrx_word' id='word_1_324' title='bbox 2712 528 2819 583; x_wconf 86' lang='lat' dir='ltr'><strong>Per</strong></span> <span class='ocrx_word' id='word_1_325' title='bbox 2845 528 2948 583; x_wconf 86' lang='lat' dir='ltr'><strong>hos</strong></span> <span class='ocrx_word' id='word_1_326' title='bbox 2970 527 3192 598; x_wconf 84' lang='lat' dir='ltr'><strong>quippe,</strong></span> <span class='ocrx_word' id='word_1_327' title='bbox 3229 525 3446 580; x_wconf 88' lang='lat' dir='ltr'><strong>illorum</strong></span> 
     </span>
    </p>
   </div>
   <div class='ocr_carea' id='block_1_43' title="bbox 1878 620 3450 693">
    <p class='ocr_par' dir='ltr' id='par_1_43' title="bbox 1878 620 3450 693">
     <span class='ocr_line' id='line_1_43' title="bbox 1878 620 3450 693; baseline -0.005 -16"><span class='ocrx_word' id='word_1_328' title='bbox 1878 632 2130 680; x_wconf 87' lang='lat' dir='ltr'><strong>auctores</strong></span> <span class='ocrx_word' id='word_1_329' title='bbox 2172 638 2484 693; x_wconf 82' lang='lat' dir='ltr'><strong>quanquam</strong></span> <span class='ocrx_word' id='word_1_330' title='bbox 2537 622 2795 678; x_wconf 76' lang='lat' dir='ltr'><strong>absentes</strong></span> <span class='ocrx_word' id='word_1_331' title='bbox 2827 630 3091 692; x_wconf 88' lang='lat' dir='ltr'><strong>perpetuo</strong></span> <span class='ocrx_word' id='word_1_332' title='bbox 3120 620 3450 690; x_wconf 85' lang='lat' dir='ltr'><strong>loquuntur;</strong></span> 
     </span>
    </p>
   </div>
   <div class='ocr_carea' id='block_1_44' title="bbox 1879 710 3451 782">
    <p class='ocr_par' dir='ltr' id='par_1_44' title="bbox 1879 710 3451 782">
     <span class='ocr_line' id='line_1_44' title="bbox 1879 710 3451 782; baseline -0.004 -15"><span class='ocrx_word' id='word_1_333' title='bbox 1879 723 2144 782; x_wconf 88' lang='lat' dir='ltr'><strong>tantaque</strong></span> <span class='ocrx_word' id='word_1_334' title='bbox 2187 713 2601 769; x_wconf 79' lang='lat' dir='ltr'><strong>necessitudine</strong></span> <span class='ocrx_word' id='word_1_335' title='bbox 2626 726 2722 766; x_wconf 89' lang='lat' dir='ltr'><strong>eos</strong></span> <span class='ocrx_word' id='word_1_336' title='bbox 2755 712 3066 779; x_wconf 88' lang='lat' dir='ltr'><strong>attingunt,</strong></span> <span class='ocrx_word' id='word_1_337' title='bbox 3108 720 3170 765; x_wconf 92' lang='lat' dir='ltr'><strong>ut</strong></span> <span class='ocrx_word' id='word_1_338' title='bbox 3203 710 3451 765; x_wconf 74' lang='lat' dir='ltr'><strong>scriben-</strong></span> 
     </span>
    </p>
   </div>
   <div class='ocr_carea' id='block_1_45' title="bbox 1878 802 3424 876">
    <p class='ocr_par' dir='ltr' id='par_1_45' title="bbox 1878 802 3424 876">
     <span class='ocr_line' id='line_1_45' title="bbox 1878 802 3424 876; baseline -0.003 -16"><span class='ocrx_word' id='word_1_339' title='bbox 1878 806 2010 860; x_wconf 91' lang='lat' dir='ltr'><strong>tium</strong></span> <span class='ocrx_word' id='word_1_340' title='bbox 2051 807 2292 876; x_wconf 89' lang='lat' dir='ltr'><strong>ipsorum</strong></span> <span class='ocrx_word' id='word_1_341' title='bbox 2326 806 2529 861; x_wconf 86' lang='lat' dir='ltr'><strong>diserte</strong></span> <span class='ocrx_word' id='word_1_342' title='bbox 2559 818 2754 859; x_wconf 90' lang='lat' dir='ltr'><strong>nomen</strong></span> <span class='ocrx_word' id='word_1_343' title='bbox 2789 813 3001 874; x_wconf 85' lang='lat' dir='ltr'><strong>gerant.</strong></span> <span class='ocrx_word' id='word_1_344' title='bbox 3052 802 3144 859; x_wconf 89' lang='lat' dir='ltr'><strong>Sic</strong></span> <span class='ocrx_word' id='word_1_345' title='bbox 3191 804 3335 859; x_wconf 90' lang='lat' dir='ltr'><strong>enim</strong></span> <span class='ocrx_word' id='word_1_346' title='bbox 3367 818 3424 857; x_wconf 89' lang='lat' dir='ltr'><strong>sa</strong></span> 
     </span>
    </p>
   </div>
   <div class='ocr_carea' id='block_1_46' title="bbox 1878 897 3453 967">
    <p class='ocr_par' dir='ltr' id='par_1_46' title="bbox 1878 897 3453 967">
     <span class='ocr_line' id='line_1_46' title="bbox 1878 897 3453 967; baseline -0.003 -15"><span class='ocrx_word' id='word_1_347' title='bbox 1878 913 2030 952; x_wconf 90' lang='lat' dir='ltr'><strong>crum</strong></span> <span class='ocrx_word' id='word_1_348' title='bbox 2071 897 2312 967; x_wconf 84' lang='lat' dir='ltr'><strong>Apostoli</strong></span> <span class='ocrx_word' id='word_1_349' title='bbox 2346 897 2542 954; x_wconf 86' lang='lat' dir='ltr'><strong>librum</strong></span> <span class='ocrx_word' id='word_1_350' title='bbox 2569 938 2586 965; x_wconf 93' lang='lat'><strong>,</strong></span> <span class='ocrx_word' id='word_1_351' title='bbox 2621 897 2939 966; x_wconf 81' lang='lat' dir='ltr'><strong>Apostolum</strong></span> <span class='ocrx_word' id='word_1_352' title='bbox 2976 897 3345 966; x_wconf 80' lang='lat' dir='ltr'><strong>appellamus;</strong></span> <span class='ocrx_word' id='word_1_353' title='bbox 3398 903 3453 948; x_wconf 88' lang='lat' dir='ltr'><strong>ct</strong></span> 
     </span>
    </p>
   </div>
   <div class='ocr_carea' id='block_1_47' title="bbox 1877 988 3447 1059">
    <p class='ocr_par' dir='ltr' id='par_1_47' title="bbox 1877 988 3447 1059">
     <span class='ocr_line' id='line_1_47' title="bbox 1877 988 3447 1059; baseline -0.002 -16"><span class='ocrx_word' id='word_1_354' title='bbox 1877 988 2165 1059; x_wconf 70' lang='lat' dir='ltr'><strong>Propheta:</strong></span> <span class='ocrx_word' id='word_1_355' title='bbox 2194 990 2415 1055; x_wconf 90' lang='lat' dir='ltr'><strong>librum,</strong></span> <span class='ocrx_word' id='word_1_356' title='bbox 2464 989 2719 1046; x_wconf 87' lang='lat' dir='ltr'><strong>similiter</strong></span> <span class='ocrx_word' id='word_1_357' title='bbox 2773 988 3100 1057; x_wconf 85' lang='lat' dir='ltr'><strong>Prophetatn</strong></span> <span class='ocrx_word' id='word_1_358' title='bbox 3148 1003 3447 1052; x_wconf 82' lang='lat' dir='ltr'><strong>vocamus,</strong></span> 
     </span>
    </p>
   </div>
   <div class='ocr_carea' id='block_1_48' title="bbox 1878 1079 3453 1151">
    <p class='ocr_par' dir='ltr' id='par_1_48' title="bbox 1878 1079 3453 1151">
     <span class='ocr_line' id='line_1_48' title="bbox 1878 1079 3453 1151; baseline -0.003 -16"><span class='ocrx_word' id='word_1_359' title='bbox 1878 1081 2109 1151; x_wconf 88' lang='lat' dir='ltr'><strong>parique</strong></span> <span class='ocrx_word' id='word_1_360' title='bbox 2152 1083 2313 1137; x_wconf 86' lang='lat' dir='ltr'><strong>modo</strong></span> <span class='ocrx_word' id='word_1_361' title='bbox 2342 1081 2705 1151; x_wconf 70' lang='lat' dir='ltr'><strong>Evangelistae</strong></span> <span class='ocrx_word' id='word_1_362' title='bbox 2734 1081 2957 1135; x_wconf 79' lang='lat' dir='ltr'><strong>librum.</strong></span> <span class='ocrx_word' id='word_1_363' title='bbox 3013 1079 3181 1134; x_wconf 84' lang='lat' dir='ltr'><strong>Sacra</strong></span> <span class='ocrx_word' id='word_1_364' title='bbox 3234 1095 3453 1148; x_wconf 71' lang='lat' dir='ltr'><strong>quinque</strong></span> 
     </span>
    </p>
   </div>
   <div class='ocr_carea' id='block_1_49' title="bbox 1880 1168 3453 1241">
    <p class='ocr_par' dir='ltr' id='par_1_49' title="bbox 1880 1168 3453 1241">
     <span class='ocr_line' id='line_1_49' title="bbox 1880 1168 3453 1241; baseline -0.002 -17"><span class='ocrx_word' id='word_1_365' title='bbox 1880 1171 2074 1241; x_wconf 89' lang='lat' dir='ltr'><strong>templa</strong></span> <span class='ocrx_word' id='word_1_366' title='bbox 2108 1171 2252 1227; x_wconf 86' lang='lat' dir='ltr'><strong>haud</strong></span> <span class='ocrx_word' id='word_1_367' title='bbox 2297 1168 2524 1228; x_wconf 66' lang='lat' dir='ltr'><strong>omnin’o</strong></span> <span class='ocrx_word' id='word_1_368' title='bbox 2556 1188 2678 1227; x_wconf 90' lang='lat' dir='ltr'><strong>cum</strong></span> <span class='ocrx_word' id='word_1_369' title='bbox 2712 1172 2981 1227; x_wconf 85' lang='lat' dir='ltr'><strong>relatione</strong></span> <span class='ocrx_word' id='word_1_370' title='bbox 3012 1173 3079 1227; x_wconf 85' lang='lat' dir='ltr'><strong>ad</strong></span> <span class='ocrx_word' id='word_1_371' title='bbox 3106 1172 3341 1241; x_wconf 85' lang='lat' dir='ltr'><strong>aliquem</strong></span> <span class='ocrx_word' id='word_1_372' title='bbox 3368 1172 3453 1225; x_wconf 81' lang='lat' dir='ltr'><strong>di-</strong></span> 
     </span>
    </p>
   </div>
   <div class='ocr_carea' id='block_1_50' title="bbox 1879 1262 3455 1334">
    <p class='ocr_par' dir='ltr' id='par_1_50' title="bbox 1879 1262 3455 1334">
     <span class='ocr_line' id='line_1_50' title="bbox 1879 1262 3455 1334; baseline -0.002 -16"><span class='ocrx_word' id='word_1_373' title='bbox 1879 1262 2077 1328; x_wconf 87' lang='lat' dir='ltr'><strong>cimus,</strong></span> <span class='ocrx_word' id='word_1_374' title='bbox 2109 1265 2203 1319; x_wconf 90' lang='lat' dir='ltr'><strong>sed</strong></span> <span class='ocrx_word' id='word_1_375' title='bbox 2236 1265 2560 1334; x_wconf 85' lang='lat' dir='ltr'><strong>plerumque</strong></span> <span class='ocrx_word' id='word_1_376' title='bbox 2594 1263 2845 1318; x_wconf 84' lang='lat' dir='ltr'><strong>absolute</strong></span> <span class='ocrx_word' id='word_1_377' title='bbox 2885 1264 3040 1329; x_wconf 85' lang='lat' dir='ltr'><strong>hujus</strong></span> <span class='ocrx_word' id='word_1_378' title='bbox 3077 1264 3288 1318; x_wconf 85' lang='lat' dir='ltr'><strong>titulum</strong></span> <span class='ocrx_word' id='word_1_379' title='bbox 3318 1263 3455 1317; x_wconf 85' lang='lat' dir='ltr'><strong>dici-</strong></span> 
     </span>
    </p>
   </div>
   <div class='ocr_carea' id='block_1_51' title="bbox 1879 1353 3449 1425">
    <p class='ocr_par' dir='ltr' id='par_1_51' title="bbox 1879 1353 3449 1425">
     <span class='ocr_line' id='line_1_51' title="bbox 1879 1353 3449 1425; baseline -0.003 -17"><span class='ocrx_word' id='word_1_380' title='bbox 1879 1369 2001 1410; x_wconf 87' lang='lat' dir='ltr'><strong>mus</strong></span> <span class='ocrx_word' id='word_1_381' title='bbox 2046 1355 2434 1425; x_wconf 86' lang='lat' dir='ltr'><strong>homonymnm</strong></span> <span class='ocrx_word' id='word_1_382' title='bbox 2465 1354 2513 1409; x_wconf 90' lang='lat' dir='ltr'><strong>ei</strong></span> <span class='ocrx_word' id='word_1_383' title='bbox 2566 1355 2655 1408; x_wconf 89' lang='lat' dir='ltr'><strong>cui</strong></span> <span class='ocrx_word' id='word_1_384' title='bbox 2701 1353 2957 1421; x_wconf 84' lang='lat' dir='ltr'><strong>templum</strong></span> <span class='ocrx_word' id='word_1_385' title='bbox 2992 1360 3074 1407; x_wconf 82' lang='lat' dir='ltr'><strong>est</strong></span> <span class='ocrx_word' id='word_1_386' title='bbox 3124 1354 3449 1413; x_wconf 83' lang='lat' dir='ltr'><strong>dedicatum,</strong></span> 
     </span>
    </p>
   </div>
   <div class='ocr_carea' id='block_1_52' title="bbox 1878 1444 3452 1515">
    <p class='ocr_par' dir='ltr' id='par_1_52' title="bbox 1878 1444 3452 1515">
     <span class='ocr_line' id='line_1_52' title="bbox 1878 1444 3452 1515; baseline -0.004 -16"><span class='ocrx_word' id='word_1_387' title='bbox 1878 1455 2101 1515; x_wconf 87' lang='lat' dir='ltr'><strong>propter</strong></span> <span class='ocrx_word' id='word_1_388' title='bbox 2140 1444 2520 1514; x_wconf 82' lang='lat' dir='ltr'><strong>appellationis</strong></span> <span class='ocrx_word' id='word_1_389' title='bbox 2553 1445 3000 1498; x_wconf 89' lang='lat' dir='ltr'><strong>communionem</strong></span> <span class='ocrx_word' id='word_1_390' title='bbox 3048 1455 3104 1498; x_wconf 92' lang='lat' dir='ltr'><strong>et</strong></span> <span class='ocrx_word' id='word_1_391' title='bbox 3149 1444 3452 1498; x_wconf 81' lang='lat' dir='ltr'><strong>necessitu-</strong></span> 
     </span>
    </p>
   </div>
   <div class='ocr_carea' id='block_1_53' title="bbox 1881 1534 3449 1606">
    <p class='ocr_par' dir='ltr' id='par_1_53' title="bbox 1881 1534 3449 1606">
     <span class='ocr_line' id='line_1_53' title="bbox 1881 1534 3449 1606; baseline -0.002 -16"><span class='ocrx_word' id='word_1_392' title='bbox 1881 1537 2084 1593; x_wconf 84' lang='lat' dir='ltr'><strong>dinem.</strong></span> <span class='ocrx_word' id='word_1_393' title='bbox 2117 1534 2210 1591; x_wconf 90' lang='lat' dir='ltr'><strong>Sic</strong></span> <span class='ocrx_word' id='word_1_394' title='bbox 2237 1537 2403 1591; x_wconf 90' lang='lat' dir='ltr'><strong>etiam</strong></span> <span class='ocrx_word' id='word_1_395' title='bbox 2434 1546 2780 1591; x_wconf 90' lang='lat' dir='ltr'><strong>terrenorum</strong></span> <span class='ocrx_word' id='word_1_396' title='bbox 2812 1536 3119 1606; x_wconf 81' lang='lat' dir='ltr'><strong>principum</strong></span> <span class='ocrx_word' id='word_1_397' title='bbox 3160 1535 3449 1604; x_wconf 74' lang='lat' dir='ltr'><strong>imagines,</strong></span> 
     </span>
    </p>
   </div>
   <div class='ocr_carea' id='block_1_54' title="bbox 1883 1624 3456 1698">
    <p class='ocr_par' dir='ltr' id='par_1_54' title="bbox 1883 1624 3456 1698">
     <span class='ocr_line' id='line_1_54' title="bbox 1883 1624 3456 1698; baseline -0.002 -18"><span class='ocrx_word' id='word_1_398' title='bbox 1883 1637 2167 1698; x_wconf 86' lang='lat' dir='ltr'><strong>tantopere</strong></span> <span class='ocrx_word' id='word_1_399' title='bbox 2202 1637 2331 1683; x_wconf 91' lang='lat' dir='ltr'><strong>sunt</strong></span> <span class='ocrx_word' id='word_1_400' title='bbox 2373 1628 2608 1682; x_wconf 86' lang='lat' dir='ltr'><strong>subditis</strong></span> <span class='ocrx_word' id='word_1_401' title='bbox 2648 1626 3006 1692; x_wconf 65' lang='lat' dir='ltr'><strong>honorandae,</strong></span> <span class='ocrx_word' id='word_1_402' title='bbox 3049 1626 3178 1695; x_wconf 83' lang='lat' dir='ltr'><strong>quia</strong></span> <span class='ocrx_word' id='word_1_403' title='bbox 3211 1635 3264 1678; x_wconf 92' lang='lat' dir='ltr'><strong>et</strong></span> <span class='ocrx_word' id='word_1_404' title='bbox 3298 1624 3456 1679; x_wconf 89' lang='lat' dir='ltr'><strong>Chri-</strong></span> 
     </span>
    </p>
   </div>
   <div class='ocr_carea' id='block_1_55' title="bbox 1879 1715 3457 1791">
    <p class='ocr_par' dir='ltr' id='par_1_55' title="bbox 1879 1715 3457 1791">
     <span class='ocr_line' id='line_1_55' title="bbox 1879 1715 3457 1791; baseline -0.001 -17"><span class='ocrx_word' id='word_1_405' title='bbox 1879 1729 1994 1774; x_wconf 83' lang='lat' dir='ltr'><strong>stus</strong></span> <span class='ocrx_word' id='word_1_406' title='bbox 2016 1718 2248 1774; x_wconf 71' lang='lat' dir='ltr'><strong>Czesaris</strong></span> <span class='ocrx_word' id='word_1_407' title='bbox 2271 1718 2559 1791; x_wconf 80' lang='lat' dir='ltr'><strong>imaginem</strong></span> <span class='ocrx_word' id='word_1_408' title='bbox 2586 1720 2790 1773; x_wconf 88' lang='lat' dir='ltr'><strong>honore</strong></span> <span class='ocrx_word' id='word_1_409' title='bbox 2810 1719 3058 1789; x_wconf 82' lang='lat' dir='ltr'><strong>dignatus</strong></span> <span class='ocrx_word' id='word_1_410' title='bbox 3088 1726 3192 1771; x_wconf 93' lang='lat' dir='ltr'><strong>est.</strong></span> <span class='ocrx_word' id='word_1_411' title='bbox 3216 1715 3457 1785; x_wconf 75' lang='lat' dir='ltr'><strong>Denique</strong></span> 
     </span>
    </p>
   </div>
   <div class='ocr_carea' id='block_1_56' title="bbox 1882 1810 3455 1883">
    <p class='ocr_par' dir='ltr' id='par_1_56' title="bbox 1882 1810 3455 1883">
     <span class='ocr_line' id='line_1_56' title="bbox 1882 1810 3455 1883; baseline -0.002 -15"><span class='ocrx_word' id='word_1_412' title='bbox 1882 1812 2082 1868; x_wconf 88' lang='lat' dir='ltr'><strong>nullam</strong></span> <span class='ocrx_word' id='word_1_413' title='bbox 2126 1814 2414 1883; x_wconf 88' lang='lat' dir='ltr'><strong>quisquam</strong></span> <span class='ocrx_word' id='word_1_414' title='bbox 2458 1828 2569 1867; x_wconf 88' lang='lat' dir='ltr'><strong>rem</strong></span> <span class='ocrx_word' id='word_1_415' title='bbox 2601 1812 2902 1880; x_wconf 90' lang='lat' dir='ltr'><strong>comperiet</strong></span> <span class='ocrx_word' id='word_1_416' title='bbox 2927 1851 2943 1877; x_wconf 93' lang='lat'><strong>,</strong></span> <span class='ocrx_word' id='word_1_417' title='bbox 2983 1826 3103 1881; x_wconf 62' lang='lat' dir='ltr'><strong>quae</strong></span> <span class='ocrx_word' id='word_1_418' title='bbox 3151 1810 3218 1864; x_wconf 90' lang='lat' dir='ltr'><strong>ad</strong></span> <span class='ocrx_word' id='word_1_419' title='bbox 3252 1810 3455 1881; x_wconf 75' lang='lat' dir='ltr'><strong>aliquid</strong></span> 
     </span>
    </p>
   </div>
   <div class='ocr_carea' id='block_1_57' title="bbox 1882 1901 3453 1975">
    <p class='ocr_par' dir='ltr' id='par_1_57' title="bbox 1882 1901 3453 1975">
     <span class='ocr_line' id='line_1_57' title="bbox 1882 1901 3453 1975; baseline -0.004 -15"><span class='ocrx_word' id='word_1_420' title='bbox 1882 1915 1945 1961; x_wconf 90' lang='lat' dir='ltr'><strong>ut</strong></span> <span class='ocrx_word' id='word_1_421' title='bbox 1984 1906 2052 1961; x_wconf 86' lang='lat' dir='ltr'><strong>ad</strong></span> <span class='ocrx_word' id='word_1_422' title='bbox 2088 1904 2392 1975; x_wconf 86' lang='lat' dir='ltr'><strong>principale</strong></span> <span class='ocrx_word' id='word_1_423' title='bbox 2441 1902 2701 1967; x_wconf 87' lang='lat' dir='ltr'><strong>refertur,</strong></span> <span class='ocrx_word' id='word_1_424' title='bbox 2753 1917 2875 1971; x_wconf 71' lang='lat' dir='ltr'><strong>quae</strong></span> <span class='ocrx_word' id='word_1_425' title='bbox 2920 1901 2990 1956; x_wconf 91' lang='lat' dir='ltr'><strong>ob</strong></span> <span class='ocrx_word' id='word_1_426' title='bbox 3037 1901 3088 1956; x_wconf 89' lang='lat' dir='ltr'><strong>id</strong></span> <span class='ocrx_word' id='word_1_427' title='bbox 3135 1901 3308 1972; x_wconf 87' lang='lat' dir='ltr'><strong>ipsum</strong></span> <span class='ocrx_word' id='word_1_428' title='bbox 3346 1915 3453 1954; x_wconf 92' lang='lat' dir='ltr'><strong>non</strong></span> 
     </span>
    </p>
   </div>
   <div class='ocr_carea' id='block_1_58' title="bbox 1882 1989 3455 2066">
    <p class='ocr_par' dir='ltr' id='par_1_58' title="bbox 1882 1989 3455 2066">
     <span class='ocr_line' id='line_1_58' title="bbox 1882 1989 3455 2066; baseline -0.006 -15"><span class='ocrx_word' id='word_1_429' title='bbox 1882 2006 2261 2066; x_wconf 84' lang='lat' dir='ltr'><strong>promereatur</strong></span> <span class='ocrx_word' id='word_1_430' title='bbox 2291 1996 2578 2058; x_wconf 87' lang='lat' dir='ltr'><strong>honorem,</strong></span> <span class='ocrx_word' id='word_1_431' title='bbox 2606 1995 2733 2063; x_wconf 85' lang='lat' dir='ltr'><strong>quia</strong></span> <span class='ocrx_word' id='word_1_432' title='bbox 2767 1991 2911 2047; x_wconf 87' lang='lat' dir='ltr'><strong>illius</strong></span> <span class='ocrx_word' id='word_1_433' title='bbox 2935 1991 3252 2061; x_wconf 87' lang='lat' dir='ltr'><strong>principalis</strong></span> <span class='ocrx_word' id='word_1_434' title='bbox 3278 1989 3455 2045; x_wconf 84' lang='lat' dir='ltr'><strong>idcam</strong></span> 
     </span>
    </p>
   </div>
   <div class='ocr_carea' id='block_1_59' title="bbox 1882 2084 3455 2158">
    <p class='ocr_par' dir='ltr' id='par_1_59' title="bbox 1882 2084 3455 2158">
     <span class='ocr_line' id='line_1_59' title="bbox 1882 2084 3455 2158; baseline -0.006 -14"><span class='ocrx_word' id='word_1_435' title='bbox 1882 2088 2090 2158; x_wconf 88' lang='lat' dir='ltr'><strong>objicit.</strong></span> <span class='ocrx_word' id='word_1_436' title='bbox 2122 2086 2179 2142; x_wconf 89' lang='lat' dir='ltr'><strong>Si</strong></span> <span class='ocrx_word' id='word_1_437' title='bbox 2204 2103 2337 2155; x_wconf 84' lang='lat' dir='ltr'><strong>ergo</strong></span> <span class='ocrx_word' id='word_1_438' title='bbox 2359 2087 2477 2142; x_wconf 63' lang='lat' dir='ltr'><strong>hare</strong></span> <span class='ocrx_word' id='word_1_439' title='bbox 2505 2086 2731 2142; x_wconf 91' lang='lat' dir='ltr'><strong>omnino</strong></span> <span class='ocrx_word' id='word_1_440' title='bbox 2753 2085 2952 2140; x_wconf 85' lang='lat' dir='ltr'><strong>dictam</strong></span> <span class='ocrx_word' id='word_1_441' title='bbox 2979 2084 3049 2139; x_wconf 94' lang='lat' dir='ltr'><strong>ob</strong></span> <span class='ocrx_word' id='word_1_442' title='bbox 3080 2096 3299 2138; x_wconf 85' lang='lat' dir='ltr'><strong>causam</strong></span> <span class='ocrx_word' id='word_1_443' title='bbox 3330 2092 3455 2136; x_wconf 88' lang='lat' dir='ltr'><strong>sunt</strong></span> 
     </span>
    </p>
   </div>
   <div class='ocr_carea' id='block_1_60' title="bbox 1882 2175 3453 2247">
    <p class='ocr_par' dir='ltr' id='par_1_60' title="bbox 1882 2175 3453 2247">
     <span class='ocr_line' id='line_1_60' title="bbox 1882 2175 3453 2247; baseline -0.004 -12"><span class='ocrx_word' id='word_1_444' title='bbox 1882 2181 2221 2236; x_wconf 85' lang='lat' dir='ltr'><strong>honorabilia</strong></span> <span class='ocrx_word' id='word_1_445' title='bbox 2251 2219 2266 2244; x_wconf 93' lang='lat'><strong>,</strong></span> <span class='ocrx_word' id='word_1_446' title='bbox 2299 2194 2399 2234; x_wconf 88' lang='lat' dir='ltr'><strong>cur</strong></span> <span class='ocrx_word' id='word_1_447' title='bbox 2435 2178 2539 2232; x_wconf 90' lang='lat' dir='ltr'><strong>ista</strong></span> <span class='ocrx_word' id='word_1_448' title='bbox 2569 2192 2689 2245; x_wconf 65' lang='lat' dir='ltr'><strong>quae</strong></span> <span class='ocrx_word' id='word_1_449' title='bbox 2738 2187 2937 2247; x_wconf 72' lang='lat' dir='ltr'><strong>prmler</strong></span> <span class='ocrx_word' id='word_1_450' title='bbox 2984 2185 3179 2232; x_wconf 70' lang='lat' dir='ltr'><strong>caetera</strong></span> <span class='ocrx_word' id='word_1_451' title='bbox 3222 2175 3453 2245; x_wconf 79' lang='lat' dir='ltr'><strong>gloriosa</strong></span> 
     </span>
    </p>
   </div>
   <div class='ocr_carea' id='block_1_61' title="bbox 1882 2265 3458 2337">
    <p class='ocr_par' dir='ltr' id='par_1_61' title="bbox 1882 2265 3458 2337">
     <span class='ocr_line' id='line_1_61' title="bbox 1882 2265 3458 2337; baseline -0.003 -14"><span class='ocrx_word' id='word_1_452' title='bbox 1882 2278 2030 2335; x_wconf 89' lang='lat' dir='ltr'><strong>sunt,</strong></span> <span class='ocrx_word' id='word_1_453' title='bbox 2064 2285 2094 2323; x_wconf 89' lang='lat' dir='ltr'><strong>a</strong></span> <span class='ocrx_word' id='word_1_454' title='bbox 2128 2268 2334 2323; x_wconf 86' lang='lat' dir='ltr'><strong>Christi</strong></span> <span class='ocrx_word' id='word_1_455' title='bbox 2374 2269 2623 2323; x_wconf 85' lang='lat' dir='ltr'><strong>hostibus</strong></span> <span class='ocrx_word' id='word_1_456' title='bbox 2659 2266 2952 2337; x_wconf 78' lang='lat' dir='ltr'><strong>ignominia</strong></span> <span class='ocrx_word' id='word_1_457' title='bbox 2998 2265 3305 2336; x_wconf 76' lang='lat' dir='ltr'><strong>iniuriaque</strong></span> <span class='ocrx_word' id='word_1_458' title='bbox 3342 2265 3458 2320; x_wconf 86' lang='lat' dir='ltr'><strong>alli-</strong></span> 
     </span>
    </p>
   </div>
   <div class='ocr_carea' id='block_1_62' title="bbox 1881 2357 3453 2429">
    <p class='ocr_par' dir='ltr' id='par_1_62' title="bbox 1881 2357 3453 2429">
     <span class='ocr_line' id='line_1_62' title="bbox 1881 2357 3453 2429; baseline -0.003 -13"><span class='ocrx_word' id='word_1_459' title='bbox 1881 2361 2137 2416; x_wconf 80' lang='lat' dir='ltr'><strong>ciuntur?</strong></span> <span class='ocrx_word' id='word_1_460' title='bbox 2155 2361 2218 2414; x_wconf 91' lang='lat' dir='ltr'><strong>Et</strong></span> <span class='ocrx_word' id='word_1_461' title='bbox 2239 2359 2409 2415; x_wconf 89' lang='lat' dir='ltr'><strong>Filius</strong></span> <span class='ocrx_word' id='word_1_462' title='bbox 2429 2359 2646 2429; x_wconf 88' lang='lat' dir='ltr'><strong>quidem</strong></span> <span class='ocrx_word' id='word_1_463' title='bbox 2673 2357 2917 2413; x_wconf 85' lang='lat' dir='ltr'><strong>utPatris</strong></span> <span class='ocrx_word' id='word_1_464' title='bbox 2933 2358 3112 2428; x_wconf 87' lang='lat' dir='ltr'><strong>imago</strong></span> <span class='ocrx_word' id='word_1_465' title='bbox 3133 2358 3453 2414; x_wconf 88' lang='lat' dir='ltr'><strong>honoratur.</strong></span> 
     </span>
    </p>
   </div>
   <div class='ocr_carea' id='block_1_63' title="bbox 1881 2448 3457 2521">
    <p class='ocr_par' dir='ltr' id='par_1_63' title="bbox 1881 2448 3457 2521">
     <span class='ocr_line' id='line_1_63' title="bbox 1881 2448 3457 2521; baseline -0.002 -16"><span class='ocrx_word' id='word_1_466' title='bbox 1881 2452 2042 2521; x_wconf 86' lang='lat' dir='ltr'><strong>Atqui</strong></span> <span class='ocrx_word' id='word_1_467' title='bbox 2073 2450 2337 2520; x_wconf 83' lang='lat' dir='ltr'><strong>imagines</strong></span> <span class='ocrx_word' id='word_1_468' title='bbox 2368 2458 2614 2517; x_wconf 67' lang='lat' dir='ltr'><strong>utrmque</strong></span> <span class='ocrx_word' id='word_1_469' title='bbox 2644 2455 2792 2509; x_wconf 87' lang='lat' dir='ltr'><strong>sunt,</strong></span> <span class='ocrx_word' id='word_1_470' title='bbox 2827 2448 3078 2516; x_wconf 85' lang='lat' dir='ltr'><strong>idemque</strong></span> <span class='ocrx_word' id='word_1_471' title='bbox 3106 2449 3172 2503; x_wconf 87' lang='lat' dir='ltr'><strong>de</strong></span> <span class='ocrx_word' id='word_1_472' title='bbox 3207 2451 3457 2517; x_wconf 78' lang='lat' dir='ltr'><strong>utrisqae</strong></span> 
     </span>
    </p>
   </div>
   <div class='ocr_carea' id='block_1_64' title="bbox 1878 2535 3458 2608">
    <p class='ocr_par' dir='ltr' id='par_1_64' title="bbox 1878 2535 3458 2608">
     <span class='ocr_line' id='line_1_64' title="bbox 1878 2535 3458 2608; baseline -0.004 -13"><span class='ocrx_word' id='word_1_473' title='bbox 1878 2541 1944 2595; x_wconf 74' lang='lat' dir='ltr'><strong>fit</strong></span> <span class='ocrx_word' id='word_1_474' title='bbox 1974 2554 2184 2603; x_wconf 88' lang='lat' dir='ltr'><strong>sermo,</strong></span> <span class='ocrx_word' id='word_1_475' title='bbox 2212 2553 2522 2608; x_wconf 87' lang='lat' dir='ltr'><strong>quanquam</strong></span> <span class='ocrx_word' id='word_1_476' title='bbox 2553 2537 2860 2593; x_wconf 82' lang='lat' dir='ltr'><strong>substantia</strong></span> <span class='ocrx_word' id='word_1_477' title='bbox 2886 2535 3169 2591; x_wconf 75' lang='lat' dir='ltr'><strong>diﬂ‘erunt.</strong></span> <span class='ocrx_word' id='word_1_478' title='bbox 3188 2540 3302 2606; x_wconf 79' lang='lat' dir='ltr'><strong>Age</strong></span> <span class='ocrx_word' id='word_1_479' title='bbox 3330 2552 3458 2592; x_wconf 73' lang='lat' dir='ltr'><strong>vera</strong></span> 
     </span>
    </p>
   </div>
   <div class='ocr_carea' id='block_1_65' title="bbox 1884 2627 3459 2700">
    <p class='ocr_par' dir='ltr' id='par_1_65' title="bbox 1884 2627 3459 2700">
     <span class='ocr_line' id='line_1_65' title="bbox 1884 2627 3459 2700; baseline -0.002 -17"><span class='ocrx_word' id='word_1_480' title='bbox 1884 2630 2025 2700; x_wconf 86' lang='lat' dir='ltr'><strong>quod</strong></span> <span class='ocrx_word' id='word_1_481' title='bbox 2056 2629 2330 2698; x_wconf 67' lang='lat' dir='ltr'><strong>praecipue</strong></span> <span class='ocrx_word' id='word_1_482' title='bbox 2364 2630 2642 2683; x_wconf 86' lang='lat' dir='ltr'><strong>vesaniam</strong></span> <span class='ocrx_word' id='word_1_483' title='bbox 2678 2627 2910 2682; x_wconf 88' lang='lat' dir='ltr'><strong>istorum</strong></span> <span class='ocrx_word' id='word_1_484' title='bbox 2952 2627 3459 2694; x_wconf 85' lang='lat' dir='ltr'><strong>impudentiamque</strong></span> 
     </span>
    </p>
   </div>
   <div class='ocr_carea' id='block_1_66' title="bbox 1882 2718 3457 2791">
    <p class='ocr_par' dir='ltr' id='par_1_66' title="bbox 1882 2718 3457 2791">
     <span class='ocr_line' id='line_1_66' title="bbox 1882 2718 3457 2791; baseline -0.003 -14"><span class='ocrx_word' id='word_1_485' title='bbox 1882 2720 2176 2791; x_wconf 71' lang='lat' dir='ltr'><strong>obiurgat,</strong></span> <span class='ocrx_word' id='word_1_486' title='bbox 2235 2721 2540 2775; x_wconf 88' lang='lat' dir='ltr'><strong>addendum</strong></span> <span class='ocrx_word' id='word_1_487' title='bbox 2613 2719 2890 2789; x_wconf 68' lang='lat' dir='ltr'><strong>prtedictis</strong></span> <span class='ocrx_word' id='word_1_488' title='bbox 2956 2726 3229 2788; x_wconf 89' lang='lat' dir='ltr'><strong>superest.</strong></span> <span class='ocrx_word' id='word_1_489' title='bbox 3304 2718 3457 2773; x_wconf 89' lang='lat' dir='ltr'><strong>Satis</strong></span> 
     </span>
    </p>
   </div>
   <div class='ocr_carea' id='block_1_67' title="bbox 1883 2809 3454 2879">
    <p class='ocr_par' dir='ltr' id='par_1_67' title="bbox 1883 2809 3454 2879">
     <span class='ocr_line' id='line_1_67' title="bbox 1883 2809 3454 2879; baseline -0.003 -12"><span class='ocrx_word' id='word_1_490' title='bbox 1883 2825 2076 2867; x_wconf 89' lang='lat' dir='ltr'><strong>omnes</strong></span> <span class='ocrx_word' id='word_1_491' title='bbox 2106 2811 2357 2866; x_wconf 79' lang='lat' dir='ltr'><strong>novimus</strong></span> <span class='ocrx_word' id='word_1_492' title='bbox 2385 2849 2400 2874; x_wconf 87' lang='lat'><strong>,</strong></span> <span class='ocrx_word' id='word_1_493' title='bbox 2435 2825 2631 2879; x_wconf 85' lang='lat' dir='ltr'><strong>pravos</strong></span> <span class='ocrx_word' id='word_1_494' title='bbox 2670 2810 2838 2865; x_wconf 86' lang='lat' dir='ltr'><strong>etiam</strong></span> <span class='ocrx_word' id='word_1_495' title='bbox 2877 2809 3128 2864; x_wconf 87' lang='lat' dir='ltr'><strong>homines</strong></span> <span class='ocrx_word' id='word_1_496' title='bbox 3156 2824 3454 2879; x_wconf 86' lang='lat' dir='ltr'><strong>pravorum</strong></span> 
     </span>
    </p>
   </div>
   <div class='ocr_carea' id='block_1_68' title="bbox 1883 2902 3459 2972">
    <p class='ocr_par' dir='ltr' id='par_1_68' title="bbox 1883 2902 3459 2972">
     <span class='ocr_line' id='line_1_68' title="bbox 1883 2902 3459 2972; baseline -0.001 -14"><span class='ocrx_word' id='word_1_497' title='bbox 1883 2912 1939 2959; x_wconf 91' lang='lat' dir='ltr'><strong>et</strong></span> <span class='ocrx_word' id='word_1_498' title='bbox 1973 2904 2315 2971; x_wconf 89' lang='lat' dir='ltr'><strong>impurorum</strong></span> <span class='ocrx_word' id='word_1_499' title='bbox 2356 2904 2636 2957; x_wconf 89' lang='lat' dir='ltr'><strong>hominum</strong></span> <span class='ocrx_word' id='word_1_500' title='bbox 2679 2917 2767 2958; x_wconf 88' lang='lat' dir='ltr'><strong>res</strong></span> <span class='ocrx_word' id='word_1_501' title='bbox 2798 2902 3005 2957; x_wconf 89' lang='lat' dir='ltr'><strong>honore</strong></span> <span class='ocrx_word' id='word_1_502' title='bbox 3042 2903 3298 2972; x_wconf 85' lang='lat' dir='ltr'><strong>prosequi</strong></span> <span class='ocrx_word' id='word_1_503' title='bbox 3326 2903 3459 2957; x_wconf 84' lang='lat' dir='ltr'><strong>soli-</strong></span> 
     </span>
    </p>
   </div>
   <div class='ocr_carea' id='block_1_69' title="bbox 1888 2993 3457 3065">
    <p class='ocr_par' dir='ltr' id='par_1_69' title="bbox 1888 2993 3457 3065">
     <span class='ocr_line' id='line_1_69' title="bbox 1888 2993 3457 3065; baseline 0 -16"><span class='ocrx_word' id='word_1_504' title='bbox 1888 3004 1993 3060; x_wconf 89' lang='lat' dir='ltr'><strong>tos,</strong></span> <span class='ocrx_word' id='word_1_505' title='bbox 2029 3004 2081 3049; x_wconf 91' lang='lat' dir='ltr'><strong>et</strong></span> <span class='ocrx_word' id='word_1_506' title='bbox 2116 2993 2382 3064; x_wconf 78' lang='lat' dir='ltr'><strong>imagines</strong></span> <span class='ocrx_word' id='word_1_507' title='bbox 2431 2995 2643 3048; x_wconf 91' lang='lat' dir='ltr'><strong>illorum</strong></span> <span class='ocrx_word' id='word_1_508' title='bbox 2679 2994 2960 3049; x_wconf 64' lang='lat' dir='ltr'><strong>memoria:</strong></span> <span class='ocrx_word' id='word_1_509' title='bbox 2998 2993 3298 3063; x_wconf 85' lang='lat' dir='ltr'><strong>dedicare;</strong></span> <span class='ocrx_word' id='word_1_510' title='bbox 3328 2995 3457 3065; x_wconf 87' lang='lat' dir='ltr'><strong>quia</strong></span> 
     </span>
    </p>
   </div>
   <div class='ocr_carea' id='block_1_70' title="bbox 1811 3087 3457 3185">
    <p class='ocr_par' dir='ltr' id='par_1_70' title="bbox 1811 3087 3457 3185">
     <span class='ocr_line' id='line_1_70' title="bbox 1811 3087 3457 3185; baseline 0 -42"><span class='ocrx_word' id='word_1_511' title='bbox 1811 3125 1854 3185; x_wconf 64' lang='grc' dir='ltr'>ο</span> <span class='ocrx_word' id='word_1_512' title='bbox 1886 3103 2082 3161; x_wconf 89' lang='lat' dir='ltr'><strong>nempe</strong></span> <span class='ocrx_word' id='word_1_513' title='bbox 2108 3104 2286 3145; x_wconf 89' lang='lat' dir='ltr'><strong>mores</strong></span> <span class='ocrx_word' id='word_1_514' title='bbox 2315 3087 2530 3145; x_wconf 88' lang='lat' dir='ltr'><strong>illorum</strong></span> <span class='ocrx_word' id='word_1_515' title='bbox 2548 3087 2894 3153; x_wconf 67' lang='lat' dir='ltr'><strong>acutulantnr,</strong></span> <span class='ocrx_word' id='word_1_516' title='bbox 2917 3098 2970 3142; x_wconf 92' lang='lat' dir='ltr'><strong>et</strong></span> <span class='ocrx_word' id='word_1_517' title='bbox 2993 3095 3142 3157; x_wconf 83' lang='lat' dir='ltr'><strong>gesta</strong></span> <span class='ocrx_word' id='word_1_518' title='bbox 3173 3087 3457 3154; x_wconf 88' lang='lat' dir='ltr'><strong>adamant,</strong></span> 
     </span>
    </p>
   </div>
   <div class='ocr_carea' id='block_1_71' title="bbox 1886 3177 3461 3252">
    <p class='ocr_par' dir='ltr' id='par_1_71' title="bbox 1886 3177 3461 3252">
     <span class='ocr_line' id='line_1_71' title="bbox 1886 3177 3461 3252; baseline -0.002 -16"><span class='ocrx_word' id='word_1_519' title='bbox 1886 3183 2074 3252; x_wconf 87' lang='lat' dir='ltr'><strong>eisque</strong></span> <span class='ocrx_word' id='word_1_520' title='bbox 2106 3196 2206 3237; x_wconf 89' lang='lat' dir='ltr'><strong>ceu</strong></span> <span class='ocrx_word' id='word_1_521' title='bbox 2247 3179 2353 3236; x_wconf 90' lang='lat' dir='ltr'><strong>sibi</strong></span> <span class='ocrx_word' id='word_1_522' title='bbox 2387 3177 2757 3234; x_wconf 79' lang='lat' dir='ltr'><strong>familiaribus</strong></span> <span class='ocrx_word' id='word_1_523' title='bbox 2806 3178 3040 3246; x_wconf 66' lang='lat' dir='ltr'><strong>vittaque</strong></span> <span class='ocrx_word' id='word_1_524' title='bbox 3072 3178 3461 3233; x_wconf 88' lang='lat' dir='ltr'><strong>consentaneis</strong></span> 
     </span>
    </p>
   </div>
   <div class='ocr_carea' id='block_1_72' title="bbox 1886 3268 3458 3339">
    <p class='ocr_par' dir='ltr' id='par_1_72' title="bbox 1886 3268 3458 3339">
     <span class='ocr_line' id='line_1_72' title="bbox 1886 3268 3458 3339; baseline -0.001 -12"><span class='ocrx_word' id='word_1_525' title='bbox 1886 3274 2105 3327; x_wconf 85' lang='lat' dir='ltr'><strong>student</strong></span> <span class='ocrx_word' id='word_1_526' title='bbox 2126 3311 2141 3337; x_wconf 96' lang='lat'><strong>,</strong></span> <span class='ocrx_word' id='word_1_527' title='bbox 2178 3271 2294 3326; x_wconf 82' lang='lat' dir='ltr'><strong>sive</strong></span> <span class='ocrx_word' id='word_1_528' title='bbox 2339 3270 2586 3326; x_wconf 88' lang='lat' dir='ltr'><strong>melioris</strong></span> <span class='ocrx_word' id='word_1_529' title='bbox 2615 3270 2693 3325; x_wconf 88' lang='lat' dir='ltr'><strong>rei</strong></span> <span class='ocrx_word' id='word_1_530' title='bbox 2723 3270 3025 3339; x_wconf 79' lang='lat' dir='ltr'><strong>ignorantia</strong></span> <span class='ocrx_word' id='word_1_531' title='bbox 3057 3311 3072 3336; x_wconf 98' lang='lat'><strong>,</strong></span> <span class='ocrx_word' id='word_1_532' title='bbox 3109 3270 3225 3324; x_wconf 82' lang='lat' dir='ltr'><strong>sive</strong></span> <span class='ocrx_word' id='word_1_533' title='bbox 3253 3268 3458 3339; x_wconf 80' lang='lat' dir='ltr'><strong>pejoris</strong></span> 
     </span>
    </p>
   </div>
   <div class='ocr_carea' id='block_1_73' title="bbox 1887 3361 3450 3430">
    <p class='ocr_par' dir='ltr' id='par_1_73' title="bbox 1887 3361 3450 3430">
     <span class='ocr_line' id='line_1_73' title="bbox 1887 3361 3450 3430; baseline -0.002 -12"><span class='ocrx_word' id='word_1_534' title='bbox 1887 3364 2176 3419; x_wconf 84' lang='lat' dir='ltr'><strong>electione.</strong></span> <span class='ocrx_word' id='word_1_535' title='bbox 2208 3362 2316 3418; x_wconf 87' lang='lat' dir='ltr'><strong>Sed</strong></span> <span class='ocrx_word' id='word_1_536' title='bbox 2347 3362 2486 3426; x_wconf 63' lang='lat' dir='ltr'><strong>haec,</strong></span> <span class='ocrx_word' id='word_1_537' title='bbox 2515 3361 2792 3430; x_wconf 90' lang='lat' dir='ltr'><strong>inquiunt,</strong></span> <span class='ocrx_word' id='word_1_538' title='bbox 2816 3361 3033 3415; x_wconf 88' lang='lat' dir='ltr'><strong>etlmica</strong></span> <span class='ocrx_word' id='word_1_539' title='bbox 3070 3371 3198 3415; x_wconf 89' lang='lat' dir='ltr'><strong>sunt</strong></span> <span class='ocrx_word' id='word_1_540' title='bbox 3226 3371 3282 3415; x_wconf 93' lang='lat' dir='ltr'><strong>et</strong></span> <span class='ocrx_word' id='word_1_541' title='bbox 3309 3362 3450 3430; x_wconf 89' lang='lat' dir='ltr'><strong>apud</strong></span> 
     </span>
    </p>
   </div>
   <div class='ocr_carea' id='block_1_74' title="bbox 1888 3452 3463 3524">
    <p class='ocr_par' dir='ltr' id='par_1_74' title="bbox 1888 3452 3463 3524">
     <span class='ocr_line' id='line_1_74' title="bbox 1888 3452 3463 3524; baseline -0.001 -15"><span class='ocrx_word' id='word_1_542' title='bbox 1888 3455 2138 3510; x_wconf 88' lang='lat' dir='ltr'><strong>ethnicos</strong></span> <span class='ocrx_word' id='word_1_543' title='bbox 2182 3453 2339 3518; x_wconf 86' lang='lat' dir='ltr'><strong>fiunt,</strong></span> <span class='ocrx_word' id='word_1_544' title='bbox 2372 3468 2548 3524; x_wconf 86' lang='lat' dir='ltr'><strong>eaque</strong></span> <span class='ocrx_word' id='word_1_545' title='bbox 2573 3452 2787 3508; x_wconf 90' lang='lat' dir='ltr'><strong>illorum</strong></span> <span class='ocrx_word' id='word_1_546' title='bbox 2822 3452 3126 3507; x_wconf 87' lang='lat' dir='ltr'><strong>stoliditate</strong></span> <span class='ocrx_word' id='word_1_547' title='bbox 3163 3462 3219 3507; x_wconf 91' lang='lat' dir='ltr'><strong>et</strong></span> <span class='ocrx_word' id='word_1_548' title='bbox 3246 3452 3463 3508; x_wconf 89' lang='lat' dir='ltr'><strong>insania</strong></span> 
     </span>
    </p>
   </div>
   <div class='ocr_carea' id='block_1_75' title="bbox 1891 3546 3462 3617">
    <p class='ocr_par' dir='ltr' id='par_1_75' title="bbox 1891 3546 3462 3617">
     <span class='ocr_line' id='line_1_75' title="bbox 1891 3546 3462 3617; baseline -0.003 -15"><span class='ocrx_word' id='word_1_549' title='bbox 1891 3547 2053 3617; x_wconf 82' lang='lat' dir='ltr'><strong>digna</strong></span> <span class='ocrx_word' id='word_1_550' title='bbox 2083 3556 2230 3602; x_wconf 89' lang='lat' dir='ltr'><strong>sunt.</strong></span> <span class='ocrx_word' id='word_1_551' title='bbox 2266 3546 2431 3616; x_wconf 80' lang='lat' dir='ltr'><strong>Atqui</strong></span> <span class='ocrx_word' id='word_1_552' title='bbox 2465 3561 2568 3616; x_wconf 85' lang='lat' dir='ltr'><strong>ego</strong></span> <span class='ocrx_word' id='word_1_553' title='bbox 2599 3547 2712 3610; x_wconf 88' lang='lat' dir='ltr'><strong>aio,</strong></span> <span class='ocrx_word' id='word_1_554' title='bbox 2763 3559 2942 3600; x_wconf 91' lang='lat' dir='ltr'><strong>nonne</strong></span> <span class='ocrx_word' id='word_1_555' title='bbox 2974 3552 3252 3613; x_wconf 87' lang='lat' dir='ltr'><strong>oporteret</strong></span> <span class='ocrx_word' id='word_1_556' title='bbox 3297 3546 3462 3599; x_wconf 90' lang='lat' dir='ltr'><strong>etiam</strong></span> 
     </span>
    </p>
   </div>
   <div class='ocr_carea' id='block_1_76' title="bbox 1891 3634 3462 3707">
    <p class='ocr_par' dir='ltr' id='par_1_76' title="bbox 1891 3634 3462 3707">
     <span class='ocr_line' id='line_1_76' title="bbox 1891 3634 3462 3707; baseline -0.002 -14"><span class='ocrx_word' id='word_1_557' title='bbox 1891 3638 2258 3701; x_wconf 87' lang='lat' dir='ltr'><strong>Christianos,</strong></span> <span class='ocrx_word' id='word_1_558' title='bbox 2285 3650 2622 3707; x_wconf 62' lang='lat' dir='ltr'><strong>quaecunque</strong></span> <span class='ocrx_word' id='word_1_559' title='bbox 2648 3638 2715 3700; x_wconf 88' lang='lat' dir='ltr'><strong>ad</strong></span> <span class='ocrx_word' id='word_1_560' title='bbox 2740 3634 3018 3691; x_wconf 82' lang='lat' dir='ltr'><strong>Christum</strong></span> <span class='ocrx_word' id='word_1_561' title='bbox 3051 3637 3289 3691; x_wconf 88' lang='lat' dir='ltr'><strong>attinent</strong></span> <span class='ocrx_word' id='word_1_562' title='bbox 3315 3637 3462 3690; x_wconf 90' lang='lat' dir='ltr'><strong>omni</strong></span> 
     </span>
    </p>
   </div>
   <div class='ocr_carea' id='block_1_77' title="bbox 1893 3724 3465 3799">
    <p class='ocr_par' dir='ltr' id='par_1_77' title="bbox 1893 3724 3465 3799">
     <span class='ocr_line' id='line_1_77' title="bbox 1893 3724 3465 3799; baseline -0.002 -16"><span class='ocrx_word' id='word_1_563' title='bbox 1893 3727 2037 3783; x_wconf 89' lang='lat' dir='ltr'><strong>cultu</strong></span> <span class='ocrx_word' id='word_1_564' title='bbox 2064 3727 2315 3799; x_wconf 90' lang='lat' dir='ltr'><strong>dignari,</strong></span> <span class='ocrx_word' id='word_1_565' title='bbox 2347 3730 2586 3797; x_wconf 87' lang='lat' dir='ltr'><strong>itemque</strong></span> <span class='ocrx_word' id='word_1_566' title='bbox 2618 3742 2705 3782; x_wconf 88' lang='lat' dir='ltr'><strong>res</strong></span> <span class='ocrx_word' id='word_1_567' title='bbox 2747 3735 3067 3782; x_wconf 81' lang='lat' dir='ltr'><strong>sanctorum</strong></span> <span class='ocrx_word' id='word_1_568' title='bbox 3116 3724 3465 3797; x_wconf 78' lang='lat' dir='ltr'><strong>magnificare</strong></span> 
     </span>
    </p>
   </div>
   <div class='ocr_carea' id='block_1_78' title="bbox 193 3817 3464 3896">
    <p class='ocr_par' dir='ltr' id='par_1_78' title="bbox 193 3817 3464 3896">
     <span class='ocr_line' id='line_1_78' title="bbox 193 3817 3464 3896; baseline 0 -22"><span class='ocrx_word' id='word_1_569' title='bbox 193 3829 256 3874; x_wconf 87' lang='lat' dir='ltr'><strong>et</strong></span> <span class='ocrx_word' id='word_1_570' title='bbox 290 3817 928 3889; x_wconf 71' lang='lat' dir='ltr'><strong>amplectiTSicutenim</strong></span> <span class='ocrx_word' id='word_1_571' title='bbox 952 3819 1240 3891; x_wconf 87' lang='lat' dir='ltr'><strong>impiorum</strong></span> <span class='ocrx_word' id='word_1_572' title='bbox 1267 3831 1618 3876; x_wconf 85' lang='lat' dir='ltr'><strong>monumenta</strong></span> <span class='ocrx_word' id='word_1_573' title='bbox 1653 3822 2019 3879; x_wconf 87' lang='lat' dir='ltr'><strong>abominanda</strong></span> <span class='ocrx_word' id='word_1_574' title='bbox 2071 3832 2199 3878; x_wconf 90' lang='lat' dir='ltr'><strong>sunt</strong></span> <span class='ocrx_word' id='word_1_575' title='bbox 2263 3830 2318 3878; x_wconf 92' lang='lat' dir='ltr'><strong>et</strong></span> <span class='ocrx_word' id='word_1_576' title='bbox 2337 3823 2563 3893; x_wconf 86' lang='lat' dir='ltr'><strong>polluta,</strong></span> <span class='ocrx_word' id='word_1_577' title='bbox 2593 3821 2691 3896; x_wconf 31' lang='lat' dir='ltr'><strong>ita,</strong></span> <span class='ocrx_word' id='word_1_578' title='bbox 2718 3831 3035 3877; x_wconf 85' lang='lat' dir='ltr'><strong>sanctorum</strong></span> <span class='ocrx_word' id='word_1_579' title='bbox 3087 3821 3464 3892; x_wconf 86' lang='lat' dir='ltr'><strong>amplectenda</strong></span> 
     </span>
    </p>
   </div>
   <div class='ocr_carea' id='block_1_79' title="bbox 196 3915 689 3983">
    <p class='ocr_par' dir='ltr' id='par_1_79' title="bbox 196 3915 689 3983">
     <span class='ocr_line' id='line_1_79' title="bbox 196 3915 689 3983; baseline 0.004 -14"><span class='ocrx_word' id='word_1_580' title='bbox 196 3927 375 3983; x_wconf 81' lang='lat' dir='ltr'><strong>atque</strong></span> <span class='ocrx_word' id='word_1_581' title='bbox 414 3915 689 3971; x_wconf 83' lang='lat' dir='ltr'><strong>amabilia.</strong></span> 
     </span>
    </p>
   </div>
   <div class='ocr_carea' id='block_1_80' title="bbox 276 4006 1791 4081">
    <p class='ocr_par' dir='ltr' id='par_1_80' title="bbox 276 4006 1791 4081">
     <span class='ocr_line' id='line_1_80' title="bbox 276 4006 1791 4081; baseline 0.003 -21"><span class='ocrx_word' id='word_1_582' title='bbox 276 4007 383 4072; x_wconf 68' lang='grc' dir='ltr'><strong>ξαν.</strong></span> <span class='ocrx_word' id='word_1_583' title='bbox 415 4006 510 4070; x_wconf 92' lang='grc' dir='ltr'>Τίς</span> <span class='ocrx_word' id='word_1_584' title='bbox 536 4007 646 4077; x_wconf 84' lang='grc' dir='ltr'><strong>γάρ</strong></span> <span class='ocrx_word' id='word_1_585' title='bbox 679 4007 741 4061; x_wconf 84' lang='grc' dir='ltr'>οὐ</span> <span class='ocrx_word' id='word_1_586' title='bbox 771 4007 1086 4078; x_wconf 85' lang='grc' dir='ltr'>συμφήσειε</span> <span class='ocrx_word' id='word_1_587' title='bbox 1134 4008 1244 4063; x_wconf 87' lang='grc' dir='ltr'><strong>τῶν</strong></span> <span class='ocrx_word' id='word_1_588' title='bbox 1271 4008 1397 4063; x_wconf 89' lang='grc' dir='ltr'>νοῦν</span> <span class='ocrx_word' id='word_1_589' title='bbox 1434 4010 1688 4081; x_wconf 73' lang='grc' dir='ltr'>ἑχόντων,</span> <span class='ocrx_word' id='word_1_590' title='bbox 1711 4010 1791 4064; x_wconf 83' lang='grc' dir='ltr'>ὅτι</span> 
     </span>
    </p>
   </div>
   <div class='ocr_carea' id='block_1_81' title="bbox 202 4102 1788 4178">
    <p class='ocr_par' dir='ltr' id='par_1_81' title="bbox 202 4102 1788 4178">
     <span class='ocr_line' id='line_1_81' title="bbox 202 4102 1788 4178; baseline 0.001 -20"><span class='ocrx_word' id='word_1_591' title='bbox 202 4105 256 4158; x_wconf 76' lang='grc' dir='ltr'><strong>εί</strong></span> <span class='ocrx_word' id='word_1_592' title='bbox 296 4102 408 4157; x_wconf 82' lang='grc' dir='ltr'><strong>τῶν</strong></span> <span class='ocrx_word' id='word_1_593' title='bbox 454 4102 678 4172; x_wconf 85' lang='grc' dir='ltr'>φαύλων</span> <span class='ocrx_word' id='word_1_594' title='bbox 717 4103 1047 4175; x_wconf 85' lang='grc' dir='ltr'>ἀρχετύπων</span> <span class='ocrx_word' id='word_1_595' title='bbox 1097 4104 1278 4174; x_wconf 79' lang='grc' dir='ltr'>φαῦλα</span> <span class='ocrx_word' id='word_1_596' title='bbox 1317 4106 1387 4160; x_wconf 87' lang='grc' dir='ltr'><strong>τὰ</strong></span> <span class='ocrx_word' id='word_1_597' title='bbox 1409 4107 1788 4178; x_wconf 85' lang='grc' dir='ltr'>είκονίσματα,</span> 
     </span>
    </p>
   </div>
   <div class='ocr_carea' id='block_1_82' title="bbox 1962 3998 3459 4071">
    <p class='ocr_par' dir='ltr' id='par_1_82' title="bbox 1962 3998 3459 4071">
     <span class='ocr_line' id='line_1_82' title="bbox 1962 3998 3459 4071; baseline 0.001 -13"><span class='ocrx_word' id='word_1_598' title='bbox 1962 4002 2051 4058; x_wconf 79' lang='lat' dir='ltr'><strong>6i.</strong></span> <span class='ocrx_word' id='word_1_599' title='bbox 2072 4002 2204 4071; x_wconf 86' lang='lat' dir='ltr'><strong>Quis</strong></span> <span class='ocrx_word' id='word_1_600' title='bbox 2225 4000 2370 4056; x_wconf 89' lang='lat' dir='ltr'><strong>enim</strong></span> <span class='ocrx_word' id='word_1_601' title='bbox 2389 4001 2609 4057; x_wconf 88' lang='lat' dir='ltr'><strong>sobrius</strong></span> <span class='ocrx_word' id='word_1_602' title='bbox 2630 4017 2737 4056; x_wconf 91' lang='lat' dir='ltr'><strong>non</strong></span> <span class='ocrx_word' id='word_1_603' title='bbox 2762 4002 3052 4066; x_wconf 89' lang='lat' dir='ltr'><strong>concedet,</strong></span> <span class='ocrx_word' id='word_1_604' title='bbox 3076 4002 3218 4071; x_wconf 89' lang='lat' dir='ltr'><strong>quod</strong></span> <span class='ocrx_word' id='word_1_605' title='bbox 3239 4003 3283 4057; x_wconf 91' lang='lat' dir='ltr'><strong>si</strong></span> <span class='ocrx_word' id='word_1_606' title='bbox 3303 3998 3459 4060; x_wconf 71' lang='lat' dir='ltr'><strong>mala:</strong></span> 
     </span>
    </p>
   </div>
   <div class='ocr_carea' id='block_1_83' title="bbox 1889 4093 3467 4165">
    <p class='ocr_par' dir='ltr' id='par_1_83' title="bbox 1889 4093 3467 4165">
     <span class='ocr_line' id='line_1_83' title="bbox 1889 4093 3467 4165; baseline 0.001 -16"><span class='ocrx_word' id='word_1_607' title='bbox 1889 4094 2064 4162; x_wconf 79' lang='lat' dir='ltr'><strong>frugis</strong></span> <span class='ocrx_word' id='word_1_608' title='bbox 2098 4094 2521 4165; x_wconf 79' lang='lat' dir='ltr'><strong>archetyporum</strong></span> <span class='ocrx_word' id='word_1_609' title='bbox 2568 4093 2727 4148; x_wconf 68' lang='lat' dir='ltr'><strong>mala:</strong></span> <span class='ocrx_word' id='word_1_610' title='bbox 2767 4104 2896 4148; x_wconf 88' lang='lat' dir='ltr'><strong>sunt</strong></span> <span class='ocrx_word' id='word_1_611' title='bbox 2931 4094 3196 4163; x_wconf 80' lang='lat' dir='ltr'><strong>imagines</strong></span> <span class='ocrx_word' id='word_1_612' title='bbox 3226 4134 3242 4161; x_wconf 95' lang='lat'><strong>,</strong></span> <span class='ocrx_word' id='word_1_613' title='bbox 3275 4109 3467 4151; x_wconf 88' lang='lat' dir='ltr'><strong>neces-</strong></span> 
     </span>
    </p>
   </div>
   <div class='ocr_carea' id='block_1_84' title="bbox 200 4185 1780 4266">
    <p class='ocr_par' dir='ltr' id='par_1_84' title="bbox 200 4193 1780 4266">
     <span class='ocr_line' id='line_1_84' title="bbox 200 4193 1780 4266; baseline -0.001 -16"><span class='ocrx_word' id='word_1_614' title='bbox 200 4195 270 4261; x_wconf 79' lang='grc' dir='ltr'><strong>ὲξ</strong></span> <span class='ocrx_word' id='word_1_615' title='bbox 301 4194 552 4265; x_wconf 79' lang='grc' dir='ltr'>ἀνάγκης</span> <span class='ocrx_word' id='word_1_616' title='bbox 572 4195 671 4248; x_wconf 79' lang='grc' dir='ltr'>καὶ</span> <span class='ocrx_word' id='word_1_617' title='bbox 697 4194 767 4248; x_wconf 82' lang='grc' dir='ltr'>τὰ</span> <span class='ocrx_word' id='word_1_618' title='bbox 790 4194 900 4247; x_wconf 85' lang='grc' dir='ltr'><strong>τῶν</strong></span> <span class='ocrx_word' id='word_1_619' title='bbox 945 4193 1112 4266; x_wconf 76' lang='grc' dir='ltr'>ιερῶν</span> <span class='ocrx_word' id='word_1_620' title='bbox 1136 4195 1232 4249; x_wconf 80' lang='grc' dir='ltr'>καὶ</span> <span class='ocrx_word' id='word_1_621' title='bbox 1263 4196 1435 4265; x_wconf 87' lang='grc' dir='ltr'>ἀγίων</span> <span class='ocrx_word' id='word_1_622' title='bbox 1464 4197 1780 4266; x_wconf 61' lang='grc' dir='ltr'>ἀρχετύπωκ</span> 
     </span>
    </p>
   </div>
   <div class='ocr_carea' id='block_1_85' title="bbox 1886 4185 3465 4266">
    <p class='ocr_par' dir='ltr' id='par_1_85' title="bbox 1890 4185 3465 4258">
     <span class='ocr_line' id='line_1_85' title="bbox 1890 4185 3465 4258; baseline 0 -15"><span class='ocrx_word' id='word_1_623' title='bbox 1890 4189 2040 4244; x_wconf 88' lang='lat' dir='ltr'><strong>sario</strong></span> <span class='ocrx_word' id='word_1_624' title='bbox 2068 4195 2548 4243; x_wconf 83' lang='lat' dir='ltr'><strong>sacrosanctorum</strong></span> <span class='ocrx_word' id='word_1_625' title='bbox 2572 4200 2789 4256; x_wconf 89' lang='lat' dir='ltr'><strong>quoque</strong></span> <span class='ocrx_word' id='word_1_626' title='bbox 2825 4185 3246 4258; x_wconf 85' lang='lat' dir='ltr'><strong>archetyporum</strong></span> <span class='ocrx_word' id='word_1_627' title='bbox 3271 4202 3465 4243; x_wconf 84' lang='lat' dir='ltr'><strong>sacro-</strong></span> 
     </span>
    </p>
   </div>
   <div class='ocr_carea' id='block_1_86' title="bbox 202 4285 1792 4364">
    <p class='ocr_par' dir='ltr' id='par_1_86' title="bbox 202 4285 1792 4364">
     <span class='ocr_line' id='line_1_86' title="bbox 202 4285 1792 4364; baseline 0.002 -23"><span class='ocrx_word' id='word_1_628' title='bbox 202 4287 335 4357; x_wconf 84' lang='grc' dir='ltr'><strong>ίερά</strong></span> <span class='ocrx_word' id='word_1_629' title='bbox 391 4303 452 4340; x_wconf 88' lang='grc' dir='ltr'><strong>τε</strong></span> <span class='ocrx_word' id='word_1_630' title='bbox 500 4287 597 4342; x_wconf 67' lang='grc' dir='ltr'><strong>καὶ⁹</strong></span> <span class='ocrx_word' id='word_1_631' title='bbox 651 4287 783 4356; x_wconf 82' lang='grc' dir='ltr'>ἀγια</span> <span class='ocrx_word' id='word_1_632' title='bbox 836 4288 906 4343; x_wconf 82' lang='grc' dir='ltr'><strong>τὰ</strong></span> <span class='ocrx_word' id='word_1_633' title='bbox 950 4289 1381 4361; x_wconf 71' lang='grc' dir='ltr'>ἀπεικάσματας</span> <span class='ocrx_word' id='word_1_634' title='bbox 1414 4285 1499 4354; x_wconf 76' lang='grc' dir='ltr'>εἷς</span> <span class='ocrx_word' id='word_1_635' title='bbox 1537 4290 1646 4364; x_wconf 82' lang='grc' dir='ltr'>γὰρ</span> <span class='ocrx_word' id='word_1_636' title='bbox 1701 4291 1792 4344; x_wconf 76' lang='grc' dir='ltr'><strong>ἐπ’</strong></span> 
     </span>
    </p>
   </div>
   <div class='ocr_carea' id='block_1_87' title="bbox 200 4378 1781 4448">
    <p class='ocr_par' dir='ltr' id='par_1_87' title="bbox 200 4378 1781 4448">
     <span class='ocr_line' id='line_1_87' title="bbox 200 4378 1781 4448; baseline 0.001 -15"><span class='ocrx_word' id='word_1_637' title='bbox 200 4379 416 4448; x_wconf 79' lang='grc' dir='ltr'>ἀμφοῖν</span> <span class='ocrx_word' id='word_1_638' title='bbox 443 4380 472 4431; x_wconf 89' lang='grc' dir='ltr'><strong>ό</strong></span> <span class='ocrx_word' id='word_1_639' title='bbox 499 4378 680 4447; x_wconf 86' lang='grc' dir='ltr'>λόγος,</span> <span class='ocrx_word' id='word_1_640' title='bbox 710 4379 851 4434; x_wconf 83' lang='grc' dir='ltr'>καθὸ</span> <span class='ocrx_word' id='word_1_641' title='bbox 877 4380 1089 4444; x_wconf 82' lang='grc' dir='ltr'>είκόνες</span> <span class='ocrx_word' id='word_1_642' title='bbox 1108 4395 1124 4411; x_wconf 69' lang='grc'><strong>⁸</strong></span> <span class='ocrx_word' id='word_1_643' title='bbox 1156 4380 1208 4433; x_wconf 87' lang='grc' dir='ltr'><strong>εί</strong></span> <span class='ocrx_word' id='word_1_644' title='bbox 1233 4381 1328 4433; x_wconf 75' lang='grc' dir='ltr'>καὶ</span> <span class='ocrx_word' id='word_1_645' title='bbox 1367 4379 1543 4445; x_wconf 77' lang='grc' dir='ltr'>ἄλλως</span> <span class='ocrx_word' id='word_1_646' title='bbox 1563 4382 1632 4435; x_wconf 83' lang='grc' dir='ltr'>τὰ</span> <span class='ocrx_word' id='word_1_647' title='bbox 1685 4381 1781 4435; x_wconf 80' lang='grc' dir='ltr'><strong>ἀπ’</strong></span> 
     </span>
    </p>
   </div>
   <div class='ocr_carea' id='block_1_88' title="bbox 1887 4279 3465 4352">
    <p class='ocr_par' dir='ltr' id='par_1_88' title="bbox 1887 4279 3465 4352">
     <span class='ocr_line' id='line_1_88' title="bbox 1887 4279 3465 4352; baseline 0.001 -15"><span class='ocrx_word' id='word_1_648' title='bbox 1887 4291 2093 4338; x_wconf 73' lang='lat' dir='ltr'><strong>sanctae</strong></span> <span class='ocrx_word' id='word_1_649' title='bbox 2116 4280 2382 4352; x_wconf 77' lang='lat' dir='ltr'><strong>imagines</strong></span> <span class='ocrx_word' id='word_1_650' title='bbox 2402 4280 2571 4335; x_wconf 82' lang='lat' dir='ltr'><strong>sunt?</strong></span> <span class='ocrx_word' id='word_1_651' title='bbox 2596 4279 2739 4335; x_wconf 87' lang='lat' dir='ltr'><strong>Idem</strong></span> <span class='ocrx_word' id='word_1_652' title='bbox 2761 4280 2907 4335; x_wconf 90' lang='lat' dir='ltr'><strong>enim</strong></span> <span class='ocrx_word' id='word_1_653' title='bbox 2929 4280 2996 4335; x_wconf 90' lang='lat' dir='ltr'><strong>de</strong></span> <span class='ocrx_word' id='word_1_654' title='bbox 3019 4281 3268 4352; x_wconf 81' lang='lat' dir='ltr'><strong>utrisque</strong></span> <span class='ocrx_word' id='word_1_655' title='bbox 3282 4295 3465 4338; x_wconf 85' lang='lat' dir='ltr'><strong>sermo</strong></span> 
     </span>
    </p>
   </div>
   <div class='ocr_carea' id='block_1_89' title="bbox 1891 4371 3463 4443">
    <p class='ocr_par' dir='ltr' id='par_1_89' title="bbox 1891 4371 3463 4443">
     <span class='ocr_line' id='line_1_89' title="bbox 1891 4371 3463 4443; baseline 0.002 -18"><span class='ocrx_word' id='word_1_656' title='bbox 1891 4373 2071 4439; x_wconf 88' lang='lat' dir='ltr'><strong>valet,</strong></span> <span class='ocrx_word' id='word_1_657' title='bbox 2101 4380 2372 4443; x_wconf 86' lang='lat' dir='ltr'><strong>quatenus</strong></span> <span class='ocrx_word' id='word_1_658' title='bbox 2399 4372 2663 4442; x_wconf 77' lang='lat' dir='ltr'><strong>imagines</strong></span> <span class='ocrx_word' id='word_1_659' title='bbox 2688 4379 2846 4435; x_wconf 90' lang='lat' dir='ltr'><strong>sunt;</strong></span> <span class='ocrx_word' id='word_1_660' title='bbox 2875 4371 3090 4427; x_wconf 85' lang='lat' dir='ltr'><strong>etiamsi</strong></span> <span class='ocrx_word' id='word_1_661' title='bbox 3120 4386 3240 4441; x_wconf 68' lang='lat' dir='ltr'><strong>quae</strong></span> <span class='ocrx_word' id='word_1_662' title='bbox 3282 4373 3347 4428; x_wconf 89' lang='lat' dir='ltr'><strong>iis</strong></span> <span class='ocrx_word' id='word_1_663' title='bbox 3378 4375 3463 4429; x_wconf 85' lang='lat' dir='ltr'><strong>in-</strong></span> 
     </span>
    </p>
   </div>
   <div class='ocr_carea' id='block_1_90' title="bbox 200 4456 1780 4544">
    <p class='ocr_par' dir='ltr' id='par_1_90' title="bbox 200 4470 1780 4544">
     <span class='ocr_line' id='line_1_90' title="bbox 200 4470 1780 4544; baseline 0.001 -20"><span class='ocrx_word' id='word_1_664' title='bbox 200 4470 392 4525; x_wconf 74' lang='grc' dir='ltr'>αὐτῶν</span> <span class='ocrx_word' id='word_1_665' title='bbox 423 4470 693 4540; x_wconf 75' lang='grc' dir='ltr'>νοούμενα</span> <span class='ocrx_word' id='word_1_666' title='bbox 760 4470 856 4525; x_wconf 80' lang='grc' dir='ltr'>καὶ</span> <span class='ocrx_word' id='word_1_667' title='bbox 879 4472 1209 4544; x_wconf 84' lang='grc' dir='ltr'>δηλούμενα,</span> <span class='ocrx_word' id='word_1_668' title='bbox 1265 4471 1469 4543; x_wconf 79' lang='grc' dir='ltr'>πολλὴν</span> <span class='ocrx_word' id='word_1_669' title='bbox 1531 4472 1780 4542; x_wconf 72' lang='grc' dir='ltr'>ἐμφαίνει</span> 
     </span>
    </p>
   </div>
   <div class='ocr_carea' id='block_1_91' title="bbox 1886 4456 3462 4544">
    <p class='ocr_par' dir='ltr' id='par_1_91' title="bbox 1893 4456 3462 4536">
     <span class='ocr_line' id='line_1_91' title="bbox 1893 4456 3462 4536; baseline -0.001 -18"><span class='ocrx_word' id='word_1_670' title='bbox 1893 4464 2214 4535; x_wconf 84' lang='lat' dir='ltr'><strong>telliguntur</strong></span> <span class='ocrx_word' id='word_1_671' title='bbox 2260 4477 2327 4519; x_wconf 90' lang='lat' dir='ltr'><strong>ac</strong></span> <span class='ocrx_word' id='word_1_672' title='bbox 2371 4456 2719 4527; x_wconf 85' lang='lat' dir='ltr'><strong>denotantur,</strong></span> <span class='ocrx_word' id='word_1_673' title='bbox 2770 4462 2998 4517; x_wconf 89' lang='lat' dir='ltr'><strong>multam</strong></span> <span class='ocrx_word' id='word_1_674' title='bbox 3057 4464 3462 4536; x_wconf 84' lang='lat' dir='ltr'><strong>immanemque</strong></span> 
     </span>
    </p>
   </div>
   <div class='ocr_carea' id='block_1_92' title="bbox 201 4561 1791 4633">
    <p class='ocr_par' dir='ltr' id='par_1_92' title="bbox 201 4561 1791 4633">
     <span class='ocr_line' id='line_1_92' title="bbox 201 4561 1791 4633; baseline 0.001 -16"><span class='ocrx_word' id='word_1_675' title='bbox 201 4564 305 4617; x_wconf 69' lang='grc' dir='ltr'>καὶ</span> <span class='ocrx_word' id='word_1_676' title='bbox 355 4561 707 4633; x_wconf 87' lang='grc' dir='ltr'>ἀσυγκρίτως</span> <span class='ocrx_word' id='word_1_677' title='bbox 740 4562 842 4632; x_wconf 72' lang='grc' dir='ltr'>τὴν</span> <span class='ocrx_word' id='word_1_678' title='bbox 895 4563 1161 4632; x_wconf 83' lang='grc' dir='ltr'>διαφοράν</span> <span class='ocrx_word' id='word_1_679' title='bbox 1190 4579 1203 4595; x_wconf 76' lang='grc' dir='ltr'><strong><em>ο</em></strong></span> <span class='ocrx_word' id='word_1_680' title='bbox 1233 4562 1371 4617; x_wconf 87' lang='grc' dir='ltr'><strong>ἀλλά</strong></span> <span class='ocrx_word' id='word_1_681' title='bbox 1398 4562 1556 4633; x_wconf 72' lang='grc' dir='ltr'>δῆλον</span> <span class='ocrx_word' id='word_1_682' title='bbox 1595 4563 1671 4627; x_wconf 83' lang='grc' dir='ltr'>ὡς</span> <span class='ocrx_word' id='word_1_683' title='bbox 1719 4563 1791 4618; x_wconf 79' lang='grc' dir='ltr'>τὰ</span> 
     </span>
    </p>
   </div>
   <div class='ocr_carea' id='block_1_93' title="bbox 201 4652 1789 4725">
    <p class='ocr_par' dir='ltr' id='par_1_93' title="bbox 201 4652 1789 4725">
     <span class='ocr_line' id='line_1_93' title="bbox 201 4652 1789 4725; baseline -0.001 -18"><span class='ocrx_word' id='word_1_684' title='bbox 201 4653 307 4707; x_wconf 87' lang='grc' dir='ltr'><strong>τοῦ</strong></span> <span class='ocrx_word' id='word_1_685' title='bbox 334 4652 581 4724; x_wconf 85' lang='grc' dir='ltr'>Χριστοῦ</span> <span class='ocrx_word' id='word_1_686' title='bbox 625 4652 814 4707; x_wconf 82' lang='grc' dir='ltr'>τέλεον</span> <span class='ocrx_word' id='word_1_687' title='bbox 846 4653 1200 4725; x_wconf 78' lang='grc' dir='ltr'>ἠθετηκότες,</span> <span class='ocrx_word' id='word_1_688' title='bbox 1231 4654 1325 4708; x_wconf 77' lang='grc' dir='ltr'>καὶ</span> <span class='ocrx_word' id='word_1_689' title='bbox 1362 4653 1472 4706; x_wconf 83' lang='grc' dir='ltr'>τῶν</span> <span class='ocrx_word' id='word_1_690' title='bbox 1501 4653 1789 4724; x_wconf 84' lang='grc' dir='ltr'>μακαρίων</span> 
     </span>
    </p>
   </div>
   <div class='ocr_carea' id='block_1_94' title="bbox 201 4742 1789 4816">
    <p class='ocr_par' dir='ltr' id='par_1_94' title="bbox 201 4742 1789 4816">
     <span class='ocr_line' id='line_1_94' title="bbox 201 4742 1789 4816; baseline -0.001 -17"><span class='ocrx_word' id='word_1_691' title='bbox 201 4745 439 4799; x_wconf 77' lang='grc' dir='ltr'>ἐκείνων</span> <span class='ocrx_word' id='word_1_692' title='bbox 468 4742 682 4815; x_wconf 86' lang='grc' dir='ltr'>ἀνδρῶν</span> <span class='ocrx_word' id='word_1_693' title='bbox 719 4743 811 4798; x_wconf 80' lang='grc' dir='ltr'>τὸν</span> <span class='ocrx_word' id='word_1_694' title='bbox 843 4744 958 4815; x_wconf 82' lang='grc' dir='ltr'>βίον</span> <span class='ocrx_word' id='word_1_695' title='bbox 997 4744 1093 4799; x_wconf 79' lang='grc' dir='ltr'>καὶ</span> <span class='ocrx_word' id='word_1_696' title='bbox 1135 4744 1236 4810; x_wconf 85' lang='grc' dir='ltr'>τὰς</span> <span class='ocrx_word' id='word_1_697' title='bbox 1264 4745 1487 4816; x_wconf 83' lang='grc' dir='ltr'>ἀρετὰς,</span> <span class='ocrx_word' id='word_1_698' title='bbox 1516 4745 1587 4799; x_wconf 84' lang='grc' dir='ltr'>τά</span> <span class='ocrx_word' id='word_1_699' title='bbox 1607 4763 1666 4798; x_wconf 89' lang='grc' dir='ltr'><strong>τε</strong></span> <span class='ocrx_word' id='word_1_700' title='bbox 1694 4745 1789 4799; x_wconf 86' lang='grc' dir='ltr'>ἀν-</span> 
     </span>
    </p>
   </div>
   <div class='ocr_carea' id='block_1_95' title="bbox 202 4831 1791 4906">
    <p class='ocr_par' dir='ltr' id='par_1_95' title="bbox 202 4831 1791 4906">
     <span class='ocr_line' id='line_1_95' title="bbox 202 4831 1791 4906; baseline -0.001 -19"><span class='ocrx_word' id='word_1_701' title='bbox 202 4831 621 4903; x_wconf 78' lang='grc' dir='ltr'>δραγαθήματα</span> <span class='ocrx_word' id='word_1_702' title='bbox 658 4831 1086 4903; x_wconf 84' lang='grc' dir='ltr'>βδελυττόμενοι,</span> <span class='ocrx_word' id='word_1_703' title='bbox 1124 4833 1217 4886; x_wconf 73' lang='grc' dir='ltr'>καὶ</span> <span class='ocrx_word' id='word_1_704' title='bbox 1244 4834 1338 4886; x_wconf 76' lang='grc' dir='ltr'><strong>ἐπὶ</strong></span> <span class='ocrx_word' id='word_1_705' title='bbox 1386 4834 1524 4906; x_wconf 83' lang='grc' dir='ltr'>μόνῃ</span> <span class='ocrx_word' id='word_1_706' title='bbox 1555 4835 1621 4904; x_wconf 75' lang='grc' dir='ltr'>τῇ</span> <span class='ocrx_word' id='word_1_707' title='bbox 1655 4834 1791 4904; x_wconf 87' lang='grc' dir='ltr'>μνή-</span> 
     </span>
    </p>
   </div>
   <div class='ocr_carea' id='block_1_96' title="bbox 207 4921 1788 4994">
    <p class='ocr_par' dir='ltr' id='par_1_96' title="bbox 207 4921 1788 4994">
     <span class='ocr_line' id='line_1_96' title="bbox 207 4921 1788 4994; baseline 0.001 -18"><span class='ocrx_word' id='word_1_708' title='bbox 207 4940 289 4994; x_wconf 81' lang='grc' dir='ltr'>μῃ</span> <span class='ocrx_word' id='word_1_709' title='bbox 321 4922 514 4977; x_wconf 84' lang='grc' dir='ltr'>αὐτῶν</span> <span class='ocrx_word' id='word_1_710' title='bbox 555 4921 968 4993; x_wconf 77' lang='grc' dir='ltr'>δυσχεραίνουσί</span> <span class='ocrx_word' id='word_1_711' title='bbox 987 4939 1048 4977; x_wconf 89' lang='grc' dir='ltr'><strong>τε</strong></span> <span class='ocrx_word' id='word_1_712' title='bbox 1078 4924 1175 4977; x_wconf 80' lang='grc' dir='ltr'>καὶ</span> <span class='ocrx_word' id='word_1_713' title='bbox 1215 4924 1472 4993; x_wconf 79' lang='grc' dir='ltr'>ἄχθονται</span> <span class='ocrx_word' id='word_1_714' title='bbox 1491 4939 1507 4954; x_wconf 86' lang='grc'><strong>·</strong></span> <span class='ocrx_word' id='word_1_715' title='bbox 1541 4923 1666 4977; x_wconf 79' lang='grc' dir='ltr'>ἐπεὶ</span> <span class='ocrx_word' id='word_1_716' title='bbox 1692 4925 1788 4978; x_wconf 76' lang='grc' dir='ltr'>καὶ</span> 
     </span>
    </p>
   </div>
   <div class='ocr_carea' id='block_1_97' title="bbox 206 5010 1790 5085">
    <p class='ocr_par' dir='ltr' id='par_1_97' title="bbox 206 5010 1790 5085">
     <span class='ocr_line' id='line_1_97' title="bbox 206 5010 1790 5085; baseline 0.001 -20"><span class='ocrx_word' id='word_1_717' title='bbox 206 5015 322 5066; x_wconf 83' lang='grc' dir='ltr'>πᾶν</span> <span class='ocrx_word' id='word_1_718' title='bbox 350 5011 562 5080; x_wconf 82' lang='grc' dir='ltr'>ἀγαθὸν</span> <span class='ocrx_word' id='word_1_719' title='bbox 589 5012 824 5079; x_wconf 74' lang='grc' dir='ltr'>φευκτὸν</span> <span class='ocrx_word' id='word_1_720' title='bbox 853 5010 1134 5082; x_wconf 79' lang='grc' dir='ltr'>ἡγοῦνται,</span> <span class='ocrx_word' id='word_1_721' title='bbox 1160 5012 1258 5067; x_wconf 79' lang='grc' dir='ltr'>καὶ</span> <span class='ocrx_word' id='word_1_722' title='bbox 1286 5014 1394 5066; x_wconf 82' lang='grc' dir='ltr'>πᾶν</span> <span class='ocrx_word' id='word_1_723' title='bbox 1416 5011 1621 5082; x_wconf 85' lang='grc' dir='ltr'>φαῦλον</span> <span class='ocrx_word' id='word_1_724' title='bbox 1642 5016 1790 5085; x_wconf 87' lang='grc' dir='ltr'>αίρε-</span> 
     </span>
    </p>
   </div>
   <div class='ocr_carea' id='block_1_98' title="bbox 204 5099 1789 5171">
    <p class='ocr_par' dir='ltr' id='par_1_98' title="bbox 204 5099 1789 5171">
     <span class='ocr_line' id='line_1_98' title="bbox 204 5099 1789 5171; baseline 0 -16"><span class='ocrx_word' id='word_1_725' title='bbox 204 5103 323 5166; x_wconf 69' lang='grc' dir='ltr'>τὸν,</span> <span class='ocrx_word' id='word_1_726' title='bbox 366 5102 465 5155; x_wconf 76' lang='grc' dir='ltr'>καὶ</span> <span class='ocrx_word' id='word_1_727' title='bbox 521 5099 817 5171; x_wconf 83' lang='grc' dir='ltr'>βαρύτατοι</span> <span class='ocrx_word' id='word_1_728' title='bbox 848 5101 1039 5160; x_wconf 75' lang='grc' dir='ltr'>ἀὐτοῖς</span> <span class='ocrx_word' id='word_1_729' title='bbox 1068 5102 1205 5153; x_wconf 83' lang='grc' dir='ltr'>εἰσιν</span> <span class='ocrx_word' id='word_1_730' title='bbox 1227 5101 1277 5152; x_wconf 86' lang='grc' dir='ltr'><strong>οί</strong></span> <span class='ocrx_word' id='word_1_731' title='bbox 1319 5101 1462 5170; x_wconf 80' lang='grc' dir='ltr'>ἂγιοι</span> <span class='ocrx_word' id='word_1_732' title='bbox 1506 5102 1601 5155; x_wconf 77' lang='grc' dir='ltr'>καὶ</span> <span class='ocrx_word' id='word_1_733' title='bbox 1623 5103 1680 5153; x_wconf 84' lang='grc' dir='ltr'>ὲν</span> <span class='ocrx_word' id='word_1_734' title='bbox 1708 5103 1789 5155; x_wconf 84' lang='grc' dir='ltr'>εί·-</span> 
     </span>
    </p>
   </div>
   <div class='ocr_carea' id='block_1_99' title="bbox 204 5189 1789 5264">
    <p class='ocr_par' dir='ltr' id='par_1_99' title="bbox 204 5189 1789 5264">
     <span class='ocr_line' id='line_1_99' title="bbox 204 5189 1789 5264; baseline 0.001 -19"><span class='ocrx_word' id='word_1_735' title='bbox 204 5192 330 5245; x_wconf 87' lang='grc' dir='ltr'>κόνι</span> <span class='ocrx_word' id='word_1_736' title='bbox 372 5190 718 5261; x_wconf 80' lang='grc' dir='ltr'>βλεπόμενοι.</span> <span class='ocrx_word' id='word_1_737' title='bbox 748 5191 813 5242; x_wconf 83' lang='grc' dir='ltr'><strong>Ὢ</strong></span> <span class='ocrx_word' id='word_1_738' title='bbox 832 5190 931 5259; x_wconf 85' lang='grc' dir='ltr'><strong>τῆς</strong></span> <span class='ocrx_word' id='word_1_739' title='bbox 950 5189 1317 5259; x_wconf 80' lang='grc' dir='ltr'>ἀναλγησίαςῐ</span> <span class='ocrx_word' id='word_1_740' title='bbox 1340 5190 1385 5244; x_wconf 84' lang='grc' dir='ltr'><strong>ὣ</strong></span> <span class='ocrx_word' id='word_1_741' title='bbox 1406 5192 1505 5264; x_wconf 81' lang='grc' dir='ltr'>τῆς</span> <span class='ocrx_word' id='word_1_742' title='bbox 1529 5192 1789 5264; x_wconf 87' lang='grc' dir='ltr'>ἀναισθη-</span> 
     </span>
    </p>
   </div>
   <div class='ocr_carea' id='block_1_100' title="bbox 206 5264 1789 5354">
    <p class='ocr_par' dir='ltr' id='par_1_100' title="bbox 206 5264 1789 5354">
     <span class='ocr_line' id='line_1_100' title="bbox 206 5264 1789 5354; baseline 0.001 -21"><span class='ocrx_word' id='word_1_743' title='bbox 206 5281 333 5344; x_wconf 88' lang='grc' dir='ltr'>σίας</span> <span class='ocrx_word' id='word_1_744' title='bbox 362 5282 377 5333; x_wconf 82' lang='lat' dir='ltr'><strong>l</strong></span> <span class='ocrx_word' id='word_1_745' title='bbox 411 5282 524 5334; x_wconf 81' lang='grc' dir='ltr'>πᾶν</span> <span class='ocrx_word' id='word_1_746' title='bbox 560 5279 711 5344; x_wconf 75' lang='grc' dir='ltr'>ἔθνος</span> <span class='ocrx_word' id='word_1_747' title='bbox 738 5281 805 5334; x_wconf 84' lang='grc' dir='ltr'>τὰ</span> <span class='ocrx_word' id='word_1_748' title='bbox 835 5264 913 5351; x_wconf 71' lang='grc' dir='ltr'>τῇ</span> <span class='ocrx_word' id='word_1_749' title='bbox 940 5279 1208 5352; x_wconf 80' lang='grc' dir='ltr'>θρησκείᾳ</span> <span class='ocrx_word' id='word_1_750' title='bbox 1236 5266 1582 5353; x_wconf 70' lang='grc' dir='ltr'>προσήκοντα</span> <span class='ocrx_word' id='word_1_751' title='bbox 1619 5285 1789 5354; x_wconf 79' lang='grc' dir='ltr'>προσ-</span> 
     </span>
    </p>
   </div>
   <div class='ocr_carea' id='block_1_101' title="bbox 208 5370 1790 5443">
    <p class='ocr_par' dir='ltr' id='par_1_101' title="bbox 208 5370 1790 5443">
     <span class='ocr_line' id='line_1_101' title="bbox 208 5370 1790 5443; baseline 0.001 -17"><span class='ocrx_word' id='word_1_752' title='bbox 208 5374 458 5442; x_wconf 84' lang='grc' dir='ltr'>ηκόντώς</span> <span class='ocrx_word' id='word_1_753' title='bbox 490 5373 631 5443; x_wconf 82' lang='grc' dir='ltr'>τιμᾷ</span> <span class='ocrx_word' id='word_1_754' title='bbox 675 5372 769 5426; x_wconf 88' lang='grc' dir='ltr'>καὶ</span> <span class='ocrx_word' id='word_1_755' title='bbox 817 5371 1096 5443; x_wconf 81' lang='grc' dir='ltr'>περιέπει,</span> <span class='ocrx_word' id='word_1_756' title='bbox 1122 5370 1321 5441; x_wconf 80' lang='grc' dir='ltr'>νόμους</span> <span class='ocrx_word' id='word_1_757' title='bbox 1348 5389 1411 5425; x_wconf 86' lang='grc' dir='ltr'><strong>τε</strong></span> <span class='ocrx_word' id='word_1_758' title='bbox 1445 5374 1537 5425; x_wconf 71' lang='grc' dir='ltr'><strong>καὶ</strong></span> <span class='ocrx_word' id='word_1_759' title='bbox 1568 5374 1663 5443; x_wconf 79' lang='grc' dir='ltr'>ἔθη</span> <span class='ocrx_word' id='word_1_760' title='bbox 1697 5374 1790 5427; x_wconf 75' lang='grc' dir='ltr'>καὶ</span> 
     </span>
    </p>
   </div>
   <div class='ocr_carea' id='block_1_102' title="bbox 205 5463 1789 5535">
    <p class='ocr_par' dir='ltr' id='par_1_102' title="bbox 205 5463 1789 5535">
     <span class='ocr_line' id='line_1_102' title="bbox 205 5463 1789 5535; baseline -0.001 -17"><span class='ocrx_word' id='word_1_761' title='bbox 205 5463 310 5529; x_wconf 82' lang='grc' dir='ltr'><strong>τάς</strong></span> <span class='ocrx_word' id='word_1_762' title='bbox 343 5464 556 5519; x_wconf 80' lang='grc' dir='ltr'>ἀνωθεν</span> <span class='ocrx_word' id='word_1_763' title='bbox 607 5464 789 5527; x_wconf 83' lang='grc' dir='ltr'>αὐτοῖς</span> <span class='ocrx_word' id='word_1_764' title='bbox 829 5463 1273 5534; x_wconf 81' lang='grc' dir='ltr'>παραδεδομένας</span> <span class='ocrx_word' id='word_1_765' title='bbox 1307 5466 1364 5517; x_wconf 82' lang='grc' dir='ltr'>ἐν</span> <span class='ocrx_word' id='word_1_766' title='bbox 1391 5463 1470 5532; x_wconf 84' lang='grc' dir='ltr'>τῷ</span> <span class='ocrx_word' id='word_1_767' title='bbox 1513 5465 1612 5534; x_wconf 83' lang='grc' dir='ltr'>βίῳ</span> <span class='ocrx_word' id='word_1_768' title='bbox 1649 5466 1789 5535; x_wconf 79' lang='grc' dir='ltr'>μυή-</span> 
     </span>
    </p>
   </div>
   <div class='ocr_carea' id='block_1_103' title="bbox 210 5553 1790 5627">
    <p class='ocr_par' dir='ltr' id='par_1_103' title="bbox 210 5553 1790 5627">
     <span class='ocr_line' id='line_1_103' title="bbox 210 5553 1790 5627; baseline 0.002 -21"><span class='ocrx_word' id='word_1_769' title='bbox 210 5572 350 5620; x_wconf 84' lang='grc' dir='ltr'>σεις,</span> <span class='ocrx_word' id='word_1_770' title='bbox 405 5553 842 5627; x_wconf 82' lang='grc' dir='ltr'>ἀπαρατρώτους</span> <span class='ocrx_word' id='word_1_771' title='bbox 911 5555 1160 5625; x_wconf 84' lang='grc' dir='ltr'>διατηρεῖ</span> <span class='ocrx_word' id='word_1_772' title='bbox 1186 5569 1199 5582; x_wconf 73' lang='grc' dir='ltr'><strong>ο</strong></span> <span class='ocrx_word' id='word_1_773' title='bbox 1264 5554 1412 5625; x_wconf 73' lang='grc' dir='ltr'>μόνοι</span> <span class='ocrx_word' id='word_1_774' title='bbox 1462 5554 1519 5607; x_wconf 82' lang='grc' dir='ltr'><strong>δὲ</strong></span> <span class='ocrx_word' id='word_1_775' title='bbox 1572 5556 1790 5609; x_wconf 69' lang='grc' dir='ltr'>πάντων</span> 
     </span>
    </p>
   </div>
   <div class='ocr_carea' id='block_1_104' title="bbox 206 5641 1790 5719">
    <p class='ocr_par' dir='ltr' id='par_1_104' title="bbox 206 5641 1790 5719">
     <span class='ocr_line' id='line_1_104' title="bbox 206 5641 1790 5719; baseline 0 -19"><span class='ocrx_word' id='word_1_776' title='bbox 206 5647 557 5717; x_wconf 74' lang='grc' dir='ltr'>Χριστιανοὶ,</span> <span class='ocrx_word' id='word_1_777' title='bbox 584 5649 686 5718; x_wconf 84' lang='grc' dir='ltr'>τῆς</span> <span class='ocrx_word' id='word_1_778' title='bbox 717 5646 784 5700; x_wconf 85' lang='grc' dir='ltr'>δι’</span> <span class='ocrx_word' id='word_1_779' title='bbox 817 5641 885 5719; x_wconf 76' lang='grc' dir='ltr'>ἧς</span> <span class='ocrx_word' id='word_1_780' title='bbox 910 5646 1235 5718; x_wconf 83' lang='grc' dir='ltr'>σεσώσμεθα</span> <span class='ocrx_word' id='word_1_781' title='bbox 1265 5646 1359 5699; x_wconf 88' lang='grc' dir='ltr'><strong>τοῦ</strong></span> <span class='ocrx_word' id='word_1_782' title='bbox 1391 5648 1551 5713; x_wconf 78' lang='grc' dir='ltr'>λόγου</span> <span class='ocrx_word' id='word_1_783' title='bbox 1588 5665 1790 5715; x_wconf 80' lang='grc' dir='ltr'>συγκα·</span> 
     </span>
    </p>
   </div>
   <div class='ocr_carea' id='block_1_105' title="bbox 208 5737 1787 5811">
    <p class='ocr_par' dir='ltr' id='par_1_105' title="bbox 208 5737 1787 5811">
     <span class='ocr_line' id='line_1_105' title="bbox 208 5737 1787 5811; baseline -0.001 -17"><span class='ocrx_word' id='word_1_784' title='bbox 208 5737 521 5805; x_wconf 75' lang='grc' dir='ltr'>τασάσεως,</span> <span class='ocrx_word' id='word_1_785' title='bbox 557 5738 623 5793; x_wconf 79' lang='grc' dir='ltr'>τὰ</span> <span class='ocrx_word' id='word_1_786' title='bbox 655 5737 899 5809; x_wconf 63' lang='grc' dir='ltr'>σύμϐολα</span> <span class='ocrx_word' id='word_1_787' title='bbox 922 5755 983 5792; x_wconf 81' lang='grc' dir='ltr'><strong>τε</strong></span> <span class='ocrx_word' id='word_1_788' title='bbox 1014 5741 1107 5793; x_wconf 76' lang='grc' dir='ltr'><strong>καὶ</strong></span> <span class='ocrx_word' id='word_1_789' title='bbox 1136 5739 1506 5811; x_wconf 80' lang='grc' dir='ltr'>ὑπομνήματα</span> <span class='ocrx_word' id='word_1_790' title='bbox 1534 5740 1787 5811; x_wconf 71' lang='grc' dir='ltr'>ἀνοηταί-</span> 
     </span>
    </p>
   </div>
   <div class='ocr_carea' id='block_1_106' title="bbox 1893 4551 3462 4628">
    <p class='ocr_par' dir='ltr' id='par_1_106' title="bbox 1893 4551 3462 4628">
     <span class='ocr_line' id='line_1_106' title="bbox 1893 4551 3462 4628; baseline 0.002 -18"><span class='ocrx_word' id='word_1_791' title='bbox 1893 4554 2260 4610; x_wconf 76' lang='lat' dir='ltr'><strong>diﬁ‘erentiam</strong></span> <span class='ocrx_word' id='word_1_792' title='bbox 2297 4554 2518 4609; x_wconf 90' lang='lat' dir='ltr'><strong>habent.</strong></span> <span class='ocrx_word' id='word_1_793' title='bbox 2562 4551 2671 4609; x_wconf 87' lang='lat' dir='ltr'><strong>Sed</strong></span> <span class='ocrx_word' id='word_1_794' title='bbox 2711 4554 3053 4609; x_wconf 87' lang='lat' dir='ltr'><strong>notissimum</strong></span> <span class='ocrx_word' id='word_1_795' title='bbox 3081 4564 3191 4622; x_wconf 89' lang='lat' dir='ltr'><strong>est,</strong></span> <span class='ocrx_word' id='word_1_796' title='bbox 3225 4556 3325 4613; x_wconf 87' lang='lat' dir='ltr'><strong>hos</strong></span> <span class='ocrx_word' id='word_1_797' title='bbox 3370 4560 3462 4628; x_wconf 88' lang='lat' dir='ltr'><strong>qui</strong></span> 
     </span>
    </p>
   </div>
   <div class='ocr_carea' id='block_1_107' title="bbox 1889 4645 3464 4720">
    <p class='ocr_par' dir='ltr' id='par_1_107' title="bbox 1889 4645 3464 4720">
     <span class='ocr_line' id='line_1_107' title="bbox 1889 4645 3464 4720; baseline 0.003 -18"><span class='ocrx_word' id='word_1_798' title='bbox 1889 4645 2112 4702; x_wconf 87' lang='lat' dir='ltr'><strong>Christo</strong></span> <span class='ocrx_word' id='word_1_799' title='bbox 2164 4646 2384 4715; x_wconf 86' lang='lat' dir='ltr'><strong>penitus</strong></span> <span class='ocrx_word' id='word_1_800' title='bbox 2426 4647 2545 4700; x_wconf 87' lang='lat' dir='ltr'><strong>vale</strong></span> <span class='ocrx_word' id='word_1_801' title='bbox 2589 4647 2887 4711; x_wconf 78' lang='lat' dir='ltr'><strong>dixerunt,</strong></span> <span class='ocrx_word' id='word_1_802' title='bbox 2921 4647 3211 4703; x_wconf 86' lang='lat' dir='ltr'><strong>beatorum</strong></span> <span class='ocrx_word' id='word_1_803' title='bbox 3248 4666 3464 4720; x_wconf 83' lang='lat' dir='ltr'><strong>quoque</strong></span> 
     </span>
    </p>
   </div>
   <div class='ocr_carea' id='block_1_108' title="bbox 1891 4733 3464 4806">
    <p class='ocr_par' dir='ltr' id='par_1_108' title="bbox 1891 4733 3464 4806">
     <span class='ocr_line' id='line_1_108' title="bbox 1891 4733 3464 4806; baseline 0.006 -19"><span class='ocrx_word' id='word_1_804' title='bbox 1891 4733 2109 4789; x_wconf 88' lang='lat' dir='ltr'><strong>illorum</strong></span> <span class='ocrx_word' id='word_1_805' title='bbox 2127 4735 2367 4789; x_wconf 86' lang='lat' dir='ltr'><strong>virorum</strong></span> <span class='ocrx_word' id='word_1_806' title='bbox 2407 4736 2573 4788; x_wconf 83' lang='lat' dir='ltr'><strong>vitam</strong></span> <span class='ocrx_word' id='word_1_807' title='bbox 2599 4735 2939 4806; x_wconf 79' lang='lat' dir='ltr'><strong>virtutesque</strong></span> <span class='ocrx_word' id='word_1_808' title='bbox 2960 4747 3015 4792; x_wconf 87' lang='lat' dir='ltr'><strong>et</strong></span> <span class='ocrx_word' id='word_1_809' title='bbox 3035 4736 3194 4792; x_wconf 88' lang='lat' dir='ltr'><strong>fortia</strong></span> <span class='ocrx_word' id='word_1_810' title='bbox 3221 4738 3464 4795; x_wconf 77' lang='lat' dir='ltr'><strong>facinora</strong></span> 
     </span>
    </p>
   </div>
   <div class='ocr_carea' id='block_1_109' title="bbox 1891 4825 3464 4902">
    <p class='ocr_par' dir='ltr' id='par_1_109' title="bbox 1891 4825 3464 4902">
     <span class='ocr_line' id='line_1_109' title="bbox 1891 4825 3464 4902; baseline 0.004 -22"><span class='ocrx_word' id='word_1_811' title='bbox 1891 4825 2188 4888; x_wconf 85' lang='lat' dir='ltr'><strong>detestari.</strong></span> <span class='ocrx_word' id='word_1_812' title='bbox 2228 4839 2293 4881; x_wconf 90' lang='lat' dir='ltr'><strong>ac</strong></span> <span class='ocrx_word' id='word_1_813' title='bbox 2317 4826 2403 4881; x_wconf 88' lang='lat' dir='ltr'><strong>vel</strong></span> <span class='ocrx_word' id='word_1_814' title='bbox 2433 4825 2549 4881; x_wconf 88' lang='lat' dir='ltr'><strong>sola</strong></span> <span class='ocrx_word' id='word_1_815' title='bbox 2587 4826 2823 4895; x_wconf 86' lang='lat' dir='ltr'><strong>ipsorum</strong></span> <span class='ocrx_word' id='word_1_816' title='bbox 2855 4830 3117 4884; x_wconf 87' lang='lat' dir='ltr'><strong>memoria</strong></span> <span class='ocrx_word' id='word_1_817' title='bbox 3151 4835 3464 4902; x_wconf 78' lang='lat' dir='ltr'><strong>eanperari</strong></span> 
     </span>
    </p>
   </div>
   <div class='ocr_carea' id='block_1_110' title="bbox 1891 4914 3456 4989">
    <p class='ocr_par' dir='ltr' id='par_1_110' title="bbox 1891 4914 3456 4989">
     <span class='ocr_line' id='line_1_110' title="bbox 1891 4914 3456 4989; baseline 0.001 -17"><span class='ocrx_word' id='word_1_818' title='bbox 1891 4925 1948 4972; x_wconf 93' lang='lat' dir='ltr'><strong>et</strong></span> <span class='ocrx_word' id='word_1_819' title='bbox 1974 4917 2120 4988; x_wconf 89' lang='lat' dir='ltr'><strong>angi.</strong></span> <span class='ocrx_word' id='word_1_820' title='bbox 2155 4914 2290 4971; x_wconf 86' lang='lat' dir='ltr'><strong>Nam</strong></span> <span class='ocrx_word' id='word_1_821' title='bbox 2329 4916 2597 4987; x_wconf 88' lang='lat' dir='ltr'><strong>quidquid</strong></span> <span class='ocrx_word' id='word_1_822' title='bbox 2628 4918 2784 4973; x_wconf 69' lang='lat' dir='ltr'><strong>bonae</strong></span> <span class='ocrx_word' id='word_1_823' title='bbox 2816 4917 2988 4989; x_wconf 82' lang='lat' dir='ltr'><strong>frugis</strong></span> <span class='ocrx_word' id='word_1_824' title='bbox 3020 4931 3106 4976; x_wconf 86' lang='lat' dir='ltr'><strong>est</strong></span> <span class='ocrx_word' id='word_1_825' title='bbox 3131 4961 3145 4983; x_wconf 93' lang='lat'><strong>,</strong></span> <span class='ocrx_word' id='word_1_826' title='bbox 3179 4923 3456 4975; x_wconf 83' lang='lat' dir='ltr'><strong>vitandum</strong></span> 
     </span>
    </p>
   </div>
   <div class='ocr_carea' id='block_1_111' title="bbox 1894 5010 3462 5082">
    <p class='ocr_par' dir='ltr' id='par_1_111' title="bbox 1894 5010 3462 5082">
     <span class='ocr_line' id='line_1_111' title="bbox 1894 5010 3462 5082; baseline 0.003 -19"><span class='ocrx_word' id='word_1_827' title='bbox 1894 5018 2151 5077; x_wconf 87' lang='lat' dir='ltr'><strong>censent,</strong></span> <span class='ocrx_word' id='word_1_828' title='bbox 2190 5010 2388 5064; x_wconf 88' lang='lat' dir='ltr'><strong>malum</strong></span> <span class='ocrx_word' id='word_1_829' title='bbox 2419 5010 2580 5080; x_wconf 76' lang='lat'><strong>130</strong></span> <span class='ocrx_word' id='word_1_830' title='bbox 2607 5023 2798 5066; x_wconf 89' lang='lat' dir='ltr'><strong>contra</strong></span> <span class='ocrx_word' id='word_1_831' title='bbox 2822 5012 3154 5082; x_wconf 88' lang='lat' dir='ltr'><strong>eligendum,</strong></span> <span class='ocrx_word' id='word_1_832' title='bbox 3191 5015 3462 5069; x_wconf 91' lang='lat' dir='ltr'><strong>molestis-</strong></span> 
     </span>
    </p>
   </div>
   <div class='ocr_carea' id='block_1_112' title="bbox 1896 5100 3461 5174">
    <p class='ocr_par' dir='ltr' id='par_1_112' title="bbox 1896 5100 3461 5174">
     <span class='ocr_line' id='line_1_112' title="bbox 1896 5100 3461 5174; baseline 0.004 -20"><span class='ocrx_word' id='word_1_833' title='bbox 1896 5100 2128 5171; x_wconf 89' lang='lat' dir='ltr'><strong>simique</strong></span> <span class='ocrx_word' id='word_1_834' title='bbox 2164 5102 2294 5171; x_wconf 87' lang='lat' dir='ltr'><strong>ipsis</strong></span> <span class='ocrx_word' id='word_1_835' title='bbox 2315 5104 2487 5157; x_wconf 89' lang='lat' dir='ltr'><strong>sancti</strong></span> <span class='ocrx_word' id='word_1_836' title='bbox 2515 5112 2643 5158; x_wconf 91' lang='lat' dir='ltr'><strong>sunt</strong></span> <span class='ocrx_word' id='word_1_837' title='bbox 2675 5104 2839 5159; x_wconf 89' lang='lat' dir='ltr'><strong>etiam</strong></span> <span class='ocrx_word' id='word_1_838' title='bbox 2871 5105 2922 5157; x_wconf 93' lang='lat' dir='ltr'><strong>in</strong></span> <span class='ocrx_word' id='word_1_839' title='bbox 2949 5104 3183 5173; x_wconf 83' lang='lat' dir='ltr'><strong>imagine</strong></span> <span class='ocrx_word' id='word_1_840' title='bbox 3211 5107 3461 5174; x_wconf 76' lang='lat' dir='ltr'><strong>spectati.</strong></span> 
     </span>
    </p>
   </div>
   <div class='ocr_carea' id='block_1_113' title="bbox 1891 5193 3464 5266">
    <p class='ocr_par' dir='ltr' id='par_1_113' title="bbox 1891 5193 3464 5266">
     <span class='ocr_line' id='line_1_113' title="bbox 1891 5193 3464 5266; baseline 0.002 -16"><span class='ocrx_word' id='word_1_841' title='bbox 1891 5193 1936 5250; x_wconf 91' lang='grc' dir='ltr'>Ο</span> <span class='ocrx_word' id='word_1_842' title='bbox 1960 5193 2345 5250; x_wconf 81' lang='lat' dir='ltr'><strong>stoliditatem!</strong></span> <span class='ocrx_word' id='word_1_843' title='bbox 2390 5208 2424 5250; x_wconf 91' lang='grc' dir='ltr'><strong>ο</strong></span> <span class='ocrx_word' id='word_1_844' title='bbox 2450 5203 2724 5262; x_wconf 82' lang='lat' dir='ltr'><strong>stuporem</strong></span> <span class='ocrx_word' id='word_1_845' title='bbox 2747 5196 2761 5249; x_wconf 75' lang='grc' dir='ltr'><strong>ί</strong></span> <span class='ocrx_word' id='word_1_846' title='bbox 2816 5194 3203 5264; x_wconf 70' lang='lat' dir='ltr'><strong>Unusquisque</strong></span> <span class='ocrx_word' id='word_1_847' title='bbox 3231 5198 3464 5266; x_wconf 88' lang='lat' dir='ltr'><strong>populus</strong></span> 
     </span>
    </p>
   </div>
   <div class='ocr_carea' id='block_1_114' title="bbox 1892 5286 3467 5357">
    <p class='ocr_par' dir='ltr' id='par_1_114' title="bbox 1892 5286 3467 5357">
     <span class='ocr_line' id='line_1_114' title="bbox 1892 5286 3467 5357; baseline 0.003 -17"><span class='ocrx_word' id='word_1_848' title='bbox 1892 5300 1980 5340; x_wconf 91' lang='lat' dir='ltr'><strong>res</strong></span> <span class='ocrx_word' id='word_1_849' title='bbox 2029 5299 2189 5340; x_wconf 86' lang='lat' dir='ltr'><strong>sacro</strong></span> <span class='ocrx_word' id='word_1_850' title='bbox 2241 5286 2410 5341; x_wconf 90' lang='lat' dir='ltr'><strong>cultui</strong></span> <span class='ocrx_word' id='word_1_851' title='bbox 2443 5301 2709 5357; x_wconf 79' lang='lat' dir='ltr'><strong>congruas</strong></span> <span class='ocrx_word' id='word_1_852' title='bbox 2744 5296 3109 5357; x_wconf 78' lang='lat' dir='ltr'><strong>congruenter</strong></span> <span class='ocrx_word' id='word_1_853' title='bbox 3145 5288 3374 5344; x_wconf 86' lang='lat' dir='ltr'><strong>honorat</strong></span> <span class='ocrx_word' id='word_1_854' title='bbox 3412 5304 3467 5345; x_wconf 86' lang='lat' dir='ltr'><strong>et</strong></span> 
     </span>
    </p>
   </div>
   <div class='ocr_carea' id='block_1_115' title="bbox 1892 5376 3467 5448">
    <p class='ocr_par' dir='ltr' id='par_1_115' title="bbox 1892 5376 3467 5448">
     <span class='ocr_line' id='line_1_115' title="bbox 1892 5376 3467 5448; baseline 0.006 -21"><span class='ocrx_word' id='word_1_855' title='bbox 1892 5376 2064 5441; x_wconf 82' lang='lat' dir='ltr'><strong>colit,</strong></span> <span class='ocrx_word' id='word_1_856' title='bbox 2100 5376 2281 5447; x_wconf 79' lang='lat' dir='ltr'><strong>leges,</strong></span> <span class='ocrx_word' id='word_1_857' title='bbox 2332 5377 2469 5431; x_wconf 90' lang='lat' dir='ltr'><strong>ritus</strong></span> <span class='ocrx_word' id='word_1_858' title='bbox 2498 5416 2513 5440; x_wconf 95' lang='lat'><strong>,</strong></span> <span class='ocrx_word' id='word_1_859' title='bbox 2549 5378 2777 5430; x_wconf 87' lang='lat' dir='ltr'><strong>traditas</strong></span> <span class='ocrx_word' id='word_1_860' title='bbox 2812 5378 2942 5447; x_wconf 88' lang='lat' dir='ltr'><strong>ipsis</strong></span> <span class='ocrx_word' id='word_1_861' title='bbox 2988 5378 3289 5448; x_wconf 86' lang='lat' dir='ltr'><strong>antiquitus</strong></span> <span class='ocrx_word' id='word_1_862' title='bbox 3344 5381 3467 5437; x_wconf 62' lang='lat' dir='ltr'><strong>vitae</strong></span> 
     </span>
    </p>
   </div>
   <div class='ocr_carea' id='block_1_116' title="bbox 1894 5466 3469 5535">
    <p class='ocr_par' dir='ltr' id='par_1_116' title="bbox 1894 5466 3469 5535">
     <span class='ocr_line' id='line_1_116' title="bbox 1894 5466 3469 5535; baseline 0.006 -16"><span class='ocrx_word' id='word_1_863' title='bbox 1894 5467 2116 5535; x_wconf 63' lang='lat' dir='ltr'><strong>agenda</strong></span> <span class='ocrx_word' id='word_1_864' title='bbox 2160 5466 2439 5521; x_wconf 85' lang='lat' dir='ltr'><strong>doctrinas</strong></span> <span class='ocrx_word' id='word_1_865' title='bbox 2482 5467 2767 5522; x_wconf 82' lang='lat' dir='ltr'><strong>inviolatas</strong></span> <span class='ocrx_word' id='word_1_866' title='bbox 2802 5468 3140 5525; x_wconf 88' lang='lat' dir='ltr'><strong>custodiunt.</strong></span> <span class='ocrx_word' id='word_1_867' title='bbox 3190 5470 3304 5527; x_wconf 83' lang='lat' dir='ltr'><strong>Soli</strong></span> <span class='ocrx_word' id='word_1_868' title='bbox 3352 5489 3469 5528; x_wconf 83' lang='lat' dir='ltr'><strong>om-</strong></span> 
     </span>
    </p>
   </div>
   <div class='ocr_carea' id='block_1_117' title="bbox 1895 5556 3467 5636">
    <p class='ocr_par' dir='ltr' id='par_1_117' title="bbox 1895 5556 3467 5636">
     <span class='ocr_line' id='line_1_117' title="bbox 1895 5556 3467 5636; baseline 0.003 -21"><span class='ocrx_word' id='word_1_869' title='bbox 1895 5556 2041 5615; x_wconf 70' lang='lat' dir='ltr'><strong>nium</strong></span> <span class='ocrx_word' id='word_1_870' title='bbox 2072 5556 2368 5612; x_wconf 88' lang='lat' dir='ltr'><strong>Christiani</strong></span> <span class='ocrx_word' id='word_1_871' title='bbox 2403 5557 2620 5622; x_wconf 67' lang='lat' dir='ltr'><strong>divinae,</strong></span> <span class='ocrx_word' id='word_1_872' title='bbox 2649 5574 2753 5629; x_wconf 84' lang='lat' dir='ltr'><strong>qua</strong></span> <span class='ocrx_word' id='word_1_873' title='bbox 2781 5559 2913 5615; x_wconf 87' lang='lat' dir='ltr'><strong>salvi</strong></span> <span class='ocrx_word' id='word_1_874' title='bbox 2936 5576 3145 5627; x_wconf 89' lang='lat' dir='ltr'><strong>sumus,</strong></span> <span class='ocrx_word' id='word_1_875' title='bbox 3184 5563 3467 5636; x_wconf 79' lang='lat' dir='ltr'><strong>indulgen-</strong></span> 
     </span>
    </p>
   </div>
   <div class='ocr_carea' id='block_1_118' title="bbox 1897 5648 3466 5726">
    <p class='ocr_par' dir='ltr' id='par_1_118' title="bbox 1897 5648 3466 5726">
     <span class='ocr_line' id='line_1_118' title="bbox 1897 5648 3466 5726; baseline 0.008 -25"><span class='ocrx_word' id='word_1_876' title='bbox 1897 5648 1983 5709; x_wconf 60' lang='lat' dir='ltr'><strong>tiae</strong></span> <span class='ocrx_word' id='word_1_877' title='bbox 2017 5649 2264 5716; x_wconf 75' lang='lat' dir='ltr'><strong>symbols</strong></span> <span class='ocrx_word' id='word_1_878' title='bbox 2296 5659 2350 5704; x_wconf 91' lang='lat' dir='ltr'><strong>et</strong></span> <span class='ocrx_word' id='word_1_879' title='bbox 2379 5661 2729 5704; x_wconf 88' lang='lat' dir='ltr'><strong>monumenta</strong></span> <span class='ocrx_word' id='word_1_880' title='bbox 2762 5652 2928 5707; x_wconf 85' lang='lat' dir='ltr'><strong>stulte</strong></span> <span class='ocrx_word' id='word_1_881' title='bbox 2951 5655 3294 5724; x_wconf 81' lang='lat' dir='ltr'><strong>despiciunt;</strong></span> <span class='ocrx_word' id='word_1_882' title='bbox 3329 5675 3466 5726; x_wconf 82' lang='lat' dir='ltr'><strong>quos</strong></span> 
     </span>
    </p>
   </div>
   <div class='ocr_carea' id='block_1_119' title="bbox 1894 5741 3467 5820">
    <p class='ocr_par' dir='ltr' id='par_1_119' title="bbox 1894 5741 3467 5820">
     <span class='ocr_line' id='line_1_119' title="bbox 1894 5741 3467 5820; baseline 0.009 -25"><span class='ocrx_word' id='word_1_883' title='bbox 1894 5751 2164 5796; x_wconf 81' lang='lat' dir='ltr'><strong>ouortcret</strong></span> <span class='ocrx_word' id='word_1_884' title='bbox 2204 5741 2575 5799; x_wconf 77' lang='lat' dir='ltr'><strong>vehementius</strong></span> <span class='ocrx_word' id='word_1_885' title='bbox 2614 5743 2726 5799; x_wconf 65' lang='lat' dir='ltr'><strong>haec</strong></span> <span class='ocrx_word' id='word_1_886' title='bbox 2757 5746 2957 5816; x_wconf 79' lang='lat' dir='ltr'><strong>colere,</strong></span> <span class='ocrx_word' id='word_1_887' title='bbox 2993 5762 3152 5820; x_wconf 67' lang='lat' dir='ltr'><strong>quam</strong></span> <span class='ocrx_word' id='word_1_888' title='bbox 3183 5765 3278 5807; x_wconf 87' lang='lat' dir='ltr'><strong>sua</strong></span> <span class='ocrx_word' id='word_1_889' title='bbox 3309 5763 3467 5809; x_wconf 66' lang='lat' dir='ltr'><strong>caete-</strong></span> 
     </span>
    </p>
   </div>
   <div class='ocr_carea' id='block_1_120' title="bbox 2502 5828 3267 5849">
    <p class='ocr_par' dir='ltr' id='par_1_120' title="bbox 2502 5828 3267 5849">
     <span class='ocr_line' id='line_1_120' title="bbox 2502 5828 3267 5849; baseline 0 0"><span class='ocrx_word' id='word_1_890' title='bbox 2502 5828 2505 5831; x_wconf 67' lang='grc'><em>“</em></span> <span class='ocrx_word' id='word_1_891' title='bbox 3254 5828 3267 5849; x_wconf 82' lang='grc' dir='ltr'><em>Ι</em></span> 
     </span>
    </p>
   </div>
  </div>
