3898 6150
447 264 554 331 487

1474 256 1535 317 s.
1574 206 1991 315 Nlcsrnom
2026 244 2532 313 mmmam:
2567 243 2677 308 cr.

3597 240 3698 307 £88

405 385 407 388 ‘
450 394 577 444 ros;
609 375 734 449 quia
757 384 814 429 et
832 386 977 427 verae
999 369 1252 429 utilitatis
1276 366 1521 423 notitiam
1552 381 1652 422 nos
1677 381 1787 435 prae
1811 365 2025 420 caeteris
2053 411 2060 424 ,

2165 379 2310 425 οντες
2332 361 2687 416 διαπτύουσιν
2706 374 2720 390 ⁸
2753 357 2847 422 οὓς
2876 356 2986 410 ἔδει
3016 355 3176 411 πλέον
3198 357 3371 411 ταῦτα
3397 357 3700 431 γεραίρειν,

458 469 714 527 omnibus
756 466 1050 537 pleniorem
1084 462 1396 526 hausimus;
1445 460 1645 530 quippe
1677 459 1769 529 qui
1811 470 1866 512 et
1907 472 2030 513 esse

460 563 657 630 Deum,
691 569 746 617 et
774 559 1015 616 omnium
1047 570 1226 611 rerum
1257 568 1479 610 causam
1511 567 1635 608 esse
1659 551 2028 606 continentem

458 665 514 712 et
536 654 994 710 conservatricem
1019 648 1312 704 credimus.
1346 644 1483 710 Hoc,
1511 646 1758 715 inquam,
1786 640 2032 698 nisil‘aci-

422 728 435 791 ἰ
466 763 627 812 mus,
677 759 856 801 nonne
906 757 1177 798 summum
1235 740 1532 811 impietatis
1572 748 1735 806 atque
1778 735 2029 792 atbeismi

420 4984 449 5001 Ι

460 839 672 894 culmen
699 836 974 891 tenemus!

534 1016 623 1071 62.
660 1017 887 1084 Dignum
916 1012 1122 1083 judico,
1152 1011 1352 1067 idoneo
1376 1023 1520 1064 nunc
1550 1016 1814 1077 tempore,
1850 1004 2036 1059 dicere

467 1109 637 1164 etiam
667 1107 939 1176 quodnam
972 1106 1027 1159 bi
1060 1105 1338 1159 hominum
1369 1115 1540 1171 genus
1578 1101 1722 1163 sint,
1756 1108 1812 1154 et
1843 1098 2033 1166 cujus-

467 1216 592 1255 nam
631 1202 756 1253 vitae
789 1213 853 1253 ac
885 1212 1094 1252 morum
1122 1213 1138 1262 ;
1184 1210 1247 1250 ac
1275 1193 1441 1248 veluti
1475 1193 1722 1260 catalogo
1763 1204 2035 1262 exponere

474 1292 654 1347 studia
684 1305 870 1344 eorum
905 1297 961 1343 et
1000 1287 1420 1356 occupationes;
1469 1298 1698 1354 quormn
1728 1297 1796 1336 ex
1841 1282 1952 1336 vita
1982 1288 2039 1335 et

2130 455 2165 525 ἢ
2198 454 2268 508 τά
2322 450 2534 506 ἑαυτῶν
2590 447 2994 520 ἑτέρουςοὲπεὶ
3047 448 3143 501 καὶ
3186 448 3286 519 τὴν
3335 447 3545 516 γνῶσιν
3597 450 3704 501 τῶν

2131 545 2542 616 συμφερόντων,
2571 541 2681 594 τῶν
2704 540 2881 595 ἄλλων
2901 540 3158 594 ἀπάντων
3183 537 3347 591 πλέον
3378 538 3707 609 εἰλήφαμεν,

2132 634 2323 704 ὥσπερ
2369 635 2502 703 ἡμῖν
2534 630 2631 685 καὶ⁹
2680 631 2762 683 ὅτι
2819 628 2933 682 ἔστι
2972 626 3127 691 Θεὸς,
3158 627 3255 680 καὶ⁵
3286 625 3511 680 πάντων
3561 628 3711 679 αἰτία

2135 725 2429 793 συνεκτική
2481 740 2543 776 τε
2585 722 2683 775 καὶ
2719 718 3466 791 φρουρητικὴ-πεπίστευται
3489 734 3504 747 ·
3540 717 3713 772 ταῦτα

2134 823 2298 886 ποίας
2360 821 2708 892 παρανομίας
2789 818 2884 873 καὶ
2963 818 3153 881 ἀθεῒας
3232 815 3541 888 ὑπερϐολὴν
3615 816 3715 884 οὐχ

2138 914 2426 986 ὕπεραίρει
2446 916 2461 968 ι

2207 1005 2307 1077 ξβ’.
2373 1004 2557 1070 Ἄξιον
2593 1003 2651 1057 δὲ
2688 997 2843 1071 οἶμαι
2886 1001 3172 1065 ἐνστάντος
3210 996 3407 1068 καιροῦ
3435 997 3534 1051 καὶ
3557 996 3719 1050 τοῦτο

2134 1099 2333 1160 εἰπεῖν,
2361 1095 2507 1159 τίνες
2546 1112 2608 1148 τε
2653 1087 2802 1166 οὗτοί
2850 1095 2977 1158 είσι,
3010 1097 3104 1146 καὶ
3143 1092 3242 1162 τῆς
3279 1091 3439 1153 ποίας
3485 1089 3720 1157 ἀγωγῆς

2136 1191 2234 1242 καὶ
2282 1185 2546 1257 βιώσεως,
2578 1184 2676 1238 καὶ
2716 1183 2793 1247 ὡς
2826 1185 2885 1236 ὲν
2922 1182 3210 1252 καταλόγῳ
3251 1181 3355 1234 τινί
3398 1181 3467 1233 τὰ
3508 1179 3723 1232 τούτων

2136 1276 2478 1348 ἀνακηρύξαι
2502 1274 2834 1347 φρονήματά
2868 1292 2928 1328 τε
2952 1276 3048 1328 καὶ
3073 1272 3485 1344 ἐπιτηδεύματα
3507 1288 3523 1302 ·
3555 1264 3725 1326 ὧνὲκ

470 1381 696 1450 reliquis
746 1379 1043 1444 institutis,
1092 1379 1343 1447 dogmata
1388 1390 1604 1445 quoque
1635 1373 2037 1437 inclarescent;

2165 1370 2233 1422 ὀὗ
2269 1368 2473 1439 τρόπον
2511 1366 2726 1421 καὶτοῦ
2759 1366 2874 1437 βίου
2905 1366 3124 1450 καὶτῆς
3145 1365 3312 1433 ἄλλης
3349 1363 3722 1434 ἀναστροφῆς.

471 1487 708 1540 namque
732 1486 798 1525 ex
830 1469 1009 1523 fructu
1047 1446 1210 1522 arbor
1239 1475 1620 1538 cognoscetur.
1649 1464 1812 1534 Ergo,
1842 1472 1902 1517 ut
1923 1476 2041 1517 eer-

2165 1461 2234 1515 ιαὶ
2262 1460 2331 1515 τὰ
2353 1457 2745 1528 τοῦδόγματος
2788 1446 3016 1527 ἐμφανῆ
3043 1456 3450 1525 καταστήσεται
3483 1472 3498 1486 ο
3525 1456 3593 1507 ἐκ
3617 1453 3727 1525 γὰρ

467 1565 688 1628 nimus,
731 1560 983 1632 plerique
1016 1561 1207 1614 borum
1245 1558 1387 1613 nulla
1443 1557 1671 1613 scientia
1702 1552 2038 1609 autiustilu-

2165 1556 2234 1609 οῦ
2287 1555 2502 1627 καρποῦ
2560 1554 2623 1608 τὸ
2659 1553 2874 1624 δένδρον
2908 1550 3306 1621 γνωσθήσεται.
3363 1551 3454 1613 Ὠς
3505 1548 3729 1620 ὁρῶμεν

477 1655 629 1708 tione
654 1653 846 1707 imbuti
873 1663 1023 1716 sunt,
1058 1660 1218 1718 atque
1253 1649 1367 1718 ipsa
1398 1648 1790 1702 elementorum
1823 1644 2037 1699 nomina

2165 1649 2249 1718 ’ἀρ
2290 1648 2341 1701 oi.
2381 1645 2601 1710 πλείους
2645 1646 2825 1699 αὐτῶν
2877 1642 3132 1712 γνώσεως
3173 1643 3206 1713 ἢ
3259 1642 3598 1704 παιδεύσεως
3631 1640 3734 1710 τῆς

470 1748 746 1816 ignorant,
773 1745 882 1798 imo
909 1743 1072 1797 etiam
1104 1756 1290 1795 earum
1315 1754 1497 1795 rerum
1522 1738 1794 1793 studiosos
1815 1734 2045 1790 subsan-

2165 1739 2396 1794 moocoﬁv
2425 1741 2627 1811 ἥκιστα
2660 1735 3138 1807 μεταποιούμενοι,
3175 1734 3271 1787 καὶ
3301 1733 3410 1786 τῶν
3445 1733 3734 1801 στοιχείων

473 1849 610 1893 naut
648 1846 811 1904 atque
850 1832 1173 1903 obiurgant,
1224 1846 1347 1886 nam
1391 1829 1728 1899 disciplinam
1762 1838 1918 1896 atque
1954 1842 2047 1880 sa-

2165 1828 2329 1881 ιύτῶν
2383 1827 2484 1892 τὰς
2542 1826 2842 1896 ὀνομασίας
2890 1822 3248 1893 ⁴ἠγνοηκότες,
3299 1821 3400 1893 ήδη
3454 1822 3555 1874 καὶ
3607 1819 3737 1884 τοὺς

471 1929 727 1998 ρίρηιὶοηι
743 1926 890 1995 impii
913 1926 1197 1991 despiciant
1221 1963 1238 1989 ,
1261 1924 1337 1976 uti
1369 1916 1747 1990 script-tut‘est
1770 1920 1839 1973 ⁷³.
1865 1918 2049 1972 liudes

2165 1917 2545 1987 Ξιντεχομένους
2570 1913 2967 1986 μυκτηρίζουσι
2985 1913 3080 1966 καὶ
3098 1910 3382 1975 κακίζουσι
3403 1926 3421 1943 ο
3447 1908 3738 1964 Παιδείαν

473 2034 607 2087 ergo
646 2033 771 2072 cum
822 2017 931 2071 sint.
967 2027 1022 2069 et
1072 2016 1282 2084 ignari,
1322 2015 1756 2082 intemperanter
1808 2009 2048 2065 inconti-

477 2120 783 2175 nenterque
812 2107 866 2160 in
901 2105 1047 2160 omni
1079 2105 1189 2157 vita
1221 2105 1433 2172 degunt
1465 2119 1481 2156 :
1517 2101 1832 2170 nullumque
1863 2098 2053 2168 nequi-

480 2202 570 2255 tiae
624 2213 800 2268 genus
847 2206 1140 2258 recusant,
1195 2196 1394 2249 suimet
1448 2205 1754 2258 amatores,
1812 2191 2054 2261 pecuniae

489 2292 696 2359 cupidi,
722 2290 866 2353 vani,
893 2288 1132 2356 superbi,
1172 2286 1470 2355 blasphemi
1508 2284 1641 2354 (Ἠ),
1674 2293 2052 2346 contumaces,

480 2381 702 2452 ingrati,
734 2377 975 2448 profani,
1006 2378 1124 2430 sine
1164 2375 1449 2430 affectione
1481 2391 1547 2430 ac
1592 2374 1818 2438 ﬁndere,
1851 2373 2057 2426 calum-

479 2472 768 2537 niatores,
820 2469 1262 2532 incontinentes,
1314 2466 1482 2533 saevi,
1528 2467 1704 2519 omnis
1763 2466 1917 2519 bona:
1977 2462 2056 2516 rei

482 2578 694 2629 osores,
722 2559 985 2629 protervi,
1006 2569 1344 2629 arrogantes,
1374 2559 1667 2629 voluptatis
1696 2561 1873 2629 potius
1895 2572 2055 2626 quam

480 2655 575 2711 Dei
601 2664 898 2708 amatores.
931 2650 1036 2706 Sed
1059 2667 1222 2721 parva
1253 2659 1382 2706 sunt
1408 2651 1545 2715 hinc,
1578 2651 1793 2705 etiamsi
1821 2649 2059 2704 maxime

484 2746 960 2818 repreliensibilia,
987 2746 1131 2813 apud
1160 2761 1282 2799 eum
1310 2746 1401 2814 qui
1427 2744 1731 2814 lmjusmodi
1753 2742 2057 2811 catalogum

483 2838 832 2894 seribenduin
881 2835 1131 2905 suscipit.
1167 2836 1372 2889 Addam
1405 2836 1566 2888 etiam
1595 2877 1609 2900 ,
1649 2834 1748 2889 bos
1775 2848 1897 2888 esse
1928 2847 2060 2888 con-

484 2931 774 2984 viciatores
798 2969 814 2996 ,
843 2928 1323 2992 iunuisericordes,
1357 2927 1634 2995 juratores
1669 2927 1895 2996 passim,
1935 2942 2061 2996 per-

2151 2009 2260 2078 γάρ
2294 2008 2393 2061 καὶ
2446 2009 2672 2076 σοφίαν
2717 2005 2956 2071 ἀσεϐεῖς
3000 2003 3500 2069 ἐξουθενήσονσι,
3528 2004 3739 2073 γέγρα-

2152 2118 2287 2154 πται
2326 2116 2342 2133 ·
2382 2099 2616 2170 ἀμαθεῖς
2655 2099 2712 2152 δὲ
2755 2099 2909 2160 ὄντες
2956 2099 3050 2151 καὶ
3096 2097 3436 2162 ἀπαίδευτοι,
3469 2094 3738 2167 ἀκολασίᾳ

2154 2193 2249 2247 καὶ
2286 2192 2495 2262 ἀσωτίᾳ.
2526 2190 2680 2261 παρά
2722 2189 2902 2243 πάντα
2943 2190 3035 2242 τὸν
3071 2188 3186 2257 βίον
3216 2189 3420 2250 συζῶσι
3451 2206 3467 2220 ο
3501 2189 3601 2243 καὶ
3637 2190 3739 2242 οὐκ

2155 2284 2300 2338 ἔστιν
2317 2284 2346 2337 ὃ
2368 2284 2444 2353 μὴ
2462 2283 2572 2337 τῶν
2596 2284 2820 2352 φαύλων
2848 2284 3032 2346 αὐτοῖς
3054 2283 3269 2352 αἱρετόν
3290 2283 3431 2344 ἐστι,
3457 2281 3737 2348 φίλαυτοι,

2156 2378 2526 2450 φιλάργυροι,
2581 2376 2877 2443 ἀλαζόνες,
2940 2377 3329 2447 ὑπερήφανοι,
3379 2373 3739 2444 βλάσφημοι,

2156 2471 2428 2535 ἀπειθεῖς,
2469 2471 2779 2543 ἀχάριστοι,
2834 2469 3063 2532 ἀνόσιοι,
3118 2469 3403 2538 ἄστοργοι,
3454 2466 3739 2529 ἄσπονδοι,

2158 2560 2420 2626 διάϐολοι,
2471 2561 2756 2628 ἀκρατεῖς,
2789 2557 3079 2628 ἀνήμεροι,
3121 2556 3484 2626 ἀφιλάγαθοι,
3530 2572 3742 2627 προπε-

2157 2657 2293 2719 τεῖς,
2324 2653 2722 2723 τετυφωμένοι,
2745 2653 3017 2723 φιλήδονοι
3040 2650 3287 2721 μᾶλλονῆ
3308 2650 3581 2719 φιλόθεοι·
3605 2649 3743 2703 ἀλλά

2165 2744 2343 2817 μικρὰ
2373 2746 2570 2811 ταῦτα,
2607 2746 2790 2800 καίτοι
2821 2745 3055 2814 μέγιστα
3082 2745 3164 2807 εἰς
3195 2743 3563 2813 κατηγορίαν,
3589 2743 3744 2811 παρὰ

2159 2840 2238 2911 τῷ
2284 2842 2588 2910 γεγραφότι
2641 2837 2871 2892 τουτωνὶ
2906 2837 3000 2891 τὸν
3051 2836 3353 2905 κατάλογον
3388 2852 3404 2868 ο
3441 2835 3745 2906 προσθείην

2159 2933 2206 2986 δ’
2238 2931 2305 2986 ἂν
2336 2933 2417 2985 ὅτι
2453 2931 2550 2984 καὶ
2586 2929 2817 3000 λοίδοροι
2863 2928 2960 2982 καὶ
3000 2927 3386 2998 άνελεήμονες,
3419 2925 3745 2999 πολύορκοι,

482 3023 658 3094 jnros,
689 3021 1007 3090 sacrilegos,
1037 3020 1395 3089 pompaticos,
1419 3035 1571 3073 vana:
1592 3020 1780 3091 gloria)
1804 3020 2056 3088 cupidos,

2165 3024 2432 3091 ἐπίορκοι,
2458 3020 2744 3091 ἱερόσυλοι,
2765 3019 3107 3090 φιλόκοσμοι,
3129 3017 3420 3087 φιλόδοξοι,
3447 3018 3741 3088 πρόσυλοι,

491 3112 725 3166 terrenis
751 3111 912 3164 rebus
934 3111 1202 3173 addictos,
1223 3111 1402 3163 anima
1421 3126 1482 3164 ac
1500 3123 1679 3165 mente
1699 3110 2055 3178 ell'eminatos,

489 3203 758 3267 ebriosos,
788 3202 1056 3271 stupidus,
1097 3203 1345 3267 stolidos,
1383 3216 1636 3269 vesanos,
1673 3203 1923 3258 carnales
1943 3219 2061 3257 mn-

496 3297 629 3352 nino
671 3304 729 3349 et
750 3295 822 3349 ad
855 3294 1038 3348 infima
1064 3310 1289 3362 quaeque
1321 3309 1520 3363 pronos
1553 3312 1567 3348 :
1596 3297 1795 3348 mundo
1825 3306 1879 3349 et
1908 3311 2062 3349 mun-

494 3387 650 3443 danis
680 3388 840 3441 rebus
862 3386 1181 3449 devinctosg,
1215 3386 1388 3439 ventri
1422 3395 1631 3438 tantum
1660 3386 2020 3441 iuservientes
2042 3424 2058 3447 ,

495 3489 552 3533 et
606 3480 847 3532 omnium
893 3477 959 3530 ad
1013 3486 1256 3531 ventrem
1306 3476 1696 3546 pertinentium
1749 3478 2060 3544 studiosos,

498 3578 680 3637 utpote
721 3566 1011 3637 pecudales
1042 3578 1097 3621 et
1129 3568 1533 3622 irrationaliunt
1568 3569 1866 3624 bestiarum
1896 3569 2060 3623 vitam

497 3661 840 3715 acmulautes.
876 3658 1016 3714 Sunt
1041 3670 1303 3729 premeres
1335 3669 1521 3732 turpes
1544 3662 1598 3715 in
1635 3661 1979 3726 occursibus,
2008 3661 2063 3715 in

497 3768 754 3809 sermone
785 3763 968 3808 autem
1006 3764 1063 3809 et
1091 3755 1508 3809 conversatione
1533 3755 1807 3825 turpiores
1839 3771 1854 3809 :
1884 3754 2065 3809 verbis

500 3858 789 3913 pugnaees,
825 3845 1065 3899 iracundi
1088 3885 1103 3910 ,
1129 3847 1484 3912 contentiosi,
1511 3844 1710 3916 jurgiis
1738 3847 2061 3917 gaudentes,

498 3944 554 3992 et
594 3935 769 3991 aliena
792 3939 913 4005 jura
951 3937 1289 3992 invadentes.
1318 3936 1485 3993 Iidem
1532 3938 1826 3993 tribunalia
1858 3945 2065 4002 terunt,

498 4033 997 4088 controversiarum
1064 4032 1352 4102 liliumque
1424 4034 1694 4100 studiosi;
1754 4032 2065 4087 libellorum

500 4131 752 4177 auctores
777 4122 1088 4190 iniquorum
1109 4161 1125 4187 ,
1153 4123 1351 4191 quibus
1376 4125 1639 4178 adversus
1667 4126 1975 4191 proximum
2001 4121 2069 4176 ab

503 4214 767 4281 improbis
796 4220 1083 4269 Strnuntur
1117 4212 1405 4265 calumniae
1426 4220 1686 4275 ;’nietunt
1725 4214 1816 4267 ubi
1848 4228 1954 4268 non
1982 4226 2073 4267 se-

500 4314 732 4371 verunt,
769 4310 1102 4373 congregant
1130 4301 1221 4356 ubi
1258 4316 1361 4355 non
1402 4311 1766 4371 sparserunt,
1794 4303 2075 4372 quodlibet

2164 3115 2436 3184 ἐμπαθεῖς
2486 3113 2586 3182 τὴν
2644 3111 2824 3182 ψυχὴν
2872 3113 2968 3165 καὶ
3025 3110 3126 3181 τὴν
3165 3110 3430 3175 διάνοιαν,
3462 3111 3744 3180 πάροινοι,

2167 3203 2547 3275 παραπλῆγες,
2588 3204 2983 3273 .παράφρονες,
3034 3202 3285 3271 ἀνόητοι,
3331 3204 3645 3270 σωματικοὶ
3685 3202 3748 3257 τὸ

2168 3299 2276 3351 πᾶν
2309 3296 2406 3349 καὶ
2431 3296 2598 3364 ξκάτω
2635 3294 2880 3358 νεύοντες
2910 3311 2924 3325 ·
2957 3294 3145 3364 κόσμῳ
3191 3310 3249 3346 τε
3288 3294 3384 3347 καὶ
3416 3296 3533 3357 τοῖς
3559 3296 3619 3346 ἐν
3668 3294 3747 3362 τῷ

2168 3390 2361 3460 κόσμῳ
2396 3388 2722 3459 ἡττώμενοι,
2754 3389 2849 3441 καὶ
2872 3390 2937 3457 τῇ
2964 3387 3167 3458 γαστρὶ
3202 3387 3337 3457 μόνῃ
3369 3386 3745 3456 δουλούμενοι,

2169 3480 2263 3532 καὶ
2295 3480 2396 3532 ὅσα
2432 3478 2562 3548 περ)⁸
2608 3481 2708 3548 τὴν
2758 3479 3002 3547 γαστέρα
3042 3474 3459 3541 σπουδάζοντες,
3489 3470 3580 3527 οἷα
3614 3492 3750 3544 κτη-

2126 3646 2130 3652 ι
2168 3572 2475 3636 νώδειςδκαὶ
2496 3571 2587 3624 τὸν
2632 3569 2740 3623 τῶν
2770 3570 2984 3637 ἀλόγων
3024 3569 3181 3633 ζώων
3222 3568 3340 3639 βίον
3372 3567 3745 3638 ζηλώσαντες.

2169 3664 2397 3734 Αίσχροὶ
2452 3663 2582 3733 περὶ
2626 3660 2725 3732 τὴν
2763 3661 3023 3725 ἔντευξιν,
3066 3660 3167 3717 καὶ
3216 3663 3314 3731 τὴν
3376 3662 3600 3731 ὁμιλίαν
3657 3662 3751 3715 καὶ

2173 3755 2463 3807 συνουσίαν
2513 3753 2854 3825 αίσχρότεροι
2885 3766 2902 3780 ·
2955 3755 3048 3805 καὶ
3102 3753 3195 3805 τὸν
3251 3753 3414 3820 λόγον
3466 3753 3749 3823 μάχιμοι,

2169 3845 2403 3916 ὀργίλοι,
2449 3845 2767 3914 φιλόνεικοι,
2825 3844 3026 3915 μάχαις
3084 3844 3388 3915 χαίροντες,
3441 3848 3536 3897 καὶ
3572 3844 3753 3908 δίκαις

2173 3937 2484 4009 ἀλλοτρίαις
2534 3936 2955 4005 ἐπεμϐαίνοντες
2986 3950 3001 3965 ⁸
3034 3935 3100 3989 τά
3142 3936 3472 4006 δικαστήρια
3518 3942 3752 4006 περιποέ

2174 4028 2414 4091 λοῦντες,
2461 4026 2756 4098 φιλέριδες,
2806 4026 3110 4096 φιλόδικοι·
3149 4024 3554 4098 γραμματείοις
3610 4026 3756 4094 φαύ-

2175 4120 2327 4187 λοις,
2385 4122 2444 4175 ὲν
2503 4113 2583 4184 οἷς
2633 4119 2741 4173 τῶν
2786 4119 3018 4190 πλησίον
3062 4120 3121 4171 al
3169 4118 3414 4173 διαϐολαὶ
3450 4119 3606 4190 παρά
3649 4119 3758 4173 τῶν

2179 4210 2398 4278 φαύλων
2454 4210 2816 4275 συντίθενται,
2838 4208 3123 4279 χαίροντες
3156 4225 3172 4241 ο
3204 4209 3518 4280 θερίζοντες
3556 4204 3623 4264 οῦ
3685 4212 3758 4280 μὴ

2180 4301 2478 4372 ἔσπειραν,
2503 4302 2599 4356 καὶ
2626 4301 2947 4370 συνάγονται
2978 4293 3041 4355 οῦ
3067 4300 3142 4373 μὴ
3170 4300 3530 4373 ἐσκόρπισαν,
3576 4305 3758 4358 πᾶσαν

502 4395 877 4462 evangelicum
911 4393 1224 4446 mandatum
1248 4392 1718 4458 abolent,omnem
1750 4394 2060 4449 canonicam

2181 4392 2546 4462 εὐαγγελικὴν
2586 4390 2805 4463 ἐντολὴν
2852 4390 3201 4457 ἀθετοῦντες,
3234 4392 3421 4463 πάσης
3462 4396 3759 4465 κανονικῆς

504 4484 830 4552 civilemque
853 4484 1298 4538 constitutionem
1318 4483 1615 4554 negligant,
1631 4498 1795 4540 omne
1808 4485 2071 4554 spiritalis

505 4576 631 4631 vita:
659 4590 832 4643 genus
855 4578 1105 4630 abnuunt
1142 4590 1210 4630 ac
1249 4578 1596 4644 vituperant,
1624 4592 1790 4633 omne
1817 4577 2077 4633 ecclesia-

504 4670 700 4725 sticum
746 4670 1116 4740 magisterium
1148 4669 1570 4741 reprehendunt,
1604 4680 1830 4726 cunctas
1851 4680 2078 4740 aposto-

503 4761 680 4815 lorum
737 4759 1071 4829 Patrumq‘ne
1126 4775 1288 4815 voces
1345 4769 1509 4830 atque
1544 4761 1941 4817 admonitiones
1982 4760 2080 4817 de-

503 4860 749 4925 spuunt;
785 4867 1082 4921 sacrosque
1113 4851 1310 4908 Libros
1343 4862 1561 4910 nostros
1594 4868 1694 4908 ceu
1745 4866 2074 4923 magnopere

575 5010 621 5042 ’³
639 5007 798 5063 Prov.
823 5023 861 5075 ι,
884 5006 960 5068 ΞΩ

574 5166 1137 5238 (Ἠγοπηιιιουῑθηιιε
1165 5166 1218 5221 in
1259 5165 1492 5227 Cantic.,
1525 5174 1586 5220 ut
1616 5180 1777 5218 unam
1815 5166 1898 5238 vel
1925 5165 2081 5238 Aalte-

483 5234 618 5291 ‘ratn
643 5234 820 5290 adhuc
839 5251 902 5290 ex
930 5252 994 5290 eo
1017 5239 1394 5291 auctoritatem
1422 5238 1719 5303 proferam:
1742 5236 1897 5288 Πᾶσα
1917 5234 2083 5304 βλασ-

505 5307 686 5377 φημία
716 5306 815 5376 τὴν
851 5304 1156 5375 φιλοδοξίαν
1196 5305 1371 5377 ἀρχὴν
1397 5306 1634 5377 ἔσχηκεν
1655 5321 1669 5336 ⁶
1704 5305 1837 5377 ὅπου
1869 5321 1933 5372 γε
1986 5305 2083 5377 καὶ

503 5379 533 5430 ό
555 5374 1085 5447 πρῶτοέγεδρόμενος
1109 5374 1259 5447 παρά
1289 5374 1423 5447 Θεοῦ
1448 5378 1754 5447 ἀνθρωπος,
1784 5374 1895 5447 ἴσος
1919 5374 2084 5447 ἀκοῦέ

507 5444 612 5498 σαι
646 5444 1077 5515 καταδεξάμενος
1127 5444 1380 5515 γενέσθαι
1432 5444 1589 5514 Θεῷ,
1648 5446 1745 5515 καὶ
1796 5444 2078 5515 ταύτῃ-τῇ

508 5513 930 5599 συγκαταθέσεις
959 5517 1094 5599 πρὲς
1127 5513 1219 5568 τὸν
1249 5513 1534 5599 "Td/testh
1568 5513 2079 5599 μνεὸλαίσφῃμηέέὼςέ

440 5635 444 5639 .
506 5584 676 5667 αὐτὴν
695 5586 811 5667 ..τὴν
842 5583 1142 5667 φιλοδοξίαν
1167 5624 1182 5647 ,
1210 5585 1274 5667 τὸ
1303 5584 1559 5667 γενέσθαι
1580 5584 1713 5667 ,ἴσος
1728 5583 1878 5653 Θεῷ,
1904 5584 2080 5665 ἀρχὴν

507 5654 635 5724 ἔσχε
662 5655 756 5725 τῆς
787 5655 1170 5727 παραϐάσεως
1204 5655 1386 5709 Omnis
1421 5654 1749 5724 blasphemia
1778 5671 1809 5708 a
1834 5655 2078 5724 superbia

2178 4486 2273 4539 καὶ
2304 4485 2531 4554 ἐννόμου
2556 4484 2916 4556 θεσμοθεσίας
2943 4485 3349 4557 ὑπερορῶντες,
3376 4488 3561 4540 πᾶσαν
3590 4506 3759 4541 πνευ-

2185 4576 2418 4646 ματικὴν
2441 4576 2721 4631 πολιτείαν
2738 4577 3154 4650 διακρουόμενοι
3170 4577 3266 4631 καὶ
3283 4578 3757 4644 κατονειδίζοντες,

2185 4670 2369 4723 πᾶσαν
2431 4670 2897 4741 ὲκκλησιαστικὴν
2972 4670 3327 4724 διδασκαλίαν
3387 4670 3758 4743 διασύροντες,

2190 4760 2371 4813 πᾶσαν
2399 4759 2765 4831 ἀποστολικὴν
2798 4761 2896 4813 καὶ
2922 4762 3204 4832 Πατρικὴν
3229 4761 3414 4832 φωνὴν
3449 4766 3548 4815 καὶ
3578 4762 3762 4816 νουθε-

2186 4852 2307 4908 σίαν
2352 4853 2744 4919 διαπτύοντες·
2792 4856 2894 4919 τάς
2925 4872 2986 4909 τε
3030 4856 3184 4927 ἱερὰς
3219 4855 3381 4927 ἡμῶν
3417 4855 3661 4927 βίϐλους,
3692 4856 3763 4919 ὡς

2188 5168 2399 5221 initium
2455 5167 2701 5232 sumpsit.
2747 5164 2991 5238 Namque
3025 5179 3074 5222 et
3121 5169 3323 5237 primm
3365 5170 3522 5224 Immo
3568 5189 3601 5224 η
3658 5171 3761 5226 Deo

2188 5249 2415 5311 creatus,
2446 5253 2561 5311 cum
2619 5239 2850 5289 audisset
2892 5254 3044 5303 posse
3079 5256 3134 5293 se
3188 5257 3365 5311 parem
3404 5241 3512 5293 Deo
3543 5242 3686 5311 ﬁeri,
3714 5250 3759 5293 et

2188 5310 2288 5360 Imc
2318 5309 2656 5375 persuasione
2682 5317 2946 5373 permotus
2976 5312 3226 5363 adversus
3261 5309 3591 5363 ditissimum
3623 5311 3761 5364 blas-

2186 5377 2408 5445 phemia:
2447 5391 2590 5427 reum
2644 5392 2699 5428 se
2742 5377 2983 5441 fecisset,
3016 5378 3345 5442 superbiam,
3374 5380 3429 5432 id
3463 5390 3542 5433 est
3569 5382 3677 5434 Deo
3710 5396 3759 5433 se

2186 5446 2494 5519 extrquandi
2517 5445 2874 5507 mnbitionem,
2906 5449 3338 5519 transgressionis
3370 5466 3481 5503 sum
3508 5451 3758 5519 originem

2187 5512 2706 5589 (inbuit.__ll:_rrescon
2732 5525 2881 5589 certe
2900 5512 3393 5589 omniumiungent
3420 5533 3543 5571 esse
3576 5512 3751 5589 snper-

2187 5584 2512 5661 bimn,_dicit
2542 5585 2683 5661 apud
2716 5585 3100 5661 nos‘Cyrillus,
3139 5586 3214 5642 De
3244 5587 3531 5654 Trinitatc,
3555 5584 3680 5661 cali.
3712 5590 3759 5652 l,

2186 5670 2306 5709 cum
2338 5654 2641 5725 Augustino
2672 5654 2723 5708 in
2753 5656 2893 5709 Adn.
