3898 6150
153 387 252 452 489

849 385 1470 449 AN'I'IRRHETICUS
1509 383 1600 442 ΙΙΙ
1641 381 1808 442 ADV.
1849 377 2440 440 CONSTANTINUM
2477 376 2691 435 COPR.

3293 368 3400 430 490

157 502 296 571 μέγα
324 517 378 552 τι
414 498 613 570 βλάϐος
647 498 1125 570 ἀποπεμπόμενοι,
1164 498 1260 551 καὶ
1300 497 1427 558 τοὺς
1464 493 1731 562 ἐντυγχά-

1856 491 1965 562 [uid
1999 491 2216 546 noxium
2236 489 2520 556 abjiciunt,
2549 496 2603 541 et
2624 501 2717 540 eos
2744 484 2835 554 qui
2862 485 2961 539 hos
2985 483 3166 552 legunt
3191 496 3401 551 usuque

153 610 341 656 νοντας
370 593 466 644 καὶ
486 593 656 645 ἀσκου
667 592 856 662 μένους
874 593 934 643 ὲν
962 591 1178 654 αὐταῖς,
1203 591 1277 652 ὡς
1305 589 1438 656 άγος
1459 603 1512 639 τι
1545 588 1734 656 ἐκτρε-

157 684 387 752 πόμενοι
409 698 422 710 ·
448 685 632 735 πᾶσαν
657 682 946 734 εὐλάϐειαν
965 683 1058 735 καὶ
1084 680 1373 734 εὐσέϐειαν
1397 677 1737 746 καταχλευά-

156 773 365 840 ζοντες,
399 776 461 827 τὸ
491 779 674 845 σχῆμα
695 773 755 826 τὸ
783 773 1142 826 άποστολικὺν
1177 757 1612 840 βδελυσσόμενοὶ,
1643 766 1736 820 καὶ

155 869 252 937 τὴν
309 866 620 936 ἱερωσύνην
666 863 1167 934 καταχλευάζοντες
1200 877 1214 892 ·
1275 863 1384 913 πᾶν
1445 859 1735 913 σπουδαῖον

155 961 249 1013 καὶ
272 958 485 1028 άγαθδν
506 957 884 1028 διωθούμενοι,
904 957 997 1010 καὶ
1023 956 1131 1008 πᾶν
1155 954 1392 1022 φευκτὸν
1415 951 1508 1004 καὶ
1531 950 1737 1021 μοχθη-

158 1053 251 1122 ρὸν
285 1049 700 1119 ἀσπαζόμενοι·
754 1048 854 1101 οὐκ
907 1044 1214 1114 ἀναγνώσει
1255 1042 1637 1114 προσέχουσιν,
1671 1040 1734 1092 ού

157 1145 324 1198 θείων
353 1143 591 1214 Γραφῶν
623 1140 893 1212 ἀκροαταὶ
925 1140 1203 1208 γίνονται·
1236 1136 1355 1198 πῶς
1385 1136 1530 1205 γάρ;
1572 1133 1625 1186 οἵ
1673 1149 1739 1201 γε

161 1236 342 1288 πάντα
375 1232 552 1286 ταῦτα
603 1229 1172 1301 καταμυσαττόμενοι,
1232 1228 1326 1279 καὶ
1363 1225 1583 1278 πάντων
1631 1223 1740 1276 τῶν

166 1323 596 1378 λυσιτελούντων
636 1321 898 1391 ἀμύητοι,
933 1320 1112 1389 πάσης
1155 1317 1488 1387 πανουργίας
1516 1317 1742 1384 ἐφευρε-

158 1417 273 1478 ταὶ,
325 1414 429 1467 οὐκ
485 1414 566 1475 είς
616 1413 780 1474 ναοὺς
825 1410 960 1462 Θεοῦ
997 1407 1366 1478 σχολάζουσιν,
1427 1406 1487 1458 οὐ
1555 1405 1741 1457 πίστιν

161 1505 424 1575 τιμῶσιν,
461 1503 560 1555 οὐκ
594 1501 816 1570 ἀγάπην
866 1498 1354 1568 περιπτύσσονται,
1406 1495 1506 1548 οὐκ
1550 1492 1742 1546 ἐλπίδα

161 1589 491 1662 κέκτηνται,
545 1591 606 1646 οὐ
654 1591 932 1660 προσευχῇ
966 1589 1064 1641 καὶ
1113 1587 1337 1657 νηστείᾳ
1400 1600 1742 1656 προσκαρτε-

163 1683 379 1755 ροῦσιν,
412 1682 471 1735 οὗ
525 1680 819 1750 παρθενίαν
856 1678 1235 1748 σεμνύνουσιν,
1266 1677 1327 1729 οὐ
1385 1674 1740 1746 σωφροσύνην

134 1774 453 1841 ἀγαπῶσι·
499 1772 675 1825 πάντα
706 1770 796 1822 τὸν
838 1769 950 1839 βίον
983 1767 1226 1838 αἰσχρῶς
1281 1765 1737 1836 καταστρέφουσι,

1840 595 2040 647 terunt,
2064 598 2160 636 ceu
2195 581 2466 649 piaéulum
2495 579 2712 647 aliquod
2737 585 3063 630 aversantur
3095 594 3107 630 :
3148 576 3404 644 pietatem

1834 689 2048 730 omnem
2088 673 2239 742 131
2273 683 2328 728 et
2352 671 2729 726 orthodoxiam
2768 669 3018 732 irrident,
3049 668 3405 736 apostolicum

1836 766 2213 821 vestimentum
2249 762 2362 834 (72)
2396 761 2760 832 vilipendunt,
2795 771 2848 814 et
2882 759 3251 815 sacerdotium
3282 760 3410 813 sub-

1837 867 2070 912 sannant
2099 876 2111 911 :
2137 871 2300 911 onme
2330 854 2563 923 denique
2597 852 2738 922 frugi
2771 854 3084 922 bonumque
3134 859 3370 905 renuunt
3392 889 3408 912 ,

1837 963 1998 1005 omne
2045 947 2326 1002 vitandum
2375 956 2539 1015 atque
2595 947 2904 1012 improbum
2950 944 3348 1014 amplectuntur
3393 963 3407 998 :

1839 1039 2055 1094 lectioni
2089 1053 2193 1092 non
2217 1047 2434 1101 vacant,
2458 1038 2670 1092 divinas
2699 1036 3015 1104 Scripturas
3043 1052 3151 1090 non
3191 1036 3411 1090 auscul-

1840 1138 1993 1194 tant;
2030 1130 2119 1198 qui
2155 1130 2302 1183 enim
2336 1129 2386 1181 id
2433 1127 2720 1182 iacerent?
2750 1143 2870 1181 cum
2910 1128 3023 1180 haec
3066 1127 3250 1180 omnia
3288 1128 3414 1178 odio

1842 1221 2116 1282 habeant,
2153 1227 2208 1272 et
2247 1220 2423 1272 omnis
2470 1221 2547 1272 rei
2581 1217 2732 1272 utilis
2780 1217 2890 1270 sint
2923 1217 3137 1285 ignari,
3191 1216 3414 1269 malitia:

1840 1308 2021 1366 omnis
2055 1309 2439 1364 adinventores
2475 1325 2488 1362 :
2519 1307 2715 1376 templa
2764 1307 2854 1362 Dei
2891 1321 2994 1361 non
3026 1305 3409 1375 frequentant,

1844 1404 2003 1459 ﬁdem
2047 1419 2150 1457 non
2192 1403 2499 1468 honorant,
2554 1400 2882 1454 charitatem
2945 1414 3050 1452 non
3105 1409 3410 1460 seetantnr,

1844 1510 1998 1566 spem
2040 1510 2144 1548 non
2195 1487 2431 1558 habent,
2490 1507 2665 1562 neque
2720 1493 2954 1546 orationi
3004 1505 3178 1560 neque
3209 1489 3412 1558 jejunio

1843 1587 1968 1640 dant
2019 1599 2278 1654 operam,
2329 1584 2695 1653 virginitatem
2748 1598 2850 1638 non
2909 1590 3228 1638 reverentur
3278 1581 3412 1650 (75),

1845 1675 2165 1733 modestiam
2203 1692 2306 1730 non
2338 1675 2574 1744 diligunt
2603 1693 2616 1728 :
2651 1676 2813 1728 vitam
2843 1676 3151 1728 Universum
3183 1673 3414 1741 turpiter

1846 1769 2165 1830 decurrunt,
2199 1765 2455 1835 nequitiae
2479 1764 2662 1819 omnis
2689 1774 3032 1833 operatores,
3067 1764 3280 1816 virtutis
3315 1776 3413 1814 cu-

164 1865 354 1932 πάσης
374 1862 570 1923 κακίας
593 1861 824 1931 ἐργάται
852 1860 947 1913 καὶ
979 1857 1160 1927 πάσης
1193 1858 1391 1928 ἀρετῆς
1413 1856 1741 1923 ὑπερόπται·

1856 1861 2061 1922 iuslibet
2117 1866 2542 1927 contemptores.
2583 1856 2713 1910 Nam
2770 1857 3088 1925 praeclarum
3138 1854 3417 1925 quodlibet

165 1956 314 2008 ἅπαν
344 1952 444 2022 γὰρ
483 1951 647 2004 καλὸν
673 1951 766 2003 καὶ
784 1949 924 2009 θεῖον
955 1949 1050 2001 καὶ
1073 1949 1274 2018 ἀρετῆς
1300 1943 1359 2001 εὖ
1387 1943 1544 2017 ἧκον,
1568 1947 1743 2015 σκηνὴ

164 2049 262 2100 καὶ
279 2046 468 2099 παιδιὰ
496 2047 630 2115 παρ’
649 2045 830 2106 αὐτοῖς
853 2043 1180 2110 λελόγισται,
1209 2041 1466 2110 στυγητοὶ
1490 2041 1580 2094 καὶ
1603 2039 1748 2110 ἔχθι-

169 2159 288 2194 στοι
325 2140 477 2210 παρὰ
499 2139 616 2210 Θεῷ
656 2157 717 2191 τε
749 2139 841 2228 καὶ.
873 2137 1129 2206 ἀγγέλοις
1151 2137 1249 2190 »καὶ
1293 2135 1600 2206 ἀνθρώποις
1633 2135 1748 2196 τοῖς

169 2232 578 2302 εὖσεδεστέροις
611 2231 705 2284 καὶ
734 2225 908 2300 ὀρθῶς
940 2227 1089 2298 βιοῦν
1123 2229 1424 2298 ᾑρημένοις
1449 2225 1745 2294 τυγχάνον-

169 2341 262 2386 τες
286 2339 300 2350 ·
330 2321 531 2374 τούτων
554 2323 648 2374 καὶ
675 2323 702 2372 ὁ
734 2319 848 2390 βίος
897 2317 1145 2388 αἰσχρὸς,
1184 2318 1277 2369 καὶ
1309 2319 1337 2371 ό
1357 2316 1516 2384 λόγος
1546 2315 1747 2385 σαθρὸς

171 2416 267 2468 καὶ
301 2414 698 2475 κατάπτυστος,
727 2411 823 2465 καὶ
857 2411 1035 2479 πάσης
1068 2409 1254 2471 ἀνοίας
1273 2408 1591 2479 ἐπίμεικτος.

244 2546 314 2598 Τί
351 2545 515 2600 τᾶλλα
556 2539 768 2613 λέγεινς
825 2545 1010 2598 Πάντα
1053 2538 1134 2607 οἷς
1158 2543 1187 2594 ὁ
1220 2542 1512 2613 μισόκαλος
1555 2541 1751 2611 ἐχθρὸς

169 2635 378 2705 χαίρει,
424 2634 882 2704 διαπραττόμενοι
928 2631 1283 2703 βιοτεύουσιν,
1340 2629 1517 2692 οὐδεὶς
1568 2629 1753 2690 αὐτοῖς

171 2729 312 2799 περὶ
340 2727 570 2783 θανάτου
621 2725 778 2794 λόγος
823 2725 1100 2789 οὐδέποτε,
1143 2724 1318 2787 οὐδεὶς
1350 2723 1479 2794 περὶ
1512 2721 1752 2775 ἀναστά-

175 2819 373 2887 σεωςῆ
406 2818 660 2887 κρίσεως,
686 2816 873 2888 κριτοῦ
889 2832 946 2868 τε
968 2813 1418 2888 προσδοκωμένου
1439 2812 1580 2882 μετὰ
1594 2811 1752 2881 δόξης

170 2911 272 2980 τῆς
292 2907 565 2979 πατρικῆς
579 2924 594 2938 ο
613 2907 706 2977 τῆς
720 2907 961 2980 ἀρρήτου
975 2923 1032 2959 τε
1049 2907 1141 2960 καὶ
1155 2903 1456 2975 φρικώδους
1471 2904 1566 2958 καὶ
1579 2904 1756 2956 πάντα

171 2999 336 3065 λόγον
367 2997 798 3068 ὑπεραιρούσης,
825 2998 920 3050 καὶ
948 2997 1148 3060 παντὸς
1177 2996 1330 3059 δέους
1355 2994 1632 3065 γεμούσης
1661 2995 1756 3048 καὶ

173 3089 599 3159 καταπλήξεως,
637 3087 763 3141 ἔνθα
801 3089 896 3142 καὶ
920 3088 1144 3156 ἄγγελοι
1183 3089 1320 3158 μετὰ
1343 3086 1513 3158 φόϐου
1548 3083 1748 3139 πολλοῦ

177 3183 548 3252 παρίστανται
601 3179 694 3232 καὶ
744 3179 1105 3248 ἐκπλήξεως·

180 3273 351 3343 μέγα,
378 3272 474 3325 καὶ
496 3271 603 3324 τῶν
629 3270 1039 3342 πεπραγμένων
1063 3273 1096 3341 ἡ
1119 3271 1384 3334 ἀντίδοσις
1413 3263 1750 3342 πρυτανεύε-

176 3381 293 3427 ται,
325 3364 420 3416 καὶ
445 3363 672 3423 ἕκαστος
706 3363 859 3432 ήμῶν
885 3361 962 3431 τῷ
992 3361 1201 3432 πλάστῃ
1223 3361 1576 3432 παρίσταται,
1608 3360 1753 3414 καθὰ

179 3456 392 3522 ἔπραξε
423 3453 512 3506 διὰ
546 3453 638 3506 τοῦ
679 3453 933 3520 σώματος
985 3455 1096 3506 εἴτε
1145 3453 1350 3522 ἀγαθὸν
1381 3453 1493 3505 εἴτε
1547 3451 1754 3520 φαῦλον

179 3545 595 3614 ἀποληψόμενος
625 3560 638 3573 ⁸
671 3545 770 3614 οὐχ
822 3545 1232 3615 ἁμαρτημάτων
1270 3545 1350 3606 εἰς
1401 3545 1756 3612 συναίσθησιν

179 3638 463 3706 ἔρχονται,
514 3637 575 3688 οὐ
631 3636 780 3706 παρὰ
831 3637 966 3688 Θεοῦ
1009 3637 1340 3706 συγγνώμην
1379 3635 1644 3700 αἰτοῦσιν,
1692 3636 1755 3689 οὐ

179 3728 508 3797 παραίνεσιν
543 3727 819 3798 σωτηρίας
865 3727 1102 3797 ψυχικῆς
1155 3727 1342 3780 ἕνεκεν
1385 3726 1655 3796 δέχονται.
1691 3727 1756 3780 Τί

179 3821 292 3889 γάρ
337 3819 449 3888 ἔχει
481 3820 713 3890 κακδνή
771 3819 915 3890 ψυχή
972 3835 1096 3888 μου,
1157 3819 1236 3889 τῷ
1284 3819 1354 3872 τὰ
1407 3819 1755 3890 συμφέροντα

182 3929 256 3962 πα
267 3910 576 3978 ραινοῦντι;
611 3909 1014 3979 ἀποκρίνονται.
1035 3910 1134 3962 Διὰ
1159 3909 1317 3962 τοῦτο
1333 3909 1453 3962 οὐδὲ
1477 3910 1756 3979 βασιλείας

180 3999 433 4070 οὐρανῶν
489 4000 667 4063 ὲλπὶς,
703 4000 825 4052 οὐδὲ
863 3999 1023 4066 λόγου
1058 4001 1438 4070 πνευματικοῦ
1468 4001 1754 4070 ἀνέχονται

181 4092 444 4143 πώποτε·
477 4089 646 4151 δντως
696 4090 753 4142 ὲν
792 4091 1006 4154 τούτοις
1058 4094 1180 4144 ἐστὶ
1229 4093 1648 4162 κεκαλυμμένον
1696 4085 1778 4144 τὸ’

183 4181 552 4248 Εὑαγγέλιονο
612 4181 710 4233 Ἐν
754 4176 843 4246 οἷς
884 4182 915 4233 ό
950 4182 1093 4246 Θεὸς
1137 4183 1242 4237 τοῦ
1282 4182 1496 4248 αἰῶνος
1538 4183 1756 4237 τούτου

181 4273 498 4338 ἐτύφλωσε
521 4270 594 4323 τὰ
614 4269 882 4338 νοήματα
899 4273 988 4334 εἰς
1012 4272 1170 4340 τὸμὴ
1201 4272 1532 4342 ἐναυγάσαι
1555 4273 1760 4340 αὐτοῖς

184 4363 290 4415 τὸν
328 4361 641 4430 φωτισμὸν
664 4361 768 4416 τοῦ
803 4363 1192 4443 Εὐαγγελίου.
1236 4363 1426 4417 Αὐτῶν
1457 4365 1514 4417 δὲ
1555 4365 1761 4418 τούτων

169 4565 174 4570 ·
252 4541 299 4570 ⁷⁴
331 4539 383 4592 ll‘
403 4537 526 4590 Cor.
568 4551 642 4606 tv,
671 4542 724 4595 4,

254 4717 370 4787 (72)
419 4715 668 4770 Christus
714 4716 970 4770 Dominus
1004 4714 1201 4787 (Marc,
1241 4729 1330 4787 vt,
1379 4713 1442 4783 9)

186 4783 448 4857 apostolis
485 4795 544 4839 ut
572 4794 754 4841 essent
797 4783 1022 4840 calceati
1068 4784 1345 4849 sandaliis,
1381 4794 1433 4837 et
1459 4800 1527 4838 ne
1565 4783 1756 4839 indue-

188 4869 382 4912 remur
416 4857 622 4909 duabus
658 4857 878 4910 tunicis.

257 4928 372 4993 (75)
407 4925 816 4978 Cantacuzenus
843 4925 908 4978 ad
941 4921 1066 4991 Sap.
1105 4937 1180 4986 IV,
1213 4922 1262 4982 1.
1293 4920 1389 4976 Gr.
1423 4924 1494 4993 ita
1531 4922 1758 4993 virgini-

188 4991 362 5049 tatem
391 4995 632 5048 dilaudat
667 5013 679 5046 :
712 4993 786 5045 Τὸ
815 4994 955 5063 μέγα
990 4995 1180 5063 χρῆμα
1207 4993 1304 5060 τῆς
1344 4991 1642 5063 παρθενίας
1671 4991 1762 5063 διά

188 5065 396 5118 τούτων
426 5063 674 5132 ὲξυμνεῖ,
710 5061 1328 5132 καίφησιοίΚρείσσων
1377 5062 1603 5132 ἀτεκνία
1643 5062 1762 5131 μετ’

188 5130 599 5222 ἁρετῇςκούδξ
625 5130 915 5222 Tarpa}:
945 5130 1283 5222 ¹ιττειρῶσεως
1315 5130 1544 5214 ἀτεκνία
1583 5130 1760 5200 patrato

191 5200 374 5284 pigri],
411 5201 526 5282 ἀλλ’
573 5203 605 5270 ἡ
649 5200 765 5288 μετ’
795 5200 1012 5271 ’ἀρετῆς
1045 5202 1135 5254 καὶ
1173 5200 1438 5268 λογισμοῦ
1481 5200 1759 5286 σῶφρονος

187 5290 298 5324 των
319 5271 509 5324 παθων
532 5273 855 5342 ἐπικράτεια
877 5273 972 5323 καὶ
1001 5270 1270 5342 παντελὴς
1300 5269 1597 5342 ὰμεθεξιαλο
1628 5270 1760 5342 ἀθα-

189 5342 351 5394 νασία
390 5342 497 5410 γάρ
547 5339 696 5393 ἐστιν
740 5341 799 5393 ὲν
847 5342 1036 5410 μνήμῃ
1089 5340 1259 5409 αὐτῆς
1278 5339 1468 5410 [τινες
1520 5339 1618 5408 μὲν
1662 5339 1761 5410 τᾲς

187 5407 441 5478 διαδοχὴ
469 5407 578 5461 τῶν
613 5410 819 5463 τέκνων
836 5407 1188 5478 ,ζάθανασίαν
1217 5407 1308 5461 τοῦ
1337 5407 1532 5478 γένους
1558 5407 1759 5478 κεκλή-

189 5473 391 5532 κασιιῖ·
422 5479 450 5531 ό
477 5479 532 5531 δέ
556 5496 621 5546 γε
653 5480 814 5546 σοφὸς
837 5473 992 5543 οὗτος
1019 5480 1195 5549 αὐτὴν
1224 5473 1426 5547 ταύτην
1457 5473 1761 5549 ἀθανασίαν

189 5551 409 5616 ἡγεῖται
458 5549 695 5619 μάλιστα
748 5549 848 5618 τὴν
897 5549 961 5601 δι’
1012 5546 1266 5619 ἀτεκνίας
1316 5546 1413 5619 καὶ
1461 5546 1764 5619 παρθενίας

188 5616 469 5688 πολιτείαν
515 5616 838 5687 θαυμαστῶς
881 5619 1023 5688 άγαν
1068 5616 1505 5688 κατορθωθεῖσαν
1551 5616 1767 5688 ανθρώ-

190 5702 313 5750 ποις
334 5705 349 5720 ο
387 5687 774 5755 Virginitatem,
803 5705 1006 5755 magna:
1036 5690 1208 5742 instar
1238 5688 1335 5750 rei,
1365 5688 1444 5739 his
1475 5687 1638 5739 verbis
1674 5701 1764 5738 e1:-

193 5757 329 5813 tollit
356 5772 373 5808 :
407 5778 424 5808 ι
466 5755 654 5810 Melius
689 5769 760 5810 est
793 5774 968 5811 carere
998 5759 1172 5811 liberis
1203 5773 1318 5811 cum
1349 5757 1585 5810 virtute.)
1625 5755 1766 5808 Nam

512 5850 782 5911 Psmon.
820 5851 932 5912 Gn.
959 5853 1025 5913 C.

1845 1964 1898 2007 et
1926 1953 2198 2023 egregium
2227 1961 2278 2006 et
2314 1967 2434 2006 cum
2467 1955 2665 2006 virtute
2691 1959 2870 2004 actum
2905 1990 2919 2014 ,
2959 1963 3176 2002 scenam
3200 1948 3310 2016 ipsi
3353 1962 3418 1998 ac

1847 2041 2135 2094 ludibrium
2169 2048 2451 2108 reputant;
2479 2040 2850 2095 Deo'maxitne
2877 2038 3107 2092 odibiles
3135 2048 3191 2092 et
3217 2035 3414 2091 infensi

1849 2147 1948 2186 nec
1999 2146 2104 2185 non
2145 2132 2350 2202 angelis
2381 2141 2434 2186 et
2484 2133 2761 2186 hominum
2821 2130 3184 2200 pientiorihus
3236 2137 3290 2181 ct
3323 2129 3414 2197 qui

1848 2231 1998 2278 recte
2020 2225 2202 2278 vivere
2233 2223 2606 2277 instituerunt.
2651 2221 2852 2275 [lorum
2889 2233 2943 2274 et
2977 2222 3084 2274 vita
3112 2221 3282 2290 turpis
3311 2228 3415 2283 est,

1849 2325 1902 2372 et
1970 2332 2152 2372 sermo
2205 2315 2480 2372 marcidus
2531 2325 2694 2384 atque
2753 2314 3108 2383 aspernabilis
3160 2314 3418 2381 omnique

1851 2409 2070 2464 vesania
2101 2409 2313 2477 plenus.
2503 2395 2528 2416 ⁵

1921 2543 2057 2609 Quid
2088 2542 2236 2611 plura
2262 2543 2286 2597 ?
2317 2542 2588 2611 Quidquid
2633 2543 2775 2597 hosti
2809 2552 2994 2598 nostro
3025 2544 3242 2598 virtutis
3273 2544 3420 2598 osori

1855 2634 2048 2704 placet,
2088 2636 2140 2688 hi
2179 2650 2276 2703 per
2304 2649 2518 2689 omnem
2556 2634 2719 2688 vitam
2756 2635 3000 2689 factitant
3059 2650 3077 2688 :
3115 2637 3260 2688 nulla
3293 2635 3422 2705 ipsis

1855 2725 2046 2778 mortis
2083 2725 2134 2777 in
2167 2738 2418 2779 sermone
2446 2726 2928 2789 commemoratio,
2966 2724 3110 2777 nulla
3145 2726 3208 2778 de
3245 2739 3424 2778 resur-

1853 2817 2096 2868 rectione
2146 2830 2208 2868 ac
2242 2814 2449 2884 judicio
2483 2814 2686 2867 mentio
2714 2852 2728 2878 ,
2763 2824 2924 2883 atque
2955 2823 3265 2882 exspectato
3298 2829 3421 2868 cum

1855 2915 2082 2976 paterna
2118 2905 2288 2975 gloria
2331 2905 2517 2972 judice
2541 2946 2556 2972 ,
2592 2906 2941 2961 inenarrabili
2977 2907 3220 2974 proiecto
3265 2922 3321 2961 rc
3361 2922 3426 2962 ac

1859 2997 2160 3063 tremenda,
2189 3007 2243 3051 et
2272 2998 2430 3051 nullis
2462 2997 2641 3052 verbis
2665 2998 3038 3067 exprimenda,
3071 2999 3227 3068 plena
3255 3014 3424 3067 pavo-

1861 3088 1936 3142 ris
1985 3094 2038 3141 et
2072 3088 2538 3142 consternationis
2564 3127 2580 3154 ,
2613 3090 2700 3144 cui
2733 3090 2834 3158 ipsi
2883 3089 3060 3159 angeli
3102 3091 3270 3144 multo
3297 3103 3421 3145 cum

1146 3180 1448 3248 σάλπιγγος
1507 3177 1750 3249 ὴχούσης

1859 3189 2003 3232 metu
2059 3180 2316 3233 astabant
2357 3189 2522 3249 atque
2567 3191 2796 3246 terrore,
2843 3183 2965 3236 tuba
3001 3181 3245 3252 graviter
3277 3197 3426 3238 reso-

1860 3281 2042 3336 nante,
2075 3286 2195 3325 cum
2230 3280 2364 3325 actze
2403 3272 2526 3326 vitae
2552 3275 2918 3329 remuneratio
2955 3275 3063 3341 liet,
3100 3292 3221 3332 cum
3258 3293 3426 3333 unus-

1859 3361 2086 3431 quisque
2116 3361 2360 3415 Creatori
2386 3366 2688 3432 apparebit,
2724 3375 2882 3433 prout
2909 3365 2962 3419 in
2992 3383 3223 3436 corpore
3252 3371 3426 3439 egerit

1860 3454 1973 3507 sive
2003 3453 2202 3506 bonum
2233 3454 2348 3508 sive
2387 3455 2587 3508 malum
2622 3465 2959 3525 recepturus.
3000 3459 3091 3513 Isti
3115 3499 3130 3521 ,
3166 3459 3383 3529 inquam
3409 3502 3424 3526 ,

1861 3556 2204 3610 peccatorum
2252 3561 2472 3600 suorum
2503 3550 2924 3617 compunctione
2963 3565 3066 3604 non
3108 3561 3424 3620 tanguntur,

1858 3638 2070 3692 veniam
2114 3654 2141 3691 a
2170 3639 2278 3692 Deo
2303 3654 2410 3692 non
2441 3649 2660 3708 petunt,
2694 3641 2893 3695 nullam
2925 3642 2994 3696 de
3022 3642 3200 3697 salute
3231 3643 3425 3696 animae

1858 3729 2279 3782 admonitionem
2329 3731 2642 3785 admittunt.
2699 3730 2840 3797 Quid
2884 3733 3026 3785 enim
3087 3733 3209 3787 mali
3264 3736 3427 3788 habet.

1858 3818 2038 3870 anima
2071 3831 2188 3869 mea
2215 3857 2229 3881 ,
2265 3818 2487 3872 meliora
2527 3821 2874 3888 suggerenti?
2905 3823 3251 3889 respondent.
3296 3822 3430 3876 Pro-

1859 3917 2038 3976 pterea
2066 3922 2238 3976 neque
2265 3923 2484 3974 regnum
2503 3891 2763 3962 caelorum
2794 3921 3038 3979 sperant,
3072 3927 3170 3966 nec
3202 3915 3424 3981 spirita-

1859 3997 1960 4052 lem
2009 3999 2244 4068 aliquem
2291 4014 2596 4054 sermonem
2645 4001 2770 4054 honi
2823 4017 3055 4069 unquam
3113 4005 3424 4058 consulunt.

1864 4089 1998 4145 Vere
2034 4092 2117 4145 his
2153 4092 2529 4146 absconditum
2579 4104 2663 4147 est
2708 4089 3053 4164 Evangelinm
3081 4134 3096 4161 ,
3135 4096 3196 4150 In
3240 4099 3428 4167 quibus

1861 4180 2000 4236 Deus
2029 4182 2186 4251 hujus
2215 4181 2396 4236 swculi
2428 4185 2710 4237 exca’cavit
2738 4196 2954 4249 mentes,
2989 4202 3051 4238 ne
3078 4188 3203 4254 ipsis
3230 4188 3429 4257 fulgeat

1864 4273 2186 4326 illuminatio
2222 4271 2494 4344 Evangelii
2541 4274 2610 4329 ⁷⁸.
2643 4275 2761 4330 Jatn
2807 4293 2935 4330 vero
2967 4279 3109 4332 inter
3155 4281 3253 4335 hos
3286 4282 3433 4350 ipsos

1867 4366 1958 4434 qui
1997 4373 2120 4420 sunt
2160 4365 2334 4437 magis
2366 4367 2560 4436 plebeii
2588 4360 2650 4421 ac
2681 4369 2982 4438 pedestres,
3015 4381 3067 4424 et
3098 4373 3174 4426 rei
3200 4372 3433 4428 Lnniliao

1501 4715 1756 4795 praecepit
1787 4718 1831 4777 D
1859 4726 1996 4770 certe
2035 4718 2332 4795 sterilitatis
2376 4738 2542 4776 causa
2575 4723 2752 4781 liberis
2795 4745 3005 4795 carere,
3039 4735 3182 4787 haud
3234 4748 3309 4789 est
3357 4755 3440 4792 re-

1863 4787 2110 4870 putanaa'
2138 4789 2404 4870 felicitas;
2448 4797 2538 4870 secl
2576 4795 2666 4848 illa
2701 4801 2894 4862 potius,
2940 4787 3191 4858 suadente
3224 4787 3432 4870 uirtute,

1867 4858 2223 4934 crtpiditatunr
2253 4863 2596 4934 continentia,
2627 4858 2730 4934 qua
2760 4858 2902 4922 caste
2932 4872 3280 4927 deliberamus
3311 4858 3437 4929 con:

1857 4926 2035 4998 jugali
2084 4931 2224 4982 omni
2265 4933 2511 4986 societate
2567 4926 2764 4989 cttrere.
2810 4938 3014 4993 Etenim
3062 4926 3434 4998 immortalitas

1867 4997 2125 5078 ex‘lrujus
2153 5001 2247 5078 ‘rei
2286 5007 2532 5078 memoria
2580 5006 2877 5078 conﬁcitur.
2921 5008 2985 5062 Et
3025 5014 3261 5077 quamvis
3305 4997 3436 5068 non;

1870 5067 2002 5145 nulli
2044 5067 2195 5119 titulo
2232 5069 2646 5145 immortalitatis
2676 5067 2952 5143 appellant
2992 5067 3272 5133 li'berorum
3317 5067 3410 5135 suc

1871 5144 2154 5210 cessionem
2174 5154 2193 5210 ;ν
2236 5148 2468 5193 attamen
2506 5144 2589 5196 hic
2615 5148 2820 5210 sapiens
2850 5149 3298 5202 immortalitatem
3322 5169 3434 5205 cre-

1869 5207 1990 5256 dere
2023 5209 2214 5279 mavult
2247 5210 2499 5279 virginale
2538 5207 2818 5268 illnd‘sine
2851 5217 3027 5272 liberis
3060 5223 3177 5273 nitu:
3216 5221 3434 5274 institu-

1871 5283 2002 5339 tum,
2033 5278 2430 5353 qr:od_lromines
2461 5299 2564 5336 non
2593 5286 2705 5337 sine
2737 5286 2875 5353 vulgi
2911 5289 3263 5342 admiratione
3300 5303 3436 5343 recte

1864 5357 2144 5428 peragunt.
2171 5345 2292 5428 llaec
2319 5361 2626 5428 tamennon
2661 5355 2730 5406 ita
2756 5345 2879 5407 sunt
2902 5359 3243 5428 accipienda,
3280 5362 3434 5428 quasi

1866 5416 2148 5496 virginitas
2173 5416 2435 5496 humanae
2457 5421 2645 5496 glorias
2673 5437 2836 5496 causa
2870 5427 2938 5479 sit
2970 5416 3255 5495 eligenda:
3292 5416 3435 5496 quod

1866 5486 1909 5562 si
1946 5486 2119 5567 lieret,
2152 5502 2218 5540 ne
2239 5486 2527 5567 virginitas
2559 5493 2772 5567 quidem
2807 5494 2920 5567 ipsa
2950 5486 3268 5567 plerumque
3298 5486 3436 5554 foret

1869 5552 2174 5632 incolumis.
2237 5552 2371 5632 Nam
2425 5573 2530 5628 quo
2577 5552 2839 5630 'quisque'
2880 5552 3194 5632 humiliore;
3240 5552 3288 5622 id
3327 5552 3440 5625 est

1871 5623 2214 5745 paciﬁca-tiores,
2250 5623 2565 5699 animo'cst,
2597 5623 2662 5686 eo
2698 5623 2868 5690 tutius
2921 5638 3046 5693 huic
3079 5623 3264 5692 virtuti
3307 5623 3441 5694 con-

3125 5859 3199 5922 16
