3898 6150
424 376 431 383 ’
537 356 633 420 4‘31

1450 428 1457 431 _
1560 361 1621 421 S.
1662 360 2081 423 NICEPHOBI
2118 360 2621 422 PATRIABCH/E
2658 360 2769 424 CP.

3667 360 3757 427 492

539 482 617 522 l’lS
646 467 845 535 egeni,
880 465 1018 520 adeo
1045 474 1103 521 ut
1139 481 1205 523 nc
1232 469 1393 522 unius
1415 468 1635 537 quidem
1673 468 1779 523 diei
1831 469 2109 538 proprium

2231 469 2263 519 ii
2284 469 2663 538 ἀγροικότεροι
2693 469 2787 522 καὶ
2818 467 3148 541 χαμαίζηλοι
3182 468 3280 523 καὶ
3308 467 3421 524 τῶν
3464 469 3756 540 ἀναγκαίων

537 558 741 609 victum
774 557 1034 619 habeant,
1066 572 1131 610 ex
1161 558 1338 612 triviis
1369 567 1531 627 atque
1555 558 1853 628 gurgustiis
1875 558 2108 622 collecti,

539 662 606 702 ne
652 665 713 701 ea
753 649 975 715 quidem
1028 664 1149 717 quae
1201 659 1328 702 ante
1379 649 1543 719 pedes
1585 646 1767 717 jacent
1812 648 2115 717 intelligere

538 750 740 808 queunt
780 758 793 793 :
835 755 1075 806 cumque
1105 740 1216 794 sint
1251 740 1455 795 ebriosi
1500 755 1566 796 ac
1604 748 1912 810 potatores,
1945 741 2114 796 vesti-

481 900 488 908 ,
537 842 667 899 gout
698 847 914 900 semper
946 844 1111 900 atque
1144 832 1450 887 odorantur
1481 833 1707 887 ubinam
1735 835 1870 886 tiant
1892 848 2115 901 compo-

538 924 774 977 taliones
831 937 887 976 et
926 923 1359 979 comessationes
1410 924 1478 977 ad
1517 937 1660 992 quas
1712 925 2117 993 promptissime

538 1015 829 1069 convolant
857 1032 873 1081 ;
900 1024 957 1069 ut
979 1031 1044 1069 ex
1072 1016 1319 1070 convivis
1349 1014 1627 1086 symbolas
1649 1016 1949 1085 capientes,
1985 1030 2115 1085 ege-

538 1117 736 1160 statem
762 1122 915 1159 suam
947 1116 1001 1161 et
1026 1108 1306 1175 angustias
1335 1108 1601 1162 solemur.
1630 1106 1710 1160 Ex
1741 1107 1823 1161 bis
1851 1106 2117 1177 contingit

536 1197 1105 1252 circutni'oraneorum
1154 1198 1287 1253 illud
1331 1207 1386 1253 et
1436 1198 1786 1254 vitandorum
1833 1196 2115 1253 hominum

539 1285 763 1343 conﬂari
794 1289 1285 1356 conventiculum;
1320 1289 1413 1344 ubi
1457 1288 1818 1345 seditionibus
1852 1289 2119 1358 novisque

540 1381 703 1434 relms
732 1380 940 1433 ciendis
965 1380 1218 1450 gaudent.
1251 1382 1425 1451 Atque
1451 1382 1643 1436 borum
1676 1381 1894 1451 plurimi
1922 1381 2116 1437 militia

542 1475 770 1529 reduces
793 1483 941 1539 sunt,
965 1475 1019 1527 iu
1046 1490 1149 1543 qua
1172 1471 1242 1527 de
1265 1473 1518 1543 pessimis
1540 1473 1861 1527 criminibus
1880 1471 2036 1543 132
2060 1480 2118 1529 et

541 1565 878 1620 detestandis
927 1565 1163 1619 convicti
1219 1564 1474 1631 fuerunt;
1525 1564 1610 1619 vel
1659 1564 1785 1635 quia
1809 1562 1923 1631 jam
1956 1575 2118 1619 aetate

540 1657 754 1709 exoleta
817 1656 1055 1709 militare
1112 1665 1426 1725 nequeunt,
1487 1656 1609 1709 albo
1658 1652 1933 1711 exercitus
1986 1662 2115 1711 sunt

539 1746 816 1814 expuncti,
853 1756 906 1800 et
941 1749 1013 1801 ab
1041 1747 1210 1803 annis
1240 1762 1462 1803 cessare
1484 1746 1650 1818 jussi.

606 2010 698 2064 63.
732 2008 870 2075 Quia
902 2023 1033 2064 vero
1066 2018 1121 2063 et
1164 2008 1346 2080 lingua
1391 2017 1445 2064 et
1473 2023 1639 2079 opere
1665 2019 1795 2066 sunt
1843 2011 2115 2080 corrupti,

542 2102 903 2172 praesentibus
936 2112 1146 2155 tantum
1185 2102 1435 2168 inhiant,
1466 2104 1617 2157 carni
1654 2102 1844 2167 dediti,
1877 2105 2117 2159 ventris-

545 2209 651 2262 que
682 2194 948 2262 mancipia
975 2230 990 2256 ,
1019 2190 1270 2261 Deosque
1307 2193 1415 2248 illis
1448 2203 1638 2248 venter
1660 2203 1780 2259 est,
1814 2202 1978 2263 atque
2004 2196 2119 2251 haec

548 2287 844 2347 tnutnlana,
880 2294 935 2340 et
965 2300 1303 2354 quaecunque
1334 2300 1431 2353 per
1459 2284 1749 2353 ingluviem
1786 2285 1842 2339 in
1872 2295 2119 2341 ventrem

554 2386 880 2442 transeunt,
933 2390 1200 2430 summam
1255 2392 1376 2431 esse
1438 2374 1755 2432 felicitatem
1808 2375 2118 2445 deﬁniunt;

551 2468 806 2535 nullaque
837 2468 888 2520 in
924 2464 983 2521 re
1021 2468 1243 2523 meliore
1271 2482 1421 2536 spem
1459 2468 1721 2538 deligunt,
1751 2469 1887 2525 nihil
1919 2469 2123 2525 celsius

548 2571 643 2617 aut
673 2561 858 2615 utilius
886 2568 1219 2630 spectantes.
1251 2559 1446 2614 Divino
1471 2569 1647 2615 autem
1675 2560 1878 2630 judicio
1915 2560 1968 2615 in
1993 2576 2123 2632 ege-

549 2665 692 2709 state
746 2663 1074 2718 versantnr,
1113 2653 1405 2723 multisque
1461 2654 1729 2723 auguStiis
1762 2663 2116 2724 premuntur,

549 2746 849 2816 praesertim
885 2755 1174 2815 postquam
1208 2746 1353 2815 regia
1403 2746 1678 2816 stipendia
1725 2759 1822 2801 eos
1854 2746 2125 2802 destitue-

552 2849 680 2892 runt
703 2878 718 2902 ,
757 2853 825 2893 ex
861 2838 1061 2908 quibus
1084 2837 1285 2892 victum
1321 2837 1374 2890 in
1407 2838 1578 2892 armis
1611 2838 2000 2909 percipiebant.
2025 2838 2129 2893 Pro

556 2945 810 2983 Ittettstu‘a
844 2929 1027 2997 itaque
1055 2938 1109 2982 et
1140 2928 1379 2999 pondere
1408 2930 1840 2984 necessariarum
1872 2945 2049 2984 rerum
2073 2938 2130 2985 et

560 3018 906 3079 victualium,
935 3018 1168 3089 pretium
1203 3016 1361 3070 veluti
1393 3018 1774 3087 rependentes,
1811 3016 2127 3088 religionem

552 3125 709 3164 suam
746 3109 955 3163 ventris
989 3108 1274 3163 famulatui
1309 3110 1647 3173 addicuntJti
1676 3120 1943 3176 amentes,
1971 3110 2125 3178 copia

554 3202 734 3269 potius
768 3204 963 3270 dapum
988 3242 1004 3267 ,
1043 3214 1206 3268 quam
1259 3201 1586 3255 rectitudine
1617 3201 1929 3271 dogmatum
1956 3239 1972 3266 ,
2007 3217 2126 3256 eam

555 3293 709 3346 lance
741 3291 1038 3355 Iibranles;
1090 3292 1249 3344 amici
1281 3290 1498 3359 quidem
1547 3290 1790 3360 quandiu
1844 3290 2006 3345 rebus
2039 3307 2132 3347 vo-

557 3384 751 3452 luptati
779 3383 989 3436 idoneis
1014 3383 1314 3448 abundant,
1343 3390 1752 3451 contemptores
1774 3396 1903 3437 vero
1926 3392 1981 3438 et
2006 3382 2127 3437 ﬁdei

558 3485 759 3529 nostra:
809 3482 1189 3538 accusatores,
1225 3473 1269 3527 si
1314 3473 1441 3543 quid
1480 3473 1865 3543 prrcdictorum
1919 3474 2132 3531 emolu-

560 3572 867 3619 mentornm
914 3564 1077 3619 desit.
1118 3565 1239 3619 Pari
1274 3566 1418 3619 enim
1459 3565 1737 3620 voluntate
1782 3567 2132 3636 moribusque

562 3665 689 3711 sunt
717 3658 803 3710 isti
831 3666 884 3710 et
912 3666 1179 3727 quotquot
1206 3657 1259 3710 in
1291 3657 1481 3711 eadem
1510 3656 1831 3712 inﬁdelitate
1858 3668 2020 3725 sunt,
2046 3668 2133 3712 at-

556 3764 664 3820 que
701 3749 776 3801 illi
824 3747 950 3801 olim
982 3764 1046 3802 ex
1088 3745 1411 3819 [Egyptiaca
1456 3750 1718 3804 servitute
1765 3749 2017 3818 liberati,
2067 3751 2137 3805 si-

562 3828 854 3911 milemque
906 3840 1011 3894 illis
1056 3850 1108 3894 et
1150 3855 1466 3911 germanam
1513 3840 1754 3910 linguam
1802 3856 2135 3911 sensumque

562 3932 766 3987 habent
808 3949 822 3985 :
856 3929 1257 4003 manifesteque
1304 3932 1518 3987 illorum
1556 3933 1734 3989 cultus
1781 3934 1981 3988 indicia
2023 3948 2135 4004 prie

559 4042 617 4081 se
644 4025 917 4089 ferentes,
949 4024 992 4081 ei
1024 4023 1170 4079 forte
1195 4026 1245 4080 in
1270 4026 1477 4081 similes
1509 4027 1746 4082 incidant
1767 4027 2133 4091 calamitates,

563 4120 789 4174 moleste
822 4118 1007 4174 ierunt
1044 4128 1098 4173 et
1126 4121 1549 4174 excandescunt.
1588 4120 1766 4189 Atque
1806 4129 1860 4173 ut
1912 4120 1985 4172 illi
2035 4119 2134 4173 ad-

565 4227 752 4267 versus
779 4210 1124 4281 legislatores
1152 4211 1429 4278 ducesque
1459 4225 1587 4265 suos
1625 4209 1870 4264 seditiosi
1914 4209 2132 4275 ﬁebant,
2192 4210 2195 4211 ⁷

556 4318 716 4357 suam
765 4303 911 4355 circa
960 4313 1155 4354 carnes
1200 4311 1255 4353 et
1294 4300 1428 4355 ollas
1484 4300 1815 4364 sessionem,
1873 4300 2139 4370 panisque

562 4392 992 4456 abundantiam,
1043 4400 1570 4454 commemorantes;
1629 4389 1708 4444 sic
1748 4398 1803 4442 et
1859 4390 1914 4444 hi
1965 4390 2140 4459 impu—

2212 559 2429 630 ἄποροι,
2455 559 2550 612 καὶ
2574 548 2766 612 οὐδ”ἂν
2787 560 3001 631 ἡμέρας
3028 562 3156 631 μιᾶς
3185 562 3401 631 τροφῆς
3433 561 3568 624 ιδίας
3595 564 3755 617 ἐπισι-

2213 650 2463 714 τίζεσθαι
2502 651 2873 722 εύπορίσειαν,
2901 654 2965 706 ἐκ
3002 652 3113 706 τῶν
3129 652 3362 723 τριόδων
3378 650 3760 725 καὶτῶνβαρά-

2214 742 2360 815 θρων
2386 743 2880 814 συναγηγερμένοι,
2910 745 3032 798 οὐδὲ
3061 744 3130 797 τὰ
3170 747 3231 797 ἐν
3263 746 3392 798 ποσὶ
3411 745 3470 798 τί
3504 748 3625 798 ποτέ
3659 739 3760 799 ἐστι

2215 833 2458 885 συνιέναι
2489 832 2786 901 ἰσχύοντες,
2823 835 2919 887 καὶ
2961 833 3043 905 τῷ
3061 834 3314 902 πάροινοι
3341 830 3481 888 εἶναι
3506 836 3600 888 καὶ
3626 836 3758 904 φιλοσ

2215 926 2400 987 πόται,
2425 943 2491 978 πε
2500 925 2888 997 ριεργάζονται
2906 927 3001 980 καὶ
3018 926 3422 998 περισκοποῢσι
3440 928 3758 998 ωχνῶςένθα

2212 1030 2273 1066 τε
2300 1015 2456 1068 πότοι
2482 1016 2578 1070 καὶ
2613 1017 2865 1071 συσσίτια
2911 1017 3177 1087 γίνονται,
3215 1019 3313 1070 καὶ¹
3361 1018 3440 1081 ὡς
3490 1018 3760 1089 ὑπόπτεροι

2214 1105 2567 1176 περιθέουσιν
2594 1123 2608 1136 ο
2664 1107 2741 1170 ὡς
2795 1107 2863 1161 ἂν
2941 1110 3007 1161 ἐκ
3069 1108 3180 1161 τῶν
3255 1109 3761 1180 παρατυγχανόντων

2216 1196 2626 1267 ἐρανισάμενοι,
2657 1196 2727 1250 τά
2749 1197 2849 1266 τῆς
2870 1196 3083 1260 ἐνδείας
3124 1197 3221 1251 καὶ
3253 1198 3491 1267 ἀπορίας
3524 1216 3760 1268 παραμυ-

2216 1287 2475 1358 θήσαιντο
2494 1306 2507 1319 ·
2537 1287 2599 1353 ἐξ
2625 1282 2701 1342 ῶν
2722 1288 3015 1359 συμϐαίνει
3038 1288 3131 1343 τὸν
3170 1288 3464 1360 ἀγυρτώδη
3492 1291 3582 1342 καὶ
3615 1290 3762 1343 ἀπευ-

2214 1376 2344 1430 κτὸν
2371 1377 2580 1430 ἐκεῖνον
2607 1376 2965 1431 συνίστασθαι
2994 1377 3211 1448 ὅμιλονο
3245 1378 3473 1431 στάσεσί
3494 1394 3552 1429 τε
3573 1378 3763 1445 γὰρκαὶ

2216 1469 2589 1539 καινοτομίαις
2618 1470 2707 1522 ἀεὶ
2730 1469 3017 1540 χαίρουσιν
3040 1485 3063 1544 ς
3095 1463 3173 1524 ὧν
3205 1470 3255 1523 oi
3282 1469 3523 1523 πλεῖστοι
3551 1469 3647 1522 τῶν
3672 1468 3763 1521 ἀπὸ

2218 1563 2512 1633 στρατείας
2571 1561 2954 1631 τυγχάνουσιν,
3006 1561 3096 1614 ἐπ’
3147 1562 3355 1625 αίτίαις
3423 1561 3760 1631 φαυλοτάταις

2218 1655 2313 1707 ml.
2367 1654 2855 1724 ἀπηγορευμέναις
2904 1654 3337 1724 πεφωραμένοι·
3393 1654 3427 1726 ἢ
3472 1653 3546 1717 ὡς
3597 1650 3761 1723 ἔξωροι

2218 1745 2315 1799 καὶ
2346 1746 2661 1816 ύπέρακμοι
2690 1745 2997 1799 ὁπλιτεύειν
3022 1746 3084 1798 οὐ
3141 1745 3447 1810 σθένοντες,
3486 1746 3589 1797 τῶν
3615 1761 3783 1799 κατα-.

2144 1808 2193 1871 Β
2222 1838 2398 1909 λόγων
2453 1838 2775 1910 ἐξώσθησαν
2828 1838 2936 1893 τῶν
2984 1838 3422 1909 στρατιωτικῶν,
3476 1838 3581 1891 τῶν
3608 1835 3761 1890 ὃπλων

2218 1933 2514 1987 ἀποπεπαυ
2526 1933 2700 2004 μένοι.

2291 2026 2391 2096 ξγν.
2440 2026 2659 2098 Ἐπειδὴ
2703 2026 2760 2079 δέ
2788 2025 2886 2080 καὶ
2914 2024 3061 2095 λόγῳ
3117 2026 3215 2079 καί
3248 2024 3444 2097 πράξει
3485 2021 3763 2093 κατεφθαρο

2221 2119 2373 2192 μένοι
2406 2119 2736 2190 ὑπάρχουσι,
2785 2120 2896 2182 τοῖς
2934 2116 3173 2188 παροῦσι
3213 2118 3375 2188 μόνον
3414 2118 3680 2188 κεχήνασι,
3704 2118 3759 2184 τῇ

2223 2213 2392 2284 σαρκὶ⁸
2444 2211 2835 2284 προσθέμενοι,
2888 2210 2984 2264 καὶ
3039 2214 3105 2280 τῇ
3154 2210 3362 2281 γαστρὶ
3410 2207 3758 2281 ἐξανδραποδι-

2222 2302 2473 2375 ζόμενοι,
2528 2304 2624 2358 καὶ
2688 2303 2808 2367 θεὸς
2859 2302 3043 2366 αῢτοῖς
3110 2303 3145 2372 ἡ
3220 2301 3426 2366 κοιλία,
3466 2301 3555 2354 καὶ
3610 2296 3759 2351 ταῦτα

2222 2396 2288 2467 δὴ
2352 2395 2425 2449 τά
2491 2395 2831 2465 περικόσμια
2910 2394 3006 2447 καὶ
3074 2394 3175 2447 ὅσα
3238 2392 3376 2463 πρὸς
3430 2390 3614 2461 λαιμὸν
3683 2385 3762 2440 καὶ

2224 2489 2469 2559 γαστέρα
2512 2490 2710 2559 χωρεῖ,
2773 2486 3125 2557 εὐδαιμονίαν
3191 2483 3334 2539 εἶναι
3386 2485 3481 2554 τὴν
3528 2480 3757 2536 ἀνωτάτω

2228 2579 2568 2652 μετροῦσιν·
2616 2577 2705 2633 ἐπ’
2763 2576 2941 2631 οὐδενὶ
2995 2577 3054 2629 δὲ
3105 2577 3385 2648 κρείττονι
3433 2575 3528 2637 τὰς
3572 2570 3759 2631 ἐλπίδας

2225 2670 2617 2742 ἀπερείδουσι,
2703 2669 2838 2741 πρὸς
2907 2668 3059 2721 οὐδὲν
3128 2668 3244 2723 τῶν
3325 2665 3655 2737 ὑψηλοτέρων
3731 2658 3758 2728 ἢ

2226 2762 2686 2833 λυσιτελεστέρων
2784 2759 3079 2832 βλέποντες
3113 2777 3127 2791 ’
3215 2759 3467 2815 πένονται
3520 2757 3573 2810 δὲ
3624 2753 3762 2813 θείοις

2228 2856 2490 2927 κρίμασι,
2519 2854 2616 2908 καὶ
2649 2852 2855 2924 ἀπορίᾳ
2881 2851 3053 2923 πολλῇ
3108 2838 3411 2916 πιέζοντᾶι,
3437 2848 3656 2921 μάλιστα
3672 2843 3761 2927 τῶν

2232 2926 2526 3017 βασιλικῶν
2552 2945 2881 3014 σιτηρεσίων
2913 2942 3102 3004 αὐτοῖς
3130 2939 3568 3001 ἐπιλελοιπότων,
3602 2926 3763 3005 ἀφ’ὦν

2232 3037 2304 3091 τὰ
2333 3037 2468 3107 πρὸς
2491 3035 2554 3088 τὸ
2570 3034 2669 3105 ζῇν
2699 3035 2842 3105 μετά
2862 3033 2973 3087 τῶν
2995 3032 3180 3086 ὅπλων
3208 3033 3391 3096 αὐτοῖς
3424 3028 3758 3101 περιεγίνετο⁹

2235 3129 2458 3198 μέτροις
2487 3125 2621 3195 γοῦν
2645 3125 2744 3179 καὶ
2779 3124 3043 3195 σταθμοῖς
3071 3122 3183 3177 τῶν
3200 3122 3512 3193 ἀναγκαίων
3535 3118 3624 3174 καὶ
3652 3117 3761 3170 ἐδω-

2231 3219 2406 3289 δίμων
2437 3217 2505 3272 τά
2538 3214 2675 3271 ὥνια
2704 3214 3211 3287 ἀπαριθμούμενοι,
3262 3216 3361 3286 τὴν
3409 3212 3579 3268 αὐτῶν
3606 3209 3762 3262 πίστιν

2232 3312 2328 3364 ἐπὶ
2361 3312 2428 3382 τῇ
2455 3308 2553 3378 τῆς
2576 3307 2815 3379 γαστρὸς
2842 3305 3112 3382 θεραπείᾳ
3144 3307 3515 3377 ἐπικρίνουσιν
3538 3305 3583 3357 οἱ
3616 3301 3760 3369 ἀφρο-

2232 3416 2360 3466 νες·
2419 3400 2679 3473 ἁδρότητι
2745 3396 3056 3470 βρωμάτων
3125 3401 3161 3469 ἢ
3227 3398 3475 3470 ὀρθότητι
3515 3393 3763 3463 δογμάτων

2232 3494 2437 3565 ταύτην
2465 3492 2885 3557 ταλαντεύοντες
2906 3508 2919 3522 °
2956 3491 3285 3563 στέργοντες
3337 3492 3434 3561 μὲν
3463 3488 3650 3543 ὁπόταν
3673 3481 3762 3535 τῶν

2232 3585 2549 3654 ἀναγκαίων
2598 3584 2693 3639 καὶ
2751 3584 2861 3638 τῶν
2906 3582 3031 3639 καθ’
3086 3584 3288 3655 ἡδονὴν
3349 3579 3455 3636 εἷεν
3507 3577 3761 3647 διακορεῖς,

2236 3677 2645 3748 σχετλιάζοντες
2710 3676 2767 3729 δὲ
2819 3676 2915 3729 καὶ
2972 3674 3074 3746 τὴν
3132 3675 3262 3729 καθ’
3314 3676 3459 3745 ἡμᾶς
3519 3667 3766 3725 εὑσέσεισν

2234 3767 2682 3841 καταιτιώμενοι,
2709 3768 2875 3839 ἡνίκα
2905 3767 2971 3822 ἄν
3001 3784 3055 3820 τι
3100 3767 3311 3821 τούτων
3340 3763 3759 3835 ἀπολιμπάνοιτο’

2235 3856 2616 3929 ὁμογνώμονες
2647 3858 2757 3927 γάρ
2787 3858 2881 3909 καὶ
2910 3855 3230 3926 ὁμότροποι,
3263 3856 3414 3909 αὐτοί
3444 3869 3503 3906 τε
3532 3851 3616 3903 καὶ
3638 3849 3680 3901 οί
3708 3846 3761 3913 τῇ

2239 3949 2329 4020 ἴσῃ
2356 3947 2585 4019 ἀπιστίᾳ
2611 3946 3037 4018 κεκρατημένοι,
3054 3950 3166 4009 τοῖς
3211 3964 3343 4000 ποτε
3366 3945 3465 4013 τῆς
3496 3943 3757 4008 Αἰγύπτιαι

2237 4041 2343 4110 κῆς
2380 4040 2661 4094 ἀποπτᾶσι
2689 4038 2936 4103 δουλείας
2974 4036 3359 4107 γνωρίζονται,
3422 4030 3693 4105 ἐφάμιλλόν
3715 4040 3762 4076 τε

2239 4130 2424 4193 αὐτοῖς
2457 4130 2552 4184 καὶ
2599 4129 2797 4199 ίσοφυᾶ
2835 4128 2936 4198 τὴν
2985 4127 3244 4197 γλῶσσαν
3304 4128 3400 4182 καὶ
3443 4124 3503 4180 τδ
3546 4120 3764 4191 φρόνημα

2240 4223 2570 4295 κεκτημένοι
2596 4238 2612 4255 ο
2641 4224 2737 4277 καὶ
2780 4219 2969 4291 σαφῶς
3018 4220 3118 4290 τῆς
3165 4219 3389 4274 ἐκείνων
3418 4211 3689 4288 θρησκείας
3713 4205 3765 4258 τά

2238 4316 2521 4387 τεκμήρια
2549 4314 2831 4386 φέροντες,
2849 4312 2937 4383 ἐφ’
2964 4312 3197 4383 ὁμοίοις,
3224 4312 3277 4365 εί
3295 4328 3395 4363 που
3421 4299 3765 4387 συμϐαίη,τοῐς

2241 4386 2558 4477 ἀτυχήμασι
2604 4404 3003 4476 χαλεπαίνουσι
3038 4420 3099 4457 τε
3126 4405 3224 4457 καὶ
3247 4399 3629 4468 ἐπαλγύνονται
3654 4407 3666 4420 ·
3690 4386 3764 4443 καὶ

564 4485 757 4536 ιίιοιιιοτ
788 4482 1035 4536 veritatis
1070 4480 1411 4549 praeconibus
1438 4479 1838 4548 Dominicmque
1881 4480 2129 4534 doctrina

2244 4496 2437 4569 ὥσπερ
2470 4498 2673 4550 ἐκεῖνοι
2700 4496 2811 4550 τῶν
2832 4494 3141 4567 νομοθετῶν
3164 4492 3261 4549 καὶ
3290 4492 3558 4565 ἀρχόντων
3601 4477 3762 4541 κατεξ·

565 4573 837 4629 ministris
886 4572 1313 4637 maledicentes,
1382 4571 1765 4627 scelestissime
1831 4571 2136 4639 blaterant,

561 4665 954 4735 propemodum
1003 4666 1196 4720 eadem
1254 4664 1530 4729 dicentes,
1588 4678 1708 4733 quae
1761 4662 1836 4718 illi
1895 4664 2136 4718 divorum

564 4758 958 4828 prOphetarnm
1008 4756 1100 4810 uni
1163 4756 1567 4810 adversantes;
1629 4750 1931 4809 Sermonem
1983 4766 2137 4821 quem

568 4847 715 4901 nobis
749 4846 1031 4917 loquimini
1062 4847 1119 4899 in
1162 4845 1368 4898 nomine
1406 4842 1653 4908 Domini,
1682 4859 1787 4896 non
1824 4842 2140 4905 audiemus;

564 4944 689 4992 nam
724 4937 962 5009 faciendo
1004 4935 1260 5006 faciemus
1305 4934 1557 5006 quidquid
1588 4948 1679 4987 ore
1712 4930 2142 5002 pronuntiaveri-

567 5044 709 5097 mt‘ts,
736 5028 1094 5099 sacrificando
1129 5028 1324 5099 regina:
1351 5028 1489 5093 cwli,
1522 5037 1567 5081 et
1592 5025 1871 5079 libationes
1902 5024 2135 5089 libando,

567 5125 725 5179 sicuti
750 5134 798 5180 et
837 5139 930 5178 nos
975 5122 1225 5193 fecimus,
1256 5136 1346 5173 nec
1371 5135 1475 5172 non
1496 5127 1668 5187 patres
1702 5116 1889 5181 nostri,
1920 5126 1966 5168 et
1999 5129 2144 5183 reges

569 5217 771 5282 nostri,
820 5226 870 5271 et
920 5215 1184 5285 principes
1235 5213 1402 5266 nostri
1449 5212 1506 5264 in
1552 5210 1853 5263 civitatibus
1897 5205 2057 5260 ludar
2094 5215 2143 5262 et

565 5324 719 5363 extra
747 5309 1064 5363 Jerusalem.
1111 5306 1176 5361 Et
1215 5305 1395 5373 repleti
1430 5304 1656 5373 panibus
1684 5317 1865 5356 sumus
1889 5340 1904 5365 ,
1936 5311 1985 5354 et
2021 5300 2163 5354 bene‘

567 5404 717 5458 nobis
758 5402 903 5472 fuit,
936 5410 987 5455 et
1018 5401 1155 5454 mala
1187 5416 1288 5453 non
1317 5415 1498 5453 sumus
1526 5398 1747 5466 experti.
1780 5399 1847 5449 Αι
1868 5406 2147 5465 postquam

568 5496 875 5564 sacriﬁcare
913 5498 1199 5549 desinimus
1242 5496 1435 5565 reginae
1479 5493 1630 5558 εαξη,
1666 5490 1933 5544 imminuti
1966 5505 2147 5542 sumus

572 5601 751 5640 omnes
775 5626 789 5651 ,
822 5597 870 5640 et
901 5588 1080 5657 gladio
1129 5586 1367 5657 fameque
1397 5584 1703 5655 defecimus.
1748 5579 2013 5636 Prcterea
2050 5581 2149 5633 hac

573 5676 631 5731 in
662 5679 869 5746 regione
894 5680 1093 5737 diutius
1125 5696 1227 5731 non
1260 5678 1610 5741 manebimus,
1630 5675 1699 5728 ad
1733 5672 1944 5727 Domini
1979 5687 2150 5727 uocem

574 5766 921 5836 audiendam,
941 5770 1031 5823 sed
1055 5775 1106 5823 in
1136 5766 1427 5840 .Eggplttm
1459 5766 1945 5837 commigrnbimus,
1987 5781 2149 5837 mque

2241 4589 2550 4655 ανίσταντο,
2567 4588 2667 4659 τὴν
2691 4590 2785 4641 ἐπὶ
2812 4587 2920 4641 τῶν
2941 4587 3119 4658 κρεῶν
3137 4587 3234 4639 καὶ
3260 4584 3495 4654 λεσήτων
3516 4574 3762 4641 καθέδρανν

2241 4679 2339 4733 καὶ
2362 4678 2473 4732 τῶν
2499 4680 2680 4750 ἀρτων
2731 4678 2834 4750 τὴν
2878 4677 3143 4747 ἀφθονίαν
3168 4671 3589 4742 ἀνακαλούμενοι
3612 4679 3625 4693 ·
3650 4659 3767 4750 οὕτω

2242 4771 2337 4825 καὶ
2368 4764 2516 4824 οὗτοι
2542 4769 3136 4840 ἀπαναισχυντοὼτες,
3173 4768 3268 4822 καὶ
3293 4765 3398 4820 τῶν
3424 4759 3661 4833 κηρύκων
3686 4748 3766 4817 τῆς

2241 4861 2504 4933 ἀληθείας
2538 4863 2634 4916 καὶ
2666 4860 2763 4915 τὸν
2792 4862 2949 4930 λόγον
2976 4859 3070 4914 τοῦ
3124 4860 3329 4933 Κυρίου
3377 4844 3765 4916 διακονουμένων

2243 4952 2647 5017 καταϐοῶντες,
2700 4950 3039 5007 ἀνοσιώτατα
3069 4950 3576 5024 παραφθέγγονται.
3609 4943 3766 5009 μονον·

2243 5049 2365 5116 ουχὶ
2412 5044 2481 5099 τὰ
2531 5044 2673 5098 αὐτά
2722 5043 2972 5112 λέγοντες
3021 5044 3165 5115 ἆπερ
3220 5044 3452 5103 ἐκεῖνοι,
3493 5034 3595 5088 τῶν
3636 5024 3766 5116 θέξωῖ

2210 5174 2213 5177 -
2246 5114 2543 5206 προφητῶν
2569 5151 2679 5188 τινι
2707 5114 3244 5204 ἀντικαθιστάμένου
3287 5132 3349 5184 '0
3367 5128 3545 5196 λόγος
3568 5119 3633 5175 δν
3650 5114 3765 5206 ἀφ’

2244 5202 2479 5293 ducrere
2536 5226 2689 5294 πρὸς
2746 5223 2906 5293 ἡμᾶς
2961 5224 3041 5291 τῷ
3076 5202 3333 5294 -ὀνόματι
3385 5216 3614 5287 Κυρίου.
3676 5202 3764 5257 οὐκ

2246 5316 2631 5386 ἀκουσόμεθα
2694 5314 2901 5385 ὑμῶν’
2963 5314 3053 5369 ὅτι
3127 5311 3439 5374 ποιοῦντες
3478 5295 3768 5363 ποιήσομεν

2248 5407 2445 5462 πάντα
2462 5406 2569 5461 τὸν
2590 5406 2798 5475 λόγον,
2824 5404 2891 5471 ὃς
2908 5405 3294 5470 ἐξελεύσεται
3307 5402 3373 5455 ἐκ
3397 5395 3496 5451 τοῦ
3515 5389 3767 5475 στόματος

2247 5497 2438 5570 ἡμῶν,
2463 5467 2687 5567 θυμιᾷνί
2732 5467 2807 5566 τῆ
2849 5467 3202 5564 βασιλίσσῃ
3236 5494 3341 5548 τοῦ
3388 5480 3651 5570 οιῖῬανοῆν
3688 5467 3767 5570 {at

2248 5568 2709 5657 σπένδειναὺτῇ
2729 5588 3027 5655 σπονδὰς,
3049 5586 3201 5642 καθὰ
3230 5580 3585 5647 ἐποιήσαμεν
3610 5568 3766 5657 illi“:

2251 5676 2350 5730 καὶ
2375 5679 2428 5730 oi
2456 5642 2708 5745 πατέρεὲ
2730 5675 2922 5746 ἡμῶν,
2949 5642 3045 5731 καὶ
3107 5679 3161 5731 οι
3200 5642 3665 5739 ,βασιλεῖς-ήμῶν
3691 5642 3768 5746 τίτί

2254 5771 2306 5823 ci
2355 5741 2645 5839 ἄρχοντες
2673 5741 2842 5841 ἡμῶν
2970 5771 3229 5827 πόλεσιν
3260 5760 3450 5823 Ἰούδα
3474 5753 3564 5813 καὶ
3585 5741 3770 5815 ἔξωθεν
