3898 6150
456 282 562 345 (ῦὸ

1470 284 1543 346 S.
1582 283 1999 348 NICEPHORI
2037 286 2540 348 PATRIARCILE
2578 289 2685 350 CP.

3604 286 3714 354 496

525 404 614 459 65.
677 403 829 470 Quod
891 417 1020 458 vero
1075 416 1401 473 magnopere
1457 402 1720 459 Memoria;
1785 414 2025 473 tempora

2205 403 2297 469 Es'.
2332 407 2453 459 Ὀτι
2475 405 2531 458 δὲ
2567 406 2745 477 μάτην
2767 405 2860 460 ἐπὶ
2883 409 2994 471 τοῖς
3019 409 3233 479 χρόνοις
3262 409 3473 465 ἐκείνου
3506 411 3714 483 ἐγκαλ-

452 499 702 567 jactant,
736 498 838 551 hoc
871 498 1036 550 etiam
1086 495 1300 549 illorum
1332 495 1563 550 stultitia
1608 506 1665 549 et
1695 497 2032 551 absurditate

457 593 681 661 dignum
710 599 814 645 est.
849 588 1085 643 Plurima
1113 587 1257 641 enim
1291 590 1359 642 ab
1399 588 1677 644 historicis
1708 597 2031 643 oretenusve

465 682 817 737 narrantibus
863 680 1054 734 audire
1103 688 1215 746 est;
1248 688 1374 733 sunt
1402 688 1457 733 et
1497 678 1662 748 aliqui
1705 679 1883 735 adhuc
1939 693 2031 734 su-

457 776 736 844 perstites,
778 772 846 827 ad
896 771 1007 826 haec
1041 770 1386 840 prmdicanda
1441 771 1675 837 servati;
1732 784 1800 825 ex
1834 770 2032 840 quibus

461 867 676 921 discere
734 878 1024 935 possumus
1073 861 1253 931 qualia
1308 872 1363 916 et
1414 871 1616 932 quanta
1656 871 1782 919 tunc
1831 877 1894 917 ex
1950 863 2030 917 ira

457 959 641 1011 divina
690 954 1017 1025 contigerint
1073 954 1235 1007 mala.
1289 952 1366 1008 Ex
1418 967 1528 1022 quo
1582 952 1860 1010 Mamonas
1908 953 2030 1009 fidei

459 1060 659 1104 nostri?
696 1046 968 1102 molestus
995 1059 1119 1100 esse
1166 1044 1355 1112 coepit,
1399 1054 1453 1099 et
1480 1043 1621 1099 bene
1669 1044 2028 1113 compositum

454 1138 822 1193 Ecclesiarum
856 1144 1058 1192 statum
1105 1149 1449 1205 oppugnare,
1486 1144 1739 1203 tanquam
1772 1134 2032 1197 divinitus

455 1229 671 1283 inflictae
707 1228 875 1298 plaga;
918 1235 972 1279 et
1005 1226 1426 1295 castigationes,
1481 1225 1655 1278 morbi
1714 1223 2029 1293 gravissimi

453 1334 505 1376 et
544 1317 802 1391 flagella;
853 1332 1088 1387 quorum
1137 1314 1514 1379 multitudine,
1548 1324 1605 1369 et
1657 1314 2029 1369 calamitatum

458 1413 831 1482 magnitudine
879 1408 1155 1478 perterriti
1224 1406 1469 1461 nonnulli
1522 1415 1648 1462 tunc
1692 1416 2027 1476 praesentes,

456 1512 785 1572 opportune,
813 1510 991 1567 utpar
1017 1498 1409 1562 erat,historiae
1428 1497 1643 1552 tradere
1661 1497 1880 1567 dignum
1906 1513 2031 1553 cen-

455 1600 680 1647 suerunt
730 1602 928 1656 genera
962 1600 1179 1656 quoque
1210 1585 1470 1641 malorum
1501 1601 1622 1655 quae
1662 1587 1870 1656 experti
1903 1595 2030 1641 sunt

459 1680 768 1750 hujusmodi
818 1678 954 1751 (75).
986 1678 1326 1733 Pestilentes
1365 1687 1568 1733 mortes
1605 1694 1727 1749 quae
1779 1680 2026 1734 homines

453 1772 855 1839 corripuerunt,
891 1782 1048 1823 nemo
1076 1777 1256 1838 potest.
1272 1783 1620 1833 enumerare,
1652 1780 2027 1839 quantumque

456 1876 742 1916 numerum
779 1858 1020 1928 depasta:
1067 1860 1214 1925 sint;
1260 1861 1457 1929 quibus
1503 1876 1565 1916 se
1610 1861 1937 1917 subtrahens
1981 1862 2030 1917 is

453 1955 546 2021 qui
577 1966 742 2007 causa
782 1950 994 2005 illarum
1022 1958 1160 2017 erat,
1209 1951 1400 2021 procul
1433 1952 1578 2023 regia
1611 1952 1771 2019 urbe,
1801 1969 2028 2009 casuum

453 2044 913 2098 internecivorum
949 2054 1118 2108 metu,
1146 2043 1468 2116 plerumque
1491 2046 1741 2114 degebat.
1786 2045 2029 2117 Namque

453 2136 596 2204 apud
640 2134 1012 2191 Nicomediam
1055 2135 1284 2206 ejusque
1317 2137 1577 2191 suburhia
1626 2138 2024 2206 diversabatur,

453 2226 566 2281 imo
592 2228 757 2281 etiam
790 2227 950 2295 longe
982 2226 1230 2283 ulterius.
1267 2227 1340 2281 De
1365 2227 1711 2283 multitudine
1732 2237 1910 2285 autem
1938 2229 2026 2284 in-

454 2316 608 2370 finita
641 2316 1043 2383 defunctorum,
1074 2332 1170 2387 per
1196 2316 1415 2373 litteras
1451 2318 1485 2372 ii
1527 2319 1722 2388 quibus
1754 2320 1904 2375 urbis
1930 2335 2026 2375 ne-

453 2406 600 2476 gotia
634 2405 924 2460 connnissa
961 2405 1202 2472 fuerant,
1236 2406 1386 2461 illum
1408 2408 1720 2463 educebant
1741 2449 1756 2475 ,
1789 2409 2026 2466 millibus

454 2498 705 2567 plurimis
735 2497 982 2567 quotidie
1007 2499 1340 2565 numeratis,
1379 2499 1455 2554 ita
1511 2510 1570 2555 ut
1621 2502 1870 2572 sepulcra
1906 2519 2028 2558 cer—

452 2588 676 2659 poribus
720 2589 913 2643 tierent
950 2598 1211 2659 angusta,
1257 2600 1312 2644 et
1365 2605 1629 2661 aquarum
1680 2606 1899 2662 quoque
1942 2609 2026 2649 re-

453 2676 733 2748 reptacula
772 2677 858 2732 bis
899 2677 1274 2747 opplerentur,
1307 2688 1363 2733 et
1389 2680 1636 2748 quisquis
1670 2681 1812 2738 alius
1858 2683 2024 2738 cada-

450 2769 672 2823 vta-ibus
729 2766 1059 2836 recipiendis
1102 2766 1253 2823 locus
1307 2778 1428 2823 erat
1478 2769 1738 2839 idoneus;
1791 2788 2023 2843 quorum

451 2873 579 2927 pars
605 2872 676 2913 ne
723 2856 975 2926 sepulcro
1028 2857 1249 2926 quidem
1294 2857 1672 2926 tradebantur,
1721 2863 1816 2917 sed
1865 2871 2027 2932 prout

451 2965 510 3004 se
562 2962 648 3004 res
691 2948 852 3003 dabat
903 2945 1322 3015 abjiciebantur,
1369 2947 1641 3020 justisque
1703 2948 2024 3005 funebribus

2134 497 2466 562 λωπίζονται
2489 538 2504 562 ,
2542 498 2636 551 καὶ
2680 498 2837 552 τοῦτο
2862 499 2958 568 τῆς
2996 500 3222 556 ἐκείνων
3257 503 3575 576 ἀϐελτερίας
3615 508 3716 562 καὶ

2132 589 2356 657 ἀλογίας
2400 588 2550 654 ἀξιον
2577 604 2590 619 ·
2639 589 2867 643 πλεῖστα
2907 591 3016 662 γὰρ
3066 594 3161 647 καὶ
3210 592 3567 665 ἱστορούντων
3614 598 3717 652 καὶ

2133 678 2401 747 λεγόντων
2430 679 2578 732 ἐστιν
2603 679 2823 734 ἀκούειν
2843 696 2855 709 ·
2884 682 2993 735 eici.
3025 683 3134 754 γὰρ
3157 685 3251 738 καὶ
3278 684 3375 739 νῦν
3409 685 3489 741 ἔτι
3511 686 3589 759 τῷ
3612 687 3717 760 βίῳ

2134 771 2606 841 περιλειπόμενοι,
2646 773 2741 827 καὶ
2788 768 2877 827 οἷα
2914 777 3156 845 κήρυκες
3183 776 3386 831 τούτων
3419 780 3717 852 διατηρού-

2137 879 2313 933 μενοι.
2343 862 2423 915 Δι’
2452 855 2527 915 ὧν
2559 863 2748 931 μαθεῖν
2776 867 2888 928 τοῖς
2918 863 3260 936 βουλομένοις
3291 869 3579 940 πάρεστιν,
3610 873 3718 926 ὅσα

2132 952 2226 1007 καὶ
2268 945 2355 1006 οἷα
2392 951 2461 1006 τὰ
2503 953 2567 1004 ἐκ
2601 952 2698 1023 τῆς
2740 953 2892 1017 θείας
2930 956 3098 1026 ὀργῆς
3139 958 3374 1013 ἐπέλαϐε
3408 962 3718 1031 τηνικαῦτα

2129 1042 2281 1096 δεινά
2304 1057 2319 1070 ·
2351 1041 2412 1107 ἐξ
2450 1037 2513 1095 οἶ)
2550 1044 2621 1096 ea
2647 1046 2745 1114 τῆς
2774 1044 2897 1097 καθ’
2933 1048 3082 1117 ἡμᾶς
3112 1049 3348 1113 πίστεως
3379 1050 3717 1125 καθυϐρίζε-

2134 1132 2258 1186 σθαι
2301 1129 2505 1204 ἦρκται
2530 1171 2544 1197 ,
2598 1133 2830 1187 καὶτῶν
2867 1135 3205 1207 Ἑκκλησιῶν
3243 1140 3638 1212 ἐκπορθεῖσθαι
3681 1146 3716 1215 ή

2132 1223 2447 1288 εὐστάθεια,
2484 1218 2596 1278 οἷαι
2631 1224 2882 1296 θεήλατοι
2922 1228 3154 1298 πληγαὶ,
3187 1230 3281 1284 καὶ
3321 1232 3588 1298 παιδεῖαι,
3619 1235 3718 1286 καὶ

2132 1313 2278 1383 πάθη
2314 1314 2592 1386 βαρύτατα
2621 1318 2716 1369 καὶ
2764 1317 2982 1387 μήνιδες
3006 1334 3018 1347 ·
3052 1313 3127 1373 ὧν
3158 1319 3235 1390 τῷ
3277 1320 3471 1393 πλήθει
3506 1325 3602 1379 καὶ
3637 1324 3716 1395 τῷ

2134 1405 2354 1476 μεγέθει
2408 1405 2517 1457 τῶν
2580 1408 2876 1478 συμφορῶν
2927 1410 3547 1484 ύπερεκπληττόμενοι,
3602 1417 3716 1470 τῶν

2130 1497 2248 1548 τότε
2280 1497 2563 1566 παρόντων
2593 1499 2767 1564 τινὲς,
2801 1500 3075 1572 εὐκαίρως
3111 1505 3205 1558 καὶ
3234 1508 3315 1569 είς
3343 1506 3460 1560 δέον
3494 1508 3715 1580 χρώμε-

2129 1601 2248 1650 νοι,
2299 1585 2511 1657 ἱστορία
2572 1589 2906 1659 παραδοῦναι
2954 1591 3102 1657 ἀξιον
3158 1594 3460 1667 ᾠήθησαν,
3497 1601 3595 1653 καὶ
3645 1602 3716 1656 τὰ

2131 1675 2247 1747 εῖδη
2281 1676 2390 1730 τῶν
2431 1677 2618 1731 κακῶν
2663 1682 2743 1744 είς
2767 1685 2962 1752 πεῖραν
2992 1684 3237 1756 ἀγόμενα
3264 1688 3489 1744 τοιαῦτα
3509 1707 3522 1721 ·
3554 1694 3586 1746 ὁ
3615 1693 3717 1763 μὲν

2130 1767 2382 1839 λοιμικὸς
2430 1769 2658 1836 θάνατος
2688 1772 2747 1837 ὃς
2790 1778 2902 1839 τοῖς
2950 1777 3263 1847 ἀνθρώποις
3302 1783 3713 1854 ἐπεπορεύετο,

2127 1856 2238 1910 οὐδ’
2268 1858 2334 1912 ἀν
2378 1877 2464 1923 τις
2507 1858 2977 1933 ἐξαριθμήσαιτο,
3004 1868 3095 1932 εἰς
3134 1869 3260 1924 ὅσον
3294 1870 3498 1942 πλῆθος
3529 1875 3716 1929 αὐτῶν

2128 1948 2501 2024 ἐπενείματο,
2560 1952 2621 2018 ἐξ
2672 1948 2735 2008 οὗ
2784 1956 2851 2037 δη
2905 1959 3001 2012 καὶ
3058 1958 3278 2031 διαδρὰς
3319 1965 3349 2017 ὁ
3393 1964 3494 2036 τῆς
3538 1967 3715 2038 ὀργῆς

2127 2039 2324 2105 αἴτιος,
2352 2039 2456 2111 τῆς
2487 2032 2851 2116 βασιλεούσης
2886 2049 3171 2120 πόρρωθεν
3186 2052 3275 2117 ⁴ὡς
3301 2053 3370 2108 τὰ
3396 2032 3713 2112 «massa;

2125 2128 2235 2182 τῶν
2260 2130 2670 2201 συμϐαινόντων
2704 2137 2961 2207 ηὐλίζετο
2986 2155 3000 2170 ·
3031 2142 3160 2213 περί
3184 2160 3243 2196 τε
3269 2144 3378 2216 γὰρ
3410 2147 3509 2217 τὴν
3539 2148 3712 2201 Νικο-

2129 2219 2341 2290 μηδέων
2370 2224 2464 2279 Ital.
2494 2223 2562 2279 τὰ
2592 2226 2653 2279 ἐν
2687 2225 2872 2299 ἐκείνῃ
2920 2232 3223 2302 προάστεια
3241 2275 3257 2299 ,
3286 2236 3385 2300 τάς
3421 2237 3712 2310 διατριϐὰς

2125 2310 2364 2365 ἐποιεῖτο
2383 2354 2398 2379 ,
2439 2314 2773 2372 καὶτούτων
2804 2319 3065 2377 ἐπέκεινα
3089 2323 3272 2395 πολλῷ
3298 2341 3312 2354 ·
3353 2325 3454 2398 τὴν
3479 2329 3537 2382 δὲ
3566 2330 3712 2399 πλη-

2126 2399 2222 2455 θὺν
2242 2400 2340 2472 τὴν
2378 2404 2646 2485 ἀπείρονα
2671 2407 2780 2461 τῶν
2808 2407 3208 2482 ἐξοδευομὲνων
3237 2416 3536 2487 γράμμασι
3559 2419 3710 2491 χρώ-

2126 2509 2319 2563 μενοι,
2347 2495 2398 2548 οἱ
2429 2479 2500 2550 τὰ
2522 2500 2668 2553 κατὰ
2701 2499 2798 2572 τὴν
2834 2500 2990 2556 πόλιν
3013 2479 3487 2580 ἐπιτετραμμένοι
3523 2479 3707 2582 πράγ-

2127 2601 2295 2655 ματα,
2323 2588 2485 2643 αὐτὸν
2511 2591 2859 2647 ἀνεδίδασκον
2881 2635 2895 2661 ,
2944 2595 3201 2667 χιλιάδων
3239 2600 3316 2664 ὡς
3342 2601 3618 2658 πλείστων
3645 2606 3710 2659 τὸ

2124 2675 2211 2744 ἐφ’
2239 2677 2425 2749 ἡμέρα
2444 2678 2891 2753 ἀριθμουμένων,
2915 2684 2991 2749 ὠς
3011 2687 3255 2751 καὶτοὺς
3283 2688 3491 2757 τάφους
3514 2707 3703 2744 στενο-

2124 2770 2421 2839 χωρεῖσθαι
2453 2773 2568 2836 τοῖς
2589 2773 2807 2846 σώμασι
2835 2793 2850 2808 ο
2879 2778 2976 2831 καὶ
3003 2778 3073 2832 τά
3093 2779 3201 2833 τῶν
3226 2780 3437 2834 ὑδάτων
3453 2783 3709 2853 ἐκδοχεῖα

2125 2858 2454 2935 ὑπερπλήρη
2485 2864 2750 2933 γίνεσθαι,
2782 2868 2875 2922 καὶ⁵
2901 2869 2955 2923 εῐ
2973 2887 3029 2923 τι
3059 2870 3192 2926 ἀλλο
3214 2872 3416 2944 χωρίον
3455 2875 3596 2946 πρὸς
3621 2894 3709 2929 νε-

2125 2953 2261 3024 κροῦ
2310 2954 2562 3025 σώματος
2605 2958 2877 3030 ὑποδοχὴν
2918 2962 3365 3033 παρετύγχανενο
3402 2958 3479 3019 ὧν
3528 2967 3707 3043 ἐνίους
3777 3026 3783 3031 ,

454 3040 908 3098 destituebantur.
950 3036 1066 3092 Non
1111 3038 1258 3093 enim
1290 3039 1475 3095 videre
1506 3048 1627 3094 erat
1674 3055 1842 3095 unum
1876 3057 2022 3095 mor-

2131 3045 2269 3116 μηδέ
2326 3047 2485 3119 τάφῳ
2525 3051 2952 3121 παραδίδοσθαι,
2992 3055 3107 3110 ἀλλ’
3130 3057 3212 3121 ὡς
3256 3056 3324 3111 ἀν
3347 3057 3501 3128 τύχοι
3534 3042 3708 3132 ἀπορ-

455 3143 606 3186 tuum
650 3131 701 3185 in
736 3128 1015 3197 sandapila
1049 3129 1358 3194 deductum,
1411 3130 1507 3185 sed
1566 3139 1677 3185 tres
1720 3130 1807 3186 vel
1855 3132 2021 3187 etiam

2128 3138 2441 3208 ῥιπτεῖσθαι
2467 3179 2482 3206 ,
2530 3143 2625 3196 καὶ
2660 3144 2760 3215 τὴν
2806 3147 2896 3199 ἐπ’
2924 3148 3125 3212 αὐτοὺς
3161 3150 3316 3204 ὁτίαν
3360 3128 3704 3206 ἐπιλείπεινο

451 3224 713 3295 quinque,
740 3231 794 3275 ct
814 3229 1078 3291 quotquot
1103 3234 1135 3274 a
1160 3219 1360 3290 bajulis
1381 3220 1510 3275 ferri
1540 3231 1788 3291 poterant
1814 3237 1831 3276 :
1864 3225 2025 3292 quod-

452 3331 558 3385 que
586 3317 821 3368 maxime
848 3312 1184 3381 insperatum
1226 3320 1348 3368 erat
1379 3321 1432 3366 et
1475 3321 1683 3367 terrore
1713 3313 1949 3383 plenum,
1987 3313 2024 3368 ii

453 3408 544 3477 qui
578 3413 914 3459 mortuorum
961 3401 1293 3473 sepulturam
1327 3403 1614 3466 curabant,
1648 3403 2027 3472 praacedebant

456 3498 577 3554 illos
627 3495 696 3550 ad
749 3494 1049 3557 tumulum,
1091 3504 1315 3563 repente
1365 3495 1474 3549 vita
1514 3496 1711 3563 erepti,
1759 3503 1814 3550 et
1865 3495 2025 3567 quasi

456 3591 684 3645 invicem
714 3586 994 3644 moriendo
1026 3587 1437 3656 prazvenientes.
1463 3587 1618 3642 Adde
1646 3589 1729 3644 bis
1763 3596 2022 3655 terrores,

453 3690 511 3735 et
544 3679 813 3734 horrenda
843 3676 1156 3747 prodigiosa
1193 3676 1600 3746 phantasmata.
1642 3678 1896 3732 humanis
1930 3693 2025 3732 au-

456 3770 659 3825 ditibus
691 3768 1072 3836 mentibusque
1116 3781 1255 3821 nova
1289 3778 1344 3823 et
1374 3767 1667 3837 incognita,
1714 3783 1835 3838 quae
1862 3778 2022 3825 noctu

455 3862 660 3926 diuque
691 3859 1008 3912 visebantur
1027 3867 1194 3926 atque
1216 3857 1580 3912 audiebantur
1607 3858 2022 3928 palammultis;

453 3962 507 4005 et
541 3950 856 4020 phantasias
887 3958 1049 4017 atque
1081 3962 1309 4003 sonores
1340 3964 1507 4018 supra
1543 3949 1723 4020 capita
1755 3965 2025 4020 apparat-

455 4052 536 4097 trs
575 4049 626 4095 et
680 4039 907 4093 exitium
962 4039 1411 4104 interuiinantes;
1469 4040 1688 4093 nomina
1734 4040 2028 4096 etiamali-

452 4133 667 4197 quando
703 4139 757 4184 et
785 4144 1045 4183 numerus
1073 4144 1198 4182 mox
1230 4130 1617 4183 moriturorum
1642 4131 2022 4188 audiebantur.

452 4224 519 4277 Et
550 4228 662 4277 haec
689 4222 907 4289 quidem
933 4234 1092 4287 supra
1120 4228 1343 4270 terram.
1369 4218 1477 4271 Sed
1509 4219 1684 4273 adhuc
1711 4221 1796 4274 his
1817 4222 2024 4290 pejora,

451 4329 573 4384 qua:
603 4321 763 4365 antea
819 4311 920 4363 sub
973 4318 1173 4361 terram
1218 4322 1380 4375 quam
1417 4308 1560 4362 circa
1600 4318 1797 4364 terram
1847 4312 2022 4370 fuere.

2124 3229 2186 3281 ού
2214 3229 2324 3301 γὰρ
2347 3226 2415 3302 ἦν
2450 3233 2646 3304 νεκρὸν
2670 3235 2767 3289 ἕνα
2800 3237 2928 3291 ίδεῖν
2959 3241 3053 3294 ἐπὶ
3083 3243 3381 3312 σκίμποδος
3411 3246 3703 3315 ἀγόμενον,

2124 3322 2273 3390 τρεῖς
2297 3320 2355 3374 δέ
2380 3321 2413 3393 ἢ
2450 3322 2612 3376 πέντε
2643 3327 2829 3397 τυχὸν,
2863 3330 2957 3383 καὶ
2978 3331 3139 3395 ὅσους
3173 3333 3240 3387 ἀν
3263 3337 3312 3387 oi
3335 3334 3701 3406 ἀχθοφορούν-

2123 3425 2218 3474 τες
2259 3412 2576 3483 ἐκκομίζειν
2614 3416 2880 3486 ἠδύναντο
2902 3436 2919 3453 ο
2953 3421 2983 3474 ὃ
3025 3421 3082 3475 δὲ
3129 3425 3576 3495 παραδοξότατον
3611 3430 3706 3482 καὶ

2126 3499 2309 3571 πάσης
2329 3501 2500 3573 γέμον
2525 3506 2863 3578 ἐκπλήξεως,
2888 3509 2999 3563 ἔσθ’
3019 3511 3108 3565 ὅτε
3132 3515 3180 3567 oi
3206 3514 3299 3568 ἐπὶ
3327 3520 3395 3588 τῇ
3414 3521 3570 3589 ταφῇ
3597 3520 3705 3572 τῶν

2125 3591 2577 3665 προτεθνηκότων
2637 3598 3037 3665 σπουδάζοντες
3089 3604 3233 3656 κατά
3282 3606 3411 3669 τοὺς
3460 3608 3703 3676 τάφους,

2126 3682 2372 3748 ἐκείνους
2397 3687 2742 3759 προέφθανον
2767 3707 2781 3721 ο
2808 3691 2984 3757 οὕτως
3012 3694 3209 3766 ἀθρόον
3235 3698 3701 3768 ἀναρπαζόμενοι,

2125 3774 2222 3828 καὶ
2243 3774 2433 3847 ὥσπερ
2463 3778 2711 3850 ἀλλήλοις
2739 3781 2817 3852 τῷ
2846 3782 3061 3855 θανάτῳ
3085 3789 3661 3861 προσεπεμϐαίνοντες
3684 3809 3699 3825 °

2125 3865 2222 3919 καὶ
2249 3866 2321 3919 τὰ
2355 3869 2414 3921 ἐν
2441 3868 2653 3935 τούτοις
2681 3871 2913 3943 δείματα
2930 3917 2946 3941 ,
2973 3876 3050 3941 ὡς
3077 3878 3295 3944 ἐξαίσιά
3323 3899 3382 3935 τε
3416 3886 3513 3937 καὶ
3540 3902 3702 3957 τερα-

2128 3955 2268 4029 τώδη
2310 3961 2715 4033 φαντάσματα,
2772 3967 2869 4019 καὶ
2925 3968 3301 4040 ἀνθρωπείαις
3360 3974 3556 4040 ἀκοαῖς
3606 3955 3705 4031 καὶ

2125 4048 2389 4114 διανοίαις
2432 4051 2562 4118 ξένα
2605 4055 2703 4109 καὶ
2743 4056 3109 4127 ἀδιάγνωστα,
3146 4062 3181 4116 ἀ
3216 4063 3313 4118 καὶ
3359 4062 3584 4139 νύκτωρ
3612 4070 3704 4123 καὶ

2129 4137 2249 4209 μεθ’
2295 4139 2510 4212 ἡμέραν
2551 4143 2763 4215 ἑωρᾶτό
2793 4162 2853 4198 τε
2893 4148 2985 4200 καὶ
3031 4149 3266 4218 ἠκούετο
3305 4152 3384 4214 είς
3425 4137 3703 4224 προῦπτον

2125 4231 2240 4293 τοῖς
2269 4230 2516 4295 πολλοῖς·
2562 4236 2879 4303 φαντασιῶν
2923 4255 2984 4291 τε
3022 4240 3117 4293 καὶ
3160 4241 3531 4312 ἀκουσμάτων
3565 4245 3703 4318 ὑπὲρ

2128 4321 2372 4392 κεφαλῆς
2419 4324 2861 4396 ἐπιφαινομένων
2910 4330 3007 4383 καὶ
3053 4332 3425 4388 ἀπειλούντων
3459 4335 3555 4389 τὸν
3590 4336 3703 4389 Βλε-

453 4404 569 4456 Non
603 4402 747 4455 enim
779 4400 892 4467 jam
945 4398 1149 4451 diutius
1198 4406 1547 4466 peccatorum
1596 4400 2020 4469 magnitudinem

2128 4410 2288 4483 θρον,
2330 4415 2426 4467 καὶ
2456 4419 2825 4488 προσηγορίαι
2865 4420 2928 4490 δή
2965 4437 3114 4485 τινες
3137 4465 3150 4486 ,
3187 4424 3283 4477 καὶ
3321 4426 3560 4497 ἀριθμὸς
3597 4429 3702 4481 τῶν

455 4494 614 4548 tellus
649 4492 875 4545 ferebat.
907 4487 1178 4555 Quantum
1207 4489 1308 4544 fuit
1338 4500 1802 4559 terrae_rnotuunl.
1840 4497 2024 4551 tremi-

450 4578 794 4650 tunnul3ﬁ.
817 4590 871 4632 et
908 4579 1327 4632 concussionutn
1365 4582 1659 4650 negotium,
1692 4583 2019 4641 horrendum

454 4690 681 4741 prorsus
715 4682 769 4726 et
808 4682 1046 4726 mentem
1081 4673 1493 4742 orationemque
1543 4674 1831 4732 humanam
1864 4695 2025 4735 exce-

451 4765 620 4821 dens!
662 4762 996 4818 Yidebantur
1026 4763 1172 4816 enim
1209 4763 1416 4817 telluris
1459 4767 1607 4835 quati
1638 4767 2021 4836 fundamenta,

450 4871 625 4925 eaque
668 4854 985 4908 cardinibus
1019 4868 1284 4908 concussa
1331 4859 1500 4910 everti
1546 4867 1603 4912 et
1635 4859 1884 4929 distrahi,
1924 4877 2023 4916 nec

444 4948 556 5015 jam
592 4946 777 5002 sedem
816 4959 967 4999 suam
1017 4958 1324 5013 nexumque
1354 4955 1562 5002 tenere.
1607 4948 1720 5014 Qua
1768 4966 1934 5020 super
1965 4967 2023 5007 re

454 5039 633 5095 verbis
664 5039 1005 5109 parcendum
1060 5052 1293 5103 censeo;
1327 5055 1561 5108 namque
1590 5042 1828 5112 ipsorum
1877 5059 2024 5098 sum-

449 5143 766 5202 ptuosorum
791 5128 1170 5193 aediﬁciorum,
1185 5139 1239 5184 et
1260 5130 1507 5185 villarum
1522 5135 2023 5203 ornatissimarum,

452 5222 579 5275 tuba
626 5220 825 5286 veluti,
878 5218 1116 5273 clamant
1172 5220 1372 5285 ruina},
1411 5236 1532 5290 quae
1587 5224 1884 5280 incolarum
1925 5243 2025 5297 op-

451 5326 762 5380 pressorum
815 5297 1145 5363 factas'sunt
1192 5311 1487 5379 sepultura:
1518 5336 1531 5367 :
1567 5316 1681 5370 haec
1707 5317 1848 5371 enim
1895 5320 2023 5374 sub-

448 5419 606 5458 versa
657 5414 819 5459 terrae
858 5412 1003 5455 motu
1059 5401 1287 5457 aedificia
1323 5401 1455 5459 fecit
1480 5406 1561 5460 eis
1602 5408 1850 5478 sepulcra
1888 5410 2020 5466 ultio

517 5571 631 5644 (75)
663 5575 878 5651 Beapse
904 5575 1263 5651 calamitates,
1304 5579 1734 5651 nominatimque
1763 5586 2022 5651 pestilen-

444 5646 551 5702 tias
597 5647 698 5701 sub
745 5645 1087 5716 Conronynto
1141 5650 1465 5716 saevientes,
1519 5645 1718 5721 passim
1767 5645 2016 5714 historici

2127 4505 2252 4561 ὅσον
2300 4507 2454 4563 οΰπω
2510 4511 2921 4583 τεθνηξομένων
2973 4517 3302 4586 ἐξηκούετο·
3356 4523 3453 4575 καὶ
3496 4522 3566 4575 τὰ
3608 4524 3703 4593 μὲν

2128 4596 2271 4667 ὑπὲρ
2310 4597 2415 4667 γῆν
2447 4599 2672 4653 τοιαῦτα
2718 4604 2813 4657 καὶ
2857 4604 3065 4660 τούτων
3104 4607 3184 4662 ἔτι
3231 4610 3488 4681 χείρονα,
3533 4613 3603 4666 τά
3647 4610 3701 4665 δὲ

2128 4688 2259 4758 πρὶν
2294 4689 2399 4743 ὑπὸ
2428 4690 2533 4761 γῆν
2571 4692 2604 4763 ἢ
2648 4695 2777 4764 περὶ
2806 4697 2909 4766 γῆν
2934 4712 2947 4725 ·
2987 4700 3048 4751 οὐ
3099 4701 3210 4772 γὰρ
3245 4701 3326 4756 ἔτι
3355 4703 3467 4757 τῶν
3505 4704 3702 4776 ἀσεϐη-

2131 4781 2316 4849 μάτων
2335 4781 2396 4835 τὸ
2428 4783 2657 4853 μέγεθος
2682 4784 2883 4858 ἔφερεν
2905 4791 3066 4843 ὁποῖα
3090 4791 3198 4844 τῶν
3223 4794 3324 4863 μὲν
3345 4796 3589 4867 σεισμῶν
3616 4797 3700 4849 καὶ

2129 4869 2393 4942 βρασμῶν
2427 4876 2523 4927 καὶ
2557 4878 2952 4950 ἀνατιναγμῶν
2982 4881 3044 4935 τὸ
3077 4882 3266 4954 χρῆμα
3291 4924 3307 4949 ,
3359 4885 3436 4949 ὡς
3470 4887 3700 4951 ἐξαίσιον

2130 4960 2224 5012 καὶ
2253 4960 2379 5014 νοῦν
2411 4965 2507 5016 καὶ
2541 4963 2698 5034 λόγον
2728 4967 3029 5041 ὑπεραῖρον
3060 4971 3405 5041 ἀνθρώπειον
3425 4992 3438 5005 ο
3472 4975 3701 5046 ὑπεφαί-

2128 5067 2249 5104 νετο
2285 5052 2395 5124 γὰρ
2427 5054 2597 5124 αὐτῆς
2628 5059 3082 5116 κατακλονεῖσθαι
3119 5067 3186 5118 τά
3216 5064 3474 5135 θεμέλια,
3513 5069 3608 5123 καὶ
3640 5071 3700 5121 ἐκ

2125 5142 2401 5214 πυθμένος
2443 5148 2853 5220 ἀνατετράφθαι
2886 5154 3347 5228 ἀναϐρασσόμενα
3381 5162 3477 5214 καὶ
3504 5162 3701 5217 διιστά-

2127 5252 2266 5305 μενα
2289 5275 2304 5301 ,
2341 5237 2438 5291 καὶ
2468 5237 2662 5325 ὥσπερ
2713 5243 3026 5315 ἀρνούμενα
3057 5247 3158 5319 τὴν
3192 5249 3407 5304 ἑαυτῶν
3445 5252 3609 5325 ἐδραν
3645 5269 3699 5307 τε

2129 5327 2222 5379 καὶ
2253 5327 2542 5398 συνέχειαν
2561 5346 2575 5361 ο
2603 5323 2648 5398 ᾧ
2682 5332 2807 5387 οὐδὲ
2848 5336 3022 5404 λόγων
3045 5333 3201 5408 οἶμαι
3236 5338 3456 5410 δεήσειν
3481 5356 3495 5370 '
3513 5323 3700 5395 vatium

2127 5419 2236 5491 γάρ
2280 5421 2390 5474 τῶν
2422 5422 2732 5478 πολυτελῶν
2781 5427 3137 5510 οἰκημάτωνθ
3180 5429 3276 5483 καὶ
3319 5430 3427 5484 τῶν
3459 5434 3698 5503 κτήσεων

2130 5590 2416 5675 Byzantini
2454 5607 2563 5675 tum
2588 5598 2717 5675 editi
2752 5610 2868 5675 tum
2901 5601 3085 5675 ingditi
3117 5613 3338 5658 narrant
3397 5602 3459 5659 Et
3487 5605 3694 5675 quidem

2131 5674 2315 5719 noster
2349 5668 2462 5733 ipse
2490 5665 2826 5738 Nlt'ellhOI'llS
2861 5673 2910 5726 in
2951 5672 3226 5730 Brcvtarto
3273 5665 3539 5733 historico
