3898 6150
181 376 275 443 497

881 352 1510 454 ANTIRRHETICUS
1549 393 1640 452 III
1678 393 1846 455 ADV.
1889 391 2479 454 CONSTANTIN-UM
2517 390 2730 452 COPR.

3332 386 3451 448 49έῖ

180 494 282 548 τῶν
323 494 863 569 κεκαλλωπισμένων
894 503 1145 568 σαλπίζει
1181 505 1324 575 μέγα
1365 505 1432 558 τὰ
1461 504 1750 574 πτώματα,

1869 507 2061 562 divina;
2091 508 2270 576 Atque
2313 507 2428 561 haec
2460 502 2825 574 potissimnm"
2849 500 3132 560 calamitas
3184 503 3436 558 incubuit
3469 554 3473 559 .

179 587 210 641 ἃ
235 586 347 639 τῶν
379 588 696 645 ὑποδύντων
726 593 822 645 καὶ
851 597 1240 664 πεπιεσμένων
1279 597 1500 663 ἐγένετο
1527 596 1760 650 πολυάν-

177 678 296 746 δρια
318 696 332 710 ο
365 677 573 748 τάφους
602 683 713 752 γὰρ
737 683 916 737 αὐτῶν
947 688 980 756 ἡ
1020 686 1301 757 Θεόκριτος
1329 687 1452 757 δίκη
1488 689 1758 740 ἐπικατα-

1866 599 2015 653 circa
2046 598 2212 652 colles
2241 605 2295 652 et
2323 599 2624 651 eminentes
2653 597 2832 659 locos,
2868 611 2988 665 qua
3029 612 3172 652 nunc
3217 612 3436 667 quoque

1869 687 2015 740 circa
2054 685 2258 756 regiam
2295 686 2481 740 urbem
2511 686 2701 740 rudera
2729 685 2933 753 iacent.

180 772 460 828 σεισθέντα
493 774 565 828 τὰ
607 776 900 846 δομήματα
935 781 1216 850 ἐσχεδίασε
1238 798 1252 811 ο
1283 781 1379 834 καὶ⁷
1410 781 1573 835 τοῦτο
1645 782 1779 835 πολὺ
1823 780 2060 850 μάλιστα
2101 780 2164 834 τὸ
2201 781 2373 844 πάθος
2412 781 2729 850 κατέσκηψε
2811 782 2958 835 κατά
2997 781 3094 845 τὰς
3123 780 3315 849 λοφιάς
3347 781 3442 833 καὶ

179 862 238 916 τὰ
269 863 646 934 ὑπερκείμενα
671 869 868 938 χωρία,
904 867 939 922 ἃ.
961 869 1023 940 δὴ
1054 869 1196 923 κατά
1223 873 1283 923 τὸ
1316 871 1586 940 βασίλειον
1615 870 1748 924 ἄστυ
1792 870 1953 941 μέχρι
1984 871 2223 942 σήμερον
2250 870 2468 940 ἐρείπια
2500 871 2812 941 βέϐληνται.

246 953 354 1020 Eg’.
394 958 468 1009 Οὐ
511 958 616 1028 μὴν
644 959 765 1013 ούδέ
799 960 869 1014 τὰ
898 961 957 1026 ἐξ
989 963 1150 1033 ἀέρος
1192 964 1424 1034 δείματα
1454 967 1754 1036 ἐπηρεμεῖν

179 1047 608 1118 ἢέφησυχάζειν
657 1052 1018 1124 ὑϐριζομένου
1062 1053 1158 1108 τοῦ
1191 1057 1428 1111 Κτίστου
1470 1058 1753 1129 ἠνείχετο·

179 1135 352 1189 ἐδόκει
394 1137 505 1207 γάρ
534 1143 649 1202 τοῖς
697 1141 758 1194 τὸ
795 1143 1051 1211 τηνικάδε
1099 1143 1432 1215 ἀνθρώποις,
1469 1147 1596 1209 τοὺς
1631 1146 1752 1199 κατ’

179 1228 405 1296 οὐρανὸν
448 1229 685 1300 ἀστέρας
737 1232 830 1285 ἐπὶ
874 1234 978 1303 γῆς
1023 1236 1281 1306 ἐρῤίφθαι
1325 1237 1572 1299 ἅπαντας
1617 1239 1756 1306 ῥαγ-

181 1317 372 1382 δαίως,
426 1313 570 1373 οὕτω
600 1323 694 1375 καὶ
741 1325 1109 1394 συνεχέστατα
1154 1326 1270 1379 τοῦ⁹
1287 1328 1472 1397 ἀερίου
1516 1327 1717 1388 πάθους
1740 1367 1756 1392 ,

181 1409 275 1463 ἀνά
315 1411 418 1480 τῆς
449 1413 780 1483 οἰκουμένης
809 1411 964 1484 οἶμαι
1012 1416 1082 1469 τά
1125 1418 1338 1489 πέρατα
1374 1418 1571 1489 ἀθρόον
1601 1420 1784 1482 ἐκκε-,

181 1503 416 1571 χυμένου
440 1519 454 1535 ⁸
480 1504 614 1572 ὁμοῦ
645 1505 754 1576 γὰρ
793 1507 884 1560 καὶ
913 1508 1055 1561 κατά
1077 1510 1273 1562 ταυτὸν
1296 1510 1352 1563 οἵ
1376 1527 1434 1562 τε
1455 1510 1553 1579 τὴν
1585 1509 1762 1579 Ἐᾠαν

180 1594 227 1644 οἵ
252 1610 314 1645 τε
339 1593 444 1665 τὴν
479 1594 774 1668 Ἑσπερίαν
809 1599 1148 1670 διειληφότες
1183 1603 1424 1664 ἅπαντες
1451 1600 1634 1669 λῆξιν,
1668 1603 1764 1655 καί⁹

180 1683 352 1738 ταῦτα
388 1685 660 1756 χειμῶνος
691 1688 811 1761 ὥρᾳ
831 1693 926 1744 καὶ
949 1692 1144 1755 νυκτὸς
1171 1693 1562 1763 ἐπιγενομένης
1588 1692 1765 1762 ἑωρά-

1931 963 2017 1018 66.
2058 963 2161 1018 Sed
2210 979 2384 1034 neque
2417 965 2558 1018 aeris
2589 973 2858 1028 terrores,
2893 963 3158 1018 Creatore
3192 964 3398 1022 oll‘ensu
3421 1005 3440 1031 ,

1861 1056 2146 1124 quiescere
2177 1070 2241 1109 ac
2263 1056 2424 1108 silere
2451 1064 2720 1124 poterant.
2758 1053 3097 1109 Videbantur
3129 1055 3273 1109 enim
3305 1065 3434 1111 tunc

1863 1146 2173 1201 hominibus
2217 1146 2282 1200 de
2336 1146 2476 1201 ccelo
2519 1147 2698 1200 sidera
2741 1146 2792 1200 in
2828 1156 3026 1200 terram
3068 1162 3189 1200 cum
3233 1146 3437 1216 impetu

1863 1238 2042 1294 omnia
2076 1253 2266 1305 ruere,
2326 1237 2396 1291 ita
2439 1238 2788 1291 continenter
2818 1252 2976 1290 aerea
3031 1238 3440 1306 perturbatione

1867 1344 1963 1399 per
1994 1329 2232 1382 universi
2280 1330 2428 1383 orbis
2463 1329 2728 1383 terminos
2774 1331 2954 1383 subito
3007 1329 3202 1383 diffusa
3236 1348 3250 1385 :
3282 1331 3439 1384 simul

1866 1418 2012 1472 enim
2075 1420 2374 1490 eodemque
2423 1429 2664 1487 tempore
2721 1428 2832 1472 tum
2888 1419 3268 1480 Orientalium.
3328 1431 3439 1475 tum

1869 1511 2284 1580 Hespericarum
2320 1511 2596 1581 regiomtm
2631 1511 2838 1577 incolae,
2875 1520 2930 1565 et
2963 1511 3139 1566 hieme
3173 1519 3226 1565 et
3254 1522 3438 1576 noctu,

1869 1602 1984 1656 haec
2016 1601 2133 1655 ﬁeri
2178 1601 2457 1656 videbant.
2501 1599 2611 1656 Nec
2666 1617 2796 1655 vero
2828 1601 3143 1670 quisquam,
3191 1610 3352 1671 prout
3387 1602 3441 1656 hi

1868 1695 2111 1765 praeclari
2144 1693 2383 1759 faciunt,
2416 1695 2658 1748 caelestia
2693 1695 2834 1759 hare,
2857 1695 3145 1750 nebulosus
3176 1695 3441 1765 quosdam

183 1790 344 1829 κεσαν
364 1795 380 1808 ⁸
417 1779 513 1831 καὶ
551 1782 623 1851 μή
656 1799 739 1844 τις
781 1785 914 1854 ἡμῖν
954 1785 1192 1838 ἐνταῦθα
1221 1785 1364 1838 κατά
1393 1787 1520 1848 τοὺς
1552 1785 1760 1849 δεινοὺς

1869 1788 2176 1856 densosque
2200 1800 2429 1856 vapores
2461 1786 2630 1841 fuisse
2657 1787 2905 1856 objiciet,
2925 1788 3121 1855 quibus
3155 1789 3301 1842 circa
3334 1794 3444 1840 ter-

181 1865 242 1917 τὰ
269 1867 554 1938 μετέωρα,
589 1871 897 1937 καπνώδεις
921 1874 1072 1938 τινάς
1103 1875 1499 1945 ἀναθυμιάσεις
1528 1877 1622 1929 καὶ
1654 1893 1760 1928 πα-

182 1956 329 2024 χείας
368 1959 819 2032 ἀντιπαρατιθεὶς
873 1966 1224 2035 προϐαλέσθω
1248 2006 1263 2032 ,
1317 1966 1408 2035 ὑφ’
1444 1959 1518 2020 ὧν
1544 1969 1572 2020 ὁ
1599 1967 1761 2038 περί-

183 2065 326 2116 γειος
373 2050 873 2125 ὑποπιμπλάμενος
925 2054 1063 2125 ἀὴρ,
1094 2051 1213 2109 εἶτα
1241 2056 1383 2110 κατὰ
1411 2059 1512 2126 τὴν
1551 2057 1762 2112 οἰκείαν

184 2143 353 2212 φοράν
384 2143 553 2212 ὑψόσε
574 2145 934 2217 διαιρόμενος,
961 2149 1056 2201 καὶ
1077 2149 1158 2212 εἰς
1195 2148 1288 2202 τὸν
1317 2148 1558 2220 αἰθέριον
1591 2149 1762 2220 ὑπερ-

184 2237 510 2305 εκχεόμενος
554 2237 737 2309 χῶρον
762 2281 778 2304 ,
838 2238 946 2292 ύπό
987 2256 1047 2292 τε
1081 2241 1182 2311 τῆς
1225 2240 1543 2304 ἐκκαύσεως
1595 2257 1766 2311 μετα-

183 2324 414 2394 ϐάλλων,
444 2330 574 2391 τοὺς
623 2329 952 2401 λεγομένους
992 2331 1232 2402 ἀστέρας
1275 2332 1627 2403 διᾴττοντας,
1663 2331 1764 2395 τάς

181 2433 234 2471 τε
264 2420 497 2488 φλόγας,
530 2422 624 2474 καὶ
648 2424 778 2483 τοὺς
810 2422 1003 2487 δαλοὺς
1044 2425 1418 2494 καλουμένους
1451 2426 1761 2495 συνίστησι,

181 2509 429 2576 κομήτας
476 2526 535 2561 τε
573 2506 683 2573 αὖ,
723 2511 818 2563 καὶ
866 2510 1192 2578 πωγωνίας.
1240 2513 1336 2565 καὶ
1384 2513 1484 2566 ὅσα
1535 2513 1766 2568 τοιαῦτα

181 2593 504 2666 ὑποφαίνειν
536 2597 747 2668 πέφυκε
784 2600 1076 2670 σχήματα·
1105 2600 1222 2654 ἀλλ’
1258 2596 1317 2654 εὖ
1353 2602 1488 2655 ἵστω
1520 2601 1597 2666 ὼς
1638 2621 1766 2657 και-

179 2686 404 2757 νοτομία
432 2687 555 2741 τότε
586 2691 718 2760 περὶ
752 2690 821 2743 τά
856 2693 1098 2762 στοιχεῖα
1123 2692 1448 2762 γεγένηται·
1473 2694 1543 2748 τά
1567 2712 1628 2748 τε
1655 2696 1766 2766 γὰρ

183 2778 360 2848 μέτρα
390 2778 488 2831 καὶ
512 2779 610 2850 τὴν
631 2781 847 2834 ἑαυτῶν
871 2783 1026 2849 τάξιν
1057 2783 1356 2852 ἐκϐέϐηκε,
1380 2784 1440 2838 τδ
1473 2786 1602 2856 περὶ
1628 2786 1766 2840 αύτά

181 2869 355 2932 πάθος
393 2870 816 2942 ἐνδεικνύμενα,
850 2873 944 2926 καί
977 2889 1094 2937 πως
1139 2874 1342 2946 έαυτὴν
1375 2876 1408 2945 ἡ
1451 2876 1630 2939 κτίσις
1673 2895 1768 2948 μι-

183 2962 366 3028 μεῖται
394 3005 407 3026 ,
442 2961 520 3026 ὡς
572 2962 640 3016 ἂν
680 2964 816 3034 μηδὲ
867 2965 1105 3020 ἐνταῦθα
1149 2964 1246 3019 τοῦ
1303 2967 1502 3020 παθεῖν
1549 2968 1768 3021 ἀπολεί-

182 3066 358 3117 ποιτο,
396 3053 430 3123 ἢ
461 3053 558 3106 καὶ
585 3053 728 3106 κατά
753 3054 816 3108 τὸ
846 3055 1018 3119 πάθος
1050 3054 1291 3128 Χριστοῦ
1321 3056 1381 3110 τὸ
1407 3057 1496 3111 διά
1524 3057 1764 3129 σταυροῦ

1869 1895 1985 1934 ram
2010 1893 2103 1933 aer
2125 1878 2379 1942 refertus,
2405 1878 2598 1933 deinde
2624 1893 2724 1932 suo
2751 1879 2967 1947 proprio
2993 1893 3156 1933 cursu
3191 1879 3243 1932 in
3271 1877 3440 1930 altum

1869 1969 2070 2038 elatus,
2116 1979 2172 2026 et
2223 1969 2280 2024 in
2337 1969 2559 2024 aetheris
2598 1970 2890 2040 permistus
2951 1969 3206 2040 regione,
3261 1969 3445 2024 calore

1867 2072 2149 2130 concepto,
2200 2060 2273 2114 ita
2309 2059 2454 2115 dicta
2483 2069 2629 2114 astra
2673 2059 3032 2114 rliscnrreutia
3079 2058 3345 2122 eﬂ‘ecerit,
3386 2067 3443 2112 et

1870 2150 2078 2206 faculas
2127 2159 2178 2204 et
2206 2149 2426 2204 titiones
2469 2148 2798 2218 appellatos,
2843 2157 3087 2202 cometas
3118 2161 3355 2215 quoque,
3387 2153 3442 2200 et

1870 2243 2128 2298 barbatos
2195 2241 2467 2310 globulos,
2499 2247 2552 2293 et
2601 2253 2936 2308 quacunque
2986 2237 3088 2292 alia
3138 2237 3458 2306 bujusmodi

1869 2331 2049 2388 solent
2111 2331 2464 2400 pluenomena
2525 2342 2820 2396 apparere;
2896 2326 2991 2380 sed
3061 2327 3232 2395 probe
3306 2325 3451 2379 sciat

1871 2439 2070 2478 novum
2105 2435 2292 2477 revera
2345 2419 2548 2487 aliquid
2585 2429 2712 2473 tunc
2747 2419 2798 2471 in
2829 2416 3110 2472 elementis
3143 2416 3444 2474 exstitisse.

1871 2515 2082 2570 Etenim
2119 2513 2336 2568 modulo
2381 2511 2542 2566 solito
2588 2522 2752 2580 atque
2804 2509 3000 2565 ordine
3052 2517 3443 2572 excesserunt,

1871 2604 2114 2659 dolorem
2160 2617 2316 2657 suum
2360 2601 2430 2656 ob
2464 2614 2556 2655 eas
2604 2616 2692 2654 res
2724 2598 3092 2654 ostendentia.
3121 2597 3300 2666 Seque
3327 2597 3445 2665 ipsa

1871 2693 2274 2765 quodammodo
2301 2699 2494 2745 natura
2525 2690 2858 2754 imitabatur,
2888 2698 2946 2742 ut
2977 2704 3045 2743 ne
3083 2699 3192 2742 tum
3221 2687 3447 2756 quidem

1873 2785 1983 2854 pati
2015 2785 2330 2846 omitteret,
2377 2796 2497 2850 quae
2543 2780 2762 2835 Christo
2801 2780 3096 2834 salutarem
3130 2779 3445 2849 passionem

1875 2875 1927 2930 in
1957 2887 2118 2929 cruce
2165 2872 2423 2937 obeunte,
2459 2869 2704 2926 Creatori
2733 2886 2830 2926 suo
2862 2886 2926 2925 ac
2959 2869 3186 2924 Domino
3214 2868 3452 2938 patienti

1875 2978 2157 3030 compassa
2191 2960 2400 3026 fuerat;
2446 2975 2556 3030 quo
2599 2968 2844 3030 tempore
2875 2959 3163 3014 luminaria
3200 2957 3442 3014 coelestia

1877 3051 2108 3106 invicem
2159 3058 2594 3116 concurrerunt,
2635 3049 3241 3119 lenebrzequeinsolittn
3267 3059 3320 3102 et
3363 3047 3448 3101 in.

180 3141 235 3194 τὸ
266 3145 542 3214 σωτήριον
562 3185 578 3210 ,
613 3145 690 3215 τῷ
711 3145 919 3216 Κτίστῃ
941 3147 1036 3199 καὶ
1060 3147 1306 3218 Δεσπότῃ
1335 3147 1641 3220 συνέπασχε
1665 3150 1761 3204 πά·

1877 3142 2244 3211 tempestivae,
2291 3141 2466 3196 diurni
2508 3140 2730 3194 luminis
2765 3141 2962 3196 seriem
3009 3143 3453 3211 interruperunt,

184 3245 368 3300 σχοντι
396 3273 411 3297 ,
447 3234 608 3304 ἡνίκα
640 3234 932 3304 φωστῆρες
966 3236 1283 3305 παραδόξως
1350 3238 1604 3308 ἀλλήλοις
1637 3256 1764 3292 συν-

182 3321 428 3395 έτρεχον,
453 3325 548 3380 καὶ
582 3326 771 3390 σκότος
799 3326 948 3391 ξένον
981 3328 1074 3379 καὶ
1098 3325 1300 3397 ἄωρον,
1332 3327 1396 3379 τὸ
1423 3327 1646 3398 συνεχὲς
1671 3325 1766 3381 τοῦ

184 3416 364 3483 φωτὸς
397 3417 498 3487 τῆς
533 3417 754 3488 ἡμέρας
790 3417 1082 3482 διέκοπτε,
1133 3419 1228 3471 καί
1261 3417 1459 3488 πέτραι
1503 3417 1764 3489 διερῤήγ-

1871 3244 1928 3291 et
1977 3243 2144 3304 petrae
2190 3232 2376 3288 scissae
2420 3240 2580 3298 sunt,
2634 3241 2688 3286 et
2721 3230 2990 3300 patefacta
3047 3231 3332 3301 sepulcra,
3389 3239 3459 3284 et.

1873 3325 2074 3382 mortui
2107 3325 2460 3390 revixerunt,
2492 3333 2546 3378 et
2578 3334 2846 3394 quotquot
2876 3323 2981 3379 alia
3034 3332 3164 3379 tunc
3201 3322 3457 3393 contige-

1874 3425 2023 3484 runt,
2050 3423 2250 3470 statum
2278 3429 2433 3469 suum
2465 3424 2716 3469 creatura
2749 3423 3018 3470 novante.

180 3522 358 3573 νυντο,
389 3506 485 3559 καὶ
520 3506 683 3573 τάφοι
706 3506 1006 3577 ἠνοίγοντο,
1038 3511 1132 3561 καὶ
1167 3506 1353 3578 νεκροὶ
1381 3503 1753 3574 ἐξανίσταντο,
1793 3504 1890 3560 καὶ
1925 3505 2098 3560 τᾶλλα
2162 3505 2269 3561 ὃσα
2304 3503 2588 3560 συνέϐαινε
2623 3505 3131 3577 καινοτομουμένης
3189 3505 3290 3576 τῆς
3323 3504 3457 3560 κτίσι-

181 3614 340 3659 σεως.

245 3686 491 3741 Τοιαῦτα
539 3688 789 3761 ἔγνωμεν
838 3693 934 3745 καὶ
987 3693 1157 3748 πάλαι
1208 3695 1350 3748 κατά
1392 3695 1503 3748 τῶν
1549 3693 1762 3748 ἀσεϐῶν

178 3777 558 3848 ἀπειλούμενα
603 3781 699 3834 καὶ
738 3781 1073 3852 τελούμενα,
1117 3784 1358 3854 ὁπηνίκα
1404 3784 1473 3839 τὰ
1525 3785 1763 3854 στοιχεῖα

179 3868 449 3940 ὑπερόρια
489 3871 720 3937 γίνοιτο,
781 3875 895 3936 τοῖς
944 3872 1111 3936 θείοις
1175 3873 1595 3945 ύπηρετούμενα
1643 3873 1763 3928 νεύ-

181 3973 387 4025 μασινο
443 3959 740 4032 ἀπιστήσει
786 3961 831 4013 δ’
879 3961 1077 4036 οὐδεὶς,
1118 3963 1151 4034 ἢ
1195 3963 1344 4027 ὅστις
1403 3964 1502 4032 τὴν
1539 3964 1762 4032 ἄγνοιαν

176 4045 282 4098 τῶν
333 4045 430 4098 τοῦ
484 4047 618 4102 Θεοῦ
663 4050 953 4120 κριμάτων
986 4041 1406 4124 ’ἠρρώστηκενο
1468 4055 1599 4124 ἡμῖν
1648 4054 1758 4125 γάρ

177 4137 435 4190 πειστέον
490 4141 608 4202 τοῖς
644 4143 1059 4212 γεγραμμένοις
1094 4144 1248 4214 παρά
1282 4143 1376 4198 τοῦ
1421 4144 1758 4214 Πνεύματος,

174 4227 256 4280 δτι
299 4229 568 4296 Ἀσεϐεἷς
621 4233 1082 4302 πλησθήσονται
1118 4235 1338 4290 κακῶν.
1384 4223 1527 4288 Καί·
1558 4236 1764 4304 Ἀμαρ-

174 4319 472 4386 τὰνοντας
500 4320 771 4386 διώξεται
824 4325 1000 4379 κακά.
1032 4327 1140 4379 Καὶ
1163 4369 1177 4393 ,
1231 4327 1330 4380 Ἐν
1361 4328 1540 4393 κακίᾳ
1573 4327 1761 4381 αὐτοῦ

175 4408 487 4465 ἀπολεῖται
517 4415 551 4465 ό
577 4415 824 4482 ἀσεϐής.
857 4417 965 4470 Καί
986 4434 1000 4448 ο
1035 4418 1422 4473 Φυλάσσεται
1463 4423 1496 4474 ὀ
1535 4420 1764 4487 ἀσεϐὴς

174 4502 262 4566 εις
306 4501 542 4571 ἡμέραν
598 4506 812 4573 κακήν.
852 4507 995 4562 Καίο
1024 4511 1128 4576 Εἰς
1175 4510 1408 4564 κόλπον
1457 4511 1765 4580 ἐπέρχεται

175 4595 373 4649 πάντα
404 4596 532 4662 τοῖς
579 4599 832 4667 ἀδίκοις.
887 4603 998 4656 Καὶ
1042 4603 1330 4674 πρόκειταί
1360 4605 1487 4674 γεή
1532 4605 1759 4674 Σοδομι-

174 4686 284 4740 τῶν
305 4729 321 4754 ,
349 4688 453 4755 τῆς
481 4688 631 4752 θείας
659 4693 831 4763 ὀργῆς
859 4693 1058 4764 δεῖγμα
1099 4697 1197 4749 καὶ
1230 4696 1528 4765 παίδευμα,
1571 4697 1658 4762 ἐφ’
1691 4695 1760 4766 ἢν

173 4776 235 4829 τὸ
261 4778 603 4834 καταϐάσιον
625 4782 736 4852 πῦρ
763 4785 1178 4856 κατομϐρῆσαν,
1209 4787 1276 4839 τά
1298 4785 1513 4855 ἐκείνης
1544 4785 1761 4840 ἅπαντα

177 4867 236 4919 ἐν
279 4867 472 4938 κύκλῳ
514 4871 998 4942 καταϐοσκόμενον
1035 4875 1427 4946 ἀπετέφρωσεν
1452 4916 1466 4941 ,
1506 4870 1588 4938 οἷς
1623 4874 1758 4944 ὁμοῦ

175 4958 273 5010 καὶ
305 4959 416 5011 τῶν
455 4960 670 5032 ὁμόρων
729 4965 883 5028 τινὰς
927 4967 990 5019 ἐκ
1039 4965 1256 5037 βάθρων
1298 4966 1476 5020 αὐτῶν
1517 4981 1759 5035 συγκατ-

175 5048 400 5120 εδήδοκε
436 5053 644 5117 πόλεις,
663 5047 736 5108 ὧν
777 5057 945 5110 εἰσέτι
984 5059 1075 5110 καὶ
1105 5058 1199 5111 νῦν
1225 5058 1298 5122 ὥς
1327 5075 1459 5128 φασι
1485 5059 1762 5129 τεκμήρια

171 5137 546 5204 διασώζεται·
581 5146 672 5198 καὶ
700 5146 904 5200 τούτων
934 5165 998 5216 γε
1038 5149 1302 5218 πρότερον
1342 5151 1377 5220 ἡ
1411 5149 1768 5221 γεγενημένην

172 5229 252 5299 τῷ
288 5232 485 5303 κόσμῳ
526 5234 585 5299 ἐξ
623 5236 833 5292 ὑδάτων
867 5239 1171 5303 ἐπίκλυσις,
1203 5241 1327 5294 καθ’
1360 5241 1428 5310 ἢν
1464 5241 1492 5292 ό
1526 5239 1756 5303 ὐετίζων

173 5318 411 5385 ἐξαίσια,
445 5321 677 5377 ἄπλετον
700 5325 855 5394 ἠφίει
885 5327 1028 5380 κατὰ
1053 5327 1162 5381 τῶν
1183 5330 1584 5399 ἡμαρτηκότων
1602 5370 1616 5394 ,
1645 5328 1758 5381 τῶν

171 5407 345 5476 ξένων
376 5411 603 5466 ἐκείνων
633 5416 730 5468 καὶ
763 5418 1086 5488 παραδόξων
1113 5417 1338 5488 ὄμϐρων
1364 5421 1462 5490 τὴν
1492 5419 1714 5490 ἔκχυσιν
1740 5437 1753 5452 ·

171 5503 264 5555 ὅτε
298 5502 549 5556 κάτωθεν
597 5507 695 5576 μὲν
739 5509 796 5561 αί
841 5509 1014 5577 πηγαὶ
1043 5511 1143 5581 τῆς
1178 5509 1418 5564 ἀϐύσσου
1461 5512 1756 5582 περιερρή-

171 5605 406 5659 γνυντο,
453 5593 692 5667 ὕπερθεν
738 5598 796 5652 δὲ
835 5598 942 5652 τῶν
984 5599 1233 5672 οὐρανῶν
1275 5603 1322 5654 οἱ
1375 5603 1757 5672 καταρράκται

1885 3683 1887 3685 ’
1942 3689 2068 3746 Haec
2097 3689 2302 3746 scimus
2325 3688 2454 3745 olim
2489 3705 2705 3760 quoque
2736 3691 2912 3758 impiis
2944 3691 3107 3745 Deum
3137 3692 3451 3746 commina-

1872 3789 1984 3835 tum
2008 3818 2024 3846 ,
2056 3789 2112 3834 et
2144 3793 2332 3848 reapse
2366 3779 2451 3835 itis
2485 3781 2720 3850 impacta
2771 3780 2962 3845 fuisse,
2994 3796 3119 3835 cum
3169 3781 3450 3837 elementa.

1869 3871 2004 3927 ﬁnes
2029 3885 2157 3928 suos
2182 3880 2557 3937 excesserunt,
2587 3871 2787 3926 divinis
2811 3872 3165 3939 obsequentia
3196 3875 3454 3930 nutibus-

1869 3952 2150 4018 Discredet
2198 3971 2379 4016 autem
2435 3977 2614 4027 neruo,
2654 3961 2756 4015 nisi
2790 3962 2929 4016 forte
2978 3961 3073 4015 Dei
3106 3962 3450 4031 judiciorum

1866 4051 2173 4122 ignorantia
2203 4049 2436 4105 laborat.
2466 4050 2580 4104 Nos
2611 4051 2825 4120 quidem
2853 4051 3153 4118 Scripturis
3192 4066 3219 4104 a
3253 4063 3447 4108 sancto

1871 4143 2077 4213 Spiritu
2110 4143 2330 4198 dictatis
2377 4151 2593 4211 oportet
2624 4142 2867 4196 credere.
2904 4141 3068 4211 [mpii
3098 4142 3449 4210 replebunmr.

1868 4233 2019 4287 malis
2037 4234 2104 4289 ⁷⁸.
2147 4233 2212 4288 Et
2253 4232 2576 4287 :Peccanles
2609 4244 2986 4302 persequentur
3037 4232 3180 4286 mala
3205 4232 3274 4290 ⁷⁷.
3325 4232 3390 4288 Et
3422 4253 3450 4290 ι

1867 4323 2070 4394 Impius
2113 4325 2168 4377 in
2201 4323 2408 4378 malitia
2446 4340 2544 4378 sua
2575 4325 2850 4392 peribit".
2889 4323 2956 4378 Et
2986 4342 2999 4378 :
3034 4323 3350 4379 Reservatur
3371 4328 3452 4381 ad.

1868 4417 2005 4483 diem
2043 4416 2323 4470 malam".
2350 4417 2414 4471 Et
2454 4435 2468 4471 :
2505 4416 2574 4471 In
2619 4419 2797 4471 sinum
2841 4426 3212 4472 convertentur
3250 4429 3451 4473 cuncta.

1871 4507 2063 4577 iniquis
2084 4507 2151 4560 ⁸⁸.
2183 4506 2368 4560 Palam
2415 4516 2501 4562 est
2545 4519 2735 4562 contra
2772 4507 3081 4564 Sodomitas
3113 4511 3309 4564 divinae
3347 4512 3444 4566 ira:

1869 4599 2262 4654 demonstratio
2287 4609 2341 4653 et
2356 4601 2651 4670 correptio,
2675 4615 2798 4655 cum
2828 4602 2982 4670 ignea
3013 4601 3192 4670 pluvia
3217 4604 3442 4661 descen-

1867 4691 2039 4755 dens,
2076 4691 2262 4745 omnia
2315 4692 2558 4760 regionis
2611 4691 2728 4760 eius
2781 4692 3087 4747 circulatim
3141 4694 3454 4764 depascens

1865 4783 2076 4850 redegit
2103 4782 2156 4835 in
2186 4782 2459 4848 cinerem;
2482 4782 2807 4851 quibuscum
2835 4785 3192 4842 ﬁnitimorum
3219 4804 3447 4858 quoque-

1867 4872 2152 4929 nonnullas
2209 4873 2371 4928 urbes
2427 4873 2567 4944 ignis
2622 4876 2956 4946 absumpsit,
3007 4893 3239 4948 quarum
3294 4894 3452 4934 nunc.

1866 4967 2075 5030 adhuc,
2103 4972 2161 5019 ut
2187 4966 2361 5032 aiunt,
2409 4965 2607 5021 indicia
2641 4977 2959 5036 supersunt.
2996 4968 3140 5042 Quin
3186 4979 3241 5023 et
3272 4980 3434 5024 antea

1865 5071 2126 5124 aquarum
2155 5055 2415 5110 diluvium
2461 5059 2660 5112 mundo
2691 5069 3262 5129 superveneratgquo
3296 5071 3434 5113 tem-

1858 5162 1990 5218 pore
2034 5146 2269 5215 pluviale
2315 5149 2433 5202 sine
2474 5147 2580 5202 line
2625 5149 2846 5213 crelum,
2890 5151 3209 5203 immensam
3269 5165 3444 5218 supra.

1860 5247 2176 5306 peccatores
2201 5237 2538 5292 insolitarum
2561 5248 2723 5306 atque
2742 5239 3139 5294 incredibilium
3167 5255 3440 5308 aquarum.
3531 5247 3543 5262 ‘

1861 5328 2070 5398 copiam
2124 5328 2309 5384 eﬂudit
2340 5344 2358 5383 :
2394 5344 2517 5383 cum
2562 5329 2773 5383 inferne
2823 5331 3006 5400 abyssi
3060 5333 3240 5387 fontes
3303 5343 3433 5385 sunt

1861 5419 2059 5488 dirupti
2083 5460 2099 5484 ,
2144 5433 2377 5488 superne
2444 5416 2626 5473 autem
2665 5420 2788 5474 caeli
2825 5431 3112 5477 cataracta:
3147 5423 3431 5516 patefactae

1863 5520 2026 5576 sunt,
2089 5511 2362 5571 universis
2409 5511 2634 5565 omnino
2677 5511 3055 5578 pereuntibus,
3107 5523 3160 5569 et
3207 5511 3433 5569 cunctis

1863 5612 2021 5656 terra:
2051 5602 2424 5657 cacuminibus
2459 5600 2669 5657 obrutis
2699 5617 2711 5653 :
2751 5616 2889 5655 unus
2923 5611 3102 5658 autem
3131 5607 3313 5675 justus
3348 5607 3431 5662 vir

248 5745 295 5776 "
330 5745 496 5802 Prov.
529 5763 625 5816 xu,
650 5749 742 5803 2i.
819 5752 859 5782 ⁷⁷
893 5753 1054 5806 Prov.
1089 5768 1205 5820 xm,
1231 5752 1320 5808 ‘2].
1399 5754 1443 5785 ⁷⁸
1474 5753 1632 5809 l’rov.
1665 5769 1774 5819 xw,
1799 5754 1886 5810 52.
1963 5755 2008 5786 τ’
2050 5756 2212 5811 Prov.
2242 5769 2351 5823 xvi,
2384 5757 2468 5812 ιυ.
2546 5756 2594 5790 ⁸⁸
2621 5756 2779 5813 Prov.
2816 5773 2928 5826 xu,
2962 5759 3054 5830 3'5,
3077 5762 3180 5818 Gr.
