3898 6150
465 381 568 440 49st

1489 374 1548 433 S.
1586 369 1999 431 NICEPHORI
2034 368 2540 428 PATRIARCH/E
2579 368 2690 427 (ΣΡ.
2787 414 2790 416 η

3597 370 3710 431 500

465 505 585 541 tum
634 486 818 540 liberis
849 493 1011 553 atque
1042 484 1357 538 mulieribus
1383 497 1504 532 arca
1548 479 1722 547 lignea
1754 490 1915 543 supra
1946 475 2011 528 de

2163 473 2463 543 ῐιῴγνυντο,
2495 473 2666 544 ἄρδην
2694 471 2952 527 ἁπάντων
2983 473 3407 545 ἀπολλυμένων,
3449 475 3544 527 καὶ
3569 492 3710 528 παν-

463 581 604 633 latus
638 577 926 632 incolumis
955 577 1078 642 fuit,
1119 575 1255 629 alter
1287 573 1447 627 veluti
1485 571 1745 635 Adamus,
1786 567 1896 620 Deo
1925 566 2030 618 mi-

465 681 718 734 serante,
768 686 833 723 ne
870 671 1184 723 universum
1235 667 1284 718 in
1318 675 1462 718 terra
1509 661 1804 715 humanum
1862 670 2032 726 genus

466 765 745 816 reficeret.
781 763 917 828 Quia
967 761 1128 830 igitur
1180 757 1320 812 haud
1373 755 1524 822 juxta
1576 762 1782 805 natura:
1815 762 2032 802 cursum

468 854 556 907 illa
591 861 912 916 evenerunt,
961 867 1065 905 non
1117 850 1260 905 enim
1295 847 1428 900 fines
1469 858 1594 898 suos
1636 839 1881 894 caelestia
1913 851 2031 891 ser-

467 956 695 1010 rarunl,
752 947 882 1000 nihil
923 944 1092 998 vetuit
1136 941 1267 1011 quin
1319 946 1507 1008 postea
1556 935 1607 987 in
1642 941 1841 986 terram
1896 927 2035 996 ignis

469 1037 755 1106 sulfurque
829 1052 856 1091 a
926 1035 1154 1090 Domino
1207 1031 1447 1102 plueret,
1507 1025 1796 1092 subitoque
1850 1018 2035 1073 omnia

467 1137 848 1185 exurerentur.
903 1125 1103 1194 Utique
1133 1121 1449 1177 imminebat
1482 1114 1765 1170 manifeste
1807 1112 1902 1164 ira:
1937 1107 2037 1160 ful—

470 1234 616 1277 men.
649 1218 751 1273 nisi
802 1218 894 1272 Dei
953 1227 1076 1272 nota
1107 1213 1479 1284 praet/aluisset
1517 1205 1674 1277 135
1713 1200 2036 1263 clementia,

469 1323 590 1378 quae
625 1309 967 1378 peccantium
998 1321 1214 1376 poenam
1249 1304 1364 1358 sine
1399 1301 1562 1354 dubio
1606 1294 1849 1355 distulit,
1891 1293 2038 1359 ipso-

470 1415 588 1453 rum
623 1398 997 1468 poenitentiam
1048 1403 1396 1466 exspectans.
1443 1390 1547 1444 Sed
1594 1387 1738 1442 enim
1777 1383 1905 1437 mihi
1936 1383 2038 1435 ho-

472 1490 662 1543 dierna
710 1499 931 1558 peccata
961 1488 1165 1556 majora
1199 1485 1368 1539 multo
1399 1483 1669 1536 ridentur.
1703 1476 1838 1542 Quia
1876 1470 2038 1543 prisci

472 1576 549 1630 illi
580 1577 842 1631 adversus
875 1586 1188 1632 creaturam
1232 1572 1596 1630 insanierunt,
1630 1567 1683 1620 hi
1715 1573 1904 1618 contra
1938 1561 2040 1614 Do-

474 1667 679 1721 minum
733 1676 996 1723 creaturae
1049 1668 1252 1722 rabiem
1294 1679 1447 1720 suam
1503 1655 1890 1716 contumeliose
1942 1666 2042 1706 ex.

476 1769 891 1826 prompserunt;
928 1758 1107 1826 primo
1154 1753 1372 1824 quidem
1426 1751 1665 1806 divinum
1705 1759 1901 1814 corpus
1932 1757 2044 1799 ex-

2139 565 2230 628 τδς
2251 563 2534 635 οἰχομένου
2574 563 2666 617 τοῦ
2693 565 2835 635 ὑπὲρ
2863 565 2963 635 γῆν
2985 566 3438 637 ἐπαναστήματος
3456 581 3470 596 ·
3498 567 3714 629 δίκαιος

2139 654 2196 706 δὲ
2235 655 2392 724 μόνος
2443 653 2583 725 ἀνὴρ
2616 654 2806 708 παισὶν
2858 656 2977 721 ἅμα
3015 655 3110 708 καὶ
3153 655 3432 723 γυναιξὶν,
3457 654 3529 708 ¹ἐν
3568 655 3716 726 ξύλῳ

2142 742 2281 812 ὑπὲρ
2332 743 2541 796 ὑδάτων
2587 743 2885 813 φερόμενος
2917 742 3241 809 διεσώζετο,
3286 739 3376 798 οἷά
3403 762 3488 809 τις
3539 746 3717 815 Ἀδὰμ

2141 834 2497 906 χρηματίζων
2534 834 2806 907 δεύτερος,
2837 835 2972 890 Θεοῦ
3016 838 3506 908 κατοικτείροντος,
3537 838 3615 901 ὡς
3649 839 3720 892 ἂν

2146 925 2220 995 μὴ
2269 925 2504 993 πάμπαν
2536 925 2793 980 ἀπολίποι
2843 925 2903 980 τὸ
2947 927 3110 995 γένος
3158 928 3222 980 ἐκ
3254 929 3357 996 γῆς
3395 928 3457 980 τὸ
3496 928 3717 995 ἀνθρὼ-

2141 1030 2318 1068 πειον.
2365 1013 2517 1066 Ἐπεὶ
2566 1011 2659 1068 οῦν
2697 1015 2758 1068 οὐ
2805 1015 2949 1069 κατά
2992 1015 3206 1084 φύσεως
3250 1016 3573 1069 ἀκολουθίαν
3617 1017 3720 1068 κά-

2144 1107 2298 1160 κεῖνα
2327 1104 2630 1174 ἐπράττετο
2667 1107 2760 1176 (οὐ
2790 1105 2899 1174 γὰρ
2931 1107 3100 1176 δήπου
3134 1107 3263 1169 τοὺς
3291 1106 3528 1169 οἰκείους
3556 1109 3722 1177 ὅρους

2142 1197 2413 1266 τετήρηκε
2431 1195 2496 1248 τὰ
2522 1195 2834 1267 μετάρσια),
2860 1196 3011 1254 οὐδὲν
3042 1195 3247 1248 ἐκώλυε
3276 1195 3372 1248 καὶ
3395 1192 3551 1258 αὖθις
3577 1194 3726 1248 κατά

2144 1285 2250 1355 γῆς
2283 1284 2472 1364 βρέξαι
2499 1284 2704 1354 Κύριον
2731 1285 2842 1355 πῦρ
2873 1286 2967 1338 καὶ
2996 1283 3138 1338 θεῖον
3164 1285 3315 1356 παρά
3345 1287 3550 1355 Κυρίου
3575 1326 3591 1347 ,
3626 1287 3725 1339 καὶ

2145 1376 2339 1446 ἀθρόον
2377 1375 2442 1428 ἂν
2484 1374 2844 1445 ἀπῃθέιλωσεν
2885 1375 3102 1428 ἅπαντα
3126 1391 3140 1405 ⁸
3179 1376 3274 1428 καὶ
3304 1375 3413 1446 γὰρ
3443 1376 3725 1444 ὴπειλεῖτο

2115 1463 2130 1472 ⁴’
2147 1465 2335 1536 σαφῶς
2363 1466 2464 1534 τῆς
2497 1464 2669 1536 ὀργῆς
2713 1464 2774 1517 τὸ
2817 1467 3198 1536 πρηστήριον,
3246 1467 3294 1518 εί
3334 1466 3410 1535 μὴ
3437 1465 3530 1518 τοῦ
3580 1466 3725 1518 Θεοῦ

2146 1557 2429 1628 νενίκηκεν
2463 1555 2723 1626 ἐμφανῶς
2759 1555 2821 1608 τὸ
2865 1556 3280 1625 φιλάνθρωπον,
3316 1554 3374 1619 ὃς
3412 1554 3511 1626 τὴν
3545 1573 3723 1625 τιμωτ

2151 1647 2271 1718 ρίαν
2317 1645 2415 1716 τὴν
2465 1646 2606 1698 κατά
2637 1644 2746 1699 τῶν
2796 1644 3146 1714 ἀνομούντων
3190 1644 3441 1714 ἐναργῶς
3491 1644 3731 1698 ἀνεϐάλ-

2145 1734 2298 1801 λετο,
2355 1733 2788 1804 ἀπεκδεχόμενος
2823 1733 3002 1786 αὐτῶν
3048 1732 3146 1803 τὴν
3199 1734 3509 1802 μετάνοιαν.
3562 1732 3730 1793 Ἀλλά

475 1851 781 1904 cruciantes
805 1849 1091 1919 crucisque
1113 1848 1322 1902 acerba:
1346 1843 1464 1898 neci
1486 1841 1821 1906 addicentes,
1852 1834 2046 1889 deinde

2163 1842 2241 1878 1.0L
2283 1825 2434 1878 δοκεῖ
2481 1822 2664 1893 πολλῷ
2708 1821 2880 1894 μείζω
2918 1822 3157 1875 ἐνταῦθα
3195 1823 3264 1875 τὰ
3306 1823 3725 1893 ἁμαρτήματα,

477 1939 743 1995 adversus
771 1938 1012 2006 ejusdem
1063 1938 1307 2007 corporis
1340 1950 1525 1991 sacras
1559 1931 1819 2000 imagines
1849 1926 2045 1982 debac-

477 2032 728 2087 chantes.
788 2032 1152 2099 Quamobrem
1213 2031 1355 2087 haud
1411 2043 1468 2085 se
1519 2027 1806 2084 continere
1859 2021 2046 2091 quieta

477 2123 748 2180 elementa
781 2135 1076 2196 potuerunt
1127 2126 1393 2182 Creatore
1436 2137 1536 2178 suo
1566 2117 1792 2183 offenso,
1822 2114 1914 2171 sed
1951 2113 2049 2167 do-

467 2215 649 2270 lorem
702 2217 976 2273 insolitum
1039 2219 1109 2274 ob
1164 2233 1284 2274 eam
1338 2215 1632 2271 novitatem
1680 2221 1842 2281 passa
1899 2211 2047 2260 sunt.

480 2305 757 2364 Mittamus
797 2309 982 2364 dicere
1013 2317 1142 2379 quot
1175 2308 1352 2364 civilia
1397 2306 1532 2361 bella
1572 2305 1654 2358 hac
1688 2313 1867 2355 rerum
1901 2297 2048 2349 vices

481 2396 743 2453 adversus
767 2397 1108 2454 Christianos
1136 2399 1483 2462 concitarint,
1508 2409 1628 2466 quae
1659 2393 1876 2460 longum
1904 2392 2049 2442 esset

481 2493 535 2539 et
564 2487 1013 2554 operosissimum
1047 2501 1329 2541 enarrare.

2148 1916 2378 1987 ἐπείπερ
2409 1917 2611 1968 ἐκεῖνοι
2643 1914 2742 1984 μὲν
2791 1916 2870 1977 είς
2913 1913 3012 1982 τὴν
3047 1913 3230 1966 κτίσιν
3275 1912 3586 1983 μεμηνότες
3627 1929 3731 1967 περ

2151 2008 2549 2078 παρῳνήκασιν
2568 2047 2581 2074 ,
2613 2002 2760 2059 οῦτοι
2790 2006 2848 2059 δὲ
2879 2005 3021 2058 κατά
3050 2004 3142 2058 τοῦ
3175 2005 3446 2057 Δεσπότου
3473 2005 3574 2074 τῆς
3608 2004 3730 2055 κτί-

2153 2117 2290 2162 σεως
2316 2097 2704 2168 λελυττηκύτες
2734 2095 3050 2168 ἐξύϐρισαν,
3077 2096 3344 2167 πρότερον
3370 2095 3466 2165 μὲν
3496 2095 3556 2147 τὸ
3584 2093 3732 2146 θεῖον

2154 2191 2316 2262 σῶμα
2359 2189 2696 2259 αἰκιζόμενοι
2742 2189 2835 2242 καὶ
2888 2177 3109 2258 σταυρῷ
3156 2187 3368 2258 πικρῶς
3425 2185 3732 2239 καταδικά-

2156 2283 2340 2348 ζοντες
2361 2323 2373 2346 ,
2406 2281 2596 2334 ἔπειτα
2634 2280 2690 2333 δὲ
2718 2281 2796 2342 είς
2824 2281 2951 2342 τοὺς
2993 2277 3088 2332 τοῦ
3133 2277 3385 2349 σώματος
3418 2279 3600 2347 ἱεροὺς
3633 2279 3736 2347 ἐμ-

2155 2368 2541 2441 παροινοῦντες
2581 2367 2819 2430 τύπους·
2869 2366 2950 2420 διὸ
3012 2367 3113 2420 οὐκ
3157 2354 3344 2420 ἔσθενε
3377 2366 3446 2419 τὰ
3490 2368 3737 2435 στοιχεῖα

2155 2466 2240 2534 ἐφ’
2273 2463 2482 2518 ἑαυτῶν
2508 2463 2843 2534 κατηρεμεῖν
2875 2461 3234 2533 ὑϐριζομένου
3260 2460 3355 2514 τοῦ
3391 2461 3738 2523 κτίσαντος,

483 2553 656 2640 πάθος
691 2579 748 2632 δὲ
795 2581 924 2651 περὶ
969 2579 1109 2633 αὐτὰ
1153 2572 1627 2645 καινοτομούμενα
1671 2569 1937 2639 ὑφίστατο
1987 2562 2047 2616 τδ
2083 2554 2423 2651 παράδοξον·
2457 2554 2636 2624 ἐῶμεν
2701 2554 2882 2651 λέγειν
2916 2554 3064 2651 οἴους
3127 2553 3739 2651 πολέμουςέμφυλίους

481 2667 509 2720 ὁ
543 2670 740 2739 τρόπος
794 2642 948 2734 οὗτος
995 2670 1138 2724 κατά
1180 2642 1521 2740 Χριστιανῶν
1567 2662 1923 2735 ἀνερῤίπισε,
1961 2654 2055 2708 καὶ
2091 2646 2323 2740 τᾶλλαΑᾶ
2602 2646 2812 2740 μακρὸν
2839 2645 2904 2698 ἂν
2935 2642 3021 2714 εί¹η
3055 2644 3150 2696 καὶ
3213 2643 3648 2740 ἐργωδέστατον.

553 2761 644 2816 67.
680 2761 787 2818 Sed
836 2762 989 2817 valde
1029 2761 1302 2818 exsultant
1348 2761 1402 2816 bi
1455 2756 1682 2814 belluini
1733 2770 1798 2808 ac
1844 2749 2048 2812 stolidi,

485 2851 640 2920 quasi
697 2851 979 2920 prosperis
1030 2851 1376 2907 successibus
1427 2848 1713 2910 ﬂorentes,
1768 2852 1825 2898 et
1868 2854 2056 2910 supcr-

485 2940 660 2996 biunt.
694 2941 764 2996 At
799 2942 943 2998 enim
977 2956 1097 3012 quae
1135 2942 1316 3013 lingua
1371 2951 1672 3010 temporum
1710 2935 1922 2990 illorum
1961 2947 2052 3000 pe-

490 3036 730 3100 nuriam,
757 3043 812 3091 et
835 3051 900 3090 ex
926 3035 1148 3105 penuria
1177 3033 1515 3090 calamitates
1542 3030 1746 3100 tragice
1778 3023 2058 3081 narrabit?

489 3121 615 3178 Fuit
671 3125 814 3178 enim
867 3139 1058 3192 reapse
1109 3122 1279 3178 fames
1331 3123 1574 3178 omnium
1630 3116 1953 3189 gravissima
2003 3121 2055 3165 ct
2086 3148 2130 3205 C

493 3215 882 3282 acerbissima,
931 3231 1053 3285 quae
1101 3229 1275 3285 neque
1315 3221 1584 3282 praesente
1632 3210 1730 3262 hac
1769 3207 1880 3276 jam
1923 3203 2061 3258 inci-

492 3307 698 3375 piente,
745 3320 918 3376 neque
961 3299 1692 3374 antiquisapudhistoricos
1723 3293 2060 3356 memoratis,

496 3399 674 3453 minor
712 3397 951 3466 exstitit;
991 3407 1154 3467 atque
1185 3396 1332 3451 illam
1373 3408 1495 3463 quae
1541 3388 2064 3458 Hierosolymitanos

495 3489 748 3544 obsessos
786 3489 1081 3557 corripuit,
1116 3501 1280 3557 prope
1304 3469 1627 3554 exreqtt’avit.
1660 3480 1793 3534 Nam
1828 3489 1881 3533 et
1914 3477 2024 3529 illic
2047 3515 2064 3541 ,

496 3586 557 3631 ut
603 3588 857 3641 narrant,
900 3579 1043 3632 fame
1089 3591 1292 3646 pressa:
1343 3573 1772 3640 excruciata‘que
1823 3567 2068 3623 infelices

499 3679 704 3723 matres
753 3679 939 3738 partus
973 3667 1177 3738 proprii
1223 3681 1416 3722 carnes
1467 3661 1852 3718 miserabiliter
1881 3671 2067 3728 gusta-

498 3772 626 3815 runt
648 3799 664 3826 ,
693 3771 883 3814 natura
931 3761 1016 3816 sui
1047 3758 1433 3830 propemodum
1461 3756 1652 3811 oblita.
1695 3753 1759 3808 Et
1794 3752 1934 3818 apud
1971 3765 2070 3806 nos

498 3851 688 3905 eadem
731 3852 1045 3906 calamitate
1114 3849 1322 3905 adactae
1381 3847 1589 3903 ventris
1643 3847 1726 3900 sui
1773 3843 1916 3900 fetus
1949 3858 2072 3896 mu-

500 3940 662 3996 lieres
700 3955 1020 3995 aarumnosae
1063 3941 1398 4006 vendentes,
1432 3937 1610 3992 cibum
1645 3935 1746 3990 sibi
1781 3949 1846 3988 ex
1899 3934 2073 3986 visce-

2230 2738 2327 2805 ξζ’.
2395 2737 2557 2790 Ἀλλά
2602 2738 2746 2808 μέγα
2797 2737 3175 2808 κομπάζουσιν
3217 2736 3267 2787 oi
3313 2733 3612 2804 κτηνώδεις
3648 2735 3743 2789 καὶ

2161 2831 2332 2893 ὅντως
2366 2829 2616 2900 ἀνόητοι,
2671 2828 2746 2891 ὡς
2784 2829 2848 2898 δὴ
2888 2829 3008 2891 ταῖς
3053 2825 3378 2896 εὐημερίαις
3415 2824 3743 2897 ἐνευθηνού-

2167 2939 2337 2992 μενοι,
2373 2923 2468 2974 καὶ
2523 2919 2910 2990 βρενθύονται·
2960 2918 3088 2972 ποία
3133 2917 3360 2986 γλῶσσα
3416 2918 3546 2980 τοὺς
3591 2935 3743 2987 τηνι-

2163 3013 2341 3066 καῦτα
2391 3013 2606 3082 λιμοὺς,
2661 3011 2755 3064 καὶ
2800 3011 2900 3074 τὰς
2951 3011 3015 3064 ἐκ
3065 3010 3174 3062 τῶν
3223 3008 3402 3077 λιμῶν
3447 3009 3742 3079 συμφορὰς

2160 3102 2625 3173 ἐκτραγῳδήσειε;
2659 3101 2846 3170 Λιμῶν
2874 3100 2982 3170 γὰρ
3024 3095 3090 3170 ἦν
3126 3101 3155 3152 6
3185 3099 3490 3160 δεινότατος
3525 3098 3628 3152 καὶ
3656 3116 3743 3150 πι-

2163 3193 2427 3261 κρότατος
2445 3231 2459 3255 ,
2494 3188 2617 3244 οὔτε
2653 3189 2748 3242 τοῦ
2776 3187 2870 3242 νῦν
2900 3189 3152 3242 ἐντεῦθεν
3177 3188 3552 3259 ἐναρξαμένου
3575 3229 3590 3250 ,
3615 3187 3740 3240 οὔτε

2162 3281 2272 3335 τῶν
2309 3281 2477 3335 πάλαι
2523 3280 3018 3352 μνημονευομένων
3059 3280 3092 3351 ἢ
3142 3279 3542 3351 ἱστορουμένων
3582 3279 3743 3332 ἐλατ-

2161 3373 2423 3444 τούμενος
2445 3413 2458 3437 ,
2493 3372 2590 3426 καὶ
2629 3371 2829 3443 μικροῦ
2861 3371 2938 3441 τῷ
2973 3370 3114 3424 κατά
3146 3370 3243 3441 τὴν
3272 3357 3744 3437 ’Ἱεροσολυμιτῶν

2167 3464 2538 3535 συνενεχθέντι
2567 3464 2698 3518 ποτὲ
2729 3464 3131 3535 παρισούμενος
3151 3480 3164 3494 ’
3197 3463 3358 3516 κάκεῖ
3387 3461 3486 3531 μέν
3513 3460 3645 3529 γὰρ,
3669 3460 3744 3522 ὡς

2167 3553 2618 3624 ἀναγέγραπται,
2667 3553 2745 3622 τῷ
2786 3552 2929 3623 λιμῷ
2968 3550 3292 3622 πιεζόμεναι
3339 3550 3436 3603 καὶ
3490 3548 3744 3618 στροϐού⁸

2172 3661 2328 3714 μεναι
2362 3645 2610 3715 μητέρων
2640 3644 2696 3697 αἱ
2733 3643 3022 3714 δύστηνοι,
3057 3642 3224 3711 γονῆς
3273 3640 3484 3702 οίκείας
3520 3638 3746 3710 σαρκῶν

2170 3735 2420 3798 ἐλεεινῶς
2450 3734 2844 3804 ἀπεγεύσαντο,
2879 3733 3285 3803 ἐκλελησμένης
3313 3729 3514 3800 ἑαυτὴν
3554 3729 3746 3799 ῶσπερ

2167 3826 2270 3895 τῆς
2301 3825 2521 3894 φύσεως
2542 3842 2556 3857 ο
2586 3823 2865 3877 κάνταῦθα
2897 3826 2963 3893 τῇ
3001 3824 3137 3894 αὐτῇ
3183 3820 3614 3892 στρεϐλούμεναι
3648 3819 3747 3888 μά.

2171 3933 2346 3985 στιγι,
2389 3916 2455 3969 τὰ
2493 3917 2691 3984 ἔκγονα
2729 3917 2826 3985 τῆς
2849 3913 3073 3993 κοιλίας
3104 3915 3364 3981 γυναῖκες
3395 3908 3748 3980 ἀπεμπολοῦ-

500 4047 620 4087 rum
670 4047 890 4087 suorum
945 4032 1303 4086 distractione
1362 4029 1649 4084 curabant.
1703 4026 1873 4079 Aiunt
1923 4023 2058 4078 enim

2173 4024 2263 4061 σαι
2307 4006 2509 4069 ἄθλιαι,
2541 4007 2746 4078 τροφὴν
2789 4006 2924 4059 ίδίαν
2965 4005 3072 4058 τῶν
3109 4005 3433 4074 σπλάγχνων
3463 3999 3746 4055 ἐποιοῦντο

499 4127 588 4180 vix
650 4123 1041 4195 quinquaginta
1088 4123 1272 4177 aureis
1323 4121 1490 4175 tritici
1550 4118 1790 4172 modium
1843 4114 2058 4183 penuria

2169 4099 2270 4170 τὴν
2295 4097 2688 4185 ἀλλοτρίωσιν·
2731 4099 2866 4167 φασὶ
2912 4098 3022 4170 γὰρ
3081 4097 3236 4169 μόλις
3270 4097 3360 4149 κειιἱ
3416 4097 3497 4156 εἰς
3544 4094 3745 4162 πεντή·

499 4225 779 4286 premente
803 4181 977 4269 .coe‘iui
1019 4213 1282 4282 potuisse.
1332 4212 1398 4264 Et
1423 4211 1536 4263 illic
1568 4209 1787 4276 quidem
1837 4206 2058 4260 hostiurr

2173 4204 2338 4241 κοντα
2381 4181 2618 4259 χρυσοῦς
2658 4187 2750 4240 τὸν
2775 4186 2869 4239 τοῦ
2920 4186 3070 4240 σίτου
3110 4183 3432 4249 ἐξωνεῖσθαι
3481 4181 3665 4251 μόδιον
3716 4182 3746 4247 ἡ

506 4304 768 4369 incursio,
802 4303 1073 4356 diuturnae
1105 4299 1404 4354 obsidionis
1424 4299 1655 4366 spatium
1681 4337 1695 4360 ,
1749 4296 1900 4350 urbis
1943 4310 2073 4349 con-

447 4422 451 4426 -
502 4394 709 4456 clusio,
765 4401 1022 4459 tanquam
1067 4393 1201 4456 reti,
1236 4391 1302 4444 ab
1341 4390 1581 4443 exercitu
1621 4396 1823 4458 captaa,
1853 4387 2074 4442 Calami-

2173 4279 2377 4351 ἀπορία
2427 4278 2916 4350 συγκατηνάγκαζε
2941 4296 2955 4311 ο
2990 4279 3154 4331 κάκεῖ
3193 4277 3290 4346 μὲν
3319 4273 3428 4327 τῶν
3471 4271 3748 4341 πολεμίων

2172 4372 2206 4441 ἠ
2261 4371 2478 4440 ἔφοδος,
2527 4371 2622 4424 καὶ
2662 4371 2756 4423 τοῦ
2800 4371 2992 4441 χρόνου
3027 4370 3124 4440 τῆς
3168 4367 3581 4438 προσεδρείαςή
3610 4381 3750 4435 παρ-

506 4487 636 4539 tatis
664 4485 782 4554 ejus
818 4495 872 4538 et
904 4481 1350 4538 inenarrabilium
1389 4481 1651 4535 malorum
1685 4495 1865 4535 causa:
1894 4491 2058 4534 erant

2173 4463 2338 4533 ολκὴ,
2372 4463 2467 4515 καὶ
2513 4464 2542 4514 6
2582 4462 2945 4532 συγκλεισμδς
2998 4461 3097 4531 τῆς
3157 4460 3365 4520 πόλεως
3419 4458 3500 4520 ὡς
3537 4456 3643 4509 ὑπὸ
3671 4456 3748 4507 δι·-

506 4577 661 4646 Apud
712 4591 810 4630 nos
864 4585 1042 4628 autem
1097 4588 1202 4628 non
1253 4571 1618 4627 Barbarorum
1668 4571 1930 4636 incursio,
1970 4587 2074 4624 non

507 4667 746 4722 hostium
782 4665 1066 4728 adventus,
1114 4678 1221 4718 non
1286 4661 1421 4715 valla
1473 4662 1541 4714 ah
1588 4661 1920 4715 adversariis
1972 4659 2079 4715 cir-

509 4756 808 4822 CutujcCIa,
846 4769 1019 4824 neque
1051 4753 1195 4808 aliud
1234 4753 1515 4821 quodlibet
1543 4752 1808 4817 exterius,
1851 4749 1944 4805 sed
1996 4746 2078 4802 of-

509 4851 664 4903 fensa
699 4848 854 4911 fides,
899 4847 1186 4902 manifeste
1233 4847 1284 4899 id
1314 4844 1598 4899 cﬂiciebat.
1646 4842 1779 4896 Nam
1813 4841 1904 4912 qui
1937 4840 2078 4908 apud

512 4957 612 4997 nos
643 4941 909 5012 regnabat
939 4949 1183 5009 apostata
1227 4949 1280 4993 ct
1313 4946 1594 5008 tyrannus,
1632 4936 1824 5005 quovis
1859 4932 2079 4988 inimico

510 5047 604 5090 aut
648 5037 802 5091 hoste
853 5050 948 5104 per
996 5051 1146 5090 suam
1186 5033 1513 5103 apostasiam
1566 5029 1827 5082 infensior
1871 5033 1991 5080 erat
2028 5031 2082 5077 et

510 5127 772 5195 aSperior.
828 5125 932 5180 Sed
976 5124 1051 5178 illi
1089 5125 1306 5192 quidem
1347 5136 1569 5174 suorum
1608 5117 1874 5170 adversus
1908 5111 2065 5166 Chri-

512 5228 653 5275 stum
680 5217 979 5272 facinorum
1007 5231 1195 5287 pmnas
1224 5217 1466 5279 luerunt;
1495 5218 1549 5265 et
1577 5209 1630 5263 hi
1665 5208 1833 5263 nostri
1863 5205 2081 5274 paribus

511 5310 672 5365 malis
729 5309 925 5365 irretiti
977 5309 1241 5362 fuerunt:
1279 5317 1418 5358 unus
1477 5304 1674 5372 quippe
1717 5300 1968 5366 idemque
2015 5296 2082 5348 ab

515 5403 782 5456 ambobus
822 5399 1061 5454 offensus
1108 5397 1309 5452 fuerat.
1347 5394 1472 5448 Haec
1519 5393 1717 5447 divina:
1748 5389 1968 5460 iustitia:
2005 5387 2082 5439 ira

517 5497 652 5562 fuit;
684 5495 825 5547 hanc
856 5491 947 5545 Dei
976 5489 1277 5545 oﬂ‘ensores
1307 5486 1610 5541 mercedem
1644 5482 1792 5536 illinc
1822 5477 2081 5532 referunt.

517 5586 649 5651 Quae
681 5583 814 5637 nilnl
847 5581 1256 5637 considerantes
1287 5577 1486 5634 Christi
1525 5567 1710 5628 hostes
1731 5613 1745 5637 ,
1777 5572 1965 5624 nolunt
2005 5569 2086 5622 in-

521 5669 784 5738 telligere,
829 5670 972 5740 quod
1023 5672 1169 5724 sicut
1211 5667 1341 5720 olim
1393 5665 1649 5721 Judaicus
1698 5662 1965 5732 populus,
2017 5659 2087 5713 ob

527 5762 792 5818 Manassis
825 5761 1134 5817 Iudaeorum
1171 5760 1314 5830 regis
1339 5759 1598 5813 adversus
1630 5755 1795 5810 Deum
1827 5750 2082 5815 offensas,

2181 4554 2345 4608 κτύου
2370 4553 2786 4625 περισχεθείσης
2817 4554 2931 4616 τοῖς
2953 4550 3315 4623 πλήθεσι,τῆς
3345 4549 3630 4618 συμφορᾶς
3658 4545 3748 4598 καὶ

2179 4643 2287 4696 τῶν
2325 4643 2514 4696 παθῶν
2545 4642 2654 4696 τῶν
2696 4642 2947 4714 ἀρρήτων
2983 4641 3042 4694 τὸ
3078 4641 3251 4694 αἴτιον
3276 4635 3378 4710 ἦν·
3409 4635 3652 4690 ἐνταῦθα
3696 4635 3748 4687 δὲ

2179 4734 2241 4786 ού
2291 4733 2582 4805 βαρϐάρων
2620 4733 2840 4802 ἔφοδος,
2883 4733 2943 4787 οὐ
2989 4731 3264 4802 πολεμίων
3317 4731 3646 4790 ἐπιστασία,
3690 4727 3748 4779 ού

2181 4825 2424 4896 χάρακες
2457 4824 2562 4878 ὑπὸ
2603 4823 2882 4894 δυσμενῶν
2914 4825 2972 4877 ἐν
3008 4821 3193 4892 κύκλῳ
3241 4808 3748 4892 περιπηγνύμένοι,

2180 4916 2303 4968 οὐδὲ
2341 4915 2473 4969 ἄλλο
2499 4915 2605 4968 τῶν
2646 4915 2844 4979 ἔξωθεν
2883 4915 3147 4968 ἐπιόντων
3195 4913 3380 4974 οὐδὲν,
3416 4911 3476 4964 τὸ
3505 4910 3566 4963 δὲ
3609 4909 3746 4963 κατά

2181 5009 2280 5077 τὴν
2311 5009 2494 5062 πίστιν
2543 5009 2782 5079 ἀδίκημα
2819 5008 3138 5079 περιφανῶς
3181 5005 3543 5059 διεδείκνυτο·
3577 5005 3606 5056 6
3646 5002 3749 5070 γὰρ

2183 5101 2534 5170 ἡγεμονεύων
2566 5100 2716 5163 ἐντὸς
2761 5099 3073 5168 ἀποστάτης
3105 5097 3201 5150 καλ⁵
3237 5096 3519 5167 τύραννος,
3552 5092 3749 5153 παντὸς

2182 5192 2382 5262 ἐχθροῦ
2417 5193 2510 5245 καὶ¹
2551 5191 2816 5261 πολεμίου
2855 5191 2942 5244 διὰ
2979 5173 3080 5260 τὴν
3117 5186 3458 5242 ἀποστασίαν
3494 5188 3521 5239 6
3563 5185 3750 5253 δυσμε-

2184 5284 2443 5347 νέστατος
2491 5279 2558 5353 ἦν
2588 5283 3007 5354 χαλεπώτατος·
3047 5280 3185 5334 ἀλλά
3219 5279 3462 5332 κάκεῖνοι
3513 5277 3625 5329 τῶν
3675 5278 3749 5338 είς

2185 5375 2420 5442 Χριστὸν
2455 5374 2821 5444 τολμημάτων
2867 5374 2966 5436 τὰς
3003 5372 3159 5434 δίκας
3187 5371 3446 5431 ἐτίννυον,
3475 5369 3570 5421 καὶ
3609 5360 3750 5419 οὗτοι

2187 5471 2271 5539 ἐφ’
2300 5471 2508 5541 ὁμοίοις
2550 5473 2741 5533 κακοῖς
2780 5470 3027 5524 ἑάλωσαν
3052 5485 3066 5499 '
3104 5463 3184 5530 είς
3216 5467 3325 5536 γάρ
3366 5461 3434 5535 ἦν
3471 5466 3530 5517 ἐν
3580 5466 3751 5531 ἀμφοο

2187 5562 2366 5631 τέροις
2397 5562 2424 5613 ὁ
2459 5559 2848 5631 ὑδριζὸμενος’
2884 5558 3110 5612 τοιαῦτα
3147 5557 3245 5626 μὲν
3269 5556 3337 5608 τὰ
3371 5556 3436 5609 ὲκ
3467 5556 3566 5623 τῆς
3604 5551 3751 5610 θείας

2187 5653 2343 5723 δίκης
2378 5653 2694 5723 μηνίματα·
2729 5650 2950 5704 τοιαῦτα
2993 5649 3048 5702 δέ
3077 5650 3126 5702 οί
3156 5650 3231 5711 είς
3267 5645 3401 5698 Θεὸν
3426 5643 3752 5714 ἀνομοῦντες

2191 5745 2259 5799 τὰ
2299 5743 2550 5815 ἐπίχειρα
2594 5742 2800 5796 ἐκεῖθεν
2829 5741 3177 5810 κομίζονται·
3219 5733 3293 5792 ὧν
3333 5736 3486 5789 οὐδὲν
3513 5731 3752 5789 ἀναθεω-
