3918 6144
186 275 292 340 501

887 290 1515 382 ANTIRRH‘ETICUS
1551 299 1644 359 IlI
1682 302 1849 362 ADV.
1889 303 2487 367 CONSTANTINUM
2526 306 2746 366 COPR.

3350 301 3454 364 502

187 387 421 484 ροῦντες
520 393 1041 463 χριστομαχοῦντες,
1080 402 1314 456 συνιδεῖν
1342 405 1443 459 οὐκ
1467 407 1770 474 ἐθέλουσιν,

1902 425 2062 467 ιοεηιιε
2103 415 2233 468 totis
2279 416 2632 484 quadraginta
2661 410 2822 467 annis
2870 411 3044 474 dedit,
3088 419 3145 464 et
3193 410 3456 478 plurimus

181 479 275 532 δτι
319 480 575 552 καθάπερ
629 483 802 538 πάλαι
840 487 869 540 ό
941 488 1232 557 Ἰουδαῖκδς
1260 495 1434 566 δῆμος
1457 535 1474 561 ,
1511 499 1620 553 τῶν
1653 502 1772 554 Μα-

184 574 366 642 νασσῇ
401 572 481 642 τῷ
530 573 800 631 Ἰουδαίων
836 578 1044 649 βασιλεί
1072 586 1154 647 είς
1197 585 1334 640 Θεὸν
1362 591 1770 660 πεπραγμένων

181 667 684 736 παρανομημάτων
721 669 878 734 δίκας
917 672 1005 741 ἐφ’
1035 674 1180 739 ὅλοις
1220 679 1638 750 τεσσαράκοντα
1669 681 1774 734 ἐδί-

182 754 356 807 δοσαν
399 757 578 823 ἔτεσι,
621 761 720 813 καὶ
751 762 987 816 πλεῖστα
1020 766 1120 818 ὅσα
1171 767 1320 822 δεινὰ
1361 771 1457 824 καὶ
1498 771 1774 843 δυσφορώ-

180 862 360 908 τατα,
392 849 488 901 καὶ
526 849 702 903 ταῦτα
751 852 876 905 καθ’
923 854 1018 918 οὒς
1056 857 1284 926 χρόνους
1309 861 1361 911 oi
1397 861 1482 914 ἐπ’
1523 861 1776 935 εὐσεϐείᾳ

182 937 288 990 καὶ
328 939 650 1013 δικαιοσύνῃ
709 948 1200 1016 μεμαρτυρημένοι
1232 951 1592 1020 ἡγεμόνευον,
1639 950 1776 1006 έπα-

187 1042 326 1095 σχον
345 1044 360 1058 ·
393 1027 540 1081 οὕτω
561 1029 627 1101 δὴ
651 1033 748 1085 καὶ
776 1033 886 1086 τῶν
915 1035 1344 1106 δυσσεϐημάτων
1375 1040 1470 1092 καὶ
1495 1040 1778 1111 ἀνοσιουρ-

183 1117 464 1187 γημάτων
497 1121 593 1174 τοῦ
627 1123 712 1192 ἐφ’
751 1123 909 1194 ήμῶν
949 1127 1220 1197 Μανασσῆ
1257 1128 1468 1191 ἕνεκεν.
1504 1131 1601 1184 καὶ
1645 1131 1776 1201 πρὶν

191 1205 301 1274 μὲν
355 1205 670 1280 βαρυτάτην
719 1213 962 1283 ἤνεγκαν
1007 1217 1330 1287 Χριστιανοὶ
1377 1219 1478 1291 τὴν
1527 1221 1778 1276 παιδείαν

186 1297 425 1364 ἄνωθεν,
455 1301 556 1371 ήδη
585 1303 644 1356 δὲ
672 1306 769 1358 καὶ
795 1309 876 1370 είς
905 1307 985 1361 ἐτι
1019 1310 1113 1362 καὶ
1140 1308 1237 1363 νῦν
1270 1314 1529 1382 φέρομεν,
1555 1314 1651 1366 καὶ
1678 1315 1778 1368 οὐκ

189 1386 262 1438 ἂν
321 1388 704 1460 ἀπολήξαιμεν
761 1396 1176 1466 παιδευόμενοι,
1218 1399 1323 1463 ἕως
1367 1401 1400 1470 ή
1451 1402 1641 1471 μνήμη
1681 1400 1776 1454 τοῦ

185 1473 493 1541 δυσσεϐοῦς
538 1482 631 1534 ἐπὶ
682 1483 938 1554 γλώσσης
981 1487 1092 1540 τῶν
1137 1490 1463 1561 ὁμοτρόπων
1513 1491 1729 1545 ἵσταται
1757 1506 1773 1522 °

185 1564 275 1618 διὸ
303 1569 403 1620 καὶ
431 1570 526 1624 νῦν
555 1571 815 1645 εὔκαιρον
844 1577 1020 1630 είπεϊν
1038 1594 1054 1609 ·
1076 1580 1186 1633 Kal
1223 1583 1256 1634 ὀ
1316 1581 1466 1648 λαὸς
1505 1583 1618 1646 οὐκ
1658 1584 1774 1638 ἁπ-

1873 501 2348 572 intolcrandasque
2415 503 2752 556 calamitates
2820 501 3080 571 pertulit;
3151 510 3206 554 et
3268 515 3498 570 postea-

1874 591 2076 655 etiam,
2122 593 2472 661 regnantibus
2506 594 2706 661 pietate
2757 607 2820 646 ac
2847 591 3058 661 justitia
3105 591 3446 660 principibus

1875 681 2124 750 inclytis;
2174 683 2247 736 ita
2298 684 2502 752 pariter
2545 684 2616 738 ob
2650 685 3113 752 irrcligiositatem
3147 691 3312 751 atque
3365 701 3452 738 ue-

1876 771 2101 837 quitiam
2161 771 2422 827 Manassis
2485 775 2690 839 nostri,
2742 784 2796 828 et
2861 784 3020 827 antea
3091 774 3451 842 gravissimas

1877 857 2174 913 Christiani
2224 864 2433 931 experti
2487 877 2613 918 sunt
2646 863 3026 932 correptiones
3048 903 3066 928 ,
3094 874 3147 917 et
3193 880 3334 917 nunc
3363 882 3460 918 nos

1876 949 2237 1017 perferimus,
2269 967 2444 1022 neque
2485 956 2610 1008 linis
2664 955 2998 1024 corripiendi
3049 957 3185 1020 erit’,
3219 957 3460 1022 quandiu

1877 1039 2022 1093 irlius
2056 1041 2202 1109 impii
2254 1044 2455 1097 mentio
2502 1046 2554 1098 in
2594 1055 3079 1099 consectaneorum
3107 1045 3288 1112 lingua
3331 1061 3453 1113 pcr-

1878 1129 2064 1184 Stabit.
2111 1132 2290 1197 Quare
2320 1148 2462 1188 nunc
2507 1149 2722 1203 quoque
2750 1135 3071 1202 tempestive
3098 1136 3313 1188 dicetur
3341 1152 3354 1188 :
3394 1144 3450 1187 et

1879 1221 2112 1290 populus
2159 1237 2263 1276 non
2313 1235 2396 1278 est
2433 1241 2744 1290 conversus,
2779 1226 2944 1278 donec
2989 1225 3136 1278 clade
3169 1240 3466 1292 percussus

1879 1311 2014 1379 fuit;
2046 1321 2097 1366 et
2147 1312 2426 1366 Dominum
2478 1331 2581 1368 non
2631 1317 3008 1384 requisiverunt
3033 1313 3101 1368 '1.
3137 1315 3276 1369 Ecce
3310 1315 3457 1368 enim

1877 1403 1945 1456 ab
1977 1403 2296 1457 orthodoxia
2339 1413 2646 1459 nostrorum
2669 1404 2998 1474 dogmatum,
3046 1413 3110 1458 et
3133 1389 3222 1458 Dei
3247 1403 3463 1473 iudiciis

1878 1494 2223 1550 damnantur.
2274 1496 2339 1549 Et
2389 1496 2766 1565 percutiuntur
2825 1495 3082 1565 quidem,
3113 1509 3220 1549 non
3276 1503 3473 1548 tamen-

1878 1596 2290 1641 convertuntur.

184 1661 467 1733 ρστράςρη
501 1665 615 1733 ἕως
646 1668 906 1745 ἐπνζήγυη,
931 1672 1162 1728 καὶτὸν
1188 1678 1410 1744 Κύριον
1436 1680 1548 1732 οὐκ
1619 1677 2020 1746 ἐξεζήτησαν*
2069 1681 2205 1735 ἀλλὰ
2273 1682 2373 1753 τῆς
2409 1682 2707 1753 εὐθύτητος
2775 1682 2885 1736 τῶν
2947 1683 3234 1755 ἡμετέρων
3257 1681 3466 1754 δογμά-

186 1770 330 1820 των,
361 1761 456 1811 καὶ
493 1761 604 1814 τῶν
647 1764 744 1818 τοῦ
773 1765 911 1820 Θεοῦ
943 1769 1231 1838 χριμάτων
1271 1772 1769 1844 καταψηφίζονται,
1812 1775 1909 1828 καὶ
1937 1775 2266 1846 πλήττονται
2304 1779 2403 1848 μὲν
2424 1817 2439 1841 ,
2474 1780 2576 1832 οὐκ
2603 1760 3013 1851 ἆποστρέφουσι
3040 1779 3120 1834 δέ.

267 1868 372 1939 ξη’.
432 1872 500 1925 '0
542 1873 600 1927 δέ
648 1876 886 1946 μάλιστα
928 1878 1255 1951 θριαμϐεύει
1305 1884 1488 1937 αὐτῶν
1520 1886 1619 1956 τὴν
1653 1887 1781 1939 ἀσέ-

1954 1885 2044 1940 68.‘
2083 1888 2322 1954 Denique
2361 1889 2502 1957 quod
2535 1888 2616 1943 vel
2653 1889 2885 1942 maxime
2935 1888 3168 1943 istorum
3213 1889 3465 1958 impieta-

186 1959 389 2027 ϐειαν,
421 1961 620 2019 οὔκουν
654 1967 796 2022 ἐκών
832 1987 896 2039 γε
935 1971 1349 2046 ὑπερϐήσομαι.
1404 1977 1624 2048 Ἐπειδὴ
1673 1977 1783 2048 γὰρ

187 2055 252 2105 ἐν
275 2054 484 2123 ὀλίγοις
523 2060 639 2123 τοῖς
687 2061 926 2131 πρόσθεν
971 2066 1224 2138 χρόνοις,
1259 2068 1361 2138 τῆς
1407 2069 1492 2122 ἐπ’
1529 2069 1784 2141 εὐσεϐείᾳ

191 2148 648 2220 γνωριζομένης,
685 2154 782 2207 καὶ
810 2153 910 2226 τὴν
940 2156 1116 2228 ἀρχὴν
1138 2160 1238 2228 τὴν
1272 2159 1544 2231 βασίλειον
1574 2163 1787 2218 διεπού-

196 2253 303 2305 σης
340 2239 438 2308 (fl,
479 2240 848 2315 ἀξιοζήλωτόν
887 2263 946 2299 τε
1001 2249 1098 2303 καὶ
1134 2248 1317 2304 ένθεον
1369 2253 1609 2325 σπουδὴν
1656 2257 1787 2323 περὶ

193 2328 301 2404 τὴν
338 2333 459 2386 καθ’
499 2336 651 2405 ἡμᾶς
699 2337 886 2392 πίστιν
929 2339 1385 2412 ἐπιδειξαμένης,
1428 2343 1714 2416 ἐξήγειρεν
1759 2345 1787 2400 ό

194 2425 339 2488 Θεὸς
381 2426 443 2479 τὸ
489 2425 727 2498 πνεῦμα,
775 2430 869 2483 καὶ
905 2429 1174 2502 θεοκρίτῳ
1214 2433 1414 2504 ψήφῳ,
1438 2436 1540 2506 τῆς
1573 2437 1788 2502 πόλεως

194 2520 370 2590 τῆσδε
403 2522 490 2591 ἐφ’
534 2516 605 2594 ἧς
641 2523 830 2588 κακῶς
869 2527 964 2580 καὶ
996 2527 1175 2592 ἀθέως
1221 2529 1376 2600 παρὰ
1405 2530 1498 2584 τοῦ
1533 2531 1790 2602 ἠθροικόο

195 2629 300 2677 τος
329 2613 624 2684 ἐνίδρυντο,
655 2616 836 2680 καλῶς
865 2619 962 2670 καὶ
994 2619 1191 2683 αἰσίως
1249 2619 1570 2692 ἐξώσθησαν
1590 2640 1604 2655 ·
1628 2643 1788 2695 περι-

201 2703 483 2775 αλώμενοι
513 2701 602 2761 οἶα
635 2708 910 2780 πλανῆτες
936 2711 1297 2781 περιεζήτουν
1327 2713 1646 2786 θρησκείαν,
1665 2719 1789 2771 καθ’

200 2798 273 2868 ἢν
302 2798 511 2861 είκόνες
542 2798 640 2853 καὶ
673 2799 1050 2871 ὑπομνήματα
1078 2802 1176 2873 τῆς
1203 2803 1444 2874 Χριστοῦ
1473 2806 1791 2875 οἰκονομίας

200 2888 312 2941 οὐκ
353 2889 780 2958 ἐμφανίζονται·
818 2893 1171 2964 εὑρίσκουσιν
1217 2893 1310 2947 οῦν
1342 2894 1406 2966 δὴ
1432 2895 1530 2967 τὴν
1575 2897 1789 2968 ἐρωμέ-

203 2998 313 3048 νην
346 2981 411 3034 ἐκ
453 2982 699 3046 πλείονος
744 2985 845 3054 τὴν
883 2985 1202 3056 Μανιχαίων
1243 2985 1310 3058 δὴ
1349 2986 1494 3058 λέγω
1532 2989 1792 3044 ἀπιστίαν

206 3069 311 3123 καὶ
345 3068 570 3136 ἀθεῖαν,
615 3072 712 3125 καὶ
755 3075 821 3143 τῇ
869 3072 996 3146 δόξῃ
1043 3075 1110 3144 τῇ
1155 3073 1382 3127 ἐκείνων
1422 3074 1790 3145 συνᾴδουσαν,

209 3162 312 3216 καὶ
370 3160 439 3214 τὰ
487 3163 630 3217 κατὰ
679 3161 908 3234 γνώμην
961 3165 1148 3228 αὐτοῖς
1203 3165 1640 3236 ἐπιτρέπουσαν,
1699 3168 1793 3221 καὶ

1892 1986 1998 2032 tem
2027 1977 2199 2048 palam
2233 1980 2380 2044 facit,
2416 1981 2469 2036 id
2510 1996 2606 2051 ego
2640 1980 2764 2036 nolo
2794 1990 2989 2048 sponte
3017 1981 3294 2035 omittere.
3330 1980 3464 2035 Nam

1889 2070 2016 2138 quia
2062 2085 2265 2139 paucos
2301 2083 2428 2127 ante
2461 2088 2654 2136 annos,
2701 2072 2964 2142 principis
2994 2070 3208 2125 feminae
3229 2111 3245 2136 ,
3277 2073 3466 2126 ortho-

1892 2164 2064 2218 doxire
2097 2175 2422 2219 ornamento
2464 2166 2700 2236 inclytae,
2734 2164 2912 2233 regale
2944 2165 3220 2233 fastigium
3273 2174 3464 2218 tenen-

1894 2255 1983 2321 tis,
2045 2254 2244 2308 mirum
2298 2263 2352 2309 et
2409 2256 2651 2310 divinum
2721 2257 2960 2327 studium
3014 2269 3111 2323 pro
3143 2255 3248 2310 fide
3277 2265 3466 2311 nostra

1893 2348 2216 2412 exserentis,
2251 2347 2503 2417 spiritum
2548 2347 2688 2401 Deus
2719 2347 3028 2409 suscitavit,
3067 2357 3231 2416 atque
3263 2347 3316 2402 hi
3347 2363 3470 2402 sce-

1894 2438 2041 2503 lesti,
2087 2439 2235 2494 edito
2279 2438 2541 2494 divinitus
2580 2439 2818 2502 decreto,
2873 2437 3032 2508 136
3063 2453 3127 2491 ex
3163 2440 3265 2494 hac
3306 2440 3470 2505 urbe,

1893 2543 2058 2599 quam
2111 2529 2248 2584 male
2296 2529 2707 2599 irreligioseque
2746 2528 3082 2592 insederant,
3118 2529 3257 2584 bene
3288 2530 3464 2584 felici-

1895 2627 2084 2690 terque
2122 2621 2262 2692 pulsi
2320 2619 2567 2687 fuerunt;
2621 2629 2869 2676 errantes
2923 2621 3266 2688 planetarum
3319 2637 3472 2676 more

1896 2721 2101 2766 sectam
2159 2712 2468 2781 religiosam
2534 2713 2884 2780 quaerebant,
2941 2713 2994 2765 in
3045 2726 3152 2777 qua
3207 2712 3480 2781 imagines

1897 2813 2355 2871 monumentaque
2399 2802 2602 2856 Christi
2638 2802 3032 2856 incarnationis
3077 2817 3182 2854 non
3236 2816 3469 2870 appare-

1899 2903 2037 2947 rent.
2073 2891 2401 2948 Invenerunt
2431 2903 2611 2947 autem
2645 2893 2895 2946 dilectam
2927 2891 3030 2946 sibi
3058 2889 3265 2958 jamdiu
3297 2891 3466 2947 Mani-

1897 2986 2169 3040 chaeorum
2231 2982 2666 3038 incredulitatem
2725 2990 2781 3036 et
2827 2981 3199 3046 atheismum,
3251 2995 3475 3050 suaeque

1898 3074 2180 3130 sententia:
2218 3087 2547 3137 consonam,
2595 3071 2915 3140 placitisque
2944 3071 3244 3137 faventem,
3294 3085 3475 3138 eaque

1901 3167 2183 3221 docentem
2231 3180 2459 3235 quorum
2501 3165 2599 3234 ipsi
2641 3164 2848 3233 jamdiu
2900 3162 3174 3218 desiderio
3201 3171 3254 3217 et
3283 3178 3474 3217 amore

208 3251 390 3306 ταῦτα
449 3254 892 3323 ἐπαγγέλλουσαν
945 3251 1142 3327 οἷσπερ
1187 3257 1380 3326 ἥδοντο
1436 3259 1528 3311 καλ⁵
1578 3257 1794 3330 ἔχαιρον

1905 3259 2242 3312 tenebantur.
2291 3255 2582 3325 Propterea
2633 3256 2878 3325 plerique
2923 3255 3154 3309 istorum
3185 3264 3476 3324 postquam

212 3344 504 3417 πόρρωθεν
527 3364 541 3377 ·
583 3346 671 3400 διὰ
706 3347 771 3417 δὴ
795 3346 972 3400 ταῦτα
1010 3348 1060 3400 οί
1095 3347 1316 3412 πλείους
1337 3340 1522 3402 αὐτῶν
1545 3349 1646 3420 τὴν
1674 3350 1797 3405 καθ’

210 3442 368 3510 ἡμᾶς
414 3438 704 3508 ὁμολογίαν
736 3437 1047 3506 όλοτρόπως
1080 3436 1376 3508 ἀπώμοτον
1412 3441 1796 3512 ποιησάμενοι,

213 3531 406 3601 ἐκείνῃ
462 3531 527 3600 τῇ
582 3530 754 3600 λύσσῃ
810 3528 1140 3598 προσέθεντο
1187 3528 1412 3582 τέλεονο
1447 3531 1543 3601 ἀφ’
1591 3524 1666 3586 ὧν
1704 3531 1800 3587 καί

213 3637 368 3683 τινες
418 3618 801 3690 φωραθέντες,
862 3617 1136 3689 τιμωρίας
1175 3617 1274 3682 τὰς
1325 3619 1604 3689 ἐσχάτας,
1641 3621 1708 3684 ἃς
1751 3621 1802 3675 oi

216 3709 381 3780 νόμοι
415 3710 752 3773 κελεύουσιν,
793 3709 980 3764 ἔτισαν
1005 3707 1083 3780 τῷ
1115 3708 1256 3778 ξίφει
1287 3711 1728 3780 παραδιδόμενοι.

297 3801 396 3868 ξθ’.
420 3802 639 3856 Τούτων
667 3801 696 3855 δ
722 3801 786 3872 δὴ
812 3801 1028 3856 πάντων
1049 3801 1434 3865 ἐλεεινότατον,
1462 3802 1559 3856 καὶ
1586 3801 1803 3874 θρήνων

219 3897 322 3950 καὶ
363 3893 622 3964 οἰμωγῶν
668 3896 766 3948 καὶ
804 3892 1057 3964 δακρύων
1103 3893 1254 3960 ἄξιον
1280 3909 1294 3924 ·
1345 3897 1460 3958 τοῖς
1489 3896 1805 3965 φρονήμασι

221 3983 459 4045 καὶτοῖς
486 3981 667 4050 λόγοις
694 3983 744 4034 οί
768 3979 866 4036 νῦν
893 3983 1060 4053 ίερεῖς
1095 3982 1398 4049 ὑπάγονται
1443 3985 1540 4036 καί⁹
1578 3983 1804 4038 ἐπίσκο-

223 4074 438 4142 arma),
470 4073 567 4126 καὶ
591 4072 684 4136 οὒς
713 4072 818 4126 έδει
865 4071 941 4135 ώς
983 4073 1303 4128 ἀπολωλότα
1361 4073 1612 4145 πρόϐατα
1681 4077 1807 4128 ἐπι-

227 4164 491 4234 στρέφειν
522 4162 618 4216 καὶ
641 4160 1097 4224 ἐπισκέπτεσθαι,
1131 4162 1316 4227 δεξιᾶς
1369 4165 1466 4218 καὶ
1507 4165 1808 4238 ἀριστερᾶς

222 4255 607 4328 ὴμοιρηκὸτας
635 4253 915 4323 γνώσεως,
939 4255 1035 4310 καὶ
1065 4255 1164 4325 τῆς
1199 4254 1295 4308 τοῦ
1335 4255 1581 4327 Πονηροῦ
1634 4256 1812 4328 θήρας

227 4345 662 4416 ἁνθυπεξάγειν,
703 4347 848 4402 κατὰ
872 4346 1138 4418 κρημνῶν
1158 4363 1217 4400 τε
1251 4349 1345 4400 καὶ
1370 4345 1661 4419 βαράθρων
1709 4349 1810 4420 τῆς

226 4438 493 4502 ἀπιστίας
520 4438 888 4509 ὠθουμένους,
919 4437 1012 4506 ἀφ’
1036 4430 1112 4491 ὦν
1131 4436 1226 4490 καὶ
1260 4436 1720 4506 παρακερδαίνειν
1742 4438 1814 4493 τὰ

1901 3346 2300 3403 confessionem
2337 3348 2670 3402 adamussim
2715 3357 2960 3402 nostram
2991 3345 3160 3414 jurati
3193 3344 3466 3411 fecerant,

1900 3446 2173 3507 postremo
2221 3440 2457 3493 vesaniae
2488 3439 2566 3492 illi
2616 3439 3002 3493 adhaeserunt:
3047 3437 3100 3490 in
3133 3451 3237 3505 qua
3283 3438 3477 3504 depre-

1902 3529 2059 3584 hensi
2089 3529 2330 3584 nonnulli
2371 3544 2683 3600 supremum
2734 3529 3080 3599 supplicium,
3135 3538 3297 3598 prout
3333 3527 3481 3598 leges

1896 3619 2112 3690 jubent,
2146 3622 2322 3693 gladio
2354 3622 2714 3678 animadversi
2746 3622 3052 3678 subierunt.

1977 3812 2064 3868 69.
2106 3812 2200 3867 Est
2247 3819 2427 3867 autem
2468 3811 2707 3866 omnium
2761 3809 3162 3870 miserrimum,
3219 3814 3274 3860 et
3309 3804 3477 3870 luctu,

1904 3906 2130 3974 gemitu,
2160 3903 2524 3974 lacrymisqne
2554 3902 2799 3972 dignum,
2847 3901 2991 3970 quod
3040 3902 3105 3954 ab
3137 3901 3330 3953 horum
3362 3900 3481 3966 Opi-

1908 4000 2160 4054 nionibus
2214 4009 2375 4066 atque
2428 3995 2607 4051 verbis
2667 3994 2962 4048 transversi
3030 4002 3264 4062 aguntur
3318 3991 3478 4060 hujus

1910 4091 2170 4160 temporis
2199 4087 2506 4144 sacerdotes
2539 4097 2701 4155 atque
2728 4085 2964 4154 episcopi
3015 4083 3266 4154 (76-77):
3301 4090 3353 4137 et
3386 4083 3480 4151 qui

1909 4182 2169 4238 deberent
2201 4181 2440 4251 perditas
2475 4193 2606 4234 oves
2639 4191 2892 4232 revocare
2913 4183 2966 4229 et
2989 4175 3486 4243 inspicere,utpote

1911 4281 2059 4327 recta
2108 4271 2408 4338 dextraque
2461 4266 2731 4322 sententia
2768 4266 3116 4328 deerrantes,
3172 4270 3226 4318 et
3275 4279 3302 4316 a
3343 4263 3487 4315 mala

1909 4360 2084 4414 bestia
2121 4360 2433 4421 retrahere,
2467 4357 2567 4412 has
2606 4363 2794 4410 contra
2830 4368 2926 4423 per
2955 4353 3252 4424 praecipitia
3283 4361 3338 4407 et
3385 4353 3485 4408 ba-

1914 4448 2098 4502 rathra
2163 4447 2498 4502 inﬁdelitatis
2570 4443 2941 4514 propellunt;
3009 4456 3132 4496 cun.
3209 4446 3491 4510 oporteret

230 4530 475 4600 μέγιστα
503 4531 604 4598 τῆς
631 4529 905 4600 σωτηρίας
937 4528 1036 4598 τῆς
1071 4527 1296 4581 ἐκείνων
1327 4527 1512 4582 ἕνεκεν
1542 4526 1673 4598 ἐξῆν
1693 4546 1708 4561 ·
1757 4545 1787 4582 τ

1915 4539 2096 4608 potius
2125 4537 2360 4592 maxima
2386 4536 2578 4592 salutis
2601 4533 2912 4602 adiumenta
2941 4533 3010 4587 ab
3035 4533 3120 4588 his
3146 4540 3488 4599 exspectare.

1923 4626 1963 4644 Λ
1989 4627 2018 4644 ,9
2046 4627 2058 4644 ι
2093 4642 2114 4644 ᾉ
2136 4641 2150 4644 Α
2177 4643 2183 4644 ,
2207 4642 2240 4644 ,_
2301 4642 2353 4644 ,α
2377 4641 2408 4644 η
2447 4625 2511 4644 εε-
2562 4623 2739 4644 -..ειη-
2789 4621 2870 4644 -.-1
2922 4621 3046 4644 ---ενι
3083 4621 3274 4644 ..Αλζλῖι
3295 4619 3318 4644 ο
3346 4621 3457 4644 Α”,ιη

228 4622 508 4692 πάσχουσι
529 4623 623 4676 καὶ
655 4621 710 4674 τί
741 4621 1029 4690 συμϐαίνει
1057 4638 1071 4687 ;
1099 4621 1424 4676 Τούναντίον
1460 4620 1606 4676 ἅπαν
1632 4636 1646 4650 ·
1679 4619 1811 4674 ἀλο-

229 4713 474 4784 γώτεροι
494 4714 626 4783 περὶ
655 4713 834 4767 πάντα
853 4714 948 4766 καὶ
975 4712 1405 4783 κτηνωδέστεροι
1432 4711 1813 4782 καταληφθέν-

229 4799 333 4868 τες
361 4805 453 4858 ὑπ’
504 4805 730 4859 ἐκείνων
783 4805 1254 4876 ἁντιθηρεύονται,
1290 4807 1386 4860 καὶ
1445 4804 1712 4876 μυοῦνται
1744 4805 1816 4860 τὰ

232 4895 598 4966 ἄθεσμα,κα“ι
625 4899 692 4967 τῇ
739 4896 946 4967 χείρονι
992 4896 1160 4966 μοίρᾳ
1206 4894 1702 4967 μεθαρμοζόμενοι,
1735 4897 1816 4959 είς

231 4985 330 5038 τὸν
361 4984 552 5055 ὅμοιον
581 4985 811 5050 ἐκείνοις
835 4985 930 5040 τοῦ
955 4985 1216 5057 βορϐόρου
1238 4987 1442 5040 λάκκον
1472 4988 1573 5058 τῆς
1607 4987 1814 5061 πλάνης

312 5161 359 5194 ⁸¹
385 5159 488 5216 lsa.
520 5175 600 5224 Ix,
633 5161 720 5214 15.

315 5320 385 5391 (f)
418 5296 745 5391 lntelligitur
775 5318 868 5374 hic
900 5316 1075 5391 Irene,
1110 5331 1230 5391 qua:
1263 5317 1424 5391 paulo
1455 5329 1577 5388 post
1609 5319 1824 5388 Copro-

240 5388 471 5462 nymum
514 5389 782 5462 regnavit,
826 5397 881 5442 et
929 5389 1160 5462 septima
1194 5388 1397 5462 indicta
1456 5391 1694 5462 generati
1737 5405 1829 5459 sy-

238 5457 393 5541 nodo
442 5459 905 5513 lconoclastarum
969 5457 1223 5513 haeresim
1286 5458 1650 5512 damnandam
1731 5457 1828 5513 cu-

241 5539 412 5668 nat).
430 5598 726 5668 Episcopos
757 5595 1088 5668 complures,
1105 5595 1370 5668 duosque
1385 5596 1547 5650 etiam
1573 5597 1829 5658 obtrusos

244 5665 598 5743 patriarchas
621 5667 972 5724 Anastasium
1014 5675 1068 5722 ct
1094 5665 1544 5732 Constantinum,
1583 5668 1830 5730 adulatos

1919 4626 2059 4693 Quid
2091 4641 2251 4695 porro
2290 4641 2414 4682 cum
2445 4625 2514 4679 iis
2559 4623 2760 4694 agitur,
2789 4621 2873 4676 vel
2917 4621 3046 4690 quid
3081 4619 3318 4675 accidit?
3346 4621 3492 4673 Con-

1921 4717 2146 4772 trarium
2199 4717 2432 4786 penitus.
2490 4714 2624 4770 Cum
2685 4713 2994 4770 hebetiores
3055 4713 3166 4767 sint
3214 4709 3492 4780 magisque

1919 4809 2195 4878 magistris
2223 4808 2337 4863 suis
2377 4807 2634 4877 pecudei,
2665 4807 2733 4862 ab
2781 4805 2869 4860 his
2907 4805 3086 4874 potius
3118 4804 3491 4873 decipiuntur,

1919 4909 1974 4954 et
2019 4899 2204 4954 illicita
2247 4900 2531 4963 docentur,
2570 4897 2825 4952 deteriori
2861 4897 3002 4967 parti
3049 4910 3108 4950 se
3152 4896 3490 4954 addicentes,

1921 5005 2073 5060 aque
2111 5006 2174 5045 ac
2221 4990 2294 5044 illi
2332 4991 2384 5044 in
2427 4991 2568 5048 creni
2629 4990 2895 5060 gurgitem
2944 4987 3248 5057 praecipites
3308 4995 3498 5046 ruunt,

1930 5319 2097 5374 fuisse
2131 5319 2477 5388 (inpronymo
2507 5315 2873 5388 lconoclastaa,
2907 5315 3035 5384 quin
3065 5315 3225 5388 etiam
3262 5313 3497 5382 pseudo-

1926 5391 2130 5459 synotlo
2162 5383 2466 5459 Byzantina
2511 5402 2629 5440 eam
2685 5383 2940 5459 Ιιαξτεείιιι
2975 5383 3497 5459 con_f_irtnasst:,_per-

1927 5452 2110 5526 spirue
2137 5452 2322 5510 narrat
2362 5455 2638 5526 Cedrenus
2666 5456 2753 5508 ed.
2786 5452 2962 5526 Paris.
2999 5465 3034 5508 ι.
3066 5453 3132 5518 ΙΙ,
3172 5469 3225 5526 p.
3259 5452 3388 5508 465.

1998 5527 2208 5598 (76-77)
2242 5527 2481 5598 Intellige
2518 5525 2692 5598 potius
2731 5524 3014 5598 episcopos
3051 5524 3359 5598 sub_l.eone
3398 5523 3500 5598 Ar-

1929 5593 2086 5650 meuo
2124 5593 2321 5650 iterum
2343 5595 2513 5648 factos
2533 5593 2917 5656 lconoclastas,
2939 5610 3099 5662 quam
3125 5595 3242 5648 illos
3271 5595 3500 5661 pseudo-

1927 5667 2118 5736 svnodi
2143 5667 2242 5722 sub
2279 5665 2643 5735 Copronymo,
2671 5663 2737 5719 de
2766 5664 2964 5732 quibus
2992 5665 3149 5721 modo
3169 5665 3422 5720 diximus.
