3918 6144
497 277 600 338 503

1528 279 1588 337 S.
1633 278 2048 338 NICEPHORI
2083 272 2589 337 PATRIARCHE
2627 273 2736 332 CP.

3649 267 3755 332 5θὲ

497 401 678 441 secum
727 399 952 455 operum
981 384 1167 440 'socios
1211 384 1503 450 abducunt,
1556 397 1608 442 et
1639 397 1913 457 tanquam.
1947 389 2063 442 exi-

2172 383 2838 456 συγκατακρημνίζονται,
2901 380 2998 434 καὶ
3046 383 3344 452 συνεργοὺς
3413 381 3755 450 ἐπάγονται,

501 478 716 532 tialibus
764 468 1137 532 instrumentis
1181 491 1397 530 suarum
1432 477 1692 533 adversus
1737 481 2069 534 orthodoxos

499 565 951 622 coutuuieliarum
1001 577 1160 634 atque
1210 565 1526 634 iniuriarum
1583 577 1824 622 utuntur.
1862 569 2070 637 Quippe

501 656 625 710 doui
678 656 914 724 Spiritus
969 655 1275 710 unctionem
1327 656 1542 722 penitus
1596 657 1959 724 abnegantes,
2018 667 2069 710 et

438 751 452 764 '
500 763 710 802 sacram
765 747 1060 816 quamlibet
1123 747 1552 816 canonicamque
1607 748 1845 817 regulam
1909 750 2070 803 abro-

501 842 725 901 gantes,
783 842 944 902 atque
994 832 1375 888 ecclesiasticae
1426 837 1604 890 omnis
1659 837 2068 892 'constitutinnis

500 924 962 993 ordiuationisque
1005 924 1191 989 obliti,
1231 925 1481 979 civilibus
1515 927 1719 996 legibus
1751 929 2069 995 actibusque

501 1015 724 1081 vivunt,
757 1024 811 1069 ct
857 1015 1144 1071 mundanis
1204 1017 1604 1085 magistratibus
1654 1028 1778 1072 sunt
1810 1017 2065 1082 obnoxii,

500 1115 554 1157 ct
586 1107 725 1158 victu
748 1143 762 1167 ,
795 1105 1032 1158 moribus
1054 1145 1068 1168 ,
1102 1107 1546 1168 conversatione,
1574 1105 1822 1176 judiciis,
1861 1117 2069 1160 cunctis

501 1196 731 1262 denique
767 1195 889 1248 vita:
937 1195 1183 1257 actibus,
1236 1196 1322 1249 his
1367 1195 1742 1263 obtemperant
1785 1195 1852 1248 ab
1895 1196 2070 1262 iisque

501 1294 780 1354 reguntur.
827 1284 934 1338 Sed
985 1300 1090 1340 non
1141 1293 1222 1339 est
1260 1286 1374 1338 hzec
1423 1284 1609 1340 Jacobi
1649 1286 1858 1354 portio,
1893 1301 2070 1356 neque

502 1375 802 1443 huiusmodi
849 1384 976 1428 sunt
1018 1376 1446 1430 orthodoxorum
1479 1377 1730 1446 dogmata
1763 1391 1826 1430 ac
1851 1387 2068 1430 senten-

501 1471 589 1521 tia:
619 1507 633 1532 ,
687 1481 867 1535 neque
917 1466 1023 1519 tale
1069 1467 1192 1521 vita:
1241 1467 1479 1534 ipsorum
1540 1469 1904 1537 propositum;
1960 1467 2070 1522 imo

502 1559 773 1612 rnulraria
821 1559 1077 1622 omnino,
1113 1573 1176 1612 ac
1209 1558 1285 1611 illi
1319 1558 1494 1612 solent
1534 1559 1856 1627 perditionis
1883 1572 2070 1624 opera-

504 1659 668 1711 torcs,
700 1647 744 1700 si
777 1655 924 1701 certe
969 1646 1197 1701 invicem
1224 1647 1470 1701 conferre
1504 1647 1649 1712 licet,
1687 1648 1768 1701 via
1813 1656 2063 1718 pergunt.

2170 479 2264 530 καὶ
2287 477 2478 546 ὥσπερ
2512 475 2765 546 ὀργάνοις
2791 473 2890 542 τῆς
2917 473 3193 538 ἀπωλείας
3237 474 3418 528 αὐτῶν
3451 473 3607 526 κατὰ
3661 478 3759 543 τῆς

2167 567 2276 618 τῶν
2297 565 2667 625 εὐσεϐούντων
2692 564 3040 634 συγχρῶνται
3066 564 3276 634 ὓϐρεως
3299 565 3395 618 καὶ
3418 563 3756 625 κακώσεως·

2168 654 2356 724 ὥσπερ
2381 655 2490 724 γάρ
2523 655 2626 723 τῆς
2652 654 2863 724 δωρεᾶς
2913 653 3007 707 τοῦ
3057 655 3376 725 Πνεύματος
3403 655 3511 725 τὴν
3571 657 3760 724 χρίσιν

2166 747 2349 799 τέλεον
2380 746 2704 815 ἠρνημένοι,
2734 745 2833 797 καὶ
2883 746 3065 797 πᾶσαν
3116 745 3268 816 ίερὰν
3299 747 3393 798 καὶ¹
3451 746 3761 811 κανονικὴν

2169 833 2527 903 θεσμοθεσίαν
2554 832 2908 902 ἠθετηκότες,
2942 835 3037 886 καὶ
3077 834 3262 904 πάσης
3310 835 3409 904 τῆς
3431 834 3762 904 ἐκκλησια-

2171 927 2360 994 στικῆς
2391 924 2690 992 εὐκοσμίας
2720 925 2814 977 καὶ
2859 924 3066 988 τάξεως
3123 925 3564 996 ἐπιλελησμένοι,
3610 925 3762 978 mlt-

2167 1014 2340 1074 τικοῖς
2365 1012 2549 1080 νόμοις
2579 1012 2674 1064 καὶ
2721 1012 3014 1082 πράγμασι
3062 1014 3318 1083 χρῶνται,
3369 1017 3465 1067 καὶ
3514 1015 3763 1086 ἄρχουσι

2167 1106 2281 1165 τοῖς
2334 1105 2619 1172 κοσμικαῖς
2654 1104 3138 1168 ὑποπεπτώκασιν,
3191 1105 3283 1157 ἐπί
3316 1123 3375 1158 τε
3421 1105 3625 1175 διαίτῃ
3672 1105 3765 1156 καὶ

2171 1195 2271 1264 βίῳ
2301 1195 2394 1247 καὶ
2438 1195 2685 1265 πολιτείᾳ
2718 1198 2813 1248 καὶ
2844 1196 3129 1266 κρίμασιν,
3159 1199 3222 1250 ἐν
3277 1200 3409 1250 πᾶσι
3456 1201 3584 1260 τοῖς
3615 1198 3763 1249 κατά

2167 1287 2258 1338 τὸν
2286 1285 2400 1355 βίον
2429 1286 2812 1356 ἐγχειρήμασι,
2847 1288 3059 1351 τούτοις
3110 1289 3426 1351 ὑπείκοντες
3460 1291 3558 1342 καὶ
3630 1290 3760 1341 διοιο

2169 1375 2441 1445 κούμενοι.
2483 1375 2619 1428 Ἀλλ’
2649 1376 2745 1445 οὐχ
2790 1377 2927 1447 αὕτη
2954 1381 2987 1450 ἡ
3013 1381 3172 1448 μερὶς
3218 1378 3312 1432 τοῦ
3357 1379 3557 1432 Ἰακώϐ
3589 1395 3607 1406 ’
3637 1380 3762 1431 οὐδὲ

2165 1467 2396 1520 τοιαῦτα
2427 1465 2535 1518 τῶν
2568 1466 2820 1536 εὐσεϐείᾳ
2849 1470 3241 1538 κοσμουμένων
3274 1470 3340 1522 τὰ
3361 1469 3628 1538 δόγματα
3655 1471 3759 1522 καὶ

2169 1559 2493 1628 φρονήματα
2510 1575 2523 1588 ο
2543 1557 2666 1610 οὐδέ
2688 1559 2913 1630 τοιαύτη
2935 1559 3041 1612 τῶν
3059 1561 3534 1628 πεπολιτευμένων
3557 1563 3760 1623 αὐτοῖς

2167 1653 2200 1719 ή
2223 1650 2434 1718 αἵρεσις
2453 1664 2466 1677 °
2491 1649 2819 1712 ἀπεναντίας
2837 1651 2946 1722 γάρ
2964 1650 3136 1703 ἅπασι
3160 1653 3273 1713 τοῖς
3295 1651 3424 1719 περὶ
3445 1651 3554 1704 τῶν
3577 1655 3763 1719 ὲργα-

500 1743 676 1807 Atque
706 1749 764 1792 ut
806 1738 1114 1791 summatim
1147 1738 1344 1802 dicam,
1392 1737 1447 1793 hi
1476 1739 1808 1808 iniquitatem
1846 1752 2059 1792 onmem

2167 1739 2269 1792 τῶν
2291 1740 2390 1808 τῆς
2414 1739 2688 1801 ἀπωλείας
2709 1739 3278 1810 προκατειλεγμένοις,
3304 1741 3358 1791 εί
3387 1756 3448 1806 γε
3481 1741 3668 1808 ἐχρῆν
3698 1740 3760 1790 ἐκ

501 1831 764 1892 oderunt,
811 1828 1067 1881 virtutem
1101 1842 1314 1881 omnem
1350 1827 1631 1890 ambiunt,
1667 1826 1928 1897 quidquid
1973 1826 2070 1880 bo-

471 1935 627 1975 .num
659 1929 738 1973 est
769 1919 1055 1982 honorant,
1087 1918 1299 1987 egregia
1333 1919 1510 1972 omnia
1547 1918 1821 1983 adamant,
1851 1932 2066 1972 omnem

501 2010 610 2066 Deo
657 2010 912 2080 placitam
945 2010 1415 2065 conversationem
1464 2020 1745 2064 sectantur
1776 2029 1789 2064 :
1821 2021 2066 2065 sanctam

479 2116 711 2172 .omnem
767 2110 1079 2169 rectamque
1125 2101 1428 2156 doctrinam
1481 2103 1782 2172 recipiunt,
1811 2103 2068 2172 quidquid

500 2193 566 2244 ad
595 2205 806 2246 sacram
835 2191 1131 2246 Ecclesiam
1163 2195 1362 2246 attinet
1389 2195 1629 2248 studiose
1659 2193 1942 2260 recolunt;
1973 2209 2069 2263 per

499 2298 620 2348 qua:
651 2281 760 2338 Deo
792 2283 1265 2351 appropinquant,
1315 2285 1610 2352 :etcrnique
1642 2286 1788 2353 regni
1825 2286 2067 2341 haeredcs

502 2375 668 2436 liunt,
695 2373 1009 2441 angelorum
1036 2383 1347 2438 consortes,
1383 2383 1692 2428 sanctorum
1729 2374 1974 2441 sodales;
2014 2376 2066 2429 in

500 2463 646 2516 omni
693 2463 906 2516 demum
931 2476 1044 2542 re,
1073 2463 1215 2530 quod
1246 2463 1514 2518 laudabile
1555 2473 1638 2518 est
1679 2475 1734 2519 et
1765 2468 2064 2536 egregium,

501 2549 728 2608 faciunt.
755 2550 992 2616 Quorum
1023 2550 1158 2604 nihil
1187 2552 1483 2606 adversarii
1507 2561 1749 2622 agentes,
1771 2552 2064 2619 ignominia

501 2641 808 2711 replentur,
844 2641 1149 2710 divinisque
1173 2641 1394 2711 judiciis
1427 2643 1669 2698 damnati
1710 2643 1762 2697 in
1798 2653 2061 2697 aeternum

497 2739 682 2785 οτυιιι.

571 2927 658 2983 70.
695 2927 830 2996 Quia
863 2928 975 3000 (78)
1017 2941 1145 2984 vero
1189 2943 1218 2983 a
1265 2928 1464 2984 Christi
1514 2928 1760 2983 hostibus
1805 2927 2064 2983 nonnulla

492 3021 794 3091 jactantur,
829 3033 949 3088 quae
997 3018 1266 3073 mendacii
1297 3033 1491 3087 parens
1534 3017 1645 3074 illis
1676 3017 1844 3083 alllat,
1881 3013 2062 3087 agesis

499 3109 797 3178 cuiusmodi
825 3108 942 3163 lucc
982 3123 1197 3178 quoque
1228 3109 1336 3162 sint
1361 3109 1787 3164 consideremus.
1813 3106 2065 3162 Glorian-

501 3211 589 3254 tur
610 3201 778 3264 enim,
815 3207 1036 3268 propter
1072 3199 1274 3252 illatam
1302 3198 1524 3252 Christo
1555 3197 1916 3266 Ecclesiaaque
1938 3211 2066 3251 con-

499 3287 800 3352 tumeliam,
829 3288 1099 3342 diulurnae
1123 3288 1245 3340 vita:
1272 3287 1442 3356 spatia
1477 3302 1600 3340 cum
1625 3287 1876 3340 maximis
1907 3285 2064 3355 137

500 3377 869 3446 voluptatibus
897 3375 1162 3431 Mamonte
1187 3376 1350 3430 fuisse
1379 3391 1658 3441 concessa,
1707 3377 2067 3442 eumdemque

499 3469 777 3525 fclicitatis
806 3469 1018 3525 culmen
1049 3469 1312 3538 attigisse.
1345 3465 1450 3522 Sed
1477 3479 1533 3522 et
1557 3467 1811 3522 victorias
1841 3470 1908 3522 de
1934 3467 2065 3519 Bar-

499 3561 644 3614 baris
671 3570 724 3615 et
749 3553 963 3631 egregia
996 3560 1225 3630 plurima
1256 3559 1494 3614 facinora
1526 3558 1575 3612 ei
1612 3559 1918 3623 ascribunt,
1947 3573 2066 3626 quae

496 3649 705 3702 sobrios
726 3648 975 3703 homines
1007 3663 1072 3702 ne
1106 3646 1294 3701 audire
1324 3647 1541 3716 quidem
1573 3663 1785 3716 aequum
1817 3656 1922 3702 est.
1959 3647 2063 3701 Sed

497 3753 566 3792 ne
597 3737 736 3792 forte
776 3737 1043 3806 aliquibus
1078 3737 1496 3806 simplicioribus
1538 3736 1951 3805 rudioribusque
2002 3751 2062 3790 ea

498 3827 775 3881 mendacia
820 3827 993 3880 fraudi
1027 3827 1154 3891 sint,
1199 3828 1540 3896 coarguenda
1582 3828 1788 3895 singula
1840 3844 1869 3880 a
1907 3826 2064 3881 nobis

492 3928 672 3984 erunt,
729 3928 787 3972 ut
837 3929 1169 3990 quantopere
1198 3920 1346 3974 stulti
1395 3934 1455 3975 se
1482 3920 1630 3990 ipsos
1675 3921 1930 3975 inanibus
1979 3919 2062 3974 his
2102 3954 2110 3962 -

492 4011 836 4065 sermonibus
878 4011 1243 4078 Iudiliceutur,
1292 4012 1616 4082 intelligant.
1669 4011 1837 4081 Igitur
1867 4019 2061 4066 cuncta

493 4104 639 4158 illius
668 4118 925 4173 perquam
973 4105 1148 4173 turpia
1194 4104 1384 4167 fuisse,
1419 4083 1652 4172 eumque
1689 4103 1819 4169 Deo,
1853 4100 2059 4169 angelis

493 4211 557 4250 ac
611 4195 881 4263 religiosis
937 4195 1244 4249 hominibus
1305 4193 1692 4248 exsecrabilem
1749 4193 2058 4256 exstitisse,

491 4286 715 4338 minime
738 4293 820 4338 est
848 4285 1163 4337 obscurum.
1199 4280 1333 4332 Nam
1367 4295 1487 4332 cum
1519 4281 1573 4334 in
1603 4281 1748 4332 omni
1797 4295 1855 4334 se
1882 4279 2059 4333 libidi-

2171 1830 2523 1900 παραθέσεως
2549 1829 2716 1882 ταῦτα
2735 1829 3049 1900 συμϐαλεῖν,
3081 1829 3190 1883 ἴασι
3209 1847 3221 1859 ⁸
3245 1830 3341 1882 καὶ
3356 1830 3443 1881 ἵνα
3463 1826 3763 1880 συλλαϐὼν

2171 1921 2402 1988 είποιμι,
2437 1921 2621 1972 πᾶσαν
2647 1921 2743 1989 μὲν
2778 1920 2976 1972 κακίαν
2995 1919 3525 1988 καταμυσάττονται,
3561 1919 3763 1968 πᾶσαν

2169 2010 2226 2062 δέ
2253 2010 2452 2081 ἀρετὴν
2475 2009 2802 2080 προτιμῶσι,
2839 2011 2947 2063 πᾶν
2976 2009 3182 2077 ἀγαθὸν
3212 2009 3554 2079 γεραίρουσι,
3605 2023 3761 2059 παν.

2169 2102 2259 2164 τὸς
2285 2101 2454 2155 καλοῦ
2486 2101 2711 2172 ἐρασταί
2740 2104 2869 2166 είσι,
2899 2103 3080 2155 πᾶσαν
3114 2102 3408 2172 Θεάρεστον
3455 2101 3758 2153 πολιτείαν

2168 2196 2570 2265 ἀσπαζόμενοι,
2600 2195 2776 2247 πάντα
2822 2195 2980 2262 λόγον
3013 2194 3160 2246 ὅσιον
3190 2193 3288 2247 καὶ
3347 2191 3482 2262 εὐθῆ
3515 2191 3759 2262 προσιέ-

2170 2303 2342 2358 μενοι,
2373 2286 2551 2338 πάντα
2571 2287 2638 2339 τὰ
2661 2285 2761 2355 τῆς
2791 2287 2943 2355 ίερᾶς
2973 2285 3300 2354 Ἐκκλησίας
3333 2284 3713 2350 περιέποντες
3737 2298 3750 2310 ·

2167 2376 2234 2430 δι’
2267 2370 2341 2429 ὧν
2365 2375 2642 2444 ἐγγίζουσι
2674 2375 2818 2446 Θεῷ,
2852 2375 2946 2428 καὶ
2995 2374 3277 2444 βασιλείας
3309 2375 3505 2426 ἀϊδίου
3539 2375 3756 2444 κληρο-

2167 2467 2319 2537 νόμοι
2355 2467 2803 2520 άναδείκνυνται*
2840 2467 3088 2535 ἀγγέλων
3143 2465 3502 2536 συμμέτοχοι,
3561 2466 3752 2531 ἁγίων

2171 2557 2534 2629 συνάριθμοι’
2594 2560 2652 2610 ἐν
2709 2559 2880 2612 ἆπασι
2925 2559 2986 2610 τὸ
3039 2557 3356 2620 ἀξιέπαινον
3410 2557 3504 2608 καὶ
3557 2555 3755 2608 ἔνθεον

2171 2651 2606 2722 ἀποφερόμενοι·
2663 2645 2738 2705 ὧν
2797 2650 2950 2704 οὐδὲν
3006 2651 3202 2702 ἐκεῖνοι
3271 2647 3754 2718 περιπτυξάμενοι

2167 2742 2426 2812 αἰσχύνης
2460 2741 2914 2812 ἐμπίμπλανται,
2968 2739 3062 2793 καὶ
3128 2739 3376 2793 ὑπόδικοι
3427 2738 3539 2791 τῶν
3575 2738 3754 2792 θείων

2169 2834 2448 2904 κριμάτων
2478 2835 2557 2895 είς
2586 2833 2758 2886 αίῶνα
2781 2833 3124 2901 γενήσονται.
3359 2893 3365 2898 1

2234 2931 2296 2978 o'.
2349 2923 2564 2994 Ἐπειδὴ
2592 2922 2649 2975 δὲ
2680 2923 2773 2975 καί
2805 2939 2925 2975 τινα
2972 2922 3122 2992 παρά
3169 2925 3284 2984 τοῖς
3324 2921 3752 2992 Χριστομάχοις

2169 3013 2766 3086 περιθρυλλεῖται,ἆπερ
2807 3013 2991 3076 αὐτοῖς
3048 3016 3075 3067 ό
3117 3013 3212 3065 τοῦ
3254 3012 3487 3082 ψεύδους
3541 3013 3746 3082 πατὴρ

2168 3103 2513 3174 ἐμπνεύσειε,
2554 3102 2686 3173 φέρε
2719 3101 2814 3154 καὶ
2846 3099 3019 3153 ταῦτα
3054 3099 3507 3170 ἐπισκεψώμεθα.
3545 3101 3748 3152 Κατα-

2167 3195 2529 3265 κομψεύονται
2563 3193 2671 3263 γὰρ
2695 3192 2782 3245 διὰ
2803 3191 2901 3261 τὴν
2940 3192 3020 3254 είς
3055 3192 3289 3259 Χριστὸν
3323 3191 3417 3242 καὶ
3465 3189 3566 3258 τὴν
3613 3190 3749 3241 Ἑκ-

2165 3284 2397 3354 κλησίαν
2431 3282 2608 3353 ὕϐριν,
2667 3283 2893 3351 χρόνους
2934 3280 3234 3350 μηκίστους
3263 3279 3357 3332 καὶ
3409 3294 3740 3346 παρατετα-

2169 3375 2336 3444 μένην
2368 3371 2532 3443 ζωὴν,
2587 3373 2680 3426 καὶ
2714 3371 2826 3441 βίον
2888 3370 3101 3439 εὐπαθῆ
3157 3369 3611 3439 ἐκμεμετρῆσθαι
3665 3368 3745 3437 τῷ

2165 3466 2437 3534 Μαμωνᾷ,
2491 3464 2584 3516 καὶ
2636 3462 2935 3532 εὐημερίας
2988 3463 3066 3524 είς
3104 3461 3272 3531 ἀκρον
3317 3457 3531 3521 ἐλάσαι,
3575 3458 3743 3520 νίκας

2165 3555 2314 3624 αὐτῷ
2383 3555 2526 3607 κατά
2601 3552 2892 3624 βαρϐάρων
2955 3553 3049 3604 καὶ
3122 3549 3596 3620 ἀνδραγαθήματα
3664 3547 3741 3609 ὡς

2165 3648 2392 3702 πλεῖστα
2424 3647 2841 3716 ἐπιγράφοντες,
2895 3646 2930 3700 ἃ
2981 3647 3095 3708 τοῖς
3129 3645 3227 3714 μὲν
3279 3643 3558 3712 σώφροσιν
3609 3641 3735 3694 οὐδὲ

2165 3741 2244 3800 είς
2273 3739 2532 3808 ἀκρόασιν
2555 3737 2808 3806 ἔρχεσθαι
2838 3736 3077 3790 δίκαιον·
3100 3735 3174 3798 ὡς
3203 3735 3247 3787 δ’
3281 3734 3347 3788 ἂν
3378 3735 3490 3787 τῶν
3521 3734 3734 3788 ἁπλου-

2166 3812 2368 3897 στέρων
2385 3829 2417 3899 ἢ
2432 3828 2819 3898 ἀμαθεστέρων
2843 3829 3015 3894 τινὰς,
3036 3830 3150 3891 τοῖς
3166 3829 3232 3881 ἐκ
3246 3828 3344 3897 τῆς
3360 3827 3577 3895 ἀπάτης
3597 3827 3734 3878 ἀνα-

2163 3920 2432 3990 πλασμοῖς
2478 3919 2550 3989 μὴ
2597 3919 3058 3989 παραϐλάπτοιεν,
3111 3920 3317 3972 τούτων
3353 3918 3732 3978 διευθύνοντες

2162 4009 2386 4076 ἕκαστα,
2399 4011 2574 4072 κενοῖς
2591 4009 2766 4078 λόγοις
2785 4013 3011 4073 ἑαυτοὺς
3026 4009 3465 4080 φαινακίζοντας,
3486 4010 3609 4070 τοὺς
3631 4026 3732 4077 μα-

2161 4101 2487 4171 ταιόφρονας
2516 4103 2904 4171 ἀποφήνωμεν.
2931 4102 3053 4154 Ὀτι
3080 4103 3175 4171 μὲν
3200 4101 3310 4171 γάρ
3341 4102 3368 4152 ό
3394 4099 3508 4169 βίος
3538 4100 3732 4166 ἐκείνῳ

2164 4191 2494 4261 πάναισχρος
2525 4189 2786 4260 γεγονὼς,
2807 4191 3093 4261 βδελυκτδν
3114 4193 3206 4243 καὶ
3219 4190 3335 4260 Θεῷ
3351 4192 3444 4243 καὶ
3457 4189 3730 4256 ἀγγέλοις,

2161 4283 2536 4354 ἀνθρώποιςτε
2552 4287 2662 4348 τοῖς
2683 4284 2969 4338 εὐσεϐοῦσι
2987 4285 3242 4354 καθίστη,
3265 4285 3367 4337 οὐκ
3390 4283 3728 4353 ἀσυμφανές·

491 4389 621 4427 num
678 4387 877 4443 genere
925 4372 1089 4425 miser
1149 4371 1236 4424 hic
1281 4371 1581 4435 volntaret,
1639 4371 1813 4439 iisque
1860 4387 2056 4441 corpus

2167 4377 2254 4428 mi
2283 4375 2391 4445 γὰρ
2444 4377 2522 4437 είς
2573 4375 2642 4428 τὰ
2682 4372 2883 4446 σαρκὸς
2936 4374 3081 4445 πάθη
3135 4374 3598 4444 κατασυρόμενος,
3633 4372 3729 4441 τὴν

491 4479 650 4517 suum
689 4473 744 4516 et
775 4462 1010 4515 animam
1039 4469 1459 4530 couspurcaret,
1491 4476 1610 4530 quae
1637 4461 1890 4517 Barbaris
1922 4478 2055 4531 quo-

488 4568 595 4621 que
622 4563 675 4607 et
723 4550 957 4606 ethnicis
1009 4552 1172 4605 vetita
1222 4559 1378 4616 sunt,
1436 4550 1592 4622 longe
1642 4552 1874 4621 pecudes
1909 4556 2053 4623 ipsas

491 4646 733 4700 fceditate
775 4645 1070 4711 superavit.
1120 4643 1298 4735 Atque
1343 4643 1456 4698 haec
1509 4659 1614 4698 non
1664 4645 1817 4712 pauci
1874 4648 1966 4716 qui
2002 4646 2049 4700 ei

487 4736 792 4789 administri
840 4734 1056 4788 fuerunt
1101 4733 1382 4790 et'Vadhuc
1417 4735 1631 4800 vivunt,
1670 4737 1850 4790 testari
1900 4742 2052 4805 pote-

487 4837 650 4892 runt;
683 4842 780 4880 nec
817 4841 919 4880 non
954 4835 1008 4878 et
1039 4826 1186 4879 varia
1221 4825 1462 4894 corporis
1495 4827 1830 4880 incommoda
1858 4829 2054 4897 quibus

489 4921 632 4972 idem
669 4918 774 4972 fuit
819 4918 1106 4971 obnoxius.
1144 4916 1428 4972 Doloribus
1469 4915 1611 4970 enim
1649 4925 1812 4987 atque
1844 4918 2060 4971 crucia-

557 5074 672 5145 (78)
722 5072 1045 5145 Scipicntem
1085 5071 1475 5145 sesquipaginaa
1514 5078 1755 5145 tractum
1795 5071 1867 5124 ait
1897 5069 2054 5145 Peta-

486 5141 607 5198 vius
637 5141 695 5196 se
733 5146 783 5196 iu
817 5142 1092 5199 Parisiaeo
1146 5141 1478 5208 l‘heophauis
1521 5141 1708 5193 codice
1746 5141 2050 5204 invenisse,

487 5226 742 5282 tanquam
779 5227 842 5266 ex
878 5209 1182 5282 {iicepimro
1221 5218 1564 5282 excerptum,
1595 5209 1973 5282 quoduidcireq
1999 5212 2054 5265 iu

484 5277 635 5340 calce
669 5283 848 5352 posuit
885 5277 1245 5352 Historiarum
1281 5277 1570 5352 Nicephori
1601 5277 1654 5328 in
1689 5277 2062 5352 editioneLu-

487 5345 684 5422 parca:
710 5351 1013 5422 (ἐπιστοᾳυί
1048 5351 1134 5404 hic
1176 5358 1382 5422 tractus
1416 5345 1476 5422 in
1511 5345 1856 5422 Theophanis
1887 5349 2060 5403 Chro-

488 5417 613 5477 ilico
673 5436 777 5474 tum
812 5417 1034 5490 legitur;
1081 5433 1255 5486 neque
1301 5418 1368 5471 ad
1424 5417 1478 5490 id
1530 5417 1800 5490 pertinere
1847 5427 2056 5490 potest,

488 5486 922 5559 quandoquidem
958 5487 1335 5559 rTthphaues
1355 5557 1364 5559 Α
1387 5486 1544 5552 plene
1579 5486 1818 5559 Satisque
1842 5487 2058 5559 Ade_Co—

486 5555 754 5632 prouymo
785 5558 1004 5632 proprio
1035 5560 1085 5610 iu
1131 5559 1248 5612 loco
1287 5557 1507 5623 suisque
1537 5556 1716 5632 verbis
1748 5556 1897 5632 dixit.
1935 5555 2058 5611 Fuit

491 5624 672 5696 itaque
717 5624 818 5682 hoc
873 5624 1050 5699 petius
1093 5637 1450 5692 cxtravagaus
1501 5624 1716 5693 aliquod
1778 5625 2054 5696 πάρεργον

2161 4467 2268 4520 τῶν
2295 4467 2506 4533 ἀλόγων
2562 4465 2718 4530 ζώων
2775 4466 3060 4537 παρήλασε
3105 4465 3436 4534 κτηνωδίαν’
3469 4465 3580 4524 τοῖς
3629 4463 3731 4513 ἀπ-

2159 4558 2548 4628 ηγορευμένοις
2579 4557 2675 4610 καὶ
2707 4557 2999 4629 βαρϐάροις
3048 4559 3141 4609 καὶ
3160 4556 3410 4625 Ἕλλησι,
3444 4555 3540 4606 καί⁵
3575 4553 3731 4621 σῶμα

2161 4652 2258 4704 καὶ
2283 4651 2461 4720 ψυχὴν
2479 4651 2507 4703 ό
2535 4650 2768 4713 δείλαιος
2798 4651 3259 4720 ἐμμολυνόμενος.
3291 4649 3404 4702 Καὶ
3433 4647 3605 4700 ταῦτα
3629 4647 3726 4697 οὐκ

2161 4741 2423 4810 ὀλίγιστοι
2472 4743 2582 4796 τῶν
2643 4741 3349 4814 ὑπηρετησαμένωνςαύτῷ
3406 4742 3572 4810 μέχρι
3631 4737 3726 4789 τοῦ

2167 4831 2328 4900 δεῦρο
2356 4833 2640 4903 περιόντες
2670 4833 3186 4902 ἀπαγγελλέτωσαν,
3209 4831 3326 4903 μεθ’
3354 4825 3429 4884 ὦν
3450 4832 3542 4883 καὶ
3564 4829 3725 4882 τᾶλλα

2163 4919 2201 4973 ἃ.
2246 4922 2377 4991 περὶ
2409 4922 2468 4974 τὸ
2529 4923 2690 4994 σῶμα
2748 4923 2898 4993 αὐτῷ
2945 4925 3197 4993 ἀπήνταο
3243 4921 3346 4991 ἥδη
3381 4921 3492 4989 γὰρ
3547 4921 3726 4981 πόνοις

2161 5073 2361 5128 codicis
2390 5075 2672 5132 Parisiaci.
2707 5073 2815 5130 Nos
2839 5089 2967 5129 vero
2992 5077 3204 5128 demum
3239 5075 3600 5142 comperimus
3626 5073 3727 5126 hoc

2160 5144 2520 5212 fragmentum
2575 5145 2627 5198 in
2680 5146 2890 5200 duobus
2933 5145 3150 5198 iueditis
3195 5145 3472 5198 chronicis
3524 5144 3723 5200 Vane...

2163 5212 2380 5280 Georgii
2435 5227 2625 5284 nempe
2666 5214 2994 5278 llamarloli,
3043 5230 3096 5282 p.
3145 5212 3282 5277 189,
3312 5225 3368 5268 et
3389 5213 3726 5284 JoannisSi-

2165 5287 2305 5345 cuti,
2335 5299 2385 5351 p.
2444 5282 2575 5337 556.
2622 5284 2689 5338 Et
2732 5284 2906 5336 variat
2964 5284 3180 5348 quidem
3233 5282 3724 5351 mediocriterhoc

2162 5349 2473 5422 excerptum
2529 5353 2580 5405 iu
2635 5353 2906 5422 priedictis
2948 5352 3231 5406 Chrouicis
3264 5369 3292 5404 a
3340 5364 3525 5405 nostro
3573 5349 3724 5405 Nice—

2161 5421 2314 5488 phori
2363 5423 2526 5476 totius
2571 5421 2750 5488 operis
2800 5423 3023 5486 codice,
3061 5422 3146 5476 cui
3197 5433 3375 5475 tamen
3426 5422 3581 5476 unice
3629 5433 3720 5488 nos

2161 5487 2544 5561 adlimrendum
2601 5487 2942 5561 putavimus.
2997 5501 3178 5560 utpote
3231 5492 3445 5561 integro
3482 5501 3534 5546 et
3580 5487 3717 5542 nulla

2160 5560 2476 5631 cujusquam
2513 5576 2671 5616 manu
2704 5560 3044 5629 interpolato.
