3918 6144
229 305 325 370 505

895 310 1525 390 ANTIRRHETICUS
1561 320 1656 382 III
1692 322 1865 389 ADV.
1904 326 2497 391 CONSTANTINUM
2534 332 2730 392 COPR

3348 329 3451 397 506

230 421 317 472 καὶ
344 418 630 514 ἀλγηδόσιν
661 420 945 492 ἀρρήτοις,
982 419 1071 479 οἶα
1091 428 1242 492 είκδς
1274 431 1403 493 τοὺς
1431 433 1785 506 ήλκωμένους

1890 439 2062 506 tibus,
2092 418 2182 511 qui
2212 443 2468 510 explicari
2519 444 2749 498 dicendo
2781 454 3051 514 nequeunt
3084 447 3450 501 excarniﬁca-

228 510 467 578 πάσχειν,
519 508 867 581 βαλλόμενος,
897 517 1152 587 πονήρως
1204 521 1301 573 καὶ
1356 524 1597 595 ἀνιαρῶς
1642 525 1782 594 ἄγαν

226 598 475 651 διέκειτοο
499 598 597 651 καί
625 614 749 654 τινα
778 603 889 656 τῶν
922 605 1103 675 μελῶν
1147 608 1254 662 ὑπὸ
1300 611 1410 664 τῶν
1460 613 1634 668 ἑλκῶν
1678 616 1785 668 ἀπ-

224 686 502 771 ηχρείωτο,
518 688 751 751 καίτπως
780 692 873 745 καὶ
905 695 1149 764 σαρκίων
1174 698 1336 752 τινῶν
1351 703 1782 774 ἀπερῥυηκότων

228 777 399 847 αὐτῷ·
433 780 800 849 συνεχέστατα
835 783 892 837 δὲ
923 785 1028 838 ὑπὸ
1057 787 1169 841 τῶν
1214 792 1479 862 ἐριννύων
1525 795 1780 865 ἐκδειμα-

226 870 494 940 τούμενος.
567 874 784 942 πικρῶς
849 879 944 931 καὶ
993 878 1244 945 ἐλεεινῶς
1298 880 1390 937 τὸν
1425 926 1428 931 η
1468 887 1782 955 νυκτερινὸν

182 980 187 983 ν
227 960 405 1031 χρόνον
424 961 656 1031 διήνυεν.
687 966 818 1030 ἴσως
837 969 950 1032 τοῖς
973 973 1356 1043 συγκειμένοις
1385 977 1779 1048 ὲφυστερίζων,

226 1052 686 1124 ἀντεπεξαγούσης
742 1058 841 1126 τῆς
891 1060 1024 1130 παρ’
1067 1062 1232 1116 αὑτοῦ
1288 1066 1630 1137 διωκομένης
1686 1069 1781 1122 πίε

229 1157 405 1206 στεως.
447 1143 736 1213 Παρείσθω
750 1148 820 1197 τὰ
849 1146 944 1200 νῦν
969 1147 1150 1218 λέγειν
1175 1151 1239 1205 τὺ
1266 1156 1367 1222 τῆς
1384 1153 1593 1225 διαίτης
1619 1156 1783 1226 ἀηδές

226 1249 277 1285 τε
295 1233 384 1286 καὶ
415 1232 693 1304 αἴσχιστον
710 1251 723 1264 ·
744 1236 880 1307 ὅπερ
899 1239 1011 1309 γὰρ
1035 1241 1101 1294 ἂν
1126 1243 1467 1314 προσάραιτο
1501 1245 1779 1317 βρώσεως,

228 1324 283 1377 οὐ
309 1323 491 1379 τέλεον
523 1328 855 1395 καταποθὲν,
908 1332 1061 1400 παρά
1105 1335 1229 1397 τοὺς
1282 1337 1511 1405 ἐμέτους
1553 1336 1783 1407 ἔφθανεν

230 1416 606 1485 ἐκκρινόμενον
625 1433 640 1447 ο
674 1418 735 1470 τὸ
759 1418 815 1471 δὲ
847 1422 976 1491 περὶ
1008 1423 1134 1486 τοὺς
1155 1425 1630 1496 ὐπηρετουμένους
1663 1429 1782 1480 ίτα-

230 1506 322 1574 μὸν
341 1508 434 1560 καὶ
464 1506 731 1579 θηριῶδες
752 1511 845 1562 τοῦ
879 1512 1107 1582 τρόπου,
1137 1516 1233 1569 καὶ
1257 1518 1355 1586 τῆς
1392 1519 1703 1589 ὑπηρεσίας¹
1720 1519 1783 1571 τὸ

224 1596 667 1666 δυσαχθέστατον,
697 1601 857 1653 ὁποῖα
889 1603 956 1656 ἀν
984 1621 1069 1667 τις
1106 1604 1252 1658 εἴποι
1281 1607 1351 1659 τὰ
1393 1607 1631 1678 φέροντα
1673 1607 1781 1662 σώ-

226 1703 395 1754 ματα;
454 1688 694 1753 Μάστιξι
741 1691 851 1762 γὰρ
884 1693 1125 1765 ἑκάστης
1155 1696 1384 1760 πολλαῖς
1434 1699 1780 1764 καταξαίνων

224 1777 390 1829 αὐτῶν
422 1778 493 1833 τὰ
526 1779 673 1833 νῶτα
697 1784 792 1834 καὶ
817 1783 914 1846 τὰς
936 1782 1164 1852 ὠλένας,
1192 1787 1343 1841 οὐδὲν
1371 1788 1481 1842 τῶν
1515 1790 1783 1859 σαρκοϐό-
1816 1770 1856 1824 Β

225 1888 326 1942 ρων
348 1871 556 1944 θηρίων
589 1873 1108 1948 φιλανθρωπότερον
1134 1878 1427 1947 ἔπραττεν,
1459 1880 1699 1950 ἐκτομὰς
1726 1880 1783 1933 δὲ

226 1963 395 2032 μελῶν
435 1965 532 2018 καὶ⁸
561 1965 858 2037 ὀφθαλμῶν
898 1968 1200 2040 πηρώσεις,
1237 1971 1330 2023 καὶ
1377 1970 1446 2024 τὰ
1492 1971 1627 2024 ἄλλα
1682 1971 1783 2024 ὅσα

222 2053 361 2109 δεινά
411 2055 774 2128 κολαστήρια,
833 2062 931 2113 καὶ¹
996 2061 1215 2129 σφαγὰς
1285 2062 1506 2127 ἀδίκους
1569 2064 1783 2135 ἀνδρῶν

223 2144 429 2210 ἀθώων,
462 2149 557 2202 καὶ
597 2152 723 2213 τοὺς
758 2151 847 2203 διὰ
874 2152 1049 2221 πυρὸς
1096 2154 1462 2224 πικροτάτους
1491 2155 1781 2221 θανάτους,

222 2239 270 2290 τί
305 2237 406 2309 χρὴ
430 2240 529 2292 καὶ
555 2239 735 2307 λέγειν
757 2256 772 2306 ;
794 2235 892 2304 υἷς
921 2242 1021 2310 μὲν
1050 2241 1385 2311 βασκαίνων,
1417 2246 1669 2316 ἀνδρείας
1691 2246 1786 2300 καὶ

220 2329 411 2400 ἀρετῆς
450 2326 510 2384 εὖ
544 2330 793 2402 ἔχουσινο
826 2327 910 2396 οἷς
958 2333 1015 2386 δέ
1067 2335 1163 2388 τοῦ
1214 2337 1530 2407 ἐκπρεποῦς
1569 2339 1662 2391 καὶ
1691 2338 1784 2391 ἐπὶ
1832 2344 1833 2347 “

219 2423 375 2475 ποσὸν
427 2423 802 2493 προηγμένοις
853 2425 950 2478 ἐπὶ
986 2428 1050 2480 τὸ
1105 2425 1412 2497 εὔχρηστον
1440 2445 1452 2458 ·
1500 2429 1631 2499 περὶ
1674 2428 1783 2500 γὰρ

219 2509 320 2564 τῶν
342 2511 442 2580 τῆς
462 2511 745 2576 εὐσεϐείας
776 2514 985 2568 εἵνεκεν
1032 2516 1262 2570 τοιαῦτα
1291 2519 1387 2571 καὶ⁸
1429 2519 1638 2572 τούτων
1668 2520 1783 2590 χεί-

222 2613 341 2668 ρονα
365 2600 703 2670 πασχόντων,
732 2603 926 2674 ἐτέρας
960 2604 1143 2675 δεήσει
1175 2608 1504 2678 συγγραφῆς
1534 2609 1627 2662 καὶ
1678 2607 1783 2679 τῆς

222 2690 524 2758 κρείττονος
552 2690 652 2761 (Ir).
788 2710 791 2713 λ
1346 2698 1349 2703 ‘

285 2786 382 2834 oa'.
437 2776 576 2836 Εἶτα
606 2780 745 2853 πρὸς
793 2782 871 2854 τῷ
911 2784 1055 2838 τέλει
1106 2786 1217 2839 τῶν
1255 2789 1442 2843 κακῶν
1471 2790 1783 2860 γενόμενος,

222 2869 313 2924 καὶ
336 2870 593 2942 πυρετῶν
617 2870 843 2942 ὀξύτησι
873 2875 966 2927 καὶ
987 2874 1290 2942 φλογώσεσι
1313 2879 1786 2950 καταπιμπράμε-

223 2977 326 3025 νος,
356 2965 459 3033 τῆς
495 2961 853 3034 ἐκδεξομένης
901 2965 1063 3018 αὐτὸν
1091 2966 1317 3037 γεέννης
1344 2968 1443 3038 τὴν
1481 2969 1658 3038 φλόγα
1683 2971 1787 3040 ἐμ-

221 3050 398 3120 φανῶς
415 3050 803 3122 προορώμενος
821 3052 1255 3123 κατωπτρίζετο,
1271 3054 1363 3107 καὶ
1383 3053 1477 3108 τοῦ
1506 3054 1784 3126 σκώληκος

217 3143 307 3197 τοῦ
335 3145 643 3215 ἀκοιμήτου
666 3144 733 3198 τὰ
757 3144 1036 3215 δήγματα,
1067 3144 1322 3199 σύντονόν
1349 3163 1404 3199 τε
1431 3148 1525 3201 καὶ
1545 3148 1787 3217 γεγωνὸς

219 3237 416 3291 ἐκϐοῶν
448 3236 869 3307 ἐνδελεχέστατα
893 3252 906 3267 ·
936 3237 1033 3307 τῆς
1052 3238 1280 3309 γεέννης
1302 3236 1474 3293 ταῦτα
1497 3237 1787 3311 προαύλια·

221 3328 470 3383 ἐντεῦθεν
500 3331 673 3401 μικρά
693 3330 791 3399 τῆς
818 3329 1079 3393 ἀσεϐείας
1118 3330 1565 3400 συναισθόμενος,
1596 3335 1695 3402 τῆς
1727 3332 1792 3385 ἐκ

219 3420 315 3491 τῆς
343 3421 481 3492 παρ’
504 3426 535 3490 ή
546 3420 664 3491 μῶν
695 3421 933 3484 πίστεως
990 3421 1162 3474 ἐδεῖτο
1221 3421 1541 3491 ἐπικουρίας
1566 3423 1661 3491 (ί)⁶
1690 3423 1791 3474 ἐπ·-

223 3511 413 3579 έτρεπέ
450 3527 510 3563 τε
559 3512 672 3574 τοῖς
698 3511 1108 3582 παρεπομένοις
1142 3511 1249 3564 τῶν
1290 3513 1508 3581 ίερέων,
1567 3514 1636 3565 τὰ
1676 3512 1788 3565 τῶν

219 3602 566 3673 Χριστιανῶν
632 3604 924 3675 προσᾴδειν
981 3604 1102 3672 ίερά
1159 3603 1566 3674 μελῳδὴματα⁸
1622 3603 1672 3655 οἱ
1730 3602 1790 3656 δέ

220 3694 491 3765 πρόθυμοι
519 3692 942 3756 ἀπαναίνεσθαι,
978 3692 1053 3755 ὡς
1088 3693 1229 3761 μήτε
1256 3693 1457 3745 εἰδέναι
1487 3692 1630 3762 μήτε
1661 3688 1792 3762 ᾆσαι

220 3783 591 3848 πώποτε,εῖτε
618 3787 737 3848 ταῖς
770 3782 1055 3854 ἀληθείαις
1080 3780 1256 3844 οὓτως
1281 3780 1524 3851 ἔχοντες,
1561 3782 1672 3834 εἴτε
1693 3781 1792 3852 τὴν

217 3877 420 3930 ἐκείνου
449 3875 917 3948 κατορῤωδοῦντες
932 3874 1190 3945 ὠμότητα
1205 3874 1297 3927 καὶ
1312 3872 1652 3943 δυσμένειαν.
1669 3872 1793 3925 Τοι-

216 3969 407 4031 αύταις
445 3966 788 4040 εὐημερίαις,
810 3967 1090 4029 τοιαύταις
1124 3963 1439 4027 εὐπαθείαις
1460 3963 1795 4035 ἑναναπαυό-

221 4076 398 4130 μενος,
429 4060 523 4129 ὑφ’
552 4054 629 4113 ὧν
656 4060 721 4130 δὴ
767 4058 1148 4126 Διοκλητιανόν
1194 4073 1254 4109 τε
1313 4056 1407 4109 καὶ
1450 4055 1795 4126 Μαξιμιανὸν

218 4150 672 4214 συντελεσθέντας
709 4148 1005 4219 ἀκούομεν,
1047 4148 1191 4202 οὕτω
1233 4148 1401 4211 κακὸς
1473 4146 1657 4211 κακῶς
1702 4149 1796 4201 καὶ

219 4239 421 4304 ἀθλίως
451 4239 844 4310 ἀπολλύμενος,
876 4239 1136 4292 καταλύει
1160 4238 1251 4293 τὸν
1281 4237 1394 4308 βίον
1416 4253 1430 4267 ·
1455 4238 1711 4309 τεθνήκει
1737 4238 1795 4291 δέ

220 4330 577 4402 πλοῖζόμενος
609 4330 857 4401 σημείοις
900 4330 1038 4382 τισὶν
1098 4329 1251 4392 ἐκτὸς
1284 4328 1386 4398 τῆς
1418 4328 1685 4398 βασιλίδος
1712 4326 1795 4379 δι-

1884 539 1990 595 tus,
2043 532 2339 599 cujusmodi
2375 534 2622 587 ulcerosa
2656 549 2883 603 corpora
2927 536 3131 603 perpeti
3162 547 3451 591 conuenta-

1883 636 2042 675 neum
2068 632 2172 689 est,
2206 624 2347 677 male
2375 640 2786 693 :erumnoseque
2808 636 2927 680 erat
2947 626 3189 683 affectus.
3227 626 3443 681 Etenim

1882 706 2138 766 nonnulla
2172 715 2410 768 membra
2445 716 2716 772 ulceribus
2749 720 2911 772 adesa
2942 729 3119 781 erant,
3152 716 3451 773 diﬂluenti-

1881 804 1982 858 bus
2012 805 2256 859 carnium
2292 808 2557 876 partibus.
2592 808 2697 864 Sed
2725 818 2780 863 et
2824 821 3082 880 perpetuo
3126 811 3279 868 furiis
3326 828 3453 880 per-

1884 896 2135 961 territus,
2195 898 2423 955 moleste
2481 909 2805 955 nocturnum
2873 911 3084 971 tempus
3143 902 3450 971 misereque

1883 988 2234 1051 traducebat,
2276 989 2569 1044 deliberata
2602 991 2829 1046 fortasse
2869 992 3097 1047 consilia
3127 994 3445 1059 demorans,

1882 1078 2010 1132 dum
2064 1080 2113 1133 ei
2176 1089 2364 1134 vexata
2429 1080 2614 1151 religio
2674 1097 2741 1137 ex
2804 1083 3031 1138 adverso
3090 1084 3444 1140 consisteret.

1883 1169 2086 1225 Omitto
2116 1172 2290 1226 victus
2321 1172 2694 1229 insuavitatem
2725 1189 2788 1228 ac
2831 1175 3216 1244 turpitudinem
3242 1193 3256 1230 :
3283 1176 3446 1244 quid-

1882 1262 2010 1332 quid
2043 1262 2185 1316 enim
2217 1264 2321 1318 cibi
2356 1277 2452 1333 per
2489 1264 2669 1319 fauces
2700 1265 3009 1333 traiecerat,
3043 1268 3093 1321 id
3127 1268 3311 1322 statim
3348 1282 3449 1322 vo-

1883 1351 2102 1406 mitibus
2148 1355 2497 1407 excernebat.
2534 1354 2776 1424 Namque
2808 1356 2950 1410 illam
2984 1358 3035 1410 in
3083 1356 3311 1411 famulos
3347 1372 3452 1412 sa:-

1884 1441 2070 1496 vitiam
2105 1456 2168 1497 ac
2217 1441 2511 1509 feritatem,
2542 1449 2705 1513 atque
2751 1445 2804 1498 in
2851 1446 3127 1515 exigendis
3173 1447 3451 1516 obsequiis

1883 1533 2265 1596 acerbitatem,
2327 1547 2574 1601 quaenam
2646 1549 2905 1602 oppressa
2969 1549 3201 1605 corpora
3268 1537 3451 1590 dicere

1884 1621 2120 1689 queant?
2150 1620 2509 1676 Caedehantur
2535 1623 2777 1693 quotidie
2812 1624 2983 1693 plagis
3017 1625 3196 1679 multis
3231 1626 3448 1680 illorqu

1886 1721 2034 1781 terga
2079 1714 2325 1782 ulna'que
2361 1731 2375 1766 :
2418 1728 2591 1782 neque
2635 1714 2766 1771 feris
2819 1717 3122 1771 carnivoris
3159 1718 3450 1772 humanius

1886 1803 1939 1857 in
1986 1817 2079 1859 eos
2110 1803 2295 1857 flebat.
2336 1802 2454 1858 Jam
2497 1806 2867 1860 membrorum
2913 1807 3453 1874 mutilationes,ocu-

1884 1890 2060 1947 lorum
2092 1894 2486 1947 excmcationes
2508 1934 2523 1959 ,
2554 1909 2617 1949 ac
2644 1888 2860 1963 reliqua
2891 1894 2942 1949 id
2983 1911 3152 1966 genus
3180 1898 3449 1952 horrenda

1884 1983 2166 2051 supplicia,
2195 1984 2515 2053 iuiquasque
2536 1985 2931 2041 immerentium
2951 1983 3229 2040 hominum
3254 1990 3448 2053 caedes,

1884 2083 1939 2127 et
1986 2074 2367 2129 acerbissimas
2420 2075 2472 2128 in
2521 2074 2754 2130 flammis
2789 2085 3021 2139 mortes,
3067 2077 3196 2146 quid
3256 2080 3452 2135 attinet

1884 2164 2180 2219 enarrare?
2203 2180 2431 2235 quorum
2468 2166 2663 2233 partim
2708 2164 3010 2223 fortitudini
3042 2166 3333 2235 virtutique
3367 2167 3450 2221 in-

1885 2255 2120 2319 videbat,
2150 2257 2342 2325 partim
2374 2256 2559 2325 gloria:
2589 2272 2653 2311 ac
2688 2256 3005 2312 dexteritati
3039 2256 3174 2327 (79).
3203 2256 3448 2326 Namque

1887 2346 1924 2399 ii
1959 2347 2071 2414 qui,
2120 2347 2395 2418 religionis
2426 2363 2625 2413 causa,
2667 2349 2782 2403 haec
2817 2358 2873 2402 et
2902 2348 3085 2418 pejora
3119 2350 3262 2418 passi
3302 2358 3451 2415 sunt,

1886 2438 2048 2491 aliam
2079 2439 2370 2507 'postulant
2415 2447 2470 2494 et
2517 2439 2736 2510 quidem
2772 2441 3088 2511 ampliorem
3136 2441 3455 2511 descriptio-

1887 2543 2008 2583 nem
2041 2527 2174 2599 (80).

1957 2800 2048 2854 71.
2087 2800 2372 2857 Postremo
2436 2816 2559 2856 cum
2606 2803 2869 2857 scelerum
2892 2817 3112 2857 suorum
3159 2802 3449 2858 terminum

1887 2890 2174 2960 attigisset,
2196 2901 2476 2945 acutarum
2514 2890 2743 2946 febrium
2774 2893 3059 2947 ardoribus
3120 2903 3448 2959 exaestuans,

1887 2980 2144 3049 gehennae
2191 2979 2455 3045 ﬂammas,
2491 2995 2610 3049 qua:
2660 2995 2718 3035 se
2755 2996 2874 3036 mox
2930 2992 3235 3051 exceptura:
3274 2994 3450 3047 erant,

1893 3071 2211 3138 praevisione
2236 3071 2724 3137 contemplabatur,
2753 3086 2818 3126 ac
2842 3072 3119 3141 pervigilis
3146 3073 3289 3127 illius
3323 3088 3447 3125 ver-

1892 3162 1994 3215 mis
2034 3175 2247 3215 morsus
2286 3163 2688 3229 praasentiebat,
2736 3177 2929 3231 graves
2968 3164 3087 3217 sine
3125 3165 3314 3231 requie
3338 3164 3455 3217 cla-

1891 3267 2069 3308 mores
2099 3253 2295 3319 edens;
2332 3268 2453 3321 qua:
2505 3264 2660 3307 erant
2693 3255 2951 3322 gehennae
2993 3256 3239 3322 quaedam
3276 3249 3452 3309 initia.

1890 3341 2024 3397 Tum
2054 3345 2264 3398 demum
2296 3345 2587 3413 impietatis
2618 3360 2727 3399 suae
2755 3360 2916 3401 sensu
2940 3347 3215 3415 paulisper
3245 3356 3450 3409 tactus,

1890 3433 2167 3502 religionis
2197 3443 2391 3487 nostrze
2428 3434 2734 3504 adiumenta
2775 3438 3031 3503 petebat;
3065 3448 3117 3489 et
3142 3435 3457 3490 comitanti-

1895 3525 1994 3579 bus
2020 3540 2077 3580 se
2107 3524 2481 3579 sacerdotibus
2528 3539 2722 3579 sacros
2754 3524 3188 3580 Christianorum
3226 3526 3459 3597 hymnos

1894 3630 2090 3669 canere
2143 3615 2482 3669 mandabat:
2528 3615 2849 3691 quidamcn
2903 3615 3051 3669 illico
3107 3621 3455 3678 recusabant,

1893 3717 2166 3771 nunquam
2202 3718 2260 3756 se
2285 3717 2481 3761 canere
2509 3703 2702 3756 solitos
2741 3704 2974 3763 aientes.
3022 3704 3137 3757 sive
3166 3719 3251 3757 res
3278 3704 3349 3756 ita
3398 3717 3460 3758 se

1895 3794 2136 3857 haberet,
2168 3793 2282 3847 sive
2335 3793 2460 3861 quia
2500 3794 2642 3848 illius
2683 3795 3138 3847 exhorrescerent
3165 3793 3457 3847 crudelita-

1896 3894 2003 3939 tem
2039 3893 2095 3937 et
2142 3885 2499 3939 iracundiam.
2556 3884 2612 3937 ln
2648 3885 2735 3938 his
2765 3901 2894 3952 ergo
2923 3885 3196 3954 tantisque
3251 3885 3459 3938 deliciis

1895 3974 2243 4037 constitutus,
2297 3973 2494 4041 quibus
2528 3975 2691 4027 etiam
2748 3973 3138 4027 Diocletianum
3177 3990 3239 4028 ac
3287 3974 3459 4027 Maxi-

1897 4067 2138 4120 mianttm
2197 4064 2520 4118 immortuos
2549 4064 2880 4133 accepimus,
2915 4063 3086 4117 malus
3127 4066 3288 4118 homo
3319 4066 3460 4119 male

1894 4165 2057 4225 atque
2105 4153 2397 4208 infeliciter
2428 4154 2664 4222 periens,
2712 4152 2835 4206 vita:
2885 4152 3046 4206 tinem
3111 4163 3303 4206 nactus
3350 4162 3456 4207 est.

1893 4246 2137 4301 Mortuus
2165 4254 2249 4301 est
2285 4253 2465 4298 autem
2525 4244 2788 4314 navigans
2839 4244 3043 4311 aliquot
3081 4254 3236 4297 extra
3269 4246 3456 4298 urbem

1898 4354 2151 4409 passuum
2204 4334 2462 4403 millibus,
2495 4336 2620 4390 dum
2667 4352 2698 4391 e
2751 4335 2998 4390 Thraciae
3030 4336 3339 4405 regionibus
3371 4351 3460 4391 re-

218 4424 429 4494 έχουσι,
450 4423 560 4477 τῶν
578 4425 641 4476 ἐκ
661 4422 760 4489 τῆς
785 4423 1005 4494 Θρᾴκης
1028 4421 1241 4493 χωρίων
1265 4420 1620 4484 παλινοστῶν,
1636 4424 1692 4473 ἐν
1715 4414 1787 4481 οἶς

1903 4435 2226 4489 verteretur,
2278 4425 2329 4478 iu
2388 4425 2733 4491 quibuscum
2776 4425 3020 4478 exercitu
3077 4424 3269 4478 fuerat.
3327 4421 3460 4477 Nam

219 4513 605 4584 ἐκστρατεύων
628 4514 889 4584 ἐτύγχανε
911 4528 924 4543 ⁸
950 4514 1021 4584 γῆ
1059 4513 1168 4582 γὰρ
1191 4515 1225 4583 ἠ
1252 4513 1471 4565 πάντων
1495 4512 1679 4583 μήτηρ
1700 4509 1787 4562 τὸν

1900 4527 2043 4570 terra
2077 4516 2319 4570 omnium
2356 4524 2531 4568 mater
2582 4514 2909 4569 homicidam
2965 4514 3130 4578 hunc,
3167 4514 3258 4583 qui
3287 4516 3459 4583 ipsam

223 4609 533 4678 μιαιφόνον,
576 4606 803 4676 αἴμασιν
851 4605 1021 4672 αὑτὴν
1061 4600 1259 4665 ἀθώοις
1297 4601 1652 4671 ἐκπλήσαντα
1701 4600 1787 4652 καῖ

1896 4607 2143 4661 innocuis
2200 4606 2557 4675 sanguinibus
2632 4607 2990 4660 inundaverat
3052 4624 3115 4662 ac
3178 4608 3460 4677 polluerat,

225 4699 575 4766 μολύναντα,
637 4697 722 4766 ἐφ’
772 4698 972 4765 ἑαυτῆς
1021 4693 1276 4764 θνήσκειν
1325 4692 1386 4744 οὐ
1443 4690 1787 4761 παρεδέξατο.

1895 4694 2036 4764 apud
2065 4710 2123 4749 se
2146 4697 2278 4748 mori
2301 4707 2520 4786 non.est
2542 4711 2722 4765 passa.
2750 4697 2933 4763 Quam.
2952 4708 3079 4753 sunt
3116 4714 3246 4768 ergo
3279 4714 3461 4768 repre-

219 4789 389 4852 Ποίας
422 4784 517 4851 οὖν
542 4787 651 4857 ἄρα
676 4785 1010 4856 κατηγορίας
1034 4785 1131 4838 καὶ
1171 4782 1510 4852 ταλανισμού
1553 4782 1653 4835 οὐκ
1683 4778 1787 4836 εἷεν

1903 4786 2173 4840 hcndendi
2203 4802 2268 4840 ac
2308 4778 2517 4853 miscri,
2539 4789 2628 4856 qui
2653 4789 2966 4859 insipienter
2992 4791 3139 4843 illum
3171 4792 3465 4858 prmdieare

215 4879 384 4943 ἄξιοι,
416 4879 467 4931 oi.
504 4879 714 4930 ἐκεῖνον
772 4874 1097 4947 μακαρίζειν
1127 4874 1372 4942 ἀνοήτως
1410 4872 1511 4926 οὐκ
1543 4872 1787 4942 αἰσχυνό·

1896 4878 2112 4949 beatum
2146 4892 2250 4933 nou
2283 4880 2646 4935 erubescuntl
2682 4879 2749 4934 Et
2783 4882 3001 4950 quidem
3032 4884 3155 4935 vitae
3190 4882 3305 4950 ejus
3326 4893 3466 4937 tem-

219 4985 378 5038 μενοι
409 4969 422 5020 l
467 4965 526 5020 '0
554 4967 610 5020 δὲ
641 4967 740 5036 τῆς
799 4965 945 5033 ζωῆς
995 4963 1161 5017 αὑτοῦ
1196 4964 1304 5025 πᾶς
1359 4962 1546 5032 χρόνος
1586 4963 1686 5015 οὐκ
1716 4962 1787 5024 είς

1898 4985 1998 5038 pus
2040 4985 2146 5023 non
2195 4971 2481 5025 admodum
2535 4973 2802 5041 prolixum
2858 4976 2994 5042 fuit;
3048 4986 3248 5031 etenim
3290 4990 3465 5029 annos

221 5058 442 5130 μακρόν
479 5076 532 5111 τι
570 5059 713 5112 πάνυ
748 5058 1033 5126 διήλασεν·
1080 5059 1141 5109 οὐ
1175 5055 1387 5108 πλείοσι
1422 5054 1531 5126 γὰρ
1577 5055 1609 5125 ἢ
1653 5053 1787 5108 ὀκτὼ

1899 5059 2043 5113 haud
2070 5059 2190 5128 plus
2220 5077 2349 5116 mn
2386 5074 2566 5129 natus,
2593 5066 2830 5118 animam
2858 5067 3089 5119 simulet
3121 5081 3318 5135 corpus
3346 5084 3469 5135 per-

215 5151 358 5220 πρὸς
397 5151 509 5212 τοῖς
540 5150 880 5219 πεντήκοντα
898 5142 1066 5199 Ἔτεσι
1114 5145 1262 5216 βιοὺς
1282 5145 1370 5217 (j),
1406 5144 1554 5217 ψυχῇ
1595 5161 1654 5197 τε
1703 5144 1787 5198 καὶ

1899 5151 2073 5218 didit;
2111 5159 2166 5205 et
2198 5152 2297 5207 hos
2332 5152 2499 5223 ipsos,
2558 5155 2666 5210 Deo
2705 5155 2865 5225 138
2912 5159 3280 5224 permittente,
3316 5158 3460 5211 haud

287 5330 371 5404 (Ιι)
409 5329 966 5404 MorumCopronymi
1000 5341 1365 5404 portentosaui
1403 5332 1790 5404 impuritatem,

211 5401 463 5472 itemque
502 5402 1041 5472 saevitiam,inarraut
1070 5401 1286 5472 passim
1313 5402 1594 5472 Byzantini
1627 5403 1794 5456 lnsao—

215 5470 342 5534 rici,
376 5478 541 5532 atque
574 5471 626 5523 in
660 5470 744 5523 bis
768 5471 1047 5524 Cedreuus
1081 5481 1211 5525 tom.
1242 5471 1340 5525 cit.

290 5540 373 5610 (i)_
413 5535 595 5590 Dirqu
634 5539 963 5610 Copronymi
1016 5540 1225 5594 obitqu
1251 5578 1266 5599 ,
1319 5554 1460 5592 anno
1483 5538 1692 5606 imperii
1724 5538 1794 5592 55

212 5608 578 5683 ejusdemque
618 5608 896 5683 morientis
944 5610 1539 5683 serant__ptlenitentiatn
1564 5648 1580 5674 ,
1618 5611 1794 5683 legere

212 5677 348 5734 licet
374 5676 516 5745 apud
539 5676 857 5743 Cedrenum,
888 5693 940 5748 p.
973 5677 1231 5733 467-468.

1900 5404 1913 5417 υ
1971 5335 2037 5405 (j)
2078 5335 2338 5417 'ltiostuus
2389 5331 2765 5403 Copronymus
2822 5349 2963 5387 anno
3007 5334 3182 5389 aetatis
3228 5350 3338 5389 sua:
3373 5334 3462 5397 58.

1899 5405 2110 5471 imperii
2141 5405 2229 5459 55.

1973 5473 2095 5545 (79),
2141 5475 2216 5545 lle
2273 5470 2459 5545 aulicis
2508 5472 2841 5545 proceribus
2875 5491 2903 5524 a
2958 5475 3297 5545 Cuprouymo
3349 5475 3464 5529 neci

1900 5540 2129 5597 addictis
2156 5542 2493 5601 Nicephorus
2523 5542 2575 5593 in
2607 5540 2883 5595 Breviario
2921 5547 2985 5597 nd
3019 5540 3108 5599 an.
3138 5540 3262 5602 766.

1971 5612 2082 5681 (80)
2119 5610 2260 5666 Idem
2297 5609 2628 5679 Nicephorus
2658 5626 2743 5679 up.
2777 5613 2870 5667 cit.
2903 5620 2968 5669 ad
3004 5630 3088 5669 an.
3128 5614 3253 5671 765.

3488 3546 3517 3561 ν
