3918 6144
345 301 348 304 ’
401 301 502 364 507
1423 306 1484 366 S.
1527 305 1892 367 NICEPHOI

2149 308 2492 369 RIARCHFE
2531 311 2640 371 (ΣΡ.
2729 311 2737 317 ’
3578 311 3696 375 508

404 414 636 468 feliciter
654 412 856 482 exegit,
884 412 1008 482 quia
1039 412 1239 467 divinis
1267 412 1549 470 beneﬁciis
1574 417 1674 470 fuit
1703 419 1951 488 indignus

2149 420 2299 491 lpum
2331 418 2560 489 τέθνηκε
2607 435 2622 450 ’
2659 416 2756 470 καὶ
2793 413 2935 471 αύτά
2989 432 3056 485 γε
3111 416 3299 486 ταῦτα,
3344 416 3489 470 Θεοῦ
3540 436 3696 491 συγτ

404 508 524 574 Vel,
563 516 619 560 ut
651 507 823 577 magis
871 507 1089 575 proprie
1137 507 1405 570 dicamus,
1466 508 1576 561 Deo
1609 518 1820 579 tempus
1849 526 1949 580 pro

2152 490 2458 583 ipﬂaawoc,
2508 512 2611 564 οὐκ
2659 510 3055 581 εύδοκήσαντος
3085 526 3102 542 ο
3148 510 3370 574 ἀνάξιος
3413 511 3529 583 γὰρ

406 602 639 663 ferente,
665 601 920 669 justeque
970 599 1314 663 consulente,
1363 609 1422 653 ιιι
1452 599 1539 653 hic
1569 599 1731 653 etiam
1756 618 1953 657 suorun

2151 601 2242 670 ιρὰ
2269 599 2405 654 Θεοῦ
2437 598 2757 671 εὐεργεσίας
2784 614 2797 629 ⁸
2825 599 2857 669 ἢ
2892 599 3123 652 οίκειότε
3136 615 3226 668 ρον
3269 599 3471 663 εἰπεῖν,
3542 602 3698 654 ἀνα-

328 744 333 747 ,
408 691 708 745 facinorum
739 704 927 758 pcenas
973 691 1169 759 partim
1226 692 1556 759 degustaret,
1616 707 1849 761 moxque

2154 693 2418 761 ,λλομένου
2475 691 2568 744 τὸν
2613 692 2807 761 χρόνον
2858 691 2955 744 καὶ
3009 691 3177 754 ἀξίως
3207 689 3561 760 δικάζοντος,
3602 693 3701 746 ἵνα

407 788 527 840 sine
561 787 818 855 gravibus
846 784 1122 841 doloribus
1159 785 1529 853 turpissimam
1566 784 1731 839 vitam
1760 788 1951 843 abrum

2145 782 2367 838 ιεθταῦθα
2419 782 2527 835 τῶν
2572 783 2995 853 τετολμημένων
3044 783 3171 835 ὅσον
3242 783 3692 851 ἀπογεύσασθαι

409 887 581 943 peret.
636 887 823 945 parata
883 878 985 931 sibi
1037 893 1066 931 a
1120 879 1298 932 divina
1348 879 1557 934 ultione
1621 880 1890 949 supplicia
1930 881 1956 934 il

2158 891 2241 937 ιας
2285 875 2777 944 εἰσπραττόμενος,
2827 872 3047 942 πικρῶς
3107 873 3205 925 καὶ
3259 872 3544 945 ὀδυνηρῶς
3588 875 3705 944 τὴν

408 978 685 1036 posterum
719 968 1044 1021 immortalia
1073 980 1128 1023 et
1153 971 1269 1024 sine
1298 971 1405 1025 line
1440 972 1607 1027 miser
1642 983 1955 1043 recepturus

2155 965 2373 1036 σχίστην
2397 963 2681 1037 ἀπορρήξῃ
2710 963 2874 1035 ζωὴν,
2904 963 2974 1016 τὰ
2999 960 3485 1036 τεθησαυρισμένα
3523 964 3702 1035 αὐτῷ

332 1068 336 1070 ⁷
409 1061 719 1114 acerbiores
748 1061 960 1115 scilicet
1009 1076 1073 1115 ac
1105 1062 1499 1129 diuturniores,
1534 1079 1656 1120 cum
1687 1076 1841 1134 patre

2151 1056 2241 1125 ιρὰ
2266 1057 2362 1127 τῆς
2393 1056 2539 1119 θείας
2565 1056 2722 1127 δίκης
2751 1055 3171 1125 ἀποληψόμενος
3200 1056 3259 1107 ὲν
3291 1055 3369 1124 τῷ
3414 1056 3698 1124 μέλλοντι

409 1164 687 1220 poenaeque
723 1152 1027 1219 cohaerede,
1064 1153 1116 1206 in
1143 1153 1388 1222 gebemia
1436 1157 1713 1212 cruciatus
1735 1214 1740 1219 _
1766 1171 1956 1225 perpes

2151 1147 2329 1199 εάνατα
2354 1145 2450 1198 καὶ
2472 1145 2752 1216 ἀπέραντα
2788 1147 2816 1198 ὁ
2844 1144 3105 1213 δύστηνος
3141 1143 3648 1215 κολασθησόμενος
3683 1160 3698 1173 ⁸

408 1256 588 1298 surus.
2090 1236 2418 1308 πικροτέρας
2446 1235 2597 1306 αὐτῷ
2622 1235 2716 1289 καὶ
2742 1235 3088 1305 μακροτέρας
3121 1232 3237 1302 ἃμα
3260 1233 3549 1304 τῷδπατρῖ
3590 1234 3705 1287 καὶ

2090 1327 2515 1398 συγκληρονόμῳ
2542 1326 2729 1390 αὑτοῦ,
2783 1325 3082 1396 θεοκρῐτως
3126 1327 3189 1378 ἐν
3218 1327 3283 1397 τῇ
3315 1325 3512 1397 γεέννῃ
3578 1325 3703 1396 τῆς

2088 1419 2359 1490 τιμωρίας
2393 1417 2831 1488 ἐτοιμασθείσης.

483 1527 571 1582 72.
608 1525 756 1593 Quas
784 1540 916 1582 vero
940 1527 1258 1598 contingunt
1305 1527 1421 1598 ejus
1453 1532 1735 1600 victorias,
1772 1549 1849 1592 ea:
1880 1537 1983 1591 bn-

2160 1526 2259 1600 οβ’.
2300 1530 2398 1592 Ἀς
2434 1528 2490 1581 δὲ
2550 1526 2976 1581 ἐπιπλάττουσιν
3019 1527 3170 1597 αὐτῷ
3204 1526 3382 1591 νίκας,
3418 1525 3701 1581 τοιαῦταί

406 1618 646 1688 jusmodi
710 1628 857 1684 sunt,
907 1630 962 1674 et
1016 1635 1177 1675 unam
1209 1637 1243 1677 e
1285 1624 1541 1679 maximis
1599 1639 1953 1684 memoremus

2149 1620 2233 1685 νές
2270 1622 2431 1682 εἰσιν,
2464 1617 2554 1673 ἵνα
2602 1619 2734 1689 μιᾶς
2788 1617 2897 1670 τῶν
2948 1618 3261 1687 κρατίστων
3308 1617 3696 1688 ἐπιμνησθῶ-

412 1712 704 1781 Postquam
736 1712 1137 1781 eipeditionet’u
1172 1715 1413 1783 suscepit
1443 1717 1706 1773 adversus
1727 1720 1959 1776 occident

2154 1728 2195 1765 εν
2213 1710 2311 1781 (lt).
2341 1710 2560 1782 Ἐπειδὴ
2589 1709 3009 1781 παρεσκεύαστο
3029 1709 3091 1763 τὸ
3118 1707 3259 1779 πρὸς
3281 1709 3520 1778 δυσμαῖς
3544 1710 3701 1777 ἡμῖν

412 1804 575 1857 talem
626 1804 782 1858 noois
819 1802 1137 1873 Scythicum
1190 1806 1445 1875 pupulum
1479 1808 1617 1878 (8t),
1671 1811 1959 1865 universun

2152 1799 2398 1870 ιιισμένον
2426 1799 2691 1853 Σκυθικὸν
2721 1799 2877 1863 ἐθνος
2925 1800 3262 1871 ἀμύνασθαι,
3327 1801 3699 1870 συναθροίζει

410 1911 567 1949 suum
605 1897 880 1949 contraxit
911 1898 1011 1949 sub
1039 1895 1190 1963 signa
1219 1897 1548 1961 exercitum,
1583 1902 1957 1970 commissoqu

2153 1911 2157 1960 ι
2188 1890 2334 1944 ἅπαν
2362 1889 2424 1944 τὸ
2451 1890 2541 1946 ὑπ’
2564 1888 2713 1960 αύτῷ
2747 1890 3063 1961 στράτευμα
3085 1907 3099 1923 ·
3129 1892 3210 1955 εἰς
3239 1891 3429 1960 χεῖράς
3468 1907 3528 1943 τε
3564 1893 3700 1954 τοῖς

411 2001 532 2039 cum
576 1985 823 2040 hostibus
855 1984 1066 2054 pradio,
1092 2001 1253 2055 quam
1283 1986 1411 2041 felix
1440 1988 1601 2061 fuerit
1633 1990 1754 2046 belli
1786 1993 1958 2049 exitus

2149 1981 2375 2052 ›λεμίοις
2406 1980 2519 2049 ἰὼν,
2568 1983 2752 2035 ὁποῖον
2789 1981 2939 2053 αὐτῷ
2986 1983 3049 2036 τὸ
3092 1982 3189 2036 τοῦ
3222 1982 3464 2052 πολέμου
3512 1981 3696 2046 τέλος

410 2076 623 2145 publica
659 2086 784 2130 sunt
827 2077 1161 2132 testimonia.
1200 2078 1333 2133 Nam
1358 2096 1530 2150 usque
1571 2085 1639 2136 ad
1674 2084 1815 2139 hanc
1843 2085 1957 2140 dien

2149 2070 2447 2142 ιτώρθωτο,
2483 2073 2756 2142 μαρτυρεῖ
2786 2070 2855 2124 τὰ
2876 2070 3177 2142 φαινόμενα
3198 2088 3211 2101 ·
3246 2071 3409 2142 μέχρι
3437 2072 3552 2142 γὰρ
3585 2072 3696 2125 καὶ

411 2171 556 2222 circa
584 2168 902 2222 Anchialum
923 2169 1037 2240 (8‘2)
1072 2170 1287 2237 urbem,
1316 2170 1486 2227 valles
1507 2175 1794 2244 campique
1817 2178 1958 2234 inter

2145 2166 2335 2237 ἣμερον
2366 2162 2435 2217 τὰ
2463 2163 2622 2217 κατᾶ
2639 2165 2737 2234 τὴν
2777 2162 3066 2233 Ἀγχίαλον
3093 2163 3445 2233 καλουμένην
3493 2163 3692 2228 πόλιν,

415 2260 679 2315 fectorum
736 2263 975 2315 membra
1047 2262 1448 2318 demonstrant.
1520 2264 1654 2319 Nam
1720 2265 1958 2339 Scythici

2151 2254 2248 2307 ιῖλα
2271 2255 2366 2306 καὶ
2391 2253 2692 2322 πεδιάσιμα
2715 2254 2915 2323 χωρία,
2953 2252 2991 2307 ἃ
3045 2252 3156 2306 τῶν
3208 2252 3586 2325 ἀνῃρημένων
3619 2253 3698 2307 τὰ

414 2350 608 2421 gladiis
643 2361 872 2405 cunctus
903 2368 1040 2421 pene
1098 2352 1462 2408 Romanorum
1493 2357 1766 2412 exercitus
1803 2361 1959 2414 conci

2153 2345 2244 2397 ὒλα
2273 2342 2490 2409 ἐδέξατο
2508 2342 2889 2397 ὑποδείκνυσιν
2911 2358 2924 2374 °
2951 2341 3113 2413 ἔργον
3138 2343 3250 2412 γὰρ
3272 2341 3374 2412 τῆς
3399 2341 3700 2412 Σκυθικῆς

416 2456 508 2494 sus
536 2438 657 2493 fuit.
711 2438 868 2505 Quod
903 2441 949 2495 si
1003 2442 1261 2511 exiguum
1317 2444 1538 2512 aliquod
1594 2461 1694 2502 nec
1726 2450 1959 2519 graviori

2151 2434 2395 2505 ιχαίρας,
2424 2432 2593 2485 ιᾶπαν
2625 2430 2814 2502 σχεδὸν
2865 2431 2928 2486 τὸ
2952 2432 3088 2486 ’τῶν
3126 2429 3417 2502 Ῥωμαίων
3448 2431 3698 2500 ἐγένετο

418 2531 578 2598 plane
613 2532 872 2586 momenti
906 2532 1039 2601 egit,
1073 2533 1124 2586 id
1148 2533 1368 2601 quidem
1411 2535 1640 2606 legimus
1669 2539 1722 2593 in
1755 2541 1874 2609 ejus
1909 2542 1965 2595 lil

2151 2528 2439 2597 τράτευμα.
2460 2526 2531 2580 Εἰ
2560 2526 2616 2579 δέ
2654 2541 2709 2578 τι
2744 2525 2943 2596 μικρὸν
2969 2524 3066 2577 καὶ
3096 2525 3159 2576 οὐ
3198 2525 3340 2578 πάνυ
3390 2524 3698 2593 ἀξιόλογον

340 2694 349 2697 _
419 2624 547 2678 teris
581 2624 647 2677 ad
710 2623 872 2692 regite
907 2624 1059 2677 urbis
1117 2625 1322 2679 incolas
1367 2628 1628 2697 scriptis;
1677 2630 1730 2685 in
1795 2632 1885 2701 qui

2159 2635 2310 2690 ρασε,
2349 2617 2493 2672 καθά
2520 2634 2585 2687 γε
2625 2619 2760 2687 ἡμῖν
2795 2617 2861 2670 ἐκ
2908 2615 3019 2670 τῶν
3068 2616 3477 2687 γεγραμμένων
3529 2615 3701 2688 αὐτῷ

418 2715 571 2768 valde
598 2728 659 2768 se
703 2712 874 2783 jactdt
916 2714 1003 2767 hic
1045 2717 1317 2770 mendacii
1374 2718 1612 2773 famulus
1658 2731 1715 2775 et
1769 2723 1965 2778 sodalis

2151 2710 2234 2780 οὺς
2275 2709 2404 2773 τοὺς
2459 2708 2879 2779 ἐνηυλισμένους
2926 2706 3071 2761 κατὰ
3098 2707 3198 2778 τὴν
3259 2707 3698 2777 βασιλεύουσαν,

419 2805 644 2858 multum
676 2819 895 2873 quoque
928 2804 1021 2858 Dei
1074 2805 1259 2863 odium
1306 2809 1535 2864 inllnitis
1568 2810 1897 2879 juramentis
1928 2830 1966 2866 ai

2156 2802 2525 2870 ναλεξαμένοις
2555 2800 2826 2869 ἔγνωσται
2848 2816 2863 2831 ο
2892 2801 2952 2853 ἐν
2981 2794 3064 2863 οἷς
3105 2799 3278 2853 πολλὰ
3311 2802 3703 2870 κατακομπά-

420 2895 700 2950 Creatoris
734 2896 1118 2950 contumeliam
1176 2897 1429 2966 prolatis,
1463 2914 1577 2969 prce
1604 2916 1663 2956 se
1698 2903 1835 2969 fert;
1870 2919 1967 2959 eun

2155 2911 2194 2958 ις
2229 2897 2257 2948 ὁ
2289 2894 2384 2947 τοῦ
2416 2893 2645 2963 ψεύδους
2675 2891 2957 2961 ὑπηρέτης
2992 2891 3086 2944 καὶ
3124 2888 3445 2960 σύντροφος,
3478 2889 3702 2962 πολλὴν

419 2987 673 3040 videlicet
702 2997 914 3057 gentem
944 2987 1092 3042 illam
1142 2989 1403 3045 adversus
1457 2992 1624 3048 duces
1657 3008 1787 3050 suos
1822 2997 1966 3050 rebel

2185 2986 2286 3057 τὴν
2333 2985 2634 3055 θεομαχὶαν
2684 2986 2751 3038 ὲκ
2804 2985 2901 3054 τῆς
2945 2982 3177 3054 ἀπείρου
3224 2982 3556 3053 πολυορκίας
3604 2986 3702 3054 ἐφ’

420 3077 621 3131 lantem
681 3080 1037 3148 deprehendit
1087 3080 1364 3152 (namque
1402 3082 1508 3139 hoc
1582 3099 1725 3155 saape
1789 3087 1967 3143 faciun

2157 3077 2258 3149 ipsi.
2288 3078 2382 3130 τοῦ
2406 3078 2711 3140 Κτίσαντος
2758 3073 3192 3147 προϐαλόμενος,
3221 3075 3385 3142 ἡνίκα
3423 3074 3490 3127 τὸ
3533 3074 3704 3140 ἔθνος

420 3166 662 3239 Scythae,
696 3179 881 3237 utpote
903 3171 1193 3227 barbarico
1228 3190 1379 3229 more
1438 3176 1654 3242 imbuti,
1683 3187 1741 3232 et
1776 3180 1910 3234 duas
1942 3180 1967 3233 ἰι

2149 3169 2230 3239 sp!
2258 3169 2387 3233 τοὺς
2407 3168 2643 3241 οἰκείους
2678 3165 2954 3237 ἡγεμόνας
2981 3165 3367 3226 διαστασιάζον
3389 3165 3696 3219 κατέλαϐε·

422 3270 607 3328 partes
657 3259 975 3329 plerumque
999 3261 1181 3328 divisi,
1216 3262 1261 3316 si
1297 3263 1436 3317 forte
1477 3264 1599 3319 illos
1632 3266 1966 3322 voluntatibu

2154 3262 2195 3315 tl.
2224 3261 2333 3332 γὰρ
2369 3260 2531 3315 τοῦτο
2585 3257 2851 3321 πολλάκις
2881 3259 3057 3310 ποιεῖν
3089 3257 3274 3319 αὐτοῖς
3312 3256 3562 3320 εὐπετὲς.
3594 3258 3701 3311 ἅτε

422 3350 537 3405 suis
593 3350 925 3406 obsistentes
969 3353 1390 3423 cognoverint).
1445 3355 1576 3421 Quae
1632 3359 1828 3413 seditio
1872 3370 1965 3415 tun

2154 3353 2458 3425 ιρϐαρικοῖς
2515 3352 2704 3424 ἠθεσιν
2749 3348 3191 3421 ἐντρεφομένοις,
3247 3349 3346 3402 καὶ
3399 3348 3525 3419 διχῆ
3572 3351 3701 3411 τοῖς

422 3442 620 3495 accidit
673 3458 795 3497 cum
854 3443 1109 3498 dominus
1176 3444 1397 3499 illorum
1451 3443 1710 3514 Sabinus,
1767 3451 1833 3503 ad
1888 3449 1969 3504 Ro

2153 3445 2329 3512 έρεσιν
2354 3443 2431 3506 ὠς
2462 3442 2531 3496 τὰ
2564 3441 2735 3495 πολλὰ
2756 3440 3182 3510 διαιρουμένοις,
3205 3440 3333 3493 ὅταν
3353 3438 3536 3492 αὐτῶν
3565 3441 3700 3502 ταῖς

376 3529 612 3613 _manos
646 3532 908 3601 profugus
969 3533 1169 3589 defecit
1196 3533 1330 3605 (83).
1391 3534 1545 3590 Tunc
1594 3537 1760 3605 igitur
1823 3554 1923 3610 gen

2151 3533 2322 3598 >υλαῖς
2371 3530 2939 3601 ἀντικαθισταμένους
2966 3529 3149 3583 ἴδωσιν
3170 3546 3184 3561 ⁸
3214 3529 3243 3582 ὁ
3292 3529 3358 3600 δὴ
3414 3529 3511 3582 καὶ
3536 3547 3698 3599 τηνι-

422 3622 583 3679 civile
616 3623 903 3680 dissidium
941 3633 995 3680 et
1050 3624 1267 3692 seditio,
1324 3626 1540 3681 brevem
1593 3628 1858 3686 Mamonm
1924 3649 1969 3687 re

2144 3625 2280 3679 αὕτα
2331 3627 2361 3678 ὁ
2392 3625 2601 3678 τούτων
2630 3623 2822 3695 κύριος
2873 3621 3367 3691 ἐπιϐουλευόμενος
3420 3621 3691 3684 πέπονθε,

424 3715 563 3771 bene
632 3718 882 3787 gerendae
952 3718 1295 3773 occasionem
1359 3718 1526 3775 dedit.
1594 3721 1816 3776 Interim
1876 3738 1968 3776 ver

2150 3713 2330 3777 αϐἰνος
2359 3714 2420 3785 (ί)
2448 3713 2620 3785 ὄνομα
2656 3709 2724 3783 ἦν
2776 3711 2945 3783 αὐτῷ,
2997 3713 3095 3765 καὶ
3142 3711 3319 3780 φυγὰς
3368 3711 3506 3781 πρὸς
3554 3709 3697 3764 Ῥω-

424 3808 782 3865 Orientalium
822 3809 1187 3865 Barbarorum
1221 3810 1303 3865 vel
1326 3812 1497 3865 solam
1535 3813 1870 3867 mentionem
1921 3829 1971 3868 re

2150 3804 2300 3868 αίους
2331 3804 2603 3874 ἁπῴχετο.
2652 3805 2789 3857 Τότε
2836 3803 2930 3857 οὖν
2971 3801 3122 3874 αὐτῷ
3152 3804 3186 3874 ἡ
3218 3801 3315 3855 τοῦ
3339 3802 3527 3866 ἔθνους
3560 3803 3693 3856 καθ’

427 3900 786 3968 formidabat;
849 3903 924 3957 ita
984 3912 1044 3956 ut
1097 3902 1150 3956 in
1206 3903 1475 3957 concione
1526 3902 1752 3966 dixerit,
1809 3918 1868 3957 se
1900 3919 1974 3956 nni

2151 3897 2267 3950 ιυτὺ
2295 3896 2532 3966 διαφορὰ
2552 3892 2653 3950 καὶ
2683 3897 2897 3961 στάσις,
2933 3894 3079 3949 κατὰ
3104 3893 3278 3966 βραχὺ
3311 3891 3444 3962 γοῦν
3476 3892 3698 3946 εὐδοκι-

425 3993 627 4047 andere
678 3992 765 4047 vel
824 4002 1015 4047 contra
1048 4009 1250 4063 paucos
1299 3993 1516 4048 illorum
1567 4010 1690 4048 cum
1750 3995 1970 4049 univers

2153 3988 2282 4059 ἧσαι
2319 3980 2664 4058 παρέσχετόο
2718 3988 2844 4049 τοὺς
2899 3985 2955 4039 δέ
3007 3987 3145 4055 πρὸς
3197 3985 3351 4056 ἥλιον
3399 3984 3700 4054 ἀνίσχοντα

424 4084 663 4137 exercitu
723 4098 822 4138 suo
870 4098 1100 4153 pugnam
1139 4098 1452 4139 conserere.
1513 4082 1621 4139 Sed
1680 4100 1802 4138 cum
1863 4101 1966 4153 apu

2149 4078 2421 4151 αρϐάρους
2465 4079 2560 4133 καὶ
2604 4080 2684 4142 εἰς
2713 4080 2938 4149 μνήμην
2979 4077 3161 4141 ἰόντας
3191 4076 3384 4131 ἐδεδίει
3418 4078 3696 4147 μάλιστα’

427 4174 574 4242 ipsos
624 4190 776 4230 more
834 4176 999 4230 solito
1050 4176 1227 4229 civilis
1273 4185 1580 4229 commotus
1637 4183 1721 4229 est
1771 4175 1974 4244 gladius

2154 4190 2185 4236 ις
2225 4173 2321 4225 καὶ
2344 4172 2431 4225 ἐπ’
2466 4170 2770 4239 ἐκκλησίας
2823 4171 3147 4242 κηρύσσειν,
3184 4168 3261 4240 μὴ
3308 4169 3537 4241 θαρρεῖν
3568 4172 3701 4224 κατ’

432 4267 749 4336 ferrumque
775 4267 841 4322 de
859 4267 1094 4337 partium
1134 4267 1447 4320 diversitate
1470 4266 1814 4329 decernebat,
1848 4275 1974 4336 atqu

2155 4265 2324 4333 ιίγους
2354 4265 2558 4326 αὐτῶν,
2589 4263 2666 4334 τῷ
2698 4263 2790 4317 ὑπ’
2837 4263 2989 4333 αὐτῷ
3032 4263 3149 4333 ἅμα
3194 4261 3360 4315 παντὶ
3401 4260 3702 4330 ὁπλιτικῷ,

432 4359 484 4412 in
522 4369 766 4413 mutuum
820 4358 1052 4413 ruebant
1127 4357 1380 4423 exitium,
1449 4356 1759 4410 latrocinali
1820 4359 1979 4427 potiu:

2155 4360 2193 4421 ἱς
2213 4355 2410 4410 ταυτὸν
2442 4355 2623 4426 μάχης
2667 4354 2803 4408 ἰέναι
2834 4352 3055 4406 πώποτε
3076 4368 3092 4383 ο
3134 4352 3340 4406 ὁπόταν
3366 4351 3424 4404 δέ
3466 4351 3702 4412 αὐτοὺς,

431 4466 593 4517 quam
629 4450 852 4504 militari
901 4464 1053 4504 more
1103 4466 1202 4506 ceu
1237 4449 1546 4519 incognitus
1592 4449 1842 4503 Armenae
1882 4465 1978 4518 pro

2158 4447 2253 4502 5τω
2278 4447 2620 4517 συνενεχθὲν.
2639 4446 2906 4518 ἐμφύλιος
2932 4445 3151 4499 διέλαϐε
3196 4444 3463 4515 μάχαιρα,
3500 4444 3597 4496 κο.)⁵
3625 4442 3705 4495 σί-

433 4541 643 4595 vincias
686 4541 967 4606 invadens,
1017 4541 1236 4596 castella
1294 4540 1403 4594 illic
1438 4540 1585 4609 cepit
1612 4540 1975 4595 consentienti

2154 4556 2279 4610 ηρος
2310 4534 2377 4609 ἦν
2408 4540 2436 4590 ὁ
2455 4536 2695 4602 δικάζων
2715 4536 2824 4591 τῶν
2846 4536 3081 4608 γνωμῶν
3097 4537 3157 4589 τὸ
3185 4536 3559 4605 ἀμφήριστον.
3590 4534 3701 4584 καὶ

430 4633 534 4686 bus
554 4633 763 4687 incolis.
784 4632 1027 4687 Armenii
1048 4645 1226 4686 autem
1252 4631 1480 4705 Syrique
1499 4631 1795 4687 Christiani
1812 4642 1969 4686 erant

2156 4629 2215 4700 ὴν
2236 4631 2320 4683 ἐπ’
2344 4629 2594 4699 ἀλλήλοις
2622 4624 3010 4699 ἐχειρούργουν
3036 4626 3285 4680 πανωλεθ
3295 4626 3444 4696 ρίαν,
3472 4624 3703 4697 λῃστρι-

432 4739 614 4794 neque
649 4725 792 4779 enim
850 4725 990 4780 hosti
1042 4740 1251 4796 pagano
1304 4739 1539 4794 unquam
1591 4725 1704 4793 ipse
1731 4724 1978 4780 occurris

2157 4718 2358 4788 ώτερόν
2385 4725 2502 4781 πώς
2535 4716 2789 4789 μᾶλλονῆ
2823 4716 3337 4789 στρατηγικώτερον
3396 4715 3473 4778 ὡς
3517 4715 3704 4784 λησων

429 4825 558 4880 set;
600 4830 736 4883 quos
763 4814 929 4869 etiam
951 4815 1088 4887 (84),
1117 4825 1308 4869 contra
1342 4816 1521 4869 datam
1554 4812 1910 4882 jurejurando
1945 4812 1976 4866 li

2158 4810 2292 4863 πιὼν
2354 4810 2468 4873 τοῖς
2492 4809 2593 4878 τῆς
2635 4809 2928 4880 Ἀρμενίας
2991 4806 3246 4880 χωρίοις,
3298 4808 3411 4860 τῶν
3482 4804 3705 4871 ἐκείνης

428 4908 580 4974 dem,
606 4906 823 4963 exsules
878 4907 1158 4962 transtulit
1204 4908 1271 4962 ad
1307 4905 1557 4962 Thraciae
1614 4906 1791 4961 lines:
1854 4904 1975 4976 cuju

2153 4903 2398 4976 δρουρίων
2456 4903 2606 4972 αἱρεῖ
2673 4899 2938 4971 ὁμολογίᾳ
3020 4898 3129 4952 τῶν
3214 4899 3700 4976 προσοικούντων·

439 5138 452 5150 .
510 5066 623 5151 (ξι)
653 5065 916 5149 βιιιβοινοε
941 5074 997 5120 et
1027 5064 1271 5131 Hnnnos,
1307 5074 1366 5119 ut
1399 5064 1640 5120 aitidem
1684 5061 2020 5134 Nicephorus
2128 5072 2210 5117 ter
2249 5062 2419 5151 aliam
2477 5060 2839 5116 calamitatem
2897 5058 3037 5127 apud
3073 5052 3331 5113 eamdem
3379 5056 3704 5111 Anchialum

434 5153 492 5278 Ἴ,
854 5205 1133 5260 Petavinm
1164 5206 1219 5259 in
1239 5204 1401 5278 dicto
1434 5204 2019 5278 Nicephorovexcerpto
2125 5132 2526 5278 “(ilignum
2556 5199 2909 5278 Bulgarorum
2936 5198 3089 5278 duris
3114 5196 3475 5278 defectionem
3501 5209 3529 5248 ε
3556 5194 3700 5278 suis,

436 5265 902 5348 (ἓτξιέοὲἈχελὼν,
933 5277 1209 5348 mendose,
1232 5275 1478 5348 itemque
1502 5265 1882 5348 omninoapud
1912 5265 2020 5348 llla-
2126 5280 2182 5326 et
2204 5265 2297 5325 'ad'
2317 5265 2719 5348 Coprouymul'm
2757 5268 3057 5348 perfugium
3085 5307 3103 5348 ,
3133 5265 3703 5348 narraturum-gade-

444 5332 743 5401 martolun'l
794 5358 848 5399 et
889 5332 1169 5401 'Sicuhnu.
1196 5332 1207 5340 ’
1230 5332 1485 5400 Petavius
1544 5332 1792 5408 scripsit'
1826 5340 2019 5398 Latine
2126 5357 2249 5400 ros.
2283 5332 2465 5394 noster
2493 5332 2827 5409 Nicephor'us
2861 5332 3348 5409 iurBreiviariotad
3376 5349 3467 5389 an.
3500 5332 3625 5388 763.

444 5417 751 5480 Acheloum,
778 5417 1099 5471 existimans
1123 5416 1194 5468 ita
1222 5415 1549 5477 emendare;
1576 5407 1669 5467 sed
1700 5426 1823 5465 vera
1859 5413 2045 5480 lectio.
2197 5410 2319 5481 (δὴ
2346 5410 2544 5481 Noster
2577 5407 2637 5464 in
2666 5408 2967 5481 Breviario,
3000 5408 3065 5481 ad
3101 5424 3189 5481 an.
3223 5407 3348 5461 755.

445 5496 531 5541 est
576 5474 783 5544 codicis
826 5487 994 5539 nostri
1035 5484 1283 5540 Vaticani
1349 5474 1657 5554 Ἀγχίαλον,
1680 5475 2045 5554 Αηρςιιὶιείιιηι.⁸
2155 5551 2167 5554 _
2196 5474 2382 5554 (kl'De
2414 5479 2741 5554 {Inpronymi
2776 5478 2936 5554 modo
2972 5477 3240 5541 victoriis,
3276 5478 3436 5533 modo
3463 5474 3702 5530 vicissim

449 5555 518 5610 Et
544 5557 760 5622 quidem
791 5556 1031 5611 vocabuli
1074 5568 1276 5610 reetam
1313 5548 1634 5621 scripturam
1671 5553 1834 5605 habet
1869 5550 2021 5622 Nice-
2124 5548 2368 5622 cladibus
2402 5548 2681 5622 tledremis
2708 5560 2838 5622 tom.
2870 5548 2961 5600 cit.

378 5640 383 5645 ‘
449 5612 657 5693 pho'rus
684 5628 735 5679 in
776 5627 1062 5680 Breviario
1103 5628 1169 5679 ad
1197 5640 1285 5678 an.
1325 5612 1451 5685 755',
1482 5625 1568 5677 ubi
1609 5623 1875 5676 infelicent
1914 5621 2020 5676 Co-
2176 5620 2264 5693 _(Q
2294 5621 2366 5673 De
2401 5620 2503 5674 hoc
2534 5619 2738 5693 Sabino
2786 5613 3387 5693 legatunfl'lteopltaueS
3420 5617 3469 5672 iu
3501 5612 3701 5668 Chrom

450 5685 699 5765 pronymi
751 5697 818 5750 ad
872 5696 1192 5750 Anchialum
1241 5710 1471 5763 pugnam
1537 5693 1826 5760 describit;
1886 5709 2020 5761 pra:-
2126 5690 2191 5745 ad
2226 5689 2559 5761 Copronymi
2616 5704 2814 5743 annum
2862 5686 2955 5754 ει,
2982 5685 3182 5741 Christi
3215 5685 3335 5742 756
