3918 6144
206 362 307 428 509
901 362 1531 427 ANTIBBHETICUS
1568 365 1664 425 111
1703 364 1871 425 ADV.
1915 360 2512 424 CONSTANTINUM
2545 309 2760 420 cepa.
3048 314 3062 427 Ῐ
3367 348 3472 414 5w

218 468 497 540 ’Δρμένιοι
518 468 573 521 δὲ
590 467 696 559 καὶ
720 467 883 541 Σύροι
912 472 1235 543 Χριστιανοὶ
1265 473 1419 538 ὄντες
1447 473 1745 542 ἐτύγχανον
1776 492 1790 508 ·

1920 489 2139 545 ierildiae
2170 489 2437 559 ultionem
2469 486 2770 542 Thracicus
2814 495 3039 551 campus
3077 487 3135 534 nt
3178 492 3302 534 reor
3328 494 3474 533 nunc

209 560 268 613 οὐ
292 560 401 628 γὰρ
424 558 610 630 ἐχθρῷ
643 559 929 631 ἀλλοφύλῳ
958 561 1266 633 ὑπηντήκει
1298 563 1544 631 πώποτε,
1576 564 1668 625 οὒς
1692 566 1789 620 καὶ

1920 582 2121 636 rlaniat.
2168 582 2428 637 Saraceni
2486 594 2617 634 vero
2668 592 2791 632 cum
2859 572 3229 629 incursionem
3270 584 3474 637 cogno-

211 650 574 720 μετανάστας,
602 649 713 705 τῶν
748 654 1130 722 συγκειμένων
1184 656 1479 725 ἐνωμότων
1526 656 1710 725 λόγων
1730 658 1792 710 τὸ

1920 675 2126 741 rissent,
2147 676 2436 744 quamdam
2453 673 2634 743 gravis
2654 677 2946 724 armaturae
2961 664 3247 737 phalangis
3258 663 3475 717 obviam

208 743 449 810 ἀσφαλὲς
508 743 815 837 ἠθετηκὼς,
875 744 1019 799 κατά
1068 744 1139 798 τά
1184 746 1278 798 ἐπὶ
1328 745 1554 817 Θρᾴκης
1616 746 1795 831 χωρία

1920 743 2192 831 niserunt,
2252 781 2373 837 qum
2430 765 2672 834 quinque
2732 759 2961 814 millium
3020 771 3306 811 numerum
3368 768 3475 807 non

212 838 540 907 πεποίηκεν
577 830 653 891 ὧν
682 838 782 903 τῆς
829 836 1184 907 παραϐασίας
1219 837 1374 900 δίκας
1417 836 1480 890 τὸ
1506 830 1787 911 Θρᾳκίικδν

1920 830 2218 910 ιιοθιιοὺοι.
2248 830 2492 922 Quorum
2521 830 2756 907 adventu
2787 848 3028 918 cognito,
3074 845 3255 915 fugam
3290 842 3474 897 statim

212 927 389 991 πέδον,
420 929 500 993 ὡς
527 926 935 1000 οἷμαι,τιννύει
979 928 1043 982 τὸ
1085 929 1348 1000 σήμερον.
1388 929 1699 1001 Σαρακηνοὶ
1739 931 1796 984 δὲ

1920 961 2015 999 :um
2044 956 2311 1016 sequente
2339 942 2687 1000 multitudine
2709 940 2961 1008 arripuit,
3010 944 3064 991 et
3094 935 3161 989 ne
3182 932 3478 1003 appropin-

212 1020 329 1072 ἐπεὶ
361 1019 464 1090 τὴν
485 1021 701 1075 ἐκείνου
729 1020 917 1089 έφοδον
945 1022 1304 1092 ἠκηκόεισαν,
1335 1021 1647 1093 ἀπόμοιράν
1675 1040 1797 1076 τινα

1920 1050 2065 1112 mare
2117 1036 2337 1106 quidem
2400 1034 2507 1091 illis
2561 1041 2647 1088 est
2705 1044 2891 1085 ausus.
2927 1025 3053 1082 llaec
3108 1026 3273 1094 igitur
3315 1021 3476 1076 fortia

211 1109 495 1181 ὁπλιτικῆς
521 1112 803 1180 φάλαγγος
848 1113 1134 1166 ἐπιθέσθαι
1183 1112 1361 1183 αὐτῷ,
1389 1115 1786 1185 ἐκπέμπουσιν,

1893 1127 2041 1182 illius
2072 1126 2338 1193 facinora,
2374 1134 2430 1180 et
2461 1128 2525 1178 de
2559 1123 2811 1194 hostibus
2845 1121 3016 1175 relata
3051 1118 3293 1186 trophma
3326 1120 3475 1167 sunt.

215 1204 289 1264 εἰς
304 1204 780 1274 πεντακισχιλίους
805 1203 1004 1274 ἄνδρας
1025 1202 1180 1258 οὔπω
1201 1204 1786 1284 πλέονὴριθμημένην·
1825 1209 1901 1269 ὧν
1932 1218 2032 1289 τῆς
2052 1218 2231 1289 ὁρμῆς
2292 1204 2713 1286 ἐπαισθόμενος,
2784 1211 2962 1282 φυγὰς
3008 1209 3208 1265 αὐτίκα
3251 1206 3368 1275 ἅμα
3398 1202 3477 1273 τῷ

215 1293 462 1364 ἑπομένῳ
522 1294 720 1364 πλήθει
752 1293 950 1365 ᾤχετο.
985 1296 1121 1366 μηδὲ
1180 1296 1256 1360 ὡς
1303 1298 1672 1366 πλησιαίτατα
1747 1305 1957 1372 τούτοις
1991 1306 2246 1376 γενέσθαι
2309 1303 2419 1373 οἶός
2446 1325 2507 1362 τε
2533 1306 2630 1361 ὢν.
2678 1304 2918 1359 Τοιαῦτα
2966 1302 3067 1372 μὲν
3096 1300 3193 1355 οὖν
3229 1299 3297 1352 τά
3329 1294 3477 1352 ἐκεί-

216 1402 304 1440 νου
332 1384 824 1456 ἀνδραγαθήματα,
853 1385 950 1439 καί⁵
994 1386 1065 1440 τὰ
1095 1386 1217 1442 κατ’
1260 1386 1472 1460 ἐχθρῶν
1501 1391 1901 1465 σχεδιαζόμενα
1928 1399 2186 1474 τρόπαια.

282 1526 379 1588 ογ’.
413 1521 479 1573 Εί
519 1519 580 1573 δέ
631 1517 738 1591 χρὴ
782 1518 981 1584 νίκαις,
1041 1520 1135 1574 καὶ
1184 1520 1658 1595 ἀνδραγαθήμασι,
1704 1527 1801 1581 καὶ

219 1612 417 1683 χρόνων
445 1612 679 1682 μακρῶν
706 1611 1000 1683 περιόδοις,
1034 1612 1130 1668 καὶ
1163 1614 1276 1676 τοῖς
1302 1613 1484 1676 ἄλλοις
1517 1609 1600 1678 οἷς
1637 1616 1671 1686 ἡ
1699 1615 1795 1670 τοῦ

1977 1533 2063 1589 75.
2097 1535 2261 1602 Quasi
2282 1549 2411 1589 vero
2436 1532 2635 1602 alioqui
2669 1504 3179 1602 oporteatvictoriis
3213 1522 3484 1578 strenuis-

1907 1641 2013 1693 que
2057 1627 2243 1695 gestis,
2293 1634 2348 1680 et
2405 1625 2567 1695 longo
2602 1622 2816 1693 imperii
2853 1618 3101 1690 periodo,
3146 1615 3375 1683 aliisque
3398 1627 3486 1667 re-

220 1703 478 1774 παρόντος
515 1701 633 1772 βίου
662 1702 979 1773 εὐδαιμονία
1010 1703 1107 1756 καὶ⁹
1139 1703 1419 1775 εὐπραγία
1442 1705 1794 1777 γνωρίζεται,

1920 1731 2005 1772 ius
2059 1717 2258 1786 quibus
2318 1717 2481 1787 hujus
2536 1717 2661 1770 vita:
2721 1712 2961 1768 felicitas
3032 1706 3486 1778 prosperitasque

223 1794 400 1848 πίστιν
429 1794 676 1865 μετρεῖν,
716 1793 852 1848 ἀλλά
896 1794 972 1865 μὴ
1006 1793 1086 1863 τῷ
1135 1793 1265 1865 θείῳ
1313 1796 1408 1849 καὶ
1455 1797 1800 1870 ἀποστολικῷ

222 1884 507 1957 προσέχειν
536 1884 894 1955 κηρύγματι·
918 1886 1103 1938 ἐκεῖνα
1135 1885 1193 1939 δέ
1225 1889 1339 1950 τοῖς
1384 1887 1477 1940 τοῦ
1522 1888 1660 1942 Θεοῦ
1692 1908 1800 1945 πα-

227 1981 484 2049 ραχωρεῖν
516 1979 806 2051 κρίμασιν,
839 1976 900 2042 ὃς
931 1978 993 2030 οὐ
1018 1979 1201 2031 πίστιν
1235 1981 1394 2056 μόνον
1420 1980 1608 2051 ὀρθὴν,
1664 1983 1802 2037 ἀλλὰ

225 2071 313 2124 καὶ
336 2069 449 2140 βίον
479 2072 634 2142 ἡμᾶς
661 2072 757 2125 καὶ
784 2070 1064 2125 πολιτείαν
1100 2071 1334 2142 ἀρίστην
1366 2073 1461 2127 καὶ
1513 2075 1803 2144 εὐαγγελι-

228 2161 323 2232 κὴν
352 2160 764 2215 ἐπιδείκνυσθαι
814 2159 1098 2232 βούλεταισ
1145 2164 1407 2237 έκάτερον
1440 2164 1548 2237 γὰρ
1597 2166 1804 2220 τούτων

229 2253 452 2324 θατέρου
484 2254 619 2309 ἄνευ
645 2254 861 2326 νεκρὸν,
899 2255 996 2309 καὶ
1019 2257 1046 2308 ὁ
1075 2253 1151 2324 τῷ
1175 2234 1257 2308 ἐνί⁷
1282 2234 1567 2321 ἐλλείπων,
1604 2259 1700 2312 καὶ
1743 2260 1804 2313 τὸ

227 2342 403 2414 ἓτερον
451 2344 909 2415 ζημιωθήσεταιο
959 2339 1035 2404 ὧν
1093 2346 1349 2417 οὐδαμῶς
1404 2351 1519 2411 τοῖς
1551 2351 1793 2415 ἀνοσίοις

178 2464 185 2469 -
230 2436 454 2507 ἐμέλησε
488 2439 715 2492 πώποτε
736 2456 749 2469 ·
780 2439 907 2492 ὅτου
942 2439 1006 2508 δὴ
1032 2438 1193 2509 χάριν
1236 2438 1312 2509 μὴ
1342 2438 1535 2493 τοῦτον
1564 2443 1800 2509 ἀφέντες

232 2528 560 2600 ἐρριμμένον
590 2530 685 2582 καὶ
714 2530 1184 2599 κατεπτυσμένον,
1209 2530 1307 2581 καὶ
1338 2528 1464 2599 μηδ’
1496 2530 1579 2582 ὅτι
1612 2531 1806 2585 ἐϐασί-

230 2618 400 2684 λευσε,
434 2620 565 2691 μηδ’
592 2620 673 2673 ὅτι
732 2620 1061 2691 ἐστράτευσε
1086 2661 1099 2683 ,
1130 2620 1253 2692 μηδ’
1285 2623 1368 2675 ὅτι
1413 2621 1550 2686 ὅλως
1577 2622 1769 2692 γέγονε
1789 2639 1804 2654 ο

233 2709 321 2762 καὶ
350 2709 423 2773 ὡς
459 2711 638 2779 μικρὰ
690 2710 757 2763 τὰ
790 2713 918 2781 παρ’
948 2710 1128 2763 αὐτῶν
1187 2711 1534 2781 ἐπαιρόμενα
1582 2712 1803 2780 λογιζό-

237 2815 399 2870 μενοι,
420 2801 516 2855 ἐπὶ
545 2803 673 2864 τοὺς
703 2802 771 2855 τὰ
825 2800 1036 2872 μεγάλα
1064 2803 1121 2855 ἐν
1143 2801 1220 2870 τῷ
1246 2801 1345 2872 βίῳ
1375 2803 1808 2874 κατωρθωκότας

235 2892 612 2963 ἀποτρέχοιεν,
646 2893 741 2948 καὶ
790 2893 1075 2957 νίκαςάνά
1123 2894 1307 2947 πᾶσαν
1334 2892 1432 2964 τὴν
1482 2894 1827 2964 οἰκουμένην.

238 2986 369 3040 κατά
399 2989 623 3042 πάντων
663 2987 853 3057 σχεδὸν
886 2986 1056 3041 ἐθνῶν
1087 2989 1422 3059 ἀραμένους,
1448 2990 1541 3041 καὶ
1568 2990 1812 3059 τρόπαια

1905 1809 2198 1873 indicatur,
2231 1809 2390 1864 ﬁdem
2419 1807 2727 1878 religiosam
2757 1804 2977 1868 metiri;
3005 1812 3189 1855 etnon
3223 1796 3485 1868 apostoli-

1903 1915 1981 1954 ca:
2010 1901 2187 1969 petius
2231 1898 2491 1954 doctrinae
2522 1896 2822 1958 attendere,
2853 1892 2942 1946 illa
2992 1902 3174 1945 autem
3211 1889 3303 1942 Dei
3334 1886 3483 1954 judi-

1904 1993 2005 2047 ciis
2023 1991 2182 2063 139
2203 1990 2540 2061 permittere,
2574 1988 2664 2058 qui
2687 2001 2791 2040 non
2814 1984 2973 2038 (idem
2999 1990 3209 2035 rectam
3238 1987 3485 2061 tantum-

1905 2086 2068 2139 modo
2101 2083 2194 2137 sed
2231 2089 2287 2136 et
2322 2080 2491 2134 vitam
2547 2093 2576 2132 a
2631 2076 2800 2131 nobis
2827 2084 3121 2140 moresque
3167 2068 3406 2137 optimos
3430 2072 3488 2119 et

1904 2173 2250 2243 evangelicos
2302 2170 2553 2242 praestari
2614 2168 2750 2221 vult.
2797 2165 2998 2219 Horum
3046 2161 3193 2216 enim
3249 2159 3483 2211 alterum

1906 2274 2027 2321 sine
2052 2267 2226 2320 altero
2279 2271 2552 2319 mortuum
2601 2268 2713 2324 est;
2765 2266 2820 2313 et
2854 2255 2946 2326 qui
2981 2268 3090 2307 uno
3142 2249 3485 2310 destituitur,
3579 2302 3583 2313 λ

1908 2358 2135 2412 alterum
2163 2368 2378 2427 quoque
2423 2350 2756 2407 desiderabit
2791 2365 2805 2402 :
2843 2360 3074 2416 quarum
3127 2356 3306 2397 rerum
3340 2354 3484 2392 nun-

1908 2464 2075 2519 quam
2126 2446 2393 2516 improbis
2448 2457 2579 2498 cura
2623 2441 2744 2496 fuit.
2788 2436 3157 2505 Quamobrem
3195 2447 3293 2486 cur
3348 2445 3481 2494 non,

1910 2543 2013 2596 hoc
2042 2538 2248 2596 omisso
2278 2537 2669 2606 despectoque,
2707 2531 2859 2601 quasi
2895 2542 2994 2582 nec
3030 2522 3357 2595 regnaverit,
3388 2534 3495 2574 ne-

1907 2647 2013 2703 que
2040 2630 2178 2685 bella
2211 2629 2468 2700 gesserit,
2499 2639 2676 2693 neque
2718 2621 2942 2677 omnino
2970 2617 3193 2681 vixerit,
3223 2620 3483 2703 atquehut

1909 2699 2101 2794 exigua
2141 2699 2458 2790 reputantes
2507 2731 2569 2772 ea
2607 2728 2728 2786 quae
2779 2711 2870 2766 isti
2901 2707 3191 2771 extollunt,
3243 2702 3309 2756 ad
3364 2699 3490 2753 illos

1913 2791 2196 2868 transeant
2238 2811 2331 2880 qui
2388 2825 2473 2864 res
2537 2818 2764 2876 magnas
2809 2802 2865 2856 in
2920 2801 3029 2854 vita
3077 2812 3173 2853 sua
3226 2791 3492 2863 praeclare

1911 2912 2218 2975 gesserunt,
2269 2899 2646 2966 victoriasque
2679 2910 2775 2965 per
2808 2893 3127 2946 universum
3173 2886 3362 2939 orbem
3413 2881 3483 2933 de

1913 2972 2127 3048 cunctis
2149 2992 2541 3061 propemodum
2573 2986 2786 3057 populis
2807 2982 3132 3041 retulerunt,
3157 2984 3213 3029 et
3244 2972 3490 3041 trophaea

239 3076 350 3126 κατ’
390 3073 609 3147 ἐχθρῶν
660 3076 1058 3146 στησαμένους,
1096 3076 1350 3130 πλεῖστόν
1382 3092 1442 3129 τε
1479 3077 1602 3129 ὅσον
1630 3075 1813 3147 διαζή-

1920 3086 2182 3139 adversus
2211 3083 2399 3137 hostes
2440 3086 2773 3140 erexerunt;
2809 3075 3010 3142 diuque
3043 3070 3309 3132 viventes,
3351 3064 3489 3118 etin

241 3179 433 3228 σαντας
460 3166 680 3236 χρόνον,
703 3169 795 3220 καὶ
824 3167 1119 3230 εὐπαθείας
1149 3171 1226 3231 είς
1252 3168 1399 3237 μέγα
1426 3169 1685 3239 ἥκοντας,
1721 3170 1815 3223 καὶ.

242 3255 376 3308 κατά
434 3257 541 3327 τὴν
597 3256 772 3328 ἀρχὴν
832 3258 1238 3327 ἐνεγκαμένους
1295 3256 1354 3310 τὸ
1410 3257 1662 3321 ἐπικλεὲς
1720 3259 1814 3311 καὶ

244 3342 603 3415 μεγάλαυχον,
651 3345 729 3407 ὡς
773 3344 872 3416 τὴν
909 3345 1136 3399 ἐκείνων
1174 3344 1478 3418 θρησκείαν
1513 3348 1607 3399 καὶ
1635 3346 1815 3417 ζηλῶ-

243 3449 327 3488 σαι
358 3436 450 3489 καὶ
479 3437 818 3508 μεγαλῦναιο
854 3436 1159 3507 θαυμάζειν
1196 3454 1256 3490 τε
1282 3439 1350 3490 τὰ
1380 3437 1813 3510 κατορθούμενα,

243 3524 332 3577 καὶ
370 3527 795 3597 ἐκπλήττεσθαι,
826 3528 922 3581 καὶ
958 3527 1050 3580 τὸν
1091 3526 1207 3597 βίον
1265 3528 1541 3598 αἱρεῖσθαι
1578 3529 1674 3581 καὶ
1724 3528 1816 3581 τὸν

244 3615 432 3687 τρόπον
455 3634 470 3648 ο
516 3615 662 3671 ὥστε
692 3617 795 3671 κάν
827 3621 942 3681 τοῖς
974 3618 1263 3689 μέλλουσιν
1299 3617 1484 3681 αἱῶσι,
1530 3620 1642 3682 τοῖς
1684 3620 1818 3671 ἀπο-

243 3706 681 3781 κεκληρωμέναις
712 3711 896 3774 αὐτοῖς
930 3710 1026 3764 καὶ
1079 3711 1508 3781 ἡτοιμασμένοις
1556 3727 1816 3782 συμπαρ-

246 3798 550 3854 απολαῦσαι
614 3801 936 3855 δικαιότατα
964 3818 979 3832 ο
1018 3801 1113 3855 καὶ
1172 3800 1265 3855 ἵνα
1312 3799 1422 3854 τῶν
1459 3799 1673 3854 πολλῶν
1709 3803 1817 3871 ἀφ·-

246 3887 442 3959 έμενοι,
490 3890 697 3959 ὀλίγων
774 3889 1229 3962 ἐπιμνησθῶμεν,
1304 3891 1396 3943 τὸν
1468 3888 1819 3965 ’ᾼλέξανδρον

246 3981 472 4038 ἐνταῦθά
528 4000 621 4054 μοι
662 3984 797 4046 νόει,
841 3983 934 4036 τὸν
983 3982 1283 4049 Φιλίππου,
1342 3981 1435 4034 τὸν
1488 3980 1814 4035 Μακεδόνα’

250 4074 437 4145 μικροῦ
459 4077 649 4130 πᾶσαν
680 4076 782 4146 τὴν
811 4077 1145 4146 οἰκουμένην
1174 4076 1690 4146 παραστησάμενον,
1726 4075 1820 4128 καὶ

250 4165 418 4221 πάντα
470 4168 769 4239 Ἑλληνικὰ
804 4170 901 4221 καὶ
942 4167 1196 4239 βάρϐαρα
1224 4168 1352 4237 έθνη
1404 4166 1820 4238 χειρωσάμενόν

248 4273 305 4310 τε
332 4260 425 4312 καὶ
459 4259 876 4332 δουλωσάμενον
898 4275 912 4290 ·
943 4260 1003 4324 ὃς
1056 4261 1114 4313 ἐν
1157 4260 1257 4330 ῐσῳ
1310 4262 1536 4329 πτηνοῖς
1567 4258 1818 4325 διαθέων,

250 4347 321 4418 τῷ
353 4352 511 4423 τάχει
562 4351 785 4424 περιῄει
832 4352 933 4422 τὴν
980 4350 1309 4421 σύμπασαν,
1358 4350 1452 4402 καὶ
1482 4349 1542 4402 τὸ
1591 4349 1820 4419 σφοδρὸν

1920 3190 2168 3245 magnam
2242 3171 2559 3228 felicitatem
2613 3168 2767 3229 elati,
2832 3162 3161 3232 imperiique
3222 3157 3491 3212 illustrem

1917 3267 2143 3337 gloriam
2208 3263 2522 3330 famamque
2571 3257 2851 3315 consecuti
2905 3251 3070 3309 sunt?
3101 3252 3258 3304 itaut
3296 3247 3494 3301 horum

1918 3358 2234 3426 religionem
2275 3364 2328 3409 et
2373 3351 2694 3409 aemulemur
2722 3359 2776 3402 et
2827 3344 3279 3416 magniﬁcemus;
3328 3338 3497 3392 mire-

1919 3463 2151 3517 murque
2199 3445 2437 3500 feliciter
2472 3452 2649 3511 gesta,
2680 3448 2747 3494 et
2795 3448 3017 3505 stupore
3074 3441 3493 3502 prosequamur,

1919 3554 2220 3607 eorumque
2253 3537 2420 3590 vitam
2452 3548 2516 3588 ac
2562 3545 2742 3586 mores
2794 3528 3099 3590 imitemur;
3139 3533 3198 3575 ut
3227 3521 3287 3573 in
3313 3517 3498 3571 l'uturo

1918 3644 2137 3699 quoque
2167 3626 2370 3682 saeculo
2395 3634 2639 3696 paratam
2675 3623 2783 3677 illis
2809 3629 3013 3674 sortem
3030 3613 3338 3683 justissime
3362 3624 3493 3663 con-

1917 3737 2219 3792 sequamur
2249 3718 2387 3788 (85).
2441 3718 2618 3786 Atque
2677 3722 2736 3769 ut
2785 3710 2972 3765 multis
3007 3704 3252 3771 omissis,
3294 3714 3498 3792 paucos

1921 3789 2312 3871 memoremus,
2347 3807 2718 3863 Alexandrum
2752 3801 2841 3855 hic
2872 3796 3104 3865 Philippi
3151 3792 3283 3846 mihi
3319 3789 3498 3858 regite

1921 3900 2295 3961 Macedonem,
2328 3897 2420 3965 qui
2451 3895 2638 3948 orbem
2677 3905 2846 3960 prope
2890 3888 3201 3942 universum
3237 3877 3498 3954 obtinuit,

1920 4003 2259 4061 cunctosque
2309 3989 2534 4044 Grazcos
2583 4001 2647 4040 ac
2692 3983 2966 4036 Barbaros
3017 3976 3242 4048 populos
3291 3968 3501 4026 domuit

1923 4084 2136 4153 sibique
2169 4079 2397 4149 subjecit
2424 4095 2439 4143 ;
2468 4077 2558 4147 qui
2591 4077 2770 4130 instar
2819 4071 2936 4124 avis
2979 4068 3198 4130 volans,
3246 4061 3502 4118 celeriter

1923 4176 2187 4232 mundum
2235 4170 2515 4235 discurrit,
2571 4176 2629 4223 et
2700 4161 3047 4222 vehementia
3088 4173 3154 4212 ac
3207 4153 3502 4209 velocitate

1925 4268 2215 4341 pardaleos
2242 4266 2476 4337 speciem
2525 4276 2638 4331 prae
2682 4275 2740 4315 se
2789 4255 3023 4312 ferebat.
3053 4251 3145 4306 Sic
3190 4249 3334 4341 enim
3369 4259 3503 4341 non-

1928 4335 2063 4416 nulli
2118 4335 2449 4428 interpretes
2520 4354 2700 4409 locum
2745 4349 2894 4404 illum
2931 4342 3194 4418 (lianielis
3219 4336 3289 4411 δ’)
3330 4335 3504 4403 expli-

252 4442 341 4494 xat't
369 4441 699 4513 ὀξύρροπον,
730 4441 810 4513 τῷ
848 4444 945 4513 τῆς
971 4441 1293 4512 παρδάλεως
1325 4440 1454 4493 εἴδει
1501 4438 1580 4511 τῷ
1622 4439 1813 4510 ὁρῶντι

1929 4461 2145 4517 carunt,
2179 4451 2308 4521 quia
2354 4446 2629 4503 efﬁcacius
2672 4456 2834 4512 quam
2868 4439 3107 4493 humana
3157 4446 3284 4501 spes
3343 4436 3505 4521 autu-

254 4539 707 4607 προῦπεγράφετο
729 4553 743 4568 ο
786 4535 930 4604 οὐτω
969 4535 1079 4605 γάρ
1106 4550 1216 4588 τισι
1248 4533 1357 4586 τῶν
1388 4532 1728 4586 διδασκάλων
1753 4533 1823 4586 τά

1923 4556 2056 4612 mat,
2091 4519 2292 4599 mentis
2320 4555 2433 4596 sua:
2473 4538 2751 4608 cogitatus
2803 4529 3140 4601 perﬁciebat.
3196 4524 3313 4578 Non
3349 4519 3497 4574 enim

255 4625 389 4679 κατά
412 4627 509 4680 τὸν
541 4627 703 4680 τόπον
728 4625 1086 4695 τεθεώρηται,
1108 4624 1232 4678 ἐπεὶ
1262 4622 1358 4675 καὶ
1386 4620 1813 4690 δραστικώτεροι

1920 4638 2133 4694 tardum
2165 4633 2400 4690 habebat
2445 4632 2726 4698 impetum,
2763 4625 2859 4680 sed
2892 4632 3148 4691 tanquam
3184 4629 3294 4669 uno
3328 4622 3501 4666 cursu

258 4714 435 4786 ἢκατ*
476 4718 704 4784 ἐλπίδας
753 4716 1127 4788 ἀνθρωπίνας,
1166 4716 1235 4769 τά
1297 4713 1441 4767 κατά
1492 4712 1619 4766 νοῦν
1666 4711 1813 4782 αὐτῷ

1921 4732 2138 4783 irruens
2164 4736 2392 4781 cunctos
2433 4721 2656 4776 devicit.
2685 4717 2790 4772 Alii
2837 4725 3015 4768 tamen
3049 4710 3224 4765 locum
3264 4706 3409 4759 hunc
3430 4700 3498 4753 de

258 4809 606 4880 ἐπεραίνετορ
655 4812 714 4863 οὐ
755 4810 866 4881 γάρ
905 4809 1156 4879 σχολαῖον
1186 4802 1302 4877 εἶχε
1339 4803 1402 4858 τὸ
1426 4806 1682 4876 ὅρμημα,
1705 4804 1823 4858 ἀλλ’

256 4896 327 4964 ὥς
350 4902 408 4967 ἐξ
436 4901 736 4972 ἐπιδρομῆς
763 4901 857 4958 ίῲν
895 4893 1040 4952 εἷλεν
1062 4900 1341 4960 ἅπαντας·
1382 4896 1562 4965 ἕτεροι
1592 4896 1703 4968 γὰρ
1732 4895 1827 4949 ἐπὶ

259 4992 351 5065 τῆς
384 4996 611 5068 Περσῶν
639 4994 961 5057 δυναστείας
993 4993 1153 5046 τοῦτο
1179 4986 1556 5059 ἐξειλῆφασιν.

330 5087 398 5139 Ἤ
450 5087 543 5141 τὸν
591 5085 855 5158 Καίσαρά
889 5101 978 5155 μοι
1026 5081 1205 5154 φράζε
1253 5082 1345 5134 τὸν
1393 5079 1730 5150 Δύγουστον,
1766 5079 1826 5145 ὃς

269 5176 444 5247 μεῖζον
494 5178 613 5249 μετ’
639 5180 848 5232 ἐκεῖνον
878 5175 947 5230 τὰ
979 5173 1191 5229 ἐκείνου
1241 5173 1649 5243 διαδεξάμενος,
1685 5171 1828 5225 κατὰ

264 5272 359 5343 τὴν
386 5275 560 5348 ἀρχὴν
592 5274 655 5328 τὸ
685 5273 846 5337 κλέος
871 5271 1162 5342 ἐκέκτητο,
1194 5269 1428 5340 ἐπείπερ
1471 5269 1541 5321 τὰ
1581 5266 1832 5322 Μακεδό-

303 5445 346 5477 ⁶¹
373 5447 504 5506 Dan.
539 5466 639 5517 vn,
666 5451 721 5506 6.

342 5628 450 5698 (85)
475 5627 677 5700 Nempe
717 5628 883 5700 etiam
918 5624 1200 5700 zuingiius
1227 5621 1279 5675 in
1314 5618 1433 5675 fidei
1475 5633 1588 5673 suae
1620 5614 1835 5700 confes-

276 5693 520 5753 sione'ad
567 5693 919 5753 Franciscum
960 5695 978 5748 Ι
1013 5693 1203 5749 Gallia:
1235 5706 1440 5759 regem,
1478 5703 1600 5742 cum
1629 5693 1834 5742 sanctis

276 5769 544 5841 utriusque
572 5766 905 5827 Testameuti
936 5761 1239 5822 hominibus
1272 5759 1498 5815 collocat
1534 5765 1841 5830 portentosa

1926 4820 2216 4875 Persarum
2247 4811 2496 4885 dynastia
2527 4807 2932 4863 intellexerunt.
3018 4878 3021 4881 _

2005 5085 2101 5140 Vel
2135 5084 2404 5140 Caesarem
2437 5080 2566 5134 mihi
2611 5092 2773 5131 narra
2805 5075 3128 5142 Augustum,
3169 5062 3261 5132 qui
3301 5056 3511 5127 majore

1934 5177 2110 5248 Spatio
2157 5186 2279 5244 post
2308 5175 2478 5236 illum,
2512 5171 2771 5226 ditionem
2815 5165 2934 5234 ejus
2972 5172 3266 5248 occupans,
3296 5151 3498 5248 glorio-

1930 5240 2057 5335 suitt
2087 5240 2374 5335 imperium
2399 5262 2499 5317 sibi
2523 5255 2808 5315 constituit
2831 5269 2846 5319 ;
2867 5246 3305 5322 quandoquidem
3333 5240 3519 5294 Mace-

1940 5615 1996 5668 in
2026 5610 2267 5682 paradisi,
2294 5581 2512 5664 sedibus
2541 5601 2852 5682 Herculem,
2876 5598 3171 5682 j’hesettm,
3205 5581 3516 5682 Socratezii:

1944 5663 2494 5743 ᾖιιῖιέιιιῖιιξῦιιιοιιοιιι
2517 5718 2533 5745 ,
2567 5676 2807 5743 aliosque
2840 5663 3044 5742 aliquot
3073 5667 3321 5722 ethnicos
3352 5663 3522 5717 rebus

1949 5753 2112 5824 gestis
2139 5751 2400 5806 celebres.
