3918 6144
416 316 519 381 511

1447 339 1507 399 S.
1547 340 1596 400 Ν
1604 341 1967 404 ICEPHORI
2005 345 2511 410 PATRIARCHE
2547 350 2654 411 (ΖΡ.

3581 354 3683 420 E12

415 441 617 491 uounm
678 437 922 504 potentia
980 440 1159 499 minor
1197 462 1362 517 quam
1430 451 1800 510 Romanorum
1854 458 1958 514 fuit

2097 479 2205 514 νων
2253 465 2370 526 τοῖς
2413 462 2704 534 Ῥωμαίων
2749 466 3068 535 ἠλάττωτοο
3117 470 3212 525 καὶ
3241 470 3309 526 τὰ
3350 473 3454 543 τῆς
3505 473 3681 544 ἀρχῆς

415 522 681 592 regnique
716 533 928 593 tempus
956 540 1062 586 tam
1086 535 1135 589 ei
1171 539 1437 605 prolixum
1471 542 1594 608 fuit,
1630 562 1793 616 quam
1828 564 1996 619 prope

415 613 733 671 universum
814 620 915 675 fuit
992 624 1208 684 vivendi
1288 633 1629 690 intervallum
1707 639 1991 698 Mamertae.

417 702 544 759 Scio
576 709 827 776 equidem
891 714 1093 772 Christi
1147 722 1542 788 professionem
1586 731 1679 785 tibi
1740 734 1993 791 ruborem

415 811 524 848 non
581 812 704 854 esse
782 802 1077 873 illaturam,
1137 814 1432 881 quominus
1503 831 1716 888 gratum
1789 824 1993 882 habeas

415 882 648 943 Herodis
722 905 939 962 quoque
1011 897 1415 959 infanticidium
1497 882 1743 978 laudari;
1830 915 1994 984 idque

418 988 579 1031 unum
639 979 862 1049 dolere,
945 989 1088 1055 quod
1162 995 1422 1061 quaesitus
1488 999 1616 1065 ille,
1686 1006 1989 1064 occisorum

415 1081 642 1124 numero
712 1087 817 1127 non
851 1076 922 1131 sit
961 1083 1408 1154 comprehensus,
1443 1093 1538 1146 sed
1578 1091 1702 1164 fuga
1743 1096 1796 1149 in
1822 1096 1992 1169 Egy-

413 1163 561 1221 ptmn
612 1164 870 1218 evaserit.
918 1166 1060 1223 Ecce
1103 1174 1248 1226 enim
1289 1188 1496 1245 septem
1558 1163 1722 1251 supra
1766 1188 1987 1256 triginta

412 1247 571 1303 annis
604 1266 828 1322 regnum
850 1257 1106 1327 Herodis,
1143 1275 1196 1319 ut
1224 1269 1400 1334 aiunt,
1427 1273 1764 1339 perduravit.
1794 1279 1990 1336 Mirare

415 1337 543 1391 mihi
574 1343 736 1396 etiam
766 1348 1159 1407 Atheniensem
1187 1337 1532 1416 Timotheum
1572 1364 1687 1437 (86)
1721 1370 1811 1437 qui
1853 1360 1986 1425 bea-

414 1435 500 1481 tns
538 1428 809 1490 fortunam
882 1440 1071 1497 habuit
1124 1444 1176 1499 in
1223 1449 1331 1502 vita
1378 1457 1739 1522 gerendarum
1804 1477 1984 1519 rerum

411 1520 686 1575 comitem.
706 1525 819 1581 Cur
853 1529 978 1584 item
1004 1520 1449 1594 Senacherimu—m
1483 1558 1587 1599 non
1604 1546 1784 1615 jactas
1815 1553 1977 1609 alios-

411 1623 517 1677 que
568 1611 916 1684 Assyriorum
980 1628 1199 1692 reges?
1254 1638 1313 1682 ut
1356 1633 1521 1688 etiam
1567 1611 1633 1689 ad
1686 1641 1986 1698 vetustiora

410 1700 541 1758 hinc
578 1721 998 1783 convertamur;
1021 1728 1077 1772 et
1104 1732 1226 1789 post
1274 1723 1395 1781 illos
1421 1729 1504 1784 vel
1530 1740 1660 1788 ante
1688 1734 1847 1802 illos;
1880 1735 1986 1793 Na-

409 1790 922 1857 buchodonosorum
951 1806 1178 1879 ejusque
1209 1827 1435 1884 regnum
1460 1834 1637 1876 nonne
1671 1826 1984 1886 admirabe-

411 1883 534 1938 ris?
563 1893 915 1954 quamobrem
947 1898 1112 1952 etiam
1141 1883 1369 1960 malleus
1403 1909 1675 1967 universa.
1702 1924 1861 1972 terrae
1917 1920 1986 1975 ab

405 1976 646 2032 oraculis
668 1977 906 2049 Spiritus
932 1987 1314 2050 denominatus
1339 1997 1443 2054 fuit
1462 2001 1528 2067 ⁸³,
1564 2004 1630 2057 ad
1651 2012 1983 2066 conterenda

405 2066 790 2140 perdendaqne
824 2078 1006 2132 omnia
1048 2083 1248 2151 quibus
1276 2085 1574 2156 ingrueret.
1600 2092 1739 2150 Medi
1772 2112 1900 2151 vero
1930 2108 1984 2154 et

405 2154 609 2222 Persae,
681 2177 952 2232 quatenus
985 2186 1013 2224 a
1055 2173 1165 2229 Deo
1220 2154 1614 2239 satic'lillcati”
1639 2195 1694 2241 et
1739 2189 1981 2256 deducti,

402 2245 762 2320 gigantesque
795 2256 1151 2318 advenientes
1187 2281 1311 2321 cum
1345 2274 1543 2340 gaudio
1568 2275 1728 2330 simul
1758 2288 1816 2333 et
1842 2296 1976 2335 con-

324 2374 329 2386 .
404 2340 647 2404 tumelia,
672 2356 864 2413 nempe
881 2357 937 2400 ut
954 2349 1090 2404 iram
1105 2360 1494 2416 sanctilicantis
1512 2378 1606 2419 eos
1623 2368 1976 2437 complerent.

400 2421 469 2477 Et
497 2426 742 2486 christus
782 2433 873 2488 Dei
893 2435 1093 2508 Cyrus,
1128 2445 1219 2512 qni
1242 2446 1457 2502 illorum
1481 2454 1589 2507 dux
1618 2421 1762 2520 erat:

399 2512 543 2570 latur
565 2518 648 2586 ⁸⁸;
686 2521 792 2589 hic,
850 2525 1100 2597 inquam,
1136 2550 1315 2591 nonne
1351 2549 1404 2595 te
1450 2542 1682 2601 celerius
1710 2549 1777 2603 ad
1815 2550 1972 2607 fidem

397 2609 699 2674 perducet?
730 2613 884 2672 Mitto
907 2620 1087 2689 plura,
1133 2641 1202 2681 ne
1239 2629 1531 2687 verborum
1573 2640 1825 2695 cumulus
1856 2641 1971 2697 fiat.

401 2696 508 2753 Sed
540 2701 706 2767 dices,
740 2705 1045 2766 Mamnnam
1079 2713 1326 2773 Thraciae
1355 2724 1574 2778 castella
1604 2730 1778 2784 muris
1819 2748 1971 2787 com-

395 2792 638 2849 munisse
670 2795 807 2868 (87).
841 2802 912 2855 At
954 2807 1212 2872 quoniam
1257 2811 1352 2865 tibi
1402 2814 1504 2869 hoc
1547 2818 1614 2871 ad
1651 2820 1809 2876 fidem
1852 2825 1972 2880 reli-

393 2883 600 2949 giosam
659 2891 1134 2958 magnimomenti
1176 2912 1282 2965 est,
1316 2905 1495 2961 tribue
1535 2908 1763 2978 gloriam
1809 2915 1971 2984 hujus

396 2971 519 3028 fidei
548 2975 794 3035 Romulis
815 2991 978 3054 atque
1003 2987 1206 3055 Remis,
1245 2993 1404 3066 ιω
1426 3008 1480 3051 et
1506 2971 1690 3057 flama:
1716 2971 1969 3063 maximte

391 3065 570 3133 cogita
606 3071 1002 3145 celebritatem,
1058 3090 1114 3135 et
1148 3065 1421 3142 excelsum
1464 3089 1801 3151 fundationis
1851 3099 1969 3168 ejus

394 3154 584 3210 decus.
642 3159 927 3220 IEmulare
982 3170 1302 3240 religionem
1340 3176 1510 3244 illius,
1571 3186 1663 3252 qui
1715 3203 1967 3259 magnam

395 3248 638 3303 condidit
657 3253 1064 3328 Alexandriam,
1094 3263 1198 3318 loci
1232 3267 1561 3338 obstupesce
1589 3282 1971 3346 opportunita-

392 3345 526 3401 tem,
574 3337 791 3410 Nilique
848 3361 977 3403 arva
1036 3351 1320 3423 irrigantis
1377 3337 1713 3419 incrementa
1765 3384 1968 3438 annua,

390 3443 711 3499 emnqneut
750 3434 1090 3496 fruetil'erum
1153 3447 1360 3503 honore
1403 3465 1754 3525 prosequere,
1807 3469 1970 3532 atque

391 3521 465 3575 ita
499 3538 526 3575 a
551 3527 756 3582 veteris
784 3528 1169 3602 Egyptiornm
1200 3544 1611 3609 superstitionis
1638 3564 1827 3609 errore
1859 3570 1965 3612 non

396 3614 597 3670 aberis.
649 3616 822 3674 Ninus
857 3624 951 3677 tibi
981 3638 1145 3697 caput
1189 3633 1551 3701 professionis
1578 3651 1716 3710 esto,
1747 3648 1838 3715 qui
1869 3663 1969 3704 suo

391 3704 607 3760 nomine
627 3710 810 3765 urbem
860 3712 1088 3773 Niniven
1142 3724 1423 3790 excitavit,
1486 3730 1643 3802 cujus
1702 3739 1969 3797 transitus

392 3797 552 3850 trimn
578 3799 788 3857 dierum
830 3805 1029 3865 itinere
1061 3811 1277 3870 demum
1308 3797 1721 3888 perficiebatur.

459 4055 546 4113 74.
584 4058 780 4121 Transi
810 4066 963 4136 hinc,
1011 4071 1059 4128 si
1096 4074 1192 4131 tibi
1232 4078 1435 4136 volenti
1477 4092 1584 4151 est,
1627 4087 1695 4141 ad
1740 4089 1957 4148 Israeli-

388 4146 509 4203 ticae
537 4153 714 4220 gentis
736 4172 910 4228 reges,
943 4176 1244 4235 eorumque
1267 4167 1583 4229 felicitatem
1615 4187 1668 4232 et
1701 4183 1961 4250 regnandi

383 4241 616 4307 spatium
691 4252 998 4309 considera.
1072 4256 1222 4314 Unus
1287 4262 1385 4318 tibi
1455 4267 1630 4322 instar
1707 4275 1958 4330 omnium

384 4331 637 4403 sufﬁciet,
703 4339 869 4396 decus
903 4347 1183 4404 enimvero
1224 4352 1419 4423 ingens
1454 4366 1508 4412 et
1536 4359 1766 4428 gloriam
1821 4358 1956 4424 reli-

382 4422 561 4489 gionis
591 4428 832 4487 habens!
872 4434 966 4490 Est
997 4438 1085 4494 hic
1135 4441 1497 4504 Jeroboamus
1546 4467 1739 4511 servus
1783 4468 1837 4511 et
1872 4476 1960 4515 re-
1990 4477 2034 4532 ι)

383 4511 531 4532 ,ΝΜ
591 4515 628 4532 η
703 4529 711 4532 _
985 4528 996 4532 _
1120 4531 1125 4532 ,

318 4524 324 4531 ·
383 4511 555 4568 bellis.
588 4515 880 4589 Postquam
911 4528 1054 4583 enim
1108 4531 1366 4591 Salomon
1424 4544 1702 4611 propheta:
1736 4511 1955 4608 Davidis

383 4600 526 4686 filius
548 4619 612 4657 ex
648 4607 748 4663 hac
788 4613 895 4667 vita
934 4617 1207 4690 migravit,
1261 4626 1350 4681 ille
1391 4600 1456 4683 ετ
1486 4600 1724 4703 Atlgypto

1013 4678 1039 4687 ν
1192 4678 1207 4690 ,
1304 4678 1346 4681 ,_
1397 4678 1454 4683 --
1486 4678 1722 4703 μων...
1766 4678 1946 4706 ........,

381 4678 471 4748 ubi
507 4697 766 4771 profugus
792 4717 947 4765 antea
991 4710 1245 4771 latuerat.
1287 4719 1459 4777 Tanta
1485 4739 1616 4781 vero
1639 4724 1855 4784 fortuna
1889 4748 1955 4789 ac

379 4786 641 4847 felicitate
677 4809 805 4851 usus
840 4809 943 4869 est,
974 4811 1031 4856 ut
1053 4816 1268 4874 gentem
1304 4812 1355 4865 in
1386 4815 1523 4870 duas
1553 4830 1737 4885 partes
1759 4837 1954 4880 secare

377 4883 636 4951 potuerit,
662 4894 715 4940 et
737 4888 1032 4956 plurimum
1065 4899 1298 4954 tribuum
1336 4918 1623 4961 numerum
1651 4911 1948 4983 abducere,

376 4972 765 5044 propriamque
797 4980 1058 5040 ditionem
1081 5002 1144 5042 ac
1174 5006 1396 5061 regnum
1427 4996 1532 5051 sibi
1557 5012 1867 5072 segregare,
1897 5015 1953 5061 et

379 5062 521 5131 regia
546 5071 795 5132 prmtoria
839 5082 1103 5143 statuere,
1136 5089 1296 5151 atque
1320 5099 1348 5136 a
1382 5083 1475 5140 Dei
1507 5062 1652 5144 cultu
1687 5062 1946 5165 populum

374 5153 715 5225 abstrahere,
785 5163 1232 5240 dwmonibusqtte
1300 5176 1549 5233 exitiosis
1631 5185 1947 5254 admovere,

375 5257 569 5303 aureas
627 5251 844 5320 vitulas,
902 5255 1022 5315 loco
1071 5276 1245 5319 sacrae
1298 5267 1600 5339 religionis,
1656 5275 1955 5334 stultorum

442 5397 713 5460 ’σείει-ειη.
742 5425 795 5475 1.,
828 5409 920 5465 25.
994 5414 1042 5447 “
1065 5414 1267 5473 Jerem.
1307 5436 1443 5489 χιιι,
1464 5425 1530 5487 _7.
1605 5427 1652 5460 ⁸⁸
1681 5428 1784 5486 lsa.
1812 5446 1934 5498 ιιν,
1974 5433 2025 5487 l.

447 5557 561 5651 (8.6)
599 5560 675 5651 De
737 5565 939 5651 celebri
987 5570 1093 5651 hoc
1128 5570 1765 5651 Timo_tbe_o,_discipnlo
1808 5600 1941 5648 suo,

930 5620 937 5621 ,
990 5620 1089 5626 ﬂ-..
1139 5620 1413 5631 _...---..--
1498 5620 1630 5636 ...ευ
1808 5620 1907 5640 δην

372 5620 467 5679 diu
496 5620 731 5697 loquitur
775 5633 1040 5694 Isocrates
1064 5642 1134 5716 _i‘n
1160 5645 1420 5716 orationis
1435 5620 1528 5702 ’De
1552 5620 1940 5716 pertitulatione’

378 5708 529 5764 parte
554 5715 720 5767 nova,
742 5720 902 5773 quant
936 5724 1032 5764 nos
1062 5710 1344 5769 Mediolani
1373 5717 1501 5773 olim
1535 5708 1778 5777 Latinam
1804 5724 1907 5781 feci
1927 5756 1940 5765 -

2098 553 2247 621 αὐτῷ
2276 553 2636 623 παρετέτατο,
2668 558 2748 621 είς
2767 557 2893 612 ὅσον
2908 560 2969 613 τὸ
2991 562 3101 616 πᾶν
3121 562 3221 633 τῆς
3255 564 3513 634 Μαμωνᾶ
3539 563 3681 636 ζωῆς

2098 644 2306 712 σχεδὸν,
2340 649 2924 719 συμπαρατεινόμενον
2949 651 3077 723 ἔσχε
3111 654 3173 707 τὸ
3204 655 3486 725 διάστημα
3511 673 3526 686 ·
3562 653 3685 709 οἶδα

2094 730 2205 802 γάρ
2237 732 2313 797 ὡς
2338 733 2439 788 οὐκ
2469 736 2535 791 ἄν
2572 752 2631 789 σε
2668 738 2760 792 τὸν
2785 740 3048 812 ὑϐριστὴν
3078 746 3112 814 ἠ
3140 744 3235 797 τοῦ
3279 747 3519 817 Χριστοῦ
3551 748 3686 800 ἀπο-

2093 823 2280 895 γραφὴ
2307 825 2684 898 δυσωπήσειεν
2704 846 2718 860 ·
2747 830 2824 894 ὡς
2848 833 3042 903 χάριέν
3068 851 3149 888 σοι
3180 838 3276 890 καὶ
3303 836 3403 907 τὴν
3440 837 3685 909 Ἡρώδου

2095 914 2480 969 παιδοκτονίαν
2505 917 2854 983 ἀσπάζεσθαι
2878 939 2892 954 ο
2925 925 3016 993 ἐφ’
3038 926 3121 979 ἐνὶ
3144 927 3202 979 δέ
3234 944 3293 979 σε
3325 931 3490 998 μόνον
3523 930 3686 998 χαλεο

2093 1005 2308 1060 παίνειν
2334 1008 2430 1062 καὶ
2476 1010 2743 1080 ἄχθεσθαι
2770 1054 2785 1079 ,
2818 1016 2904 1068 ὅτι
2939 1017 3014 1089 μὴ
3053 1020 3148 1073 καὶ
3180 1022 3208 1073 ὁ
3239 1021 3583 1091 ζητούμενος
3627 1023 3689 1076 ἐν

2090 1099 2206 1161 τοῖς
2234 1099 2609 1170 ἀνῃρημένοις
2627 1107 3125 1178 συμπεριείληπτο,
3148 1113 3326 1180 φυγὰς
3348 1113 3407 1164 δέ
3426 1112 3690 1203 ἀπῴχετο

2091 1188 2228 1260 πρὸς
2255 1190 2354 1257 τὴν
2382 1192 2680 1259 Αἴγυπτον,
2707 1198 2897 1269 ἐπειδὴ
2918 1201 3060 1255 ἐτιτά
3087 1203 3227 1273 πρὸς
3245 1206 3358 1268 τοῖς
3374 1190 3689 1277 τριάκοντα

2091 1277 2236 1332 ἔτεσι
2263 1282 2410 1335 κατά
2440 1282 2541 1353 τὴν
2569 1284 2735 1338 αὑτοῦ
2769 1287 3070 1357 βασιλείαν,
3091 1290 3166 1356 ὦς
3194 1310 3381 1362 φασιν,
3428 1294 3688 1366 Ἡρώδης

2088 1368 2368 1440 διήρκεσε.
2404 1373 2668 1443 Θαύμαζέ
2692 1394 2783 1446 μοι
2811 1379 2906 1432 καὶ
2932 1381 3025 1434 τὸν
3061 1382 3352 1455 Ἀθηναῖον
3386 1387 3685 1456 Τιμόθεον,

2089 1460 2151 1525 ὃς
2184 1462 2484 1548 τὴνὶτύχην
2514 1467 2771 1520 εὐπαθῶν
2793 1473 2850 1524 ἐν
2873 1471 2953 1540 τῷ
2988 1472 3089 1545 βίῳ
3114 1474 3240 1544 ἔσχε
3278 1479 3683 1548 συμπράττου-

2091 1568 2216 1605 σαν·
2250 1539 2309 1606 τί
2342 1554 2412 1607 δὲ
2451 1558 2574 1627 οὐχὶ
2624 1558 2702 1630 τῷ
2735 1539 3081 1634 Σεναχηρεὶμ
3119 1539 3547 1639 egenam,
3580 1570 3683 1623 καὶ

2087 1644 2201 1707 τοῖς
2231 1644 2411 1709 ἄλλοις
2449 1645 2498 1699 οἶ
2532 1650 2641 1701 τῶν
2689 1650 2993 1724 Ἀσσυρίων
3039 1654 3501 1724 βεϐασιλεύκασιν
3534 1677 3549 1726 ;
3583 1662 3683 1716 ἵνα

2088 1734 2228 1806 πρὸς
2272 1737 2343 1790 τὰ
2391 1738 2728 1812 παλαιότερα
2758 1743 3012 1800 ἐντεῦθεν
3061 1749 3502 1822 ἀναδράμωμεν·
3548 1756 3683 1823 μετ’

2017 1795 2060 1849 Β
2087 1795 2332 1892 ἐκείνους
2382 1829 2438 1883 δέ
2475 1832 2568 1885 καὶ
2599 1795 2739 1903 ὑπὲρ
2766 1795 3011 1900 ἐκείνους
3031 1881 3044 1906 ,
3074 1839 3165 1893 τὸν
3193 1795 3684 1915 ᾗαὲουῖοδονὲσορ

2088 1918 2180 1971 καὶ
2232 1920 2334 1988 τὴν
2385 1921 2598 1976 ἐκείνου
2653 1925 2975 1981 δυναστείαν
3027 1931 3126 2001 οὐχ
3196 1932 3687 2007 ὐπερεκπλήττῃ;

2085 2006 2208 2059 ὅθεν
2243 2009 2337 2062 καὶ
2378 2009 2562 2081 σφύρα
2603 2012 2785 2085 πάσης
2819 2018 2920 2087 τῆς
2973 2017 3075 2088 γῆς
3108 2021 3262 2091 παρά
3311 2022 3421 2075 τῶν
3454 2006 3685 2093 λογίων»

2084 2095 2176 2149 τοῦ
2224 2099 2549 2168 Πνεύματος
2591 2103 2984 2175 ἐπωνόμασται
3008 2148 3031 2176 ,,
3052 2111 3131 2179 τῷ
3178 2112 3522 2184 διαφθείρειν
3572 2118 3680 2171 καὶ

2083 2186 2376 2243 ἀπολλύειν
2409 2190 2812 2256 ἀπανταςεκαω
2842 2191 2918 2251 ὧν
2950 2199 3016 2251 ἂν
3065 2202 3375 2257 ἐπετίθετο.
3408 2205 3587 2273 Μῆδοι
3615 2207 3681 2259 δέ

2080 2275 2177 2328 καὶ
2221 2278 2470 2347 Πέρσαι,
2500 2282 2623 2336 ἐπεὶ
2661 2285 2757 2336 καὶ
2806 2287 3134 2357 ἡγιασμένοι
3186 2293 3340 2363 παρά
3387 2293 3526 2348 Θεοῦ
3570 2297 3689 2352 καὶ

2079 2366 2380 2436 ἀγόμενοι,
2422 2372 2519 2425 καὶ
2566 2373 2828 2442 γίγαντες
2874 2378 3161 2451 ἐρχόμενοι
3212 2382 3494 2453 χαίροντες
3545 2386 3686 2456 ἀμα

2079 2459 2171 2511 καὶ
2203 2459 2539 2532 ὑϐρίζοντες,
2573 2464 2648 2528 ὠς
2685 2466 2776 2521 τὸν
2822 2467 2996 2547 θυμὸν
3043 2472 3138 2525 τοῦ
3168 2474 3488 2541 ἁγιάζον-τος
3522 2478 3678 2530 ἀπο-

2077 2551 2399 2622 πλήσοντες,
2431 2556 2526 2607 καὶ
2552 2556 2736 2628 Κύρος
2765 2560 2989 2629 χριστὸς
3019 2563 3046 2615 ὁ
3068 2563 3163 2631 τού
3192 2564 3351 2630 Θεοῦ,
3373 2566 3431 2627 ὃς
3452 2568 3675 2622 τούτων

2074 2633 2178 2710 ἦγε
2205 2641 2265 2693 τὸ
2295 2642 2525 2714 ὅρμημα
2555 2649 3017 2718 προσηγόρευται,
3050 2652 3149 2705 οὐκ
3177 2655 3242 2707 ἄν
3279 2671 3338 2707 σε
3360 2655 3553 2709 θᾶττον
3580 2660 3673 2723 εἰς

2075 2735 2264 2786 πίστιν
2295 2735 2665 2804 ἐπαγάγοιντο
2691 2757 2706 2807 ;
2758 2741 3004 2813 Παρίημι
3045 2743 3102 2797 δὲ
3133 2745 3202 2799 τὰ
3242 2747 3414 2800 πολλά
3442 2748 3536 2803 διὰ
3566 2752 3671 2805 τὸν

2072 2819 2229 2891 ὄχλον
2257 2824 2365 2877 τῶν
2394 2827 2677 2896 ῥημάτιον.
2715 2830 2877 2885 Ἀλλά
2918 2836 3133 2904 φήσεις,
3165 2837 3248 2890 ὅτι
3292 2839 3358 2891 τὰ
3388 2839 3482 2893 ἐπὶ
3511 2841 3671 2913 Θρᾴ-

2072 2919 2175 2980 κης
2195 2915 2499 2986 ἐπετείχισε
2525 2919 2781 2992 φρούρια,
2805 2923 2900 2976 καὶ
2922 2927 2972 2978 εί
3007 2927 3149 2995 μέγα
3178 2946 3259 2982 σοι
3275 2929 3432 2984 τοῦτο
3452 2934 3534 2996 είς
3564 2935 3670 2987 πί-

2074 3018 2212 3067 στιν,
2235 3004 2380 3058 δίδου
2406 3008 2465 3061 τδ
2486 3009 2644 3073 κλέος
2673 3011 2774 3081 τῆς
2795 3014 3035 3079 πίστεως
3070 3017 3304 3087 Ῥὠμοις
3332 3008 3442 3073 ἶισί
3462 3038 3525 3074 τε
3557 3025 3665 3079 καὶ

2085 3094 2328 3164 Ῥήμοις,
2360 3101 2455 3151 καὶ
2486 3100 2586 3171 τῆς
2629 3103 2895 3176 μεγίστης
2936 3104 3156 3178 Ῥώμης
3190 3111 3362 3164 ἐννόει
3398 3114 3457 3167 τὸ
3487 3133 3678 3188 περι»

2076 3184 2243 3251 φανὲς
2272 3188 2369 3241 καὶ
2397 3190 2710 3261 ἐπῃρμένον
2739 3195 2840 3264 τῆς
2872 3199 3137 3261 κτίσεως·
3184 3200 3348 3272 ζήλου
3382 3203 3480 3275 τὴν
3515 3184 3661 3279 θρη-

2075 3276 2265 3330 σκείαν
2298 3279 2507 3334 ἐκείνου
2529 3324 2545 3350 ,
2574 3282 2633 3348 ὃς
2665 3286 2765 3354 τὴν
2817 3288 3064 3358 μεγάλην
3096 3290 3352 3363 ἐδείματο
3396 3276 3661 3365 Ἀλεξάν-

2071 3366 2282 3437 δρειαν,
2315 3372 2412 3424 καὶ
2448 3373 2511 3425 τὸ
2540 3373 2635 3427 τοῦ
2686 3377 2888 3449 χωρίου
2924 3379 3222 3452 θαυμάζων
3264 3385 3510 3454 εὔθετον,
3560 3392 3661 3445 καὶ

2069 3458 2164 3512 τοῦ
2192 3462 2584 3529 ἐπικλύζοντος
2635 3468 2831 3523 Νείλου
2875 3471 2984 3527 τῶν
3019 3475 3204 3547 ἐκείνῃ
3235 3478 3303 3532 τὰ
3348 3480 3470 3551 ὅρια
3502 3522 3520 3544 ,
3553 3483 3659 3548 τὰς

2070 3551 2368 3618 ἀναϐάσεις
2384 3554 2482 3619 τὰς
2506 3557 2779 3628 ἐτησίους,
2804 3563 2899 3616 καὶ
2917 3562 2993 3628 ὡς
3022 3568 3368 3641 καρποδότην
3385 3571 3658 3642 δοξάζων,

2068 3643 2169 3714 τῆς
2197 3644 2438 3710 παλαιᾶς
2467 3648 2562 3701 καὶ
2591 3649 2992 3723 δεισιδαίμονος
3032 3656 3142 3711 τῶν
3172 3660 3490 3727 Αἰγυπτίων
3546 3666 3657 3719 οὐκ

2068 3734 2369 3807 ἀποσταίης
2430 3739 2661 3809 πλάνης.
2732 3741 2790 3796 '0
2858 3745 3020 3810 Ντνός
3076 3765 3162 3823 σοι
3199 3750 3304 3820 τῆς
3360 3754 3657 3823 ὁμολογίας

2065 3824 2339 3894 ἡγείσθω,
2370 3827 2427 3891 ὃς
2458 3829 2752 3902 ἐπώνυμον
2781 3834 2963 3905 ἐαυτῷ
2990 3837 3090 3910 τὴν
3120 3839 3278 3895 πόλιν
3323 3843 3519 3915 ἤγειρε
3549 3846 3652 3917 τὴν

2065 3915 2294 3988 Νινευῆ,
2318 3914 2386 3988 ἧς
2416 3920 2450 3990 ή
2470 3921 2589 3985 ὁδὸς
2617 3924 2844 3996 ήμερῶν
2871 3927 3040 3997 τριῶν
3061 3929 3137 4001 τῷ
3164 3934 3434 4005 περιιόντι
3457 3914 3651 3993 διανυ-

2067 4004 2349 4076 σθήσεται.
2740 4024 2750 4036 ⁸

2135 4097 2226 4152 οδ¹.
2257 4100 2547 4169 Μετάϐηθι
2573 4104 2845 4173 ἐντεῦθεν,
2866 4108 2920 4162 εί
2944 4128 3026 4166 σοι
3044 4112 3214 4182 δοκεῖ,
3240 4117 3336 4171 ἐπὶ
3351 4119 3479 4182 τοὺς
3505 4119 3651 4174 κατὰ

2062 4186 2156 4240 τὸν
2196 4189 2539 4264 ’Ῑσραηλίτην
2570 4193 2699 4250 λαὸν
2727 4199 3073 4270 ὑπάρξαντας
3096 4205 3351 4276 βασιλέας
3371 4251 3384 4276 ,
3415 4212 3511 4264 καὶ
3547 4213 3649 4281 τὴν

2065 4278 2153 4331 ἐπ’
2181 4280 2368 4346 αὐτοῖς
2412 4285 2717 4357 εὐημερίαν
2750 4295 2842 4344 καὶ
2871 4294 2963 4347 τὸν
2993 4297 3185 4367 χρόνον
3230 4278 3643 4372 περιεργάζθυτο

2062 4362 2142 4434 εἷς
2164 4370 2221 4424 δέ
2257 4389 2340 4426 σοι
2371 4375 2494 4428 ἀντὶ
2526 4378 2745 4433 πάντων
2774 4362 3083 4457 ἀποχρήσει
3115 4430 3130 4453 ,
3166 4362 3325 4455 κλέος
3358 4362 3645 4462 μέγα-καὶ

2060 4462 2288 4534 αὔχημα
2320 4468 2686 4540 προκείμενος
2721 4474 2982 4541 πίστεως.
3000 4478 3282 4553 Ἱεροϐοάμ
3305 4479 3461 4548 οὗτός
3493 4488 3643 4540 ἐστιν

2059 4560 2088 4612 ό
2115 4558 2303 4625 δοῦλος
2341 4563 2434 4615 καὶ
2464 4565 2810 4637 ἀποστάτης·
2838 4569 3029 4641 ἐπειδὴ
3062 4574 3173 4646 γὰρ
3198 4576 3455 4647 Σολομὼν
3485 4579 3515 4631 ὁ
3546 4578 3638 4632 τοῦ

2062 4655 2342 4724 προφήτου
2371 4656 2537 4711 Δαϐὶδ
2583 4662 2710 4724 παῖς
2750 4665 2851 4732 τῆς
2902 4663 3137 4720 ἐνταῦθα
3176 4666 3326 4738 ζωῆς
3354 4671 3637 4725 ἀπαλλάτ-

2059 4759 2217 4796 τεται
2241 4785 2256 4810 ,
2287 4745 2346 4813 ἐξ
2386 4747 2664 4816 Αἰγύπτου
2694 4752 2966 4821 ἐπάνεισι,
2997 4757 3175 4828 φυγὰς
3202 4760 3383 4813 ἐκεῖσε
3412 4762 3477 4814 τὸ
3503 4763 3636 4832 πρὶν

2057 4833 2300 4904 ἀποδράς
2330 4853 2343 4866 σ
2373 4838 2455 4900 εἰς
2485 4839 2743 4895 τοσοῦτον
2765 4842 2822 4896 δέ
2854 4847 2923 4899 τά
2957 4846 3055 4916 τῆς
3084 4847 3257 4919 τύχης
3281 4850 3377 4903 καὶ
3403 4853 3510 4922 τῆς
3550 4853 3641 4905 εὐ-

2059 4922 2297 4993 ημερίας
2329 4925 2480 4997 αὐτῷ
2519 4929 2843 4996 ἐπιδέδοται,
2871 4933 2949 4997 ὡς
2989 4935 3189 5001 ἱκανῶς
3221 4937 3367 5009 ἔχειν
3397 4942 3489 4994 τὸν
3509 4943 3639 4996 λαὸν

2066 5010 2337 5069 διελέσθαι
2376 5017 2542 5088 διχῆ,
2571 5022 2667 5074 καὶ
2731 5024 2841 5084 τὰς’
2884 5025 3142 5091 πλείστας
3171 5029 3280 5082 τῶν
3323 5032 3510 5100 φυλῶν
3540 5036 3638 5087 ἐπ-

2058 5105 2401 5173 αγαγέσθαι,
2435 5110 2529 5162 καὶ
2568 5110 2742 5183 ἀρχὴν
2770 5115 2981 5169 οἰκείαν
3024 5118 3118 5171 καὶ
3172 5118 3456 5188 βασιλείαν
3496 5124 3634 5177 ἀπο-

2057 5191 2359 5260 τεμέσθαι,
2402 5198 2491 5251 καὶ
2529 5198 2780 5268 βασίλεια
2840 5204 3322 5276 κατάστήσασθαι,
3380 5213 3479 5265 καὶ
3534 5214 3633 5284 τῆς

2059 5283 2190 5354 περὶ
2255 5285 2390 5340 Θεὸν
2441 5288 2697 5359 λατρείας
2761 5293 2855 5346 τὸν
2906 5296 3034 5349 λαὸν
3097 5298 3413 5369 ἀπαγαγεῖν
3448 5344 3464 5372 ,
3534 5283 3630 5358 καὶ

2050 5605 2171 5643 mus
2217 5600 2379 5660 atque
2433 5596 2860 5679 illustravimns,
2914 5620 3022 5679 quo
3078 5618 3321 5679 tempore
3375 5611 3619 5669 litterarii

2050 5675 2243 5738 cursus
2274 5667 2449 5738 nostri
2480 5669 2786 5725 tirocinium
2822 5667 3121 5738 posuimus.

2122 5731 2237 5802 (87)
2272 5731 2604 5806 Nicephorus
2636 5740 2687 5794 in
2725 5731 3021 5811 Breviario,
3055 5731 3119 5805 ad
3153 5768 3241 5804 an.
3278 5750 3402 5807 753.
