3898 6150
246 341 349 408 513

956 342 1586 404 ANTIRRIIETICUS
1626 342 1719 402 IlI
1757 342 1926 404 ADV.
1966 340 2559 402 CONSTANTINUM
2592 340 2785 402 COPB

3402 337 3510 403 516

244 459 507 528 δαίμοσιν
557 454 826 528 ὀλεθρίοις
876 458 1274 526 προσαγαγεῖν,
1322 456 1421 520 τὰς
1473 459 1684 529 χρυσᾶς
1738 456 1831 510 δα-

1946 453 2241 509 idorationi
2319 467 2651 523 proponens.
2705 451 2911 519 Quibus
2976 450 3134 522 longe
3188 450 3507 517 antistabat,

251 550 448 622 μάλεις
523 548 636 602 τῶν
714 546 877 618 ἱερῶν
948 547 1449 618 σεϐασμάτωνρείς
1512 547 1824 619 προσκύνη-

248 659 333 697 σιν
369 641 482 695 τῶν
529 638 780 712 ματαίων
823 638 1282 710 ἀντιτεχνώμενος
1310 679 1325 706 ,
1360 632 1436 693 ὧν
1478 640 1625 710 μέγα
1659 640 1827 711 ὑπερ-

252 734 425 804 έσχε,
485 731 867 803 καλλιεργίαις
938 749 999 784 τε
1056 732 1155 785 καὶ
1215 730 1517 800 εὐφωνίαις
1561 731 1658 783 καὶ
1709 732 1823 795 τοῖς

186 820 191 825 ’
247 824 515 895 φθόγγοις
547 821 863 894 ὐπερηχοῦν
892 820 1240 891 εὐσημότερα
1260 836 1275 850 ·
1311 821 1494 873 ἐκεῖνο
1527 818 1584 871 δὲ
1614 818 1675 871 τὸ
1695 817 1826 888 περὶ

248 914 308 967 σὲ
330 913 522 984 θαῦμα
548 912 610 965 τὸ
640 914 699 965 ὲν
731 911 952 964 σκεύεσι
990 913 1101 974 τοῖς
1133 909 1506 982 χρυσηλάτοις
1533 909 1823 980 ὑπεράγαν

246 1003 671 1076 θαυμαζόμενον
698 1044 713 1070 ,
764 1003 861 1057 καὶ
906 1001 1045 1073 πρὸς
1085 1002 1247 1056 ἑαυτὸ
1278 1004 1406 1065 τοὺς
1438 1001 1828 1070 πλανωμένους

246 1095 513 1149 ἀνθέλκον
541 1096 611 1165 τῇ
654 1091 902 1153 ποικιλία
952 1093 1048 1145 καὶ⁹
1091 1092 1172 1162 τῷ
1205 1090 1425 1162 μεγέθει
1450 1129 1465 1155 ,
1497 1093 1565 1161 τῇ
1601 1090 1696 1144 ἐπὶ
1724 1090 1828 1163 τῆς

247 1187 602 1250 Βαϐυλωνίας
629 1185 801 1238 είκόνι
831 1172 1117 1254 παράλτῶν
1144 1183 1566 1254 τεκτηναμένων
1597 1183 1828 1235 ἀντιπα-

253 1279 643 1351 ρατιθέμενονο
670 1276 724 1329 τί
751 1276 808 1329 δέ
839 1292 922 1329 σοι
940 1274 1001 1328 οὐ
1031 1276 1207 1347 μέγας
1236 1275 1418 1340 Ὀζίας
1446 1277 1475 1328 6
1505 1272 1825 1343 τολμητίας,

251 1370 279 1422 6
322 1366 434 1420 τῶν
462 1364 606 1436 ὑπὲρ
635 1364 792 1430 ἀξίαν
822 1364 1131 1434 ἁπτόμενος
1160 1364 1259 1418 καὶ
1287 1363 1377 1418 διὰ
1402 1362 1563 1417 τοῦτο
1590 1362 1828 1434 λεπρού-

253 1474 444 1528 μενος;
471 1456 744 1525 Μανασσῆ
769 1455 826 1508 δέ
862 1473 970 1519 σοι,
1002 1456 1105 1509 οὐκ
1133 1453 1282 1508 ἐστιν
1319 1454 1468 1518 ὅστις
1519 1454 1629 1507 τῶν
1653 1453 1829 1507 ἄλλων

250 1547 795 1619 παρεξετασθήσεται
816 1564 831 1579 ο
860 1546 1066 1611 πάντας
1093 1546 1203 1618 γὰρ
1225 1547 1350 1610 τοὺς
1379 1549 1465 1601 ἐπ’
1489 1545 1717 1617 ἀσεϐείᾳ
1736 1545 1831 1599 καὶ

250 1640 510 1712 ἀθεότητι
539 1637 981 1708 γνωριζομένους
1012 1636 1417 1709 ὑπερϐαλέσθαι
1453 1637 1828 1709 ἀνιστόρηται,

251 1734 471 1786 πάντων
516 1728 1013 1800 προσεχθισμάτων
1056 1732 1153 1783 καὶ
1201 1729 1594 1801 βδελυγμάτων
1638 1729 1831 1784 ἑαυτόν

1932 545 2335 617 pulchritudine
2378 545 2584 615 operis,
2614 543 3116 610 acclamationibus,
3145 553 3201 599 et
3228 541 3509 607 harmonia

1935 637 2141 692 musica
2202 636 2572 699 resonantius.
2633 634 2935 705 prodigium
2994 634 3123 690 illud
3189 644 3337 689 tuum
3394 634 3508 705 (88)

1932 729 2116 785 aureis
2140 729 2479 783 ornamentis
2506 729 2827 798 permirum.
2860 735 2911 782 et
2945 728 3293 782 incautorum
3323 725 3511 781 oculos

1934 822 2201 886 varietate
2265 836 2328 876 ac
2360 820 2735 890 magnitudine
2761 819 3067 881 attrahens,
3113 817 3244 871 illud
3288 817 3511 887 inquam

1931 912 2282 983 Babylonica:
2315 920 2511 967 statua:
2550 913 2618 964 ab
2664 908 2970 965 artiﬁcibus
2997 907 3318 964 amulanter
3345 922 3514 977 oppo-
3556 912 3573 917 '

1932 1005 2123 1059 situm.
2162 1003 2297 1069 Quis
2347 1001 2442 1056 tibi
2475 1001 2690 1057 videtur
2723 1016 2951 1070 magnus
2980 1000 3071 1055 ille
3098 1001 3275 1055 audax
3317 999 3510 1063 Ozias,

1933 1096 2025 1163 qui
2060 1108 2174 1148 rem
2203 1108 2366 1161 supra
2406 1107 2561 1147 suam
2596 1092 2917 1167 dignitatem
2948 1092 3256 1156 attentavit,
3281 1092 3512 1159 ideoque

1934 1184 2081 1254 lepra
2118 1184 2449 1253 percussus?
2474 1182 2748 1237 Mauasses
2776 1192 2980 1248 autem,
3021 1192 3075 1240 te
3106 1183 3313 1252 judice,
3353 1196 3516 1239 nemo

1934 1290 2119 1346 parent
2178 1274 2440 1339 habebit;
2510 1274 2601 1329 hic
2660 1272 2804 1328 enim
2861 1289 3052 1329 oumes
3118 1276 3398 1345 impietate
3455 1282 3514 1329 et

1935 1366 2204 1425 atheismo
2244 1365 2489 1421 celebres
2548 1379 2840 1433 superasse
2890 1375 3167 1430 narratur,
3219 1367 3311 1436 qui
3357 1367 3506 1421 omni

1937 1455 2319 1512 scandalorum
2338 1462 2501 1524 atque
2529 1456 2990 1510 aboniiuationum
3015 1471 3212 1525 genere
3230 1472 3287 1510 se
3314 1455 3507 1511 subdi-

1939 1557 2133 1617 tosque
2154 1563 2283 1603 suos
2306 1548 2511 1602 obruit.
2535 1547 2694 1616 Atqui
2731 1548 2951 1613 horum,
2982 1547 3122 1602 alter
3150 1561 3323 1602 annos
3357 1548 3515 1618 quin-

1937 1638 2219 1709 quaginta,
2281 1637 2418 1692 alter
2453 1652 2581 1692 vero
2627 1639 2867 1707 quinque
2908 1653 3073 1707 supra
3118 1639 3513 1708 quinquaginta

1936 1728 2149 1784 Judaici
2177 1728 2360 1799 populi
2397 1729 2567 1784 tenuit
2596 1727 2905 1798 imperium.
2931 1728 3192 1784 lrridebis
3233 1738 3416 1785 autem
3450 1743 3516 1784 ac

252 1840 309 1876 τε
344 1824 443 1875 καὶ
488 1822 549 1875 τὸ
594 1821 834 1890 ὑπήκοον
884 1821 1033 1875 ἅπαν
1066 1822 1395 1892 ἀποπλήσας
1422 1838 1436 1853 ·
1478 1821 1688 1874 τούτων
1720 1821 1780 1874 δὲ
1810 1822 1839 1874 6

1946 1823 2170 1892 despues
2198 1820 2507 1890 religiosum
2533 1818 2764 1883 Josiam,
2791 1819 2883 1888 qui
2913 1819 3133 1889 pietatis
3170 1834 3284 1875 suae
3322 1829 3516 1874 testem

253 1915 351 1984 μὲν
385 1914 511 1967 δυσὶ⁵
546 1913 683 1984 πρὸς
717 1914 830 1975 τοῖς
882 1913 1229 1983 πεντήκοντα
1263 1913 1465 1977 ἔτεσιν,
1498 1913 1527 1964 6
1573 1911 1628 1966 δὲ
1662 1911 1836 1967 ,πέντε

250 2005 389 2076 πρὸς
423 2007 541 2069 τοῖς
577 2005 918 2076 πεντήκοντα
964 2003 1110 2058 κατά
1136 2003 1237 2073 τὴν
1278 2004 1453 2074 ἀρχὴν
1482 2003 1574 2056 ἐπὶ
1601 2002 1664 2056 τὸ
1700 2003 1837 2056 Ἰου-

250 2096 437 2149 δαϊκὸν
463 2093 653 2164 φῦλον,
678 2095 974 2166 διήρκεσαν
997 2093 1400 2165 βασιλεύοντες·
1424 2094 1834 2165 καταμωμήσῃ,

252 2182 310 2240 εὖ
327 2182 474 2253 οῖδα,
495 2186 591 2239 καὶ
610 2185 927 2250 διαπτύσεις
947 2185 1040 2239 τὸν
1058 2184 1281 2256 θεοφιλῆ
1311 2186 1545 2250 Ἰωσίαν,
1566 2186 1659 2239 τὸν
1689 2183 1840 2255 παρά

253 2277 376 2349 θεῷ
422 2276 511 2330 ἐπ’
559 2276 814 2349 εὐσεϐείᾳ
871 2277 1353 2349 μαρτυρούμενον,
1405 2280 1501 2331 καὶ
1542 2279 1725 2331 πίστει
1769 2279 1837 2348 τῇ

254 2368 392 2438 ὀρθῇ
425 2368 551 2431 τοὺς
578 2367 773 2430 ἀλλους
807 2366 1174 2437 ὐπερίσχοντα
1200 2408 1215 2432 ,
1245 2367 1327 2420 ὅτι
1355 2365 1566 2431 ἀκλεῶς
1598 2366 1691 2420 τὸν
1721 2366 1839 2437 βίον

256 2460 585 2524 κατέλυσεν,
627 2458 735 2511 ὐπὸ
775 2457 887 2510 τῶν
918 2457 979 2509 οὐ
1012 2456 1394 2527 πολεμούντων
1436 2456 1657 2527 βληθεὶς
1682 2496 1698 2520 ,
1745 2457 1840 2510 καὶ

256 2549 350 2603 τοῦ
392 2548 638 2618 πολέμου
678 2547 740 2600 τὸ
781 2545 1014 2601 ἄπιστον
1054 2547 1114 2600 οὐ
1153 2546 1565 2618 προορώμενοςο
1617 2546 1840 2600 ἐκείνων

256 2639 518 2692 ἁπάντων
573 2635 660 2690 διά
708 2652 768 2688 τε
810 2635 941 2697 τοὺς
990 2634 1220 2706 χρόνους
1278 2634 1372 2688 καὶ
1425 2634 1523 2706 τὴν
1556 2634 1841 2705 παροῦσαν

257 2726 564 2798 εὐημερίαν
586 2725 1006 2799 ὐπεραγάμενος
1026 2723 1182 2795 δέχου
1207 2723 1274 2777 τὰ
1300 2724 1415 2794 ἔθη,
1442 2724 1533 2777 τόν
1559 2740 1618 2777 τε
1640 2721 1843 2794 τρόπον

257 2820 350 2871 καὶ
375 2818 477 2888 τὴν
490 2815 791 2887 θρησκείαν
818 2816 977 2886 τίμα·
1010 2815 1342 2885 κατακρότει
1370 2818 1491 2879 ταῖς
1521 2814 1840 2885 εὐφημίαις,

257 2906 529 2976 στεφανοῦ
556 2908 674 2969 ταῖς
704 2904 1136 2975 ὐπερκειμέναις
1158 2904 1355 2972 δόξαις·
1387 2903 1556 2975 μιμοῦ
1581 2905 1673 2958 τὸν
1704 2902 1841 2974 βίον,

257 2996 512 3061 ἀσπάζου
546 2999 645 3061 τὰς
672 2996 928 3068 πράξεις,
962 2996 1199 3061 σπονδὰς
1234 2997 1523 3068 προσχέων
1559 2997 1707 3050 τέλει
1746 2994 1843 3049 καὶ

255 3091 354 3154 τὰς
385 3089 604 3154 θυσίας,
641 3090 1003 3161 ὲνευφραίνου
1032 3090 1152 3152 ταῖς
1171 3088 1436 3159 τελεταῖς,
1464 3090 1557 3143 καὶ
1588 3091 1697 3153 τοῖς
1731 3091 1844 3152 σοῖς

1939 1907 2109 1963 Deum
2130 1907 2337 1972 habuit,
2366 1909 2689 1976 caeterisque
2717 1918 2861 1961 recta
2895 1907 2999 1961 [ide
3022 1909 3359 1973 auteceliuit,
3386 1910 3516 1978 quia

1941 1998 2203 2069 inglorius
2227 1997 2391 2053 vitam
2415 1998 2586 2051 ﬁnivit
2606 2012 2635 2049 a
2660 1999 2846 2054 nescio
2868 2012 2975 2067 quo
3004 2008 3303 2068 pugnatore
3328 2002 3505 2064 vulne-

1940 2100 2115 2158 ratus,
2165 2091 2292 2146 dum
2330 2090 2501 2161 praelii
2557 2090 2800 2161 pericula
2856 2106 2962 2145 non
3001 2092 3136 2145 satis
3181 2099 3355 2145 cavet.
3392 2090 3519 2146 illo-

1941 2198 2061 2238 rum
2118 2181 2384 2246 omnium,
2439 2182 2592 2252 regni
2645 2182 2879 2250 spatium
2945 2183 3344 2252 praesentisque
3394 2184 3517 2237 vita:

1941 2272 2258 2329 felicitatem
2289 2274 2590 2337 admirans,
2625 2288 2805 2328 mores
2828 2273 3068 2337 imitare,
3101 2283 3152 2328 et
3186 2274 3312 2328 vitae
3342 2287 3517 2343 genus

1941 2380 2006 2420 ac
2061 2364 2377 2435 religionem
2408 2366 2643 2432 ainbito;
2697 2366 2913 2435 plaude,
2952 2365 3220 2455 acclama,
3265 2365 3519 2420 laudibus

1941 2457 2160 2511 eximiis
2183 2471 2317 2511 orna
2351 2473 2363 2509 :
2416 2456 2580 2510 vitam
2618 2467 2849 2519 sectare,
2892 2453 3034 2511 facta
3078 2456 3519 2518 auiulareJiba-

1943 2548 2118 2603 tiones
2151 2549 2367 2603 demum
2425 2562 2489 2601 ac
2525 2547 2777 2601 victimas
2818 2545 2928 2601 illis
2974 2544 3130 2611 aﬂ'er,
3181 2546 3357 2615 gaude
3435 2546 3519 2601 eis

1941 2638 2279 2705 sacriﬁcans,
2334 2647 2497 2708 atque
2542 2642 2600 2692 ut
2649 2639 2757 2693 tuis
2815 2638 2930 2693 haec
2978 2636 3197 2702 adhibe,
3234 2638 3281 2691 si
3314 2636 3515 2705 placet,

1942 2729 2132 2792 adora,
2168 2728 2392 2798 hymnis
2425 2728 2665 2795 celebra,
2696 2729 2869 2782 sacris
2902 2728 3097 2783 ritibus
3122 2727 3260 2792 cole,
3292 2742 3517 2798 respon-

1942 2812 2128 2875 sionés
2180 2818 2526 2874 fatidicorum
2592 2818 2740 2883 audi,
2795 2819 3067 2887 interroga
3121 2820 3513 2888 geoniauticos,

1943 2909 2408 2981 engastrimythos
2442 2910 2687 2965 consule.
2737 2909 2878 2976 Quid
2921 2909 3066 2963 aliud
3106 2909 3326 2965 dicam?
3355 2926 3517 2966 curre

1943 3003 2010 3058 ad
2049 3003 2344 3068 daemones,
2381 3018 2409 3056 a
2437 3004 2635 3073 quibus
2669 3005 2929 3073 magister
2973 3011 3098 3057 tuus
3125 3003 3409 3072 agebatur,
3453 3010 3513 3056 ut

1946 3091 2162 3147 facilius
2187 3093 2265 3147 sis
2305 3091 2458 3159 felix,
2494 3104 2553 3148 ut
2585 3109 2723 3163 pane
2750 3094 2984 3163 vinoque
3014 3093 3317 3163 implearis,
3345 3109 3513 3163 reque

255 3181 429 3236 ταῦτα
452 3181 730 3252 πρόσφερέ
757 3180 911 3248 τε,ετ
932 3196 1020 3235 σοι
1046 3181 1281 3253 αίρετὺν,
1310 3181 1404 3234 καὶ
1426 3180 1719 3252 προσκύνει
1749 3181 1839 3234 καὶ

1946 3183 2095 3238 omni
2123 3198 2282 3254 quam
2316 3192 2464 3240 terra
2488 3185 2821 3254 suppeditat,
2846 3200 3076 3256 quaeque
3101 3200 3131 3239 a
3156 3186 3393 3241 terrenis
3419 3200 3517 3255 ap-

254 3272 450 3337 δόξαζε
477 3288 492 3302 ο
528 3271 688 3327 τελοῦ
732 3274 846 3337 τοῖς
893 3270 1254 3344 μυστηρίοις,
1300 3272 1457 3343 δέχου
1501 3273 1599 3336 τὰς
1653 3272 1842 3343 ῥήσεις

261 3364 369 3416 τῶν
399 3363 798 3434 χρησμολόγων
817 3402 832 3428 ,
867 3362 1047 3432 πύθου
1073 3362 1181 3416 τῶν
1224 3363 1333 3416 ἀπὸ
1356 3364 1461 3433 γῆς
1492 3362 1839 3432 φωνούντων,

265 3457 386 3519 ταῖς
418 3454 884 3525 ὲγγαστριμύθοις
922 3453 1292 3529 προσέδρευεο
1330 3454 1384 3506 τί
1413 3450 1583 3507 τᾶλλα
1619 3452 1837 3521 λέγεινς

261 3547 572 3618 πρόστρεχε
599 3547 715 3609 τοῖς
744 3548 998 3618 δαίμοσιν
1017 3542 1106 3611 οἷς
1136 3548 1163 3598 6
1191 3543 1280 3608 σδς
1307 3543 1628 3608 διδάσκαλος
1650 3544 1838 3614 ἦγετο·

1945 3270 2174 3345 petitur.
2233 3272 2363 3329 Filii
2419 3276 2686 3330 hominum
2739 3276 2990 3348 (magnus
3043 3277 3196 3332 vobis
3252 3276 3514 3331 inclamat

1946 3364 2140 3431 DuVid,
2176 3381 2276 3421 ceu
2307 3366 2646 3423 vocalissima
2693 3368 2841 3433 tuba,
2895 3376 3152 3436 tanquam
3196 3364 3264 3422 de
3297 3364 3517 3436 specula

1943 3456 2194 3525 celsoque
2233 3456 2351 3511 loco
2404 3457 2749 3529 praedicans),
2796 3472 3059 3526 usquequo
3116 3456 3262 3525 gravi
3314 3455 3519 3511 corde?

1949 3562 2045 3600 cur
2071 3547 2297 3615 diligitis
2324 3549 2625 3612 vanitatem,
2652 3556 2702 3600 et
2733 3532 3075 3602 mendacium.
3090 3545 3330 3615 quaeritis
3346 3543 3427 3597 θαι

261 3639 348 3692 ἵνα
383 3640 482 3693 καὶ
513 3641 645 3712 ῥᾷον
676 3640 1029 3712 εὐημερήσῃς
1057 3679 1074 3705 ,
1103 3636 1207 3693 καὶ
1238 3635 1487 3707 πλησθῇς
1537 3636 1718 3707 ἀρτων
1749 3637 1843 3692 καὶ
1878 3636 2050 3704 οἴνου,
2080 3638 2174 3691 καὶ
2202 3638 2421 3691 πάντων
2448 3638 2551 3692 ὅσα
2619 3636 2771 3709 παρά
2837 3636 2938 3705 τῆς
2968 3635 3075 3704 γῆς
3111 3634 3380 3688 ἐκδίδοται
3423 3629 3517 3685 καὶ

260 3736 371 3798 τοῖς
401 3734 612 3804 γηΐνοις
646 3734 1029 3799 σπουδάζεται.
1083 3731 1209 3788 Υἱοὶ
1238 3730 1566 3800 ἀνθρώπων
1589 3772 1604 3796 ,
1634 3735 1664 3788 6
1707 3734 1881 3804 μέγας
1935 3736 2065 3807 ὑμῖν
2129 3734 2384 3806 ὲμϐοάτω
2423 3736 2591 3790 Δαϐὶδ
2613 3777 2628 3801 ,
2696 3729 2785 3789 οἷά
2840 3751 2922 3798 τις
2987 3732 3225 3800 σάλπιγξ
3285 3728 3522 3802 μεγαλό-

264 3841 441 3894 φωνος
466 3862 483 3888 ,
510 3823 586 3888 ὼς
635 3824 701 3878 ὲκ
744 3822 1031 3894 περιωπῆς
1081 3826 1185 3877 και
1232 3820 1438 3891 ὑψηλοῦ
1487 3821 1714 3892 ὐπηχῶν
1741 3823 1838 3878 τοῦ
1878 3823 2236 3896 κηρύγματος
2266 3862 2281 3889 ,
2333 3822 2445 3888 ἕως
2504 3824 2651 3895 πότε
2707 3819 3144 3891 βαρυκάρδιοι;
3173 3820 3272 3873 ἵνα
3297 3818 3355 3872 τί
3375 3816 3523 3887 ἀτα-

262 3915 414 3973 πᾶτε
443 3918 812 3987 ματαιότητα
845 3919 944 3974 καί
984 3917 1203 3987 ζητεῖτε
1236 3915 1507 3984 ψεῦδος

331 4053 429 4109 σε’.
485 4053 645 4122 Μέγα
676 4069 731 4106 τι
770 4052 839 4107 τὰ
881 4056 1130 4126 παρόντα
1183 4054 1670 4126 ὑπολαμϐάνοντες
1695 4099 1710 4125 ,
1750 4059 1849 4114 καὶ

267 4148 381 4207 τοῖς
413 4143 675 4214 φθαρτοῖς
703 4146 800 4197 καὶ
830 4146 1117 4215 ὲπικήροις
1146 4147 1206 4199 τὸ
1239 4147 1355 4200 πᾶν
1381 4147 1481 4216 τῆς
1508 4148 1654 4220 ζωῆς
1691 4166 1849 4222 περι-

268 4235 578 4297 κλείοντες,
629 4233 795 4287 πόθεν
844 4251 927 4287 σοι
971 4236 1004 4305 ή
1043 4237 1215 4307 μικρά
1263 4237 1448 4308 ἐκείνη
1491 4238 1577 4307 ἐφ’
1623 4232 1658 4313 ᾗ
1705 4241 1848 4312 μέγα

270 4327 491 4399 φρονεῖς
521 4325 827 4396 εὐημερία,
862 4327 958 4379 καὶ
990 4325 1111 4379 ὅθεν
1145 4343 1226 4380 σοι
1260 4327 1333 4381 τὰ
1370 4327 1507 4382 ὤνια
1546 4331 1847 4400 cundia-ro;

2023 4062 2111 4116 '75.
2141 4060 2355 4116 Grande
2384 4057 2585 4128 aliquid
2634 4056 2723 4112 isti
2767 4055 3084 4111 existimant
3118 4065 3240 4107 esse
3271 4063 3360 4105 res
3383 4063 3524 4118 prac-

1951 4163 2153 4219 seutes,
2183 4162 2236 4207 et
2266 4149 2704 4220 corruptibilibus
2729 4157 2893 4218 atque
2920 4142 3141 4199 caducis
3188 4149 3359 4197 totum
3395 4139 3521 4194 vita-

1952 4243 2225 4313 negotium
2249 4239 2704 4294 circumcludunt.
2737 4236 2913 4301 Unde,
2938 4236 3185 4303 inquam,
3220 4231 3314 4285 tibi
3354 4244 3522 4299 parva

1956 4334 2068 4399 illa,
2110 4347 2273 4402 quam
2323 4340 2606 4399 tantopere
2643 4327 2837 4396 jactas,
2874 4325 3143 4381 felicitas?
3181 4323 3344 4387 unde,
3375 4336 3520 4392 qna:-

268 4417 321 4469 εῐ
348 4434 432 4470 σοι
471 4416 533 4470 οὐ
568 4418 771 4487 τραχὺς
793 4417 822 4469 6
858 4416 1051 4486 λόγος,
1080 4418 1297 4473 ἀκούων
1336 4420 1618 4489 ὲπίγνωθι.
1663 4423 1722 4477 '0
1756 4442 1839 4494 μι-

1957 4436 2036 4487 so,
2065 4421 2327 4490 stipendia
2363 4435 2485 4474 eum
2524 4434 2868 4489 comparasse
2894 4417 3091 4487 putas?
3121 4414 3235 4485 Nisi
3272 4415 3368 4470 tibi
3401 4430 3520 4470 mo-

272 4509 684 4580 σοχριστότατος
718 4511 815 4563 καὶ
835 4510 1294 4582 φιλοχρυσότατος
1322 4511 1595 4584 τύραννος
1617 4555 1633 4581 ,
1664 4515 1726 4568 τὸ
1753 4516 1849 4569 τοῦ

270 4601 473 4672 χρυσοῦ
505 4601 843 4671 ἀνδράποδον
870 4642 884 4663 ,
919 4605 948 4655 6
994 4603 1087 4655 τὸν
1120 4603 1314 4657 Λύδιον
1345 4606 1557 4659 ἀκεῖνον
1595 4607 1661 4677 τῇ
1705 4606 1854 4677 φιλο-

270 4693 461 4762 χρύσῳ
522 4695 691 4766 μανίᾳ
755 4696 1222 4769 ὑπερϐαλόμενος,
1273 4698 1368 4752 καὶ
1422 4697 1544 4750 θεὸν
1586 4698 1679 4750 τὸν
1723 4715 1855 4770 χρυ-

275 4781 365 4834 σὺν
430 4781 570 4850 μετά
630 4785 732 4850 τῆς
795 4782 1010 4847 κοιλίας
1060 4785 1407 4856 ἡγούμενος*
1466 4784 1494 4834 6
1548 4782 1852 4854 βαρύτατος

275 4871 572 4942 φορολόγος
592 4913 607 4936 ,
660 4873 755 4926 καὶ
791 4875 1164 4945 ἀπαραίτητος
1184 4917 1201 4940 ,
1232 4875 1324 4927 τὸν
1358 4874 1541 4928 κλοιὸν
1570 4873 1684 4926 τῶν
1716 4874 1854 4929 ὐπο-

276 4963 457 5034 φόρων
505 4964 588 5026 είς
632 4964 714 5017 ὅτι
761 4965 994 5035 μάλιστα
1055 4966 1434 5037 κατεϐἀρυνε,
1489 4968 1713 5036 συχναῖς
1758 4967 1854 5020 καὶ

278 5053 515 5121 ἐτησίοις
552 5054 900 5127 προσθήκαις
955 5058 1064 5111 τῶν
1110 5058 1464 5129 τελεσμάτων
1493 5094 1513 5121 ,
1563 5058 1690 5120 τοὺς
1750 5056 1851 5128 τῆς

277 5148 549 5220 γεωργίας
578 5148 828 5212 ἅπαντας
875 5150 1077 5216 πιέζων
1112 5153 1207 5206 καὶ
1245 5151 1563 5207 ἀποθλίϐων
1602 5166 1853 5221 παρανο-
1894 5197 1901 5203 .

346 5322 397 5358 ⁸⁸
433 5325 580 5382 Psal.
608 5342 682 5392 tv,
710 5328 765 5383 3.
862 5383 870 5390 ,

351 5500 464 5575 (88)
491 5502 717 5577 Videtur
754 5505 895 5577 loqui
934 5504 1275 5574 Nicephorus
1314 5508 1383 5562 de
1422 5507 1605 5577 aliqua
1642 5503 1850 5574 Cupro-

283 5574 445 5641 nymo
475 5585 657 5627 creeta
690 5574 883 5641 insigni
918 5585 1114 5630 statua.

264 5648 269 5663 '
355 5641 466 5711 (89)
494 5641 692 5717 Midam
725 5644 945 5709 scilicet,
977 5646 1117 5717 quod
1150 5662 1344 5717 nomen
1387 5647 1619 5717 imponit
1643 5645 1854 5717 Capro-

291 5726 449 5782 nytuo
492 5711 825 5781 Nicepliorus
876 5711 1039 5769 etiam
1071 5715 1122 5768 iu
1164 5711 1557 5784 Breviario,'ad
1601 5734 1694 5770 uu.
1726 5711 1852 5780 767,

1957 4513 2124 4568 lestus
2150 4522 2231 4567 est
2260 4526 2460 4578 sermo,
2487 4512 2609 4565 audi
2635 4520 2689 4565 et
2716 4525 3004 4583 cognosce.
3032 4510 3234 4566 Christi
3261 4511 3522 4568 inimicis-

1958 4603 2151 4667 simus,
2183 4603 2300 4657 auri
2331 4601 2738 4656 amantissimus
2770 4611 3054 4671 tyrannus,
3097 4603 3342 4670 pecunia:
3370 4617 3526 4656 mau-

1959 4696 2183 4764 cipiutn,
2217 4695 2307 4762 qui
2344 4693 2547 4765 Lydum
2584 4693 2732 4747 illum
2770 4692 2883 4765 (89)
2927 4692 3044 4748 auri
3094 4694 3284 4749 insana
3321 4695 3529 4765 cupidi-

1962 4797 2072 4842 tate
2100 4785 2371 4853 vincebat,
2417 4784 2571 4857 141
2620 4800 2924 4856 aurumque
2986 4801 3050 4841 ac
3123 4796 3372 4843 ventrem
3406 4794 3531 4843 loco

1958 4878 2052 4932 Dei
2086 4878 2341 4943 habebat,
2385 4889 2610 4932 exactor
2637 4878 2997 4946 gravissimus
3047 4887 3104 4934 et
3144 4878 3525 4940 inexorabilis,

1959 4968 2369 5024 tributariorum
2419 4967 2630 5023 clavum
2675 4970 2849 5040 magis
2888 4970 3168 5039 magisque
3197 4971 3530 5039 aggravabat

1958 5058 2334 5127 frequentibus
2402 5061 2708 5130 annuisque
2759 5061 3113 5115 tributorum“
3144 5060 3526 5124 incrementis,

1959 5149 2225 5218 agricolas
2246 5163 2435 5206 omnes
2457 5165 2710 5221 premens
2733 5160 2789 5206 et
2812 5150 3124 5220 opprimens
3148 5148 3528 5219 iniustissime,

1957 5521 2065 5575 quo
2095 5506 2214 5561 loco
2261 5517 2448 5561 narrat
2478 5515 2647 5560 totutn
2691 5520 2829 5573 pene
2869 5509 3081 5578 imperii
3112 5525 3303 5566 aurum
3350 5511 3419 5566 ab
3447 5512 3538 5567 illo

1962 5578 2011 5629 iu
2038 5579 2321 5652 “tergiqu
2347 5592 2524 5652 suum
2568 5588 2879 5652 congestum
2913 5581 3117 5652 fuisse,
3150 5582 3396 5652 spoliatis
3442 5599 3540 5652 po-

1962 5599 2011 5629 Ill
2068 5599 2321 5631 aerarium
2366 5599 2524 5631 suqu
2568 5599 2879 5646 cungcsuml
2913 5599 3117 5640 totsse.
3150 5599 3396 5652 SpOIIatlS
3479 5601 3533 5633 0-

1961 5646 2120 5726 p‘ulis.
2152 5643 2513 5726 Theophanes
2552 5648 2716 5701 etiam
2750 5647 2946 5704 Chron.
2977 5653 3062 5707 ed.
3097 5651 3270 5708 Paris.
3310 5670 3363 5726 p.
3399 5599 3533 5718 695,

1961 5714 2357 5787 Coprouymum
2411 5714 2564 5771 Midae
2621 5729 2923 5788 comparat.
