3898 6150
397 345 503 414 515

398 453 535 507 adeo
563 457 622 502 ut
663 460 769 498 uno
817 449 1038 495 nummo
1089 447 1187 487 aur

400 540 709 600 substantia
741 535 844 590 emi
895 531 1054 586 facile
1084 532 1289 597 posset.
1333 519 1464 572 Novi
1519 531 1619 585 ego
1651 515 1976 567 tributorum

2129 495 2327 568 ιωργοῦ
2368 495 2587 546 ἃπασαν
2603 528 2616 552 ,
2647 487 2772 554 εὐχε

2343 585 2365 598 αι
2499 581 2519 600 \
2541 598 2553 600 A
2573 597 2631 600 ..η
2651 579 2726 600 1.--
2746 595 2772 600 .-

2083 592 2258 658 ἔγωγε
2299 585 2408 638 τῶν
2439 581 2558 636 τελε
2566 597 2597 633 σ
2603 579 2789 648 μάτων

2083 655 2362 751 δένδρεσιν
2402 674 2629 744 ὑψηλοῖς
2672 687 2730 722 τε
2771 668 2867 722 καὶ
2899 665 3171 735 εὐμήκεσι
3195 701 3211 726 ,
3243 657 3446 731 χειρῶν
3490 655 3669 726 eam..-

2090 747 2287 844 μένους
2329 765 2622 836 ἐκκρεμεῖς
2652 801 2666 824 ,
2700 759 2777 822 ῶς
2820 757 2915 810 ἐπὶ
2958 755 3051 809 τὸν
3084 754 3226 824 ἀέρα
3271 752 3362 804 ἐπὶ
3396 747 3530 802 πολύ
3570 763 3669 815 με·

402 650 564 689 rausa
606 628 848 684 infelices
878 623 1128 676 homines
1180 613 1346 668 celsis
1399 609 1750 676 procerisque
1778 600 1983 656 arbori-

402 722 504 777 bus
540 718 792 773 manibus
820 710 1040 782 illigatis
1077 716 1395 772 suspensos,
1430 701 1501 752 ita
1549 706 1606 750 ut
1642 698 1694 748 in
1729 706 1854 747 aere
1891 690 1980 743 diu

407 813 514 865 alte
544 810 876 878 penderem;
919 809 1080 868 atque
1119 797 1261 850 hanc
1287 793 1540 847 acerbam
1583 787 1986 852 violentamque

410 906 695 978 pertulisse
751 913 994 969 patriam,
1038 893 1164 963 quia
1208 888 1432 957 publica
1486 884 1688 938 tributa
1728 864 1987 933 solvendo
2085 862 2288 933 τεωρίξ

2093 930 2284 1023 ροντας
2324 947 2616 1018 τιμωρίαν,
2651 942 2858 1012 ἀπορίᾳ
2881 938 2991 991 τῶν
3019 936 3302 1005 δημοσίων
3328 933 3524 1003 ,φόρων
3551 949 3566 961 ο
3608 930 3672 981 σὺ

2089 1018 2146 1096 δέ
2180 1043 2283 1094 οὐκ
2324 1036 2559 1107 αἰσχύνῃ
2607 1033 2701 1087 καὶ
2749 1028 2996 1098 καταδύῃ
3037 1025 3146 1078 τῶν
3185 1023 3357 1086 πέλας
3395 1022 3495 1091 τὴν
3527 1018 3676 1089 ζωὴν

2091 1129 2579 1202 ἐκκαρπούμενος,
2633 1124 2733 1177 καὶ
2782 1122 2880 1185 τὰς
2927 1120 3138 1189 σάρκας
3193 1115 3303 1169 τῶν
3355 1112 3673 1184 ὁμοφύλων,
3729 1171 3734 1176 _

2096 1223 2296 1294 μᾶλλον
2343 1221 2400 1274 δὲ
2434 1218 2612 1290 ψυχὰς
2649 1214 2822 1277 αὐτὰς
2844 1251 2860 1276 ,
2895 1212 3112 1283 μικροῖς
3155 1207 3443 1276 σταθμίοις
3493 1207 3673 1274 ἐμπο-

2097 1314 2420 1385 ρευόμενος·
2477 1310 2575 1364 καὶ
2612 1307 2828 1376 τρυφὴν
2869 1305 3042 1370 ἰδίαν,
3094 1302 3188 1354 καὶ
3235 1298 3428 1369 κέρδος
3480 1296 3677 1365 ἐπιζή-

2099 1421 2241 1474 μιον,
2273 1406 2372 1467 τάς
2403 1399 2694 1470 ἀλλοτρίας
2723 1395 3016 1467 συμφορὰς
3067 1391 3433 1463 ἐργαζόμενος
3475 1388 3676 1458 (τη-η);

411 1013 514 1050 non
552 1004 729 1048 erant.
757 989 836 1042 Tu
880 1001 1007 1039 vero
1039 999 1142 1036 non
1189 977 1469 1034 erubescis
1508 987 1683 1041 neque
1717 968 1853 1024 infra
1889 969 1986 1020 hu-

415 1102 559 1140 mum
588 1095 638 1138 te
665 1082 840 1141 abdis,
872 1079 962 1146 qui
994 1073 1364 1145 proximorum
1389 1078 1606 1122 tuorum
1632 1064 1796 1116 vitam
1827 1060 1989 1112 devo-

417 1194 526 1241 ras,
557 1185 612 1231 et
648 1171 988 1242 pOptIIariuul
1022 1179 1214 1220 carnes
1243 1163 1352 1215 imo
1379 1160 1559 1228 potius
1591 1157 1736 1223 ipsas
1757 1150 1988 1213 animas,

417 1272 518 1324 levi
547 1268 664 1320 auri
691 1262 930 1333 pondere
949 1257 1134 1312 vendis
1160 1271 1175 1320 ;
1209 1269 1271 1306 ac
1290 1264 1408 1306 tuas
1427 1249 1650 1304 delicias
1676 1245 1994 1308 [uotumque

416 1362 709 1416 exitiosum
744 1356 953 1409 alienas
985 1349 1330 1404 calamitates
1358 1340 1534 1396 facis?

491 1559 584 1612 76.
621 1556 746 1610 Ideo
779 1564 832 1606 tu
879 1546 1092 1618 imperii
1131 1539 1490 1598 diuturnitate
1515 1544 1567 1589 et
1597 1533 1858 1588 felicitate
1885 1526 1997 1597 glo-

423 1649 629 1705 riaris?
657 1646 862 1713 Magum
897 1639 991 1694 tibi
1017 1637 1270 1690 videntur
1293 1645 1378 1684 res
1415 1636 1730 1698 praesentes,
1770 1632 1823 1678 et
1851 1622 1996 1676 omni

423 1736 787 1794 admiratione
854 1726 1065 1799 dignae?
1129 1725 1425 1778 Comrn0ve
1491 1718 1751 1783 deinceps
1812 1723 1997 1767 contra

1427 321 1488 381 s.
1529 311 1952 380 NICEPHOBI
1981 265 2486 370 PATRIARCIL’E
2521 293 2633 355 cr.

1191 446 1256 486 eo
1303 426 1556 482 universa
1592 421 1694 475 viri
1725 417 1980 488 agricolas
2011 451 2021 473 λ

2129 408 2344 469 ιῶτατα,
2378 402 2452 464 ὼς
2497 399 2615 460 ἐνὸς
2656 391 2918 464 χρυσίνου
2961 389 3061 460 τὴν
3101 381 3426 457 περιουσίαν
3465 377 3656 448 ἀνδρὸς

3550 269 3659 334 516

2781 483 2887 554 ρῶς
2918 483 2984 536 ἀν
3013 498 3098 542 τις
3135 477 3442 546 ἐξωνήσατο
3462 486 3480 504 ο
3505 468 3658 523 ἐἶδον

2836 575 3001 645 χάριν
3039 567 3365 640 ἀνθρώπους
3400 563 3620 626 ἀθλίους
3649 603 3663 625 ._

2291 859 2485 922 εσθαι,
2513 855 2610 909 καὶ
2649 851 2858 920 ταύτην
2891 847 3097 918 πικράν
3127 845 3221 899 καὶ
3252 843 3435 914 βιαίαν
3483 838 3672 908 διαφέ-

2167 1522 2274 1582 ος-’.
2317 1512 2416 1566 Διά
2462 1511 2622 1566 τοῦτο
2665 1507 2953 1580 ἐπαγάλλῃ
3002 1507 3116 1568 τοῖς
3145 1503 3359 1574 χρόνοις
3409 1501 3508 1554 καὶ
3559 1503 3681 1563 ταῖς

2101 1607 2424 1678 εὐημερίαις
2451 1621 2464 1669 ;
2501 1603 2714 1675 μεγάλα
2747 1618 2829 1653 σοι
2851 1600 2919 1652 τὰ
2951 1596 3204 1671 παρόντα
3225 1594 3321 1648 καὶ
3354 1593 3446 1646 τοῦ
3481 1592 3684 1654 παντὸς

2103 1700 2383 1770 θαύματος
2409 1695 2536 1761 ἄξια
2563 1714 2578 1761 ;
2612 1693 2767 1748 Κίνει
2789 1691 2976 1745 λοιπὸν
3009 1689 3153 1742 κατά
3191 1687 3286 1740 τοῦ
3315 1687 3552 1740 κτίστου
3584 1685 3685 1754 τὴν

423 1775 787 1794 αμα-..μηνυν
856 1775 1057 1799 Wo"---
1690 1775 1703 1783 _

421 1828 738 1882 Creatorem
773 1821 1006 1888 linguam
1043 1831 1057 1869 :
1088 1823 1328 1866 armatas
1358 1809 1623 1862 adversus
1650 1803 1998 1874 Unigenitum

2129 1793 2393 1845 -λῶσσανο
2435 1787 2626 1851 ὃπλιζε
2667 1785 2810 1838 κατά
2855 1782 2957 1851 τῆς
3001 1780 3096 1834 τοῦ
3131 1777 3477 1846 Μονογενοῦς
3525 1775 3687 1846 δόξης

2150 1887 2157 1888 ,
2305 1885 2326 1888 μ
2513 1880 2569 1888 -.-
2641 1879 2692 1888 -ι
2821 1876 2863 1888 -ν
3001 1874 3015 1888 ι
3129 1873 3152 1888 η
3242 1873 3255 1888 ι
3288 1869 3324 1888 γε
3367 1868 3427 1888 ηε
3454 1887 3466 1888 κ
3521 1867 3687 1888 ιῚΔνεν.-

424 1934 615 1972 exsere
650 1928 879 1968 manus:
916 1917 1204 1961 contemne
1227 1901 1528 1962 Christum,
1551 1898 1678 1967 quia
1721 1895 1774 1949 in
1801 1904 2001 1949 terram

426 2004 741 2064 adveniens,
799 1995 987 2052 humili
1034 1992 1234 2061 vilique
1288 1989 1469 2056 specie
1521 1984 1797 2055 apparuit,
1843 1992 2006 2050 atque

427 2093 668 2145 omnium
697 2084 1097 2157 pauperrimus,
1127 2093 1300 2148 neque
1327 2078 1532 2130 habens
1585 2074 1674 2128 ubi
1713 2081 2006 2141 caput‘re-

431 2182 686 2243 clinaret,
737 2174 990 2242 vulpibus
1017 2170 1315 2236 avibusque
1351 2165 1619 2235 egentior,
1649 2164 1867 2218 brevem
1903 2161 2010 2214 dis-

431 2271 733 2340 cipulorum
768 2279 1054 2320 numerum
1094 2261 1343 2322 trahens,
1401 2266 1563 2324 atque
1597 2255 1697 2308 hos
1724 2266 1921 2320 egenos
1945 2265 2010 2306 ac

435 2375 704 2433 pauperes
755 2376 770 2412 :
819 2354 977 2408 morti
1019 2351 1347 2419 turpissima:
1401 2362 1500 2401 ceu
1537 2343 1842 2398 maleficum
1882 2355 2011 2394 son-

436 2462 655 2520 temque
696 2448 936 2502 addicito
969 2463 983 2498 :
1018 2443 1185 2497 irride
1218 2453 1438 2494 crucem
1471 2447 1634 2503 atque
1672 2433 2009 2504 passionem,

435 2561 597 2617 quam
643 2543 718 2596 tui
744 2554 908 2595 causa
952 2535 1119 2592 subiit
1157 2549 1173 2588 :
1227 2529 1491 2617 prodigiis
1528 2524 1798 2589 diserede,
1844 2523 2010 2576 mira-

437 2639 562 2693 cula
597 2637 822 2703 despue,
867 2629 1098 2683 hnlihrio
1155 2624 1291 2680 habe
1332 2605 1455 2676 cum
1503 2618 1706 2674 Iudaeis
1759 2627 2010 2669 resurre-

434 2735 694 2792 ctionem,
725 2729 948 2796 objurga
982 2721 1373 2792 discipulorum
1407 2717 1662 2785 inopiam,
1703 2713 1822 2767 sine
1853 2725 2018 2780 pecu-

439 2827 554 2888 nia,
612 2824 730 2877 sine
781 2817 1002 2880 baculo,
1062 2829 1167 2868 una
1198 2827 1320 2866 cum
1385 2808 1569 2861 tunica
1608 2815 2018 2874 quaquaversus

444 2924 636 2970 euntes
671 2923 968 2980 aspernare
991 2924 1004 2972 ;
1026 2915 1089 2959 ἰιι
1122 2903 1377 2971 pulchros
1403 2896 1893 2968 evangelizantium
1927 2907 2020 2961 pe—

444 3009 561 3068 des,
589 3004 854 3058 infaustos
910 2999 1164 3053 existima
1209 3010 1223 3048 :
1255 2993 1443 3047 deride
1475 3001 1645 3044 testes
1683 2985 1933 3041 veritatis
1963 2985 2017 3037 in

445 3096 725 3153 dOIOI'ibIIS
777 3104 832 3147 et
897 3089 1224 3142 adversitate
1298 3081 1626 3153 patientes:
1699 3076 2017 3131 facultatum

445 3192 688 3245 omnium
721 3187 988 3254 jacturam
1015 3178 1204 3235 sannis
1260 3185 1611 3245 prosequere,
1645 3182 1699 3224 et
1734 3169 1800 3222 ad
1830 3182 2023 3237 quam-

449 3284 580 3337 libet
606 3275 987 3350 perferendam
1023 3269 1328 3326 molestiam
1382 3265 1748 3325 alacritatem,
1781 3257 2024 3329 pericula

449 3380 734 3446 ipsamque
803 3377 1031 3423 mortem
1100 3358 1365 3416 tolerandi
1427 3355 1675 3410 fiduciam
1755 3350 2023 3419 vitupera.

451 3440 659 3522 Idcirco
691 3461 785 3516 tibi
811 3456 1018 3512 vitandi
1039 3454 1296 3506 videntur
1324 3445 1522 3509 sancti,
1554 3440 1816 3496 amabiles
1845 3447 2024 3492 autem

454 3563 871 3628 persecutores;
907 3547 1033 3616 quia
1056 3545 1131 3597 illi
1160 3540 1379 3612 quidem
1414 3536 1840 3598 succubuerunt,
1870 3529 2030 3583 nihil-

455 3626 561 3721 que
595 3662 774 3702 rerum
823 3639 1169 3712 praesentium
1206 3633 1397 3688 lucrati
1447 3638 1604 3695 sunt;
1632 3635 1688 3680 at
1719 3626 1774 3680 hi
1812 3637 2029 3694 posses-

458 3744 611 3798 sione
641 3738 823 3808 gloria:
851 3750 953 3788 nou
981 3732 1321 3787 exciderunt.
1349 3724 1568 3796 Ignoras
1598 3720 1743 3775 enim
1780 3717 1883 3772 alia
1909 3729 2033 3770 esse

460 3842 775 3888 sanctorum
812 3835 960 3881 recte
996 3823 1263 3883 facinora,
1308 3834 1433 3872 vera
1483 3815 1586 3870 fide
1620 3825 1824 3882 speque
1871 3816 2036 3876 prout

462 3925 562 3994 ipsi
612 3923 859 3998 judieant
923 3917 1104 3986 digna,
1163 3910 1554 3979 sempiternam
1611 3917 1740 3958 vere
1805 3900 2034 3970 gloriam

461 3992 917 4086 splendoremque
968 4014 1287 4075 perpetuum
1322 3996 1724 4068 comparantia.
1756 3992 1827 4047 At
1854 4005 2040 4060 perse-

463 4117 710 4160 cutorum
741 4117 905 4172 prava
965 4107 1090 4152 sunt
1120 4099 1284 4164 epe'ra
1317 4102 1371 4146 et
1415 4089 1670 4151 scelesta,
1705 4093 1759 4139 et
1801 4085 2038 4152 ipsorum

463 4199 733 4252 atheismo
773 4195 933 4259 digna
995 4206 1010 4242 :
1063 4201 1184 4256 qua:
1223 4199 1349 4237 cum
1400 4179 1716 4234 earumdem
1778 4175 2043 4229 memoria

462 4289 654 4343 statim
698 4284 1143 4349 exstinguuntur,
1204 4271 1371 4325 veluti
1402 4268 1583 4322 fumus
1619 4281 1648 4318 a
1696 4264 1914 4318 turbine
1948 4277 2042 4316 ce-

465 4377 693 4433 lerrime
729 4368 1090 4439 dispergitur;
1117 4375 1430 4433 quanquam
1470 4371 1533 4412 ea
1572 4355 1669 4410 tibi
1709 4355 1761 4409 in
1801 4354 2042 4408 admira-

2105 1887 2206 1949 τὰς
2241 1885 2461 1954 χεῖρας’
2511 1879 2790 1943 ἐξουδένου
2821 1874 3057 1944 Χριστὸν
3084 1913 3098 1937 ,
3126 1873 3210 1924 ὅτι
3239 1869 3332 1923 ἐπὶ
3362 1868 3468 1939 γῆς
3518 1867 3688 1921 ἐλθὼν

2107 1974 2370 2036 ταπεινὸς
2409 1971 2568 2040 ὤφθη
2597 1969 2695 2022 καὶ
2721 1964 2950 2034 εὐτελὴς
2975 1963 3033 2016 τὸ
3054 1961 3406 2031 φαινόμενον,
3432 1957 3532 2012 καὶ
3557 1957 3692 2010 πάν-

2107 2084 2216 2121 των
2253 2064 2579 2134 πενέστερος
2605 2103 2619 2127 ,
2666 2060 2762 2113 καὶ
2801 2058 2904 2111 οὐκ
2951 2057 3092 2126 ἔχων
3136 2055 3259 2107 ὅποι
3299 2054 3400 2122 τὴν
3444 2049 3692 2121 κεφαλὴν

2107 2159 2287 2230 κλίνῃ,
2317 2155 2620 2210 ἀλωπέκων
2643 2151 2736 2205 καὶ¹
2771 2147 3036 2203 πετεινῶν
3061 2144 3436 2214 ἀπορώτερος,
3470 2139 3693 2212 ἀριθμῷ

2112 2251 2333 2321 βραχεῖς
2373 2245 2622 2317 μαθητάς
2660 2242 3029 2311 ἐπαγόμενος,
3063 2237 3160 2289 καὶ
3185 2235 3415 2298 τούτους
3443 2233 3688 2303 ἀπόρους

2111 2340 2208 2393 καὶ
2234 2339 2478 2408 πένητας
2498 2321 2766 2403 ’θανάτῳ
2793 2349 2855 2385 τε
2887 2329 3156 2399 αἰσχίστῳ
3183 2323 3271 2381 οἷά
3297 2343 3419 2380 τινα
3451 2324 3693 2395 κακοῦρ-

2111 2448 2209 2498 γον
2243 2431 2337 2483 καὶ
2371 2427 2672 2482 ὑπεύθυνον
2701 2422 3061 2486 καταδίκαζε·
3092 2418 3322 2491 χλεύαζε
3348 2418 3440 2471 τὸν
3463 2415 3696 2486 σταυρὸν

2113 2521 2210 2574 καὶ
2245 2519 2304 2572 τὸ
2333 2517 2506 2580 πάθος
2529 2557 2543 2582 ,
2581 2515 2610 2568 δ
2655 2513 2749 2568 σοῦ
2795 2528 2860 2580 γε
2899 2510 3107 2563 εἵνεκεν
3154 2506 3480 2572 κατεδέξατο
3507 2520 3522 2534 ⁶
3575 2506 3696 2566 ταῖς

2115 2606 2436 2678 θεοσημίαις
2469 2605 2690 2660 ἀπίστει
2719 2642 2734 2666 ,
2775 2603 3005 2668 διάπτυε
3028 2598 3096 2651 τά
3134 2596 3411 2665 θαύματα,
3441 2594 3696 2665 κωμῴδει

2120 2699 2258 2771 μετά
2297 2697 2568 2751 Ἰουδαίων
2609 2695 2707 2765 τὴν
2753 2694 3054 2747 ἀνάστασιν
3087 2688 3184 2760 (ο),
3222 2686 3412 2758 ὐὸριζε
3453 2689 3566 2741 τῶν
3597 2704 3698 2756 μα-

2119 2789 2297 2862 θητῶν
2325 2788 2423 2859 τὴν
2453 2786 2742 2855 ἀκτησίαν,
2767 2783 2843 2847 ὡς
2873 2783 3143 2852 ἀχάλκους
3176 2779 3269 2832 καὶ⁴
3302 2777 3577 2848 ἀράὸδους
3603 2777 3698 2830 καὶ

2122 2881 2489 2952 μονοχίτωνας
2517 2875 2768 2945 πανταχῆ
2803 2873 3119 2944 περιιόντας
3143 2868 3406 2932 εὐτέλιζε,
3437 2868 3537 2921 καὶ
3577 2867 3702 2929 τούς

2121 2972 2358 3044 ὡραίους
2387 2971 2495 3022 τῶν
2538 2965 3046 3036 εὐαγγελιζομένων
3093 2962 3262 3025 πόδας
3295 2960 3702 3031 ἀποτροπαίους

2123 3062 2258 3133 ἡγοῦ
2283 3079 2298 3094 ο
2337 3061 2672 3114 ἀπόσκωπτε
2705 3058 2822 3110 τῶν
2863 3055 3161 3127 μαρτύρων
3191 3054 3291 3123 τῆς
3328 3051 3598 3120 ἀληθείας
3645 3051 3703 3102 τῇ

2049 3139 2091 3196 C
2124 3152 2393 3220 δυσπαθές
2457 3153 2552 3204 καὶ
2610 3150 2956 3220 δυσήμερονο
3019 3145 3117 3216 τὴν
3180 3143 3290 3196 τῶν
3343 3142 3702 3212 ὑπαρχόντων

2125 3242 2384 3296 ἀπάντων
2433 3238 2714 3310 ἀποϐολὴν
2761 3233 3072 3296 ἐπιτώθαζε
3096 3271 3111 3297 ,
3141 3231 3235 3285 καὶ
3273 3229 3335 3282 τὸ
3371 3229 3508 3299 πρὸς
3559 3229 3704 3281 ἇπαν

2125 3333 2298 3387 δεινὸν
2342 3331 2641 3401 αὐτόμολον
2669 3368 2684 3393 ,
2718 3327 2820 3396 τὴν
2851 3325 2992 3379 κατά
3028 3323 3137 3376 τῶν
3183 3321 3446 3376 κινδύνων
3477 3321 3576 3373 καὶ
3613 3317 3704 3371 τοῦ

2129 3425 2364 3480 Θανάτου
2394 3422 2560 3477 αὐτοῦ
2586 3421 2792 3491 τόλμαν
2821 3417 3049 3480 ὀνείδιζε
3071 3432 3086 3447 ο
3121 3414 3211 3466 διὰ
3251 3411 3413 3466 τοῦτό
3450 3428 3534 3464 σοι
3581 3427 3708 3479 φευ-

2130 3522 2249 3574 κτοὶ
2295 3522 2346 3572 οἱ
2386 3518 2533 3587 ἅγιοι
2557 3557 2571 3582 ,
2605 3512 2863 3568 ἐπευκτοὶ
2889 3511 2946 3565 δέ
2975 3511 3022 3563 οἱ
3053 3508 3346 3570 διώκοντες
3370 3547 3386 3574 ,
3417 3507 3498 3559 ὅτι
3522 3507 3574 3558 οἱ
3612 3503 3708 3574 μὲν

2131 3615 2473 3685 ἡττήθησαν,
2502 3612 2597 3664 καὶ
2631 3607 2786 3663 οὐδέν
2816 3623 2868 3658 τι
2906 3603 3017 3656 τῶν
3050 3599 3337 3672 παρόντων
3387 3597 3706 3652 ἀπὼναντοο

2136 3710 2186 3760 oi
2257 3707 2315 3760 δέ
2371 3705 2474 3774 τῆς
2536 3697 2956 3770 ἐνυπαρχούσης
3031 3694 3190 3764 δόξης
3239 3692 3302 3744 οὐ
3357 3690 3659 3761 διήμαρτον
3693 3705 3707 3720 ο

2138 3801 2354 3870 ἀγνοεῖς
2400 3797 2508 3867 γὰρ
2539 3796 2622 3848 ὅτι
2648 3794 2816 3863 ἐτερα
2851 3791 2950 3860 μὲν
2981 3787 3091 3840 τῶν
3117 3785 3289 3854 ἁγίων
3323 3783 3392 3836 τὰ
3429 3781 3710 3852 κατορθώ-

2140 3909 2318 3964 ματα,
2354 3888 2454 3958 τῆς
2480 3886 2650 3948 ὅντως
2678 3884 2915 3944 πίστεως
2957 3880 3049 3933 καὶ
3093 3878 3192 3947 τῆς
3222 3874 3432 3937 ἐλπίδος
3461 3874 3563 3942 τῆς
3595 3870 3712 3925 κατ’

2138 3963 2334 4044 αὐτοὺς
2362 3980 2485 4044 ἄξια
2509 4019 2524 4044 ,
2565 3977 2737 4032 ἀΐδιον
2769 3974 2844 4038 ὡς
2870 3971 3093 4041 ἀληθῶς
3124 3969 3223 4039 τὴν
3265 3966 3427 4044 δόξαν
3478 3967 3575 4018 καὶ
3618 3963 3716 4033 τὴν

2139 4038 2521 4146 λαμπρότητα-
2569 4069 2889 4138 κεκτημένα
2947 4038 3045 4118 καὶ
3105 4038 3559 4124 διαιωνίζουσαψ
3615 4058 3719 4112 τῶν

2139 4167 2444 4222 διωκόντων
2484 4163 2541 4216 δὲ
2578 4160 2760 4230 φαῦλα
2789 4159 2857 4212 τὰ
2885 4156 3025 4228 ἔργα
3077 4154 3175 4208 καὶ
3213 4154 3403 4207 ἀνόσια
3431 4191 3446 4216 ,
3482 4155 3582 4204 καὶ
3624 4150 3723 4219 τῆς

2141 4258 2366 4313 ἐκείνων
2395 4254 2682 4324 ἀθεότητος
2721 4250 2858 4304 ἴδια·
2889 4248 2924 4302 ἀ
2965 4245 3105 4318 μετὰ
3134 4245 3235 4314 τῆς
3270 4245 3491 4314 μνήμης
3543 4242 3723 4298 αὐτῶν

2144 4351 2306 4414 εὐθὺς
2351 4347 2602 4416 ἀπέσϐη,
2649 4343 2839 4414 ὥσπερ
2900 4340 3106 4402 καπνὸς
3168 4337 3273 4391 ὐπὸ
3313 4337 3582 4399 λαίλαπος
3631 4334 3725 4388 τά·

466 4471 619 4523 tione
669 4474 819 4527 sunt,
867 4460 953 4528 qui
990 4455 1352 4527 praesentibus
1400 4456 1610 4504 tantum
1658 4462 1718 4502 es
1772 4447 2020 4500 addictus

2153 4460 2318 4516 χιστα
2360 4436 2805 4506 σκεδαννύμενα,
2845 4434 2943 4487 καὶ⁵
2993 4431 3075 4484 σοί
3105 4446 3168 4498 γε
3221 4428 3568 4500 θαυμάζεται
3616 4428 3726 4488 τοῖς

474 4559 786 4624 nullamque
821 4550 1184 4620 repositorum
1236 4543 1417 4616 dignis
1478 4542 1743 4597 bonorum
1773 4537 1826 4591 in
1863 4534 2048 4589 futuro

459 4665 585 4705 aevo
608 4662 758 4717 spem
789 4648 958 4702 foves.

538 4857 635 4910 ‘77.
681 4852 831 4908 Risui
865 4848 959 4905 tibi
989 4857 1110 4902 esto
1132 4852 1446 4902 sanctorum
1469 4851 1524 4898 et
1548 4847 1858 4895 asuetarum
1891 4835 2044 4888 viro-

471 4965 597 5004 rum
628 4947 762 5010 vita,
786 4941 879 5012 qui
934 4943 988 4995 in
1029 4953 1258 5007 corpore
1292 4934 1566 5005 angelicos
1618 4941 1674 4986 et
1733 4929 1850 4984 sine
1881 4939 2050 4980 carne

475 5054 657 5095 mores
705 5038 1104 5091 demonstrant.
1141 5027 1372 5084 Maledie
1413 5022 1782 5080 continentiae,
1824 5015 2049 5072 humili-

473 5133 602 5197 tati,
634 5126 1062 5188 mansuetudini,
1089 5122 1330 5185 silentio,
1378 5115 1671 5186 patientiae,
1697 5109 2052 5170 chameuniae,

477 5219 812 5290 pauper-tati,
844 5213 1147 5275 solitudini,
1197 5209 1380 5263 mundi
1419 5205 1927 5268 mundanarumque
1962 5213 2048 5251 re-

478 5327 598 5365 rum
637 5311 794 5378 fugze,
825 5317 884 5362 et
915 5305 1038 5360 aliis
1069 5303 1266 5372 quibus
1304 5301 1444 5355 Deus
1487 5295 1795 5351 delectatur
1835 5299 1888 5344 et
1920 5303 2055 5358 gau-

551 5504 714 5571 (m-n)
735 5499 1058 5571 Copronymi
1088 5495 1370 5571 avaritiam
1386 5489 1825 5571 et‘subditorum
1849 5484 2052 5556 spolia-

479 5562 659 5626 tiones
693 5562 1266 5624 memorat'Cedrenus
1299 5579 1349 5631 p.
1375 5562 1503 5616 462.

558 5624 653 5710 (ογ
687 5641 920 5694 Caesaris
973 5639 1135 5710 hujus
1166 5624 1501 5710 impietatem
1541 5643 1603 5682 ac
1645 5641 1810 5710 prope
1843 5624 2045 5710 athenis.

487 5695 630 5764 muni
671 5726 774 5764 non
799 5695 1088 5777 exaggerat
1126 5708 1213 5758 hic
1251 5695 1610 5770 Niccpliorus,
1645 5695 1738 5753 Sed
1772 5711 1896 5751 cum
1928 5695 2049 5748 aliis

2157 4533 2398 4605 παροῦσι
2462 4531 2624 4601 μόνον
2665 4524 3078 4596 προσηλωμένῳ
3103 4563 3117 4587 ,
3167 4522 3263 4576 καὶ
3307 4521 3566 4590 οὐδαμῶς
3626 4519 3728 4571 τῶν

2151 4623 2536 4694 ἀποκειμένων
2580 4621 2638 4672 ἐν
2660 4619 2737 4689 τῷ
2775 4617 3024 4689 μέλλοντι
3055 4617 3170 4678 τοῖς
3203 4611 3376 4678 ἀξίοις
3419 4611 3646 4681 ἀγαθῶν
3675 4611 3728 4662 ἐν

2150 4716 2364 4770 ἐλπίσιν
2391 4713 2712 4784 ὑπάρχοντι.

2219 4829 2315 4893 οξ.
2359 4827 2537 4888 Γέλως
2576 4841 2659 4878 σοι
2686 4822 3000 4894 προκείσθω
3026 4820 3136 4874 τῶν
3161 4822 3324 4873 ὁσίων
3355 4819 3450 4872 καὶ
3476 4816 3727 4888 ἀσκητῶν

2153 4920 2362 4993 ἀνδρῶν
2386 4921 2413 4972 ὁ
2434 4919 2545 4989 βίος
2563 4918 2660 4987 (p),
2677 4913 2756 4978 οἷς
2771 4919 2826 4968 ἐν
2847 4913 3058 4984 σώματι
3071 4913 3133 4966 τὸ
3149 4911 3439 4980 ἀγγελικὸν
3462 4911 3730 4979 καὶάσαρ-

2156 5030 2250 5066 κον
2264 5010 2652 5064 ἐπιδείκνυται·
2674 5007 2894 5075 διάσυρε
2913 5006 3012 5074 τὴν
3037 5003 3389 5075 ἐγκράτειαν,
3416 5001 3516 5072 τὴν
3540 5015 3726 5053 ταπει-

2157 5103 2518 5174 νοφροσύνην,
2537 5100 2598 5152 τὸ
2613 5101 2810 5170 πρᾶον,
2832 5097 3129 5167 τδῆσυχον,
3153 5095 3215 5147 τὸ
3242 5093 3620 5164 μακρόθυμον,
3641 5087 3730 5157 τὴν

2158 5193 2485 5269 χαμευνίαν,
2515 5192 2617 5251 τὴν
2647 5189 2916 5260 ἀκτησξαν
2938 5229 2952 5252 ,
2984 5188 3083 5257 τὴν
3113 5185 3353 5256 ἐρημίαν
3379 5223 3394 5245 ,
3432 5184 3494 5238 τὸ
3526 5182 3728 5250 κόσμου

2161 5265 2256 5338 καί
2283 5282 2392 5337 τῶν
2437 5283 2495 5334 ἐν
2537 5279 2726 5349 κόσμῳ
2759 5274 3124 5348 χωρίζεσθαι,
3157 5275 3252 5327 καὶ
3288 5272 3460 5356 τᾶλλα
3494 5265 3578 5331 οἷς
3605 5265 3728 5327 Θεὸς

2164 5477 2444 5536 historicis
2470 5489 2600 5529 vere
2630 5473 2879 5527 affirmat.

2232 5552 2308 5620 (p)
2385 5545 2672 5614 Singulare
2715 5541 3058 5620 _(lopronytni
3111 5540 3372 5619 adversus
3443 5537 3730 5620 monachos

2159 5606 2345 5745 pdinnt
2368 5629 2420 5698 e_t
2458 5606 2890 5683 pcrsccutionem
2949 5606 3178 5666 narrant
3208 5610 3407 5678 passim
3455 5606 3730 5677 Byzantini

2178 5701 2422 5745 itslorICI.
