3898 6150
392 343 494 438 539

1417 378 1475 436 S.
1518 375 1935 436 NICEPHORI
1975 375 2480 435 PATRIARCI-LE
2520 376 2629 435 (ΣΡ.

3538 380 3644 443 520

391 487 474 538 cia
528 482 740 536 illorum
777 493 830 537 et
865 482 1197 537 imitationes
1263 481 1488 533 omnino
1554 481 1963 544 exterminavit,

2076 495 2128 530 τε
2168 474 2233 531 αὖ
2270 479 2364 530 xui
2416 496 2472 530 τε
2485 479 2643 548 μένη,
2679 479 2735 531 ὲν
2771 472 2851 542 οἷς
2886 481 2993 531 τῶν
3037 472 3306 552 βδελυρῶν
3347 482 3639 554 δαιμονίων

396 572 600 640 Deique
632 573 894 626 rohoraus
914 574 1337 636 confessionem,
1365 587 1522 625 sacra
1555 570 1754 639 templa
1781 579 1967 624 nostra

391 665 636 717 Cttttditlii
718 676 772 718 et
831 667 1088 729 ornavit,
1136 665 1518 718 liberalitatem
1573 663 1865 732 plurimam
1916 670 1971 715 et

393 753 897 822 magnanimitatem
931 770 1056 822 erga
1112 768 1174 807 ea
1257 766 1602 819 exprotnens,
1633 749 1965 802 libertatem-

391 861 497 915 que
519 856 574 898 et
598 845 850 898 fiduciam
881 845 1211 898 Christianis
1251 843 1481 912 largitus
1508 850 1610 895 est.
1637 839 1778 906 Quin
1803 840 1968 893 etiam

396 941 447 992 in
483 939 754 1008 religiosis
804 955 832 992 a
873 953 931 991 se
968 937 1213 991 funditus
1248 937 1539 990 mdilieatis
1585 936 1692 990 Deo
1755 934 1969 1002 templis

392 1048 544 1085 Sacra
565 1032 804 1102 symbola
833 1047 1036 1099 magna:
1066 1031 1154 1084 Dei
1181 1032 1518 1094 mcpnornite,
1542 1029 1896 1099 prodigiaque
1915 1037 1969 1081 et

391 1123 573 1174 divina
609 1123 760 1190 signa
798 1133 853 1175 et
907 1122 1109 1174 Christi
1154 1132 1580 1189 sanctorumque
1617 1121 1732 1188 ejus
1759 1119 1966 1186 passio-

392 1228 487 1267 nes
515 1217 793 1283 perspicue
825 1215 1147 1283 magnisque
1180 1215 1444 1281 impensis
1477 1212 1847 1282 depingendas
1873 1226 1970 1265 cu-

391 1306 549 1364 ravit.
586 1307 744 1373 idque
774 1307 936 1361 etiam
970 1308 1020 1357 itt
1063 1291 1240 1358 sacris
1271 1305 1415 1358 vasis
1453 1304 1694 1372 alibique
1734 1304 1969 1357 honora-

393 1396 574 1449 biliter
604 1398 802 1450 elleeit.
837 1397 1012 1464 Atque
1047 1397 1173 1450 hinc
1201 1398 1374 1451 sacris
1399 1397 1608 1450 uadibus
1638 1408 1888 1450 ornatum
1915 1403 1970 1447 et

393 1490 858 1555 pulchritudinem
915 1488 1250 1548 conciliavit,
1289 1488 1456 1540 divini
1511 1485 1673 1540 simul
1723 1485 1967 1555 mysterii

391 1581 669 1648 explicans
699 1583 1113 1648 edisserettsque
1146 1581 1274 1644 vim,
1311 1589 1364 1634 et
1409 1589 1742 1648 spectatores
1779 1579 1844 1633 ad
1878 1595 1968 1631 re—

393 1673 610 1742 ligionis
657 1675 976 1728 memoriam
1023 1675 1291 1736 excitans,
1335 1688 1400 1727 eo
1451 1673 1608 1741 plane
1650 1672 1810 1724 modo
1861 1683 1970 1738 quo

393 1774 682 1818 narrantur
710 1767 776 1818 ab
827 1765 1156 1832 Evangeliis,
1185 1780 1304 1834 qua:
1340 1775 1467 1816 sunt
1532 1763 1724 1816 barum
1783 1775 1966 1815 rerum

2070 568 2378 622 ἐπετελείτο
2405 570 2437 638 ή
2463 568 2750 639 θεραπεία,
2790 571 2851 622 ἐκ
2883 561 3101 641 βάθρων
3132 569 3313 624 αὐτῶν
3345 589 3647 643 καταστρε-

2069 659 2332 728 ψάμενος,
2371 659 2568 721 Θυσίας
2595 677 2652 711 τε
2695 660 2874 713 αὐτῶν
2922 663 3018 713 xui
3057 661 3282 724 τελετὰς
3315 665 3549 733 πάμπαν
3589 666 3649 718 ὲκ

2075 750 2254 802 ποδῶν
2303 751 2700 820 ἐργαζόμενος,
2750 751 2849 814 τὰς
2893 751 2951 804 δὲ
2999 753 3136 823 πρὸς
3177 754 3309 807 Θεὸν
3362 757 3648 827 κρατύνων

2069 841 2386 911 ὁμολογίας,
2421 843 2551 905 τοὺς
2583 841 2704 895 καθ’
2730 844 2880 912 ἡμᾶς
2921 845 3102 914 ἱεροὺς
3130 847 3290 909 ναοὺς
3311 847 3647 917 άνεστήσατο

2070 935 2166 986 xui
2200 934 2496 1003 ὲφαίδρυνε
2520 973 2534 998 ,
2569 935 2905 1005 φιλοτιμίαις
2937 937 3010 999 ὼς
3043 937 3326 1002 πλείσταις
3352 941 3447 992 xui
3480 957 3647 1009 μεγα-

2069 1022 2354 1092 λοψυχίαις
2383 1024 2463 1086 είς
2497 1024 2696 1084 αὐτοὺς
2719 1025 2800 1076 ὅτι
2831 1025 3065 1093 μάλιστα
3087 1025 3392 1096 χρώμενος,
3426 1029 3521 1081 xui
3549 1031 3647 1097 τήν

2069 1133 2127 1169 τε
2155 1115 2472 1186 ἐλευθερίαν
2495 1117 2588 1169 xui
2613 1118 2922 1188 παρρησίαν
2948 1119 3294 1186 Χριστιανοτς
3320 1119 3643 1190 ἐχαρίσατοο

2069 1209 2130 1261 οὐ
2179 1208 2286 1278 μὴν
2315 1207 2372 1259 δὲ
2403 1207 2539 1262 ἀλλὰ
2569 1208 2664 1260 xui
2716 1209 2860 1260 κατὰ
2887 1209 3015 1271 τοὺς
3064 1210 3399 1278 σεδασμίους
3438 1210 3642 1274 οἴκους,

2069 1297 2162 1361 οὓς
2217 1296 2379 1362 αὐτὸς
2414 1297 2490 1365 τῷ
2534 1296 2652 1366 Θεῴ
2695 1298 2760 1350 ὲκ
2807 1296 3076 1366 θεμελίων
3124 1297 3350 1366 ἀνίστηο
3400 1297 3472 1350 τὰ
3530 1299 3646 1368 ἱερὰ

2073 1389 2321 1460 σύμϐολα
2369 1389 2470 1458 τῆς
2514 1390 2759 1459 μεγάλης
2796 1389 2886 1442 τοῦ
2923 1389 3057 1442 Θεοῦ
3105 1389 3458 1459 οἰκονομίας,
3512 1389 3645 1442 θαύ-

2073 1482 2220 1552 ματά
2243 1499 2302 1534 τε
2355 1483 2449 1535 xui
2479 1481 2782 1550 θεοσημίας
2815 1480 2910 1533 xui
2941 1481 3275 1551 παθήματα,
3308 1482 3450 1552 πρὸς
3486 1480 3547 1534 δέ
3581 1497 3644 1548 γε

2070 1575 2166 1627 xui
2195 1574 2261 1627 τά
2285 1576 2394 1626 τῶν
2422 1573 2592 1640 ἁγίων
2617 1574 2804 1636 αὐτοῦ,
2838 1573 3024 1639 σαφῶς
3051 1577 3144 1626 xui
3171 1573 3477 1636 πολυτελῶς
3503 1573 3644 1638 ἑξειο

2072 1665 2301 1729 κονίζων
2348 1665 2663 1736 διέγραφεν,
2713 1665 2770 1718 ἔν
2814 1681 2873 1716 τε
2921 1667 3032 1726 τοῖς
3075 1667 3240 1733 ίεροῖς
3289 1664 3508 1717 σκεύεσι
3553 1666 3645 1717 καὶ

2071 1755 2298 1824 ἑτέρωθι
2331 1756 2584 1824 πράττων
2616 1753 2934 1824 τετίμηκεν,
2967 1754 3222 1808 ἐντεῦθέν
3252 1772 3311 1808 τε
3354 1756 3522 1808 οἴκων
3555 1757 3644 1810 τὸν

400 1858 713 1911 testimonia
752 1844 1085 1911 'iudelebilia.
1136 1857 1253 1926 Ipsa
1301 1857 1484 1925 itaque
1527 1855 1722 1923 templa
1774 1866 1966 1922 magna

2076 1844 2460 1914 καλλωπισμὸν
2492 1845 2587 1898 xui
2613 1845 2712 1915 τὴν
2737 1844 3054 1916 ὡραιότητα
3078 1847 3472 1916 ἐργαζόμενος,
3507 1848 3644 1918 ὁμοῦ

393 1951 766 2016 immensaque
809 1963 940 2004 voce
989 1949 1370 2003 orthodoxiam
1413 1947 1532 2016 ejus
1555 1946 1795 2001 clamant
1826 1944 1963 2017 (94).

395 2037 582 2105 Neque
629 2053 820 2101 secus,
871 2038 964 2106 qui
1016 2045 1410 2091 conservantur
1489 2037 1666 2090 adhuc
1712 2049 1966 2089 cusorum

397 2129 552 2199 143
587 2130 652 2180 ah
685 2143 752 2182 eo
807 2129 1198 2199 numismatum
1238 2128 1346 2198 typi
1391 2128 1528 2198 (95).
1554 2124 1692 2180 Hinc
1730 2142 1816 2180 res
1847 2125 1966 2178 fcli-

392 2232 529 2272 citer
582 2231 763 2286 gesms
813 2234 1124 2287 cognosce,
1189 2220 1490 2287 qualesque
1534 2228 1590 2272 et
1639 2227 1871 2286 quantas
1903 2216 1969 2270 de

392 2315 667 2365 extraneis
702 2311 957 2365 vit-turias
993 2311 1260 2374 retulerit,
1294 2320 1349 2364 et
1383 2311 1654 2380 quomodo
1682 2310 1752 2363 illi
1797 2311 1970 2376 impc-

397 2404 534 2452 rium
566 2401 891 2468 excreverit,
922 2411 976 2453 et
1025 2401 1130 2453 vita
1169 2416 1424 2468 prospera
1477 2400 1660 2464 fuerit,
1706 2409 1760 2454 et
1793 2399 1969 2453 artatis

395 2495 623 2558 spatium
661 2501 922 2559 quantum
972 2492 1219 2545 humanae
1273 2493 1397 2545 vita:
1429 2492 1641 2545 abunde
1689 2491 1967 2557 convenit,

395 2585 712 2651 expleverit.
735 2582 873 2648 Quid
902 2599 1044 2651 Opus
1060 2595 1142 2637 est
1165 2585 1346 2638 dicere
1363 2599 1522 2652 quam
1554 2583 1785 2637 illustris
1808 2591 1971 2650 atque

396 2675 666 2744 gloriosus
707 2677 883 2743 quoad
935 2675 1070 2728 vixit
1121 2667 1439 2729 exsi'iterit'!
1473 2676 1624 2741 Quod
1657 2675 1701 2729 si
1730 2675 1969 2729 aedifica-

398 2767 602 2817 tiotnuu
633 2779 796 2832 opera
821 2764 1076 2818 admirari
1103 2766 1198 2818 tibi
1227 2765 1424 2834 placet,
1461 2778 1624 2819 cerne
1649 2765 1700 2818 in
1734 2764 1968 2818 transitu

397 2855 717 2927 Byzantium
778 2857 829 2909 in
869 2866 1128 2924 quantam
1187 2857 1412 2924 gloriam
1463 2869 1826 2926 ornatumque
1871 2872 1968 2911 ex-

402 2949 621 3011 tulerit,
669 2957 954 3017 tantopere
991 2963 1215 3017 augens,
1263 2947 1508 3016 pulchris
1559 2948 1832 3002 iuuenibus
1879 2963 1968 3002 se-

400 3045 633 3112 ptisque,
673 3053 831 3110 prout
876 3041 1127 3095 idoneum
1154 3051 1272 3096 erat
1309 3043 1637 3111 recipienda:
1670 3043 1830 3112 regia:
1855 3040 1968 3096 Ro-

399 3147 684 3186 manorum
755 3131 994 3184 stationi.
1067 3131 1178 3185 Cur
1237 3147 1547 3186 enumerem
1614 3133 1962 3186 aedificiorum

401 3221 800 3274 multitudinem
851 3235 913 3274 ac
958 3221 1408 3288 magnitudinem,
1444 3221 1640 3288 quibus
1690 3234 1756 3274 ex
1787 3221 1966 3274 omni—

402 3312 504 3366 bus
539 3325 806 3365 summam
845 3321 930 3364 est
963 3311 1192 3380 gloriam
1223 3313 1472 3380 adeptus,
1508 3327 1627 3380 qua:
1686 3325 1860 3380 neque
1891 3312 1973 3364 vi—

404 3401 650 3456 sentibus
687 3401 846 3454 facile
871 3411 956 3454 est
1003 3401 1485 3470 comprehendere,
1517 3415 1692 3470 neque
1731 3402 1966 3455 scriben-

405 3492 548 3545 tibus
600 3491 860 3559 possibile
909 3502 995 3544 est
1049 3505 1344 3560 exponere.
1392 3489 1562 3558 Perge
1590 3504 1774 3557 porro,
1817 3499 1872 3544 et
1909 3489 1975 3543 ad

403 3583 658 3650 sequiora
708 3590 950 3649 tempora
991 3581 1248 3648 veniens,
1283 3581 1432 3635 disce
1484 3595 1606 3648 qua:
1658 3590 1779 3650 post
1826 3580 1975 3634 illum

407 3689 562 3744 reges
626 3673 950 3726 rectitudine
1017 3675 1325 3741 dogmatum
1399 3673 1606 3740 ρεπιίίιί
1670 3671 1973 3726 eﬂeccrint.

406 3765 602 3833 Specta
638 3765 792 3830 tuihi,
848 3766 893 3818 si
948 3765 1052 3833 vis,
1105 3763 1491 3828 Theodosium,
1541 3772 1598 3816 ut
1627 3763 1694 3816 de
1731 3762 1976 3817 aediﬁciis

406 3872 715 3911 sermonem
745 3857 1080 3919 continuem,
1117 3867 1376 3925 quantum
1425 3854 1674 3908 eamdem
1711 3855 1978 3910 Constan-

407 3951 505 4002 tini
542 3950 728 4002 urbem
766 3947 1107 4017 ampliaverit
1133 3964 1194 4000 ac
1219 3946 1668 4017 niaguilicavcrit,
1703 3955 1756 4000 et
1790 3946 1976 4015 qualia

411 4037 630 4105 templa,
668 4048 852 4105 utpote
875 4038 1119 4090 eamdem
1145 4051 1208 4089 ac
1240 4035 1472 4102 majores
1509 4037 1592 4090 sui
1628 4037 1970 4091 orthodoxia:

407 4127 670 4180 rationem
706 4128 966 4188 retinens,
998 4126 1276 4180 struxerit.
1322 4125 1530 4193 Reputa
1563 4140 1828 4178 annorum
1874 4142 1977 4180 nu-

406 4213 637 4280 merum,
694 4219 784 4286 qui
849 4217 942 4269 tibi
1004 4217 1240 4269 maxime
1288 4217 1436 4269 cordi
1476 4225 1647 4268 estet.
1695 4217 1972 4283 Optabilis,

405 4311 558 4380 regni
593 4311 709 4378 eius
735 4309 1128 4378 prolixitatem,
1156 4317 1206 4359 ιιι
1234 4308 1323 4375 qui
1351 4308 1760 4360 diuturnitatem
1792 4309 1845 4362 in
1871 4309 1975 4363 lioc

408 4401 606 4454 mundo
629 4409 874 4467 exoptas,
902 4408 954 4449 et
979 4395 1154 4450 fluxas
1179 4412 1266 4451 res
1305 4396 1695 4451 absurdissima
1731 4399 1972 4452 adamas.

2071 1937 2163 1989 καὶ
2194 1935 2292 2006 τὴν
2331 1936 2425 1988 τοῦ
2461 1936 2608 1988 θείου
2645 1937 2951 2007 μυστηρίου
3002 1935 3252 2000 ἐξαπλῶν
3296 1939 3392 1991 xui
3420 1939 3645 2009 διατρα-

2072 2027 2179 2080 νῶν
2221 2027 2453 2095 δύναμιν
2477 2066 2490 2090 ,
2523 2027 2618 2080 xui
2665 2028 2793 2090 τοὺς
2830 2026 3141 2097 θεωμένους
3188 2028 3326 2100 πρὸς
3363 2029 3645 2092 εὐσεϐείας

2070 2119 2283 2185 ὲνάγων
2323 2117 2670 2186 ὑπόμνησιν·
2703 2117 2957 2187 καθάπερ
2993 2117 3328 2188 ὑπαγορεύει
3353 2117 3423 2170 τὰ
3472 2118 3646 2186 Εὐαγ-

2070 2208 2250 2277 γέλια,
2279 2208 2372 2260 xui
2407 2209 2683 2278 μάρτυρες
2717 2208 2922 2261 τούτων
2965 2209 3403 2279 ἀπαράγραπτοι
3435 2252 3449 2275 ,
3491 2211 3642 2263 αύτοί

2068 2318 2126 2353 τε
2155 2302 2203 2353 οἱ
2229 2301 2347 2353 ναοὶ
2377 2301 2517 2370 μέγα
2549 2302 2642 2354 καὶ
2679 2300 3004 2372 διαπρύσιον
3028 2303 3129 2372 τὴν
3157 2302 3370 2355 ἐκείνου
3403 2303 3644 2372 βοῶντες

2068 2392 2380 2463 ὀρθοδοξίαν
2405 2435 2419 2460 ,
2460 2394 2614 2447 οὐδὲν
2647 2395 2706 2448 δὲ
2745 2389 2908 2466 ἦττον
2933 2395 3026 2448 xui
3077 2397 3245 2448 είσέτι
3287 2396 3386 2449 xui
3411 2395 3507 2449 νῦν
3535 2397 3647 2450 δια·

2073 2486 2389 2553 σωζόμενοι,
2417 2485 2509 2538 τὸν
2543 2486 2679 2556 πρὸς
2717 2485 2880 2540 αὑτοῦ
2913 2487 3345 2556 κεχαραγμένων
3377 2488 3646 2558 νομισμάο

2071 2595 2178 2630 των
2198 2581 2246 2631 oi
2280 2578 2440 2630 τύποι
2481 2580 2584 2648 (ν)-
2633 2577 2883 2631 ὲντεῢθεν
2932 2573 3024 2648 οὖν
3062 2578 3218 2647 δέχου
3263 2579 3331 2631 τά
3363 2577 3648 2649 κατορθώ-

2076 2688 2222 2739 ματα
2253 2665 2342 2725 οἷα
2377 2672 2475 2724 xui
2507 2671 2637 2734 ὅσας
2665 2670 2809 2724 κατὰ
2850 2671 3050 2733 παντὸς
3089 2671 3299 2722 όθνείου
3343 2670 3649 2741 ἀνεδήσατο

2072 2763 2227 2825 νίκας
2249 2779 2262 2794 ·
2297 2763 2446 2826 ὅπως
2475 2780 2536 2815 τε
2563 2763 2713 2833 αὐτῷ
2737 2763 2806 2816 τὰ
2834 2764 2933 2833 τῆς
2963 2763 3137 2834 ἀρχῆς
3166 2763 3524 2834 ὲπευρύνετο,
3551 2764 3646 2817 xui

2070 2855 2140 2908 τὰ
2169 2858 2270 2926 τῆς
2301 2855 2442 2923 ζωῆς
2470 2851 2529 2908 εὖ
2561 2855 2708 2924 ἔσχε,
2747 2855 2840 2908 xui
2882 2858 2909 2908 ὁ
2939 2856 3129 2925 χρόνος
3160 2857 3284 2909 ὅσον
3316 2859 3399 2920 είς
3435 2857 3647 2928 ἀνθρω-

2073 2943 2238 3014 πίνης
2282 2942 2427 3013 ζωῆς
2466 2943 2662 3013 μέτρον
2700 2943 3068 3007 ἱκανώτατοςο
3100 2946 3196 2996 καὶ
3228 2945 3282 2996 τί
3315 2946 3422 3016 χρὴ
3466 2946 3649 3015 λέγειν

2072 3028 2185 3097 οἷος
2212 3035 2462 3104 λαμπρὸς
2497 3035 2590 3092 καὶ
2621 3034 2980 3105 περίϐλεπτος
3008 3035 3068 3086 ἐν
3103 3035 3180 3106 τῷ
3217 3035 3317 3106 βίῳ
3344 3038 3651 3108 ἐχρημάτι-

2077 3144 2203 3194 σεν;
2249 3128 2310 3178 Εἰ
2353 3126 2408 3179 δὲ
2454 3127 2684 3179 κτίσεων
2724 3126 2862 3198 ἔργα
2893 3127 3195 3197 θαυμάζειν
3244 3145 3327 3182 σοι
3359 3130 3649 3200 πάρεστιν,

2076 3220 2178 3289 ὃρα
2221 3217 2509 3289 παρελθὼν
2562 3219 2623 3272 τὸ
2657 3219 2952 3282 Βυζάντιον
3017 3221 3098 3282 είς
3146 3221 3272 3273 ὅσον
3303 3222 3438 3275 αὐτὸ
3474 3223 3648 3293 ἐπῆρε

2081 3310 2241 3379 δόξης
2270 3313 2365 3386 xui
2398 3310 2697 3379 εὐκοσμίας
2721 3350 2734 3375 ,
2779 3311 3037 3364 τοσοῦτον
3076 3309 3318 3382 αὐξήσας
3362 3316 3459 3367 xui
3521 3315 3651 3368 καλ-

2075 3401 2321 3464 λωπίσας
2365 3401 2570 3471 τείχεσι
2608 3419 2666 3454 τε
2703 3402 2798 3456 xui.
2826 3403 3169 3471 περιδὸλοις,
3193 3406 3317 3458 ὅσον
3345 3407 3654 3477 ἐπιτήδειον

2075 3490 2329 3554 δέξασθαι
2358 3489 2427 3542 τὰ
2469 3489 2757 3559 Ῥωμαίων
2791 3490 3038 3560 βασίλεια
3060 3509 3074 3521 ·
3105 3493 3159 3544 τί
3195 3493 3279 3547 δεῖ
3305 3495 3648 3565 ἀπαριθμεῖ-

2079 3581 2204 3634 σθαι
2231 3583 2550 3650 κτισμάτων
2584 3583 2790 3653 πλῆθος
2825 3586 2918 3637 xui.
2945 3584 3198 3654 μέγεθος,
3233 3586 3291 3652 ἐξ
3325 3584 3401 3640 ὧν
3433 3588 3652 3642 πάντων

2077 3672 2488 3741 ὑπερήνεγκεν,
2540 3671 2576 3726 ὃ.
2622 3674 2756 3742 μήτε
2824 3676 2938 3737 τοῖς
3010 3675 3179 3745 ὁρῶσι
3238 3677 3652 3746 καταλήψεσθαι

2079 3764 2238 3833 ῥᾴδια
2261 3804 2274 3827 ,
2306 3763 2440 3832 μηδὲ
2475 3763 2751 3834 γράφουσι
2779 3764 3003 3817 δυνατὸν
3023 3767 3427 3833 ἀνατάξασθαι;
3460 3769 3653 3823 Καίτοι

2076 3854 2182 3925 ὁδῷ
2213 3855 2443 3924 βαδίζων
2475 3856 2568 3907 ἐπὶ
2613 3856 2683 3906 τὰ
2712 3855 2883 3919 κάτω,
2919 3858 3014 3909 καὶ
3048 3856 3283 3926 μάνθανε
3326 3853 3415 3912 οἷα
3455 3859 3507 3911 oi
3538 3861 3652 3930 μετ’

2077 3947 2284 3999 ἐκεῖνον
2332 3945 2590 4016 εὐθύτητι
2630 3946 2918 4015 δογμάτων
2952 3947 3331 4017 ἐμπρέψαντες
3375 3950 3652 4020 ἑδρασανο

2078 4035 2177 4090 θέα
2200 4054 2310 4106 μοι,
2330 4039 2378 4090 εἰ
2414 4036 2612 4106 βούλει,
2638 4036 2730 4090 τὸν
2765 4036 3066 4102 Θεοδόσιον,
3105 4039 3190 4090 ἴνα
3223 4039 3283 4092 τὸ
3308 4021 3534 4110 συνεχὲς
3557 4039 3653 4095 τοῦ

2076 4128 2236 4196 λόγου
2269 4126 2683 4198 συμφυλαχθείη
2715 4130 2816 4196 τῆς
2856 4129 3091 4191 κτίσεως
3114 4168 3129 4194 ,
3154 4131 3239 4198 ἐφ’
3270 4130 3394 4183 ὅσον
3433 4131 3534 4202 τὴν
3560 4132 3660 4184 αὑ-

2075 4222 2176 4292 τὴν
2229 4221 2385 4273 πόλιν
2427 4202 2840 4272 Κωνσταντίνου
2886 4217 3135 4282 ὲξαπλῶν
3187 4221 3284 4272 xui.
3323 4222 3650 4293 άπευρύνων

2076 4313 2349 4383 διάστημα
2372 4313 2697 4383 ἐμεγάλυνε,
2723 4313 2817 4364 xui
2839 4307 2926 4364 οἷα
2948 4312 3015 4364 τὰ
3046 4311 3189 4382 ιερὰ,
3208 4312 3353 4380 άπερ
3375 4314 3468 4366 τὸν
3491 4314 3654 4368 αὐτὸν

2077 4410 2192 4469 τοῖς
2261 4405 2598 4477 προλαϐοῦσι
2644 4405 2742 4473 τῆς
2796 4403 3107 4474 ὀρθοδοξίας
3147 4403 3399 4476 ζηλώσας
3452 4407 3656 4476 τρόπον

406 4493 618 4545 Etenim
652 4491 863 4542 duobus
891 4488 1080 4557 'supra
1134 4485 1492 4557 quadraginta
1524 4487 1682 4543 annis
1732 4489 1785 4544 iu
1822 4491 1969 4560 regio

2076 4496 2357 4566 ἐδείματο·
2388 4495 2604 4562 λογίζου
2648 4493 2738 4545 τὸν
2769 4493 3003 4563 ἀριθμὸν
3053 4493 3161 4546 τῶν
3203 4495 3413 4563 χρόνων
3439 4535 3453 4558 ,
3484 4496 3542 4557 ὃς
3572 4511 3655 4547 σοι

407 4587 601 4636 throno
636 4579 868 4635 refulsit.

2082 4585 2234 4653 φίλος
2266 4585 2362 4636 xui
2385 4581 2873 4653 περισπούδαστος,
2909 4583 3008 4650 τῆς
3039 4583 3250 4634 ἐκείνου
3282 4581 3564 4651 βασιλείας
3593 4584 3653 4635 τὸ

407 4675 695 4744 μήκιστον,
744 4667 788 4725 ὦ
825 4673 1107 4742 φιλόχρονε
1132 4675 1197 4728 σὺ
1237 4675 1331 4728 xui
1369 4673 1697 4746 φιλόκοσμε,
1742 4675 1837 4728 xui
1863 4674 1972 4727 τῶν
2014 4676 2246 4745 ῥεόντων
2271 4676 2411 4747 ἐρῶν
2473 4674 2830 4729 ὲκτοπὼτατα
2855 4692 2867 4704 ·
2893 4675 3014 4728 δυσὶ
3077 4674 3186 4746 γὰρ
3218 4675 3356 4746 πρὸς
3384 4678 3500 4740 τοῖς
3526 4692 3652 4729 τεσ-

405 4765 714 4836 σαράκοντα
742 4765 919 4817 ἐτεσιν
960 4766 1039 4828 είς
1069 4764 1161 4818 τὸν
1195 4765 1382 4836 θρόνον
1413 4765 1674 4837 διέπρεψε
1700 4766 1790 4819 τὸν
1817 4765 2086 4836 βασίλειον
2118 4768 2206 4836 (δ).

475 4903 563 4958 79.
599 4903 703 4958 Sed
727 4918 826 4958 cur
851 4903 962 4974 jam
997 4903 1147 4958 haec?
1195 4903 1412 4969 Mirare,
1455 4904 1498 4959 si
1525 4914 1676 4960 certe
1724 4905 1970 4960 melioris

404 4995 478 5048 rei
505 4995 839 5050 discretione
893 4996 1082 5064 polles,
1132 4997 1216 5050 avi
1283 4997 1402 5063 ejus
1452 4994 1744 5051 Theodosii
1795 4995 1972 5064 Magni

400 5101 526 5154 erga
557 5085 719 5139 Deum
753 5086 951 5155 Deique
976 5083 1214 5140 famulos
1238 5077 1617 5140 reverentiam.
1645 5086 1795 5150 Quod
1830 5085 1974 5138 eniitt

401 5179 547 5231 circa
613 5176 924 5232 Servatoris
996 5179 1165 5230 nostri
1233 5176 1666 5229 incarnationem
1733 5175 1973 5227 studium

402 5272 668 5340 fidemque
697 5272 954 5339 habebat,
992 5283 1103 5324 tum
1139 5286 1308 5326 sacra:
1335 5271 1474 5338 apud
1511 5284 1606 5324 nos
1643 5271 1785 5322 mdes
1813 5269 1880 5323 ab
1905 5285 1968 5324 eo

467 5478 582 5549 (94)
617 5477 689 5549 [ie
713 5474 1053 5549 Constantini
1087 5472 1262 5543 Magni
1293 5469 1467 5526 sacris
1497 5468 1740 5523 azdiliciis
1796 5470 1972 5525 recole

400 5547 584 5601 adnot.
622 5547 711 5612 74,
738 5562 768 5612 p
828 5547 916 5601 66.

473 5619 540 5682 μ’)
572 5609 707 5668 Puta
730 5609 902 5686 Magni
931 5613 1578 5686 Constantini__numtnos
1609 5627 1730 5665 cum
1763 5609 1970 5686 Labaro

401 5702 494 5738 si'u
526 5680 736 5739 Christi
768 5680 1248 5753 monogrammate.
1282 5682 1542 5753 Nummos
1579 5692 1688 5734 toto
1711 5683 1840 5753 orbe
1867 5680 1972 5753 llo-

401 5771 562 5809 mano
589 5754 835 5818 diffusos,
890 5751 1168 5822 in'quibus
1211 5766 1436 5822 magnus
1459 5751 1847 5806 Constantinus
1881 5752 1975 5804 lia-

2141 4905 2238 4958 οθ’.
2281 4905 2348 4956 Τί
2377 4903 2582 4970 ταῦτα;
2633 4903 2902 4974 θαύμαζε,
2941 4903 2994 4956 st
3023 4919 3103 4956 σοι
3149 4903 3513 4955 πεπίστευται
3545 4901 3653 4954 τῶν

2073 4991 2381 5066 ἀμεινόνων
2407 4999 2439 5066 ἠ
2475 4998 2655 5068 κρίσις
2677 5035 2690 5059 ,
2720 4995 2818 5066 τὴν
2847 4995 2941 5048 τοῦ
2978 4996 3202 5049 πάππου
3229 4994 3422 5047 τούτου
3456 4993 3652 5048 Θεοδο-

2075 5090 2190 5142 σίου
2229 5088 2320 5141 τοῠ
2358 5088 2612 5157 Μεγάλου
2635 5129 2649 5152 ,
2693 5089 2819 5156 περί
2845 5105 2904 5140 τε
2943 5088 3005 5140 τὸ
3041 5088 3194 5139 Θεῖον
3237 5086 3332 5138 καὶ
3383 5087 3510 5149 τοὺς
3555 5085 3651 5138 τοῦ

2076 5182 2229 5234 Θείου
2266 5181 2603 5248 θεράποντας
2637 5178 2943 5232 εὐλάϐειαν·
2988 5180 3054 5250 ἣν
3101 5180 3210 5248 γάρ
3244 5178 3374 5247 περὶ
3406 5179 3508 5247 τὴν
3555 5177 3651 5230 τοῦ

2077 5271 2328 5342 Σωτῆρος
2356 5269 2512 5340 ἡμῶν
2539 5269 2870 5338 οἰκονομίαν,
2903 5267 3140 5338 σπουδὴν
3182 5269 3276 5321 xui
3310 5267 3495 5322 πίστιν
3527 5266 3654 5319 ixi-

2073 5471 2185 5525 bittt
2218 5473 2426 5526 orantis
2473 5471 2592 5526 cudi
2630 5487 2688 5526 se
2724 5470 2995 5538 iusserat,
3051 5482 3318 5526 memorat
3359 5469 3646 5526 Eusebius.

2084 5540 2189 5595 Vit.
2218 5542 2400 5596 Const.
2435 5542 2525 5596 lib.
2560 5558 2632 5604 tv,
2669 5542 2748 5595 l5.

2148 5612 2211 5681 (ε)
2265 5613 2529 5679 Loquitur
2567 5615 2632 5665 de
2667 5611 2972 5681 Theodosio
3031 5607 3260 5674 Mitio're,
3308 5609 3399 5678 qui
3458 5624 3652 5679 reapse

2079 5680 2236 5734 annis
2265 5681 2333 5734 42
2381 5682 2683 5749 imperavit,
2726 5690 2779 5734 et
2807 5680 3329 5749 Constantinopolim
3374 5685 3650 5734 montibus

2080 5752 2428 5820 a'diliciisqne
2456 5753 2700 5820 plurimis
2734 5750 3102 5820 atnpltlicavu.
