3898 6150
445 220 552 288 5‘23

1473 237 1534 295 S.
1579 235 1999 296 NICEPHURI
2041 239 2547 305 PATRIARCHzE
2585 249 2694 310 CP.

3616 261 3716 325 524

448 340 693 397 habitum
749 338 1096 405 abominatis,
1130 344 1223 413 qui
1273 354 1358 401 est
1400 347 1646 418 religioni
1705 365 1996 422 eponymus

2102 357 2389 448 ,ναστικοῦ
2426 359 2542 429 βίου
2579 363 2765 432 σχῆμα
2806 363 3238 441 βδελυσσόμενος
3260 408 3274 432 ,
3306 372 3594 443 ἐπώνυμον
3619 381 3714 448 τῆς

446 449 643 492 nomen
663 433 949 490 monachis
972 435 1416 494 immemorabiles
1449 439 1726 510 imposuit.
1754 441 1850 496 Est
1881 444 2025 498 enim

445 529 643 599 religio
691 528 970 599 peccatori
1030 529 1391 586 detestabilis.
1448 531 1578 597 Qua:
1612 549 1740 588 vero
1765 535 2026 591 adversus

443 621 565 676 illos
600 622 884 691 tyrannice
930 630 1191 690 tyrannus
1220 621 1368 689 fecit,
1403 625 1528 677 dum
1569 625 1872 694 promissas
1909 627 2022 682 Deo

442 711 814 781 professiones
845 712 1061 768 abolere
1084 725 1308 784 cogens,
1334 724 1388 770 et
1411 731 1569 772 sacro
1597 717 1782 772 habitu
1812 718 2020 788 abjecto

441 801 692 856 laiealcm
731 803 996 870 induere;
1027 805 1255 872 insuper
1285 805 1410 860 dum
1444 823 1510 862 ex
1545 807 1632 862 his
1661 807 1869 877 aliquot
1902 825 2022 862 nm-

439 892 665 950 lieribus
725 896 966 965 copulari
1027 898 1228 966 coegit,
1283 910 1338 953 et
1394 899 1445 952 in
1499 898 1642 954 ludis
1682 901 2020 955 circensibus

439 989 743 1043 monachos
781 998 835 1042 et
885 989 1218 1044 ntouastrias
1268 990 1608 1046 venerandus
1638 991 1902 1062 virgines,
1935 993 2018 1047 bi-

439 1094 538 1135 nos
571 1080 788 1150 illigans
813 1080 1029 1148 publice
1062 1079 1330 1148 traduxit,
1365 1082 1826 1152 irreligiosissime
1855 1094 2018 1153 atque

438 1171 798 1241 injustissime
827 1181 884 1227 et
909 1182 1100 1228 contra
1126 1188 1342 1228 omnem
1370 1174 1807 1229 Christianorum
1837 1178 2010 1246 legem

435 1266 514 1319 sic
543 1279 733 1331 agens,
772 1273 824 1318 et
855 1280 1196 1334 quaecunque
1225 1266 1328 1320 alia
1366 1267 1418 1319 in
1449 1282 1544 1322 eos
1575 1267 1701 1322 fecit
1731 1267 2008 1338 illegitima

433 1367 488 1411 et
539 1357 728 1424 impia,
799 1357 1020 1425 majoris
1065 1371 1228 1426 quam
1285 1358 1373 1413 hic
1406 1358 1672 1414 sermonis
1732 1361 2007 1429 negotium

433 1460 512 1501 est
545 1446 777 1518 (98-99).

2133 447 2487 517 θεοσεϐείας,
2529 452 2593 505 τὸ
2639 454 3106 524 ἀμνημόνευτον
3168 463 3353 526 αὐτοῖς
3402 447 3714 536 ἐπέγραψεν

2133 539 2327 610 δνομαι
2351 560 2369 592 ι
2390 542 2678 615 Βδέλυγμα
2695 547 2802 618 γὰρ
2826 549 3139 621 ἁμαρτωλῷ
3164 553 3468 606 Θεοσέϐειαο
3509 573 3527 605 ι
3551 551 3634 608 οἶα
3661 558 3716 609 δὲ

2127 632 2206 695 είς
2233 633 2428 696 αὐτοὺς
2453 637 2728 706 τυραννίδι
2763 639 2935 693 ἐπιὼν
2964 644 2992 694 6
3027 644 3295 714 τύραννος
3347 645 3548 714 ἔδρασε
3573 687 3588 712 ,
3619 647 3715 710 τάς

2108 737 2183 773 πτε
2231 723 2368 794 πρὸς
2411 725 2544 778 Θεὸν
2575 728 2997 798 ἐπηγγελμένας
3048 735 3234 798 αὐτοῖς
3284 736 3581 806 ὁμολογίας
3623 739 3715 790 καὶ

2127 813 2403 884 συνθήκας
2449 815 2663 870 ἀθετεῖν
2700 819 3132 892 ἐκϐιαζόμενος,
3182 827 3276 878 καὶ
3322 827 3384 880 τὸ
3423 829 3610 897 σχῆμα
3654 828 3714 880 τὺ

2123 905 2267 974 ἱερὸν
2295 908 2730 979 ἀπορρίψαντας,
2754 913 2812 965 τὸ
2833 913 2944 966 τῶν
2971 915 3179 969 λαῖκῶν
3211 919 3709 988 μεταμφίσκεσθαι·

2120 995 2200 1049 ἔτι
2238 997 2296 1050 δὲ
2329 997 2421 1062 οὒς
2456 1002 2549 1053 καὶ
2579 1003 2796 1070 γυναιξὶ
2835 1005 3138 1078 ωζυγῆναι
3185 1009 3588 1079 ἐξηνάγκασεν,
3622 1015 3712 1066 ἐπί

2119 1104 2178 1140 τε
2209 1087 2309 1158 τῆς
2355 1090 2586 1162 ἱππικῆς
2626 1095 2858 1166 ἁμίλλης
2911 1098 3111 1161 αὐτούς
3160 1117 3223 1152 τε
3261 1102 3390 1165 τοὺς
3441 1105 3712 1175 μοναχους

2119 1180 2216 1234 καὶ
2253 1182 2356 1245 τὰς
2403 1185 2748 1253 μοναςούσας
2797 1191 3005 1261 σεμνάς
3047 1193 3391 1261 παρθένους,
3427 1197 3574 1250 κατά
3616 1215 3708 1250 συ-

2118 1273 2312 1341 ζυγίαν
2342 1275 2574 1330 συνδέων
2597 1280 2691 1331 καὶ
2722 1281 2872 1350 ἄγων
2903 1283 3267 1354 ἐθριάμϐευεν
3293 1286 3390 1355 (υ),
3421 1287 3710 1342 ἀθεώτατα

2115 1364 2209 1417 καὶ
2242 1366 2714 1438 παρανομώτατα,
2752 1372 2846 1426 καὶ
2881 1373 3033 1443 παρὰ
3067 1375 3250 1429 πάντα
3281 1376 3375 1430 τὸν
3410 1377 3522 1430 τῶν
3569 1380 3706 1450 Χρι-

2117 1456 2352 1510 στιανῶν
2389 1459 2552 1528 νόμον
2577 1461 3046 1535 διαπραττόμενος
3067 1505 3083 1530 ,
3115 1469 3210 1519 καὶ
3237 1467 3406 1522 τᾶλλα
3435 1471 3614 1525 ὁπόσα
3644 1472 3707 1542 δὴ

431 1547 526 1598 καὶ
578 1549 738 1600 ὁποῖα
777 1547 856 1609 εἰς
913 1546 1111 1610 αὐτοὺς
1149 1547 1530 1619 κατεπράξατο
1563 1551 1778 1622 ἄθεσμα
1813 1550 1905 1604 καὶ
1971 1549 2183 1618 ἀνόσια,
2251 1554 2564 1624 κρείττονος
2603 1559 2636 1627 ἦ
2711 1558 2804 1612 τοῦ
2843 1562 3108 1632 παρόντος
3169 1561 3330 1632 λόγου
3377 1567 3528 1621 ἐστὶν
3565 1567 3708 1620 ἐκδι-

429 1639 700 1708 ηγεῖσθαι.

500 1779 590 1834 81.
633 1778 738 1833 Sed
767 1791 867 1848 age
898 1778 1028 1833 hinc
1062 1743 1127 1836 ad
1157 1781 1493 1850 posteriores
1523 1796 1699 1850 reges,
1753 1783 1801 1838 si
1833 1781 1996 1850 lubet,

2185 1788 2296 1837 πα’.
2345 1783 2485 1838 Ἀλλ’
2519 1787 2619 1854 ἆγε
2646 1788 2710 1857 δὴ
2738 1788 2990 1844 ἐντεῦθεν
3019 1791 3310 1863 μετάϐηθι,
3347 1793 3440 1848 καί
3469 1795 3577 1848 τῶν
3612 1815 3709 1865 με·

428 1871 713 1927 descende.
780 1871 1074 1926 Considera
1132 1873 1255 1926 vitae
1308 1888 1480 1929 annos
1531 1883 1586 1929 et
1657 1873 2000 1940 felicitatem,

426 1963 681 2031 quoniam
712 1961 808 2016 tibi
841 1960 964 2016 ﬁdei
994 1963 1277 2018 criterium
1333 1975 1463 2020 sunt
1505 1965 1748 2020 victoria:
1799 1965 1864 2020 de
1906 1965 2004 2018 b0-

424 2056 619 2121 stibus,
654 2063 708 2108 ct
739 2035 1022 2122 prmsentis
1070 2055 1253 2110 mundi
1299 2071 1388 2111 res
1420 2057 1681 2112 illustres.
1717 2056 1796 2110 Τιι
1847 2071 2002 2112 nova:

423 2146 569 2208 ﬁdei,
611 2160 704 2200 seu
758 2147 938 2216 potius
1001 2146 1125 2200 novi
1183 2148 1393 2203 dissidii
1448 2158 1614 2218 atque
1663 2148 2002 2204 inﬁdelitatis

423 2246 636 2301 auctor,
669 2237 863 2307 ingrati
892 2239 1060 2292 animi
1093 2249 1372 2304 creatura,
1427 2249 1481 2295 et
1531 2241 1763 2295 luxuria:
1796 2241 1999 2296 manci-

425 2329 594 2398 pium,
622 2341 803 2398 specta
840 2339 1076 2384 veterem
1111 2329 1499 2399 Justinianum,
1529 2347 1691 2402 quam
1721 2332 2001 2388 ferventer

421 2432 475 2473 ct
503 2423 716 2490 publice
751 2420 913 2476 Verbi
968 2421 1236 2476 incarnati
1284 2423 1549 2493 imagines
1597 2426 1946 2479 honoraverit
1983 2441 1996 2477 :

422 2515 511 2567 hic
562 2513 1095 2584 duodequadraginta
1147 2515 1304 2570 annis
1344 2514 1652 2572 Romanum
1712 2517 1996 2586 imperium

423 2607 616 2663 tenuit.
650 2602 862 2673 Quanta
899 2616 1082 2662 autem
1114 2609 1374 2663 adversus
1424 2610 1695 2665 Barbaros
1730 2607 2000 2664 felicitate

422 2716 548 2754 usus
581 2700 762 2762 fuerit,
801 2700 1046 2769 plurima:
1077 2700 1144 2754 de
1183 2701 1276 2756 illo
1297 2712 1351 2756 et
1385 2702 1724 2772 gravissimae
1754 2703 1998 2758 historia:

423 2804 668 2851 narrant,
730 2792 889 2860 idque
943 2803 1130 2846 notmn
1181 2794 1248 2848 iis
1288 2794 1381 2863 qui
1412 2795 1656 2850 studiose
1701 2809 1796 2851 eos
1830 2795 1998 2850 libros

424 2887 728 2940 revolvunt.
769 2887 841 2940 De
881 2887 1116 2942 conditis
1141 2887 1384 2942 adificiis
1409 2887 1684 2958 gloriaris,
1718 2904 1894 2958 eaque
1921 2894 1990 2943 ad

421 2980 544 3034 litlci
580 2979 946 3032 testimonium
972 2979 1241 3033 assumis?
1264 2979 1383 3033 Alia
1413 2980 1634 3049 quidem
1661 2980 1852 3034 omitte
1881 2980 1998 3049 plu—

421 3075 555 3127 rima
581 3084 634 3127 et
669 3073 900 3126 maxima
935 3081 989 3126 et
1032 3073 1281 3141 quemvis
1331 3087 1618 3127 numerum
1652 3073 1991 3138 excedentia,

2105 1876 2536 1947 ταγενεστέρων,
2566 1879 2615 1931 εί
2647 1879 2851 1949 βούλει,
2887 1884 3253 1953 περιεργάζου
3281 1886 3406 1950 τοὺς
3437 1887 3534 1956 τῆς
3560 1887 3705 1953 ζωῆς

2105 1967 2334 2036 χρόνους
2370 1969 2466 2022 καὶ
2508 1970 2607 2042 τὴν
2637 1972 2958 2038 εὐπάθειαν,
2990 1975 3111 2027 ἐπεί
3165 1994 3246 2029 σοι
3282 1979 3568 2049 κριτήριον
3610 1981 3703 2032 πί-

2107 2073 2276 2122 στεως
2333 2061 2388 2112 αί
2444 2062 2567 2114 κατ’
2626 2063 2835 2133 ἐχθρῶν
2892 2067 3072 2130 νῖκαι,
3126 2067 3222 2122 καὶ
3277 2068 3372 2121 τοῦ
3430 2071 3702 2142 παρόντος

2105 2148 2312 2218 κόσμου
2347 2153 2403 2205 αἱ
2445 2154 2818 2224 περιφάνειαν
2854 2157 2882 2208 6
2909 2156 3012 2227 τῆς
3033 2157 3160 2221 νέας
3190 2158 3458 2226 πίστεως,
3493 2163 3698 2232 μᾶλλον

2102 2239 2158 2294 δὲ
2195 2237 2296 2310 τῆς
2327 2241 2456 2305 νέας
2485 2246 2804 2317 κατατομῆς
2848 2248 2944 2301 καὶ
2977 2248 3238 2312 ἀπιστίας
3260 2288 3276 2310 ,
3325 2250 3385 2302 τὸ
3425 2251 3528 2320 τῆς
3559 2254 3699 2322 ἀχα-

2104 2329 2318 2400 ριστίας
2382 2331 2590 2402 κτίσμα
2624 2335 2847 2406 καὶτῆς
2879 2337 3566 2410 ἀκολασίαςάνδράποδον,
3605 2345 3698 2396 τὸν

2102 2419 2270 2472 πάλαι
2319 2422 2696 2478 Ἰουστινιανὸν
2730 2426 3040 2498 περιάθρει,
3075 2428 3134 2490 ὃς
3161 2428 3228 2501 δὴ
3258 2429 3485 2502 θερμῶς
3509 2449 3567 2486 τε
3594 2434 3696 2486 καὶ

2101 2513 2418 2584 περιφανῶς
2443 2516 2685 2587 τιμήσας
2713 2516 2782 2570 τά
2821 2517 2920 2588 τῆς
2951 2518 3423 2593 ἐνανθρωπήσεως
3463 2523 3558 2576 τοῦ
3587 2526 3695 2578 Λό-

2101 2621 2200 2672 γου
2253 2606 2739 2677 ἀπεικονίσματα,
2798 2609 2891 2662 τὸν
2938 2613 3483 2685 τεσσαρακοντούτην
3543 2615 3694 2670 δυοῖν

2099 2697 2338 2751 δεόντοιν
2371 2698 2588 2768 χρόνον,
2627 2699 2770 2754 κατά
2799 2699 2898 2772 τὴν
2949 2701 3264 2775 Ῥωμαῖκὴν
3310 2707 3490 2776 ἀρχὴν
3518 2707 3694 2762 διετέ-

2101 2787 2250 2841 λεσεο
2285 2788 2346 2842 τὸ
2383 2789 2439 2843 δέ
2463 2790 2615 2854 ὅπως
2643 2791 2786 2844 κατὰ
2817 2791 3112 2864 βαρϐάρων
3135 2794 3306 2850 ἐθνῶν
3335 2797 3396 2849 τὸ
3427 2797 3692 2868 εὔδαιμον

2100 2880 2492 2950 ἀπηνέγκατο,
2537 2884 2590 2935 αἱ
2639 2883 2768 2955 περὶ
2811 2884 2994 2938 αὐτῶν
3041 2886 3278 2957 ἱστορίαι
3327 2888 3583 2943 πλεῖσταί
3633 2909 3693 2944 τε

2099 2965 2256 3023 οὖσαι
2291 2971 2383 3022 καὶ
2415 2963 2840 3040 ἀξιολογώτατοι
2875 2975 3137 3045 φέρουσι,
3183 2976 3277 3031 καὶ
3325 2977 3474 3032 ἴσασι
3516 2980 3694 3035 ταῦτα

2099 3061 2149 3113 οἱ
2204 3063 2630 3132 ἐντετυχηκότες
2691 3065 3142 3138 ἐπιμελέστερον.
3231 3069 3356 3122 Ἐπὶ
3418 3071 3688 3142 κτίσμασι

421 3167 476 3220 in
505 3166 701 3235 quibus
737 3180 931 3233 magna
964 3140 1264 3219 formarum
1305 3166 1571 3221 varietate
1597 3174 1651 3220 et
1682 3165 1848 3220 Verbi
1906 3167 1991 3219 iit--

2102 3153 2247 3223 μέγα
2289 3157 2540 3224 φρονεῖς,
2588 3155 2684 3208 xui.
2739 3156 2982 3220 πίστεως
3029 3157 3188 3211 τοῦτο
3230 3140 3691 3232 παραλαμϐάνεις

418 3257 792 3314 (arnationem
831 3265 884 3312 et
937 3266 1250 3312 sanctorum
1296 3256 1599 3312 certamina
1653 3257 1992 3327 depingenda

419 3351 652 3414 curavit,
687 3365 783 3419 per
814 3365 972 3407 sacra
1004 3349 1258 3403 nimirum
1293 3349 1492 3420 templa
1517 3358 1571 3404 et
1602 3349 1705 3403 alia
1745 3349 1990 3403 aedilicia.

420 3443 601 3498 Unum
645 3442 737 3496 tibi
770 3457 867 3510 pro
906 3443 1163 3495 otimibus
1195 3443 1332 3495 satis
1357 3441 1484 3505 erit,
1509 3441 1651 3510 quod
1684 3455 1879 3494 nomen
1907 3442 1994 3493 ha-

414 3533 508 3600 bet
537 3552 564 3584 ει
601 3533 866 3600 sapientia
899 3531 992 3586 Dei
1019 3531 1202 3595 Verbi,
1249 3531 1530 3599 templum.
1569 3529 1682 3583 lloc
1706 3539 1789 3584 est
1827 3531 1990 3584 mira-

415 3596 660 3678 culorum
715 3623 1206 3688 mirabilissimum,
1268 3632 1382 3676 toto
1410 3623 1544 3675 orbe
1585 3620 1987 3690 famigeratum,

415 3715 661 3769 Omnium
711 3722 980 3781 quotquot
1043 3712 1096 3765 in
1147 3711 1399 3767 historiis
1450 3721 1842 3777 memorantur,
1889 3709 1989 3762 im-

417 3817 605 3858 mensa
646 3801 1024 3871 amplitudine,
1071 3812 1126 3854 et
1179 3801 1381 3854 eximia
1417 3799 1846 3870 pulchritudine,
1877 3810 1989 3852 stu-

415 3894 806 3964 pendissimum
837 3895 1064 3962 visuque
1086 3891 1489 3962 dignissimum.
1516 3891 1764 3946 Heraclio
1783 3903 1986 3954 autem,

414 3999 472 4041 ιιι
507 3987 861 4041 intermedios
889 3986 1396 4056 praztermittamus,
1435 4000 1502 4039 ne
1548 3999 1733 4054 parem
1769 3983 1985 4050 quidem

412 4078 659 4134 invenire
718 4077 877 4131 facile
913 4085 1016 4132 est.
1053 4077 1300 4142 Quantus
1333 4075 1460 4142 ,ejns
1511 4075 1676 4129 fuerit
1721 4088 1846 4142 erga
1890 4073 1988 4126 has

415 4185 501 4225 tes
538 4170 822 4236 religiosas
849 4184 1003 4222 amor
1045 4184 1110 4222 ac
1141 4169 1444 4230 veneratio,
1475 4183 1668 4236 magna
1703 4182 1834 4220 voce
1857 4181 1989 4234 prae-

413 4263 595 4316 diCant
634 4261 869 4314 excitata
913 4259 982 4312 ab
1006 4275 1068 4312 eo
1106 4259 1336 4328 templa;
1362 4260 1517 4327 cujus
1543 4259 1706 4311 etiam
1737 4275 1839 4311 non
1875 4273 1987 4309 ιιιέιο

413 4351 657 4406 nnfactas
691 4350 1003 4403 Scrvatoris
1027 4349 1202 4402 nostri
1236 4348 1437 4402 Christi
1477 4349 1741 4417 imagines
1778 4358 1986 4416 tempus

414 4443 779 4504 conservavit,
813 4456 1042 4508 quarum
1081 4440 1422 4509 potissimum
1471 4453 1656 4492 amore
1701 4449 1753 4492 et
1808 4439 1984 4492 studio

412 4535 718 4597 a-stnabat;
780 4543 836 4583 nt
892 4545 1066 4598 neque
1116 4531 1277 4585 domo
1309 4530 1634 4592 discederet,
1672 4545 1846 4598 neque
1882 4530 1984 4584 iter

416 4624 631 4691 absque
677 4621 780 4673 illis
829 4622 1049 4688 aggredi
1089 4620 1274 4683 vellet,
1333 4619 1426 4674 scd
1469 4619 1550 4672 his
1591 4620 1982 4688 peregrinatio-

409 4718 496 4770 nis
533 4714 825 4768 comitibns
880 4714 1220 4781 ducibusque
1288 4713 1418 4766 tntis
1476 4721 1740 4766 uteretur.
1790 4709 1985 4766 Preces

410 4819 542 4858 vero
599 4805 716 4872 ejus
749 4806 815 4857 ad
871 4805 1216 4872 purissimam
1266 4803 1537 4856 dominam
1596 4813 1834 4856 nostram
1892 4804 1984 4857 Dei

411 4907 668 4963 matrem,
693 4908 1004 4950 sanctorum
1027 4899 1472 4950 commemoratio
1500 4906 1660 4965 atque
1687 4896 1979 4962 invocatio,

411 5000 630 5059 quanta!
666 4988 923 5043 fuerunt?
964 4987 1039 5042 Ne
1075 4989 1343 5058 respirare
1389 4989 1604 5056 quidem
1638 4989 1842 5056 absque
1888 4987 1983 5040 ha-

409 5099 526 5135 rum
564 5097 664 5137 usu
693 5082 922 5136 solebat.
953 5080 1209 5147 Quaenam
1267 5093 1427 5147 porro
1460 5077 1662 5131 fuerint
1704 5093 1793 5132 res
1824 5090 1987 5146 gesw

405 5177 523 5244 ejus
544 5176 612 5227 ob
631 5174 773 5226 hanc
793 5181 1000 5225 tantam
1025 5171 1182 5224 fidem
1200 5184 1264 5223 ac
1285 5169 1622 5235 religionem,
1649 5167 1806 5239 145
1826 5169 1985 5224 nrbes

405 5279 567 5337 atque
608 5265 916 5336 provincia;
939 5264 1276 5329 clamabunt,
1305 5275 1425 5331 qua:
1452 5271 1578 5314 tunc
1612 5259 1667 5314 in
1694 5260 1982 5318 Persarum

480 5447 689 5518 (98-99)
725 5445 1063 5518 Nic-ephorus
1097 5443 1212 5514 ipse
1245 5441 1300 5497 in
1335 5439 1645 5506 Breviario,
1676 5449 1729 5495 et
1775 5439 1977 5510 passim

413 5516 696 5574 εἶιίῑιιιιιιιιί
729 5517 996 5569 historici.

457 5579 548 5658 λιι)
583 5585 1202 5658 [νειιιιιτῚῘΙ-ιοοιιιιτιιιοε
1260 5581 1564 5658 inuChron.
1611 5583 1678 5637 ad
1727 5597 1814 5635 an.
1849 5580 1977 5644 757,

407 5653 568 5728 quem
597 5653 1152 5711 exscribithdrenus
1193 5671 1242 5723 ι».
1275 5653 1396 5708 466.

2099 3244 2427 3316 μαρτύριον;
2475 3246 2544 3300 τὰ
2575 3247 2676 3318 μὲν
2714 3246 2854 3302 ἄλλα
2899 3265 2980 3302 σοι
3021 3250 3265 3320 παρετέα
3297 3251 3531 3306 πλεῖστα
3577 3255 3683 3308 ὃσα

2094 3337 2189 3390 καὶ
2219 3339 2452 3408 μέγιστα
2487 3339 2583 3392 καὶ
2618 3337 2858 3410 ἀριθμοῦ
2900 3341 3184 3412 κρείττονα
3205 3381 3220 3408 ,
3263 3344 3321 3397 ἐν
3344 3339 3430 3407 οἷς
3461 3345 3686 3400 πολυει-

2092 3427 2197 3491 δῶς
2237 3429 2334 3482 καὶ
2384 3429 2647 3493 ποικίλως
2696 3431 2766 3484 τά
2813 3447 2874 3484 τε
2918 3433 3017 3503 τῆς
3055 3433 3149 3486 τοῦ
3202 3435 3380 3503 Λόγου
3437 3439 3685 3508 ἐνσωμα-

2090 3520 2309 3586 τώσεως
2329 3524 2421 3576 καὶ
2447 3523 2555 3578 τῶν
2573 3525 2744 3593 ἁγίων
2767 3526 2893 3589 τοὺς
2919 3527 3116 3592 ἄθλους
3138 3530 3491 3603 ἀνιστόρησε,
3518 3533 3685 3601 θείοις

2091 3616 2238 3675 ναοῖς
2282 3630 2343 3665 τε
2375 3616 2471 3668 καὶ
2495 3615 2675 3679 ἄλλοις
2707 3616 3040 3688 δομήμασιν·
3075 3619 3133 3672 ἒν
3173 3619 3230 3673 δέ
3265 3639 3348 3675 σοι
3382 3625 3506 3678 ἀντὶ
3547 3629 3683 3681 πάν-

2089 3719 2200 3755 των
2246 3705 2515 3774 ἀρκέσει,
2562 3705 2624 3758 τὸ
2669 3706 2771 3775 τῆς
2807 3687 2998 3776 σοφίας
3033 3708 3129 3762 τοῦ
3180 3710 3315 3764 Θεοῦ
3357 3713 3534 3784 Λόγου
3579 3719 3683 3772 ἑπ-

2096 3793 2311 3864 ώνυμον
2336 3797 2500 3865 ἱερόν·
2521 3797 2682 3851 τοῦτο
2708 3798 2772 3869 δὴ
2789 3800 2897 3852 τῶν
2925 3801 3223 3871 θαυμάτων
3242 3803 3302 3856 τὸ
3327 3803 3679 3875 ἀξπάγλστον,

2089 3885 2116 3938 ὃ
2149 3887 2251 3940 ἀνά
2287 3889 2468 3941 πᾶσαν
2497 3889 2597 3959 τὴν
2641 3890 2973 3960 οἰκουμένην
3015 3892 3351 3964 βεϐοημένον
3403 3897 3681 3967 θαυμάζε-

2087 3995 2204 4044 ται,
2238 3981 2456 4034 πάντων
2489 3981 2598 4035 τῶν
2633 3980 2854 4035 πώποτε
2889 3986 3386 4054 μνημονευομένων
3414 3989 3512 4040 καὶ
3545 3989 3682 4041 ἱστο-

2091 4073 2388 4142 ρουμένων,
2420 4071 2499 4143 τῷ
2527 4073 2982 4144 ἀπειροπλασίονι
3023 4076 3243 4146 μεγέθει
3273 4076 3367 4130 καὶ
3401 4077 3481 4146 τῷ
3508 4079 3681 4148 ὑπερ-

2085 4161 2293 4232 αίροντι
2339 4165 2526 4218 κάλλει
2557 4206 2571 4230 ,
2609 4165 3056 4235 παραδοξότατόν
3091 4184 3149 4219 τε
3199 4169 3295 4221 καὶ
3331 4168 3674 4234 ἀξιοθέατον.

2099 4255 2408 4326 Ἡρακλείῳ
2447 4256 2536 4320 δὲ,
2583 4256 2670 4309 ἵνα
2717 4259 2843 4318 τοὺς
2886 4258 2943 4309 ἐν
2991 4256 3143 4327 μέσῳ
3195 4258 3675 4329 παραδράμωμεν,

2087 4347 2208 4399 οὐδὲ
2251 4349 2603 4419 παραστῆσαι
2656 4347 2879 4418 {ream-
2935 4348 3133 4412 ὁπόσος
3185 4351 3214 4402 6
3275 4352 3404 4420 περὶ
3438 4351 3506 4402 τά
3553 4352 3677 4420 ἱερὰ

2088 4437 2262 4490 ταῦτα
2293 4436 2612 4506 σεϐάσματα
2655 4437 2819 4500 πόθος
2854 4439 2948 4491 καὶ
2994 4440 3027 4506 ὴ
3078 4439 3458 4510 προσκύνησις
3483 4481 3497 4500 ,
3533 4444 3677 4509 μέγα

2091 4531 2446 4595 σαλπίζουσιν
2476 4532 2526 4583 οί
2551 4530 2679 4601 παρ’
2711 4530 2922 4584 ἐκείνου
2953 4531 3286 4594 ἀναστάντες
3317 4533 3460 4584 ναοί·
3487 4527 3549 4584 οὗ
3581 4534 3676 4586 καὶ

2089 4624 2188 4686 τὰς
2218 4622 2520 4693 λεγομένας
2570 4623 3025 4692 ἀχειροποιὴτους
3067 4621 3162 4674 τοῦ
3210 4624 3463 4693 Σωτῆρος
3520 4625 3676 4693 ἡμῶν

2091 4711 2328 4782 Χριστοῦ
2357 4711 2572 4773 εἰκόνας
2601 4710 2706 4780 (1:),
2738 4711 2766 4762 6
2801 4709 2992 4779 χρόνος
3022 4707 3303 4772 διέσωζεν,
3336 4709 3426 4776 ὑφ’
3460 4702 3536 4761 ὧι
3569 4710 3676 4778 μά-

2092 4805 2248 4855 λιστα
2289 4803 2365 4872 τῷ
2421 4801 2572 4871 πόθῳ
2617 4801 2713 4854 καὶ
2759 4801 2836 4870 τῷ
2891 4800 3196 4869 σεϐάσματι
3252 4798 3672 4868 περιεφλέγετοο

2090 4895 2166 4957 ὡς
2221 4895 2357 4964 μηδὲ
2423 4894 2679 4964 ἀπαίρειν
2723 4893 2858 4963 μηδὲ
2910 4894 3203 4966 κατάρχειν
3249 4891 3407 4953 ὁδοῦ,
3472 4893 3678 4946 τούτων

2091 4992 2278 5061 χωρὶς,
2306 4989 2614 5059 βούλεσθαι,
2640 4987 2753 5041 ἀλλ’
2779 4989 2854 5050 ὡς
2885 4986 3115 5056 συνεκδὴ
3126 5003 3240 5055 μων
3264 4985 3361 5039 καὶ
3386 4984 3674 5055 ἡγεμόνων

2091 5084 2348 5135 ἀπλανῶν
2378 5080 2764 5153 περιέχεσθαι·
2798 5079 2907 5132 τῶν
2937 5077 3248 5150 πρεσϐειῶν
3290 5077 3347 5130 δέ
3382 5077 3483 5146 τῆς
3533 5093 3672 5129 παν-

2091 5177 2362 5245 αχράντου
2379 5174 2679 5242 Δεσποίνης
2697 5173 2855 5242 ἡμῶν
2875 5172 3241 5240 Θεομήτορος,
3261 5171 3485 5222 καὶτῶν
3505 5171 3674 5236 ἁγίων

2091 5266 2126 5335 ὴ
2154 5265 2342 5336 μνήμη
2370 5265 2465 5316 καὶ
2491 5265 2525 5333 ἡ
2551 5263 2835 5331 ἐπίκλησις
2868 5261 3044 5331 πόσης
3077 5261 3198 5314 οὐδὲ
3231 5261 3496 5314 ἀναπνεῖν
3526 5258 3672 5327 αὑτῷ

2164 5442 2240 5513 (ac)
2280 5444 2354 5497 De
2387 5443 2596 5497 Christi
2632 5442 2846 5513 Domini
2905 5441 3139 5513 imagine
3174 5456 3282 5513 non
3337 5441 3666 5513 rnannfacta.

2088 5510 2248 5578 (ιιιιίιιι
2299 5528 2481 5567 secum
2528 5512 2948 5566 circumferebat
2998 5510 3286 5566 lleraclius
3350 5512 3666 5578 imperator,

2091 5583 2688 5652 leges-is'l‘bcophancm
2732 5581 2784 5635 in
2815 5581 3014 5636 Chron.
3053 5582 3118 5636 ad
3153 5581 3398 5650 ejusdem
3440 5582 3665 5636 lleraclii

2093 5670 2288 5707 annum
2324 5654 2408 5706 l2.
