3918 6144
124 327 230 391 525

821 327 1449 389 ANTIRBHETICUS
1486 327 1578 386 III
1620 328 1786 386 ADV.
1832 326 2427 387 CONSTANTINUM
2466 327 2682 386 COPR.

3282 329 3388 391 5926

124 437 271 506 ὑπῆν
292 436 417 489 ὅσον
442 435 649 498 ταύτας
684 435 873 490 αἰτεῖν·
909 429 1022 488 οἷαι
1054 435 1110 488 δὲ
1137 435 1304 488 αὑτοῦ
1348 438 1403 488 αἱ
1439 433 1704 504 πράξεις;

1832 446 2081 489 totestate
2107 446 2284 498 erant,
2317 437 2411 490 sed
2443 437 2544 489 lide
2603 435 2744 488 illius
2790 450 2852 488 ac
2909 435 3186 492 laboribus
3221 439 3390 506 pluri-

122 528 282 584 Μετὰ
311 529 412 596 τῆς
437 526 693 596 τοιαύτης
736 527 976 588 πίστεως
1007 528 1100 580 καὶ
1129 526 1224 577 τοῦ
1260 525 1619 594 σεϐάσματος,
1651 527 1705 577 αἱ

122 618 314 682 πόλεις
344 619 438 671 καὶ
466 619 524 671 αἱ
558 617 730 688 χῶραι
752 617 1136 687 κεκράξονται,
1171 617 1226 671 αἶ
1257 618 1322 688 δὴ
1350 616 1454 669 ὑπὸ
1488 616 1708 688 Πέρσας

121 711 430 781 τηνικαῦτα
452 711 843 778 τυγχάνουσαι,
869 711 1049 762 πίστει
1074 712 1140 780 τῇ
1165 710 1372 763 ἐκείνου
1398 708 1495 762 καὶ
1518 707 1706 778 ἱδρῶσι

123 803 375 855 πλείοσιν
398 801 886 866 ἀποκαθίστανται,
932 801 1236 870 Ῥωμαίους
1266 800 1702 876 ἀνασωζόμεναι·

121 894 332 958 ταύτας
369 893 480 964 γάρ
525 893 824 963 ἀπροσεξία
871 895 966 947 καὶ
991 893 1232 964 ῥᾳθυμία
1264 893 1372 946 τῶν
1403 891 1710 964 προαρξάν-

124 1004 262 1049 των,
296 985 497 1054 μᾶλλον
528 986 584 1038 δὲ
614 987 917 1056 ἀμαρτίαὴ
949 986 1060 1038 τῶν
1090 984 1323 1050 πολλῶν,
1355 987 1468 1048 τοῖς
1493 983 1712 1055 ἐχθροῖς

126 1077 453 1146 ἐνεχείρισε·
486 1078 675 1146 χρόνος
705 1077 762 1130 δὲ
799 1077 947 1148 αὐτῷ
979 1078 1118 1146 ὑπὲρ
1142 1076 1210 1130 τά
1236 1076 1530 1146 τριάκοντα
1567 1077 1710 1128 κατά

124 1168 229 1239 τὴν
259 1169 434 1238 ἀρχὴν
461 1168 717 1238 διήλασεν
757 1167 854 1237 ἐτη
877 1208 894 1228 ,
930 1169 1026 1220 καὶ
1055 1169 1084 1220 ὁ
1114 1169 1221 1230 πᾶς
1251 1167 1351 1237 τῆς
1383 1166 1534 1235 ζωῆς
1560 1164 1712 1235 αὐτῷ

130 1262 246 1332 βίος
292 1261 436 1332 ὑπὲρ
490 1262 557 1318 τὰ
613 1260 821 1314 τούτων
872 1261 1135 1314 διπλάσια
1184 1261 1558 1331 περιεγένετο·
1618 1260 1714 1313 καὶ

127 1355 308 1416 οὕτως
345 1354 399 1406 οῖ’
441 1370 500 1406 τε
531 1355 823 1422 πρότεροι,
862 1353 956 1405 καὶ
1000 1355 1048 1405 oi
1081 1352 1320 1422 καθεξῆς
1371 1351 1614 1421 βασιλεῖς
1653 1368 1711 1402 τε

128 1445 229 1496 καὶ
256 1445 516 1512 ἄρχοντες
539 1442 626 1494 ἐπ’
653 1441 909 1512 εὐσεσείᾳ
925 1441 1326 1514 ἐμπρέποντες,
1355 1443 1450 1494 καὶ
1477 1440 1714 1493 ἐϐίωσαν

127 1536 232 1588 καὶ
271 1537 342 1587 τα
371 1535 492 1588 καθ’
527 1535 756 1596 ἑαυτοὺς
781 1533 1078 1604 διῴκησαν·
1116 1533 1340 1604 τίπρὸς
1363 1532 1536 1586 ταῦτα
1571 1533 1711 1602 em;

1815 525 1918 578 mis
1950 535 2283 593 recuperata:
2308 535 2452 590 sunt,
2506 525 2875 596 Romanisque
2922 526 3081 580 saluti
3143 527 3384 582 luerunt.

1816 615 1922 670 llas
1957 617 2102 670 enim
2129 619 2334 672 incuria
2363 628 2416 672 et
2456 619 2665 687 ignavia
2703 619 3042 688 superiorum
3092 619 3391 690 imperato-

1818 722 1955 771 rum,
1999 709 2106 763 into
2141 709 2318 776 potius
2350 709 2638 764 multorum
2680 721 2929 779 peccata,
2966 713 3212 767 hostibus
3259 730 3388 783 pro-

1815 799 2083 853 diderant.
2141 800 2388 866 Spatium
2417 801 2640 869 quidem
2692 803 2843 871 regni
2872 801 2988 868 ejus
3049 803 3386 858 tricesimum

1817 890 2095 957 superavit
2141 906 2365 952 annum,
2415 889 2555 945 'vitze
2606 901 2789 946 autem
2847 894 3115 948 universa:
3175 906 3390 962 tempus

1817 981 1977 1047 duplo
2011 979 2204 1048 majus.
2237 983 2412 1049 Atque
2447 983 2520 1037 ita
2565 994 2675 1036 tttnt
2710 987 3040 1053 superiores.
3078 996 3188 1038 tum
3229 989 3392 1040 etiam

1817 1072 2088 1126 subsecuti
2120 1074 2477 1140 imperatores
2506 1089 2572 1128 ac
2604 1075 2880 1145 principes
2898 1078 3104 1145 pietate
3130 1077 3398 1140 illustres,

1815 1173 1870 1217 et
1902 1164 2152 1218 vixerunt
2183 1177 2235 1218 et
2296 1182 2382 1219 res
2438 1183 2570 1220 sttas
2628 1169 3102 1223 adntinistrarnnt.
3133 1171 3275 1236 Quid
3329 1178 3395 1224 ad

1818 1257 1930 1310 inec
1964 1257 2078 1311 ais?
2103 1255 2329 1310 Ubinam
2361 1260 2600 1327 magistri
2627 1261 2699 1312 ttti
2737 1275 2822 1314 res
2853 1263 3052 1327 gestae?
3077 1261 3136 1317 Si
3179 1279 3241 1317 vo
3265 1264 3399 1317 lue-

1819 1351 1896 1404 ris
1919 1365 2040 1418 quae
2078 1360 2132 1403 tu
2172 1351 2222 1402 itt
2255 1366 2319 1404 eo
2359 1351 2576 1403 miraris
2599 1367 2719 1403 Clllll
2759 1353 3001 1407 historiis
3047 1369 3398 1424 comparare,

1816 1443 1944 1510 quid
1978 1440 2103 1496 ﬁet?
2158 1451 2306 1510 gutta
2365 1457 2472 1510 prae
2506 1457 2734 1507 oceano,
2793 1459 2914 1512 qum
2975 1456 3027 1497 tu
3080 1445 3402 1514 jactasprze

1821 1531 1929 1585 illis
1971 1531 2385 1600 reputabuntur.

130 1627 240 1679 ποῦ
273 1630 343 1680 τά
387 1624 479 1679 τοῦ
514 1625 608 1678 σοῦ
637 1624 992 1690 διδασκάλου;
1030 1623 1086 1676 εί
1114 1641 1196 1677 σοι
1239 1624 1415 1690 δόξειε
1459 1623 1527 1676 τὰ
1569 1623 1723 1691 παρά
1793 1622 1888 1675 σοῦ
1958 1622 2390 1692 θαυμαζόμενα,
2449 1623 2632 1694 μέτρῳ
2686 1625 2824 1695 πρὸς
2883 1625 2953 1679 τὰ
3027 1627 3394 1696 ἱστορούμενα

129 1718 366 1789 κρίνειν,
395 1718 448 1770 τί
493 1717 880 1788 συμϐήσεται;
933 1716 1152 1785 σταγὼν
1186 1717 1324 1788 πρὸς
1353 1716 1595 1770 ὠκεανὸν
1638 1718 1707 1769 τὰ
1743 1717 1842 1788 τῆς
1878 1717 1975 1786 σῆς
2009 1715 2387 1786 μεγαλαυχίας
2418 1717 2556 1788 πρὸς
2591 1720 2774 1771 ἐκεῖνα
2809 1718 3228 1791 νομισθήσεται.

205 1851 320 1920 πβν.
371 1849 508 1903 Ἀλλ’
545 1852 744 1902 ἐκεῖνοι
781 1849 882 1920 μὲν
910 1848 1034 1902 οὐτε
1085 1851 1491 1924 εὐημεροῦντες
1520 1855 1586 1922 τῇ
1619 1851 1716 1904 τοῦ

1891 1850 1980 1905 82.
2006 1828 2256 1910 Attamen
2281 1851 2351 1904 illi
2377 1850 2593 1921 quidem
2621 1866 2792 1920 neque
2825 1852 2952 1909 dum
2989 1869 3250 1922 prospere
3277 1872 3404 1922 age--

131 1944 262 1997 καθ’
292 1945 439 2014 ἡμᾶς
477 1941 833 2010 εὐαγγελικοῦ
865 1941 1228 2012 κηρύγματος
1279 1943 1495 2016 ἱστορίᾳ
1543 1961 1718 2013 προσ-

134 2037 437 2094 έπταισαν,
468 2033 593 2086 οὐτε
630 2034 1078 2104 δυσπραγούντες
1121 2038 1307 2105 χεῖρας
1336 2035 1479 2089 κατὰ
1505 2035 1614 2087 τῶν
1649 2039 1723 2088 is-

135 2129 252 2202 ρῶν
282 2127 620 2195 ἀγαλμάτων
648 2125 935 2180 ἐπέϐαλον·
966 2125 1088 2178 οὐτε
1118 2125 1228 2198 γάρ
1254 2126 1353 2195 τὴν
1378 2127 1724 2197 Χριστιανῶν

131 2219 447 2288 θρησκείαν
478 2221 544 2287 τῇ
585 2219 727 2288 φορᾷ
755 2216 866 2270 τῶν
911 2217 1040 2287 τῇδε
1090 2219 1436 2288 πραγμάτων
1477 2217 1722 2287 παρέϐα-

132 2313 253 2364 λον·
291 2310 531 2381 οὐδαμοῦ
579 2312 689 2382 γάρ
718 2311 778 2373 τὸ
812 2309 1026 2380 ἑδραῖον
1061 2311 1159 2370 καὶ
1208 2312 1476 2380 στάσιμον
1532 2312 1558 2362 ὁ
1611 2309 1724 2378 βίος

134 2406 285 2474 ἔχων
329 2405 614 2470 φαίνεται,
665 2401 856 2465 ἄλλοτε
896 2400 953 2452 δὲ
997 2400 1172 2463 ἄλλως
1215 2401 1723 2471 μεταδαλλόμενος,

133 2501 237 2551 καὶ
289 2496 489 2549 οὕποτε
517 2499 575 2546 ὲν
615 2497 728 2559 τοῖς
757 2495 942 2556 αὐτοῖς
988 2495 1187 2564 μένων,
1230 2495 1361 2548 ποτὲ
1397 2495 1496 2564 μὲν
1525 2491 1583 2550 εὖ
1613 2497 1727 2558 τοῖς

136 2591 444 2661 πράγμασι
476 2587 809 2662 φερόμενος,
843 2585 973 2643 ποτὲ
1026 2585 1083 2638 δὲ
1117 2589 1195 2648 είς
1229 2585 1538 2639 τούναντίον
1565 2602 1727 2655 περισ

139 2681 464 2748 ιστάμενος·
503 2677 605 2736 ἓως
632 2679 659 2728 ὁ
691 2675 884 2754 καιρὸς
923 2675 1025 2744 τῆς
1060 2675 1402 2742 ἀποστασίας
1432 2675 1725 2745 ἐφέστηκε,

135 2770 234 2820 καὶ
281 2769 334 2818 oi
372 2765 474 2841 τῆς
512 2765 746 2834 εὐαγοῦς
793 2764 952 2838 ἡμῶν
1001 2764 1240 2825 πίστεως
1281 2767 1581 2836 κατήγοροι
1633 2766 1729 2818 καὶ

135 2860 492 2921 ἀποστάται,
537 2854 627 2912 οἷα
660 2858 827 2928 θῆρές
858 2875 1002 2922 τινες
1028 2858 1128 2928 τὴν
1177 2857 1272 2910 τοῦ
1320 2857 1558 2928 Χριστοῦ
1612 2857 1730 2910 ποί-

139 2969 290 3024 μνην
320 2951 769 3020 καταδραμόντες
788 2992 803 3016 ,
835 2950 979 3004 ἅπαν
1009 2950 1069 3002 τὸ
1099 2949 1319 3013 εὐσεϐὲς
1354 2950 1726 3020 ἐλυμήναντο,

134 3046 275 3112 τοὺς
301 3045 398 3114 τῆ,
430 3047 472 3096 ἱε
483 3045 580 3113 ρᾶς
611 3042 943 3113 Ἐκκλησίας
973 3043 1369 3114 ἀρχαιοτάτους
1401 3043 1494 3097 καὶ
1519 3042 1723 3104 θειοτά-

133 3155 272 3200 τους
305 3138 468 3204 ὅρους
498 3137 593 3188 καὶ
633 3135 903 3206 θεσμοὺς,
936 3135 1194 3207 ἀθέσμως
1233 3135 1327 3189 καὶ
1375 3136 1606 3199 ἀνοσίως
1643 3135 1732 3189 διὰ

133 3229 244 3289 τὰς
278 3225 556 3296 ἁμαρτίας
603 3225 762 3295 ἡμῶν
799 3225 1302 3299 καταστρεφόμενοι
1325 3265 1340 3290 ,
1383 3225 1483 3298 τὴν
1520 3226 1731 3280 οίκείαν
1757 3225 1801 3251 “⁴

135 3316 362 3386 δᾷξανῆ
397 3316 666 3387 αἰσχύνην
715 3317 893 3368 είπεῖν
925 3317 1284 3392 οίκειότερον,
1326 3319 1426 3389 τῆς
1469 3319 1564 3372 τοῦ
1592 3318 1728 3372 Θεοῦ

137 3408 584 3480 προκεκρικότες
611 3407 793 3486 δόξης·
846 3409 985 3463 ἁλλά
1017 3410 1082 3463 σὺ
1122 3411 1220 3479 μὲν
1253 3411 1353 3482 τὴν
1403 3411 1586 3464 πίστιν
1632 3412 1729 3482 τὴν

138 3500 270 3555 καθ’
293 3502 446 3570 ἡμᾶς
475 3500 813 3570 δοκιμάζων,
847 3503 1079 3562 ἄπιστος
1109 3502 1298 3576 ῶφθης
1326 3504 1420 3556 καὶ
1448 3503 1726 3572 ἀδόκιμος·

135 3593 202 3645 οὐ
247 3594 362 3662 γὰρ
392 3591 588 3664 δοκιμὴ
629 3595 685 3645 ὲν
719 3593 892 3670 ταύτῃ
911 3594 1252 3661 ὲπιζητεῖται
1307 3594 1584 3662 (ἀπιστίας
1623 3595 1732 3664 γὰρ

134 3685 358 3754 τοῦτο).
376 3683 513 3737 ἀλλά
539 3683 719 3754 ψυχῆς
745 3684 1009 3759 ἁπλότης,
1037 3685 1128 3756 καί
1155 3683 1430 3756 λογισμῶν
1473 3685 1731 3756 καθαρῶν

137 3774 556 3842 συγκατάθεσις
600 3775 968 3846 ἀπερίεργος·
1015 3775 1108 3828 τὸν
1157 3778 1350 3829 πιστὸν
1400 3779 1509 3848 γὰρ
1559 3778 1732 3831 ταῦτα

135 3865 586 3936 χαρακτηρίζειν
614 3866 926 3926 ἐπίσταται·
955 3867 1117 3945 ἡμεῖς
1143 3868 1199 3920 δὲ
1228 3869 1486 3932 ἀπιστίαν
1513 3868 1592 3947 τῷ
1619 3868 1732 3921 δντι

136 3955 541 4021 ἐξετάζοντες,
599 3957 694 4008 καὶ
738 3961 858 4020 ταῖς
897 3957 1005 4010 τῶν
1056 3958 1398 4034 πραγμάτων
1445 3960 1732 4014 ἐκϐάσεσιν

135 4049 591 4117 ἐπιστήσαντες,
639 4048 734 4101 καὶ
779 4051 1050 4122 κριτηρίῳ
1104 4051 1338 4120 ἀσφαλεῖ
1387 4055 1455 4120 τῇ
1505 4051 1734 4123 ἀληθείᾳ

135 4137 428 4210 χρώμενοι
462 4139 716 4208 λέγομεν,
748 4142 831 4193 ὅτι
862 4141 951 4194 διὰ
998 4142 1095 4212 τὴν
1122 4143 1233 4195 τῶν
1269 4143 1375 4195 σῶν
1399 4143 1732 4197 διδασκάλων

134 4231 436 4295 ἀπιστίαν,
478 4231 574 4283 καὶ
600 4233 702 4300 τὴν
735 4231 816 4294 είς
845 4233 1103 4303 Χριστὸν,
1136 4234 1233 4287 καὶ
1270 4234 1370 4305 τὴν
1404 4233 1733 4304 Ἐκκλησίαν

135 4322 312 4393 ὓϐριν
362 4322 611 4376 πλεῖσται
640 4324 766 4376 ὅσαι
795 4324 970 4394 χῶραι
1006 4325 1100 4377 καὶ
1139 4325 1318 4388 πόλεις
1371 4325 1606 4392 μεγάλαι
1639 4325 1734 4378 καὶ

132 4414 292 4476 λαοὶ,
327 4406 410 4474 οἷς
436 4411 496 4465 τὸ
518 4414 598 4476 είς
635 4413 734 4483 την
771 4413 896 4468 καθ’
927 4416 1078 4485 ,ἡμᾶς
1105 4415 1286 4468 πίστιν
1326 4416 1550 4478 εὐσεϐὲς
1579 4419 1734 4486 τετή-

1825 1950 1966 2005 rent,
2000 1942 2328 2011 evangelica:
2363 1952 2562 1997 nostrae
2600 1943 2860 1997 doctrina:
2891 1944 3124 2012 depictis
3159 1947 3404 2000 historiis

1826 2033 2022 2089 infensi
2055 2033 2290 2097 fuerunt,
2321 2050 2494 2104 neque
2525 2036 2752 2090 adversa
2788 2034 3006 2098 fortuna
3037 2047 3257 2098 utentes
3292 2055 3404 2100 ma,

1825 2141 1928 2180 nus
1989 2127 2162 2182 sacris
2216 2127 2544 2195 imaginibus
2593 2127 2894 2183 attulerunt
2954 2146 2966 2182 :
3031 2146 3155 2188 nant
3230 2147 3404 2197 neque

1825 2217 2264 2278 Christianorum
2307 2212 2630 2287 religionem
2665 2221 3014 2286 praesentium
3061 2220 3403 2288 negotiorum

1825 2309 2008 2364 cursui
2044 2309 2448 2379 comparabant.
2488 2309 2632 2364 Nihil
2674 2310 2819 2367 enim
2861 2310 3061 2366 stabile
3094 2326 3158 2363 ac
3189 2311 3405 2363 lit'tttunt

1827 2398 1992 2452 vitam
2024 2399 2162 2454 hanc
2202 2401 2402 2458 habere
2439 2410 2676 2467 constat,
2715 2401 2807 2454 sed
2842 2402 3113 2470 susdeque
3139 2403 3405 2468 converti,

1827 2499 1882 2545 et
1917 2507 2190 2559 nunquam
2221 2492 2273 2545 in
2320 2492 2508 2549 eodem
2539 2503 2682 2554 statu
2715 2510 2957 2563 manere,
2981 2505 3044 2549 .et
3081 2497 3240 2549 utodu
3271 2496 3408 2548 bene

1831 2596 1944 2636 rem
1993 2585 2130 2653 geri,
2189 2587 2347 2640 modo
2398 2585 2451 2638 in
2499 2587 2834 2640 ccutrariutn
2887 2603 3111 2656 vergere
3164 2606 3175 2640 :
3235 2595 3409 2643 donec

1831 2676 2116 2744 apostasia:
2163 2686 2374 2744 tempus
2411 2680 2760 2746 supervenit,
2806 2689 2861 2732 et
2919 2680 2972 2733 hi
3019 2696 3166 2748 purae
3207 2693 3410 2735 nostra:

1833 2767 1954 2820 lidei
1986 2765 2410 2824 calumniatores
2449 2778 2500 2821 et
2532 2777 2792 2836 apostatte
2813 2808 2828 2834 ,
2862 2784 2958 2822 ceu
2991 2768 3125 2824 ferae
3158 2772 3405 2838 qnazdanj

1833 2857 1887 2916 in
1913 2857 2118 2916 Citriin
2149 2859 2292 2916 ovile
2319 2861 2682 2930 incurrentes,
2707 2861 2968 2930 quidquid
2997 2862 3142 2930 piunt
3175 2873 3258 2917 est
3285 2880 3410 2918 cur-

1834 2958 2116 3018 ruperunt,
2149 2951 2549 3004 vetustissimas
2584 2959 2788 3004 sancta:
2815 2951 3071 3005 Ecclesiae
3095 2968 3158 3006 ac
3193 2953 3415 3007 divinas

1833 3041 2175 3108 deﬁnitiones
2209 3052 2372 3111 atque
2410 3040 2626 3096 decreta
2661 3041 2846 3096 illicito
2883 3043 3154 3112 impieque
3191 3057 3411 3114 promer

1833 3142 2050 3200 peccata
2097 3141 2280 3186 nostra
2323 3130 2736 3195 subvertentes,
2787 3131 3052 3197 judicium
3107 3147 3287 3197 suum,
3324 3137 3410 3186 vel

1835 3224 2014 3293 potius
2046 3223 2454 3292 turpitudinem,
2493 3224 2584 3276 Dei
2615 3222 2819 3290 judicio
2853 3233 3265 3293 pra-vertentes.
3311 3227 3409 3282 At-

1833 3313 1924 3383 qui
1973 3322 2027 3365 tu
2073 3312 2293 3381 quidem
2341 3311 2464 3367 lidei
2498 3321 2696 3366 nostrae
2737 3312 3050 3381 explorator
3091 3311 3321 3368 inlidelis
3359 3324 3414 3374 et,

1835 3402 2100 3472 reprobus
2130 3412 2443 3472 compertus
2473 3417 2554 3457 es.
2584 3400 2770 3479 Neque
2798 3402 2944 3466 enim
2974 3419 3202 3464 examen
3246 3404 3298 3456 in
3331 3418 3413 3466 re,

1834 3496 2037 3565 ligione
2070 3496 2376 3572 exquiritur
2399 3498 2417 3564 (
2438 3496 2542 3550 hoc
2569 3497 2713 3550 enim
2746 3495 3147 3551 incredulitatis
3179 3494 3410 3550 olﬁeiunt

1834 3587 1958 3656 est)
2003 3589 2096 3642 sed
2126 3587 2321 3644 anima:
2355 3587 2700 3656 simplicitas,
2738 3598 2792 3642 et
2829 3605 2978 3657 pura:
3013 3589 3210 3646 intentis
3259 3589 3412 3642 inem-

1836 3681 2014 3734 riosns
2031 3694 2288 3733 assensus
2313 3679 2466 3748 (1‘9).
2488 3679 2640 3742 Hanc
2657 3683 2803 3745 enim
2827 3696 2948 3734 esse
2979 3680 3152 3734 ﬁdelis
3182 3682 3414 3747 hominis

1833 3769 2121 3836 genuinam
2159 3778 2340 3827 notant
2363 3807 2377 3834 ,
2410 3769 2904 3838 exploratissiutunt
2940 3780 3043 3823 est.
3092 3769 3199 3823 Nos
3233 3781 3411 3828 autem

1837 3859 2209 3913 inﬁdelitatem
2243 3873 2431 3912 revera
2464 3861 2898 3923 considerantes,
2931 3871 2988 3914 et
3038 3877 3218 3914 rerum
3251 3877 3414 3914 even-

1839 3951 1980 4005 tibus
2035 3961 2265 4004 mentem
2307 3951 2832 4014 intendentes,_tuto
2889 3952 3135 4012 veritatis
3189 3953 3412 4010 rritcrio

1836 4043 1958 4096 freti
1986 4043 2236 4105 dieinuts,
2268 4042 2336 4095 ob
2379 4051 2592 4094 tuorunt
2629 4043 3012 4111 magistrorum
3056 4043 3412 4111 impietatem,

1836 4146 1997 4203 atque
2027 4135 2080 4188 in
2113 4134 2317 4187 Christi
2351 4133 2648 4187 Ecclesiatn
2679 4133 2931 4199 injurias,
2962 4135 3272 4201 provincias
3300 4135 3415 4202 piu-

1837 4228 2022 4290 rimas,
2067 4227 2337 4296 urbesque
2381 4240 2602 4294 tttagnas
2635 4241 2698 4279 ac
2733 4235 2943 4292 gentes,
2973 4241 3094 4294 qua:
3131 4226 3250 4278 ﬁdei
3291 4243 3417 4278 nos-

1840 4329 1933 4372 trae
1963 4319 2216 4387 pietatem
2245 4325 2708 4371 conservaverunt
2733 4355 2748 4381 ,
2781 4327 2945 4384 atque
2990 4317 3041 4369 in
3085 4317 3166 4370 his
3199 4317 3415 4385 potissi.

1837 4425 1981 4461 nmm
2011 4425 2178 4478 pr0pe
2207 4409 2541 4462 occidentem
2568 4409 2735 4462 solent
2772 4409 3040 4472 nationes,
3071 4423 3098 4460 a
3137 4408 3292 4462 nobis
3323 4409 3417 4462 de-

135 4522 317 4576 ρηται
337 4545 354 4568 ,
397 4504 490 4556 καὶ
516 4504 724 4566 τούτων
763 4505 999 4575 μάλιστα
1027 4505 1095 4557 τὰ
1123 4505 1258 4576 πρὸς
1293 4506 1442 4576 ἥλιον
1471 4508 1724 4559 καταδυό-

1837 4501 2081 4554 fecerunt
2119 4501 2193 4570 (5)
2222 4516 2234 4551 :
2263 4517 2370 4569 quo
2404 4499 2605 4554 factum
2637 4511 2741 4566 est,
2775 4510 2833 4554 ut
2859 4502 3068 4570 jamdiu
3102 4500 3242 4554 facta
3279 4503 3418 4555 divi-

136 4613 320 4666 μενον
387 4596 659 4658 πρόσοικα
701 4596 833 4666 γένη
895 4597 1033 4667 πρὸς
1083 4599 1387 4650 ἀπόστασιν
1443 4593 1584 4650 εἶδον
1613 4615 1625 4626 ·
1670 4597 1732 4662 ἐξ

131 4684 218 4741 ῶν
256 4687 364 4756 ἤδη
394 4687 547 4756 παρὰ
575 4687 710 4740 πολὺ
737 4687 1118 4757 διαιρούμενα,
1151 4688 1509 4741 κεκακῶσθαι
1536 4687 1604 4744 τὰ
1634 4689 1732 4762 τῆς

147 4777 460 4846 Ῥωμαίων
495 4777 672 4847 ἀρχῆς
699 4778 791 4832 καί
816 4778 1160 4847 ὴλαττῶσθαι
1192 4780 1530 4850 συμὸἐόηκε,

214 4885 338 4953 ττγ’.
385 4886 530 4938 Πολὺ
577 4885 710 4954 γοῦν
750 4887 860 4940 τῶν
908 4889 964 4939 ἐν
1009 4889 1088 4958 τῷ
1135 4891 1259 4954 τότε
1305 4892 1733 4958 ἐνακμαησάντων

131 4977 462 5048 ἀνθρώπων
491 4979 546 5029 αί
579 4977 753 5047 ψυχαὶ
780 4979 841 5032 τὸ
873 4981 1140 5048 σφαλερὸν
1187 4981 1284 5034 καὶ
1331 4981 1622 5043 ὲπιὸλαδὲς
1648 4998 1734 5033 νο-

134 5070 398 5139 σήσασαι
418 5107 434 5129 ,
468 5067 863 5136 κατακρίσεσιν
888 5069 1134 5130 αίωνίαις
1163 5070 1570 5138 παραδίδονται·
1602 5071 1736 5140 πρό-

133 5175 334 5214 κειται
371 5153 463 5211 οῦν
499 5174 583 5210 σοι
622 5158 692 5210 τά
731 5157 843 5210 τῶν
873 5159 959 5211 ἐπ’
996 5158 1249 5229 εὐσεϐείᾳ
1295 5161 1572 5228 ἀρξάντων
1601 5163 1736 5228 ἔργα

131 5269 205 5306 τε
238 5253 342 5306 καὶ
368 5249 772 5323 κατορθώματα
819 5251 914 5304 καὶ
943 5253 992 5303 οἱ
1025 5252 1242 5322 χρόνοι,
1292 5253 1345 5304 εί
1371 5271 1452 5306 σοι
1492 5256 1524 5327 ἡ
1555 5255 1738 5317 πίστις

213 5455 368 5522 (1-2)
399 5457 471 5509 De
521 5456 622 5509 hac
657 5456 779 5509 ﬁdei
815 5456 1138 5511 Christiana:
1191 5456 1509 5511 deﬁnitione
1541 5474 1603 5511 ac
1632 5475 1726 5510 na-

134 5537 304 5590 tura,
333 5525 591 5590 diximus,
615 5541 666 5591 p.
692 5527 783 5588 86,
814 5529 940 5580 adn.
970 5527 1026 5582 6.

218 5596 303 5663 (ὃ)
336 5594 471 5648 Rern
503 5605 687 5648 narrat
719 5597 859 5649 inter
882 5607 1112 5651 caeteros
1137 5597 1394 5657 Zonaras.
1422 5598 1514 5652 lib.
1552 5614 1640 5659 xv,
1674 5598 1730 5655 4.

142 5679 359 5730 uetnpe
375 5665 518 5737 qn_o_d
543 5665 795 5737 Romani,
817 5667 1070 5737 pontiﬁce
1086 5665 1346 5737 Gregorio
1364 5667 1497 5734 (Ill),
1513 5678 1733 5732 propter

148 5748 394 5792 causam
427 5733 530 5792 SS.
574 5734 872 5802 imaginum
909 5752 937 5789 a
973 5734 1176 5793 Graecis
1200 5733 1271 5791 ad
1304 5735 1540 5794 Francos
1575 5739 1735 5792 dcl'e-

1839 4587 2383 4657 sinue,Romamun
2432 4593 2716 4670 imperium
2757 4595 3093 4659 debilitatum
3142 4596 3208 4648 sit
3259 4605 3420 4672 atque

1842 4687 2208 4738 itttmittttltlltt.

1913 4889 2000 4946 83.
2029 4886 2208 4942 Multa:
2233 4887 2394 4957 igitur
2420 4887 2698 4942 hominum
2731 4899 2862 4946 tunc
2886 4889 3190 4942 viventium
3223 4892 3420 4946 anima:

1841 4995 2029 5034 errore
2087 4978 2330 5048 deceptae
2381 4988 2436 5033 et
2483 4991 2752 5048 corrupta:
2806 4994 2932 5034 cum
2985 4979 3216 5044 fuerint,
3279 4995 3420 5031 nunc

1843 5081 2046 5124 :eterna
2078 5070 2428 5124 damnatione
2461 5079 2732 5124 tenentur.
2765 5069 2886 5124 Tibi
2914 5085 3042 5125 vero
3069 5069 3147 5139 (4)
3175 5077 3420 5137 prostant

1845 5162 2097 5226 illorum,
2140 5161 2230 5229 qui
2268 5160 2526 5216 incolumi
2568 5161 2769 5230 pietate
2800 5169 3132 5230 regnarunt,
3167 5173 3330 5226 opera
3367 5172 3422 5211 et

1847 5256 2238 5323 pr05peritates
2280 5264 2334 5307 et
2361 5253 2489 5310 attni
2525 5270 2538 5308 :
2591 5255 2636 5316 si
2688 5254 2908 5321 quidem
2943 5251 3038 5308 tibi
3086 5253 3219 5307 ﬁdes
3248 5251 3302 5305 in
3341 5251 3425 5304 his

1838 5469 2177 5596 Lcz'i'rl‘iunc
2209 5527 2504 5595 alloquitur
2538 5529 2840 5595 generatim
2881 5527 2963 5578 sui
3002 5525 3264 5593 temporis
3304 5525 3427 5577 len-

1840 5600 2138 5662 Itmttaclltts
2191 5597 2566 5664 Nicephorus;
2604 5598 2686 5650 vel
2731 5598 2928 5663 ipsum,
2973 5597 3137 5652 tacito
3172 5597 3428 5661 nomine,

1843 5669 2074 5723 lmonmn
2157 5671 2450 5746 Armenium
2540 5669 2668 5746 imp.
2745 5669 3018 5726 haereseos
3092 5667 3428 5720 instauratus-

1847 5756 1978 5794 l'tjlll.
