3898 6150
476 294 580 360 θΞἹ

1509 295 1569 354 S.
1612 293 2028 354 NICEPHORI
2069 296 2577 359 PATRIARCILE
2614 302 2721 361 CP.

3646 310 3670 329 ν

3646 310 3670 329 ν

3642 309 3753 371 ςιΞ3

474 404 698 460 evidens
728 402 988 473 magistra
1017 409 1099 457 est
1132 420 1145 456 :
1180 401 1293 457 hare
1337 409 1386 455 te
1430 415 1525 471 per
1547 417 1760 455 onmem
1791 402 1932 456 viam
1965 418 2043 456 sa-

2161 407 2219 459 ὲν
2248 405 2463 471 τούτοις
2526 407 2825 478 παρέξεται
2854 409 3023 479 σαφὲς
3049 409 3414 476 διδασκάλων,
3443 412 3755 483 ὀδηγοῦντά

475 496 707 552 lutaretn
739 494 1029 557 deducent,
1067 493 1112 548 si
1145 503 1291 546 certe
1326 492 1522 546 anima:
1569 493 1721 546 salus
1758 494 1852 548 tibi
1902 494 2053 549 cordi

476 600 583 645 est.
620 585 824 641 llorutn
863 584 1123 640 aamulare
1154 585 1338 651 (idem,
1371 598 1467 653 spe
1496 597 1626 652 erga
1661 585 1827 639 Deum
1861 584 2053 650 fretus,

476 680 713 747 piosque
764 688 819 733 et
861 677 1098 748 optimos
1136 685 1291 730 actus
1353 690 1585 739 exsere,
1631 676 1914 745 prmsentia
1958 677 2055 732 de-

476 771 645 839 spice,
662 770 728 824 ad
753 768 930 823 futura
948 768 1233 831 contende,
1250 766 1528 837 Deumque
1548 783 1777 837 operum
1800 776 2055 836 exspecta

472 863 832 933 justissimum
864 860 1107 930 judicem
1132 898 1148 925 ,
1194 875 1263 914 ne
1312 859 1604 915 mundanis
1640 869 1848 913 tantum
1894 861 2055 915 rebus

475 956 708 1018 deditus,
735 969 838 1007 una
864 967 989 1008 cum
1019 952 1087 1006 iis
1108 952 1199 1021 qui
1229 951 1343 1007 haec
1365 953 1641 1022 ignorant,
1673 952 1725 1005 in
1752 952 1844 1006 illo
1868 951 2057 1007 inexo-

476 1046 632 1101 rahili
687 1044 1075 1113 tremendoque
1119 1042 1363 1111 judicio,
1414 1042 1679 1113 gehennae
1720 1043 1953 1099 tradaris
1999 1043 2055 1097 in

471 1147 791 1206 perpetuum
816 1134 1139 1205 plectendus
1169 1172 1187 1198 ,
1213 1132 1306 1187 ubi
1336 1147 1499 1187 nemo
1520 1142 1605 1188 est
1632 1146 1726 1187 rex
1749 1142 1842 1186 aut
1863 1131 2051 1197 idiota,

472 1231 623 1284 dives
653 1238 746 1282 aut
778 1241 1005 1299 pauper,
1044 1227 1256 1280 amicus
1284 1233 1382 1279 aut
1429 1233 1727 1294 cognatus,
1760 1223 1851 1292 qui
1893 1223 2051 1278 alteri

470 1335 626 1390 opem
654 1319 800 1373 ferre
820 1326 1007 1390 queat.
1032 1316 1421 1386 Unusquisque
1447 1315 1590 1369 enim
1616 1316 1731 1369 suis
1748 1313 1910 1388 146
1931 1329 2055 1385 epe-

474 1413 626 1465 ribus
655 1418 1008 1479 coarguetur,
1037 1408 1120 1463 vel
1158 1407 1329 1478 gloria
1371 1408 1676 1470 donandus,
1707 1407 1791 1467 vel
1823 1406 2053 1475 ignomi—

474 1504 562 1556 nia
599 1504 889 1555 notandus.
922 1499 1026 1554 Sed
1055 1499 1158 1553 nisi
1189 1514 1417 1567 prorsus
1446 1498 1765 1553 inﬁdelitate
1794 1513 1854 1553 es
1883 1500 2054 1552 obru-

475 1605 580 1660 tua,
618 1593 772 1647 dabis
803 1592 1051 1646 sedulam
1088 1606 1309 1659 cperam
1351 1600 1409 1644 ut
1438 1606 1506 1645 ex
1544 1591 1751 1645 erroris
1793 1590 2052 1645 barathro

471 1698 679 1751 enates,
720 1694 774 1737 et
803 1686 869 1739 ad
906 1682 1153 1736 veritatis
1185 1693 1393 1739 rectum
1426 1680 1532 1736 iter
1558 1680 1840 1751 respicias.
1872 1678 2051 1750 Atque

474 1786 533 1832 ut
562 1776 691 1845 quid
728 1776 799 1830 sit
829 1774 960 1829 utile
991 1784 1046 1830 et
1074 1782 1177 1828 tua:
1210 1773 1460 1828 felicitati
1496 1787 1824 1841 congruum,
1879 1787 2050 1841 agno-

473 1883 628 1923 scere
656 1867 848 1935 possis,
870 1865 994 1918 audi
1021 1879 1184 1935 porro
1202 1864 1346 1917 unde
1362 1873 1413 1917 et
1443 1863 1713 1932 quomodo
1734 1874 1882 1917 secta
1910 1864 2049 1926 haec,

472 1958 555 2011 vel
598 1959 776 2027 potius
808 1955 1079 2024 apostasia
1112 1994 1125 2016 ,
1156 1962 1334 2006 ortum
1377 1960 1539 2020 atque
1573 1966 1918 2022 progressum
1953 1967 2048 2007 ce—

468 2049 608 2119 perit
636 2065 651 2101 :
684 2062 878 2116 nempe
908 2056 963 2099 ut
989 2053 1333 2115 perspectum
1364 2043 1588 2107 habeas,
1624 2040 1879 2098 nou'csse
1909 2045 2049 2099 hanc

470 2141 673 2209 regiam
734 2140 829 2193 sed
870 2135 1155 2190 .ludaicam
1205 2135 1533 2189 sententiam
1584 2149 1649 2188 ac
1696 2134 2043 2189 maleficium.

467 2232 602 2286 Nam
641 2240 762 2301 post
788 2242 1014 2284 cmteras
1047 2236 1275 2281 cunctas
1312 2227 1568 2292 bmreses,
1601 2241 1721 2294 qtae
1748 2226 1801 2280 in
1838 2225 2037 2281 Christi

465 2324 709 2379 Ecclesia
746 2323 813 2376 ab
847 2324 1003 2376 hoste
1033 2331 1163 2375 satze
1198 2322 1394 2373 malam
1429 2331 1667 2390 segetem
1706 2321 2039 2387 extulerunt,

466 2416 582 2468 lucc
631 2428 845 2482 quoque
886 2412 1181 2480 peracerba
1218 2411 1522 2481 irreligiose
1554 2413 1828 2465 succrevit
1860 2414 2040 2479 spina,

466 2520 583 2573 qua:
631 2504 843 2557 illaru'ut
879 2501 1157 2555 consortio
1207 2501 1541 2570 adiungitur,
1578 2513 1632 2554 et
1664 2502 1716 2553 in
1769 2501 2042 2570 praedictis

457 2597 761 2649 centesima
796 2593 1034 2648 secunda
1084 2601 1407 2647 numeratur
1445 2591 1545 2663 (5).
1582 2590 1682 2647 Est
1718 2604 1897 2647 autem
1942 2593 2041 2645 huc

456 2684 716 2754 jnsntodi.

2162 513 2222 550 σε
2252 498 2391 567 πρὸς
2416 500 2598 552 πᾶσαν
2623 499 2743 553 ὁδὸν
2810 502 3105 573 σωτήριον,
3134 504 3311 573 ἄνπερ
3338 504 3427 558 διὰ
3460 506 3753 576 φροντίδος

2161 604 2241 641 σοι
2273 591 2307 659 ἡ
2337 590 2435 661 τῆς
2461 590 2644 659 ψυχῆς
2682 592 2929 663 σωτηρία
2961 592 3096 646 ποτὲ
3126 594 3369 661 γένοιτο,
3409 594 3615 650 τούτων
3640 595 3754 668 ζή-

2158 677 2251 730 λου
2297 679 2398 746 τὴν
2443 680 2650 742 πίστιν.
2698 684 2766 753 τῇ
2800 683 2883 745 είς
2929 682 3063 737 Θεὸν
3093 682 3271 737 ἐλπίδι
3317 684 3752 755 βεϐαιούμενος,

2158 769 2250 820 καὶ
2279 769 2546 839 ἀποδέχου
2577 769 2676 834 τὰς
2734 771 2981 834 εὐσεϐεῖς
3031 772 3125 825 καὶ
3170 773 3429 842 ἀρίστους
3476 776 3752 845 πράξεις,

2157 861 2251 914 καὶ
2297 859 2406 914 τῶν
2454 860 2741 931 παρόντων
2793 863 3075 933 ὑπερόρα,
3122 863 3215 916 καὶ
3254 864 3395 931 πρὸς
3432 866 3495 917 τὸ
3545 865 3755 936 μέλλον

2156 948 2406 1018 ἐπείγου,
2438 953 2532 1006 καὶ
2554 952 2685 1004 Θεὸν
2712 952 2821 1005 τῶν
2851 955 3262 1025 πεπραγμένων
3288 954 3515 1027 ἐκδέχου
3542 957 3754 1027 κριτὴν

2155 1039 2515 1106 δικαιότατον,
2554 1042 2641 1095 ἵνα
2673 1042 2748 1113 μὴ
2777 1046 2890 1107 τοῖς
2918 1046 3234 1115 ὲγκοσμίοις
3263 1047 3426 1116 μόνον
3463 1048 3747 1118 ὲναπομέ-

2155 1148 2285 1196 νων,
2309 1135 2423 1196 τοῖς
2440 1134 2745 1203 ἁγνοήσασι
2772 1135 2948 1189 ταῦτα
2970 1138 3112 1192 κατὰ
3151 1138 3210 1191 τὸ
3237 1138 3536 1192 ἀδέκαστον
3562 1140 3751 1194 ἐκεῖνο

2156 1224 2250 1275 καὶ
2280 1222 2722 1292 φρικωδέστατον
2757 1226 3063 1297 κριτήριον,
3100 1229 3165 1298 τῇ
3203 1228 3401 1301 γεέννῃ
3445 1245 3746 1301 συμπαραι-

2153 1311 2367 1383 ληφθῇς
2394 1314 2655 1367 ἀθάνατα·
2681 1314 3195 1384 κολασθησόμενος·
3220 1316 3350 1371 ἔνθα
3388 1317 3490 1372 οὐκ
3526 1318 3601 1372 ἔνι
3640 1320 3745 1391 βαι-
3784 1378 3789 1381 _

2157 1404 2341 1467 σιλεὺς
2357 1405 2452 1458 καὶ
2483 1406 2723 1477 ἰδιώτης,
2744 1406 2998 1471 πλούσιός
3024 1424 3082 1460 τε
3111 1410 3206 1461 καὶ
3236 1408 3426 1479 πένης,
3449 1411 3510 1462 οὐ
3540 1411 3698 1478 φίλος
3717 1451 3737 1475 ,
3784 1424 3790 1469 1

2154 1496 2215 1548 ού
2248 1498 2551 1567 συγγενὴς.
2594 1497 2653 1561 ὃς
2695 1498 2869 1568 ἑτέρῳ
2913 1496 3129 1569 βοηθεῖν
3156 1498 3469 1569 δυνήσεταιν
3502 1500 3741 1564 ἕκαστος

2154 1585 2263 1656 γὰρ
2285 1588 2396 1649 τοῖς
2442 1586 2594 1650 ἰδίοις
2618 1586 2813 1656 ,ἔργοις
2840 1585 3299 1658 ἐξετασθήσεται,
3333 1589 3366 1659 ἢ
3412 1589 3744 1658 δοξασθησό-
3804 1595 3817 1603 “

2157 1693 2317 1746 μενος
2347 1676 2379 1749 ἢ
2414 1677 2932 1748 αἰσχυνθησόμενος·
2982 1677 3095 1732 ἀλλ’
3127 1681 3175 1731 εί
3206 1680 3282 1749 μὴ
3316 1680 3571 1733 τοσοῦσον
3600 1696 3744 1749 προ-

2079 1751 2123 1805 Β
2153 1769 2493 1839 κατεσχέθης
2523 1770 2590 1839 τῇ
2641 1768 2873 1837 ἀπιστίᾳ
2902 1808 2918 1833 ,
2962 1768 3399 1840 ἐκπονηθήσεται
3446 1771 3504 1829 δέ
3548 1789 3630 1824 σοι
3671 1776 3740 1842 τῇ

2153 1859 2331 1931 πλάνῃ
2361 1858 2687 1925 καταδυέντι
2731 1859 2862 1914 ποτὲ
2898 1859 3270 1929 ἁνανήξασθαι
3291 1900 3306 1925 ,
3340 1860 3437 1914 καὶ
3464 1861 3598 1928 πρὸς
3636 1862 3742 1933 τὴν

2150 1953 2251 2021 τῆς
2291 1952 2551 2023 ἀληθείας
2590 1952 2979 2036 ἀποσκοπῆσαι
3008 1951 3307 2023 εὐθύτητα.
3341 1953 3463 2007 Ἵνα
3494 1955 3627 2031 (ει-ι)
3656 1973 3741 2012 σοι

2149 2043 2209 2097 τὸ
2239 2042 2554 2096 λυσιτελοῦν
2579 2042 2673 2096 καὶ
2696 2039 2755 2096 εὗ
2788 2043 3074 2111 γεγονέναι
3103 2044 3322 2117 ὑπάρξῃ
3346 2045 3433 2098 ἐπ’
3460 2046 3737 2118 ἐξουσίας,

2150 2133 2719 2204 πρόκειται-ἀκοῦσαι
2763 2134 2889 2191 ὅθεν
2919 2151 2978 2188 τε
3006 2136 3104 2188 καὶ
3128 2137 3279 2199 ὅπως
3325 2138 3394 2190 τὰ
3432 2137 3535 2207 τῆς
3579 2140 3739 2208 αἱρέ-

2150 2241 2287 2288 σεως
2317 2226 2555 2295 ταύτης,
2590 2226 2791 2295 μᾶλλον
2822 2226 2879 2278 δὲ
2910 2227 3274 2293 ἀποστασίας,
3305 2227 3404 2298 τὴν
3433 2229 3609 2303 ἀρχὴν
3642 2232 3740 2284 καὶ

2145 2316 2246 2387 τὴν
2290 2317 2520 2386 πρόοδον
2562 2318 2820 2387 είληφενε
2872 2318 2960 2375 ἵνα
3000 2336 3083 2372 σοι
3127 2318 3435 2389 εὔγνωστον
3479 2324 3737 2393 γένηται,

2146 2409 2223 2471 ὡς
2251 2409 2312 2460 οῦ
2362 2408 2667 2477 βασιλικ“.ν,
2693 2409 2807 2462 ἀλλ’
2852 2410 3144 2466 Ἰουδαϊκὸν
3182 2411 3244 2464 τὸ
3278 2414 3537 2483 φρόνημα
3577 2413 3741 2466 τοῦτο

2145 2499 2241 2549 καὶ
2290 2495 2659 2569 κακούργημα
2701 2499 2796 2569 (u)'
2836 2500 2970 2570 πρὸς
3018 2500 3129 2572 γὰρ
3166 2504 3285 2565 ταῖς
3334 2501 3552 2579 λοιπαῖς
3593 2504 3735 2556 ἁπά-

2148 2605 2265 2650 σαις
2301 2588 2600 2657 αἱρέσεσιν,
2630 2590 2685 2641 αἳ
2715 2591 2780 2659 τῇ
2814 2590 2909 2643 τοῦ
2939 2589 3180 2662 Χριστοῦ
3228 2590 3531 2661 Ἐκκλησία
3584 2592 3739 2661 παρὰ

2147 2681 2241 2733 τοῦ
2274 2680 2505 2749 Ἐχθροῦ
2558 2682 2917 2751 ὲνσπαρείσαι
2964 2682 3153 2746 κακῶς
3203 2681 3591 2754 παρεφύησαν,
3643 2683 3741 2736 καὶ

462 2778 600 2850 αῦτη
639 2780 667 2848 η
701 2777 873 2849 πικρὰ
915 2776 1192 2840 δυσσεϐῶς
1243 2774 1813 2847 συμπαρεϐ).άστησεν
1851 2774 2084 2830 ἄκανθα·
2126 2775 2364 2841 ἐκείναις
2413 2775 2547 2842 γοῦν
2611 2779 3023 2849 συντεταγμένη
3078 2779 3418 2854 παρέπεται,
3468 2780 3741 2855 ἑκατοστὴ

460 2876 686 2942 δευτέρα
748 2874 868 2935 ταῖς
921 2868 1488 2940 προκατειλεγμέναις
1545 2867 2002 2939 ἐπαριθμουμένη
2027 2884 2041 2900 ο
2082 2867 2195 2938 ἔχει
2222 2867 2276 2920 δὲ
2307 2861 2432 2921 ὦδε⁸

468 3054 698 3109 Ιλίιινεεῐδ
753 3066 849 3105 cn.
900 3049 1443 3119 Christianorategori
1506 3049 1613 3103 sive
1676 3045 2039 3101 Icouoclastw.

2151 3044 2389 3110 Αἵρεσις
2420 3042 2522 3113 ρβ’.
2565 3042 3209 3114 Χριστιανοκατήγοροι
3257 3043 3450 3113 ἤγουν
3497 3047 3743 3100 Eurora-

533 3253 624 3307 84.
653 3248 1210 3317 Christianocatcgori
1237 3246 1490 3316 appellati
1539 3255 1686 3312 sunt,
1717 3246 1842 3316 quia
1888 3244 2046 3299 Citri-

460 3347 669 3400 stianos
703 3344 792 3397 uni
828 3355 1065 3411 veroque
1100 3339 1341 3407 Deo,qui
1370 3340 1421 3392 in
1455 3336 1727 3392 Trinitate
1757 3338 2042 3398 aduratur,

461 3437 667 3517 cultum
702 3432 1030 3496 deferentcs,
1060 3430 1376 3485 calumniati
1420 3441 1546 3483 sunt
1576 3430 1731 3498 quasi
1764 3444 1999 3482 veneran
2030 3458 2044 3467 -

471 3532 559 3584 tias
593 3528 803 3584 Domini
833 3525 1003 3581 nostri
1038 3523 1168 3579 Jesu
1195 3524 1424 3587 Christi,
1452 3533 1507 3575 et
1535 3520 1896 3574 innnarulatm
1939 3520 2047 3573 Do-

464 3624 621 3677 mina:
656 3632 855 3676 nostra;
878 3618 1123 3688 Dciparte
1151 3617 1531 3679 sanctissume,
1566 3629 1665 3667 nee
1698 3628 1802 3665 non
1829 3622 2045 3666 sancto-

467 3731 581 3770 rum
616 3715 894 3769 hominum
923 3709 1209 3781 imagines,
1240 3716 1495 3777 tanquam
1522 3708 1672 3768 deos,
1701 3704 2042 3757 ethnicorum

467 3821 647 3871 more,
686 3804 968 3859 latreutica
1015 3798 1361 3856 observantia
1417 3795 1618 3851 colant.
1684 3793 1930 3859 Cumque
1990 3789 2041 3842 hi

467 3898 701 3953 lucretici
747 3897 1007 3967 imagines
1038 3893 1185 3947 velut
1213 3890 1355 3946 idola
1391 3888 1795 3949 abomincntnr,
1839 3880 2042 3938 Christi

464 3991 720 4046 Ecclesia:
772 3985 1155 4043 contumeliam
1206 3983 1504 4039 intulerunt
1529 4021 1542 4048 ,
1579 3989 1690 4033 tum
1728 3977 1848 4030 illas
1883 3990 2042 4030 ever-

465 4087 643 4148 tendo,
697 4093 808 4137 tum
856 4080 1106 4135 homines
1144 4078 1236 4149 qui
1280 4078 1435 4145 juxta
1474 4073 1732 4129 traditunt
1775 4071 1843 4123 ab
1890 4068 2044 4122 initio

459 4172 787 4231 Christianis
820 4186 1029 4224 morem
1056 4169 1275 4222 easdem
1310 4167 1731 4226 venerabantur,
1761 4161 1897 4215 diris
1923 4175 2040 4226 snp-

463 4266 635 4333 pliciis
665 4259 1055 4318 excrucianda.
1088 4256 1260 4310 Porro
1310 4258 1425 4309 hmc
1458 4256 1616 4325 plane
1647 4251 1871 4305 Judaica
1907 4250 2043 4306 Deo-

459 4373 566 4427 qne
601 4356 822 4410 orlibilis
856 4350 1126 4405 sententia
1162 4358 1266 4403 est.
1303 4346 1414 4417 Age
1451 4362 1579 4401 vero
1616 4345 1838 4413 hujusce
1871 4344 2042 4398 bmrc-
2075 4384 2118 4438 D

459 4464 583 4503 seos
648 4450 787 4501 hanc
828 4443 991 4512 prisci
1043 4442 1251 4509 aliquot
1293 4440 1557 4509 originem
1594 4438 1763 4493 fuisse
1796 4440 2034 4490 tradunt.

459 4538 554 4593 Vir
577 4539 794 4607 quidam
823 4536 874 4589 iu
900 4532 1031 4588 urbe
1058 4532 1344 4587 Tibcriadc
1378 4547 1482 4586 non
1511 4527 2036 4598 ignobilistdaicm

458 4640 623 4684 secta:
660 4628 866 4682 assccla
892 4666 907 4691 ,
943 4634 1109 4695 atque
1158 4625 1301 4679 inter
1336 4638 1466 4677 suos
1511 4623 1800 4691 populares
1842 4621 2033 4688 pra-ci-

458 4732 618 4784 puus,
652 4714 735 4770 cui
780 4729 1077 4781 cognomen
1112 4713 1686 4780 Tessaracontapecho
1727 4720 1877 4774 erat;
1914 4709 2030 4772 hic,

459 4810 718 4878 inquam,
776 4807 1006 4876 improbi
1059 4806 1319 4859 tlmtnonis
1360 4805 1779 4857 instrumentum
1834 4800 2032 4885 factus,

457 4917 618 4972 quem
655 4908 823 4957 totum
861 4899 913 4953 in
948 4914 1007 4956 se
1042 4906 1357 4967 receperat,
1390 4893 1667 4949 vendit-iis
1698 4902 1753 4948 et
1791 4893 2035 4947 incanta-

525 5132 601 5200 (5)
645 5128 848 5198 Nempe
884 5127 1029 5181 hunc
1051 5124 1321 5200 ordinem
1356 5133 1754 5200 numerumque
1786 5121 1948 5175 habet
1983 5120 2035 5175 iu
2061 5174 2075 5185 ,

455 5190 715 5269 ορῖιέειιιο
744 5190 1061 5269 Damasccui
1098 5198 1165 5269 de
1201 5194 1535 5269 htercsibus;
1568 5190 1709 5269 apud
1740 5204 1898 5257 quem
1937 5208 2036 5269 au-

455 5262 659 5324 rioretn
695 5271 874 5335 priora
918 5265 1339 5335 capitulivcrba
1369 5263 1557 5316 eadem
1591 5267 1717 5335 sunt
1744 5272 1907 5328 atque
1937 5262 2033 5313 Ni-

454 5330 704 5407 rephori.
725 5330 1111 5407 Verumtamen
1143 5334 1507 5388 Damascenus
1534 5330 1721 5401 paucis
1753 5346 1874 5383 mox
1906 5346 2030 5386 ver-

454 5406 607 5466 sibus
637 5424 754 5463 rem
786 5406 1039 5462 absolvit.

528 5476 661 5551 (μοι)
701 5479 780 5532 Ah
819 5478 919 5551 hoc
951 5476 1065 5551 loco
1096 5485 1268 5551 usque
1301 5471 1366 5526 ad
1411 5469 1591 5551 operis
1627 5468 1797 5551 ferme
1842 5470 2024 5551 linem,

456 5541 802 5603 edidit'hnnc
834 5545 1124 5611 Nicephori
1152 5541 1384 5596 tractum
1419 5557 1484 5595 ex
1526 5541 1804 5611 Parisiaco
1839 5543 2026 5596 codice

458 5618 751 5689 Leqninins
785 5617 837 5670 in
871 5609 1315 5689 a_tlnotatiotttbus
1341 5614 1407 5666 ad
1440 5609 1697 5689 S_._§oan,
1740 5611 2023 5667 Damasce-

458 5680 606 5755 ιλυιῖι,
633 5685 703 5740 De
727 5685 1031 5752 Ιιαντειίὺιισ,
1057 5683 1193 5753 Opp.
1230 5694 1267 5737 t.
1298 5680 1340 5749 1,
1381 5698 1434 5751 p.
1468 5680 1592 5735 115.

2803 3135 3086 3190 πλασταί.

2220 3247 2325 3299 τπδ’.
2364 3247 2965 3317 Χριστιανοκατήγοροι
2990 3247 3328 3318 ἐκλήθησαν,
3361 3252 3599 3319 ἐπείπερ
3628 3251 3739 3303 τῶν

2147 3337 2490 3407 Χριστιανῶν
2515 3336 2888 3407 λατρευόντων
2926 3337 3008 3389 ἐνί
3039 3336 3160 3406 Θεῴ
3183 3338 3347 3401 ζῶντι
3373 3341 3468 3391 καὶ
3492 3339 3735 3409 ἀληθινῷ

2147 3429 2203 3479 ἐν
2232 3428 2273 3478 Τ
2279 3428 2426 3498 ριάδι
2458 3431 2944 3501 προσκυνουμένῳ,
2985 3432 3371 3503 κατηγόρησαν
3400 3435 3729 3501 φάσκοντες,

2146 3521 2228 3571 ὅτι
2278 3524 2400 3583 ταῖς
2448 3526 2675 3585 σεπταῖς
2732 3523 2907 3575 εἰκόσι
2959 3522 3055 3577 τοῦ
3106 3525 3312 3593 Κυρίου
3353 3527 3516 3594 ἡμῶν
3558 3525 3734 3594 Ἰησοῦ

2146 3612 2407 3680 Χριστοῦ,
2445 3614 2545 3683 τῆς
2567 3630 2625 3665 τε
2653 3614 2930 3691 ἁχράντου
2959 3616 3261 3685 Δεσποίνης
3290 3616 3447 3686 ἡμῶν
3475 3618 3571 3669 καὶ
3599 3634 3736 3671 παν·

2147 3706 2312 3773 αγίας
2360 3705 2727 3775 Θεομήτορος,
2760 3707 2856 3759 καὶ
2899 3707 3009 3759 τῶν
3062 3708 3234 3774 ἁγίων
3261 3708 3333 3769 ὡς
3369 3708 3512 3770 θεοῖς
3560 3710 3732 3764 καθάο

2147 3812 2252 3866 περ
2293 3795 2559 3865 ’Έλληνες
2604 3795 3032 3867 λελατρεύκασι,
3077 3798 3168 3850 καὶ
3194 3797 3270 3860 ὡς
3303 3797 3545 3861 εἰδώλοις
3570 3799 3732 3867 δῆθεν

2146 3886 2603 3956 ἀπεχθανόμενοι,
2651 3888 2751 3957 τὴν
2802 3887 3040 3959 Χριστοῦ
3102 3889 3434 3959 Ἐκκλησίαν
3485 3890 3727 3960 αἰσχρῶς

2147 3977 2487 4048 καθύϐρισαν
2513 3993 2529 4010 ο
2564 3978 2769 4042 ταύτας
2801 3996 2860 4032 τε
2897 3978 3446 4049 καταστρεψάμενοι,
3480 3983 3571 4034 καὶ
3598 3983 3725 4041 τοὺς

2148 4070 2404 4133 σέϐοντας
2461 4071 2603 4125 κατὰ
2648 4072 2709 4123 τὸ
2762 4069 3068 4142 παραδοθὲν
3114 4071 3354 4139 ἀρχῆθεν
3383 4072 3730 4140 Χριστιανοίς

2145 4161 2287 4229 ἔθος,
2320 4163 2537 4233 πικρῶς
2562 4160 2930 4231 αἰκιζόμενοι.
2973 4161 3267 4215 Ἰουδαῖκὸν
3296 4161 3352 4214 δὲ
3387 4167 3480 4213 καὶ
3513 4163 3730 4213 θεοστυ-

2145 4255 2240 4323 γὲς
2284 4255 2345 4307 τὸ
2372 4259 2625 4326 φρόνημα
2650 4271 2664 4284 ⁸
2696 4252 2840 4307 οῦτω
2868 4256 2977 4323 γάρ
3000 4270 3157 4323 φασι,
3190 4252 3300 4305 τῶν
3337 4254 3727 4322 πρεσϐυτέρων

2144 4350 2288 4413 τινὲς
2341 4347 2641 4418 βλαστῆσαι
2688 4348 2787 4416 τὴν
2835 4348 3051 4417 αἴρεσιν
3082 4361 3095 4376 °
3129 4346 3204 4409 ὡς
3239 4347 3381 4399 κατὰ
3414 4347 3513 4415 τὴν
3567 4347 3724 4398 Τιϐε-

2147 4440 2305 4508 ριάδα
2347 4439 2419 4506 (b)
2451 4438 2557 4491 τῶν
2605 4436 2877 4491 Ἰουδαίων
2924 4430 3023 4507 τῆς
3064 4436 3363 4508 θρησκείας
3396 4436 3614 4506 ὑπῆρχέ
3639 4453 3724 4497 τις

2144 4529 2575 4600 γνωριζόμενος,
2604 4528 2859 4602 προῦχων
2881 4530 2937 4582 δὲ
2962 4529 3123 4600 ἐνιτῷ
3157 4530 3281 4581 κατ’
3311 4530 3477 4583 αὑτὸν
3498 4531 3660 4594 ἔθνει,
3681 4522 3724 4598 ᾧ

2141 4623 2428 4692 ἐπώνυμον
2464 4622 3070 4692 Τεσσαρακοντὰπηχυς
3093 4637 3107 4651 ’
3141 4620 3371 4690 ὄργανον
3413 4619 3471 4673 δὲ
3507 4621 3600 4674 τοῦ
3631 4639 3727 4673 πο-

2141 4715 2306 4784 νηροῦ
2341 4716 2627 4784 τυγχάνων
2661 4714 2931 4785 δαίμονος,
2969 4714 3062 4769 καὶ
3103 4712 3222 4766 ὅλον
3280 4711 3442 4765 αὐτὸν
3488 4714 3721 4766 είσδεδε-

2144 4805 2369 4874 γμὲνος,
2403 4806 2758 4878 φαρμακείας
2798 4808 2893 4859 καί
2923 4806 3178 4873 γοητείας
3235 4798 3322 4855 οἷα
3352 4804 3553 4872 τέχνην
3604 4802 3720 4855 τινὰ

2146 4898 2453 4967 μετήρχςτο
2478 4916 2491 4929 ’
2534 4893 2687 4962 οὗτος
2715 4899 2985 4968 δυσμενὴς
3019 4898 3368 4966 Χριστιανοῖς
3402 4895 3719 4959 καθίστατο,

2217 5124 2293 5194 (a)
2320 5124 2473 5193 Apud
2506 5125 2832 5186 chuinium
2865 5124 3254 5194 κατηγόρημα.

2217 5195 2291 5268 (ὁ)
2316 5195 2564 5268 Δδιιιιιιιιιιιι
2592 5198 2741 5268 hunc
2769 5195 3225 5268 lt-onm-litstnrnm
3247 5197 3593 5268 coryphazum
3622 5210 3716 5268 ron

2143 5262 2473 5334 Tiberiade,
2512 5266 2605 5319 sed
2666 5266 2929 5318 Laudicea
2975 5262 3189 5334 Syritc,
3240 5262 3537 5320 oriundum
3592 5267 3714 5318 dicit

2141 5333 2501 5400 TheOphaues
2536 5338 2590 5390 itt
2627 5335 2824 5389 Chron.
2861 5335 2926 5386 ad
2947 5333 3168 5397 .Christi
3210 5352 3413 5391 annum
3461 5338 3586 5398 715,
3626 5350 3714 5387 nec

2139 5419 2245 5459 non
2286 5405 2566 5476 Cedrenus
2620 5422 2674 5476 p.
2712 5402 3061 5476 LSQLNcque
3095 5417 3275 5476 tamen
3311 5410 3570 5460 tne-mlunt
3597 5419 3711 5456 esse

2136 5476 2340 5529 codicis
2379 5472 2779 5531 Romani-hanc
2808 5472 3099 5544 Nicephori
3138 5475 3446 5539 lectionem,
3504 5479 3714 5526 ιιυιιιοιιο

2134 5554 2273 5667 sua?
2319 5548 2490 5602 codex
2547 5547 2857 5602 l’arisiacus
2883 5585 2898 5611 ,
2931 5545 3018 5600 ubi
3063 5548 3271 5615 pariter
3314 5546 3364 5600 le
3406 5547 3444 5599 it
3487 5562 3515 5599 r
3554 5544 3709 5598 Τιϐε-

2134 5631 2221 5667 an
2256 5632 2310 5667 α.

2130 5631 2310 5685 ριαοα.
