3918 6144
179 357 272 424 533
502 354 541 390 τ
1019 363 1590 426 APOLOGETICUS
1627 352 1776 427 PRO
1817 371 2084 433 SACRIS
2124 371 2607 433 IMAGINIBUS.
3332 361 3438 428 534

179 472 309 548 ὑπὲρ
346 468 526 525 αὐτῶν
559 468 718 539 λόγον
757 471 1188 538 πρεσϐεύοντας,
1233 473 1489 542 βασάνοις
1515 478 1726 544 πικραῖς

1888 480 1983 534 iris
2017 483 2347 536 cruciatibus
2379 495 2442 535 ac
2475 476 2756 548 suppliciis
2805 475 3177 539 afﬁcerentur,
3215 473 3427 527 crimen

179 565 266 620 καὶ
299 564 508 627 αἰκίαις
539 551 934 635 παραδίδοσθαι
960 580 974 595 ο
1007 563 1262 637 ἔγκλημα
1290 565 1501 629 τούτοις
1530 566 1726 618 εἰδωλο·

1887 575 1942 627 ηἰε
1971 574 2290 628 idololatria:
2336 571 2655 639 intendensf,
2688 569 2846 640 quasi
2895 568 3156 638 imagines
3189 565 3265 618 uti
3302 564 3434 617 deos

175 654 394 725 λατρίας
424 654 668 722 ἐπάγων,
720 653 802 706 ὅτι
834 653 910 717 ὡς
948 654 1092 717 Θεοῖς
1116 653 1344 718 ταύταις
1374 655 1472 724 τὴν
1501 655 1714 726 προσκὺ

1890 665 2167 718 dorarent.
2202 663 2427 718 Sacrum
2469 669 2733 732 praeterea
2770 657 3087 714 monasticae
3115 656 3239 708 vitae
3281 653 3436 706 iusti-

174 763 320 814 νησιν
376 745 642 813 νέμουσιο
690 745 749 798 τὸ
786 745 844 797 δὲ
899 745 1044 815 ἱερὸν
1078 745 1174 798 τοῦ
1231 745 1562 815 μοναστικοῦ
1627 744 1721 814 βίοι

1884 766 2028 809 utum
2062 771 2286 825 prorsus
2314 755 2540 816 aboleri,
2570 762 2625 807 et
2656 752 2889 807 ludibrio
2934 747 3124 804 haberi
3153 744 3431 815 praecepit.

175 839 359 907 σχῆμα
387 837 571 889 τέλεον
609 838 1012 890 ἀπελαύνεσθαι
1038 839 1132 890 καὶ
1167 837 1618 908 καθυϐρίζεσθαι,
1653 848 1722 889 κα

1949 849 2254 916 nacliosque
2284 855 2376 898 aut
2407 856 2610 900 vestem
2641 855 2870 904 nmlare,
2904 851 2996 894 aut
3026 838 3192 892 variis
3229 835 3432 903 suppli-
3478 844 3494 872 -'

173 929 204 998 ἢ
253 928 756 997 μεταμφιέννυσθαι
803 928 904 998 τὴν
962 930 1155 998 στολὴν
1207 930 1332 991 τοὺς
1386 926 1720 998 μονάζοντας

1884 940 1956 992 iis
1988 940 2183 992 addici.
2221 939 2358 1008 Ergo
2380 953 2446 990 ex
2485 938 2748 989 hactenus
2773 933 2935 987 dictis
2963 930 3301 998 exploratum
3335 940 3431 976 vo-

171 1022 202 1091 ἢ
234 1021 510 1082 ποικίλαις
535 1020 831 1090 τιμωρίαις
864 1021 1385 1074 καθυποὸάλλεσοαι
1412 1022 1497 1087 (e).
1531 1020 1714 1086 Ἔγνω

1891 1033 1936 1082 is
1963 1039 2045 1083 est
2077 1029 2315 1084 Judaicze
2347 1029 2541 1081 mentis
2570 1027 2669 1078 hoc
2697 1025 2863 1078 fuisse
2879 1025 3070 1089 dogma
3093 1037 3106 1072 :
3129 1029 3240 1069 tum
3272 1016 3434 1066 etiam

174 1127 291 1160 σται
319 1105 412 1162 οὖν
434 1109 564 1178 ὑμῖν
589 1109 678 1162 διὰ
708 1109 914 1162 τούτων
940 1110 1001 1162 τὸ
1030 1111 1320 1164 Ἰουδαϊκὸν
1349 1111 1627 1180 φρόνημα,
1654 1126 1721 1160 κα

1883 1120 2160 1173 Ibristiana
2211 1117 2458 1172 doctrina
2510 1113 2812 1183 cujusmodi
2861 1117 2954 1174 sit,
2998 1125 3102 1162 non
3141 1105 3430 1176 ignoratis.

171 1201 229 1252 τὸ
257 1201 652 1269 Χριστιανικδν
683 1201 782 1253 οὐκ
830 1202 1097 1271 ἠγνόηται
1147 1205 1412 1273 κήρυγμα
1439 1219 1453 1233 ·
1489 1204 1571 1269 ἐφ’
1617 1201 1718 1271 ὐμῖ

1886 1209 2033 1264 iestri
2071 1209 2234 1277 igitur
2279 1209 2435 1262 liberi
2479 1207 2690 1260 arbitrii
2737 1199 3058 1258 deliberatio
3099 1208 3212 1261 est,
3252 1206 3433 1251 utrum

172 1290 353 1342 λοιπὸν
390 1293 568 1344 κεῖται
624 1291 999 1356 αὐτεξουσίως
1042 1310 1106 1360 γε
1145 1290 1302 1356 οὖσι,
1335 1293 1396 1346 τὸ
1429 1291 1630 1361 ἀγαθὸν
1659 1308 1719 1344 κο

1708 1292 1754 1344 ιὶ
1858 1299 2056 1351 bonum
2092 1307 2146 1351 et
2174 1297 2324 1362 utile,
2361 1311 2428 1349 an
2453 1294 2655 1348 malum
2683 1301 2737 1348 et
2776 1291 2993 1345 noxium
3025 1289 3255 1359 eligatis.

173 1381 365 1444 σῶζον,
396 1382 428 1452 ἥ
460 1383 522 1434 τὸ
555 1382 764 1452 φαῦλον
806 1383 900 1434 καὶ
931 1382 1173 1452 βλάπτον
1201 1385 1441 1439 ἑλέσθαι.
1611 1372 1618 1379 ’

236 1521 306 1591 (ε)
347 1520 1002 1594 Ηιιοιοιιιιε.ΐι·θςιιιθηιιιηι
1037 1527 1180 1595 apud
1213 1525 1560 1596 Lequiniuin.

985 1695 995 1702 __

1267 1861 1405 1915 ΤΟΥ
1444 1861 1536 1914 EN
1574 1860 1798 1914 ΛΠΟΙΣ
1836 1859 2108 1913 ΠΛΤΡΟΣ
2145 1856 2344 1910 ΗΜΩΝ

728 2017 861 2069 ΚΑΙ
895 2014 1512 2070 ΑΡΧῘΕΠΙΣΚΟΠΟΥ
1542 2014 1999 2068 ΓΕΝΟΜΕΝΟΥ
2036 2006 2888 2066 ΚΩΝΣΓΑΝΠΝΟΥΠΟΛΕΩΣ

1293 2163 2298 2328 ΝΙΚΗΦΟΡΟΥ

588 2413 806 2468 ΛΟΓΟΣ
844 2410 1028 2468 ΥΠΕΡ
1069 2415 1631 2471 ΤΗΣ·ΑΜΩΜΗΤΟΥ
1669 2417 1792 2471 ΚΑΙ
1827 2412 2151 2469 ΚΔΘΔΡΑΣ
2189 2410 2309 2464 ΚΑΙ
2351 2406 2800 2462 ΕῙΛΙΚΡΙΝΟΥΣ
2835 2405 3032 2460 ΗΜΩΝ

1049 2587 1276 2673 ΤΩΝ
1349 2585 2022 2672 ΧΡΙΣΤΙΑΝΩΝ
2093 2577 2576 2669 ΠΙΣΤΕΩΣ
2665 2603 2670 2608 ·

751 2765 874 2819 ΚΑΙ
913 2766 1100 2818 ΚΑΤΑ
1137 2766 1274 2818 ΤΩΝ
1313 2765 1760 2821 ΔΟΞΑΖΟΝΤΩΝ
1792 2765 2106 2820 ΕΙΔΩΛΟΙΣ
2144 2761 2863 2850 ΠΙξΟΣΚΕΚΥΝΠΚΕΝΜ.

1781 2942 1856 2970 ⁵

912 3025 1073 3150 "‘9
1127 3100 1256 3228 S.
1361 3104 1496 3225 P.
1601 3105 1747 3225 N.
1857 3097 2716 3229 NICEPHORI

1046 3336 1637 3396 ARCHIEPISCOPI
1680 3335 2582 3412 CONSTANTINOPOLITANI

1280 3505 2356 3628 APOLOGETICUS

290 3735 455 3803 PRO
487 3737 1014 3811 INCULPABILI,
1063 3739 1265 3800 PURA
1319 3741 1422 3800 ET
1462 3740 2002 3802 IMMACULATA
2055 3740 2377 3800 NOSTRA
2422 3737 3088 3802 CHRISTIANORUM
3137 3736 3326 3796 FIDE

816 3919 892 3961 ET
933 3917 1178 3963 CONTRA
1213 3919 1330 3962 EOS
1361 3918 1467 3972 QUI
1496 3918 1745 3964 PUTANT
1772 3917 1893 3963 NOS
1926 3918 2130 3963 IDOLIS
2168 3919 2419 3962 CULTUM
2461 3918 2801 3962 EXHIBERE.

221 4200 306 4254 α’.
357 4197 573 4268 Καιρὸν
600 4195 739 4252 εἶναι
770 4197 847 4269 τῷ
871 4198 1035 4251 παντὶ
1075 4198 1364 4268 πράγματι
1386 4199 1448 4252 τὸ
1477 4198 1758 4270 Σολομὼν-

1933 4200 1982 4252 l.
2049 4197 2283 4266 Tempus
2333 4213 2491 4251 suum
2538 4212 2660 4252 esse
2699 4197 2899 4266 cuique
2943 4199 3159 4266 negatio
3212 4197 3444 4252 aliirmat

136 4307 309 4343 τειον
337 4289 494 4359 ἡμᾶς
519 4292 696 4342 ἐκεῖνο
728 4289 822 4343 καὶ
851 4290 1013 4358 σοφὸν
1044 4289 1272 4359 ἐμπεδοῖ
1292 4289 1494 4357 λόγιον,
1525 4291 1617 4343 τὸν
1645 4291 1675 4362 β

1897 4292 2022 4344 ηοδὶε
2060 4289 2367 4344 Salomonis
2418 4288 2545 4343 illud
2580 4290 2800 4358 sapiens
2829 4290 3111 4344 oraculum
3161 4291 3297 4361 (l5),
3337 4308 3444 4360 quo

133 4384 434 4438 ἐντεῦθεν
465 4383 749 4453 ῥυθμίζων,
799 4384 894 4437 καὶ
924 4382 1225 4453 στοιχειοῦν
1263 4383 1403 4454 πρὸς
1431 4383 1493 4435 τὸ
1536 4383 1598 4436 εὖ
1637 4383 1680 4453 ἐ]

1905 4397 2106 4437 rmseus
2150 4383 2257 4436 vita
2293 4381 2565 4450 dirigitur,
2622 4381 2984 4450 hominesque
3037 4382 3102 4435 ad
3141 4393 3345 4436 rectum
3390 4395 3447 4438 et

133 4477 249 4530 καὶ
309 4473 648 4526 λυσιτελοῦν
683 4474 773 4526 τὸν
815 4473 1178 4546 ἀνθρώπειον,
1207 4475 1282 4538 ὡς
1341 4475 1407 4528 ἂν
1458 4475 1532 4546 μὴ
1579 4479 1680 4529 πᾶν

1893 4474 1998 4529 Itile
2044 4474 2371 4542 diriguntur,
2423 4488 2490 4527 ne
2528 4474 2670 4527 forte
2703 4473 2973 4542 quidlibet
3018 4473 3290 4537 audeant,
3340 4475 3440 4528 im-

131 4565 439 4636 Θαρῥοῖεν
481 4565 561 4626 εἰς
590 4564 691 4632 τὴν
715 4565 825 4617 τῶν
855 4566 1146 4635 πρακτέων
1175 4566 1510 4637 ἐγχείρησιν,
1546 4568 1678 4636 ἁλόγ

1895 4567 2167 4621 prudenter
2196 4575 2251 4620 et
2287 4566 2472 4634 iniquo
2513 4578 2755 4636 tempore
2789 4581 2903 4620 rem
2953 4576 3239 4637 gerentes;
3278 4577 3442 4635 atque

128 4659 248 4712 καὶ
296 4657 420 4708 οὐκ
456 4656 513 4706 ἐν
543 4658 726 4729 καιρῷ
751 4658 1092 4727 πράττοντες
1120 4658 1426 4728 ἄνθρωποι,
1473 4661 1610 4729 μηδὲ
1660 4679 1675 4713 1

1899 4667 1942 4711 ta
1985 4657 2212 4711 fortuito
2251 4667 2307 4711 et
2346 4657 2657 4711 inordinato
2694 4657 2927 4712 consilio
2988 4667 3228 4722 utentes,
3273 4658 3325 4710 in
3361 4659 3446 4712 in-

129 4747 424 4817 ριπετῶς
451 4747 547 4797 καὶ
569 4747 669 4798 οὐκ
695 4749 751 4799 ὲν
779 4748 972 4819 κόσμῳ
1001 4752 1082 4813 εἰς
1105 4749 1175 4802 τὰ
1197 4750 1340 4804 κατὰ
1367 4749 1598 4820 γνώμην
1619 4770 1676 4823 χρ

1903 4756 2116 4818 peratos
2145 4749 2345 4804 multos
2375 4748 2445 4804 ob
2487 4748 2998 4804 inconsiderantiam
3023 4765 3177 4805 suam
3223 4750 3448 4804 noxios-

127 4857 347 4910 μενοι,
374 4837 593 4900 πολλοῖς
614 4838 861 4902 ἀϐούλως
894 4839 1005 4892 τῶν
1029 4843 1310 4913 ἀδοκήτων
1353 4844 1447 4896 καὶ
1475 4844 1674 4914 σφαλερ

1973 4864 1976 4890 ξ
2013 4856 2176 4896 casus
2233 4841 2538 4895 incurrant.
2575 4840 2835 4910 Tempus,
2891 4842 3099 4912 inquit,
3145 4841 3355 4895 tacendi
3393 4850 3446 4895 et
3488 4899 3520 4919 ,

121 4929 587 5000 περιπίπτοιεν.
609 4930 820 4998 Καιρὸς
847 4932 928 4995 δὲ,
965 4934 1120 5004 φησὶ,
1150 4931 1476 5004 τοῦσιγᾷν,
1506 4936 1607 4989 καὶ
1636 4954 1668 4989 κ

1898 4952 2066 5005 empus
2095 4934 2336 5004 loquendi
2361 4934 2405 4966 ⁸⁷
2433 4934 2591 4988 nobis
2617 4934 2731 5004 jam
2777 4934 2903 4990 inde
2935 4950 2963 4988 a
3001 4933 3192 5002 puerili
3223 4933 3445 4986 insutu-

111 5024 250 5092 ρὸς
285 5018 421 5074 τοῦ
448 5018 686 5084 λαλεῖν,
729 5023 843 5084 τοῖς
873 5023 1320 5091 κατειλεγμένοις
1362 5025 1442 5094 τῷ
1482 5026 1658 5079 παιδοτ

1898 5031 2016 5085 ione
2047 5030 2449 5084 dinumeratum
2478 5038 2583 5095 est,
2615 5040 2673 5083 ut
2702 5043 2807 5084 non
2840 5029 3016 5083 solum
3052 5029 3196 5097 quod
3229 5033 3445 5095 oportet

119 5115 354 5167 ϐοῦν-ει.
396 5110 473 5180 τῷ
500 5111 640 5178 λὸγῳ
675 5114 1198 5184 συγκατηρίθμηται
1219 5156 1233 5177 ,
1268 5116 1356 5168 ἴνα
1393 5117 1466 5186 μὴ
1503 5117 1663 5186 μόνον

1902 5132 1921 5176 ι
1947 5137 2108 5192 agere
2140 5131 2196 5177 et
2232 5121 2379 5192 loqui
2413 5121 2732 5192 tempestive
2760 5121 3024 5183 dicamus,
3059 5135 3244 5175 verum
3276 5119 3442 5173 etiam

113 5209 340 5262 δέοντι
389 5204 673 5273 πράττειν,
705 5205 804 5276 ἤδη
844 5204 1022 5258 δὲκαὶ
1076 5204 1258 5271 λέγειν
1305 5207 1576 5278 εὐκαίρως
1628 5227 1660 5263 σι

1896 5222 2068 5269 ustum
2097 5213 2374 5268 modulum
2422 5213 2474 5267 in
2521 5226 2848 5283 unoquoque
2877 5211 3099 5280 negotio
3131 5211 3324 5280 agendi
3359 5208 3443 5264 vel

115 5294 491 5365 δευώμεθα,
541 5294 680 5347 ἀλλὰ
731 5296 839 5366 μὴν
885 5297 980 5348 καὶ
1025 5296 1223 5366 μέτρον
1270 5298 1470 5353 εἰδέναι
1506 5301 1616 5354 τῶν

1892 5305 2075 5360 licendi
2116 5305 2373 5359 sciamus.
2406 5303 2690 5375 Siquidem
2725 5304 2776 5358 in
2813 5303 2960 5356 omni
2991 5317 3050 5356 re
3085 5301 3278 5356 modus
3300 5340 3317 5366 ,
3348 5301 3439 5367 qui

110 5389 398 5456 ἑκάστῳ
447 5386 580 5454 ἡμῖν
622 5386 1073 5458 πραττομένωνῆ
1105 5388 1416 5459 λεγομένων
1438 5409 1452 5422 ο
1485 5392 1641 5464 εἴπερ

1897 5397 1938 5450 ἱι
1970 5397 2206 5462 Optimus
2228 5437 2242 5462 ,
2276 5406 2421 5451 recte
2450 5395 2692 5449 adhiberi
2724 5395 2988 5458 creditur,
3027 5393 3136 5448 imo
3164 5401 3220 5469 et
3250 5406 3442 5448 neces-

197 5539 265 5574 ⁸⁷
299 5537 506 5593 Eccle.
539 5553 622 5603 Ill,
648 5538 704 5594 7.

197 5693 359 5770 (15)
397 5690 943 5774 Theqdorusquoque
973 5695 1206 5761 Studita,
1237 5697 1748 5774 Nieephoroinoslro
1854 5707 1952 5762 hac
2003 5707 2306 5763 Salomonis
2351 5709 2622 5764 sententia
2672 5710 2972 5767 exorditur.
3025 5712 3156 5769 item
3211 5727 3432 5770 sanctus

106 5764 621 5830 cm'itcmpnralis,
661 5781 796 5835 Opus
832 5781 984 5820 suum
1026 5777 1212 5822 contra
1264 5764 1651 5828 lcouomachos
1685 5777 1751 5828 ab
1856 5777 2093 5846 Cyrillus
2130 5795 2437 5836 sermonem
2476 5797 2632 5836 suum
2671 5764 3291 5853 quinunii'mfs'ciiiiuil
