3918 6144
310 243 413 327 537'

1155 261 1723 328 APOLOGETICUS
1761 265 1911 328 PRO
1952 264 2217 327 SACRIS
2255 244 2739 326 IMAGINIBUS.

3446 246 3552 318 538

310 372 402 426 τὸν
454 371 713 427 ἁπάντων
757 373 970 446 Κριτὴν
1000 375 1093 429 καλ
1132 376 1412 448 Δεσπότην
1454 380 1548 431 καὶ
1589 378 1700 431 τῶν
1747 378 1884 439 ὅλων

1994 387 2272 446 postquam
2310 376 2556 431 omnium
2594 373 2768 428 Judex
2819 366 3190 437 Dominusqne
3230 373 3285 422 et
3324 366 3548 420 univer-

308 458 444 514 Θεὸν
469 460 895 534 ἀπεκδέχεσθαι,
933 462 1052 534 ἄμα
1100 467 1168 535 τῇ
1198 466 1407 535 πληθύῖ
1437 466 1545 519 τῶν
1584 468 1878 536 μακαρίων

308 553 407 606 καὶ
426 552 737 622 ἀσωμάτων
762 554 1071 625 δυνάμεων,
1115 558 1253 626 μετὰ
1277 557 1437 626 δόξης
1464 559 1562 626 τῆς
1608 557 1878 627 πατρικῆς

310 641 372 706 ἑξ
412 643 659 714 οὐρανῶν
714 644 791 706 ῶς
819 645 885 716 δὴ
915 646 1255 715 κηρύσσεται
1290 647 1713 717 κατερχόμενον,
1783 650 1880 702 καὶ

309 733 512 797 ἀξοντα
560 736 642 797 είς
674 735 859 805 κρίσιν
907 737 1134 806 σύμπαν
1165 737 1226 791 τὸ
1264 736 1503 806 ποίημα,
1538 738 1633 790 καὶ
1662 736 1879 789 ἀποδώ-

309 838 475 875 σοντα
510 824 727 893 ἑκάστῳ
758 825 902 879 καθά
940 824 1254 879 ἐϐιότευσεν
1279 843 1293 859 ·
1334 827 1453 879 εἴτε
1487 826 1692 896 σαρκὸς
1718 825 1884 894 μόνον

310 915 512 968 πάθεσι
534 915 723 968 δουλοῦ
734 917 895 984 μενός
920 934 1007 981 τις
1037 918 1425 988 ὑπενήνεκται,
1450 919 1546 971 καὶ
1581 916 1747 986 μηδὲν
1772 915 1883 970 τῶν

308 1001 608 1071 ὁρωμένων
627 1002 990 1074 λογισάμενος
1014 1005 1349 1078 ὑψηλότερον
1367 1009 1449 1069 είς
1464 1006 1571 1074 γῆν
1591 1004 1901 1069 ἀπονένευάκ

308 1111 425 1158 κεν,
449 1094 559 1149 εἴτε
573 1096 660 1166 τῷ
680 1097 954 1166 πνεύματι
986 1098 1472 1170 συνεπαιρόμενος,
1494 1101 1616 1162 τοῖςζ
1627 1097 1884 1167 μέλλουσι

308 1184 407 1236 καὶ
451 1185 580 1255 πρὶν
622 1185 833 1238 ἐνθένδε
885 1189 1312 1257 μεταναστῆναι,
1356 1188 1434 1251 ὡς
1470 1189 1573 1257 ἤδη
1622 1186 1881 1257 παροῦσι,

310 1274 648 1340 συνεγένετο,
698 1275 794 1328 καὶ
843 1276 920 1346 τῷ
951 1276 1082 1348 θείῳ
1128 1278 1281 1348 πόθῳ
1328 1277 1724 1348 πτερούμενος,
1772 1277 1884 1330 τῶν

307 1365 424 1418 ἄνω
453 1365 659 1433 λήξεων
680 1366 744 1419 τὸ
772 1368 1043 1438 μακάριον
1065 1369 1502 1438 κατοπτρίζεται
1533 1384 1548 1398 ⁸
1587 1369 1883 1441 προσέχειν

308 1473 368 1509 τε
394 1458 604 1521 ἑαυτοῖς
646 1459 910 1527 μάλιστα,
941 1461 1038 1514 καὶ
1094 1462 1205 1514 τῶν
1251 1463 1309 1514 ἂν
1365 1462 1497 1530 ἡμῖν
1535 1461 1881 1531 ὁρμημὰτων

297 1551 406 1602 καὶ
434 1552 754 1619 κινημάτων
798 1552 1074 1621 αἱρεῖσθαι
1102 1553 1173 1606 τά
1219 1552 1418 1623 βελτίω
1447 1570 1509 1605 τε
1542 1550 1638 1605 καὶ
1663 1552 1880 1622 συμφέ-

309 1653 505 1706 ροντα·
531 1637 692 1707 νήψει
716 1638 769 1691 δὲ
795 1638 932 1703 νοδς,
966 1640 1063 1693 καὶ
1088 1640 1368 1710 λογισμῶν
1395 1639 1754 1711 καθαρότητι,
1782 1640 1882 1694 καὶ

303 1722 418 1774 τῶν
457 1724 559 1791 τῆς
584 1725 763 1796 ψυχῆς
784 1727 1052 1796 ὀμμάτων
1085 1729 1420 1799 έγρηγόρσει
1450 1729 1561 1783 πᾶν
1592 1729 1775 1783 ὁτιοῦν
1800 1732 1884 1793 είς
1913 1720 1957 1774 Β

301 1814 467 1878 δόξαν
517 1815 653 1868 Θεοῦ
697 1817 791 1869 καὶ
829 1819 1192 1890 εὐαρέστησιν
1244 1819 1718 1890 ειιιιτεργοίζξεσθαι⁶
1786 1823 1884 1874 καὶ

304 1906 599 1958 συνελόντα
642 1911 820 1961 εἰπεῖν
853 1911 956 1964 ὅσα
988 1913 1083 1974 εἰς·
1099 1912 1376 1981 σωτηρίαν
1406 1912 1589 1982 ψυχῆς
1618 1908 1747 1984 ἧκε,
1779 1913 1886 1965 πᾶ-

304 2000 410 2049 σαν
438 1998 679 2068 σπουδήν
704 1999 1042 2069 τιθεμένους,
1063 2001 1151 2055 διὰ
1177 2005 1279 2073 τῆς
1301 2003 1411 2055 τῶν
1443 2001 1676 2055 ἐντολῶν
1708 2002 1882 2071 τηρή-

304 2102 451 2150 σεως
495 2088 965 2158 διαπράττεσθαιο
1017 2093 1085 2145 δι’
1122 2086 1198 2147 ὧν
1242 2091 1620 2163 προσάγεσθαι
1651 2108 1713 2144 τε
1734 2090 1885 2161 αὐτῷ

272 2179 407 2232 ’καὶ
437 2181 789 2246 οἰκειοῦσθαι,
832 2188 947 2248 τοῖς
982 2185 1158 2239 ταῦτα
1183 2186 1599 2258 κατορθωκόσιν
1624 2185 1883 2256 ἀξιοπρε-

302 2272 431 2335 πῶς
459 2275 805 2344 περιγίνεται
830 2294 844 2309 ⁸
909 2278 1285 2350 μιμουμένους
1318 2280 1419 2343 τὰς
1447 2278 1746 2349 φρονίμους
1773 2276 1884 2331 τῶν

304 2363 598 2433 παρθένων
658 2369 898 2433 ὲκείνας,
938 2366 1036 2423 καὶ
1064 2369 1163 2434 τὰς
1206 2369 1502 2441 λαμπάδας
1534 2368 1752 2439 δαψιλεῖ
1804 2367 1884 2438 τῷ

301 2452 476 2522 ἐλαίῳ
496 2456 881 2526 κοσμουμένας
896 2459 1265 2522 ἀνάπτοντας,
1284 2460 1360 2521 ὡς
1391 2461 1456 2530 δὴ
1475 2460 1884 2539 ὑπαντήσαντας

303 2543 785 2614 ηὑτρεπισμένους
806 2548 885 2617 τῷ
906 2550 1124 2619 νυμφίῳ
1143 2548 1286 2619 ἀωρὶ
1304 2550 1414 2602 τῶν
1436 2549 1650 2602 νυκτῶν
1668 2549 1881 2619 ἥκοντι,

293 2630 612 2696 ⁵κάντεῦθεν
663 2634 1025 2691 ἀνενδύαστον
1057 2639 1435 2709 κεκτημένους
1464 2639 1528 2691 τὸ
1557 2635 1772 2704 εὔελπι,
1802 2640 1884 2702 είς

300 2723 438 2787 τοὺς
466 2726 728 2795 ὀρεκτοὺς
752 2726 995 2791 ἐκείνους
1013 2728 1109 2781 καὶ
1122 2729 1617 2798 ἀναπεπταμένους
1638 2728 1748 2784 τῶν
1774 2744 1886 2781 πα-

301 2815 593 2885 τριαρχῶν
615 2817 872 2881 κόλπους,
895 2818 995 2882 τὰς
1022 2819 1302 2889 μακαρίας
1328 2818 1546 2880 ὲκείνας
1585 2817 1757 2887 μονὰς
1789 2810 1886 2871 καὶ

304 2906 529 2974 ἀποκλη
541 2905 760 2976 ρώοεις,
817 2905 1020 2971 αἵτινές
1044 2908 1178 2962 ποτέ
1205 2909 1365 2970 είσιν,
1395 2906 1881 2976 ἀνακλιθήσεσθαι⁶

1983 469 2113 523 salis
2139 471 2295 529 Deus,
2318 484 2439 522 cum
2467 468 2749 520 beatarum
2777 460 3100 533 spiritalium
3128 462 3386 513 virtutum
3414 456 3552 510 mul-

1987 559 2253 623 titudine,
2311 573 2544 626 cmuquc
2592 566 2812 625 paterna
2860 551 3064 623 gloria,
3117 559 3185 605 de
3230 547 3371 604 cmlo
3414 549 3554 601 sicut

1984 651 2269 706 classicum
2312 649 2511 704 cecinit
2533 648 2741 711 aderit,
2782 654 3201 711 creaturamque
3236 654 3458 694 omnem
3496 637 3552 691 iu

1976 740 2240 809 judicium
2265 741 2529 805 adducet;
2554 737 2902 808 singulosque
2926 745 3088 804 prout
3105 731 3344 787 vixerint
3364 742 3548 783 remu-

1986 832 2302 896 nerabitur;
2337 841 2449 885 tum
2492 844 2616 884 eum
2647 827 2933 888 videlicet,
2977 824 3075 892 qui
3103 822 3291 878 carnis
3341 826 3551 873 tantum

1983 923 2373 991 cupiditatibus
2403 921 2674 977 serviliter
2700 919 2934 983 deditus,
2978 916 3223 982 nihilque
3255 926 3421 981 supra
3461 923 3553 962 res

1982 1014 2224 1069 visibiles
2252 1016 2528 1082 cogitans,
2558 1012 2624 1065 ad
2658 1020 2859 1064 terram
2887 1022 3092 1078 pronus
3111 1005 3360 1059 incubuit
3385 1019 3401 1067 ;
3433 1012 3548 1053 tum

1985 1104 2133 1159 illum
2170 1105 2261 1173 qui
2295 1105 2486 1173 spiritu
2521 1117 2738 1158 sursum
2766 1101 2944 1163 elato,
2978 1098 3179 1152 futuris
3215 1095 3380 1148 rebus
3421 1099 3551 1144 ante

1984 1195 2146 1249 etiam
2168 1209 2326 1262 quam
2352 1193 2480 1247 hinc
2501 1192 2784 1261 migraret,
2804 1203 2903 1244 ceu
2927 1185 3281 1257 praesentibus
3306 1190 3546 1236 mentem

1985 1285 2233 1347 intendit,
2267 1284 2540 1352 divinique
2565 1281 2767 1335 artioris
2799 1280 2901 1335 alis
2930 1278 3245 1341 subvectus,
3278 1285 3551 1339 superna-

1984 1390 2102 1450 rnm
2129 1377 2421 1430 stationum
2455 1374 2842 1429 beatitudinem
2867 1357 3265 1438 contemplatus
3296 1374 3401 1419 est.
3430 1362 3551 1425 llis,

1984 1468 2229 1536 inquam,
2267 1468 2439 1535 magis
2469 1466 2771 1527 adhaerere,
2804 1469 3095 1527 motusque
3132 1463 3350 1510 nostros
3393 1462 3448 1507 et
3474 1452 3557 1504 in-

1983 1557 2302 1613 clinationes
2330 1556 2399 1610 ad
2445 1555 2667 1609 meliora
2715 1562 2881 1622 atque
2911 1549 3132 1604 utiliora
3163 1551 3441 1615 Oporteret
3472 1541 3557 1593 di-

1985 1648 2191 1717 rigere;
2269 1647 2575 1716 mentisque
2644 1642 2975 1707 sobrietate,
3049 1648 3104 1692 et
3164 1634 3553 1704 cogitationum

1985 1737 2240 1806 puritate,
2284 1750 2386 1790 nec
2424 1749 2529 1789 non
2569 1734 2829 1803 vigilante
2864 1731 3058 1784 animae
3099 1718 3555 1792 oculo,qnidquid

1989 1826 2096 1883 Deo
2129 1828 2486 1882 honoriﬁcum
2528 1826 2892 1896 placitumque
2929 1829 3015 1876 est
3040 1861 3054 1885 ,
3088 1816 3301 1888 operari
3345 1829 3359 1868 :
3391 1821 3555 1878 atque

1984 1927 2043 1970 ut
2060 1917 2383 1984 compendio
2404 1916 2606 1977 dicam,
2630 1910 2890 1980 quidquid
2916 1909 3077 1964 saluti
3106 1908 3300 1960 animae
3320 1901 3552 1960 confert,

1983 2005 2036 2059 id
2062 2005 2209 2060 omni
2234 2004 2414 2060 studio
2444 2018 2540 2072 per
2569 2002 2782 2069 divina},
2799 1999 2933 2069 legis
2964 1994 3363 2052 observantiam
3397 2003 3557 2043 exse-

1984 2096 2075 2164 qui
2108 2113 2126 2151 :
2159 2110 2281 2149 nam
2323 2095 2404 2150 sic
2434 2093 2735 2163 contingit,
2763 2100 2825 2145 ut
2853 2089 2922 2144 ad
2950 2087 3046 2142 Dei
3082 2081 3508 2139 familiaritatem
3532 2110 3551 2140 ,-

1985 2186 2038 2240 bl
2090 2186 2182 2255 qui
2230 2185 2303 2239 ita
2353 2199 2415 2238 se
2460 2192 2691 2254 gerunt,
2732 2178 3091 2250 perveniant,
3130 2172 3402 2243 sapientes
3436 2167 3551 2222 illas

1984 2276 2243 2331 nimirum
2305 2275 2585 2330 imitantes
2635 2273 2920 2344 virgines,
2977 2280 3215 2335 suasque
3280 2262 3553 2330 lampades

1985 2368 2209 2438 copioso
2241 2367 2362 2422 oleo
2388 2366 2686 2421 instructas
2720 2363 3102 2421 accendentes,
3135 2364 3194 2411 ut
3224 2355 3367 2409 bene
3402 2366 3554 2406 com-

1982 2460 2158 2530 parati
2214 2472 2415 2527 sponso
2469 2463 2763 2512 occurrant
2797 2453 3137 2521 intempesta
3195 2446 3368 2501 noctis
3420 2444 3553 2498 hora

1984 2551 2388 2621 supervenienti
2416 2566 2431 2606 :
2464 2548 2547 2604 sic
2578 2560 2774 2616 nempe
2805 2542 3084 2599 indubiam
3115 2553 3263 2609 spem
3286 2537 3554 2599 foventes,

1983 2643 2103 2699 fore
2126 2652 2186 2697 ut
2213 2644 2267 2697 in
2299 2640 2502 2711 optatis
2529 2638 2637 2692 illis
2666 2636 3092 2705 patentibusque
3122 2626 3554 2698 patriarcharum

1988 2734 2234 2797 sinibus,
2274 2732 2566 2799 beatisque
2595 2728 2704 2783 illis
2752 2725 2977 2781 sedibus
3020 2730 3075 2775 et
3110 2717 3551 2778 hereditatibus,

1986 2837 2342 2894 qtueeumque
2390 2822 2744 2877 demum‘eae
2791 2822 2951 2881 sunt,
3004 2813 3342 2868 recumbam.
3395 2806 3554 2869 Haec,

1988 2918 2228 2986 inquam,
2279 2917 2421 2971 bona
2469 2913 2739 2983 diligenda
2798 2917 2946 2973 sunt,
2988 2907 3041 2961 in
3095 2906 3181 2959 bis
3231 2916 3382 2956 mens
3423 2900 3558 2954 deli-

304 2996 492 3049 ταῦτα
518 2999 791 3069 στέργειν,
825 3001 886 3052 ὲν
908 3000 1124 3063 τούτοις
1152 3000 1584 3070 ἁπασχολεῖσθαι
1614 3001 1707 3053 τὸν
1737 2998 1884 3062 νοῦν,

1994 3010 2162 3079 genda
2183 3046 2201 3071 ,
2241 3018 2331 3061 res
2365 3006 2509 3060 nulla
2542 3004 2774 3072 denique
2806 3015 2928 3070 quae
2959 2998 3161 3052 caduca
3192 3004 3248 3049 et
3294 2993 3451 3047 noxia
3488 2991 3561 3043 sit

307 3089 414 3142 καὶ
452 3090 622 3158 μηδὲν
644 3091 756 3144 τῶν
790 3091 1108 3161 ὲπισφαλῶν
1154 3093 1252 3145 καὶ
1286 3092 1638 3162 βλαπτόντων
1672 3102 1885 3163 περιερ-

1994 3099 2257 3155 curanda.
2290 3096 2403 3151 Hac
2429 3099 2474 3151 si
2510 3110 2611 3150 nos
2644 3093 2912 3164 sapientia
2945 3089 3149 3160 praediti
3184 3084 3475 3148 fuerimus,
3503 3089 3561 3138 et

308 3181 626 3249 γὰξεσθαισ
676 3181 745 3235 ἂν
785 3181 931 3236 οὕτω
980 3183 1361 3254 φιλοσοφῶμεν
1399 3181 1496 3236 καὶ
1543 3180 1687 3236 οὕτω
1741 3182 1890 3252 βιοῦν

311 3272 599 3341 ἑλοίμεθα,
630 3274 728 3326 καὶ
768 3273 998 3343 μελέτην
1021 3273 1253 3328 θανάτου
1286 3274 1386 3343 τὴν
1419 3274 1700 3344 παροῦσαν
1743 3272 1890 3344 ζωὴν

311 3362 605 3433 ἡγώμεθα,
640 3364 943 3434 τευξόμεθα
977 3363 1087 3417 τῶν
1112 3365 1259 3436 παρά
1298 3365 1392 3418 τοῦ
1425 3364 1692 3433 ἀψευδοῦς
1720 3365 1892 3435 ἐπηγ-

314 3455 620 3524 γελμένων,
680 3456 777 3508 καὶ
841 3455 943 3523 τῆς
999 3455 1369 3525 ἀποκειμένης
1419 3457 1532 3518 τοῖς
1587 3456 1892 3525 τηρήσασιν

314 3546 490 3598 αὑτοῦ
521 3546 613 3598 τὸν
642 3545 822 3613 λόγον,
853 3542 912 3599 εῦ
941 3541 1082 3607 οἶδα,
1128 3547 1531 3615 μακαριότητος
1553 3561 1567 3576 ο
1608 3545 1739 3616 περὶ
1789 3545 1892 3613 μὲν

315 3637 387 3707 δὴ
420 3637 625 3690 τούτων
658 3641 707 3691 εί
756 3639 854 3692 καὶ
888 3639 1095 3709 βραχὺς
1123 3636 1359 3705 ό,λόγος,
1394 3639 1542 3707 ὅμως
1568 3638 1769 3701 ἱκανῶς
1798 3637 1894 3690 καὶ

318 3728 694 3799 ἀποχρώντως
734 3730 877 3799 έχων
898 3746 911 3760 ·
950 3730 1012 3783 οὐ
1041 3731 1150 3799 γὰρ
1180 3730 1275 3782 ἐπὶ
1301 3728 1464 3782 πλέον
1485 3727 1742 3794 διεξιέναι
1764 3728 1892 3798 χρὴ,

320 3819 451 3873 ἐπεὶ
477 3820 552 3889 μὴ
586 3818 747 3872 τοῦτο
792 3819 903 3873 τῶν
954 3820 1095 3873 πάνυ
1133 3818 1574 3885 κατεπειγόντων
1603 3814 1680 3886 τῷ
1717 3814 1895 3886 καιρῷ

319 3909 590 3979 πρόσεστι
612 3924 627 3938 ο
678 3907 812 3979 περὶ
838 3908 896 3960 δέ
925 3924 989 3975 γε
1023 3905 1134 3961 τῶν
1169 3906 1265 3958 νῦν
1300 3904 1703 3976 ἐπιφυομένων,
1745 3903 1895 3973 παρά

321 3998 418 4049 τοῦ
450 3997 746 4066 μισοκάλου
776 3987 974 4067 ἐχθροῦ
997 3997 1087 4049 καὶ
1113 3995 1204 4048 ἀεὶ
1231 3995 1299 4048 τὰ
1324 3994 1466 4048 καλά
1488 3993 1893 4065 βασκαίνοντος,

321 4089 424 4142 καὶ
450 4091 547 4158 τὴν
574 4091 798 4160 εἰρήνην
830 4090 930 4159 τῆς
958 4088 1197 4160 Χριστοῦ
1233 4089 1472 4160 ποίμνης
1505 4089 1580 4158 μὴ
1614 4089 1894 4160 φέροντος,

324 4180 425 4234 καὶ
446 4178 525 4248 τῷ
564 4179 789 4248 καθαρῷ
820 4179 921 4249 τῆς
969 4179 1433 4247 ὲκκλησιαστικῆς
1466 4178 1710 4250 ἀρούρας
1742 4177 1895 4251 σίτῳ,

322 4270 386 4324 ὃν
408 4270 566 4338 λόγος
598 4257 953 4337 εὑυιγγελικδς
979 4270 1074 4323 καὶ¹
1105 4270 1372 4339 πατρικὸς
1410 4269 1670 4340 ἐξέθρεψέ
1706 4288 1766 4323 τε
1802 4271 1899 4324 καὶ

1988 3189 2068 3243 sic
2113 3189 2297 3242 vivere
2361 3185 2795 3247 decreverimus,
2859 3190 3253 3246 consequemur
3305 3173 3556 3242 equidem

1990 3278 2259 3349 promissa
2284 3277 2353 3330 ab
2375 3289 2440 3330 eo
2467 3276 2562 3344 qui
2595 3288 2703 3327 non
2730 3269 2996 3325 mentitur
3017 3265 3261 3336 praemia,
3289 3271 3560 3330 paratam-

1991 3382 2099 3435 que
2146 3368 2211 3421 iis
2237 3366 2332 3435 qui
2380 3366 2553 3434 legem
2595 3362 2766 3432 ipsius
2799 3362 3106 3415 observant
3144 3355 3553 3409 beatitudinem.

1993 3458 2099 3512 Sed
2127 3437 2192 3512 de
2219 3457 2326 3520 his,
2357 3470 2668 3526 quanquam
2693 3450 2952 3514 breviter,
2980 3446 3240 3515 satisjam
3270 3442 3560 3497 verborum

1994 3546 2202 3601 ellluxit
2245 3563 2262 3599 :
2303 3558 2480 3615 neque
2524 3542 2671 3597 enim
2716 3538 2981 3610 prolixius
3030 3532 3408 3588 disserendum
3442 3536 3559 3588 est,

1992 3634 2427 3705 quandoquidem
2464 3645 2771 3688 sermonem
2807 3625 3112 3696 huiusmodi
3144 3633 3382 3692 praesens
3419 3626 3561 3671 tem-

1996 3742 2098 3798 pus
2145 3743 2250 3780 non
2305 3721 2908 3797 magnopere_ﬂagitat.
2954 3715 3155 3770 Verum
3205 3713 3271 3768 de
3318 3707 3562 3798 subnatis

1997 3818 2223 3873 zizaniis
2245 3832 2309 3872 ac
2336 3800 2690 3886 spinis,quas
2711 3804 2930 3868 virtutis
2956 3823 3102 3871 osor,
3135 3815 3457 3873 semperque
3484 3797 3563 3852 rei

1995 3910 2150 3966 bonae
2187 3909 2453 3973 invidens,
2487 3919 2543 3963 et
2574 3920 2763 3975 pacem
2794 3899 3086 3959 Christiani
3116 3896 3299 3966 gregis
3333 3890 3558 3944 minime

1998 4000 2200 4068 ferens,
2232 4001 2604 4069 interpurnm
2637 3992 2999 4052 ecclesiastici
3036 3989 3155 4058 agri
3194 3984 3455 4041 triticum.
3495 3977 3563 4031 ab

1998 4094 2307 4165 evangelico
2337 4102 2394 4148 et
2443 4099 2669 4160 paterno
2696 4087 2866 4142 verbo
2901 4083 3166 4137 nutritqu
3199 4085 3256 4133 et
3305 4082 3522 4128 auctum
3544 4108 3560 4134 ,
3602 4141 3618 4157 ν

2000 4184 2171 4249 sevit;
2196 4198 2316 4252 qua:
2346 4194 2540 4250 nempe
2573 4179 2741 4247 spinae
2767 4177 2907 4229 viam
2943 4173 3068 4226 vitae
3102 4165 3404 4224 terentibus
3434 4175 3564 4214 cru-

2000 4275 2149 4331 dcles
2200 4273 2497 4343 impietatis
2549 4269 2767 4325 aculeos
2824 4266 3087 4336 inﬁgunt,
3139 4253 3566 4327 disputationem

326 4359 559 4432 ηὔξησε,
614 4362 1098 4433 παρεσπαρμένων
1154 4360 1409 4424 ζιζανίων
1443 4362 1540 4415 καὶ
1596 4362 1901 4433 ἀκανθοφο-

2004 4366 2424 4436 anspicabimur.

330 4456 573 4527 ρούντων
594 4455 718 4525 ἤδη,
750 4454 847 4507 καὶ
876 4453 1005 4516 τοὺς
1027 4455 1086 4505 ἐν
1104 4453 1170 4523 τῇ
1194 4452 1297 4522 ὁδῷ
1315 4452 1409 4505 τοῦ
1437 4452 1552 4521 βίου
1606 4455 1925 4526 παριόντας,
1965 4460 2076 4521 τοῖς
2107 4435 2357 4528 κέντροις
2411 4456 2512 4526 τῆς
2538 4452 2860 4514 δυσσεϐείας
2933 4444 3182 4516 ἀνηλεῶς
3230 4435 3573 4508 κατατιτρέν

332 4555 483 4602 σκειν
518 4543 920 4617 ὑπαρξαμένων
945 4541 1321 4612 διαλεξόμεθα.

402 4733 473 4795 γ’.
509 4728 575 4779 ὐ
598 4715 701 4792 τῆς
735 4723 967 4790 εὐαγοῦς
997 4724 1088 4777 καὶ
1117 4713 1285 4794 μόνης
1308 4718 1571 4794 ἀληθινῆς
1601 4725 1634 4793 ἡ
1645 4723 1759 4793 μῶν
1788 4724 1898 4777 τῶν

331 4811 674 4889 Χριστιανῶν
702 4812 998 4884 θρησκείας
1024 4812 1181 4880 λόγος
1212 4813 1316 4883 ἤδη
1346 4812 1514 4866 πάλαι
1544 4811 1897 4883 κατώρθωτο·

334 4908 432 4960 καὶ
461 4904 608 4975 παρὰ
652 4903 749 4973 μὲν
797 4904 909 4967 τοῖς
952 4905 1134 4970 σοφοῖς
1158 4903 1258 4972 τῆς
1294 4902 1530 4964 πίστεως
1559 4902 1715 4973 ἡμῶν
1747 4902 1905 4972 ἀρχιε-

332 5000 550 5052 τέκτοσι
606 4995 701 5048 καὶ
757 4993 858 5062 τῆς
908 4992 1165 5064 ἀληθείας
1221 4990 1442 5064 κήρυξι,
1469 4995 1595 5056 τοὺς
1634 4993 1810 5057 θείους
1843 4993 1907 5063 δὴ

332 5092 482 5158 λέγω
525 5089 620 5141 καὶ
654 5086 979 5148 θεσπεσίους
1011 5085 1365 5150 ἀποστόλους,
1400 5085 1910 5154 προκαταὸέϐληται

333 5186 364 5237 ὁ
389 5168 641 5251 θεμέλιος
670 5195 687 5212 ο
725 5173 923 5249 οἷάπερ
956 5180 1012 5230 ὲν
1032 5177 1111 5249 τῷ
1143 5179 1293 5248 νόμῳ
1323 5178 1418 5230 καὶ
1443 5181 1556 5240 τοῖς
1599 5178 1909 5248 προφήταις

337 5272 619 5347 πρόπαλαι
667 5264 1179 5341 σκιαγραφούμενος
1210 5271 1304 5324 καὶ
1348 5271 1872 5341 προχαρασσόμενος
1894 5307 1908 5331 ,

337 5365 495 5428 ὄντος
530 5362 928 5435 ἀκρογωνιαίου
970 5362 1121 5415 λίθου
1155 5360 1395 5434 Χριστοῦ
1425 5361 1518 5414 τοῦ
1553 5360 1688 5414 Θεοῦ
1728 5360 1908 5430 ἡμῶν,

340 5455 447 5509 κᾶν
498 5455 646 5517 λίθος
697 5453 1122 5525 προσκόμματος
1181 5455 1276 5507 καὶ
1326 5454 1501 5524 πέτρα
1566 5453 1903 5517 σκανδάλου,

339 5548 454 5611 τοῖς
493 5545 587 5599 νῦν
617 5543 925 5598 κατασείειν
959 5544 1123 5597 αὐτὸν
1171 5545 1533 5614 πειρωμένοις
1566 5545 1868 5614 προκέηται
1893 5560 1906 5574 ·

345 5640 477 5709 ἡμῖν
505 5637 560 5690 δὲ
588 5638 698 5699 τοῖς
722 5638 815 5690 ὲπί
841 5636 1013 5705 ταύτῃ
1041 5639 1106 5707 τῇ
1138 5636 1313 5708 πέτρᾳ
1337 5635 1803 5706 ᾡκοδομημένοις,
1839 5636 1913 5698 ὡς

2079 4711 2132 4773 5.
2156 4710 2369 4774 Sanctae
2401 4724 2621 4779 nostra).
2649 4730 2770 4785 quae
2802 4712 2916 4767 sola
2942 4725 3071 4765 vera
3099 4718 3203 4769 est,
3234 4702 3571 4760 Christiano-

2010 4826 2128 4865 rum
2175 4808 2448 4879 religionis
2496 4807 2703 4877 jamdiu
2762 4815 2908 4860 recte
2939 4803 3116 4857 fuerat
3143 4798 3433 4854 constituta
3474 4792 3573 4845 tle-

2008 4902 2218 4956 ctrina:
2259 4915 2493 4968 namque
2533 4913 2563 4952 a
2612 4898 2949 4968 sapientibus
2981 4892 3105 4949 ﬁdei
3154 4898 3353 4944 nostra;
3395 4880 3573 4937 archi-

2009 4992 2186 5058 tectis,
2223 4994 2580 5063 veritatisque
2632 4988 2994 5061 praeconibus,
3039 4982 3200 5044 divis,
3236 4981 3479 5048 inquam,
3519 4981 3575 5026 ct

2006 5084 2226 5140 eximiis
2274 5085 2563 5155 apostolis,
2594 5081 2907 5153 prrjactttm
2956 5074 3369 5129 l'ttndamentum
3409 5072 3572 5155 erat:

2008 5191 2170 5244 quam
2227 5153 2479 5230 videlicet
2532 5173 2796 5227 fabricam
2859 5167 2945 5222 lex
3001 5162 3131 5219 olim
3184 5168 3239 5215 et
3303 5153 3577 5244 prOphetm

2019 5242 2393 5320 adumbratam
2442 5263 2879 5322 delineaverant,
2915 5251 3158 5326 augulari
3204 5247 3359 5318 151
3397 5242 3579 5297 futuro

2019 5356 2194 5424 lapide
2243 5356 2354 5410 Deo
2398 5363 2585 5409 nostro
2618 5351 2837 5407 Christo
2870 5365 2885 5402 :
2922 5347 3025 5417 qui
3051 5343 3152 5399 etsi
3188 5341 3324 5410 lapis
3352 5334 3577 5392 aliendi--

2010 5449 2116 5505 culi
2158 5457 2213 5503 et
2262 5454 2413 5517 petra
2467 5441 2713 5500 scandali
2754 5440 2841 5495 his
2882 5440 2974 5509 qui
3006 5449 3150 5492 nunc
3185 5448 3305 5489 eam
3352 5436 3577 5500 quatere

2019 5545 2309 5601 attentam,
2346 5543 2586 5604 prostat,
2624 5532 2780 5588 nobis
2812 5541 2988 5587 tamen
3017 5542 3180 5595 super
3206 5526 3345 5580 hanc
3372 5530 3577 5591 petram

2021 5630 2327 5696 azdiﬁcatis,
2380 5638 2438 5683 ut
2468 5627 2786 5697 coryphaeus
2824 5620 3210 5693 discipulorum
3233 5615 3426 5677 Verbi,
3458 5623 3578 5665 cum
