3898 6150
396 252 500 318 539

1419 249 1482 310 S.
1520 236 1942 310 NICEPHORI
1980 243 2488 310 ΡΑΤΒΙΑΒΟΗΕ
2522 242 2635 305 CP.

3538 230 3650 297 5ιο

396 362 802 419 beatiﬁcarctur
837 358 1098 426 audiit”,
1134 357 1270 430 lapis
1299 368 1382 416 est
1415 360 1711 430 angularis,
1759 361 1966 432 pretio-

2081 360 2176 415 τῶν
2211 357 2469 431 μαθητῶν
2509 355 2605 410 τοῦ
2634 353 2794 423 λόγου
2827 350 2856 408 ό
2879 348 3177 425 κορυφαῖος
3203 345 3650 423 μακαριζόμενος

397 471 527 517 sus.
558 454 613 509 in
642 466 803 523 quem
845 452 1131 508 credentes
1170 467 1443 522 nunquam
1480 451 1961 508 confundemur”.

396 542 690 599 Ediﬁcata
754 550 840 597 est
887 551 1068 597 autem
1119 542 1401 611 sapientiae
1459 541 1654 598 domus
1706 550 1964 616 tanquam

397 652 533 691 auro
563 645 619 690 et
669 634 935 705 lapidibus
977 633 1253 703 pretiosis,
1287 633 1463 688 sacris
1489 633 1801 701 divinisque
1834 635 1966 701 dog-

400 727 673 794 matibus,
738 716 859 796 quae
916 726 984 779 ab
1042 724 1256 795 inclytis
1314 724 1641 795 coalitusque
1689 724 1968 791 inspiratis

398 816 653 871 Patribus
694 817 897 871 nostris
939 815 1215 870 elaborata
1265 814 1489 870 fuerunt
1534 824 1589 869 et
1636 815 1966 882 praedicata,

402 907 519 961 sive
543 909 633 976 qui
663 905 714 959 in
743 906 917 961 sacris
945 905 1049 959 illis
1076 920 1105 959 a
1132 904 1391 961 divinitus
1424 905 1764 975 congregatis
1803 919 1971 975 syno-

2064 452 2253 523 ήκουε,
2280 449 2428 512 λίθος
2458 447 2856 518 ἀκρογωνιαϊος
2883 443 3124 514 ἔντιμος,
3155 442 3242 511 ἐφ’
3275 436 3322 511 ᾧ
3349 438 3645 496 πιστεῦον-

2066 553 2188 605 τες,
2228 539 2427 594 οὔποτε
2475 533 3092 607 καταισχυνθησόμεθα·
3132 533 3551 604 ἐπῳκοδόμηται
3583 530 3648 586 δὶ

2065 631 2168 702 τῆς
2217 629 2407 699 σοφίας
2456 630 2486 682 ό
2527 625 2711 696 οἶκος,
2758 626 2950 698 ὥσπερ
2998 627 3064 680 ὲκ
3105 623 3309 697 χρυσοῦ
3343 625 3442 678 καὶ
3480 622 3654 678 λίθων

2068 721 2286 792 τιμίων,
2311 720 2419 774 τῶν
2452 719 2614 792 ἱερῶν
2637 718 2736 772 καὶ
2768 718 2929 772 θείων
2951 716 3262 787 δογμάτων,
3291 712 3328 769 ἃ
3357 715 3510 786 παρὰ
3538 710 3653 767 τῶν

2069 811 2330 881 ἀοιδίμων
2353 811 2448 864 καὶ
2480 810 2757 881 θεοφόρων
2786 807 2944 879 ήμῶν
2987 806 3247 877 Πατέρων
3275 803 3657 871 ἐκπεπόκηταί

2068 921 2130 958 τε
2163 903 2258 957 καὶ
2290 902 2708 973 ὲκπεφὼνηται’,
2733 900 2849 953 ὅσοι
2876 915 2935 952 τε
2968 898 3112 951 κατά
3132 897 3262 958 τοὺς
3290 897 3476 963 lepos;
3500 892 3655 946 ὲκείγ

398 996 485 1051 dis
514 995 819 1049 admirandi
877 995 1094 1064 Deoque
1144 994 1295 1049 citari
1330 995 1613 1059 homines,
1648 995 1830 1049 divino
1860 994 1970 1050 acti

2081 1012 2195 1060 νους
2223 994 2321 1049 καὶ
2355 993 2674 1055 θεολέκτους
2717 990 3031 1059 συλλόγους,
3073 987 3371 1057 θαυμάσιοι
3401 986 3497 1039 καὶ
3524 984 3653 1037 θεον

398 1092 454 1139 et
486 1083 766 1138 convocati
801 1081 1003 1151 Spiritu
1042 1083 1443 1149 inclaruerunt;
1488 1085 1604 1139 sive
1636 1084 1730 1153 qui
1762 1084 1970 1152 sigilla-

2072 1087 2246 1155 φιλεῖς
2290 1084 2504 1156 ἀνδρες,
2549 1083 2680 1154 θείῳ
2726 1083 2989 1152 ἀγόμενοι
3026 1078 3309 1147 Πνεύματι
3356 1076 3657 1144 συναθροι-

401 1174 683 1242 titnpuris
720 1174 1129 1244 splendidisque
1168 1175 1441 1240 moribus,
1478 1175 1879 1245 verborumque
1915 1184 1970 1231 et

2081 1176 2297 1238 σθέντες
2339 1173 2660 1243 διέλαμψαν,
2691 1173 2808 1227 ὅσοι
2846 1188 2907 1225 τε
2942 1170 3064 1224 καθ’
3090 1169 3323 1231 ἑαυτοὺς
3363 1167 3657 1235 κεκαθαρ·

399 1264 598 1319 mentis
630 1266 951 1320 excelsitate
979 1265 1228 1333 praediti,
1262 1281 1451 1323 sacras
1480 1266 1638 1320 sedes
1666 1280 1972 1336 occupave-

400 1363 559 1418 runt,
596 1366 651 1411 et
692 1365 901 1410 rectum
930 1357 1181 1411 veritatis
1208 1357 1403 1427 dogma
1437 1360 1681 1428 apprime
1731 1366 1975 1413 tenentes

405 1445 628 1515 gloriosi
675 1448 1008 1501 exstiterunt.
1066 1448 1332 1516 simulque
1387 1447 1508 1503 falsi
1562 1448 1740 1504 cultus
1791 1449 1975 1517 spinas

407 1535 673 1590 radicitus
696 1536 1034 1601 evulserunt,
1058 1545 1224 1605 atque
1251 1535 1626 1591 haereticorum
1650 1552 1771 1600 ora,
1789 1544 1977 1605 utpote

404 1623 589 1691 inique
617 1632 804 1679 contra
846 1624 1045 1679 coelum
1080 1623 1414 1693 loquentium
1455 1640 1518 1681 ac
1557 1626 1935 1681 meditantium
1960 1663 1975 1688 ,

405 1721 630 1767 consuta
703 1712 874 1768 veluti
937 1713 1348 1769 obstruxerunt.
1420 1716 1560 1771 Hinc
1624 1730 1733 1771 una
1801 1703 2050 1779 ﬁdes,B

402 1802 708 1873 eademque
752 1806 893 1874 apud
931 1820 1124 1861 omnes
1174 1807 1515 1862 Christianos
1545 1806 1816 1864 confessio
1847 1821 1979 1863 con-

405 1893 647 1949 corditer
692 1896 1058 1952 retinebatur.
1097 1897 1235 1965 Quid
1283 1899 1429 1954 enim
1474 1914 1576 1966 per
1623 1908 1975 1955 consecutum

404 1998 566 2039 omne
599 1984 767 2055 elapsi
795 1989 1057 2057 temporis
1080 1989 1338 2059 spatium,
1369 1999 1632 2058 quantum
1664 1990 1981 2063 quidem‘ad

406 2073 609 2130 bonum
647 2076 973 2148 ﬁrmumque
1000 2081 1253 2136 humanm
1285 2082 1411 2137 vitae
1434 2090 1659 2147 statum,
1697 2082 1813 2138 sive
1845 2081 1982 2152 dog-

408 2177 554 2221 mata
585 2177 795 2238 spectes
827 2170 943 2226 sive
971 2180 1160 2239 actus,
1191 2173 1347 2242 quid,
1395 2173 1637 2241 inquam,
1676 2173 1985 2242 inexplora-

409 2266 523 2312 tum
551 2270 647 2314 aut
694 2261 1062 2318 indiscussum
1121 2256 1443 2332 supererat?
1492 2263 1571 2318 Ita
1615 2265 1894 2336 sapienter
1930 2271 1985 2318 et

408 2350 657 2406 benivole
695 2362 882 2408 nostra
928 2355 1113 2409 omnia
1159 2355 1422 2424 disposita
1454 2354 1673 2411 fuerant
1701 2371 1800 2426 per
1844 2364 1984 2412 tem-

409 2455 543 2509 pora
571 2444 888 2512 providente
918 2444 1062 2512 Deo;
1091 2445 1166 2499 ita
1200 2445 1285 2500 lex
1315 2446 1512 2515 priscis
1550 2447 1660 2503 illis
1693 2448 1816 2502 data
1853 2449 1983 2503 olim

409 2531 653 2587 subsidio
702 2530 919 2600 fuerat,
949 2548 1050 2590 ceu
1081 2534 1303 2605 quidam
1339 2539 1581 2607 optimus
1622 2539 1981 2609 paedagogus,

406 2633 509 2689 per
547 2622 852 2679 rudimenta
896 2630 1142 2696 quaedam
1195 2626 1497 2684 informans
1539 2629 1776 2698 pueriles
1809 2630 1986 2686 adhuc

409 2719 461 2765 et
494 2711 699 2767 viribus
728 2714 1179 2785 imperfectiores,
1208 2726 1371 2789 atque
1396 2718 1464 2773 ad
1492 2718 1587 2774 Dei
1616 2719 1984 2791 cognitionem

410 2801 717 2870 deducens;
753 2807 878 2875 quia
916 2808 1213 2877 perfectior
1236 2809 1486 2865 doctrina
1525 2811 1987 2880 hominibusejus

408 2893 507 2947 aevi
555 2897 794 2951 nondum
841 2908 962 2952 erat
1008 2899 1222 2956 idonea.
1274 2900 1412 2956 Tum
1469 2915 1601 2958 vero
1643 2912 1765 2971 post
1811 2901 1984 2972 legem

408 2984 611 3049 datam,
654 2998 845 3044 saneto
880 2989 1088 3060 Spiritu
1123 2992 1266 3061 pleni
1303 2993 1581 3063 propheta:
1616 2994 1830 3063 virique
1874 2994 1985 3049 Deo

407 3075 574 3131 aﬁlati
615 3080 785 3135 multa
819 3096 885 3138 ac
915 3082 1064 3138 varia
1104 3098 1318 3140 morum
1361 3088 1631 3155 praecepta
1675 3085 1977 3153 dederant,

406 3170 825 3240 proutSpiritus
861 3174 995 3243 ipsis
1027 3178 1328 3242 revelabat,
1374 3178 1441 3234 ad
1476 3180 1811 3234 audientium
1852 3194 1977 3247 pro-

406 3258 631 3316 fectum.
671 3263 775 3318 Sed
806 3267 933 3335 quia
966 3267 1081 3323 haec
1110 3269 1374 3337 perﬁcere
1403 3270 1564 3324 homo
1600 3285 1709 3325 non
1746 3280 1977 3339 poterat,

391 3361 463 3402 .et
498 3351 701 3419 majore
731 3356 935 3410 auxilio
972 3356 1271 3429 indigebat,
1314 3359 1624 3429 impetravit
1653 3371 1710 3416 ut
1753 3361 1887 3433 legis
1918 3378 1980 3417 ac

405 3442 791 3510 prophetarum
823 3447 1076 3517 princeps
1113 3450 1347 3505 veniret.
1381 3451 1535 3514 Quod
1562 3450 1703 3504 enim
1737 3452 1980 3520 impossi-

386 3532 509 3587 .bile
530 3543 646 3588 erat
680 3537 736 3590 in
768 3538 907 3606 lege,
939 3539 1112 3608 inquit
1147 3540 1440 3610 Apostolus
1460 3581 1476 3607 ,
1516 3542 1568 3594 in
1593 3558 1697 3612 quo
1730 3558 1823 3612 per
1861 3559 1981 3596 car-

407 3639 522 3677 nem
573 3626 969 3695 inﬁrmabatur,
1005 3630 1149 3685 Deus
1205 3630 1411 3686 Filium
1464 3649 1617 3687 suum
1664 3637 1876 3688 mittens
1925 3635 1979 3687 iu

406 3716 801 3772 similitudinem
836 3723 1029 3775 carnis-
1062 3724 1299 3791 peccati,
1337 3735 1385 3777 et
1410 3726 1522 3793 'pro
1548 3734 1762 3793 peccato
1782 3765 1797 3790 ,
1829 3726 1980 3779 dam-

406 3807 548 3860 navit
578 3809 634 3861 in
661 3824 822 3864 carne
852 3822 1144 3882 peccatum,
1175 3824 1233 3867 ut
1268 3814 1400 3885 legis
1440 3815 1761 3885 justiﬁcatio
1795 3816 1983 3885 imple-

406 3909 551 3953 retur
565 3901 618 3953 in
640 3903 810 3970 nobis,
833 3905 921 3975 qui
945 3922 1050 3983 non
1064 3908 1352 3965 secundum
1373 3924 1587 3963 carnem
1613 3909 1968 3975 ambulamus,

404 3991 496 4042 sed
512 3996 798 4047 secundum
822 3996 1067 4065 spiritum
1084 3999 1220 4051 ἰδ’.
1236 3997 1451 4055 Peccati
1476 4011 1654 4055 autem
1677 4002 1847 4069 prima
1871 4016 1984 4054 ma-

404 4073 564 4144 laque
610 4082 788 4147 proles
832 4085 1133 4140 idololatria
1160 4086 1299 4152 fuit,
1341 4098 1398 4143 et
1433 4088 1611 4145 cultus
1657 4105 1688 4143 a
1724 4091 1984 4145 Creatore

405 4167 475 4223 ad
503 4180 781 4228 creaturas
808 4176 1113 4232 translatio.

2010 3049 2054 3106 (Ξ

2078 1268 2249 1338 μένοι,
2287 1268 2384 1321 καὶ
2423 1264 2670 1337 λαμπροὶ
2705 1264 2797 1318 τδν
2842 1263 2978 1333 βίον,
3017 1262 3113 1316 καὶ
3140 1259 3337 1331 ὑψηλοὶ
3363 1260 3457 1312 τὸν
3490 1258 3657 1323 λόγον

2075 1357 2171 1411 καὶ
2219 1356 2318 1427 τὴν
2358 1355 2619 1418 διάνοιαν,
2670 1353 2874 1425 θρόνων
2921 1350 3083 1422 ἱερῶν
3147 1345 3654 1420 προκαθεζόμενος,

2077 1450 2174 1504 καὶ
2210 1447 2306 1502 τοῦ
2339 1447 2500 1519 ὀρθοῦ
2528 1447 2690 1515 λόγου
2717 1443 2821 1514 τῆς
2852 1441 3136 1514 ἀληθείας,
3167 1439 3244 1503 ὡς
3268 1438 3369 1504 ενι,
3411 1436 3659 1509 μάλιστα

2079 1540 2428 1611 ἀντεχόμενοι
2453 1537 2770 1609 ὲπέπρεψάν
2795 1552 2876 1601 τε,
2904 1535 3001 1589 καὶ
3039 1531 3317 1603 πανταχοῦ
3345 1531 3445 1600 τῆς
3470 1531 3665 1583 οίκου-

2084 1632 2251 1703 μένης
2279 1631 2378 1699 τῆς
2423 1628 2713 1693 εὐσεϐείας
2753 1626 2826 1680 τά
2858 1626 3167 1695 διδάγματα
3214 1617 3660 1689 ὲγκατέσπειράν

2076 1738 2137 1774 τε
2181 1720 2276 1773 καὶ
2307 1718 2695 1788 διετράνωσαν,
2732 1718 2833 1788 τῆς
2866 1712 3123 1776 ἀσεϐείας
3163 1711 3221 1765 δὲ
3260 1711 3362 1774 τὰς
3411 1707 3664 1769 ἀκάνθας

2078 1809 2410 1882 προρρίζους
2448 1807 2725 1879 ἐξέτεμον,
2767 1808 2864 1860 καί⁸
2892 1803 3000 1858 τῶν
3023 1799 3411 1873 αίρετιζόντων
3435 1800 3505 1852 τὰ
3533 1798 3660 1851 στό-

2084 1918 2250 1973 ματα,
2277 1901 2353 1964 ὡς
2372 1900 2587 1953 ἀδικίαν
2605 1898 2748 1952 κατά
2771 1896 2867 1951 τοῦ
2902 1895 3072 1966 ὕψους
3099 1894 3406 1947 λαλούντων
3435 1891 3530 1945 καὶ
3566 1907 3666 1960 με·

2080 1993 2379 2055 λετώντων,
2402 1990 2731 2061 ἀπέφραξαν
2759 1989 2854 2043 καὶ
2880 1986 3210 2059 ἀπέρῤαψαν
3231 2001 3244 2015 ·
3276 1981 3530 2037 ἐντεῦθεν
3560 1981 3665 2050 μία

2081 2086 2267 2149 πίστις
2295 2084 2392 2138 καὶ
2428 2082 2688 2155 ὁμολογία
2714 2083 2748 2151 ή
2780 2078 2919 2151 αὐτὴ
2945 2077 3101 2150 παρὰ
3137 2076 3274 2130 πᾶσι
3303 2073 3663 2144 Χριπιανοῖς

2086 2178 2466 2249 συνεκροτεῖτο
2518 2176 2613 2230 καὶ
2655 2174 3031 2244 ἐφυλάσσετοι
3084 2170 3180 2224 καὶ
3222 2169 3274 2221 τί
3327 2166 3438 2237 γὰρ
3473 2167 3533 2217 ὲν
3586 2161 3664 2232 τῷ

2087 2266 2287 2339 μακρῷ
2326 2265 2423 2321 καὶ
2467 2264 2684 2335 ἀπείρῳ
2734 2263 2829 2316 τοῦ
2880 2259 3231 2320 δωλάσαντος
3281 2255 3501 2326 χρόνου,
3536 2254 3664 2307 ὅσον

2083 2356 2219 2432 ἧκεν
2248 2360 2327 2421 είς
2349 2357 2671 2429 εὐεργεσίαν
2690 2356 2784 2409 καὶ
2814 2354 3146 2424 συντήρησιν
3179 2350 3278 2420 τῆς
3310 2346 3665 2418 ἀνθρωπίνης

2085 2452 2253 2522 ζωῆς,
2300 2449 2358 2503 έν
2376 2464 2455 2519 δε
2483 2446 2752 2517 δόγμασιν
2801 2445 2860 2499 ἐν
2884 2461 2945 2498 τε
2974 2442 3263 2513 πράξεσιν,
3304 2438 3665 2503 ἀνεξέταστον

2081 2540 2178 2594 καὶ
2206 2538 2568 2607 ἀδοκίμαστον
2592 2532 2978 2589 ὑπολέλειπται
2997 2548 3012 2597 ;
3030 2531 3173 2585 οὓτω
3196 2529 3377 2599 σοφῶς
3406 2527 3504 2582 καὶ
3534 2526 3663 2595 φιλο

2086 2611 2386 2702 ἀνθρώπως
2445 2627 2518 2681 τά
2562 2626 2692 2698 περὶ
2717 2626 2868 2696 ἡμᾶς
2889 2664 2904 2689 ,
2936 2623 3081 2676 κατά
3112 2620 3339 2692 καιροὺς
3385 2620 3488 2689 τῆς
3515 2617 3667 2677 θείας

2086 2718 2478 2790 οίκονομούσης
2511 2717 2793 2790 προνοίας,
2821 2713 2994 2777 οὕτως
3030 2714 3059 2767 ὁ
3103 2711 3266 2782 νόμος
3291 2711 3373 2773 είς
3412 2709 3667 2779 βοήθειαν

2088 2812 2258 2869 πάλαι
2277 2814 2391 2873 τοῖς
2421 2809 2799 2881 ἀρχαιοτέροις
2831 2806 3028 2860 ἐδίδοτο
3047 2844 3062 2868 ,
3089 2798 3178 2858 οἷά
3214 2820 3299 2866 τις
3332 2801 3666 2869 παῶοκόμος

2087 2905 2329 2976 ἀριστος,
2357 2903 2434 2966 ὡς
2460 2901 2552 2955 διά
2587 2899 2868 2970 στοιχείων
2894 2896 3060 2951 τινῶν
3093 2895 3387 2967 προσάγων
3415 2894 3544 2955 τοὺς
3571 2907 3666 2959 νη-

2089 2993 2309 3057 πιώδεις
2339 2992 2422 3046 ἔτι
2451 2992 2549 3045 καὶ
2575 2992 2677 3060 τὴν
2706 2988 2820 3054 ἒξιν
2851 2986 3264 3058 ἀτελεστέρους,
3294 2984 3387 3038 καὶ
3411 2981 3667 3054 ποδηγῶν

2086 3085 2223 3157 πρὸς
2249 3083 2347 3154 τὴν
2375 3082 2528 3135 θείαν
2558 3080 2876 3148 ἐπίγνωσιν,
2913 3077 2988 3140 ὡς
3015 3077 3110 3129 τοῦ
3139 3073 3473 3145 τελεωτέρου
3504 3071 3665 3141 λόγου

2084 3178 2196 3238 τοῖς
2229 3175 2291 3228 τὸ
2316 3172 2572 3243 τηνικάδε
2600 3172 2663 3224 τὸ
2686 3170 3100 3241 εὐπαράδεκτον
3123 3170 3262 3232 τέως
3287 3168 3388 3221 οὐκ
3412 3167 3630 3238 ἔχοντος
3647 3182 3662 3197 ο

2084 3269 2257 3332 οὕτως
2279 3269 2329 3321 oi
2363 3267 2497 3338 μετά
2530 3266 2622 3320 τὸν
2647 3266 2811 3336 νόμον
2840 3262 2934 3317 τοῦ
2967 3263 3115 3317 θείου
3181 3260 3504 3332 Πνεῦματος
3534 3259 3666 3313 κάτ-

2083 3378 2199 3431 οχοι
2228 3361 2506 3430 προφῆται
2523 3359 2617 3412 καὶ
2646 3356 2838 3426 ἄνδρες
2863 3355 3175 3426 θεόληπτοι,
3208 3353 3543 3422 πολυμερεῖς
3573 3353 3665 3404 καὶ

2085 3451 2457 3521 πολυτρόπους
2494 3449 2604 3502 τῶν
2634 3447 2924 3518 πρακτέων
2973 3444 3258 3499 ἐποιοῦντο
3301 3444 3402 3506 τάς
3432 3442 3663 3513 εἰσηγήο

2088 3564 2223 3611 σεις,
2244 3544 2391 3600 καθά
2415 3545 2477 3599 τὸ
2495 3543 2720 3615 Πνεῦμα
2744 3541 3001 3615 ἐνεργοῦν
3025 3540 3380 3596 ἀπεκάλυπτε
3410 3538 3547 3609 πρδς
3568 3536 3664 3607 τὴν

2084 3638 2194 3691 τῶν
2222 3636 2525 3691 ἀκουόντων
2564 3636 2880 3707 βελτίωσιψ
2927 3634 3041 3689 ἀλλ’
3093 3634 3328 3703 ἐπείπερ
3355 3632 3457 3684 οὐκ
3509 3630 3663 3700 ἴσχυε

2083 3728 2256 3782 ταῦτα
2292 3727 2576 3782 τελειῶσαι
2607 3726 2697 3779 τὸν
2748 3725 3055 3797 ἄνθρωπον,
3090 3724 3261 3778 ἐδεῖτο
3304 3722 3363 3775 δὲ
3407 3721 3662 3792 βοηθείας

2085 3821 2184 3889 τῆς
2220 3816 2490 3889 μείζονος,
2538 3818 2729 3889 ἔτυχεν
2772 3817 3004 3887 ἀφῖχθαι
3065 3815 3160 3869 τοῦ
3207 3815 3378 3884 νόμου
3413 3814 3512 3866 καὶ
3554 3812 3661 3865 τῶν

2085 3910 2383 3981 προφητῶν
2411 3909 2471 3963 τὸ
2512 3909 2825 3978 κεφάλαιον.
2870 3908 2946 3963 Τὸ
2987 3909 3098 3977 γὰρ
3128 3907 3455 3972 ἀδύνατον,
3489 3904 3659 3976 φησὶ,

2084 3999 2190 4054 τοῦ
2219 4000 2408 4066 νόμου
2433 4000 2503 4053 ἐν
2528 3992 2576 4065 ᾧ
2622 3999 2865 4069 ἠσθένει
2909 3998 3006 4051 διὰ
3035 3996 3147 4063 τῆς
3177 3994 3429 4064 σαρκὸς,
3461 3998 3495 4048 ό
3525 3996 3664 4058 Θεὸς

2084 4091 2195 4145 τὸν
2237 4090 2453 4145 ἑαυτοῦ
2487 4092 2621 4145 Υἱόν
2672 4091 2918 4159 πέμψας
2958 4090 3028 4142 ἐν
3064 4085 3391 4157 ὁμοιώματι
3438 4083 3663 4152 σαρκὸς

2085 4182 2376 4251 ἁμαρτίας
2431 4182 2531 4236 καὶ
2594 4182 2728 4250 περὶ
2795 4180 3119 4249 ἁμαρτίας,
3185 4178 3497 4246 κατέκρινε
3553 4175 3665 4241 τὴν

402 4261 694 4330 ἁμαρτίαν
717 4264 882 4333 ἐνῖῇ
902 4267 1104 4335 σαρκί,
1127 4268 1229 4321 ἵνα
1249 4267 1319 4322 τὸ
1342 4262 1635 4341 δὶκαίωμα
1692 4272 1799 4328 τοῦ
1824 4273 2014 4343 νόμου
2054 4273 2345 4343 πληρωθῇ
2386 4275 2456 4328 ἐν
2485 4275 2632 4343 ἡμῖν
2689 4274 2806 4340 τοῖς
2846 4274 2933 4344 μὴ
2986 4274 3137 4326 κατὰ
3183 4269 3384 4339 (γάρ-ια
3417 4289 3663 4339 περιπα-

406 4355 639 4421 τοῦσιν,
669 4357 832 4412 ἀλλὰ
858 4360 1009 4413 κατὰ
1036 4360 1294 4431 πνεῦμα.
1342 4360 1641 4433 Ἀμαρτίας
1697 4364 1754 4419 δὲ
1823 4366 2044 4436 ἔκγονον
2083 4367 2298 4439 πρῶτον
2341 4367 2511 4421 κακὸν
2565 4368 2660 4421 καὶ
2707 4366 2936 4437 ἔσχατον
2976 4364 3385 4435 εἰδωλολατρία,
3435 4346 3533 4417 καὶ
3563 4366 3662 4435 τῆς

404 4449 832 4517 προσκυνήσεως
859 4451 891 4519 ἡ
932 4450 1223 4519 μετάθεσις
1246 4454 1354 4507 ἀπὸ
1374 4454 1465 4509 τοῦ
1500 4458 1866 4529 πεποιηκότος
1891 4460 1984 4512 ἐπὶ
2016 4459 2084 4513 τὰ
2112 4460 2409 4528 κτίσματα.

479 4536 572 4591 Sic
606 4537 696 4591 Dei
736 4536 997 4608 Verbum,
1030 4553 1272 4611 paternae
1306 4545 1491 4616 gloria:
1521 4528 1800 4616 splendor,
1843 4565 1978 4605 con-

2156 4548 2343 4613 οῦτως
2366 4551 2394 4603 ὁ
2434 4548 2530 4602 τοῦ
2562 4528 2711 4603 ’Θεοῦ
2746 4549 2917 4617 Λόγος
2950 4549 3010 4602 τὺ
3044 4550 3142 4619 τῆς
3192 4548 3471 4620 πατρικῆς
3506 4549 3662 4620 δόξης

406 4628 761 4683 descensione
814 4645 982 4697 usus,
1027 4635 1371 4705 beneplacito
1428 4638 1642 4707 Patris,
1678 4651 1734 4696 et
1780 4642 1980 4698 viviﬁci

409 4717 646 4787 Spiritus
695 4724 1119 4792 cooperatione,
1156 4740 1476 4798 paupertate
1529 4745 1719 4788 nostra
1762 4733 1982 4789 indutus

407 4810 605 4882 (neque
632 4813 778 4868 enim
812 4816 882 4870 ob
906 4816 1232 4874 ineffabilem
1256 4822 1559 4878 bonitatem
1596 4825 1704 4893 pati
1732 4836 1978 4895 poterat,

409 4912 468 4955 ut
493 4918 680 4957 manus
707 4921 819 4960 suae
845 4906 1054 4963 factura
1095 4910 1483 4973 detrimentum
1517 4916 1783 4986 caperet),
1819 4931 1980 4972 verus

406 4992 569 5048 homo
608 4994 806 5062 factus,
837 5001 938 5055 etsi
966 5000 1171 5057 Christi
1204 5001 1389 5059 hostes
1429 5005 1651 5060 minime
1680 5005 1732 5059 id
1771 5006 1978 5073 volunt,

407 5098 673 5158 verusque
724 5092 863 5146 idem
908 5092 1050 5148 Deus
1088 5094 1438 5165 plenissime,
1480 5096 1684 5165 absque
1719 5109 1977 5169 peccato,

410 5192 503 5245 per
538 5196 778 5247 crucem,
815 5185 1145 5253 passionem,
1177 5194 1232 5241 et
1265 5189 1751 5257 resurrectionem,
1792 5192 1982 5246 mortis

410 5285 508 5325 nos
539 5273 768 5329 vinculis
806 5276 1079 5341 liberavit,
1117 5286 1226 5332 et‘a
1269 5280 1475 5348 peccati
1511 5282 1857 5348 passionibus
1890 5298 1983 5339 ex-

409 5359 651 5432 pedivit,
689 5366 1018 5423 invisibilem
1050 5384 1079 5422 a
1128 5370 1413 5427 dominatu
1463 5384 1652 5429 nostro
1692 5386 1983 5445 tyrannum

412 5451 652 5521 pellens,
689 5472 896 5526 nosque
943 5460 995 5514 in
1036 5461 1316 5531 antiquam
1368 5466 1784 5534 prosperitatum
1821 5465 1982 5520 resti-

2081 4638 2460 4710 ἀπαύγασμα,
2501 4640 2912 4708 συγκαταόάσει
2946 4639 3313 4710 χρησάμενος,
3349 4641 3573 4711 εὐδοκία
3604 4656 3660 4692 τε

2080 4734 2323 4802 πατρικῇ
2371 4731 2467 4785 καὶ
2510 4732 2771 4804 συνεργία
2809 4732 2904 4786 τοῦ
2953 4732 3269 4805 ζωαρχικοῦ
3304 4713 3658 4803 Πνέύματος,

2077 4821 2179 4892 τὴν
2222 4820 2344 4875 καθ’
2388 4821 2537 4892 ἡμᾶς
2556 4822 2835 4899 πτωχείαν
2861 4823 3065 4886 ὑποδὺς
3087 4863 3101 4887 ,
3141 4822 3222 4893 (οῦ
3255 4816 3368 4892 γὰρ
3401 4822 3564 4890 ἔφερε
3595 4820 3661 4876 δι’

2085 4913 2292 4981 ἄφατον
2336 4913 2681 4987 ἀγαθότητα,
2715 4916 2899 4986 χειρὸς
2952 4915 3162 4978 οἰκείας
3204 4913 3659 4985 ζημιωθήσεσθαι

2087 5006 2149 5060 τὸ
2184 5006 2440 5078 ποίημα),
2461 5007 2557 5060 καὶ
2586 5007 2877 5077 ἄνθρωπος
2906 5006 3051 5061 κατὰ
3080 5007 3280 5073 πάντα,
3314 5006 3421 5061 κᾶν
3449 5008 3499 5060 οί
3528 5007 3660 5077 Χρι-
3760 5034 3773 5055 ,α

2089 5099 2351 5170 στομάχοι
2400 5100 2475 5171 μὴ
2511 5099 2835 5170 βούλωνται,
2884 5099 3075 5172 ὥσπερ
3123 5100 3188 5170 δὴ
3223 5101 3320 5153 καὶ
3367 5099 3499 5163 Θεὸς
3530 5099 3604 5152 ῶν
3634 5096 3661 5150 6

2088 5191 2252 5256 αὐτὸς
2302 5192 2711 5263 πληρέστατος,
2754 5194 3035 5266 ἁμαρτίας
3077 5194 3249 5265 χωρὶς
3289 5195 3658 5265 ἐχρημάτισε,

2087 5285 2183 5337 καὶ
2214 5282 2303 5337 διὰ
2346 5285 2579 5357 σταυροῦ
2626 5286 2722 5339 xui.
2768 5285 2973 5349 πάθους
3012 5286 3108 5339 καὶ
3156 5287 3510 5347 ἀναστάσεως
3556 5281 3660 5334 τῶν

2087 5375 2303 5446 δεσμῶν
2328 5377 2430 5447 τῆς
2452 5376 2831 5449 κατακρίσεως
2854 5378 3001 5450 ἡμᾶς
3029 5377 3398 5449 ἠλευθέρωσε,
3428 5377 3525 5429 καὶ
3554 5372 3656 5427 τῶν

2089 5466 2278 5522 παθῶν
2326 5469 2427 5539 τῆς
2477 5469 2755 5540 ἁμαρτίας
2802 5468 3081 5541 ἀπήλλαξε
3101 5456 3129 5500 ί
3168 5469 3268 5539 τῆς
3326 5466 3452 5522 καθ’
3508 5461 3657 5537 ἡμῶν

486 5603 531 5637 ⁸³
567 5607 747 5664 )latth.
784 5628 891 5671 ινι.
921 5614 1001 5670 l7.
1038 5617 1081 5645 “
1114 5615 1269 5671 Rom.
1318 5635 1392 5685 ιι,
1437 5619 1527 5673 55.
1604 5621 1724 5653 θίσοί
1762 5619 1918 5676 Rern.
1952 5638 1978 5675 v

2106 5621 2160 5690 δ,
2194 5623 2295 5677 t.~

2590 5748 2627 5763 ρ
