3918 6144
335 276 447 356 841

1196 288 1762 353 APOLOGETICUS
1793 286 1945 349 PRO
1983 284 2246 347 SACRIS
2284 277 2762 345 IMAG‘INIBUS.

3482 269 3592 346 542

333 395 660 462 πλεονεξίας
704 396 1059 470 ἐκϐεϐληκὼς
1106 398 1199 455 τὸν
1229 399 1462 472 ἀόρατον
1509 403 1793 475 τύραννον,
1821 402 1917 454 καὶ

2030 410 2176 454 utens
2212 417 2226 453 :
2261 410 2453 465 nempe
2491 403 2551 449 ut
2583 393 2675 463 qui
2707 393 2999 447 humanam
3032 394 3282 442 naturam
3316 383 3381 438 ad
3407 384 3585 440 exsis-

337 488 426 551 είς
451 490 514 541 τὸ
541 488 769 558 ἀρχαῖον
786 489 888 559 τῆς
916 489 1213 562 εὐκληρίας
1237 492 1584 563 ἐπανήγαγεν
1604 511 1619 526 ο
1648 494 1735 546 ἵνα
1764 496 1792 546 ό
1820 492 1917 561 τὴν

338 577 511 647 φύσιν
533 579 614 641 εἰς
634 578 695 631 τὸ
717 574 859 632 εἶναι
895 579 1256 651 παραγαγὼν,
1283 583 1379 635 καὶ
1403 581 1464 635 τὸ
1494 582 1554 637 εὖ
1580 578 1721 635 εἶναι
1747 583 1918 652 ὑπερ-

337 668 535 723 ϐλύσει
569 668 982 739 φιλανθρωπίας
1023 670 1198 742 ταύτῃ
1229 672 1546 743 χαρίσηται,
1593 673 1688 726 καὶ
1715 672 1921 736 τέλειος

337 757 375 832 ᾖ
411 762 507 813 καὶ
550 759 737 828 ἄρτιος
789 761 818 812 ὁ
858 762 1001 815 κατὰ
1042 761 1176 816 Θεὸν
1222 762 1559 833 κτιζόμενος.
1597 763 1917 835 ἄνθρωπος’

339 852 522 905 ταῦτα
576 853 854 921 προφῆται
899 851 1106 905 ἄνωθεν
1154 853 1737 923 προανακεκράγεσαν,
1785 851 1918 906 ἀπό-

340 940 530 993 στολοι
560 939 1008 1007 εὐηγγελίσαντο,
1038 941 1314 1011 μάρτυρες
1331 941 1717 1012 ἀνδρισάμενοι
1745 942 1920 1012 ὲπαῤ-

343 1034 711 1100 ρησιὶσαντο,
769 1031 820 1081 oi
871 1029 1078 1084 τούτων
1116 1031 1310 1085 ὀπαδοὶ
1356 1033 1452 1086 καὶ
1508 1031 1766 1105 συνεργοί
1820 1033 1921 1102 τῆς

355 1124 692 1190 Ἐκκλησίας
721 1123 1031 1177 διδάσκαλοι
1057 1125 1135 1186 είς
1166 1126 1307 1193 μέγα
1337 1125 1764 1195 κατευρύνοντες
1793 1142 1922 1178 συν-

338 1216 776 1286 διηγωιίσαντο·
807 1216 897 1267 διὰ
922 1217 1130 1268 τούτων
1164 1216 1386 1269 πάντων
1416 1216 1513 1280 οὓς
1545 1219 1573 1271 ὁ
1603 1218 1737 1280 Θεὸς
1772 1219 1830 1270 ὲν
1852 1219 1918 1289 τῇ

376 1306 658 1374 Εκκλτισίᾳ
688 1304 883 1357 ἑαυτοῦ
911 1304 1088 1368 ἔθετο,
1119 1306 1187 1358 τὰ
1211 1306 1315 1375 τῆς
1342 1306 1486 1376 ζωῆς
1516 1307 1673 1377 ἡμῶν
1696 1308 1756 1360 ἐν
1785 1311 1921 1366 πᾶσι

342 1392 917 1462 πραγματευσάμενῄ
945 1392 1305 1462 ἠσφαλίσατο,
1339 1395 1427 1448 ἵνα
1451 1389 1533 1461 οἷς
1559 1411 1612 1448 τι
1644 1396 1799 1466 μέλει
1820 1396 1922 1465 τῆς

340 1490 628 1552 σωτηρίας
659 1485 757 1553 τῆς
798 1483 1034 1549 ἑαυτῶν,
1087 1483 1340 1537 ἐντεῦθεν
1379 1483 1810 1555 ὲπιγινὼσκηται
1854 1485 1925 1539 τὰ

341 1576 548 1644 βελτίω
597 1591 657 1625 τε
710 1574 807 1650 καὶ
856 1575 1239 1644 συμφέροντα⁶
1295 1574 1349 1627 τί
1392 1575 1501 1645 γάρ
1529 1573 1596 1628 ἂν
1634 1573 1922 1645 ζητήσαις,

337 1665 640 1734 ᾶιθρωπε,
691 1665 796 1719 κᾶν
851 1666 961 1718 τῶν
1016 1664 1139 1720 λίαν
1184 1662 1252 1739 ᾖς
1310 1666 1675 1732 ὲξεταστικῶν
1727 1684 1788 1719 τε
1827 1668 1924 1721 καὶ

340 1754 703 1825 θεωρητικῶν
750 1755 850 1826 τὴν
895 1756 1155 1822 διάνοιαν,
1191 1737 1300 1809 καὶ
1331 1756 1432 1809 οὐκ
1459 1756 1620 1819 εὐθὺς
1656 1757 1721 1811 ἂν
1746 1773 1918 1810 κατα-
1954 1737 1994 1791 Β

338 1844 532 1906 λάϐοις
556 1846 884 1915 κεκριμένον
921 1845 1015 1898 καὶ
1038 1844 1387 1914 πεφασμένον
1426 1843 1486 1898 ὲν
1514 1843 1823 1912 πνεῦματις
1852 1844 1917 1897 οὐ

339 1932 624 2000 θεολογίας
649 1934 710 1986 τὸ
742 1934 945 2004 ὑψηλὸν
977 1935 1073 1988 καὶ
1102 1933 1415 2006 ἐπηρμένον
1448 1935 1506 1988 ὲν
1538 1934 1917 2004 δόγμασινςού

339 2028 450 2091 τῆς
482 2025 631 2088 θείας
666 2026 982 2094 οἰκονομίας
1006 2027 1098 2079 τὸν
1130 2025 1361 2079 πλοῦτον
1387 2028 1487 2096 τῆς
1515 2026 1919 2097 χρηστότητος;

340 2119 490 2172 ἀλλά
537 2119 644 2171 τῶν
700 2118 795 2171 τοῦ
844 2118 979 2171 Θεοῦ
1021 2118 1306 2188 χριμάτων
1355 2116 1418 2170 τὸ
1466 2116 1919 2188 ἀνεξερεύνητον;

339 2210 490 2263 ἀλλά
523 2209 631 2261 τῶν
668 2208 928 2280 αίρετέων
972 2208 1070 2272 τὰς
1129 2206 1443 2277 ὑποθήκαςξ
1495 2206 1616 2277 οὐχὶ
1665 2207 1765 2271 τὰς
1812 2206 1923 2260 τῶν

342 2294 627 2368 φευκτέων
659 2296 1093 2367 ἀπαγορεύσειςς
1135 2296 1168 2367 ἢ
1200 2296 1310 2349 τῶν
1341 2298 1456 2357 τοῖς
1478 2294 1662 2366 ,ἀξίοις
1691 2295 1921 2366 ἡτοιμα-

342 2393 567 2467 σμένων
628 2388 853 2461 ἀγαθῶν
913 2389 1012 2452 τὰς
1072 2388 1470 2456 ἐπαγγέλσεις;
1530 2387 1626 2440 καὶ
1686 2387 1795 2440 τῶν
1861 2381 1922 2440 εὖ

341 2488 613 2562 βιούντων
652 2484 748 2543 καὶ
799 2485 859 2538 ὲν
907 2479 1058 2552 φόϐῳ
1087 2476 1223 2532 Θεοῦ
1271 2477 1367 2531 καὶ
1415 2474 1663 2562 ἐντολῶν
1691 2477 1920 2548 τηρήσει

340 2560 451 2653 τὴν
493 2580 791 2651 μέλλουσαν
835 2575 992 2641 δόξαν
1021 2560 1543 2636 ἀποκαλύπτεσθαι;
1577 2569 1684 2622 τῶν
1738 2585 1799 2622 τε
1829 2569 1920 2622 ai-

344 2670 534 2743 σχρῶς
600 2671 696 2725 καί⁵
732 2668 963 2745 ἀνοσίως
1023 2663 1357 2731 διαζώντων,
1405 2663 1504 2733 τὴν
1546 2661 1921 2734 ὴπειλημένην

340 2763 623 2833 τιμωρίαν
640 2760 734 2813 καὶ
761 2759 986 2812 κόλασιν
1007 2773 1022 2818 ;
1048 2757 1164 2811 Καὶ
1187 2756 1277 2810 ἵνα
1300 2754 1375 2825 μὴ
1402 2756 1515 2818 τοῖς
1540 2753 1664 2808 καθ’
1685 2752 1920 2807 ἕκαστον

342 2855 698 2919 ἐπεξιόντες,
757 2851 837 2924 τῷ
896 2850 1042 2919 λόγῳ
1105 2847 1560 2916 ὲνδιατρίόοιμεν,
1622 2845 1684 2898 οὐ
1736 2845 1920 2915 πάσης

2020 490 2234 545 tendum
2268 488 2611 558 produxerat,
2646 483 2786 537 idem
2828 481 2876 537 ei
2927 478 3139 535 felicem
3170 483 3375 531 statum
3421 476 3588 528 benc-

2018 579 2267 633 volentia
2299 591 2413 632 sua
2460 572 2818 631 exuberantia
2863 570 3178 640 largiretur,
3206 574 3262 619 et
3294 571 3514 619 creatus
3553 578 3584 617 a

2021 671 2130 724 Deo
2177 669 2338 722 homo
2387 663 2627 735 perfecta
2687 661 3060 716 incolumitate
3110 657 3403 710 frueretur.
3462 650 3588 706 Hac

2018 761 2148 816 olim
2215 759 2490 827 propheta
2546 755 3050 824 proclamaverant,
3111 746 3335 814 apOstoli
3397 753 3585 810 postea

2020 853 2548 924 evangelizaverunt,
2580 855 2847 915 martyres
2898 840 3113 895 fortiter
3144 835 3376 906 professi
3425 842 3586 895 sunt,

2020 954 2183 1012 atque
2214 944 2401 996 horum
2438 939 2655 994 assecla
2682 945 2737 990 et
2764 940 3145 1000 cnoperatores
3180 926 3433 981 Ecclesia
3468 939 3587 976 ma-

2021 1034 2175 1105 gistri
2234 1045 2558 1099 magnopere
2612 1025 3002 1095 adampliantes
3054 1020 3215 1075 simul
3274 1019 3390 1070 tuiti
3436 1024 3582 1068 sunt.

2023 1127 2127 1180 Per
2161 1126 2260 1179 hos
2293 1137 2484 1177 omnes
2514 1120 2666 1173 Deus
2686 1158 2703 1183 ,
2738 1131 2874 1186 quos
2923 1114 2977 1167 in
3017 1111 3267 1166 Ecclesia
3286 1124 3384 1160 sua
3415 1107 3585 1160 collo-

2023 1216 2201 1280 cavit,
2235 1214 2356 1266 vita
2386 1211 2541 1264 nobis
2584 1206 2890 1274 adiumenta
2922 1202 3102 1256 omnia
3144 1198 3371 1250 lirmiter
3421 1194 3591 1248 stabi-

2024 1306 2160 1366 livit,
2190 1314 2251 1358 ut
2271 1301 2517 1373 quisquis
2546 1299 2737 1354 salutis
2764 1311 2876 1352 sua
2902 1306 3192 1364 parumper
3212 1303 3397 1342 curam
3426 1285 3588 1354 gerit,

2024 1396 2152 1451 hinc
2209 1393 2337 1462 quid
2395 1391 2587 1446 melius
2637 1387 2931 1455 ntiliusque
2974 1383 3045 1436 sit
3088 1384 3402 1447 cognoscat.
3453 1373 3591 1437 Quid

2023 1487 2170 1543 enim
2218 1496 2464 1553 quaeras,
2509 1496 2544 1536 ο
2592 1482 2773 1541 homo,
2810 1473 3025 1528 etiamsi
3067 1471 3302 1525 maxime
3338 1468 3591 1521 curiosus

2024 1588 2324 1644 acutusqne
2361 1575 2427 1628 ad
2459 1569 2823 1627 meditandum
2860 1565 3062 1628 fueris,
3092 1562 3237 1633 quod
3285 1573 3389 1612 non
3434 1554 3592 1625 152

2026 1670 2169 1723 illico
2198 1666 2444 1721 invenias
2477 1663 2668 1734 spiritu
2714 1657 3077 1729 dijudicatum
3124 1662 3180 1708 et
3223 1644 3595 1721 patefactum?

2023 1773 2203 1816 nonne
2245 1757 2412 1812 habes
2467 1752 2750 1822 theologia
2786 1749 3128 1804 altitudinem
3179 1751 3236 1798 et
3278 1742 3594 1809 dogmatum

2024 1848 2451 1907 sublimitatem?
2490 1858 2669 1899 nonne
2710 1841 2906 1897 divina
2955 1834 3270 1893 aconomia
3325 1841 3594 1887 summam

2025 1942 2358 2005 bonitatem,
2385 1934 2713 2004 iudiciorum
2756 1930 2851 1985 Dei
2887 1924 3341 1999 profunditatem,
3373 1917 3453 1972 rei
3495 1928 3594 1985 ge-

2024 2034 2207 2089 renda
2232 2036 2522 2100 praecepta,
2560 2024 2831 2093 fugiendae
2865 2019 3058 2081 vetita,
3090 2024 3405 2084 paratorum
3465 2021 3593 2062 san-

2024 2117 2130 2173 ctis
2163 2115 2474 2172 hominibus
2496 2114 2758 2168 bonorum
2788 2107 3200 2177 promissiones,
3227 2101 3293 2156 iis
3319 2100 3411 2166 qui
3444 2105 3594 2152 recte

2024 2221 2146 2262 cum
2179 2206 2376 2260 timore
2418 2202 2513 2258 Dei
2551 2216 2617 2255 ac
2647 2199 3024 2254 mandatorum
3062 2189 3409 2249 observantia
3438 2185 3592 2240 vixe-

2024 2297 2137 2352 rint
2167 2295 2392 2367 gloriam
2423 2295 2478 2348 in
2516 2302 2793 2362 posterum
2820 2284 3190 2348 revelandam,
3226 2290 3416 2338 contra
3461 2291 3590 2332 vero

2026 2385 2621 2457 turpiter‘seelesteque
2651 2380 2959 2437 viventibus
2989 2390 3164 2448 poena
3193 2382 3357 2442 atque
3386 2367 3593 2439 suppli-

2025 2480 2233 2535 ciorum
2270 2476 2509 2533 intentas
2537 2474 2746 2531 minas?
2772 2472 2841 2526 Et
2870 2484 2941 2525 ne
2974 2467 3186 2538 singula
3222 2469 3592 2525 recensentes.

2027 2570 2211 2626 verbis
2248 2569 2452 2625 diutius
2482 2567 2878 2638 indulgeamus,
2915 2577 3095 2619 nonne
3121 2556 3421 2629 quamiibet
3449 2551 3586 2608 alio-

2027 2676 2147 2716 rum
2201 2658 2606 2717 meditationem
2649 2659 2734 2714 vel
2770 2670 3031 2727 operam,
3072 2651 3461 2721 inspiratorum
3507 2657 3596 2698 sa-

2025 2754 2290 2823 pientium
2327 2767 2609 2809 sermones
2629 2791 2646 2817 ,
2677 2751 2860 2806 divina
2891 2743 3234 2819 philosophia
3276 2735 3590 2795 redundan-

2026 2852 2107 2900 tes
2126 2884 2142 2911 ,
2173 2853 2429 2912 superant
2449 2844 2473 2898 ἲ

341 2951 589 3020 θεωρίας
637 2949 733 3004 καὶ
773 2918 1026 3019 πράξεως
1067 2943 1138 2999 τὰ
1187 2945 1297 2997 τῶν
1337 2941 1612 3012 θεοσόφων
1649 2940 1846 3010 λόγια,
1909 2938 1973 2994 τὸ
2024 2938 2322 3009 φιλόσοφόν
2390 2956 2453 2993 τε
2518 2939 2617 2995 καὶ
2675 2936 2859 2992 ἔνθεον
2925 2928 3187 3003 κομῶντα
3248 2918 3600 2995 ὑπεραστρά⁴

344 3060 552 3097 mouet
570 3061 587 3110 ;

421 3139 487 3193 δ’.
533 3104 630 3200 Τίς
681 3132 774 3190 οῦν
800 3134 883 3189 ἔτι
920 3134 1081 3205 χρεία
1109 3133 1202 3186 ἐπὶ
1235 3130 1594 3201 κενοφωνίαις
1637 3128 1734 3184 καὶ
1762 3129 1924 3199 ζητή·

2096 3126 2154 3182 4.
2210 3124 2350 3192 Quid
2404 3138 2536 3194 ergo
2566 3120 2678 3191 jam
2723 3132 2860 3189 opus
2885 3122 3005 3172 erat
3031 3109 3188 3167 vanis
3228 3104 3506 3163 vocabulis
3542 3112 3600 3158 et

344 3246 508 3286 σεσιν
547 3229 799 3291 ὲκτόποις
832 3227 1058 3289 ἑαυτοὺς
1088 3224 1458 3295 ἐπιρῤίπτειν,
1489 3221 1589 3276 καὶ⁸
1621 3220 1779 3284 δόξας
1803 3221 1928 3273 ἀνα-

346 3325 533 3378 κινεῖν
579 3318 909 3388 τερατώδεις
942 3356 958 3377 .
994 3318 1092 3370 καὶ
1121 3316 1258 3368 πολῦ
1286 3314 1349 3367 τὺ
1380 3313 1644 3384 βλαϐερὸν
1667 3308 1931 3373 νοσούσας

343 3418 451 3473 καὶ
499 3417 723 3485 μάταιον
768 3410 1078 3480 ἀνθρώποις
1125 3407 1501 3479 ὲξευρημένας
1522 3407 1635 3468 τοῖς
1662 3402 1814 3472 σφῶν
1832 3404 1931 3455 αὐ-

344 3507 466 3560 τῶν
509 3504 886 3571 δουλουμένοις
917 3500 1114 3554 πάθεσι
1159 3498 1253 3551 καὶ
1293 3497 1584 3566 θελήμασι,
1621 3493 1932 3563 κατεφθαρ-

350 3599 546 3669 μένοις
570 3600 631 3650 τὸ
662 3597 822 3667 σῶμα
857 3595 952 3648 καὶ
975 3593 1072 3663 τὴν
1093 3590 1273 3662 ψυχὴν
1293 3631 1308 3654 ,
1357 3591 1462 3642 καὶ·
1481 3586 1932 3658 διεστραμμένοις

344 3681 468 3756 τὴν
509 3685 735 3755 γνώμην
787 3685 880 3737 καὶ
930 3682 1033 3753 τὴν
1084 3681 1348 3742 διάνοιαν,
1398 3676 1494 3730 καλ⁹
1541 3674 1630 3728 διά
1680 3675 1841 3727 τοῦτο
1867 3674 1933 3725 ἐκ

344 3778 605 3839 πλείονος
638 3775 818 3838 καλῶς
861 3774 1260 3842 σεσιγημένας,
1300 3768 1396 3823 καὶ
1422 3769 1536 3828 τοῖς
1558 3765 1803 3835 δοκίμοις
1830 3763 1931 3833 τῆς

362 3868 703 3939 Ἐκκλησίας
742 3867 968 3925 ἐνδίκως
1007 3861 1449 3934 ἀπεληλαμένας,
1494 3859 1591 3913 καὶ
1616 3857 1692 3921 ὡς
1729 3872 1933 3926 κονιορ·

346 3960 452 4013 τὸν
497 3959 603 4011 ὑπὸ
646 3956 911 4017 λαίλαπος
938 3953 1140 4026 ῥᾳδίως
1182 3948 1643 4018 σκεδαννυμένας,
1670 3949 1767 4001 καὶ
1795 3945 1934 4017 λήθῃ

345 4053 475 4113 ’τοῖς
517 4051 777 4119 ἐρασταῖς
824 4046 919 4099 τοῦ
972 4044 1138 4099 καλοῦ
1174 4043 1270 4096 καὶ
1315 4042 1414 4110 τῆς
1456 4038 1718 4104 ἀληθείας
1757 4051 1934 4108 παρα-

350 4141 726 4211 πεμφθείσας,
752 4139 827 4201 ὡς
850 4136 1020 4207 λήθης
1046 4133 1215 4197 ὅντως
1239 4131 1593 4203 ὑπαρχούσας
1628 4129 1782 4195 ἀξίας
1805 4144 1822 4193 ;
1857 4126 1932 4181 Οὐ

286 4270 289 4271 ν
349 4236 443 4290 δεῖ
479 4234 656 4286 τοίνυν
712 4230 892 4296 ξέναις
941 4227 1037 4280 καὶ
1084 4224 1397 4294 ἀλλοτρίαις
1427 4224 1634 4290 φωναῖς
1680 4217 1935 4290 παρασύ-

354 4324 579 4396 ρεσθαι,
616 4322 721 4394 ,καὶ
749 4318 964 4389 ἀνδρῶν
989 4316 1202 4370 ἀσεϐῶν
1239 4312 1634 4376 διδασκαλίαις,
1668 4310 1777 4363 τῶν
1809 4308 1935 4379 χρόα

350 4434 475 4476 νοις
514 4415 730 4476 πολλοῖς
777 4412 1045 4482 πρότερον
1083 4407 1190 4461 ὑπὸ
1237 4405 1469 4460 συνόδων
1500 4403 1609 4457 τῶν
1639 4401 1936 4470 ἐκκλησια-

2029 3215 2282 3271 absurdis
2312 3209 2702 3284 questionibus
2743 3204 2916 3263 semet
2954 3201 3194 3266 tradere,
3223 3205 3600 3268 portentosas—

2028 3321 2135 3377 que
2163 3303 2446 3375 opiniones
2481 3316 2545 3357 ac
2572 3299 2731 3354 valde
2756 3297 2950 3352 noxias
2979 3296 3125 3350 ciere
3143 3331 3159 3358 ,
3186 3293 3257 3346 ab
3290 3287 3601 3344 hominibus

2027 3396 2360 3465 excogitatas
2393 3393 2652 3446 vitiorum
2684 3388 3159 3459 cupiditatumque
3193 3393 3414 3437 suarum
3446 3391 3603 3430 man—

2029 3487 2205 3556 cipiis,
2231 3485 2413 3539 animo
2442 3492 2497 3538 et
2514 3493 2746 3550 corpore
2773 3477 3068 3546 corruptis,
3097 3482 3152 3528 et
3185 3485 3405 3527 sensum
3438 3481 3598 3522 suum

2030 3577 2469 3644 intellectumque
2512 3573 2774 3627 distortos
2819 3563 3183 3624 habentibus?
3211 3560 3306 3615 Ha
3338 3559 3599 3614 nimirum

2033 3669 2235 3723 idcirco
2255 3667 2542 3735 opiniones
2563 3662 2769 3730 jamdiu
2804 3659 3024 3715 silentio
3058 3669 3290 3726 pressa,
3315 3660 3370 3707 et
3405 3665 3435 3704 a
3467 3663 3600 3719 pro-

2035 3759 2179 3813 batis
2224 3756 2484 3815 Ecclesia
2527 3751 2805 3823 magistris
2846 3749 3041 3803 merito
3074 3745 3310 3814 explosa
3353 3742 3601 3804 fuerant,

2032 3862 2197 3920 atque
2236 3859 2296 3903 ut
2332 3847 2517 3902 fenum
2571 3862 2600 3899 a
2643 3843 2861 3897 turbine
2900 3839 3064 3893 facile
3097 3838 3396 3904 dissipata,
3436 3842 3494 3888 et
3532 3834 3602 3885 ah

2034 3940 2242 3996 honesti
2283 3938 2507 4006 verique
2553 3932 2891 3988 amatoribus
2920 3926 3181 3984 oblivioni
3222 3924 3472 3984 tradita,
3500 3934 3604 3975 cett

2035 4046 2225 4100 reapse
2257 4029 2532 4085 oblivione
2574 4026 2771 4094 digna.
2809 4021 2923 4075 Non
2964 4026 3050 4075 est
3086 4031 3219 4087 ergo
3259 4012 3609 4069 committen-

2033 4122 2184 4186 dum,
2207 4128 2268 4175 ut
2291 4116 2594 4190 peregrinis
2620 4112 2920 4181 alienisque
2945 4107 3224 4165 vocabulis
3245 4105 3604 4164 abducamur,

2033 4224 2089 4271 et
2144 4213 2406 4271 doctrinis
2449 4209 2738 4279 impiorum
2770 4203 3051 4259 hominum
3103 4199 3472 4266 decipiamur,
3508 4192 3607 4263 qui

2035 4305 2233 4361 multos
2259 4305 2370 4372 jam
2401 4311 2528 4356 ante
2556 4311 2729 4353 annos
2752 4295 2822 4350 ab
2860 4290 3245 4349 ecclesiasticis
3282 4284 3505 4357 syuotlis
3547 4291 3607 4336 ut

2036 4396 2277 4453 haeretici
2309 4403 2364 4450 et
2413 4400 2576 4448 recta
2615 4388 2738 4444 lidei
2770 4387 2956 4442 hostes
2989 4378 3446 4438 excomtnunicati
3478 4383 3607 4430 sunt

355 4507 566 4563 στικῶν
606 4506 683 4569 ὡς
709 4468 1012 4574 ἀίρέτικῶν
1051 4499 1148 4553 καὶ
1175 4497 1490 4552 ἀντιπάλων
1511 4493 1615 4564 τῆς
1658 4468 1826 4564 ὀρθῆς
1849 4491 1938 4544 πί-

2040 4500 2096 4544 et
2121 4484 2560 4547 anathematibus
2603 4479 2803 4535 subditi
2837 4494 2852 4532 :
2895 4489 3076 4544 neque
3110 4471 3196 4527 his
3227 4468 3606 4530 attendamus,

356 4617 539 4661 στεως
577 4594 1016 4664 ὲκόεὗλημένων,
1067 4592 1302 4652 καὶτοῖς
1326 4588 1633 4657 ἀναθέμασι
1671 4583 1801 4655 παρ’
1847 4583 1939 4637 αὐ·-

352 4695 478 4753 -ττίς
522 4685 1038 4757 παραπεμφθέντων
1086 4679 1426 4748 ὑπάγεσθαι⁸
1474 4676 1600 4731 οὐδὲ
1644 4674 1938 4745 προσέχειν

354 4783 457 4838 τὸν
489 4781 615 4833 νοῦν
643 4780 756 4840 τοῖς
782 4773 1103 4844 στρεϐλοῦσι
1142 4773 1237 4836 τὰς
1266 4771 1416 4833 θείας
1446 4766 1672 4839 Γραφὰς
1709 4765 1848 4836 πρὸς
1879 4765 1939 4817 τὸ

357 4871 576 4927 ἑαυτῶν
614 4867 909 4934 θεοστυγὲς
951 4865 1240 4935 φρόνημα·
1297 4862 1438 4915 ἀλλά
1465 4860 1677 4931 χαίρειν
1702 4858 1941 4928 φράσαν·

355 4982 462 5028 τας
511 4964 634 5024 ταῖς
685 4958 895 5013 τούτων
925 4955 1239 5027 τερθρείαις
1282 4952 1683 5022 ἐκτρέπεσθαι·
1747 4948 1938 5020 μακρά

356 5054 475 5125 γάρ
540 5050 806 5123 ληροῦσι,
864 5048 1007 5117 σφᾶς
1048 5062 1111 5099 τε
1156 5044 1386 5107 ἑαυτοὺς
1436 5039 1937 5113 παραλογιζόμενοι

365 5144 596 5216 μᾶλλον,
651 5143 685 5212 ἢ
717 5140 810 5204 οὓς
871 5135 1190 5208 φενακίζειν
1241 5134 1481 5195 οἴονται,
1535 5132 1631 5186 καὶ
1678 5130 1778 5195 τάς
1829 5128 1941 5183 τῶν

358 5235 747 5307 προσεχόντων
779 5230 948 5293 ἀκοὰς
973 5230 1054 5292 είς
1093 5227 1273 5297 μάτην
1305 5225 1731 5286 ἀποκῡαίοντεςυ
1765 5223 1939 5286 ὅντως

356 5324 716 5392 κενολογοῦσι
759 5324 856 5377 καὶ
896 5317 1336 5385 ἀποσφάλλονται
1391 5317 1471 5378 εἰς
1520 5315 1591 5367 τὰ
1639 5314 1833 5383 καίρια
1886 5315 1938 5366 οί

357 5417 543 5472 ταῦτα
584 5406 975 5483 ἐκζητοῦντες·
1016 5408 1141 5463 οὐδὲ
1189 5406 1302 5478 γὰρ
1336 5405 1480 5476 ὑπὲρ
1516 5405 1616 5474 τῆς
1648 5403 1810 5473 δόξης
1840 5402 1937 5456 τοῦ

358 5507 504 5563 Θεοῦ
529 5503 986 5575 κατεργάζονται,
1024 5498 1179 5554 αὐτοί
1212 5514 1272 5551 τε
1306 5497 1400 5550 καὶ
1429 5497 1477 5548 οἱ
1508 5496 1715 5548 τούτων
1747 5492 1939 5557 ἐξακο-

361 5596 686 5658 λουθοῦντες
740 5597 807 5665 τῇ
841 5592 1016 5662 πλάνῃ
1037 5607 1051 5622 ·
1103 5588 1201 5660 τὴν
1232 5587 1387 5652 δόξαν
1427 5586 1485 5637 δὲ
1520 5585 1618 5654 τὴν
1646 5582 1780 5636 ἰδίαν
1811 5600 1939 5634 συν-

366 5686 608 5744 ιστάνειν
632 5683 816 5746 κακῶς
866 5681 961 5735 καὶ
1003 5679 1243 5748 ἀνοήτως
1290 5678 1344 5726 ἐν
1377 5678 1444 5745 τῇ
1470 5675 1677 5726 ἑαυτῶν
1708 5672 1935 5743 αἰσχύνῃ

2035 4581 2126 4650 qui
2154 4579 2368 4633 divinas
2403 4574 2716 4643 Seripturas
2755 4569 2820 4624 ad
2850 4581 3004 4623 suam
3042 4564 3152 4620 Deo
3178 4561 3436 4617 odibilem
3480 4574 3608 4613 sen-

2038 4670 2260 4726 tentiam
2304 4668 2356 4721 vi
2397 4665 2722 4736 pertrahunt
2754 4661 2850 4717 sed
2907 4657 3235 4728 repellamus
3278 4652 3609 4709 insulsorum

2032 4763 2230 4817 horum
2286 4756 2592 4828 prastigia;
2647 4754 2738 4809 diu
2784 4752 2932 4807 enim
2984 4756 3295 4818 nugantur,
3332 4759 3393 4800 se
3462 4742 3611 4810 ipsos

2039 4852 2212 4920 magis
2232 4848 2587 4919 decipientes,
2621 4859 2781 4915 quam
2818 4842 2941 4896 illos
2978 4840 3178 4910 quibus
3216 4836 3398 4889 fucum
3428 4831 3612 4885 facere

2044 4951 2266 5014 putant,
2304 4950 2360 4996 et
2389 4936 2805 4992 auscultantium
2848 4947 3008 4987 aures
3049 4929 3249 4983 frustra
3281 4921 3609 4978 obtundunt.

2048 5012 2158 5092 Sed
2186 5048 2375 5089 revera
2415 5030 2685 5085 vanitates
2710 5024 2967 5082 eﬂ'utiunt
2986 5060 3002 5086 ,
3037 5029 3094 5074 et
3124 5020 3177 5071 in
3205 5031 3265 5071 re
3289 5012 3613 5084 gravissima

2047 5136 2236 5183 errant
2288 5125 2384 5197 qui
2440 5124 2528 5178 his
2580 5116 2971 5190 quastionibus
3020 5110 3367 5180 implicantur
3415 5122 3430 5159 :
3477 5100 3616 5157 nihil

2042 5218 2186 5273 enim
2208 5230 2306 5287 pro
2337 5214 2505 5283 gloria
2536 5210 2633 5266 Dei
2665 5214 2851 5279 agunt,
2883 5204 2997 5258 sive
3023 5201 3144 5271 ipsi,
3172 5199 3287 5253 sive
3307 5194 3487 5251 caeteri
3520 5191 3616 5262 qui

2047 5289 2238 5367 horum
2273 5318 2514 5360 errorem
2562 5306 2883 5369 sequuntur,
2922 5295 3015 5348 sed
3040 5291 3351 5362 opinionem
3404 5294 3615 5340 tantum

2044 5399 2316 5472 propriam
2376 5394 2618 5462 improbe
2668 5388 3095 5456 iusipienterque
3145 5395 3268 5435 cum
3318 5375 3616 5447 ignominia

2046 5467 2525 5557 sua-comprobare
2551 5482 2819 5534 nituntur.
2860 5474 3107 5543 Quandiu
3153 5473 3336 5539 itaque
3368 5467 3617 5536 impietas

2049 5586 2185 5637 intra
2219 5556 2345 5633 suas
2378 5586 2572 5630 caveas
2597 5586 2654 5626 se
2691 5568 2981 5631 continuit,
3018 5565 3123 5619 alta
3153 5579 3259 5635 pax
3283 5563 3337 5616 in
3375 5556 3616 5615 Ecclesia

2048 5674 2136 5728 Dei
2175 5672 2527 5731 versabatur;
2583 5672 2638 5718 et
2659 5661 2918 5732 quidquid
2968 5659 3328 5714 orthodoxam
3385 5653 3439 5707 in
3486 5649 3619 5705 orbe
