3898 6150
389 221 501 295 543

1412 240 1474 303 s.
1511 229 1928 302 NICEPHORI
1965 230 2470 300 PATRIARCH/E
2505 237 2593 298 cr

382 360 525 415 erat,
583 350 817 407 feliciter
854 358 1295 420 constanterque-
1328 352 1607 420 perstabat
1652 368 1667 404 :
1710 352 1962 421 quodque

2076 348 2511 414 Βιαγωνίζονται·
2569 347 2674 411 ἕως
2720 347 2819 418 μιν
2866 341 2960 404 οὖν
3005 350 3040 421 ἡ
3099 349 3326 405 ἀσέϐεια
3385 347 3468 409 εἰς
3517 344 3636 408 τοὺς

386 445 439 496 in
484 444 586 497 hoc
621 458 800 497 rerum
847 452 992 498 statu
1047 440 1160 496 ﬁeri
1182 441 1344 506 solet,
1385 441 1574 511 religio
1601 450 1660 495 nt
1686 457 1781 510 par
1815 448 1955 506 erat,

385 542 434 586 et
468 548 679 587 morum
703 534 984 599 sanctitas,
1023 543 1077 587 et
1097 546 1228 601 erga
1256 547 1442 588 sacras
1465 533 1610 587 aedes
1636 547 1765 586 cura
1795 541 1959 601 atque

384 617 718 687 frequentia,
759 620 1031 688 simulque
1077 617 1273 685 cultus,
1309 620 1508 688 ubique
1546 621 1598 673 in
1643 621 1757 674 dies
1793 636 1960 689 auge-

387 711 606 763 bantur.
650 710 756 764 Sed
792 727 897 764 non
938 719 1150 780 poterat
1187 712 1301 765 haec
1337 727 1491 780 aequo
1525 711 1705 764 animo
1735 722 1960 765 cernere

388 800 566 869 abyssi
610 803 808 864 draco,
844 803 1149 856 communis
1196 802 1367 856 hostis
1410 813 1614 856 natura:
1659 812 1858 856 nostrae
1904 812 1960 856 et

386 901 721 958 oppugnatur
767 892 1041 954 diabolus,
1073 893 1168 960 qui
1202 893 1357 946 boum
1390 895 1583 961 cuique
1630 894 1705 946 rei
1739 894 1960 969 Dinvidet

384 991 549 1049 atque
592 983 931 1037 adversatur.
979 982 1190 1039 Idcirco
1228 983 1281 1036 in
1321 995 1505 1052 parata
1537 983 1638 1037 sibi
1670 998 1797 1037 vasa
1842 1000 1960 1036 ma-

388 1071 622 1141 litizeque
663 1088 864 1142 organa
904 1089 964 1128 se
1013 1074 1341 1138 insinuavit,
1391 1088 1486 1142 per
1529 1089 1649 1141 quae
1696 1074 1962 1129 subruere

387 1163 611 1217 sincerae
640 1164 998 1218 nostraylidei
1030 1179 1212 1219 arcem
1253 1164 1594 1219 machinatus
1630 1176 1717 1218 est
1753 1180 1768 1218 :
1817 1164 1960 1234 quod

382 1254 561 1321 ipsum
604 1255 731 1321 olim
774 1256 1018 1310 immisso
1047 1264 1297 1323 serpente
1326 1258 1391 1309 ad
1420 1257 1797 1324 progettitricis
1832 1271 1962 1310 nos—

388 1351 486 1396 tra:
539 1342 910 1412 deceptionem
966 1344 1330 1399 factitaverat.
1378 1344 1514 1410 Quid
1560 1360 1689 1413 ergo
1725 1344 1963 1399 accidit?

298 1474 299 1477 η
387 1430 585 1507 Malunt
619 1434 926 1505 invalescit,
956 1443 1010 1488 et
1045 1434 1340 1503 impietatis
1372 1439 1528 1489 turbo
1557 1437 1824 1490 excitatus
1858 1451 1961 1490 ex-

388 1524 594 1577 tollitur
624 1537 787 1596 atque
810 1527 1197 1595 inﬂammatur,
1236 1531 1475 1600 etimpii
1514 1533 1760 1585 homines
1789 1533 1958 1585 auda-

387 1616 528 1669 ciam
561 1628 817 1683 sumunt;
854 1621 1005 1683 mali,
1044 1623 1286 1691 inquam,
1329 1623 1587 1692 operarii,
1625 1624 1963 1692 vitantlchne

2066 438 2264 508 ἑαυτῆς
2284 436 2476 490 ἐνδῦσα
2506 434 2750 506 φωλεοὺς
2775 437 3184 509 ἀπεκέκρυπτο,
3223 438 3420 508 εἰρήνη
3455 431 3639 504 βαθεῖα

2063 532 2131 600 τῇ
2168 529 2464 602 Ἐκκλησία
2487 529 2583 584 τοῦ
2612 531 2748 585 Θεοῦ
2776 530 3195 594 ὲνεπολιτεύετο,
3230 531 3329 585 καὶ
3377 530 3492 583 πᾶν
3522 529 3639 581 ὅσον

2066 619 2346 690 ὀρθόδοξον
2399 622 2457 673 ἐν
2487 619 2724 692 εὐθυμία
2770 621 2866 675 καὶ
2905 622 3203 693 εὐσταθείᾳ
3246 620 3640 689 καθιστάμενον

2065 709 2323 763 διετέλειθ
2364 711 2459 764 mi.
2484 710 2514 763 ὃ
2549 710 2697 779 φιλεῖ
2737 711 2795 766 ἐν
2823 715 2937 775 τοῖς
2957 712 3225 775 τοιούτοις
3261 710 3519 769 ἔπεσθαι,
3556 708 3647 761 εύ-

2066 797 2279 863 λάὸεια,
2319 798 2394 861 ὡς
2421 798 2484 852 τὸ
2523 799 2803 864 είκδς,καὶ
2839 801 3108 871 σεμνότης
3138 800 3287 871 βίου,
3323 801 3420 853 καὶ
3454 802 3488 867 ὴ
3520 797 3645 867 περὶ

2066 890 2196 952 τοὺς
2261 890 2438 960 ἱεροὺς
2492 890 2679 953 οίκους
2732 890 2941 962 σπουδὴ
3002 893 3100 945 καὶ
3157 891 3514 963 προσεδρείαδ
3566 883 3644 951 ei;

2067 979 2381 1045 ἀκόλουθον,
2415 982 2510 1035 καὶ
2540 984 2574 1051 ἡ
2613 982 2744 1052 περὶ
2774 984 2837 1035 τὸ
2865 984 3020 1036 Θεῖον
3055 983 3342 1054 θεραπεία,
3380 983 3648 1035 ἑκάστοτε

2068 1072 2452 1142 προσετίθεντο
2502 1074 2883 1143 ὲπαυξόμενα·
2922 1076 3039 1128 ἀλλ’
3090 1075 3191 1128 οὐκ
3235 1073 3420 1126 ἔσθενε
3474 1071 3648 1123 ταῦτα

2068 1167 2253 1236 φέρειν
2279 1166 2420 1236 ὁρῶν
2454 1166 2485 1217 ό
2509 1166 2728 1236 δράκων
2754 1170 2783 1220 ό
2816 1166 3019 1237 βύθιος,
3049 1169 3078 1220 ὁ
3110 1167 3208 1237 τῆς
3235 1166 3451 1235 φύσεως
3492 1164 3648 1233 ἡμῶν

2068 1253 2247 1318 κοινὸς
2276 1253 2472 1324 ἐχθρὸς
2497 1255 2592 1308 καὶ
2618 1254 2875 1326 πολέμιος
2902 1255 3165 1319 διάϐολος,
3197 1257 3226 1307 ό
3254 1255 3523 1324 βάσκανος
3540 1251 3649 1301 τῶν

2069 1344 2252 1398 καλῶν
2310 1346 2402 1398 καλ.
2459 1345 2766 1409 ἀντίθετος’
2822 1346 2911 1399 διά
2964 1347 3125 1399 τοῦτο
3165 1349 3246 1409 είς
3296 1345 3467 1413 σκεύη
3498 1343 3650 1408 αὐτῷ

2070 1439 2448 1508 ήτοιμασμένα
2498 1439 2594 1490 καὶ
2638 1436 2718 1500 είς
2749 1439 2950 1502 κακίας
2978 1439 3186 1509 ὄργανα
3226 1438 3651 1509 χρηματίσαντα

2070 1527 2438 1598 παραδύεται,
2474 1526 2540 1580 δι’
2586 1521 2663 1581 ὧν
2710 1528 3003 1598 ἐκπορθεῖν
3051 1529 3511 1599 ἐπιμεμηχάνηται
3550 1526 3650 1593 τῆς

2071 1618 2363 1687 ἁκιϐδήλου
2398 1616 2556 1686 ἡμῶν
2596 1617 2835 1680 πίστεως
2887 1620 2987 1688 τὴν
3032 1618 3366 1688 ἀκρόπολιν·
3416 1618 3554 1685 ὅπερ
3583 1615 3651 1684 δὴ

3542 226 3731 293 M4.

389 1715 554 1760 sectae
594 1709 852 1772 asseclae,
901 1719 1159 1781 tauquam
1211 1729 1275 1768 ex
1321 1714 1497 1783 adytis
1538 1714 1720 1769 nescio
1767 1714 1961 1781 quibus

2076 1711 2162 1763 Ital.
2203 1710 2371 1762 πάλαι
2399 1709 2489 1762 διὰ
2533 1707 2633 1761 τοῦ
2679 1710 2891 1777 ὄφεως,
2931 1709 3069 1779 πρὸς
3100 1710 3201 1779 τὴν
3235 1708 3518 1776 ὲξαπάτην
3548 1707 3652 1775 τῆς

388 1796 785 1855 incredulitatis
821 1816 1180 1873 emergentes,
1219 1805 1416 1859 nudata
1449 1815 1508 1858 ut
1542 1806 1741 1860 dicitur
1778 1805 1957 1859 fronte

2076 1801 2414 1870 προμήτορος
2453 1798 2816 1868 ὲτεχνάσατο·
2849 1798 2902 1852 τί
2927 1796 3050 1865 οὗνς
3090 1800 3324 1852 ἀναπνεῖ
3354 1798 3417 1852 τδ
3452 1797 3649 1858 κακὸν,

388 1889 648 1945 adversus
676 1893 927 1959 dogmata
952 1904 1136 1950 nostra
1163 1896 1215 1950 in
1244 1897 1368 1951 acie
1390 1904 1693 1963 steterunt;
1718 1905 1774 1951 et
1799 1911 1961 1965 quam

2076 1891 2302 1960 καὶτῆς
2358 1889 2681 1962 ἀσεϐείαςή
2729 1891 2931 1961 λαῖλαψ
2963 1892 3326 1960 ὲπαιγίζουσα
3374 1892 3456 1953 είς
3508 1889 3653 1959 μέγα

384 1977 587 2047 jamdiu
612 1982 664 2035 iu
696 1985 811 2039 suis
837 1985 1034 2039 animis
1053 1987 1329 2041 conditam
1357 1988 1650 2056 impietatis
1670 1987 1964 2043 scintillam

2076 1983 2286 2051 αἴρεται
2314 1984 2411 2036 καὶ
2459 1983 2792 2047 ἀνάπτεται,
2831 1986 2927 2037 καὶ
2979 1987 3029 2037 oi
3064 1985 3293 2055 πονηροὶ
3334 1982 3652 2055 παρρησιά-

389 2072 808 2138 continuerant,
874 2075 1072 2131 idoneo
1127 2086 1289 2145 capto
1338 2088 1618 2151 tempore,
1676 2092 1775 2131 ceu
1829 2077 1966 2131 solet

2076 2074 2293 2138 ζονταιο
2347 2074 2398 2126 οἱ
2445 2075 2612 2127 κακοὶ
2661 2076 2927 2145 ἐργάται,
2972 2076 3020 2129 οἳ
3052 2076 3152 2145 τῆς
3187 2074 3508 2144 κατατομῆς
3549 2073 3653 2141 τῆς

390 2158 530 2228 ignis
565 2163 616 2215 in
647 2165 854 2218 aridam
886 2168 1169 2222 materiem
1202 2170 1479 2233 incidens,
1518 2183 1661 2223 nunc
1694 2170 1745 2222 in
1778 2168 1966 2237 ingen-

2076 2164 2383 2233 φευκτέας,
2438 2164 2627 2236 ὥσπερ
2680 2166 2741 2231 ἐξ
2795 2166 3007 2220 ἀδύτων
3044 2166 3208 2219 τινῶν
3250 2166 3351 2235 τῆς
3394 2164 3652 2224 ἀπιστίας

392 2256 500 2302 tem
528 2251 800 2307 ﬂammam
832 2255 1183 2313 incendentes
1211 2260 1537 2314 extulerunt.

2076 2253 2585 2325 προανακύψαντες,
2632 2256 2660 2309 ὃ
2699 2257 2767 2333 δὴ
2804 2256 3045 2323 λέγεται,
3101 2261 3283 2327 γυμνῇ
3325 2258 3390 2325 τῇ
3433 2252 3649 2322 κεφαλῇ

391 2341 533 2394 κατά
559 2343 671 2395 τῶν
699 2344 862 2415 ιερῶν
893 2349 925 2416 ἠ
937 2348 1053 2416 μῶν
1084 2349 1373 2418 δογμάτων
1405 2349 1645 2421 χωροῦσι
1668 2346 2181 2420 ’παραταττόμενον
2211 2346 2307 2399 καὶ
2365 2346 2503 2416 ὅπερ
2552 2347 2720 2400 πάλαι
2757 2350 2815 2399 ὲν
2846 2349 2968 2409 ταῖς
3030 2347 3242 2399 ἑαυτῶν
3308 2345 3513 2415 ψυχαῖς
3539 2345 3640 2411 τῆς

391 2431 648 2495 ἀσεϐείας
683 2431 829 2505 εἶχον
910 2438 1233 2506 ὲμφωλεῦον
1277 2441 1648 2510 ὲμπύρευμα,
1720 2437 1917 2509 καιροῦ
1982 2436 2308 2505 λαϐόμενοι,
2362 2436 2616 2506 καθάπερ
2667 2436 2781 2513 πῦρ
2830 2437 3288 2506 εὐκαταπρήστου
3341 2435 3476 2506 ὕλης
3531 2437 3652 2488 ἐπι-

381 2527 751 2598 δραξάμενον,
799 2530 894 2583 νῦν
936 2534 1021 2595 εἰς
1068 2534 1244 2603 φλόγα
1294 2536 1538 2605 μεγάλην
1589 2535 1960 2594 ἐκκαύσαντες
1999 2532 2385 2603 ἀνεῤῥίπισαν.

465 2618 519 2673 5.
567 2619 697 2685 Quis
742 2637 870 2676 vero
900 2622 1015 2692 jam
1057 2627 1218 2694 digne
1265 2628 1348 2683 vel
1402 2628 1526 2682 l'ldci
1582 2639 1962 2697 corruptorum

2140 2631 2202 2679 s'.
2248 2624 2408 2676 Ἀλλά
2438 2625 2522 2686 τίς
2543 2622 2609 2676 ἂν
2631 2623 2881 2676 ἐντεῦθεν
2908 2624 3093 2699 ἀξίως,
3117 2623 3150 2692 ἢ
3178 2623 3287 2676 τῶν
3308 2624 3650 2677 ἀθετούντων

392 2709 691 2776 spiritalem
720 2713 1014 2779 perniciem
1047 2715 1310 2783 deploret,
1339 2716 1424 2772 vel
1455 2732 1553 2787 pro
1589 2718 1818 2771 veritate
1843 2731 1968 2785 per-

2076 2715 2167 2783 τὴν
2208 2712 2392 2764 πίστιν
2428 2711 2520 2764 τὸν
2548 2710 2778 2781 ψυχικὸν
2812 2709 3035 2782 ὄλεθρον
3063 2712 3403 2782 ἁποδύραιτο
3423 2752 3436 2773 ,
3469 2713 3509 2782 ἢ
3536 2712 3648 2765 τῶν

392 2799 727 2855 sccntiuuem
787 2804 1106 2871 patientium
1163 2807 1504 2863 calamitates
1568 2810 1703 2863 satis
1766 2808 1968 2877 tragice

2076 2801 2210 2873 ὑπὲρ
2259 2802 2355 2873 τῆς
2396 2791 2655 2872 ἀληθείας
2706 2801 3076 2872 διωκομένων,
3108 2804 3207 2866 τὰς
3239 2805 3527 2875 συμφορὰς
3560 2806 3652 2858 ὲκ-

388 2890 664 2954 esponat?
706 2890 874 2946 Porro
905 2909 1081 2963 opera:
1123 2897 1357 2964 pretium
1390 2905 1495 2964 est,
1535 2907 1595 2953 ut
1633 2912 1734 2968 ego
1761 2899 1966 2966 judico,

2076 2894 2507 2964 τραγῳδὴσειεν;
2551 2893 2737 2958 ’Ἄξιον
2788 2893 2876 2959 δὲ,
2929 2897 3005 2958 ὡς
3043 2896 3222 2962 ἔγωγε
3283 2892 3468 2966 οἶμαι,
3515 2898 3652 2966 μηδὲ

395 2995 462 3033 ne
489 2980 539 3032 id
570 2981 787 3049 quidem
825 2983 1042 3038 silentio
1076 2988 1468 3050 transmittere,
1505 2998 1562 3041 ut
1587 2989 1765 3042 cuncti
1811 2988 1965 3057 153

2076 2984 2228 3036 τοῦτο
2262 2986 2440 3053 σιωπῇ
2477 2984 2868 3053 παρατρέχειν,
2918 2985 2994 3047 ὡς
3048 2985 3237 3037 εἰδεῖεν
3291 2985 3533 3049 ἅπαντες
3585 2987 3644 3052 ἑξ

396 3079 695 3134 agnoscant
745 3071 890 3137 quali
922 3073 989 3125 de
1038 3074 1217 3128 radice
1253 3076 1390 3131 tales
1429 3078 1535 3130 orti
1588 3078 1698 3131 sint
1739 3079 1966 3133 surculi.

395 3155 484 3209 Isti
513 3157 681 3224 enim,
710 3159 777 3212 de
806 3161 1003 3228 quibus
1026 3163 1317 3232 loquimur,
1353 3177 1619 3236 quotquot
1642 3183 1835 3237 nempe
1860 3170 1967 3222 vita

399 3250 540 3316 turpi
578 3249 896 3320 abiectaque
930 3263 1082 3319 sunt,
1119 3254 1306 3309 lascivi
1339 3267 1392 3311 et
1437 3270 1694 3326 corrupto
1742 3261 1925 3312 animo
1950 3299 1964 3323 ,

397 3349 742 3410 mentemque
791 3359 1097 3411 perversam
1159 3358 1322 3415 atque
1371 3349 1441 3401 ad
1492 3350 1687 3403 malum
1743 3365 1966 3418 pronam

394 3443 681 3500 gerentes,
744 3436 796 3489 bi
840 3437 1059 3506 inquam
1121 3439 1380 3492 hactenus
1434 3440 1664 3506 multos,
1718 3440 1864 3509 quod
1917 3441 1969 3494 in

392 3521 518 3577 aliis
564 3538 707 3593 stupe
737 3528 966 3596 negotiis
1004 3530 1232 3592 accidit,
1274 3529 1541 3584 latuerant
1586 3550 1599 3584 :
1642 3530 1794 3587 fraus
1826 3534 1970 3587 enim

392 3614 750 3685 occultusque
793 3617 949 3673 dolus
980 3635 1175 3689 pravos
1217 3619 1395 3675 adhuc
1423 3621 1638 3676 illorum
1679 3636 1859 3677 mores
1892 3632 1969 3678 te-

390 3703 592 3772 gebant
625 3722 639 3757 :
677 3707 964 3762 nonnullos
995 3718 1197 3773 tamen,
1231 3710 1326 3778 qui
1359 3710 1516 3781 longa
1554 3713 1969 3767 conversatione

394 3804 547 3861 gesta
598 3811 787 3851 eorum
822 3812 1126 3869 noverant,
1172 3818 1260 3857 res
1304 3802 1422 3857 hate
1466 3802 1688 3858 ntinime
1733 3803 1970 3875 fugerat.

392 3885 677 3943 Mittamus
726 3890 826 3945 alia
871 3906 1300 3949 commemorare
1380 3908 1503 3964 quae
1557 3895 1625 3949 ab
1675 3897 1973 3952 scientibus

392 3985 454 4031 et
490 3982 838 4037 narrantibus
895 3986 1085 4041 audire
1143 3986 1301 4051 licet;
1355 3997 1522 4057 atque
1566 3989 1731 4052 unde,
1785 4000 1841 4045 et
1899 4005 1965 4044 ex

396 4070 722 4138 quibusnam
772 4077 954 4142 pravis
999 4078 1267 4147 saevisque
1305 4081 1563 4147 cperihus
1606 4081 1659 4135 in
1709 4084 1973 4138 monasti-

395 4176 520 4215 cum
565 4163 808 4218 habitum
856 4177 1030 4220 semet
1064 4169 1600 4236 transfiguraverint,
1656 4187 1778 4224 cum
1814 4183 1972 4227 antea

400 4256 522 4310 laici
559 4254 821 4321 fuissent,
856 4266 916 4311 ut
952 4259 1020 4313 ad
1054 4260 1421 4314 sacerdotium
1468 4272 1524 4315 et
1568 4261 1971 4319 ecclesiasticos

2074 3075 2194 3138 οἵας
2221 3073 2408 3143 ῥίζης,
2437 3069 2525 3127 οἷα
2555 3075 2720 3142 ἐξέφυ
2754 3074 3144 3146 βλαστήματα·
3176 3070 3321 3130 οὗτοι
3355 3077 3491 3147 γάρ,
3522 3078 3652 3147 περὶ

2074 3158 2149 3218 ὧν
2198 3166 2226 3216 ὁ
2265 3164 2453 3231 λόγος,
2486 3166 2662 3241 ὁποῖοι
2703 3169 2804 3234 μὲν
2841 3166 2934 3219 τὸν
2966 3166 3080 3236 βίον
3112 3168 3329 3236 αἰσχροὶ
3356 3170 3450 3220 καὶ
3482 3170 3658 3221 κατά-

2079 3270 2334 3314 πτυστοι,
2383 3253 2653 3323 ἐμπαθεῖς
2682 3271 2743 3307 τε
2768 3256 2862 3308 καὶ
2893 3254 3277 3324 διεφθαρμένοι
3310 3254 3412 3325 τὴν
3443 3255 3647 3325 ψυχὴν,

2076 3343 2289 3396 καὶτὸν
2339 3342 2463 3396 νοῦν
2495 3345 2876 3415 ὲνδιάστροφον
2905 3345 3122 3414 ἔχοντες
3154 3352 3249 3399 καὶ
3275 3347 3417 3416 πρὸς
3440 3348 3644 3400 κακίαν

2076 3434 2577 3504 εὐπαρακόμιστον,
2606 3436 2854 3499 πλείονας
2891 3437 2990 3507 μὲν
3015 3439 3143 3507 ἄχρι
3170 3438 3263 3490 τοῦ
3292 3437 3475 3508 δεῦρο,
3509 3438 3647 3508 ὅπερ

2078 3526 2137 3578 ἐν
2168 3527 2383 3589 πολλοῖς
2410 3526 2672 3590 πολλάκις
2714 3528 3017 3599 συμϐαῖνον
3062 3529 3245 3598 εὑρεῖν
3293 3528 3464 3589 ἐστιν,
3497 3529 3654 3581 ἑλάν-

2078 3614 2240 3670 θανον
2260 3630 2273 3644 ·
2311 3617 2374 3670 τὸ
2400 3620 2508 3689 γὰρ
2552 3618 2769 3688 δολερὸν
2796 3636 2857 3672 τε
2884 3620 2979 3672 καὶ
3007 3617 3247 3671 ὓπουλον
3280 3613 3648 3684 κατεσκίαζεν

2077 3708 2258 3762 αὐτῶν
2300 3708 2382 3763 ἔτι
2412 3711 2510 3779 τὴν
2550 3710 2879 3781 κακοήθειαν
2902 3726 2916 3740 ·
2961 3711 3070 3762 είσὶ
3093 3711 3151 3763 δὲ
3177 3709 3273 3773 οὓς
3315 3712 3413 3763 καὶ
3439 3712 3506 3764 ἐκ
3540 3728 3646 3780 μα-

2079 3798 2218 3866 κρᾶς
2260 3797 2359 3866 τῆς
2408 3797 2626 3866 aptata;
2658 3800 2738 3861 είς
2782 3801 2977 3869 πεῖραν
3009 3798 3118 3852 τῶν
3165 3799 3647 3868 πεπολιτευμένων

2079 3886 2265 3947 αὐτοῖς
2307 3885 2670 3954 ἀφιγμένους,
2700 3887 2905 3956 ἥκιστα
2934 3887 3108 3941 ταῦτα
3145 3887 3406 3957 διέφυγεν
3426 3904 3439 3917 ·
3472 3888 3653 3958 ἐῶμεν

2079 3975 2247 4029 τᾶλλα
2293 3976 2506 4044 λέγειν,
2557 3977 2593 4031 ὃ.
2640 3978 2738 4030 καὶ
2783 3977 3002 4032 εἰδότων
3049 3979 3146 4032 καὶ
3188 3980 3458 4047 λεγόντων
3509 3980 3653 4032 ἐστιν

2079 4067 2303 4120 ἀκούειν
2358 4065 2482 4121 ὅθεν
2545 4066 2606 4120 τε
2665 4069 2759 4121 καὶ
2818 4068 2879 4133 ἐξ
2939 4070 3068 4123 οἴων
3155 4070 3378 4139 φαύλων
3451 4087 3513 4123 τε
3565 4071 3656 4124 καὶ

2084 4158 2289 4211 σκαιῶν
2320 4159 2518 4231 ἔργων,
2563 4161 2656 4213 ἐπὶ
2681 4161 2742 4214 τὸ
2787 4162 2974 4231 σχῆμα
3001 4163 3061 4235 τὸ
3097 4162 3410 4233 μοναχικὸν,
3447 4164 3507 4216 ὲν
3536 4164 3655 4217 λαῖι

2083 4253 2201 4314 κοῖς
2230 4251 2291 4303 τὸ
2319 4252 2446 4322 πρὶν
2476 4251 2781 4316 τελοῦντες,
2819 4252 3138 4323 μετέθεντο·
3170 4254 3320 4317 ὅπως
3349 4271 3410 4306 τε
3444 4256 3527 4318 είς
3555 4254 3654 4324 τήν

314 4350 317 4353 ’
397 4348 621 4403 ordines
678 4349 910 4403 latenter
962 4350 1289 4427 irreperent.
1341 4349 1577 4408 Necesse
1616 4353 1781 4423 igitur
1823 4364 1968 4422 erat,

2087 4338 2389 4412 ἱερωσύνην
2432 4340 2527 4392 καὶ
2568 4340 2695 4402 τοὺς
2736 4340 3226 4411 ἐκκλησιαστικοὺς
3284 4342 3653 4412 καταλόγους,

401 4437 494 4506 qui
558 4438 803 4492 moribus
868 4439 1169 4495 inhonestis
1228 4443 1578 4513 vitandisque
1636 4455 1826 4511 erant,
1884 4461 1968 4502 eos

2082 4433 2438 4495 λανθάνοντες
2467 4432 2904 4504 εἰσεφθάρησαν·
2932 4433 3038 4486 ἔδει
3064 4434 3247 4488 τοίνυν
3275 4436 3386 4504 ἄρα
3412 4436 3504 4489 τὸν
3534 4438 3657 4505 τρό-

399 4536 797 4582 cousentaneas
845 4544 1060 4599 quoque
1104 4531 1249 4585 circa
1298 4531 1458 4588 ﬁdem
1513 4537 1812 4591 sententias
1876 4538 1976 4591 ha-

397 4620 532 4673 bere
549 4617 697 4687 (16-1
709 4619 786 4688 7).
815 4620 963 4676 Solet
985 4622 1131 4676 enim
1157 4623 1338 4692 lingua
1363 4639 1483 4678 cum
1509 4626 1720 4681 actibus
1741 4641 1978 4682 consen-

398 4711 533 4776 tire,
567 4720 626 4764 ut
656 4710 972 4767 alterutrum
1005 4728 1070 4768 ex
1107 4715 1278 4769 altero
1305 4716 1610 4771 denotetur.
1657 4717 1880 4788 Insuper
1916 4728 1971 4773 et

400 4816 554 4855 vana
602 4801 790 4872 gloriae
819 4806 997 4874 cupidi
1029 4818 1207 4873 erant,
1235 4823 1464 4878 eamque
1496 4810 1664 4865 multo
1684 4821 1810 4865 ante
1840 4804 1973 4865 aﬂ'e'o

395 4891 642 4946 ctabant.
676 4892 839 4949 Certe
873 4895 1086 4951 illorum
1117 4898 1344 4952 consilia
1392 4899 1663 4954 nonnullis
1693 4899 1979 4956 manifeste

395 4982 676 5051 explorata
711 4983 966 5053 fuerunt;
1006 4989 1131 5057 quia
1162 4998 1218 5043 et
1247 4990 1388 5044 hanc
1414 5006 1600 5047 vocem
1632 4991 1848 5048 misisse
1882 5005 1977 5047 eos

396 5084 734 5143 compertum
775 5086 895 5142 est,
931 5079 1072 5147 quod
1109 5079 1271 5132 etiam
1303 5079 1541 5133 animam
1595 5080 1831 5135 vendere
1874 5094 1975 5151 pa-

398 5167 501 5221 rati
546 5178 750 5235 essent,
809 5166 1101 5225 dummodo
1158 5172 1382 5227 licenter
1443 5173 1858 5228 comessabundi
1890 5173 1974 5227 ‘in

473 5348 586 5419 (l7)
619 5350 950 5421 Porphyrius
973 5351 1090 5419 ipse
1118 5352 1375 5406 etlmicus
1397 5351 1557 5421 hujus
1583 5351 1660 5407 rei
1692 5352 1976 5407 veritatem

405 5423 655 5490 agnoscit
699 5422 752 5473 in
807 5435 905 5475 suo
958 5423 1024 5473 ad
1073 5436 1297 5476 uxorem
1354 5422 1660 5476 Marcellam
1716 5422 1979 5490 praclaro

407 5488 775 5561 gravibusque
841 5491 1131 5561 sententiis
1181 5491 1515 5561 redundante
1562 5488 1843 5561 opusculo.
1891 5490 1981 5545 Sic

407 5558 727 5630 CnimAapnd
764 5574 861 5611 nos
892 5558 1006 5611 ΑΛ.
1037 5560 1209 5630 class.
1246 5568 1284 5613 l.
1333 5559 1422 5620 IV,
1462 5578 1511 5629 p.
1548 5558 1672 5617 369.
1710 5562 1791 5612 Τά
1822 5560 1979 5630 ἔργα,

392 5627 519 5710 ⁴τιῖυν
550 5625 834 5694 δογμάτων
881 5630 1113 5681 ἑκάστου
1148 5629 1333 5699 φέρειν
1370 5625 1578 5699 πέφυκε
1626 5632 1724 5694 τὰς
1766 5625 1984 5683 ἀποδεί-

2083 4542 2184 4579 πον
2215 4525 2455 4594 ἄσεμνον
2509 4525 2604 4577 καὶ
2648 4526 2884 4592 φευκτὸν
2933 4526 3184 4595 σχόντας,
3234 4527 3537 4594 ἀναλόγους
3567 4527 3657 4579 καὶ

2068 4618 2181 4680 ,τὰς
2215 4619 2343 4686 περὶ
2377 4615 2616 4679 πίστεως
2655 4617 2953 4687 κεκτῆσθαι
2987 4617 3320 4687 ὑπολήψειςο
3362 4619 3523 4671 εἴωθε
3552 4619 3657 4686 γάρ

2082 4725 2200 4771 πως
2250 4707 2545 4761 ἀκόλουθον
2588 4702 2727 4761 εἶναι
2776 4707 2870 4762 τὸν
2913 4709 3072 4776 λόγον
3102 4710 3222 4770 ταῖς
3253 4708 3541 4779 πράξεσιν,
3576 4709 3657 4761 ῖνα

2081 4800 2148 4857 δι’
2179 4799 2448 4869 ἑκατέρου
2478 4799 2957 4869 χαρακτηρίζηται
2987 4800 3217 4870 θάτερον
3236 4817 3251 4831 ·
3286 4802 3569 4870 ἑπομένως
3604 4800 3657 4853 δὲ

2080 4891 2314 4954 τούτοις,
2341 4890 2439 4944 καὶ
2464 4888 2625 4960 δόξης
2664 4891 2825 4959 κενῆς
2863 4891 2996 4962 ὲρᾷν
3014 4907 3030 4922 ο
3063 4890 3222 4944 τοῦτο
3250 4890 3360 4961 γὰρ
3386 4886 3457 4962 ἦν
3480 4892 3658 4952 αὐτοῖς

2081 4985 2148 5036 ἐκ
2182 4982 2429 5044 πλείονος
2461 4980 2930 5061 σπουδαζόμενον
2972 4982 3068 5035 καὶ
3098 4982 3210 5052 γὰρ
3239 4981 3535 5051 εὐφώρατα
3568 4980 3691 5061 καὶ.

2085 5075 2289 5144 ἔκδηλά
2332 5090 2444 5129 τισι
2485 5075 2557 5126 τά
2605 5073 2706 5143 τῆς
2760 5057 2986 5143 γνώμης
3015 5072 3195 5126 αὐτῶν
3242 5073 3498 5141 γέγονεν’
3531 5073 3588 5123 ἐν
3617 5062 3658 5138 ᾧ

2088 5166 2347 5237 τοιαύτην
2377 5163 2633 5234 ἀφιέντες
2677 5164 2860 5232 φωνὴν
2894 5162 3158 5229 ἑάλωσαν,
3214 5162 3292 5225 ὡς
3346 5164 3511 5233 εἰπερ
3554 5160 3657 5214 δέοι

2089 5351 2201 5418 ξεις
2228 5367 2243 5381 ο
2300 5359 2492 5402 natura
2540 5354 2902 5418 comparatum
2945 5354 3059 5418 est,
3096 5352 3155 5398 ut
3203 5345 3460 5414 cuiusque
3508 5359 3656 5418 opera

2089 5412 2559 5474 demonstrationes
2603 5412 2936 5484 propriorum
2986 5414 3290 5484 dogmatum
3341 5412 3469 5469 sint.
3517 5412 3653 5467 Vana

2095 5493 2256 5560 igitur
2298 5490 2539 5560 iactant,
2573 5500 2743 5560 seque
2772 5485 2914 5560 ipsos
2963 5484 3192 5550 fallunt,
3226 5500 3316 5552 qut
3351 5488 3468 5560 sine
3497 5485 3656 5539 certis

2093 5554 2363 5627 rI-ctisque
2400 5554 2739 5624 dogmatibus
2774 5555 2996 5609 honeste
3048 5568 3106 5609 se
3154 5569 3313 5622 posse
3354 5554 3538 5609 vivere
3568 5568 3656 5621 pn-

2094 5641 2211 5684 tattt
2238 5639 2331 5683 aut
2359 5628 2625 5684 dictitant.
