3918 6144
205 347 301 415 545

1047 352 1617 414 APOLOGETICUS
1654 351 1804 413 PRO
1841 351 2112 412 SACRIS
2143 353 2624 418 IMAGINIBUS.
3350 372 3452 434 5:3

212 472 295 525 καὶ
331 463 437 534 τὴν
481 463 656 534 ψυχὴν
708 464 880 534 αὐτὴν
924 463 1343 534 ἀπεμπολῆσαι,
1397 463 1751 536 παρρησιαζο

1882 465 2089 533 regium
2132 464 2390 534 palatium
2444 470 2723 537 venirent,
2778 471 2889 527 illic
2929 474 3138 532 scilicet
3183 484 3450 550 crapulari

218 558 401 628 μένους
456 554 742 625 κωμάζειν
788 557 870 617 είς
920 554 989 608 τὰ
1047 554 1330 624 βασίλεια,
1387 557 1480 609 καὶ
1538 557 1655 627 ἆμα
1711 556 1775 609 τὸ

217 643 588 716 γαστρίζεσθαι
617 645 805 708 αὐτοῖς
824 646 1049 705 ,ἐκεῖθεν
1076 645 1374 716 ἠλπικότες
1408 649 1772 718 περιγενήσε-

217 737 350 796 σθαι,
368 734 597 805 ἐπείπερ
626 732 800 795 οὕτως
823 731 971 804 εἶχον
1001 735 1246 805 σκὲψεῶς
1272 753 1333 789 τε
1350 737 1442 789 καὶ
1461 737 1689 808 γνώμης
1709 737 1775 790 ἐκ

214 827 468 889 πλείονος*
496 824 761 896 ἀνδράρια
773 825 882 897 γὰρ
910 827 1239 898 κρεατραφῆ
1254 829 1349 881 καὶ
1366 827 1769 896 ἀκρατέστατα,

215 912 607 988 γαστριζόμενά
640 917 734 969 καὶ
757 919 882 980 ταῖς
913 917 1301 988 Συϐαριτικαϊς
1331 918 1632 991 τραπέζαις
1659 920 1772 971 εἰσ-

211 1007 342 1075 άγαν
379 1005 833 1076 προσηρτημένα,
865 1005 1030 1075 θῆτες
1061 1006 1253 1077 ὥσπερ
1285 1007 1430 1069 τινὲς
1464 1007 1560 1061 καὶ
1593 1008 1771 1076 παρά..

209 1114 339 1155 σιτοι
372 1095 768 1167 μισθοφοροῦσι
809 1099 877 1168 τῇ
910 1097 1121 1168 κοιλίᾳο
1155 1092 1269 1151 Ὧν
1311 1100 1345 1151 ὁ
1384 1099 1531 1163 Θεὸς
1578 1099 1616 1166 ἡ
1645 1115 1767 1152 κοι-

203 1190 333 1254 λία,
375 1187 474 1241 καὶ
503 1189 542 1256 ἠ
588 1187 742 1251 δόξα
769 1188 843 1243 ἐν
878 1187 956 1257 τῇ
991 1188 1282 1256 αἰσχύνῃ.
1318 1190 1380 1242 Οί
1419 1188 1769 1243 κοιλιόδουλοι

203 1281 291 1336 καὶ
321 1281 439 1342 ταῖς
471 1280 765 1350 σαρκικαῖς
791 1278 1003 1349 ἡδοναῖς
1037 1278 1598 1348 αίχμαλωτιζόμενοι,
1636 1296 1768 1349 σαρ-

200 1369 367 1426 κικῶν
400 1368 514 1421 τῶν
547 1367 873 1438 θελημάτων
899 1372 1230 1437 τυγχάνουσι
1250 1385 1263 1399 ·
1301 1369 1394 1451 καί
1423 1369 1532 1439 γὰρ
1567 1373 1677 1432 τοῖς
1704 1373 1767 1423 ἐκ

197 1458 284 1512 τοῦ
312 1456 576 1528 δημοσίου
594 1458 922 1530 σιτηρεσίοις
941 1458 1235 1523 σιτοῦνται,
1260 1459 1508 1530 λιπαρῶς
1531 1461 1769 1530 εὐωχού-

199 1565 384 1620 μενοιο
430 1548 528 1603 καὶ
584 1548 663 1619 τῷ
715 1549 925 1603 ὅντιτά
976 1551 1077 1620 τῆς
1133 1549 1338 1620 σαρκὸς
1399 1549 1760 1623 φρονοῦντες,

195 1640 288 1693 καὶ
326 1639 472 1693 κατά
517 1639 699 1709 σάρκα
722 1637 960 1707 ζῶντες,
997 1641 1088 1693 καὶ
1127 1643 1194 1711 τῇ
1235 1641 1500 1716 δεσποίνῃ
1530 1643 1757 1713 γαστρὶ,

1875 563 2192 623 sperantes,
2248 559 2393 627 quod
2448 558 2687 629 ipsorqu
2736 561 2943 629 jamdiu
2993 578 3170 620 votum
3231 583 3350 625 erat
3399 584 3452 627 et

1874 645 2075 698 mentis
2108 645 2361 700 molimen
2399 665 2412 701 :
2442 650 2711 704 carnivori
2751 651 3061 707 homunculi
3097 667 3150 710 et
3183 657 3447 728 intempe-

1874 733 2211 799 rantissimi,
2255 736 2429 789 ventri
2488 747 2545 791 et
2597 740 2911 810 sybariticis
2967 745 3170 801 mensis
3229 762 3451 817 prorsus

1873 819 2065 887 dediti,
2097 823 2473 878 conviviorum
2522 828 2727 880 umbra:
2760 839 2817 882 et
2854 834 3101 897 parasiti,
3140 835 3446 889 mercedem

1871 913 2046 966 ventri
2106 924 2409 983 quzereutes
2467 934 2480 970 :
2537 915 2777 982 Quorum
2837 920 2975 975 Deus
3017 935 3193 978 venter
3234 935 3346 991 est,
3398 936 3449 980 et

1869 1000 2040 1069 gloria
2072 1003 2127 1056 in
2156 1005 2446 1070 ignominia
2465 1007 2534 1061 ”.
2570 1006 2785 1064 Ventris
2817 1013 2899 1064 sui
2940 1013 3196 1069 nimirum
3230 1016 3443 1085 famuli,

1870 1101 1925 1143 et
1960 1093 2256 1146 carnalium
2287 1096 2619 1165 voluptatum
2658 1101 2951 1169 mancipia,
2990 1105 3243 1160 carnales
3273 1123 3443 1175 appe-

1871 1180 2000 1235 titus
2052 1193 2371 1251 sequuntur.
2428 1185 2567 1242 Ecce
2615 1191 2759 1242 enim
2812 1192 2863 1245 hi
2925 1195 3135 1260 publica
3198 1196 3442 1266 impensa

1869 1272 2004 1327 cibis
2035 1275 2252 1328 aluntur
2280 1276 2527 1344 lauteqtte
2563 1281 2922 1336 convivantur
2953 1303 2965 1338 :
3006 1296 3059 1339 et
3091 1302 3215 1343 vere
3246 1305 3440 1342 carna~

1868 1362 1937 1416 lia
1965 1363 2256 1431 sapientes,
2288 1375 2340 1419 et
2360 1371 2654 1423 secundum
2678 1386 2904 1428 carnem
2935 1376 3199 1440 viventes,
3225 1380 3442 1435 domino

1866 1454 2041 1507 ventri
2085 1465 2338 1523 tanquam
2374 1459 2530 1513 alteri
2571 1458 2735 1526 Baal,
2766 1478 2905 1532 genu
2946 1466 3255 1537 submisso,
3282 1471 3443 1524 obse-

1864 1544 2048 1611 quium
2088 1546 2379 1615 exhibent;
2418 1559 2579 1618 atque
2613 1552 2738 1606 hinc
2773 1554 3056 1610 lucrentur
3106 1558 3354 1614 infelices
3384 1562 3439 1616 hi

1863 1636 2074 1702 peccati
2112 1638 2356 1705 opsouia,
2395 1641 2525 1695 etin
2559 1652 2760 1696 tantam
2798 1646 3164 1704 calamitatem
3198 1653 3438 1720 veniunt,

196 1730 379 1802 ὥσπερ
444 1730 585 1804 ἄλλῃ
638 1730 817 1796 Βάαλ,
892 1732 1026 1800 γόνυ
1076 1732 1399 1803 κάμψαντες
1473 1735 1758 1788 ὑποκατα-

1867 1734 1924 1779 ιιι
1961 1728 2321 1796 cupiditatum
2362 1747 2585 1787 suarum
2625 1734 2942 1791 alimentum
2992 1740 3271 1796 inveniant
3310 1743 3437 1798 ﬂdei

195 1822 465 1876 κλίνονται
511 1821 843 1876 ’κάντεῦθεν
891 1824 1304 1894 ἐκκαρποῦνται
1356 1824 1455 1893 τῆς
1482 1827 1761 1896 ἁμαρτίας

193 1913 241 1965 οί
269 1913 501 1974 τάλανες
530 1911 599 1963 τὰ
629 1910 835 1979 ὀψώνια
854 1926 869 1942 ·
904 1912 983 1974 είς
1008 1911 1268 1965 τοσοῦτον
1301 1913 1477 1967 κακοῦ
1504 1917 1725 1984 προΐασι
1745 1958 1760 1982 ,

194 1999 380 2055 παθῶν
412 1998 747 2074 ἐντρύφημα
777 1998 840 2052 τὸ
886 2000 983 2069 τῆς
1026 1999 1267 2064 πίστεως
1301 2003 1596 2079 εὑρηκότες
1643 2020 1764 2058 και-

187 2092 511 2163 νούργημα,
553 2089 695 2144 οὕτω
739 2089 836 2143 τοῦ
870 2091 1021 2147 θείου
1071 2091 1237 2162 φόόου
1272 2093 1370 2147 καὶ
1406 2095 1504 2164 τῆς
1543 2096 1764 2164 ἐντολῆς

186 2183 737 2253 κατολιγωρήσαντες
758 2198 772 2213 ⁵
812 2184 882 2253 τῇ
912 2199 972 2235 τε
998 2185 1199 2255 γαστρὶ
1223 2185 1319 2239 καὶ
1342 2184 1421 2254 τῷ
1448 2185 1630 2255 λαιμῷ
1662 2204 1762 2256 χα-

187 2275 488 2344 ριζόμενοι,
524 2276 620 2328 καὶ
652 2276 775 2338 ταῖς
800 2274 1168 2338 δυναστείαις,
1194 2275 1271 2338 ὡς
1307 2276 1532 2341 οἴονται,
1574 2277 1639 2339 ἃς
1671 2278 1762 2330 εύ-

184 2366 431 2437 φραίνειν
476 2367 539 2418 ἐν
574 2368 696 2428 ταῖς
741 2365 954 2425 ἑαυτῶν
998 2365 1224 2428 κακίαις
1268 2365 1415 2419 καθὰ
1450 2369 1761 2438 γέγραπται

182 2458 566 2528 προῄρηνται,
614 2456 713 2509 καὶ¹
771 2456 914 2512 κατὰ
969 2457 1066 2510 τὸν
1099 2455 1328 2527 θεομισῆ
1382 2459 1476 2510 καὶ
1530 2458 1762 2528 βέϐηλον

178 2552 383 2604 ἐκεῖνον
426 2547 632 2611 Ἡσαῦ,
673 2547 732 2610 ὃς
774 2545 1032 2619 βρώσεως
1070 2549 1200 2617 μιᾶς
1236 2547 1424 2602 ἕνεκεν
1454 2549 1523 2602 τά
1556 2567 1761 2619 πρωτοο

177 2641 333 2693 τόκια
367 2639 550 2710 ἐτέρῳ
593 2638 851 2704 ἀπέδοτο,
891 2638 990 2708 τὴν
1028 2638 1344 2709 ἐλευθερίαν
1382 2640 1483 2709 τῆς
1521 2639 1761 2704 πίστεως

180 2729 406 2801 καὶτῆς
458 2726 767 2800 ἱερωσύνης
817 2726 1165 2798 προῦδωκαν,
1214 2728 1365 2782 οὐδὲν
1413 2725 1616 2800 ἦττον·
1666 2730 1760 2782 καὶ

177 2821 285 2875 τῶν
311 2838 376 2889 γε
418 2821 588 2892 χάριν
616 2819 681 2871 τὸ
710 2817 1070 2899 ἀποστολικδν
1100 2817 1641 2889 προαναπεφώνηται
1673 2819 1760 2872 λό-

179 2929 313 2981 γιον,
339 2912 614 2973 τοιούτοις
648 2910 865 2981 κέρδεσι
894 2909 993 2973 τὰς
1023 2908 1161 2981 πρὸς
1185 2909 1317 2962 Θεὸν
1340 2910 1758 2980 ἐπηγγελμένας

178 2997 357 3060 αὐτοῖς
395 2997 679 3069 συνθήκας
718 2996 905 3050 καὶτὸ
934 2996 1064 3049 εὐθὺ
1101 2996 1203 3065 τῆς
1241 2996 1547 3065 ὁμολογίας
1574 2999 1753 3068 ἡμῶν,

1866 1818 2179 1885 novitatem,
2214 1819 2395 1875 divino
2423 1824 2615 1880 timore
2641 1842 2706 1880 ac
2737 1827 3007 1885 mandatis
3036 1830 3193 1900 plane
3252 1834 3437 1905 negle-

1864 1906 1985 1967 ctis,
2005 1906 2257 1976 ingluviei
2286 1919 2340 1963 et
2362 1912 2537 1965 ventri
2565 1913 2924 1982 indulgentes,
2944 1933 3042 1973 nec
3068 1935 3175 1974 non
3206 1925 3438 1980 terrenis

1864 1999 2243 2064 potestatibus,
2279 2010 2336 2054 ut
2395 2012 2621 2070 putant,
2682 2008 2876 2076 quibus
2936 2013 3226 2080 gratiﬁcari
3279 2025 3438 2082 prout

1863 2090 2123 2159 scriptum
2160 2102 2267 2156 est,
2302 2093 2644 2166 maluerunt;
2676 2111 2730 2154 et
2770 2117 2923 2158 more
2955 2104 3097 2161 illius
3130 2106 3237 2162 Deo
3276 2109 3436 2165 invisi

1865 2181 2182 2249 profanique
2206 2181 2367 2248 Esau,
2407 2186 2501 2255 qui
2537 2187 2744 2255 pusillae
2770 2205 2909 2244 esca:
2939 2209 3123 2258 causa,
3161 2196 3433 2267 primoge-

1864 2270 1961 2323 ttiti
1999 2271 2312 2340 dignitatem
2340 2275 2495 2330 alteri
2546 2279 2821 2347 vendidit,
2857 2282 2978 2339 fidei
3031 2286 3335 2341 libertatem
3371 2306 3435 2342 ac

1864 2360 2150 2414 sacerdotii
2212 2365 2583 2433 prodiderunt.
2640 2370 2840 2425 Contra
2910 2375 3006 2428 hos
3070 2378 3431 2444 apostolicum

1862 2465 2078 2520 quoque
2120 2453 2340 2509 ell‘atum
2390 2458 2593 2512 editum
2653 2470 2770 2525 est,
2798 2464 2887 2531 qui
2922 2464 3227 2533 huiusmodi
3268 2470 3435 2524 lucris

1865 2541 2054 2595 initutn
2082 2544 2150 2597 ab
2184 2545 2262 2599 eis
2287 2561 2411 2600 cum
2440 2550 2551 2603 Deo
2585 2549 2793 2618 fcedus,
2827 2565 2880 2608 et
2909 2556 3271 2615 confessionis
3300 2577 3429 2616 uos-

1865 2640 1960 2684 trae
2005 2635 2384 2692 rectitudiuetn
2439 2639 2607 2695 stulte
2647 2652 2702 2696 ct
2748 2645 3122 2701 inconstanter
3165 2667 3434 2718 permuta,

1863 2731 2006 2774 runt.
2056 2720 2142 2777 Var
2175 2725 2280 2779 illis
2328 2730 2505 2796 quiin
2544 2731 2628 2785 via
2667 2731 2800 2785 Cain
2844 2737 3125 2800 abierunt,
3166 2750 3212 2792 et
3258 2758 3433 2797 errore

1860 2811 2087 2867 Balaam
2118 2819 2350 2871 mercede
2377 2820 2536 2888 effusi
2570 2834 2690 2875 sunt
2716 2823 2763 2855 ”
2788 2824 2808 2877 .'
2839 2824 3202 2890 Quamobrem
3229 2833 3429 2899 optima

1862 2906 2117 2973 regiaque
2156 2908 2237 2959 via
2280 2908 2531 2964 incedere
2564 2928 2668 2966 non
2701 2913 2966 2984 ferentes,
3000 2918 3167 2972 veluti
3212 2921 3429 2990 quidam

1861 2993 2185 3052 ferocientes
2213 3001 2335 3067 equi
2375 3013 2429 3085 et
2470 3003 2681 3058 {renum
2715 3022 2856 3076 a'gre
2882 3010 3167 3075 patientes,
3206 3013 3258 3066 itt
3294 3029 3431 3082 pra:-

175 3087 426 3156 ἀφρόνως
476 3087 576 3141 καὶ
620 3084 908 3157 σφαλερῶς
949 3085 1436 3155 διαμειψαμένωνο
1473 3087 1619 3140 Οὐαί
1648 3089 1756 3140 αὺ-

1864 3089 2048 3158 cipitia
2095 3072 2421 3163 ilumOsque
2449 3107 2645 3162 ruunt,
2697 3100 2780 3154 sui
2824 3102 2987 3155 veluti
3036 3104 3210 3169 obliti,
3257 3122 3430 3174 neque

173 3178 328 3243 τοῖς,
359 3179 450 3231 ὅτι
480 3177 561 3245 τῇ
608 3176 726 3242 ὀδῷ
754 3178 862 3231 τοῦ
894 3177 1043 3230 Κάὶθν
1081 3178 1519 3245 ἐπορεύθησαν,
1551 3178 1651 3231 καὶ
1681 3177 1757 3247 τῇ

174 3267 376 3335 πλάνῃ
421 3268 535 3321 τοῦ
592 3267 839 3334 Βαλαὰμ
886 3266 1111 3335 μισθοῦ
1165 3266 1585 3335 ἐξεχύθησαν-ί
1631 3268 1755 3321 Τοι-

170 3357 361 3426 γάρτοι
399 3359 505 3428 τὴν
536 3359 768 3429 ἀρίστην
811 3360 905 3411 καὶ
952 3357 1240 3428 βασιλικὴν
1271 3358 1403 3411 ἱέναι
1437 3358 1626 3429 τρίϐον
1652 3361 1753 3413 οὐκ

170 3447 513 3517 ἀνεχόμενοι,
543 3444 632 3501 οἶα
660 3448 724 3517 δή
747 3464 893 3510 τινες
917 3449 1085 3501 πῶλοι
1101 3449 1374 3518 ἀγέρωχοι
1402 3450 1497 3501 καὶ
1520 3449 1757 3503 δυσκάθ-

168 3553 336 3599 εκτοι,
383 3540 485 3592 ἐπὶ
541 3539 828 3610 κρημνοὺς
880 3540 977 3592 καὶ
1008 3539 1252 3603 ἀκάνθας
1305 3541 1598 3609 φέρονται,
1661 3541 1755 3594 καὶ

166 3628 354 3699 ὥσπερ
399 3630 623 3684 ἑαυτῶν
706 3629 1092 3702 ἐκλαθόμενοι,
1153 3629 1276 3700 μηδ’
1331 3632 1413 3683 ὅτι
1460 3630 1522 3682 τὸ
1562 3629 1755 3700 θνητὸν

165 3723 552 3791 περικείμενοι
600 3721 908 3784 ἐννοοῦντες
943 3722 992 3773 οἱ
1034 3720 1295 3773 δείλαιοι·
1346 3720 1430 3789 ἐφ’
1469 3717 1553 3783 οἷς
1582 3722 1647 3773 ἂν
1671 3721 1751 3773 δι-

164 3811 333 3873 καίως
381 3813 541 3882 μάλα
590 3813 623 3882 ἡ
669 3813 1022 3882 Παροιμιακὴ
1065 3813 1223 3884 ῥῆσις
1277 3811 1754 3879 ἐπιστυγνάζουσα

163 3901 464 3969 φθέγξαιτο
490 3920 505 3933 ·
542 3904 613 3956 Ὦ
635 3906 690 3955 οἱ
717 3904 1257 3974 ἐγκαταλείποντες
1279 3903 1460 3967 ὀδοὺς
1492 3904 1750 3968 εὐθείας.

158 3993 263 4046 τοῦ
292 3994 678 4062 πορευθῆναι
703 3995 777 4047 ἐν
811 3993 975 4059 ὁδοῖς
1002 3996 1268 4059 σκότους
1287 4010 1300 4022 '
1343 3997 1399 4046 οι
1438 3995 1751 4061 εὐφραινώ-

1864 3181 2145 3234 mortalem
2213 3185 2581 3239 cenditionem
2654 3188 2757 3242 lteu
2842 3191 3025 3245 miseri
3093 3206 3426 3258 reputantes.

1861 3269 2068 3334 Quibus
2123 3286 2254 3326 sane
2309 3275 2504 3330 merito
2555 3282 3060 3336 accounnodaretur
3103 3287 3257 3342 ttiste
3299 3287 3427 3343 illud

1863 3364 2270 3428 proverbioront
2304 3366 2520 3421 effatum
2548 3385 2562 3421 :
2597 3371 2641 3422 0
2664 3374 2754 3439 qui
2805 3373 3172 3444 derelinquunt
3206 3378 3315 3430 vias
3347 3394 3430 3433 re,

1858 3459 1990 3516 clas,
2024 3462 2079 3503 ut
2112 3455 2164 3504 in
2201 3454 2315 3507 vias
2344 3459 2644 3510 tenebrosus
2676 3460 2903 3521 abeant!
2931 3462 3032 3525 Qui
3064 3466 3265 3519 malitia
3297 3485 3428 3535 gau-

1858 3538 1998 3603 dent,
2027 3550 2074 3591 et
2102 3540 2343 3595 distortis
2372 3543 2626 3598 [tutantur
2658 3550 2925 3611 moribus!
2964 3568 3191 3619 quorum
3228 3559 3429 3609 semitm

1861 3628 2121 3698 obliqttw,
2173 3640 2223 3683 et
2266 3649 2453 3688 cursus
2508 3640 2780 3691 tortuosi!
2834 3642 3110 3709 Perplacet
3147 3647 3429 3722 enim/illis

1851 3720 2252 3791 jucundumqne
2290 3734 2365 3776 est
2420 3736 2467 3784 et
2502 3730 2804 3796 semetipsos
2845 3742 2895 3784 et
2935 3734 3068 3787 alios
3110 3753 3139 3786 a
3171 3720 3310 3787 recte
3345 3754 3428 3790 vta

1859 3812 2183 3879 submovere,
2232 3824 2389 3884 atque
2428 3833 2461 3869 tt
2502 3818 2654 3884 justo
2698 3823 2956 3875 sententia
2997 3824 3285 3879 declinare.
3330 3826 3428 3879 Sin

1858 3913 2065 3964 autem,
2109 3901 2314 3974 inquit,
2359 3905 2491 3957 bona
2543 3909 2745 3958 tramiti
2798 3911 3042 3964 insistere
3089 3915 3424 3977 maluissent,

1858 3990 2045 4058 planus
2077 4008 2187 4043 esse
2212 3996 2584 4056 comperissent
2611 3997 2879 4065 justorum
2915 4001 3020 4052 vias
3037 4004 3105 4055 ³³.

152 4097 323 4147 μενοι
348 4084 454 4138 ἐπὶ
505 4083 742 4149 κακοῖς,
778 4085 876 4137 καὶ
905 4087 1220 4153 χαίροντες
1261 4084 1360 4138 ἐπὶ
1415 4081 1754 4153 διαστροφῇ
1809 4080 1995 4148 καθιεῖν
2041 4078 2128 4135 ὧν
2174 4087 2234 4137 αἱ
2267 4085 2454 4150 τρίϐοι
2506 4088 2750 4141 σκολιοὶ
2778 4128 2792 4152 ,
2852 4090 2947 4142 καὶ
2997 4094 3313 4160 καμπύλαι
3367 4101 3428 4150 αι

153 4177 385 4244 τροχιαὶ
437 4175 681 4230 αὐτῶν·
721 4176 965 4245 ἐπείπερ
994 4176 1249 4243 ἣδιστον
1302 4177 1509 4242 αὐτοῖς
1537 4177 1635 4231 καὶ
1663 4177 1901 4244 ἐπίχαρι
1962 4174 2029 4227 τὸ
2056 4178 2296 4245 μακρὰν
2344 4178 2643 4233 ποιεῖσθαι
2683 4181 2938 4245 ἑαυτούς
2975 4199 3040 4234 τε
3077 4186 3173 4235 καὶ
3199 4185 3429 4250 ἄλλους

152 4268 272 4320 ἀπὸ
318 4268 473 4321 ὀδοῦ
519 4268 779 4333 εὐθείας,
820 4268 919 4320 καὶ
958 4269 1319 4334 ἀλλοτρίους
1361 4267 1472 4336 τῆς
1512 4268 1749 4336 δικαίας
1775 4265 2042 4338 γνώμης-ο
2066 4270 2118 4321 εί
2157 4268 2268 4339 γὰρ
2308 4270 2686 4337 ἐπορεύοντο,
2729 4272 2884 4342 φησι,
2922 4275 3158 4341 τρίϐους
3181 4277 3427 4348 ἀγαθὰς,

151 4360 337 4430 εὗρον
361 4363 443 4418 ἂν
475 4364 720 4431 τρίϐους
746 4362 853 4427 τὰς
883 4362 1003 4415 τῶν
1033 4361 1283 4415 δικαίων
1309 4364 1541 4428 λείους.

222 4456 309 4521 ς’.’
346 4457 516 4509 Ἐπεὶ
542 4451 640 4508 οὖν
671 4455 766 4506 καὶ
792 4455 950 4508 αὐτοὶ
974 4456 1088 4515 τοῖς
1117 4456 1482 4524 προφητικοῖς
1506 4454 1750 4524 ἐλέγχοις

1873 4435 1879 4441 ’
1931 4448 2090 4520 154
2126 4448 2178 4502 6.
2208 4447 2471 4513 Quoniam
2508 4463 2634 4503 vero
2660 4460 2711 4501 et
2745 4450 2831 4505 iSIi
2883 4451 3217 4517 propheticis
3249 4455 3431 4509 incre-

153 4546 483 4600 ἁλίσκονται
513 4586 528 4605 ,
611 4545 940 4599 ἀκούσονται
985 4528 1032 4599 ἃ·
1057 4548 1170 4607 τοῖς
1223 4545 1522 4614 όμόφροσιν
1562 4547 1745 4609 αὐτοῖς

161 4638 453 4699 Ἰουδαίοις
534 4636 708 4688 πάλαι
766 4636 1186 4705 ὀνειδιζομένοις
1218 4628 1223 4631 ἠ
1259 4637 1511 4703 ἐλέγετο·
1576 4638 1747 4704 "Odm;

146 4728 383 4795 πόρνης
442 4724 696 4793 ἐγένετό
748 4741 848 4778 σοι
873 4764 888 4786 ,
950 4724 1531 4791 ἀπηναισχύντησας
1598 4725 1747 4791 πρὸς

145 4818 408 4882 πάντας,
445 4815 547 4884 Τῷ
590 4816 646 4868 δὲ
677 4819 778 4885 τῆς
828 4814 1215 4884 ἀναισχυντίας
1253 4812 1408 4882 κακῴ
1437 4813 1748 4881 φυσώμενοί

142 4923 203 4958 τε
233 4908 330 4960 καὶ
360 4905 744 4975 διαιρόμενοι,
769 4905 863 4955 καὶ
891 4905 959 4955 τὰ
981 4902 1116 4972 πρὸς
1154 4901 1362 4972 Κύριον
1383 4901 1753 4964 ἀπειθοῦντες,

156 4997 411 5063 Έροῦσί
434 5011 567 5048 που
596 4994 835 5058 πάντως
858 5008 872 5023 ·
894 4994 1151 5046 Ἀπόο-τα
1188 4991 1289 5059 ἀφ’
1327 4991 1498 5060 ἡμῶν
1522 5007 1536 5021 ·
1573 4991 1756 5055 όδούς

144 5099 265 5141 σου
296 5086 545 5141 εἰδέναι
584 5087 655 5137 οὐ
681 5084 1052 5151 βουλόμεθα.
1098 5081 1336 5134 Ἀναιδεί
1363 5079 1637 5149 προσώπῳ
1659 5079 1753 5132 καὶ

144 5173 688 5248 ἀπηρυθριασμένῳ
720 5175 1108 5241 ὑφιστάμενοι,
1138 5171 1214 5232 ὡς
1243 5170 1309 5222 ἂν
1339 5172 1568 5239 φήσειεν
1598 5171 1624 5221 ὁ
1658 5186 1750 5222 σο-
1790 5184 1793 5189 '

139 5268 244 5341 φὺς
275 5272 305 5322 ὁ
327 5268 619 5334 Λύσίτηῖ,
654 5268 681 5318 ό
702 5264 801 5333 τῆς
833 5263 1091 5334 ἀνδρείας
1121 5265 1516 5326 ἀκατάσειστος
1539 5263 1748 5332 πύργος

140 5364 237 5414 καὶ
292 5359 710 5428 ἁκαθαίρετος,
763 5355 872 5408 τῶν
932 5356 991 5407 ἐν
1041 5354 1118 5424 τῷ
1174 5354 1277 5424 βίῳ
1333 5354 1747 5424 εὐθηνουμένων

138 5453 367 5506 ἀσεϐῶν
408 5446 762 5518 στηλιτεύων
814 5446 876 5500 τὸ
912 5444 1186 5516 μοχθηρὸν
1231 5445 1325 5499 καὶ
1363 5444 1570 5516 ἠλίθιον
1596 5462 1609 5475 ·
1660 5446 1744 5497 ἵνα

137 5544 254 5616 γὰρ
302 5542 501 5597 ταῦτα
539 5537 617 5591 δι’
651 5532 723 5592 ὧν
778 5537 978 5608 δρῶσιν
1034 5536 1267 5600 ἀνοσίως
1292 5535 1740 5607 ᾞεὸαιώσωνται,

211 5700 260 5734 ⁸⁸
285 5694 504 5765 Philip.
540 5705 636 5756 ιιι,
669 5691 756 5749 i9.
832 5691 878 5724 "'
908 5689 1028 5745 Jud.
1082 5689 1167 5745 ll.

1251 5690 1296 5723 ⁸⁵
1328 5689 1571 5758 Prov.tt,
1606 5691 1674 5745 15
1709 5706 1824 5760 seq.

1860 4544 2166 4614 pationibus
2193 4550 2321 4593 sunt
2351 4539 2605 4604 obnoxii,
2636 4542 2859 4594 audiant
2891 4541 3017 4609 quid
3046 4545 3432 4613 consentaneis

1862 4634 2099 4702 ipsorum
2137 4631 2542 4685 contumeliosis
2574 4631 2701 4685 olim
2740 4631 2943 4686 ludatis
2978 4633 3181 4685 dictum
3217 4632 3382 4687 fuerit
3412 4652 3426 4687 :

1863 4722 2035 4776 Frons
2066 4722 2360 4773 meretricia
2389 4722 2488 4774 tibi
2539 4731 2638 4786 est,
2676 4723 3002 4789 impudenter
3039 4740 3157 4776 cum
3189 4725 3428 4779 omnibus

1859 4815 2011 4881 egisti
2035 4811 2100 4863 ⁸⁸.
2132 4811 2192 4864 lli
2221 4826 2348 4864 vero
2380 4810 2732 4879 impudentia:
2765 4822 2975 4867 tumore
2999 4814 3165 4867 inﬂati
3192 4824 3248 4867 ct
3276 4816 3428 4880 elati,

1855 4917 1904 4958 ct
1951 4904 2159 4956 Domini
2200 4903 2352 4969 iussa
2396 4904 2804 4969 detrectantes,
2845 4906 3046 4958 diserte
3077 4905 3370 4973 aliquando
3403 4923 3419 4958 :

1853 4996 2054 5050 Recede
2104 5013 2135 5049 a
2177 4996 2360 5059 nobis;
2405 4997 2515 5048 vias
2566 5005 2685 5049 tuas
2722 5012 3031 5064 cognoscere
3080 4993 3321 5047 nolumus
3350 4995 3425 5058 ³⁷,

1852 5088 2039 5140 audaci
2062 5087 2382 5155 effrontique
2404 5087 2550 5139 vultu
2579 5087 2789 5152 dicent;
2820 5096 2878 5137 nt
2901 5086 2966 5136 tle
2996 5084 3078 5135 his
3114 5082 3427 5147 loqueretur

1848 5175 2065 5245 sapiens
2097 5176 2184 5230 ille
2213 5175 2485 5255 Ausitesn
2508 5176 2661 5227 firma
2703 5183 2758 5228 et
2794 5172 3170 5239 extmgnahilis
3193 5170 3423 5229 fortitu—

1853 5268 1993 5322 diuis
2024 5270 2221 5331 turris,
2259 5268 2347 5336 qui
2397 5267 2683 5335 impiorum
2717 5265 2901 5318 invita
2946 5279 3203 5331 prospere
3259 5280 3431 5334 agen.

1853 5359 1983 5411 tium
2026 5358 2352 5426 improbitati
2398 5356 2793 5423 stoliditatiqne
2838 5354 3129 5407 tnal.~dicit.
3163 5353 3234 5409 Ut
3279 5354 3427 5433 enim

1852 5448 1966 5503 htec
1996 5463 2092 5516 per
2120 5463 2182 5501 ea
2205 5462 2324 5513 quas
2363 5445 2462 5514 ipsi
2498 5445 2637 5498 tnale
2664 5453 2828 5513 agunt
2872 5445 3174 5503 lit-tuentur,
3209 5443 3302 5495 Dei
3346 5444 3426 5498 ti-

1849 5515 2053 5606 morem
2096 5538 2377 5608 objiciunt,
2412 5539 2729 5592 canonicam
2760 5532 3065 5604 quamlibet
3115 5545 3170 5589 et
3215 5548 3429 5590 sacram

1926 5691 1973 5724 "
2003 5690 2206 5748 Jeretn.
2239 5706 2323 5749 Ill.
2350 5691 2403 5747 ’5.
2492 5690 2536 5722 ⁸⁷
2562 5690 2663 5746 Job
2729 5705 2865 5753 uti,
2910 5691 2990 5749 l7.
