3898 6150
401 320 503 384 547

1421 325 1481 382 S.
1525 321 1939 382 NICEPHORI
1982 322 2483 381 PATltIARCHJE
2520 324 2630 382 ΕΡ.

3554 316 3655 381 548

399 431 848 490 constitutionem
897 447 927 486 a
966 432 1282 488 doctoribus
1307 442 1455 487 recte
1483 448 1605 487 cmn
1631 443 1821 486 sancto
1855 429 1978 500 Spi-

2090 430 2172 483 τὸν
2206 430 2308 499 μὲν
2337 431 2433 484 τοῦ
2467 431 2603 484 Θεοῦ
2647 430 2811 498 φόϐον
2839 431 3152 494 ἀπώσαντο,
3189 431 3370 483 πᾶσαν
3409 429 3470 481 δὲ
3497 446 3658 482 κανο-

399 526 506 578 ritu
539 525 738 577 editam
773 534 1157 591 aspernantur,
1194 533 1248 578 et
1282 522 1502 578 foederis
1532 539 1655 578 cum
1701 522 1809 576 Deo
1835 523 1976 592 apud

401 622 651 666 sanctum
669 612 856 666 ’altare
881 613 999 666 initi
1027 613 1439 679 obliviscuntur,
1470 611 1978 682 mnfessiouanque

402 705 548 758 illaut
572 704 807 773 ejurant,
840 721 943 770 qua
974 705 1200 758 recitata
1225 704 1383 774 (17‘).
1408 719 1620 758 sacram
1647 704 1974 768 unctionem,

402 795 512 848 Deo
533 796 711 848 ιιοειυὶο
730 812 827 848 cur
855 795 1218 862 permittente,
1243 805 1583 862 receperunt,
1612 805 1666 848 et
1688 795 1977 849 sacerdotii

402 887 638 955 dignitas
666 888 795 954 ipsis
813 903 930 938 rutn
952 887 1219 953 prtemnio
1236 886 1347 952 (18)
1366 887 1560 940 collata
1582 885 1701 942 fuit.
1725 886 1899 954 Atque
1922 897 1980 940 ut

401 978 708 1028 summatim
756 979 966 1038 dicam,
1015 977 1302 1046 gloriosam
1355 989 1592 1031 nostram
1624 977 1980 1045 iticulpat:ittt-

402 1082 506 1132 que
545 1067 698 1117 ﬁdem
725 1066 1042 1133 abjicientes
1061 1105 1076 1129 ,
1111 1082 1138 1118 a
1170 1082 1366 1135 magno
1392 1082 1450 1119 se
1477 1076 1639 1134 atque
1667 1065 1978 1123 indivisibili

403 1156 658 1210 Ecclesia:
710 1173 978 1225 corpore,
1034 1167 1288 1224 tauquam
1349 1158 1560 1226 putrida
1611 1168 1667 1210 et
1722 1167 1980 1224 corrupta

407 1250 647 1300 tnembra
685 1250 1047 1312 abscindunt,
1082 1259 1136 1301 et
1185 1250 1235 1302 in
1275 1260 1458 1316 partes
1490 1251 1977 1313 ltetet'odoxorum,

402 1340 491 1405 qui
517 1338 723 1406 jamdiu
757 1339 1020 1391 adversus
1052 1349 1251 1390 rectam
1285 1339 1585 1391 doctrinam
1639 1339 1975 1407 praeliantur,

405 1437 685 1481 transeunt
709 1446 720 1479 :
750 1444 978 1496 quorum
1009 1439 1290 1496 postquam
1319 1429 1655 1498 impietatem
1682 1429 1980 1482 damnave-

407 1529 526 1570 rant
563 1520 698 1586 (I'J),
739 1534 880 1586 saepe
907 1519 1068 1571 etiam
1100 1519 1474 1574 crudelitatem
1510 1529 1565 1572 et
1595 1520 1866 1573 lasciviam
1899 1520 1978 1572 vi-

408 1619 789 1670 tuperavm-ant
818 1648 832 1670 ,
867 1621 1141 1674 postremo
1175 1611 1226 1662 in
1266 1612 1406 1664 idem
1447 1626 1511 1665 ac
1545 1612 1616 1664 illi
1659 1612 1979 1680 perditionis

407 1700 722 1752 barathrum
780 1703 1088 1754 inciderunt
1125 1718 1141 1756 :
1188 1718 1256 1756 ne
1287 1704 1430 1756 illam
1463 1705 1711 1773 quidem;
1753 1704 1800 1758 si
1841 1704 1975 1758 nihil

2081 520 2237 590 νικὴν
2281 523 2374 573 καὶ
2407 522 2594 575 ἔνθεον
2628 521 2989 592 θεσμοθεσίαν
3024 522 3360 575 διδασκάλων
3393 516 3452 574 εῦ
3483 521 3657 574 τεθει-

2085 613 2256 682 μένην
2304 614 2395 666 διὰ
2430 613 2526 666 τοῦ
2560 614 2880 682 Πνεύματος
2932 615 3340 683 ἀτιμάσαντες,
3410 616 3504 667 καὶ
3548 613 3654 666 τῶν
3699 667 3708 681 ι

2083 700 2368 768 συνθηκῶν
2403 700 2559 764 ἆςέν
2585 701 2664 772 τῷ
2693 701 2824 772 θείῳ
2857 702 3230 772 θυσιαστηρίῳ
3260 703 3653 771 καθωμολόγη-

2085 809 2187 844 σαν
2238 794 2732 863 ὰμνημονήσαντες
2758 809 2772 823 ·
2823 795 2924 862 τῆς
2958 812 3017 850 τε
3059 795 3377 864 ὁμολογίας,
3417 796 3535 863 μεθ’
3564 791 3652 866 ἦ;,

2081 885 2179 936 οὐκ
2198 880 2314 936 οἶδα
2344 885 2514 950 ὅπως,
2555 885 2716 938 τοῦτο
2742 886 2838 938 τοῦ
2884 877 3020 938 Θεοῦ
3052 889 3526 957 παραῦλέψαντος.
3565 892 3655 940 άνο

2083 973 2247 1038 αξίως
2270 975 2627 1044 ἐχρίσθησαν.
2654 977 2748 1029 καὶ
2778 977 2960 1046 τὸτῆς
2993 978 3292 1046 ἱερωσύνης
3318 981 3503 1040 αὐτοῖς
3535 982 3655 1034 ἐπι-

2083 1061 2428 1132 κεκήρυκται
2479 1066 2698 1134 ἀξίωμα
2728 1065 2965 1136 ἄπαρνοι
3015 1069 3331 1136 γενόμενοι·
3386 1070 3482 1120 καὶ
3534 1069 3631 1121 συλ

2083 1152 2284 1225 λήϐδην
2350 1157 2548 1220 εἰπεῖν,
2597 1159 2696 1227 τὴν
2755 1158 2939 1211 πίστιν
2971 1159 3130 1226 ἡμῶν
3176 1158 3271 1228 τὴν
3310 1159 3513 1214 εὐκλεᾶ
3567 1161 3656 1215 καὶ

2084 1243 2386 1312 ἀμώμητον
2411 1247 2876 1314 καταπροέμενοι,
2909 1247 3002 1298 τοῦ
3039 1248 3276 1315 μεγάλου
3296 1249 3387 1299 καὶ
3409 1249 3654 1316 ἀτμήτου

2080 1336 2180 1406 τῆς
2216 1337 2544 1408 Ἐκκλησίας
2574 1336 2852 1406 σώματος,
2879 1337 2954 1399 ὡς
2978 1339 3259 1406 σεσηπότα
3281 1341 3373 1390 καὶ
3393 1339 3650 1407 διεφθαρ-

2085 1427 2227 1495 μένα
2276 1427 2411 1497 μέλη
2469 1428 2700 1490 ἑαυτοὺς
2751 1428 3238 1499 ἀπορῥηγνύουσι,
3279 1429 3376 1482 καὶ
3427 1433 3495 1498 τῇ
3550 1429 3656 1482 τῶν

2083 1519 2544 1591 έτεροδοξούντων
2603 1521 2796 1591 μοίρᾳ,
2833 1521 2929 1578 καὶ
2984 1522 3155 1575 πάλαι
3212 1521 3344 1574 ποτὲ
3392 1520 3531 1590 πρὸς
3569 1519 3657 1574 τὸν

2081 1609 2243 1680 ὀρθὸν
2289 1608 2447 1678 λόγον
2507 1609 2786 1672 ἀσυνέτως
2834 1610 3242 1680 μεμαχημένων
3291 1609 3655 1679 προσέθεντο·

2081 1692 2157 1752 ὧν
2183 1699 2354 1753 πολλὰ
2373 1699 2472 1769 μὲν
2491 1698 2758 1769 πρότερον
2780 1699 3188 1767 κατεγνωκότες
3202 1702 3300 1769 τῆς
3318 1698 3654 1763 δυσσεϐείας,

407 1789 576 1850 aliud,
599 1801 844 1845 verentes
868 1807 1109 1846 sanetam
1135 1810 1198 1866 ac
1222 1796 1582 1847 venerandam
1610 1795 1787 1848 divina
1814 1795 1979 1862 inspi-

2090 1790 2256 1843 πολλὰ
2287 1790 2344 1844 δὲ
2373 1762 2488 1861 ’τῆς
2527 1762 2940 1860 άπανθρωπίαςν
2979 1789 3181 1852 αὐτοὺς
3223 1762 3320 1842 καὶ
3371 1789 3660 1858 ἀσελγείας

409 1883 618 1932 ratione
685 1895 1063 1950 Congregatam
1119 1884 1355 1936 secumlo
1415 1885 1678 1954 synodum
1738 1885 1792 1937 itt
1846 1886 1980 1939 urbe

405 1970 584 2024 Nica-a
644 1971 906 2041 Bithyniae
959 1975 1278 2041 metropoli;
1335 1990 1510 2044 neque
1548 1978 1748 2029 editam
1799 1975 1866 2028 ab
1915 1991 1979 2030 ea

409 2076 656 2115 recenter
690 2078 895 2116 sacram
928 2064 1293 2117 delinitionem
1316 2105 1331 2130 ,
1361 2063 1689 2119 rectitudine
1721 2073 1774 2119 et
1795 2068 1955 2119 ortho

409 2152 568 2205 doxia
604 2155 852 2220 plenam,
889 2171 1008 2221 qua:
1052 2155 1296 2224 ipsorum
1345 2157 1569 2212 auribus
1605 2157 1781 2209 adhuc
1825 2173 1977 2210 asso-

409 2257 501 2298 nat
537 2263 549 2298 :
579 2249 706 2312 quin
738 2248 900 2301 etiam
932 2251 1290 2319 chirographa
1328 2267 1422 2304 sua
1456 2261 1510 2305 et
1541 2251 1769 2305 viviﬂcm
1802 2253 1982 2306 crucis

411 2348 584 2405 typos,
619 2340 813 2406 quibus
845 2342 892 2392 ei
928 2342 1144 2394 decreto
1175 2343 1614 2409 subscripserunt
1645 2341 1782 2412 ('20),
1815 2343 1983 2396 abue-

410 2441 616 2494 gantes.
655 2431 734 2482 lt'x
763 2432 909 2482 nobis
937 2433 1264 2496 prodierunt,
1295 2432 1383 2484 sed
1408 2449 1507 2484 non
1529 2441 1676 2484 erant
1704 2447 1768 2486 ea:
1799 2433 1980 2494 nobis;

412 2534 534 2569 nam
563 2520 608 2570 si
639 2520 862 2586 fuissent
892 2537 956 2574 ea:
997 2520 1143 2573 nobis
1169 2559 1183 2583 ,
1227 2521 1492 2573 nobiscum
1527 2522 1704 2588 utique
1741 2537 1984 2585 perman-

411 2613 602 2664 sisseut
633 2610 766 2679 (98),
795 2615 1055 2662 clamaret
1086 2611 1187 2664 hoc
1215 2611 1331 2664 loco
1356 2611 1610 2664 divinitus
1641 2611 1830 2678 grandi
1856 2625 1985 2665 \‘0ce

415 2704 539 2757 tuba
574 2703 874 2770 theologue.
903 2702 1040 2766 Quid
1075 2703 1242 2770 ergo?
1269 2700 1502 2755 Necesse
1537 2701 1636 2754 fuit
1671 2703 1805 2766 illos,
1840 2713 1985 2771 post-

412 2811 570 2861 quam
599 2793 992 2848 confeSsiouem
1019 2793 1346 2860 alijeeerant,
1371 2795 1561 2862 spiritu
1583 2809 1798 2862 quoque
1819 2811 1985 2848 saetae

414 2884 686 2936 unctionis
716 2883 970 2950 deinceps
1009 2882 1233 2950 privari,
1268 2883 1392 2950 quia
1437 2899 1539 2937 non
1584 2882 1782 2936 licebat
1815 2884 1982 2935 abne-

412 2976 662 3042 gattlibtts
691 2975 871 3034 lideai,
907 2990 1029 3026 cum
1063 2990 1167 3042 qua
1201 2974 1346 3028 uncti
1381 2972 1624 3039 fuerant,
1670 2973 1983 3027 muneribus

2082 1881 2606 1952 καταμεμψάμενοι,
2640 1883 2719 1942 είς
2762 1880 2962 1934 ταυτὸν
2994 1882 3225 1943 ἐκείνοις
3251 1880 3350 1949 τῆς
3383 1880 3658 1944 ἀπωλείας

2085 1973 2544 2043 περιπεπτὼκασι
2583 1972 2893 2043 βάραθρον·
2927 1972 3047 2025 οὐδὲ
3097 1971 3196 2042 τὴν
3237 1974 3303 2025 ἐκ
3359 1972 3507 2034 θείας
3539 1974 3660 2026 έπι-

2085 2063 2277 2123 πνοίας
2325 2061 2703 2130 κεκινημένην
2739 2061 2904 2128 ἁγίαν
2953 2063 3050 2114 καὶ
3091 2063 3293 2129 σεπτὴν
3347 2063 3407 2113 ἐν
3452 2062 3661 2132 Νικαίᾳ

2083 2152 2144 2205 τὸ
2173 2151 2431 2222 δεύτερον
2473 2149 2715 2218 σύνοδον,
2749 2153 2782 2221 ἢ
2827 2152 2887 2204 τὸ
2927 2149 3165 2222 προῦχον
3205 2154 3349 2206 κατὰ
3393 2153 3659 2218 Βιθυνοὺς

2085 2241 2301 2312 ἔλαχεν,
2338 2243 2387 2294 εἰ
2417 2243 2493 2311 μή
2533 2259 2586 2294 τι
2617 2242 2748 2296 ἄλλο
2783 2242 2892 2295 τῶν
2919 2242 3138 2296 πάντων
3168 2242 3535 2307 αἰδεσθέντες,
3569 2246 3660 2298 καὶ

2083 2333 2177 2386 τὸν
2205 2335 2336 2406 παρ’
2361 2334 2502 2404 αὐτῇ
2527 2333 2989 2405 ἐκπεφωνημένον
3015 2334 3156 2388 θεῖον
3177 2335 3325 2406 ὅρον,
3353 2338 3448 2390 καὶ
3479 2339 3660 2406 πάσης

2085 2426 2388 2497 εὐθύτητος⁵
2434 2427 2530 2480 καὶ
2597 2425 2910 2495 ὀρθοδοξίας
2985 2427 3228 2496 γέμοντα
3275 2426 3501 2479 ἔναυλον
3562 2427 3659 2498 ήδη

2087 2518 2327 2588 ἔχοντες,
2362 2519 2458 2570 καὶ
2486 2518 2630 2571 οὕτω
2668 2519 2850 2570 πυκνά
2878 2520 2991 2579 τοῖς
3018 2518 3153 2570 ὠσὶν
3179 2518 3566 2588 ἐνηχούμενον,
3594 2519 3664 2572 τά

2087 2626 2146 2662 τε
2179 2612 2358 2662 οἰκεῖα
2389 2613 2737 2678 χειρόγραφα
2761 2610 3010 2672 καὶτοὺς
3039 2609 3247 2674 τύπους
3268 2611 3360 2663 τοῦ
3392 2609 3660 2675 ζωοποιοῦ

2088 2700 2349 2770 σταυροῦ,
2386 2699 2479 2762 οὓς
2507 2703 2563 2753 ἐν
2608 2700 2758 2771 αὐτῷ
2785 2702 3241 2771 κατεσημήναντο
3275 2701 3658 2772 ἐξομνύμενοι.

2098 2791 2195 2856 Ἐξ
2229 2790 2396 2859 ἡμῶν
2431 2791 2715 2858 ἐξῆλθον,
2749 2793 2888 2846 ἀλλ’
2921 2793 3033 2846 οὐκ
3066 2788 3229 2861 ἦσαν
3255 2793 3324 2856 ἐξ
3355 2791 3528 2860 ἡμῶν
3549 2808 3565 2825 ο
3611 2795 3662 2847 εί

2084 2886 2194 2952 γὰρ
2225 2879 2388 2951 ἦσαν
2415 2883 2482 2946 ἐξ
2514 2883 2703 2952 ἡμῶν,
2727 2883 3173 2953 μεμενήκεισαν
3200 2883 3279 2939 ἂν
3301 2885 3433 2950 μεθ’
3469 2883 3662 2952 ἡμῶν,

2087 2974 2233 3025 εἴποι
2266 2973 2332 3025 ἂν
2358 2974 2557 3035 ἐνθέως
2619 2973 2986 3042 ὑποφιονοῦσα
3020 2975 3051 3041 ἡ
3083 2972 3322 3039 σάλπιγξ
3349 2973 3449 3043 τῆς
3476 2974 3664 3027 θεολο·

414 3065 687 3117 ttttetiottis
718 3065 891 3133 fungi.
938 3063 1439 3130 Quapropterjuste
1484 3063 1812 3126 admodum,
1846 3079 1981 3131 ψιυφ

2090 3065 2213 3130 γίας
2263 3067 2294 3132 ή
2338 3063 2745 3131 μεγαλόφωνος.
2777 3064 2841 3116 Τί
2869 3059 3000 3129 οῦν;
3051 3063 3165 3116 ἔδει
3215 3063 3404 3116 λοιπὸν
3437 3066 3671 3139 αὐτοὺς..

417 3158 559 3208 uiam
597 3157 833 3222 ipsorum
876 3157 1229 3221 pertinaciam
1270 3165 1432 3222 atque
1457 3154 1812 3208 insanabilem
1846 3171 1984 3207 tuor-

414 3245 539 3297 bum
576 3259 729 3297 saera
760 3244 1009 3297 Ecclesia:
1031 3255 1353 3313 cognoverat
1383 3246 1617 3314 synodus
1644 3247 1818 3314 (saepe
1839 3247 1980 3298 enim

414 3337 488 3388 illi
528 3335 759 3402 obligata
798 3335 921 3398 ﬁde,
965 3336 1122 3388 toties
1154 3343 1400 3388 sanctum
1439 3335 1700 3403 Spiritum
1730 3334 1985 3390 fefellisse

416 3427 647 3478 convicti
677 3432 833 3494 sunt)
855 3425 1019 3494 juste,
1048 3427 1286 3492 inquam,
1315 3427 1619 3479 sacerdotio
1643 3441 1736 3480 eos
1757 3427 1981 3492 expulit,

415 3528 578 3586 atque
606 3517 753 3569 omni
785 3517 1104 3570 sacerdotali
1136 3515 1312 3570 cilicio
1347 3519 1643 3581 interdixit,
1679 3518 1986 3584 scriptoque

417 3607 806 3673 depositiouent
858 3607 1070 3660 illorum
1101 3607 1398 3660 declaravit
1428 3646 1442 3669 ,
1492 3608 1687 3675 quippe
1717 3590 1806 3676 qui
1839 3624 1866 3659 a
1897 3623 1987 3661 ca-

416 3700 646 3753 nonibus
695 3700 862 3752 sacris
892 3700 1274 3752 discesserant.
1309 3699 1448 3766 Ergo
1483 3697 1628 3767 fungi
1661 3716 1785 3766 erga
1822 3701 1986 3752 Deum

415 3791 720 3842 sacerdotio
750 3791 1043 3857 prohibiti,
1071 3790 1214 3842 circa
1264 3791 1440 3840 aulam
1484 3791 1686 3857 regiam
1733 3802 1988 3857 perpetuo

416 3892 726 3944 versantur,
779 3881 960 3948 ibique
1013 3883 1280 3937 theatrum
1330 3880 1440 3933 sibi
1491 3890 1745 3948 tanqttatn
1803 3898 1988 3948 reapse

415 3970 615 4024 scenici
638 3982 984 4038 paraverunt.
1004 3971 1076 4024 lhi
1093 3971 1386 4039 sacrilegos
1401 3985 1676 4039 vanosque
1693 3982 1989 4026 conventus

415 4062 726 4125 celebrant,
760 4064 830 4116 ibi
865 4063 1110 4116 dramata
1165 4063 1456 4131 impietatis
1494 4064 1649 4131 quasi
1681 4067 1987 4132 spectacula

417 4157 602 4220 edunt,
637 4166 691 4207 et
723 4170 808 4206 res
855 4155 1064 4207 divinas
1097 4153 1209 4207 ludi
1242 4155 1359 4206 loco
1388 4155 1626 4218 habent;
1654 4165 1708 4208 et
1736 4154 1988 4210 Servato-

416 4245 492 4297 ris
521 4247 763 4298 omnium
797 4244 996 4296 Christi
1033 4246 1322 4296 humanam
1359 4245 1556 4309 vitam,
1589 4246 1867 4299 comoediae
1911 4247 1991 4300 in—

417 4346 530 4390 star
561 4352 622 4388 ac
657 4339 763 4388 ritu
809 4334 1057 4386 theatrali
1091 4345 1482 4401 reprwseutare
1517 4351 1622 4388 non
1664 4337 1988 4403 eahorrent;

2088 3154 2280 3222 ὥσπερ
2309 3154 2408 3222 τὴν
2428 3154 2722 3222 ὁμολογίαν
2751 3155 3136 3218 άπεσείσαντο,
3164 3154 3338 3216 οῦτως
3355 3156 3664 3226 ἀμοιρῆσαι

2089 3245 2184 3297 καὶ
2230 3248 2330 3313 τῆς
2376 3245 2471 3296 τοῦ
2517 3245 2837 3314 Πνεύματος
2883 3246 3145 3314 χρίσεως,
3178 3245 3253 3307 ὼς
3286 3246 3388 3297 οὐκ
3413 3245 3536 3299 ἐνὸν
3565 3247 3662 3316 τὴν

2092 3335 2190 3404 μὲν
2254 3335 2440 3398 πίστιν
2500 3335 2617 3404 μεθ’
2661 3331 2729 3407 ἦς
2785 3335 3122 3406 ὲχρίσθησαν
3170 3336 3660 3405 παραγράφεσθαι,

2089 3429 2335 3496 ἐνεργεῖν
2382 3426 2439 3480 δὲ
2469 3430 2537 3479 τὰ
2565 3427 2664 3496 τῆς
2717 3427 2985 3496 κρίσεως·
3045 3425 3335 3496 τοιγαροῦν
3365 3428 3462 3480 καὶ
3518 3427 3664 3496 μάλα

2089 3518 2392 3586 ὲνθέσμως,
2428 3518 2658 3587 ἐπείπερ
2681 3519 2744 3570 τὸ
2768 3519 3169 3588 άνεπίστροφον
3194 3519 3286 3572 καὶ
3308 3519 3662 3589 ἀνιάτρευτον

2090 3608 2270 3660 αὐτῶν
2317 3610 2416 3678 τῆς
2452 3609 2634 3673 νόσου,
2687 3611 2716 3662 ὁ
2763 3611 2907 3680 ἱερὸς
2954 3613 3055 3679 τῆς
3097 3609 3423 3676 Ἑκκλησίας
3451 3610 3662 3681 ἑώρακε

2093 3699 2350 3767 σύλλογος
2407 3699 2691 3767 (πολλάκις
2740 3701 2850 3773 γὰρ
2879 3702 2942 3753 τὸ
2985 3701 3175 3754 πιστὸν
3233 3702 3438 3754 ἐκεῖνοι
3483 3718 3663 3771 παρα-

2092 3789 2312 3858 σχόντες
2348 3794 2413 3859 τῇ
2459 3791 2778 3862 Ἐκκλησία,
2810 3794 3142 3855 τοσαυτάκις
3171 3791 3248 3862 τῷ
3275 3793 3558 3862 Πνεύματι
3589 3793 3664 3862 τῷ

2093 3882 2235 3950 ἁγίῳ
2282 3880 2606 3950 ψευδόμενοι
2658 3881 3035 3952 διηλέγχοντο)
3082 3883 3510 3951 ἀποκηρύκτους
3567 3883 3662 3951 τῆς

2094 3973 2394 4044 ἱερωσύνης
2426 3973 2712 4042 πεποίηκε,
2737 3975 2916 4043 πάσης
2949 3975 3153 4036 αὐτοὺς
3179 3975 3488 4044 ἀπρακτεῖν
3522 3976 3664 4044 ιερα-

2091 4065 2254 4134 τικῆς
2289 4066 2583 4136 καθορίσας
2627 4067 3030 4136 ἐγχειρήσεως·
3071 4066 3357 4136 έγγραφόν
3383 4084 3443 4120 τε
3485 4067 3663 4121 αὐτῶν

2093 4157 2191 4228 τὴν
2220 4156 2548 4226 καθαίρεσιν
2570 4157 3080 4227 καταστησάμενος,
3103 4158 3178 4220 ὼς
3201 4157 3264 4228 δὴ
3288 4161 3353 4212 ὲκ
3369 4159 3483 4211 τῶν
3507 4158 3664 4229 ἱερῶν

2093 4252 2336 4305 κανόνων
2361 4251 2704 4321 ὁρμώμενοι·
2736 4252 2860 4303 ἐπεὶ
2887 4250 3069 4304 τοίνυν
3092 4251 3185 4304 τοῦ
3223 4251 3528 4321 ἱερατεύειν
3551 4251 3666 4321 Θεῷ

2094 4339 2438 4408 ἐξώσθησαν,
2489 4339 2631 4392 κατὰ
2675 4338 2740 4408 δὴ
2791 4339 2862 4396 τὰ
2917 4338 3164 4408 βασίλεια
3213 4344 3664 4410 περιαγείρονται

418 4431 652 4497 novique
708 4429 1018 4481 testamenti
1068 4428 1420 4495 sanguinem,
1472 4443 1579 4498 quo
1632 4429 1850 4484 fuerunt
1900 4446 1981 4486 te-

2094 4431 2493 4499 συνεχέστατα,
2551 4430 2647 4482 καὶ
2707 4429 2913 4501 σκηνὴν
2983 4432 3198 4495 ἑαυτοῖς
3261 4428 3352 4488 οῖα
3416 4437 3666 4505 σκηνικοὶ

417 4519 644 4585 dempti,
664 4514 948 4584 profanum
969 4516 1320 4581 existimant;
1345 4528 1398 4571 et
1415 4519 1585 4573 sacris
1600 4519 1987 4576 incarnationis

418 4609 710 4677 symbolis,
761 4619 931 4661 (nstro
974 4609 1135 4674 geluti
1171 4611 1376 4665 erroris
1411 4611 1492 4665 sui
1524 4621 1578 4665 et
1615 4611 1983 4678 inlidelitatis,

419 4698 632 4768 perciti,
660 4697 860 4752 furiose
893 4699 1173 4754 insultant.

2093 4520 2594 4590 ἁποσχεδιάσαντες
2632 4521 3002 4592 ἀπετέμοντο·
3053 4523 3288 4577 ἐνταῦθα
3321 4525 3391 4577 τά
3431 4529 3533 4595 τῆς
3567 4544 3662 4579 παρ

2098 4613 2361 4684 ρανομίας
2401 4612 2498 4665 καὶ
2544 4613 2908 4682 ματαιότητος
2957 4615 3324 4684 συγκροτοῦσι
3385 4619 3663 4688 συνέδρια,

2096 4705 2224 4757 ἔνθα
2278 4705 2343 4774 δὴ
2394 4704 2464 4756 τὰ
2517 4704 2771 4773 δράματα
2822 4706 2921 4774 τῆς
2979 4705 3234 4768 ἀσεϐείας
3285 4707 3664 4769 ἐπιδεικτικῶς

415 4791 856 4861 ὲκπομπεύουσι,
885 4793 980 4874 καὶ
1006 4795 1076 4847 τά
1105 4809 1164 4845 τε
1195 4791 1315 4845 θεῖα
1346 4795 1626 4859 παίζουσι,
1657 4796 1754 4848 καὶ
1795 4795 1894 4864 τὴν
1941 4796 2033 4855 τοῦ
2075 4797 2295 4854 πάντων
2354 4799 2510 4868 ἡμῶν
2570 4799 2823 4870 Σωτῆρος
2864 4798 3104 4868 Χριστοῦ
3139 4799 3477 4868 οἰκονομίαν,
3514 4819 3665 4870 κωμ-

486 4947 531 4980 ⁹⁸
562 4947 580 5001 l
611 4946 770 5002 Joan.
801 4963 862 5011 ιι,
897 4947 978 5000 19.

486 5126 618 5192 (17')
646 5123 847 5177 Morem
882 5125 1046 5188 hunc,
1083 5133 1142 5178 ul.
1176 5125 1296 5178 ﬁdei
1340 5124 1624 5177 formulam
1661 5125 1713 5178 itt
1762 5127 1979 5180 ordinar

416 5199 562 5250 tione
597 5212 691 5246 sua
726 5195 1017 5248 recitarent
1051 5196 1154 5264 (ut
1190 5209 1330 5247 nunc
1359 5197 1519 5246 etiam
1571 5194 1661 5264 lit)
1696 5196 1816 5247 Ittn'i
1872 5195 1988 5264 epi-

414 5267 586 5331 Sropi,
640 5265 810 5319 habes
859 5267 1022 5317 etiam
1057 5268 1110 5318 in
1150 5278 1212 5314 ea
1261 5277 1424 5331 quant
1461 5265 1702 5316 recitavit
1737 5264 1990 5320 Nicolaus

413 5339 614 5456 ciceris
655 5337 985 5456 ιὲιιιίιιτειιίι,
1031 5344 1089 5388 ut
1131 5330 1366 5387 diximus
1400 5330 1584 5401 Spicil.
1617 5333 1798 5398 liam”
1846 5343 1884 5389 ι,
1920 5334 1986 5400 Χ,

414 5423 431 5456 ι
453 5423 521 5456 ra-
547 5443 562 5456 .
591 5423 640 5456 ιι.
709 5443 723 5456 .

453 5407 562 5458 ra-f.
591 5423 640 5471 ιι.
668 5407 723 5457 8.

453 5423 562 5458 ra-I.
608 5423 640 5456 ι.
668 5423 723 5457 δ.

414 5423 444 5546 ιλ
484 5423 602 5546 (18)Ι
631 5474 960 5546 l’rtrronium
1005 5489 1114 5546 quo
1162 5487 1333 5546 novus
1377 5470 1766 5546 episc0pus_ah
1797 5474 1978 5546 archi-

415 5541 641 5595 uia‘cmm
670 5545 880 5610 publice
913 5543 1284 5606 ntmtiabatur,
1321 5541 1521 5610 legitur
1556 5543 1694 5610 apud
1723 5541 1979 5596 Goarium

417 5616 471 5666 in
498 5615 589 5665 Gr.
627 5611 804 5677 llit.p.
833 5612 1096 5666 502-504.
1119 5611 1223 5664 l‘ar
1249 5613 1362 5664 lere
1396 5611 1511 5664 ﬁeri
1546 5613 1762 5665 solitum
1792 5613 1843 5664 itt
1880 5611 1981 5666 Ec-

417 5686 575 5737 clesia
604 5681 877 5736 Gallicana
905 5683 1150 5738 dedimus
1180 5697 1278 5738 nos
1313 5682 1366 5735 in
1415 5683 1692 5750 opusculis
1723 5696 1817 5735 \‘itt
1850 5695 1901 5738 et
1931 5698 1979 5736 ix

2098 5131 2693 5204 monachi_Otloramni,
2725 5131 2936 5204 Spicil.,
2970 5142 3010 5188 t.
3040 5131 3131 5200 IX,
3160 5149 3214 5204 p.
3240 5135 3330 5197 87,
3363 5134 3455 5189 89.

2168 5201 2590 5276 t19)_Nimirum
2624 5201 2678 5254 in
2715 5201 3443 5274 praacedeutibus'synodis,
3474 5207 3665 5276 quibus

2098 5273 2555 5340 sulm-ripselant.

2169 5340 2281 5408 (20)
2329 5343 2400 5394 [ιθ
2433 5343 2532 5395 hoc
2578 5355 2730 5393 more
2781 5342 3124 5408 praeponendi
3170 5358 3388 5397 crucem
3433 5344 3487 5398 in
3537 5346 3665 5400 sul»-

2097 5412 2488 5478 scriptionibus
2527 5425 2908 5478 episcoporum
2955 5412 3190 5466 diximus
3235 5430 3287 5481 p.
3337 5412 3393 5476 6,
3434 5415 3488 5467 in
3538 5417 3660 5471 adn.

2090 5479 2198 5532 Nos
2232 5497 2359 5533 vero
2392 5484 2555 5533 etiatu
2587 5481 3013 5536 chirogranltas.
3049 5483 3102 5536 id
3136 5493 3218 5536 est
3257 5487 3618 5536 autaaranhas
3643 5521 3660 5536 .

2139 5497 2198 5532 05
2232 5497 2359 5533 νει-υ
2392 5495 2555 5533 ειιιιιιι
2587 5495 3013 5534 etitrotzranuas.
3049 5495 3102 5534 ld
3136 5495 3218 5534 εει
3257 5495 3572 5534 ιιυιοαιτηιιιι

2092 5493 2198 5532 tVos
2232 5497 2359 5533 vero
2392 5493 2555 5533 ettatn
2587 5493 3013 5549 ehtrograpltas,
3049 5493 3102 5536 td
3136 5493 3218 5536 est
3257 5493 3618 5550 autOgraphas
3643 5521 3660 5548 ,

2090 5551 2609 5675 :Z:|0:1ilt{'lljUSdattt
2655 5547 2970 5618 Byzantina:
3016 5567 3124 5609 tere
3166 5553 3416 5609 cudimus
3451 5553 3656 5621 Script.

2091 5635 2189 5673 tet.
2227 5635 2262 5676 ι.
2300 5635 2386 5675 ιν.
