  <div class='ocr_page' id='page_1' title='image "/cluster/home/n/w/nwhite01/storage/ocr_20150623/100/mdp.39015005675668/284.png"; bbox 0 0 3898 6150; ppageno 0'>
   <div class='ocr_carea' id='block_1_1' title="bbox 231 317 333 409">
    <p class='ocr_par' dir='ltr' id='par_1_1' title="bbox 231 317 333 409">
     <span class='ocr_line' id='line_1_1' title="bbox 231 317 333 409; baseline -0.01 0"><span class='ocrx_word' id='word_1_1' title='bbox 231 317 333 409; x_wconf 69' lang='grc' dir='ltr'>διο</span> 
     </span>
    </p>
   </div>
   <div class='ocr_carea' id='block_1_2' title="bbox 961 345 2666 454">
    <p class='ocr_par' dir='ltr' id='par_1_2' title="bbox 961 345 2662 419">
     <span class='ocr_line' id='line_1_2' title="bbox 961 345 2662 419; baseline 0.006 -13"><span class='ocrx_word' id='word_1_2' title='bbox 961 345 976 354; x_wconf 75' lang='grc'><em>’</em></span> <span class='ocrx_word' id='word_1_3' title='bbox 1073 349 1644 416; x_wconf 77' lang='lat' dir='ltr'><strong>APOLOGETICUS</strong></span> <span class='ocrx_word' id='word_1_4' title='bbox 1682 357 1830 416; x_wconf 86' lang='lat' dir='ltr'><strong>PRO</strong></span> <span class='ocrx_word' id='word_1_5' title='bbox 1871 358 2140 418; x_wconf 77' lang='lat' dir='ltr'><strong>SACRIS</strong></span> <span class='ocrx_word' id='word_1_6' title='bbox 2183 360 2662 419; x_wconf 85' lang='lat' dir='ltr'><strong>IMAGINIBUS.</strong></span> 
     </span>
    </p>
   </div>
   <div class='ocr_carea' id='block_1_3' title="bbox 3376 361 3478 424">
    <p class='ocr_par' dir='ltr' id='par_1_3' title="bbox 3376 361 3478 424">
     <span class='ocr_line' id='line_1_3' title="bbox 3376 361 3478 424; baseline 0 0"><span class='ocrx_word' id='word_1_7' title='bbox 3376 361 3478 424; x_wconf 68' lang='lat'><strong>550</strong></span> 
     </span>
    </p>
   </div>
   <div class='ocr_carea' id='block_1_4' title="bbox 229 462 3477 545">
    <p class='ocr_par' dir='ltr' id='par_1_4' title="bbox 229 462 3477 545">
     <span class='ocr_line' id='line_1_4' title="bbox 229 462 3477 545; baseline 0.005 -30"><span class='ocrx_word' id='word_1_8' title='bbox 229 463 390 536; x_wconf 84' lang='grc' dir='ltr'>ῳδίαν</span> <span class='ocrx_word' id='word_1_9' title='bbox 424 462 978 533; x_wconf 86' lang='grc' dir='ltr'>δραματουργοῦντες</span> <span class='ocrx_word' id='word_1_10' title='bbox 1017 464 1327 534; x_wconf 84' lang='grc' dir='ltr'>θεατρικῶς</span> <span class='ocrx_word' id='word_1_11' title='bbox 1379 469 1440 520; x_wconf 88' lang='grc' dir='ltr'><strong>ού</strong></span> <span class='ocrx_word' id='word_1_12' title='bbox 1495 473 1965 541; x_wconf 76' lang='grc' dir='ltr'>καταπεφρίκασι,</span> <span class='ocrx_word' id='word_1_13' title='bbox 2031 473 2094 525; x_wconf 89' lang='grc' dir='ltr'><strong>τό</strong></span> <span class='ocrx_word' id='word_1_14' title='bbox 2115 491 2175 526; x_wconf 90' lang='grc' dir='ltr'><strong>τε</strong></span> <span class='ocrx_word' id='word_1_15' title='bbox 2210 470 2350 544; x_wconf 77' lang='grc' dir='ltr'>αἷμα</span> <span class='ocrx_word' id='word_1_16' title='bbox 2392 474 2493 544; x_wconf 83' lang='grc' dir='ltr'>τῆς</span> <span class='ocrx_word' id='word_1_17' title='bbox 2532 475 2727 544; x_wconf 83' lang='grc' dir='ltr'><strong>καινῆς</strong></span> <span class='ocrx_word' id='word_1_18' title='bbox 2787 473 3055 545; x_wconf 80' lang='grc' dir='ltr'><strong>διαθήκης</strong></span> <span class='ocrx_word' id='word_1_19' title='bbox 3096 474 3162 528; x_wconf 78' lang='grc' dir='ltr'>δι’</span> <span class='ocrx_word' id='word_1_20' title='bbox 3192 472 3252 530; x_wconf 74' lang='grc' dir='ltr'>οὗ</span> <span class='ocrx_word' id='word_1_21' title='bbox 3286 476 3477 545; x_wconf 75' lang='grc' dir='ltr'>ἐξηγο-</span> 
     </span>
    </p>
   </div>
   <div class='ocr_carea' id='block_1_5' title="bbox 233 552 3476 642">
    <p class='ocr_par' dir='ltr' id='par_1_5' title="bbox 233 552 3476 642">
     <span class='ocr_line' id='line_1_5' title="bbox 233 552 3476 642; baseline 0.005 -32"><span class='ocrx_word' id='word_1_22' title='bbox 233 552 516 627; x_wconf 78' lang='grc' dir='ltr'>ράσθησαν</span> <span class='ocrx_word' id='word_1_23' title='bbox 542 555 722 609; x_wconf 85' lang='grc' dir='ltr'>κοινὸν</span> <span class='ocrx_word' id='word_1_24' title='bbox 754 557 1122 628; x_wconf 82' lang='grc' dir='ltr'><strong>ἡγησάμενοι,</strong></span> <span class='ocrx_word' id='word_1_25' title='bbox 1147 562 1243 613; x_wconf 74' lang='grc' dir='ltr'>καὶ</span> <span class='ocrx_word' id='word_1_26' title='bbox 1269 561 1379 616; x_wconf 91' lang='grc' dir='ltr'><strong>τῶν</strong></span> <span class='ocrx_word' id='word_1_27' title='bbox 1416 563 1579 634; x_wconf 78' lang='grc' dir='ltr'>ἱερῶν</span> <span class='ocrx_word' id='word_1_28' title='bbox 1597 563 1802 636; x_wconf 84' lang='grc' dir='ltr'><strong>ταύτης</strong></span> <span class='ocrx_word' id='word_1_29' title='bbox 1843 567 2153 636; x_wconf 89' lang='grc' dir='ltr'>συμϐόλων,</span> <span class='ocrx_word' id='word_1_30' title='bbox 2186 563 2274 622; x_wconf 74' lang='grc' dir='ltr'>οἷα</span> <span class='ocrx_word' id='word_1_31' title='bbox 2326 569 2684 640; x_wconf 84' lang='grc' dir='ltr'><strong>βακχεύοντες</strong></span> <span class='ocrx_word' id='word_1_32' title='bbox 2709 571 2784 634; x_wconf 82' lang='grc' dir='ltr'>ὼς</span> <span class='ocrx_word' id='word_1_33' title='bbox 2853 573 2917 624; x_wconf 85' lang='grc' dir='ltr'><strong>ἐκ</strong></span> <span class='ocrx_word' id='word_1_34' title='bbox 2951 571 3121 641; x_wconf 80' lang='grc' dir='ltr'>μέθης</span> <span class='ocrx_word' id='word_1_35' title='bbox 3136 572 3235 641; x_wconf 75' lang='grc' dir='ltr'>τῆς</span> <span class='ocrx_word' id='word_1_36' title='bbox 3261 573 3476 642; x_wconf 82' lang='grc' dir='ltr'><strong>ἀπάτης</strong></span> 
     </span>
    </p>
   </div>
   <div class='ocr_carea' id='block_1_6' title="bbox 228 647 1406 722">
    <p class='ocr_par' dir='ltr' id='par_1_6' title="bbox 228 647 1406 722">
     <span class='ocr_line' id='line_1_6' title="bbox 228 647 1406 722; baseline 0.006 -22"><span class='ocrx_word' id='word_1_37' title='bbox 228 648 321 700; x_wconf 78' lang='grc' dir='ltr'><strong>καὶ</strong></span> <span class='ocrx_word' id='word_1_38' title='bbox 351 647 642 712; x_wconf 80' lang='grc' dir='ltr'>ἀπιστίας,</span> <span class='ocrx_word' id='word_1_39' title='bbox 688 649 936 718; x_wconf 80' lang='grc' dir='ltr'><strong>μανικῶς</strong></span> <span class='ocrx_word' id='word_1_40' title='bbox 957 651 1406 722; x_wconf 82' lang='grc' dir='ltr'>κατορχούμενοι.</span> 
     </span>
    </p>
   </div>
   <div class='ocr_carea' id='block_1_7' title="bbox 295 734 1783 826">
    <p class='ocr_par' dir='ltr' id='par_1_7' title="bbox 295 734 1783 817">
     <span class='ocr_line' id='line_1_7' title="bbox 295 734 1783 817; baseline 0.007 -27"><span class='ocrx_word' id='word_1_41' title='bbox 295 737 363 803; x_wconf 84' lang='grc' dir='ltr'><strong>ζ’.</strong></span> <span class='ocrx_word' id='word_1_42' title='bbox 412 739 568 790; x_wconf 76' lang='grc' dir='ltr'>Ἐπεὶ</span> <span class='ocrx_word' id='word_1_43' title='bbox 613 734 707 791; x_wconf 83' lang='grc' dir='ltr'><strong>οὖν</strong></span> <span class='ocrx_word' id='word_1_44' title='bbox 758 739 978 793; x_wconf 86' lang='grc' dir='ltr'>ἀσεϐεῖν</span> <span class='ocrx_word' id='word_1_45' title='bbox 1007 743 1209 806; x_wconf 73' lang='grc' dir='ltr'>αὐτοὺς</span> <span class='ocrx_word' id='word_1_46' title='bbox 1251 742 1359 796; x_wconf 82' lang='grc' dir='ltr'>ἔδει</span> <span class='ocrx_word' id='word_1_47' title='bbox 1403 746 1498 798; x_wconf 79' lang='grc' dir='ltr'>καὶ</span> <span class='ocrx_word' id='word_1_48' title='bbox 1530 745 1674 817; x_wconf 85' lang='grc' dir='ltr'>λόγῳ</span> <span class='ocrx_word' id='word_1_49' title='bbox 1716 765 1783 801; x_wconf 87' lang='grc' dir='ltr'><strong>κα</strong></span> 
     </span>
    </p>
   </div>
   <div class='ocr_carea' id='block_1_8' title="bbox 1889 734 3474 826">
    <p class='ocr_par' dir='ltr' id='par_1_8' title="bbox 1986 751 3474 826">
     <span class='ocr_line' id='line_1_8' title="bbox 1986 751 3474 826; baseline -0.007 -16"><span class='ocrx_word' id='word_1_50' title='bbox 1986 751 2143 822; x_wconf 80' lang='lat'><strong>155</strong></span> <span class='ocrx_word' id='word_1_51' title='bbox 2177 751 2230 806; x_wconf 86' lang='lat'><strong>7.</strong></span> <span class='ocrx_word' id='word_1_52' title='bbox 2274 753 2410 819; x_wconf 82' lang='lat' dir='ltr'><strong>Quia</strong></span> <span class='ocrx_word' id='word_1_53' title='bbox 2462 754 2627 822; x_wconf 84' lang='lat' dir='ltr'><strong>igitur</strong></span> <span class='ocrx_word' id='word_1_54' title='bbox 2670 753 2834 807; x_wconf 86' lang='lat' dir='ltr'><strong>verbo</strong></span> <span class='ocrx_word' id='word_1_55' title='bbox 2869 763 2922 805; x_wconf 89' lang='lat' dir='ltr'><strong>et</strong></span> <span class='ocrx_word' id='word_1_56' title='bbox 2948 769 3109 822; x_wconf 90' lang='lat' dir='ltr'><strong>opere</strong></span> <span class='ocrx_word' id='word_1_57' title='bbox 3157 756 3301 822; x_wconf 88' lang='lat' dir='ltr'><strong>ipsos</strong></span> <span class='ocrx_word' id='word_1_58' title='bbox 3347 773 3474 826; x_wconf 73' lang='lat' dir='ltr'><strong>pec.</strong></span> 
     </span>
    </p>
   </div>
   <div class='ocr_carea' id='block_1_9' title="bbox 225 829 1800 906">
    <p class='ocr_par' dir='ltr' id='par_1_9' title="bbox 225 829 1800 906">
     <span class='ocr_line' id='line_1_9' title="bbox 225 829 1800 906; baseline 0.005 -22"><span class='ocrx_word' id='word_1_59' title='bbox 225 831 543 899; x_wconf 78' lang='grc' dir='ltr'><strong>πράγματι,</strong></span> <span class='ocrx_word' id='word_1_60' title='bbox 591 830 692 883; x_wconf 80' lang='grc' dir='ltr'><strong>ὅσα</strong></span> <span class='ocrx_word' id='word_1_61' title='bbox 747 829 847 900; x_wconf 90' lang='grc' dir='ltr'><strong>μέν</strong></span> <span class='ocrx_word' id='word_1_62' title='bbox 898 833 1082 898; x_wconf 80' lang='grc' dir='ltr'>αὐτοῖς</span> <span class='ocrx_word' id='word_1_63' title='bbox 1138 834 1329 904; x_wconf 87' lang='grc' dir='ltr'>αἱρετά</span> <span class='ocrx_word' id='word_1_64' title='bbox 1376 835 1447 888; x_wconf 87' lang='grc' dir='ltr'>τὰ</span> <span class='ocrx_word' id='word_1_65' title='bbox 1477 837 1614 906; x_wconf 80' lang='grc' dir='ltr'>πρὸς</span> <span class='ocrx_word' id='word_1_66' title='bbox 1667 838 1800 892; x_wconf 79' lang='grc' dir='ltr'>Θεὸν</span> 
     </span>
    </p>
   </div>
   <div class='ocr_carea' id='block_1_10' title="bbox 225 919 1801 995">
    <p class='ocr_par' dir='ltr' id='par_1_10' title="bbox 225 919 1801 995">
     <span class='ocr_line' id='line_1_10' title="bbox 225 919 1801 995; baseline 0.006 -21"><span class='ocrx_word' id='word_1_67' title='bbox 225 919 508 983; x_wconf 79' lang='grc' dir='ltr'>ἀθετοῦσι,</span> <span class='ocrx_word' id='word_1_68' title='bbox 549 922 618 990; x_wconf 82' lang='grc' dir='ltr'>τῇ</span> <span class='ocrx_word' id='word_1_69' title='bbox 650 919 876 995; x_wconf 78' lang='grc' dir='ltr'>γλώσσῃ</span> <span class='ocrx_word' id='word_1_70' title='bbox 906 922 1352 988; x_wconf 82' lang='grc' dir='ltr'>ἀσελγαίνουσιν·</span> <span class='ocrx_word' id='word_1_71' title='bbox 1382 927 1482 980; x_wconf 86' lang='grc' dir='ltr'>ὅσα</span> <span class='ocrx_word' id='word_1_72' title='bbox 1506 927 1562 980; x_wconf 85' lang='grc' dir='ltr'><strong>δὲ</strong></span> <span class='ocrx_word' id='word_1_73' title='bbox 1601 927 1801 983; x_wconf 83' lang='grc' dir='ltr'>δυνατὰ</span> 
     </span>
    </p>
   </div>
   <div class='ocr_carea' id='block_1_11' title="bbox 226 1011 1800 1090">
    <p class='ocr_par' dir='ltr' id='par_1_11' title="bbox 226 1011 1800 1090">
     <span class='ocr_line' id='line_1_11' title="bbox 226 1011 1800 1090; baseline 0.006 -25"><span class='ocrx_word' id='word_1_74' title='bbox 226 1011 480 1083; x_wconf 85' lang='grc' dir='ltr'>βεϐήλοις</span> <span class='ocrx_word' id='word_1_75' title='bbox 510 1013 671 1083; x_wconf 79' lang='grc' dir='ltr'>χερσὶ</span> <span class='ocrx_word' id='word_1_76' title='bbox 693 1012 762 1067; x_wconf 82' lang='grc' dir='ltr'>τὰ</span> <span class='ocrx_word' id='word_1_77' title='bbox 784 1014 919 1082; x_wconf 73' lang='grc' dir='ltr'>ἅγια</span> <span class='ocrx_word' id='word_1_78' title='bbox 945 1015 1285 1086; x_wconf 78' lang='grc' dir='ltr'>χραίνουσινο</span> <span class='ocrx_word' id='word_1_79' title='bbox 1313 1016 1458 1070; x_wconf 80' lang='grc' dir='ltr'>οὕτω</span> <span class='ocrx_word' id='word_1_80' title='bbox 1487 1019 1594 1090; x_wconf 87' lang='grc' dir='ltr'>γὰρ</span> <span class='ocrx_word' id='word_1_81' title='bbox 1615 1021 1800 1086; x_wconf 84' lang='grc' dir='ltr'>αὐτοῖς</span> 
     </span>
    </p>
   </div>
   <div class='ocr_carea' id='block_1_12' title="bbox 222 1105 1798 1181">
    <p class='ocr_par' dir='ltr' id='par_1_12' title="bbox 222 1105 1798 1181">
     <span class='ocr_line' id='line_1_12' title="bbox 222 1105 1798 1181; baseline 0.006 -24"><span class='ocrx_word' id='word_1_82' title='bbox 222 1105 361 1179; x_wconf 47' lang='grc' dir='ltr'>ἢέοτέ</span> <span class='ocrx_word' id='word_1_83' title='bbox 372 1105 599 1176; x_wconf 78' lang='grc' dir='ltr'>ρωθενῆ</span> <span class='ocrx_word' id='word_1_84' title='bbox 627 1105 994 1176; x_wconf 80' lang='grc' dir='ltr'>ἑκατέρωθεν,</span> <span class='ocrx_word' id='word_1_85' title='bbox 1013 1107 1046 1177; x_wconf 85' lang='grc' dir='ltr'><strong>ἦ</strong></span> <span class='ocrx_word' id='word_1_86' title='bbox 1067 1107 1147 1160; x_wconf 89' lang='grc' dir='ltr'><strong>ἐνί</strong></span> <span class='ocrx_word' id='word_1_87' title='bbox 1176 1125 1241 1176; x_wconf 88' lang='grc' dir='ltr'><strong>γε</strong></span> <span class='ocrx_word' id='word_1_88' title='bbox 1269 1108 1348 1179; x_wconf 85' lang='grc' dir='ltr'><strong>τῷ</strong></span> <span class='ocrx_word' id='word_1_89' title='bbox 1373 1111 1560 1181; x_wconf 87' lang='grc' dir='ltr'>τρόπῳ</span> <span class='ocrx_word' id='word_1_90' title='bbox 1577 1113 1798 1176; x_wconf 81' lang='grc' dir='ltr'>πάντως</span> 
     </span>
    </p>
   </div>
   <div class='ocr_carea' id='block_1_13' title="bbox 226 1195 1797 1273">
    <p class='ocr_par' dir='ltr' id='par_1_13' title="bbox 226 1195 1797 1273">
     <span class='ocr_line' id='line_1_13' title="bbox 226 1195 1797 1273; baseline 0.002 -23"><span class='ocrx_word' id='word_1_91' title='bbox 226 1197 288 1250; x_wconf 84' lang='grc' dir='ltr'>τὸ</span> <span class='ocrx_word' id='word_1_92' title='bbox 311 1195 725 1267; x_wconf 81' lang='grc' dir='ltr'>ἐξαμαρτάνειν</span> <span class='ocrx_word' id='word_1_93' title='bbox 755 1198 1227 1267; x_wconf 88' lang='grc' dir='ltr'>περισπούδαστον</span> <span class='ocrx_word' id='word_1_94' title='bbox 1244 1217 1258 1230; x_wconf 86' lang='grc'><strong>·</strong></span> <span class='ocrx_word' id='word_1_95' title='bbox 1278 1199 1368 1253; x_wconf 77' lang='grc' dir='ltr'><strong>διὰ</strong></span> <span class='ocrx_word' id='word_1_96' title='bbox 1390 1201 1567 1255; x_wconf 89' lang='grc' dir='ltr'>ταῦτα</span> <span class='ocrx_word' id='word_1_97' title='bbox 1586 1202 1680 1255; x_wconf 67' lang='grc' dir='ltr'><strong>ἐπ)⁵</strong></span> <span class='ocrx_word' id='word_1_98' title='bbox 1699 1202 1797 1273; x_wconf 80' lang='grc' dir='ltr'>τὴν</span> 
     </span>
    </p>
   </div>
   <div class='ocr_carea' id='block_1_14' title="bbox 233 1284 1792 1359">
    <p class='ocr_par' dir='ltr' id='par_1_14' title="bbox 233 1284 1792 1359">
     <span class='ocr_line' id='line_1_14' title="bbox 233 1284 1792 1359; baseline 0.003 -22"><span class='ocrx_word' id='word_1_99' title='bbox 233 1284 569 1354; x_wconf 76' lang='grc' dir='ltr'>Ἐκκλησίαν</span> <span class='ocrx_word' id='word_1_100' title='bbox 606 1284 699 1339; x_wconf 86' lang='grc' dir='ltr'><strong>τοῦ</strong></span> <span class='ocrx_word' id='word_1_101' title='bbox 730 1285 967 1355; x_wconf 75' lang='grc' dir='ltr'>Χριστοῦ</span> <span class='ocrx_word' id='word_1_102' title='bbox 1003 1289 1626 1359; x_wconf 87' lang='grc' dir='ltr'>κατεπανουργεύσαντο</span> <span class='ocrx_word' id='word_1_103' title='bbox 1649 1291 1792 1359; x_wconf 87' lang='grc' dir='ltr'>γνώ-</span> 
     </span>
    </p>
   </div>
   <div class='ocr_carea' id='block_1_15' title="bbox 193 1375 1791 1450">
    <p class='ocr_par' dir='ltr' id='par_1_15' title="bbox 193 1375 1791 1450">
     <span class='ocr_line' id='line_1_15' title="bbox 193 1375 1791 1450; baseline 0.006 -23"><span class='ocrx_word' id='word_1_104' title='bbox 193 1397 196 1402; x_wconf 68' lang='lat'>&#39;</span> <span class='ocrx_word' id='word_1_105' title='bbox 225 1393 354 1445; x_wconf 90' lang='grc' dir='ltr'>μην,</span> <span class='ocrx_word' id='word_1_106' title='bbox 370 1378 467 1428; x_wconf 75' lang='grc' dir='ltr'>καὶ</span> <span class='ocrx_word' id='word_1_107' title='bbox 481 1375 893 1441; x_wconf 85' lang='grc' dir='ltr'>ἐϐουλεύσαντο,</span> <span class='ocrx_word' id='word_1_108' title='bbox 910 1377 1113 1448; x_wconf 82' lang='grc' dir='ltr'>μᾶλλον</span> <span class='ocrx_word' id='word_1_109' title='bbox 1131 1378 1186 1432; x_wconf 88' lang='grc' dir='ltr'><strong>δέ</strong></span> <span class='ocrx_word' id='word_1_110' title='bbox 1200 1379 1633 1450; x_wconf 77' lang='grc' dir='ltr'>κατεπράξαντο,</span> <span class='ocrx_word' id='word_1_111' title='bbox 1649 1384 1791 1436; x_wconf 83' lang='grc' dir='ltr'><strong>κατά</strong></span> 
     </span>
    </p>
   </div>
   <div class='ocr_carea' id='block_1_16' title="bbox 220 1468 1792 1543">
    <p class='ocr_par' dir='ltr' id='par_1_16' title="bbox 220 1468 1792 1543">
     <span class='ocr_line' id='line_1_16' title="bbox 220 1468 1792 1543; baseline 0.004 -23"><span class='ocrx_word' id='word_1_112' title='bbox 220 1468 328 1520; x_wconf 82' lang='grc' dir='ltr'><strong>τῶν</strong></span> <span class='ocrx_word' id='word_1_113' title='bbox 361 1468 538 1536; x_wconf 84' lang='grc' dir='ltr'>ἁγίων</span> <span class='ocrx_word' id='word_1_114' title='bbox 562 1469 731 1522; x_wconf 81' lang='grc' dir='ltr'>αὐτοῦ</span> <span class='ocrx_word' id='word_1_115' title='bbox 755 1485 768 1500; x_wconf 87' lang='grc'><strong>·</strong></span> <span class='ocrx_word' id='word_1_116' title='bbox 803 1469 879 1532; x_wconf 84' lang='grc' dir='ltr'>ὡς</span> <span class='ocrx_word' id='word_1_117' title='bbox 909 1470 1047 1524; x_wconf 78' lang='grc' dir='ltr'>πολὺ</span> <span class='ocrx_word' id='word_1_118' title='bbox 1072 1471 1132 1524; x_wconf 76' lang='grc' dir='ltr'><strong>τὸ</strong></span> <span class='ocrx_word' id='word_1_119' title='bbox 1162 1471 1363 1543; x_wconf 83' lang='grc' dir='ltr'>πλῆθος</span> <span class='ocrx_word' id='word_1_120' title='bbox 1390 1474 1490 1542; x_wconf 82' lang='grc' dir='ltr'><strong>τῆς</strong></span> <span class='ocrx_word' id='word_1_121' title='bbox 1521 1473 1614 1526; x_wconf 86' lang='grc' dir='ltr'><strong>τοῦ</strong></span> <span class='ocrx_word' id='word_1_122' title='bbox 1657 1474 1792 1528; x_wconf 83' lang='grc' dir='ltr'>Θεοῦ</span> 
     </span>
    </p>
   </div>
   <div class='ocr_carea' id='block_1_17' title="bbox 223 1558 1794 1632">
    <p class='ocr_par' dir='ltr' id='par_1_17' title="bbox 223 1558 1794 1632">
     <span class='ocr_line' id='line_1_17' title="bbox 223 1558 1794 1632; baseline 0.004 -23"><span class='ocrx_word' id='word_1_123' title='bbox 223 1558 617 1628; x_wconf 81' lang='grc' dir='ltr'>μακροθυμίας</span> <span class='ocrx_word' id='word_1_124' title='bbox 638 1560 733 1612; x_wconf 73' lang='grc' dir='ltr'><strong>καὶ</strong></span> <span class='ocrx_word' id='word_1_125' title='bbox 760 1559 861 1628; x_wconf 83' lang='grc' dir='ltr'><strong>τῆς</strong></span> <span class='ocrx_word' id='word_1_126' title='bbox 891 1561 1096 1630; x_wconf 79' lang='grc' dir='ltr'><strong>ἀνοχῆς</strong></span> <span class='ocrx_word' id='word_1_127' title='bbox 1119 1563 1214 1614; x_wconf 77' lang='grc' dir='ltr'><strong>καὶ</strong></span> <span class='ocrx_word' id='word_1_128' title='bbox 1245 1564 1644 1632; x_wconf 70' lang='grc' dir='ltr'>χρηστότητος*</span> <span class='ocrx_word' id='word_1_129' title='bbox 1675 1563 1794 1627; x_wconf 88' lang='grc' dir='ltr'><strong>πῶς</strong></span> 
     </span>
    </p>
   </div>
   <div class='ocr_carea' id='block_1_18' title="bbox 219 1649 1793 1724">
    <p class='ocr_par' dir='ltr' id='par_1_18' title="bbox 219 1649 1793 1724">
     <span class='ocr_line' id='line_1_18' title="bbox 219 1649 1793 1724; baseline 0.004 -22"><span class='ocrx_word' id='word_1_130' title='bbox 219 1650 316 1720; x_wconf 78' lang='grc' dir='ltr'>τὴν</span> <span class='ocrx_word' id='word_1_131' title='bbox 350 1650 534 1701; x_wconf 80' lang='grc' dir='ltr'>κτίσιν</span> <span class='ocrx_word' id='word_1_132' title='bbox 569 1649 864 1718; x_wconf 83' lang='grc' dir='ltr'>μαιμῶσαν</span> <span class='ocrx_word' id='word_1_133' title='bbox 889 1651 1316 1722; x_wconf 23' lang='grc' dir='ltr'>καὶ-βρέμουσαν</span> <span class='ocrx_word' id='word_1_134' title='bbox 1340 1653 1449 1706; x_wconf 84' lang='grc' dir='ltr'><strong>τῶν</strong></span> <span class='ocrx_word' id='word_1_135' title='bbox 1481 1655 1793 1724; x_wconf 80' lang='grc' dir='ltr'>Χριστομα-</span> 
     </span>
    </p>
   </div>
   <div class='ocr_carea' id='block_1_19' title="bbox 222 1739 1792 1814">
    <p class='ocr_par' dir='ltr' id='par_1_19' title="bbox 222 1739 1792 1814">
     <span class='ocr_line' id='line_1_19' title="bbox 222 1739 1792 1814; baseline 0.002 -21"><span class='ocrx_word' id='word_1_136' title='bbox 222 1740 468 1813; x_wconf 78' lang='grc' dir='ltr'>χούντων</span> <span class='ocrx_word' id='word_1_137' title='bbox 513 1739 792 1806; x_wconf 79' lang='grc' dir='ltr'>ἐπεξιέναι</span> <span class='ocrx_word' id='word_1_138' title='bbox 850 1740 948 1810; x_wconf 79' lang='grc' dir='ltr'>τὴν</span> <span class='ocrx_word' id='word_1_139' title='bbox 1000 1743 1229 1812; x_wconf 83' lang='grc' dir='ltr'>τόλμαν,</span> <span class='ocrx_word' id='word_1_140' title='bbox 1284 1743 1524 1814; x_wconf 76' lang='grc' dir='ltr'>πεδήσας</span> <span class='ocrx_word' id='word_1_141' title='bbox 1558 1745 1658 1798; x_wconf 84' lang='grc' dir='ltr'><strong>οὐκ</strong></span> <span class='ocrx_word' id='word_1_142' title='bbox 1703 1746 1792 1812; x_wconf 70' lang='grc' dir='ltr'><strong>ὴν-</strong></span> 
     </span>
    </p>
   </div>
   <div class='ocr_carea' id='block_1_20' title="bbox 220 1830 1792 1904">
    <p class='ocr_par' dir='ltr' id='par_1_20' title="bbox 220 1830 1792 1904">
     <span class='ocr_line' id='line_1_20' title="bbox 220 1830 1792 1904; baseline 0.001 -20"><span class='ocrx_word' id='word_1_143' title='bbox 220 1834 456 1904; x_wconf 82' lang='grc' dir='ltr'>έσχετο;</span> <span class='ocrx_word' id='word_1_144' title='bbox 499 1832 619 1895; x_wconf 86' lang='grc' dir='ltr'><strong>πῶς</strong></span> <span class='ocrx_word' id='word_1_145' title='bbox 648 1831 843 1886; x_wconf 80' lang='grc' dir='ltr'>παθεῖν</span> <span class='ocrx_word' id='word_1_146' title='bbox 869 1831 904 1885; x_wconf 78' lang='grc' dir='ltr'>ἃ</span> <span class='ocrx_word' id='word_1_147' title='bbox 938 1830 1133 1885; x_wconf 81' lang='grc' dir='ltr'>παθεῖν</span> <span class='ocrx_word' id='word_1_148' title='bbox 1181 1833 1421 1894; x_wconf 81' lang='grc' dir='ltr'>δίκαιον,</span> <span class='ocrx_word' id='word_1_149' title='bbox 1453 1835 1519 1888; x_wconf 86' lang='grc' dir='ltr'>τὰ</span> <span class='ocrx_word' id='word_1_150' title='bbox 1552 1836 1792 1902; x_wconf 87' lang='grc' dir='ltr'>στοιχεῖα</span> 
     </span>
    </p>
   </div>
   <div class='ocr_carea' id='block_1_21' title="bbox 215 1921 1789 1993">
    <p class='ocr_par' dir='ltr' id='par_1_21' title="bbox 215 1921 1789 1993">
     <span class='ocr_line' id='line_1_21' title="bbox 215 1921 1789 1993; baseline 0 -18"><span class='ocrx_word' id='word_1_151' title='bbox 215 1923 284 1975; x_wconf 75' lang='grc' dir='ltr'>τὰ</span> <span class='ocrx_word' id='word_1_152' title='bbox 339 1923 687 1992; x_wconf 87' lang='grc' dir='ltr'>περικόσμια</span> <span class='ocrx_word' id='word_1_153' title='bbox 757 1921 1012 1991; x_wconf 78' lang='grc' dir='ltr'>οὐδαμῶς</span> <span class='ocrx_word' id='word_1_154' title='bbox 1077 1921 1457 1993; x_wconf 83' lang='grc' dir='ltr'>συνεχώρησε;</span> <span class='ocrx_word' id='word_1_155' title='bbox 1509 1923 1571 1977; x_wconf 83' lang='grc' dir='ltr'><strong>τὸ</strong></span> <span class='ocrx_word' id='word_1_156' title='bbox 1638 1923 1789 1987; x_wconf 78' lang='grc' dir='ltr'>τόξον</span> 
     </span>
    </p>
   </div>
   <div class='ocr_carea' id='block_1_22' title="bbox 218 2011 1789 2081">
    <p class='ocr_par' dir='ltr' id='par_1_22' title="bbox 218 2011 1789 2081">
     <span class='ocr_line' id='line_1_22' title="bbox 218 2011 1789 2081; baseline -0.001 -16"><span class='ocrx_word' id='word_1_157' title='bbox 218 2014 541 2076; x_wconf 77' lang='grc' dir='ltr'>ἐντείνεται,</span> <span class='ocrx_word' id='word_1_158' title='bbox 561 2013 656 2065; x_wconf 75' lang='grc' dir='ltr'><strong>καὶ</strong></span> <span class='ocrx_word' id='word_1_159' title='bbox 673 2013 987 2081; x_wconf 88' lang='grc' dir='ltr'>κατέχεται,</span> <span class='ocrx_word' id='word_1_160' title='bbox 1009 2012 1038 2064; x_wconf 83' lang='grc' dir='ltr'><strong>ὃ</strong></span> <span class='ocrx_word' id='word_1_161' title='bbox 1062 2015 1174 2075; x_wconf 90' lang='grc' dir='ltr'>τοῖς</span> <span class='ocrx_word' id='word_1_162' title='bbox 1203 2011 1298 2066; x_wconf 91' lang='grc' dir='ltr'><strong>τοῦ</strong></span> <span class='ocrx_word' id='word_1_163' title='bbox 1334 2012 1572 2068; x_wconf 79' lang='grc' dir='ltr'>θανάτου</span> <span class='ocrx_word' id='word_1_164' title='bbox 1597 2012 1789 2068; x_wconf 85' lang='grc' dir='ltr'>σκεύε-</span> 
     </span>
    </p>
   </div>
   <div class='ocr_carea' id='block_1_23' title="bbox 217 2104 1790 2175">
    <p class='ocr_par' dir='ltr' id='par_1_23' title="bbox 217 2104 1790 2175">
     <span class='ocr_line' id='line_1_23' title="bbox 217 2104 1790 2175; baseline 0.001 -17"><span class='ocrx_word' id='word_1_165' title='bbox 217 2123 301 2158; x_wconf 88' lang='grc' dir='ltr'><strong>σιν</strong></span> <span class='ocrx_word' id='word_1_166' title='bbox 359 2105 752 2175; x_wconf 73' lang='grc' dir='ltr'>ἐτοιμάζεται;</span> <span class='ocrx_word' id='word_1_167' title='bbox 789 2107 822 2174; x_wconf 80' lang='grc' dir='ltr'><strong>ὴ</strong></span> <span class='ocrx_word' id='word_1_168' title='bbox 872 2104 1191 2175; x_wconf 83' lang='grc' dir='ltr'>τεθηγμένη</span> <span class='ocrx_word' id='word_1_169' title='bbox 1261 2106 1357 2158; x_wconf 73' lang='grc' dir='ltr'><strong>καὶ</strong></span> <span class='ocrx_word' id='word_1_170' title='bbox 1403 2106 1790 2174; x_wconf 79' lang='grc' dir='ltr'>ἀστράπτουσα</span> 
     </span>
    </p>
   </div>
   <div class='ocr_carea' id='block_1_24' title="bbox 219 2194 1789 2267">
    <p class='ocr_par' dir='ltr' id='par_1_24' title="bbox 219 2194 1789 2267">
     <span class='ocr_line' id='line_1_24' title="bbox 219 2194 1789 2267; baseline -0.001 -17"><span class='ocrx_word' id='word_1_171' title='bbox 219 2198 489 2265; x_wconf 87' lang='grc' dir='ltr'>μάχαιρα,</span> <span class='ocrx_word' id='word_1_172' title='bbox 523 2198 620 2249; x_wconf 70' lang='grc' dir='ltr'><strong>καὶ</strong></span> <span class='ocrx_word' id='word_1_173' title='bbox 667 2196 736 2248; x_wconf 79' lang='grc' dir='ltr'><strong>τὰ</strong></span> <span class='ocrx_word' id='word_1_174' title='bbox 778 2196 1091 2267; x_wconf 74' lang='grc' dir='ltr'>ἠκονημένα</span> <span class='ocrx_word' id='word_1_175' title='bbox 1128 2194 1256 2266; x_wconf 86' lang='grc' dir='ltr'>βέλη</span> <span class='ocrx_word' id='word_1_176' title='bbox 1297 2195 1374 2259; x_wconf 85' lang='grc' dir='ltr'>ὡς</span> <span class='ocrx_word' id='word_1_177' title='bbox 1422 2197 1515 2265; x_wconf 79' lang='grc' dir='ltr'><strong>ἀφ’</strong></span> <span class='ocrx_word' id='word_1_178' title='bbox 1559 2197 1789 2267; x_wconf 80' lang='grc' dir='ltr'>αἵματος</span> 
     </span>
    </p>
   </div>
   <div class='ocr_carea' id='block_1_25' title="bbox 214 2286 1789 2357">
    <p class='ocr_par' dir='ltr' id='par_1_25' title="bbox 214 2286 1789 2357">
     <span class='ocr_line' id='line_1_25' title="bbox 214 2286 1789 2357; baseline 0 -17"><span class='ocrx_word' id='word_1_179' title='bbox 214 2290 321 2341; x_wconf 82' lang='grc' dir='ltr'><strong>τῶν</strong></span> <span class='ocrx_word' id='word_1_180' title='bbox 353 2288 569 2341; x_wconf 84' lang='grc' dir='ltr'>ἀσεϐῶν</span> <span class='ocrx_word' id='word_1_181' title='bbox 600 2287 1055 2357; x_wconf 89' lang='grc' dir='ltr'>μεθυσθησόμενα</span> <span class='ocrx_word' id='word_1_182' title='bbox 1084 2289 1179 2339; x_wconf 73' lang='grc' dir='ltr'>καὶ</span> <span class='ocrx_word' id='word_1_183' title='bbox 1214 2286 1658 2356; x_wconf 83' lang='grc' dir='ltr'>πλησθησόμενα,</span> <span class='ocrx_word' id='word_1_184' title='bbox 1689 2288 1789 2340; x_wconf 88' lang='grc' dir='ltr'><strong>ούκ</strong></span> 
     </span>
    </p>
   </div>
   <div class='ocr_carea' id='block_1_26' title="bbox 215 2374 1784 2445">
    <p class='ocr_par' dir='ltr' id='par_1_26' title="bbox 215 2374 1784 2445">
     <span class='ocr_line' id='line_1_26' title="bbox 215 2374 1784 2445; baseline 0 -19"><span class='ocrx_word' id='word_1_185' title='bbox 215 2375 547 2443; x_wconf 75' lang='grc' dir='ltr'>ἐπαφίεται;</span> <span class='ocrx_word' id='word_1_186' title='bbox 585 2376 635 2426; x_wconf 81' lang='grc' dir='ltr'>οἰ</span> <span class='ocrx_word' id='word_1_187' title='bbox 678 2374 970 2445; x_wconf 82' lang='grc' dir='ltr'>φωστῆρες</span> <span class='ocrx_word' id='word_1_188' title='bbox 1012 2374 1074 2427; x_wconf 82' lang='grc' dir='ltr'><strong>τὸ</strong></span> <span class='ocrx_word' id='word_1_189' title='bbox 1117 2374 1235 2442; x_wconf 83' lang='grc' dir='ltr'>φῶς</span> <span class='ocrx_word' id='word_1_190' title='bbox 1281 2376 1341 2427; x_wconf 86' lang='grc' dir='ltr'><strong>ού</strong></span> <span class='ocrx_word' id='word_1_191' title='bbox 1384 2375 1784 2437; x_wconf 82' lang='grc' dir='ltr'>συστέλλονται,</span> 
     </span>
    </p>
   </div>
   <div class='ocr_carea' id='block_1_27' title="bbox 213 2456 1786 2534">
    <p class='ocr_par' dir='ltr' id='par_1_27' title="bbox 213 2456 1786 2534">
     <span class='ocr_line' id='line_1_27' title="bbox 213 2456 1786 2534; baseline 0.002 -20"><span class='ocrx_word' id='word_1_192' title='bbox 213 2463 335 2515; x_wconf 84' lang='grc' dir='ltr'><strong>ούδέ</strong></span> <span class='ocrx_word' id='word_1_193' title='bbox 366 2463 463 2518; x_wconf 83' lang='grc' dir='ltr'><strong>τὸν</strong></span> <span class='ocrx_word' id='word_1_194' title='bbox 495 2464 696 2534; x_wconf 88' lang='grc' dir='ltr'>δρόμον</span> <span class='ocrx_word' id='word_1_195' title='bbox 746 2464 1060 2532; x_wconf 84' lang='grc' dir='ltr'>ἐπέχονται,</span> <span class='ocrx_word' id='word_1_196' title='bbox 1091 2463 1207 2516; x_wconf 81' lang='grc' dir='ltr'>ἀλλ’</span> <span class='ocrx_word' id='word_1_197' title='bbox 1240 2465 1343 2518; x_wconf 84' lang='grc' dir='ltr'><strong>ὑπὸ</strong></span> <span class='ocrx_word' id='word_1_198' title='bbox 1385 2456 1487 2534; x_wconf 69' lang='grc' dir='ltr'>τῆς</span> <span class='ocrx_word' id='word_1_199' title='bbox 1515 2465 1612 2519; x_wconf 84' lang='grc' dir='ltr'><strong>τοῦ</strong></span> <span class='ocrx_word' id='word_1_200' title='bbox 1651 2464 1786 2517; x_wconf 85' lang='grc' dir='ltr'>Θεοῦ</span> 
     </span>
    </p>
   </div>
   <div class='ocr_carea' id='block_1_28' title="bbox 213 2555 1786 2628">
    <p class='ocr_par' dir='ltr' id='par_1_28' title="bbox 213 2555 1786 2628">
     <span class='ocr_line' id='line_1_28' title="bbox 213 2555 1786 2628; baseline 0.003 -21"><span class='ocrx_word' id='word_1_201' title='bbox 213 2555 632 2625; x_wconf 74' lang='grc' dir='ltr'>φιλανθρωπίας</span> <span class='ocrx_word' id='word_1_202' title='bbox 665 2555 761 2608; x_wconf 74' lang='grc' dir='ltr'>καὶ</span> <span class='ocrx_word' id='word_1_203' title='bbox 809 2556 1178 2626; x_wconf 87' lang='grc' dir='ltr'>χρηστότητος</span> <span class='ocrx_word' id='word_1_204' title='bbox 1223 2557 1618 2628; x_wconf 85' lang='grc' dir='ltr'>ταμιευόμενα,</span> <span class='ocrx_word' id='word_1_205' title='bbox 1661 2559 1786 2611; x_wconf 74' lang='grc' dir='ltr'>οὔτε</span> 
     </span>
    </p>
   </div>
   <div class='ocr_carea' id='block_1_29' title="bbox 215 2644 1786 2720">
    <p class='ocr_par' dir='ltr' id='par_1_29' title="bbox 215 2644 1786 2720">
     <span class='ocr_line' id='line_1_29' title="bbox 215 2644 1786 2720; baseline 0.004 -23"><span class='ocrx_word' id='word_1_206' title='bbox 215 2646 460 2716; x_wconf 77' lang='grc' dir='ltr'>βελτίους</span> <span class='ocrx_word' id='word_1_207' title='bbox 485 2646 610 2707; x_wconf 80' lang='grc' dir='ltr'>τοὺς</span> <span class='ocrx_word' id='word_1_208' title='bbox 628 2644 872 2714; x_wconf 82' lang='grc' dir='ltr'>ἠλιθίους</span> <span class='ocrx_word' id='word_1_209' title='bbox 903 2647 1218 2716; x_wconf 77' lang='grc' dir='ltr'>ἐργάζεται,</span> <span class='ocrx_word' id='word_1_210' title='bbox 1249 2645 1373 2700; x_wconf 77' lang='grc' dir='ltr'>οὔτε</span> <span class='ocrx_word' id='word_1_211' title='bbox 1396 2650 1474 2711; x_wconf 85' lang='grc' dir='ltr'><strong>είς</strong></span> <span class='ocrx_word' id='word_1_212' title='bbox 1500 2651 1786 2720; x_wconf 81' lang='grc' dir='ltr'>συναίσθη-</span> 
     </span>
    </p>
   </div>
   <div class='ocr_carea' id='block_1_30' title="bbox 215 2734 1786 2810">
    <p class='ocr_par' dir='ltr' id='par_1_30' title="bbox 215 2734 1786 2810">
     <span class='ocr_line' id='line_1_30' title="bbox 215 2734 1786 2810; baseline 0.005 -24"><span class='ocrx_word' id='word_1_213' title='bbox 215 2752 298 2786; x_wconf 87' lang='grc' dir='ltr'><strong>σιν</strong></span> <span class='ocrx_word' id='word_1_214' title='bbox 328 2735 442 2787; x_wconf 85' lang='grc' dir='ltr'><strong>τῶν</strong></span> <span class='ocrx_word' id='word_1_215' title='bbox 489 2734 858 2804; x_wconf 85' lang='grc' dir='ltr'>τολμωμένων</span> <span class='ocrx_word' id='word_1_216' title='bbox 897 2736 1044 2804; x_wconf 76' lang='grc' dir='ltr'>ἄγει,</span> <span class='ocrx_word' id='word_1_217' title='bbox 1091 2738 1313 2808; x_wconf 83' lang='grc' dir='ltr'>ἀφορμὴ</span> <span class='ocrx_word' id='word_1_218' title='bbox 1351 2739 1408 2792; x_wconf 85' lang='grc' dir='ltr'><strong>δέ</strong></span> <span class='ocrx_word' id='word_1_219' title='bbox 1456 2741 1656 2810; x_wconf 80' lang='grc' dir='ltr'>μᾶλλον</span> <span class='ocrx_word' id='word_1_220' title='bbox 1690 2741 1786 2794; x_wconf 73' lang='grc' dir='ltr'>καὶ</span> 
     </span>
    </p>
   </div>
   <div class='ocr_carea' id='block_1_31' title="bbox 215 2823 1784 2896">
    <p class='ocr_par' dir='ltr' id='par_1_31' title="bbox 215 2823 1784 2896">
     <span class='ocr_line' id='line_1_31' title="bbox 215 2823 1784 2896; baseline 0.006 -21"><span class='ocrx_word' id='word_1_221' title='bbox 215 2823 481 2887; x_wconf 83' lang='grc' dir='ltr'>ὑπόθεσις</span> <span class='ocrx_word' id='word_1_222' title='bbox 503 2823 597 2876; x_wconf 87' lang='grc' dir='ltr'><strong>τοῦ</strong></span> <span class='ocrx_word' id='word_1_223' title='bbox 621 2825 754 2896; x_wconf 82' lang='grc' dir='ltr'>δρᾷν</span> <span class='ocrx_word' id='word_1_224' title='bbox 787 2825 1019 2888; x_wconf 89' lang='grc' dir='ltr'>ἀνοσίως</span> <span class='ocrx_word' id='word_1_225' title='bbox 1045 2827 1324 2895; x_wconf 78' lang='grc' dir='ltr'>ἐγγίνεται</span> <span class='ocrx_word' id='word_1_226' title='bbox 1342 2843 1357 2859; x_wconf 79' lang='grc'><strong><em>⁸</em></strong></span> <span class='ocrx_word' id='word_1_227' title='bbox 1379 2829 1431 2881; x_wconf 86' lang='grc' dir='ltr'><strong>τί</strong></span> <span class='ocrx_word' id='word_1_228' title='bbox 1453 2829 1547 2883; x_wconf 78' lang='grc' dir='ltr'><strong>οὖν</strong></span> <span class='ocrx_word' id='word_1_229' title='bbox 1565 2847 1649 2892; x_wconf 89' lang='grc' dir='ltr'><strong>τις</strong></span> <span class='ocrx_word' id='word_1_230' title='bbox 1676 2830 1784 2886; x_wconf 84' lang='grc' dir='ltr'><strong>τῶν</strong></span> 
     </span>
    </p>
   </div>
   <div class='ocr_carea' id='block_1_32' title="bbox 211 2915 1785 2991">
    <p class='ocr_par' dir='ltr' id='par_1_32' title="bbox 211 2915 1785 2991">
     <span class='ocr_line' id='line_1_32' title="bbox 211 2915 1785 2991; baseline 0.004 -23"><span class='ocrx_word' id='word_1_231' title='bbox 211 2915 530 2987; x_wconf 84' lang='grc' dir='ltr'>ἐχεφρόνων</span> <span class='ocrx_word' id='word_1_232' title='bbox 575 2917 669 2968; x_wconf 70' lang='grc' dir='ltr'>καὶ</span> <span class='ocrx_word' id='word_1_233' title='bbox 717 2917 840 2968; x_wconf 84' lang='grc' dir='ltr'>νοῦν</span> <span class='ocrx_word' id='word_1_234' title='bbox 887 2916 1145 2986; x_wconf 87' lang='grc' dir='ltr'>ἐχόντων,</span> <span class='ocrx_word' id='word_1_235' title='bbox 1201 2918 1261 2970; x_wconf 83' lang='grc' dir='ltr'><strong>τὸ</strong></span> <span class='ocrx_word' id='word_1_236' title='bbox 1307 2917 1466 2972; x_wconf 79' lang='grc' dir='ltr'>ἄθεον</span> <span class='ocrx_word' id='word_1_237' title='bbox 1501 2921 1785 2991; x_wconf 84' lang='grc' dir='ltr'>σύνταγμα</span> 
     </span>
    </p>
   </div>
   <div class='ocr_carea' id='block_1_33' title="bbox 210 3007 1782 3080">
    <p class='ocr_par' dir='ltr' id='par_1_33' title="bbox 210 3007 1782 3080">
     <span class='ocr_line' id='line_1_33' title="bbox 210 3007 1782 3080; baseline 0.004 -18"><span class='ocrx_word' id='word_1_238' title='bbox 210 3010 376 3062; x_wconf 84' lang='grc' dir='ltr'>τοῦτο</span> <span class='ocrx_word' id='word_1_239' title='bbox 404 3007 695 3073; x_wconf 83' lang='grc' dir='ltr'>καλέσειε;</span> <span class='ocrx_word' id='word_1_240' title='bbox 734 3008 786 3059; x_wconf 89' lang='grc' dir='ltr'><strong>τί</strong></span> <span class='ocrx_word' id='word_1_241' title='bbox 831 3007 888 3060; x_wconf 88' lang='grc' dir='ltr'><strong>δέ</strong></span> <span class='ocrx_word' id='word_1_242' title='bbox 924 3008 1056 3062; x_wconf 82' lang='grc' dir='ltr'>ἄλλο</span> <span class='ocrx_word' id='word_1_243' title='bbox 1097 3026 1184 3076; x_wconf 92' lang='grc' dir='ltr'><strong>γε,</strong></span> <span class='ocrx_word' id='word_1_244' title='bbox 1217 3010 1248 3080; x_wconf 76' lang='grc' dir='ltr'>ἢ</span> <span class='ocrx_word' id='word_1_245' title='bbox 1280 3009 1342 3062; x_wconf 70' lang='grc' dir='ltr'><strong>τὸ</strong></span> <span class='ocrx_word' id='word_1_246' title='bbox 1389 3011 1614 3080; x_wconf 83' lang='grc' dir='ltr'>Καῖόιφα</span> <span class='ocrx_word' id='word_1_247' title='bbox 1655 3030 1782 3068; x_wconf 90' lang='grc' dir='ltr'>συν-</span> 
     </span>
    </p>
   </div>
   <div class='ocr_carea' id='block_1_34' title="bbox 213 3096 1782 3172">
    <p class='ocr_par' dir='ltr' id='par_1_34' title="bbox 213 3096 1782 3172">
     <span class='ocr_line' id='line_1_34' title="bbox 213 3096 1782 3172; baseline 0.004 -21"><span class='ocrx_word' id='word_1_248' title='bbox 213 3099 417 3168; x_wconf 78' lang='grc' dir='ltr'>έδριον,</span> <span class='ocrx_word' id='word_1_249' title='bbox 443 3099 540 3150; x_wconf 77' lang='grc' dir='ltr'><strong>καὶ</strong></span> <span class='ocrx_word' id='word_1_250' title='bbox 562 3097 652 3149; x_wconf 81' lang='grc' dir='ltr'><strong>τὸν</strong></span> <span class='ocrx_word' id='word_1_251' title='bbox 673 3096 843 3150; x_wconf 82' lang='grc' dir='ltr'>πάλαι</span> <span class='ocrx_word' id='word_1_252' title='bbox 867 3098 1008 3151; x_wconf 88' lang='grc' dir='ltr'>κατὰ</span> <span class='ocrx_word' id='word_1_253' title='bbox 1027 3097 1266 3168; x_wconf 87' lang='grc' dir='ltr'>Χριστοῦ</span> <span class='ocrx_word' id='word_1_254' title='bbox 1305 3100 1593 3155; x_wconf 72' lang='grc' dir='ltr'>Ἰουδαϊκὸν</span> <span class='ocrx_word' id='word_1_255' title='bbox 1611 3103 1782 3172; x_wconf 83' lang='grc' dir='ltr'>δῆμον</span> 
     </span>
    </p>
   </div>
   <div class='ocr_carea' id='block_1_35' title="bbox 215 3188 1782 3259">
    <p class='ocr_par' dir='ltr' id='par_1_35' title="bbox 215 3188 1782 3259">
     <span class='ocr_line' id='line_1_35' title="bbox 215 3188 1782 3259; baseline 0.004 -19"><span class='ocrx_word' id='word_1_256' title='bbox 215 3190 580 3258; x_wconf 85' lang='grc' dir='ltr'>μαινόμενον;</span> <span class='ocrx_word' id='word_1_257' title='bbox 641 3189 737 3240; x_wconf 72' lang='grc' dir='ltr'>καὶ</span> <span class='ocrx_word' id='word_1_258' title='bbox 769 3189 866 3241; x_wconf 81' lang='grc' dir='ltr'><strong>νῦν</strong></span> <span class='ocrx_word' id='word_1_259' title='bbox 909 3188 1018 3259; x_wconf 81' lang='grc' dir='ltr'><strong>γὰρ</strong></span> <span class='ocrx_word' id='word_1_260' title='bbox 1066 3191 1391 3256; x_wconf 70' lang='grc' dir='ltr'>Ἄρχοντες</span> <span class='ocrx_word' id='word_1_261' title='bbox 1431 3191 1596 3245; x_wconf 75' lang='grc' dir='ltr'>λαῶν</span> <span class='ocrx_word' id='word_1_262' title='bbox 1629 3209 1782 3247; x_wconf 82' lang='grc' dir='ltr'><strong>συν-</strong></span> 
     </span>
    </p>
   </div>
   <div class='ocr_carea' id='block_1_36' title="bbox 211 3278 1781 3350">
    <p class='ocr_par' dir='ltr' id='par_1_36' title="bbox 211 3278 1781 3350">
     <span class='ocr_line' id='line_1_36' title="bbox 211 3278 1781 3350; baseline 0.005 -20"><span class='ocrx_word' id='word_1_263' title='bbox 211 3278 516 3347; x_wconf 78' lang='grc' dir='ltr'>ήχθησαν,</span> <span class='ocrx_word' id='word_1_264' title='bbox 537 3280 686 3331; x_wconf 83' lang='grc' dir='ltr'>κατὰ</span> <span class='ocrx_word' id='word_1_265' title='bbox 711 3278 814 3332; x_wconf 87' lang='grc' dir='ltr'><strong>τοῦ</strong></span> <span class='ocrx_word' id='word_1_266' title='bbox 835 3279 1056 3346; x_wconf 82' lang='grc' dir='ltr'>Κυρίου</span> <span class='ocrx_word' id='word_1_267' title='bbox 1083 3278 1181 3334; x_wconf 77' lang='grc' dir='ltr'>καὶ</span> <span class='ocrx_word' id='word_1_268' title='bbox 1212 3282 1362 3333; x_wconf 83' lang='grc' dir='ltr'>κατὰ</span> <span class='ocrx_word' id='word_1_269' title='bbox 1391 3282 1499 3335; x_wconf 84' lang='grc' dir='ltr'><strong>τοῦ</strong></span> <span class='ocrx_word' id='word_1_270' title='bbox 1521 3284 1781 3350; x_wconf 84' lang='grc' dir='ltr'>Χριστοῦ</span> 
     </span>
    </p>
   </div>
   <div class='ocr_carea' id='block_1_37' title="bbox 214 3370 1780 3446">
    <p class='ocr_par' dir='ltr' id='par_1_37' title="bbox 214 3370 1780 3446">
     <span class='ocr_line' id='line_1_37' title="bbox 214 3370 1780 3446; baseline 0.004 -23"><span class='ocrx_word' id='word_1_271' title='bbox 214 3371 422 3425; x_wconf 78' lang='grc' dir='ltr'>αὑτοῦ.</span> <span class='ocrx_word' id='word_1_272' title='bbox 455 3370 624 3424; x_wconf 77' lang='grc' dir='ltr'>Πάλιν</span> <span class='ocrx_word' id='word_1_273' title='bbox 660 3372 823 3439; x_wconf 80' lang='grc' dir='ltr'>ἱερεῖς</span> <span class='ocrx_word' id='word_1_274' title='bbox 859 3373 954 3424; x_wconf 65' lang='grc' dir='ltr'><strong>καλ⁸</strong></span> <span class='ocrx_word' id='word_1_275' title='bbox 987 3372 1346 3442; x_wconf 82' lang='grc' dir='ltr'>Γραμματεῖς</span> <span class='ocrx_word' id='word_1_276' title='bbox 1375 3375 1476 3428; x_wconf 72' lang='grc' dir='ltr'>καὶ</span> <span class='ocrx_word' id='word_1_277' title='bbox 1495 3376 1780 3446; x_wconf 84' lang='grc' dir='ltr'>Φαρισαῖοι</span> 
     </span>
    </p>
   </div>
   <div class='ocr_carea' id='block_1_38' title="bbox 213 3461 1779 3536">
    <p class='ocr_par' dir='ltr' id='par_1_38' title="bbox 213 3461 1779 3536">
     <span class='ocr_line' id='line_1_38' title="bbox 213 3461 1779 3536; baseline 0.003 -22"><span class='ocrx_word' id='word_1_278' title='bbox 213 3463 309 3514; x_wconf 79' lang='grc' dir='ltr'>καὶ</span> <span class='ocrx_word' id='word_1_279' title='bbox 345 3461 483 3515; x_wconf 85' lang='grc' dir='ltr'>ἄλλα</span> <span class='ocrx_word' id='word_1_280' title='bbox 515 3461 820 3531; x_wconf 88' lang='grc' dir='ltr'>συμϐούλια</span> <span class='ocrx_word' id='word_1_281' title='bbox 872 3463 958 3531; x_wconf 81' lang='grc' dir='ltr'><strong>ἐφ’</strong></span> <span class='ocrx_word' id='word_1_282' title='bbox 989 3463 1206 3532; x_wconf 76' lang='grc' dir='ltr'>ὁμοίαις</span> <span class='ocrx_word' id='word_1_283' title='bbox 1245 3465 1366 3527; x_wconf 84' lang='grc' dir='ltr'>ταῖς</span> <span class='ocrx_word' id='word_1_284' title='bbox 1396 3466 1779 3536; x_wconf 86' lang='grc' dir='ltr'>ἐγχειρήσεσι·</span> 
     </span>
    </p>
   </div>
   <div class='ocr_carea' id='block_1_39' title="bbox 213 3552 1781 3628">
    <p class='ocr_par' dir='ltr' id='par_1_39' title="bbox 213 3552 1781 3628">
     <span class='ocr_line' id='line_1_39' title="bbox 213 3552 1781 3628; baseline 0.003 -24"><span class='ocrx_word' id='word_1_285' title='bbox 213 3552 376 3605; x_wconf 80' lang='grc' dir='ltr'>πάλιν</span> <span class='ocrx_word' id='word_1_286' title='bbox 407 3553 646 3623; x_wconf 82' lang='grc' dir='ltr'>Χριστὸς</span> <span class='ocrx_word' id='word_1_287' title='bbox 669 3553 1064 3624; x_wconf 76' lang='grc' dir='ltr'>καθυϐρίζεται</span> <span class='ocrx_word' id='word_1_288' title='bbox 1093 3555 1185 3607; x_wconf 75' lang='grc' dir='ltr'>καὶ</span> <span class='ocrx_word' id='word_1_289' title='bbox 1215 3555 1534 3625; x_wconf 80' lang='grc' dir='ltr'>μαστίζεται</span> <span class='ocrx_word' id='word_1_290' title='bbox 1554 3567 1570 3584; x_wconf 86' lang='grc'>⁶</span> <span class='ocrx_word' id='word_1_291' title='bbox 1593 3555 1781 3628; x_wconf 82' lang='grc' dir='ltr'>ὥσπερ</span> 
     </span>
    </p>
   </div>
   <div class='ocr_carea' id='block_1_40' title="bbox 210 3644 1781 3715">
    <p class='ocr_par' dir='ltr' id='par_1_40' title="bbox 210 3644 1781 3715">
     <span class='ocr_line' id='line_1_40' title="bbox 210 3644 1781 3715; baseline 0.003 -18"><span class='ocrx_word' id='word_1_292' title='bbox 210 3644 271 3697; x_wconf 83' lang='grc' dir='ltr'>τὸ</span> <span class='ocrx_word' id='word_1_293' title='bbox 303 3645 578 3715; x_wconf 87' lang='grc' dir='ltr'>πρότερον</span> <span class='ocrx_word' id='word_1_294' title='bbox 600 3648 656 3698; x_wconf 86' lang='grc' dir='ltr'><strong>ἐν</strong></span> <span class='ocrx_word' id='word_1_295' title='bbox 684 3646 849 3715; x_wconf 79' lang='grc' dir='ltr'>σαρκὶ</span> <span class='ocrx_word' id='word_1_296' title='bbox 873 3644 1132 3714; x_wconf 85' lang='grc' dir='ltr'>πεφηνὼς</span> <span class='ocrx_word' id='word_1_297' title='bbox 1160 3647 1188 3698; x_wconf 87' lang='grc' dir='ltr'><strong>ό</strong></span> <span class='ocrx_word' id='word_1_298' title='bbox 1213 3645 1618 3714; x_wconf 81' lang='grc' dir='ltr'>φιλάνθρωπος,</span> <span class='ocrx_word' id='word_1_299' title='bbox 1640 3647 1781 3702; x_wconf 74' lang='grc' dir='ltr'>οὕτω</span> 
     </span>
    </p>
   </div>
   <div class='ocr_carea' id='block_1_41' title="bbox 209 3735 1564 3808">
    <p class='ocr_par' dir='ltr' id='par_1_41' title="bbox 209 3735 1564 3808">
     <span class='ocr_line' id='line_1_41' title="bbox 209 3735 1564 3808; baseline 0.002 -19"><span class='ocrx_word' id='word_1_300' title='bbox 209 3737 305 3789; x_wconf 71' lang='grc' dir='ltr'><strong>καὶ</strong></span> <span class='ocrx_word' id='word_1_301' title='bbox 328 3735 426 3788; x_wconf 85' lang='grc' dir='ltr'><strong>νῦν</strong></span> <span class='ocrx_word' id='word_1_302' title='bbox 465 3739 524 3789; x_wconf 89' lang='grc' dir='ltr'><strong>ἐν</strong></span> <span class='ocrx_word' id='word_1_303' title='bbox 553 3738 723 3790; x_wconf 78' lang='grc' dir='ltr'>εἰκόνι</span> <span class='ocrx_word' id='word_1_304' title='bbox 756 3739 1100 3807; x_wconf 85' lang='grc' dir='ltr'>τυπούμενος</span> <span class='ocrx_word' id='word_1_305' title='bbox 1136 3741 1164 3791; x_wconf 86' lang='grc' dir='ltr'>ὁ</span> <span class='ocrx_word' id='word_1_306' title='bbox 1191 3737 1564 3808; x_wconf 87' lang='grc' dir='ltr'>μακρόθυμος.</span> 
     </span>
    </p>
   </div>
   <div class='ocr_carea' id='block_1_42' title="bbox 277 3825 1776 3896">
    <p class='ocr_par' dir='ltr' id='par_1_42' title="bbox 277 3825 1776 3896">
     <span class='ocr_line' id='line_1_42' title="bbox 277 3825 1776 3896; baseline 0.001 -19"><span class='ocrx_word' id='word_1_307' title='bbox 277 3830 350 3895; x_wconf 79' lang='grc' dir='ltr'><strong>η’.</strong></span> <span class='ocrx_word' id='word_1_308' title='bbox 385 3825 705 3877; x_wconf 86' lang='grc' dir='ltr'>Σκοπείσθω</span> <span class='ocrx_word' id='word_1_309' title='bbox 732 3826 842 3896; x_wconf 90' lang='grc' dir='ltr'><strong>γάρ</strong></span> <span class='ocrx_word' id='word_1_310' title='bbox 878 3826 1124 3896; x_wconf 80' lang='grc' dir='ltr'>ἀκριϐῶς</span> <span class='ocrx_word' id='word_1_311' title='bbox 1159 3843 1217 3878; x_wconf 89' lang='grc' dir='ltr'><strong>τε</strong></span> <span class='ocrx_word' id='word_1_312' title='bbox 1248 3827 1342 3879; x_wconf 79' lang='grc' dir='ltr'>καὶ</span> <span class='ocrx_word' id='word_1_313' title='bbox 1363 3825 1776 3896; x_wconf 83' lang='grc' dir='ltr'>ἐμμελέστατα,</span> 
     </span>
    </p>
   </div>
   <div class='ocr_carea' id='block_1_43' title="bbox 206 3912 1779 3986">
    <p class='ocr_par' dir='ltr' id='par_1_43' title="bbox 206 3912 1779 3986">
     <span class='ocr_line' id='line_1_43' title="bbox 206 3912 1779 3986; baseline 0.001 -18"><span class='ocrx_word' id='word_1_314' title='bbox 206 3913 291 3968; x_wconf 83' lang='grc' dir='ltr'>ὃτι</span> <span class='ocrx_word' id='word_1_315' title='bbox 315 3912 554 3967; x_wconf 88' lang='grc' dir='ltr'>καθόσον</span> <span class='ocrx_word' id='word_1_316' title='bbox 585 3913 679 3967; x_wconf 85' lang='grc' dir='ltr'><strong>νῦν</strong></span> <span class='ocrx_word' id='word_1_317' title='bbox 703 3914 770 3967; x_wconf 81' lang='grc' dir='ltr'><strong>τὰ</strong></span> <span class='ocrx_word' id='word_1_318' title='bbox 797 3915 1129 3986; x_wconf 75' lang='grc' dir='ltr'>ὑϐριζόμενά</span> <span class='ocrx_word' id='word_1_319' title='bbox 1157 3932 1217 3968; x_wconf 93' lang='grc' dir='ltr'><strong>τε</strong></span> <span class='ocrx_word' id='word_1_320' title='bbox 1249 3915 1343 3969; x_wconf 78' lang='grc' dir='ltr'><strong>καὶ</strong></span> <span class='ocrx_word' id='word_1_321' title='bbox 1370 3916 1779 3986; x_wconf 83' lang='grc' dir='ltr'>καθαιρούμενα</span> 
     </span>
    </p>
   </div>
   <div class='ocr_carea' id='block_1_44' title="bbox 205 4005 1778 4079">
    <p class='ocr_par' dir='ltr' id='par_1_44' title="bbox 205 4005 1778 4079">
     <span class='ocr_line' id='line_1_44' title="bbox 205 4005 1778 4079; baseline 0.002 -23"><span class='ocrx_word' id='word_1_322' title='bbox 205 4005 614 4074; x_wconf 71' lang='grc' dir='ltr'>χαρακτηρίζει</span> <span class='ocrx_word' id='word_1_323' title='bbox 652 4007 744 4058; x_wconf 82' lang='grc' dir='ltr'><strong>τὸν</strong></span> <span class='ocrx_word' id='word_1_324' title='bbox 779 4008 1006 4079; x_wconf 87' lang='grc' dir='ltr'>Κύριον,</span> <span class='ocrx_word' id='word_1_325' title='bbox 1043 4007 1186 4059; x_wconf 80' lang='grc' dir='ltr'>κατὰ</span> <span class='ocrx_word' id='word_1_326' title='bbox 1213 4006 1468 4059; x_wconf 89' lang='grc' dir='ltr'>τοσοῦτον</span> <span class='ocrx_word' id='word_1_327' title='bbox 1495 4009 1589 4060; x_wconf 73' lang='grc' dir='ltr'><strong>καὶ</strong></span> <span class='ocrx_word' id='word_1_328' title='bbox 1625 4008 1778 4061; x_wconf 80' lang='grc' dir='ltr'>αὐτοὶ</span> 
     </span>
    </p>
   </div>
   <div class='ocr_carea' id='block_1_45' title="bbox 203 4096 1777 4168">
    <p class='ocr_par' dir='ltr' id='par_1_45' title="bbox 203 4096 1777 4168">
     <span class='ocr_line' id='line_1_45' title="bbox 203 4096 1777 4168; baseline 0.003 -21"><span class='ocrx_word' id='word_1_329' title='bbox 203 4096 333 4157; x_wconf 74' lang='grc' dir='ltr'>τοὺς</span> <span class='ocrx_word' id='word_1_330' title='bbox 402 4096 832 4164; x_wconf 81' lang='grc' dir='ltr'>σταυρώσαντας</span> <span class='ocrx_word' id='word_1_331' title='bbox 882 4099 1205 4162; x_wconf 83' lang='grc' dir='ltr'>Ἰουδαίους,</span> <span class='ocrx_word' id='word_1_332' title='bbox 1263 4099 1357 4150; x_wconf 78' lang='grc' dir='ltr'><strong>καὶ</strong></span> <span class='ocrx_word' id='word_1_333' title='bbox 1403 4098 1501 4168; x_wconf 86' lang='grc' dir='ltr'>τὴν</span> <span class='ocrx_word' id='word_1_334' title='bbox 1554 4098 1777 4152; x_wconf 76' lang='grc' dir='ltr'>ἐκείνων</span> 
     </span>
    </p>
   </div>
   <div class='ocr_carea' id='block_1_46' title="bbox 208 4186 1776 4259">
    <p class='ocr_par' dir='ltr' id='par_1_46' title="bbox 208 4186 1776 4259">
     <span class='ocr_line' id='line_1_46' title="bbox 208 4186 1776 4259; baseline 0.002 -21"><span class='ocrx_word' id='word_1_335' title='bbox 208 4186 529 4255; x_wconf 74' lang='grc' dir='ltr'>μιαιφονίαν</span> <span class='ocrx_word' id='word_1_336' title='bbox 571 4188 884 4258; x_wconf 78' lang='grc' dir='ltr'>περιφανῶς</span> <span class='ocrx_word' id='word_1_337' title='bbox 915 4189 1270 4252; x_wconf 74' lang='grc' dir='ltr'>είκονίξουσιν</span> <span class='ocrx_word' id='word_1_338' title='bbox 1289 4206 1304 4219; x_wconf 92' lang='grc'><strong>·</strong></span> <span class='ocrx_word' id='word_1_339' title='bbox 1339 4189 1414 4251; x_wconf 79' lang='grc' dir='ltr'>ὡς</span> <span class='ocrx_word' id='word_1_340' title='bbox 1442 4188 1552 4259; x_wconf 86' lang='grc' dir='ltr'><strong>γὰρ</strong></span> <span class='ocrx_word' id='word_1_341' title='bbox 1579 4190 1776 4243; x_wconf 88' lang='grc' dir='ltr'>ἐκεῖνοι</span> 
     </span>
    </p>
   </div>
   <div class='ocr_carea' id='block_1_47' title="bbox 204 4279 1778 4352">
    <p class='ocr_par' dir='ltr' id='par_1_47' title="bbox 204 4279 1778 4352">
     <span class='ocr_line' id='line_1_47' title="bbox 204 4279 1778 4352; baseline 0.003 -23"><span class='ocrx_word' id='word_1_342' title='bbox 204 4282 299 4330; x_wconf 79' lang='grc' dir='ltr'><strong>τὸν</strong></span> <span class='ocrx_word' id='word_1_343' title='bbox 343 4279 695 4349; x_wconf 77' lang='grc' dir='ltr'>Δημιουργδν</span> <span class='ocrx_word' id='word_1_344' title='bbox 727 4280 937 4335; x_wconf 84' lang='grc' dir='ltr'>ἀνελεῖν</span> <span class='ocrx_word' id='word_1_345' title='bbox 982 4281 1163 4335; x_wconf 88' lang='grc' dir='ltr'>πάντα</span> <span class='ocrx_word' id='word_1_346' title='bbox 1197 4281 1394 4351; x_wconf 87' lang='grc' dir='ltr'>τρόπον</span> <span class='ocrx_word' id='word_1_347' title='bbox 1423 4281 1778 4352; x_wconf 83' lang='grc' dir='ltr'>ὲκμηχανῶν-</span> 
     </span>
    </p>
   </div>
   <div class='ocr_carea' id='block_1_48' title="bbox 203 4367 1774 4443">
    <p class='ocr_par' dir='ltr' id='par_1_48' title="bbox 203 4367 1774 4443">
     <span class='ocr_line' id='line_1_48' title="bbox 203 4367 1774 4443; baseline 0.003 -21"><span class='ocrx_word' id='word_1_348' title='bbox 203 4387 316 4436; x_wconf 89' lang='grc' dir='ltr'>ται,</span> <span class='ocrx_word' id='word_1_349' title='bbox 349 4371 501 4423; x_wconf 77' lang='grc' dir='ltr'>οὕτω</span> <span class='ocrx_word' id='word_1_350' title='bbox 532 4371 627 4424; x_wconf 82' lang='grc' dir='ltr'><strong>καὶ</strong></span> <span class='ocrx_word' id='word_1_351' title='bbox 678 4367 825 4426; x_wconf 77' lang='grc' dir='ltr'>οὗτοι</span> <span class='ocrx_word' id='word_1_352' title='bbox 861 4374 928 4426; x_wconf 76' lang='grc' dir='ltr'>τὰ</span> <span class='ocrx_word' id='word_1_353' title='bbox 966 4374 1181 4427; x_wconf 82' lang='grc' dir='ltr'>ἐκείνου</span> <span class='ocrx_word' id='word_1_354' title='bbox 1213 4373 1652 4443; x_wconf 86' lang='grc' dir='ltr'>ἀπεικονίσματα</span> <span class='ocrx_word' id='word_1_355' title='bbox 1686 4373 1774 4438; x_wconf 83' lang='grc' dir='ltr'>ἐξ·</span> 
     </span>
    </p>
   </div>
   <div class='ocr_carea' id='block_1_49' title="bbox 202 4458 1775 4533">
    <p class='ocr_par' dir='ltr' id='par_1_49' title="bbox 202 4458 1775 4533">
     <span class='ocr_line' id='line_1_49' title="bbox 202 4458 1775 4533; baseline 0.006 -24"><span class='ocrx_word' id='word_1_356' title='bbox 202 4458 521 4524; x_wconf 72' lang='grc' dir='ltr'>αφανίζειν,</span> <span class='ocrx_word' id='word_1_357' title='bbox 554 4459 734 4512; x_wconf 76' lang='grc' dir='ltr'>πᾶσαν</span> <span class='ocrx_word' id='word_1_358' title='bbox 765 4462 1005 4530; x_wconf 82' lang='grc' dir='ltr'>σπουδὴν</span> <span class='ocrx_word' id='word_1_359' title='bbox 1042 4462 1320 4516; x_wconf 88' lang='grc' dir='ltr'>τίθενται·</span> <span class='ocrx_word' id='word_1_360' title='bbox 1355 4463 1550 4533; x_wconf 86' lang='grc' dir='ltr'>ἐπίσης</span> <span class='ocrx_word' id='word_1_361' title='bbox 1586 4481 1775 4532; x_wconf 83' lang='grc' dir='ltr'>τοιγα-</span> 
     </span>
    </p>
   </div>
   <div class='ocr_carea' id='block_1_50' title="bbox 205 4548 1777 4622">
    <p class='ocr_par' dir='ltr' id='par_1_50' title="bbox 205 4548 1777 4622">
     <span class='ocr_line' id='line_1_50' title="bbox 205 4548 1777 4622; baseline -0.003 -15"><span class='ocrx_word' id='word_1_362' title='bbox 205 4548 333 4618; x_wconf 77' lang='grc' dir='ltr'>ρῡῦν</span> <span class='ocrx_word' id='word_1_363' title='bbox 365 4550 456 4600; x_wconf 75' lang='grc' dir='ltr'>ἐπ’</span> <span class='ocrx_word' id='word_1_364' title='bbox 501 4550 705 4618; x_wconf 80' lang='grc' dir='ltr'>ἀμφοῖν</span> <span class='ocrx_word' id='word_1_365' title='bbox 755 4551 826 4604; x_wconf 85' lang='grc' dir='ltr'><strong>τὰ</strong></span> <span class='ocrx_word' id='word_1_366' title='bbox 858 4551 958 4621; x_wconf 85' lang='grc' dir='ltr'>τῆς</span> <span class='ocrx_word' id='word_1_367' title='bbox 993 4555 1276 4622; x_wconf 84' lang='grc' dir='ltr'>μιμήσεως</span> <span class='ocrx_word' id='word_1_368' title='bbox 1307 4554 1626 4622; x_wconf 83' lang='grc' dir='ltr'>ἀκραιφνῶς</span> <span class='ocrx_word' id='word_1_369' title='bbox 1661 4554 1777 4609; x_wconf 89' lang='grc' dir='ltr'>δια-</span> 
     </span>
    </p>
   </div>
   <div class='ocr_carea' id='block_1_51' title="bbox 200 4637 1774 4712">
    <p class='ocr_par' dir='ltr' id='par_1_51' title="bbox 200 4637 1774 4712">
     <span class='ocr_line' id='line_1_51' title="bbox 200 4637 1774 4712; baseline 0.006 -24"><span class='ocrx_word' id='word_1_370' title='bbox 200 4637 517 4690; x_wconf 79' lang='grc' dir='ltr'>δείκνυται·</span> <span class='ocrx_word' id='word_1_371' title='bbox 583 4639 659 4700; x_wconf 86' lang='grc' dir='ltr'>ὼς</span> <span class='ocrx_word' id='word_1_372' title='bbox 729 4639 863 4708; x_wconf 90' lang='grc' dir='ltr'>γοῦν</span> <span class='ocrx_word' id='word_1_373' title='bbox 921 4642 1012 4693; x_wconf 84' lang='grc' dir='ltr'><strong>ἐπὶ</strong></span> <span class='ocrx_word' id='word_1_374' title='bbox 1073 4644 1186 4704; x_wconf 92' lang='grc' dir='ltr'>τοῖς</span> <span class='ocrx_word' id='word_1_375' title='bbox 1250 4643 1472 4712; x_wconf 87' lang='grc' dir='ltr'>ἀνόμοις</span> <span class='ocrx_word' id='word_1_376' title='bbox 1546 4645 1774 4708; x_wconf 82' lang='grc' dir='ltr'>ἐκείνοις</span> 
     </span>
    </p>
   </div>
   <div class='ocr_carea' id='block_1_52' title="bbox 1902 841 3468 913">
    <p class='ocr_par' dir='ltr' id='par_1_52' title="bbox 1902 841 3468 913">
     <span class='ocr_line' id='line_1_52' title="bbox 1902 841 3468 913; baseline 0.001 -15"><span class='ocrx_word' id='word_1_377' title='bbox 1902 857 2029 898; x_wconf 90' lang='lat' dir='ltr'><strong>care</strong></span> <span class='ocrx_word' id='word_1_378' title='bbox 2077 841 2399 908; x_wconf 89' lang='lat' dir='ltr'><strong>oportebat,</strong></span> <span class='ocrx_word' id='word_1_379' title='bbox 2448 857 2779 910; x_wconf 58' lang='lat' dir='ltr'><strong>quacunque</strong></span> <span class='ocrx_word' id='word_1_380' title='bbox 2837 843 2919 896; x_wconf 85' lang='lat' dir='ltr'><strong>his</strong></span> <span class='ocrx_word' id='word_1_381' title='bbox 2967 844 3244 913; x_wconf 82' lang='lat' dir='ltr'><strong>sacrilegis</strong></span> <span class='ocrx_word' id='word_1_382' title='bbox 3301 845 3468 899; x_wconf 85' lang='lat' dir='ltr'><strong>libera</strong></span> 
     </span>
    </p>
   </div>
   <div class='ocr_carea' id='block_1_53' title="bbox 1902 932 3474 1002">
    <p class='ocr_par' dir='ltr' id='par_1_53' title="bbox 1902 932 3474 1002">
     <span class='ocr_line' id='line_1_53' title="bbox 1902 932 3474 1002; baseline 0 -16"><span class='ocrx_word' id='word_1_383' title='bbox 1902 942 2062 996; x_wconf 88' lang='lat' dir='ltr'><strong>sunt,</strong></span> <span class='ocrx_word' id='word_1_384' title='bbox 2097 932 2277 1002; x_wconf 84' lang='lat' dir='ltr'><strong>lingua</strong></span> <span class='ocrx_word' id='word_1_385' title='bbox 2324 932 2595 997; x_wconf 89' lang='lat' dir='ltr'><strong>illudunt;</strong></span> <span class='ocrx_word' id='word_1_386' title='bbox 2640 946 2974 999; x_wconf 70' lang='lat' dir='ltr'><strong>quaecunque</strong></span> <span class='ocrx_word' id='word_1_387' title='bbox 3021 947 3150 985; x_wconf 87' lang='lat' dir='ltr'><strong>vero</strong></span> <span class='ocrx_word' id='word_1_388' title='bbox 3192 935 3289 986; x_wconf 89' lang='lat' dir='ltr'><strong>sub</strong></span> <span class='ocrx_word' id='word_1_389' title='bbox 3324 946 3474 1000; x_wconf 85' lang='lat' dir='ltr'><strong>pote-</strong></span> 
     </span>
    </p>
   </div>
   <div class='ocr_carea' id='block_1_54' title="bbox 1899 1019 3470 1090">
    <p class='ocr_par' dir='ltr' id='par_1_54' title="bbox 1899 1019 3470 1090">
     <span class='ocr_line' id='line_1_54' title="bbox 1899 1019 3470 1090; baseline -0.001 -14"><span class='ocrx_word' id='word_1_390' title='bbox 1899 1032 2097 1076; x_wconf 86' lang='lat' dir='ltr'><strong>stalem</strong></span> <span class='ocrx_word' id='word_1_391' title='bbox 2145 1022 2344 1074; x_wconf 89' lang='lat' dir='ltr'><strong>eadunt</strong></span> <span class='ocrx_word' id='word_1_392' title='bbox 2365 1062 2380 1086; x_wconf 90' lang='lat'><strong>,</strong></span> <span class='ocrx_word' id='word_1_393' title='bbox 2411 1019 2650 1088; x_wconf 82' lang='lat' dir='ltr'><strong>profanis</strong></span> <span class='ocrx_word' id='word_1_394' title='bbox 2681 1020 2932 1073; x_wconf 82' lang='lat' dir='ltr'><strong>manibus</strong></span> <span class='ocrx_word' id='word_1_395' title='bbox 2962 1030 3151 1073; x_wconf 87' lang='lat' dir='ltr'><strong>sancta</strong></span> <span class='ocrx_word' id='word_1_396' title='bbox 3205 1022 3470 1090; x_wconf 89' lang='lat' dir='ltr'><strong>pollnunt.</strong></span> 
     </span>
    </p>
   </div>
   <div class='ocr_carea' id='block_1_55' title="bbox 1902 1110 3472 1179">
    <p class='ocr_par' dir='ltr' id='par_1_55' title="bbox 1902 1110 3472 1179">
     <span class='ocr_line' id='line_1_55' title="bbox 1902 1110 3472 1179; baseline 0 -12"><span class='ocrx_word' id='word_1_397' title='bbox 1902 1114 1993 1167; x_wconf 91' lang='lat' dir='ltr'><strong>Sic</strong></span> <span class='ocrx_word' id='word_1_398' title='bbox 2024 1113 2168 1167; x_wconf 86' lang='lat' dir='ltr'><strong>cuitu</strong></span> <span class='ocrx_word' id='word_1_399' title='bbox 2222 1112 2305 1166; x_wconf 89' lang='lat' dir='ltr'><strong>vel</strong></span> <span class='ocrx_word' id='word_1_400' title='bbox 2353 1114 2613 1165; x_wconf 88' lang='lat' dir='ltr'><strong>alterutro</strong></span> <span class='ocrx_word' id='word_1_401' title='bbox 2646 1110 2729 1164; x_wconf 92' lang='lat' dir='ltr'><strong>vel</strong></span> <span class='ocrx_word' id='word_1_402' title='bbox 2763 1120 3026 1179; x_wconf 81' lang='lat' dir='ltr'><strong>utroque,</strong></span> <span class='ocrx_word' id='word_1_403' title='bbox 3071 1113 3472 1167; x_wconf 77' lang='lat' dir='ltr'><strong>studiOsissinie</strong></span> 
     </span>
    </p>
   </div>
   <div class='ocr_carea' id='block_1_56' title="bbox 1898 1201 3470 1273">
    <p class='ocr_par' dir='ltr' id='par_1_56' title="bbox 1898 1201 3470 1273">
     <span class='ocr_line' id='line_1_56' title="bbox 1898 1201 3470 1273; baseline -0.001 -16"><span class='ocrx_word' id='word_1_404' title='bbox 1898 1213 2142 1273; x_wconf 88' lang='lat' dir='ltr'><strong>peccant.</strong></span> <span class='ocrx_word' id='word_1_405' title='bbox 2178 1203 2468 1272; x_wconf 73' lang='lat' dir='ltr'><strong>Propterea</strong></span> <span class='ocrx_word' id='word_1_406' title='bbox 2498 1203 2757 1254; x_wconf 82' lang='lat' dir='ltr'><strong>adversus</strong></span> <span class='ocrx_word' id='word_1_407' title='bbox 2779 1201 2982 1254; x_wconf 80' lang='lat' dir='ltr'><strong>Christi</strong></span> <span class='ocrx_word' id='word_1_408' title='bbox 3012 1201 3308 1256; x_wconf 85' lang='lat' dir='ltr'><strong>Ecclesiam</strong></span> <span class='ocrx_word' id='word_1_409' title='bbox 3339 1219 3470 1257; x_wconf 90' lang='lat' dir='ltr'><strong>con-</strong></span> 
     </span>
    </p>
   </div>
   <div class='ocr_carea' id='block_1_57' title="bbox 1897 1293 3471 1363">
    <p class='ocr_par' dir='ltr' id='par_1_57' title="bbox 1897 1293 3471 1363">
     <span class='ocr_line' id='line_1_57' title="bbox 1897 1293 3471 1363; baseline -0.002 -14"><span class='ocrx_word' id='word_1_410' title='bbox 1897 1294 2078 1349; x_wconf 79' lang='lat' dir='ltr'><strong>silium</strong></span> <span class='ocrx_word' id='word_1_411' title='bbox 2136 1294 2440 1363; x_wconf 83' lang='lat' dir='ltr'><strong>improbum</strong></span> <span class='ocrx_word' id='word_1_412' title='bbox 2493 1293 2767 1355; x_wconf 86' lang='lat' dir='ltr'><strong>inierunt,</strong></span> <span class='ocrx_word' id='word_1_413' title='bbox 2828 1302 2881 1346; x_wconf 88' lang='lat' dir='ltr'><strong>et</strong></span> <span class='ocrx_word' id='word_1_414' title='bbox 2937 1293 3330 1358; x_wconf 88' lang='lat' dir='ltr'><strong>conjurarunt,</strong></span> <span class='ocrx_word' id='word_1_415' title='bbox 3387 1295 3471 1346; x_wconf 85' lang='lat' dir='ltr'><strong>vel</strong></span> 
     </span>
    </p>
   </div>
   <div class='ocr_carea' id='block_1_58' title="bbox 1898 1382 3469 1452">
    <p class='ocr_par' dir='ltr' id='par_1_58' title="bbox 1898 1382 3469 1452">
     <span class='ocr_line' id='line_1_58' title="bbox 1898 1382 3469 1452; baseline 0.001 -16"><span class='ocrx_word' id='word_1_416' title='bbox 1898 1385 2076 1452; x_wconf 90' lang='lat' dir='ltr'><strong>potius</strong></span> <span class='ocrx_word' id='word_1_417' title='bbox 2114 1384 2373 1452; x_wconf 83' lang='lat' dir='ltr'><strong>impetum</strong></span> <span class='ocrx_word' id='word_1_418' title='bbox 2423 1383 2683 1436; x_wconf 87' lang='lat' dir='ltr'><strong>adversus</strong></span> <span class='ocrx_word' id='word_1_419' title='bbox 2715 1393 2932 1436; x_wconf 87' lang='lat' dir='ltr'><strong>sanctos</strong></span> <span class='ocrx_word' id='word_1_420' title='bbox 2975 1382 3091 1448; x_wconf 85' lang='lat' dir='ltr'><strong>ejus</strong></span> <span class='ocrx_word' id='word_1_421' title='bbox 3123 1383 3387 1438; x_wconf 81' lang='lat' dir='ltr'><strong>fecerunt.</strong></span> <span class='ocrx_word' id='word_1_422' title='bbox 3425 1386 3469 1438; x_wconf 92' lang='grc' dir='ltr'><strong>Ο</strong></span> 
     </span>
    </p>
   </div>
   <div class='ocr_carea' id='block_1_59' title="bbox 1895 1472 3471 1544">
    <p class='ocr_par' dir='ltr' id='par_1_59' title="bbox 1895 1472 3471 1544">
     <span class='ocr_line' id='line_1_59' title="bbox 1895 1472 3471 1544; baseline 0 -18"><span class='ocrx_word' id='word_1_423' title='bbox 1895 1472 2326 1544; x_wconf 84' lang='lat' dir='ltr'><strong>longanimitatis</strong></span> <span class='ocrx_word' id='word_1_424' title='bbox 2355 1473 2789 1535; x_wconf 83' lang='lat' dir='ltr'><strong>exuberantiam,</strong></span> <span class='ocrx_word' id='word_1_425' title='bbox 2833 1481 2886 1525; x_wconf 93' lang='lat' dir='ltr'><strong>et</strong></span> <span class='ocrx_word' id='word_1_426' title='bbox 2914 1474 3187 1540; x_wconf 73' lang='lat' dir='ltr'><strong>patientia:</strong></span> <span class='ocrx_word' id='word_1_427' title='bbox 3221 1489 3283 1527; x_wconf 92' lang='lat' dir='ltr'><strong>ae</strong></span> <span class='ocrx_word' id='word_1_428' title='bbox 3321 1474 3471 1526; x_wconf 68' lang='lat' dir='ltr'><strong>lieni-</strong></span> 
     </span>
    </p>
   </div>
   <div class='ocr_carea' id='block_1_60' title="bbox 1895 1562 3468 1635">
    <p class='ocr_par' dir='ltr' id='par_1_60' title="bbox 1895 1562 3468 1635">
     <span class='ocr_line' id='line_1_60' title="bbox 1895 1562 3468 1635; baseline 0.002 -19"><span class='ocrx_word' id='word_1_429' title='bbox 1895 1565 2116 1635; x_wconf 84' lang='lat' dir='ltr'><strong>gnitatis</strong></span> <span class='ocrx_word' id='word_1_430' title='bbox 2163 1564 2292 1618; x_wconf 85' lang='lat' dir='ltr'><strong>Dei!</strong></span> <span class='ocrx_word' id='word_1_431' title='bbox 2351 1563 2462 1618; x_wconf 88' lang='lat' dir='ltr'><strong>Cur</strong></span> <span class='ocrx_word' id='word_1_432' title='bbox 2510 1574 2816 1618; x_wconf 89' lang='lat' dir='ltr'><strong>creaturam</strong></span> <span class='ocrx_word' id='word_1_433' title='bbox 2876 1562 3194 1618; x_wconf 83' lang='lat' dir='ltr'><strong>frementem</strong></span> <span class='ocrx_word' id='word_1_434' title='bbox 3245 1565 3468 1634; x_wconf 82' lang='lat' dir='ltr'><strong>jamque</strong></span> 
     </span>
    </p>
   </div>
   <div class='ocr_carea' id='block_1_61' title="bbox 1897 1651 3465 1719">
    <p class='ocr_par' dir='ltr' id='par_1_61' title="bbox 1897 1651 3465 1719">
     <span class='ocr_line' id='line_1_61' title="bbox 1897 1651 3465 1719; baseline -0.001 -11"><span class='ocrx_word' id='word_1_435' title='bbox 1897 1663 2142 1709; x_wconf 87' lang='lat' dir='ltr'><strong>ruentem</strong></span> <span class='ocrx_word' id='word_1_436' title='bbox 2209 1654 2471 1707; x_wconf 88' lang='lat' dir='ltr'><strong>adversus</strong></span> <span class='ocrx_word' id='word_1_437' title='bbox 2538 1651 3075 1708; x_wconf 88' lang='lat' dir='ltr'><strong>Christomachorum</strong></span> <span class='ocrx_word' id='word_1_438' title='bbox 3146 1655 3465 1719; x_wconf 82' lang='lat' dir='ltr'><strong>audaciam,</strong></span> 
     </span>
    </p>
   </div>
   <div class='ocr_carea' id='block_1_62' title="bbox 1891 1745 3466 1814">
    <p class='ocr_par' dir='ltr' id='par_1_62' title="bbox 1891 1745 3466 1814">
     <span class='ocr_line' id='line_1_62' title="bbox 1891 1745 3466 1814; baseline 0.001 -14"><span class='ocrx_word' id='word_1_439' title='bbox 1891 1746 2047 1801; x_wconf 84' lang='lat' dir='ltr'><strong>freno</strong></span> <span class='ocrx_word' id='word_1_440' title='bbox 2108 1745 2366 1802; x_wconf 87' lang='lat' dir='ltr'><strong>retinuit?</strong></span> <span class='ocrx_word' id='word_1_441' title='bbox 2419 1745 2528 1798; x_wconf 85' lang='lat' dir='ltr'><strong>Cur</strong></span> <span class='ocrx_word' id='word_1_442' title='bbox 2585 1746 2804 1814; x_wconf 85' lang='lat' dir='ltr'><strong>dignum</strong></span> <span class='ocrx_word' id='word_1_443' title='bbox 2859 1754 3044 1801; x_wconf 82' lang='lat' dir='ltr'><strong>contra</strong></span> <span class='ocrx_word' id='word_1_444' title='bbox 3100 1746 3199 1800; x_wconf 89' lang='lat' dir='ltr'><strong>hos</strong></span> <span class='ocrx_word' id='word_1_445' title='bbox 3249 1762 3466 1802; x_wconf 89' lang='lat' dir='ltr'><strong>seusqu</strong></span> 
     </span>
    </p>
   </div>
   <div class='ocr_carea' id='block_1_63' title="bbox 1892 1835 3466 1906">
    <p class='ocr_par' dir='ltr' id='par_1_63' title="bbox 1892 1835 3466 1906">
     <span class='ocr_line' id='line_1_63' title="bbox 1892 1835 3466 1906; baseline 0.001 -14"><span class='ocrx_word' id='word_1_446' title='bbox 1892 1837 2181 1892; x_wconf 84' lang='lat' dir='ltr'><strong>mundanis</strong></span> <span class='ocrx_word' id='word_1_447' title='bbox 2213 1835 2493 1890; x_wconf 86' lang='lat' dir='ltr'><strong>elementis</strong></span> <span class='ocrx_word' id='word_1_448' title='bbox 2543 1851 2758 1890; x_wconf 87' lang='lat' dir='ltr'><strong>sumere</strong></span> <span class='ocrx_word' id='word_1_449' title='bbox 2816 1851 2924 1889; x_wconf 90' lang='lat' dir='ltr'><strong>non</strong></span> <span class='ocrx_word' id='word_1_450' title='bbox 2965 1837 3246 1906; x_wconf 74' lang='lat' dir='ltr'><strong>permisit?</strong></span> <span class='ocrx_word' id='word_1_451' title='bbox 3292 1840 3466 1894; x_wconf 83' lang='lat' dir='ltr'><strong>Arcus</strong></span> 
     </span>
    </p>
   </div>
   <div class='ocr_carea' id='block_1_64' title="bbox 1893 1925 3462 1994">
    <p class='ocr_par' dir='ltr' id='par_1_64' title="bbox 1893 1925 3462 1994">
     <span class='ocr_line' id='line_1_64' title="bbox 1893 1925 3462 1994; baseline -0.001 -13"><span class='ocrx_word' id='word_1_452' title='bbox 1893 1928 2208 1991; x_wconf 82' lang='lat' dir='ltr'><strong>intenditur,</strong></span> <span class='ocrx_word' id='word_1_453' title='bbox 2240 1935 2295 1980; x_wconf 88' lang='lat' dir='ltr'><strong>et</strong></span> <span class='ocrx_word' id='word_1_454' title='bbox 2330 1941 2454 1979; x_wconf 80' lang='lat' dir='ltr'><strong>mox</strong></span> <span class='ocrx_word' id='word_1_455' title='bbox 2487 1925 2806 1990; x_wconf 88' lang='lat' dir='ltr'><strong>remittitur,</strong></span> <span class='ocrx_word' id='word_1_456' title='bbox 2859 1927 2949 1994; x_wconf 90' lang='lat' dir='ltr'><strong>qui</strong></span> <span class='ocrx_word' id='word_1_457' title='bbox 2987 1929 3244 1981; x_wconf 85' lang='lat' dir='ltr'><strong>adversus</strong></span> <span class='ocrx_word' id='word_1_458' title='bbox 3274 1943 3462 1982; x_wconf 86' lang='lat' dir='ltr'><strong>necem</strong></span> 
     </span>
    </p>
   </div>
   <div class='ocr_carea' id='block_1_65' title="bbox 1892 2015 3460 2087">
    <p class='ocr_par' dir='ltr' id='par_1_65' title="bbox 1892 2015 3460 2087">
     <span class='ocr_line' id='line_1_65' title="bbox 1892 2015 3460 2087; baseline 0.001 -15"><span class='ocrx_word' id='word_1_459' title='bbox 1892 2028 2160 2073; x_wconf 88' lang='lat' dir='ltr'><strong>merentes</strong></span> <span class='ocrx_word' id='word_1_460' title='bbox 2193 2027 2416 2087; x_wconf 86' lang='lat' dir='ltr'><strong>paratus</strong></span> <span class='ocrx_word' id='word_1_461' title='bbox 2447 2017 2561 2070; x_wconf 87' lang='lat' dir='ltr'><strong>est!</strong></span> <span class='ocrx_word' id='word_1_462' title='bbox 2601 2015 2734 2071; x_wconf 86' lang='lat' dir='ltr'><strong>liem</strong></span> <span class='ocrx_word' id='word_1_463' title='bbox 2782 2015 3062 2085; x_wconf 78' lang='lat' dir='ltr'><strong>fulgurans</strong></span> <span class='ocrx_word' id='word_1_464' title='bbox 3090 2017 3249 2087; x_wconf 79' lang='lat' dir='ltr'><strong>gladii</strong></span> <span class='ocrx_word' id='word_1_465' title='bbox 3284 2019 3460 2084; x_wconf 88' lang='lat' dir='ltr'><strong>acies,</strong></span> 
     </span>
    </p>
   </div>
   <div class='ocr_carea' id='block_1_66' title="bbox 1891 2109 3464 2179">
    <p class='ocr_par' dir='ltr' id='par_1_66' title="bbox 1891 2109 3464 2179">
     <span class='ocr_line' id='line_1_66' title="bbox 1891 2109 3464 2179; baseline 0 -13"><span class='ocrx_word' id='word_1_466' title='bbox 1891 2122 1947 2166; x_wconf 93' lang='lat' dir='ltr'><strong>et</strong></span> <span class='ocrx_word' id='word_1_467' title='bbox 1985 2120 2230 2165; x_wconf 77' lang='lat' dir='ltr'><strong>exacutzn</strong></span> <span class='ocrx_word' id='word_1_468' title='bbox 2280 2109 2492 2173; x_wconf 75' lang='lat' dir='ltr'><strong>sagitta:</strong></span> <span class='ocrx_word' id='word_1_469' title='bbox 2537 2109 2820 2176; x_wconf 88' lang='lat' dir='ltr'><strong>impiorum</strong></span> <span class='ocrx_word' id='word_1_470' title='bbox 2874 2111 3137 2179; x_wconf 76' lang='lat' dir='ltr'><strong>sanguine</strong></span> <span class='ocrx_word' id='word_1_471' title='bbox 3185 2126 3305 2163; x_wconf 76' lang='lat' dir='ltr'><strong>mox</strong></span> <span class='ocrx_word' id='word_1_472' title='bbox 3347 2112 3464 2166; x_wconf 79' lang='lat' dir='ltr'><strong>ine-</strong></span> 
     </span>
    </p>
   </div>
   <div class='ocr_carea' id='block_1_67' title="bbox 1892 2199 3459 2269">
    <p class='ocr_par' dir='ltr' id='par_1_67' title="bbox 1892 2199 3459 2269">
     <span class='ocr_line' id='line_1_67' title="bbox 1892 2199 3459 2269; baseline -0.003 -12"><span class='ocrx_word' id='word_1_473' title='bbox 1892 2201 2130 2257; x_wconf 73' lang='lat' dir='ltr'><strong>briandze</strong></span> <span class='ocrx_word' id='word_1_474' title='bbox 2156 2215 2217 2255; x_wconf 88' lang='lat' dir='ltr'><strong>ac</strong></span> <span class='ocrx_word' id='word_1_475' title='bbox 2245 2199 2513 2269; x_wconf 83' lang='lat' dir='ltr'><strong>replendae</strong></span> <span class='ocrx_word' id='word_1_476' title='bbox 2533 2240 2548 2266; x_wconf 95' lang='lat'><strong>,</strong></span> <span class='ocrx_word' id='word_1_477' title='bbox 2580 2215 2684 2253; x_wconf 88' lang='lat' dir='ltr'><strong>non</strong></span> <span class='ocrx_word' id='word_1_478' title='bbox 2716 2201 2997 2253; x_wconf 88' lang='lat' dir='ltr'><strong>vibrantur</strong></span> <span class='ocrx_word' id='word_1_479' title='bbox 3023 2202 3035 2252; x_wconf 88' lang='lat'><strong>!</strong></span> <span class='ocrx_word' id='word_1_480' title='bbox 3075 2200 3252 2254; x_wconf 81' lang='lat' dir='ltr'><strong>Stellae</strong></span> <span class='ocrx_word' id='word_1_481' title='bbox 3280 2201 3459 2253; x_wconf 87' lang='lat' dir='ltr'><strong>lumen</strong></span> 
     </span>
    </p>
   </div>
   <div class='ocr_carea' id='block_1_68' title="bbox 1891 2289 3458 2357">
    <p class='ocr_par' dir='ltr' id='par_1_68' title="bbox 1891 2289 3458 2357">
     <span class='ocr_line' id='line_1_68' title="bbox 1891 2289 3458 2357; baseline -0.001 -10"><span class='ocrx_word' id='word_1_482' title='bbox 1891 2309 2047 2348; x_wconf 90' lang='lat' dir='ltr'><strong>suum</strong></span> <span class='ocrx_word' id='word_1_483' title='bbox 2090 2307 2198 2345; x_wconf 89' lang='lat' dir='ltr'><strong>non</strong></span> <span class='ocrx_word' id='word_1_484' title='bbox 2254 2289 2616 2353; x_wconf 78' lang='lat' dir='ltr'><strong>subtrahunt,</strong></span> <span class='ocrx_word' id='word_1_485' title='bbox 2676 2305 2849 2357; x_wconf 90' lang='lat' dir='ltr'><strong>neque</strong></span> <span class='ocrx_word' id='word_1_486' title='bbox 2894 2305 3113 2344; x_wconf 87' lang='lat' dir='ltr'><strong>cursum</strong></span> <span class='ocrx_word' id='word_1_487' title='bbox 3168 2291 3458 2346; x_wconf 80' lang='lat' dir='ltr'><strong>cohibenti</strong></span> 
     </span>
    </p>
   </div>
   <div class='ocr_carea' id='block_1_69' title="bbox 1891 2380 3460 2449">
    <p class='ocr_par' dir='ltr' id='par_1_69' title="bbox 1891 2380 3460 2449">
     <span class='ocr_line' id='line_1_69' title="bbox 1891 2380 3460 2449; baseline 0 -13"><span class='ocrx_word' id='word_1_488' title='bbox 1891 2382 2090 2437; x_wconf 82' lang='lat' dir='ltr'><strong>Verum</strong></span> <span class='ocrx_word' id='word_1_489' title='bbox 2128 2382 2243 2436; x_wconf 62' lang='lat' dir='ltr'><strong>haec</strong></span> <span class='ocrx_word' id='word_1_490' title='bbox 2273 2381 2454 2435; x_wconf 87' lang='lat' dir='ltr'><strong>omnia</strong></span> <span class='ocrx_word' id='word_1_491' title='bbox 2507 2397 2534 2433; x_wconf 88' lang='lat' dir='ltr'><strong>a</strong></span> <span class='ocrx_word' id='word_1_492' title='bbox 2587 2380 2679 2435; x_wconf 87' lang='lat' dir='ltr'><strong>Dei</strong></span> <span class='ocrx_word' id='word_1_493' title='bbox 2720 2395 2844 2449; x_wconf 85' lang='lat' dir='ltr'><strong>erga</strong></span> <span class='ocrx_word' id='word_1_494' title='bbox 2899 2381 3147 2434; x_wconf 87' lang='lat' dir='ltr'><strong>homines</strong></span> <span class='ocrx_word' id='word_1_495' title='bbox 3192 2381 3460 2436; x_wconf 87' lang='lat' dir='ltr'><strong>charitate</strong></span> 
     </span>
    </p>
   </div>
   <div class='ocr_carea' id='block_1_70' title="bbox 1889 2471 3462 2542">
    <p class='ocr_par' dir='ltr' id='par_1_70' title="bbox 1889 2471 3462 2542">
     <span class='ocr_line' id='line_1_70' title="bbox 1889 2471 3462 2542; baseline -0.003 -14"><span class='ocrx_word' id='word_1_496' title='bbox 1889 2490 1954 2529; x_wconf 89' lang='lat' dir='ltr'><strong>ae</strong></span> <span class='ocrx_word' id='word_1_497' title='bbox 1979 2474 2316 2542; x_wconf 79' lang='lat' dir='ltr'><strong>benignitate</strong></span> <span class='ocrx_word' id='word_1_498' title='bbox 2345 2472 2436 2527; x_wconf 92' lang='lat' dir='ltr'><strong>diu</strong></span> <span class='ocrx_word' id='word_1_499' title='bbox 2471 2472 2660 2538; x_wconf 86' lang='lat' dir='ltr'><strong>dilata,</strong></span> <span class='ocrx_word' id='word_1_500' title='bbox 2696 2487 2870 2538; x_wconf 88' lang='lat' dir='ltr'><strong>neque</strong></span> <span class='ocrx_word' id='word_1_501' title='bbox 2899 2471 3124 2526; x_wconf 87' lang='lat' dir='ltr'><strong>stolidos</strong></span> <span class='ocrx_word' id='word_1_502' title='bbox 3150 2472 3250 2525; x_wconf 88' lang='lat' dir='ltr'><strong>hos</strong></span> <span class='ocrx_word' id='word_1_503' title='bbox 3278 2486 3462 2525; x_wconf 88' lang='lat' dir='ltr'><strong>emen-</strong></span> 
     </span>
    </p>
   </div>
   <div class='ocr_carea' id='block_1_71' title="bbox 1886 2561 3456 2629">
    <p class='ocr_par' dir='ltr' id='par_1_71' title="bbox 1886 2561 3456 2629">
     <span class='ocr_line' id='line_1_71' title="bbox 1886 2561 3456 2629; baseline -0.001 -13"><span class='ocrx_word' id='word_1_504' title='bbox 1886 2564 2038 2626; x_wconf 89' lang='lat' dir='ltr'><strong>dant,</strong></span> <span class='ocrx_word' id='word_1_505' title='bbox 2066 2577 2238 2629; x_wconf 89' lang='lat' dir='ltr'><strong>neque</strong></span> <span class='ocrx_word' id='word_1_506' title='bbox 2263 2563 2330 2616; x_wconf 90' lang='lat' dir='ltr'><strong>ad</strong></span> <span class='ocrx_word' id='word_1_507' title='bbox 2358 2561 2624 2616; x_wconf 84' lang='lat' dir='ltr'><strong>scelerum</strong></span> <span class='ocrx_word' id='word_1_508' title='bbox 2656 2577 2877 2615; x_wconf 85' lang='lat' dir='ltr'><strong>suorum</strong></span> <span class='ocrx_word' id='word_1_509' title='bbox 2905 2576 3122 2616; x_wconf 89' lang='lat' dir='ltr'><strong>sensum</strong></span> <span class='ocrx_word' id='word_1_510' title='bbox 3151 2561 3456 2628; x_wconf 84' lang='lat' dir='ltr'><strong>impellunt,</strong></span> 
     </span>
    </p>
   </div>
   <div class='ocr_carea' id='block_1_72' title="bbox 1888 2653 3457 2722">
    <p class='ocr_par' dir='ltr' id='par_1_72' title="bbox 1888 2653 3457 2722">
     <span class='ocr_line' id='line_1_72' title="bbox 1888 2653 3457 2722; baseline -0.002 -13"><span class='ocrx_word' id='word_1_511' title='bbox 1888 2655 1981 2709; x_wconf 90' lang='lat' dir='ltr'><strong>sed</strong></span> <span class='ocrx_word' id='word_1_512' title='bbox 2027 2654 2371 2707; x_wconf 86' lang='lat' dir='ltr'><strong>occasionem</strong></span> <span class='ocrx_word' id='word_1_513' title='bbox 2422 2653 2600 2722; x_wconf 87' lang='lat' dir='ltr'><strong>potius</strong></span> <span class='ocrx_word' id='word_1_514' title='bbox 2656 2662 2819 2721; x_wconf 87' lang='lat' dir='ltr'><strong>atque</strong></span> <span class='ocrx_word' id='word_1_515' title='bbox 2874 2655 3154 2705; x_wconf 83' lang='lat' dir='ltr'><strong>materiam</strong></span> <span class='ocrx_word' id='word_1_516' title='bbox 3203 2653 3457 2720; x_wconf 86' lang='lat' dir='ltr'><strong>peccandi</strong></span> 
     </span>
    </p>
   </div>
   <div class='ocr_carea' id='block_1_73' title="bbox 1889 2740 3456 2809">
    <p class='ocr_par' dir='ltr' id='par_1_73' title="bbox 1889 2740 3456 2809">
     <span class='ocr_line' id='line_1_73' title="bbox 1889 2740 3456 2809; baseline -0.002 -16"><span class='ocrx_word' id='word_1_517' title='bbox 1889 2742 2220 2795; x_wconf 84' lang='lat' dir='ltr'><strong>ministrant.</strong></span> <span class='ocrx_word' id='word_1_518' title='bbox 2254 2741 2370 2805; x_wconf 82' lang='lat' dir='ltr'><strong>Quo</strong></span> <span class='ocrx_word' id='word_1_519' title='bbox 2418 2756 2545 2809; x_wconf 91' lang='lat' dir='ltr'><strong>ergo</strong></span> <span class='ocrx_word' id='word_1_520' title='bbox 2573 2741 2692 2807; x_wconf 91' lang='lat' dir='ltr'><strong>quis</strong></span> <span class='ocrx_word' id='word_1_521' title='bbox 2724 2741 2940 2792; x_wconf 89' lang='lat' dir='ltr'><strong>nomine</strong></span> <span class='ocrx_word' id='word_1_522' title='bbox 2961 2776 2976 2801; x_wconf 88' lang='lat'><strong>,</strong></span> <span class='ocrx_word' id='word_1_523' title='bbox 3015 2740 3304 2792; x_wconf 82' lang='lat' dir='ltr'><strong>dummodo</strong></span> <span class='ocrx_word' id='word_1_524' title='bbox 3333 2754 3456 2791; x_wconf 87' lang='lat' dir='ltr'><strong>cor—</strong></span> 
     </span>
    </p>
   </div>
   <div class='ocr_carea' id='block_1_74' title="bbox 1887 2827 3456 2893">
    <p class='ocr_par' dir='ltr' id='par_1_74' title="bbox 1887 2827 3456 2893">
     <span class='ocr_line' id='line_1_74' title="bbox 1887 2827 3456 2893; baseline -0.004 -8"><span class='ocrx_word' id='word_1_525' title='bbox 1887 2831 2046 2886; x_wconf 88' lang='lat' dir='ltr'><strong>datus</strong></span> <span class='ocrx_word' id='word_1_526' title='bbox 2102 2830 2171 2883; x_wconf 86' lang='lat' dir='ltr'><strong>sit</strong></span> <span class='ocrx_word' id='word_1_527' title='bbox 2209 2840 2263 2883; x_wconf 89' lang='lat' dir='ltr'><strong>et</strong></span> <span class='ocrx_word' id='word_1_528' title='bbox 2304 2843 2433 2881; x_wconf 88' lang='lat' dir='ltr'><strong>sana</strong></span> <span class='ocrx_word' id='word_1_529' title='bbox 2479 2839 2659 2880; x_wconf 91' lang='lat' dir='ltr'><strong>mente</strong></span> <span class='ocrx_word' id='word_1_530' title='bbox 2709 2827 2964 2893; x_wconf 66' lang='lat' dir='ltr'><strong>praeditus</strong></span> <span class='ocrx_word' id='word_1_531' title='bbox 2990 2866 3004 2891; x_wconf 91' lang='lat'><strong>,</strong></span> <span class='ocrx_word' id='word_1_532' title='bbox 3055 2827 3276 2880; x_wconf 91' lang='lat' dir='ltr'><strong>atheum</strong></span> <span class='ocrx_word' id='word_1_533' title='bbox 3314 2827 3456 2880; x_wconf 93' lang='lat' dir='ltr'><strong>hunc</strong></span> 
     </span>
    </p>
   </div>
   <div class='ocr_carea' id='block_1_75' title="bbox 1885 2915 3455 2987">
    <p class='ocr_par' dir='ltr' id='par_1_75' title="bbox 1885 2915 3455 2987">
     <span class='ocr_line' id='line_1_75' title="bbox 1885 2915 3455 2987; baseline -0.003 -13"><span class='ocrx_word' id='word_1_534' title='bbox 1885 2928 2214 2974; x_wconf 75' lang='lat' dir='ltr'><strong>conventura</strong></span> <span class='ocrx_word' id='word_1_535' title='bbox 2243 2917 2354 2987; x_wconf 72' lang='lat'><strong>(2|)</strong></span> <span class='ocrx_word' id='word_1_536' title='bbox 2409 2917 2687 2986; x_wconf 77' lang='lat' dir='ltr'><strong>designet?</strong></span> <span class='ocrx_word' id='word_1_537' title='bbox 2720 2917 2836 2982; x_wconf 88' lang='lat' dir='ltr'><strong>Quo</strong></span> <span class='ocrx_word' id='word_1_538' title='bbox 2879 2915 3019 2981; x_wconf 89' lang='lat' dir='ltr'><strong>alio,</strong></span> <span class='ocrx_word' id='word_1_539' title='bbox 3064 2915 3311 2984; x_wconf 89' lang='lat' dir='ltr'><strong>inquam,</strong></span> <span class='ocrx_word' id='word_1_540' title='bbox 3348 2915 3455 2970; x_wconf 87' lang='lat' dir='ltr'><strong>nisi</strong></span> 
     </span>
    </p>
   </div>
   <div class='ocr_carea' id='block_1_76' title="bbox 1885 3007 3458 3082">
    <p class='ocr_par' dir='ltr' id='par_1_76' title="bbox 1885 3007 3458 3082">
     <span class='ocr_line' id='line_1_76' title="bbox 1885 3007 3458 3082; baseline -0.006 -16"><span class='ocrx_word' id='word_1_541' title='bbox 1885 3023 1941 3066; x_wconf 90' lang='lat' dir='ltr'><strong>ut</strong></span> <span class='ocrx_word' id='word_1_542' title='bbox 1971 3011 2194 3080; x_wconf 74' lang='lat' dir='ltr'><strong>Caiphze</strong></span> <span class='ocrx_word' id='word_1_543' title='bbox 2221 3011 2532 3082; x_wconf 85' lang='lat' dir='ltr'><strong>synedrium</strong></span> <span class='ocrx_word' id='word_1_544' title='bbox 2564 3050 2578 3074; x_wconf 90' lang='lat'><strong>,</strong></span> <span class='ocrx_word' id='word_1_545' title='bbox 2621 3017 2676 3063; x_wconf 91' lang='lat' dir='ltr'><strong>et</strong></span> <span class='ocrx_word' id='word_1_546' title='bbox 2703 3007 2983 3062; x_wconf 83' lang='lat' dir='ltr'><strong>Judaicam</strong></span> <span class='ocrx_word' id='word_1_547' title='bbox 3015 3011 3272 3060; x_wconf 83' lang='lat' dir='ltr'><strong>adversus</strong></span> <span class='ocrx_word' id='word_1_548' title='bbox 3303 3007 3458 3061; x_wconf 81' lang='lat' dir='ltr'><strong>Chri-</strong></span> 
     </span>
    </p>
   </div>
   <div class='ocr_carea' id='block_1_77' title="bbox 1883 3095 3455 3159">
    <p class='ocr_par' dir='ltr' id='par_1_77' title="bbox 1883 3095 3455 3159">
     <span class='ocr_line' id='line_1_77' title="bbox 1883 3095 3455 3159; baseline -0.005 -2"><span class='ocrx_word' id='word_1_549' title='bbox 1883 3115 2025 3159; x_wconf 86' lang='lat' dir='ltr'><strong>stum</strong></span> <span class='ocrx_word' id='word_1_550' title='bbox 2085 3101 2269 3156; x_wconf 82' lang='lat' dir='ltr'><strong>furore</strong></span> <span class='ocrx_word' id='word_1_551' title='bbox 2323 3100 2452 3154; x_wconf 88' lang='lat' dir='ltr'><strong>olitn</strong></span> <span class='ocrx_word' id='word_1_552' title='bbox 2493 3097 2773 3154; x_wconf 68' lang='lat' dir='ltr'><strong>eﬂ‘eratam</strong></span> <span class='ocrx_word' id='word_1_553' title='bbox 2829 3098 3082 3151; x_wconf 85' lang='lat' dir='ltr'><strong>turbam?</strong></span> <span class='ocrx_word' id='word_1_554' title='bbox 3133 3095 3264 3150; x_wconf 81' lang='lat' dir='ltr'><strong>Nam</strong></span> <span class='ocrx_word' id='word_1_555' title='bbox 3314 3110 3455 3149; x_wconf 88' lang='lat' dir='ltr'><strong>nunc</strong></span> 
     </span>
    </p>
   </div>
   <div class='ocr_carea' id='block_1_78' title="bbox 1883 3187 3514 3258">
    <p class='ocr_par' dir='ltr' id='par_1_78' title="bbox 1883 3187 3514 3258">
     <span class='ocr_line' id='line_1_78' title="bbox 1883 3187 3514 3258; baseline -0.006 -9"><span class='ocrx_word' id='word_1_556' title='bbox 1883 3195 2046 3250; x_wconf 88' lang='lat' dir='ltr'><strong>etiam</strong></span> <span class='ocrx_word' id='word_1_557' title='bbox 2109 3193 2466 3248; x_wconf 80' lang='lat' dir='ltr'><strong>Convenerunt</strong></span> <span class='ocrx_word' id='word_1_558' title='bbox 2520 3191 2832 3258; x_wconf 80' lang='lat' dir='ltr'><strong>pepulerunt</strong></span> <span class='ocrx_word' id='word_1_559' title='bbox 2883 3190 3145 3256; x_wconf 74' lang='lat' dir='ltr'><strong>principes</strong></span> <span class='ocrx_word' id='word_1_560' title='bbox 3205 3187 3452 3240; x_wconf 78' lang='lat' dir='ltr'><strong>adversus</strong></span> <span class='ocrx_word' id='word_1_561' title='bbox 3511 3229 3514 3231; x_wconf 73' lang='lat'>.</span> 
     </span>
    </p>
   </div>
   <div class='ocr_carea' id='block_1_79' title="bbox 1884 3275 3456 3347">
    <p class='ocr_par' dir='ltr' id='par_1_79' title="bbox 1884 3275 3456 3347">
     <span class='ocr_line' id='line_1_79' title="bbox 1884 3275 3456 3347; baseline -0.007 -8"><span class='ocrx_word' id='word_1_562' title='bbox 1884 3285 2168 3338; x_wconf 86' lang='lat' dir='ltr'><strong>Dominum</strong></span> <span class='ocrx_word' id='word_1_563' title='bbox 2204 3291 2253 3336; x_wconf 83' lang='lat' dir='ltr'><strong>et</strong></span> <span class='ocrx_word' id='word_1_564' title='bbox 2304 3281 2553 3334; x_wconf 75' lang='lat' dir='ltr'><strong>adversus</strong></span> <span class='ocrx_word' id='word_1_565' title='bbox 2607 3279 2873 3332; x_wconf 70' lang='lat' dir='ltr'><strong>Christum</strong></span> <span class='ocrx_word' id='word_1_566' title='bbox 2919 3279 3031 3347; x_wconf 80' lang='lat' dir='ltr'><strong>ejus</strong></span> <span class='ocrx_word' id='word_1_567' title='bbox 3060 3277 3126 3331; x_wconf 84' lang='grc'><strong>⁹⁹.</strong></span> <span class='ocrx_word' id='word_1_568' title='bbox 3164 3275 3242 3329; x_wconf 84' lang='lat' dir='ltr'><strong>En</strong></span> <span class='ocrx_word' id='word_1_569' title='bbox 3281 3279 3456 3329; x_wconf 91' lang='lat' dir='ltr'><strong>denuo</strong></span> 
     </span>
    </p>
   </div>
   <div class='ocr_carea' id='block_1_80' title="bbox 1884 3367 3456 3432">
    <p class='ocr_par' dir='ltr' id='par_1_80' title="bbox 1884 3367 3456 3432">
     <span class='ocr_line' id='line_1_80' title="bbox 1884 3367 3456 3432; baseline -0.008 -3"><span class='ocrx_word' id='word_1_570' title='bbox 1884 3375 2196 3429; x_wconf 89' lang='lat' dir='ltr'><strong>sacerdotes</strong></span> <span class='ocrx_word' id='word_1_571' title='bbox 2247 3382 2300 3426; x_wconf 89' lang='lat' dir='ltr'><strong>et</strong></span> <span class='ocrx_word' id='word_1_572' title='bbox 2341 3371 2543 3424; x_wconf 68' lang='lat' dir='ltr'><strong>Scriba:</strong></span> <span class='ocrx_word' id='word_1_573' title='bbox 2592 3384 2655 3424; x_wconf 89' lang='lat' dir='ltr'><strong>ac</strong></span> <span class='ocrx_word' id='word_1_574' title='bbox 2706 3369 2998 3432; x_wconf 52' lang='lat' dir='ltr'><strong>l’harist‘ei;</strong></span> <span class='ocrx_word' id='word_1_575' title='bbox 3047 3383 3112 3420; x_wconf 87' lang='lat' dir='ltr'><strong>en</strong></span> <span class='ocrx_word' id='word_1_576' title='bbox 3151 3382 3339 3420; x_wconf 88' lang='lat' dir='ltr'><strong>rursus</strong></span> <span class='ocrx_word' id='word_1_577' title='bbox 3389 3367 3456 3418; x_wconf 84' lang='lat' dir='ltr'><strong>de</strong></span> 
     </span>
    </p>
   </div>
   <div class='ocr_carea' id='block_1_81' title="bbox 1890 3459 3455 3534">
    <p class='ocr_par' dir='ltr' id='par_1_81' title="bbox 1890 3459 3455 3534">
     <span class='ocr_line' id='line_1_81' title="bbox 1890 3459 3455 3534; baseline -0.006 -13"><span class='ocrx_word' id='word_1_578' title='bbox 1890 3467 2076 3521; x_wconf 90' lang='lat' dir='ltr'><strong>eodem</strong></span> <span class='ocrx_word' id='word_1_579' title='bbox 2118 3473 2442 3534; x_wconf 82' lang='lat' dir='ltr'><strong>argumento</strong></span> <span class='ocrx_word' id='word_1_580' title='bbox 2487 3461 2914 3516; x_wconf 86' lang='lat' dir='ltr'><strong>consultationes</strong></span> <span class='ocrx_word' id='word_1_581' title='bbox 2949 3478 2962 3514; x_wconf 78' lang='grc' dir='ltr'><strong>ι</strong></span> <span class='ocrx_word' id='word_1_582' title='bbox 3001 3460 3175 3511; x_wconf 89' lang='lat' dir='ltr'><strong>denuo</strong></span> <span class='ocrx_word' id='word_1_583' title='bbox 3207 3459 3455 3512; x_wconf 71' lang='lat' dir='ltr'><strong>LhristuS</strong></span> 
     </span>
    </p>
   </div>
   <div class='ocr_carea' id='block_1_82' title="bbox 1890 3546 3453 3621">
    <p class='ocr_par' dir='ltr' id='par_1_82' title="bbox 1890 3546 3453 3621">
     <span class='ocr_line' id='line_1_82' title="bbox 1890 3546 3453 3621; baseline -0.006 -11"><span class='ocrx_word' id='word_1_584' title='bbox 1890 3554 2131 3610; x_wconf 88' lang='lat' dir='ltr'><strong>illuditur</strong></span> <span class='ocrx_word' id='word_1_585' title='bbox 2157 3562 2210 3606; x_wconf 91' lang='lat' dir='ltr'><strong>et</strong></span> <span class='ocrx_word' id='word_1_586' title='bbox 2253 3552 2571 3621; x_wconf 83' lang='lat' dir='ltr'><strong>ﬂagellatur,</strong></span> <span class='ocrx_word' id='word_1_587' title='bbox 2605 3552 2746 3604; x_wconf 86' lang='lat' dir='ltr'><strong>sicut</strong></span> <span class='ocrx_word' id='word_1_588' title='bbox 2776 3549 2905 3604; x_wconf 90' lang='lat' dir='ltr'><strong>olim</strong></span> <span class='ocrx_word' id='word_1_589' title='bbox 2956 3549 3009 3602; x_wconf 91' lang='lat' dir='ltr'><strong>in</strong></span> <span class='ocrx_word' id='word_1_590' title='bbox 3043 3562 3207 3601; x_wconf 89' lang='lat' dir='ltr'><strong>carne</strong></span> <span class='ocrx_word' id='word_1_591' title='bbox 3260 3546 3453 3600; x_wconf 87' lang='lat' dir='ltr'><strong>\isibili</strong></span> 
     </span>
    </p>
   </div>
   <div class='ocr_carea' id='block_1_83' title="bbox 1887 3641 3454 3716">
    <p class='ocr_par' dir='ltr' id='par_1_83' title="bbox 1887 3641 3454 3716">
     <span class='ocr_line' id='line_1_83' title="bbox 1887 3641 3454 3716; baseline -0.006 -15"><span class='ocrx_word' id='word_1_592' title='bbox 1887 3647 2120 3716; x_wconf 73' lang='lat' dir='ltr'><strong>benigne</strong></span> <span class='ocrx_word' id='word_1_593' title='bbox 2155 3660 2212 3698; x_wconf 90' lang='lat' dir='ltr'><strong>se</strong></span> <span class='ocrx_word' id='word_1_594' title='bbox 2256 3659 2486 3714; x_wconf 82' lang='lat' dir='ltr'><strong>gerens,</strong></span> <span class='ocrx_word' id='word_1_595' title='bbox 2517 3644 2589 3696; x_wconf 92' lang='lat' dir='ltr'><strong>ita</strong></span> <span class='ocrx_word' id='word_1_596' title='bbox 2627 3657 2772 3696; x_wconf 91' lang='lat' dir='ltr'><strong>nunc</strong></span> <span class='ocrx_word' id='word_1_597' title='bbox 2802 3643 2964 3695; x_wconf 89' lang='lat' dir='ltr'><strong>etiam</strong></span> <span class='ocrx_word' id='word_1_598' title='bbox 2999 3641 3050 3693; x_wconf 91' lang='lat' dir='ltr'><strong>in</strong></span> <span class='ocrx_word' id='word_1_599' title='bbox 3084 3641 3318 3707; x_wconf 84' lang='lat' dir='ltr'><strong>imagine</strong></span> <span class='ocrx_word' id='word_1_600' title='bbox 3371 3655 3454 3692; x_wconf 84' lang='lat' dir='ltr'><strong>re-</strong></span> 
     </span>
    </p>
   </div>
   <div class='ocr_carea' id='block_1_84' title="bbox 1887 3733 3267 3806">
    <p class='ocr_par' dir='ltr' id='par_1_84' title="bbox 1887 3733 3267 3806">
     <span class='ocr_line' id='line_1_84' title="bbox 1887 3733 3267 3806; baseline -0.004 -15"><span class='ocrx_word' id='word_1_601' title='bbox 1887 3743 2246 3806; x_wconf 77' lang='lat' dir='ltr'><strong>praesentatus</strong></span> <span class='ocrx_word' id='word_1_602' title='bbox 2274 3735 2363 3788; x_wconf 90' lang='lat' dir='ltr'><strong>diu</strong></span> <span class='ocrx_word' id='word_1_603' title='bbox 2394 3734 2618 3787; x_wconf 89' lang='lat' dir='ltr'><strong>multum</strong></span> <span class='ocrx_word' id='word_1_604' title='bbox 2651 3734 2964 3802; x_wconf 89' lang='lat' dir='ltr'><strong>patientiam</strong></span> <span class='ocrx_word' id='word_1_605' title='bbox 3005 3733 3267 3785; x_wconf 86' lang='lat' dir='ltr'><strong>retinens.</strong></span> 
     </span>
    </p>
   </div>
   <div class='ocr_carea' id='block_1_85' title="bbox 1957 3822 3452 3893">
    <p class='ocr_par' dir='ltr' id='par_1_85' title="bbox 1957 3822 3452 3893">
     <span class='ocr_line' id='line_1_85' title="bbox 1957 3822 3452 3893; baseline -0.006 -12"><span class='ocrx_word' id='word_1_606' title='bbox 1957 3827 2010 3882; x_wconf 90' lang='lat'><strong>8.</strong></span> <span class='ocrx_word' id='word_1_607' title='bbox 2053 3826 2222 3880; x_wconf 87' lang='lat' dir='ltr'><strong>Porro</strong></span> <span class='ocrx_word' id='word_1_608' title='bbox 2270 3835 2525 3880; x_wconf 87' lang='lat' dir='ltr'><strong>accurate</strong></span> <span class='ocrx_word' id='word_1_609' title='bbox 2575 3837 2895 3893; x_wconf 87' lang='lat' dir='ltr'><strong>summaque</strong></span> <span class='ocrx_word' id='word_1_610' title='bbox 2937 3822 3236 3875; x_wconf 82' lang='lat' dir='ltr'><strong>attentione</strong></span> <span class='ocrx_word' id='word_1_611' title='bbox 3265 3822 3452 3874; x_wconf 81' lang='lat' dir='ltr'><strong>obser—</strong></span> 
     </span>
    </p>
   </div>
   <div class='ocr_carea' id='block_1_86' title="bbox 1887 3909 3451 3982">
    <p class='ocr_par' dir='ltr' id='par_1_86' title="bbox 1887 3909 3451 3982">
     <span class='ocr_line' id='line_1_86' title="bbox 1887 3909 3451 3982; baseline -0.004 -13"><span class='ocrx_word' id='word_1_612' title='bbox 1887 3917 2118 3972; x_wconf 88' lang='lat' dir='ltr'><strong>vandum</strong></span> <span class='ocrx_word' id='word_1_613' title='bbox 2157 3922 2240 3970; x_wconf 92' lang='lat' dir='ltr'><strong>est</strong></span> <span class='ocrx_word' id='word_1_614' title='bbox 2265 3954 2280 3980; x_wconf 87' lang='lat'><strong>,</strong></span> <span class='ocrx_word' id='word_1_615' title='bbox 2317 3915 2460 3982; x_wconf 92' lang='lat' dir='ltr'><strong>quod</strong></span> <span class='ocrx_word' id='word_1_616' title='bbox 2508 3927 2700 3980; x_wconf 89' lang='lat' dir='ltr'><strong>nempe</strong></span> <span class='ocrx_word' id='word_1_617' title='bbox 2729 3920 2988 3980; x_wconf 87' lang='lat' dir='ltr'><strong>quantum</strong></span> <span class='ocrx_word' id='word_1_618' title='bbox 3024 3911 3194 3966; x_wconf 73' lang='lat' dir='ltr'><strong>illusa:</strong></span> <span class='ocrx_word' id='word_1_619' title='bbox 3223 3926 3364 3962; x_wconf 90' lang='lat' dir='ltr'><strong>nunc</strong></span> <span class='ocrx_word' id='word_1_620' title='bbox 3387 3909 3451 3962; x_wconf 67' lang='grc' dir='ltr'><strong>εἰ]</strong></span> 
     </span>
    </p>
   </div>
   <div class='ocr_carea' id='block_1_87' title="bbox 1885 4001 3448 4079">
    <p class='ocr_par' dir='ltr' id='par_1_87' title="bbox 1885 4001 3448 4079">
     <span class='ocr_line' id='line_1_87' title="bbox 1885 4001 3448 4079; baseline -0.009 -16"><span class='ocrx_word' id='word_1_621' title='bbox 1885 4007 2242 4079; x_wconf 66' lang='lat' dir='ltr'><strong>pessumdata;</strong></span> <span class='ocrx_word' id='word_1_622' title='bbox 2287 4005 2580 4071; x_wconf 85' lang='lat' dir='ltr'><strong>imagines,</strong></span> <span class='ocrx_word' id='word_1_623' title='bbox 2627 4003 2852 4056; x_wconf 79' lang='lat' dir='ltr'><strong>formam</strong></span> <span class='ocrx_word' id='word_1_624' title='bbox 2909 4001 3114 4056; x_wconf 83' lang='lat' dir='ltr'><strong>Domini</strong></span> <span class='ocrx_word' id='word_1_625' title='bbox 3160 4001 3448 4068; x_wconf 76' lang='lat' dir='ltr'><strong>exhibent,</strong></span> 
     </span>
    </p>
   </div>
   <div class='ocr_carea' id='block_1_88' title="bbox 1833 4091 3446 4167">
    <p class='ocr_par' dir='ltr' id='par_1_88' title="bbox 1833 4091 3446 4167">
     <span class='ocr_line' id='line_1_88' title="bbox 1833 4091 3446 4167; baseline -0.009 -12"><span class='ocrx_word' id='word_1_626' title='bbox 1833 4127 1841 4140; x_wconf 77' lang='grc' dir='ltr'><em>ο</em></span> <span class='ocrx_word' id='word_1_627' title='bbox 1888 4111 2092 4155; x_wconf 86' lang='lat' dir='ltr'><strong>tantum</strong></span> <span class='ocrx_word' id='word_1_628' title='bbox 2126 4110 2176 4153; x_wconf 88' lang='lat' dir='ltr'><strong>et</strong></span> <span class='ocrx_word' id='word_1_629' title='bbox 2206 4097 2305 4167; x_wconf 88' lang='lat' dir='ltr'><strong>ipsi</strong></span> <span class='ocrx_word' id='word_1_630' title='bbox 2329 4095 2671 4149; x_wconf 83' lang='lat' dir='ltr'><strong>lconomachi</strong></span> <span class='ocrx_word' id='word_1_631' title='bbox 2694 4094 2903 4148; x_wconf 72' lang='lat' dir='ltr'><strong>Judzcos</strong></span> <span class='ocrx_word' id='word_1_632' title='bbox 2923 4093 3048 4147; x_wconf 88' lang='lat' dir='ltr'><strong>olim</strong></span> <span class='ocrx_word' id='word_1_633' title='bbox 3077 4091 3446 4155; x_wconf 78' lang='lat' dir='ltr'><strong>crueilixorcs,</strong></span> 
     </span>
    </p>
   </div>
   <div class='ocr_carea' id='block_1_89' title="bbox 1885 4184 3446 4249">
    <p class='ocr_par' dir='ltr' id='par_1_89' title="bbox 1885 4184 3446 4249">
     <span class='ocr_line' id='line_1_89' title="bbox 1885 4184 3446 4249; baseline -0.009 -3"><span class='ocrx_word' id='word_1_634' title='bbox 1885 4202 1939 4246; x_wconf 90' lang='lat' dir='ltr'><strong>et</strong></span> <span class='ocrx_word' id='word_1_635' title='bbox 1981 4191 2192 4245; x_wconf 90' lang='lat' dir='ltr'><strong>illorum</strong></span> <span class='ocrx_word' id='word_1_636' title='bbox 2240 4187 2452 4243; x_wconf 81' lang='lat' dir='ltr'><strong>facinus</strong></span> <span class='ocrx_word' id='word_1_637' title='bbox 2491 4187 2884 4246; x_wconf 83' lang='lat' dir='ltr'><strong>internecivum</strong></span> <span class='ocrx_word' id='word_1_638' title='bbox 2929 4184 3213 4238; x_wconf 79' lang='lat' dir='ltr'><strong>manifeste</strong></span> <span class='ocrx_word' id='word_1_639' title='bbox 3245 4197 3446 4249; x_wconf 72' lang='lat' dir='ltr'><strong>reprae-</strong></span> 
     </span>
    </p>
   </div>
   <div class='ocr_carea' id='block_1_90' title="bbox 1885 4270 3450 4347">
    <p class='ocr_par' dir='ltr' id='par_1_90' title="bbox 1885 4270 3450 4347">
     <span class='ocr_line' id='line_1_90' title="bbox 1885 4270 3450 4347; baseline -0.007 -13"><span class='ocrx_word' id='word_1_640' title='bbox 1885 4289 2117 4335; x_wconf 85' lang='lat' dir='ltr'><strong>scntant.</strong></span> <span class='ocrx_word' id='word_1_641' title='bbox 2166 4277 2408 4347; x_wconf 84' lang='lat' dir='ltr'><strong>Namque</strong></span> <span class='ocrx_word' id='word_1_642' title='bbox 2439 4285 2496 4330; x_wconf 95' lang='lat' dir='ltr'><strong>ut</strong></span> <span class='ocrx_word' id='word_1_643' title='bbox 2537 4274 2708 4329; x_wconf 63' lang='lat' dir='ltr'><strong>Juda&#39;i</strong></span> <span class='ocrx_word' id='word_1_644' title='bbox 2751 4274 3060 4329; x_wconf 85' lang='lat' dir='ltr'><strong>Creatorem</strong></span> <span class='ocrx_word' id='word_1_645' title='bbox 3094 4271 3218 4324; x_wconf 91' lang='lat' dir='ltr'><strong>totis</strong></span> <span class='ocrx_word' id='word_1_646' title='bbox 3244 4270 3450 4326; x_wconf 81' lang='lat' dir='ltr'><strong>viribus</strong></span> 
     </span>
    </p>
   </div>
   <div class='ocr_carea' id='block_1_91' title="bbox 1883 4362 3446 4440">
    <p class='ocr_par' dir='ltr' id='par_1_91' title="bbox 1883 4362 3446 4440">
     <span class='ocr_line' id='line_1_91' title="bbox 1883 4362 3446 4440; baseline -0.005 -18"><span class='ocrx_word' id='word_1_647' title='bbox 1883 4370 2152 4440; x_wconf 85' lang='lat' dir='ltr'><strong>perimere</strong></span> <span class='ocrx_word' id='word_1_648' title='bbox 2183 4368 2391 4423; x_wconf 88' lang='lat' dir='ltr'><strong>connisi</strong></span> <span class='ocrx_word' id='word_1_649' title='bbox 2425 4375 2585 4431; x_wconf 90' lang='lat' dir='ltr'><strong>sunt,</strong></span> <span class='ocrx_word' id='word_1_650' title='bbox 2619 4367 2689 4418; x_wconf 89' lang='lat' dir='ltr'><strong>ita</strong></span> <span class='ocrx_word' id='word_1_651' title='bbox 2740 4377 2790 4416; x_wconf 91' lang='lat' dir='ltr'><strong>et</strong></span> <span class='ocrx_word' id='word_1_652' title='bbox 2839 4364 2889 4418; x_wconf 92' lang='lat' dir='ltr'><strong>hi</strong></span> <span class='ocrx_word' id='word_1_653' title='bbox 2923 4365 3106 4418; x_wconf 86' lang='lat' dir='ltr'><strong>icones</strong></span> <span class='ocrx_word' id='word_1_654' title='bbox 3135 4364 3250 4430; x_wconf 88' lang='lat' dir='ltr'><strong>ejus</strong></span> <span class='ocrx_word' id='word_1_655' title='bbox 3300 4362 3446 4414; x_wconf 89' lang='lat' dir='ltr'><strong>omni</strong></span> 
     </span>
    </p>
   </div>
   <div class='ocr_carea' id='block_1_92' title="bbox 1882 4453 3445 4530">
    <p class='ocr_par' dir='ltr' id='par_1_92' title="bbox 1882 4453 3445 4530">
     <span class='ocr_line' id='line_1_92' title="bbox 1882 4453 3445 4530; baseline -0.009 -15"><span class='ocrx_word' id='word_1_656' title='bbox 1882 4477 1983 4530; x_wconf 84' lang='lat' dir='ltr'><strong>0pc</strong></span> <span class='ocrx_word' id='word_1_657' title='bbox 2015 4460 2196 4514; x_wconf 79' lang='lat' dir='ltr'><strong>delere</strong></span> <span class='ocrx_word' id='word_1_658' title='bbox 2225 4460 2461 4512; x_wconf 91' lang='lat' dir='ltr'><strong>student.</strong></span> <span class='ocrx_word' id='word_1_659' title='bbox 2501 4458 2734 4524; x_wconf 74' lang='lat' dir='ltr'><strong>Apparet</strong></span> <span class='ocrx_word' id='word_1_660' title='bbox 2761 4455 2922 4526; x_wconf 87' lang='lat' dir='ltr'><strong>igitur</strong></span> <span class='ocrx_word' id='word_1_661' title='bbox 2965 4454 3017 4506; x_wconf 87' lang='lat' dir='ltr'><strong>in</strong></span> <span class='ocrx_word' id='word_1_662' title='bbox 3047 4453 3288 4519; x_wconf 84' lang='lat' dir='ltr'><strong>utrisque</strong></span> <span class='ocrx_word' id='word_1_663' title='bbox 3318 4466 3445 4518; x_wconf 83' lang='lat' dir='ltr'><strong>per-</strong></span> 
     </span>
    </p>
   </div>
   <div class='ocr_carea' id='block_1_93' title="bbox 1883 4541 3444 4613">
    <p class='ocr_par' dir='ltr' id='par_1_93' title="bbox 1883 4541 3444 4613">
     <span class='ocr_line' id='line_1_93' title="bbox 1883 4541 3444 4613; baseline -0.008 -6"><span class='ocrx_word' id='word_1_664' title='bbox 1883 4553 2037 4607; x_wconf 76' lang='lat' dir='ltr'><strong>fectae</strong></span> <span class='ocrx_word' id='word_1_665' title='bbox 2069 4551 2385 4604; x_wconf 88' lang='lat' dir='ltr'><strong>imitationis</strong></span> <span class='ocrx_word' id='word_1_666' title='bbox 2413 4550 2610 4613; x_wconf 77' lang='lat' dir='ltr'><strong>imago.</strong></span> <span class='ocrx_word' id='word_1_667' title='bbox 2649 4545 2788 4613; x_wconf 84' lang='lat' dir='ltr'><strong>Ergo</strong></span> <span class='ocrx_word' id='word_1_668' title='bbox 2821 4554 2876 4598; x_wconf 93' lang='lat' dir='ltr'><strong>ut</strong></span> <span class='ocrx_word' id='word_1_669' title='bbox 2904 4543 3112 4598; x_wconf 91' lang='lat' dir='ltr'><strong>illorum</strong></span> <span class='ocrx_word' id='word_1_670' title='bbox 3137 4541 3444 4596; x_wconf 79' lang='lat' dir='ltr'><strong>facinorum</strong></span> 
     </span>
    </p>
   </div>
   <div class='ocr_carea' id='block_1_94' title="bbox 1883 4630 3441 4714">
    <p class='ocr_par' dir='ltr' id='par_1_94' title="bbox 1883 4630 3441 4714">
     <span class='ocr_line' id='line_1_94' title="bbox 1883 4630 3441 4714; baseline -0.007 -21"><span class='ocrx_word' id='word_1_671' title='bbox 1883 4659 1979 4714; x_wconf 80' lang='lat' dir='ltr'><strong>par</strong></span> <span class='ocrx_word' id='word_1_672' title='bbox 2006 4642 2144 4695; x_wconf 86' lang='lat' dir='ltr'><strong>ratio</strong></span> <span class='ocrx_word' id='word_1_673' title='bbox 2179 4639 2531 4708; x_wconf 88' lang='lat' dir='ltr'><strong>conspicitur,</strong></span> <span class='ocrx_word' id='word_1_674' title='bbox 2565 4638 2644 4691; x_wconf 89' lang='lat' dir='ltr'><strong>sic</strong></span> <span class='ocrx_word' id='word_1_675' title='bbox 2677 4636 2838 4689; x_wconf 85' lang='lat' dir='ltr'><strong>etiam</strong></span> <span class='ocrx_word' id='word_1_676' title='bbox 2876 4648 3226 4703; x_wconf 82' lang='lat' dir='ltr'><strong>personarum</strong></span> <span class='ocrx_word' id='word_1_677' title='bbox 3260 4630 3441 4682; x_wconf 83' lang='lat' dir='ltr'><strong>volun-</strong></span> 
     </span>
    </p>
   </div>
   <div class='ocr_carea' id='block_1_95' title="bbox 198 4720 1783 4807">
    <p class='ocr_par' dir='ltr' id='par_1_95' title="bbox 198 4730 1776 4805">
     <span class='ocr_line' id='line_1_95' title="bbox 198 4730 1776 4805; baseline 0.007 -27"><span class='ocrx_word' id='word_1_678' title='bbox 198 4730 521 4798; x_wconf 81' lang='grc' dir='ltr'>τολμήμασι</span> <span class='ocrx_word' id='word_1_679' title='bbox 569 4730 630 4782; x_wconf 83' lang='grc' dir='ltr'>τὸ</span> <span class='ocrx_word' id='word_1_680' title='bbox 667 4731 905 4800; x_wconf 78' lang='grc' dir='ltr'>ἐμφανὲς</span> <span class='ocrx_word' id='word_1_681' title='bbox 953 4733 1054 4802; x_wconf 66' lang='grc' dir='ltr'><strong>ἤδη</strong></span> <span class='ocrx_word' id='word_1_682' title='bbox 1114 4733 1581 4805; x_wconf 86' lang='grc' dir='ltr'>συντεθεώρηται,</span> <span class='ocrx_word' id='word_1_683' title='bbox 1635 4735 1776 4789; x_wconf 78' lang='grc' dir='ltr'>οὕτω</span> 
     </span>
    </p>
   </div>
   <div class='ocr_carea' id='block_1_96' title="bbox 1889 4720 3442 4807">
    <p class='ocr_par' dir='ltr' id='par_1_96' title="bbox 1889 4720 3442 4801">
     <span class='ocr_line' id='line_1_96' title="bbox 1889 4720 3442 4801; baseline -0.008 -15"><span class='ocrx_word' id='word_1_684' title='bbox 1889 4745 2159 4801; x_wconf 85' lang='lat' dir='ltr'><strong>latumque</strong></span> <span class='ocrx_word' id='word_1_685' title='bbox 2184 4730 2468 4798; x_wconf 81' lang='lat' dir='ltr'><strong>qualitates</strong></span> <span class='ocrx_word' id='word_1_686' title='bbox 2491 4739 2860 4781; x_wconf 68' lang='lat' dir='ltr'><strong>consentaneae</strong></span> <span class='ocrx_word' id='word_1_687' title='bbox 2884 4725 3231 4786; x_wconf 55' lang='lat' dir='ltr'><strong>videbuntur,</strong></span> <span class='ocrx_word' id='word_1_688' title='bbox 3256 4720 3442 4790; x_wconf 87' lang='lat' dir='ltr'><strong>Neque</strong></span> 
     </span>
    </p>
   </div>
   <div class='ocr_carea' id='block_1_97' title="bbox 199 4817 1776 4896">
    <p class='ocr_par' dir='ltr' id='par_1_97' title="bbox 199 4817 1776 4896">
     <span class='ocr_line' id='line_1_97' title="bbox 199 4817 1776 4896; baseline 0.005 -27"><span class='ocrx_word' id='word_1_689' title='bbox 199 4817 262 4885; x_wconf 83' lang='grc' dir='ltr'>δή</span> <span class='ocrx_word' id='word_1_690' title='bbox 303 4837 404 4871; x_wconf 71' lang='grc' dir='ltr'><strong>που</strong></span> <span class='ocrx_word' id='word_1_691' title='bbox 441 4819 536 4870; x_wconf 79' lang='grc' dir='ltr'><strong>καὶ</strong></span> <span class='ocrx_word' id='word_1_692' title='bbox 563 4820 673 4871; x_wconf 85' lang='grc' dir='ltr'><strong>τῶν</strong></span> <span class='ocrx_word' id='word_1_693' title='bbox 698 4821 1006 4890; x_wconf 85' lang='grc' dir='ltr'>προσώπων</span> <span class='ocrx_word' id='word_1_694' title='bbox 1030 4822 1254 4874; x_wconf 72' lang='grc' dir='ltr'>καὶτῶν</span> <span class='ocrx_word' id='word_1_695' title='bbox 1281 4824 1515 4896; x_wconf 87' lang='grc' dir='ltr'>γνωμῶν</span> <span class='ocrx_word' id='word_1_696' title='bbox 1543 4827 1594 4876; x_wconf 81' lang='grc' dir='ltr'>αἱ</span> <span class='ocrx_word' id='word_1_697' title='bbox 1627 4825 1776 4877; x_wconf 88' lang='grc' dir='ltr'>ποιό-</span> 
     </span>
    </p>
   </div>
   <div class='ocr_carea' id='block_1_98' title="bbox 198 4910 1775 4982">
    <p class='ocr_par' dir='ltr' id='par_1_98' title="bbox 198 4910 1775 4982">
     <span class='ocr_line' id='line_1_98' title="bbox 198 4910 1775 4982; baseline 0.005 -23"><span class='ocrx_word' id='word_1_698' title='bbox 198 4924 387 4978; x_wconf 89' lang='grc' dir='ltr'>τητες,</span> <span class='ocrx_word' id='word_1_699' title='bbox 420 4910 709 4963; x_wconf 86' lang='grc' dir='ltr'>ἀκόλουθοι</span> <span class='ocrx_word' id='word_1_700' title='bbox 736 4915 1278 4982; x_wconf 80' lang='grc' dir='ltr'>συναναφανήσονται</span> <span class='ocrx_word' id='word_1_701' title='bbox 1299 4932 1312 4948; x_wconf 75' lang='grc' dir='ltr'><strong>ο</strong></span> <span class='ocrx_word' id='word_1_702' title='bbox 1356 4916 1450 4966; x_wconf 79' lang='grc' dir='ltr'>καὶ</span> <span class='ocrx_word' id='word_1_703' title='bbox 1474 4916 1573 4968; x_wconf 79' lang='grc' dir='ltr'><strong>οὑκ</strong></span> <span class='ocrx_word' id='word_1_704' title='bbox 1605 4917 1669 4968; x_wconf 84' lang='grc' dir='ltr'>ἄν</span> <span class='ocrx_word' id='word_1_705' title='bbox 1693 4933 1775 4979; x_wconf 85' lang='grc' dir='ltr'><strong>τις</strong></span> 
     </span>
    </p>
   </div>
   <div class='ocr_carea' id='block_1_99' title="bbox 196 4999 1775 5078">
    <p class='ocr_par' dir='ltr' id='par_1_99' title="bbox 196 4999 1775 5078">
     <span class='ocr_line' id='line_1_99' title="bbox 196 4999 1775 5078; baseline 0.004 -26"><span class='ocrx_word' id='word_1_706' title='bbox 196 4999 371 5052; x_wconf 83' lang='grc' dir='ltr'>ταῦτα</span> <span class='ocrx_word' id='word_1_707' title='bbox 404 5001 614 5067; x_wconf 77' lang='grc' dir='ltr'>ἑτέρως</span> <span class='ocrx_word' id='word_1_708' title='bbox 653 5001 798 5071; x_wconf 81' lang='grc' dir='ltr'>ἐχειν</span> <span class='ocrx_word' id='word_1_709' title='bbox 843 5004 1048 5073; x_wconf 66' lang='grc' dir='ltr'>οἰηθεὶς</span> <span class='ocrx_word' id='word_1_710' title='bbox 1097 5004 1356 5072; x_wconf 85' lang='grc' dir='ltr'>κρίνειεν,</span> <span class='ocrx_word' id='word_1_711' title='bbox 1404 5005 1562 5076; x_wconf 82' lang='grc' dir='ltr'>εἴπερ</span> <span class='ocrx_word' id='word_1_712' title='bbox 1610 5005 1775 5078; x_wconf 76' lang='grc' dir='ltr'>ὀρθὴν</span> 
     </span>
    </p>
   </div>
   <div class='ocr_carea' id='block_1_100' title="bbox 204 5085 1775 5165">
    <p class='ocr_par' dir='ltr' id='par_1_100' title="bbox 204 5085 1775 5165">
     <span class='ocr_line' id='line_1_100' title="bbox 204 5085 1775 5165; baseline 0.004 -25"><span class='ocrx_word' id='word_1_713' title='bbox 204 5091 301 5142; x_wconf 75' lang='grc' dir='ltr'><strong>καὶ</strong></span> <span class='ocrx_word' id='word_1_714' title='bbox 336 5089 709 5159; x_wconf 82' lang='grc' dir='ltr'>ἀδιάστροφον</span> <span class='ocrx_word' id='word_1_715' title='bbox 737 5091 844 5144; x_wconf 89' lang='grc' dir='ltr'><strong>τῶν</strong></span> <span class='ocrx_word' id='word_1_716' title='bbox 871 5094 1215 5164; x_wconf 83' lang='grc' dir='ltr'>πραγμάτων</span> <span class='ocrx_word' id='word_1_717' title='bbox 1239 5095 1338 5164; x_wconf 76' lang='grc' dir='ltr'>τὴν</span> <span class='ocrx_word' id='word_1_718' title='bbox 1359 5085 1542 5165; x_wconf 85' lang='grc' dir='ltr'>κρίσιν</span> <span class='ocrx_word' id='word_1_719' title='bbox 1572 5095 1775 5165; x_wconf 82' lang='grc' dir='ltr'>κέκτη-</span> 
     </span>
    </p>
   </div>
   <div class='ocr_carea' id='block_1_101' title="bbox 196 5181 1769 5255">
    <p class='ocr_par' dir='ltr' id='par_1_101' title="bbox 196 5181 1769 5255">
     <span class='ocr_line' id='line_1_101' title="bbox 196 5181 1769 5255; baseline 0.005 -23"><span class='ocrx_word' id='word_1_720' title='bbox 196 5197 310 5242; x_wconf 82' lang='grc' dir='ltr'>ται,</span> <span class='ocrx_word' id='word_1_721' title='bbox 347 5183 444 5234; x_wconf 73' lang='grc' dir='ltr'><strong>καὶ</strong></span> <span class='ocrx_word' id='word_1_722' title='bbox 472 5181 562 5232; x_wconf 79' lang='grc' dir='ltr'><strong>τὸν</strong></span> <span class='ocrx_word' id='word_1_723' title='bbox 590 5183 850 5252; x_wconf 65' lang='grc' dir='ltr'>λογισμὸν</span> <span class='ocrx_word' id='word_1_724' title='bbox 883 5185 1195 5255; x_wconf 69' lang='grc' dir='ltr'>ἐρρωμένον</span> <span class='ocrx_word' id='word_1_725' title='bbox 1213 5186 1356 5255; x_wconf 80' lang='grc' dir='ltr'>ἐχειν</span> <span class='ocrx_word' id='word_1_726' title='bbox 1377 5185 1769 5240; x_wconf 89' lang='grc' dir='ltr'>πεπίστευται·</span> 
     </span>
    </p>
   </div>
   <div class='ocr_carea' id='block_1_102' title="bbox 194 5273 1778 5348">
    <p class='ocr_par' dir='ltr' id='par_1_102' title="bbox 194 5273 1778 5348">
     <span class='ocr_line' id='line_1_102' title="bbox 194 5273 1778 5348; baseline 0.001 -20"><span class='ocrx_word' id='word_1_727' title='bbox 194 5273 258 5328; x_wconf 75' lang='grc' dir='ltr'><strong>τὸ</strong></span> <span class='ocrx_word' id='word_1_728' title='bbox 295 5276 410 5344; x_wconf 73' lang='grc' dir='ltr'><strong>γὰρ</strong></span> <span class='ocrx_word' id='word_1_729' title='bbox 444 5273 824 5344; x_wconf 78' lang='grc' dir='ltr'>ἀπαραίτητον</span> <span class='ocrx_word' id='word_1_730' title='bbox 852 5279 880 5328; x_wconf 85' lang='grc' dir='ltr'><strong>ό</strong></span> <span class='ocrx_word' id='word_1_731' title='bbox 910 5277 1067 5344; x_wconf 84' lang='grc' dir='ltr'>λόγος</span> <span class='ocrx_word' id='word_1_732' title='bbox 1093 5277 1226 5343; x_wconf 76' lang='grc' dir='ltr'>ἓξει,</span> <span class='ocrx_word' id='word_1_733' title='bbox 1267 5279 1418 5331; x_wconf 80' lang='grc' dir='ltr'>πᾶσα</span> <span class='ocrx_word' id='word_1_734' title='bbox 1458 5279 1693 5348; x_wconf 83' lang='grc' dir='ltr'>ἀνάγκη,</span> <span class='ocrx_word' id='word_1_735' title='bbox 1726 5280 1778 5330; x_wconf 85' lang='grc' dir='ltr'><strong>εί</strong></span> 
     </span>
    </p>
   </div>
   <div class='ocr_carea' id='block_1_103' title="bbox 267 5446 685 5510">
    <p class='ocr_par' dir='ltr' id='par_1_103' title="bbox 267 5446 685 5510">
     <span class='ocr_line' id='line_1_103' title="bbox 267 5446 685 5510; baseline -0.007 -8"><span class='ocrx_word' id='word_1_736' title='bbox 267 5447 313 5478; x_wconf 81' lang='grc'><strong>’⁸</strong></span> <span class='ocrx_word' id='word_1_737' title='bbox 356 5446 501 5501; x_wconf 82' lang='lat' dir='ltr'><strong>Psal.</strong></span> <span class='ocrx_word' id='word_1_738' title='bbox 541 5462 601 5510; x_wconf 89' lang='grc' dir='ltr'><strong>ιι,</strong></span> <span class='ocrx_word' id='word_1_739' title='bbox 632 5447 685 5499; x_wconf 72' lang='lat'><strong><em>2.</em></strong></span> 
     </span>
    </p>
   </div>
   <div class='ocr_carea' id='block_1_104' title="bbox 1884 4805 3442 4888">
    <p class='ocr_par' dir='ltr' id='par_1_104' title="bbox 1884 4805 3442 4888">
     <span class='ocr_line' id='line_1_104' title="bbox 1884 4805 3442 4888; baseline -0.008 -14"><span class='ocrx_word' id='word_1_740' title='bbox 1884 4836 2012 4876; x_wconf 88' lang='lat' dir='ltr'><strong>vero</strong></span> <span class='ocrx_word' id='word_1_741' title='bbox 2055 4820 2339 4888; x_wconf 83' lang='lat' dir='ltr'><strong>quisquam</strong></span> <span class='ocrx_word' id='word_1_742' title='bbox 2386 4805 2501 4872; x_wconf 68' lang='lat' dir='ltr'><strong>h&#39;azc</strong></span> <span class='ocrx_word' id='word_1_743' title='bbox 2537 4816 2694 4870; x_wconf 69' lang='lat' dir='ltr'><strong>alster</strong></span> <span class='ocrx_word' id='word_1_744' title='bbox 2728 4829 2785 4867; x_wconf 91' lang='lat' dir='ltr'><strong>se</strong></span> <span class='ocrx_word' id='word_1_745' title='bbox 2827 4812 3025 4868; x_wconf 85' lang='lat' dir='ltr'><strong>habere</strong></span> <span class='ocrx_word' id='word_1_746' title='bbox 3056 4811 3356 4879; x_wconf 76' lang='lat' dir='ltr'><strong>iudicabit,</strong></span> <span class='ocrx_word' id='word_1_747' title='bbox 3397 4810 3442 4863; x_wconf 90' lang='lat' dir='ltr'><strong>si</strong></span> 
     </span>
    </p>
   </div>
   <div class='ocr_carea' id='block_1_105' title="bbox 1883 4903 3443 4965">
    <p class='ocr_par' dir='ltr' id='par_1_105' title="bbox 1883 4903 3443 4965">
     <span class='ocr_line' id='line_1_105' title="bbox 1883 4903 3443 4965; baseline -0.006 0"><span class='ocrx_word' id='word_1_748' title='bbox 1883 4913 2041 4965; x_wconf 87' lang='lat' dir='ltr'><strong>modo</strong></span> <span class='ocrx_word' id='word_1_749' title='bbox 2095 4921 2238 4964; x_wconf 86' lang='lat' dir='ltr'><strong>recta</strong></span> <span class='ocrx_word' id='word_1_750' title='bbox 2302 4917 2356 4962; x_wconf 91' lang='lat' dir='ltr'><strong>et</strong></span> <span class='ocrx_word' id='word_1_751' title='bbox 2414 4924 2521 4961; x_wconf 89' lang='lat' dir='ltr'><strong>non</strong></span> <span class='ocrx_word' id='word_1_752' title='bbox 2593 4908 2816 4959; x_wconf 85' lang='lat' dir='ltr'><strong>distorta</strong></span> <span class='ocrx_word' id='word_1_753' title='bbox 2879 4920 3058 4959; x_wconf 89' lang='lat' dir='ltr'><strong>rerum</strong></span> <span class='ocrx_word' id='word_1_754' title='bbox 3113 4903 3443 4957; x_wconf 85' lang='lat' dir='ltr'><strong>discretione</strong></span> 
     </span>
    </p>
   </div>
   <div class='ocr_carea' id='block_1_106' title="bbox 1882 4991 3442 5072">
    <p class='ocr_par' dir='ltr' id='par_1_106' title="bbox 1882 4991 3442 5072">
     <span class='ocr_line' id='line_1_106' title="bbox 1882 4991 3442 5072; baseline -0.008 -18"><span class='ocrx_word' id='word_1_755' title='bbox 1882 5001 2085 5072; x_wconf 85' lang='lat' dir='ltr'><strong>pollet,</strong></span> <span class='ocrx_word' id='word_1_756' title='bbox 2126 5011 2182 5054; x_wconf 92' lang='lat' dir='ltr'><strong>et</strong></span> <span class='ocrx_word' id='word_1_757' title='bbox 2239 5013 2370 5052; x_wconf 84' lang='lat' dir='ltr'><strong>sana</strong></span> <span class='ocrx_word' id='word_1_758' title='bbox 2421 4995 2896 5064; x_wconf 71' lang='lat' dir='ltr'><strong>menteprazditus</strong></span> <span class='ocrx_word' id='word_1_759' title='bbox 2943 4995 3201 5047; x_wconf 90' lang='lat' dir='ltr'><strong>creditur.</strong></span> <span class='ocrx_word' id='word_1_760' title='bbox 3255 4991 3442 5042; x_wconf 85' lang='lat' dir='ltr'><strong>Oratio</strong></span> 
     </span>
    </p>
   </div>
   <div class='ocr_carea' id='block_1_107' title="bbox 1883 5081 3439 5146">
    <p class='ocr_par' dir='ltr' id='par_1_107' title="bbox 1883 5081 3439 5146">
     <span class='ocr_line' id='line_1_107' title="bbox 1883 5081 3439 5146; baseline -0.009 0"><span class='ocrx_word' id='word_1_761' title='bbox 1883 5094 2024 5146; x_wconf 82' lang='lat' dir='ltr'><strong>enim</strong></span> <span class='ocrx_word' id='word_1_762' title='bbox 2053 5092 2191 5144; x_wconf 87' lang='lat' dir='ltr'><strong>hanc</strong></span> <span class='ocrx_word' id='word_1_763' title='bbox 2223 5089 2441 5143; x_wconf 91' lang='lat' dir='ltr'><strong>habebit</strong></span> <span class='ocrx_word' id='word_1_764' title='bbox 2467 5087 2758 5142; x_wconf 79' lang='lat' dir='ltr'><strong>inevitabili</strong></span> <span class='ocrx_word' id='word_1_765' title='bbox 2788 5087 3105 5138; x_wconf 88' lang='lat' dir='ltr'><strong>necessitate</strong></span> <span class='ocrx_word' id='word_1_766' title='bbox 3137 5081 3439 5134; x_wconf 84' lang='lat' dir='ltr'><strong>conclusio-</strong></span> 
     </span>
    </p>
   </div>
   <div class='ocr_carea' id='block_1_108' title="bbox 1881 5177 3435 5246">
    <p class='ocr_par' dir='ltr' id='par_1_108' title="bbox 1881 5177 3435 5246">
     <span class='ocr_line' id='line_1_108' title="bbox 1881 5177 3435 5246; baseline -0.008 -11"><span class='ocrx_word' id='word_1_767' title='bbox 1881 5198 2038 5246; x_wconf 90' lang='lat' dir='ltr'><strong>nem;</strong></span> <span class='ocrx_word' id='word_1_768' title='bbox 2073 5182 2117 5234; x_wconf 92' lang='lat' dir='ltr'><strong>si</strong></span> <span class='ocrx_word' id='word_1_769' title='bbox 2169 5191 2318 5234; x_wconf 87' lang='lat' dir='ltr'><strong>certc</strong></span> <span class='ocrx_word' id='word_1_770' title='bbox 2354 5195 2539 5232; x_wconf 89' lang='lat' dir='ltr'><strong>verum</strong></span> <span class='ocrx_word' id='word_1_771' title='bbox 2583 5187 2685 5240; x_wconf 81' lang='lat' dir='ltr'><strong>est,</strong></span> <span class='ocrx_word' id='word_1_772' title='bbox 2715 5177 2877 5229; x_wconf 89' lang='lat' dir='ltr'><strong>verba</strong></span> <span class='ocrx_word' id='word_1_773' title='bbox 2906 5188 3126 5243; x_wconf 90' lang='lat' dir='ltr'><strong>operum</strong></span> <span class='ocrx_word' id='word_1_774' title='bbox 3156 5185 3278 5224; x_wconf 87' lang='lat' dir='ltr'><strong>esse</strong></span> <span class='ocrx_word' id='word_1_775' title='bbox 3307 5185 3435 5224; x_wconf 85' lang='lat' dir='ltr'><strong>con-</strong></span> 
     </span>
    </p>
   </div>
   <div class='ocr_carea' id='block_1_109' title="bbox 1881 5267 3455 5335">
    <p class='ocr_par' dir='ltr' id='par_1_109' title="bbox 1881 5267 3455 5335">
     <span class='ocr_line' id='line_1_109' title="bbox 1881 5267 3455 5335; baseline -0.008 -7"><span class='ocrx_word' id='word_1_776' title='bbox 1881 5283 2154 5328; x_wconf 83' lang='lat' dir='ltr'><strong>seetauea.</strong></span> <span class='ocrx_word' id='word_1_777' title='bbox 2197 5271 2320 5326; x_wconf 69' lang='lat' dir='ltr'><strong>l-ltcc</strong></span> <span class='ocrx_word' id='word_1_778' title='bbox 2366 5271 2497 5324; x_wconf 88' lang='lat' dir='ltr'><strong>satis</strong></span> <span class='ocrx_word' id='word_1_779' title='bbox 2542 5268 2606 5320; x_wconf 90' lang='lat' dir='ltr'><strong>ad</strong></span> <span class='ocrx_word' id='word_1_780' title='bbox 2649 5267 2934 5335; x_wconf 85' lang='lat' dir='ltr'><strong>impiorum</strong></span> <span class='ocrx_word' id='word_1_781' title='bbox 2982 5275 3267 5332; x_wconf 87' lang='lat' dir='ltr'><strong>perversos</strong></span> <span class='ocrx_word' id='word_1_782' title='bbox 3317 5275 3455 5328; x_wconf 80' lang='lat' dir='ltr'><strong>pra-</strong></span> 
     </span>
    </p>
   </div>
   <div class='ocr_carea' id='block_1_110' title="bbox 270 5617 3436 5696">
    <p class='ocr_par' dir='ltr' id='par_1_110' title="bbox 270 5617 3436 5696">
     <span class='ocr_line' id='line_1_110' title="bbox 270 5617 3436 5696; baseline -0.002 -20"><span class='ocrx_word' id='word_1_783' title='bbox 270 5625 388 5692; x_wconf 58' lang='grc' dir='ltr'><strong>(ἐι)</strong></span> <span class='ocrx_word' id='word_1_784' title='bbox 422 5623 830 5696; x_wconf 70' lang='lat' dir='ltr'><strong>Loquitnrvel</strong></span> <span class='ocrx_word' id='word_1_785' title='bbox 861 5626 944 5696; x_wconf 84' lang='lat' dir='ltr'><strong>de</strong></span> <span class='ocrx_word' id='word_1_786' title='bbox 975 5627 1149 5693; x_wconf 81' lang='lat' dir='ltr'><strong>prima</strong></span> <span class='ocrx_word' id='word_1_787' title='bbox 1183 5627 1663 5681; x_wconf 83' lang='lat' dir='ltr'><strong>leonomarhnrum</strong></span> <span class='ocrx_word' id='word_1_788' title='bbox 1701 5628 1905 5695; x_wconf 72' lang='lat' dir='ltr'><strong>synodo</strong></span> <span class='ocrx_word' id='word_1_789' title='bbox 1953 5627 2053 5681; x_wconf 90' lang='lat' dir='ltr'><strong>sub</strong></span> <span class='ocrx_word' id='word_1_790' title='bbox 2129 5626 2496 5696; x_wconf 74' lang='lat' dir='ltr'><strong>Copronymo,</strong></span> <span class='ocrx_word' id='word_1_791' title='bbox 2546 5622 2627 5678; x_wconf 88' lang='lat' dir='ltr'><strong>vel</strong></span> <span class='ocrx_word' id='word_1_792' title='bbox 2679 5621 2860 5694; x_wconf 84' lang='lat' dir='ltr'><strong>potius</strong></span> <span class='ocrx_word' id='word_1_793' title='bbox 2923 5619 2989 5676; x_wconf 85' lang='lat' dir='ltr'><strong>de</strong></span> <span class='ocrx_word' id='word_1_794' title='bbox 3067 5617 3300 5674; x_wconf 79' lang='lat' dir='ltr'><strong>secunda</strong></span> <span class='ocrx_word' id='word_1_795' title='bbox 3333 5619 3436 5674; x_wconf 82' lang='lat' dir='ltr'><strong>sub</strong></span> 
     </span>
    </p>
   </div>
   <div class='ocr_carea' id='block_1_111' title="bbox 198 5693 1760 5767">
    <p class='ocr_par' dir='ltr' id='par_1_111' title="bbox 198 5693 1760 5767">
     <span class='ocr_line' id='line_1_111' title="bbox 198 5693 1760 5767; baseline 0.001 -18"><span class='ocrx_word' id='word_1_796' title='bbox 198 5693 379 5752; x_wconf 81' lang='lat' dir='ltr'><strong>Leone</strong></span> <span class='ocrx_word' id='word_1_797' title='bbox 400 5699 664 5760; x_wconf 81' lang='lat' dir='ltr'><strong>Artneuu,</strong></span> <span class='ocrx_word' id='word_1_798' title='bbox 693 5694 758 5748; x_wconf 78' lang='lat' dir='ltr'><strong>de</strong></span> <span class='ocrx_word' id='word_1_799' title='bbox 781 5695 972 5764; x_wconf 86' lang='lat' dir='ltr'><strong>quibus</strong></span> <span class='ocrx_word' id='word_1_800' title='bbox 1005 5712 1099 5751; x_wconf 84' lang='lat' dir='ltr'><strong>nos</strong></span> <span class='ocrx_word' id='word_1_801' title='bbox 1122 5697 1355 5752; x_wconf 62' lang='lat' dir='ltr'><strong>diximus</strong></span> <span class='ocrx_word' id='word_1_802' title='bbox 1385 5715 1436 5767; x_wconf 91' lang='lat' dir='ltr'><strong>p.</strong></span> <span class='ocrx_word' id='word_1_803' title='bbox 1471 5699 1523 5766; x_wconf 77' lang='lat'><strong>3,</strong></span> <span class='ocrx_word' id='word_1_804' title='bbox 1563 5700 1614 5752; x_wconf 73' lang='lat' dir='ltr'><strong>in</strong></span> <span class='ocrx_word' id='word_1_805' title='bbox 1638 5693 1760 5752; x_wconf 82' lang='lat' dir='ltr'><strong>adn.</strong></span> 
     </span>
    </p>
   </div>
  </div>
