3918 6144
441 280 540 347 55d

1458 272 1517 330 S.
1559 268 1977 328 NiCEPHORI
2014 266 2514 329 PATRIARCIIE
2552 266 2658 324 (ΣΡ.

3568 251 3686 314 Ξιῗιὶ

444 402 647 454 νοςηυε
693 400 872 439 mores
917 382 1238 449 compendio
1272 379 1734 433 demonstrandos.
1785 374 2046 444 Jamque,

2153 394 2176 427 ε
2216 376 2290 438 ὡς
2351 374 2564 453 ἀληθῶς
2617 373 2666 424 οἱ
2724 371 2872 438 λόγοι
2908 370 3017 431 τοῖς
3060 366 3381 437 πράγμασιν
3412 363 3685 415 ἕπονται·

448 478 607 533 tertio
637 478 737 530 hoc
765 476 963 528 malum
991 475 1251 526 adversus
1288 483 1624 523 communem
1662 468 2005 521 Servatorem

2153 462 2361 517 σσοῦτον
2388 440 2486 531 μὲν
2512 460 2587 523 ὼς
2610 462 2666 511 ὲν
2698 457 2889 529 βραχεῖ
2928 455 3036 509 τῶν
3070 453 3282 508 ἀσεϐῶν
3327 449 3693 520 παραστῆσαι

449 577 691 623 nostrum
724 565 998 620 Christum
1044 571 1296 618 exortum
1322 569 1444 621 ,est.
1489 556 1625 611 Nam
1658 565 1853 625 praeter
1880 553 2008 608 illud

2153 555 2174 606 ὁ
2217 553 2517 623 δύστροπον
2548 550 2644 603 καὶ
2686 546 2993 618 κακόηθεςο
3035 547 3129 599 καὶ
3152 544 3339 614 τρίτον
3371 542 3475 614 ἤδη
3523 540 3698 592 τοῦτο

449 660 677 726 primum
711 672 773 708 ac
806 654 967 706 veluti
1000 652 1346 722 archetypum
1380 647 1586 702 facinus
1611 646 1745 719 (22),
1772 646 2011 701 secundo

445 748 557 820 jam
603 756 658 799 et
697 744 854 798 tertio
880 742 992 808 (25)
1042 741 1107 793 ab
1143 740 1225 793 his
1253 736 1557 792 Judazorum
1590 733 1966 804 consectaneis
1988 771 2004 797 ,

451 841 711 895 adversus
754 848 904 890 sacra
941 829 1328 886 incarnationis
1362 826 1609 898 symbolo
1650 826 1793 880 idem
1825 833 2015 892 patra-

454 942 567 985 tum
600 929 721 982 fuit.
754 925 942 979 Nonne
972 937 1101 976 vero
1127 923 1179 974 id
1205 920 1341 974 turri
1374 918 1446 973 illi
1470 918 1522 971 in
1553 930 1743 984 campo
1771 914 2017 970 Sennaar

453 1021 748 1081 aediﬁcata,
785 1032 843 1070 re
871 1025 926 1069 et
945 1013 1163 1069 nomine
1188 1008 1627 1081 comparabitur?
1655 1006 1816 1061 Certe
1845 1015 1899 1059 et
1924 1004 2016 1057 illa

454 1110 595 1164 niale
624 1106 959 1170 struebatur,
990 1104 1190 1173 quippe
1222 1100 1346 1169 quia
1395 1109 1583 1152 contra
1630 1095 1725 1151 Dei
1758 1094 2016 1162 placitum

457 1216 523 1255 ac
570 1198 927 1252 voluntatem.
988 1194 1184 1249 Merito
1235 1201 1415 1246 autem
1468 1198 1595 1242 tunc
1638 1183 2020 1240 aediﬁcandum

459 1293 659 1361 lingua:
688 1289 928 1344 confusa:
957 1287 1197 1346 fuerunt,
1232 1283 1308 1336 uti
1339 1281 1432 1335 Dei
1466 1277 1745 1348 providum
1764 1275 1874 1343 jam
1900 1289 2024 1328 ceu-

461 1393 643 1440 suerat
681 1381 963 1435 consilium
988 1381 1031 1441 ¹,
1070 1386 1123 1431 et
1152 1389 1345 1429 vocum
1370 1370 1509 1440 apud
1545 1383 1639 1422 eos
1670 1365 2023 1423 consonantia

461 1475 729 1530 dissoluta
762 1481 865 1535 est,
896 1469 1061 1540 156
1090 1470 1165 1522 ita
1195 1477 1255 1519 ut
1283 1478 1440 1519 nemo
1469 1463 1578 1532 jam
1609 1459 1839 1528 proximi
1866 1458 2026 1513 soda-

462 1566 636 1633 lisque
673 1549 765 1618 sui
782 1562 1018 1630 linguam
1054 1557 1407 1624 intelligeret;
1434 1562 1594 1623 atque
1623 1553 1696 1605 ita
1719 1557 2026 1619 susceptum

464 1671 600 1725 opus
627 1654 978 1717 dilaberetur,
1014 1649 1301 1718 operisque
1324 1655 1570 1701 auctores
1596 1657 1692 1713 Per
1715 1641 2026 1702 universum

465 1747 652 1803 orbem
685 1746 1147 1815 dispergerentur.

538 2034 592 2088 9.
627 2031 749 2085 llaec
780 2036 957 2082 autem
1002 2041 1032 2078 a
1084 2021 1432 2078 novatoribus
1473 2027 1795 2089 exaggerata
1821 2058 1837 2084 ,
1872 2018 2039 2072 turris

470 2125 666 2187 instar,
703 2118 852 2187 impii
899 2114 1166 2185 dogmatis
1208 2112 1379 2167 moles
1403 2152 1418 2178 ,
1458 2111 1628 2165 multo
1670 2107 2040 2164 deteStahilior

471 2226 555 2271 est
588 2225 643 2268 et
669 2208 1063 2280 irreligiosior:
1102 2219 1277 2274 neque
1306 2203 1569 2258 lateribus
1608 2200 1781 2256 coctis
1810 2214 1865 2254 et
1892 2199 2039 2254 bitu-

473 2307 619 2360 mine
642 2312 944 2371 compacta,
976 2298 1070 2354 sed
1096 2296 1407 2365 apostaticis
1436 2295 1654 2362 Deoque
1686 2293 2039 2371 repugnanti-

2116 644 2290 707 πάθος
2316 643 2409 695 ἐπὶ
2436 641 2532 695 τοῦ
2576 642 2796 696 πάντων
2830 637 2992 709 ἡμῶν
3026 636 3281 706 Σωτῆρος
3310 630 3555 704 Χριστοῦ
3590 646 3701 682 πε-

2118 735 2461 805 φανέρωταιο
2512 734 2650 803 πρὸς
2684 731 2795 801 γὰρ
2833 728 2911 799 τῷ
2935 728 3235 799 πρωτίστῳ
3267 728 3361 779 καὶ
3395 725 3469 787 ὡς
3505 723 3575 777 ἄν
3606 739 3700 784 τις

2119 826 2264 880 εἴποι
2296 824 2591 896 ἀρχετύπῳ
2623 822 2812 889 πάθει,
2839 820 2934 875 καὶ
2959 819 3212 889 δεύτερον
3247 817 3351 879 ἔτι,
3384 815 3479 868 καὶ
3503 812 3705 884 τρίτον

2121 921 2214 974 ἐπὶ
2235 918 2413 989 τούτῳ
2444 917 2594 987 παρὰ
2626 914 2734 969 τῶν
2766 910 3091 983 ὁμοτρόπων
3124 909 3239 970 τοῖς
3277 904 3585 967 Ἰουδαίοις,
3607 902 3711 955 διὰ

2121 1011 2232 1068 τῶν
2300 1008 2463 1079 ἱερῶν
2523 1007 2625 1076 τῆς
2690 1001 2967 1074 σωτηρίου
3020 999 3188 1054 αὑτοῦ
3244 994 3713 1066 ὲνσωματώσεως

2125 1099 2431 1171 συμϐόλων,
2481 1098 2573 1151 ἐπὶ
2610 1095 2711 1165 τῆς
2757 1092 2882 1147 καθ’
2914 1093 3064 1163 ἡμᾶς
3090 1089 3284 1160 γενεᾶς
3324 1087 3643 1157 ἠνέγκατο·
3679 1082 3716 1151 ἦ

2125 1192 2249 1261 οὐχ).
2265 1191 2330 1262 δὴ
2353 1190 2443 1243 τὸν
2461 1191 2518 1240 ὲν
2552 1186 2720 1256 πεδίῳ
2742 1182 2987 1253 Σενναάρ
2999 1176 3458 1248 οἰκοδομούμενον
3478 1173 3719 1244 πύργον

2128 1283 2399 1353 εὐκαίρως
2440 1282 2505 1334 ἂν
2539 1277 2897 1348 ὁνομάσειεν;
2925 1269 3008 1348 *ῌ
3036 1273 3294 1337 κᾴκεῖνον
3335 1265 3526 1327 κακῶς
3560 1263 3723 1333 ᾠκο-

2128 1375 2355 1445 δόμητο,
2393 1373 2519 1425 ἐπεὶ
2547 1368 2760 1439 οὐδαμῆ
2792 1366 2951 1440 ἢθελε
2980 1363 3112 1427 Θεὸς
3137 1360 3257 1415 οὐδὲ
3285 1359 3445 1431 ἥδετο
3466 1375 3480 1390 ο
3514 1353 3724 1416 καλῶς

2131 1467 2190 1523 δὲ
2213 1465 2319 1519 τῶν
2355 1462 2710 1534 συνηγμένων
2740 1461 2796 1513 αἱ
2823 1458 3068 1527 γλῶσσαι
3092 1451 3329 1509 ἐνταῦθα
3352 1451 3726 1519 συνεχέοντο,

2134 1561 2279 1626 καθὰ
2296 1558 2361 1630 δὴ
2390 1559 2453 1612 τὸ
2478 1559 2621 1612 θεῖον
2647 1554 2932 1626 ὲκεκρίκει
2956 1550 3304 1624 προϐούλιον,
3329 1548 3427 1601 καὶ
3458 1546 3730 1616 διῃρεῖτο

2135 1653 2238 1724 ἢδη
2295 1650 2481 1713 αὐτοῖς
2544 1649 2606 1701 τὺ
2662 1647 2982 1718 ὁμόφωνον⁶
3043 1643 3118 1705 ὡς
3170 1639 3530 1711 ἀνηκουστεῖν
3578 1635 3733 1698 τοὺς

2062 1722 2105 1790 Β
2138 1722 2307 1806 πέλας
2351 1741 2455 1810 τῆς
2488 1738 2674 1809 φωνῆς
2716 1736 2824 1789 τῶν
2861 1731 3397 1806 ὁμογνωμονούντων
3445 1728 3733 1790 ἕκαστον,

2137 1833 2233 1891 καὶ
2278 1831 2456 1903 ταύτῃ
2501 1828 2822 1885 διαλύεσθαι
2852 1827 2916 1879 τὸ
2951 1825 3285 1897 ἐγχείρημα,
3312 1821 3407 1876 καὶ
3437 1821 3570 1884 τοὺς
3619 1836 3741 1873 πο·

2137 1924 2436 1994 νουμένους
2469 1921 2547 1992 τῷ
2585 1920 2733 1992 ἔργῳ
2764 1917 2888 1973 καθ’
2905 1916 3033 1986 ὅλης
3059 1918 3164 1984 γῆς
3191 1912 3655 1984 διασπείρεσθαι.

2211 2015 2276 2068 θ’.
2338 2011 2487 2067 ’σδὲ
2543 2010 2637 2065 νῦν
2694 2011 2807 2074 τοῖς
2867 2005 3253 2077 νεωτερίζουσι
3301 2004 3401 2071 τῆς
3450 2000 3742 2065 ἀσεϐείας

2144 2100 2525 2172 πυργούμενος
2585 2096 2843 2160 κολωνὸς,
2878 2093 3057 2164 πολλῷ
3094 2092 3268 2162 δήπου
3309 2089 3745 2158 ἀπευκτὸτερος

2143 2195 2240 2248 καὶ
2287 2192 2624 2261 ἀθεώτεροςο
2673 2188 2734 2241 οὐ
2774 2186 3019 2249 πλίνθοις
3048 2184 3185 2253 πυρὶ
3234 2180 3740 2247 κατοπτωμέναις,

2145 2286 2240 2338 καὶ
2285 2281 2548 2351 ἀσφάλτῳ
2594 2277 2954 2349 δομούμενος,
2988 2275 3195 2345 φωναῖς
3236 2271 3295 2324 δὲ
3333 2270 3744 2339 παλιμφήμοις

472 2397 578 2451 bus
609 2393 809 2457 verbis,
841 2406 905 2446 ac
934 2385 1426 2443 machinationibus
1470 2384 1732 2438 adversus
1762 2367 2039 2451 Unigeniti

2153 2359 2242 2428 καὶ
2270 2373 2562 2443 θεομάχοις
2594 2371 2879 2439 σκέμμασι
2911 2365 3055 2449 κατά
3096 2364 3195 2435 τῆς
3222 2361 3381 2432 δόξης
3411 2361 3507 2414 τοῦ
3542 2361 3749 2414 Mavo-

474 2486 737 2555 gloriam,
766 2498 831 2537 eo
859 2479 1087 2537 consilio
1126 2478 1484 2538 construitur,
1512 2483 1573 2528 ut
1604 2473 1741 2528 bene
1769 2473 2043 2541 composi-

2153 2464 2339 2533 γενοῦς
2389 2461 2856 2534 τεχνιτευόμενος,
2890 2461 2986 2515 καὶ
3027 2457 3137 2513 τῶν
3171 2455 3353 2519 καλῶς
3389 2455 3483 2508 καὶ
3519 2453 3749 2518 ἐνθέοις

480 2587 657 2631 torum
691 2614 707 2640 ,
739 2585 901 2640 atque
926 2571 979 2625 in
1010 2584 1113 2623 una
1145 2567 1268 2622 lldei
1300 2563 1640 2622 confessione
1669 2573 1723 2617 et
1753 2563 2043 2619 concordia

2153 2555 2405 2627 ἢγμένων
2468 2555 2566 2609 καὶ
2610 2551 2910 2623 ἡνωμένων
2955 2553 3035 2614 εἰς
3095 2548 3226 2621 μίαν
3272 2545 3570 2618 ὁμολογίαν
3634 2549 3749 2598 καὶ

477 2667 922 2736 coniunctorum,
954 2676 1060 2731 qua
1094 2658 1324 2712 invicem
1358 2656 1410 2710 in
1446 2664 1635 2709 sancto
1670 2654 1875 2722 Spiritu
1915 2669 2046 2708 con-

2153 2648 2458 2719 σύμπνοιαν
2488 2647 2748 2708 πίστεως,
2793 2642 2916 2697 καθ’
2960 2643 3029 2712 ἢν
3059 2640 3437 2711 συμϐαίνομεν
3463 2638 3747 2707 ἀλλήλοις

478 2758 771 2819 sentimus,
803 2728 1214 2829 consonantiam
1236 2747 1413 2802 solvat
1442 2756 1605 2814 atque
1632 2743 1887 2813 disjiciat.
1917 2743 2046 2811 Qni—

2153 2741 2209 2792 ὲν
2247 2738 2551 2809 Πνεύματι,
2582 2738 2681 2807 τὴν
2722 2733 3044 2804 συμφωνίαν
3089 2731 3330 2786 διαλύειν
3363 2729 3461 2784 καὶ
3492 2728 3749 2783 σκεδαν-

479 2850 580 2901 bus
620 2854 768 2897 certe
795 2856 862 2894 ex
896 2840 990 2894 Dei
1021 2821 1283 2894 instinctu
1309 2875 1326 2904 ,
1374 2843 1429 2889 et
1472 2833 1677 2903 Spiritu
1713 2842 1903 2888 sancto
1933 2847 2046 2901 per-

2153 2832 2298 2886 νύειν
2329 2831 2826 2901 ὲκμηχανὼμενος-
2866 2825 2959 2890 οὓς
2993 2825 3060 2878 ἂν
3092 2824 3188 2877 καὶ
3223 2822 3370 2893 μάλα
3411 2821 3753 2892 θεοφρόνως

480 2945 656 2990 motus
687 2948 909 3000 magnus
941 2930 1107 2991 David
1139 2927 1489 2983 malediceret
1515 2926 1704 2981 dicens
1731 2944 1745 2980 :
1773 2925 2046 2995 Demerge,

2153 2925 2210 2977 ὲν
2247 2921 2521 2989 πνεύματι
2556 2918 2877 2988 κινούμενος
2903 2920 2931 2970 ὀ
2958 2915 3132 2987 μέγας
3160 2914 3327 2968 Δαϐὶδ
3358 2915 3750 2984 ὲπαράσαιτο,

479 3041 527 3086 et
562 3029 732 3081 divide
759 3025 967 3092 linguas
989 3036 1168 3074 eorum
1186 3036 1219 3086 ;ί
1240 3019 1488 3088 quoniam
1520 3018 1623 3071 vidi
1653 3018 1973 3086 impietatem
2001 3026 2046 3070 et

2157 3014 2632 3075 Καταπόντισον,
2685 3011 2885 3077 Κύριε,
2919 3008 3234 3064 acutamer
3284 3007 3394 3073 τὰς
3439 3004 3753 3075 γλώσσας

2210 3103 2222 3115 ι
2284 3099 2307 3109 ⁸-
2424 3099 2477 3115 ΑΙ
2667 3098 2791 3115 οη.-
2850 3095 3002 3115 -τδ-κ-
3045 3095 3293 3115 2η--η1----
3344 3095 3435 3115 -..Α
3492 3093 3713 3115 λ----1ᾼ

480 3116 946 3176 contradictionem
977 3114 1031 3164 in
1067 3110 1278 3169 civitate
1300 3110 1344 3162 ³.
1390 3106 1528 3172 Quia
1567 3107 1862 3161 dilexerunt
1898 3108 2046 3161 verba

2156 3099 2375 3163 αὐτῶν,
2406 3099 2617 3169 λέγων.
2667 3098 2796 3150 Ὀτι
2841 3095 3004 3149 εἶδον·
3035 3095 3294 3164 ἀνομίαν
3341 3095 3439 3146 καὶ
3482 3093 3755 3148 ἀντι.ιο-

483 3203 856 3265 demersionis,
906 3200 1149 3270 linguam
1203 3198 1462 3251 dolosam.
1578 3194 1866 3265 Propterea
1911 3196 2053 3251 Deus

483 3302 713 3354 destruet
743 3309 830 3346 eos
862 3291 914 3343 in
941 3290 1119 3358 linem,
1143 3298 1191 3341 et
1220 3287 1446 3338 radicem
1477 3286 1711 3354 ipsorum
1739 3302 1764 3338 e
1789 3296 1933 3341 terra
1975 3287 2054 3345 ri-

486 3388 710 3444 ventinm
767 3381 1114 3448 exstirpatam
1167 3374 1491 3448 rjiciet'Jta
1545 3389 1604 3427 se
1668 3374 1867 3431 habent
1931 3375 2054 3435 novi

484 3480 685 3534 Jannes
706 3484 760 3528 et
783 3472 1030 3526 Jantbres
1054 3469 1188 3538 (24),
1233 3468 1325 3532 qui
1370 3466 1597 3534 improbi
1633 3465 1780 3520 illius
1810 3466 2059 3518 duumvi-

490 3581 643 3641 ratus
672 3565 937 3633 imagines
967 3571 1115 3615 sunt.
1150 3558 1241 3611 Vel
1272 3559 1448 3625 potius
1479 3555 1805 3625 Hymetiqu
1848 3563 1901 3608 et
1931 3555 2058 3608 Ale-

490 3663 695 3718 xander
731 3660 1000 3717 dicantur,
1033 3652 1181 3719 quia
1226 3650 1452 3705 veritate
1495 3648 1784 3716 plurinnnn
1821 3646 2061 3700 desciie-

492 3751 683 3810 runt".
727 3748 790 3801 lli
837 3755 965 3802 sunt
1012 3744 1114 3795 alia
1159 3738 1557 3810 quodammodo
1612 3738 1852 3805 improha
1900 3746 1952 3788 et
2006 3736 2059 3789 in

490 3844 759 3917 pravitate
792 3852 1021 3894 concors
1045 3835 1166 3904 biga
1188 3832 1577 3904 celeberrima.
1607 3830 1806 3905 diaboli
1835 3830 2062 3883 habenis

494 3932 733 4003 religati,
762 3940 816 3983 et
848 3926 1087 3995 ejusdem
1118 3923 1367 3978 manibus
1400 3921 1705 3992 gubernati,
1741 3936 1891 3974 more
1918 3920 2063 3973 scili-

491 4036 577 4080 cet
612 4024 843 4077 liliornm
876 4017 1018 4072 Core
1045 4014 1275 4071 conﬂata
1315 4011 1574 4066 sodalitas
1596 4048 1611 4073 ,
1646 4009 1849 4064 Christi
1896 4020 2063 4065 testa-

492 4124 677 4172 mento
702 4113 1052 4166 adversantes
1071 4144 1087 4169 ,
1117 4104 1331 4160 dolosas
1359 4103 1571 4172 linguas
1595 4102 1661 4155 ad
1693 4101 2065 4155 contradicen-

493 4209 619 4262 dum
660 4201 881 4257 veritati
915 4198 1246 4252 mendaciter
1290 4202 1586 4247 acuentes:
1632 4192 1775 4245 hami
1803 4192 1916 4260 jam
1952 4193 2064 4261 pri-

492 4314 643 4355 scum
690 4294 963 4362 Moysem,
991 4298 1046 4342 et
1087 4286 1373 4356 ﬁguratam
1414 4283 1557 4337 illam
1600 4282 1857 4352 scriptam
1892 4282 2062 4351 legem

2153 3195 2291 3265 γίαν
2316 3194 2386 3246 ἐν
2428 3189 2502 3260 τῇ
2546 3192 2742 3256 πόλει,
2773 3188 2861 3243 ὅτι
2901 3187 3231 3256 ἠγάπησαν
3259 3183 3459 3241 πάντα
3487 3184 3755 3254 ῥήματα

2154 3279 2662 3351 καταποντισμοῦ,
2714 3279 3007 3357 γλῶσσαν
3049 3279 3296 3332 δολίαν·
3350 3276 3450 3330 διὰ
3491 3277 3686 3330 τοῦτο
3718 3282 3753 3331 d

2154 3374 2302 3440 Θεὸς
2336 3372 2581 3435 καθελεῖ
2598 3370 2825 3437 ,αὐτοὺς
2862 3373 2950 3436 είς
2995 3369 3188 3434 τέλος,
3243 3366 3341 3421 καὶ
3391 3368 3457 3421 τὸ
3511 3366 3756 3436 ρἱωμιι

2157 3464 2355 3520 αὐτῶν
2381 3464 2451 3517 ἐκ
2480 3461 2590 3533 γῆς
2621 3454 2849 3522 ζώντων
2873 3462 3170 3514 sumam
3199 3458 3751 3528 ιιεταναστεύσειε.

2157 3553 2344 3608 Ταῦτα
2369 3557 2417 3607 οί
2468 3554 2579 3608 νέοι
2623 3553 2830 3622 Ἰαννὴς
2875 3553 2969 3606 καὶ
3033 3551 3318 3622 Ίαμϐρὴς,
3344 3552 3443 3622 τῆς
3488 3556 3757 3622 πονηρᾶς

2162 3645 2419 3715 συζυγίας
2451 3646 2670 3716 ἐκείνης
2718 3644 3261 3715 ἀπεικονίσματα·ῆ
3304 3643 3601 3714 Ὑμέναιος
3647 3646 3756 3697 καὶ

2174 3735 2548 3806 Ἀλέξανδρος,
2582 3736 2712 3806 περὶ
2738 3737 2838 3804 τὴν
2860 3735 3119 3805 ἀλήθειαν
3149 3735 3388 3804 μάλιστα
3415 3734 3759 3801 διασφαλλὸ-

2168 3845 2320 3898 μενοι
2345 3844 2358 3856 ·
2394 3828 2529 3897 ἄλλη
2565 3827 2816 3897 μοχθηρά
2846 3844 2929 3890 τις
2955 3826 3049 3880 καὶ
3079 3826 3389 3895 ὁμότροπος
3429 3827 3508 3888 είς
3537 3826 3756 3879 κακίαν

2167 3917 2399 3989 ξυνωρὶς
2436 3918 2791 3987 περιϐόητος,
2848 3920 2966 3979 ταῖς
3002 3918 3101 3985 μὲν
3138 3916 3234 3969 τοῦ
3260 3916 3512 3969 διαϐόλου
3556 3916 3760 3984 ἡνίαις

2164 4008 2615 4080 κατεζευγμένοι,
2649 4011 2774 4072 ταῖς
2803 4009 3015 4061 ἐκείνου
3033 4008 3090 4061 δὲ
3112 4007 3304 4077 χερσὶν
3331 4006 3753 4078 ἡνιοχούμενοι,

2165 4104 2199 4172 ή
2236 4102 2379 4155 κατὰ
2412 4101 2543 4164 τοὺς
2567 4101 2728 4164 ὐἱοὺς
2760 4101 2908 4168 Κορὲ
2946 4099 3360 4170 συντεταγμένη
3391 4080 3661 4170 φρατρία,
3698 4102 3749 4159 οἱ

2163 4192 2264 4262 τῆς
2315 4192 2458 4247 κατά
2488 4194 2724 4262 Χριστὸν
2772 4191 3042 4261 διαθήκης
3087 4191 3379 4251 ἀντίθετοι,
3424 4189 3521 4249 τὰς
3558 4190 3753 4253 δολίας

2164 4284 2419 4352 γλώσσας
2469 4285 2609 4354 πρὸς
2639 4284 2949 4352 ἀντιλογίαν
2979 4283 3079 4352 τῆς
3119 4283 3404 4352 ἀληθείας,
3445 4284 3523 4352 τῷ
3554 4284 3753 4349 ψεύδει

498 4392 552 4444 in
580 4386 807 4453 lapideis
831 4380 1028 4435 tabulis
1056 4386 1331 4432 exaratam
1360 4374 1646 4434 violantes.
1666 4384 1885 4444 propter
1904 4389 2044 4443 quau

2171 4375 2689 4446 προκαταθήξαντες
2710 4393 2722 4407 ·
2750 4377 2815 4433 ,οὐ
2846 4375 2923 4444 τῷ
2966 4377 3139 4445 Mida?)
3185 4374 3262 4445 τῷ
3320 4375 3511 4437 πάλαι.
3544 4376 3644 4427 acati.
3673 4376 3753 4443 τῷ

492 4479 650 4543 fuere
681 4475 855 4545 caligo
883 4482 936 4526 et
969 4471 1204 4524 tenebrat
1223 4510 1238 4534 ,
1264 4477 1319 4523 et
1349 4466 1534 4533 turbo,
1559 4476 1612 4521 et
1645 4483 1798 4521 mons
1828 4466 2063 4534 fumans,

492 4580 551 4622 et
581 4567 722 4620 tuine
757 4559 1073 4616 terribiliter
1100 4558 1411 4626 clangentes
1432 4596 1447 4621 ,
1478 4567 1530 4611 et
1561 4572 1653 4611 eos
1684 4558 1773 4626 qui
1809 4558 2067 4611 accedere

492 4667 592 4715 aut
617 4655 885 4722 attingere
908 4651 1126 4711 vellent,
1152 4646 1550 4710 absterrentes;
1589 4649 1682 4702 sed
1722 4646 1821 4715 ipsi
1851 4646 2068 4699 Christo

493 4744 799 4817 legislatori
821 4783 836 4808 ,
868 4756 1019 4796 nova:
1055 4739 1209 4794 nobis
1237 4747 1291 4792 et
1323 4738 1519 4792 divina:
1543 4737 1946 4792 constitutionis
1976 4753 2073 4793 au-

498 4835 643 4892 ctori
696 4832 1040 4902 impudenter
1092 4829 1475 4889 adversantur,
1514 4826 1659 4893 legi,
1716 4826 1972 4895 inquam,
2017 4826 2069 4879 in

498 4932 689 4992 animo
717 4927 1021 4995 mentisque
1050 4921 1244 4976 tabulis
1274 4918 1414 4973 haud
1440 4911 1809 4986 perfunctorie
1839 4916 1931 4971 sed
1957 4932 2073 4985 pro-

2175 4466 2393 4519 σκιώδει
2424 4469 2518 4525 xa‘t
2545 4468 2601 4519 ὲν
2630 4466 2928 4537 γράμμασι
2960 4467 3110 4537 νόμῳ
3142 4466 3405 4536 κειμένῳ,
3439 4466 3536 4521 καὶ
3575 4466 3753 4531 πλαξὶ

2174 4557 2412 4620 λιθίναις
2446 4557 2847 4629 χαρασσομὲνῳ
2882 4558 3335 4626 προσπταίοντες,
3366 4557 3438 4611 δι’
3466 4558 3527 4610 ὃν
3549 4559 3756 4625 γνόφος

2180 4649 2274 4701 καὶ
2304 4647 2494 4704 σκότος
2538 4648 2633 4709 καὶ
2664 4646 2883 4711 θύελλα,
2916 4648 3012 4701 καὶ
3048 4646 3175 4716 ὅρος
3199 4646 3626 4717 καπνιζόμενον,
3658 4648 3759 4699 καὶ

2179 4738 2476 4806 σάλπιγγες
2528 4736 2759 4808 φοϐερὸν
2805 4735 3141 4807 ἀπηχοῦσαι,
3201 4737 3296 4789 καὶ
3338 4738 3468 4799 τοὺς
3497 4735 3759 4797 ἀνιόντας

2177 4827 2600 4899 ὲκδειματοῦσαι
2628 4829 2723 4881 καὶ
2758 4827 3032 4908 ψαύοντας
3055 4843 3070 4858 ο
3098 4826 3214 4880 ἀλλ’
3246 4825 3397 4897 αὐτῷ
3421 4826 3646 4897 Χριστῷ
3676 4827 3759 4894 τῷ

2186 4917 2476 4989 νομοθέτῃ,
2506 4917 2601 4970 καὶ
2628 4917 2728 4987 τὴν
2773 4916 2900 4970 νέαν
2926 4917 3060 4986 ἡμῖν
3088 4915 3184 4969 καὶ
3208 4913 3365 4969 θείαν
3390 4915 3758 4983 θεσμοθεσξαν

492 5023 662 5091 [unde
689 5022 987 5090 impressm,
1022 5029 1141 5085 quae
1163 5009 1580 5067 intellectualem
1610 5009 1867 5063 lsraelem
1893 5008 2046 5063 initia

2177 5008 2542 5076 ὲγκαινίζοντι
2608 5006 2803 5075 ἀνέδην
2864 5006 3332 5077 ἀντεπεξάγοντες
3358 5046 3374 5072 ,
3453 5006 3548 5061 καὶ
3600 5006 3759 5076 νόμῳ

573 5202 591 5234 ¹
622 5200 757 5255 Cen.
796 5214 870 5261 χι,
905 5195 955 5249 7.
1032 5196 1052 5225 ³
1082 5190 1230 5246 Psal.
1268 5205 1376 5255 ων,
1418 5188 1503 5242 10.
1578 5188 1599 5218 ³
1626 5184 1767 5241 Psal.
1791 5202 1867 5240 ιι.
1904 5186 1958 5252 6,
1993 5186 2046 5239 7.

2167 5184 2209 5238 ll
2246 5185 2385 5239 Titii.
2421 5200 2484 5250 ιι,
2509 5185 2596 5238 17.

572 5377 686 5446 (‘22)
712 5376 933 5430 Scilicet
962 5370 1111 5427 necis
1141 5366 1362 5424 Christo
1393 5366 1573 5446 illatae.

574 5434 689 5515 (25')
725 5446 929 5510 Nempe
956 5452 1107 5515 fante
1146 5450 1201 5493 et
1242 5446 1362 5515 post
1393 5435 1668 5515 Niemnam
1701 5434 1866 5515 etiam
1906 5448 2074 5515 syma-

2184 5366 2289 5420 Sed
2335 5364 2486 5418 multi
2531 5364 2695 5419 etiam
2741 5363 2916 5419 Graeci
2952 5372 3204 5418 auctores
3241 5365 3382 5431 apud
3418 5362 3763 5419 Sclioltzinm

2183 5436 2381 5489 habent
2420 5450 2542 5488 cum
2576 5434 2721 5504 vulg.
2758 5433 2878 5504 Lat.
2933 5432 3224 5498 Mambrec,
3273 5448 3433 5504 quam
3466 5433 3765 5489 lectionem

503 5502 635 5567 dum
666 5502 923 5567 renovata
954 5502 1434 5566 lconomachorum
1466 5506 1711 5569 hwrcsis,
1736 5512 1795 5557 ut
1819 5517 1916 5557 nos
1938 5504 2079 5556 dixi-
2185 5520 2352 5575 penes
2376 5504 2597 5575 Graecos
2618 5502 2832 5574 quoque
2856 5502 3507 5575 [uisseantiquissimam,
3533 5504 3770 5557 demuno

506 5598 629 5635 mus
655 5598 707 5646 p.
733 5584 786 5643 ὶ,
814 5582 867 5635 in
900 5583 1025 5633 adn.

581 5642 695 5721 (ει)
727 5642 804 5703 tta
833 5649 994 5707 lectio
1034 5647 1369 5704 communior
1399 5645 1586 5702 Graeca
1621 5643 1665 5698 ll
1709 5642 1850 5698 Tim.
1901 5657 1981 5711 ιιι,
2015 5642 2069 5699 8.

2186 5571 2326 5631 strat
2360 5586 2539 5631 textus
2564 5571 2832 5632 Gothieus
2866 5571 3222 5645 Ulpbilauusj,
3264 5573 3358 5642 qui
3387 5588 3506 5628 eam
3535 5574 3769 5633 retinet,
