3898 6150
407 176 524 239 ’555

1447 181 1510 240 S.
1550 180 1968 244 NICEPHORI
2008 180 2510 242 PATRIARCHA!
2547 177 2655 240 ΟΡ.

3583 181 3688 243 διε

417 284 670 352 superbia
701 286 880 356 pleni,
913 294 968 342 et
1007 285 1271 343 furiosum
1309 285 1438 356 quid
1476 300 1846 358 vesanumque
1886 289 1984 359 spi‘

2105 288 2289 357 γεθος,
2324 289 2419 342 καὶ
2471 289 2551 350 εἰς
2601 288 2723 339 ὅσον
2775 283 3006 354 ἀφίκετο
3046 285 3382 356 ἀθλιότητος,
3439 285 3592 349 ὅπως
3641 287 3692 339 οι

421 387 621 433 rantes.
651 370 988 434 Circumstat
1016 378 1339 435 autem~illos
1361 378 1615 434 militaris
1636 379 2000 437 ensiferorum

417 479 464 518 et
502 467 869 536 plztutlenlium
917 467 1108 538 globus
1134 469 1246 540 (25)
1270 510 1285 535 ,
1317 468 1408 539 qui
1447 469 1782 526 minantibus
1825 473 2000 542 magis

416 572 576 625 quant
607 560 1100 630 dogmatizantibus
1121 559 1446 614 famulatum
1471 562 1732 630 praebent.

2108 381 2366 446 δόξαντες
2396 382 2562 450 ἱερεῖς
2591 375 2754 440 εἶναι,
2791 378 2984 450 ῶσπερ
3011 378 3281 448 ὠμότατοι
3306 377 3567 448 τύραννοι
3597 379 3691 430 καὶ

2109 474 2300 544 πικροὶ
2329 474 2609 533 δικασταὶ,
2662 472 2800 542 μετά
2855 472 2958 540 τῆς
2997 469 3199 540 ὀφρύος
3232 473 3327 524 ἐπὶ
3358 468 3562 541 σεμνοῦ
3595 469 3691 523 τοῦ

2110 566 2351 637 βήματος
2382 565 2842 638 προκαθέζονται,
2882 565 3232 634 φρονήματος
3260 563 3551 632 γέμοντες,
3595 561 3693 614 καὶ

418 655 676 719 πνέοντες
714 655 943 726 μανικόν
977 672 1035 707 τε
1057 655 1151 708 καὶ
1175 653 1530 725 ἔμπληκτονο
1576 657 1986 728 περιέστηκεδέ
2047 660 2247 724 αὐτοὺς
2309 658 2702 731 στρατιωτικὸν
2743 656 3194 728 ξιφηφορούντων
3259 656 3352 708 καὶ
3392 669 3685 726 παρακρο-

415 744 653 797 τούντων
707 744 995 814 σύνταγμα
1022 782 1036 807 ,
1084 745 1200 806 τοῖς
1246 742 1668 816 ἀπειλουμένοις
1725 746 1928 817 μᾶλλον
1965 747 1998 818 ἢ
2039 751 2154 814 τοῖς
2210 750 2697 820 δογματιξομένοις
2729 747 3197 820 ύπηρετούμενον.

486 838 626 906 Quin
663 837 798 892 adeo
830 836 1081 891 homines
1111 851 1327 906 quoque
1354 835 1681 894 circensium
1705 839 1998 896 factionum

413 929 675 1000 prasides
700 969 715 994 ,
747 939 908 998 prout
947 928 1208 984 indecoro
1238 929 1480 998 ipsorum
1512 929 1742 1007 collegio
1776 931 1995 1008 dignum

406 1031 493 1078 est
515 1063 528 1088 ,
568 1035 872 1077 assessores
901 1021 1002 1076 sibi
1029 1031 1083 1074 et
1112 1021 1410 1091 magisterii
1443 1021 1684 1079 fautores
1705 1037 1993 1094 compara-

415 1125 540 1170 runt
593 1113 728 1170 :bis
779 1113 924 1168 enim
981 1113 1280 1184 magistris,
1319 1113 1406 1170 his
1445 1115 1825 1170 defensoribus
1872 1116 1998 1172 talia

411 1206 664 1277 dogmata
703 1215 884 1278 egent.
937 1205 1108 1260 Porro
1158 1206 1356 1260 malam
1391 1205 1445 1259 in
1475 1219 1587 1260 rem
1635 1207 2000 1279 adjunguntur

414 1297 542 1364 illis,
575 1306 632 1353 ut
662 1297 717 1351 in
746 1296 1064 1366 huiusmodi
1091 1295 1506 1352 confusiouibus
1534 1306 1589 1352 et
1610 1298 1844 1353 colluvie
1876 1299 1992 1353 fieri

411 1391 573 1457 solet,
597 1399 864 1460 quotquot
893 1389 1065 1460 culpis
1091 1390 1445 1460 censurisque
1459 1375 1738 1446 canonicis
1751 1390 1992 1446 damnati

411 1483 750 1553 depositique
765 1482 1087 1548 fuerunt,ut
1105 1482 1182 1538 sic
1207 1493 1490 1551 peccatum
1518 1496 1615 1552 per
1639 1475 1990 1554 hyperbolen)

417 1575 469 1630 in
510 1575 640 1643 ipsis
677 1585 884 1642 peccet.
924 1571 1108 1643 Neque
1137 1573 1527 1630 theatricorum
1577 1573 1824 1630 ludorum
1867 1589 1990 1628 sce-

2184 842 2324 913 Ἤδη
2346 842 2405 896 δὲ
2434 843 2528 896 καὶ
2554 842 2681 904 τοὺς
2708 842 2773 894 ἐκ
2791 841 2903 893 τῶν
2927 841 2985 894 ἐν
3005 841 3119 904 τοῖς
3148 839 3346 910 δήμοις
3375 837 3692 909 χρωμάτων

2106 933 2203 1002 τῆς
2238 933 2475 1002 ἱππικῆς
2507 931 2744 1002 ἁμίλλης
2781 929 3142 1002 προύχοντας,
3197 929 3452 1001 καθάπερ
3483 925 3553 1000 ῆν
3590 931 3691 999 τῆς

2105 1025 2351 1095 ἀκόσμου
2411 1024 2596 1079 αὐτῶν
2651 1023 2966 1094 συμμορίας
3022 1022 3196 1088 ἄξιον,
3254 1023 3690 1094 συμπαρέδρους

2102 1117 2310 1180 αὐτοῖς,
2347 1118 2677 1187 συνηγορεῖν
2708 1119 2774 1186 τῇ
2808 1114 3134 1187 διδασκαλίᾳ
3166 1119 3644 1186 προσεποιήσαντο
3670 1132 3685 1144 ·

2099 1207 2359 1260 τοιούτων
2413 1207 2522 1278 γὰρ
2568 1207 2932 1272 διδασκάλων,
2984 1207 3245 1260 τοιούτων
3278 1207 3388 1260 ἔδει
3429 1207 3528 1260 καὶ
3579 1207 3687 1259 τῶι

2105 1299 2436 1369 συμμάχων,
2477 1299 2572 1351 ἐπὶ
2611 1297 2876 1362 τοιούτοις
2924 1301 3038 1362 τοὶς
3070 1298 3344 1369 δόγμασι·
3383 1299 3685 1369 προσφθεί-

2106 1407 2292 1460 ρονται
2310 1389 2369 1442 δὲ
2398 1390 2582 1454 αὐτοῖς
2607 1385 2697 1443 οἷα
2715 1389 2864 1459 φιλεῖ
2887 1391 2946 1443 ἐν
2974 1391 3102 1458 ταῖς
3123 1389 3404 1451 τοιαύταις
3425 1390 3678 1455 ἀταξίαις

2102 1482 2196 1536 καὶ
2229 1481 2526 1552 ἀκοσμίαις
2567 1481 2839 1549 γίνεσθαι,
2871 1481 2969 1536 καὶ
2993 1483 3160 1553 μέρος
3188 1481 3288 1553 τῆς
3328 1481 3680 1552 Ἐκκλησίας,

2098 1577 2214 1629 ὅσοι
2242 1576 2331 1628 ἐπ’
2370 1574 2573 1638 αἰτίαις
2606 1576 2926 1636 κανονικατς
2955 1575 3052 1628 καὶ
3085 1573 3433 1645 ἐγκλήμασιν
3461 1573 3683 1637 ἁλόντες

417 1682 606 1736 uaeque
663 1666 978 1730 choraulae,
1036 1680 1174 1735 quos
1229 1665 1428 1721 mimos
1479 1666 1691 1736 vulgari
1739 1681 1984 1722 sermone

2095 1667 2435 1738 ἐξώσθησαν,
2488 1668 2577 1720 ἵνα
2627 1667 2858 1736 γένηται
2927 1667 3114 1730 αὐτοῖς
3169 1665 3296 1720 καθ’
3363 1665 3676 1736 ὑπερϐολὴν

420 1760 705 1815 nominare
733 1774 850 1814 mos
879 1767 962 1812 est
982 1799 997 1823 ,
1036 1759 1164 1812 huic
1199 1758 1462 1827 praeclaro
1495 1759 1744 1815 sodalitio
1771 1759 1986 1817 desunt.

363 1897 370 1902 .
413 1853 553 1907 Sunt
586 1853 751 1908 etiam
807 1853 874 1906 de
915 1865 1219 1920 cauponutn
1258 1851 1474 1916 classe,
1512 1841 1907 1924 dcque'triviis
1937 1862 1994 1907 et

407 1945 614 2013 gancis,
657 1944 741 1997 his
773 1943 1030 2012 gerendis
1063 1944 1224 1997 rebus
1267 1943 1534 2013 assumpti
1577 1943 1892 2006 auxiliares,
1935 1952 1990 1998 et

397 2035 664 2104 quidquid
697 2033 1105 2088 circulatorium
1137 2032 1221 2088 vel
1248 2033 1766 2099 circumforaneum,
1811 2035 1893 2090 vel
1924 2035 1991 2091 de

408 2128 710 2198 baiulorum
744 2139 886 2184 cmtu
917 2167 933 2192 ,
971 2129 1043 2182 ob
1075 2129 1380 2199 augendam
1420 2130 1629 2185 turbam
1657 2145 1991 2202 congregare

401 2234 721 2290 potuerunt.
758 2221 1003 2291 Denique
1037 2222 1273 2291 ipsormu
1306 2237 1498 2292 agmen
1525 2238 1870 2294 summopere
1900 2239 1990 2279 or-

405 2322 500 2366 unt
531 2328 725 2367 manus
759 2313 951 2380 ingens
1004 2313 1284 2367 hominum
1317 2314 1407 2383 qui
1443 2313 1494 2368 in
1537 2315 1866 2371 militaribus
1895 2331 1986 2370 or-

409 2405 629 2460 dinibus
659 2405 788 2458 olim
828 2405 1070 2469 fuerunt,
1104 2421 1335 2474 quorum
1368 2405 1456 2460 alii
1492 2416 1847 2478 praetervecta
1874 2410 1986 2479 jam

403 2505 563 2548 a-tate
615 2511 677 2547 ac
719 2503 1116 2561 senescentes,
1178 2496 1269 2549 alii
1311 2496 1560 2552 criminis
1617 2498 1846 2568 alicujus
1895 2509 1990 2554 aut

403 2587 761 2657 turpitudinis
811 2587 918 2641 acti
964 2587 1082 2650 rei,
1145 2587 1366 2642 militari
1417 2605 1646 2644 numero
1679 2591 1838 2661 ejecti
1875 2591 1989 2646 fuc-

406 2688 562 2744 runt;
587 2693 818 2748 quorum
843 2677 1063 2748 plurimi
1094 2679 1160 2732 ad
1191 2680 1471 2749 antiquam
1503 2681 1648 2734 illam
1676 2683 1990 2738 scelestam-

401 2783 510 2836 que
542 2767 847 2820 doctrinam
875 2761 1268 2836 pertinetttpol)
1293 2783 1445 2824 suam
1481 2770 1792 2838 pecudulem
1826 2772 1988 2827 insci-

406 2864 562 2926 tiam,
607 2863 748 2914 unde
781 2868 836 2913 et
860 2874 1002 2914 nunc
1033 2858 1186 2914 fuere
1219 2859 1456 2924 collecti,
1486 2876 1714 2931 eamque
1745 2877 1856 2934 prae
1880 2878 1986 2918 ca:-

407 2954 539 3007 teris
572 2953 984 3021 capessiverunt
1013 2968 1024 3002 :
1059 2952 1149 3021 qui
1179 2963 1464 3022 postquam
1505 2954 1668 3024 regiis
1703 2955 1986 3024 stipendiis

405 3045 646 3112 privati,
696 3045 839 3098 unde
876 3044 1006 3113 ipsis
1054 3055 1256 3113 praeter
1311 3059 1590 3099 armorum
1626 3056 1984 3115 apparatum,

407 3137 586 3191 rictus
636 3150 854 3205 quoque
912 3136 1273 3204 suppetebat,
1309 3137 1374 3191 ad
1415 3146 1713 3190 extremam
1751 3137 1983 3206 inopiam

401 3238 815 3298 cgestatemque
844 3229 1050 3283 redacti
1081 3237 1260 3295 erant,
1290 3229 1361 3282 ita
1393 3238 1451 3282 ut
1481 3229 1762 3284 evidenter
1795 3231 1986 3298 quavis

407 3338 466 3376 re
493 3337 613 3392 quae
647 3323 699 3376 in
725 3337 922 3376 manus
965 3321 1228 3375 incideret
1261 3321 1582 3391 indigerent,
1615 3331 1668 3376 et
1706 3337 1769 3376 ex
1818 3323 1984 3376 colle-

407 3417 514 3469 etis
545 3413 806 3484 symbolis
835 3413 1003 3466 vitam
1049 3421 1441 3474 sustentarent,
1479 3413 1986 3480 circumspicientes

408 3508 598 3561 scdulo
639 3505 860 3560 ubinam
896 3504 1146 3559 convivia
1182 3515 1465 3574 castusque
1513 3506 1726 3570 licrent,
1769 3516 1827 3560 ut
1861 3506 1987 3561 illuc

403 3602 651 3667 protinus
665 3597 1036 3664 convolarent,
1056 3607 1218 3667 atque
1238 3599 1312 3650 ita
1334 3608 1633 3668 egestatem
1661 3600 1944 3666 angustias
1960 3627 1982 3638 -

403 3706 509 3760 que
539 3706 667 3747 suas
691 3691 1016 3746 solarentur.
1048 3691 1110 3745 lli
1130 3706 1340 3754 omnes,
1369 3702 1424 3745 ut
1447 3690 1670 3754 scimus,
1707 3691 1983 3760 pejoribus

403 3782 627 3838 studere
684 3781 862 3848 soliti,
915 3793 1232 3852 praesentem
1280 3797 1464 3836 rerum
1521 3790 1724 3835 statqu
1759 3796 1978 3850 semper

407 3873 661 3938 oderunt,
694 3871 1143 3928 conversionibus
1187 3872 1421 3942 publicis
1467 3873 1746 3942 gaudent,
1788 3887 1984 3940 resque

406 3978 578 4018 novas
603 3962 893 4030 affectant,
927 3973 985 4019 ut
1018 3978 1084 4019 ex
1121 3964 1207 4019 his
1237 3963 1555 4018 tumultibus
1584 3979 1647 4018 ac
1694 3965 1980 4031 perturba-

410 4054 648 4109 tionibus
682 4054 812 4108 utile
849 4054 1049 4124 aliquid
1089 4054 1323 4124 vitaeque
1354 4054 1726 4108 necessarium
1793 4055 1981 4122 expis-

401 4159 616 4204 ccntur.
647 4146 872 4202 Talibus
897 4163 1034 4218 ergo.
1051 4147 1306 4211 ducibus,
1336 4147 1538 4214 talique
1558 4145 1823 4216 phalange
1847 4163 1982 4215 opus

400 4249 520 4296 erat
557 4259 569 4295 :
622 4241 700 4296 sic
748 4240 892 4294 enim
947 4238 1182 4308 pessima
1219 4238 1427 4306 qumvis
1471 4246 1632 4306 atque
1667 4238 1978 4307 turpissima

2095 1758 2418 1830 ἁμαρτωλὸς
2445 1759 2478 1830 ή
2515 1757 2794 1828 ἀμαρτίαο
2827 1757 2949 1810 οὐδὲ
2979 1757 3089 1810 τῶν
3112 1757 3419 1828 θεατρικῶν
3445 1757 3540 1810 καὶ
3568 1755 3681 1808 τῶν

2092 1850 2202 1906 ἀπὸ
2237 1851 2336 1923 τῆς
2386 1851 2596 1922 σκηνῆς
2621 1853 2672 1903 οι
2709 1850 3066 1921 προάγοντες,
3100 1848 3194 1912 οὒς
3231 1849 3435 1920 μίμους
3463 1849 3543 1919 τῷ
3577 1849 3676 1918 δη-

2095 1939 2262 2009 μώδει
2287 1939 2474 1994 καλεῖν
2505 1939 2736 1993 εἴθισται
2771 1938 2940 2010 λόγῳ,
2975 1939 3073 2009 τῆς
3109 1939 3317 2009 σεμνῆς
3343 1939 3680 2010 όμηγύρεως

2091 2031 2298 2103 ταύτης
2344 2030 2823 2101 ἀπολιμπάνονται
2849 2047 2864 2060 ·
2901 2031 3019 2083 ἐστι
3051 2029 3108 2083 δέ
3151 2030 3244 2093 οὒς
3294 2031 3390 2084 καὶ⁴
3432 2031 3544 2084 τῶν
3575 2046 3679 2084 καμ-

2092 2129 2366 2203 πηλικῶν,
2399 2129 2495 2182 καὶ
2519 2127 2630 2182 τῶν
2663 2130 2728 2182 ἐκ
2749 2127 2860 2181 τῶν
2885 2127 3114 2199 τριόδων
3133 2127 3230 2180 καὶ
3260 2126 3676 2197 χαμαιτυπείων

2092 2221 2486 2293 ἐπικουρήσειν
2533 2221 2646 2284 τοῖς
2707 2218 3112 2289 πραττομένοις
3159 2217 3551 2279 συνεκάλεσαν,
3581 2216 3675 2273 καὶ

2089 2317 2215 2370 ὅσον
2255 2314 2560 2386 ἀγυρτικόν
2597 2329 2657 2366 τε
2689 2311 2785 2366 καὶ
2817 2311 3072 2379 ἀγελαῖον
3104 2311 3198 2362 καὶ
3222 2309 3492 2379 βάναυσον
3523 2309 3673 2379 ὄχλοι·

2093 2411 2424 2481 ποιήσαντες
2469 2405 2956 2476 περιαθροίζουσι·
3007 2405 3205 2472 κοσμεῖ
3244 2401 3301 2454 δὲ
3338 2401 3520 2454 αὐτῶν
3573 2402 3674 2472 μά-

2085 2505 2246 2556 λιστα
2291 2500 2388 2570 τὴν
2419 2499 2748 2570 παράταξιν,
2806 2497 2898 2550 καὶ
2951 2495 3116 2567 μέρος
3167 2493 3268 2547 ούκ
3303 2493 3673 2564 εὐαρίθμητον

2089 2595 2197 2648 τῶν
2236 2595 2294 2647 ὲν
2327 2594 2744 2666 στρατιωτικοῖς
2784 2590 3033 2659 τάγμασι
3065 2585 3365 2640 τελούντων
3407 2586 3560 2649 ποτὲ,
3598 2579 3672 2638 ὧν

2089 2689 2137 2741 οἱ
2169 2686 2271 2758 μὲν
2308 2685 2402 2738 ἆτε
2431 2681 2819 2754 παρηϐηκότες
2847 2681 2950 2749 τὴν
3001 2679 3151 2748 ῶραν
3182 2679 3277 2730 καὶ
3302 2676 3593 2745 ἀφήλικες,
3623 2677 3670 2728 oi

2089 2778 2145 2831 δὲ
2166 2779 2255 2829 ἐπ’
2283 2775 2493 2838 αἰτίαις
2515 2775 2627 2826 τισὶ
2657 2770 3049 2843 πεφωραμένοι
3078 2770 3174 2822 καὶ
3201 2769 3552 2839 αίσχρότησι,
3575 2770 3670 2837 τῆς

2093 2866 2287 2936 μοίρας
2309 2867 2408 2934 τῆς
2441 2862 2692 2916 ἐνοπλίου
2722 2860 3116 2931 ἀπελήλανται,
3150 2851 3224 2910 ὧν
3255 2859 3303 2910 oi
3333 2857 3552 2920 πλείους
3572 2857 3671 2924 τῆς

2093 2959 2332 3022 παλαιᾶς
2373 2957 2591 3025 ἐκείνης
2635 2957 2727 3010 καὶ
2755 2952 3053 3016 δυσσεϐοῦς
3082 2951 3431 3012 διδασκαλίας
3465 2951 3669 3019 τυγχά-

2045 3051 2056 3072 ⁶
2091 3067 2298 3114 νουσιν,
2353 3051 2415 3102 ἐκ
2471 3047 2673 3116 πολλῆς
2717 3046 2859 3113 ἄγαν
2912 3043 3220 3114 κτηνωδίας
3277 3044 3373 3096 καὶ
3420 3041 3664 3109 ἀλογίας,

2090 3144 2214 3196 ὅθεν
2251 3142 2351 3211 ἤδη
2392 3141 2486 3194 καὶ
2523 3140 2917 3210 συνελέγησαν,
2947 3135 3155 3207 ταύτης
3179 3135 3286 3188 τῶν
3325 3134 3504 3188 ἄλλων
3531 3136 3664 3203 μᾶλα

2087 3236 2179 3289 λον
2220 3233 2716 3304 μεταποιούμενοι·
2754 3232 2802 3284 οἳ
2834 3230 3025 3300 ἐπειδὴ
3047 3229 3154 3281 τῶν
3192 3227 3493 3298 βασιλικῶν
3518 3242 3664 3295 σιτη-

2090 3327 2291 3397 ρεσίων
2335 3325 2714 3397 στερούμενοι,
2748 3321 2808 3387 ἐξ
2853 3316 2928 3376 ὧν
2977 3323 3166 3385 αὐτοῖς
3222 3320 3362 3391 μετά
3411 3320 3514 3388 τῆς
3559 3318 3664 3370 τῶν

2085 3419 2266 3472 ὅπλων
2311 3416 2675 3489 παρασκευῆς
2707 3416 2799 3469 καὶ
2835 3415 2903 3469 τὰ
2935 3414 3218 3484 ἐπιτήδεια
3250 3413 3559 3482 ἐπορίζετο,
3589 3412 3665 3472 είς

2085 3511 2258 3583 ἄκρον
2287 3507 2494 3573 πενίας
2520 3511 2614 3564 καὶ
2659 3508 2900 3578 ἀπορίας
2944 3507 3054 3560 τῶν
3097 3505 3415 3573 ἀναγκαίων
3453 3505 3662 3557 ἵκοντο·

2086 3602 2226 3656 ῶστε
2257 3603 2338 3666 εἰς
2368 3603 2650 3673 προῦπτον
2681 3601 2776 3654 καὶ
2820 3599 3030 3652 δεῖσθαι
3060 3598 3168 3651 τῶν
3211 3596 3660 3666 παρατυγχανόν-

2085 3712 2216 3760 των,
2248 3695 2344 3748 xui.
2371 3694 2470 3762 τῆς
2500 3695 2565 3748 ἐκ
2595 3693 2703 3747 τῶν
2732 3693 2941 3764 ἐράνων
2966 3691 3238 3760 συλλογῆς
3265 3691 3332 3742 τά
3361 3688 3500 3758 πρὸς
3522 3686 3662 3755 ζωὴν

2083 3789 2520 3860 ἐπαρκούμενοι,
2555 3786 2987 3861 περιαθροῦντες
3011 3785 3146 3837 ὅπου
3188 3782 3342 3836 πότοι
3365 3782 3459 3834 καὶ
3485 3780 3662 3850 ἀθροί-

2087 3897 2272 3950 σματα
2317 3881 2582 3948 γίνονται,
2621 3879 2705 3948 ἐφ’
2739 3873 2822 3942 οἷς
2854 3878 2930 3941 ὡς
2963 3878 3264 3944 ὑπόπτεροι
3296 3873 3658 3945 περιθέουσιν,

2082 3971 2159 4034 ὼς
2190 3969 2256 4024 ἂν
2296 3969 2358 4022 τὺ
2385 3969 2563 4032 ἐνδεὲς
2605 3969 2700 4021 καὶ
2732 3967 2921 4031 πιέζον
2945 3965 3197 4020 ἐντεῦθεν
3221 3962 3664 4035 παραμυθήσων-

2082 4077 2198 4114 ταιο
2215 4054 2360 4115 οὗτοι
2384 4060 2462 4126 δέ,
2483 4060 2558 4125 ὡς
2579 4060 2759 4131 ἴσμεν,
2778 4059 3038 4124 ἅπαντες,
3064 4057 3254 4119 ἐθάδες
3280 4055 3388 4109 τῶν
3403 4055 3664 4126 χειρόνων

2083 4151 2450 4224 ὑπάρχοντες,
2476 4154 2590 4216 τοῖς
2623 4153 2721 4223 μὲν
2743 4150 3092 4205 καθεστῶσιν
3110 4150 3199 4203 ἀεὶ
3224 4147 3662 4218 δυσχεραίνουσι,

2081 4247 2202 4310 ταῖς
2235 4245 2297 4298 δέ
2333 4245 2718 4314 καινοτομίαις
2767 4243 3042 4315 χαίρουσι,
3068 4241 3163 4294 καὶ
3197 4239 3492 4309 νεωτέρων
3532 4253 3666 4307 πρα-

400 4327 566 4400 158
612 4345 710 4399 per
750 4329 895 4397 ipsos
932 4326 1155 4380 fiebant.
1213 4325 1362 4380 chl
1416 4325 1560 4380 heu!
1607 4329 1892 4398 episcopi,
1927 4339 1982 4384 et

2094 4336 2314 4406 γμάτων
2359 4336 2630 4405 ἐφίενται,
2662 4334 2739 4398 ῶς
2768 4335 2832 4405 δὴ
2895 4336 2959 4387 ἐκ
3007 4331 3117 4385 τῶν
3168 4329 3432 4384 τοιούτων
3479 4329 3664 4389 αὐτοῖς

398 4422 549 4488 plebs
573 4420 588 4480 .'
627 4431 678 4474 et
718 4419 909 4484 mimi,
965 4427 1018 4473 et
1065 4419 1271 4487 reliqua
1318 4418 1650 4474 furiosorum
1695 4423 1870 4486 turba,
1924 4424 1975 4479 in

397 4525 560 4566 unum
587 4511 922 4581 conglobati,
947 4510 1208 4567 Ecclesia
1236 4515 1490 4582 dogmata
1527 4529 1624 4581 pro
1647 4519 1974 4571 auctoritate

395 4607 661 4662 tractant!

2086 4427 2335 4498 θορύϐων
2365 4426 2462 4480 καὶ
2509 4424 2765 4489 ἀταξιῶν,
2824 4423 2894 4477 τά
2954 4421 3187 4493 χρειώδη
3239 4420 3334 4474 καὶ
3387 4419 3664 4485 ἀναγκαῖα

2085 4521 2524 4591 περιγίγνοιντο·
2575 4519 2835 4573 τοιούτων
2893 4512 2987 4570 οὖν
3030 4513 3357 4585 στρατηγῶν
3407 4509 3665 4578 τοιαύτης

2081 4614 2188 4667 ἔδει
2235 4615 2329 4668 καὶ
2380 4615 2701 4684 φάλαγγος·
2749 4611 2892 4666 οὕτω
2926 4609 3034 4681 γὰρ
3087 4610 3232 4662 ἅπαν
3293 4605 3354 4659 τὸ
3391 4604 3665 4675 χείριστον

394 4701 488 4754 καὶ
519 4699 796 4771 αἴσχιστον
827 4697 895 4752 δι’
931 4699 1140 4752 ἑαυτῶν
1167 4667 1496 4770 ἐποιήσαντο
1517 4717 1528 4729 ·
1565 4700 1758 4770 βαδαὶ,
1797 4701 1967 4770 βαϐαί
1997 4705 2010 4758 ι
2055 4667 2498 4774 ἐπίσκοποι,¹καὶ
2536 4667 2720 4777 δῆμοι,
2745 4703 2840 4758 καὶ
2874 4667 3033 4774 piper
3058 4701 3151 4756 καὶ
3181 4703 3209 4754 ό
3232 4667 3664 4769 ἄλλος’-μανικὸς

393 4789 582 4860 ὅμιλος
607 4790 750 4843 κατὰ
774 4790 993 4851 ταυτὸν,
1019 4788 1086 4842 τά
1123 4789 1220 4858 τῆς
1261 4789 1590 4862 Ἑκκλησίας
1619 4794 2020 4857 ἐποπτεύοντες
2062 4796 2540 4870 μεταχειρίζονται
2567 4797 2840 4865 δόγματα.

467 4881 539 4936 Ex
574 4897 681 4950 quo
719 4883 882 4953 igitur
920 4882 1103 4950 iniqua
1151 4881 1243 4936 illa
1278 4887 1354 4936 et'
1387 4877 1687 4954 irreliginsa
1739 4885 1970 4939 conﬂata

393 4987 476 5030 est
514 4959 748 5048 ofﬁcina,
784 4990 978 5042 resque
1011 4974 1375 5043 ipsis‘cunctze
1405 4977 1643 5029 secunde
1676 4976 1845 5029 fluunt
1873 5018 1888 5041 ,
1920 4986 1972 5032 et

395 5070 655 5124 Ecclesia:
689 5048 901 5139 [manus
940 5085 1036 5139 per
1073 5069 1308 5124 eosdem.
1339 5068 1813 5130 administrantur,
1852 5072 1970 5130 hetn

392 5177 491 5216 rur
529 5163 644 5218 h'nc
677 5171 732 5216 et
767 5161 1044 5230 quomodo
1074 5160 1480 5232 Dmatitur!
1517 5157 1822 5228 Postquam
1846 5165 1970 5228 pecsl

392 5265 644 5308 calorum
682 5266 999 5308 nostrorum
1037 5253 1175 5322 ignis
1200 5237 1497 5306 succensus
1538 5261 1621 5306 est
1646 5291 1660 5314 ,
1690 5250 1836 5304 etitt
1864 5265 1976 5304 ιιραο

390 5362 550 5416 [nam
569 5347 840 5410 flammam
877 5327 1222 5416 iniquitatum
1259 5355 1573 5397 nostrarum
1604 5342 1795 5396 furnos
1820 5356 1979 5395 exar.

463 5478 577 5550 (25)
621 5479 822 5534 Contra
854 5469 1229 5550 episcoporum
1254 5473 1556 5550 electiones
1596 5489 1716 5550 quia:
1757 5487 1968 5550 praepo-

394 5543 999 5616 ten'tia'prittciputtrvel
1025 5543 1266 5614 populari
1293 5543 1480 5598 favore
1506 5543 1962 5616 turbisqucliunt,

390 5613 607 5674 exstant
630 5613 820 5686 graves
846 5618 897 5671 in
921 5613 1108 5671 Graeco
1135 5630 1400 5670 canonum
1427 5623 1771 5683 syntagntutu
1795 5613 1962 5680 leges,

2166 4889 2320 4943 Ἐπεὶ
2340 4883 2432 4944 οὗν
2457 4890 2518 4943 τὸ
2554 4889 2790 4960 πονηρὸν
2829 4889 3006 4949 ἐκεῖνο
3039 4885 3133 4938 καὶ
3174 4882 3334 4939 ἄθεον
3387 4884 3658 4954 ἐργαστή-

2082 4999 2196 5052 ριον
2229 4983 2692 5055 συγκεκρότηται,
2719 4981 2815 5035 καὶ
2836 4980 2904 5034 τὰ
2928 4978 3069 5033 κατὰ
3094 4975 3322 5046 γνώμην
3355 4976 3536 5029 πάντα
3560 4977 3656 5046 ήδη

2077 5075 2384 5148 ἐκδέὸηκε,
2435 5075 2529 5129 καὶ
2583 5075 2673 5129 διά
2727 5074 2912 5144 χειρὸς
2955 5071 3140 5133 αὐτοῖς
3197 5070 3295 5136 τῆς
3330 5067 3656 5138 Ἐκκλησίας

2077 5166 2317 5238 ὑπάρχει
2339 5167 2408 5220 τά
2448 5167 2776 5238 πράγματα,
2808 5163 2929 5227 πῶς
2955 5162 3130 5217 ταῦτα
3171 5161 3266 5213 καὶ
3303 5159 3428 5213 τίνα
3457 5160 3652 5229 τρόπον

2082 5259 2358 5330 συγχωρεῖ
2391 5258 2562 5325 Θεός;
2607 5257 2828 5328 Ἐπειδὴ
2845 5257 2907 5310 τὸ
2934 5255 3044 5324 πῦρ
3075 5250 3348 5322 ἐξεκαύθη
3383 5251 3492 5305 τῶν
3523 5252 3651 5322 ήμεο

2078 5349 2255 5420 τέριον
2277 5349 2718 5420 ἁμαρτημάτων,
2740 5349 2834 5401 καὶ
2863 5347 2958 5400 ἐπὶ
2991 5345 3130 5415 μέγα
3160 5341 3360 5411 φλογὸς
3393 5340 3645 5411 ἐπῆρται,

2080 5493 2130 5531 ν.
2171 5495 2252 5546 gr.
2287 5481 2372 5534 tit.
2410 5479 2454 5544 Ι,
2492 5495 2612 5548 cap.
2649 5480 2702 5545 7,
2737 5479 2927 5547 synodi
2961 5477 3312 5534 Laodicensis
3353 5490 3526 5532 canon
3564 5473 3644 5540 ἰός

2075 5561 2124 5603 et
2154 5549 2383 5605 Nicaeum
2415 5551 2668 5606 secundm
2697 5566 2871 5605 canon
2905 5549 2957 5602 3.
