3918 6144
263 405 368 473 561

1186 406 1761 470 APOLOGETICUS
1811 406 1962 467 PRO
2001 406 2106 467 SS.
2148 401 2638 483 IMAGINIBUS.

3395 407 3402 414 '
3425 389 3530 456 ΣΞεᾷ

261 511 744 577 ἁποπεπτωκότες.
775 513 845 584 τῇ
875 511 1197 587 ἀνθρωπίνῃ
1227 515 1556 586 ματαιότητι
1583 511 1846 584 ἐξανδρα-

1982 529 2034 568 ιιιι
2069 480 2556 581 stultitim‘captivi
2598 480 2818 563 abducti
2865 507 3010 564 sunt.
3049 506 3262 562 Idcirco
3291 502 3530 571 imagine

261 603 610 673 ποδιξόμενοι
649 603 1071 674 κατεσύρησανο
1121 602 1212 656 διὰ
1266 603 1425 656 τούτο
1475 606 1541 672 τῇ
1582 601 1752 654 εἰκόνι
1780 603 1848 672 τῇ

257 696 441 766 χρυσῇ
474 693 732 760 καθάπαξ
783 693 1183 763 ὑποκύψαντες,
1247 696 1312 765 τῇ
1361 695 1532 746 εἰκόνι
1572 691 1668 746 τοῦ
1713 693 1848 763 Χρι-

221 783 230 790 ’
261 784 398 840 στοῦ
433 787 770 856 προσκυνεῖν
795 784 896 838 οὑκ
925 784 1217 854 ἀνέχονται
1239 799 1252 814 ο
1289 784 1426 838 ἀλλὰ
1455 784 1546 838 τὸν
1579 784 1677 854 μὲν
1723 782 1852 853 περὶ

257 876 372 930 τῶν
401 875 635 930 είδώλων
656 876 834 945 λόγον,
867 875 953 938 τίς
973 875 1036 928 τέ
1061 877 1200 938 ἐστι,
1237 875 1334 928 καὶ
1370 874 1472 954 επὶ
1494 875 1638 927 τίσιν
1674 874 1850 942 ἐφαρ-

260 963 520 1036 μόξεται,
550 967 645 1020 καὶ
685 966 874 1021 τοῦτον
919 966 1176 1038 προφανῆ
1214 965 1311 1019 καὶ
1350 963 1851 1036 δεδημοσιωμένον

261 1058 608 1128 ὑπάρχοντα,
633 1057 736 1112 οὐκ
760 1053 914 1128 οῖμαί
948 1075 1069 1134 τινα
1115 1055 1404 1111 λανθάνειν
1453 1055 1564 1108 τῶν
1597 1053 1853 1125 ἐρώντων

260 1149 364 1204 τοῦ
389 1151 724 1222 κρείττονος,
765 1152 860 1204 καὶ
905 1151 1102 1222 μικρὸν
1142 1149 1276 1219 γοῦν
1320 1147 1726 1220 ὲπῃσθημένων
1755 1147 1870 1218 τῆς

262 1242 380 1297 τῶν
418 1242 767 1322 πραγμάτων
789 1242 1041 1312 φύσεων
1077 1245 1110 1312 ἡ
1142 1242 1200 1297 δὲ
1237 1242 1350 1296 τῶν
1396 1239 1855 1310 συντεταγμένων

264 1334 449 1406 τούτῳ
489 1335 790 1405 Ἀρειανῶν
814 1334 1067 1404 ἀθεότης,
1094 1333 1600 1403 ἀποκεκρυμμένον
1620 1348 1738 1394 πως
1762 1330 1856 1384 καὶ

265 1429 332 1482 οὑ
360 1429 503 1482 πάνυ
535 1427 826 1496 καταφανῆ
855 1426 947 1480 τὸν
977 1425 1131 1484 δόλον
1152 1428 1251 1496 τῆς
1277 1423 1537 1487 ἀσεϐείας
1565 1424 1854 1492 κέκτηται,

267 1520 370 1575 καὶ
396 1519 574 1592 ταύτῃ
603 1519 664 1572 οὑ
697 1517 894 1589 ῥαδίως
933 1519 1048 1582 τοῖς
1086 1517 1303 1579 πολλοῖς
1333 1514 1816 1584 καταλαμϐάνεται
1840 1531 1854 1546 ο

270 1610 696 1682 σεσοφισμένοις
720 1609 829 1680 γὰρ
855 1611 968 1674 τοῖς
999 1610 1066 1680 ρή
1076 1625 1208 1679 μασι
1238 1609 1333 1662 καὶ
1356 1605 1717 1670 πολυπλόκοις
1735 1608 1858 1659 ἑπι-

271 1699 448 1764 νοίαις
478 1702 560 1762 εἰς
588 1699 961 1762 τοῦτο-αὑτοῖς
1011 1697 1604 1769 ἐκμεμηχανημέναις,
1639 1698 1705 1767 τῇ
1749 1695 1860 1750 τῶν

272 1788 714 1862 παραλογισμῶν
741 1787 907 1859 ὰχλύῖ
954 1789 1049 1841 καὶ
1077 1789 1198 1851 ταῖς
1235 1790 1300 1840 ὲκ
1337 1787 1446 1841 τῶν
1481 1785 1580 1854 τῆς
1615 1786 1859 1855 εὐγλωτ-

1952 618 2116 659 aurea
2133 607 2300 659 semel
2328 603 2547 658 adorata
2577 600 2714 672 (29),
2738 599 2940 656 Christi
2967 597 3258 667 imaginem
3282 594 3530 649 venerari

1953 711 2060 749 non
2098 696 2399 765 patiuntur.
2437 693 2544 748 Sed
2581 694 2726 749 enim
2758 694 2824 748 de
2865 691 3026 749 idolis
3060 691 3152 761 quI
3191 701 3373 744 sermo
3407 685 3525 740 ﬁeri

1953 789 2161 851 soleat,
2211 796 2265 841 et
2309 785 2508 856 quibus
2539 785 2733 839 debeat
2783 781 3226 846 accommodari,
3269 779 3393 849 quia
3449 791 3533 830 res

1938 880 2238 948 perspicua
2273 889 2353 934 est
2383 889 2436 933 et
2469 879 2782 948 pervulgata
2805 915 2821 940 ,
2856 876 3130 932 neminem
3171 873 3346 928 latere
3383 868 3534 924 arbi-

1958 981 2074 1026 tror
2101 971 2191 1040 qui
2231 971 2388 1023 modo
2437 971 2510 1024 sit
2539 969 2669 1022 recti
2705 977 2936 1033 amator,
2971 976 3030 1021 et
3059 979 3241 1020 rerum
3279 971 3531 1017 naturam

1955 1076 2256 1131 parumper
2301 1061 2519 1116 calleat.
2569 1058 2769 1114 Verum
2825 1067 3052 1127 cognata
3088 1056 3174 1111 his
3203 1055 3532 1109 Arianorum

1955 1143 2228 1221 impietas,
2259 1151 2528 1207 occultum
2561 1151 2674 1206 fere
2704 1145 3527 1210 necsatisanimadvertendum

1957 1244 2141 1300 dolum
2207 1245 2476 1298 haereseos
2516 1243 2798 1308 continet,
2832 1241 3063 1309 ideoque
3118 1237 3262 1292 haud
3311 1233 3533 1290 facile‘a

1957 1333 2142 1388 multis
2161 1331 2502 1402 intelligitur.
2529 1331 2740 1386 Etenim
2771 1329 2977 1383 callidis
2997 1328 3293 1392 vocabulis,
3317 1335 3370 1384 et
3395 1339 3538 1380 com-

1958 1423 2174 1494 plicatis
2195 1423 2449 1478 sensibus
2479 1423 2722 1478 studiose
2758 1423 2825 1474 ad
2861 1422 2962 1474 hoc
2989 1418 3536 1496 excogitatis,,paraf

1959 1515 2308 1585 logismorum
2339 1514 2554 1579 nebula,
2577 1523 2632 1568 et
2658 1512 2994 1584 garrulitatis
3017 1519 3231 1566 versuta
3259 1509 3536 1569 suasione,

1958 1606 2116 1662 facile
2159 1613 2390 1676 possunt
2420 1603 2790 1674 simpliciores
2820 1604 3073 1670 abripere
3105 1610 3266 1670 atque
3301 1598 3354 1653 in
3387 1613 3539 1653 suam

1961 1700 2286 1756 sententiam
2329 1688 2667 1769 pertrahere.
2700 1696 3067 1763 Quamobrem
3090 1707 3260 1766 pauca
3292 1693 3538 1764 quaedam

1961 1801 2016 1846 et
2047 1793 2268 1860 deipso
2301 1791 2319 1859 (
2348 1791 2530 1845 Leone
2556 1791 2637 1843 vel
2671 1788 3050 1860 Copronymo)
3077 1797 3131 1844 et
3159 1787 3225 1846 de
3248 1785 3411 1856 hujus
3453 1799 3544 1838 ne-

271 1881 401 1946 τίας
436 1881 686 1953 στροφῶν
721 1880 1070 1950 πιθανότησι,
1096 1878 1468 1950 συναρπάζειν
1513 1879 1608 1932 καὶ
1655 1877 1862 1947 ὑποσύ-

1982 1882 2092 1951 ;otii
2121 1881 2459 1950 praesidibus,
2481 1884 2547 1936 ad
2575 1883 2883 1952 ignarorum
2908 1881 3153 1935 notitiam
3173 1889 3229 1934 et
3251 1878 3541 1932 utilitatem

276 1988 398 2042 ρειν
425 1972 552 2036 τοὺς
575 1971 984 2042 ἁπλουστέρους
1011 1970 1104 2023 ἐπὶ
1132 1971 1192 2024 τὸ
1222 1970 1352 2024 ἴδιον
1373 1970 1630 2041 φρόνημα
1656 1967 1859 2032 ἱκανῶς

275 2065 469 2134 ἔχουσι
489 2079 502 2094 ·
530 2063 618 2118 διὰ
640 2063 799 2118 τοῦτο
824 2062 1001 2135 μικρά
1018 2079 1142 2117 τινα
1169 2064 1300 2134 περὶ
1324 2061 1488 2116 αὑτοῦ
1518 2079 1578 2116 τε
1622 2059 1719 2115 καὶ
1750 2060 1858 2115 τῶν

1967 1971 2204 2026 dicenda
2229 1974 2430 2041 putavi.
2468 1973 2698 2040 Quinam
2736 1986 2864 2027 vero
2891 1972 3000 2026 sint
3040 1971 3141 2040 ipsi
3173 1968 3331 2034 libri,
3361 1978 3416 2024 et
3444 1971 3544 2022 cu-

1964 2061 2180 2132 jusnam
2215 2063 2533 2134 magisterii,
2563 2063 2743 2118 dicere
2759 2063 3043 2132 incipiam.

276 2153 707 2224 προεστηκότων
760 2153 958 2216 εἰπεῖν,
1001 2151 1137 2222 πρὸς
1201 2149 1304 2222 τὴν
1364 2151 1472 2204 τῶν
1553 2147 1894 2218 ἀγνοούντων
1933 2136 2144 2222 είδησίν
2181 2152 2278 2204 καὶ
2335 2151 2629 2222 ὠφέλειαν,
2677 2151 2827 2216 ἄξιον
2867 2151 3180 2222 ὑπείληφα·
3225 2150 3368 2215 τίνες
3404 2149 3463 2202 δι
3491 2150 3547 2202 αἱ

279 2246 462 2318 βίϐλοι
524 2240 712 2310 αὗται,
783 2245 998 2314 καὶτῆς
1058 2242 1221 2306 ποίας
1267 2241 1661 2308 διδασκαλίας,
1717 2239 1858 2311 ἐρῶν
1899 2240 2156 2314 ἔρχομαι.

361 2332 448 2404 ιβ’.
475 2332 572 2396 Τίς
619 2333 720 2386 οὑκ
757 2327 865 2385 οἶδε
923 2332 1020 2401 τὴν
1053 2329 1326 2402 θεομάχον
1380 2327 1489 2382 τῶν
1531 2327 1866 2399 δυσωνύμων

294 2428 594 2500 ’Δρειανῶν
632 2427 949 2498 ἀθεωτάτην
999 2427 1211 2499 αἵρεσιν
1239 2467 1254 2492 ,
1294 2427 1361 2498 ἢν
1418 2427 1448 2479 ό
1502 2425 1602 2496 τῆς
1663 2423 1868 2496 μανίας

281 2522 462 2585 ὄντως
489 2519 776 2592 ἐπώνυμος
812 2521 1031 2593 Ἀρειος
1087 2518 1436 2589 ὲξεγέννησε,
1491 2518 1588 2572 καὶ
1622 2519 1748 2580 τοὺς
1776 2515 1867 2571 τὸν

287 2612 558 2684 μαινόλην
621 2613 834 2667 τουτονὶ
905 2613 1002 2665 καὶ
1053 2611 1297 2682 ἔκφρονα
1359 2608 1867 2681 συναπαρτίζοντας

286 2706 514 2771 θίασονς
546 2706 596 2759 οἳ
630 2705 731 2775 τὴν
779 2703 1014 2774 θεότητα
1042 2702 1136 2757 τοῦ
1167 2701 1370 2767 ζῶντος
1412 2701 1506 2756 καὶ
1554 2699 1868 2770 ὑφεστῶτος

285 2798 387 2854 καὶ
417 2798 788 2852 ἑνυποστάτου
819 2794 957 2849 Θεοῦ
985 2795 1160 2864 Λόγου
1189 2793 1478 2848 ἀθετοῦσιν
1509 2791 1866 2862 ἀνοητότατα,

285 2888 566 2960 ἑτεροφυᾶ
597 2887 697 2957 τῆς
741 2884 838 2940 τοῦ
866 2884 1002 2940 Θεοῦ
1062 2883 1158 2940 καὶ
1216 2883 1432 2953 [ἰατρὸς
1469 2883 1656 2946 οὐσίας
1703 2881 1870 2936 αὑτὸν

286 2980 620 3050 ἀποφαίνειν
669 2978 1028 3050 πειρώμενοι,
1077 2979 1174 3031 καὶ
1211 2978 1311 3047 τῆς
1353 2975 1512 3046 δόξης
1534 2975 1636 3046 τῆς
1667 2991 1870 3046 πατριε

288 3069 398 3140 κῆς
429 3068 745 3140 ἀποσχίζειν
769 3068 1028 3139 ἁθέσμως
1056 3067 1318 3138 οἰόμενοι,
1372 3066 1468 3120 καὶ
1521 3065 1621 3129 τὰς
1660 3065 1756 3136 τῆς
1783 3065 1871 3118 δε-

287 3143 546 3224 omnes;
577 3159 792 3228 φύσεως
815 3158 1182 3228 άσυγκρίτους
1207 3156 1503 3228 ὑπεροχὰς,
1525 3157 1616 3210 ἐπὶ
1644 3155 1744 3226 τὴν
1773 3157 1873 3226 τῆς

283 3249 493 3318 δούλης
541 3250 773 3312 κτίσεως
819 3248 1140 3319 περιπέζιον
1176 3247 1329 3314 τάξιν
1372 3245 1867 3322 καταϐιϐάζοντες·

291 3339 362 3394 ού
395 3339 504 3411 μὴν
526 3339 584 3393 δὲ
615 3339 750 3394 ἀλλὰ
779 3339 872 3392 καὶ
899 3338 999 3408 τὴν
1048 3337 1198 3391 θείαν
1238 3338 1332 3390 καὶ
1367 3336 1742 3408 ὑπερφυᾶτοῦ
1773 3335 1873 3389 A6-

287 3447 398 3500 γου
438 3427 840 3499 συκοφαντοῦσι
882 3428 1180 3498 σάρκωσιν,
1224 3428 1317 3480 καὶ
1344 3426 1418 3490 ὼς
1454 3429 1512 3479 ὲν
1567 3430 1744 3491 σκιαῖς
1779 3427 1875 3481 καὶ

289 3521 484 3592 ψιλαῖς
514 3521 852 3590 φαντασίαις.
886 3519 1056 3588 αὑτὴν
1101 3519 1396 3589 πεφηνέναι
1426 3518 1875 3594 ἀπισχυρίζονται

292 3611 596 3686 φαντασιού
605 3629 777 3683 μενοι,
793 3611 1004 3682 συνῳδὰ
1019 3613 1085 3680 τῇ
1106 3611 1417 3680 Μαιθιχαῖκῇ
1442 3609 1633 3682 λύσσῃ,
1652 3611 1875 3673 καὶτοῖς

290 3705 409 3759 ἀπὸ
441 3704 538 3774 τῆς
579 3703 673 3756 τοῦ
705 3702 1022 3756 Βαλεντίνου
1062 3702 1324 3772 βακχείας
1357 3702 1449 3754 καὶ
1477 3702 1634 3770 αὑτοὶ
1672 3701 1878 3769 δογμα-

290 3795 540 3860 τίζοντες
565 3811 579 3825 ·
605 3796 686 3859 τίς
715 3796 778 3849 οὑ
811 3794 1153 3866 μεμάθηκεν,
1178 3788 1222 3861 ᾧ
1265 3795 1356 3846 καὶ
1385 3793 1528 3846 κατὰ
1555 3793 1726 3864 βραχὺ
1747 3792 1878 3860 γοῦν

288 3889 474 3952 Λόγου
504 3888 743 3958 μέτεστι,
775 3889 870 3940 καὶ
897 3886 1141 3956 ἱστορίας
1164 3887 1240 3948 είς
1266 3887 1462 3954 πεῖραν
1483 3884 1714 3957 ἀφίκετο
1732 3922 1747 3947 ,
1781 3882 1878 3953 τὴν

285 3979 502 4034 τούτων
527 3980 768 4051 κορυφὴν
787 3981 880 4032 καὶ
897 3977 1213 4048 άκρύπολιν;
1243 3977 1302 4029 Ὀ
1321 3976 1634 4046 Καισαρεὺς
1653 3973 1696 4027 δ’
1723 3966 1880 4037 οὗτός

288 4075 418 4126 ἐστι
445 4071 706 4141 δυσσεϐὴς
739 4071 911 4134 ὅντως
940 4070 1218 4134 Εὐσέϐιος,
1243 4069 1303 4132 ὃς
1323 4086 1387 4136 γε
1425 4066 1596 4122 πολλὰ
1621 4068 1719 4138 μὲν
1742 4067 1882 4120 κατὰ

251 4197 266 4209 .
288 4163 398 4232 τῆς
429 4161 522 4215 τοῦ
551 4163 726 4229 Λόγου
758 4161 1007 4230 θεότητος
1043 4161 1475 4231 δεδυσφημηκὼς
1501 4159 1878 4230 πεφλυάρηκε,

293 4251 475 4309 πολλὰ
493 4254 548 4307 δὲ
567 4256 706 4307 κατὰ
724 4253 821 4323 τῆς
854 4253 1004 4314 θείας
1043 4251 1136 4305 τοῦ
1158 4252 1409 4324 Σωτῆρος
1442 4250 1751 4321 οἰκονομίας
1787 4267 1886 4320 μα·

289 4331 605 4398 ταιοπονῶν
633 4344 1030 4412 δεδυσσέϐηκεν
1048 4359 1059 4370 ·
1083 4337 1146 4396 οὗ
1168 4343 1235 4395 τὰ
1261 4343 1674 4413 συγγράμματα
1721 4343 1883 4414 μέχρι

294 4437 399 4492 καὶ
416 4438 659 4508 τήμερον
682 4436 791 4496 τῶν
818 4437 1122 4504 ἐξαγίστων
1148 4430 1316 4489 αὑτοῦ
1343 4434 1630 4504 δογμάτων
1649 4435 1884 4506 ὑπάρχει

2049 2331 2210 2402 160
2239 2331 2324 2386 l2.
2353 2331 2486 2400 Quis
2511 2332 2722 2403 ignorat
2752 2331 2846 2388 Dei
2877 2333 3152 2387 inimicam
3180 2343 3234 2387 et
3255 2331 3547 2387 inhustam

1973 2423 2305 2480 Arianorum
2341 2424 2720 2495 impiissimam
2759 2423 3045 2488 haeresim,
3079 2426 3146 2480 ab
3171 2425 3304 2478 Ario
3329 2463 3344 2489 ,
3394 2423 3552 2492 cuius
3589 2413 3599 2421 “

1976 2531 2170 2571 nomen
2197 2516 2436 2572 furorem
2469 2517 2692 2572 denotat
2723 2515 2859 2588 (30),
2888 2517 3126 2592 genitam
3178 2530 3386 2571 necnon
3418 2515 3548 2568 reli-

1975 2612 2178 2678 quum',
2216 2608 2308 2679 qui
2339 2607 2464 2664 huic
2494 2608 2774 2678 lymphato
2805 2617 3079 2678 suppetias
3109 2605 3215 2662 fert
3240 2647 3255 2672 ,
3285 2620 3551 2662 vesanum

1975 2700 2204 2755 chorum
2230 2700 2254 2754 Ἰ
2285 2700 2374 2768 qui
2405 2700 2743 2754 divinitatem
2769 2700 3003 2754 viventis
3030 2707 3085 2754 et
3118 2698 3466 2754 subsistentia
3501 2708 3556 2751 et

1978 2790 2032 2845 in
2067 2807 2172 2845 una
2203 2807 2434 2860 persona
2475 2791 2567 2846 Dei
2605 2790 2768 2846 Verbi
2795 2791 3118 2844 stultissime
3146 2789 3388 2854 abolent,
3423 2788 3556 2842 alie-

1977 2897 2103 2935 num
2145 2896 2174 2935 a
2210 2880 2300 2936 Dei
2327 2889 2382 2936 et
2411 2881 2591 2936 Patris
2619 2881 2922 2936 substantia
2953 2889 3218 2935 conantes
3244 2879 3552 2942 ostendere,

1979 2986 2205 3046 paterna
2236 2975 2530 3046 ipsmnmet
2561 2973 2731 3046 gloria
2770 2974 3165 3045 segregandam
3203 2971 3368 3040 impie
3408 2973 3556 3024 arhi-

1979 3075 2186 3122 trantes
2211 3106 2226 3132 ,
2247 3079 2302 3120 et
2336 3065 2685 3122 Dominicalis
2716 3075 2926 3120 naturae
2959 3062 3418 3133 incomparabiles
3459 3077 3556 3116 su-

1980 3158 2306 3222 blimitates,
2336 3159 2400 3212 ad
2443 3158 2702 3214 humilem
2744 3157 2967 3211 servilis
2993 3165 3264 3210 creaturae
3308 3153 3554 3207 ordinem

1979 3249 2364 3316 deprimentes.
2397 3246 2620 3316 Insuper
2644 3247 2880 3300 divinam
2904 3260 3123 3317 quoque
3147 3255 3200 3299 et
3232 3253 3559 3314 supernatu-

1983 3339 2148 3395 ralem
2186 3337 2345 3394 Verbi
2381 3338 2790 3402 calumniantur
2839 3339 3303 3398 incarnationem.
3331 3349 3560 3404 eamque

1983 3431 2325 3487 umbratilem
2372 3441 2577 3485 tantmn
2609 3440 2664 3486 et
2713 3447 2859 3486 mere
2891 3432 3286 3500 phantasticam
3323 3428 3562 3482 demon—

1982 3535 2158 3580 strare
2176 3524 2597 3588 llnllllt'itlatlllll'.
2618 3524 2949 3580 Manichaico
2961 3524 3130 3580 furori
3149 3524 3320 3593 paria,
3346 3535 3554 3575 necnon

1987 3616 2256 3671 Valentini
2305 3619 2531 3670 insaniae
2553 3656 2569 3679 ,
2605 3618 2704 3686 ipsi
2734 3633 2952 3687 quoque
2984 3618 3262 3672 tradentes
3289 3616 3562 3682 dogmata.

1986 3709 2118 3775 Quis
2145 3726 2249 3762 non
2287 3711 2454 3773 novit,
2487 3711 2531 3764 si
2568 3711 2728 3764 modo
2755 3715 2946 3780 parum
2975 3709 3298 3764 litteraturae
3333 3709 3515 3776 attigit
3547 3747 3560 3765 .

1987 3811 2039 3856 et
2067 3802 2304 3855 historia:
2337 3802 2498 3854 limen
2528 3801 2699 3855 saluta
2713 3802 2817 3866 vit,
2852 3802 3044 3855 horum
3075 3800 3321 3854 columen
3381 3811 3434 3853 et
3465 3815 3558 3850 ar-

1987 3893 2146 3948 cem?
2175 3893 2591 3959 Cmsaricitsetn,
2633 3894 2880 3962 inquam,
2917 3892 3234 3954 Eusebium,
3277 3891 3370 3960 qui
3395 3891 3562 3943 multa

1990 3984 2432 4040 adversus-Verbi
2444 3985 2784 4060 divinitatem
2800 3985 3187 4056 blasphemans
3205 3992 3440 4054 nugatns
3463 3991 3568 4044 est,

1991 4073 2159 4129 multa
2189 4074 2354 4128 etiam
2382 4083 2572 4129 contra
2605 4073 2844 4129 divinam
2878 4073 3193 4128 Servatoris
3235 4071 3572 4126 incarnatio-

1991 4182 2112 4222 nem
2139 4165 2376 4228 delirans
2407 4167 2708 4238 irreligiose
2739 4166 2955 4222 locutus
2979 4173 3062 4220 est
3096 4181 3110 4218 :
3162 4165 3319 4232 cuius
3365 4165 3569 4230 scripta

1991 4259 2057 4313 ad
2085 4260 2227 4313 hunc
2251 4273 2422 4337 usque
2444 4260 2584 4312 diem
2609 4259 2944 4315 detestandis
2966 4258 3207 4328 ejusdem
3228 4257 3573 4324 dogmatibus

1995 4353 2306 4423 plenissima
2337 4363 2462 4408 sunt
2493 4352 2627 4423 (3|).
2659 4349 2776 4420 Ipse
2799 4350 2943 4404 enim
2975 4364 3084 4404 non
3110 4347 3296 4402 Arium
3331 4356 3560 4400 tantum-

1998 4447 2155 4499 modo
2189 4445 2504 4512 magistrum
2533 4459 2690 4498 suum
2713 4483 2728 4508 ,
2768 4450 2822 4496 et
2853 4441 3014 4509 hujus
3051 4438 3342 4507 apostasia:
3381 4446 3575 4490 aucto-

293 4529 624 4586 κατάπλεαο
661 4529 720 4582 οὑ
753 4528 863 4600 γὰρ
899 4531 1118 4600 Ἀρειον
1161 4527 1320 4598 μόνον
1366 4527 1457 4580 τὸν
1499 4527 1694 4581 ἑαυτοῦ
1732 4527 1872 4582 διδά-

1994 4551 2125 4598 rem,
2160 4538 2252 4590 sed
2301 4545 2356 4589 ct
2385 4537 2522 4589 alios
2553 4549 2766 4598 omnes,
2794 4532 2884 4602 qui
2923 4533 2976 4586 in
3005 4529 3281 4598 Uuigeniti
3341 4527 3568 4597 gloriam

297 4622 528 4684 σκαλον,
563 4621 658 4675 καὶ
685 4625 780 4692 τῆς
815 4621 1153 4685 άποστασίας
1172 4619 1376 4690 ταύτης
1403 4619 1726 4689 εἰσηγητὴν,
1762 4619 1880 4672 ἀλλ’

294 4713 410 4786 ἤδη
443 4713 538 4766 καὶ
577 4711 783 4774 πάντας
808 4713 932 4774 τοὺς
957 4713 1034 4774 εἰς
1066 4711 1163 4781 τὴν
1194 4711 1360 4774 δόξαν
1405 4708 1499 4762 τοῦ
1547 4711 1888 4778 Μονογενοῦς

301 4803 826 4875 προσκεκρουκότας
857 4801 1262 4874 ὑπερϐαλέσθαι
1305 4799 1685 4870 ἐφιλονείκησε
1709 4817 1725 4833 ο
1776 4801 1891 4853 xtl-

302 4913 484 4968 σμασι
517 4895 626 4964 γὰρ
652 4894 1004 4967 προσκυνῶν,
1038 4893 1132 4946 καὶ
1163 4896 1228 4964 τῇ
1263 4893 1440 4946 κτίσει
1473 4892 1535 4946 τὸ
1577 4892 1725 4964 μόνῳ
1757 4893 1889 4962 πρέ-

297 5006 411 5043 πον
433 4986 553 5058 Θεῷ
582 4986 746 5050 σέϐας
770 4987 1029 5040 ἀνάπτων
1069 4986 1371 5055 ἐλέγχεται,
1425 4985 1612 5055 λάτρις
1657 4986 1892 5039 εἰδώλων

299 5077 564 5134 ἐντεῦθεν
600 5079 786 5146 σαφῶς
822 5077 1257 5147 ἐκδεικνύμενος,
1289 5075 1432 5130 καθὰ
1465 5077 1558 5130 καὶ
1599 5077 1751 5148 παρὰ
1779 5077 1887 5130 τῶν

301 5169 584 5242 ἐκκρίτων
613 5170 721 5223 τῶν
761 5169 1038 5240 θεοφόρων
1077 5168 1342 5240 Πατέρων
1384 5167 1543 5238 ἡμῶν
1604 5169 1888 5238 μεμαρτύο

304 5278 516 5336 ρηται’
550 5262 865 5332 ἀναγκαίως
912 5257 1007 5314 οὖν
1063 5260 1159 5314 καὶ
1205 5262 1255 5313 oi
1312 5259 1704 5330 προσκείμενοι
1740 5260 1888 5330 αὑτῷ

385 5416 501 5488 (29)
535 5416 634 5472 Vel
663 5415 1185 5471 Nabuchodonosori
1231 5415 1313 5470 vel
1353 5415 1705 5488 Copronymi.

387 5485 506 5560 (30)
536 5489 754 5558 Ἀρειος
794 5488 902 5541 ἀπὸ
932 5488 1024 5540 τοὺ
1060 5488 1280 5556 Ἀρεος,
1313 5487 1471 5540 Arius
1509 5504 1541 5538 a
1594 5485 1768 5540 Marte
1811 5485 1898 5556 fit--

307 5571 460 5617 rente
495 5561 612 5613 deo.

389 5629 503 5701 (3i)
557 5625 826 5701 llocjam
879 5625 1402 5701 dixithicephorus
1435 5624 1488 5678 iu
1545 5625 1896 5701 Apologelico

311 5696 532 5757 minore
565 5715 616 5766 p.
655 5699 743 5755 l5.
773 5697 988 5766 East-bii
1025 5697 1390 5766 Arrianismum
1415 5708 1572 5766 nemo
1593 5696 1900 5766 evidentius

307 5763 732 5838 (letuonst'ravit
741 5781 898 5838 quam
933 5765 992 5821 ll.
1027 5763 1463 5838 Montiaucouius
1496 5765 1552 5838 in
1585 5765 1902 5838 prml‘atione

313 5842 390 5898 ad
419 5838 663 5908 ejusdem
695 5833 916 5894 Eusebii
953 5833 1386 5894 Commentarios
1414 5834 1464 5890 in
1492 5834 1754 5892 Psalmos.

1991 4637 2289 4700 peccarunt
2317 4665 2336 4693 ,
2367 4641 2626 4696 superare
2680 4623 2978 4681 contendit.
3026 4620 3238 4686 Etenim
3288 4631 3576 4674 (:tcalttt'as

1992 4723 2282 4782 adorasse,
2331 4727 2386 4770 ιιι
2431 4718 2668 4774 debitum
2705 4715 2818 4769 Deo
2863 4715 2964 4770 soli
3015 4713 3217 4768 cultum
3249 4714 3328 4767 rei
3375 4721 3577 4766 creatae

1993 4810 2310 4865 exhibuisse
2343 4819 2653 4870 accusatur,
2687 4806 3006 4860 idololatriae
3043 4805 3245 4859 idcirco
3278 4802 3568 4858 manifeste

1998 4901 2300 4964 convictus,
2335 4898 2492 4952 sicuti
2521 4898 2686 4951 etiam
2719 4896 2904 4950 eximii
2932 4895 3137 4963 aliquot
3173 4893 3364 4946 Patres
3398 4891 3565 4943 nostri

1999 4990 2176 5044 tesmti
2231 5000 2356 5043 sunt
2393 4989 2528 5059 (Ei-2).
2578 4985 2817 5041 Necesse
2860 4995 2943 5040 est
2986 4986 3170 5054 itaque
3219 4990 3276 5035 ut
3331 4981 3494 5034 etiam
3526 4979 3574 5034 oi

2003 5081 2342 5135 adhaerentes
2407 5096 2472 5134 ac
2519 5077 2768 5148 discipuli
2815 5076 3148 5130 sententiam
3196 5070 3440 5140 magistri
3473 5069 3576 5123 sibi

1998 5182 2297 5228 assumant.
2338 5172 2388 5227 ls
2438 5172 2583 5226 enim
2610 5184 2706 5224 eos
2747 5168 2933 5222 docuit
2965 5165 3166 5221 Christi
3206 5177 3402 5232 corpus
3433 5160 3580 5232 pingi

1999 5274 2092 5316 aut
2123 5263 2244 5332 tingi
2282 5279 2383 5316 non
2416 5277 2597 5332 posse,
2629 5259 2791 5329 idque
2809 5258 3032 5310 omnino
3054 5255 3401 5323 phantastice
3434 5266 3582 5306 som-

2077 5419 2188 5490 (52)
2232 5419 2284 5471 ln
2331 5417 2843 5490 carccrepositus,
2889 5411 3146 5490 saeviente
3182 5409 3585 5490 persecutione,

2003 5481 2347 5542 sacriﬁcasse
2399 5487 2504 5541 diis
2552 5481 2728 5539 dictus
2773 5495 2858 5538 est
2901 5481 3166 5536 Eusebius
3217 5481 3410 5533 timore
3459 5494 3588 5545 snp-

2003 5560 2172 5628 plicii.
2213 5557 2349 5614 Vide
2393 5556 2752 5628 Epiphaninm
2798 5553 3001 5608 haeres.
3030 5550 3128 5628 _t_i8_,
3175 5549 3414 5628 '_l__;‘_itetn
3468 5563 3588 5628 quae

2003 5618 2160 5682 docte
2211 5641 2360 5682 more
2397 5618 2511 5681 suo"
2547 5626 2646 5680 hac
2703 5637 2872 5692 super
2923 5636 2979 5674 re
3012 5621 3147 5675 dicit
3180 5618 3582 5692 Tuli-monitus,

2003 5697 2164 5752 Mem.
2210 5695 2361 5762 βοείη
2397 5707 2433 5750 ι.
2468 5695 2604 5763 Vill,
2637 5709 2687 5766 [ι.
2723 5694 2848 5762 6ϋ1,
2881 5695 2934 5750 in
2981 5692 3105 5748 adn.
3141 5691 3202 5746 l9
3237 5692 3300 5744 ad
3337 5699 3584 5745 structum

2002 5767 2379 5823 Athanasium.
3683 5773 3692 5780 '
