3918 6152
318 378 422 443 565

1234 383 1801 447 APOLOGETICUS
1856 383 2008 447 PRO
2046 386 2149 446 SS.
2190 384 2671 455 IMAGINIBUS.

3465 378 3571 444 566

325 490 421 559 atat
450 491 636 565 πικρῷ
659 493 769 547 τῶν
797 493 1180 564 αίρετιζόντων
1210 496 1467 568 ῥεύματι,
1488 498 1551 551 τὸ
1574 497 1746 567 γλυκὺ
1800 498 1896 551 καὶ

2005 512 2187 554 amaro
2226 498 2609 554 haereticorum
2697 495 2893 559 rivulo,
2934 493 3147 549 dulcem
3202 492 3438 561 aliquam
3505 507 3570 546 ac

324 581 567 653 καθαρὸν
602 583 709 655 πῆς
747 585 1005 659 ἀληθείας
1048 589 1196 659 νᾶμα
1230 589 1729 660 παραμιγνύουσιν,
1759 591 1897 663 ὅπερ

323 670 494 726 πάλαι
526 673 577 727 οἱ
623 676 786 729 κακοὶ
821 677 1056 745 κάπηλοι
1097 679 1190 732 τὸν
1234 674 1376 733 οἶνον
1421 678 1576 732 ὕδατι
1609 677 1901 748 μίσγοντες

319 761 671 828 ὀνειδίζονται
705 778 720 796 ⁶
753 768 850 820 κα¹ι
895 768 1003 821 τῶν
1037 768 1302 838 θεολόγων
1356 769 1618 843 Πατέρων
1651 771 1684 841 ή
1692 768 1828 840 μῶν,
1850 770 1898 823 οἳ

318 852 399 925 τῷ
437 855 632 926 κόσμῳ
661 856 723 911 τὸ
752 858 869 928 φῶς
900 859 995 931 τῆς
1024 859 1281 932 ἀληθείας
1318 860 1684 932 ἐπύρσευσαν,
1714 862 1900 933 ῥήσεις

318 945 473 1009 τινάς
516 946 613 1000 τοῦ
648 947 773 1001 ὅλου
802 950 1058 1019 σώματος
1098 950 1207 1005 τῶν
1241 951 1443 1023 βίϐλων
1475 951 1903 1023 ἀποσπαράξαν-

318 1049 435 1098 τις,
473 1037 543 1107 τῇ
590 1036 819 1092 ἐκείνων
857 1040 1383 1113 συγκατηρίθμησαν
1438 1040 1615 1112 πλάνῃ
1648 1057 1662 1072 ο
1692 1034 1724 1113 ἢ
1779 1041 1902 1095 οὐδὲ

320 1128 569 1179 συνεῖναι
587 1127 731 1198 τάχα
759 1129 1195 1203 ίσχύσαντεςτὴν
1216 1133 1547 1203 ἐγκειμένην
1573 1135 1685 1196 τοῖς
1720 1133 1901 1201 λόγοις

318 1216 589 1283 διάνοιαν,
617 1219 781 1293 ἡνίκα
813 1221 913 1291 τὴν
939 1221 1122 1293 λήμην
1149 1223 1259 1277 τῶν
1287 1223 1386 1295 τῆς
1414 1224 1593 1294 ψυχῆς
1630 1224 1899 1295 ὀμμάτων

321 1308 783 1382 ἀποκαθήρασθαι
846 1312 908 1365 οὐ
966 1315 1364 1387 προείλοντο,ἢ
1412 1316 1555 1369 κατὰ
1592 1316 1655 1370 τὸ
1700 1314 1900 1370 δοκοῦν

323 1400 414 1454 ἐπ’
453 1401 703 1475 ἀπωλείᾳ
731 1404 939 1459 ἐαυτῶν
960 1424 1018 1459 τε
1048 1407 1142 1461 καὶ
1174 1408 1280 1461 τῶν
1305 1409 1707 1479 ἀπατωμένων,
1725 1409 1903 1465 ταῦτα

323 1495 715 1566 προῖσχόμενοί
741 1515 799 1552 τε
829 1500 924 1553 καί
954 1501 1450 1573 παρεξηγούμενοι,
1484 1503 1580 1556 τὸν
1621 1502 1780 1573 λόγον
1802 1503 1903 1573 τῆς

319 1587 581 1655 ἀληθείας
637 1590 852 1644 δολοῦσι
890 1593 988 1646 καὶ
1031 1594 1440 1665 καπηλεύουσι,
1481 1594 1560 1667 τῷ
1608 1595 1795 1668 χαλκῷ
1836 1596 1901 1650 τὸ

318 1677 516 1749 δέλεαρ
583 1681 1100 1754 ὲνσκευασάμενοι,
1146 1687 1233 1739 ἵνα
1293 1686 1372 1756 τῷ
1430 1686 1729 1757 ἀξιοπίστῳ
1794 1688 1903 1743 τῶν

320 1770 674 1841 προσώπων,
721 1775 853 1838 τοὺς
903 1776 1310 1850 ἁπλουστέρους
1361 1777 1472 1831 τῶν
1536 1779 1903 1849 ἀκροωμένων

319 1859 711 1928 βουκολοῦντες
765 1868 814 1918 οἱ
860 1866 1164 1938 βωμολόχοι
1213 1870 1631 1939 ἐπαγάγωνται,
1685 1871 1763 1941 τῷ
1810 1888 1903 1925 κε-

317 1954 629 2035 κρυμμένῳ
679 1954 819 2027 δόλῳ
862 1959 962 2029 τῆς
999 1960 1258 2024 ἀσεϐείας
1308 1963 1718 2034 περιπαρέντας
1756 1979 1770 1993 ·
1802 1964 1902 2030 τάς

311 2044 377 2097 δέ
409 2046 679 2115 ἐμφανῶς
716 2050 813 2104 καὶ
844 2053 1190 2124 ἀντιρρήτως
1228 2056 1323 2108 καὶ
1355 2057 1435 2118 είς
1461 2056 1664 2125 γνῶσιν
1692 2056 1898 2111 ἅπασιν

315 2137 654 2208 ἐκκειμένας
717 2143 1064 2211 περιξέοντες
1119 2147 1216 2200 καὶ
1266 2149 1701 2219 περιγράφοντες
1735 2191 1749 2214 ,
1802 2148 1898 2204 καὶ

312 2228 434 2290 τοῖς
447 2228 526 2291 είς
545 2234 739 2301 πεῖραν
754 2233 936 2286 αὐτῶν
958 2235 1174 2306 ἀχθεῖσι
1189 2236 1376 2302 δολίως
1393 2240 1717 2310 ἀτ.οκρυπτό
1725 2256 1895 2310 μενοι,

308 2318 361 2371 ὣ
396 2321 501 2385 τῆς
528 2321 858 2390 τυφλώσεως
885 2326 897 2379 l
930 2325 975 2378 ὢ
1004 2327 1103 2398 τῆς
1133 2329 1447 2399 πωρώσεως
1471 2332 1486 2383 ι
1516 2332 1616 2383 οὐκ
1653 2331 1898 2399 ἔγνωσαν

308 2408 440 2462 οὐδὲ
474 2413 720 2483 συνῆκαν
745 2431 761 2445 ο
791 2415 880 2469 διὰ
907 2417 1065 2473 τοῦτο
1085 2421 1143 2472 ἐν
1168 2420 1347 2491 σκότῳ
1379 2420 1533 2490 βαθεί
1552 2421 1899 2493 διαπορεύον-

1998 602 2189 659 puram
2209 587 2455 643 veritatis
2483 600 2679 642 venam
2726 584 3047 650 admiscent,
3085 596 3245 650 quam
3292 595 3403 636 rem
3426 581 3571 651 jam—

2000 681 2092 733 diu
2156 678 2314 734 malis
2375 675 2708 746 cauponibus
2771 676 2953 729 vinum
3004 689 3159 744 aquae
3212 672 3575 728 miscentibus

1999 773 2427 840 exprobra'mus,
2496 782 2690 836 nempe
2751 765 3127 837 theologorum
3185 764 3407 819 Patrqu
3470 779 3574 818 uo-

2001 870 2260 929 strorum,
2316 861 2409 932 qui
2458 859 2667 914 mundo
2709 857 2883 912 facem
2939 857 3188 911 veritatis
3235 856 3568 919 extulerunt,

2000 953 2264 1008 dictiones
2289 951 2551 1022 quasdam
2585 964 2650 1005 ex
2703 961 2818 1005 toto
2847 949 3112 1004 librorum
3145 962 3375 1018 corpore
3416 945 3572 999 avul-

2001 1061 2112 1107 sas.
2130 1059 2230 1100 suo
2260 1044 2608 1098 inseruerunt
2629 1041 2827 1097 errori.
2858 1040 2928 1096 Et
2956 1043 3074 1095 sive
3126 1055 3230 1094 non
3259 1038 3569 1108 intelligen-

2003 1147 2084 1193 tes
2111 1133 2345 1190 fortasse
2372 1134 2705 1189 dictionibus
2734 1133 2840 1189 illis
2879 1132 3102 1189 insitum
3125 1147 3368 1197 sensum,
3394 1145 3464 1200 qu
3476 1144 3575 1184 an-

2001 1231 2289 1301 doquidem
2317 1228 2692 1300 lippitudinem
2710 1226 2885 1282 oculis
2909 1227 3224 1295 abstergere
3246 1223 3562 1285 noluerunt,

2002 1326 2115 1382 sive
2131 1340 2284 1381 suam
2306 1333 2359 1379 et
2384 1323 2730 1393 deceptorum
2752 1338 2782 1377 ε
2798 1336 2858 1377 se
2882 1321 3269 1389 discipulorum
3289 1318 3573 1374 exitiosam

1998 1415 2326 1472 sententiam
2358 1424 2677 1484 sequentes,
2714 1412 2829 1467 haec
2852 1411 3192 1466 insinuantes
3214 1417 3269 1464 et
3292 1409 3571 1465 docentes.

2003 1509 2163 1565 hamo
2188 1520 2368 1562 escam
2414 1506 2720 1575 imponunt,
2756 1511 2813 1555 ut
2846 1512 3201 1571 personarum
3256 1499 3578 1553 auctoritate

2003 1599 2362 1672 simpliciores
2380 1597 2571 1653 illusos
2585 1597 2637 1652 in
2652 1587 3035 1651 'transversum
3056 1600 3216 1663 agant
3236 1592 3325 1647 isti
3346 1604 3573 1653 scurrae,

2003 1692 2217 1747 occulto
2278 1690 2574 1759 impietatis
2627 1688 2754 1743 dolo
2800 1685 3079 1765 'conllxos.
3111 1682 3234 1737 Illas
3281 1681 3572 1750 caeteroqui

2004 1782 2225 1839 Patrum
2267 1780 2588 1842 sententias,
2631 1793 2749 1847 quae
2773 1778 2941 1843 clare,
2975 1787 3028 1831 ct
3067 1785 3223 1829 extra
3257 1783 3576 1828 controver-

2007 1871 2168 1934 siam,
2196 1879 2354 1937 atque
2383 1868 2623 1922 omnium
2656 1866 2948 1921 intellectui
2996 1874 3202 1933 patent,
3240 1872 3488 1918 reserent
3523 1873 3574 1913 et

2008 1959 2483 2024 circumscribunt,
2501 1954 2567 2014 ‘et
2592 1959 2658 2013 iis
2689 1958 2781 2028 qui
2808 1973 2993 2012 secum
3015 1965 3378 2012 consuescunt
3423 1951 3574 2008 l'rau-

2008 2030 2257 2114 duleuter
2306 2042 2602 2112 occultant,
2652 2066 2685 2100 ο
2741 2048 3076 2103 caecitatem!
3111 2061 3144 2100 ο
3191 2045 3387 2100 mentis
3449 2044 3575 2098 Culi-

2005 2147 2182 2213 ginem
2210 2144 2223 2198 !
2259 2157 2432 2212 neque
2476 2143 2609 2210 quid
2656 2150 2822 2211 agant
2849 2139 3089 2194 sentiunt
3120 2148 3211 2191 aut
3243 2136 3568 2205 intelligunt.

2005 2237 2215 2291 idcirco
2247 2238 2298 2292 in
2327 2234 2614 2305 profundis
2654 2244 2940 2288 versantur
2990 2229 3253 2292 tenebris,
3279 2243 3458 2299 neque
3506 2229 3574 2282 ad

2004 2330 2253 2385 veritatis
2282 2328 2622 2398 splendorem
2657 2327 2929 2396 respicere
2948 2325 3160 2379 Nolunt.
3189 2322 3244 2377 Si
3288 2323 3434 2377 enim
3478 2335 3577 2375 no-

2003 2423 2235 2487 vissent,
2266 2435 2540 2490 nunquam
2570 2419 2857 2473 Dominum
2890 2416 3074 2487 gloriae
3094 2414 3571 2481 contempsissent.

309 2515 427 2563 ταιι
449 2502 546 2556 καὶ
566 2503 702 2574 πρὸς
724 2506 825 2569 τὰς
853 2508 1027 2578 αὐγὰς
1049 2511 1149 2580 τῆς
1179 2511 1440 2583 ἀληθείας
1493 2513 1795 2589 ἀναδλέψαι
1839 2515 1901 2569 οὐ
1937 2514 2219 2586 βούλονται
2246 2530 2258 2543 ·
2294 2513 2344 2565 εί
2388 2512 2499 2583 γὰρ
2564 2509 2831 2579 ἔγνωσαν,
2889 2509 2990 2561 οὐκ
3023 2507 3088 2561 ἂν
3122 2508 3213 2560 τὸν
3245 2504 3451 2577 Κύριον
3477 2503 3579 2573 τῆς

310 2591 476 2662 δόξης
496 2594 879 2667 ἐξουθένησαν.

392 2686 474 2740 ιδ’.
508 2689 575 2741 Τί
604 2689 813 2744 τούτων
836 2691 944 2745 τῶν
992 2693 1414 2766 ἐγχειρημάτων
1443 2695 1827 2766 χαλεπώτερον
1857 2697 1891 2767 ἢ

314 2778 764 2852 βλαϐεριῦτερονς
796 2782 862 2836 Τί
884 2783 1090 2856 ταύτης
1116 2787 1219 2856 τῆς
1278 2788 1600 2859 διαιρέσεως
1630 2788 1893 2859 δυσαχθέ-

315 2887 513 2941 στερον
559 2874 593 2944 ἢ
642 2864 1061 2947 ἀπηχέστερονί
1100 2877 1275 2931 Πάλαι
1335 2878 1517 2943 καλῶς
1567 2879 1896 2950 τεθνηκυῖαν

314 2960 557 3033 αἵρεσιν,
576 2960 686 3017 ’καὶ
709 2966 942 3037 φροῦδον
974 2969 1038 3028 ἐκ
1071 2968 1169 3038 τῆς
1201 2969 1312 3022 τῶν
1341 2970 1689 3041 Χριστιανῶν
1716 2961 1911 3043 γλώσ-⁵

319 3070 424 3123 σης
453 3046 832 3128 γεγενημένην
854 3058 957 3129 νῦν
982 3060 1365 3131 ἀναζωπυρεῖν
1412 3061 1505 3115 καὶ
1531 3061 1820 3132 τεθηλέναι
1848 3064 1898 3117 οί

2073 2697 2161 2751 ﬂ.
2220 2694 2358 2762 Quid
2412 2694 2494 2747 his
2538 2692 2759 2747 ausibus
2812 2691 3049 2745 atrocius
3097 2698 3188 2744 aut
3255 2688 3577 2744 nocentius?

2002 2784 2140 2851 Quid
2166 2785 2267 2839 hac
2294 2783 2601 2838 secessione
2657 2782 2920 2852 ingratius
2959 2790 3051 2833 aut
3102 2777 3429 2835 absurdius?
3457 2777 3579 2833 lla:—

2005 2876 2165 2932 resim
2192 2877 2457 2945 praeclare
2497 2875 2624 2929 olim
2651 2874 3000 2936 exstinctam,
3026 2881 3188 2941 atque
3237 2886 3267 2924 a
3306 2870 3575 2926 Christia-

2004 2984 2196 3023 norum
2229 2967 2426 3036 linguis
2459 2980 2765 3031 excussam,
2803 2968 2953 3018 nunc‘
2993 2965 3188 3018 iterum
3251 2961 3575 3016 inﬂammari

2007 3077 2069 3117 ac
2107 3058 2373 3131 pullulare
2404 3069 2602 3129 cogunt
2629 3078 2642 3115 :
2673 3060 2724 3113 id
2757 3059 2900 3113 enim
2942 3058 3090 3114 omni
3133 3073 3237 3128 ope
3267 3069 3576 3130 conatuque

218 3212 223 3215 Α
318 3146 673 3218 παράφρονες
734 3148 1124 3213 ὲκ6;άξονται’
1173 3152 1334 3206 τοῦτο
1388 3154 1497 3225 γὰρ
1558 3154 1731 3224 αὐτῆς
1786 3157 1899 3218 τοῖς

2008 3151 2306 3206 moliuntur
2345 3150 2461 3220 ejus
2533 3150 2793 3216 stmliosi;
2849 3160 3013 3219 atque
3069 3149 3291 3204 inimico
3348 3151 3578 3207 daemoni

321 3238 688 3304 σπουδαστατς
743 3241 907 3311 ἔργον
971 3252 1036 3295 τε
1094 3244 1188 3297 καὶ
1268 3243 1560 3315 ἀγώνισμα
1586 3260 1600 3274 ·
1656 3247 1751 3300 καὶ
1822 3244 1901 3317 τῷ

302 3328 504 3400 ιέχθρῷ
547 3330 783 3402 πάροδον
831 3322 930 3399 τῆς
978 3332 1102 3388 καθ’
1141 3335 1298 3405 ἡμῶν
1338 3336 1603 3407 ἐπηρείας
1643 3328 1900 3403 διδόασιν,

323 3422 411 3474 ἵνα
473 3422 614 3493 ὅπερ
676 3423 846 3478 πάλαι
904 3426 1230 3496 συμμάχους
1304 3426 1401 3479 καὶ
1458 3427 1735 3498 ὑπηρέτας
1802 3432 1900 3498 τῆς

320 3513 520 3567 ἑαυτοῦ
565 3515 763 3579 κακίας
821 3516 1073 3587 εὑρηκὼς
1131 3517 1457 3584 ἀπετέλεσε,
1492 3518 1595 3573 κᾶν
1648 3518 1738 3572 διὰ
1792 3518 1901 3571 τῶν

320 3603 763 3672 σταύρωσάντων
809 3607 906 3658 τὸν
962 3605 1170 3677 Κύριον
1231 3607 1456 3676 ποιῆσαι
1518 3609 1619 3661 οὒκ
1671 3609 1897 3678 ἴσχυσε,

318 3692 485 3746 τοῦτο
531 3692 617 3761 ἐφ’
650 3695 806 3765 ἡμῶν
847 3695 1028 3750 αὐτῶν
1058 3697 1445 3769 ἀπεργάσηται
1475 3712 1489 3727 ’
1526 3698 1629 3768 ἠδη
1661 3700 1775 3770 γὰρ
1807 3700 1901 3752 καὶ

319 3784 423 3837 νῦν
449 3787 479 3839 6
503 3784 711 3840 ἀνωθεν
737 3787 831 3840 καὶ
855 3786 927 3841 δι’
950 3787 1082 3863 ,ὅλου
1115 3787 1193 3859 τῷ
1222 3789 1391 3860 τιμίῳ
1415 3790 1611 3859 αἵματι
1660 3790 1899 3859 Χριστοῦ

320 3875 709 3948 ἔξυφασμένος
751 3879 918 3949 χιτὼν
947 3882 1389 3952 περιρρήγνυται
1446 3882 1542 3935 καὶ
1586 3882 1896 3953 μερίζεται,

319 3967 508 4021 καὶτὸ
548 3968 841 4036 κράτιστον
879 3970 988 4023 τῶν
1022 3971 1081 4023 ἐν
1114 3971 1247 4040 ἡμῖν
1275 3969 1482 4034 καλῶν,
1507 3973 1541 4042 ὴ
1566 3973 1758 4043 είρήνη
1807 3971 1901 4025 καὶ⁵

320 4060 567 4128 ὁμόνοια,
602 4058 826 4114 λέλυται
865 4061 961 4114 καὶ
989 4060 1232 4115 διόλωλε.
1259 4061 1448 4115 ’Δεινὸν
1482 4064 1579 4133 μὲν
1613 4063 1680 4117 τὰ
1731 4062 1898 4117 πάλαι

323 4150 691 4222 ίστορούμενά
733 4170 796 4206 τε
841 4153 938 4207 καὶ
978 4138 1315 4224 ἀκουόμενα,
1347 4157 1380 4224 ἡ
1423 4152 1675 4224 βασιλεία
1735 4154 1901 4209 Δαόὶδ

323 4242 449 4295 καθ’
500 4243 706 4312 ἑαυτὴν
760 4243 1091 4314 μεριζομένη
1135 4245 1232 4297 καὶ
1286 4244 1741 4316 σχιζομένη,¹κα⁹ι
1792 4246 1901 4298 τῶν

324 4334 508 4402 φυλῶν
558 4336 593 4404 ἡ
627 4335 929 4399 διάστασις,
983 4332 1285 4406 θρασύτητι
1336 4335 1430 4389 καὶ
1490 4337 1763 4407 αὐστηρίᾳ
1803 4336 1899 4391 τοῦ

323 4426 555 4494 ἐκγόνου
604 4427 976 4497 γεγενημένη,
1020 4427 1118 4480 καὶ
1169 4427 1389 4501 Ἰσραὴλ
1439 4429 1760 4499 ἀποτρέχων
1820 4431 1901 4493 εἰς

2009 3245 2149 3298 viam
2182 3244 2249 3297 ad
2276 3259 2372 3298 nos
2400 3242 2747 3311 decipiendos
2777 3240 3049 3306 muniunt,
3071 3251 3129 3294 ut
3160 3242 3260 3295 hos
3294 3239 3387 3295 ille
3432 3240 3577 3297 sicut
3608 3306 3628 3325 ι

2008 3336 2442 3411 olimadjutures
2496 3336 2884 3404 ministrosque
2935 3334 3153 3389 malitia:
3201 3351 3314 3387 sua:
3366 3342 3576 3395 nactus,

2009 3430 2149 3500 quod
2185 3446 2280 3499 per
2310 3427 2518 3483 Domini
2552 3427 2906 3501 crucifixores
2936 3426 3115 3481 facere
3165 3443 3267 3480 non
3309 3427 3503 3495 potuit,
3528 3424 3580 3477 id

2009 3519 2150 3589 apud
2185 3535 2282 3572 nos
2331 3530 2687 3586 exsequatur.
2739 3517 2877 3572 Ecce
2920 3519 3063 3570 enim
3120 3517 3302 3571 tunica
3339 3519 3581 3585 pretioso

2006 3610 2205 3666 Christi
2234 3610 2496 3678 sanguine.
2546 3626 2573 3660 ιι
2608 3610 2811 3662 vertice
2841 3608 2906 3660 ad
2948 3608 3114 3661 imum
3139 3618 3393 3663 contexta
3430 3608 3578 3669 Iace-

2012 3708 2160 3753 ratur
2198 3712 2258 3750 ac
2301 3698 2588 3759 scinditur,
2626 3706 2677 3748 et
2706 3697 2846 3764 quod
2883 3695 3147 3763 optimum
3178 3696 3444 3748 bonorum
3475 3710 3577 3747 uo-

2008 3795 2244 3841 strorum
2302 3794 2405 3846 est,
2450 3800 2549 3854 pax
2604 3794 2660 3837 et
2710 3785 3001 3839 coocordia
3057 3785 3372 3839 dissolvitur
3418 3797 3581 3853 atque

2009 3880 2166 3948 perit.
2187 3878 2383 3933 Gravia
2414 3878 2629 3947 quidem
2664 3892 2728 3931 ea
2763 3888 2890 3932 sunt
2929 3894 3050 3947 qua:
3079 3879 3131 3932 in
3165 3880 3363 3948 priscis
3393 3879 3576 3932 ferun-

2010 3980 2097 4023 tur
2160 3968 2681 4034 liisIOriis.reg'mnn
2732 3968 2985 4022 videlicet
3035 3968 3330 4023 Davidisin
3356 3979 3578 4023 contra-

2006 4064 2116 4116 rias
2148 4073 2332 4129 partes
2377 4061 2626 4127 divisum,
2665 4061 2900 4140 tribuum
2947 4061 3207 4128 secessio,
3253 4062 3409 4133 cujus
3443 4064 3578 4116 dura

2009 4154 2225 4222 nepotis
2248 4154 2541 4208 austeritas
2567 4168 2729 4207 causa
2762 4151 2867 4207 fuit
2904 4151 3071 4209 Israel
3102 4154 3167 4208 ad
3222 4169 3317 4208 sua
3348 4156 3582 4224 quisque

2010 4246 2355 4298 tabernacula
2409 4255 2555 4299 retro
2599 4242 3134 4308 ccdensderoboam
3183 4259 3307 4300 cum
3344 4233 3580 4315 'sccptru

2008 4332 2263 4399 famulus,
2290 4332 2510 4390 rebellis
2532 4333 2811 4404 insperato
2830 4349 3050 4405 prorsus
3073 4336 3125 4388 in
3150 4333 3344 4390 throno
3361 4335 3577 4401 sedens,

2007 4427 2252 4496 opposita
2338 4425 2730 4499 Hierosolymis
2779 4426 3053 4505 Samaria,
3115 4427 3259 4483 unde
3314 4427 3577 4481 malorum

319 4517 391 4570 τὰ
450 4518 648 4572 ἐαυτοῦ
704 4518 1045 4589 σκηνώματα
1077 4561 1093 4586 ,
1153 4520 1249 4573 καὶ
1319 4518 1601 4590 Ἱεροϐοάμ
1680 4521 1740 4574 ἐν
1769 4520 1899 4591 σκή-

2008 4519 2182 4588 origo,
2208 4527 2263 4572 et
2308 4517 2540 4587 populus
2567 4519 2800 4574 adorare
2826 4527 3137 4573 creaturam
3173 4532 3285 4588 pra:
3316 4517 3578 4574 Creatore

321 4625 518 4680 πτροις
567 4611 596 4663 6
630 4609 815 4676 δοῦλος
847 4611 941 4665 καὶ
976 4612 1293 4681 ἀποστάτης
1321 4610 1783 4683 ἐνθρονὶζόμενος,
1836 4612 1899 4666 τὸ

2008 4612 2256 4676 edoctus,
2287 4619 2450 4680 atque
2480 4610 2546 4664 ad
2574 4622 2832 4664 vesanum
2873 4608 3136 4665 idolorum
3178 4625 3423 4666 amorem
3474 4595 3576 4664 im-

320 4700 762 4772 παραδοξότατον
796 4719 812 4736 ο
878 4704 974 4757 καὶ
1031 4704 1132 4775 τῆς
1204 4702 1562 4775 Ἰερουσαλὴμ
1630 4703 1895 4758 ἀντιδιαι-

324 4792 566 4863 ρουμέντι
627 4792 912 4864 Σαμάρεια
942 4833 957 4858 ,
994 4792 1116 4848 ὅθεν
1176 4792 1286 4848 τῶν
1353 4794 1538 4848 κακῶν
1602 4795 1636 4865 ἡ
1693 4794 1900 4865 κρηπὶς

322 4882 749 4955 καταόέόληται,
776 4886 873 4939 καὶ
907 4886 937 4939 6
970 4885 1097 4949 λαὸς
1143 4886 1619 4956 ἀναπεπεισμένος
1651 4901 1896 4957 προσκυ-

321 4978 433 5029 νεῖν
450 4979 519 5048 τῇ
556 4975 734 5030 κτίσει
763 4977 916 5048 παρά
941 4977 1033 5030 τὸν
1061 4978 1359 5045 Κτίσαντα,
1392 4978 1485 5033 ἐπὶ
1532 4978 1631 5050 τὴν
1679 4979 1896 5033 εἰδωλο-

326 5069 525 5136 μανξαν
573 5066 749 5131 ἀθέως
810 5069 1167 5139 ἐξεκυλίσθη·
1195 5071 1498 5142 δεινότερον
1554 5071 1610 5125 δέ
1682 5073 1749 5126 τὰ
1799 5072 1896 5126 νῦν

324 5160 623 5231 τελούμενα
654 5161 749 5214 καὶ¹
770 5160 1043 5232 ὁρώμενα,
1062 5142 1294 5233 ἐπείπερ
1319 5165 1352 5232 ἡ
1387 5145 1636 5234 Χριστού
1651 5163 1897 5234 βασιλεία

324 5254 582 5323 τέμνεται
610 5254 706 5307 καὶ
736 5253 1026 5318 διίσταται,
1056 5256 1150 5308 καὶ
1172 5254 1243 5308 τά
1275 5255 1412 5325 μέλη
1471 5254 1567 5308 τοῦ
1598 5254 1737 5309 κατά
1763 5255 1897 5325 X9:-

326 5340 450 5399 ότδν
491 5343 745 5414 σώματος
772 5344 867 5399 καὶ
900 5345 1000 5414 τῆς
1045 5345 1212 5414 αὐτῆς
1264 5345 1526 5415 κεφαλῆς,
1551 5345 1673 5398 καθ’
1728 5345 1900 5399 ἑαυτά

323 5438 718 5504 διαστασιάζει,
754 5439 847 5493 καὶ
876 5439 936 5492 τὸ
984 5437 1158 5503 ἔθνος
1187 5436 1253 5491 τὸ
1276 5437 1465 5507 ἅγιον,
1496 5438 1557 5491 τὸ
1581 5439 1904 5503 βασίλειον

324 5531 661 5601 ἱεράτευμα,
677 5530 705 5582 6
721 5529 871 5596 λαὸς
890 5531 918 5583 ό
936 5533 1022 5596 είς
1039 5530 1423 5598 περιποίησιν
1443 5530 1786 5598 ἐξαγγέλλειν
1803 5529 1903 5592 τὰς

328 5623 477 5687 εεὲας
493 5623 695 5693 ἀρετὰς
728 5623 1066 5698 κατάχρεως,
1100 5623 1188 5675 καὶ
1208 5622 1269 5674 τὸ
1305 5621 1592 5692 μεγαλεῖον
1615 5621 1712 5690 τῆς
1753 5620 1903 5685 θείας

401 5779 442 5810 ιδ
478 5775 497 5828 l
535 5775 682 5831 Petr.
716 5790 777 5844 ιι,
842 5776 890 5829 9.

2003 4703 2090 4772 pie
2123 4702 2434 4757 devolutus.
2462 4702 2715 4756 Attamen
2740 4701 2990 4771 graviora
3020 4710 3147 4755 sunt
3173 4716 3296 4771 quae
3319 4717 3459 4755 nunc
3479 4718 3575 4771 pa-

2006 4795 2137 4851 trari
2173 4796 2442 4850 videmus.
2476 4793 2609 4849 Nam
2659 4793 2864 4850 Christi
2891 4808 3115 4863 regnum
3152 4794 3203 4847 in
3253 4803 3435 4865 partes
3464 4795 3573 4848 abit

2003 4888 2330 4954 discissum;
2359 4887 2601 4942 membra
2638 4889 2898 4941 adversus
2928 4885 3085 4955 163
3112 4885 3311 4939 Christi
3358 4900 3601 4958 corpus”

2002 4978 2112 5033 imo
2144 4989 2331 5033 contra
2358 4979 2533 5048 ipsum
2586 4988 2746 5046 caput
2793 4978 3113 5031 seditionem
3150 4978 3325 5041 cient;
3352 4988 3405 5030 et
3449 4966 3598 5047 gens;

2001 5082 2205 5137 sancta,
2233 5071 2407 5140 regale
2440 5072 2816 5134 sacerdotium,
2838 5067 3061 5138 papulas
3106 5067 3477 5136 acquisitiouis
3504 5067 3568 5131 “,
3592 5066 3595 5131 ξ

2002 5161 2093 5216 Dei
2127 5162 2484 5233 praedicanda:
2516 5161 2769 5231 potentiae
2796 5160 3115 5223 destinatus,
3144 5168 3197 5212 et
3244 5174 3440 5229 magno
3486 5152 3596 5213 di-'

2004 5256 2140 5305 vime
2188 5250 2506 5305 tecououtian
2556 5249 2707 5318 operi
2772 5247 2916 5302 clara
3001 5245 3384 5315 rcsonautiquc
3442 5260 3572 5300 voce

2004 5342 2413 5414 proclamamlo,
2438 5340 2809 5409 libertatisque
2846 5354 2910 5394 ac
2962 5336 3355 5406 redemptionis
3411 5336 3573 5392 bcuea

2005 5438 2128 5491 licio
2157 5434 2483 5500 conﬁtendo,
2516 5450 2656 5489 nunc
2683 5435 2736 5489 in
2764 5433 3101 5493 contrarium
3135 5445 3323 5485 versus
3350 5446 3571 5500 tiiagua-

2003 5543 2105 5596 que
2137 5545 2199 5582 ex
2238 5537 2393 5599 parte
2417 5545 2443 5582 a
2476 5526 2692 5581 malitiae
2720 5525 2981 5581 ministris
3015 5524 3250 5590 illectus,
3278 5525 3427 5579 nulla
3464 5527 3566 5582 uti-

2002 5621 2152 5675 litate
2178 5631 2399 5687 auctus,
2433 5630 2484 5676 et
2515 5610 2799 5690 postquam
2850 5617 3037 5674 Oriens
3074 5632 3141 5672 est:
3198 5617 3306 5672 αΙιο
3326 5631 3452 5675 eum
3486 5617 3568 5668 vi-
