3900 6148
393 298 397 303 ⁷
477 243 580 365 θ’ἵί
826 330 831 333 ·
1507 306 1568 367 S.
1610 306 2026 367 NICEPHORI
2062 308 2064 364 ἶ

2168 305 2569 366 I'RIARCHB
2608 305 2718 365 (ΖΡ.
3649 301 3775 369 572

483 407 704 475 quantis
757 409 1013 482 lacrymis
1055 412 1247 482 digna!
1279 423 1485 481 quanto
1533 429 1768 472 interore
1814 433 1878 471 ac
1908 418 2053 471 luctu

2168 414 2541 487 προκειμένου,
2575 413 2790 468 ἑλέσθαι
2821 414 2883 503 τὸ
2910 414 3190 488 πρότερον,
3221 417 3415 487 φάναι,
3444 412 3768 485 τολμῆσαι,

485 500 823 557 redundant!
869 503 1024 570 Quod
1067 507 1110 558 si
1162 506 1415 560 homines
1465 507 1578 562 lucc
1641 523 1745 562 non
1810 509 2052 579 lugeant,

2168 508 2255 560 ιιαὶ
2280 507 2362 569 εἰς
2392 506 2523 561 αὐτὸ
2558 507 2621 559 τὸ
2645 500 2858 578 καίριον
2891 506 3243 572 κινδυνεύειν,
3280 508 3377 562 καὶ
3432 506 3616 578 μηδὲν
3650 505 3772 557 τῶν

483 598 632 645 certe
666 592 921 648 inanimis
944 607 1195 650 creatura
1228 607 1282 650 et
1331 599 1583 652 mmrebit
1629 609 1683 654 et
1712 601 2052 671 ingemiscat.

2168 600 2342 653 5εινῶν
2370 599 2655 653 πείσεσθαι
2678 598 2826 666 δόξαι
2856 616 2870 630 ·
2909 598 3082 654 ταῦτα
3112 601 3286 653 ποίων
3331 599 3603 670 δακρύων
3662 599 3772 650 οὐκ

485 679 645 746 Quali
673 685 816 739 enim
846 686 1053 756 judicio
1084 700 1209 742 sunt
1261 691 1517 744 obnoxii?
1549 711 1569 743 ι
1605 690 1737 745 Nam
1796 695 1842 748 si
1900 704 2055 763 pacta

486 776 632 831 inter
654 778 900 834 homines
929 780 1081 845 inita,
1118 801 1137 833 ι
1168 783 1343 852 inquit
1369 783 1547 853 lingua
1575 786 1889 857 theologalis
1915 788 2052 859 (58).

489 888 511 919 1
562 870 699 926 Deus
740 874 1004 927 mediator
1029 886 1338 944 assumptus
1366 877 1568 943 ﬁrmat,
1609 881 1796 947 quanti
1841 881 2055 934 demum

488 960 711 1027 periculi
755 971 857 1025 est,
891 977 1028 1031 quas
1089 965 1477 1033 promissiones
1536 968 1643 1021 Deo
1672 967 1771 1037 ipsi
1802 961 2054 1036 fecimus,

486 1066 673 1105 earum
707 1052 1033 1121 deprehendi
1084 1054 1416 1120 violatores,
1481 1071 1660 1126 neque
1710 1068 2055 1128 peccatorum

489 1144 854 1198 tantummodo
876 1160 996 1199 reos
1028 1145 1167 1209 ﬂeri,
1187 1162 1375 1200 verum
1401 1148 1563 1202 etiam
1585 1151 1853 1205 mendacii
1872 1167 2055 1207 coram

488 1234 600 1300 ipsa
621 1235 846 1289 veritate
861 1238 1142 1307 coargui?)
1155 1239 1352 1295 Paulus
1376 1240 1555 1305 (mitto
1577 1257 1719 1297 nunc
1735 1243 1917 1301 dicere
1929 1255 2059 1312 quot

441 1322 453 1393 ι
488 1336 815 1392 quantaque,
849 1326 940 1382 Dei
970 1344 1154 1383 amore
1184 1330 1496 1397 devinctus,
1527 1335 1634 1402 pati
1682 1348 1742 1388 se
1799 1335 1938 1390 velle
1969 1351 2062 1391 as-

491 1417 841 1487 severaverit)
871 1419 1334 1486 tribulationibus,
1369 1427 1862 1495 persecutionibus,
1913 1431 2060 1496 peri-

491 1504 627 1558 culis
648 1507 972 1579 oniiiimodis
995 1512 1348 1580 sustinendis,
1379 1530 1540 1585 quem
1567 1533 1746 1586 neque
1778 1519 2056 1589 instantia,

492 1609 669 1664 neque
698 1596 900 1666 futura,
944 1616 1119 1670 neque
1158 1615 1410 1659 creatura
1438 1608 1543 1661 alia
1585 1625 1613 1662 a
1648 1609 1739 1663 Dei
1790 1610 2060 1667 charitate

491 1699 746 1752 separare
774 1693 1038 1757 pntuisset
1064 1694 1136 1758 ¹³;
1164 1705 1346 1752 tantus
1379 1708 1497 1752 erat
1527 1702 1731 1755 amoris
1758 1701 1944 1755 fervor
2003 1713 2058 1757 et

2157 692 2319 756 ἄξιας
2354 692 2516 754 ποίας
2553 691 2860 760 κατηφείας
2917 691 3011 744 καὶ
3069 691 3286 762 θρήνων
3335 692 3437 744 οὐκ
3489 689 3766 769 Epistles;

2158 781 2263 836 κᾶν
2293 780 2570 853 ἄνθρωποι
2613 782 2708 834 ἐπὶ
2732 780 2940 844 τούτοις
2976 783 3037 834 οὐ
3069 781 3438 845 κλαύσωνται,
3460 781 3597 833 ear
3629 780 3673 850 ἦ
3701 795 3769 847 γι

2158 872 2335 937 κτίσις
2359 873 2498 943 αὐτὴ
2543 873 2893 944 συνωδινήσει
2941 866 3036 926 καὶ
3067 871 3388 937 συστενάξει
3415 874 3451 943 ἠ
3480 872 3718 941 ἄψυχος
3747 889 3763 902 ·

2159 960 2316 1024 ποίας
2342 960 2453 1032 γάρ
2498 960 2599 1014 οὐκ
2642 961 2785 1015 εἰσὶν
2806 960 3103 1015 ὑπεύθυνοι
3149 962 3420 1033 κρίσεωςς
3463 980 3484 1014 ι
3532 961 3613 1015 Et
3648 962 3765 1030 γάρ

2158 1053 2257 1115 τάς
2315 1052 2453 1124 πρὸς
2487 1051 2811 1123 ἀνθρώπους
2833 1053 3144 1124 ὁμολογίας,
3177 1054 3342 1123 φησιν
3397 1056 3432 1125 ἡ
3484 1053 3765 1120 θεολόγος

2157 1144 2399 1214 γλῶσσα,
2425 1145 2653 1215 ὲμπεδοῑ
2671 1144 2806 1207 Θεδς
2852 1145 3014 1215 μέσος
3061 1144 3463 1216 παραληφθεὶς,
3501 1144 3699 1206 πόσος
3734 1144 3763 1196 δ

2157 1236 2425 1302 κίνδυνος,
2456 1229 2530 1291 ὧν
2564 1236 2702 1306 πρὸς
2734 1235 2897 1289 αὐτὸν
2926 1234 3163 1305 ἐθέμεθα
3216 1236 3307 1289 τὸν
3338 1235 3473 1289 Θεὸν
3534 1234 3761 1303 συνθη-

2157 1324 2290 1387 κῶν,
2320 1326 2525 1379 τούτων
2551 1324 2871 1396 παραϐάτας
2900 1324 3253 1396 εὑρίσκεσθαι
3273 1341 3289 1392 ;
3313 1327 3411 1379 καὶ
3443 1325 3525 1395 μὴ
3564 1328 3761 1394 μόνων

2159 1417 2268 1470 τῶν
2316 1417 2491 1471 ἄλλων
2539 1417 2957 1487 ἁμαρτημάτων
2986 1453 3004 1479 ,
3058 1416 3197 1469 ἀλλὰ
3256 1417 3354 1469 καὶ⁸
3405 1415 3588 1472 αὐτοῦ
3657 1414 3759 1468 τοῦ

2158 1503 2390 1575 ψεύδους
2440 1505 2736 1568 ὑποδίκους
2768 1500 2908 1557 εἶναι
2954 1508 3021 1574 τῇ
3056 1490 3331 1576 ἀληθείας-
3354 1523 3372 1556 ι
3410 1505 3642 1566 Παῦλος
3696 1506 3759 1560 δὲ

2161 1594 2554 1665 (ἐῶμενλέγειν
2576 1597 2675 1649 ὅσα
2697 1598 2758 1666 τῇ
2787 1597 2867 1657 εἰς
2889 1596 3122 1666 Χριστὸν
3146 1598 3337 1668 ἀγάπῃ
3357 1597 3552 1650 συνδού
3560 1614 3757 1665 μενος,

2162 1689 2348 1757 φέρειν
2395 1687 2840 1758 ἀπισχυρίσατο),
2897 1687 3129 1756 θλίψεων
3187 1690 3282 1741 καὶ
3338 1689 3614 1757 διωγμῶν
3662 1692 3759 1743 καὶ

489 1776 741 1834 ﬂatnma!
777 1784 1061 1837 anathema
1103 1802 1319 1857 quoque
1365 1805 1423 1844 se
1457 1791 1573 1844 lieri
1625 1806 1655 1846 a
1707 1793 1929 1849 Christo
1962 1811 2059 1850 au-

2168 1778 2425 1832 κινδύνων
2478 1779 2832 1832 παντοδαπῶν
2878 1779 3223 1848 ἀνεχόμενος,
3286 1779 3348 1833 δν
3393 1782 3519 1850 μηδ⁴
3560 1782 3639 1834 ἂν
3687 1782 3755 1835 τὲ

492 1874 680 1924 dacter
711 1880 905 1940 optans
938 1876 1002 1942 ¹⁹,
1032 1876 1203 1932 levius
1259 1895 1319 1934 se
1351 1882 1403 1935 id
1442 1883 1682 1939 laturum
1714 1887 1927 1953 aiebat;
1963 1888 2052 1941 isti

490 1972 670 2012 autem
703 1979 767 2016 ne
796 1965 1099 2033 simplicem
1133 1971 1351 2039 quidem
1383 1977 1771 2031 contumeliam
1803 1994 1901 2047 pro
1930 1995 2057 2033 vera

492 2049 753 2119 religione
779 2058 986 2124 perpeti
1017 2059 1328 2138 voluerunt.
1359 2064 1464 2118 Sed
1495 2067 1864 2123 bis-omnibus
1904 2069 2060 2124 bonis

490 2143 731 2207 omissis,
770 2151 1011 2204 materiae
1046 2160 1254 2205 tantum
1290 2156 1574 2222 inhaerent,
1607 2169 1662 2213 et
1717 2161 2058 2230 voluptuosis

492 2233 654 2285 mersi
682 2236 1042 2302 passionibus,
1067 2253 1300 2296 mentem
1323 2247 1485 2301 rebus
1503 2250 1817 2305 caelestibus
1841 2252 2064 2306 minime

492 2322 781 2380 intendunt
833 2347 845 2383 :
898 2346 1064 2401 seque
1110 2336 1181 2388 ita
1213 2350 1428 2404 gerunt,
1472 2342 1626 2408 quasi
1683 2358 1802 2397 mox
1846 2344 2061 2399 domum

409 2432 416 2438 -
496 2428 647 2466 suam
683 2421 889 2473 venturi
920 2432 1125 2486 essent,
1163 2428 1246 2479 vel
1274 2444 1434 2497 agros
1460 2431 1795 2502 pinguesque
1842 2449 2063 2503 posses-

492 2510 676 2563 siones
719 2528 845 2567 suas
875 2514 1189 2583 inspecturi,
1227 2530 1318 2572 aut
1377 2524 1665 2577 amabilem
1702 2524 1933 2588 vineam,
1972 2536 2064 2580 aut

486 2603 750 2674 quidquid
775 2606 825 2658 in
849 2622 980 2675 agro
998 2619 1079 2662 est
1102 2610 1337 2678 optabile
1363 2623 1415 2666 et
1437 2615 1640 2667 arabile
1656 2629 1719 2668 ac
1740 2617 2061 2683 spatiosum,

489 2697 983 2765 provenientesque
1048 2701 1172 2754 inde
1231 2701 1440 2758 fructus
1507 2704 1880 2774 frequentibus
1924 2709 2063 2778 digi-

491 2796 670 2841 torum
734 2793 970 2845 motibns
1035 2793 1193 2866 164
1255 2808 1654 2865 computantcs,
1695 2800 1780 2854 vel
1830 2800 2064 2857 delectos

488 2894 659 2945 equos
704 2881 985 2949 malosque
1019 2886 1199 2937 colore
1230 2887 1436 2954 optimo
1481 2897 1535 2939 et
1577 2888 1902 2958 pinguedine
1932 2892 2065 2945 insi-

490 2985 625 3038 gues
661 2973 907 3038 invisuri,
967 2985 1145 3030 utrum
1197 2980 1368 3041 perite
1408 2994 1436 3031 a
1492 2980 1852 3037 domitoribus
1904 2997 2065 3037 exer-

489 3065 999 3136 ce:mtttr,bcneque
1057 3060 1365 3138 decurrant,
1391 3082 1445 3126 et
1499 3075 1750 3145 ephippia
1810 3076 2061 3141 tolerent,
2092 3110 2135 3166 ρ

492 3163 545 3206 ct
579 3157 761 3223 quieto
820 3159 995 3213 itineri
1032 3162 1141 3214 sint
1202 3163 1401 3227 idonei,
1439 3163 1596 3218 boum
1646 3167 1875 3236 denique
1940 3182 2065 3219 ιιι-ολ

490 3255 670 3298 torum
706 3248 1025 3304 incolumem
1051 3262 1248 3306 statum
1300 3264 1355 3308 et
1401 3249 1720 3321 cmterorum
1778 3260 1891 3313 sive
1946 3272 2066 3325 gre-

492 3350 618 3401 gum
645 3336 760 3390 sive
806 3349 1178 3394 armentorum
1232 3358 1245 3394 :
1293 3357 1467 3412 neque
1521 3344 1880 3413 incoogruum
1917 3347 2068 3401 dixe-

497 3426 597 3478 rim
626 3467 639 3492 ,
676 3427 721 3481 si
782 3429 928 3496 pallii
960 3446 1176 3500 quoque
1220 3442 1275 3488 et
1331 3436 1547 3500 tunicm,
1593 3437 1947 3507 aliorumque,
1974 3453 2068 3491 ve-

498 3518 878 3572 sdmentorum
938 3521 1181 3579 ﬁmbrias
1215 3533 1610 3580 etornamenta
1630 3527 1835 3596 reliqua
1876 3543 2069 3584 curare

496 3610 819 3676 viduantur;
849 3624 1034 3683 atque,
1062 3625 1119 3668 ut
1172 3632 1281 3672 uno
1309 3618 1475 3675 verbo
1516 3620 1715 3685 dicam,
1758 3622 2071 3691 temporalis

498 3716 760 3771 muneque
780 3706 967 3776 gloria:
997 3708 1235 3763 Studium
1266 3726 1328 3765 ac
1345 3727 1621 3782 pompam.
1652 3712 1861 3782 Quippe
1890 3726 2070 3770 mente

500 3790 643 3845 haud
683 3792 816 3848 bene
845 3798 1168 3866 cotltposita,
1208 3815 1393 3855 amore
1419 3802 1750 3856 caducarum
1783 3805 2073 3857 lluxarum-

500 3899 605 3953 quo
631 3900 807 3938 rerum
830 3889 971 3956 capti
992 3888 1139 3960 (nam
1164 3905 1266 3959 qua
1300 3893 1528 3962 quisque
1552 3908 1608 3947 re
1632 3894 1868 3961 capitur,
1893 3891 2068 3948 eidem

500 3977 717 4047 servit),
753 3994 934 4033 veram
958 3995 1023 4034 ac
1046 3980 1336 4035 salutarem
1363 3983 1545 4048 iidem,
1577 3983 1628 4037 id
1656 3994 1742 4037 est
1764 3999 1874 4038 rem
1904 3983 2072 4037 niaxi-

500 4083 669 4135 watn,
702 4071 864 4123 tenui.
903 4081 1305 4138 permutarunt.
1373 4073 1464 4127 Sic
1504 4073 1592 4127 isti
1662 4073 1918 4128 facillime
1969 4073 2073 4128 ini-

496 4174 732 4226 quorum
759 4160 1185 4215 insidiislrretiti
1216 4171 1373 4223 sunt.
1406 4177 1511 4215 non
1547 4177 1706 4217 secus
1732 4178 1795 4217 ac
1822 4163 1950 4218 ferae
1990 4163 2074 4218 la-

495 4251 657 4317 queis
686 4261 1002 4304 venatorum
1033 4252 1340 4321 capiuntur.
1369 4251 1532 4308 Certe
1563 4253 1726 4309 Paulo
1755 4254 1801 4286 ¹⁰
1827 4255 1923 4309 hos
1963 4270 2076 4310 ma-

498 4346 587 4407 gis
647 4342 833 4396 mirari
884 4342 1066 4396 liceret
1123 4359 1284 4413 quam
1319 4345 1565 4412 Galatas,
1602 4361 1699 4400 cur
1726 4356 1833 4400 tam
1879 4347 1986 4403 cito
2043 4363 2074 4402 a

2161 1869 2432 1922 ἐνεστῶτα
2478 1869 2509 1937 ἢ
2547 1869 2806 1938 μέλλοντα
2838 1869 2870 1939 ἢ
2903 1871 3078 1933 κτίσις
3122 1871 3305 1942 ἑτέρα,
3334 1871 3547 1940 ταύτης
3581 1874 3755 1941 ἀφελ-

2162 1978 2278 2015 κειν
2325 1960 2607 2029 δυνήσοιτο
2634 1973 2649 1989 ·
2707 1958 2964 2013 τοσοῦτον
3011 1961 3072 2016 τὸ
3128 1960 3334 2031 θερμὸν
3377 1963 3474 2015 τοῦ
3512 1963 3755 2034 φίλτρου

2162 2055 2257 2104 καὶ
2283 2051 2545 2121 διάπυρον
2581 2066 2595 2080 °
2645 2050 2739 2103 καὶ
2772 2050 3022 2121 ἀνάθεμα
3067 2047 3208 2110 εἶναι
3256 2053 3318 2105 τὸ
3372 2054 3757 2125 μετριώτερον

2162 2144 2270 2197 ἀπὸ
2315 2144 2573 2209 Χριστοῦ,
2604 2128 2859 2213 εὔχεσθαι
2914 2145 3197 2214 ἀπετόλμα
3231 2162 3243 2174 ·
3286 2140 3436 2200 οὗτοι
3496 2146 3558 2199 δὲ
3624 2148 3753 2201 οὐδὲ

2164 2235 2327 2306 μέχρι
2357 2235 2521 2306 ψιλῆς
2556 2233 2768 2305 ὕϐρεως
2815 2236 2954 2307 ὑπὲρ
3015 2236 3300 2301 εὐσεϐείας
3350 2239 3757 2309 κακοπαθῆσαι

2163 2328 2480 2404 προείλοντο
2513 2344 2527 2357 ο
2556 2326 2691 2380 me
2710 2327 2920 2392 τούτοις
2947 2330 3081 2382 πᾶσι
3101 2329 3315 2400 χαίρειν
3365 2332 3653 2395 εἰπόντες,
3682 2334 3754 2404 τῇ

2165 2422 2262 2492 ὕλῃ
2300 2400 2932 2493 μόνον’παρακάθηνται,
2960 2420 3056 2475 καὶ
3085 2425 3198 2485 τοῖς
3226 2406 3327 2492 τῆς
3374 2400 3756 2495 φιλοσαρκίαξ

2165 2513 2583 2585 βεϐαπτισμένοι
2631 2514 2880 2576 πάθεσιν,
2903 2512 3107 2593 ἥκιστά
3153 2531 3217 2581 γε
3261 2516 3360 2584 τὴν
3415 2517 3598 2587 φρένα
3633 2520 3755 2579 τοῖς

2164 2608 2275 2661 ἄνω
2304 2605 2595 2677 ἐρείδουσιν
2627 2622 2640 2634 ·
2673 2605 2746 2667 ὡς
2770 2605 3003 2674 τάχιστα
3024 2605 3206 2659 οἴκαδε
3235 2607 3749 2677 ἁποδραμούμενοι,

2163 2696 2306 2766 τάχα
2341 2697 2471 2759 τοὺς
2496 2696 2697 2765 ἀγροὺς
2727 2696 2822 2749 καὶ
2853 2699 2950 2760 τὰς
3004 2698 3231 2767 κτήσεις
3260 2697 3361 2761 τὰς
3416 2699 3749 2763 πολυτελεῖς

2166 2773 2601 2861 ἐπισκεψόμενοι,
2637 2790 2670 2861 ἢ
2706 2791 2804 2861 τὴν
2853 2790 3099 2859 ἄμπελον
3151 2792 3252 2862 τὴν
3301 2791 3752 2861 ἐπιθυμητὴνφῆ

2165 2885 2262 2957 τὴν
2288 2886 2385 2956 ὅση
2405 2885 2590 2946 αὐτοῖς
2622 2884 2692 2954 γῆ
2711 2882 2929 2954 θελητὴ,
2952 2884 3216 2954 ἀρόσιμός
3246 2900 3304 2935 τε
3336 2884 3433 2936 καὶ
3456 2884 3753 2953 ἀνειμένη,

2168 2980 2263 3032 καὶ
2288 2978 2413 3041 τοὺς
2443 2975 2653 3030 ἐκεῖθεν
2682 2976 3023 3046 πορισμοῦςς
3041 2977 3275 3036 πυκναῖς
3320 2975 3429 3026 τῶν
3457 2973 3755 3027 δακτύλων

2168 3070 2416 3142 κινήσεσι
2446 3066 2904 3137 λογιστεύσοντες,
2938 3068 2971 3138 ἢ
3004 3066 3110 3121 τῶν
3143 3066 3419 3120 ἐκλεκτῶν
3440 3065 3631 3118 ἵππων
3654 3065 3755 3119 καὶ

2168 3161 2407 3233 ἡμιόνων
2446 3160 2505 3214 τὸ
2552 3159 2781 3229 εὐχρουν
2821 3161 2909 3212 καὶ
2947 3156 3219 3228 εὔσαρκον
3269 3156 3668 3226 κατοψόμενοι,
3698 3157 3750 3210 si

2169 3253 2349 3316 καλῶς
2365 3256 2479 3316 τοῖς
2512 3253 2889 3321 πωλοδάμναις
2918 3250 3260 3322 ἠσκήθησαν,
3289 3250 3349 3303 τό
3386 3266 3446 3302 τε
3490 3248 3753 3320 πορεύσι-

2171 3361 2271 3416 μον
2295 3345 2389 3397 καὶ
2421 3342 2751 3411 εὐκάθεδρον
2778 3341 3187 3411 ὲποχουμένοις,
3217 3342 3313 3393 καὶ
3353 3341 3491 3411 πρὸς
3531 3337 3749 3412 ῥᾳστώ-

2169 3454 2268 3506 νην
2309 3434 2617 3506 ἐπιτήδειον
2647 3448 2661 3464 ⁶
2726 3432 2760 3504 ἢ
2823 3432 2934 3485 τῶν
2988 3430 3127 3502 βοῶν
3177 3431 3285 3484 τῶν
3343 3433 3639 3502 ἀροτήρων
3689 3430 3749 3482 τδ

2170 3525 2456 3589 εὐσταθὲς,
2491 3524 2720 3579 καὶτῶν
2749 3522 2924 3577 ἄλλων
2971 3522 3326 3594 θρεμμάτων,
3362 3523 3464 3575 ὅσα
3510 3523 3623 3574 τῶν
3662 3538 3747 3574 νο-

2174 3608 2351 3690 μαίων
2395 3618 2491 3670 καὶ
2544 3615 2818 3684 ἁγελαίων
2853 3615 2983 3669 ὅντα
3015 3614 3278 3683 τυγχάνει
3304 3630 3319 3644 ·
3349 3614 3451 3666 οὐκ
3498 3613 3752 3682 ἄκομψον

2169 3709 2229 3763 δὲ
2262 3709 2458 3771 εἰπεῖν,
2492 3708 2540 3758 εί
2574 3707 2649 3777 μὴ
2679 3705 2894 3773 καὶτῆς
2931 3703 3248 3775 ὲφεστρίδος
3276 3703 3372 3758 καὶ
3390 3702 3487 3756 τοῦ
3511 3703 3752 3771 χιτῶνος

2173 3801 2268 3853 καὶ
2313 3799 2421 3852 τῶν
2464 3797 2638 3851 ἄλλων
2685 3796 3045 3867 περιϐολαίων
3074 3792 3651 3863 διασπουδασθήσεται
3690 3794 3753 3847 τδ

2173 3890 2490 3961 εὐπάρυφον
2542 3889 2638 3943 καὶ
2676 3886 2967 3955 φιλόκαλον
2993 3903 3009 3920 ·
3043 3886 3138 3939 καὶ
3170 3886 3229 3938 τὸ
3253 3887 3365 3938 πᾶν
3415 3886 3616 3944 εἰπεῖν.
3652 3883 3753 3953 τῆς

2173 3980 2459 4051 παρούσης
2486 3977 2578 4031 καὶ
2605 3976 2767 4045 κενῆς
2785 3974 2945 4045 δόξης
2967 3972 3037 4026 τδ⁴
3047 3972 3344 4044 φιλότιμον
3369 3968 3753 4055 καὶιφιλόκομ-

2175 4087 2274 4124 πον
2304 4084 2319 4101 ⁸
2352 4070 2400 4123 οἳ
2439 4067 2633 4139 φρενὸς
2674 4066 2775 4120 οὐκ
2822 4065 2881 4118 ἐν
2921 4063 3075 4133 καλῷ
3127 4060 3434 4131 γενόμενοι,
3457 4058 3537 4128 τῷ
3586 4058 3753 4130 ἔρωτι

2174 4161 2282 4215 τῶν
2310 4160 2517 4230 οὐδαμῆ
2577 4155 2880 4227 ἱσταμένων
2920 4155 3016 4209 καὶ
3068 4151 3303 4224 ῥεόντων
3364 4148 3653 4219 σχεθέντες

2177 4251 2287 4322 γάρ
2318 4267 2401 4313 τις
2429 4250 2678 4320 ἥττηται,
2700 4247 2875 4316 τούτῳ
2897 4245 2988 4299 καὶ
3018 4240 3371 4308 δεδούλωται)
3406 4238 3589 4291 πίστει
3609 4238 3753 4290 εὐσε-

2181 4342 2267 4396 ϐεῖ
2323 4341 2419 4396 καὶ
2472 4339 2728 4409 σωτηρίῳ
2757 4377 2773 4401 ,
2838 4335 3013 4407 μικρά
3072 4330 3342 4402 μεγίστων
3408 4326 3748 4401 ὴλλάξαντο’

464 4464 469 4509 λ
504 4437 719 4491 ιικιιΙίῑίθ
746 4453 841 4508 per
874 4453 973 4493 nos
996 4440 1256 4494 doctrinis
1282 4439 1660 4506 discesserint,
1686 4448 1738 4496 et
1765 4442 1904 4496 datis
1929 4441 2064 4497 cmli-

2182 4434 2354 4499 οὕτως
2399 4433 2454 4487 οἵ
2500 4449 2562 4502 γε
2598 4431 2770 4502 ῥᾷστα
2824 4429 2945 4489 ταῖς
2992 4424 3194 4492 πάγαις
3246 4420 3356 4475 τῶν
3420 4420 3752 4489 παρανόμων

505 4538 595 4581 tus
625 4540 788 4599 atque
835 4547 865 4585 a
916 4530 1133 4586 Patrum
1165 4534 1492 4587 auctoritate
1537 4532 1738 4587 divinis
1769 4533 1941 4588 sacris
1991 4533 2079 4587 do-

459 4641 465 4647 -
506 4622 800 4687 paratibus,
853 4633 1017 4693 atque
1042 4624 1109 4678 ab
1145 4624 1354 4679 inilnito
1395 4633 1638 4691 tempore
1669 4623 1907 4678 stabilita
1961 4621 2075 4690 jam

463 4730 467 4767 ῖ
516 4721 668 4764 totum
693 4727 779 4773 me
809 4717 1200 4772 consuetudine
1227 4725 1281 4769 et
1316 4724 1460 4786 typo.
1499 4715 1684 4783 Neque
1725 4729 1854 4769 vero
1878 4713 1962 4766 vel
1991 4728 2080 4767 se-

507 4807 793 4872 quentium
844 4806 1130 4861 verborum
1183 4806 1591 4861 meminerunt:
1646 4802 1706 4859 Si
1766 4806 1884 4873 quis
1938 4804 2078 4857 vobis

509 4899 964 4967 n-rmgelizaverit,
995 4911 1185 4969 prwler
1211 4903 1264 4952 id
1292 4898 1431 4968 quod
1472 4898 1767 4967 accepistis,
1789 4897 2075 4950 anathema

505 4995 575 5053 ait
627 4990 692 5045 “.
725 4991 870 5046 Talis
910 4992 1092 5059 itaque
1121 4992 1348 5045 istorum
1402 4991 1640 5044 conditio
1687 4996 1851 5042 estet
1901 4995 2074 5040 tanto-

514 5100 638 5148 imre
666 5084 999 5139 calamitosa.

2186 4525 2453 4589 ἑάλωσαν,
2477 4522 2670 4575 ταυτὸν
2703 4516 3031 4578 πεπονθότες
3057 4510 3311 4583 καθάπερ
3349 4512 3446 4565 καλ⁵
3468 4511 3579 4563 τῶν
3607 4510 3751 4574 ζώων

2184 4604 2349 4679 ταείς
2375 4615 2551 4685 ἄγραν
2581 4612 2854 4680 ἁλώσιμα,
2888 4610 3000 4671 τοῖς
3029 4605 3245 4676 βρόχοις
3274 4604 3385 4655 τῶν
3418 4601 3750 4673 θηρευόντων

2187 4707 2383 4779 ῥᾳδίως
2436 4702 2924 4772 συλλαμϐανόμενα
2949 4699 3044 4750 --εἰ
3072 4695 3129 4748 δὲ
3170 4693 3271 4766 ἐξῇ
3304 4693 3507 4763 Παύλῳ
3545 4692 3748 4761 θαυμά-

2188 4798 2321 4863 ζειν,
2351 4798 2442 4851 ἐπὶ
2486 4795 2696 4858 τούτοις
2749 4792 2947 4864 μᾶλλον
2989 4792 3023 4863 ἢ
3076 4789 3347 4850 Γαλάταις
3401 4787 3745 4855 θαυμάσεται,

2191 4892 2307 4955 πῶς
2335 4890 2474 4944 οὕτω
2497 4889 2706 4958 ταχέως
2744 4882 3123 4956 μετατίθενται
3152 4883 3214 4932 ὲκ
3273 4878 3382 4931 τῶν
3420 4876 3572 4940 ἆπαξ
3629 4877 3749 4944 ἡμῖν

2189 4981 2623 5053 παραδοθέντων,
2653 4981 2746 5033 καὶ
2773 4975 2974 5029 ἄνωθέν
3021 4991 3081 5027 τε
3129 4972 3224 5025 καὶ
3256 4973 3321 5023 ἐκ
3351 4970 3609 5038 Πατέρων
3632 4982 3747 5017 κατ·

2189 5076 2376 5129 ιόντων
2431 5073 2589 5125 θείων
2645 5069 2741 5123 καλ⁸
2794 5066 2954 5137 ἱερῶν
3003 5063 3325 5134 δογμάτων,
3361 5061 3469 5113 κάκ
3509 5059 3606 5127 τῆς
3668 5057 3745 5109 ἐπ

511 5185 702 5261 χρόνον
731 5184 961 5239 ἄπλετον
980 5183 1384 5254 κεκρατηκυίας
1414 5183 1506 5236 καὶ
1527 5180 1887 5251 διαμενούσης
1915 5178 2201 5249 συνηθείας
2230 5177 2323 5232 καὶ
2348 5176 2351 5183 ’
2385 5177 2555 5228 τύπου
2578 5190 2592 5204 ’
2659 5172 2773 5225 ἀλλ’
2804 5170 2912 5224 οὐδ’
2982 5167 3049 5223 ἂν
3077 5170 3157 5230 εἷς
3229 5168 3465 5265 μνὴεξηξξ
3493 5162 3746 5265 ξωνλμξ

512 5242 687 5329 ταῦτα
719 5277 1027 5347 εἰρημένων
1049 5242 1221 5346 ᾔεσαν
1241 5291 1253 5304 ·
1281 5275 1353 5327 El
1369 5242 1460 5340 τις
1490 5242 1646 5344 ὑμᾶς
1661 5242 2098 5341 εὑαῃπε..ζίζὶςται
2138 5272 2273 5339 παρ’
2302 5270 2333 5324 ὃ
2384 5266 2767 5338 παρελάϐετε,
2826 5262 3092 5332 ἀνάθεμα
3117 5260 3291 5314 ἔστω.
3359 5251 3519 5308 Ἀλλὰ
3564 5244 3632 5299 τὰ
3660 5242 3746 5313 μὶν

512 5368 717 5418 coituri
750 5366 993 5431 τοιαῦτα,
1032 5368 1121 5419 καὶ
1146 5365 1316 5429 οὕτως
1345 5364 1542 5425 ἀθλίως
1565 5363 1775 5433 ἔχοντα.

597 5543 635 5566 ’⁵
674 5540 828 5596 Βηιιι.
860 5558 981 5605 \‘ttt,
1011 5543 1099 5597 59.
1179 5544 1220 5573 ¹⁹
1257 5542 1412 5595 llum.
1450 5558 1523 5605 ix,
1558 5540 1610 5592 5.

1688 5540 1732 5570 ²⁰
1757 5537 1930 5593 Cttlat.
1967 5554 1999 5602 ι,
2029 5537 2081 5590 6.

2161 5536 2200 5566 ¹¹
2243 5533 2371 5587 ibid.
2411 5532 2461 5586 9.

600 5688 713 5756 (δὲ)
744 5689 928 5743 Exstat
956 5694 1217 5747 sententia
1244 5695 1354 5748 luce
1384 5696 1435 5749 in
1472 5692 1794 5750 Ntziarzvni
1836 5695 2081 5749 oratione
2118 5690 2553 5764 quadragesima,
2598 5702 2651 5742 n.
2685 5685 2737 5751 8,
2771 5698 2887 5753 mue
2911 5690 2993 5739 εει
3023 5681 3086 5737 de
3116 5673 3404 5748 ῢπριὶδιποο
