3900 6148
67 331 210 399 σπι

1050 345 1621 408 APOLOGETICUS
1655 347 1807 409 PRO
1845 350 1950 410 SS.
1993 349 2471 412 IMAGINIBUS.

3282 344 3390 413 574

166 447 278 512 ιζ’.
322 448 446 502 Ἐπὶ
467 449 523 503 δὲ
548 450 672 515 τοὺς
699 454 1048 523 προεστῶτας
1078 457 1176 526 τῆς
1206 457 1462 522 ἀσεϐείας
1491 457 1584 511 τὸν
1616 457 1699 511 λῶ

1879 459 1968 514 l7.
2003 460 2111 516 Sed
2143 461 2252 530 jam
2275 462 2340 515 ad
2365 460 2525 531 hujus
2551 460 2826 515 hairescos
2845 459 3236 531 antesignanos
3258 477 3392 518 con-

72 557 199 607 γον
245 542 587 597 ἐπανακτέον
608 561 623 576 ο
670 548 898 599 σκοπεῖν
935 545 993 600 δὲ
1027 549 1204 618 χρεὼν
1224 590 1240 615 ,
1270 551 1319 602 εί
1354 549 1431 619 μὴ
1466 548 1561 602 καὶ
1591 550 1706 613 τοῖς

70 631 302 698 ἄλλοις
335 635 598 699 ὡσαύτως
637 637 970 708 ἀρμὸσεται·
1002 639 1193 711 ἐπειδὴ
1230 640 1412 693 τοίνυν
1449 639 1706 706 καθάπαξ

70 724 201 795 τῆς
242 727 507 796 ἀληθείας
535 728 971 798 ἀποσφαλέντες,
1004 733 1121 792 τοῖς
1146 733 1375 797 είκαίοις
1404 733 1585 788 αὐτῶν
1613 733 1705 788 λο-

71 823 336 889 γισμοῖς
372 819 653 891 τηνὰλλως
686 824 781 875 έπε
793 823 1090 894 ρειδόμενοι
1111 863 1125 887 ,
1157 827 1252 879 καὶ
1281 826 1404 879 ὅσον
1435 821 1570 899 ἧκεν
1607 827 1707 880 αὐ-

71 909 219 972 τοῖς
257 912 340 973 είς
366 910 599 980 δύναμιν
627 912 695 965 τὰ
723 912 900 982 ψευδῆ
932 913 1382 984 συμπλάσσονται
1402 954 1418 980 ,
1451 913 1704 984 καθῆκαν

74 1001 346 1065 ἑαυτοὺς
396 1003 492 1054 ἐπὶ
536 1002 797 1074 ζητήσεις
849 1005 1041 1076 μωρὰς
1089 1006 1185 1059 καὶ
1220 1005 1564 1072 ἀλλοκότους,
1609 1005 1706 1060 καὶ

80 1090 325 1159 μύθους
350 1093 619 1164 γραώδεις
645 1097 742 1149 καὶ
775 1096 1181 1169 βρεφοπρεττεῖς
1208 1097 1575 1164 ἀνελίσσουσι,
1605 1096 1705 1151 καὶ

76 1183 250 1237 πολὺ
296 1185 359 1237 τὸ
390 1186 719 1257 ἀσύμϐατον
765 1188 900 1258 πρός
941 1206 998 1242 τε
1032 1190 1262 1252 ἑαυτοὺς
1295 1190 1392 1244 καὶ
1420 1189 1521 1260 τὴν
1568 1189 1705 1260 ἀλή-

76 1273 269 1327 θειαν
301 1273 540 1345 ἔχοντες,
578 1276 975 1347 ἐξερευνῶντες
1009 1280 1390 1351 ὲξερευνήσεις
1420 1280 1577 1333 οὐδὲν
1602 1281 1702 1334 αὑ-

76 1367 660 1437 τοϊςκπροσηκούσας
682 1409 695 1428 .
742 1371 883 1442 μήτε
919 1370 955 1425 ἃ
981 1372 1204 1438 λέγουσι
1234 1372 1483 1435 νοοῦντες
1503 1412 1519 1437 ,
1563 1352 1703 1442 μήτε

79 1456 242 1523 περὶ
272 1454 439 1508 τίνων
470 1456 941 1525 διαϐεὸαιοῦνται,
981 1461 1068 1513 ἐπ’
1102 1461 1314 1533 ὀλέθρῳ
1345 1461 1403 1515 δὲ
1431 1462 1543 1515 τῶν
1573 1464 1699 1515 ἑαυο

78 1545 215 1601 τῶν
242 1546 441 1617 ψυχῶν
471 1549 566 1603 καὶ
589 1551 701 1603 τῶν
727 1551 1102 1622 ἀκροωμένων
1124 1551 1528 1625 ,ἐξευρημένας,
1554 1554 1701 1617 ὅπως

82 1638 177 1705 μὴ
217 1638 330 1706 τῆς
360 1640 570 1702 οἰκείας
593 1641 878 1706 ἀπωλείας
914 1642 1098 1713 μόνον,
1131 1645 1268 1697 ἀλλὰ
1297 1645 1571 1700 κάκείνων
1602 1645 1702 1716 τῆς

83 1730 321 1802 βλάϐης
354 1734 659 1788 ἀποτίσωσι
692 1735 881 1799 δίκας·
917 1731 989 1790 ὧν
1018 1741 1118 1809 τήν
1147 1756 1207 1791 τε
1241 1740 1443 1792 κακίαν
1473 1740 1570 1793 καὶ
1602 1740 1701 1809 τὴν

82 1822 395 1877 ἀπώλειαν
422 1826 491 1878 τὰ
521 1827 642 1896 ἱερὰ
674 1828 1153 1899 προανεκρούσατο
1175 1830 1363 1897 Λόγια·
1393 1831 1701 1901 ἁρμόσαιτο

85 1915 218 1986 γὰρ
253 1916 322 1970 ἄν
348 1934 433 1980 τις
462 1918 647 1981 αὐτοῖς
672 1921 767 1971 καὶ
790 1920 911 1972 λίαν
941 1921 1189 1983 ἐνδίκως,
1218 1916 1318 1974 ὧδέ
1345 1940 1461 1985 πως
1485 1922 1696 1992 ἔχοντα’

83 2006 358 2074 ὁπηνίκα
385 2008 497 2077 γὰρ
522 2011 550 2062 ὁ
579 2010 673 2062 τοῦ
709 2012 1045 2080 Εὐαγγελίου
1073 2010 1250 2083 κήρυξ
1274 2015 1368 2066 καὶ
1403 2014 1510 2066 τῶν
1539 2013 1700 2066 θείων

92 2100 503 2167 μυσταγωγὸς,
540 2102 650 2157 τῶν
680 2103 942 2156 τοιούτων
974 2104 1235 2175 προεώρα
1270 2105 1368 2173 τὴν
1409 2105 1607 2158 κακίαν
1642 2106 1702 2158 ὲν

88 2190 397 2260 Πνεύματι
426 2231 442 2255 ,
494 2196 810 2264 προφητικῇ
865 2194 1297 2265 προανεφώνησε
1346 2196 1563 2266 χάριτιο
1618 2198 1702 2249 ὅτι

89 2281 594 2334 Είσελεύσονται
624 2281 803 2334 λύκοι
830 2282 1043 2349 ,ϐαρεῖς
1071 2286 1157 2349 εἰς
1192 2281 1369 2353 ὑμᾶς,
1393 2285 1479 2352 μὴ
1502 2284 1715 2352 φειδόο-

79 2388 279 2440 μενοι
311 2372 425 2426 τοῦ
454 2374 757 2442 ποιμνίου,
788 2374 889 2426 καὶ
916 2373 984 2438 ἐξ
1010 2371 1179 2442 ὑμῶν
1206 2374 1406 2428 αὐτῶν
1428 2374 1699 2442 ἀναστή-

88 2481 331 2518 σονται
388 2462 605 2532 ἄνδρες
663 2466 1002 2531 λαλοῦντες
1055 2466 1494 2536 διεστραμμένα
1516 2507 1531 2532 ,
1594 2468 1703 2522 τοῦ

90 2553 411 2623 ἀποσπᾷν
439 2555 580 2622 τοὺς
615 2557 889 2625 μαθητὰς
922 2557 1116 2611 ὀπίσω
1143 2556 1364 2614 αὐτῶν.
1402 2559 1513 2613 Καὶ
1539 2559 1704 2614 πάλιν

92 2646 349 2717 ἑτέρωθί
373 2647 478 2700 πού
501 2665 688 2718 φησιν,
712 2648 794 2701 ὃτι
844 2652 909 2704 Οί
934 2650 1193 2704 τοιοῦτοι
1216 2650 1699 2719 ψευδοδιδάσκα-

90 2742 225 2803 λοι,
259 2738 507 2807 ἐργάται
535 2738 751 2805 δόλιοι,
771 2742 1421 2811 μετασχηματιζόμενοι
1445 2747 1532 2809 είς
1554 2745 1704 2798 ἀπο-

90 2830 384 2895 στόλους
410 2832 688 2899 Χριστοῦ·
724 2833 824 2885 καὶ
855 2834 926 2886 οὐ
969 2834 1346 2902 θαυμαστόν·
1379 2834 1564 2900 αὐτὸς
1592 2836 1704 2903 γὰρ
1744 2836 1753 2842 “

92 2927 131 2975 o’
165 2922 458 2989 Σατανᾶς
478 2925 1055 2994 μετασχηματίζεται
1082 2929 1167 2992 είς
1195 2925 1457 2995 ἄγγελον
1483 2928 1699 2995 φωτός.

96 3016 192 3067 Οὐ
229 3014 393 3084 μέγα
434 3011 551 3068 οὖν
577 3018 627 3069 εὶ
655 3016 755 3069 καὶ
780 3020 836 3070 οί
862 3016 1140 3071 διάκονοι.
1166 3017 1357 3071 αὐτοῦ
1394 3033 1704 3086 μετασχη-

1808 552 2101 608 vertendus
2138 566 2319 609 sermo
2349 560 2467 619 est;
2507 562 2671 620 atque
2696 567 2761 604 an
2797 551 2921 606 aliis
2951 554 3185 623 {quoque
3241 552 3390 607 siml-

1808 643 1933 699 liter
1986 644 2239 712 quadret,
2265 643 2746 698 considerandum.
2787 643 3081 711 Postquam
3117 642 3301 711 itaque
3354 660 3385 699 ο

1807 737 2037 790 veritate
2063 735 2232 789 semel
2257 735 2608 801 exciderunt,
2640 734 2794 788 vanis
2837 734 2954 789 suis
3011 734 3212 788 mentis
3244 749 3378 789 con-

1808 826 2053 896 ceptibus
2077 835 2281 881 temere
2311 825 2459 890 freti,
2503 839 2669 894 seque
2726 833 2874 878 t0tos
2923 823 3227 879 mendaciis
3283 824 3389 879 im-

1806 918 2061 979 buerant.
2085 917 2266 973 stultis
2314 916 2710 987 quaestionibus
2744 930 2809 970 sc
2836 915 3139 983 peregrinis
3173 930 3233 969 se
3276 923 3384 969 trs-

1808 1009 1963 1072 dunt,
2014 1007 2333 1077 tabulasque
2378 1006 2564 1070 ,aniles
2617 1022 2682 1061 ac
2732 1005 2969 1077 pueriles
3015 1014 3253 1071 struunt,
3292 1020 3388 1061 ne-

1805 1113 1912 1168 que
1963 1112 2148 1152 secum
2196 1097 2295 1167 ipsi
2328 1111 2503 1166 neque
2544 1112 2668 1150 cum
2731 1096 2963 1150 veritate
3000 1099 3385 1165 congruentes,

1806 1198 2119 1243 scrutantes
2148 1188 2515 1244 scrutationes
2571 1203 2692 1258 qua
2762 1188 2901 1243 nihil
2976 1187 3043 1241 ad
3073 1188 3217 1256 ipsos
3261 1201 3386 1256 per-

1808 1281 2028 1344 tinent,
2080 1296 2256 1350 neque
2312 1282 2457 1351 quod
2529 1281 2683 1335 aiunt
2742 1279 3152 1349 intelligentes,
3207 1293 3386 1346 neque

1805 1369 1950 1439 quod
1975 1369 2281 1435 aliirmant;
2314 1371 2664 1440 quaestiones,
2700 1370 2947 1440 inquam,
2981 1372 3048 1423 ad
3078 1370 3381 1439 perniciem

1805 1479 2025 1518 suarum
2075 1463 2381 1517 animarum
2431 1472 2486 1516 et
2521 1462 2861 1517 audientiqu
2909 1463 3271 1534 excogitatas,
3330 1469 3388 1512 ut

1805 1572 1911 1609 non
1957 1564 2309 1610 sitaetautum
2359 1553 2703 1624 perditionis,
2755 1568 2951 1617 ,verum
3001 1553 3167 1606 etiam
3224 1550 3384 1604 alieni

1803 1644 1986 1700 damni
2012 1659 2205 1712 poenas
2238 1645 2408 1699 deut:
2450 1658 2686 1713 quorum
2741 1643 3006 1697 malitiam
3059 1652 3113 1697 et
3160 1639 3385 1696 exitium

1806 1752 1956 1791 sacra
1994 1736 2212 1790 oracula
2236 1735 2441 1806 jamdiu
2474 1735 2899 1804 castigat/erunt,
2927 1749 3048 1803 quas
3107 1732 3237 1803 ipsis
3263 1730 3386 1800 jure

1804 1828 2008 1895 optimo
2038 1825 2435 1881 accommodari
2470 1835 2698 1895 Qtteunt,
2729 1834 2893 1893 atque
2918 1826 2991 1878 ita
3024 1822 3140 1877 fere
3187 1838 3245 1877 se
3290 1822 3385 1876 lia-

1802 1921 1950 1972 lient.
1983 1918 2117 1973 Cum
2142 1918 2285 1971 enim
2314 1915 2589 1986 Evangelii
2625 1931 2828 1985 praeco,
2864 1927 2920 1970 et
2951 1917 3262 1970 divinarum
3296 1927 3385 1967 re-

1804 2016 1922 2063 rum
1986 2009 2263 2076 magister,
2310 2007 2691 2076 praedictorum
2754 2007 3132 2061 malitiam-in
3190 2000 3385 2074 spiritu

1802 2103 2165 2172 praevidisset,
2193 2100 2507 2170 preplietico
2530 2100 2776 2168 praecinit
2793 2100 3051 2153 instinctu
3072 2096 3385 2151 :Intrabunt

1803 2195 1942 2248 inter
1966 2210 2053 2247 vos
2090 2192 2200 2261 lupi
2230 2190 2431 2259 infesti,
2455 2205 2557 2243 non
2593 2201 2866 2259 parcentes
2911 2190 3072 2260 gregi.
3108 2186 3171 2241 Et
3205 2204 3269 2241 ea:
3301 2204 3386 2240 υο-

1803 2287 1881 2339 bis
1907 2287 2031 2352 ipsis
2067 2295 2345 2353 exsurgant
2366 2285 2463 2337 viri
2518 2300 2755 2351 perrersa
2812 2283 3097 2352 loquentes,
3130 2291 3185 2333 ut
3218 2279 3387 2332 abdu-

1803 2387 1923 2430 cant
1953 2375 2237 2444 discipulos
2267 2385 2381 2443 post
2403 2392 2457 2429 se
2480 2376 2546 2429 “.
2568 2356 2883 2442 Rursusque
2923 2372 3051 2425 alibi
3071 2373 3145 2424 ait
3172 2388 3186 2424 :
3220 2366 3389 2439 Ejus-

1802 2468 1943 2521 modi
1975 2466 2096 2535 falsi
2120 2466 2382 2534 magistri,
2407 2468 2635 2535 operarii
2671 2464 2901 2531 subdoli,
2941 2463 3388 2530 transﬁgurantes

1803 2576 1858 2613 se
1889 2560 1943 2612 in
1974 2561 2238 2627 apostolos
2292 2556 2511 2612 Christi.
2548 2557 2731 2627 Neque
2757 2557 2809 2609 id
2840 2556 3068 2618 mirum;
3099 2555 3208 2622 ipse
3246 2555 3386 2608 enim

1805 2648 2039 2704 Satanas
2066 2651 2441 2721 _transﬁgurat
2475 2667 2529 2703 se
2566 2650 2619 2701 in
2649 2648 2891 2717 angelum
2948 2646 3103 2699 lucis.
3142 2643 3267 2698 Non
3307 2652 3389 2699 est

1803 2757 1924 2810 ergo
1948 2757 2218 2810 magnum,
2244 2742 2295 2795 si
2321 2740 2548 2794 ministri
2572 2756 2773 2808 quoque
2803 2738 2918 2807 ejus
2942 2754 2996 2790 se
3028 2737 3083 2789 in
3118 2736 3388 2789 ministros

1780 2833 1960 2886 oveluti
1990 2832 2207 2896 iustitire
2237 2831 2624 2899 transﬁgurant
2649 2846 2910 2897 ;quorum
2933 2828 3057 2895 ﬁnis
3077 2828 3178 2880 erit
3201 2842 3389 2881 secun—

1804 2928 1927 2980 dant
1961 2943 2119 2996 opera
2141 2942 2325 2979 eorum
2361 2926 2426 2981 ”.
2455 2923 2647 2977 Nonne
2669 2923 2924 2991 Spiritus,
2954 2922 3151 2989 inquit,
3180 2921 3389 2975 diserte

1808 3018 1886 3072 ait
1916 3032 1927 3066 ε
1977 3016 2604 3087 Extremirtemporibns
2637 3014 2903 3068 discedent
2935 3013 3150 3082 quidam
3180 3030 3211 3065 a
3258 3012 3389 3080 ﬁde,

87 3104 459 3173 ματίζονται
478 3106 558 3172 ὡς
578 3105 847 3163 διάκονοι
876 3107 1295 3185 δικαιοσύνης,
1314 3101 1403 3162 ὧν
1430 3108 1498 3162 τὸ
1525 3108 1699 3175 τέλος

1809 3109 2004 3164 erroris
2032 3108 2306 3178 spiritibus
2352 3109 2703 3172 attendentes,
2731 3114 2779 3160 et
2801 3106 3057 3160 doctrinis
3088 3104 3388 3157 demonia-

94 3198 287 3251 ἔσται
309 3194 463 3249 κατὰ
485 3200 556 3249 τὰ
578 3197 725 3267 ἔργα
747 3196 968 3255 αὐτῶν.
999 3198 1070 3251 Ἢ
1096 3200 1219 3269 οὐχὶ
1245 3199 1339 3252 καὶ
1359 3198 1422 3252 τὸ
1452 3197 1698 3269 Πνεῦμα,

96 3287 281 3356 φησὶ,
337 3286 517 3357 ῥητῶς
569 3287 754 3356 λέγει,
811 3289 896 3342 ὅτι
978 3290 1080 3344 Ἑν
1132 3289 1414 3358 ὑστέροις
1472 3289 1703 3358 καιροῖς

93 3378 583 3458 ἀποστήσονταί
605 3397 768 3447 τινες
795 3378 908 3449 τῆς
949 3381 1213 3448 πίστεως
1233 3421 1248 3445 ,
1295 3381 1702 3449 προσέχοντες

93 3471 423 3540 πνεύμασι
456 3471 718 3540 πλάνης,
753 3474 852 3528 καὶ
884 3472 1304 3540 διδασκαλίαις
1344 3473 1699 3542 δαιμονίων,

91 3566 172 3617 ἐν
236 3565 560 3632 ὑποκρίσει
613 3564 1031 3633 ψευδολόγων,
1095 3553 1703 3634 κεκαυτηριασμένων

91 3654 237 3725 τῆν’
264 3656 427 3710 ίδίαν
454 3657 851 3723 συνείδησιν;
874 3657 985 3709 Καὶ
1019 3655 1197 3724 αὖθις,
1229 3657 1312 3710 ὅτι
1388 3660 1489 3711 Ἐν
1515 3655 1702 3725 ἐσχά-

92 3764 241 3812 ταις
268 3746 519 3814 ἡμέραις
552 3746 963 3813 ἐνστήσονται
984 3747 1177 3814 καιροὶ
1210 3746 1493 3814 χαλεποί·
1522 3747 1702 3801 ἔσον-

92 3855 206 3891 ται
240 3838 441 3906 γὰροοί
474 3838 775 3906 ἄνθρωποι
807 3838 1112 3908 φίλαυτοι,
1142 3837 1522 3907 φιλάργυροι,
1556 3839 1701 3894 ἀλα.

93 3929 305 3995 ζόνες,
341 3928 737 3998 ὑπερήφανοι,
769 3924 1133 3999 ,βλὶὶσφημοι
1156 3966 1172 3992 ,
1213 3929 1499 3999 γονεῦσιν
1527 3931 1699 3985 ἀπει-

92 4021 267 4086 θεῖς,
301 4020 617 4089 ἀχάριστοι
637 4063 653 4086 ,
704 4022 961 4087 ἀνόσιοι,
1007 4022 1291 4091 ἄστοργοι
1313 4060 1328 4084 ,
1362 4020 1658 4075 ἄσπονδοι
1681 4061 1697 4087 ,

90 4114 409 4175 διάϐολοι,
442 4113 757 4182 ἀκρατεῖς,
793 4112 1101 4182 ἀνήμεροι,
1133 4111 1515 4182 ἀφιλάγαθοι.
1551 4127 1697 4181 προ⁸

90 4204 307 4269 δόται,
348 4202 658 4270 προπετεῖς
680 4242 697 4268 ,
726 4204 1150 4273 τετυφωμένοι,
1184 4201 1506 4271 φιλήδονοι
1541 4201 1697 4271 μίὶλ-

92 4299 228 4348 ,ιον
259 4293 299 4361 ἢ
349 4295 651 4362 φιλόθεοι,
697 4293 944 4362 ἔχοντες
981 4295 1298 4363 μόρφωσιν
1344 4295 1695 4361 εὐσεϐείας,

93 4386 227 4455 τὴν
251 4386 324 4440 δὲ
352 4386 612 4457 δύναμιν
642 4387 830 4457 αὐτῆς
860 4387 1208 4457 ἠρνημένοι.
1243 4418 1313 4430 --
1340 4390 1442 4442 ’ον
1471 4392 1699 4457 τρόπον

1807 3216 1947 3265 rum,
1990 3199 2048 3253 in
2105 3200 2372 3269 hypocrisi
2419 3198 2561 3267 falsa
2621 3197 2967 3266 loquentium,
3010 3194 3388 3249 conscientiam

1805 3309 1955 3349 suam
1982 3294 2333 3346 cauteriatam
2369 3293 2676 3346 habentium
2710 3290 2778 3344 ".
2813 3288 2880 3343 Et
2907 3289 3083 3344 denuo
3134 3305 3148 3341 :
3187 3283 3388 3341 Novis-

1803 3386 1952 3441 simis
1991 3384 2175 3439 diebus
2204 3386 2476 3438 instabunt
2517 3394 2749 3451 tempora
2799 3397 3005 3448 aspera.
3042 3378 3212 3431 Erunt
3250 3378 3388 3431 enim

1804 3478 2037 3532 homines
2089 3480 2172 3530 sui
2216 3486 2471 3537 amantes,
2516 3474 2717 3543 cupidi,
2756 3472 2909 3535 elati;
2954 3470 3199 3537 superbi,
3245 3466 3386 3519 blas-

1801 3571 2000 3639 phemi,
2044 3569 2346 3635 parentibus
2398 3583 2501 3620 non
2550 3565 2866 3627 obedientes,
2900 3562 3116 3633 ingrati,
3159 3558 3389 3619 scelesti,

1801 3664 1913 3717 sine
1963 3663 2258 3731 affectione,
2306 3660 2479 3729 inﬁdi,
2536 3659 2926 3722 criminatores,
2966 3655 3387 3713 incontinentes,

1801 3754 2054 3818 immites,
2077 3753 2190 3805 sine
2228 3751 2572 3820 benignitate,
2613 3749 2932 3817 proditores,
2988 3745 3239 3813 protervi,
3302 3749 3388 3793 tu-

1802 3844 1960 3911 midi,
1980 3844 2308 3911 voluptatum
2342 3841 2511 3910 magis
2537 3855 2694 3908 quam
2723 3837 2819 3893 Dei
2838 3845 3130 3899 amatores,
3156 3835 3382 3902 speciem

1800 3939 2009 4008 quidem
2055 3936 2260 4004 pietatis
2309 3933 2573 3997 habentes,
2636 3932 2727 3985 sed
2774 3931 3021 3984 virtutem
3056 3929 3171 3997 ejus
3219 3933 3386 3986 abne-

1806 4038 1987 4100 gantes
2022 4029 2089 4083 ³⁵.
2126 4054 2201 4067 -
2229 4023 2685 4090 Quemadmodum
2731 4035 2903 4077 autem
2965 4022 3165 4076 Janncs
3228 4031 3388 4093 atque

1802 4118 2047 4173 Jambres
2074 4117 2250 4188 Moysi
2270 4118 2694 4178 adeersatisunt,
2714 4114 2790 4169 sic
2809 4125 2855 4167 et
2882 4114 2972 4167 isti
2991 4114 3198 4167 veritati
3227 4129 3386 4182 repu-

1800 4220 1961 4281 gnant
1994 4228 2012 4266 :
2050 4218 2310 4279 corrupta:
2377 4207 2567 4262 mentis
2615 4205 2874 4270 homines,
2900 4214 2950 4259 et
3011 4204 3214 4273 reprobi
3238 4205 3387 4260 circa

1800 4306 1978 4376 ﬁdem.
2014 4301 2117 4358 Sed
2163 4299 2305 4355 ultra
2355 4317 2455 4353 non
2475 4294 2754 4367 proﬁcient
2778 4312 2796 4351 :
2821 4298 3053 4365 ipsorum
3089 4295 3230 4350 enim
3265 4309 3389 4353 ma-

1802 4396 1997 4461 nifesta
2032 4392 2130 4446 erit
2156 4388 2688 4455 cunctisinsipientia,
2709 4389 2841 4441 sicut
2861 4397 2908 4440 et
2939 4386 3150 4439 illarum
3173 4386 3289 4454 fuit
3311 4387 3379 4442 “.

92 4480 173 4533 es
222 4481 470 4547 Ἰαννὴς
507 4481 604 4534 καί
659 4481 937 4550 Ἰαμϐρῆς
964 4481 1356 4548 ἀντέστησαν
1383 4479 1464 4545 τῷ
1483 4479 1695 4559 Μωσῇ,

1805 4484 2123 4553 Rursusque
2172 4481 2278 4535 alio
2338 4480 2457 4535 loco
2491 4497 2505 4534 :
2539 4478 2876 4546 Conﬁtentur
2902 4493 2957 4531 se
2989 4475 3165 4531 nosse‘
3197 4475 3382 4541 Deum,

95 4573 268 4628 οὔτω
308 4570 409 4624 και
437 4567 603 4626 οὗτοι
627 4564 1015 4639 ἀντέστησαν
1048 4570 1120 4640 τῇ
1150 4571 1402 4639 ἀληθείᾳ
1424 4588 1440 4605 ο
1475 4572 1698 4641 ἀνθρωο

95 4679 214 4715 ποι
244 4661 720 4730 κατεφθαρμένοι
753 4662 862 4714 τὸν
892 4662 1073 4722 νοῦν,
1104 4662 1377 4731 ἀδόκιμοι
1419 4663 1551 4731 περὶ
1596 4664 1695 4717 ,ττί⁸

95 4766 270 4805 στιν·
315 4751 454 4804 ἀλλ’
488 4754 560 4804 οὐ
600 4752 1025 4821 προκόψουσιν
1063 4752 1160 4806 ἐπὶ
1210 4752 1455 4807 πλεῖον·
1505 4756 1541 4822 ἡ
1588 4756 1698 4824 γὰρ

94 4845 290 4897 ἄνοια
324 4843 529 4896 αὐτῶν
555 4842 816 4912 ἔκδηλος
848 4843 1020 4898 ἔσται
1049 4843 1241 4898 πᾶσιν
1259 4884 1274 4909 ,
1301 4847 1382 4909 ὡς
1405 4845 1699 4898 κάκείνων

93 4932 373 5003 ἐγένετο.
407 4934 515 4986 Καὶ
554 4934 719 4987 πάλιν
754 4934 1018 5003 ἀλλαχόθι
1046 4950 1058 4962 ·
1114 4933 1263 4987 Θεὸν
1293 4935 1699 5003 ὁμολογοῦσιν

94 5024 335 5081 εἰδέναι
354 5064 370 5089 ,
397 5024 524 5091 τοῖς
561 5025 628 5079 δὲ
657 5025 857 5094 ἔργοις
886 5027 1232 5094 ἀρνοῦνται,
1273 5026 1564 5096 ,βδελυροὶ
1597 5028 1695 5081 καὶ

95 5116 399 5183 ἀπειθεῖς,
422 5118 691 5186 καὶπρὸς
710 5117 834 5173 πᾶν
858 5119 1289 5189 ἔργον-ἀγαθὸν
1312 5122 1603 5188 ἀδόκιμοι.
1629 5151 1698 5160 -—

106 5211 180 5262 Et
210 5206 284 5259 δὲ
310 5207 409 5261 καί
436 5209 775 5277 συγχωροίη
805 5208 904 5261 καὶ
930 5208 1168 5276 παρίδοι
1200 5210 1343 5274 Θεὸς
1368 5211 1700 5278 προλείψειν

97 5295 376 5362 ἀσεϐεῖς,
407 5297 508 5351 καὶ
533 5301 565 5352 ό
594 5301 780 5367 λόγος
811 5297 1013 5352 αὐτῶν
1036 5300 1117 5364 ὡς
1149 5299 1474 5367 γάγγραινα
1499 5298 1694 5367 νιμὶιν

97 5389 257 5467 ἕξει,
289 5389 388 5442 καί
414 5389 827 5458 ἀνατρέπουσι
860 5391 973 5457 τήν
1006 5407 1186 5443 τινων
1213 5393 1423 5442 πίστιν
1443 5408 1454 5420 ο
1489 5395 1521 5444 ὁ
1549 5391 1694 5459 μὲν-

98 5500 198 5538 τοι
226 5479 480 5548 στερεὸς
506 5481 778 5549 θεμέλιος
800 5480 906 5534 τοῦ
936 5482 1084 5535 Θεοῦ
1107 5481 1368 5549 ἕστηκεν
1396 5482 1553 5552 ἔχων
1580 5484 1697 5551 τὴν

192 5663 239 5693 τ’
267 5662 387 5714 Act.
421 5676 511 5723 ιιι,
542 5659 631 5713 29.
711 5660 756 5690 ’³
784 5657 824 5712 ll
856 5660 978 5713 Cor.
1014 5677 1086 5725 ιιι,
1124 5661 1208 5721 15,
1238 5661 1322 5714 lii.

109 5730 153 5764 "'
199 5732 241 5787 ll
276 5729 418 5785 Tim.
451 5746 509 5797 ιι,
550 5728 733 5783 lli-I9.
780 5728 857 5765 ¹²⁹
896 5729 936 5782 ll
978 5731 1117 5784 'l‘im.
1152 5747 1232 5796 ιιι,
1274 5733 1352 5784 15.

1802 4574 1958 4644 factis
1992 4582 2184 4642 .autem
2234 4579 2443 4638 negant,
2488 4566 2844 4631 detestabiles,
2888 4564 3173 4623 increduli.
3203 4575 3250 4617 et
3312 4566 3383 4616 ιιιί

1807 4663 1964 4736 165
1993 4663 2210 4732 quodvis
2236 4676 2364 4726 opus
2397 4660 2586 4711 bonum
2641 4656 2907 4725 reprobati
2938 4656 3004 4708 ’⁷.
3039 4684 3109 4694 ——
3157 4651 3301 4706 Nam
3334 4652 3383 4707 si

1802 4758 1940 4810 Deus
1970 4755 2109 4806 sinat
2141 4751 2538 4820 (lissintuletqtte
2572 4750 2759 4819 impios
2797 4749 3062 4818 progredi,
3099 4762 3270 4801 sermo
3293 4760 3384 4799 eo-

1802 4866 1916 4901 rum
1949 4845 2107 4901 veluti
2136 4858 2325 4897 cancer
2361 4842 2523 4895 latius
2550 4852 2738 4908 serpet,
2768 4852 2814 4894 et
2837 4840 3187 4908 quorumdam
3220 4836 3387 4903 ﬁdem

1801 4940 2083 4993 subvertet.
2122 4938 2188 4987 At
2230 4935 2441 5002 ﬁrmum
2501 4933 2596 4985 Dei
2633 4932 3036 5002 fundamentum
3092 4934 3189 4980 hoc
3221 4928 3375 4978 habet

1799 5030 2178 5100 signaculum:
2220 5026 2468 5099 Cognovit
2516 5025 2770 5079 Dominus
2811 5024 2901 5092 qui
2944 5029 3065 5100 sunt
3102 5019 3236 5087 ejus.
3270 5016 3385 5077 Et;

1800 5121 2052 5186 Discedat
2095 5116 2159 5170 ab
2206 5117 2489 5186 iniquitate
2543 5116 2712 5168 omnis
2745 5113 2835 5181 qui
2885 5111 3121 5164 nominat
3190 5120 3380 5159 nomen

1800 5212 2015 5265 Domini
2041 5210 2111 5263 ³⁸.
2145 5207 2213 5264 Ει
2244 5226 2257 5263 :
2310 5206 2442 5262 Mali
2477 5218 2658 5260 autem
2709 5202 2946 5256 homines
2990 5209 3039 5254 et
3075 5201 3376 5271 seductores

1800 5303 2074 5369 proﬁcient
2092 5304 2145 5355 in
2171 5300 2344 5370 pejus,
2365 5309 2601 5353 errantes
2627 5307 2675 5351 et
2703 5298 2756 5349 in
2771 5310 3001 5349 errorem
3025 5291 3288 5345 mittentes
3309 5287 3377 5343 ⁸⁸.

1805 5393 2047 5459 Quorum
2103 5393 2346 5447 misereri
2388 5391 2566 5445 sulere
2600 5387 2791 5453 Deum,
2819 5396 2871 5440 et
2905 5382 3377 5453 Iongauimitatent

1804 5499 1959 5538 suam
1991 5462 2116 5554 erga
2141 5499 2237 5538 cos
2263 5481 2570 5544 ostendere,
2600 5480 2823 5544 scimus,
2857 5477 2931 5530 ita
2962 5486 3020 5530 ut
3040 5488 3164 5530 scro
3185 5472 3380 5532 saltem

1402 5661 1487 5716 “I
1521 5664 1662 5720 Tim.
1692 5681 1699 5718 l

1811 5665 1882 5731 ,2.
1927 5667 1970 5697 ’⁵
1993 5664 2031 5719 ll
2066 5664 2207 5720 Tim.
2240 5680 2324 5731 ιιι,
2358 5664 2470 5719 1-5.
2551 5665 2594 5694 ’⁸⁵
2631 5661 2761 5719 ibid.
2790 5661 2845 5728 8,
2868 5660 2921 5717 9.
3001 5660 3042 5691 ⁸⁷
3070 5657 3178 5719 Tit.
3205 5675 3246 5727 ι,
3279 5656 3373 5721 16,
