3918 6152
495 176 601 239 579

1515 169 1575 228 S.
1615 163 2033 229 NICEPHORI
2069 163 2575 226 PATRIARCH/E
2613 163 2724 226 ΕΡ.

3655 167 3784 228 530

499 287 728 341 invisum
747 257 953 339 crimen
969 281 1282 352 imponunt.
1304 276 1594 346 Obstupuit
1621 274 1690 329 ad
1706 275 1822 329 haec
1847 272 2065 333 malum,

2180 269 2379 334 ἱπασι,
2417 271 2476 324 τὸ
2527 270 2697 340 μῦσος
2739 271 3166 340 ἐπιγράφονταιο
3217 272 3408 345 ἐξέστη
3446 275 3476 328 ὁ
3517 277 3777 349 οὐρανὸς

443 393 451 406 ι
497 387 553 430 et
590 385 732 430 terra
749 375 1110 429 vehementer
1139 369 1440 427 cohorruit.
1485 368 1617 434 Quis
1653 369 1796 422 enim
1827 365 1940 420 haec
1971 377 2066 432 pa-

503 469 702 523 tienter
753 465 976 522 audiat?
1017 463 1206 520 Utrum
1256 461 1606 528 blasphemiae
1637 456 2063 526 magnitudinem

501 560 908 630 perhorrescat,
944 571 1012 610 an
1057 553 1302 609 stultitia:
1339 565 1620 607 excessum
1645 547 1821 602 ?-Non
1857 546 2068 601 haben-

503 660 589 704 tes
621 663 750 702 vero
779 646 923 700 unde
977 645 1312 714 impietatem
1361 650 1567 696 tantam
1617 639 2068 704 mendaciumque

500 739 843 798 conﬁrment.
925 738 992 791 ad
1071 737 1341 806 quoddam
1399 733 1702 805 irreligiosc
1765 740 1822 786 et
1876 739 2065 785 contra

502 845 718 884 omnem
769 829 1084 884 canonicam
1139 825 1378 893 regulam
1421 835 1808 894 congregatum
1863 825 1930 874 ab
1977 821 2070 875 illo

504 919 890 992 (Copronymo)
918 920 1170 974 invisum‘
1191 917 1303 972 Deo
1342 915 1736 986 profanumque
1756 912 2068 986 synedrium

502 1015 860 1083 confugiunt;
893 1009 1074 1065 simile
1098 1009 1229 1080 quid
1285 1007 1548 1064 facientes
1589 1008 1730 1078 quod
1769 1007 1897 1061 olim
1923 1019 2071 1062 vete-

503 1119 591 1159 res
622 1103 862 1158 nonnulli
891 1101 1118 1165 ethnici,
1151 1099 1314 1154 ell‘ato
1349 1099 1427 1154 illi
1459 1097 1584 1169 Ipse
1617 1099 1754 1153 dixit
1787 1099 2071 1154 adhaeren-

505 1205 585 1251 tes
627 1195 730 1249 ltoc
759 1194 980 1248 honoris
1017 1208 1188 1262 genus
1227 1193 1492 1262 magistro
1543 1192 1868 1256 tribuentes.
1915 1186 2072 1242 Hanc

503 1285 774 1355 appellare
822 1283 1086 1354 synodum
1135 1281 1284 1334 stulti
1325 1295 1429 1335 non
1475 1281 1807 1334 erubescunt
1869 1296 1884 1332 :
1949 1291 2072 1346 quae

499 1383 652 1428 certe
681 1370 728 1426 si
753 1372 824 1423 ita
871 1369 1192 1438 appellanda
1223 1377 1329 1431 est,
1371 1370 1654 1423 audiamus
1681 1368 1811 1438 quid
1853 1367 1918 1422 de
1954 1369 2070 1437 ipsa

501 1465 765 1534 propheta
799 1460 943 1534 dicat
975 1478 988 1514 :
1019 1459 1262 1534 Synodus
1293 1463 1802 1528 praevaricator-um;
1836 1461 2076 1516 intende-

505 1561 627 1604 runt
663 1532 896 1620 lingudm
923 1567 1073 1604 suam
1128 1561 1182 1604 ut
1247 1567 1470 1616 arcum,
1525 1551 1858 1606 mendacium
1888 1561 1935 1606 et
1965 1567 2072 1606 non

503 1642 636 1710 ﬁdes
663 1641 934 1711 ρτωιοαίιιίι
981 1643 1034 1696 iu
1068 1643 1290 1696 terra“.
1321 1641 1592 1698 Festivius
1631 1651 1813 1697 autem
1843 1642 1983 1697 hanc
2026 1642 2072 1698 si

504 1731 629 1798 quis
672 1739 1012 1797 nuncuparet
1066 1729 1538 1802 Coprosyuodum,
1609 1731 1750 1786 haud
1819 1731 2076 1788 indecore

504 1822 708 1877 laceret
761 1830 983 1890 propter
1048 1829 1378 1876 stercoreum
1423 1822 1776 1878 convooautis
1831 1823 2073 1878 studium

505 1913 842 1982 multumque
906 1914 980 1968 ibi
1046 1913 1332 1969 collectum
1390 1915 1686 1970 stultorum
1755 1929 2070 1972 sermonum

491 2001 751 2070 ‘letorem,
787 2005 1010 2061 multam
1039 2022 1256 2076 quoque
1281 2008 1515 2078 superbe
1547 2007 1858 2078 loquentem
1900 2009 2078 2063 medi-

507 2105 818 2168 tantemque
881 2099 1244 2166 iniquitatem,
1303 2113 1426 2170 qua:
1481 2115 1815 2170 magnopere
1881 2109 2074 2156 contra

505 2187 782 2260 Unigeniti
839 2189 1064 2259 gloriam
1109 2189 1426 2253 allatravit;
1461 2191 1659 2260 quibus
1693 2191 1874 2260 pejora
1905 2191 2078 2246 male-

504 2281 674 2346 dicta,
721 2299 786 2333 ne
830 2281 874 2334 is
907 2282 1126 2350 quidem
1185 2283 1278 2350 qui
1345 2281 1558 2337 illorum
1617 2299 1717 2340 ore
1755 2284 2078 2354 loquebatur

507 2372 767 2438 Satanas,
787 2384 1038 2426 ernctare
1057 2373 1314 2436 auderet;
1340 2375 1540 2428 etenim
1572 2375 1864 2444 plurimum
1885 2375 2078 2431 Eccle-

505 2464 600 2516 siae
633 2463 974 2532 dogmatibus
1033 2471 1090 2517 et
1124 2463 1398 2532 mysteriis
1435 2464 1591 2534 167
1635 2466 1840 2520 nostris
1867 2475 2080 2520 contra-

506 2556 710 2608 dictum
737 2553 858 2611 luit.
902 2553 1085 2608 Nihilo
1133 2563 1312 2608 tanton
1363 2558 1543 2608 minus
1573 2557 1674 2610 ltoc
1713 2557 1976 2625 impietati
2023 2566 2079 2612 et

511 2645 792 2699 mendacio
824 2643 1013 2697 favens
1068 2643 1512 2706 conciliabulum,
1555 2645 1793 2714 synodus
1845 2647 1912 2698 ab
1943 2643 2078 2712 ipsis

507 2743 850 2804 nuncupatur
886 2721 908 2788 ἔ
928 2732 1080 2802 cujus
1134 2748 1354 2789 caenosa
1402 2733 1625 2789 decreta
1657 2735 2074 2804 amplectentes,

507 2829 878 2898 doctrinaeque
923 2827 1288 2896 corruptelam
1331 2837 1646 2896 sequentes,
1691 2843 1839 2898 pura
1881 2837 2080 2884 nostra

2168 363 2261 416 ἐπὶ
2291 363 2486 433 τούτῳ,
2524 363 2617 416 καὶ
2647 363 2851 433 σφόδρα
2880 363 2972 416 ἐπὶ
3007 363 3192 418 πλεῖον
3223 365 3444 438 ἔφριξεν
3469 371 3502 438 ὴ
3533 371 3636 440 γῆ·
3678 371 3778 434 τίς

2167 457 2277 526 γὰρ
2325 453 2549 508 τοιαῦτα
2590 457 2726 508 οἴσει
2766 455 3020 522 ἀκούων;
3073 457 3309 528 Πότερον
3353 461 3452 531 τῆς
3501 461 3776 532 βλαυφη-

2173 548 2302 615 μίας
2330 547 2428 618 τὴν
2469 546 2776 620 ὑπερϐολὴν
2805 549 3206 620 καταπλαγείη,
3238 551 3272 622 ἢ
3303 553 3407 622 τῆς
3437 555 3780 626 ἀφροσύνης

2170 639 2232 691 τὸ
2275 638 2614 709 ὑπεραῖρον;
2666 637 2766 691 οὐκ
2805 639 3022 710 ἔχοντες
3075 640 3131 693 δὲ
3175 641 3298 696 ὅθεν
3332 645 3433 714 τῆς
3482 646 3777 720 τοσαύτης

2170 728 2427 791 ἀσεϐείας
2469 727 2564 782 καὶ
2601 726 2697 780 τοῦ
2737 728 2970 798 ψεύδους
3005 733 3455 802 παραστήσονται
3498 737 3560 789 τδ
3587 737 3782 806 ὑπέρ-

2170 829 2364 881 ογκον,
2408 815 2500 867 ἐπὶ
2542 813 2603 868 τὸ
2645 813 2823 878 ἀθέως
2866 817 2964 869 καὶ
3020 819 3171 891 παρὰ
3216 822 3395 875 πάντα
3467 829 3779 882 κανονικὸν

2171 900 2330 969 λόγον
2369 902 2656 974 ἀθροισθὲν
2697 903 2790 956 ὑπ’
2823 906 3036 959 ἐκείνου
3073 907 3366 978 θεοστυγὲς
3416 914 3511 966 καὶ
3542 915 3778 987 ἀνίερον

2175 993 2450 1064 συνέδριον
2497 993 2939 1065 καταφεύγουσι,
2982 1001 3314 1070 προσόμοιόν
3363 1020 3419 1057 τι
3469 1007 3779 1074 ποιοῦντες

2171 1075 2325 1154 ᾧπέρ
2345 1101 2473 1136 ποτε
2492 1084 2600 1136 τῶν
2626 1085 2750 1139 καθ’
2786 1086 3054 1156 Ἕλληνας
3086 1091 3432 1164 παλαιτέρων
3461 1098 3634 1162 τινὲς.
3671 1101 3780 1154 ἐπὶ

2173 1173 2253 1237 τὸ,
2271 1173 2462 1240 Αὐτὸς
2494 1175 2631 1245 ἔφα,
2655 1177 3095 1249 περιελκόμενοι,
3132 1181 3209 1252 τῷ
3237 1183 3544 1256 διδασκάλῳ
3569 1188 3634 1242 τὸ
3669 1189 3774 1258 γέ-

2178 1280 2276 1334 ρας
2310 1264 2628 1334 ὲκνέμοντες
2653 1282 2666 1296 ·
2689 1265 2718 1320 ὃ
2753 1265 2848 1320 καὶ
2875 1269 3095 1324 σύνοδον
3121 1271 3418 1342 ὀνομάζειν
3451 1277 3501 1329 oi.
3536 1277 3776 1348 ἀνόητοι

2174 1354 2276 1408 οὐκ
2311 1355 2770 1423 ὲγκαλύπτονται·
2811 1359 2870 1442 εί
2894 1359 3004 1431 γάρ
3039 1362 3208 1433 ἐχρῆν
3235 1363 3396 1417 τοῦτο
3424 1365 3632 1435 λέγειν,
3669 1371 3778 1438 τῆς

2175 1446 2523 1518 προφητικῆς
2555 1447 2758 1518 φωνῆς,
2780 1449 2831 1503 τί
2864 1453 3420 1524 φησιν,ἀκουσόμεθα
3443 1473 3460 1489 ο
3491 1459 3778 1526 Σὺνοδος

2174 1536 2569 1604 ἀθετοῦντων,
2598 1539 2904 1595 ἐνέτειναν
2941 1549 3057 1611 τὴν
3101 1545 3394 1614 γλῶσσαν
3433 1548 3644 1604 αὐτῶν
3687 1551 3778 1616 ὡς

2177 1629 2378 1695 τόξον·
2407 1631 2636 1700 ψεῦδος
2667 1633 2764 1688 καί
2797 1636 2872 1687 οὐ
2911 1635 3118 1702 πίστις
3155 1635 3492 1706 ἐνίσχυσεν
3520 1640 3625 1693 ἐπὶ
3659 1641 3776 1708 τῆς

2179 1721 2338 1792 γῆς’·
2381 1724 2728 1796 ἀστειότερον
2775 1725 2820 1779 δ’
2871 1725 2939 1779 ἄν
2989 1743 3074 1788 τις
3123 1728 3294 1800 αὐτὴν
3348 1731 3774 1802 Κοπροσύνοδον

2178 1815 2448 1880 καλέσας,
2476 1817 2576 1869 οὐκ
2607 1815 2674 1870 ἂν
2704 1816 2944 1888 ἁμάρτοι
2972 1817 3066 1870 τοῦ
3096 1819 3422 1889 πρέποντος,
3451 1822 3545 1876 διὰ
3573 1824 3638 1876 τὸ
3668 1823 3770 1877 τοῦ

2179 1906 2578 1975 συναγαγόντος
2605 1907 2960 1978 φιλόκοπρον,
3000 1907 3076 1973 ὼς
3117 1910 3253 1964 πολὺ
3288 1913 3387 1982 μὲν
3427 1912 3490 1966 τὸ
3522 1915 3770 1978 δυσῶδες

2179 2001 2240 2054 ἐν
2264 2002 2328 2070 τῇ
2357 1999 2595 2072 φλυαρίᾳ
2618 2001 2726 2052 τῶν
2751 1999 2926 2069 λόγων
2954 2001 3138 2054 αὐτῶν
3168 2003 3524 2068 συλλέξασαν,
3558 2005 3774 2076 πολλὴν

2177 2088 2235 2144 δὲ
2266 2089 2480 2144 ἀδικίαν
2514 2091 2596 2153 εἰς
2627 2089 2690 2144 τὸ
2729 2089 2861 2160 ὕψος
2891 2091 3206 2162 λαλήσασάν
3234 2109 3294 2145 τε
3321 2093 3418 2146 καὶ
3451 2095 3765 2166 μελετὴεα-

2180 2197 2298 2246 σαν,
2324 2181 2492 2248 πολλά
2521 2182 2577 2234 δὲ
2614 2181 2752 2236 κατὰ
2777 2185 2877 2254 τῆς
2903 2182 3002 2237 τοῦ
3032 2185 3374 2254 Μονογενοῦς
3399 2186 3564 2256 δόξης
3629 2188 3771 2240 καθ-

2181 2273 2581 2344 υλακτήσασαν·
2621 2268 2695 2330 ὧν
2723 2275 3006 2342 οὐδάὺτδς
3033 2279 3062 2330 ὁ
3085 2277 3154 2331 δι’
3183 2279 3408 2333 ἐκείνων
3443 2280 3770 2350 φθεγγόμε-

2177 2382 2267 2428 νος
2321 2367 2594 2431 Σατανᾶς,
2651 2366 2833 2422 πλείόν
2893 2385 2947 2421 τι
3003 2369 3358 2441 δυσφημῆσαι
3412 2375 3766 2443 τετόλμηκε,

2179 2454 2435 2525 πλείστην
2463 2454 2520 2508 δὲ
2549 2455 2660 2507 τῶν
2685 2457 2786 2525 τῆς
2831 2455 3162 2527 Ἐκκλησίας
3201 2458 3492 2529 δογμάτων
3521 2466 3617 2514 καὶ
3651 2463 3767 2514 τῶν

2179 2547 2302 2600 καθ’
2333 2547 2479 2616 ἡμᾶς
2509 2548 2827 2618 μυστηρίων
2871 2551 3176 2618 ποιήσασαν
3220 2550 3318 2620 τὴν
3364 2553 3722 2623 κατάῤῥησιν
3749 2571 3763 2585 ο

2178 2634 2350 2698 οὕτως
2377 2637 2410 2704 ἡ
2449 2639 2515 2706 τῇ
2540 2636 2767 2706 ἀσεϐείᾳ
2799 2636 2894 2690 καὶ
2922 2637 3000 2708 τῷ
3027 2638 3214 2708 ψεύδει
3244 2641 3588 2696 συναθλοῦσα
3611 2660 3769 2716 φρασ-⁵

2178 2724 2326 2796 τρία.
2366 2724 2579 2788 σύνοδος
2612 2727 2740 2797 παρ’
2767 2725 2948 2780 αὐτῶν
2977 2729 3442 2800 προσηγόρευταν
3473 2728 3542 2804 ἦς
3574 2734 3640 2806 δὴ
3671 2737 3767 2788 τὸν

2181 2816 2412 2887 φορυτὸν
2441 2816 2549 2868 τῶν
2577 2815 2860 2886 δογμάτων
2895 2819 3300 2890 ἀσπασάμενοι,
3330 2823 3426 2875 καὶ
3453 2825 3533 2894 τῷ
3562 2827 3765 2896 φθοροο

505 2926 562 2972 et
595 2917 904 2988 iuculpabili
929 2917 1052 2971 ﬁdei
1095 2919 1478 2972 contumeliam
1509 2919 1711 2973 inferre
1745 2933 1852 2974 non
1886 2934 2075 2973 veren—

2183 2907 2324 2977 ποιῷ
2355 2907 2611 2976 ἑπόμενοι
2651 2908 2986 2980 φρονήματι,
3018 2913 3099 2974 είς
3126 2913 3224 2984 τὴν
3255 2914 3376 2967 καθ’
3404 2917 3554 2984 ἡμᾶς
3580 2919 3764 2970 καθα-

509 3017 596 3059 tur
629 3006 684 3060 hi
719 3005 927 3072 vesani,
987 3021 1092 3060 nou
1145 3007 1514 3078 intelligentes
1560 3018 1762 3077 quanta
1816 3009 2075 3064 adversus

2187 2997 2285 3068 ράν
2309 2997 2404 3052 καὶ
2433 2997 2723 3068 ἀκίϐδηλον
2753 2998 2937 3052 πίστιν
2968 3001 3298 3072 καθυϐρίσαι
3335 3005 3394 3056 ού
3429 3005 3676 3059 δεδίασιν
3713 3007 3764 3059 oi

509 3107 728 3152 sanctos
750 3097 1042 3152 machinati
1073 3105 1234 3152 sunt:
1265 3099 1517 3168 quoniam
1556 3099 2081 3168 Acueruutlinguam

510 3205 662 3242 mam
705 3189 838 3242 sicut
897 3192 1151 3256 serpentis
1179 3190 1246 3244 ⁸⁷.
1273 3219 1344 3230 -
1387 3189 1650 3246 Venenum
1690 3192 1935 3260 aspidum
1979 3191 2074 3245 sub

510 3277 666 3331 labiis
691 3294 870 3332 eorum
897 3279 968 3332 ⁵⁸.
996 3309 1067 3319 -
1100 3278 1239 3344 Quia
1285 3281 1439 3336 verba
1471 3283 1576 3336 oris
1607 3281 1841 3354 ipsorum
1876 3281 2079 3352 iniqui-

512 3380 596 3424 tas
624 3379 674 3422 et
702 3370 855 3424 dolus
887 3369 957 3425 ⁸⁸.

585 3635 672 3690 l8.
713 3635 843 3700 Quae
873 3650 1003 3689 vero
1035 3634 1320 3704 qualisque
1339 3635 1410 3689 sit
1433 3643 1618 3692 nostra
1637 3635 2078 3692 Christianorum

516 3728 812 3793 confessio,
877 3725 1260 3794 tempestivum
1306 3737 1390 3780 est
1423 3735 1629 3795 quanto
1695 3727 1912 3782 brevius
1962 3726 2081 3782 ﬁeri

517 3826 714 3881 poteSt,
765 3830 1060 3885 exponere.
1108 3815 1220 3870 Nos
1273 3815 1480 3885 itaque,
1535 3827 1693 3886 prout
1741 3817 2083 3873 tradiderunt

517 3909 670 3964 nobis
694 3907 747 3961 bi
771 3907 860 3976 qui
896 3908 964 3961 ab
996 3907 1152 3962 initio
1181 3917 1520 3977 spectatores
1548 3909 1892 3979 ministrique
1915 3908 2076 3965 Verbi

517 4001 752 4063 fuerunt,
785 4010 840 4053 et
865 4000 954 4069 qui
992 4009 1114 4068 post
1146 3999 1266 4054 illos
1305 3999 1551 4054 eamdem
1581 4001 1880 4055 doctrinam
1914 4015 2080 4056 exce-

517 4102 710 4163 perunt
749 4091 985 4160 theologi
1014 4107 1076 4146 ac
1113 4092 1220 4145 divi
1245 4091 1498 4146 doctores
1530 4093 1697 4147 nostri
1716 4091 1853 4165 (42),

585 4183 874 4238 Credimus
897 4183 952 4236 itt
989 4197 1152 4234 unum
1179 4183 1344 4236 Deum
1380 4174 1605 4236 Patrem
1630 4183 2078 4252 omnipotentem,

2183 3093 2558 3159 napdepovsg,
2589 3091 2649 3142 οὐ
2677 3089 2927 3154 συνέντες
2954 3093 3056 3146 ὅσα
3083 3096 3228 3147 κατὰ
3254 3095 3361 3152 τῶν
3393 3097 3567 3165 ἁγίων
3599 3099 3764 3151 ἐϐου-

2181 3181 2472 3237 λεύσαντο·
2519 3185 2647 3238 Ὅτι
2685 3186 3006 3255 ἠκόνησαν
3036 3188 3330 3258 γλῶσσαν
3375 3189 3581 3246 αὐτῶν
3613 3193 3761 3247 ὡσεί

2181 3275 2390 3344 ὄφεως.
2412 3304 2479 3312 —
2510 3273 2626 3340 Ἱὸς
2657 3275 2936 3330 ἀσπίδων
2953 3276 3074 3332 ὑπὸ
3099 3279 3170 3332 τὰ
3204 3279 3376 3347 χείλη
3414 3281 3638 3346 αὐτῶν,
3661 3285 3759 3336 καί

2183 3367 2440 3436 ἀνομίαν
2479 3366 2634 3434 ὅλην
2689 3367 2807 3436 τὴν
2839 3369 3072 3438 ἡμέραν
3097 3369 3340 3425 ἀδικίαν
3367 3374 3700 3442 ἐλογίσατο
3721 3375 3758 3442 ἡ

2179 3455 2433 3526 γλῶσσα
2459 3455 2678 3510 αὐτῶν.
2705 3487 2774 3498 -
2795 3459 2923 3511 Ὅτι
2952 3459 3026 3512 τὰ
3047 3459 3288 3529 ῥήματα
3325 3461 3431 3515 τοῦ
3459 3465 3764 3534 στόματος

2181 3546 2380 3601 αὐτῶν
2400 3548 2620 3616 ἀνομία
2643 3548 2740 3600 καί
2772 3546 2976 3614 δόλος.

2257 3635 2346 3708 ιη’.
2393 3637 2586 3690 Ὀποία
2617 3637 2674 3689 δὲ
2700 3636 2859 3706 ἡμῶν
2887 3637 2996 3690 τῶν
3031 3639 3372 3709 Χριστιανῶν
3397 3643 3430 3712 ἠ
3475 3641 3758 3712 ὁμολογία,

2182 3729 2277 3784 καὶ
2306 3731 2429 3801 ἥτις
2459 3730 2592 3782 ποτέ
2625 3731 2762 3792 ἐστι,
2793 3731 2986 3799 καιρὸς
3019 3730 3094 3794 ὡς
3121 3726 3236 3785 οἷόν
3260 3749 3318 3785 τε
3360 3734 3762 3804 ὲπιτεμόμενον

2183 3822 2411 3892 φράσαι.
2451 3821 2643 3892 Ἡμεῖς
2673 3821 2876 3885 τοίνυν,
2901 3821 3049 3876 καθά
3081 3821 3388 3892 παρέδοσαν
3423 3827 3559 3894 ἡμῖν
3582 3827 3633 3880 οί
3666 3823 3760 3880 ἀπ’

2183 3914 2357 3984 ἀρχῆς
2379 3914 2646 3967 αὐτόπται
2667 3913 2764 3968 καὶ
2796 3913 3064 3985 ὑπηρέται
3097 3913 3190 3967 τοῦ
3235 3916 3431 3983 Λόγου,
3459 3918 3514 3970 οἵ
3537 3934 3598 3970 τε
3643 3919 3760 3988 μετ’

2182 4005 2422 4068 ἐκείνους
2461 4004 2530 4058 τά
2558 4005 2784 4057 ἐκείνων
2828 4004 3205 4077 διαδεξάμενοι
3253 4003 3612 4078 θεοφάντορες
3666 4008 3758 4062 καὶ

2113 4128 2136 4154 ι
2184 4097 2318 4152 θεῖοι
2363 4097 2522 4168 ἡμῶν
2557 4095 2896 4160 διδάσκαλοι,

2252 4189 2590 4260 Πιστεύομεν
2619 4189 2700 4252 εἰς
2737 4188 2833 4241 ἕνα
2864 4187 2998 4242 Θεὸν
3035 4189 3258 4261 Πατέρα
3296 4190 3756 4262 παντοκράτορα,

517 4273 810 4328 visibilium
839 4273 1080 4324 omnium
1104 4281 1158 4325 et
1194 4271 1549 4328 invisibilium
1590 4273 1849 4328 factorem
1883 4286 1948 4326 ac
1978 4274 2075 4327 do-

2185 4279 2402 4333 πάντων
2425 4279 2722 4349 ὁρωμένων
2751 4278 2847 4332 καί⁵
2869 4279 3118 4350 ἀοράτων
3171 4281 3407 4352 ποιητήν
3433 4299 3494 4334 τε
3531 4282 3632 4336 καὶ
3666 4283 3758 4338 κύ·

517 4368 745 4428 ntinum,
783 4363 1208 4434 sinepriucipio,
1263 4365 1613 4431 invisibilem,
1667 4364 2082 4433 incomprehen-

516 4458 755 4518 sibilem,
794 4455 1219 4522 immutabilem,
1269 4455 1650 4510 immortalem.
1687 4453 1750 4508 Et
1813 4456 1866 4508 itt
1912 4470 2080 4509 unum

521 4547 801 4601 Dominum
821 4542 1006 4601 Jesuut
1033 4545 1331 4615 Christum,
1365 4546 1558 4601 Filium
1591 4546 1710 4614 ejus
1727 4546 1966 4613 unicum,
1989 4547 2079 4616 qui

517 4638 636 4691 siue
661 4637 837 4703 initio,
861 4640 928 4692 ab
955 4647 1192 4702 aeterno,
1221 4648 1348 4693 ante
1373 4639 1557 4692 omnia
1585 4637 1780 4692 saecula
1813 4639 1879 4692 de
1898 4638 2082 4694 Patris

517 4727 816 4782 substantia
843 4719 1066 4785 eﬂulsit.
1098 4727 1162 4783 Et
1191 4731 1243 4782 in
1280 4745 1444 4784 unum
1496 4729 1764 4798 Spiritum
1803 4738 2076 4793 sanetum,

519 4820 586 4874 de
617 4815 729 4874 Deo
758 4819 918 4874 Patre
950 4824 1353 4890 procedentem,
1383 4829 1444 4873 et
1471 4834 1594 4874 cum
1629 4817 1792 4874 Patre
1835 4819 2083 4890 Filioque

517 4909 683 4964 Deum
708 4911 996 4965 dicendum
1027 4921 1082 4965 et
1115 4911 1552 4979 glorilicandum,
1585 4923 1774 4982 utpote
1795 4927 1860 4967 ex
1893 4915 2082 4967 eadem

517 5013 711 5056 natura
741 5013 1078 5058 constantem
1103 5010 1158 5057 et
1171 5012 1519 5056 coaeternunt.
1547 5003 1868 5059 Trinitatem
1913 5007 2084 5059 hono-

516 5101 702 5147 rantes
726 5093 778 5146 in
808 5093 1190 5164 hypostasibus
1211 5107 1306 5146 seu
1327 5095 1595 5162 personis,
1623 5103 1678 5150 ct
1699 5096 2081 5164 praedictorum

515 5183 808 5254 unicuique
837 5185 1108 5239 discretas
1131 5189 1185 5236 et
1219 5182 1532 5240 inconfusas
1555 5200 1648 5241 eas
1669 5199 2080 5250 conservantes,

582 5338 630 5372 ⁵⁸
659 5335 860 5394 Jercm.
895 5354 970 5406 ts,
997 5338 1054 5392 2.
1132 5337 1340 5394 "Psal.
1375 5356 1598 5407 cxxux,
1629 5341 1684 5396 4.
1763 5339 1808 5373 ⁵⁸
1829 5339 1975 5396 Psal.
2010 5357 2130 5405 xm,
2166 5340 2218 5394 5.

2189 4387 2327 4442 ριον,
2359 4371 2614 4442 ἄναρχον,
2641 4371 2895 4444 ἀόρατον,
2934 4371 3346 4442 ἀκατάληπτον,
3371 4373 3753 4438 ἀναλλοίωτον,

2187 4462 2562 4533 ἀτελεύτητον.
2603 4461 2718 4516 Καὶ
2759 4464 2839 4526 είς
2879 4461 2975 4516 ἕνα
3005 4448 3210 4534 Κύριον
3249 4463 3458 4534 Ἰησοῦν
3491 4467 3753 4537 Χριστὸν,

2186 4555 2278 4608 τὸν
2309 4555 2438 4608 Υίδν
2471 4553 2634 4608 αὐτοῦ
2667 4553 2761 4608 τὸν
2795 4553 3083 4626 μονογενῆ,
3107 4556 3361 4626 ἀνάρχως
3388 4556 3486 4609 καὶ
3512 4556 3752 4626 ἀχρόνως

2187 4646 2282 4700 καὶ
2323 4643 2430 4714 πρὸ
2475 4642 2692 4698 πάντων
2727 4643 2834 4696 τῶν
2865 4642 3078 4696 αἰώνων
3115 4647 3213 4712 τῆς
3251 4647 3530 4716 πατρικῆς
3572 4646 3753 4706 οὐσίας

2178 4733 2553 4802 ὲκλάμψαντα·
2589 4733 2686 4785 καὶ
2715 4735 2794 4796 είς
2815 4732 2872 4786 ἓν
2903 4733 3127 4804 Πνεῦμα
3164 4734 3320 4802 ἅγιον
3339 4774 3356 4801 ,
3389 4735 3454 4788 ἐκ
3483 4735 3580 4790 τοῦ
3623 4733 3752 4788 Θεοῦ

2179 4823 2276 4879 καὶ
2310 4823 2523 4894 [ἰατρὸς
2556 4824 2742 4894 προϊὸν
2767 4865 2782 4888 ,
2831 4823 2926 4876 καὶ
2971 4825 3146 4894 Πατρὶ
3185 4825 3282 4878 καὶ
3323 4825 3442 4899 Υίῷ
3475 4827 3751 4882 συνθεολο-

2181 4914 2450 4986 γούμενόν
2490 4931 2550 4968 τε
2591 4914 2687 4968 καὶ
2735 4914 3220 4986 συνδοξαζόμενον,
3254 4915 3331 4980 ὡς
3375 4921 3626 4990 συμφυὲς
3668 4918 3752 4974 καὶ

2149 5031 2159 5038 ο
2191 5005 2480 5073 συναῒδιον.
2518 5005 2724 5081 Τριάδα
2767 5005 2867 5076 μὲν
2909 5005 3222 5073 δοξάζοντες
3254 5007 3621 5064 ὑποστάσεσι-θ
3645 5012 3751 5083 ἢτοι

2165 5097 2523 5167 ⁸προσώποις,
2564 5096 2668 5150 καὶ·
2688 5097 2905 5166 ἑκάστῳ
2937 5095 3049 5149 τῶν
3085 5096 3391 5168 εἰρημένων
3417 5098 3640 5168 ἀμιγεῖς
3669 5097 3749 5152 καὶ

2190 5187 2527 5259 ἀσυγχύτους
2577 5189 2872 5260 τηροῦντες
2913 5187 3011 5251 τὰς
3048 5189 3410 5258 ἀφοριστικάς
3467 5188 3748 5260 ίδιότητας,

2297 5341 2344 5374 ⁵³
2383 5339 2526 5395 ΡδιιΙ.
2560 5357 2725 5408 xxxv,
2761 5341 2818 5396 4.

575 5493 707 5570 με)
733 5497 879 5570 Aliis
905 5497 1089 5570 verbis
1123 5496 1353 5570 prolisa
1378 5497 1500 5570 ﬁdei
1540 5495 1814 5570 confessio
1850 5495 2106 5551 scribitur
2144 5515 2171 5552 ιι
2241 5495 2542 5566 Nirephoro
2575 5496 2641 5550 ad
2701 5493 2938 5550 Leonem
2975 5493 3041 5549 Ill
3075 5493 3231 5552 Rom.
3266 5481 3746 5570 poutiheoutapud

575 5495 707 5619 με)
733 5497 874 5552 Aliis
905 5497 1089 5553 verbis
1123 5496 1327 5566 prolixa
1378 5497 1500 5554 ﬁdei
1540 5495 1814 5552 confessio
1850 5511 1869 5549 s

518 5566 677 5621 Comi
708 5607 720 5619 .
753 5567 920 5622 Labb.
952 5569 1034 5623 ed.
1068 5583 1174 5638 νὴ,
1209 5577 1244 5621 t.
1271 5565 1377 5632 VII,
1416 5569 1519 5622 col.
1558 5567 1692 5620 lim
1718 5580 1869 5634 seqq.
