3918 6152
153 167 254 234 581

1094 167 1663 233 APOLOGETICUS
1713 166 1865 230 PRO
1915 167 2019 231 SS.
2063 169 2547 233 IMAGINIBUS.

3309 168 3419 232 582

153 280 232 343 ὡς
280 276 539 348 οὐδαμῶς
593 276 1112 348 μεταπιπτούσαςῆ
1163 279 1510 351 κινουμένας.
1560 278 1742 349 Πατρὶ

1856 283 2050 352 quibus,
2077 282 2505 355 distinguuntur,
2549 281 2929 351 proprietates,
2995 294 3094 331 ceu
3147 278 3418 333 desitum

159 370 261 440 μὲν
292 369 390 439 τὴν
425 368 756 438 άγεννησίαν
790 368 883 421 καὶ
911 366 969 420 τὸ
1002 368 1178 421 αἴτιον
1217 368 1326 423 τῶν
1374 369 1433 436 ἐξ
1458 368 1620 423 αὐτοῦ
1651 368 1740 421 νέ-

159 476 382 532 μοντες·
418 458 538 529 Υίῷ
563 459 619 512 δὲ
646 460 746 527 τὴν
769 445 1041 529 γέννησιν·
1072 459 1351 530 Πνεύματι
1375 460 1431 513 δὲ
1461 460 1559 531 τὴν
1582 459 1746 514 ἐκπόο

155 564 368 623 ρευσιν’
412 549 511 603 καὶ
557 549 634 612 ὡς
691 549 751 613 ἐξ
789 548 964 602 αἰτίου
1006 548 1101 602 τοῦ
1142 551 1375 621 Πατρὸς,
1422 549 1483 603 τό
1520 567 1580 602 τε
1622 550 1744 617 γεν-

153 642 407 713 νώμενον
458 642 556 695 καὶ
601 639 664 693 τὸ
705 641 1141 713 ἐκπορευόμενον
1188 641 1438 704 νοοῦντες
1493 640 1744 708 ἀπαυγά·

155 744 359 802 ϐάντα,
391 736 490 790 καὶ
523 736 597 800 ὡς
625 734 740 803 φῶς
772 734 1032 805 ἑκάτερον
1061 736 1125 788 ὲκ
1150 735 1326 803 φωτὸς
1358 734 1621 805 προελθὸν
1642 774 1658 799 ,
1687 719 1745 787 ἓν

158 827 541 898 ὑηρκόσμιον
560 825 930 897 τρισοφεγγὲς
953 822 1050 879 καὶ
1069 824 1349 896 τρισήλιον
1371 826 1507 894 φῶς·
1541 827 1745 895 μονάδα

157 919 217 972 δὲ
251 918 418 989 οὐσίᾳ
460 918 558 970 καὶ
592 916 754 987 φύσει,
794 915 1236 986 προσκυνοῦντες
1258 956 1274 981 ,
1306 918 1386 979 είς
1420 915 1480 969 ἓν
1512 916 1742 987 ὐπερού·

162 1026 278 1063 σιον
307 1008 406 1062 καὶ
438 1008 715 1078 ὑπερφυὲς
744 1007 1000 1078 θεότητος
1027 1007 1159 1077 ὕψος
1187 1008 1495 1074 συνιοῦσαν,
1528 1010 1625 1079 την
1651 1009 1748 1062 αὖ·

160 1101 257 1171 τὴν
286 1099 589 1172 ἀμέριστον
617 1099 715 1153 καὶ
744 1100 1119 1154 ἀδιάσπαστον
1149 1101 1253 1170 τήν
1286 1116 1346 1153 τε
1377 1099 1536 1164 δόξαν
1565 1100 1660 1154 καὶ
1686 1100 1749 1154 τὸ

162 1191 369 1261 κράτος
399 1189 770 1261 κεκτημένηνο
803 1190 863 1242 ὲν
887 1188 1248 1259 ταυτοσουλίᾳ
1271 1188 1366 1243 καὶ⁸
1387 1189 1626 1259 θελήσει,
1651 1190 1747 1244 καὶ

165 1284 268 1353 μιᾷ
310 1280 548 1352 δυνάμει
589 1282 687 1335 καὶ
740 1282 993 1352 ἐνεργείᾳ
1039 1282 1475 1353 γνωριζομένην,
1525 1281 1620 1336 καὶ⁸
1659 1277 1747 1337 οἷα

162 1375 389 1427 πάντων
447 1373 697 1443 βασιλίδα
758 1360 865 1427 καί
916 1373 1025 1427 τῶν
1078 1373 1218 1427 ὅλων
1273 1374 1746 1437 δεσποτεύουσαν,

163 1466 317 1536 παρά
359 1466 544 1535 πάσης
576 1465 677 1536 τῆς
707 1461 919 1535 ὁρατῆς
954 1465 1049 1519 καὶ
1087 1465 1323 1535 ἀοράτου
1371 1466 1620 1531 κτίσεως,
1672 1467 1749 1532 ὡς

1847 389 2126 440 nunquam
2161 374 2242 428 vel
2278 375 2644 428 mobilitatem
2676 386 2933 441 passut'as
2971 389 2983 425 :
3030 368 3414 439 Patriqnidem

1845 466 2241 521 innativitatem
2281 476 2334 520 et
2356 466 2540 519 eorn‘m
2567 465 2656 532 qui
2686 478 2751 516 ex
2784 464 2899 530 ipso
2930 471 3056 516 sunt
3116 461 3411 516 causalita-

1848 566 1954 610 tem
1981 575 1993 610 :
2018 556 2157 611 Filio
2190 556 2525 610 nativitatem
2552 573 2563 608 :
2601 555 2828 624 Spiritui
2865 552 3270 621 proccssionem
3299 569 3314 605 :
3354 560 3412 605 et

1844 664 1908 703 ex
1942 649 2101 703 Patre
2127 659 2380 717 tanquam
2408 663 2599 710 causa,
2637 657 2746 700 tum
2777 647 3017 715 genitum
3070 654 3183 697 tum
3228 659 3421 713 proce-

1848 741 2061 794 dentem
2082 738 2369 794 credentes
2391 738 2823 806 exsplenduisse,
2845 746 3137 797 utrumque
3160 741 3220 787 ut
3240 732 3419 785 lumcn

1846 831 2156 897 delumine;
2179 847 2365 896 unum,
2389 826 2849 897 supermundiale,
2876 826 3163 894 tripliciter
3192 823 3416 879 radians

1849 941 1912 979 ac
1942 924 2134 994 triplex
2167 923 2345 979 solare
2382 922 2584 976 lumen.
2622 921 2898 976 Unitatem
2932 928 3114 974 autem
3151 920 3411 973 substan-

1850 1016 1938 1070 tiae
1968 1023 2282 1083 naturaeque
2330 1014 2647 1075 adorantes,
2692 1011 2744 1064 in
2785 1008 3425 1077 uuam-snpersubstam

1851 1106 2031 1161 tialem
2058 1103 2639 1174 snperqnenaturalem
2661 1099 3047 1156 sublimitatem
3079 1105 3423 1165 congestam,

1847 1198 2146 1265 eademque
2172 1197 2399 1250 indivisa
2426 1202 2482 1248 et
2504 1192 2850 1262 inseparabili
2869 1190 3038 1261 gloria
3065 1186 3421 1256 potentiaque

1848 1289 2118 1344 fruentem
2149 1288 2241 1342 :in
2291 1302 2396 1356 qua
2434 1287 2573 1340 idem
2614 1284 2927 1346 consilium,
2962 1282 3122 1335 unica
3149 1279 3426 1342 voluntas,

1846 1384 1929 1437 vis
1950 1394 2006 1437 et
2044 1383 2292 1451 operatio
2326 1380 2481 1435 unica
2523 1379 2877 1450 agnoscitur:
2931 1387 3159 1444 qnzeque
3213 1380 3273 1423 nt
3306 1384 3431 1423 om-

1847 1473 1992 1526 nium
2034 1474 2217 1541 regina
2241 1482 2297 1525 et
2332 1469 2657 1525 universalis
2679 1466 2918 1527 domina,
2958 1464 3028 1517 ab
3055 1462 3199 1516 omni
3226 1458 3426 1513 visibili

162 1557 436 1628 ὀμότιμόν
474 1573 534 1610 τε
571 1555 667 1610 καὶ
694 1554 1007 1626 σύνθρονον,
1039 1557 1526 1628 προσκυνουμένην
1546 1575 1620 1639 .τε
1653 1557 1750 1613 καὶ

1856 1563 2219 1633 invisibilique
2245 1571 2461 1628 natura,
2491 1568 2548 1614 ut
2566 1560 2683 1629 pari
2710 1561 2916 1613 honore
2940 1556 3248 1623 tbronoque
3264 1551 3427 1639 digna

160 1648 597 1719 λατρευομένηνο
627 1644 756 1715 μίαν
778 1646 877 1718 μὲν
897 1642 1008 1717 γάρ
1029 1648 1088 1700 ὲν
1116 1650 1229 1710 τοῖς
1256 1647 1408 1719 τρισὶ
1434 1630 1748 1720 θεωροῦμεν

1856 1630 2208 1708 adorator-et
2242 1653 2389 1706 cultu
2455 1653 2774 1704 honoratur.
2827 1646 3022 1710 Unam,
3073 1646 3317 1712 inquam,
3372 1638 3429 1692 in

164 1741 423 1811 θεότητα,
450 1738 530 1809 τῷ
565 1737 749 1809 ταυτῷ
776 1739 874 1807 τῆς
906 1738 1097 1802 οὐσίας
1129 1740 1474 1811 ὲνιζομένην,
1503 1744 1654 1811 τρεῖς
1691 1741 1748 1795 δὲ

1856 1744 2027 1798 tribus
2058 1751 2370 1812 spectamus
2405 1744 2684 1804 deitatem,
2715 1739 2905 1792 eadem
2951 1732 3255 1790 substantia
3308 1731 3431 1785 uni.

163 1832 505 1894 ὑποστάσεις
544 1831 604 1883 ὲν
628 1833 695 1902 τῇ
726 1831 825 1901 μιᾷ
855 1830 1071 1899 θειότητι
1089 1870 1106 1894 ,
1131 1830 1211 1901 τῷ
1235 1832 1462 1903 ἑτεροίῳ
1487 1833 1593 1885 τῶν
1619 1831 1750 1903 περὶ

164 1924 408 1993 εκάστην
447 1920 872 1992 ἐνυπαρχουσῶν
906 1921 1219 1992 ίδιοτήτων,
1255 1922 1569 1992 άμερίστως
1612 1923 1752 1975 δάι-

171 2016 463 2087 ρουμένας·
499 2012 623 2067 οὔτε
652 2014 743 2066 τὸν
780 2012 910 2065 Υίὸν
939 2012 1039 2081 τῆς
1069 2011 1165 2065 τοῦ
1194 2013 1491 2082 άγεννήτου
1537 2012 1750 2084 Πατρὸς

166 2109 355 2172 οὐσίας
419 2105 833 2177 άλλοτριοῦντες
886 2106 977 2159 διὰ
1019 2105 1118 2177 τὴν
1172 2106 1458 2174 γέννησιν,
1515 2103 1639 2158 οὔτε
1689 2104 1755 2158 τὸ

169 2199 400 2269 Πνεῦμα
442 2199 653 2267 [ἰατρὸς
690 2196 785 2249 καὶ
814 2195 944 2249 Υίοῦ
975 2195 1063 2249 διὰ
1101 2195 1200 2267 τὴν
1228 2197 1584 2265 ὲκπὸρευσιν,
1626 2194 1751 2249 οὔτε

169 2289 435 2361 σύγχυσιν
482 2288 680 2351 είδότες
720 2288 826 2341 διὰ·
847 2288 909 2340 τὸ
945 2288 1145 2342 ὲνιαίον
1186 2287 1286 2357 τῆς
1334 2287 1610 2355 συμφυΐας
1656 2287 1751 2341 καὶ

168 2385 446 2453 ἄτμητον,
479 2379 595 2434 ἀλλ’
622 2382 680 2432 ὲν
708 2382 775 2450 τῇ
814 2378 1072 2450 κοινωνίᾳ
1112 2378 1213 2447 τῆς
1245 2376 1460 2447 φύσεως
1486 2379 1546 2430 τὸ
1570 2378 1754 2432 διακε-

168 2473 436 2547 κριμένον
462 2471 711 2546 ένοῦγτες
750 2470 845 2525 τοῦ
876 2464 1176 2534 ίδιάζοντος
1196 2485 1210 2500 ο
1248 2487 1267 2519 ι
1311 2472 1614 2538 Διαιρεῖται
1641 2471 1753 2543 γάρ

169 2564 524 2634 άδιαιρέτως,
556 2560 652 2616 καὶ
681 2562 1012 2615 συνάπτεται
1056 2560 1425 2633 διῃρημένως·
1466 2560 1524 2614 ἓν
1557 2564 1665 2634 γὰρ
1692 2565 1753 2617 έν

168 2654 353 2724 τρισὶν
380 2655 414 2724 ἡ
442 2652 654 2722 θεότης,
688 2652 784 2705 καὶ
814 2653 882 2704 τά
917 2651 1043 2722 τρία
1066 2651 1155 2707 ἔν’.
1181 2651 1249 2706 τά
1273 2652 1331 2703 ὲν
1365 2648 1500 2721 οἶςή
1535 2653 1749 2726 θεότης,

168 2746 202 2816 ἢ
244 2744 308 2798 τό
342 2761 406 2813 γε
449 2742 840 2813 ἀκριϐέστερον
879 2743 1075 2806 εἰπεῖν,
1107 2740 1142 2795 ά
1173 2743 1206 2811 ἡ
1249 2740 1458 2813 θεότης.
1516 2762 1535 2795 ι
1592 2745 1752 2799 Καθά

169 2832 684 2907 μεμυσταγώγηκεν
727 2833 875 2903 ἡμᾶς
912 2830 1022 2885 τῶν
1058 2830 1325 2900 θεολόγων
1367 2834 1395 2885 ὀ
1434 2834 1749 2905 κράτιστος.

241 3018 378 3072 θεὸν
415 3013 511 3072 οὖν
545 3016 638 3070 τὸν
671 3016 895 3085 Πατέρα
918 3016 1170 3087 σέϐομεν,
1200 3018 1259 3085 ἐξ
1301 3013 1363 3073 οὗ
1384 3019 1453 3073 τά
1487 3019 1665 3073 πάντα
1687 3019 1753 3073 ὲκ

174 3110 252 3181 μὴ
269 3112 440 3164 ὄντων
466 3108 747 3179 παρῆκται
782 3109 920 3179 πρὸς
979 3108 1216 3180 ὕπαρξιν
1240 3126 1255 3143 ο
1311 3109 1445 3163 Θεὸν
1490 3110 1583 3163 τὸν
1615 3110 1747 3164 Υίὸν

169 3200 491 3272 δοξάζομεν,
528 3200 595 3254 δι’
625 3193 687 3254 οὗ
720 3201 793 3253 τά
816 3202 996 3255 πάντα
1022 3202 1334 3272 γεγένηται,
1360 3201 1454 3256 καὶ
1494 3203 1632 3273 πρὸς
1658 3203 1751 3255 οὐ-

174 3288 339 3359 σιὼδη
380 3290 645 3360 διαμονὴν
699 3288 1063 3355 διασώζεταν
1118 3290 1253 3345 Θεὸν
1301 3292 1363 3345 τὸ
1413 3292 1640 3362 Πνεῦμα
1690 3292 1752 3345 τὺ

174 3381 332 3451 ἆγιον
364 3381 805 3453 προσκυνοῦμεν,
840 3385 897 3437 ὲν
924 3378 969 3452 ᾧ
993 3384 1061 3438 τὰ
1089 3385 1217 3455 τρία
1239 3384 1511 3449 σέϐοντες,
1547 3385 1646 3438 οὐκ
1673 3386 1753 3448 είς

172 3478 322 3545 τρεῖς
351 3473 511 3536 θεοὺς
540 3474 639 3544 τὴν
673 3474 802 3543 μίαν
833 3474 1138 3537 διιστάντες
1164 3474 1429 3544 θεότητα,
1459 3474 1524 3528 ἶν’
1567 3474 1753 3529 ἐκκλί-

178 3580 360 3636 νωμεν
391 3565 493 3635 τῆς
519 3564 787 3635 τριθεῖας,
826 3564 1029 3636 μᾶλλον
1043 3565 1101 3618 δὲ
1126 3566 1441 3631 πολυθεΐας,
1472 3566 1535 3619 τὸ
1577 3566 1751 3619 ἀθεώ-

176 3672 342 3710 τατον
363 3671 380 3686 ο
412 3657 507 3708 καὶ
526 3654 733 3709 τέλειον
766 3655 972 3709 τούτων
999 3655 1229 3710 ἕκαστον
1260 3653 1608 3726 ἐπιστάμεθα
1634 3670 1649 3686 ·
1691 3654 1754 3708 οὐ

175 3748 286 3817 ’γὰρ
301 3747 367 3799 ἐκ
388 3745 560 3817 cpiti»;
583 3746 789 3800 ἀτελῶν
810 3745 870 3799 ἓν
886 3763 940 3799 τι
964 3746 1339 3818 ὁμολογοῦμεν
1364 3746 1572 3800 τέλειον
1592 3761 1606 3773 ·
1640 3744 1756 3799 ἀλλ’

173 3841 240 3893 ιιι
272 3838 448 3910 τριῶν
482 3837 729 3903 τελείων,
750 3837 808 3894 ἓν
834 3839 1131 3909 ὑπερτελὲς
1163 3841 1260 3893 καὶ
1298 3838 1634 3909 προτέλειον,
1680 3838 1758 3903 ὡς

172 3937 207 4004 η
266 3930 382 4005 τῶν
440 3929 763 4002 θεομυστῶν
814 3931 1079 4002 Πατέρων
1126 3933 1430 4000 είσηγεϊται
1484 3931 1755 4001 θεολογία.

175 4023 316 4078 οὔτε
346 4017 445 4078 οῦν
483 4023 582 4084 τὰς
626 4022 960 4086 ὑποστάσεις
1002 4022 1079 4085 ὡς
1128 4022 1320 4094 φύσεις
1366 4025 1633 4093 ὲκφύλους
1665 4026 1761 4079 καὶ

174 4117 499 4187 διαφόρους,
532 4114 892 4186 ἁνισότησίτε
927 4115 1020 4167 καὶ
1050 4115 1440 4187 άνωμαλότησι
1467 4116 1762 4186 τέμνοντες

176 4206 667 4280 προχειριζόμεθα,
699 4207 836 4261 ἀλλὰ
861 4205 1179 4280 διαιροῦμεν
1200 4207 1279 4278 τῷ
1307 4207 1453 4277 λόγῳ
1482 4208 1593 4261 τῶν
1624 4207 1756 4261 ίδιο-

1846 1848 1999 1903 tam;
2029 1848 2141 1891 tres
2179 1850 2309 1889 vero
2340 1849 2597 1903 personas
2629 1833 2681 1886 iu
2714 1847 2819 1884 una
2843 1831 3065 1893 deitate,
3109 1843 3230 1897 qua:
3260 1824 3431 1880 iuba--

1854 1922 2088 1980 ‘rentlum
2119 1926 2349 1995 singulis
2384 1927 2777 1991 prolirietatum
2833 1919 3150 1974 diversitate
3184 1918 3303 1972 sine
3344 1916 3428 1971 tli-

1853 2016 2063 2069 visione
2096 2016 2526 2082 distinguuntur.
2579 2010 2765 2079 Neque
2814 2009 3011 2063 Filium
3070 2010 3137 2061 ab
3196 2007 3428 2075 ingeniti

1852 2104 2027 2158 Patris
2055 2102 2355 2157 substantia
2385 2101 2686 2154 alienantes
2711 2110 2935 2169 propter
2979 2098 3426 2167 generationem;

1853 2212 2030 2265 neque
2059 2196 2326 2264 Spiritum
2376 2209 2405 2247 a
2452 2192 2615 2247 Patre
2644 2192 2893 2259 Filioque
2942 2199 3163 2260 propter
3199 2202 3423 2258 proceso

1854 2288 2060 2342 sionem
2099 2304 2113 2340 :
2153 2300 2328 2355 neque
2375 2283 2752 2339 confusionem
2803 2283 3154 2336 admittentes
3201 2287 3423 2349 propter

1855 2380 2119 2433 unitatem
2151 2377 2749 2445 indivisibilitalemque
2785 2386 3011 2433 uatum.
3042 2376 3137 2427 sed
3165 2373 3217 2427 in
3251 2379 3426 2427 ‘cotn-

1855 2471 2108 2523 munione
2138 2478 2368 2531 natura},
2402 2468 2454 2522 id
2493 2467 2714 2536 quodin
2743 2481 3072 2535 unoquoque
3097 2465 3416 2519 distinctum

1854 2572 1957 2625 eat,
1987 2560 2384 2630 coniungimus.
2436 2579 2456 2611 ι
2503 2559 2862 2627 Uistinguitur
2905 2558 3047 2611 enim
3086 2558 3430 2621 indistincte,

1853 2664 1908 2709 et
1943 2654 2291 2724 coniungitur
2334 2653 2615 2707 distincte.
2673 2648 2787 2721 Una
2829 2651 2973 2703 enim
3009 2649 3062 2703 in
3136 2650 3308 2703 tribus
3346 2659 3433 2701 est

1853 2747 2049 2809 deitas,
2104 2756 2159 2800 et
2199 2753 2311 2799 tres
2349 2753 2480 2799 sunt
2530 2758 2730 2805 unum,
2768 2743 2819 2796 id
2861 2756 3054 2810 nempe
3098 2741 3149 2793 in
3178 2756 3287 2809 quo
3339 2754 3433 2795 est.

1855 2842 2058 2907 tleitas;
2096 2839 2179 2894 vel
2208 2848 2265 2892 ut
2296 2838 2606 2891 accuratius
2634 2836 2831 2899 dicam,
2868 2850 2988 2904 qua:
3011 2845 3135 2887 sum
3165 2836 3359 2901 dcitas.
3402 2853 3422 2884 ι

1781 2957 1824 3016 c
1858 2932 1935 2986 Ita
1961 2934 2106 2986 enim
2149 2947 2247 2985 nos
2281 2930 2523 2998 optimus
2558 2928 2932 2995 theologorum
2964 2926 3179 2981 edocuit
3207 2926 3346 2996 (45).

1930 3024 2096 3077 Deum
2129 3022 2310 3092 itaque
2364 3020 2585 3074 Patrem
2622 3018 2873 3079 colimus,
2912 3033 2942 3071 ι
2979 3033 3087 3086 quo
3130 3019 3311 3071 omnia
3362 3033 3429 3071 ex

1857 3116 2027 3171 nihilo
2057 3116 2121 3167 ad
2146 3114 2520 3169 exsistendum
2560 3111 2824 3181 producta
2852 3125 3002 3165 sunt.
3027 3111 3195 3164 Deum
3234 3110 3431 3165 Filium

1854 3205 2246 3277 glorificamus,
2272 3218 2367 3271 per
2397 3217 2558 3271 quem
2596 3202 2797 3279 omnia,
2818 3200 2961 3253 facta
2986 3211 3134 3261 sunt.
3163 3211 3215 3255 et
3245 3217 3433 3255 eorum

1854 3294 2227 3350 substantialis
2271 3294 2544 3348 stabilitas
2611 3304 2993 3347 conservatur.
3050 3291 3219 3347 Deum
3295 3296 3424 3347 item

1852 3384 2115 3456 Spiritum
2155 3395 2402 3440 sanctum
2438 3399 2786 3438 veneramur.
2821 3384 2885 3437 Et
2922 3385 3046 3436 dum
3101 3394 3212 3439 tres
3264 3400 3432 3437 vene-

1854 3494 2059 3543 rantur,
2087 3492 2190 3530 non
2228 3477 2281 3530 in
2310 3487 2418 3531 tres
2453 3478 2583 3531 deos
2639 3477 2895 3530 deitatem
2942 3476 3338 3542 discernimus;
3373 3487 3436 3529 ut

1857 3570 2222 3624 tritbeismum
2259 3569 2548 3635 videlicet,
2583 3585 2676 3622 seu
2719 3569 2897 3639 potius
2949 3568 3111 3639 168
3168 3568 3435 3640 polytbei-

1860 3677 2061 3727 smum,
2113 3675 2234 3730 qua!
2291 3675 2379 3713 res
2439 3659 2905 3729 irrcligiosissima
2962 3660 3118 3720 foret,
3174 3663 3431 3714 vitemus.

1857 3756 2033 3823 Atque
2076 3767 2517 3822 unumquemque
2538 3768 2603 3805 ex
2628 3754 2709 3805 his
2739 3752 3042 3820 perfectum
3063 3765 3184 3805 esse
3207 3754 3432 3806 seiuus.

1858 3845 1965 3900 Sed
2007 3861 2071 3899 ex
2124 3847 2296 3899 trilms
2344 3843 2604 3913 perfectis
2663 3859 2825 3896 unum
2877 3841 3343 3912 superpetfrctum
3380 3856 3437 3898 et

1860 3936 2269 4008 prmperfectum
2300 3935 2378 3999 ﬁt,
2418 3945 2477 3987 ut
2496 3935 2976 4004 theomystieornm
3025 3933 3248 3987 Patrum
3283 3935 3434 3987 theo-

1858 4030 1997 4099 logia
2025 4030 2179 4084 docet
2211 4026 2347 4099 (Η).
2373 4025 2558 4096 Neque
2589 4040 2718 4094 ergo
2758 4026 3096 4097 bypostases,
3151 4030 3302 4094 quasi
3346 4044 3435 4083 es-

1860 4131 1979 4178 sent
2011 4108 2218 4175 natura:
2245 4126 2519 4175 extraneae
2569 4116 3005 4187 diﬂ‘erentesque,
3063 4119 3430 4188 inaequalitate

1863 4221 1918 4270 et
1952 4211 2388 4268 dissimilitudine
2418 4209 2719 4265 dividentes
2770 4210 3038 4275 sistimus,
3089 4214 3181 4265 sed
3224 4213 3433 4267 ratione

173 4306 376 4373 τήτων,
412 4301 552 4373 πρὸς
582 4303 682 4371 τὴν
712 4302 875 4357 ένάδα
906 4302 1008 4371 τῆς
1037 4301 1226 4365 οὐσίας
1275 4301 1664 4366 συνάπτοντες,
1696 4302 1752 4355 τὸ

1866 4308 2258 4380 proprietatum
2307 4306 2710 4373 distinguimus,
2763 4305 2816 4359 in
2851 4306 3061 4359 unitate
3115 4304 3437 4360 substantia:

175 4393 527 4464 ὑπερϐάλλον
564 4395 623 4448 ὲν
649 4394 918 4465 τούτοιςῆ
957 4392 1447 4465 μειονεκτούμενον
1500 4395 1759 4463 ἀποπεμη

176 4485 544 4556 πὸμενοι.’Τὸ
592 4486 703 4555 γὰρ
738 4487 924 4557 μεῖζον
972 4485 1006 4557 ἢ
1064 4485 1289 4540 ἔλαττον
1336 4484 1525 4557 ῶσπερ
1577 4489 1636 4538 ὲν
1690 4487 1757 4556 τῇ

175 4578 338 4647 οὐσίᾳ.
372 4575 657 4647 θεωρῆσαι
687 4577 789 4630 οὐκ
816 4577 958 4639 ἐνὸν,
991 4576 1113 4630 οὐδὲ
1162 4577 1222 4630 ὲν
1273 4580 1337 4646 τῇ
1374 4575 1566 4648 Τριάδι
1620 4577 1762 4631 κατά

176 4668 274 4740 τὴν
313 4667 508 4721 οὐσίαν
534 4668 568 4740 ἢ
590 4667 690 4739 τὴν
722 4667 975 4737 θεότητα,
1013 4668 1103 4721 ῐνα
1125 4667 1224 4737 τὴν
1266 4666 1611 4738 Ἀρειανικὴν
1640 4666 1763 4720 λύσ-

179 4778 304 4823 σαν,
330 4760 395 4826 ἔξ
424 4754 493 4830 ἦς
515 4760 611 4813 καὶ
645 4759 780 4829 πρὸς
808 4762 876 4831 ἢν
907 4762 1043 4830 ἡμῖν
1091 4762 1119 4813 ὁ
1147 4758 1242 4813 νῦν
1290 4759 1549 4829 πόλεμος,
1586 4776 1760 4814 κατα-

180 4852 497 4921 σϐέσωμεν·
534 4850 660 4904 οὔτε
693 4852 801 4923 μὴν
834 4854 914 4916 είς
956 4853 1086 4922 μίαν
1109 4851 1410 4906 ὑπόστασιν
1434 4850 1761 4921 συγχέοντες

178 4941 213 5012 ἢ
265 4941 708 5010 συναλείφοντες,
758 4942 896 4997 ἀλλὰ
944 4943 1261 5015 προσώποις
1322 4942 1601 5013 ὑφεστῶσι
1661 4944 1758 4997 κα)⁸

182 5033 481 5105 πράγμασι
512 5034 607 5087 καὶ
635 5034 866 5104 ὀνόμασι
899 5035 961 5088 τὸ
1020 5034 1350 5107 διῃρημένον
1400 5034 1764 5105 συνημμένως

181 5125 332 5180 κατὰ
357 5125 461 5196 τὴν
490 5126 677 5180 οὐσίαν
708 5127 1078 5201 εἰσφέροντες,
1139 5128 1225 5181 ἴνα
1251 5126 1351 5199 τὴν
1394 5125 1763 5197 Σαϐελλιανὴν

185 5216 395 5289 μανίαν
435 5216 955 5290 ἐξαμαυρώσωμεν·
1017 5223 1089 5273 τά
1148 5219 1407 5274 ἀντίθετα
1456 5218 1606 5272 κακά
1663 5219 1760 5271 καὶ

256 5372 372 5446 (ιε)
402 5372 648 5446 Intelligo
675 5372 1075 5446 Nazianwnum
1102 5414 1118 5439 ,
1149 5389 1255 5444 quo
1302 5389 1462 5428 nemo
1497 5372 1748 5446 subtilius

184 5442 460 5512 simulque
497 5442 781 5512 copiosius,
801 5446 984 5498 multis
1012 5445 1064 5497 iu
1092 5442 1436 5501 sermonibus
1467 5447 1534 5497 de
1567 5442 1753 5496 Trini-

186 5524 297 5570 tate
335 5515 615 5569 disseruit.
650 5515 794 5567 Idem
827 5524 963 5570 orat.
998 5515 1085 5581 53,
1108 5532 1175 5581 ιι.
1205 5515 1295 5571 l6.
1336 5515 1435 5568 SS.
1466 5513 1755 5568 Trinitatis

189 5597 450 5649 personas
497 5583 628 5637 dicit
662 5582 881 5655 ἀριθμῷ
922 5580 1228 5658 διαιρετὰς,
1262 5584 1354 5639 καὶ
1384 5584 1444 5638 οὐ
1475 5583 1754 5654 διαιρετὰς

1859 4398 2199 4476 copulamus,
2233 4396 2364 4451 nihil
2402 4398 2455 4451 in
2501 4397 2586 4451 bis
2623 4396 2797 4466 majus
2858 4395 3102 4451 minusve
3132 4411 3253 4451 esse
3309 4412 3434 4450 cre-

1861 4492 2072 4545 dentes.
2104 4487 2241 4542 Nam
2271 4486 2442 4556 majus
2476 4496 2567 4541 aut
2616 4489 2796 4541 minus
2837 4488 2975 4540 sicut
3021 4487 3074 4540 in
3123 4488 3433 4542 substantia

1863 4583 2044 4636 videre
2080 4596 2184 4635 non
2217 4581 2364 4647 licet,
2402 4580 2475 4633 ita
2514 4594 2581 4632 ne
2616 4579 2669 4632 in
2719 4577 2989 4633 Trinitate
3020 4579 3237 4648 quidem
3293 4581 3435 4651 quod

1862 4672 2054 4727 attinet
2092 4671 2159 4725 ad
2207 4669 2567 4725 substantiam
2601 4686 2696 4724 seu
2722 4669 3095 4734 divinitatem;
3126 4672 3269 4739 quod
3301 4670 3438 4723 dit-i-

1865 4778 1985 4818 mus
2014 4772 2072 4816 ιιι
2105 4763 2364 4816 Arianam
2397 4762 2694 4825 vesaniam,
2727 4777 2789 4813 ex
2829 4776 2934 4828 qua
2955 4773 3006 4814 et
3042 4772 3231 4816 cuntra
3260 4777 3423 4831 quam

1866 4857 2019 4911 nobis
2049 4854 2244 4909 bellum
2273 4861 2375 4918 est,
2403 4853 2827 4922 exstinguainns.
2859 4854 3046 4922 Neque
3073 4853 3126 4905 in
3160 4869 3319 4907 unam
3342 4853 3437 4925 hy-

1866 4943 2125 5013 postasitn
2161 4942 2538 4997 confmnlimns
2566 4952 2658 4995 attt
2714 4944 3150 5003 eommiscemus,
3187 4943 3279 4996 sed
3311 4958 3436 5011 per-

1866 5034 2018 5089 sonis
2052 5034 2501 5097 subsistentibus,
2555 5035 2826 5102 rebusque
2866 5048 2929 5087 ac
2966 5035 3296 5099 nominibus,
3335 5036 3437 5087 diss

1869 5125 2184 5179 tiuctionem
2221 5126 2272 5178 in
2302 5126 2611 5180 substantia
2648 5127 2953 5193 repulatam
2994 5122 3341 5188 alﬁrmamus,
3380 5137 3439 5179 ut
3514 5114 3517 5115 ⁷

1866 5216 2233 5271 Sabellianum
2271 5231 2511 5271 errorem
2543 5215 2840 5270 deleamus.
2893 5212 3195 5283 Utrumque
3223 5216 3434 5271 scilicet

1855 5370 2069 5441 θεότητι
2090 5390 2103 5403 ο
2132 5389 2348 5426 numero
2381 5374 2679 5437 distinctas,
2712 5373 2986 5427 divinitate
3017 5390 3119 5428 non
3152 5375 3295 5427 item.

1934 5442 2046 5513 (ιι)
2090 5442 2421 5514 ’Υπερτελὴς
2448 5452 2502 5496 et
2524 5442 2838 5514 προτέλειος
2854 5444 3005 5512 apud
3026 5446 3205 5497 divum
3242 5444 3440 5513 liiony-

1863 5511 2238 5636 ιὲιιιιιιιᾲῇηιιι).⁷
2263 5514 2336 5566 De
2361 5511 2464 5565 die.
2488 5511 2626 5566 nom.
2658 5527 2720 5577 ll,
2752 5513 2834 5577 l0,
2861 5511 2981 5568 cum
3007 5517 3182 5568 sancti
3217 5511 3435 5571 Masuri

1907 5602 1931 5633 ι·
1958 5599 2008 5634 ιιι
2039 5599 2119 5636 ns.
2698 5594 2704 5598 ”
