3918 6152
233 317 333 386 585

1068 311 1631 381 APOLOGETICUS
1668 304 1817 371 PRO
1855 304 2124 367 SACRIS
2160 299 2642 365 IMAGINIBUS.

3364 289 3470 355 586

299 426 367 482 κ’.
395 425 456 480 El
487 427 540 480 δὲ
563 426 672 498 χρὴ
693 425 789 478 καὶ
821 420 1261 493 διεξοδικώτερόν
1291 436 1408 484 πως
1438 417 1570 489 περὶ
1603 414 1795 473 τούτου
1825 420 1850 475 Α

1966 412 2058 467 20.
2092 410 2245 479 Quod
2274 409 2321 465 si
2366 409 2532 463 etiam
2561 404 2719 476 paulo
2755 402 3026 473 c0piosius
3076 402 3175 456 hac
3227 416 3393 471 super
3416 415 3474 455 re

236 519 319 573 ξιά
348 519 476 579 τοὺς
509 514 934 586 ἐπιφυομένους.
989 512 1083 566 καί
1113 527 1272 574 τινας
1310 505 1677 577 καινοτομίας
1707 503 1802 557 νῦν

234 603 373 663 κατά
404 607 506 677 τῆς
563 606 837 677 σωτηρίου
891 603 988 658 τοῦ
1033 603 1170 657 Θεοῦ
1217 602 1391 670 Λόγου
1453 596 1805 659 ἐπινοοῦντας

237 696 676 769 ινσωματώσεως
719 696 1016 760 διαλαϐεῖν,
1072 695 1171 748 καὶ
1208 688 1366 756 αὖθις
1413 690 1647 761 ἐροῦμεν
1675 689 1806 773 οῃὸτι

236 791 394 860 φύσει
453 790 716 860 ὑπάρχων
755 789 887 852 Θεὸς
934 791 963 842 6
1010 786 1309 858 μονογενὴς
1357 784 1454 839 τοῦ
1506 781 1643 836 Θεοῦ
1711 780 1809 835 καὶ

234 883 448 953 Πατρὸς
493 881 618 943 Υἱὸς
676 882 770 934 καὶ
825 880 1018 948 Λόγος,
1064 880 1092 932 ὁ
1148 878 1256 949 πρὸ
1289 875 1502 930 αἰώνων
1544 873 1605 939 ἐξ
1640 869 1807 926 αὑτοῦ

235 976 533 1046 ἀφράστως
566 974 662 1026 καὶ
689 971 932 1043 ἀχρόνως
957 969 1263 1042 γεννηθεὶς,
1292 971 1394 1023 οὐκ
1432 964 1723 1023 ἀποϐαλὼν
1749 962 1811 1017 τὸ

235 1066 375 1126 εἶναι
400 1068 431 1122 δ
458 1063 528 1140 ἦν
546 1107 561 1132 ,
600 1065 763 1136 φύσει
796 1064 951 1128 Θεὸς,
987 1064 1045 1116 ἐν
1066 1061 1318 1133 ἐσχάτοις
1347 1059 1441 1115 τοῦ
1465 1059 1660 1122 αἰῶνος
1689 1074 1811 1113 και-

240 1162 351 1231 ροῖς
396 1159 563 1228 φύσιν
619 1155 969 1228 ἀνθρωπίνην
1004 1152 1258 1216 ἀνέλαδε,
1310 1152 1406 1206 καί⁹
1468 1150 1670 1222 σαρκὸς
1714 1149 1811 1203 καὶ

237 1254 468 1325 αἵματος
502 1249 895 1320 παραπλησίως
923 1250 1054 1319 ἡμῖν
1075 1246 1500 1317 κεκοινώνηκεν.
1534 1242 1597 1297 '0
1623 1244 1814 1312 Λόγος

238 1347 346 1418 γὰρ
379 1344 538 1413 σὰρξ
563 1341 803 1412 ἐγένετο
845 1342 944 1394 καὶ
985 1339 1343 1405 ἐσκήνωσεν
1385 1338 1456 1391 ἐν
1505 1336 1672 1406 ἡμῖν,
1715 1335 1815 1405 οὐχ

237 1436 426 1500 ἁπλῶς
450 1436 633 1502 σάρκα
660 1431 989 1502 ἀνειληφὼς,
1026 1431 1161 1485 ἀλλὰ
1206 1430 1353 1499 ψυχῇ
1386 1429 1577 1499 λογικῇ
1608 1445 1668 1481 τε
1720 1427 1817 1481 καὶ

240 1530 404 1600 vesp;
432 1526 795 1601 ὲψυχωμὲνην
823 1543 837 1558 ο
872 1526 902 1578 ὁ
936 1516 1101 1587 αὐτὸς
1130 1517 1211 1585 εἷς
1241 1522 1367 1583 Υἱὸς
1395 1522 1488 1574 καὶ
1506 1566 1511 1570 .
1531 1520 1676 1590 μετὰ
1718 1518 1817 1588 τὴν

243 1622 522 1693 σάρκωσιν
547 1619 811 1688 ὑπάρχων
861 1616 1148 1686 ὀμοούσιος
1175 1614 1271 1684 μὲν
1292 1613 1368 1682 τῷ
1391 1612 1509 1682 Θεῷ
1525 1611 1619 1665 καὶ
1645 1610 1819 1680 Πατρὶ

240 1713 387 1765 κατὰ
408 1711 506 1781 τὴν
538 1710 788 1780 θεότητα.
820 1707 1108 1779 όμοούσιος
1143 1707 1198 1760 δὲ
1236 1708 1333 1760 καὶ
1363 1707 1498 1777 ἡμῖν
1543 1703 1686 1756 κατὰ
1719 1702 1817 1773 τὴν

1906 504 2277 560 disserendum
2315 509 2419 566 est,
2459 507 2678 568 propter
2721 493 3066 551 suborientes
3103 493 3470 553 adversarios.

1905 596 1997 666 qui
2028 574 2296 648 novitates
2323 591 2586 663 quasdam
2614 597 2805 644 contra
2852 580 3151 643 salutarem
3185 584 3279 639 Dei
3310 583 3477 640 Verbi

1908 684 2337 741 incarnationem
2391 680 2727 751 excogitant,
2791 677 2873 734 sic
2930 677 3112 732 denuo
3168 690 3476 732 sermonem

1909 778 2254 839 instituemus
2280 793 2294 829 :
2319 775 2464 830 Deus
2485 780 2675 841 suapte
2692 780 2880 826 natura
2912 786 3037 825 cum
3060 778 3207 826 esset
3226 770 3478 838 tniigenio

1912 879 1997 925 tus
2046 868 2141 923 Dei
2174 866 2353 922 Patris
2402 865 2574 920 Filius
2598 874 2655 917 et
2690 862 2949 924 Verbum,
3009 862 3099 916 ille
3129 872 3255 916 ante
3278 862 3478 918 sarcula

1909 976 1977 1018 ex
2014 962 2131 1031 ipso
2169 942 2520 1015 inerrabiliter
2573 967 2631 1013 et
2682 954 3116 1024 intemporaliter
3148 966 3330 1022 natus,
3367 971 3474 1011 non

1912 1053 2118 1122 abjecta
2151 1065 2314 1117 quant
2341 1045 2671 1103 naturaliter
2694 1045 2931 1101 habebat
2954 1044 3260 1111 divinitate,
3291 1055 3479 1101 extre-

1915 1145 2017 1200 mis
2046 1143 2231 1199 szeculi
2264 1140 2622 1209 temporibus,
2653 1145 2908 1191 naturam
2939 1137 3236 1191 humanam
3268 1150 3476 1193 susce-

1914 1237 2014 1307 pit,
2048 1244 2104 1289 et
2129 1247 2348 1288 carnem
2383 1246 2446 1285 ac
2470 1229 2788 1300 sanguinem
2827 1242 2981 1296 teque
3009 1242 3074 1282 ac
3104 1242 3204 1284 nos
3259 1229 3483 1299 partici-

1914 1324 2082 1395 pavit.
2113 1320 2247 1377 Nam
2297 1320 2526 1376 Verbum
2564 1333 2690 1397 caro
2728 1318 2935 1386 factum
2961 1328 3075 1384 est,
3128 1328 3181 1374 et
3217 1320 3479 1376 habitavit

1915 1417 1969 1468 in
1992 1415 2160 1478 nobis,
2187 1428 2293 1468 non
2321 1426 2539 1466 carnem
2561 1408 2937 1488 tantumnodo
2957 1423 3266 1475 assumens,
3292 1425 3482 1467 verum

1917 1507 2292 1566 etiamanima
2342 1501 2594 1558 rationali
2645 1500 3112 1570 intellectualique
3159 1502 3487 1560 animatum.

1916 1601 2061 1656 ldem
2094 1601 2286 1661 unicus
2320 1595 2489 1651 Filius
2521 1604 2643 1664 post
2680 1593 3117 1649 incarnationem
3146 1597 3314 1650 etiam
3343 1599 3485 1655 exsi-

1918 1705 2090 1759 stens,
2132 1688 2612 1747 consubstantialis
2634 1686 2852 1756 quidem
2880 1687 2988 1743 Deo
3014 1686 3161 1741 Patri
3186 1694 3486 1746 secundum

241 1777 661 1875 ἀνθρωπνότητα,
685 1777 974 1869 ᾧυλάσσων
1008 1799 1104 1853 καὶ
1154 1797 1438 1862 διασὼζυιν
1488 1782 1557 1848 ἐν’
1576 1792 1817 1864 ἑκατέρᾳ

1938 1787 2199 1847 leitatem,
2236 1783 2330 1837 sed
2364 1782 2519 1835 nobis
2548 1793 2763 1849 quoque
2777 1777 3261 1836 consubstantialis
3296 1796 3493 1838 secun~

214 1891 352 1948 ’τῶν
376 1890 805 1962 συνδραμουσῶν
835 1891 891 1942 ὲν
923 1893 990 1961 τῇ
1022 1888 1158 1961 αὐτῇ
1214 1889 1309 1941 καὶ
1368 1888 1469 1958 μιᾷ
1516 1883 1818 1939 ὑποστάσει

1938 1878 2045 1933 lum
2067 1876 2497 1939 humanitatem;
2524 1872 2762 1928 retinens
2788 1884 3231 1939 consensusque
3248 1872 3302 1926 in
3330 1884 3485 1928 utra-

243 1984 483 2054 φύσεων,
516 1983 620 2035 κάν
644 1983 712 2051 τῇ
742 1978 958 2041 ὲνώσει,
994 1977 1459 2049 ἀπαρατρὲπτους
1484 1975 1578 2029 καὶ
1619 1974 1821 2044 ἀμετα-

244 2073 480 2141 ϐλήτους
510 2069 606 2123 καὶ
634 2066 974 2138 ἀσυγχύτους
1019 2067 1117 2131 τὰς
1152 2064 1379 2128 ἐνούσας
1429 2065 1625 2126 αὐταῖς
1662 2078 1823 2131 φυσι-

246 2163 351 2227 κὰς
380 2163 439 2215 ὲν
475 2161 728 2230 ποιότησι
781 2158 1066 2229 διαφοράς.
1108 2156 1280 2210 Τοῦτο
1317 2155 1419 2227 γὰρ
1448 2156 1483 2226 ἡ
1523 2154 1684 2225 καινὴ
1730 2152 1824 2208 καὶ

246 2253 559 2323 παράδοξος
595 2251 743 2322 μίξις
773 2251 873 2319 τῆς
909 2249 1241 2320 κενωθείσης
1271 2248 1544 2318 θεότητος,
1581 2246 1677 2299 καὶ
1727 2245 1824 2314 τῆς

249 2344 702 2419 προσληφθείσης
736 2341 1194 2412 ἁνθρωπότητος,
1228 2338 1289 2404 ἐξ
1336 2331 1411 2394 ὧν
1448 2340 1484 2408 ὴ
1526 2336 1650 2391 καθ’
1691 2336 1825 2413 61:6-

253 2455 442 2494 στασιν
470 2436 667 2507 ἕνωσις
694 2435 828 2504 ἡμῖν
859 2431 1288 2486 ἀποτελεσθεῖσα
1324 2430 1657 2501 γνωρίζεται
1692 2444 1706 2458 ⁸
1737 2429 1825 2482 τι-

252 2544 449 2583 κτεται
478 2526 588 2597 γὰρ
608 2524 741 2589 Θεὸς
779 2523 920 2595 μετά
952 2522 1049 2576 τοῦ
1086 2521 1537 2594 προσλήμματος,
1560 2519 1621 2574 τὸ
1650 2537 1829 2592 παρα-

251 2600 540 2686 ὼξὸτατον
570 2634 585 2650 υ
634 2616 755 2679 ὅλος
774 2617 885 2686 γὰρ
913 2613 987 2668 ὢν
1018 2614 1152 2679 Θεὸς
1189 2615 1218 2666 6
1243 2614 1439 2683 Λόγος,
1476 2611 1584 2684 ὅλῳ
1613 2609 1825 2684 ἀνθρώο

253 2710 590 2781 πιρήνωται,
620 2709 698 2771 είς
733 2707 863 2778 μίαν
902 2705 1157 2759 σύνθετον
1208 2704 1349 2758 κατά
1410 2704 1605 2757 ταυτὸν
1640 2702 1829 2757 συνελ-

254 2794 368 2855 θὼν
397 2800 699 2854 ὑπόστασιν
723 2815 737 2830 ·
790 2796 880 2852 διὰ
930 2795 1088 2850 τοῦτο
1135 2797 1230 2850 καὶ
1259 2797 1293 2866 ἡ
1319 2795 1576 2859 τεκοῦσα,
1626 2794 1832 2867 κυρίως

257 2894 355 2947 καὶ
406 2890 625 2961 ἀληθῶς
667 2889 929 2952 Θεοτόκος
964 2887 1101 2958 πρὸς
1151 2887 1310 2958 ἡμῶν
1362 2886 1712 2959 ὁμολογεῖται
1742 2903 1758 2919 ·
1806 2887 1835 2939 6

256 2985 371 3056 γὰρ
395 2984 629 3055 ἀμήτωρ
651 2983 715 3036 ὲκ
743 2979 955 3050 Πατρός
984 2981 1238 3051 ἀνάρχως
1290 2977 1574 3051 γεννηθεὶς
1605 2979 1664 3043 τὸ
1702 2979 1834 3051 πρόο

257 3091 441 3148 τερον,
469 3072 699 3143 ἀπάτωρ
724 3068 784 3134 ἐξ
816 3069 987 3140 αὑτῆς
1038 3068 1279 3140 προῆλθε
1323 3067 1384 3123 τὸ
1442 3069 1698 3140 δεύτερον
1723 3087 1737 3100 ο
1772 3068 1832 3122 ού

256 3169 365 3236 τῆς
402 3162 658 3232 θεότητος
713 3158 880 3214 αὑτοῦ
930 3158 1184 3212 ἐντεῦθεν
1239 3161 1320 3223 εἰς
1371 3159 1433 3215 τὸ
1467 3159 1606 3212 εἶναι
1660 3157 1835 3229 ἀρχὴν

256 3255 559 3325 λαϐούσης,
599 3248 737 3307 ἀλλά
772 3250 963 3323 μείνας
996 3250 1134 3322 ὅπερ
1165 3245 1255 3320 ἦν,
1305 3250 1334 3304 ὃ
1361 3251 1461 3305 οὐκ
1498 3246 1567 3324 ἦν
1615 3267 1839 3320 προσει-

258 3345 449 3417 ληφὼς
484 3342 841 3416 ᾠκειώσατοο
883 3342 979 3397 καὶ
1036 3341 1231 3411 γέγονε
1267 3341 1499 3412 μεσίτης
1552 3340 1691 3395 Θεοῦ
1743 3342 1840 3401 καὶ

262 3436 593 3506 ἀνθρώπων,
632 3433 871 3504 ἑκατέρᾳ
915 3432 1329 3503 κεκοινωνηκὼς
1373 3432 1485 3486 τῶν
1527 3433 1840 3505 ἐτεροφυῶν

261 3528 490 3591 οὐσιῶν,
547 3525 804 3596 θεότητός
832 3542 916 3587 τε,
948 3525 1115 3596 φημὶ,
1144 3526 1238 3579 καὶ
1281 3525 1724 3597 ἀνθρωπότητος,
1761 3526 1841 3597 τῷ

266 3619 542 3692 μοναδικῷ
572 3617 669 3672 τοῦ
696 3617 992 3690 προσώπου
1028 3617 1436 3688 συναπτόμενος
1462 3634 1476 3648 ο
1511 3621 1608 3674 καὶ
1640 3621 1749 3693 γὰρ
1784 3625 1841 3676 αἱ

264 3716 347 3775 είς
378 3711 437 3765 ἓν
472 3709 880 3783 συνδραμοῦσαι
936 3710 1127 3778 φύσεις
1164 3711 1258 3763 τὸν
1314 3694 1412 3765 ἕνα
1466 3712 1703 3783 Χριστὸν
1751 3714 1843 3767 καὶ

264 3800 407 3860 Υἰὸν
447 3805 543 3858 καὶ
578 3803 787 3874 Κύριον
840 3803 1198 3859 ἀπετέλεσαν.
1254 3797 1351 3867 Εἷς
1389 3804 1499 3876 γὰρ
1541 3803 1602 3871 ἐξ
1639 3807 1844 3875 ἀμφοῖν

266 3895 550 3967 προελθὼν
588 3897 789 3961 νοεῖται
812 3896 1073 3967 Χριστὸς,
1108 3897 1247 3952 κατὰ
1268 3912 1327 3949 τε
1352 3895 1414 3949 τὸ
1433 3895 1726 3967 νοούμενον
1748 3897 1843 3950 καὶ

266 3991 327 4044 τὸ
361 3987 691 4057 φαινόμενον
718 4003 733 4017 ·
768 3988 975 4051 τέλειος
1003 3988 1194 4060 ὥσπερ
1219 3991 1315 4043 καὶ
1353 3989 1716 4054 ἀναλλοίωτος
1743 4006 1845 4061 μεο

269 4077 527 4148 μενηκὼς
573 4066 811 4148 θεότητι,
841 4077 989 4131 οὔτω
1042 4079 1139 4132 καὶ¹
1173 4079 1381 4144 τέλειος
1437 4080 1532 4135 καὶ
1574 4082 1846 4151 ἄτρεπτος

268 4169 624 4243 χρηματίσας
655 4169 796 4222 κατά
820 4171 920 4241 τὴν
941 4169 1346 4242 ἀνθρωπότητα
1377 4186 1392 4200 ’
1425 4171 1645 4243 ἀπαθὴς
1675 4170 1777 4243 μὲν
1821 4173 1849 4225 6

271 4267 435 4330 αὐτὸς
464 4264 610 4318 κατά
629 4264 727 4336 τὴν
756 4247 1008 4336 θεότητα,
1043 4265 1128 4319 ὅτι
1154 4268 1249 4319 καὶ
1270 4264 1586 4335 ἀσώματος,
1633 4264 1757 4320 καθ’
1783 4265 1850 4336 ἣν

270 4357 570 4430 ὑπερφυῶς
602 4356 987 4428 ὲτερατούργει
1030 4358 1100 4412 τὰ
1128 4357 1406 4427 θαύματα,
1456 4357 1734 4429 ἄφθαρτός
1786 4374 1846 4412 τι

1917 1984 2026 2041 que
2053 1966 2496 2041 concurrentium
2529 1963 2595 2016 ad
2626 1959 2871 2017 eamdem
2903 1973 3175 2027 unamque
3197 1975 3491 2031 personam

1921 2069 2278 2122 naturarum,
2327 2062 2450 2125 pust
2493 2052 2692 2105 factam
2740 2047 2905 2104 etiam
2965 2049 3251 2119 unionem,
3303 2054 3495 2110 incon-

1923 2149 2196 2208 vertibiles
2252 2159 2309 2204 et
2351 2148 2712 2206 immutabiles
2769 2168 2953 2231 atque
2979 2157 3313 2223 inconfusas,
3366 2179 3497 2233 quae

1925 2243 2141 2314 utrique
2188 2242 2456 2299 inhaerent
2504 2248 2786 2303 naturales
2858 2249 3181 2320 qualitatum
3242 2251 3500 2310 diﬂ'ereuo

1928 2332 2051 2389 tias.
2116 2332 2174 2388 lu
2227 2333 2332 2395 hoe
2359 2335 2505 2390 enim
2560 2348 2813 2395 versatur
2860 2357 2999 2396 nova
3057 2353 3114 2398 et
3175 2346 3497 2403 admiranda

1928 2423 2110 2481 mistio
2144 2425 2437 2480 exinanitae
2492 2426 2713 2484 deitatis
2757 2439 2813 2486 et
2849 2440 3142 2502 assumpta:
3176 2435 3497 2493 humanita-

1930 2517 2034 2583 tis;
2085 2517 2228 2573 unde
2255 2532 2319 2575 ea
2351 2533 2472 2589 quae
2502 2532 2720 2588 peracta
2772 2532 2856 2577 est
2891 2524 2945 2577 in
2977 2540 3211 2595 persona
3257 2529 3500 2584 unitas‘a

1930 2610 2088 2677 nobis
2122 2614 2489 2693 cognoscitur.
2528 2613 2747 2669 Paritur
2790 2616 2935 2673 enim
2966 2618 3241 2688 (mirabile
3276 2623 3423 2678 dictu
3451 2622 3497 2696 l)

1931 2709 2054 2771 post
2081 2714 2412 2770 assumptum
2458 2704 2852 2760 humanitatem
2885 2705 3049 2778 Deus.
3102 2707 3322 2777 Integer
3353 2712 3499 2768 enim

1932 2790 2076 2847 Deus
2112 2792 2323 2862 integro
2350 2793 2553 2848 homini
2585 2795 2892 2862 copulatur,
2929 2797 2983 2851 in
3017 2814 3179 2853 unam
3219 2805 3502 2872 corrrposi-

1936 2892 2045 2939 tam
2069 2887 2400 2942 conveniens
2442 2902 2729 2956 personam
2776 2897 2940 2959 atque
2972 2891 3278 2960 subjectum
3326 2910 3344 2950 :
3395 2910 3507 2965 quo

1937 2973 1996 3029 ﬁt
2021 2983 2077 3029 ut
2107 2990 2226 3030 eam
2259 2990 2379 3044 qua:
2414 2976 2626 3045 peperit
2655 2978 2873 3046 proprie
2904 2993 3143 3049 vereque
3173 2996 3273 3037 nos
3309 2984 3504 3054 Deips-

1939 3083 2052 3122 ram
2081 3066 2456 3124 confiteantur.
2478 3066 2617 3127 Nam
2651 3069 2753 3138 qui'
2775 3070 2894 3126 sine
2921 3083 3095 3128 matre
3125 3084 3181 3128 et
3197 3074 3319 3132 sine
3352 3077 3511 3135 initio

1939 3160 2150 3229 genitus
2189 3170 2350 3216 antea
2378 3160 2577 3226 fuerat,
2608 3166 2902 3218 secundum
2935 3179 3003 3219 ex
3062 3166 3153 3221 illa
3195 3170 3314 3224 sine
3351 3182 3513 3242 patre

1941 3252 2277 3315 nativitatem
2334 3254 2559 3309 sortitus
2624 3264 2749 3322 est;
2812 3270 2916 3312 non
2962 3260 3104 3326 quod
3157 3263 3334 3319 deitas
3392 3265 3515 3334 ejus

1942 3342 2067 3398 hinc
2102 3344 2312 3398 initium
2350 3345 2646 3401 exsistendi
2697 3351 3013 3417 sumpserit,
3073 3356 3168 3408 sed
3208 3358 3513 3413 manensiu

1940 3451 2006 3492 eo
2034 3437 2176 3506 quod
2206 3446 2349 3505 erat,
2381 3439 2523 3508 quod
2577 3455 2683 3494 non
2716 3450 2834 3495 erat
2861 3456 3170 3511 assumens,
3227 3450 3509 3518 proprium

1942 3529 2045 3585 sibi
2078 3529 2226 3597 fecit,
2255 3530 2538 3600 [actusque
2579 3544 2666 3590 est
2699 3537 2964 3591 mediator
2991 3537 3083 3595 Dei
3109 3548 3166 3595 et
3200 3541 3510 3608 hominum,

1945 3631 2232 3697 utramque
2256 3623 2592 3692 participans
2617 3625 2886 3679 diversam
2909 3637 3187 3694 naturam,
3224 3630 3512 3699 deitatem,

1946 3712 2188 3783 inquam,
2234 3723 2291 3769 et
2350 3714 2764 3779 humanitatem,
2798 3731 2937 3787 quas
2993 3721 3200 3776 unitate
3259 3737 3511 3791 persona:

1945 3802 2264 3873 copulavit:
2298 3820 2421 3859 nam
2484 3807 2603 3860 dua:
2647 3806 2808 3861 simul
2864 3822 3256 3870 concurrentes
3306 3824 3520 3872 natura

1946 3910 2111 3975 unum
2144 3893 2446 3950 eﬂ‘ecerunt
2467 3894 2746 3952 Christum
2779 3907 2835 3954 et
2854 3898 3049 3955 Filium
3084 3916 3150 3959 ac
3173 3902 3461 3961 Dominum
3500 3924 3519 3962 :

1948 4000 2097 4041 unus
2140 3985 2340 4056 quippe
2392 4000 2460 4041 ex
2535 3987 2748 4044 duobus
2818 3992 3114 4059 procedere
3194 3992 3522 4067 intelligitur

1947 4076 2215 4145 Christus,
2242 4087 2412 4148 prout
2450 4087 2632 4135 mente
2661 4082 2968 4152 concipitur
3000 4094 3058 4139 et
3084 4085 3200 4140 visu
3223 4087 3472 4144 cernitur
3498 4106 3515 4143 :

1951 4181 2112 4239 atque
2146 4180 2204 4226 ut
2256 4170 2531 4241 perfectus
2572 4178 2627 4228 et
2682 4173 3041 4229 immutabilis
3084 4190 3415 4244 permanens
3462 4181 3516 4235 in

1951 4262 2170 4327 deitate,
2210 4263 2282 4322 ita
2314 4262 2593 4335 perfectus
2614 4273 2670 4318 et
2697 4264 3128 4323 inconvertibilis
3159 4268 3434 4327 assistens
3468 4271 3523 4326 in

1953 4351 2291 4408 humanitate
2343 4369 2367 4423 ί
2416 4351 2771 4424 impassibilis
2839 4355 2983 4411 idem
3042 4357 3281 4424 deitate,
3338 4369 3529 4429 utpote

272 4450 561 4511 ὡσαύτως,
591 4446 1008 4518 ἀπερίγραπτός
1040 4466 1101 4502 τε
1135 4450 1229 4503 καὶ
1250 4448 1532 4511 ἀθάνατος
1557 4465 1571 4481 ο
1607 4450 1850 4522 παθητὸς

1958 4443 2123 4501 etiam
2159 4444 2535 4514 incorporeus,
2563 4445 2721 4516 cujus
2751 4448 2803 4500 vi
2830 4450 3235 4516 supernaturali
3263 4452 3529 4509 miracula

272 4544 328 4596 δὲ
361 4541 514 4595 κατὰ
544 4539 647 4611 τὴν
677 4540 1095 4613 ἀνθρωπότητα·
1131 4541 1531 4612 σεσωμάτωται
1562 4541 1695 4612 γὰρ,
1723 4540 1854 4595 καθ’

272 4635 340 4707 ἢν
368 4632 627 4706 φυσικῶς
657 4634 725 4686 τὰ
753 4633 901 4704 πάθη
929 4632 1149 4704 διέφερε
1177 4649 1191 4663 ο
1238 4634 1334 4689 καὶ
1385 4634 1579 4705 θνητὸς
1609 4636 1638 4688 6
1669 4634 1856 4701 αὐτὸς,

274 4726 530 4798 γραπτός
575 4743 633 4779 τε
668 4726 761 4779 καὶ
804 4730 1205 4797 περίγραπτος,
1242 4728 1370 4783 καθ’
1408 4724 1440 4780 ὅ
1495 4726 1740 4797 πέφηνεν
1796 4724 1861 4781 ἑκ

278 4820 605 4890 σπέρματος
632 4818 797 4872 Δαὸὶδ
845 4819 1130 4889 ἄνθρωπος
1159 4835 1174 4850 °
1225 4817 1525 4874 οἰκειοῦται
1573 4818 1632 4873 δὲ
1667 4817 1738 4872 τὰ
1762 4816 1860 4872 τοῦ

281 4910 417 4964 ἰδίου
457 4909 587 4964 ναοῦ
623 4909 768 4981 παθη
808 4910 837 4962 6
866 4909 1065 4977 Λόγος,
1117 4914 1352 4982 σταυρόν
1385 4929 1446 4965 τε
1497 4912 1593 4964 καὶ
1624 4910 1859 4964 θάνατον

279 5004 384 5057 καὶ
421 5002 591 5057 τᾶλλα
637 4990 736 5056 ὅσα
788 5002 1151 5073 οἰκονομικῶς
1190 5003 1259 5056 δι’
1294 5005 1444 5075 ἡμᾶς
1498 5002 1694 5056 παθεῖν
1722 5018 1864 5056 -κατ-

280 5094 490 5166 ηξίωσε
517 5113 531 5128 ’
561 5094 640 5165 τῷ
681 5095 790 5166 γὰρ
820 5094 1016 5166 αἵματι
1058 5094 1227 5149 αὑτοῦ
1271 5097 1350 5166 τῷ
1394 5095 1562 5166 τιμίῳ
1599 5094 1867 5166 ἐξηγορόι-

288 5188 502 5258 σθημεν
535 5185 586 5241 oi
619 5187 968 5258 πεπραμένοι
988 5192 1055 5260 τῇ
1098 5188 1364 5259 ἁμαρτίᾳ,
1394 5187 1463 5251 δι’
1513 5180 1575 5241 οῦ
1601 5186 1662 5240 τὸ
1696 5186 1861 5257 μεσό-

284 5291 467 5346 τοιχον
495 5273 592 5328 τοῦ
617 5275 877 5346 φραγμοῦ
909 5276 1071 5331 ἔλυσε
1102 5278 1201 5349 τὴν
1256 5278 1462 5353 ἔχθραν,
1490 5279 1548 5331 ὲν
1597 5279 1663 5347 τῇ
1698 5270 1867 5346 σαρκὶ

281 5365 478 5431 αὐτοῦ,
509 5366 965 5433 ἀποκαταλλάξας
992 5367 1062 5422 τὰ
1099 5368 1401 5438 ἐπουράνια
1422 5370 1536 5431 τοῖς
1559 5367 1829 5436 ἐπιγείοις
1847 5403 1865 5431 ,

283 5457 385 5511 καὶ
412 5456 543 5527 μίαν
577 5456 882 5525 ἐκκλησίαν
912 5459 1009 5512 καὶ
1031 5459 1339 5532 πανήγυριν
1373 5458 1621 5527 ἀγγέλων
1645 5459 1742 5512 καὶ
1771 5462 1869 5513 ἀν-

285 5544 528 5611 θρώπων
557 5547 615 5599 ἐν
644 5545 862 5617 ούρανῷ
915 5547 1012 5600 καὶ
1073 5549 1167 5601 ἐπὶ
1200 5548 1303 5618 γῆς
1354 5547 1867 5618 καταστησάμενος.

287 5633 387 5699 Εἷς
412 5638 708 5707 τοιγαροῦν
743 5640 865 5692 ἐστι
884 5639 944 5693 τὸ
975 5642 1407 5714 σν.›ναι.ι.‹ι›ότιειρον⁹
1436 5641 1616 5695 καίτοι
1642 5640 1868 5712 πάσχων

286 5726 452 5782 οὐδὲν
485 5726 744 5791 είςίδίαν
797 5727 981 5794 φύσιν,
1010 5729 1175 5795 αὐτὸς
1210 5730 1429 5799 λέγεται
1472 5727 1666 5783 παθεῖν
1725 5729 1868 5801 ὑπὲρ

496 5824 776 5885 Paeon.
811 5824 927 5883 Gn.
963 5826 1028 5888 C.

1958 4534 2241 4603 patrabat;
2295 4536 2568 4605 simulque
2619 4537 3074 4608 incorruptibilis,
3106 4540 3523 4599 incircumscri-

1959 4635 2082 4696 plus
2106 4634 2160 4681 et
2196 4628 2569 4696 immortalis;
2620 4629 2898 4698 passibilis
2937 4644 3119 4688 autem
3162 4633 3529 4701 humanitate,

1962 4728 2147 4789 utpote
2220 4733 2539 4787 corporeus,
2613 4723 2912 4776 secundum
2973 4739 3136 4794 quam
3206 4727 3537 4783 naturaliter

1962 4809 2239 4871 cruciatus
2286 4809 2507 4880 pertulit
2555 4825 2571 4864 :
2628 4811 2772 4866 idem
2815 4814 3088 4879 mortalis,
3150 4814 3415 4886 ﬁguratus
3478 4827 3535 4873 et

1963 4900 2434 4969 circumscriptus,
2484 4911 2759 4970 quatenus
2809 4916 3145 4976 apparuerat
3200 4910 3270 4965 de
3314 4910 3537 4966 Davidis

1972 4990 2149 5059 stirpe
2200 4990 2382 5045 homo.
2433 4992 2688 5063 Proprias
2738 5010 2867 5051 vero
2923 4997 3027 5052 sibi
3061 4998 3193 5054 iacit
3235 5000 3419 5069 templi
3453 5002 3537 5055 sui

1966 5086 2253 5150 passiones
2280 5081 2540 5148 Verbum,
2571 5100 2902 5155 crucetuque
2936 5095 2990 5141 et
3021 5098 3275 5156 mortem,
3321 5101 3377 5145 et
3433 5084 3540 5145 alia

1968 5174 2276 5241 hujusmodi
2304 5190 2425 5244 quae
2440 5186 2664 5245 propter
2694 5192 2795 5233 nos
2816 5178 3182 5249 dispensative
3208 5180 3318 5249 pati
3343 5176 3543 5251 digna-

1970 5276 2082 5320 tmn
2115 5275 2223 5321 est.
2258 5266 2394 5320 Nam
2422 5269 2689 5341 sanguine
2715 5269 2834 5338 ejus
2863 5271 3105 5340 pretioso
3125 5271 3294 5342 empti
3325 5262 3559 5338 sumus,

1970 5358 2059 5427 qui
2115 5369 2340 5429 peccato
2389 5372 2610 5413 eramus
2662 5359 2956 5428 divenditi,
3007 5363 3077 5418 ab
3125 5378 3301 5433 eoque
3365 5363 3544 5419 media

1973 5449 2238 5516 maceria,
2267 5448 2554 5503 inimicitia
2589 5449 2822 5515 scilicet,
2866 5452 2920 5506 in
2971 5468 3137 5509 carne
3174 5454 3397 5525 propria
3425 5455 3541 5510 dis-

1972 5538 2148 5611 soluta
2178 5537 2303 5604 fuit,
2332 5538 2458 5603 quia
2495 5539 2865 5596 reconciliavit
2894 5543 3137 5601 colestia
3172 5544 3548 5613 terrestribus,

1974 5628 2575 5700 unamqueﬁcclesiam
2607 5640 2670 5686 ac
2697 5642 2902 5689 cretum
2937 5635 3253 5705 angelorum
3288 5647 3344 5692 et
3375 5637 3553 5692 homi-

1975 5737 2103 5779 num
2157 5722 2211 5777 in
2261 5720 2401 5778 casio
2450 5730 2709 5794 terraque
2756 5727 3061 5785 constituit.
3094 5726 3249 5784 Unus
3295 5742 3428 5801 ergo
3473 5737 3558 5785 est

3170 5822 3279 5884 J9
