3900 6148
438 310 542 375 509

1466 321 1531 387 S.
1571 321 1989 384 NICEPHORI
2026 320 2531 383 PATRIARCHE
2561 322 2670 384 ΕΡ.

3577 315 3685 380 600

439 423 633 478 sectati
665 431 790 477 sunt
813 431 977 494 atque
1017 425 1371 494 adamarunt,
1404 436 1459 483 et
1487 440 1717 486 cunctus
1743 431 2007 487 Christia—

2118 447 2191 484 νοι
2243 431 2697 499 ἑπεσφράγισαν,
2742 427 2837 484 καὶ
2887 427 3156 499 βασιλέων
3199 430 3252 484 οἱ
3304 427 3552 490 εὐσεϐεῖς
3591 428 3686 479 καὶ

437 528 632 568 norum
667 515 894 584 populus
924 517 1205 586 amplexus
1227 528 1342 584 est,
1379 520 1431 574 in
1462 535 1633 590 eoque
1660 533 2003 592 perseverat;

441 615 495 659 ct
524 606 897 676 interpositum
923 609 1068 664 illinc
1089 610 1309 679 triginta
1334 614 1718 681 propemodum
1745 629 2006 668 annorum

442 701 677 766 spatium
707 701 819 768 (54)
859 701 1238 768 confirmavit;
1271 719 1474 772 nosque
1505 705 1636 758 adeo
1660 715 1715 758 ιιι
1741 715 1884 758 recta
1919 720 2008 758 re-

441 787 639 858 ligione
689 791 907 857 plenum
947 793 1296 856 admisimus,
1357 792 1515 860 eique
1562 792 2005 860 subscripsimus,

440 895 505 932 cx
541 897 646 946 quo
669 881 824 934 electi
853 895 905 933 et
940 882 1096 951 175
1129 885 1180 934 in
1213 883 1610 949 episcopalibus
1629 882 1850 937 sedibus
1877 897 2008 935 con-

436 973 614 1025 stitnti
649 971 865 1026 fuimus.
915 973 1111 1026 Pareat
1154 988 1285 1026 vero
1317 973 1472 1027 nobis
1514 973 1690 1035 Deus.
1733 973 1876 1041 quod
1909 973 2009 1027 bos

439 1076 653 1130 quoque
703 1077 888 1115 sacros
930 1077 1165 1115 eanones
1217 1064 1703 1130 contempserimus
1760 1062 1905 1132 (55),
1953 1067 2009 1115 et

438 1153 759 1221 professioni
814 1153 1060 1207 infideles
1097 1154 1447 1217 exstitimus,
1482 1169 1709 1222 quorum
1745 1167 2008 1208 censuras

438 1245 688 1315 latasque
725 1252 1024 1300 sententias
1059 1248 1110 1299 in
1159 1245 1442 1314 animabus
1489 1247 1688 1299 nostris
1731 1245 2005 1313 gerimus,

438 1337 563 1405 quia
602 1338 820 1404 impiam
875 1337 1270 1404 profanamque
1321 1335 1622 1388 doctrinam
1655 1347 1835 1388 mente
1871 1335 2008 1388 fovi-

441 1444 582 1480 mus.
619 1425 694 1480 Ita
728 1427 994 1493 fortasse,
1020 1428 1065 1481 si
1110 1442 1139 1481 a
1173 1442 1267 1480 sua
1301 1425 1517 1494 crapula
1551 1435 1709 1495 atque
1754 1427 2008 1481 incredu-

437 1515 592 1569 litate
635 1515 925 1582 aliquando
970 1515 1371 1582 resipiscerent,
1415 1515 1626 1583 sibique
1678 1514 2008 1582 imperantes

437 1609 504 1658 ad
541 1607 822 1661 veritatem
857 1607 1210 1676 respicerent,
1248 1607 1317 1661 ita
1340 1645 1357 1673 ,
1388 1606 1628 1676 inquam,
1665 1605 1896 1660 fortasse
1931 1605 2007 1660 l0-

437 1708 758 1765 quereotur,
813 1712 1035 1751 suarum
1092 1698 1396 1752 animarum
1449 1696 1586 1750 mala
1641 1695 2001 1764 deplorantes.

435 1787 546 1843 Dios
581 1791 794 1842 interim
831 1790 1096 1858 reliquum
1132 1801 1438 1842 sermonem
1487 1801 1902 1858 prosequamur,
1949 1793 2006 1838 et
2037 1763 2077 1816 Β

433 1883 714 1952 proposito
743 1891 1062 1950 argumento
1093 1881 1430 1936 insistamus.

504 2061 595 2116 26.
639 2059 946 2117 Sacerdotes
979 2064 1088 2128 lui,
1137 2062 1310 2132 inquit
1355 2061 1674 2131 Scriptura,
1719 2061 2008 2114 induentur

432 2151 647 2220 iustitia
668 2153 735 2208 ".
767 2153 946 2207 Alieni
1001 2168 1128 2227 vero
1168 2154 1480 2208 sacerdotes
1514 2153 1681 2222 quid?
1713 2151 2006 2206 induentur

433 2245 751 2312 ignOminia,
781 2246 904 2313 quia
935 2263 955 2295 ι
981 2245 1120 2298 idola
1151 2247 1379 2299 adorare
1409 2247 1616 2302 volunt.
1648 2265 1667 2297 ι
1704 2243 1828 2298 Ha-c
1855 2245 2005 2297 aiunt

435 2337 687 2392 homines
713 2338 1033 2391 sacerdotali
1073 2339 1351 2392 schemate
1384 2337 1574 2397 induti.
1617 2337 1706 2404 qui
1731 2335 2003 2390 Christia-

433 2443 562 2483 num
596 2438 773 2483 tamen
810 2431 999 2498 dogma
1031 2429 1327 2496 ejerarunt,
1373 2438 1428 2482 et
1471 2428 1722 2482 idolicmn
1758 2427 2006 2495 praecipi-

434 2521 570 2574 tium
603 2521 930 2584 maluerunt,
961 2521 1014 2573 in
1059 2521 1202 2590 quod
1228 2534 1287 2573 se
1320 2521 1491 2574 ruisse
1541 2521 1758 2588 ipsimet
1789 2519 2003 2589 pervul-

431 2621 593 2679 gant,
650 2613 741 2665 alii
787 2613 1004 2681 quidem
1058 2613 1124 2665 ad
1166 2613 1412 2665 veritatis
1461 2611 1802 2679 splendorem
1834 2609 2006 2663 oculis

433 2705 821 2766 cooniventes,
862 2705 952 2758 alii
997 2716 1178 2759 autem
1231 2704 1650 2757 invoiuntariam
1707 2703 2002 2756 caecitatem

429 2798 598 2864 passi,
648 2796 911 2864 siquidem
945 2798 1118 2851 sacris
1152 2796 1502 2865 imaginibus,
1535 2796 1673 2848 sicut
1712 2795 1782 2863 pii
1815 2808 2004 2847 omnes

432 2885 730 2941 Christiani
781 2889 1105 2956 profitentur
1156 2897 1211 2942 et
1242 2886 1481 2948 faciunt,
1517 2887 1616 2953 ipsi
1653 2900 1866 2954 quoque
1904 2885 2002 2938 lio-

433 2967 638 3032 norein
672 2978 798 3031 olim
842 2979 1180 3042 detulerunt;
1243 2992 1362 3045 qua:
1422 2977 1674 3029 nimirum
1731 2975 2002 3045 corporali

2114 523 2299 575 πιστοὶ
2325 522 2584 592 ᾑρέτισαν
2617 521 2711 574 καὶ
2739 523 3088 592 ἠσπάσαντο,
3120 521 3217 573 καὶ
3247 523 3277 574 ὁ
3313 519 3539 588 σύμπας
3577 519 3686 571 τῶν

2111 611 2458 682 Χριστιανῶν
2498 610 2629 674 λαὸς
2662 611 3101 682 περιεπτύξατο,
3149 611 3244 664 κα)⁵
3296 611 3578 678 περιέπων
3618 609 3688 660 δι-

2111 701 2323 764 ετέλει,
2378 703 2474 754 καὶ
2520 704 2550 754 ὁ
2596 701 2985 772 παριππεύσας
3031 700 3229 771 μικροῦ
3264 699 3688 771 τριακοντούτης

2111 793 2332 862 χρόνος,
2367 793 2650 845 συλλαϐὼν
2680 793 3014 857 ἐϐεϐαίωσε,
3042 793 3139 845 καὶ
3161 793 3326 860 ἡμεῖς
3350 808 3417 858 γε
3442 791 3520 852 ώς
3544 790 3684 859 πλῆ-

2113 899 2205 953 ρες
2250 885 2529 948 εὐσεϐείας
2566 885 2849 954 ὑπάρχον,
2904 883 3288 951 ἀπεδεξάμεθα
3332 884 3430 936 καὶ
3475 882 3687 935 καθυπ-

2111 973 2466 1044 εγράψαμεν,
2501 976 2560 1040 ἐξ
2607 969 2670 1028 οὗ
2707 975 2806 1036 τάς
2843 991 2903 1026 τε
2935 974 3273 1044 χειροτονίας
3303 975 3400 1027 καὶ
3437 969 3687 1040 καθιδρύο

2111 1079 2226 1127 σεις
2247 1065 2305 1116 ὲν
2325 1068 2437 1128 τοῖς
2457 1067 2749 1135 ἱερατικοῖς
2766 1064 2976 1133 θρόνοις
3001 1065 3223 1134 ἔχομεν.
3256 1065 3448 1127 ’Ἱλεως
3471 1064 3525 1116 δὲ
3553 1064 3686 1132 ἡμῖν

2109 1153 2198 1225 εἴη
2231 1154 2461 1225 Κύριος,
2497 1156 2578 1208 ὅτι
2614 1155 2710 1208 καὶ
2743 1153 2851 1206 τῶν
2892 1152 3328 1224 ὲνταῦθα,ίερῶς
3354 1154 3686 1221 τεθειμένων

2109 1245 2352 1298 κανόνων
2399 1245 2925 1315 κατεφρονήσαμεν,
2968 1243 3064 1296 καὶ
3101 1245 3208 1296 τῶν
3242 1243 3683 1313 ὡμολογημένων

2109 1337 2429 1408 ἀγνώμονες
2452 1336 2608 1406 ὤφθη
2619 1354 2738 1406 μεν,
2774 1331 2850 1390 ὧν
2879 1337 3006 1400 τοὺς
3030 1336 3264 1406 δεσμοὺς
3297 1335 3394 1389 καὶ
3423 1335 3486 1386 τὸ
3514 1337 3681 1404 κρῖμα

2109 1432 2168 1484 ἐν
2201 1433 2321 1492 ταῖς
2352 1431 2560 1482 ἑαυτῶν
2607 1430 2808 1499 ψυχαῖς
2838 1431 3111 1499 φέρομεν,
3147 1428 3383 1489 ἀνοσίως
3423 1427 3519 1478 καὶ
3549 1423 3684 1477 ἀνιέ-

2112 1539 2220 1592 ρως
2245 1523 2613 1591 φρονήσαντες
2635 1535 2650 1549 ⁹
2679 1521 2854 1575 ταῦτα
2879 1521 3060 1590 τυχὸν,
3091 1519 3145 1570 εί
3162 1535 3224 1585 γε
3253 1517 3355 1585 τῆς
3389 1516 3562 1585 μέθης
3583 1515 3681 1583 τῆς

2108 1613 2370 1674 ἀπιστίας
2418 1612 2550 1664 ποτὲ
2589 1612 2962 1682 ἀνανήψαιεν,
2993 1610 3089 1663 καὶ
3134 1599 3346 1662 ἑαυτῶν
3398 1609 3682 1676 γενόμενοι

2111 1703 2246 1773 πρὸς
2272 1702 2368 1771 τὴν
2392 1701 2652 1768 ἀλήθειαν
2678 1702 3065 1770 ἀποϐλέψαιεν,
3098 1700 3198 1762 τὰς
3224 1698 3464 1768 ψυχικὰς
3490 1701 3686 1766 ἐκτρα-

2105 1793 2403 1863 γῳδοῦντες
2448 1792 2766 1863 συμφορὰς,
2817 1793 3048 1855 εἰκότως
3089 1792 3320 1844 εἴποιεν.
3377 1789 3568 1858 Ἡμεῖς
3623 1789 3680 1842 δὲ

2107 1886 2199 1937 ἐπὶ
2234 1885 2294 1937 τὸ
2323 1884 2448 1952 ἑξῆς
2476 1884 2570 1937 τοῦ
2602 1884 2765 1952 λόγου
2805 1882 3138 1953 τρεψώμεθα
3178 1881 3550 1951 βαδιούμενοι,
3585 1881 3680 1934 καὶ

2104 1976 2215 2028 τῶν
2250 1975 2631 2045 προκειμένων
2665 1976 2763 2045 ἤδη
2799 1975 3067 2045 ἐχώμεθα.

2176 2074 2289 2132 κς’.
2329 2085 2348 2119 ι
2388 2071 2453 2120 Οἱ
2479 2067 2651 2134 ἱερεῖς
2681 2081 2820 2130 σου,
2858 2068 3044 2136 φησὶν,
3069 2065 3430 2118 ἐνδύσοντιιι
3460 2062 3678 2116 auaro-

2105 2159 2324 2224 σύνην.
2345 2159 2407 2210 Oi
2428 2159 2483 2210 δὲ
2513 2159 2785 2226 ἀλλότριοι
2815 2157 2899 2220 τί;
2927 2155 3354 2225 Περιϐαλοῦνται
3381 2151 3676 2220 αἰσχύνην,

2105 2250 2290 2320 ἐπειδὴ
2318 2268 2336 2301 t
2362 2251 2598 2313 εἰδώλοις
2615 2250 3128 2320 προσκεκυνηκέναι
3149 2243 3678 2312 δοξάζουσιδταῦτα

2104 2338 2154 2391 ot
2181 2338 2242 2390 τὸ
2279 2337 2555 2408 ἱερατικὸν
2606 2337 3046 2408 προϐεϐλημένοι
3104 2337 3312 2404 σχῆμα,
3361 2333 3423 2384 τὸ
3455 2333 3510 2384 δὲ
3543 2333 3678 2398 Χρι-

2105 2429 2384 2484 στιανικδν
2411 2429 2713 2499 ἠρνημένοι
2768 2428 2947 2497 δόγμα
2971 2468 2988 2494 ,
3020 2428 3118 2478 καὶ
3144 2426 3204 2478 τὸ
3239 2423 3523 2477 εἱδωλικὸν
3555 2420 3680 2474 ἀνθ-

2103 2520 2370 2592 ῃρημένοι
2405 2519 2625 2586 πτῶμα·
2648 2521 2704 2571 ὲν
2730 2511 2774 2585 ᾧ
2804 2515 3295 2587 περιπεπτωκέναι
3323 2511 3680 2582 διαθρυλλοίι·

2105 2627 2212 2673 σιν,
2242 2611 2290 2661 οἰ
2323 2609 2422 2678 μὲν
2452 2609 2768 2678 αὐθαίρετοι
2813 2609 2952 2678 πρὸς
2983 2607 3083 2676 τὴν
3142 2604 3352 2673 λάμψιν
3401 2604 3502 2671 τῆς
3543 2601 3680 2671 ἁλη-

2105 2701 2258 2765 θεὶας
2290 2702 2351 2754 τὸ
2383 2702 2608 2754 «suum
2638 2701 3046 2772 ἀπομύσαντες,
3098 2700 3148 2752 οἱ
3183 2699 3240 2751 δὲ
3280 2697 3542 2750 ἀκούσιον
3583 2696 3681 2765 τὴν

2105 2793 2356 2862 πήρωσιν
2393 2792 2788 2861 ὑπομείναντες
2815 2808 2826 2820 ·
2852 2791 2906 2842 εἴ
2941 2792 3220 2851 ποτεπαῖς
3266 2789 3440 2856 ἱεραῖς
3480 2787 3678 2846 είκόσι,

2105 2884 2247 2938 καθὰ
2270 2887 2616 2955 Χριστιανοῖς
2641 2883 2843 2937 ἅπασιν
2865 2881 3184 2935 εὐσεϐοῦσιν
3215 2879 3566 2948 ὁμολογεῖται
3587 2872 3683 2928 καὶ

2105 2978 2437 3048 πράσσεται,
2462 2977 2555 3029 καὶ
2585 2978 2741 3029 αὐτοὶ
2768 2976 2829 3029 τὸ
2853 2975 3020 3037 σέϐας
3040 2974 3445 3044 προσφέροντες
3467 2971 3681 3037 ἔνεμον,

433 3080 658 3137 propter
691 3085 786 3122 nos
819 3068 914 3124 Dei
956 3069 1112 3123 Verbi
1157 3068 1570 3133 humanitatem,
1609 3069 1872 3121 visibilem
1907 3067 2000 3119 de-

2118 3069 2162 3122 ιῖ
2193 3069 2258 3137 δὴ
2303 3069 2397 3121 τοῦ
2441 3067 2866 3136 σωματωθέντος
2917 3066 2982 3117 δι’
3035 3067 3182 3134 ἡμᾶς
3234 3061 3373 3115 Θεοῦ
3411 3061 3588 3127 Λόγου
3617 3059 3680 3111 τὸ

435 3159 746 3227 pit-tamque
781 3161 1128 3227 exprimunt,
1177 3158 1422 3228 itemque
1455 3168 1762 3212 sanctorum
1807 3165 1862 3210 et
1894 3157 2006 3209 ele-

432 3259 644 3304 ctorum
669 3248 795 3313 ejus
815 3250 972 3302 fortia
1003 3249 1140 3302 facta
1163 3258 1217 3302 et
1245 3250 1565 3314 certamina,
1595 3263 1714 3317 quae
1742 3248 1811 3301 ob
1843 3248 2008 3316 ipsius

441 3356 682 3394 amorem
701 3351 889 3395 contra
930 3341 1270 3399 adversarios
1295 3341 1694 3400 sustinuerunt,
1727 3340 2005 3392 denotant.

441 3431 650 3498 Quibus
694 3432 1020 3501 imaginibus
1051 3430 1224 3482 sancti
1254 3428 1494 3499 mysterii
1539 3443 1662 3480 vasa
1699 3429 1890 3481 det-ore
1916 3444 2008 3479 nr-

440 3535 567 3577 nata
600 3524 802 3588 vident,
852 3524 1092 3592 itemque
1133 3537 1344 3576 sacram
1384 3529 1626 3582 vestem,
1663 3535 2008 3588 quaecunque

439 3615 496 3668 in
527 3615 708 3668 divina
736 3615 1044 3668 extenditur
1070 3628 1252 3668 mensa
1287 3612 1399 3681 (56)
1430 3613 1510 3665 vel
1543 3611 1664 3664 aliis
1690 3611 1848 3674 locis,
1877 3626 2007 3665 nec-

441 3721 550 3762 non
602 3709 1017 3776 peripetasmata
1050 3714 1210 3773 atque
1262 3713 1474 3773 tapetes
1505 3701 1692 3756 iisdem
1728 3702 2006 3767 decorari;

442 3809 556 3853 tum
597 3799 759 3853 etiam
817 3812 1028 3852 sacrum
1075 3796 1337 3865 templum
1397 3792 1717 3847 venerandis
1770 3792 2011 3847 historiis

443 3891 739 3957 depictum,
784 3897 836 3941 et
877 3889 1299 3954 circumquaque
1353 3884 1436 3936 his
1481 3890 1822 3937 coronatum.
1869 3880 2013 3945 Quo-

445 3984 586 4035 niam
621 3997 750 4034 vero
785 3979 850 4033 ad
882 3979 1191 4032 sacerdotes
1233 3976 1452 4046 (nescio
1484 3990 1622 4044 quos
1673 3973 1753 4028 vel
1787 3969 2008 4041 quales)

444 4071 573 4124 mihi
609 4086 788 4124 sermo
813 4078 933 4132 est,
965 4069 1282 4137 tempestive
1319 4067 1606 4119 admodum
1653 4081 1749 4120 eos
1781 4065 2011 4116 interro-

441 4161 680 4229 gaverim
743 4161 961 4230 quinam
1027 4161 1166 4227 apud
1231 4158 1378 4224 ipsos
1444 4157 1679 4225 religiosi
1749 4148 1884 4207 ritus
1931 4152 2013 4206 vel

442 4268 563 4320 qua:
595 4268 750 4306 sacra
787 4251 1039 4318 mysteria
1070 4249 1214 4302 sint?
1252 4247 1318 4300 Et
1347 4248 1610 4315 siquidem
1643 4247 1778 4314 alias
1822 4259 1881 4298 se
1912 4259 2015 4297 ca:—

446 4346 718 4398 remOnias
749 4345 948 4396 habere
975 4342 1180 4402 dicant,
1209 4350 1264 4393 et
1293 4340 1503 4393 diversa
1527 4355 1554 4393 a
1587 4339 1790 4392 nostris
1819 4347 2017 4408 myste—

446 4437 547 4496 ria,
584 4436 684 4503 ipsi
714 4434 966 4489 viderint.
1022 4432 1176 4498 Quod
1201 4433 1246 4486 si
1298 4430 1499 4485 habent
1544 4432 1657 4485 lucc
1691 4431 1800 4500 ipsa
1831 4439 2014 4484 nostra

445 4540 572 4577 vere
618 4523 867 4576 sublimia
907 4533 962 4576 et
994 4523 1261 4587 ccclestia,
1295 4523 1348 4576 iu
1395 4538 1514 4590 quae
1542 4538 1664 4576 cum
1714 4523 2014 4576 reverentia

445 4616 612 4670 multa
649 4631 710 4670 ac
742 4617 1091 4670 veneratione
1117 4617 1452 4686 proSpiciunt
1479 4616 1688 4684 angeli;
1716 4630 1815 4668 cur
1843 4626 2018 4682 quave

451 4712 680 4772 ratione,
708 4725 827 4762 rum
863 4711 1004 4762 intra
1036 4711 1218 4780 templi
1251 4710 1410 4780 adyta
1442 4718 1668 4773 stantes,
1701 4707 1764 4759 ad
1797 4707 2021 4760 univer-

445 4801 618 4855 salem
653 4801 818 4854 Deum
851 4799 1067 4855 Patrem
1104 4815 1257 4855 sacra
1290 4802 1452 4854 verba
1487 4815 1648 4866 supra
1684 4796 2019 4851 Eucliaristi-

443 4906 566 4949 cam
607 4892 832 4945 hostiam
870 4891 1190 4957 recitantes,
1223 4889 1371 4944 aiunt
1406 4905 1420 4942 :
1473 4906 1490 4938 ι
1526 4891 1790 4942 Averlcns
1821 4901 1918 4941 nos
1949 4885 2018 4939 ab

448 4983 712 5039 idolorum
741 4998 928 5038 errore
957 4981 1188 5053 (nempe
1241 4983 1307 5035 de
1353 4979 1646 5049 Uuigenito
1687 4975 2012 5048 loquuntur)

516 5144 561 5177 τε
594 5143 738 5197 Psal.
769 5157 952 5203 catast,
996 5141 1048 5194 9.

520 5300 634 5368 (Eii)
676 5299 949 5354 Nicatnum
982 5313 1015 5352 II
1078 5291 1672 5368 generale‘_r0i:c_iiium
1729 5305 1868 5368 anno
1921 5289 2018 5344 787

445 5359 777 5425 celebratum
841 5359 1103 5422 scimnsf
1135 5365 1278 5433 Ergo
1347 5362 1684 5433 Nicephorius
1754 5359 2020 5433 majorem

449 5442 594 5492 hunc
643 5441 1034 5506 apologelicmn
1093 5429 1839 5506 scribebat_atmo-_ri_rciter
1894 5429 2019 5492 817,

448 5509 650 5562 Leonis
679 5500 916 5560 Armeiiii
964 5505 1287 5572 imperantis
1314 5504 1527 5570 quinto.
1567 5500 1814 5554 Diximus
1849 5511 2025 5572 autem

491 5615 507 5631 .
539 5575 626 5637 Η,
658 5577 782 5627 adn.
817 5577 868 5636 1,
899 5567 1162 5628 minorem
1196 5567 1590 5642 apologeticum
1620 5573 1824 5642 editum
1863 5567 2031 5623 fuisse

491 5644 645 5712 quasi
672 5645 955 5712 quamdam
992 5639 1394 5709 velitationem)
1427 5639 1797 5709 quinquennio
1839 5648 1991 5692 ιιιιιιέ
2015 5677 2028 5702 ,

457 5710 508 5762 id
545 5719 622 5761 est
655 5710 795 5762 anno
821 5713 942 5764 815.

2111 3159 2477 3231 ἀνθρώπειον,
2528 3158 2726 3227 ὁρατόν
2745 3174 2802 3210 τε
2834 3157 2892 3209 ὃν
2938 3157 3034 3207 καὶ
3069 3153 3312 3224 γραπτὸν
3340 3150 3684 3222 χαρακτηρί-

2113 3251 2405 3314 ζουσι,καὶ
2433 3248 2539 3300 τῶν
2575 3248 2746 3316 ἁγίων
2797 3247 2890 3299 καὶ
2939 3245 3214 3298 ἐκλεκτῶν
3258 3243 3431 3296 αὐτοῦ
3481 3244 3579 3304 τὰς
3624 3257 3684 3293 τε

2111 3338 2482 3408 ἀνδραγαθίας
2513 3337 2608 3390 καὶ
2633 3338 2756 3398 τούς
2776 3335 2994 3398 ἄθλους,
3011 3334 3101 3395 οὓς
3145 3334 3282 3401 ὑπὲρ
3309 3332 3408 3400 τῆς
3432 3333 3512 3393 είς
3529 3329 3686 3382 αὐτὸν

2111 3429 2334 3497 ἀγάπης
2366 3427 2512 3481 κατά
2538 3427 2643 3479 τῶν
2677 3423 2960 3494 δυσμενῶν
2993 3423 3356 3490 ἐνεστήσαντο
3390 3415 3687 3486 διασημαί-

2113 3535 2324 3572 νουσινο
2361 3517 2448 3585 ὑφ’
2479 3511 2553 3568 ὧν
2584 3515 2771 3578 ἑώρων
2823 3511 3118 3583 ἐκπρεπῶς
3153 3510 3223 3561 τὰ
3268 3509 3370 3578 τῆς
3406 3503 3688 3574 ἁγιστείας

2115 3609 2286 3678 σκεύη
2319 3607 2828 3678 περικοσμούμενα,
2865 3605 2963 3656 καὶ
3002 3603 3100 3671 τὴν
3161 3600 3317 3669 ἱερὰν
3348 3598 3560 3664 ἐσθῆτα
3590 3596 3688 3662 ὅση

2112 3701 2254 3756 κατά
2280 3701 2377 3769 τὴν
2404 3699 2556 3753 θείαν
2583 3697 2911 3767 ὑφήπλωται
2941 3691 3224 3764 τράπεζαν
3257 3691 3354 3742 καὶ
3373 3691 3490 3750 τοῖς
3513 3687 3692 3748 ἄλλοις

2112 3789 2322 3852 τόποις,
2351 3787 2408 3839 έν
2441 3803 2501 3840 τε
2536 3785 3004 3853 παραπετάσμασι
3034 3782 3127 3834 καὶ
3166 3779 3560 3849 προϐλήμασιν
3601 3778 3691 3828 ὲν-

2113 3877 2541 3947 αγλαῐζομένην,
2563 3877 2624 3928 τό
2654 3893 2713 3927 τε
2747 3875 2890 3944 ἱερὸν
2912 3872 3140 3942 τέμενος
3169 3870 3439 3939 ἱστορίαις
3466 3867 3688 3937 σεμναῖς

2115 3972 2525 4041 διειλημμένον,
2547 3970 2638 4021 καὶ
2655 3971 2710 4020 ὲν
2732 3966 2919 4036 κύκλῳ
2935 3963 3160 4022 ταύταις
3198 3961 3690 4032 περιστεφόμενον.

2127 4061 2347 4129 Ἐπειδὴ
2380 4060 2438 4112 δὲ
2486 4058 2622 4128 πρὸς
2655 4057 2821 4125 ἱερεῖς
2857 4055 2989 4121 ἡμῖν
3028 4052 3128 4105 οὐκ
3153 4045 3274 4102 οἶδα
3302 4043 3549 4102 ὧντινων
3600 4047 3693 4099 καίΙ

2116 4152 2334 4214 ὁποίους
2361 4153 2388 4204 ὁ
2415 4149 2593 4217 λόγος,
2639 4146 3010 4216 εὐκαιρότατα
3051 4143 3117 4195 ἂν
3162 4142 3442 4210 πυθοίμην
3491 4137 3692 4198 αὐτῶν,

2118 4245 2208 4306 τίς
2237 4257 2368 4294 ποτε
2389 4242 2496 4310 ἄρα
2518 4242 2549 4309 ἡ
2571 4238 2698 4308 παρ’
2714 4238 2906 4296 αὐτοῖς
2931 4235 3120 4303 τελετὴ
3139 4233 3371 4285 ἐστικαὶ
3395 4233 3462 4284 τὰ
3487 4234 3696 4300 ἱερουρ-

2119 4333 2361 4402 γούμενα
2398 4330 2723 4400 μυστήρια;
2761 4327 2870 4379 Καὶ
2902 4326 2951 4378 εί
2994 4326 3091 4394 μὲν
3135 4324 3332 4393 ἑτέραν
3370 4322 3495 4374 τινα
3531 4324 3694 4389 ὲσχη-

2122 4428 2278 4480 κέναι
2314 4423 2514 4494 μύησιν
2547 4422 2775 4483 εἴποιεν,
2801 4421 2896 4472 καὶ
2950 4419 3087 4472 ἄλλα
3119 4419 3394 4487 μυστήρια
3421 4416 3528 4467 τῶν
3576 4415 3695 4467 καθ’

2122 4520 2272 4588 ἡμᾶς
2299 4514 2583 4583 ἀλλότρια,
2616 4511 2809 4563 εἰδεῖεν
2846 4510 2913 4563 ἂν
2947 4509 3102 4562 αὐτοί
3131 4523 3144 4535 °
3177 4508 3227 4558 εἰ
3257 4507 3313 4558 δὲ
3337 4506 3519 4558 ταῦτα
3548 4506 3610 4574 δὴ
3633 4507 3696 4557 τὰ

2125 4607 2375 4677 ἡμέτερα
2407 4603 2578 4666 ὅντως
2611 4599 2793 4669 ὑψηλὰ
2822 4600 2918 4653 καὶ
2966 4599 3213 4666 οὐράνια,
3249 4595 3344 4649 καὶ
3396 4598 3476 4656 εἰς
3507 4595 3543 4648 ἃ
3583 4595 3699 4663 μετ’

2123 4696 2418 4760 εὐλαϐείας
2449 4699 2546 4748 καὶ
2567 4692 2767 4747 πολλοῦ
2796 4691 2889 4744 τοῦ
2926 4689 3272 4755 σεϐάσματος
3304 4687 3701 4758 παρακύπτου-

2122 4807 2209 4843 σιν
2229 4788 2476 4856 ἇγγελοι,
2503 4789 2629 4840 ὅτου
2665 4785 2728 4854 δὴ
2761 4783 2952 4836 ἕνεκεν
3003 4781 3102 4834 καὶ
3133 4781 3216 4840 τίς
3241 4783 3269 4832 ὁ
3309 4780 3513 4847 τρόπος
3543 4820 3558 4843 ,
3611 4780 3700 4832 ὅτε

2123 4882 2224 4953 μὲν
2258 4880 2411 4942 ἐντὸς
2433 4877 2544 4931 τῶν
2587 4876 2798 4932 ἀδύτων
2842 4874 2938 4927 τοῦ
2981 4872 3128 4942 ἱεροῦ
3173 4873 3528 4941 γενομένους,
3569 4871 3700 4935 πρὸς

2121 4975 2216 5028 τὸν
2243 4971 2352 5024 τῶν
2386 4971 2525 5025 ὅλων
2547 4969 2680 5022 Θεὸν
2715 4971 2931 5039 Πατέρα
2960 4965 3372 5038 ἱερολογοῦντας
3407 4966 3584 5036 ὲπίτῇ
3608 4963 3702 5031 τῆς

2203 5287 2316 5357 (iiii)
2357 5283 2912 5357 Net-opeimputantur,
2937 5291 2993 5334 ut
3018 5281 3128 5350 jam
3162 5281 3495 5342 manuimus,
3526 5275 3700 5330 Iceno—

2129 5354 2311 5409 cla'slae
2345 5354 2610 5421 episcopi.

2203 5425 2316 5490 (ὕϋῦ
2357 5415 2494 5477 linit
2538 5415 2873 5482 ontinmtsin,
2917 5421 3065 5474 linlci
3111 5434 3277 5489 genus
3327 5434 3451 5473 cum
3497 5415 3696 5484 depicta

2132 5495 2439 5550 Servaloris
2475 5493 2709 5558 imagine
2730 5531 2744 5551 .
2773 5494 2824 5543 in
2852 5506 2958 5557 quo
2996 5505 3160 5556 super
3193 5504 3344 5540 aram
3381 5502 3588 5540 sacram
3612 5497 3700 5533 cx-

2137 5577 2288 5618 tenso
2315 5562 2513 5616 Christi
2543 5578 2740 5630 corpus
2770 5563 3066 5628 reponitur.
3091 5559 3554 5630 Αιιιίιιιριιείοιηιιιι
3579 5569 3701 5630 ερο-

2135 5634 2370 5696 sccratio
2415 5649 2506 5684 seu
2557 5622 2862 5684 brtirdirtio
2898 5630 3092 5689 legitur
3137 5630 3188 5680 in
3243 5627 3554 5681 (ira'coruiri
3602 5622 3689 5676 Et:-

2137 5703 2383 5771 (‘ltoiogio
2419 5703 2500 5755 eti.
2534 5701 2686 5753 ilum.
2728 5701 2849 5752 :ttttti
2891 5699 3046 5764 17H,
3083 5715 3133 5767 tt.
3175 5699 3298 5751 26‘}.
