3900 6148
202 305 317 374 601

1082 312 1647 379 APOLOGETICUS
1679 318 1831 381 PRO
1856 322 2145 385 ‘SACRIS
2170 324 2650 389 IMAGINIBUS.

3356 318 3465 388 δοῖ

206 415 412 480 θυσίας
432 414 758 489 εὐχαριστίᾳ
779 413 960 487 λέγειν
981 433 996 448 ο
1037 436 1057 471 ι
1107 421 1165 473 Ἀ
1179 422 1459 491 ποστήσας
1503 423 1654 493 ἡμᾶς
1689 423 1791 493 τῆς

1895 429 2045 483 duxit
2088 444 2185 484 nos
2228 431 2297 485 ad
2348 431 2712 500 cognitionem
2749 430 2824 484 tui
2856 423 3045 492 solius.
3085 443 3174 498 qm
3211 442 3269 483 es
3300 444 3467 484 verus

202 509 428 579 πλάνης
455 508 562 562 τῶν
589 508 827 563 εἰδώλων
843 526 855 538 ⁸
883 509 1042 579 δῆλον
1060 510 1118 565 δὲ
1143 511 1387 582 περὶτοῦ
1417 512 1790 580 Μονογενοῦςο

208 601 571 671 προσήγαγεν
609 599 757 669 ἡμᾶς
790 601 858 670 τῇ
892 598 1190 669 ἐπιγνώσει
1221 600 1317 654 σοῦ
1345 599 1441 653 τοῦ
1470 601 1633 669 μόνον
1657 600 1795 671 ἀλη-

206 690 367 744 θινοῦ
396 689 533 743 Θεοῦ
586 691 682 743 καὶ
735 691 972 762 Πατρὺς,
1022 688 1367 764 κτησάμενος
1410 695 1559 762 ἡμᾶς
1612 695 1792 766 ἐαυτῷ

207 780 344 835 λαὸν
374 781 719 854 περιούσιονυ
750 800 770 833 ι
803 783 899 834 καὶ
946 783 1117 836 τάλλα
1147 781 1212 853 δὴ
1240 783 1415 835 ὁπόσα
1448 785 1627 838 ἐκεῖσε
1657 784 1787 838 τού-

207 888 333 936 τοις
363 872 646 941 ἑπομένως
668 872 955 942 ὑμνεῖσθαι
990 873 1540 943 μυσταγωγούμενας

283 964 392 1028 κζ’.
415 963 545 1017 Ὅτε
575 963 620 1017 δ’
652 961 726 1036 αὖ,
754 964 918 1018 πάλιν
943 963 1324 1035 ληρῳδοῦντας
1346 965 1440 1019 καὶ
1467 964 1664 1034 φρενὸς
1685 966 1792 1033 ἔξω

200 1056 563 1125 γενομένους.
590 1054 665 1117 ὡς
688 1054 1056 1123 ἐξεστηκότας
1100 1056 1254 1118 τινὰς
1301 1056 1397 1108 καὶ
1434 1056 1793 1126 ἐμπλήκτους

207 1144 707 1216 παραφθέγγεσθαι
729 1161 742 1175 ο
777 1163 796 1197 ι
831 1144 892 1197 Et
929 1145 1004 1216 μὴ
1044 1147 1452 1211 Κωνσταντῖνος
1498 1149 1642 1216 ἡμᾶς
1688 1148 1791 1217 τῆς

206 1236 603 1305 εξδωλομανίας
634 1234 933 1306 ἐρρύσατο,
961 1237 1198 1306 Χριστὸς
1229 1238 1349 1289 κατ’
1370 1237 1559 1290 οὐδένα
1582 1239 1790 1307 τρόπον

207 1327 496 1397 ὠφελῆσαι
545 1326 857 1397 δεδύνηται.
916 1346 938 1380 ι
1001 1327 1125 1390 Πῶς
1169 1324 1349 1380 τοίνυν
1390 1329 1789 1398 ὁμολογοῦντες

207 1418 453 1471 εἰδώλων
484 1416 837 1487 ἀπηλλάχθαι
888 1418 977 1471 διὰ
1029 1418 1289 1483 Χριστοῦ,
1335 1419 1500 1472 πάλιν
1546 1406 1792 1484 εἰδώλοις

204 1508 439 1562 κατὰτὸ
482 1508 627 1560 θεῖον
666 1505 1039 1577 προσκυνοῦσι
1074 1507 1494 1578 θυσιαστήριον;
1547 1509 1657 1562 Καὶ
1705 1509 1789 1562 ὅτι

208 1597 320 1669 μὲν
348 1600 413 1651 ἐκ
439 1596 534 1650 τοῦ
561 1596 770 1666 πατρὸς
807 1596 900 1650 τοῦ
934 1596 1166 1666 ψεύδους
1218 1598 1583 1667 ἐμπνεόμενα
1614 1597 1792 1652 ταῦτα

207 1686 595 1760 περιλαλοῦσι,
631 1689 795 1743 παντί
822 1706 901 1760 τῳ
922 1689 1118 1759 σαφὲς,
1147 1688 1223 1753 ὥς
1249 1706 1314 1758 γε
1336 1691 1576 1761 ἐμαυτὸν
1592 1691 1788 1758 πείθω,

1897 516 2035 571 Deus
2063 519 2256 585 Pater;
2290 523 2576 588 acquirens
2604 535 2703 574 nos
2728 520 2830 575 sibi
2863 520 3116 588 populum
3139 520 3465 588 peculiarem

1893 608 2034 680 (57),
2074 629 2093 660 ι
2125 610 2338 680 aliaque
2377 622 2643 681 quotquot
2677 612 2762 665 his
2803 610 3002 665 similia
3056 611 3146 664 illo
3197 611 3250 664 in
3304 609 3464 679 loco,

1894 699 2037 754 inter
2062 714 2281 770 operam
2314 716 2524 756 sacram
2551 712 2736 772 postea
2764 701 3062 757 canuntur?

1961 963 2052 1018 27.
2094 963 2203 1018 Cur
2261 978 2391 1018 vero
2443 964 2698 1032 deinceps
2750 971 3019 1033 nugantes
3074 970 3426 1029 amentesque

1890 1070 1987 1110 ceu
2020 1055 2330 1127 lymphatici
2363 1054 2580 1121 quidam
2611 1060 2666 1108 et
2695 1054 2906 1107 attoniti
2950 1051 3259 1106 blateratu?
3293 1068 3312 1100 ι
3347 1049 3464 1104 Nisi

1892 1162 1992 1201 nos
2024 1146 2410 1201 Constantinus
2441 1144 2894 1215 (Copronymus)
2945 1145 3210 1198 idolorum
3249 1143 3463 1196 insania

1891 1241 2212 1305 liberasset,
2258 1239 2508 1293 Christus
2567 1239 2712 1291 nullo
2744 1226 2917 1291 ’modo
2980 1237 3238 1304 prodesse
3304 1235 3463 1288 nobis

1891 1341 2122 1402 ροισι-ει.
2158 1350 2176 1383 ι
2209 1329 2319 1385 Cur
2342 1345 2491 1396 ergo,
2522 1329 2842 1383 confitentes
2888 1328 3047 1382 idolis
3097 1327 3461 1385 se.liheratos

1891 1439 1920 1477 a
1952 1423 2203 1483 Christo,
2254 1420 2391 1475 idola
2426 1435 2614 1475 rursus
2659 1420 2803 1489 apud
2837 1418 3076 1472 divinum
3127 1416 3296 1469 altare
3323 1416 3459 1467 ado-

1889 1523 2018 1567 rant
2040 1511 2190 1582 (58)?
2217 1509 2466 1565 Profecto
2490 1509 2632 1578 quod
2665 1525 2692 1560 a
2724 1508 2991 1562 mendacii
3026 1517 3177 1575 patre
3208 1506 3458 1575 inspirati

1892 1605 2006 1658 haec
2036 1602 2307 1668 dictitent,
2332 1599 2537 1656 nemini
2595 1615 2700 1655 non
2734 1601 2793 1652 lit
2822 1600 3187 1668 perspicuum,
3230 1607 3287 1650 ut
3327 1597 3459 1650 mihi

1890 1706 2214 1763 persuasum
2255 1698 2375 1754 est,
2406 1690 2533 1758 quia
2575 1689 2681 1744 duo
2706 1690 2976 1743 contraria
3022 1701 3339 1755 summeque
3376 1686 3465 1739 iu-

206 1780 278 1834 ἐκ
309 1779 404 1833 δύο
426 1779 538 1833 τῶν
571 1780 831 1833 ἐναντίων
867 1781 964 1833 καὶ
1009 1779 1266 1852 ἀλλήλοις
1301 1781 1382 1842 είς
1412 1780 1583 1851 ἀκρον
1618 1797 1789 1852 μαχο-

1894 1784 2062 1838 vicem
2086 1780 2461 1851 repugnantia,
2480 1778 2767 1834 falsitatem
2793 1779 3045 1832 nimirum
3066 1793 3131 1831 ac
3153 1781 3460 1841 veritatem,

213 1871 419 1943 μένων,
445 1871 554 1925 τῶν
592 1887 653 1924 τε
695 1870 931 1940 ψευδῶν,
959 1874 1129 1942 φημὶ,
1164 1873 1263 1937 καὶ
1303 1871 1412 1924 τῶν
1438 1871 1679 1940 ἀληθῶν,
1706 1874 1788 1936 είς

207 1961 272 2014 ἓν
297 1979 353 2015 τι
383 1962 678 2032 ὁμολογίας
705 1961 962 2032 φρόνημα
995 1962 1134 2016 ξέναι
1156 1963 1428 2030 οἰόμενον
1462 1964 1556 2016 ἐπὶ
1593 1962 1789 2016 τοσοῦο

204 2069 305 2107 τον
333 2055 400 2106 τά
429 2054 525 2123 τῆς
553 2052 766 2118 ἀνοίας,
785 2052 973 2117 αὐτοῖς
1023 2055 1119 2108 καὶ
1155 2053 1462 2124 ἐμπληξίας
1508 2053 1786 2124 διήλασεν,

206 2145 288 2207 ὡς
323 2144 553 2206 ἑαυτοὺς
601 2144 910 2214 λεληθέναι,
951 2144 1431 2215 κενεμϐατοῦντας
1475 2144 1569 2197 ἐπὶ
1640 2143 1791 2213 λογι-

208 2237 376 2304 σμοῖς
408 2235 658 2299 είκαίοις,
691 2237 787 2290 καὶ
807 2234 1099 2305 ἀνηνύτοις
1136 2237 1585 2305 ἐπιχειρήμασιν.
1616 2234 1790 2304 Εἴπερ

204 2327 323 2397 γάρ
353 2326 475 2380 κατ’
519 2327 688 2397 ἄμφω
742 2327 1031 2398 ἀληθεύειν
1092 2330 1339 2398 ἀνοήτως
1383 2327 1628 2392 οἴονται,
1670 2325 1789 2398 ὥρα

205 2416 396 2479 αὐτοῖς
425 2417 521 2470 καὶ
543 2417 910 2487 ψευδηγορίας
955 2417 1102 2472 κατὰ
1129 2418 1223 2471 τοῦ
1256 2418 1587 2486 Εὑαγγελίου
1618 2418 1790 2469 οἴσειν

209 2510 435 2579 γραφήν
458 2522 475 2537 ·
514 2508 609 2561 τοῦ
638 2508 749 2578 γάρ
778 2508 1018 2579 Χριστοῦ
1046 2510 1297 2574 λέγοντος
1315 2525 1331 2541 ·
1396 2510 1478 2562 Οὐ
1514 2508 1787 2563 δύνασθε

202 2595 355 2651 δυσὶ
378 2596 610 2664 κυρίοις
623 2596 960 2660 δουλεύειν,
981 2597 1102 2662 Θεῷ
1121 2614 1187 2651 τε
1208 2597 1306 2650 καὶ
1325 2594 1590 2666 Μαμωνᾷ
1605 2613 1621 2629 ο
1640 2589 1789 2649 οὗτοι

205 2688 277 2742 ἐκ
304 2688 415 2741 τῶν
442 2689 659 2745 οἰκείων
687 2687 1005 2760 ὁρμώμενοι
1042 2687 1230 2754 δοξῶν,
1274 2686 1791 2754 ἀναγκασθήσονται

203 2780 309 2835 καὶ
324 2781 547 2851 Χριστῷ
564 2780 661 2834 καὶ
685 2780 760 2850 τῷ
785 2781 1042 2851 Μαμωνᾷ
1065 2779 1463 2849 Κωνσταντίνῳ
1490 2777 1786 2843 δουλεύειν,

206 2870 270 2929 ἓν
314 2871 377 2935 ἐξ
414 2873 639 2941 ἀμφοῖν,
669 2869 859 2940 ὥσπερ
890 2872 939 2923 οί
985 2871 1112 2932 τοὺς
1153 2866 1625 2937 ἱπποκενταύρους
1665 2883 1791 2920 συνο

206 2961 478 3029 τιθέντες,
526 2962 971 3024 ἀναπλάσσοντες
1037 2960 1224 3015 σέϐας.
1277 2958 1466 3012 Ταῦτα
1510 2957 1679 3021 τινὲς,
1741 2957 1790 3010 oi

207 3051 515 3121 κατήγοροι
551 3050 662 3104 τῶν
689 3047 1123 3120 ἐπαινουμένων,
1167 3049 1218 3101 οἱ
1252 3047 1521 3101 σκοτεινοὶ
1565 3050 1693 3115 περὶ
1728 3044 1792 3098 τὺ

1892 1872 1993 1944 ipsi
2050 1873 2103 1927 in
2142 1872 2388 1926 eamdem
2434 1867 2834 1924 confessionem
2887 1882 3215 1922 concurrere
3262 1865 3457 1920 existi-

1890 1973 2061 2020 mant.
2084 1962 2142 2018 ln
2186 1971 2390 2017 tantum
2418 1959 2697 2015 dementia:
2726 1974 2790 2014 ac
2820 1957 3149 2026 stupiditatis
3172 1965 3460 2021 venerunt,

1888 2065 1950 2111 ut
1991 2071 2097 2110 non
2126 2052 2364 2110 sentiant
2390 2052 2542 2107 vanis
2577 2066 2638 2107 se
2672 2050 2971 2104 ratiociniis
2993 2061 3047 2103 et
3084 2048 3327 2103 futilibus
3368 2063 3461 2101 ar-

1890 2146 2158 2217 gumentis
2188 2159 2284 2214 per
2316 2158 2543 2198 vacuum
2574 2156 2756 2196 aerem
2801 2141 3177 2195 obambulare.
3226 2139 3359 2193 Nam
3408 2138 3458 2193 si

1889 2236 2178 2304 utrubique
2223 2250 2285 2290 se
2323 2249 2449 2290 vera
2477 2233 2657 2287 dicere
2691 2232 2853 2302 176
2887 2232 3050 2285 stulte
3082 2232 3295 2299 putant,
3342 2230 3459 2299 jam

1890 2327 2016 2382 hinc
2049 2334 2301 2396 poterunt
2338 2323 2590 2380 falsitatis
2633 2324 2839 2378 crimen
2890 2321 3183 2391 Evangelio
3210 2319 3317 2390 ipsi
3356 2322 3461 2375 im-

1890 2419 2134 2490 pingere.
2166 2416 2301 2472 Nam
2327 2415 2546 2472 Christo
2570 2417 2801 2479 dicente,
2843 2413 2963 2467 Non
3009 2413 3226 2480 potestis
3254 2410 3461 2464 duobus

1889 2512 2116 2565 dominis
2137 2510 2353 2575 servire,
2377 2508 2485 2563 Deo
2505 2521 2551 2562 et
2568 2505 2996 2570 Μαηιοιιωπ⁶⁸⁹ς
3017 2504 3101 2558 isti
3118 2503 3231 2557 suis
3249 2502 3463 2571 opinio-

1891 2604 2050 2661 nibus
2068 2603 2447 2671 obsequentcs.
2470 2610 2729 2669 cogentur
2749 2599 2963 2653 Christo
2983 2606 3037 2651 et
3062 2595 3320 2650 Mannonae
3344 2592 3460 2664 (59)

1889 2694 2249 2750 Caristantiuo
2280 2692 2507 2755 servire,
2555 2706 2714 2743 unam
2746 2704 2810 2742 ex
2857 2688 3090 2752 duabus,
3124 2686 3268 2740 velut
3303 2686 3336 2739 ii
3363 2684 3458 2754 qui

1888 2786 2345 2855 hippocentauros
2364 2791 2716 2850 componunt,
2741 2779 3089 2833 efformantes
3120 2778 3457 2846 religionem.

1892 2874 2016 2930 Haec
2046 2874 2252 2930 scilicet
2281 2883 2627 2927 accusatores
2657 2870 2932 2924 hominum
2963 2868 3119 2922 laude
3149 2867 3457 2936 dignorum,

1892 2966 2163 3021 tenebrosi
2206 2979 2393 3019 coram
2447 2962 2590 3027 luce,
2648 2970 2839 3015 contra
2883 2958 3203 3027 sapientiam
3264 2959 3457 3018 rudes.

1890 3067 2154 3113 creatura;
2182 3055 2426 3125 ingrata,
2462 3053 2692 3122 improbi
2722 3052 2978 3104 damonis
3004 3050 3303 3117 plasmata,
3326 3050 3459 3115 hrc,

380 3142 432 3194 οί
466 3143 594 3211 περὶ
629 3142 731 3210 τὴν
774 3140 968 3208 σοφίαν
1011 3138 1352 3201 ἀπαίδευτοι,
1397 3138 1468 3191 τὰ
1515 3137 1787 3207 ἀχάριστα

1894 3150 2139 3218 inquam,
2185 3144 2520 3202 benefactori
2577 3143 2897 3211 rependunt.
2979 3141 3254 3210 Cungruct
3311 3150 3464 3196 certe

206 3232 605 3303 κτίσματα,τά
633 3231 729 3286 τοῦ
766 3228 1010 3303 πονηροῦ
1062 3230 1384 3300 πλάσματα,
1424 3227 1651 3280 τοιαῦτα
1696 3226 1788 3280 τὸν

206 3323 514 3395 εὐεργέτην
565 3323 960 3394 ἀμειϐόμενοι·
1009 3321 1250 3391 ἁρμόσει
1310 3320 1420 3391 γὰρ
1451 3318 1547 3371 καὶ
1603 3317 1790 3379 αὐτοῖς

204 3415 456 3469 καὶςλίαν
488 3414 798 3484 εὐκαίρως,
830 3412 867 3468 ἀ
903 3411 1059 3482 παρὰ
1088 3412 1189 3480 τῆς
1222 3410 1489 3479 θεηγόρου
1533 3405 1790 3476 γλώσσης

206 3506 437 3577 ὲκείνης
456 3503 1022 3576 προαναπεφώνηται·
1055 3501 1125 3555 τὰ
1153 3502 1262 3570 γὰρ
1292 3500 1468 3569 πάντη
1493 3497 1789 3567 ἀσύμϐατα

204 3600 308 3654 καὶ
331 3597 663 3669 ἀσύγκριτα,
698 3596 794 3649 καὶ
818 3593 898 3664 τῷ
918 3592 1134 3664 ἀπείρῳ
1166 3590 1411 3661 ἀλλήλων
1440 3588 1786 3659 διεστηκότα,

202 3689 450 3744 καθόσον
475 3688 628 3760 ήλίου
675 3684 1067 3758 μαρμαρυγαὶ,
1113 3683 1252 3752 πρὸς
1297 3681 1391 3736 τὸν
1427 3678 1646 3751 ἀφεγγῆ
1694 3678 1791 3732 καὶ

204 3781 533 3852 ὑποχθόνιον
566 3780 831 3851 χῶρον,εί
856 3778 950 3831 καὶ
987 3775 1184 3848 μικρὸν
1214 3774 1277 3829 τὸ
1307 3772 1682 3845 παράδειγμα,
1707 3772 1789 3836 είς

200 3874 411 3929 ταυτὸν
440 3873 578 3927 ἱέναι
604 3871 1104 3948 ὑπολαμϐάνουσιν.

274 3960 420 4018 Εἶτα
458 3964 622 4017 πάλιν
654 3962 939 4032 ἐρομένοις
968 3963 1103 4032 ἡμῖν
1126 3957 1639 4026 ἀποκρινέσθωσαν,
1685 3956 1790 4012 πό-

198 4071 373 4127 ⁴τερον
403 4054 660 4125 τραπέζῃ
695 4053 815 4122 θείᾳ
844 4050 1214 4120 παρίστασθαι
1239 4048 1791 4121 οἵονται,ἀγράντους

199 4165 269 4201 τε
293 4146 391 4200 καὶ
416 4145 788 4215 ἀναιμάκτους
811 4142 1001 4205 θυσίας
1021 4139 1456 4212 ἱερουργοῦντες,
1488 4139 1522 4209 ἢ
1539 4139 1790 4210 τραπέζῃ

197 4236 530 4308 δαιμονίων,
564 4235 814 4297 κνίσσαις
858 4234 1161 4304 χαιρόντων
1206 4233 1300 4287 καὶ
1339 4231 1580 4302 αἴμασι;
1630 4229 1790 4286 τοῦτο

199 4331 325 4399 γὰρ
386 4330 505 4390 ταῖς
565 4326 746 4380 αὐτῶν
793 4323 995 4390 δόξαις.
1068 4324 1270 4394 μᾶλλον
1324 4323 1383 4377 δὲ
1448 4322 1786 4393 οίκειότερον

1892 3239 2213 3308 tempestive
2237 3237 2361 3304 illis,
2392 3238 2537 3307 quod
2559 3238 2686 3290 olim
2720 3252 2748 3288 a
2783 3235 3043 3290 divinitus
3074 3236 3326 3294 loquente
3353 3233 3461 3299 liu-

1890 3348 1994 3404 gua
2032 3333 2118 3389 illa
2166 3333 2370 3388 dictum
2400 3331 2530 3385 fuit.
2623 3328 2759 3384 Nam
2809 3344 2897 3383 res
2943 3326 3375 3383 inconcihabiles
3408 3334 3464 3379 et
3503 3396 3506 3399 Α

1892 3423 2343 3492 incomparabiles
2374 3435 2429 3476 et
2456 3421 2687 3475 invicem
2725 3419 2937 3474 inlinite
2975 3418 3260 3479 distantes,
3289 3430 3462 3485 quam

1892 3523 2003 3570 tum
2040 3515 2187 3569 -so|is
2240 3514 2376 3568 radii
2425 3528 2456 3567 a
2506 3518 2790 3567 tenebrosa
2841 3513 3191 3567 subterranea
3241 3510 3460 3574 abysso,

1889 3605 1989 3660 etsi
2023 3605 2139 3659 leve
2182 3603 2486 3674 exemplum
2519 3612 2633 3669 est,
2668 3603 2723 3658 in
2782 3618 2946 3658 unum
2975 3613 3302 3657 concurrere
3344 3597 3466 3652 exi-

1890 3695 2133 3750 sumant.

1961 3955 2165 4012 Deinde
2193 3962 2383 4010 rursus
2408 3950 2865 4022 interrogantibus
2888 3948 3045 4003 nobis
3072 3944 3464 4015 respondeant,

1888 4060 2070 4105 utrum
2100 4047 2296 4103 divinae
2323 4063 2381 4102 se
2423 4058 2626 4101 mensa:
2669 4052 2849 4097 astare
2874 4047 3089 4110 putent,
3115 4035 3467 4093 immaculato

1892 4138 2283 4206 incruentaque
2312 4136 2585 4192 sacrilicio
2627 4147 2848 4203 operam
2884 4132 3109 4191 dantes,
3145 4144 3213 4182 an
3265 4139 3467 4181 mens'e

1890 4226 2368 4301 daemonum“,qui
2421 4225 2702 4281 nidoribus
2745 4221 3142 4291 cruoribqsque
3190 4214 3464 4288 gaudent?

1892 4322 2006 4378 lloe
2029 4321 2173 4389 enim
2196 4317 2480 4375 sententiae
2503 4316 2769 4385 ipsorum,
2795 4314 2931 4379 sive,
2960 4320 3018 4365 ut
3045 4311 3219 4381 magis
3238 4310 3469 4381 preprie

216 4422 428 4478 εἰπεῖν,
493 4417 840 4488 ἀϐελτερίαις
891 4415 1188 4470 ἀκόλουθον
1263 4413 1595 4485 φαινόμενον
1650 4416 1786 4470 ἀπο-

1894 4414 2158 4483 dicamus,
2181 4411 2425 4467 stultitiae
2443 4416 2887 4473 consectaneum,
2906 4405 3215 4460 discernere
3230 4410 3466 4468 Oportet,

200 4510 485 4564 λύσασθαι
539 4509 668 4581 χρὴ,
703 4511 852 4572 ναοῖς
909 4526 967 4561 τε
1021 4508 1187 4571 θείοις
1226 4507 1260 4578 ἢ
1307 4508 1513 4578 βωμοῖς
1553 4505 1789 4560 εἰδώλων

199 4601 603 4673 ἐπιχωριάζειν
625 4599 1064 4665 ὑποτοπάζουσιν
1088 4617 1101 4631 ’
1148 4601 1397 4664 εύῒὶατος
1438 4600 1497 4653 δὲ
1531 4601 1662 4671 ήμῑν
1695 4600 1789 4668 γέ-

200 4708 360 4747 νοιτο
388 4690 541 4767 Θεὸς,
586 4690 655 4743 τά
701 4691 928 4743 ἐκείνων
973 4688 1371 4760 στηλιτεύουσι,
1415 4690 1531 4751 τοῖς
1563 4687 1791 4744 ἐκείνων

201 4783 863 4854 συγχραινομένοις,·καὶ
901 4782 1003 4836 οὐκ
1059 4780 1379 4835 ἐθέλουσινσ
1433 4778 1575 4832 ἀλλά
1623 4778 1789 4844 ποίας

198 4874 396 4935 αὐτοῖς
430 4872 726 4941 ἀπολογίας
759 4873 1180 4944 ὲπινοηθήσεται
1207 4871 1441 4944 τρόπος;
1472 4871 1526 4924 τί
1551 4871 1607 4924 δὲ
1638 4870 1790 4942 πρὸς

1897 4509 2076 4555 utrum
2105 4499 2277 4554 sacris
2309 4497 2524 4565 templis
2542 4513 2610 4550 an
2648 4495 2913 4552 idolorum
2940 4493 3056 4548 aris
3090 4491 3356 4546 interesse
3382 4505 3471 4543 ar-

1892 4591 2186 4647 bitrentur.
2232 4588 2430 4643 Pareat
2472 4602 2607 4644 sane
2638 4587 2792 4642 nobis
2836 4588 3018 4648 Deus.
3049 4586 3140 4656 qui
3170 4585 3299 4639 dum
3351 4582 3471 4637 illo-

1895 4698 2014 4737 rum
2059 4696 2225 4751 opera
2259 4680 2559 4749 arguimus,
2602 4679 2951 4733 involuntarii
2988 4678 3203 4734 illorum
3243 4675 3466 4746 fuligine

1891 4774 2257 4830 sordidamur.
2299 4772 2461 4845 Atqui
2504 4772 2635 4841 ipsis
2666 4773 2940 4841 quodnam
2976 4782 3225 4845 superest
3266 4765 3469 4841 defert:

1896 4864 2073 4921 sionis
2101 4862 2320 4933 genus?
2357 4862 2487 4937 quid
2526 4863 2903 4917 contradicent
2928 4862 2980 4915 hi
3005 4862 3093 4932 qui
3124 4862 3261 4914 haud
3292 4860 3470 4912 cohae-

197 4961 386 5016 ταῦτα
417 4963 651 5032 φήσαιεν
678 4962 728 5015 οἱ
751 4961 1040 5032 μιγνύντες
1081 4962 1150 5015 τὰ
1177 4962 1411 5031 ἄμικτα,
1459 4962 1511 5015 oi
1550 4961 1794 5024 τιθέντες

1894 4955 2071 5010 rentia
2105 4954 2367 5020 miscent,
2414 4952 2505 5022 qui
2552 4950 2725 5006 lucem
2764 4967 2863 5021 pro
2913 4951 3181 5013 tenebris,
3221 4962 3318 5019 pro
3351 4946 3472 5002 luce

197 5051 268 5104 τὸ
295 5050 415 5118 φῶς
450 5049 641 5112 σκότος
695 5052 790 5104 καὶ
834 5049 896 5103 τὸ
918 5052 1122 5112 σκότος
1172 5050 1310 5118 φῶς,
1363 5043 1440 5103 ὧν
1470 5050 1503 5119 ἠ
1531 5048 1792 5104 κοινωνία

1896 5047 2147 5102 tenebras
2190 5055 2429 5118 ponunt,
2485 5060 2712 5115 quarum
2767 5059 2945 5099 rerum
2999 5041 3310 5096 communio
3370 5053 3470 5094 nec

197 5143 494 5211 ἀμήχανος
535 5143 628 5194 καὶ
657 5141 1011 5210 ἀνεπινόητος
1042 5157 1056 5205 ;
1081 5139 1318 5212 Χριστοῦ
1343 5139 1453 5210 γὰρ
1480 5139 1790 5211 ὑπηρεσίαν

279 5322 413 5365 "-“
448 5322 581 5379 Luc.
608 5338 720 5389 xw,
752 5321 835 5376 15.
876 5280 883 5287 ⁸
914 5322 958 5353 ⁶⁶
983 5319 1028 5374 ll
1070 5320 1196 5375 Cor.
1225 5335 1296 5384 t't,
1335 5317 1421 5374 ﬂ.

282 5482 400 5552 (ΞΠ)
448 5482 674 5538 Exstant
714 5480 828 5552 haec
884 5479 937 5552 in
990 5479 1099 5534 divi
1143 5477 1332 5552 [Basilii
1373 5477 1628 5548 liturgia,
1688 5492 1784 5533 seu

198 5548 408 5613 misisti.
451 5553 585 5607 Vide
616 5551 1023 5618 Erit-hologittnt,
1058 5565 1108 5618 p.
1143 5548 1228 5604 79.

277 5623 401 5697 (58}
440 5620 643 5690 Nempe
674 5623 725 5674 in
768 5622 927 5697 pictis
950 5619 1323 5697 antime‘nsiis,
1359 5632 1671 5697 supraqum
1699 5633 1784 5671 sa.

195 5689 496 5760 criticum,
536 5707 743 5747 nccnon
804 5692 853 5743 in
886 5692 1095 5745 caeteris
1141 5689 1328 5760 ﬁguris
1377 5689 1569 5744 altaris
1615 5703 1779 5746 orna-

1890 5137 2013 5197 ficri
2065 5154 2165 5195 nec
2211 5139 2439 5210 cogitari
2490 5137 2698 5209 potest?
2735 5134 2870 5190 Nam
2906 5133 3107 5189 Christi
3144 5127 3469 5184 famulatum

1920 5478 2059 5532 ilius.

1899 5487 2328 5630 ωἳέῗλβοηίον
2378 5550 2429 5601 in
2482 5545 2810 5615 Euchologio
2844 5561 2897 5630 ρ..
2944 5546 3072 5630 569,
3116 5544 3183 5604 de
3212 5541 3467 5604 Ecclesia

1887 5628 2145 5675 cncmnits
2172 5632 2381 5690 preces,
2412 5634 2531 5689 qum
2562 5630 2737 5674 tamen
2772 5628 3003 5673 variant.
