3900 6148
447 291 555 355 603

1387 317 1391 320 ·
1475 295 1537 355 S.
1581 295 2000 359 NICEPHORI
2043 295 2547 357 PATRIARCHIE
2587 296 2701 356 ΟΡ.

3608 286 3708 355 σοι

450 414 506 457 et
551 405 754 456 cultum
803 401 1078 472 simulque
1130 402 1470 473 impurorum
1508 406 1811 461 dmmonum
1846 407 2017 462 consi-

2129 407 2222 459 καὶ
2260 403 2579 476 θεραπείαν,
2609 403 2704 456 καὶ
2734 400 3060 474 ἀκαθάρτων
3102 398 3406 469 δαιμονίων
3455 401 3534 465 είς
3579 419 3706 456 ταυ-

451 505 595 550 stere
616 511 775 561 posse
793 537 810 562 ,
832 496 957 565 quis
993 510 1121 550 sana
1145 507 1322 550 meme
1353 498 1610 564 pmditus
1641 498 1822 552 dicere
1843 495 2024 551 ausit?

449 586 586 641 Nam
622 588 855 641 teoelir'e
889 588 1083 643 solaris
1123 588 1261 643 lucis
1296 589 1640 658 praesentiam
1667 603 1771 643 non
1805 589 2023 658 patiun-

452 689 550 734 tttr.
599 679 795 732 Verum
832 680 918 734 hic
951 680 1114 734 etiam
1153 679 1366 734 illorum
1399 679 1651 749 impietas
1675 681 2024 736 animadver-

453 780 617 823 tatur.
664 770 722 825 In
769 785 1044 823 sacrarum
1094 771 1290 825 aedium
1354 771 1785 825 dedicationibus
1839 781 1892 825 et
1925 786 2025 825 en-

449 863 660 926 rmniis,
714 876 900 929 preces
951 861 1057 915 Deo
1085 877 1115 915 a
1151 861 1588 915 ministrantibus
1623 861 1732 915 illic
1777 861 2022 916 sacerdoo

453 950 595 1002 tibus
662 951 1196 1020 supplicationesque
1255 951 1422 1016 liunt,
1485 954 1684 1021 quibus
1747 954 2024 1022 postulant

450 1039 852 1090 sanctissimum
895 1040 1158 1108 Spiritum
1212 1041 1350 1093 mitti
1400 1043 1466 1093 ad
1499 1041 1755 1111 templum
1787 1042 2025 1096 sanctiﬁ-

449 1128 676 1183 candum
718 1139 1030 1200 aeternaque
1066 1132 1183 1186 luce
1234 1132 1586 1200 implendum,
1647 1142 1809 1201 atque
1840 1144 1898 1187 ut
1931 1133 2020 1189 ille

448 1218 550 1271 sibi
583 1219 683 1273 hoc
725 1222 979 1290 templum
1005 1223 1069 1276 ad
1102 1223 1469 1276 habitaculum
1501 1223 1703 1292 deligat
1731 1224 2021 1292 gloriaeque

448 1309 876 1372 tabernaculum,
908 1314 1106 1366 divinis
1132 1314 1363 1382 denique
1394 1315 1819 1372 charisntatibus
1840 1324 2017 1380 ornet,

449 1400 710 1454 malorum
742 1405 1034 1456 remedium
1064 1403 1282 1466 eﬂiciat,
1304 1406 1580 1459 dzetnones
1611 1406 1736 1460 hinc
1761 1407 2017 1476 expellat,

449 1490 709 1543 Sanctum
763 1503 1071 1546 sanctorum
1129 1509 1248 1548 esse
1305 1496 1620 1553 constituat,
1673 1495 1819 1562 Quas
1878 1497 2022 1551 inter

448 1595 640 1648 preces
669 1585 851 1638 divino
882 1595 1158 1655 unguento
1190 1585 1243 1639 in
1277 1588 1547 1642 nonnullis
1575 1589 1760 1657 templi
1796 1591 1928 1645 locis
1963 1591 2022 1644 (it

449 1673 654 1731 unctio.
684 1684 737 1726 et
774 1690 1052 1730 sacrarum
1101 1689 1519 1747 sanctarumque
1551 1681 1896 1750 reliquiarum
1937 1697 2020 1737 res

2129 496 2220 549 τὸν
2259 495 2527 556 συνιέναι,
2562 492 2648 556 τίς
2696 491 2805 545 τῶν
2833 491 3149 564 ἐρρωμένον
3191 489 3285 543 τὸν
3327 491 3594 562 λογισμὸν
3626 512 3708 548 κει

2131 584 2418 655 κτημένων
2446 584 2611 653 φάναι
2641 583 2966 654 τολμήσειεν
2985 597 3001 648 ;
3023 582 3144 634 οὐδὲ
3176 582 3288 650 γὰρ
3319 583 3513 644 σκότος
3561 582 3709 650 ἡλια-

2128 677 2224 729 κοῦ
2243 677 2420 744 φωτὸς
2437 674 2741 747 παρουσίαν
2758 673 3088 743 ὑφίστασθαι
3113 674 3354 740 πέφυκε.
3386 672 3709 727 Σκοπείσθω

2127 767 2186 822 δὲ
2210 766 2492 820 κάνταῦθα
2518 767 2591 818 τά
2615 765 2714 834 τῆς
2737 761 2998 826 ἀσεϐείας
3024 762 3211 816 αὐτῶν
3238 780 3252 794 ·
3279 765 3339 816 ἐν
3365 766 3489 826 ταῖς
3521 763 3707 816 καθιε-

2131 859 2331 929 ρώσεσι
2386 857 2484 910 καὶ⁵
2538 858 2651 920 τοῖς
2698 857 3074 924 ἐγκαινισμοϊς
3129 855 3240 908 τῶν
3305 855 3471 924 ίερῶν
3515 857 3703 920 οἴκων,

2127 948 2286 1018 εὐχαὶ
2320 947 2397 1018 τῷ
2418 945 2538 1016 Θεῷ
2569 946 2720 1017 παρά
2759 946 2867 998 τῶν
2891 947 3356 1017 ὑπηρετουμένων
3385 947 3585 1017 ἱερέων
3618 949 3706 1000 καὶ

2125 1038 2339 1109 δεήσεις
2385 1038 2779 1108 προσάγονται,
2821 1037 2891 1089 δι’
2939 1030 3015 1091 ὧν
3063 1036 3276 1090 αἰτοῦσι
3332 1038 3394 1090 τὸ
3441 1037 3708 1106 πανάγιον

2127 1131 2351 1199 Πνεῦμα
2388 1129 2870 1199 καταπεμφθῆναι,
2911 1129 3006 1182 καὶ
3043 1128 3374 1198 ἀγιασθῆναι
3402 1130 3498 1181 τὸν
3529 1125 3701 1195 οἷκον,

2126 1223 2222 1276 καὶ
2246 1222 2597 1293 πληρωθῆναι.
2626 1221 2804 1290 φωτὸς
2831 1219 3001 1275 ἀϊδίου
3025 1235 3040 1248 ·
3067 1219 3348 1290 αἱρετίσαι
3368 1238 3428 1273 τε
3458 1221 3551 1274 τὸν
3581 1221 3705 1274 ναὸν

2125 1313 2206 1375 εἰς
2241 1313 2580 1381 κατοίκησιν.
2615 1314 2707 1364 καὶ
2741 1312 2907 1364 τόπον
2939 1313 3302 1382 σκηνώματος
3339 1311 3501 1382 δόξης
3529 1314 3703 1382 ἀπερο

2125 1403 2421 1472 γάσασθαι,
2459 1407 2687 1473 κοσμεῖν
2709 1420 2768 1455 τε
2804 1402 2968 1455 αὑτὸν
2999 1406 3112 1466 τοῖς
3129 1402 3298 1464 θείοις
3323 1405 3664 1474 χαρίσμασιν
3686 1421 3701 1437 ο

2129 1494 2360 1563 ίατρείόν
2393 1510 2450 1546 τε
2477 1493 2829 1546 καθιστάνειν
2861 1492 3072 1557 παθῶν,
3099 1493 3197 1545 καὶ
3226 1493 3503 1562 δαιμόνων
3535 1510 3706 1561 φυγα-

2125 1587 2428 1656 δευτήριον,
2446 1586 2540 1638 καὶ
2558 1585 2749 1652 Ἃγιον
2769 1585 2941 1652 ἁγίων
2963 1583 3389 1638 ἀναδείκνυσθαι
3413 1601 3427 1614 ·
3463 1585 3552 1656 ἐφ’
3567 1580 3646 1647 οἷς
3668 1587 3701 1655 ἠ

2125 1678 2217 1732 τοῦ
2246 1678 2392 1732 θείου
2426 1678 2598 1747 μύρου
2623 1679 2679 1729 ἐν
2703 1675 2866 1740 ἐνίοις
2890 1675 2984 1730 τοῦ
3009 1675 3142 1729 ναοῦ
3163 1673 3352 1738 τόποις
3372 1677 3580 1746 χρίσις,
3612 1678 3706 1729 καὶ

445 1763 664 1828 positio.
707 1763 844 1819 Num
883 1782 1013 1838 ergo
1042 1771 1190 1838 paria
1219 1771 1303 1824 his
1331 1785 1361 1824 a
1390 1772 1678 1826 contrariae
1719 1773 1890 1841 partis
1929 1774 2017 1827 bo-

2127 1770 2228 1822 τῶν
2253 1767 2415 1840 ἱερῶν
2443 1766 2550 1820 τῶν
2579 1766 2752 1835 ἁγίων
2780 1765 3054 1835 λειψάνων
3088 1765 3413 1828 κατάθεσις.
3450 1760 3580 1836 'Ap’
3613 1761 3704 1818 οῦν

447 1854 684 1909 minibus
707 1872 769 1911 ex
799 1860 882 1913 sui
911 1860 1177 1930 dogmatis
1213 1877 1401 1916 norma
1423 1862 1592 1917 ﬁunt?
1625 1862 1762 1918 Num
1789 1880 1906 1933 quae
1935 1865 2023 1920 hic

449 1961 602 1998 sacra
652 1949 812 2002 verba
855 1951 1128 2017 dicuntur,
1156 1963 1210 2007 et
1237 1967 1358 2021 qua
1401 1956 1469 2007 ab
1513 1954 1646 2022 ipsis
1677 1966 2022 2010 monStruose

447 2049 876 2104 murmurantur,
896 2056 1135 2097 consona
1156 2043 1388 2098 invicem
1408 2054 1462 2098 et
1478 2057 1838 2101 consentanea
1860 2047 2024 2102 sunt?

451 2127 646 2196 Ecquis
665 2141 749 2182 est
773 2131 848 2185 ita
883 2135 1078 2189 stultus
1110 2146 1165 2190 et
1197 2147 1380 2192 mente
1423 2147 1649 2206 captus,
1684 2151 1741 2193 ut
1775 2143 2018 2196 eamdem

445 2219 615 2272 rdem
648 2231 702 2274 et
728 2220 975 2291 iugandis
1005 2226 1338 2281 daemonibus
1366 2237 1544 2296 aptam
1574 2229 1738 2294 dicat,
1777 2242 1833 2285 et
1861 2232 2019 2285 simul

449 2311 681 2376 husliitio
709 2314 1063 2382 recipiendis?
1085 2315 1337 2373 Eamdem
1352 2328 1618 2384 sanctam,
1637 2330 1686 2373 et
1708 2324 2018 2378 eXSecrabi-

446 2400 594 2454 lem?
633 2403 872 2458 divinum
910 2404 1169 2476 Spiritum
1207 2410 1276 2464 ibi
1311 2412 1669 2478 obumbrare,
1705 2424 1760 2467 et
1804 2425 2021 2468 contra-

447 2493 589 2546 rium
623 2496 782 2548 simul
829 2499 1105 2553 residere?
1149 2503 1292 2570 quod
1335 2518 1526 2572 reapse
1575 2505 1642 2558 ab
1697 2506 1780 2560 his
1827 2521 2019 2562 omnes

447 2585 696 2637 amentirc
725 2588 1063 2657 rcsanireque
1110 2590 1246 2645 lines
1295 2595 1697 2663 praetergressis
1757 2599 2017 2651 creditur.

441 2672 546 2737 Qui
579 2673 820 2741 profecto
868 2693 934 2732 ne
973 2679 1072 2733 ista
1107 2683 1320 2748 quidem
1351 2685 1626 2753 impietate
1657 2695 1813 2741 tenus
1835 2689 2018 2743 consi~

446 2776 616 2828 stunt,
648 2769 740 2822 sed
772 2780 1082 2824 sanctorum
1113 2774 1275 2828 etiam
1300 2776 1503 2831 Christi
1535 2779 1892 2844 athletarum,
1921 2781 2016 2849 qui

446 2871 614 2924 usque
639 2862 702 2911 ad
728 2863 1045 2928 sanguinem
1070 2865 1490 2920 decertaveruut
1511 2908 1526 2932 ,
1553 2879 1770 2923 salutas
1803 2885 2016 2924 sacras-

445 2962 549 3014 que
576 2949 827 3018 reliquias
851 2953 904 3005 iu
931 2957 1266 3012 consecratis
1294 2959 1555 3014 altaribus
1583 2976 1845 3028 reponere
1871 2978 2018 3016 recu-

446 3050 634 3094 sarunt
669 3059 683 3095 :
724 3058 951 3111 quorum
988 3045 1150 3100 etiam
1183 3049 1625 3106 intercessionem
1671 3055 1940 3122 despuunt
1963 3063 2018 3109 et

2127 1856 2337 1920 τούτοις
2367 1854 2702 1924 κατάλληλον
2731 1856 2779 1908 οἱ
2809 1854 2909 1924 τῆς
2933 1855 3187 1917 ἐναντίας
3219 1853 3441 1924 μοίρας,
3481 1854 3543 1906 τὺ
3574 1855 3700 1926 παρ’

2126 1949 2308 2012 αὐτοῖς
2335 1947 2797 2018 δογματιζόμενον
2818 1946 3096 2014 τίθενται;
3117 1946 3187 1999 τά
3206 1963 3268 1998 τε
3289 1945 3537 1999 ἐνταῦθα
3563 1945 3702 2016 lepo-

2125 2038 2284 2102 λογού
2293 2056 2428 2106 μενα
2445 2038 2540 2092 καί⁷
2561 2037 2632 2090 τὰ
2656 2039 2786 2108 παρ’
2803 2037 2986 2100 αὐτοῖς
3004 2055 3063 2090 τε
3074 2035 3541 2107 ρατολογούμενα,
3567 2036 3702 2106 σύμ-

2125 2148 2279 2201 φωνα
2297 2133 2390 2184 καὶ
2406 2131 2674 2187 ἀκόλουθα
2685 2132 2936 2203 ἀλλήλοις
2951 2133 3260 2204 καθέστηκε
3277 2150 3290 2198 ;
3305 2135 3417 2187 Καὶ⁵
3429 2133 3515 2197 τίς
3531 2131 3704 2196 οὕτως

2125 2223 2342 2296 ἔκφρων
2376 2225 2471 2279 καὶ
2489 2225 2837 2292 ἀνούστατος,
2859 2227 3001 2280 ὥστε
3030 2227 3122 2280 τὸν
3149 2227 3314 2280 αὑτὸν
3347 2223 3498 2280 οῐκον
3521 2227 3702 2293 λέγειν

2123 2317 2396 2387 δαιμόνων
2425 2319 2888 2390 φυγαδευτήριον,
2918 2316 3013 2373 καὶ
3035 2319 3308 2389 δαιμόνων
3339 2319 3700 2389 οίκητήριον;

2124 2407 2282 2474 ἆγιον
2327 2407 2419 2462 τὸν
2466 2407 2654 2473 αὐτὸν,
2687 2408 2782 2462 καὶ
2813 2411 2984 2479 ἐναγῆ
3019 2406 3374 2473 δείκνυσθαι;
3404 2407 3438 2477 ἢ
3463 2406 3526 2460 τὸ
3557 2406 3700 2459 θεῖον

2125 2499 2352 2570 Πνεῦμα
2377 2501 2719 2564 ἐπισκιάζειν
2751 2502 2810 2553 ἐν
2839 2499 3009 2568 αὐτῷ,
3049 2501 3142 2552 καὶ
3178 2499 3239 2553 τὸ
3284 2499 3538 2554 ἐναντίον.
3583 2498 3700 2553 Eur.-

2125 2590 2453 2662 χωριάζειν;
2479 2593 2619 2663 ὅπερ
2649 2587 2798 2646 οὗτοι
2823 2593 3010 2660 πάσης
3034 2593 3223 2654 ἀνοίας
3255 2593 3350 2645 καὶ
3393 2592 3703 2660 φρενοϐλαο

2124 2685 2280 2747 σείας
2332 2685 2590 2738 ἐπέκεινα
2635 2687 2918 2756 προῖόντες
2953 2684 3288 2750 δοξάζουσιν.
3348 2687 3412 2737 0i.
3464 2684 3546 2747 δὲ,
3586 2683 3703 2738 οὺδέ

2123 2776 2234 2845 γὰρ
2265 2776 2428 2847 μέχρι
2450 2775 2662 2830 τούτων
2696 2777 2805 2829 τῶν
2827 2775 3196 2845 ἀσεϐημάτων
3226 2776 3548 2845 ἑστήκασιν,
3573 2775 3702 2832 ἀλλά

2123 2868 2233 2936 γάρ
2256 2869 2350 2920 καὶ
2368 2868 2439 2921 τὰ
2458 2867 2566 2920 τῶν
2592 2869 2733 2936 ὑπὲρ
2756 2867 2994 2937 Χριστοῦ
3011 2868 3358 2940 ὴθληκότων,
3381 2868 3478 2921 καὶ
3507 2868 3702 2938 μέχρις

2123 2954 2358 3024 αἵματος
2391 2955 2846 3026 διηγωνισμένων
2879 2957 3072 3024 ἁγίων,
3109 2957 3242 3024 am
3271 2957 3366 3009 καὶ
3414 2957 3538 3027 ἱερά
3595 2957 3706 3008 3.5!"-

2121 3045 2266 3114 ψανα
2318 3047 2377 3099 ἐν
2427 3049 2542 3109 τοῖς
2587 3047 3040 3118 καθιερουμένοις
3085 3047 3498 3116 θυσιαστηρίοις
3536 3064 3706 3100 κατα-

445 3131 683 3182 almuuut
705 3173 718 3191 ,
749 3149 813 3186 ex
859 3136 941 3188 sui
971 3137 1224 3190 nimirum
1260 3141 1525 3209 dogmatis
1554 3143 1798 3196 doctrina
1830 3144 2017 3212 hujus-

2127 3136 2370 3190 τίθεσθαι
2394 3140 2820 3210 παρῃτήσαντο·
2871 3133 2946 3194 ὧν
2967 3141 3062 3193 καὶ
3097 3139 3199 3201 τὰς
3256 3139 3704 3208 πρεσϐείας-δια-

448 3222 628 3274 tnodi:
679 3220 791 3276 Visi
820 3236 938 3278 sunt
978 3227 1114 3280 enim
1139 3229 1305 3281 oculis
1345 3231 1702 3298 insipientium
1755 3236 1910 3301 mori,
1967 3245 2018 3291 et

447 3318 712 3366 resumam
765 3327 836 3368 est
889 3316 1098 3387 afﬂictio
1140 3322 1312 3374 exitus
1347 3321 1558 3375 illorum
1581 3363 1594 3386 ,
1627 3336 1674 3378 et
1713 3325 1960 3380 discessio
1987 3344 2021 3382 α

449 3403 594 3455 nobis
619 3406 1008 3459 exterminium.
1038 3408 1103 3461 At
1147 3411 1288 3463 enim
1329 3411 1410 3464 illi
1443 3425 1561 3466 sunt
1597 3416 1650 3468 in
1679 3432 1805 3482 pace
1831 3418 1898 3471 ⁶¹.
1923 3417 2023 3470 Ita-

446 3505 555 3560 que
604 3495 654 3546 in
704 3495 804 3550 hoc
835 3497 1089 3552 universo
1133 3503 1325 3571 agendi
1376 3519 1573 3574 genere
1622 3505 1866 3563 infelices
1924 3509 2022 3565 hos

448 3599 585 3638 vano
613 3601 798 3641 errore
836 3587 1102 3655 laborare,
1140 3592 1426 3650 ntanileste
1461 3607 1801 3668 compertum
1837 3610 1943 3656 est.-

519 3857 678 3928 177
705 3857 866 3913 Iidem
903 3861 1032 3915 mihi
1066 3862 1313 3917 videntur
1337 3880 1530 3920 nomen
1558 3881 1770 3936 quoque
1799 3868 2012 3926 Domini

443 3949 593 4001 nihili
628 3951 866 4017 pendere
898 3968 960 4005 ac
992 3953 1304 4020 profanare,
1333 3965 1389 4010 et
1421 3959 1824 4014 contaminatos
1855 3961 2014 4016 alt-ari

442 4051 606 4110 panes
639 4045 854 4106 οἶτος-νυ,
888 4045 1014 4098 dum
1063 4047 1243 4102 dicere
1287 4051 1486 4104 audent
1525 4069 1540 4105 ε
1580 4051 1762 4106 Mensa
1833 4054 2019 4107 Domi-

441 4135 494 4186 ni
521 4137 880 4189 contaminata
917 4150 1016 4200 est,
1068 4147 1116 4191 et
1151 4144 1499 4208 superposita:
1538 4143 1652 4196 illic
1682 4144 1842 4211 dapes
1878 4161 2005 4198 con-

441 4226 737 4293 temptae“,
783 4230 924 4296 quod
981 4231 1494 4301 antiquituslrgulis
1533 4235 1806 4304 religionis
1846 4251 2023 4291 sacer-

439 4317 654 4372 dotibus
695 4322 1084 4386 esprobratunt
1127 4323 1348 4376 scimus.
1383 4323 1528 4377 Bene
1563 4337 1741 4378 autem
1765 4343 1885 4380 cum
1918 4327 2022 4382 illis

441 4419 652 4473 agetur,
685 4409 727 4459 si
765 4400 904 4474 quod
959 4411 1087 4462 olim
1143 4412 1347 4464 dictum
1383 4415 1484 4468 fuit
1545 4416 1751 4478 Israeli,
1801 4429 2016 4472 tantum

437 4499 714 4552 audierint
752 4519 764 4552 :
799 4499 1078 4569 Quousque
1121 4503 1443 4559 claudicatis
1501 4507 1760 4562 ambobus
1801 4511 2014 4574 popliti-

438 4591 534 4643 bus
557 4591 637 4643 “?
698 4593 1016 4660 religiom‘ttt
1067 4597 1172 4650 illis
1214 4600 1602 4665 attribui-ntus,
1653 4601 1741 4670 qui
1777 4603 2014 4656 divinam

439 4681 608 4751 legem
644 4687 794 4750 parvi
825 4687 1118 4751 iacientes,
1152 4690 1218 4742 a.|
1262 4689 1616 4744 ﬁnitimarum
1652 4693 1893 4760 gentium
1923 4706 2014 4747 Stt-

439 4775 790 4842 pcrstitionrs
845 4789 1170 4846 properant;
1219 4791 1320 4849 qua
1352 4781 1404 4833 in
1441 4795 1496 4834 re
1541 4777 2016 4836 Samaritanorum

440 4867 713 4935 pra-cipue
771 4868 1078 4921 institutum
1130 4879 1430 4936 set-tantur,
1490 4873 1580 4942 qui
1618 4881 1672 4926 ct
1728 4873 2015 4926 Dominum

439 4960 792 5023 verebantur,
837 4971 892 5013 et
940 4961 1077 5013 idola
1145 4962 1302 5015 simul
1354 4978 1453 5017 sua
1521 4965 1816 5028 colebant;
1881 4965 2018 5019 male

443 5052 680 5116 uiridem,
720 5055 810 5105 sed
860 5053 928 5104 ila
965 5063 1144 5106 luntrn
1205 5052 1433 5108 fortasse
1472 5055 1717 5109 colebant
1773 5067 1830 5109 ιιι
1881 5072 2010 5124 pro.

441 5146 617 5209 prium
650 5146 848 5211 cuique
878 5145 1078 5198 cultum
1121 5146 1462 5199 exhiberem.
1500 5148 1591 5200 Isti
1625 5165 1750 5200 vero
1780 5148 2019 5203 confun-

442 5237 638 5287 dentes
665 5251 726 5286 ac
759 5237 1165 5301 permisi-eules,
1203 5249 1364 5304 atque
1403 5251 1506 5287 una
1541 5236 1924 5305 conglohanles
1957 5252 2019 5288 ea

450 5341 574 5392 qua:
631 5327 910 5394 eunjugaii
951 5337 1004 5377 ct
1039 5328 1372 5379 cocxsislere
1423 5339 1716 5394 neq-xeunt,
1773 5327 1914 5394 quod
1950 5341 2015 5381 ne

447 5419 678 5487 civgitari
721 5420 936 5486 qui-tem
990 5420 1106 5472 sine
1164 5435 1281 5472 sum
1310 5435 1373 5471 ua
1418 5419 1751 5486 blasphemia
1809 5428 2010 5486 potest,

449 5522 613 5561 unum
664 5509 1025 5576 eu:mlumque
1091 5511 1431 5564 honormtet
1482 5510 1682 5564 cultum
1737 5513 2015 5581 utriusque

527 5677 570 5708 θ’
610 5681 728 5745 5J9.
779 5698 858 5741 ιιι,
891 5684 940 5732 ‘3.

1021 5685 1059 5713 ἰ
1101 5685 1321 5737 ῘνΞιΙ.μ·ἶι.
1374 5701 1408 5745 I,
1455 5685 1531 5736 ll.

1632 5688 1674 5712 ετ
1719 5685 1780 5739 ιιι
1814 5685 1938 5755 τις.

2050 4457 2098 4514 D

2125 3226 2353 3280 πτύουσί
2373 3245 2437 3280 τε
2464 3230 2557 3281 καὶ
2586 3230 3004 3295 ἀπαναίνονται,
3031 3228 3172 3282 κατά
3201 3243 3264 3296 γε
3288 3227 3348 3281 τὸ
3371 3227 3506 3298 παρ’
3521 3229 3703 3289 αὐτοῖς

2124 3317 2596 3388 συγκροτούμενον
2650 3319 2829 3389 δόγμα
2853 3336 2868 3350 ·
2913 3319 3177 3384 Ἕδοξαν
3210 3321 3321 3389 γὰρ
3345 3319 3442 3372 καί
3486 3319 3604 3374 νῦν
3638 3319 3707 3372 ἓν

2123 3410 2451 3478 ὀφθαλμοῖς
2471 3411 2750 3479 ἀφρόνων
2771 3412 3066 3475 τεθνάναι,
3093 3410 3190 3466 καὶ
3207 3409 3498 3481 ἐλογίσθη
3521 3409 3708 3464 κάκω-

2123 3499 2289 3564 σιςή
2360 3500 2570 3566 ἔξοδος
2621 3500 2842 3565 αὐτῶν,
2903 3501 3000 3554 καὶ
3051 3503 3092 3570 ἠ
3140 3502 3242 3570 ἀφ’
3277 3501 3451 3570 ἡμῶν
3503 3503 3708 3569 πορεία

2123 3591 2492 3660 σύντριμμα·
2537 3594 2592 3644 οἱ
2638 3590 2705 3645 δέ
2753 3594 2912 3646 εἰσιν
2962 3592 3034 3645 ἐν
3079 3591 3325 3660 ειριήνῃο
3359 3592 3442 3646 διὸ
3489 3593 3550 3646 ἐν
3578 3593 3707 3646 πᾶσι

2122 3679 2328 3744 τούτοις
2366 3683 2416 3734 οί
2453 3682 2712 3748 δείλαιοι,
2745 3682 3072 3754 ἀνομοῦντες
3108 3682 3199 3736 διά
3231 3681 3398 3753 κενῆς
3438 3681 3707 3755 λαμπρῶς

2125 3773 2511 3844 ἐφωράθησαν.

2195 3867 2260 3919 Oi
2289 3867 2441 3919 αὐτοὶ
2473 3868 2530 3920 δέ
2566 3885 2658 3938 μοι
2689 3865 2909 3920 δοκοῦσι
2941 3867 3035 3921 καὶ
3071 3852 3359 3936 φαυλίζειν
3402 3865 3500 3920 καὶ
3547 3865 3706 3937 βεϐη-

2123 3955 2250 4009 λοῦν
2272 3957 2332 4009 τὸ
2362 3956 2535 4028 δνομα
2563 3958 2791 4029 Κυρίου,
2825 3959 2922 4012 καὶ
2951 3957 3250 4028 προσάγειν
3277 3957 3358 4026 τῷ
3393 3957 3698 4026 θυσιαστη-

2128 4047 2227 4118 ρίῳ
2253 4048 2450 4119 ἄρτους
2487 4048 2913 4118 ὴλισγημένους,
2948 4047 3130 4116 λέγειν
3179 4064 3239 4100 τε
3269 4047 3484 4116 τολμᾷν
3505 4063 3519 4077 ο
3564 4045 3706 4114 Τρά-

2125 4136 2268 4196 πεζα
2295 4137 2515 4204 Κυρίου
2540 4136 2918 4206 filiaran
2936 4136 3090 4199 ἐστὶ,
3113 4135 3214 4189 και
3234 4135 3306 4188 τὰ
3323 4135 3707 4204 ἐπιτιθέμενα

2121 4227 2404 4296 ,βρώματα
2457 4227 2644 4282 αὑτοῦ
2696 4225 3165 4296 ἐξουθενημένα.
3219 4227 3400 4296 Ὅπερ
3466 4227 3528 4279 τὸ
3580 4225 3706 4294 πρὶν

2126 4320 2240 4380 τοῖς
2269 4318 2369 4387 τῆς
2416 4319 2475 4370 ἐν
2503 4319 2654 4389 νόμῳ
2691 4318 2951 4388 λατρείας
3005 4317 3249 4388 ἱερεῦσιν
3300 4317 3706 4386 ἐγκαλούμενον

2130 4410 2318 4478 ἴσμεν·
2353 4409 2550 4462 πολλοῦ
2603 4411 2648 4462 δ’
2682 4410 2746 4464 ἂν
2777 4409 2920 4475 ἄξιοι
2959 4409 3275 4478 φανοῦνται,
3333 4411 3384 4461 εἱ
3423 4411 3570 4463 κατά
3619 4408 3706 4460 τὸν

2127 4502 2298 4555 πάλαι
2337 4502 2557 4573 Ἰσραὴλ
2577 4503 2784 4554 ἐκεῖνον
2815 4500 3110 4560 ἀκούσειαν
3133 4516 3148 4530 '
3177 4502 3328 4565 Ἕως
3349 4500 3499 4553 πότε
3523 4502 3706 4568 χωλα-

2120 4593 2278 4646 νεῖτε
2306 4593 2398 4646 ἐπ’
2424 4592 2786 4661 ἀμφοτέραις
2812 4591 2940 4658 ταῖς
2967 4592 3240 4660 ίγνύαιςς
3280 4590 3380 4658 τὴν
3408 4589 3706 4660 θρησκείαν

2121 4682 2356 4745 ἐκείνοις
2395 4681 2896 4753 παραϐαλλόμενοι,
2923 4680 3016 4732 τοῦ
3043 4680 3189 4732 θείου
3217 4678 3387 4748 νόμου
3412 4678 3711 4746 κατολιγωο

2123 4776 2344 4846 ρήσασι,
2380 4773 2475 4827 καὶ
2501 4775 2635 4843 πρδς
2667 4773 2736 4824 τὰ
2759 4773 2866 4825 τῶν
2898 4772 3116 4843 όμόρων
3155 4770 3326 4824 ἐθνῶν
3371 4769 3706 4840 ἀποτρέχειν

2125 4866 2445 4936 σεϐάσματα
2499 4865 3026 4928 διασπουδάξουσινο
3200 4861 3273 4914 τὰ
3341 4859 3710 4930 Σαμαρειτῶν

2128 4957 2466 5025 ἐγνώκεισαν
2479 4957 2838 5019 διατίθεσθαι,
2859 4955 2911 5010 οἳ
2935 4956 3029 5009 καὶ
3050 4956 3142 5008 τὸν
3164 4955 3369 5023 Κύριον
3386 4952 3706 5023 ἐφοϐοῦντο,

2130 5051 2228 5104 καὶ
2259 5053 2371 5113 τοῖς
2403 5046 2544 5112 θεοῖς
2590 5049 2773 5103 αὐτῶν
2801 5049 3116 5118 ἐλάτρευον,
3164 5047 3354 5108 κακῶς
3405 5046 3530 5114 μὲν,
3563 5045 3708 5113 ὅμως

2128 5143 2172 5196 δ’
2205 5139 2299 5195 οὖν
2330 5143 2472 5213 τάχα
2523 5159 2639 5206 πως
2675 5144 2784 5205 τοῖς
2820 5139 3329 5210 προσ-κυκλουμένοις
3385 5135 3575 5197 ἱδικῶς
3612 5133 3704 5203 τὴν

2133 5234 2388 5306 λατρείαν
2433 5233 2857 5304 προσφέροντες.
2895 5227 3055 5287 Οὗτοι
3095 5232 3204 5300 γὰρ
3237 5229 3566 5299 συγχέοντες
3623 5226 3706 5280 καὶ

2135 5344 2198 5379 συ
2207 5327 2319 5397 μφύ
2329 5343 2510 5398 ροντες
2534 5326 2627 5379 καὶ
2644 5325 2783 5378 κατὰ
2799 5325 2991 5378 ταυτὸν
3010 5323 3233 5391 ἄγοντες
3254 5322 3323 5374 τὰ
3346 5321 3525 5389 πάντη
3551 5320 3705 5371 ἀσυν-

2073 5399 2088 5434 !
2132 5417 2337 5471 δύαστα
2355 5419 2449 5471 καὶ
2471 5419 2886 5489 ἀσυνύπαρκτα,
2907 5415 2934 5469 ὃ
2952 5416 3045 5468 καὶ
3064 5414 3225 5484 μόνον
3246 5412 3453 5466 ἐννοεῖν
3470 5411 3676 5481 βλασφη
3691 5434 3705 5444 ·

2140 5513 2266 5583 μίας
2296 5511 2392 5582 τῆς
2416 5511 2698 5579 ἀνωτάτω,
2732 5510 2860 5585 μίαν
2896 5508 2988 5562 καὶ
3011 5506 3109 5579 τὴν
3141 5503 3309 5578 αὐτὴν
3337 5504 3496 5573 δόξαν
3525 5501 3617 5556 καὶ
3653 5496 3708 5550 τὸ

1992 5702 2146 5750 xvm,
2180 5687 2267 5739 21.
