3918 6152
308 339 414 406 605

1127 347 1693 413 APOLOGETICUS
1722 349 1871 414 PRO
1909 353 2175 417 sacms
2207 339 2687 420 IMAGINIBUS.

3463 351 3570 416 606

307 453 471 515 σέϐας
507 451 691 514 αὐτοῖς
729 451 1072 517 ἀπαιδεύτως
1126 456 1219 508 καὶ
1273 455 1451 522 ἀθέως
1503 457 1875 528 προσάγεσθαι

1988 461 2234 529 imperite
2282 471 2336 516 et
2368 463 2667 532 irreligiose
2710 461 2966 516 adbibere
3007 460 3213 516 volunt.
3265 461 3567 521 Corinthiis

305 543 613 614 βούλονται.
666 543 978 614 Κορινθίοις
1028 546 1137 617 γὰρ
1170 546 1296 617 ἄρτι
1337 548 1440 617 τῆς
1485 549 1596 602 τῶν
1647 549 1882 605 εἰδώλων

300 634 636 690 ἀνανεύσασι
661 635 856 706 μέθης,
887 636 984 690 καὶ
1004 635 1086 689 ἔτι
1108 640 1392 706 σαρκικοῖς
1411 638 1529 693 οὖσι
1551 639 1646 693 καὶ
1667 642 1885 712 νηπίοις

300 729 360 781 ἑν
375 727 620 797 Χριστῷ,
649 727 792 795 γάλα
822 727 1140 793 ποτίζεσθαι
1170 729 1262 783 καὶ
1283 729 1344 782 ού
1366 730 1564 800 βρῶμα
1582 731 1882 802 δεομένοις,

300 818 796 890 παρεξετάζεσθαι,
837 819 1035 874 πολλοῦ
1068 837 1130 888 γε
1164 822 1258 875 καὶ
1286 821 1387 887 δεῖ,
1418 821 1506 876 διά
1530 840 1590 875 τε
1623 823 1720 876 τοῦ
1756 824 1885 894 χρό-

299 927 394 961 νου
415 910 475 960 τὸ
503 909 752 979 ἔσχατον,
777 909 872 963 καὶ
900 911 960 963 τὸ
977 912 1035 963 έν
1055 911 1288 980 δόγμασι
1313 912 1407 964 καὶ
1424 911 1678 982 θεωρίαις
1702 901 1882 982 ἰσχνόν

296 1018 356 1054 τε
381 1000 476 1054 καὶ
501 1000 978 1070 κατεξητασμένον
995 1017 1009 1030 ⁸
1036 1001 1173 1072 πρὸς
1191 1001 1220 1054 ὃ
1236 1003 1333 1072 οὐχ
1356 997 1461 1056 οἷοί
1492 1004 1551 1056 τὲ
1581 1005 1719 1057 εἰσιν
1735 1005 1885 1058 ἀντι-

295 1093 519 1152 τείνειν,
555 1091 588 1162 ἢ
623 1091 918 1160 ἀπολογίας
965 1091 1281 1162 ἡστινοσοῦν
1314 1093 1571 1165 ἀφορμὴν
1619 1096 1881 1166 προΐσχε-

299 1183 502 1258 σθαι,ῆ
539 1183 813 1254 Ἑϐραίοις
837 1185 936 1253 τῆς
966 1183 1265 1254 Ἰουδαϊκῆς
1278 1185 1375 1238 καὶ
1390 1187 1878 1256 πατροπαραδότου

293 1275 647 1344 ἀναστροφῆς
677 1275 1182 1344 μεταποιουμένοις,
1219 1275 1296 1338 ὡς
1349 1275 1541 1345 χρείαν
1561 1275 1710 1346 ἔχειν
1732 1275 1878 1330 διδά-

295 1367 547 1430 σκεσθαι,
575 1367 694 1420 τίνα
723 1369 790 1420 τά
819 1370 1061 1440 στοιχεῖα
1087 1368 1186 1438 τῆς
1207 1366 1385 1439 ἀρχῆς
1411 1367 1518 1420 τῶν
1558 1367 1757 1436 λογίων
1779 1368 1874 1421 τοῦ

291 1458 452 1520 Θεοῦ,
489 1457 696 1510 δεῖσθαί
720 1475 779 1510 τε
820 1459 1116 1526 γάλακτος,
1164 1459 1226 1512 οὐ
1282 1461 1512 1532 στερεᾶς
1542 1460 1768 1530 τροφῆς.
1811 1459 1874 1511 Εἰ

291 1551 351 1604 δὲ
399 1547 657 1602 τοσοῦτον
708 1549 1108 1621 ἐσκοτίσθησαν
1149 1553 1263 1614 τοῖς
1314 1551 1711 1620 διαλογισμοῖς,
1765 1549 1862 1602 καὶ

288 1641 586 1711 ὲμωράνθη
616 1644 650 1710 ἡ
681 1642 940 1703 ἀσύνετος
970 1641 1152 1696 αὐτῶν
1181 1643 1400 1713 καρδία,
1441 1643 1540 1696 καὶ
1588 1643 1728 1712 πρὸς
1761 1641 1862 1705 τὰς

292 1729 386 1784 τοῦ
409 1731 764 1798 εύαγγελικοῦ
787 1730 1144 1802 κηρύγματος
1167 1734 1397 1796 ἀκτῖνας
1422 1730 1868 1802 ἀμϐλυώττουσι,

286 1823 388 1874 καὶ
416 1821 476 1873 τὸ
510 1821 952 1889 διαστελλόμενον
1001 1822 1233 1876 συνιδεῖν
1281 1823 1384 1876 οὐκ
1441 1824 1740 1892 ἰσχύουσιν,
1773 1821 1870 1876 ἐπὶ

285 1914 400 1973 τοῖς
427 1915 508 1974 είς
534 1911 762 1978 ἄπειρον
797 1911 1196 1982 διῳκισμένοις,
1252 1915 1346 1968 καὶ
1377 1915 1560 1968 πᾶσαν
1589 1913 1865 1982 ὑπερανα-
1899 1938 1942 1995 Β

284 2003 549 2072 ϐεϐηκόσι
598 2004 908 2074 σύγκρισιν,
961 2005 1148 2078 ἐπειδὴ
1188 2005 1294 2059 ἀνὰ
1346 2005 1510 2076 μέσον
1560 2005 1719 2074 ἁγίου
1771 2004 1867 2058 καὶ

285 2094 520 2164 βεϐήλου
543 2095 874 2148 διαστέλλειν
902 2096 1002 2150 ούκ
1030 2095 1232 2161 ἴσασιν,
1279 2095 1607 2151 ἀκούσονται
1631 2095 1686 2149 τί
1724 2095 1865 2166 πρὸς

283 2187 489 2250 αὐτοὺς
539 2187 567 2239 ὁ
601 2187 694 2240 τοῦ
736 2187 1072 2257 Εὐαγγελίου
1128 2189 1415 2260 ίερουργδς
1459 2191 1858 2258 ἀποφανείται,

281 2278 386 2348 τὴν
416 2266 1052 2356 ἐπαχλύζουσανάὺτῶν
1093 2283 1209 2345 τοῖς
1255 2280 1458 2351 ψυχαῖς
1489 2280 1861 2350 παραδεικνὺς

283 2371 648 2439 σκοτόμαιναν
669 2388 683 2402 ·
713 2371 843 2424 Ὀτι
865 2373 918 2425 si
939 2373 1073 2426 ἐστι
1096 2371 1559 2442 κεκαλυμμένον
1583 2371 1650 2424 τὸ
1669 2373 1866 2442 Εὐαγ-

279 2460 491 2530 τέλιον
503 2460 694 2530 ἡμῶν,
717 2461 790 2515 ἐν
805 2460 932 2527 τοῖς
950 2461 1399 2529 ἀπολλυμένοις
1415 2461 1548 2515 ἐστί
1562 2465 1867 2531 κεκαλυμ-

277 2551 499 2618 μένον·
531 2552 601 2605 ἐν
629 2547 721 2617 οἷς
754 2555 787 2607 ό
831 2551 966 2618 θεὸς
1010 2551 1119 2606 τοῦ
1182 2551 1400 2619 αἰῶνός
1431 2553 1672 2616 τούτου,
1719 2552 1854 2607 ἐτύ-

282 2647 505 2713 φλωσε
563 2643 638 2698 τὰ
683 2643 958 2712 νοήματα
987 2643 1110 2698 τῶν
1140 2644 1437 2708 ἀπίστων,
1502 2646 1590 2710 εὶς
1643 2643 1711 2698 τὸ
1772 2642 1860 2714 μὴ

273 2735 615 2805 ἐναυγάσαι
644 2735 851 2803 αὐτοῖς
876 2736 986 2789 τὸν
1023 2737 1336 2805 φωτισμὸν
1379 2735 1489 2804 τῆς
1521 2736 1709 2802 δόξης
1750 2735 1861 2790 τοῦ

275 2827 655 2895 Είναττελίου
679 2828 789 2881 τοῦ
835 2827 1130 2895 Χριστοῦο
1182 2827 1410 2899 προσέτι
1459 2828 1552 2892 δὲ,
1595 2830 1668 2882 οὐ
1701 2829 1860 2880 θέλω

283 2918 436 2989 ὑμᾶς
481 2919 813 2986 κοινωνοὺς
861 2919 982 2973 τῶν
1031 2919 1356 2989 δαιμονίων
1405 2917 1688 2988 γενέσθαι
1710 2934 1725 2950 ο
1785 2918 1858 2971 οὐ

271 3010 547 3064 δύνασθε
577 3011 870 3078 ποτήριον
904 3013 1126 3078 Κυρίου
1170 3012 1373 3064 πίνειν
1419 3008 1517 3063 καί
1561 3008 1854 3077 ποτήριον

270 3098 618 3170 δαιμονίωνο
638 3103 708 3156 οὺ
724 3101 988 3155 δύνασθε
1003 3100 1294 3169 τραπέζης
1310 3099 1536 3168 Κυρίου
1551 3098 1850 3170 μετέχειν,

270 3192 371 3244 καί
399 3189 693 3259 τραπέζης
715 3190 1060 3261 δαιμονίων.

1995 549 2142 604 enim
2174 550 2263 618 qui
2289 566 2458 620 nuper
2491 552 2560 605 ab
2618 550 2880 604 idolorum
2927 551 3142 618 crapula
3203 551 3565 619 resipuerant,

1992 647 2046 692 et
2077 639 2326 694 carnales
2359 642 2534 695 adlmc
2577 641 2898 710 parvulique
2938 649 3098 694 erant
3128 641 3182 694 in
3237 639 3480 706 Christo,
3511 651 3563 697 et

1989 727 2131 783 lacte
2164 730 2344 798 potius
2368 745 2530 800 quam
2552 745 2676 784 esca
2701 729 2893 784 mitriri
2922 730 3156 796 egebant
3177 729 3245 797 “,
3272 744 3567 800 compara.

1988 819 2032 873 ri
2067 819 2164 874 hos
2206 819 2364 891 longe
2392 830 2477 876 est
2503 822 2788 884 absonum,
2825 830 2934 872 tum
2973 829 3194 888 propter
3211 829 3551 886 postremum

1985 925 2092 980 quo
2121 912 2309 966 vivunt
2337 919 2572 980 tempus,
2603 922 2715 964 tum
2748 911 2912 964 etiam
2946 913 3017 964 ob
3052 913 3365 980 dogmatum
3389 910 3558 966 defa-

1983 1011 2162 1058 catam
2189 990 2300 1072 jam
2335 1004 2637 1057 doetriuam
2665 1012 2716 1058 et
2757 1003 3121 1072 exploratam.
3151 1002 3266 1068 Qua
3303 1017 3469 1070 super
3501 1017 3562 1057 re

1982 1098 2248 1168 refragari
2289 1097 2512 1151 minime
2549 1104 2795 1165 possunt,
2829 1111 3000 1165 neque
3024 1097 3192 1150 ullum
3222 1097 3558 1154 defensionis

1980 1188 2259 1240 obtentum
2317 1201 2429 1255 pra:
2477 1200 2538 1239 se
2585 1184 2827 1240 tendere.
2876 1183 3063 1253 Neque
3117 1187 3248 1238 item
3313 1183 3557 1240 Hebraeis

1980 1276 2287 1346 comparari
2316 1282 2521 1344 queunt
2543 1313 2558 1338 ,
2595 1285 2835 1341 paterna:
2883 1276 3314 1330 conversationis
3343 1277 3550 1329 tenaci-

1980 1366 2101 1429 bus,
2128 1367 2201 1421 ita
2257 1377 2314 1420 ut
2348 1381 2445 1422 eos
2501 1375 2780 1432 oporteret
2812 1367 3044 1428 discere,
3081 1382 3329 1434 quaenam
3369 1377 3579 1429 essent,

1976 1456 2244 1510 elementa
2280 1455 2491 1510 exordii
2518 1471 2832 1510 sermonum
2877 1455 3001 1522 Dei;
3043 1467 3098 1510 et
3131 1457 3258 1510 item
3303 1457 3405 1523 lac,
3443 1473 3549 1514 non

1975 1545 2203 1600 solidam
2231 1560 2437 1614 escam,
2473 1547 2910 1616 requirerent“.
2968 1545 3119 1612 Quod
3175 1548 3221 1601 si
3265 1557 3551 1617 tantopere

1973 1641 2278 1694 obscuratae
2302 1647 2428 1694 sunt
2453 1640 2663 1695 illorum
2688 1640 3072 1711 cogitationes,
3103 1649 3159 1694 et
3213 1639 3546 1694 iufatuatum

1974 1730 2238 1798 insipiens
2269 1732 2584 1786 eorutndem
2614 1747 2730 1796 cor,
2759 1743 2923 1802 atque
2949 1735 3017 1786 ad
3045 1732 3373 1802 evangelica:
3408 1749 3548 1802 prte-

1973 1822 2265 1876 dicationis
2305 1823 2486 1875 radios
2531 1823 2842 1887 cmcutiunt,
2905 1832 2960 1877 et
3005 1838 3183 1877 rerum
3219 1823 3543 1879 discrimina

1975 1927 2270 1982 agnoscere
2319 1923 2598 1983 nequeunt
2653 1914 2859 1968 inﬁnite
2923 1928 2954 1967 a
3012 1913 3166 1968 nobis
3217 1923 3547 1967 remotarum

1972 2013 2136 2073 atque
2182 2007 2330 2058 omni
2389 2004 2796 2075 comparatione
2845 2004 3136 2071 majorum,
3189 2005 3314 2072 quia
3348 2018 3545 2073 nempe

1971 2095 2116 2150 inter
2166 2104 2418 2150 sanctum
2469 2105 2526 2149 et
2565 2094 2826 2163 pollutum
2881 2094 3216 2163 distinguere
3259 2097 3536 2160 nesciunt,

1968 2188 2187 2241 audiant
2213 2187 2341 2257 quid
2394 2187 2474 2242 eis
2501 2186 2780 2256 Evangelii
2816 2187 3075 2240 sacerdos
3115 2188 3280 2251 dicat,
3315 2185 3544 2242 oll'usam

1967 2278 2210 2348 ipsorum
2242 2279 2526 2333 animabus
2573 2279 2862 2347 caliginem
2909 2277 3294 2332 demonstrans
3343 2276 3546 2342 πριιοά

1963 2371 2012 2424 si
2035 2379 2109 2424 est
2149 2381 2386 2436 opertum
2431 2368 2772 2438 Evangelium
2808 2380 3066 2433 nostrum,
3099 2369 3154 2422 in
3182 2369 3251 2421 iis
3299 2370 3390 2438 qui
3421 2383 3542 2434 per-

1962 2470 2088 2515 eunt
2142 2470 2380 2531 opertum
2409 2471 2507 2515 est.
2542 2459 2685 2515 Nam
2737 2459 2866 2514 deus
2896 2461 3056 2529 hujus
3083 2461 3266 2514 διοσηίὶ
3303 2475 3545 2514 ext-ceca-

1963 2553 2030 2607 vit
2063 2563 2256 2607 mentes
2284 2553 2602 2621 inﬁdelium,
2647 2562 2702 2604 ut
2741 2569 2842 2606 non
2873 2553 3072 2620 fulgeat
3102 2554 3212 2606 illis
3268 2553 3546 2607 illumina-

1967 2645 2042 2698 tio
2081 2643 2355 2712 Evangelii
2397 2645 2582 2713 gloria
2631 2643 2833 2697 Christi
2855 2645 2922 2696 “.
2963 2644 3189 2712 Insuper
3223 2661 3237 2696 :
3286 2643 3426 2698 Nolo
3453 2659 3544 2700 vos

1965 2737 2134 2790 socios
2164 2736 2283 2804 ﬁeri
2313 2737 2696 2790 dwmoniorum
2722 2751 2741 2790 :
2774 2752 2876 2789 non
2917 2738 3142 2804 potestis
3181 2736 3398 2789 calicem
3427 2735 3536 2790 Do-

1963 2828 2094 2880 mini
2125 2826 2319 2892 bibere,
2357 2837 2405 2880 et
2441 2828 2660 2880 calicem
2692 2827 3072 2880 dwmoniorum
3115 2843 3134 2880 :
3184 2843 3288 2880 non
3325 2828 3546 2896 potestis

1963 2931 2158 2968 menste
2195 2915 2408 2968 Domini
2462 2916 2745 2984 participes
2779 2930 2910 2980 esse,
2935 2925 2985 2968 et
3009 2932 3204 2970 mensa:
3239 2915 3538 2970 demonia-

1966 3021 2080 3060 rttm
2093 3006 2161 3060 ⁸⁷.

343 3283 640 3355 Οίήσονταί
672 3301 741 3354 με
772 3284 903 3346 ἴσως
958 3281 1159 3351 πικρὸν
1188 3281 1478 3350 φανεῖσθαι
1522 3280 1856 3352 κατήγορον,

2034 3275 2434 3332 Existimabam
2473 3290 2556 3330 me
2591 3274 2824 3330 fortasse
2861 3292 3106 3330 amarum
3137 3287 3536 3346 accusatorem,

268 3373 702 3446 περιεργότερον
737 3371 841 3442 τῆς
890 3370 1250 3441 πολυσχιδοῦς
1310 3371 1520 3448 πλάνης
1567 3371 1668 3436 τὰς
1710 3387 1854 3443 παρ-

270 3465 553 3536 εκτροπὰς
593 3464 982 3536 ἀνιχνεύοντα’
1035 3462 1151 3516 ἀλλ’
1196 3463 1298 3515 οὐκ
1341 3462 1408 3516 ἂν
1455 3463 1556 3532 τῆς
1592 3461 1854 3536 ἀληθείας

268 3554 584 3624 ἀφέξωμαι,
615 3554 720 3616 ἓως
744 3555 773 3606 ὁ
800 3553 901 3623 τῆς
933 3550 1211 3622 σωτηρίας
1251 3550 1409 3622 ήμῶν
1459 3550 1704 3622 ἀρχηγὸς
1730 3553 1854 3615 ταῖς

265 3645 677 3716 γλωσσαλγίαις
711 3644 821 3697 τῶν
850 3643 1190 3696 ἀθετούντων
1231 3642 1484 3713 βάλλεται
1504 3641 1603 3695 καὶ
1634 3641 1852 3708 τοξεύε-

266 3754 383 3799 ται,
416 3738 512 3789 ἐπὶ
535 3736 720 3788 πλεῖόν
738 3752 798 3787 τε
821 3737 856 3806 ἡ
888 3734 1186 3805 Ἐκκλησία
1215 3732 1651 3804 πολιορκουμένη
1676 3748 1852 3786 κατα·

266 3827 606 3898 λαμϐάνεται
630 3842 644 3857 ’
671 3825 883 3895 Ζηλῶν
905 3826 1014 3896 γὰρ
1041 3825 1311 3894 ἐζήλωκα
1339 3823 1418 3890 τῷ
1449 3826 1644 3893 Κυρίῳ
1667 3840 1681 3854 ·
1728 3823 1850 3889 καὶ,

279 3920 345 3974 '0
370 3919 556 3988 ζῆλος
585 3920 693 3974 τοῦ
737 3919 908 3973 οικου
961 3935 1085 3972 σου
1116 3915 1416 3988 κατέφαγέ
1459 3934 1554 3986 με.
1603 3916 1752 3972 Καί·
1787 3919 1852 3971 Οἱ

265 4010 600 4079 ὀνειδισμοὶ
636 4011 758 4064 τῶν
811 4007 1222 4070 ὀνειδιζόντων
1274 4025 1350 4064 σε
1396 4008 1706 4062 ἐπέπεσον
1755 4007 1850 4062 ἐπ’

266 4101 391 4171 ἐμέ.
419 4102 486 4154 Δί
517 4098 626 4152 τῶν
652 4099 823 4168 ἁγίων
852 4101 984 4169 ἡμῖν
1025 4101 1202 4169 φωναὶ
1247 4098 1646 4170 συνᾳδέτωσαν,
1696 4098 1850 4168 φιλο-

268 4192 596 4246 πευστοῦντι
628 4191 686 4244 δέ
714 4209 806 4261 μοι
829 4192 926 4246 καὶ
955 4192 1117 4244 ταυτὶ
1145 4192 1463 4260 σαφέστατα
1505 4192 1740 4262 φράζειν
1769 4191 1844 4264 μὴ

267 4284 698 4336 ἀπαναίνοιντο·
727 4283 872 4346 τίνος
917 4283 1082 4352 σῶμα
1109 4283 1207 4336 καὶ
1251 4277 1394 4353 αἷμα
1435 4281 1850 4355 ἱερουργοῦντες

265 4374 637 4429 καταδύουσιν
662 4391 677 4440 ;
723 4375 786 4428 Εί
812 4374 914 4444 μὲν
945 4373 1042 4428 τοῦ
1095 4374 1333 4445 Χριστοῦ
1389 4375 1644 4443 φήσουσι,
1671 4376 1756 4440 τίς
1783 4375 1850 4430 ἂν

264 4466 452 4529 αὐτοῖς
484 4464 796 4518 πιστεύσειε
824 4465 922 4534 τὴν
952 4463 1265 4533 θαυμασίαν
1290 4463 1508 4532 εκείνην
1537 4462 1630 4516 καὶ
1673 4463 1850 4532 σωτή-

265 4574 382 4630 ριον
439 4558 576 4627 ημῖν
603 4555 916 4625 οἰκονομίαν
951 4556 1293 4627 ἀναιροῦσιν,
1323 4554 1434 4609 ἀπὸ
1468 4553 1565 4608 τοῦ
1613 4554 1847 4625 ἀμαθῶς

1960 3371 2229 3424 curiosius
2278 3367 2524 3421 multiﬁdi
2577 3366 2736 3434 hujus
2773 3369 2979 3424 erroris
3043 3369 3362 3423 diverticula
3418 3386 3542 3440 per-

1958 3470 2315 3516 scrutantem.
2363 3458 2469 3512 Sed
2503 3467 2681 3513 tamen
2722 3459 2972 3514 veritatis
3023 3459 3398 3514 defensionem
3430 3477 3536 3515 non

1959 3551 2230 3617 deseram,
2272 3550 2527 3620 quamdiu
2567 3548 2760 3604 salutis
2809 3559 3014 3604 nostrae
3057 3559 3252 3605 auctor
3284 3551 3544 3620 praavari-

1958 3645 2199 3699 cantiqu
2241 3643 2535 3698 dicacitate
2575 3650 2833 3708 tanquam
2865 3657 2996 3694 arcu
3027 3641 3240 3704 feritur,
3271 3652 3326 3697 et
3351 3641 3542 3696 Eccle-

1957 3739 2038 3794 sia
2069 3734 2452 3790 vehementius
2479 3731 2761 3802 obsidetur
2801 3749 2814 3785 :
2846 3729 2975 3784 Zelo
3015 3733 3154 3784 enim
3192 3732 3392 3786 zelatus
3423 3748 3539 3785 sunt

1957 3845 2051 3898 pro
2080 3827 2305 3881 Domino
2328 3825 2395 3880 ⁸⁸.
2427 3825 2494 3878 Ει
2521 3840 2535 3878 :
2564 3821 2723 3876 Zelus
2753 3824 2940 3876 domus
2967 3831 3072 3878 tua:
3095 3824 3318 3876 comedit
3346 3839 3444 3877 me.
3471 3823 3540 3876 Et

1959 3920 2238 3990 opprobria
2267 3915 2698 3984 exprobrantium
2728 3915 2820 3967 tibi
2861 3916 3156 3968 ceciderunt
3177 3931 3334 3982 super
3361 3931 3442 3968 me
3465 3915 3535 3969 ⁸⁸.

1959 4011 2282 4066 Sanctorum
2313 4007 2474 4062 cﬂ’ata
2521 4007 2648 4059 mihi
2692 4021 2931 4060 consona
2963 4016 3144 4060 erunt.
3199 4004 3370 4060 Porro
3402 4007 3534 4060 mihi

1957 4101 2261 4158 sciscitanti
2320 4101 2372 4156 hi
2410 4100 2702 4171 perspicue
2760 4097 3094 4179 respondere
3144 4114 3211 4152 ne
3259 4108 3535 4154 recusent.

1955 4193 2245 4262 Cuiusnam
2272 4207 2468 4261 corpus
2499 4199 2550 4245 et
2583 4191 2902 4259 sanguinem
2933 4190 3063 4244 dum
3094 4189 3265 4244 sacris
3296 4204 3534 4257 operan-

1959 4297 2048 4342 tur
2077 4285 2403 4341 imtnolant?
2435 4282 2491 4337 Si
2514 4283 2728 4352 quidem
2751 4282 2954 4338 Christi
2980 4283 3242 4344 dixerint,
3271 4282 3394 4342 quis
3417 4281 3537 4335 istis

1957 4379 2118 4434 ﬁdem
2147 4378 2448 4433 adhibeat?
2475 4379 2565 4446 qui
2609 4376 2912 4430 mirabilem
2945 4375 3091 4430 illam
3125 4375 3536 4442 salntnrcm'lue

1958 4471 2394 4524 incarnationem
2429 4470 2736 4534 destruunt,
2776 4469 2902 4521 dum
2949 4465 3200 4537 imperite
3254 4465 3530 4535 impieque

1958 4559 2302 4623 existimant,
2345 4559 2488 4613 haud
2523 4558 2626 4612 tale
2655 4573 2853 4628 corpus
2883 4556 3114 4613 Verbum
3146 4560 3530 4629 assumpsisse,

263 4646 358 4699 καὶ
379 4645 615 4708 ἀνοσίως
643 4644 911 4710 δοξάζειν,
949 4645 1024 4716 μὴ
1059 4643 1304 4699 τοιοῦτον
1360 4644 1714 4715 ἀνειληφέναι
1757 4645 1849 4698 τὸν

1967 4652 2118 4722 quale
2143 4661 2385 4705 nostrum
2409 4659 2517 4714 est,
2537 4650 2794 4704 vocabula
2822 4650 2910 4704 illa
2941 4665 3036 4704 sua
3071 4649 3534 4720 incircumscripti

261 4735 442 4805 Λόγον
470 4735 653 4806 σῶμα,
674 4731 895 4808 οἷόνπερ
943 4736 1010 4790 ἂν
1055 4737 1143 4806 εἴη
1189 4737 1285 4790 καὶ
1330 4737 1390 4790 τὺ
1438 4735 1731 4808 ἡμέτερον,
1768 4735 1848 4806 τῷ

260 4827 666 4897 ἀπεριγράπτῳ
697 4829 794 4882 καὶ
819 4829 1087 4900 ἀγράπτῳ
1135 4827 1391 4898 ἀσεμνῶς
1437 4826 1847 4898 ἀποσεμνύνον-

262 4938 373 4983 τες,
407 4921 551 4973 κατὰ
604 4922 728 4985 τοὺς
762 4921 1085 4991 Μανιχαίων
1127 4921 1328 4993 λήρους
1353 4920 1844 4990 φαντασιούμενοι;

265 5013 324 5066 ΕΞ
353 5014 413 5066 δὲ
443 5011 538 5066 καὶ
563 5011 722 5065 τοῦτο
749 5011 1003 5077 δώσουσι,
1032 5011 1144 5075 πῶς
1171 5012 1288 5082 ἅμα
1321 5012 1380 5064 τὸ
1413 5012 1544 5066 αὐτὸ
1577 5013 1670 5065 καὶ
1695 5013 1850 5064 ἀναιο

267 5105 422 5175 ροῦσι
478 5105 575 5158 καὶ
614 5104 987 5177 ἱερουργοῦσιν
1018 5122 1032 5169 ;
1082 5104 1222 5157 Ἀλλ’
1259 5100 1316 5158 εῦ
1349 5105 1549 5167 εἰδότες
1571 5106 1789 5175 ᾕτωσαν
1831 5121 1846 5136 ⁸

269 5199 350 5251 ὅτι
381 5197 419 5251 ἃ
447 5197 513 5268 δὴ
545 5198 730 5262 αὐτοῖς
788 5198 1096 5265 κενολογεῖν
1138 5198 1535 5268 ἀμαθαίνουσιν
1592 5197 1845 5262 εἰθισται,

272 5291 450 5344 ταῦτα
478 5291 554 5354 ὡς
583 5291 855 5362 φλυαρίας
881 5293 977 5346 καὶ
1008 5292 1238 5354 ἀτοπίας
1261 5291 1548 5361 ἀνάμεστα
1590 5292 1851 5344 διαπτύο-

269 5400 367 5455 μεν
393 5398 407 5411 ·
440 5382 518 5447 ὡς
551 5383 661 5453 γὰρ
711 5383 1020 5453 παράνομοι
1070 5383 1384 5453 ἀδολεσχίας
1416 5385 1547 5452 ἡμῖν
1593 5383 1844 5452 ὄπι-(οῦν-

267 5491 381 5528 ται.
431 5475 586 5529 Ἀλλ’
617 5477 730 5542 οὐχ
767 5475 845 5540 ὼς
886 5477 918 5528 ὀ
973 5476 1160 5543 νόμος
1191 5476 1411 5542 Κυρίου
1435 5515 1448 5527 .
1493 5477 1619 5528 Καίο
1656 5475 1848 5544 Ζητή-

232 5647 236 5650 ’
319 5655 360 5686 ἰ
397 5655 586 5711 ιμιῖοτ.
620 5671 702 5717 ιιι,
743 5657 797 5710 2.
874 5659 916 5689 “
953 5657 1124 5712 Hebr.
1172 5672 1226 5714 ν,
1290 5657 1376 5711 ιε».

250 5741 430 5792 ιιι-ιιι,
474 5728 574 5791 l0;
610 5726 764 5782 Joan.
803 5744 862 5794 ιι,
908 5729 988 5783 l7.
1067 5730 1113 5760 7°
1157 5727 1296 5783 l’sal.
1330 5744 1513 5797 csutt,
1551 5732 1638 5784 83.

1483 5659 1525 5688 θη
1565 5657 1603 5712 ll
1647 5660 1769 5714 Cor.
1806 5677 1878 5725 tv,
1913 5661 1966 5715 5.

1958 4751 2013 4797 et
2044 4758 2148 4795 non
2186 4741 2405 4795 limitati
2435 4743 2776 4810 impudenter
2801 4742 3093 4810 jactautes,
3123 4751 3175 4796 et
3207 4745 3536 4812 phantasma

1958 4833 2257 4889 secundum
2301 4833 2724 4888 Manichaormu
2758 4851 2926 4907 nugas
2950 4836 3347 4905 confiugentes.
3379 4835 3538 4901 Quod

1957 4928 2000 4983 si
2029 4928 2190 4981 etiam
2217 4940 2414 4993 corpus
2439 4941 2561 4980 esse
2589 4929 2908 4993 concedant,
2933 4928 3204 4997 quomodo
3232 4927 3359 4980 illud
3390 4938 3444 4980 et
3467 4928 3536 4981 do

1959 5021 2137 5073 medio
2163 5019 2324 5072 sintul
2361 5019 2572 5081 tollunt,
2597 5026 2650 5072 et
2679 5020 3031 5072 sacriﬁcant?
3059 5019 3164 5073 Sed
3187 5019 3396 5070 ‘missos
3420 5015 3533 5084 jam

1962 5112 2222 5165 faciamus
2253 5129 2266 5164 :
2301 5111 2504 5164 ctenim
2543 5126 2663 5180 qua;
2713 5113 2810 5180 ipsi
2859 5109 3001 5180 apud
3049 5109 3330 5177 imperitos
3363 5108 3538 5163 blate-

1966 5219 2086 5257 rare
2118 5204 2316 5269 solent,
2374 5219 2434 5257 ea
2477 5219 2574 5256 nos
2605 5219 2870 5272 nugarum
2923 5211 2976 5256 ct
3020 5201 3378 5255 absurditatis
3420 5202 3537 5272 ple-

1962 5296 2184 5349 nissima
2238 5295 2548 5362 despuimus
2597 5311 2610 5348 :
2680 5308 2804 5345 nam
2851 5301 3036 5358 utpote
3086 5291 3537 5360 praevaricatores

1960 5400 2136 5439 meras
2161 5383 2370 5438 fabulas
2390 5384 2542 5437 nobis
2565 5391 2806 5435 narrant.
2841 5379 2942 5434 Sed
2976 5381 3086 5433 ha‘c
3106 5397 3207 5433 non
3225 5389 3348 5433 sunt
3373 5380 3537 5450 178

1957 5489 2011 5529 ιιι
2047 5478 2131 5529 (ex
2157 5475 2368 5530 Domini
2400 5475 2465 5524 το.
2499 5473 2560 5527 Et
2597 5473 2725 5526 illud
2765 5491 2778 5525 :
2809 5472 3030 5536 Qnmres
3047 5472 3364 5539 sapientiam
3392 5473 3536 5533 a;.:ntl

2047 5662 2090 5691 ‘7
2126 5659 2142 5714 Ι
2174 5662 2298 5716 Cor.
2357 5679 2378 5713 κ
2408 5702 2420 5723 ,
2463 5663 2550 5714 Ξίδ.
2633 5660 2675 5687 ε’
2710 5663 2772 5716 lli
2808 5662 2932 5723 ling.
2976 5680 3084 5723 xu.
3132 5663 3213 5717 l0.
3289 5665 3331 5696 "'
3368 5665 3512 5723 Psal.

2633 5660 2675 5687 ε’
2710 5663 2772 5716 lli
2808 5662 2932 5734 l'ug.
2976 5680 3084 5729 xu,
3132 5663 3213 5717 l0.
