3918 6152
294 287 402 353 σου
1145 299 1714 366 APOLOGETICUS
1752 304 1901 364 PRO
1939 305 2208 367 SACRIS
2251 309 2728 374 IMAGINIBUS.

295 408 440 477 θεεια
486 408 714 477 Ἰησοῦν.
745 404 973 468 Οὖτοιδὲ
1003 415 1052 468 οί
1083 416 1555 487 ἀνιερὼτατοικαὶ
1583 421 1878 474 ἀπιστότα-

1989 424 2130 478 mine
2164 422 2317 479 fuere
2371 426 2656 495 haptizati,
2694 428 2837 495 quod
2871 427 3017 496 ipsos
3053 444 3156 483 non
3189 432 3429 486 arbitror
3460 451 3560 487 ue-

3447 314 3558 382 6l0
3629 371 3632 374 Α

292 514 398 558 τοι,
440 500 489 550 εί
523 499 598 568 μὴ
633 500 713 563 είς
740 502 801 553 τὸ
828 501 997 573 ὄνομα
1028 507 1467 568 Κωνσταντίνου,
1509 508 1626 562 ἀλλ’
1664 509 1745 571 είς
1773 510 1871 580 τὴν

292 587 506 657 rgias;
535 588 946 663 ἐϐαπτίσθησαν
979 590 1165 664 (οἶμαι
1196 597 1251 649 δὲ
1284 598 1358 656 ὡς
1406 599 1507 651 οὐκ
1541 599 1606 652 ἂν
1658 600 1873 671 ἀποφή-

295 696 480 758 σειαν·
524 681 556 751 ἢ
593 683 699 750 γὰρ
743 683 807 735 ἂν
829 686 978 738 οὐδὲν
1011 687 1239 749 ἐδέησαν
1269 691 1400 760 ἡμῖν
1433 691 1540 743 τῶν
1573 691 1666 744 νῦν
1725 694 1872 760 ἀγω-

291 772 578 840 νισμάτων
609 789 666 824 τε
715 773 811 826 καὶ
847 779 1213 846 σκαμμάτων,
1267 780 1379 832 οὐδ’
1420 782 1504 853 ἂν,
1531 782 1688 853 δχλον
1738 787 1872 854 ἡμῖν

291 865 643 934 πραγμάτων
673 867 924 920 τοσοῦτον
956 870 1138 922 ἐπεσώ
1161 889 1318 943 ρευον
1338 873 1378 943 ),
1412 874 1578 927 πόθεν
1623 879 1810 941 αὐτοῖς
1840 879 1873 948 ἡ

290 961 406 1010 τῶν
433 959 668 1014 εέδώλων
723 964 1073 1032 παρείσδυσις
1099 1007 1114 1029 ,
1166 966 1477 1035 λεγέτωσαν
1507 970 1638 1036 ἡμῖν
1673 971 1876 1037 τρανὲ-

1980 525 2221 585 gaturos.
2269 517 2438 571 Secus
2491 519 2634 571 enim
2677 520 2814 572 haud
2878 520 3031 573 nobis
3104 539 3240 588 opus
3293 534 3438 578 esset
3472 527 3556 580 his

1979 607 2468 675 tlisceptatitmibus
2490 625 2554 662 ac
2581 611 2993 672 certaminibus.
3027 629 3198 678 neque
3231 616 3388 668 nobis
3422 616 3558 668 adeo

1983 699 2254 766 negotium
2323 700 2674 754 facesserent.
2715 701 2862 755 Unde
2899 703 3032 771 ipsis
3069 704 3331 756 idolormn
3365 709 3558 759 obtru-

1983 791 2086 852 sio,
2129 793 2308 844 dicant
2355 791 2603 858 ingenue.
2635 793 2785 857 Quod
2814 795 2857 846 si
2894 796 2993 847 hoc
3016 794 3373 862 professionis
3406 798 3560 866 sigil-

1985 879 2094 932 lum
2151 883 2405 934 intacuuu
2461 883 2844 947 sint-eruntque
2894 897 3242 947 conservant,
3300 902 3396 941 cur
3451 887 3560 944 illis

1987 986 2202 1040 semper
2229 984 2478 1025 versatur
2507 973 2556 1024 in
2590 988 2684 1026 ore
2713 973 2976 1027 idolorum
3014 977 3258 1030 nomen?

293 1072 474 1118 στατα
499 1073 511 1086 ·
547 1059 642 1111 καὶ
679 1062 726 1112 εί
765 1060 860 1130 τὴν
891 1062 1164 1130 σφραγῖδα
1189 1063 1290 1132 τῆς
1319 1063 1614 1133 ὁμολογίας
1643 1063 1858 1134 ταύτης,
1887 1064 2085 1119 ἀσυλόν
2145 1083 2205 1118 τε
2263 1067 2360 1121 καὶ
2394 1067 2848 1122 ἀνεπιϐούλευτον
2911 1073 3202 1141 τηροῦντες
3225 1072 3557 1141 διατελοῦσι,

292 1145 419 1209 πῶς
476 1148 658 1212 αὐτοῖς
708 1150 796 1204 διὰ
853 1151 1106 1222 γλώσσης
1169 1155 1264 1207 καὶ
1318 1156 1613 1226 πρόχειρον
1659 1156 1721 1208 τὸ
1766 1156 1875 1208 τῶν
1915 1155 2148 1208 εἰδώλων
2172 1158 2372 1228 όνομας

368 1244 478 1308 κη’.
505 1241 565 1293 Ei
603 1245 710 1312 γάρ
741 1244 821 1306 είς
847 1247 938 1296 τὸν
979 1246 1210 1299 θάνατον
1262 1247 1357 1300 τοῦ
1402 1247 1644 1318 Χριστοῦ
1679 1248 1881 1318 βαπτι-

299 1316 540 1396 σθέντας
613 1334 766 1386 οὐδὲν
837 1337 1072 1405 Χριστὸς
1141 1323 1371 1405 ὀνίνησι,
1440 1316 1556 1402 πῶς
1590 1316 1712 1409 οὐχὶ
1787 1339 1884 1391 καὶ

307 1422 587 1476 Ἰουδαίων
614 1427 1128 1499 ἀγνωμονέστεροι,
1175 1428 1272 1481 καὶ
1316 1429 1588 1500 Ἑλλήνων
1646 1431 1878 1484 ἀπιστό-

295 1530 484 1584 τεροι,
568 1517 664 1569 καὶ
750 1517 1046 1589 βαρϐάρων
1127 1519 1454 1590 ἁθεὼτεροι;
1513 1519 1691 1583 οὐδεὶς
1767 1521 1879 1590 γὰρ

292 1605 508 1658 τούτων
541 1606 756 1676 οὐδέπω
785 1609 886 1672 τῆς
931 1609 1260 1681 Ἑκκλησίας
1296 1608 1388 1662 τοῦ
1449 1609 1584 1663 Θεοῦ
1635 1627 1878 1679 καταγο-

299 1698 498 1768 ρεῦσαι
522 1698 845 1770 τετόλμηκε.
889 1700 1063 1753 Τοῦτο
1097 1701 1257 1766 ποίας
1283 1701 1540 1766 ἀσεϐείας
1570 1703 1878 1773 ὑπερϐολὴν

308 1789 672 1855 καταλείπεις
732 1792 817 1854 τίς
894 1793 1078 1856 ἱκανὸς
1153 1793 1311 1860 λόγος
1369 1795 1721 1867 παραστῆσαι
1780 1797 1880 1858 τῆς

297 1882 535 1945 ἀτοπίας
575 1883 636 1935 τὸ
679 1882 953 1952 μέγεῢο;;
989 1883 1072 1947 τίς
1123 1883 1231 1955 γὰρ
1287 1885 1352 1937 ἂν
1400 1884 1486 1954 εἴη
1541 1884 1733 1948 ἄλλος,
1790 1885 1878 1937 ὃσ-

294 1992 385 2036 τις
406 1975 606 2036 αὐτοὺς
656 1975 722 2027 ἐκ
769 1975 870 2045 τῆς
911 1974 1169 2045 τοιαύτης
1219 1974 1429 2046 πλάνης
1470 1976 1557 2028 διὰ
1599 1975 1693 2028 τοῦ
1750 1976 1878 2030 ἰδίου

296 2065 691 2134 ὲξαγοράτειεν
727 2065 997 2135 afuat-0;;
1033 2067 1158 2130 Πῶς
1209 2067 1274 2121 ἂν
1325 2069 1525 2132 αὐτοὺς
1561 2069 1635 2139 μὴ
1683 2069 1766 2122 ὅτι
1817 2085 1878 2136 γε

298 2145 670 2220 ἐπισνόπουζ,
703 2157 819 2209 ἀλλ’
849 2158 970 2209 οὐδὲ
1001 2158 1372 2226 Χριστιανοὺς
1403 2158 1588 2222 ἁπλῶς
1639 2177 1724 2223 τις
1761 2161 1880 2213 ὀνο-

299 2249 561 2316 μάσειεν;
618 2248 1130 2318 ἀναγκασθήσονται
1180 2244 1273 2302 οὖν
1345 2250 1532 2320 ἕτερον
1598 2251 1881 2312 ἐπιζητεῖν

298 2337 615 2410 βάπτισμα,
653 2340 710 2391 ἐν
739 2335 783 2407 ᾧ
815 2340 1233 2410 τελεσθήσονται
1263 2341 1294 2412 ἢ
1331 2341 1879 2412 συν-τελεσθήσονται*

311 2431 1126 2500 Ἄνασταυροῦντες-ἐαυτοὶς
1158 2433 1265 2486 τὸν
1299 2433 1434 2487 Υἱύν
1462 2434 1564 2487 τοῦ
1589 2433 1737 2488 Θεοῦ
1785 2434 1883 2488 καὶ

297 2522 962 2592 παραδειγματίζοντες,
999 2522 1144 2591 είγέ
1191 2540 1324 2577 ποτε
1384 2525 1531 2590 ἅπαξ
1575 2526 1882 2596 ἐφωτίσθη-

299 2629 408 2667 σαν
425 2615 771 2699 ..ἐγεύσαντο
801 2632 861 2668 τε
891 2615 989 2684 τῆς
1021 2614 1228 2685 δωρεᾶς
1259 2616 1358 2685 τῆς
1389 2617 1736 2687 ἐπουρανίου,
1788 2616 1884 2670 καὶ

301 2703 523 2774 μέτοχοι
549 2707 888 2775 ἐγενῂθησαν
938 2707 1252 2776 Πνεύματος
1303 2707 1480 2774 ἁγίου.
1551 2707 1730 2770 Οὕτω,
1791 2705 1884 2761 οὖν

299 2798 496 2865 ἑτέρας
529 2803 782 2869 μυήσεως
806 2800 1120 2871 χρῄζοντες,
1155 2803 1248 2855 καὶ
1284 2805 1482 2874 ἐτέρας
1504 2805 1736 2873 χρίσεως
1764 2805 1885 2874 ἦτοι

296 2890 637 2959 χειροτονίας
673 2890 977 2960 δεήσονται,
1025 2893 1284 2958 καθάπαξ
1316 2897 1616 2966 ίρνημένοι
1641 2897 1711 2948 τὰ
1742 2896 1880 2966 πρό-

297 2999 439 3050 τερα
478 2984 572 3035 καὶ
597 2985 1090 3053 ἀποπεμπόμενοι·
1156 2985 1270 3048 πῶς
1321 2986 1430 3056 γάρ
1481 2985 1546 3038 ἂν
1605 2987 1886 3054 μεταδοῖεν

303 3077 582 3144 μυήσεως,
618 3076 797 3145 ἤνπερ
825 3077 978 3128 αὐτοὶ
1001 3076 1252 3144 οὐδαμῶς
1295 3077 1629 3131 διεσώσαντο
1658 3094 1672 3142 ;
1706 3077 1736 3145 ἧ
1771 3077 1884 3138 πῶς

299 3166 360 3217 οἵ
408 3182 470 3232 γε
521 3168 752 3228 ἑαυτοὺς
813 3169 1432 3238 ἀποχειροτονήσαντες,
1502 3167 1789 3238 βαπτίζειν
1850 3167 1884 3236 ἦ

299 3257 655 3325 δογματίζειν
693 3259 1146 3330 ἐπιχειρήσαιευ
1187 3259 1352 3311 πόθεν
1388 3259 1574 3321 αὐτοῖς
1619 3259 1679 3310 τδ
1707 3258 1884 3326 δόγμα

302 3349 402 3403 καὶ
426 3348 708 3417 βάπτισμα
739 3349 799 3400 τὸ
827 3349 1231 3417 εὐπαράδεκτον
1261 3347 1416 3418 σχοίη
1471 3349 1502 3417 ἢ
1535 3348 1882 3412 ἁξιόπιστον;

377 3440 481 3493 κθ’.
519 3440 822 3510 Προσθείην
885 3442 929 3493 δ’
983 3440 1049 3494 ἂν
1099 3441 1322 3492 κάκεῖνο
1374 3441 1485 3501 τοῖς
1541 3437 1881 3509 εἰρημένοις,

303 3535 442 3602 ὅπερ
468 3535 562 3586 καὶ
590 3534 743 3586 αὐτοί
773 3552 862 3602 μοι
889 3537 936 3586 οἱ
968 3535 1145 3588 πάντα
1169 3533 1593 3605 περιτρέποντε;
1621 3535 1715 3587 καὶ
1746 3535 1884 3604 πρὸς

303 3627 488 3678 πάντα
511 3626 710 3696 ῥᾳδίως
745 3625 1208 3696 μεταϐαλλόμενοι
1248 3628 1342 3679 καὶ
1382 3627 1619 3696 οὐδαμοῦ
1659 3627 1720 3698 τὸ
1753 3629 1884 3682 στά-

305 3727 470 3779 σιμον
508 3712 745 3782 ἔχοντες,
784 3715 1128 3784 συμφήσαιεν
1149 3731 1162 3744 ⁸
1197 3715 1418 3768 ἐπειδάν
1444 3733 1527 3778 τις
1551 3715 1660 3768 τῶν
1692 3718 1758 3770 ὲκ
1786 3718 1886 3786 τῆς

304 3803 584 3871 ἡμετέρας
632 3805 868 3866 πίστεως
917 3804 1055 3874 πρὸς
1091 3805 1287 3876 ἑτέραν
1319 3806 1623 3877 θρησκείαν
1669 3807 1812 3860 ἑκὼν
1851 3809 1883 3879 ἦ

305 3893 556 3962 βιασθεὶς
587 3895 897 3964 μετάθοιτο,
930 3895 1110 3948 ἔθνεσί
1165 3914 1224 3948 τε
1258 3897 1511 3960 ἀπίστοις
1556 3900 1886 3968 συμμιαινό-

305 4001 493 4054 μενος,
526 3987 621 4038 καὶ
649 3985 758 4038 τῶν
783 3986 1192 4058 ὲϐδελυγμένων
1221 3991 1318 4058 τῆς
1360 3989 1563 4058 ἐδωδῆς
1620 3989 1888 4058 ἀπογευό-

306 4090 491 4142 μενος,
524 4073 557 4144 ἢ
588 4074 730 4126 κατά
766 4093 817 4127 τι
847 4074 979 4143 γοῦν
1011 4076 1120 4131 ἰῶν
1185 4077 1308 4130 καθ’
1359 4080 1506 4148 ἡμᾶς
1562 4079 1700 4132 ἐθῶν
1747 4098 1888 4150 παρ-

303 4166 617 4236 αμείψειεν,
640 4167 688 4218 οἱ
721 4165 854 4219 θεῖοι
872 4168 970 4236 τῆς
996 4161 1321 4239 Ἐκκλτισίας
1343 4168 1532 4240 θεσμοὶ
1551 4172 1884 4238 κελεύουσιν,

301 4259 500 4313 τοῦτον
537 4260 962 4327 συναισθόμενον
1007 4261 1107 4330 τῆς
1147 4263 1448 4334 ἁμαρτίας,
1494 4265 1590 4318 καὶ⁵
1645 4282 1886 4335 μεταμεη

302 4352 538 4422 ὶὸμενον
569 4350 654 4420 ἐφ’
675 4349 756 4414 οἷς
793 4353 978 4414 κακῶς
1019 4353 1245 4422 ἔπραξε,
1275 4355 1683 4425 προστρέχοντά
1735 4373 1793 4409 τε
1826 4359 1884 4409 ἐν

305 4443 574 4514 μετανοίᾳ
610 4445 672 4514 τῇ
711 4445 1028 4514 Ἐκκλησία,
1070 4446 1166 4499 καὶ
1228 4446 1338 4498 τῶν
1383 4448 1600 4511 ἀτόπως
1651 4449 1747 4502 καὶ
1791 4451 1884 4502 ἀν-

303 4538 469 4599 οσίως
501 4535 648 4604 αὐτῷ
679 4538 1084 4606 πεπραγμένων
1109 4538 1459 4609 ἐπιστρέφειν
1478 4540 1888 4612 ἐπαγγελλόμε-

305 4645 415 4688 νον,
451 4625 622 4677 οὐδῶν
655 4625 748 4678 τοῦ
784 4625 928 4678 θείου
965 4626 1068 4678 νεῶ
1114 4628 1318 4697 ἥκιστα
1374 4629 1703 4692 ἐπιϐαίνειν,
1747 4632 1884 4685 ἀλλὰ

305 4718 502 4788 πόρρω
536 4733 640 4768 που
675 4717 784 4768 τῶν
802 4717 1088 4789 ἡμετέρων
1117 4718 1392 4786 συλλόγων
1423 4721 1766 4786 αὐλίζεσθαι,
1789 4724 1885 4777 καὶ

304 4810 406 4878 τῆς
439 4809 723 4871 κοινωνίας
754 4809 860 4861 τῶν
905 4810 1064 4862 θείων
1105 4812 1422 4880 μυστηρίων
1477 4813 1841 4882 ἀπείργεσθαι
1867 4830 1880 4844 °

307 4898 404 4952 καὶ
444 4898 637 4968 χρόνος
680 4897 766 4949 ἐπ’
817 4898 966 4968 αὑτῷ
1019 4901 1352 4968 τεταγμένος
1395 4900 1723 4971 ἀφώρισται,
1777 4902 1882 4964 ἓως

308 4989 375 5042 ἂν
408 4987 608 5058 καρδία
643 4988 1082 5059 συντετριμμένῃ
1147 4990 1243 5041 καὶ
1295 4989 1568 5059 πνεύματι
1615 4989 1885 5043 ταπεινώ-

307 5095 469 5142 σεως,
532 5079 618 5131 διὰ
645 5077 852 5148 θερμῆς
880 5080 974 5132 καὶ
1001 5080 1260 5132 ἐπιπόνου
1299 5080 1745 5151 ἐξομολογήσεως
1775 5079 1884 5134 τῶν

309 5171 722 5243 προειληφότων
752 5174 1222 5243 παραπτωμάτων
1241 5174 1299 5226 τὸ
1325 5173 1456 5242 ἄγος
1485 5174 1848 5244 ἀποτρίψαιτο
1867 5191 1880 5205 ·

307 5264 405 5318 καὶ
436 5263 580 5317 οὕτω
605 5262 712 5317 τῶν
758 5265 1120 5334 ἀγιασμάτων
1165 5265 1262 5334 τῆς
1305 5266 1542 5335 μετοχῆς
1581 5265 1884 5335 ἀξιωθήσε-

308 5373 424 5418 ται,
457 5353 555 5408 κα¹ι
576 5357 686 5418 τοῖς
719 5358 930 5418 πιστοῖς
950 5355 1498 5425 συγκαταλεγήσεται
1523 5372 1534 5384 ·
1565 5355 1883 5408 εἰπάτωσαν

311 5442 402 5500 οὖν
433 5449 568 5518 ἡμῖν
594 5447 644 5498 οἱ
675 5449 786 5508 τοῖς
820 5446 1064 5510 εἰδώλοις
1101 5446 1609 5518 προσκεκυνηκέναι
1643 5447 1881 5514 φάσκον-

315 5555 420 5606 τες,
461 5539 512 5591 εί
542 5537 818 5608 βούλοιντο
850 5539 1202 5610 Χριστιανοῑς
1232 5538 1547 5611 ἐναρίθμιοι
1581 5537 1745 5604 εἶναι,
1798 5539 1881 5604 τίς

387 5714 434 5747 τ’
465 5717 632 5769 Hebr.
668 5733 741 5780 γι,
769 5717 818 5770 6.

2052 1249 2143 1304 28.
2181 1250 2313 1304 Nam
2365 1253 2408 1304 si
2454 1251 2746 1318 baptizatis
2789 1253 2840 1304 in
2877 1251 3081 1307 Christi
3134 1267 3362 1310 mortem
3420 1258 3554 1313 nihil

1980 1338 2235 1393 Christus
2267 1342 2516 1404 prodest,
2565 1341 2753 1408 quidni
2783 1342 2892 1394 sint
2919 1344 3006 1395 isti
3042 1341 3243 1395 Judteis
3275 1348 3558 1399 vecordia-

1982 1445 2089 1492 res,
2131 1441 2184 1483 et
2219 1431 2450 1484 ethnicis
2506 1432 2859 1492 inlideliores,
2907 1444 2962 1486 et
3004 1434 3248 1487 barbaris
3285 1435 3555 1498 irreligio-

1981 1521 2196 1576 siores?
2226 1521 2392 1575 Nemo
2439 1525 2583 1574 enim
2609 1538 2672 1576 ex
2713 1523 2796 1577 his
2847 1523 3099 1576 Ecclesia:
3137 1525 3227 1576 Dei
3271 1539 3557 1580 accusato-

1987 1625 2102 1664 rem
2148 1624 2208 1664 se
2242 1608 2422 1664 facere
2449 1627 2613 1665 ausus
2645 1621 2746 1664 est.
2794 1611 2902 1664 Hoc
2935 1613 3215 1676 cnjnsnam
3263 1613 3558 1680 impii-tatis

1912 1737 1956 1790 Β
1986 1701 2203 1756 culmen
2231 1717 2336 1755 non
2369 1703 2658 1770 cxzequat?
2683 1718 2802 1771 qua:
2843 1706 3004 1757 verba
3044 1705 3353 1759 insolentia:
3400 1707 3560 1774 hujus

1983 1792 2415 1860 magnitudinem
2443 1793 2930 1845 demonstrat-unt?
2951 1793 3110 1862 179
3133 1793 3391 1858 Quisnam
3419 1797 3559 1850 alius

1983 1885 2233 1946 exsistet,
2264 1883 2354 1950 qui
2389 1883 2518 1934 istos
2543 1898 2609 1935 cx
2634 1891 2778 1934 tanta
2805 1883 2958 1949 culpa
2991 1886 3255 1952 sanguine
3296 1901 3394 1938 suo
3415 1888 3558 1940 redi-

1983 1975 2140 2029 mat?
2175 1974 2306 2038 Quis
2337 1975 2435 2028 hos
2464 1974 2828 2034 Clit-istianOS,
2867 1977 3060 2044 nedum
3093 1977 3396 2043 episcopos.
3425 1994 3565 2031 nun-

1983 2065 2186 2134 cupet?
2229 2065 2503 2129 Logentur
2553 2065 2734 2132 itaque
2783 2066 2928 2118 aliud
2973 2082 3217 2134 quterere
3268 2070 3556 2136 baphsma,

1984 2171 2093 2224 quo
2150 2156 2430 2209 initientur
2480 2156 2564 2209 vel
2623 2168 3073 2209 consummentur
3124 2198 3141 2220 ,
3193 2159 3558 2226 cruciﬁgentet

1983 2249 2184 2301 sibimet
2211 2245 2410 2300 Filium
2441 2248 2534 2300 Dei
2567 2259 2612 2300 et
2633 2251 2860 2300 ostentui
2901 2249 3239 2314 habentes",
3269 2262 3554 2318 postquam

1975 2337 2090 2404 jam
2140 2337 2306 2390 semel
2369 2337 2655 2391 illtnninati
2703 2337 2938 2402 fuerant,
2995 2349 3049 2391 et
3106 2342 3325 2392 caeleste
3353 2342 3555 2394 donum

1983 2440 2364 2499 gustaverant,
2446 2430 2734 2497 sanctique
2776 2429 3016 2497 Spiritus
3083 2431 3376 2499 partit-ipes
3430 2430 3558 2484 facti

1986 2521 2218 2576 fuerant.
2257 2523 2348 2576 Sic
2377 2535 2504 2590 ergo
2547 2536 2686 2574 nova
2715 2520 3022 2574 initiatione
3054 2521 3380 2590 indigentes,
3419 2536 3559 2574 nova

1986 2617 2153 2668 etiam
2183 2614 2438 2668 unctione
2474 2622 2527 2667 et
2575 2613 2920 2667 ordinatione
2969 2615 3222 2681 egehunt.
3257 2615 3379 2680 quia
3418 2614 3561 2682 prio-

1989 2723 2098 2760 rem
2127 2707 2467 2772 abnegarunt
2530 2714 2584 2758 et
2639 2704 3017 2772 repudiarunt.
3084 2705 3362 2769 Quomodo
3413 2707 3558 2758 enim

1991 2798 2348 2850 initiationem
2374 2794 2682 2856 conferent,
2719 2810 2879 2860 quam
2913 2794 3012 2863 ipsi
3045 2811 3149 2848 non
3182 2795 3562 2849 retinuerunt?

1990 2885 2086 2940 Vt-l
2119 2889 2388 2952 quomodo
2423 2883 2512 2951 qui
2542 2883 2606 2934 de
2625 2898 2719 2936 sua
2741 2898 2798 2936 se
2827 2883 3168 2936 ordinatione
3206 2884 3560 2948 demiserunt,

1991 2980 2266 3046 baptizare
2299 2989 2390 3030 aut
2414 2977 2660 3043 dogmata
2699 2979 2894 3029 docere
2916 2975 3250 3029 contendent
3273 2976 3296 3028 ?
3319 2977 3416 3042 Qui
3455 2959 3556 3032 de-

1913 3064 1954 3120 C
1992 3070 2154 3134 nique
2205 3067 2317 3120 fieri
2366 3076 2564 3133 potest,
2619 3075 2676 3119 ut
2719 3067 2909 3134 dogma
2947 3064 3026 3118 vcl
3084 3065 3354 3134 baptisma
3393 3069 3460 3122 ab
3491 3067 3562 3124 iis

1992 3160 2250 3214 traditum
2292 3171 2506 3229 gratum
2541 3158 2612 3212 sit
2635 3169 2728 3212 aut
2756 3159 2950 3213 liducia
2974 3157 3244 3228 dignum?

2059 3433 2149 3488 9.9.
2177 3432 2461 3487 Praedictis
2483 3429 2584 3484 hoc
2602 3430 2766 3484 etiam
2791 3430 3004 3494 addam,
3035 3427 3176 3497 quod
3204 3429 3300 3496 ipsi
3335 3441 3556 3499 quoque

1990 3529 2331 3588 concedent,
2380 3538 2688 3592 quanquam
2769 3524 2950 3575 omnia
3023 3523 3338 3574 subverti-re
3391 3522 3560 3587 soliti,

1989 3621 2427 3687 sententiamque
2448 3616 2606 3670 facile
2639 3627 2872 3679 mutare,
2897 3623 2950 3666 et
2978 3612 3176 3666 nullam
3201 3615 3560 3667 constantiam

1990 3713 2252 3766 retinere.
2287 3707 2562 3775 Siquando
2597 3704 2791 3772 aliquis
2833 3717 2898 3773 ex
2938 3702 3042 3756 ude
3081 3715 3262 3755 nostra
3301 3705 3367 3755 ad
3397 3702 3556 3760 alium

1989 3799 2192 3854 cultum
2230 3805 2421 3866 sponte
2453 3794 2534 3849 vel
2561 3804 2781 3848 coactos
2809 3792 3110 3858 transierit,
3143 3801 3197 3844 et
3221 3807 3341 3846 cum
3373 3792 3564 3846 inlide-

1989 3893 2132 3948 libus
2154 3889 2388 3945 ethnicis
2422 3902 2481 3942 se
2509 3887 2912 3945 contaminans.
2938 3893 2992 3937 et
3023 3883 3398 3959 abominandis
3423 3884 3562 3938 escis

1987 3984 2240 4056 gustatis,
2274 3990 2368 4035 aut
2406 3980 2510 4033 alio
2553 3977 2796 4048 quolibet
2827 3975 2992 4028 modo
3019 3991 3047 4027 a
3083 3974 3272 4029 nostro
3307 3977 3409 4027 ritu
3448 3975 3560 4029 dis-

1989 4073 2250 4137 cesserit,
2284 4069 2581 4126 venerandi
2634 4066 2891 4120 Eet'icsia!
2930 4079 3199 4130 canones,
3235 4065 3279 4118 si
3318 4066 3405 4119 hic
3438 4079 3562 4135 pec-

1987 4179 2108 4222 cato
2133 4180 2232 4219 suo
2259 4169 2636 4230 compunctus,
2673 4168 2726 4212 et
2781 4157 2918 4210 male
2970 4167 3217 4209 actorum
3262 4157 3558 4224 paenitens,

1987 4258 2052 4311 ad
2091 4255 2390 4310 Ecclesiam
2419 4259 2622 4305 mutata
2661 4257 2841 4303 mente
2878 4248 3120 4310 redierit,
3151 4256 3202 4300 et
3229 4262 3256 4300 a
3289 4246 3561 4315 perversis

1990 4348 2345 4416 scclestisque
2371 4345 2627 4414 operibus
2671 4341 2784 4395 suis
2817 4355 2874 4394 se
2932 4339 3181 4410 recedere
3220 4343 3559 4408 profiteatur,

1990 4443 2156 4507 hunc,
2182 4441 2424 4509 inquam,
2447 4452 2682 4490 canones
2701 4435 2880 4488 limina
2907 4435 3048 4487 sacri
3084 4433 3262 4502 templi
3292 4433 3563 4502 attingere

1991 4542 2198 4593 vetant,
2222 4532 2313 4585 sed
2347 4530 2530 4598 procul
2563 4536 2705 4581 coetu
2733 4535 2920 4580 nostro
2951 4525 3251 4579 consistere
3274 4525 3481 4590 volunt,
3508 4532 3560 4578 et

1990 4625 2295 4680 divinortun
2323 4620 2701 4692 mysteriorum
2731 4618 3110 4672 communione
3154 4617 3332 4671 arceri
3377 4634 3390 4670 :
3424 4628 3562 4670 tem-

1989 4731 2197 4788 pusque
2226 4716 2272 4768 ei
2307 4715 2382 4768 rei
2411 4713 2687 4767 definitum
2722 4721 2826 4778 est,
2885 4712 3056 4766 donec
3111 4710 3346 4764 contrito
3402 4709 3565 4764 corde

1989 4819 2188 4863 etcum
2219 4805 2442 4875 Spiritus
2467 4803 2795 4868 humilitate,
2836 4818 2930 4872 per
2954 4800 3218 4855 fervidam
3269 4801 3567 4871 gemebun-

1991 4901 2224 4968 damque
2239 4897 2632 4966 praeteritarum
2654 4895 2929 4964 culparmu
2952 4894 3353 4949 confessionem
3387 4894 3566 4948 scelus

1990 4992 2215 5056 eluerit;
2262 5001 2424 5060 atque
2457 4991 2529 5043 ita
2573 4997 2884 5042 sanctarum
2941 5001 3120 5040 rerum
3162 4985 3563 5053 participationi

1993 5083 2333 5146 resumatur,
2369 5088 2423 5135 et
2453 5081 2666 5135 caeteris
2698 5079 2944 5133 ﬁdelibus
2960 5077 3323 5132 consocietur.
3371 5073 3567 5128 Dicant

1992 5193 2122 5246 ergo
2174 5176 2369 5241 nobis,
2397 5175 2486 5243 qui
2519 5189 2576 5228 se
2628 5171 2767 5226 idola
2814 5172 3043 5225 adorare
3088 5168 3262 5234 aiunt,
3317 5169 3362 5220 si
3401 5169 3562 5222 Chri-

1979 5269 2184 5338 _5tianis
2209 5265 2554 5321 adnumerari
2587 5263 2774 5326 velint,
2812 5262 3062 5332 quisnam
3121 5260 3206 5314 his
3255 5259 3344 5329 (ab
3376 5260 3563 5314 icono-

1993 5359 2223 5428 machis)
2258 5358 2607 5428 resipiscemli
2643 5357 2856 5419 modus,
2883 5355 3097 5423 quodve
3130 5353 3390 5420 temporis
3435 5367 3564 5421 spa-

1994 5453 2123 5506 tium
2175 5451 2245 5504 sit
2297 5459 2592 5511 statutum;
2643 5447 2864 5516 quinam
2909 5443 3116 5514 peccati
3167 5443 3563 5498 confessionem

1990 5540 2099 5596 sint
2124 5537 2436 5610 excepturi;
2487 5537 2683 5608 quibus
2718 5535 3017 5591 canonibus
3061 5535 3440 5606 obtemperare
3471 5535 3564 5590 de-
