3918 6152
402 327 502 393 611

1430 320 1490 379 S.
1533 316 1952 378 NICEPHORI
1991 314 2501 377 PATRIARCHIE
2538 316 2647 376 (ΣΡ.

3563 315 3669 381 612

402 443 592 507 beant;
633 435 902 507 quomodo
934 434 1027 490 [let
1088 431 1195 487 illis
1238 431 1545 499 dogmatqu
1605 444 1695 483 aut
1736 438 1983 483 actorum

2107 445 2220 482 τοτε
2256 428 2441 492 αὐτοῖς
2467 428 2575 499 ἀρα
2607 429 2636 481 ό
2667 427 2763 496 τῆς
2794 425 3135 498 ἐπιστροφῆς
3166 425 3368 497 τρόπος
3416 424 3512 479 καὶ
3546 428 3673 499 χρό-

401 532 472 586 ob
495 527 862 599 ignorantiam
916 526 1000 579 vel
1038 523 1300 576 malitiam
1333 522 1812 589 vituperandorum
1863 535 1986 574 cur-

406 623 617 678 rectio:
650 621 726 674 ita
758 620 915 673 utsic
951 617 1327 686 explorentur,
1366 629 1433 666 an
1465 612 1611 681 digni
1641 626 1799 665 sacro
1825 626 1987 680 grege

411 713 547 767 sint.
584 711 747 764 Certe
776 709 1032 779 quamdiu
1057 707 1339 762 Christum
1363 718 1676 774 oppugnare
1706 718 1811 755 non
1844 702 1988 756 desi-

407 813 565 869 nunt,
593 803 781 874 procul
805 800 977 855 sacris
1011 815 1069 854 se
1093 798 1202 867 ptis
1228 797 1514 859 absistunt,
1540 801 1702 863 atque
1730 804 1787 846 ut
1813 793 1992 846 tabida

408 909 574 968 atque
600 895 811 949 inutilia
852 893 1009 948 ovilis
1055 891 1259 946 Christi
1304 891 1545 943 membra
1577 887 1989 948 abscindantur,

410 1004 480 1044 ne
509 988 652 1043 forte
697 1002 829 1041 sana
858 999 1097 1053 quoque,
1129 992 1184 1036 et
1228 980 1283 1035 in
1332 980 1591 1050 praeclara
1647 977 1992 1032 confessione

411 1077 761 1135 incolumitcr
814 1073 1139 1144 pet-stantia,
1212 1086 1243 1126 a
1301 1069 1736 1126 contaminatore
1794 1067 1992 1122 animas

411 1170 603 1222 morbo
633 1182 850 1235 pessum
881 1166 1098 1218 dentur.

2087 536 2179 583 νος
2217 517 2651 590 δεδοκίμασταις
2709 517 2856 582 τίνες
2908 519 2960 571 οἰ
2998 517 3099 582 τὰς
3147 516 3540 588 ἐξαγορεύσεις
3571 520 3671 590 τῆς

2090 610 2347 674 ἀσεϐείας
2412 610 2728 680 δεξάμενοις
2786 609 2964 674 ποίοις
3028 610 3252 664 κανόσιν
3306 611 3670 681 ύπήκουσανς

2093 703 2258 756 πόθεν
2311 702 2496 764 αὐτοῖς
2528 700 2639 754 τῶν
2683 701 2895 769 ἀλόγως
2949 702 3047 754 καὶ
3078 700 3294 765 ἀσεϐῶς
3320 701 3673 771 δεδογμένων

2094 796 2189 848 κοιλ⁷
2213 794 2625 864 πεπραγμένων
2659 794 2694 865 ἡ
2732 792 3053 864 διόρθωσις
3096 793 3209 846 Καὶ
3243 781 3386 846 οῦτω
3440 794 3676 865 δοκιμα-

2097 879 2413 944 ζέσθωσαν,
2455 880 2505 933 εἰ
2538 878 2681 945 ἄξιοι
2737 881 2836 951 τῆς
2873 883 3027 953 ἰερᾶς
3073 881 3281 952 ἀγέλης
3314 884 3674 953 τυγχάνοιενο

2097 971 2204 1036 ἕως
2231 971 2279 1025 δ’
2312 970 2380 1026 ἂν
2409 970 2503 1025 τοῦ
2544 975 2939 1043 χριστομαχεῖν
2973 974 3075 1027 οὐκ
3098 974 3448 1044 ἀπόσχοιντο,
3484 976 3674 1047 πόρρω

2096 1079 2202 1119 που
2236 1062 2334 1117 καὶ
2384 1062 2543 1126 ἐκτὸς
2589 1061 2699 1117 τῶν
2743 1062 2908 1135 ἱερῶν
2941 1052 3252 1136 περιϐόλων
3294 1066 3675 1136 ἀποτρεχέτω·

2097 1171 2220 1220 σαν,
2251 1155 2349 1210 καὶ¹
2385 1155 2463 1218 ὡς
2513 1154 2649 1227 μέλη
2681 1156 2958 1227 σεσηπότα
3007 1157 3102 1210 καὶ
3132 1156 3384 1228 ἀχρηστα
3415 1159 3517 1228 τῆς
3554 1159 3675 1211 ποε-

414 1275 551 1329 μνης
594 1254 833 1328 Χριστοῦ
885 1252 1405 1325 ἀποτεμνέσθωσαν,
1463 1252 1536 1322 μή
1578 1267 1710 1304 ποτε
1747 1248 1844 1303 καὶ
1894 1247 1962 1302 τά
2001 1247 2343 1316 ὑγιαίνοντα,
2406 1248 2502 1301 καὶ
2566 1247 2696 1319 περὶ
2726 1247 2828 1320 τὴν
2892 1246 3070 1317 καλὴν
3100 1249 3396 1320 ὁμολογίαν
3431 1249 3675 1322 ἐρρωμέ-

410 1372 518 1418 νως
580 1354 867 1422 ἱστάμενα,
924 1353 993 1420 τῇ
1057 1348 1388 1419 ψυχοφθόρῳ
1457 1346 1601 1415 νόσῳ
1672 1345 2124 1415 διαλυμήναιντο.

418 1466 423 1467 ν
484 1448 733 1503 30.Cum
771 1454 952 1500 autem
994 1437 1285 1505 idolorum,
1316 1452 1371 1496 et
1413 1456 1511 1496 eor
1543 1457 1632 1494 nm
1679 1440 1769 1509 qui
1809 1452 1996 1495 errore

416 1539 630 1595 abducti
656 1553 719 1592 ea
745 1544 1099 1597 venerantur,
1138 1533 1335 1602 duplex
1366 1534 1439 1585 sit
1462 1532 1656 1586 classis
1683 1546 1696 1583 :
1738 1547 1841 1584 una
1872 1530 1995 1598 qui-

417 1635 539 1688 drm
575 1632 786 1683 illorum
823 1629 915 1696 qui
975 1640 1161 1681 crassa
1207 1625 1585 1693 materialique
1630 1633 1810 1678 mente
1859 1636 1996 1691 pra!-

2152 1437 2238 1492 ·λ’.
2265 1438 2455 1493 Διττοῦ
2484 1438 2540 1493 δὲ
2560 1439 2712 1503 ὄντος
2741 1436 2839 1493 τοῦ
2872 1439 3003 1510 περὶ
3038 1438 3149 1495 τῶν
3176 1443 3414 1496 εἰδώλων
3461 1442 3557 1498 καὶ
3578 1442 3677 1512 τῆς

2101 1533 2189 1584 ἐπ’
2220 1532 2405 1596 αὐτοῖς
2446 1531 2554 1585 τῶν
2604 1530 2974 1600 πλανωμένων
3008 1535 3439 1604 προσκυνήσεως
3485 1533 3671 1603 λόγου,

2099 1623 2209 1679 τῶν
2249 1625 2348 1695 μὲν
2374 1624 2483 1694 γὰρ
2523 1624 2637 1676 ὅσοι
2670 1612 2867 1693 παχεῖς
2916 1625 3013 1677 καὶ
3061 1624 3240 1679 ὑλικοὶ
3272 1625 3371 1696 τὴν
3407 1625 3673 1687 διάνοιαν.

418 1725 539 1786 diti,
569 1724 625 1777 in
660 1737 726 1776 eo
775 1729 981 1773 tantum
1024 1717 1164 1785 quod
1196 1716 1440 1770 cernitur
1470 1714 1861 1777 subsiSIentes,
1914 1713 1998 1766 ni-

2107 1717 2239 1788 πρὺς
2267 1716 2330 1770 τὸ
2357 1717 2683 1787 φαινόμενον
2713 1717 2876 1788 μόνον
2897 1718 3357 1789 ἑναπομένοντες,
3390 1720 3486 1772 καὶ
3519 1720 3675 1773 οἰδὲν

426 1816 610 1884 hilque
646 1813 874 1866 ulterius
939 1811 1185 1879 cogitare
1234 1807 1496 1871 valentes,
1548 1806 1819 1875 lapidibus
1873 1815 1998 1859 tan-

421 1902 698 1960 tummudo
756 1912 812 1955 et
870 1900 1030 1969 lignis
1078 1910 1132 1951 et
1190 1898 1412 1968 reliqua:
1476 1897 1702 1950 inanimi
1760 1896 2001 1951 materiae

422 2005 657 2049 mentem
710 1990 1083 2056 intendentes,
1131 1988 1395 2053 adorant;
1448 1987 1542 2055 qui
1590 2001 1718 2041 vero
1761 1986 2002 2040 rationa-

403 2087 588 2142 bilius
614 2084 1025 2153 sapientiusque
1053 2081 1302 2151 cogitare
1328 2078 1603 2141 videntur,
1634 2079 1672 2133 ii
1714 2079 1766 2133 in
1805 2078 2002 2133 statuis

422 2178 678 2234 habitare
728 2176 835 2229 vim
887 2173 1184 2245 quamdam
1231 2171 1587 2237 existimant;
1627 2184 1790 2240 quam
1834 2171 2001 2225 etiam

424 2274 646 2328 deorum
683 2267 904 2323 nomine
947 2262 1239 2335 appellant,
1281 2263 1442 2318 sicuti
1474 2273 1530 2318 et
1557 2262 1646 2317 illa
1670 2261 2003 2330 signa,ima-

427 2364 583 2435 gines
606 2362 829 2415 deorum
854 2362 1097 2413 vocitare
1114 2355 1324 2410 solent:
1348 2368 1448 2425 age
1465 2369 1616 2416 vero,
1640 2354 1778 2408 utris
1808 2353 2001 2407 horum

427 2454 552 2510 novi
596 2452 861 2508 idolorum
908 2448 1149 2504 cultores
1183 2445 1495 2502 ascribendi
1540 2443 1702 2499 sunt?
1729 2442 1788 2499 Si
1838 2443 2004 2498 rusti-

427 2561 615 2602 corum
649 2558 800 2598 more
838 2542 891 2596 in
921 2538 1190 2595 deteriore
1246 2537 1423 2593 classe
1475 2552 1535 2591 se
1593 2534 1882 2601 collocant,
1934 2532 2005 2588 ad

427 2640 732 2696 evidentem
762 2634 1053 2689 amentiam
1084 2631 1478 2698 bclluinamque
1531 2628 1898 2699 stnpiditatetn
1945 2640 2006 2682 se

428 2729 740 2787 demittunt.
778 2723 932 2791 Quod
972 2722 1016 2777 si
1048 2721 1311 2796 urbanius
1339 2729 1560 2790 agentes
1605 2718 1833 2772 classem
1866 2718 2004 2770 alte-

426 2836 545 2877 ram
568 2819 793 2887 eligant,
828 2824 957 2869 tunc
986 2814 1041 2868 in
1065 2824 1337 2867 summam
1389 2809 1725 2878 impietatem
1766 2823 1829 2863 ac
1866 2807 2002 2862 irre-

426 2911 777 2981 ligiositatem
831 2890 1143 2960 incurrunt.
1213 2900 1683 2968 Quaerendumque
1729 2907 2001 2968 superest,

428 3012 608 3057 utrum
634 2997 988 3055 masculinum
1015 2994 1208 3049 malint
1225 2994 1453 3048 deorum
1494 3007 1685 3062 genus,
1710 3001 1763 3045 et
1788 2990 2004 3059 quidem

428 3093 623 3150 sortito
657 3089 945 3160 quosdam,
976 3084 1140 3140 veluti
1193 3084 1512 3150 Saturnum,
1545 3082 1757 3149 Jovem,
1798 3081 2001 3151 Apolli-
2030 3074 2073 3133 C

431 3204 590 3254 nem;
622 3200 693 3239 an
728 3183 908 3254 potius
937 3178 1301 3246 femininum,
1338 3178 1504 3233 veluti
1558 3179 1788 3242 Rheam,
1826 3176 2000 3232 Juno-

430 3297 579 3346 nem,
604 3277 864 3340 Dianam;
894 3274 1026 3328 item
1061 3287 1128 3326 ex
1155 3272 1471 3326 eorumdem
1523 3271 1747 3325 deorum
1806 3269 2005 3325 classi-

430 3375 556 3436 bus,
585 3379 764 3422 utrum
801 3364 1032 3436 primam
1081 3370 1137 3416 et
1170 3360 1488 3424 secundam,
1539 3368 1596 3414 et
1642 3368 1822 3413 utrum
1861 3373 2000 3427 prae-

431 3458 751 3518 eminentias
762 3455 1049 3525 quasdam,
1064 3462 1118 3506 et
1136 3451 1353 3518 limites,
1370 3460 1423 3506 et
1442 3451 1761 3522 dignitatum
1780 3452 1998 3523 gradus,

433 3554 596 3627 180
636 3549 964 3614 attribuant,
1011 3555 1090 3613 ut,
1144 3544 1414 3615 siquidem
1451 3546 1832 3602 etbnicismum
1864 3545 2003 3600 forte

431 3644 674 3717 proﬁteri
703 3642 957 3706 debeant,
993 3637 1384 3707 przcrogativas
1430 3652 1537 3693 non
1571 3637 1844 3708 ignorent.
1898 3635 1999 3691 Mi-

431 3739 740 3794 rariautem
771 3746 1119 3800 summopere
1141 3741 1361 3800 oportet
1390 3729 1605 3785 illorum
1627 3728 2000 3801 stupiditatem

429 3828 521 3900 qui
549 3827 735 3883 nolunt
758 3823 1063 3894 intelligere
1081 3823 1125 3877 si
1161 3821 1497 3885 nihil-aliud,
1522 3831 1670 3876 certe
1699 3821 1843 3890 quod
1875 3817 2001 3874 uni-

428 3920 627 3989 cuique
655 3915 898 3988 religioni
934 3923 1017 3969 est
1040 3914 1337 3984 peculiare,
1373 3922 1428 3969 et
1458 3911 1781 3982 templorum
1808 3925 1871 3966 ac
1908 3924 2001 3964 sa-

420 4008 761 4066 ~critlciorum
784 4007 1179 4071 diversitatem,
1206 4005 1439 4075 denique
1469 4004 1763 4074 imaginum
1785 4014 2003 4072 quoque

428 4100 813 4157 din‘erentiam.
842 4097 976 4154 Nam
1000 4100 1160 4156 sicuti
1181 4115 1243 4152 ea
1264 4113 1382 4166 quae
1399 4099 1713 4161 adorantur,
1739 4095 1998 4150 attributa

426 4209 527 4248 sua
554 4195 687 4249 citra
716 4207 933 4247 omnem
957 4191 1417 4257 con‘iparationem
1446 4189 1648 4244 habent
1673 4188 1829 4259 (sunt
1854 4188 2001 4243 enim

430 4286 535 4340 alia
568 4284 784 4353 quidem
825 4281 1012 4335 divina
1052 4291 1108 4332 et
1137 4262 1468 4343 veneranda,
1499 4279 1601 4331 alia
1643 4293 1773 4333 vero
1806 4279 2004 4334 daemo-

433 4375 587 4428 niaca
611 4379 665 4424 et
689 4370 1070 4437 exsecranda),
1098 4368 1167 4421 ita
1189 4368 1473 4421 dicendum
1505 4377 1587 4421 est
1604 4366 1749 4421 locos
1766 4382 2000 4437 quoque,

2099 1809 2265 1865 πλέον
2322 1810 2527 1864 ὲννοεῖν
2569 1809 2882 1880 δυνάμενοι,
2933 1810 3070 1864 αὐτὸ
3141 1811 3304 1883 μόνον
3346 1810 3517 1876 λίθοις
3583 1814 3677 1866 καί

2101 1901 2282 1970 ξύλοις
2310 1902 2407 1956 καὶ
2434 1904 2502 1974 τῇ
2532 1901 2697 1975 λοιπῇ
2725 1902 2918 1974 ἀψύχῳ
2950 1902 3053 1975 ῦλῃ
3078 1904 3171 1960 τδν
3220 1906 3346 1960 νοῦν
3377 1906 3675 1976 προσέχον-

2098 2012 2193 2059 τες
2223 1994 2633 2049 ύποκύπτουσιν
2664 2009 2680 2026 ο
2706 1996 2757 2049 οἰ
2786 1995 2845 2047 δὲ
2880 1997 2995 2050 ὅσοι
3040 1997 3259 2057 δοκοῦσι
3309 1997 3678 2068 λογικώτερον

2100 2087 2194 2140 καὶ
2219 2085 2659 2157 φιλοσοφώτερόν
2721 2103 2839 2150 πως
2883 2086 3225 2154 ἐπιϐάλλειν,
3275 2089 3371 2141 καὶ
3419 2087 3679 2156 δυνάμεις

2100 2179 2252 2241 τινὰς
2302 2179 2533 2232 ἐνοικεῖν
2557 2181 2668 2242 τοῖς
2715 2178 2928 2245 ξοάνοις
2956 2176 3275 2246 δοξάζουσιν
3297 2195 3314 2211 °
3341 2179 3406 2244 ἃς
3466 2180 3534 2249 δὴ
3583 2180 3681 2234 καὶ

2103 2268 2281 2333 θεοὺς,
2318 2256 2509 2341 ὥσπερ
2535 2270 3012 2335 κάκεῖναείκόνας
3036 2270 3176 2324 θεῶν
3205 2272 3393 2325 καλεῖν
3423 2271 3672 2326 εἰώθασι’

2103 2360 2352 2431 ποτέροις
2385 2359 2451 2431 δὴ
2480 2359 2687 2415 τούτων
2719 2361 2770 2415 οἰ
2794 2361 2906 2415 νέοι
2934 2360 3048 2415 τῶν
3076 2361 3313 2416 εἰδώλων
3339 2362 3678 2432 θεραπευταὶ

2103 2452 2524 2524 προστίθενται;
2551 2452 2617 2507 Εἰ
2641 2452 2741 2523 μὲν
2769 2453 2878 2524 γὰρ
2905 2452 3354 2525 ἀγροικιζόμενοι
3379 2457 3445 2526 τῇ
3478 2454 3680 2525 χείρονι

2107 2544 2275 2615 μοίρᾳ
2342 2544 2690 2614 προσέχοιεν,
2772 2545 2853 2606 εἰς
2904 2539 3186 2614 προῦπτον
3244 2544 3549 2614 κτηνωδίας
3590 2543 3685 2598 καὶ

2104 2636 2364 2701 ἀϐουλίας
2412 2636 2761 2707 κατῴχοντοο
2815 2638 2868 2688 εἰ
2909 2636 2969 2689 δὲ
3018 2637 3086 2708 δὴ
3135 2635 3533 2704 ἀστεϊζόμενον
3576 2639 3683 2706 ,τῆς

2105 2727 2300 2800 ἑτέρας
2356 2726 2844 2797 μεταλαγχάνοιεν,
2893 2726 2975 2788 εἰς
3025 2723 3196 2795 ἄκρον
3218 2723 3539 2787 δυσσεϐείας
3586 2725 3686 2778 καὶ

2104 2815 2662 2882 ἀθεῖας”ὲξώλισθον·
2725 2816 2821 2870 καὶ
2878 2816 3108 2885 πότερον
3156 2814 3234 2885 τῷ
3283 2815 3399 2871 τῶν,
3434 2815 3685 2888 ἀρρένων

2105 2909 2259 2972 εἴδει,
2275 2907 2596 2962 καὶτούτων
2616 2904 3170 2978 ἀποκεκληρωμένως
3196 2908 3327 2970 τινὶ,
3349 2901 3462 2961 οἷον
3489 2908 3685 2979 Κρόνῳ

2106 3003 2201 3055 καὶ
2222 3001 2306 3054 Διὶ
2334 3001 2428 3054 καὶ
2462 2999 2794 3064 Ἀπόλλωνι;
2820 3001 2891 3052 Ἦ
2918 3000 2998 3069 τῷ
3016 2999 3124 3053 τῶν
3141 2999 3393 3069 θηλειῶν,
3415 2992 3527 3052 οἷον
3558 2998 3687 3070 Ῥέᾳ

2107 3095 2203 3148 καὶ
2233 3093 2383 3164 ’Ἡρα
2415 3092 2509 3145 καὶ
2551 3091 2829 3160 Ἀρτέμιδι
2876 3095 3128 3161 χαίρουσι
3156 3108 3170 3157 ;
3201 3092 3298 3145 καὶ⁵
3326 3094 3376 3145 εἰ
3409 3092 3593 3156 τάξεις
3624 3094 3687 3144 ὲν

2109 3186 2294 3248 αὐτοῖς
2326 3184 2552 3256 πρώτην
2594 3186 2686 3236 καὶ
2745 3184 3005 3254 δευτέραν
3052 3183 3214 3249 θεῶν,
3255 3185 3351 3237 καὶ
3406 3185 3687 3260 ὑπεροχὰς

2107 3276 2170 3344 δή
2190 3292 2362 3339 τινας,
2393 3277 2489 3328 καὶ
2513 3277 2708 3346 μέτρα,
2729 3276 2823 3329 καὶ
2850 3275 3179 3346 ἀξιωμάτων
3200 3276 3464 3347 διαφορὰς
3487 3260 3686 3344 νέμού-

2111 3380 2194 3418 σιν
2213 3379 2226 3392 °
2249 3363 2342 3418 ἵνα
2366 3362 2529 3434 εἴπερ
2564 3363 2899 3437 Ἐλληνίζειν
2923 3365 3122 3428 αὐτοὺς
3150 3365 3284 3428 δέοι,
3304 3366 3413 3419 τῶν
3438 3366 3687 3435 ὑπερφέ-

2112 3457 2315 3526 ρὸντων
2343 3458 2498 3511 αὐτοὶ
2521 3455 2596 3530 μὴ
2613 3459 3067 3528 ἁποτυγχάνοιεν.
3088 3444 3601 3530 Ὑπεραγάσαιτοδ’
3617 3460 3683 3513 ἄν

2105 3565 2192 3610 τις
2217 3549 2318 3619 τῆς
2340 3548 2700 3621 ἀναισθησίας
2729 3550 2945 3614 αὐτοὺς.
2979 3550 3056 3614 ώς
3086 3551 3319 3605 συνιδεῖν
3350 3552 3453 3605 οὐκ
3468 3550 3685 3605 ἐθέλου-

2110 3655 2214 3701 σιν,
2250 3641 2298 3692 εἰ
2331 3641 2404 3710 μή
2435 3657 2488 3693 τι
2518 3636 2613 3693 οὖν
2648 3639 2796 3702 ἄλλο,
2827 3640 2887 3692 τὸ
2916 3640 3047 3709 γοῦν
3102 3641 3305 3703 ἰδιάζον
3332 3642 3392 3695 έν
3442 3642 3684 3712 ἑκατέρα

2105 3732 2214 3786 τῶν
2238 3732 2571 3805 θρησκειών,
2592 3732 2700 3785 τῶν
2720 3749 2778 3785 τε
2809 3733 2975 3798 ναῶν,
2998 3732 3108 3787 τῶν
3129 3750 3189 3786 τε
3219 3732 3421 3787 θυσιῶν
3448 3734 3512 3785 τὺ
3533 3733 3688 3803 ἐξηλ-

2106 3825 2399 3895 λαγμένον,
2427 3827 2523 3879 καὶ
2550 3825 2656 3878 τῶν
2673 3825 3113 3896 εἰκονιζομένων,
3137 3825 3337 3880 ὁπόσον
3360 3829 3478 3880 ἐστὶ
3496 3829 3556 3881 τί,
3574 3831 3687 3883 διά-

2108 3936 2308 3990 φορον·
2350 3920 2434 3973 ὃτι
2466 3918 2721 3990 καθάπερ
2758 3920 2826 3972 τά
2869 3918 3355 3992 προσκυνούμενα,
3395 3922 3459 3975 τὸ
3498 3922 3684 3992 διῳκι-

2110 4010 2309 4078 σμένον
2332 4009 2682 4080 ἀσυγκρίτως
2708 4008 2945 4062 εἰσάπαν
2963 4008 3149 4079 ἔχουσι
3170 4010 3261 4082 (τὰ
3289 4011 3397 4081 μὲν
3423 4012 3537 4083 γάρ
3565 4012 3685 4064 θεῖα

2108 4098 2204 4152 καὶ
2234 4097 2527 4166 σεϐάσμια,
2577 4098 2646 4150 τὰ
2686 4097 2742 4150 δὲ
2772 4095 3036 4165 βδελυκτά
3065 4097 3163 4150 καὶ¹
3194 4096 3497 4169 δαιμόνια),
3543 4096 3688 4150 οῦ.ω

2106 4188 2171 4260 δὴ
2190 4188 2411 4242 καὶτῶν
2430 4190 2488 4241 ὲν
2510 4181 2592 4250 οἶς
2622 4189 2654 4258 ἡ
2677 4186 2944 4258 Θεραπεία
2964 4186 3174 4241 τούτων
3204 4187 3444 4241 τελεῖται
3481 4189 3685 4249 τόπων,

2108 4281 2336 4351 προσέτι
2365 4280 2422 4333 δὲ
2447 4281 2545 4333 καὶ
2577 4279 2670 4332 τοῦ
2695 4281 2908 4351 τρόπον
2949 4278 3010 4332 τὸ
3041 4280 3486 4353 ἀποκεκριμένον
3525 4298 3685 4351 περι-

2112 4370 2425 4441 φανέστατα
2499 4371 2833 4441 κέκτηνταιο
2897 4370 3083 4425 ἐκεῖνα
3139 4373 3241 4443 μὲν
3289 4371 3439 4444 γὰρ,
3497 4374 3684 4441 ἑπειζὴ

432 4463 522 4516 ubi
557 4461 734 4515 cultus
774 4460 1076 4529 peragitur,
1109 4472 1324 4512 necnon
1366 4458 1533 4527 ritus,
1561 4458 2001 4515 manifestissime

2111 4462 2362 4515 σκοτεινά
2384 4462 2481 4515 καὶ
2512 4463 2735 4525 σκότους
2767 4462 2906 4516 εἰσιν
2931 4463 3076 4531 ἀξια,
3112 4465 3172 4517 ὲν
3220 4465 3400 4535 σκότῳ
3426 4465 3686 4530 πολλάκις

437 4554 580 4607 inter
608 4566 668 4606 se
698 4550 936 4606 differre.
969 4550 1100 4605 Nam
1132 4566 1251 4620 quae
1274 4559 1401 4606 sunt
1433 4553 1738 4619 tenebrosa,
1760 4563 1816 4607 et
1843 4553 2003 4623 digna

444 4645 706 4708 tenebris,
745 4644 1063 4723 plerumque
1103 4644 1157 4698 in
1194 4644 1430 4701 tenebris
1457 4656 1734 4715 aguntur:
1771 4646 1826 4701 in
1877 4646 2009 4702 sub-

441 4735 709 4790 terraneis
750 4749 943 4805 nempe
967 4736 1146 4807 adytis
1182 4735 1811 4806 antrisqueinitiationes
1835 4739 1965 4792 ﬁunt
1990 4753 2005 4789 :

418 4826 627 4885 nostra
664 4842 815 4894 vero,
845 4827 1282 4897 quandoquidem
1305 4827 1356 4882 in
1380 4829 1580 4883 lumine
1599 4828 1777 4885 vultus
1797 4827 2007 4882 Domini

439 4920 850 4982 inccdimns,in
887 4919 1283 4974 illuminatione
1328 4919 1500 4975 divini
1558 4920 1866 4990 splendoris
1894 4918 2010 4988 ple-

438 5028 619 5082 naque
652 5013 704 5066 in
762 5011 881 5066 luce
912 5010 1225 5065 revelantur
1259 5010 1535 5082 mysteria,
1578 5011 1703 5081 quia
1727 5011 1818 5065 lux
1840 5020 2009 5065 ‘sunt.

502 5104 592 5158 5i.
630 5106 743 5173 Age
788 5117 938 5168 vero,
974 5101 1142 5157 etiam
1188 5096 1489 5170 imaginum
1551 5100 2008 5171 (quandoquidem

434 5193 734 5249 multiﬁdus
769 5202 853 5248 est
903 5207 1080 5258 error,
1141 5191 1402 5259 multique
1438 5191 1580 5261 apud
1627 5190 1877 5245 ethnicos
1936 5189 2010 5244 dli

431 5287 819 5353 dmmonesque
850 5282 1012 5350 sunt)
1042 5293 1269 5335 necesse
1298 5286 1383 5334 est
1414 5279 1594 5348 plures
1632 5293 1755 5333 esse
1787 5276 2008 5343 formas,

432 5387 489 5431 et
520 5376 721 5446 ﬁguras
754 5375 934 5430 varias
992 5385 1155 5443 atque
1194 5370 1542 5439 multiplices,
1606 5369 1896 5441 specieque
1928 5372 2012 5425 di-

424 5478 645 5531 versas,
669 5467 1008 5535 invicemque
1043 5463 1337 5519 dissimiles
1364 5503 1379 5528 ,
1411 5472 1466 5517 et
1492 5462 1668 5531 ipsum
1700 5461 1829 5515 illud
1878 5463 2012 5517 rude

436 5559 729 5625 unicuique
756 5560 866 5612 Deo
890 5557 1124 5625 positum
1144 5556 1493 5611 simulacrum
1515 5563 1727 5624 oportet
1762 5552 2010 5610 dllYerrc.

435 5646 588 5716 Apud
621 5662 719 5700 nos
744 5657 920 5700 autem
967 5646 1312 5701 Christianos
1361 5660 1527 5714 quum
1575 5644 1806 5713 simplex
1857 5644 1930 5698 sit
1958 5653 2015 5698 et

436 5738 666 5795 indivisa
693 5738 914 5805 vetitas,
937 5738 1067 5806 quia
1091 5752 1232 5793 unus
1260 5747 1344 5794 est
1364 5735 1638 5802 Christus,
1664 5750 1767 5791 una
1798 5748 2013 5805 quoque

2112 4551 2546 4622 ἐπιτελούμενα,
2605 4553 2950 4624 ὑποχθονίοις
3013 4555 3230 4619 ἀδύτοις
3284 4557 3379 4611 καὶ
3449 4557 3670 4629 ἄντροις

2112 4645 2539 4712 συγκατακλείει
2587 4646 2656 4699 τὰ
2728 4647 3081 4719 τελεστήρια·
3146 4647 3218 4702 τὰ
3268 4648 3326 4702 δὲ
3400 4650 3685 4723 ἡμέτερα,

2108 4736 2298 4807 ἐπειδὴ
2344 4738 2402 4789 ὲν
2434 4737 2515 4807 τῷ
2559 4738 2697 4806 φωτὶ
2735 4738 2828 4792 τοῦ
2869 4738 3164 4810 προσώπου
3206 4742 3413 4814 Κυρίου
3460 4743 3687 4816 πορευό-

2114 4826 2273 4896 μεθα,
2329 4825 2408 4897 τῷ
2460 4826 2727 4898 φωτισμῷ
2781 4827 2882 4897 τῆς
2928 4827 3083 4893 θείας
3116 4828 3443 4901 ὲλλάμψεως
3494 4834 3591 4886 καὶ
3630 4833 3687 4884 ἐν

2111 4916 2257 4986 φωτὶ
2302 4916 2707 4971 ὲκκαλύπτεται
2763 4918 2925 4989 ἡμῶν
2952 4919 3023 4972 τά
3067 4921 3386 4991 μυστήρια,
3444 4922 3530 4976 ὅτι
3575 4923 3686 4994 φιῖις

2114 5008 2245 5062 εἰσι.

2183 5100 2284 5158 λα’.
2319 5101 2441 5155 Τῶν
2489 5100 2548 5155 δὲ
2597 5099 3038 5173 εἰκονιζομένων,
3079 5103 3243 5175 ἡνίκα
3280 5104 3611 5179 πολυσχιδὴς
3653 5109 3685 5177 ἠ

2113 5192 2288 5263 πλάνη
2311 5192 2523 5265 (πολλοὶ
2544 5192 2654 5265 γάρ
2679 5194 2810 5267 παρ’
2830 5195 3012 5261 αὐτοῖς
3035 5194 3148 5249 θεοί
3176 5213 3236 5250 τε
3263 5199 3358 5252 καὶ
3388 5199 3682 5272 δαίμονες).

2112 5284 2329 5355 ἀνάγκη
2368 5283 2592 5348 πλείους
2620 5281 2760 5340 εῖναι
2785 5278 2883 5340 καῖ
2901 5287 2998 5351 τὰς
3033 5288 3266 5360 μορφὰς,
3300 5292 3396 5344 καί
3427 5292 3502 5346 τὰ
3530 5295 3686 5346 sm-

2114 5373 2353 5444 πώματα
2387 5375 2607 5428 ποικίλα
2638 5375 2734 5429 καὶ
2769 5377 3222 5449 πεπληθυσμένα,
3256 5381 3351 5434 καὶ
3380 5383 3498 5446 τοῖς
3524 5383 3683 5436 εἴδεσι

2114 5463 2441 5536 διαφέροντα
2464 5505 2479 5531 ,
2512 5465 2607 5519 καὶ
2646 5466 2921 5535 ἀνομοίων
2948 5467 3205 5539 ἀνόμοια,
3257 5470 3353 5523 καὶ
3390 5470 3454 5525 τὸ
3485 5470 3681 5543 βρέτας

2114 5554 2331 5624 ἑκάστῳ
2368 5554 2659 5609 ἀλλόκοτον
2697 5556 3089 5628 ἀνα-τιθέμενον
3113 5573 3130 5590 ο
3165 5559 3297 5629 παρ’
3324 5562 3461 5629 ἡμῖν
3493 5563 3552 5616 δὲ
3580 5563 3685 5623 τοῖς

2113 5646 2466 5716 Χριπιανοῖς
2497 5647 2675 5717 ἁπλῆς
2707 5646 2876 5719 οὔσης
2915 5650 3012 5703 καὶ
3053 5651 3393 5706 άσκεδάστου
3424 5654 3528 5726 τῆς
3557 5652 3684 5724 ἀλη-

2116 5737 2286 5806 θείας,
2317 5739 2507 5811 ὲπειδὴ
2546 5733 2626 5805 εἷς
2654 5740 2802 5795 ἐστιν
2829 5742 2856 5796 ό
2887 5742 3146 5812 Χριστὸς,
3191 5744 3292 5816 μία
3325 5743 3403 5817 τῷ
3430 5745 3561 5800 είδιι
3593 5741 3682 5798 καὶ
