3900 6148
218 263 329 331 613

1088 269 1659 337 APOLOGETICUS
1694 272 1844 333 PRO
1881 272 2153 335 SACBIS
2188 271 2672 333 IMAGINIBUS.

3383 273 3493 338 614

214 386 256 454 ἡ
293 382 493 436 τούτου
523 381 688 436 εἰκὼν
710 421 725 445 ,
778 382 874 436 καὶ
905 380 933 437 δ
978 382 1273 457 χαρακτὴρ
1312 385 1539 453 ὅμοιος,
1574 385 1635 449 ἐξ
1687 384 1807 448 ἑνὸς

1910 394 1995 440 εει
2031 383 2289 455 imaginis
2318 384 2438 454 ejus
2477 385 2709 451 species,
2741 382 3139 451 characterque
3174 384 3372 440 similis
3423 403 3490 441 ex

214 471 539 543 ἀρχετύπου
567 473 656 527 ἀεὶ
682 476 1108 545 προερχόμενος·
1135 474 1210 538 ώς
1236 476 1370 547 φέρε
1386 476 1808 544 είπεῖνάφ’ἑνὸς

214 562 514 617 δακτυλίου
551 564 721 618 πολλά
761 565 972 634 γίνεται
1003 566 1379 636 ἐκτυπώματα
1406 608 1422 630 ,
1464 569 1514 621 εί
1552 568 1647 622 καὶ
1681 569 1807 631 ταῖς

216 653 468 723 ἡλικίαις
508 654 623 708 ἐσθ’
654 656 745 709 ὅτε
798 657 893 709 καὶ
924 659 1039 721 τοῖς
1075 658 1184 711 τῶν
1217 659 1401 713 τόπων
1445 661 1503 712 ὲν
1551 653 1633 723 οἷς
1664 658 1805 712 ὲνδιο

214 748 396 817 ῃτᾶτο
423 745 708 817 ἱδιώμασι,
741 750 885 802 κατά
906 764 968 803 τε
991 750 1052 803 τὸ
1083 752 1277 821 σχῆμα
1307 752 1401 804 καὶ
1435 750 1535 821 τὴν
1562 750 1801 822 μορφὴν,

215 835 400 907 βραχύ
431 855 485 890 τι
512 839 937 911 παραμείϐεται,
969 839 1348 909 πληθύεται·δὲ
1368 834 1449 904 εἷς
1476 841 1573 893 καὶ
1593 842 1622 894 ὁ
1641 840 1804 904 αὐτὸς

215 931 434 1000 μένων·
468 930 657 1002 ὥσπερ
682 935 746 986 ὲκ
781 934 907 1002 μιᾶς
936 933 1220 1002 λαμπάδος
1246 933 1460 988 πολλῶν
1493 933 1806 1003 ἀναπτομέ-

211 1039 350 1087 νων,
389 1022 509 1084 Mc
540 1024 635 1075 καὶ
667 1024 761 1076 τοῦ
799 1022 969 1076 αὑτοῦ
1005 1024 1178 1095 πυρὸς
1220 1024 1502 1094 μένοντος,
1533 1023 1609 1094 τῷ
1649 1024 1803 1094 πόθῳ

211 1114 313 1165 καὶ
356 1115 425 1184 τῇ
457 1130 642 1167 πιστει
667 1113 777 1166 τῶν
809 1114 1086 1184 δεομένων
1116 1114 1214 1185 τῆς
1253 1115 1504 1168 ἐντεῦθεν
1532 1114 1802 1184 ὠφελείας

211 1205 314 1258 καὶ
342 1204 591 1275 χάριτος,
617 1205 727 1258 τῶν
753 1204 810 1259 δὲ
835 1205 1038 1259 Guerqu
1069 1209 1268 1260 ὁπόσον
1289 1206 1348 1259 τὸ
1367 1208 1649 1278 διάφορον,
1678 1206 1802 1260 οὐδὲ

214 1296 579 1368 παραστῆσαι
612 1296 817 1367 ῥᾴδιον-
850 1297 934 1361 τίς
962 1297 1072 1365 γὰρ
1110 1299 1370 1351 κοινωνία
1399 1299 1533 1369 πρὸς
1555 1297 1653 1369 τὴν
1676 1297 1799 1351 καθ’

211 1389 368 1458 ἡμᾶς
399 1386 741 1461 ἀναίμακτον
763 1387 860 1439 καὶ
899 1387 1199 1457 ἱερωτάτην
1227 1386 1441 1453 θυσίαν,
1470 1386 1581 1440 τῶν
1621 1403 1800 1457 μυσα-

212 1476 330 1549 ρῶν
359 1475 587 1529 ἐκείνων
615 1477 712 1529 καὶ
749 1476 982 1531 ἀνοσίων
1021 1475 1413 1546 βδελυγμάτων
1442 1494 1458 1544 ;

286 1568 390 1640 λβθ.
416 1567 479 1621 Εἰ
513 1568 569 1622 δὲ
607 1567 777 1633 ἅπαξ,
817 1567 891 1632 ὥς
920 1584 1109 1637 φασιν,
1143 1567 1385 1633 εἰδώλοις
1414 1572 1799 1640 προσκεκυνήκ

208 1678 370 1724 κασι,
402 1659 521 1723 πῶς
546 1659 647 1714 οὐκ
668 1658 733 1713 ἂν
756 1659 942 1723 αὐτοῖς
963 1658 1031 1712 δι’
1052 1658 1224 1728 ὀργῆς
1245 1652 1295 1713 οί
1325 1659 1797 1730 προσκυνούμενα

1907 490 2015 528 ιιιιο
2059 474 2362 545 archetypo
2412 489 2631 543 semper
2691 476 3015 542 procedens.
3055 473 3229 540 Sicut,
3257 492 3489 546 exempti

1908 582 2097 628 causa,
2140 565 2209 619 ab
2231 566 2547 623 vnoannulo
2594 565 2743 634 plura
2772 566 2908 621 fiunt
2934 577 3146 638 ectypa,
3176 583 3488 638 quanquam

1908 659 1977 710 oh
2000 666 2189 711 aetates
2217 657 2509 726 aliquando
2535 668 2589 711 et
2615 657 2857 713 locorum
2885 659 2940 713 in
2969 660 3170 730 quibus
3198 671 3493 714 versantur

1906 740 2236 809 idioti‘smos,
2279 749 2466 802 habitu
2506 760 2558 804 et
2589 749 2764 805 forma
2805 767 2996 819 parum
3024 752 3153 822 quid
3195 751 3486 816 differunt;

1905 847 1957 891 et
1987 837 2383 907 multiplicatur
2400 840 2643 908 quidem,
2674 839 2767 894 sed
2800 840 2940 894 idem
2982 850 3164 895 manet
3215 856 3489 907 unumque

1905 926 2232 995 subjectum.
2269 927 2423 983 Sicut
2454 929 2619 983 etiam
2645 945 2784 984 unus
2810 941 2991 984 manet
3021 931 3280 1000 idemque
3320 932 3488 1000 ignis,

1903 1019 2120 1073 etiamsi
2161 1036 2225 1073 ex
2257 1036 2360 1073 una
2395 1020 2645 1089 lampade
2673 1020 2855 1074 multa:
2888 1022 3282 1087 accendantur,
3306 1022 3487 1076 studio

1904 1119 1960 1162 et
1999 1110 2192 1164 ﬁducia
2228 1125 2417 1164 eorum
2456 1112 2547 1179 qui
2582 1109 2673 1164 illa
2718 1119 2877 1177 egent
2905 1114 3075 1180 gratia
3135 1122 3188 1167 et
3231 1113 3489 1166 utilitate.

1906 1197 2312 1256 Sacrificierum
2352 1217 2484 1256 vero
2534 1213 2738 1271 quanta
2785 1203 2852 1257 sit
2893 1202 3220 1269 diti'ereutia,
3254 1205 3484 1257 demon-

1903 1303 2077 1345 strare
2117 1306 2347 1362 pronum
2380 1302 2495 1354 est;
2541 1307 2666 1347 cum
2701 1303 2884 1347 nostro
2918 1294 3066 1347 enim
3112 1295 3400 1348 incruento
3428 1304 3485 1348 et

1902 1383 2280 1438 sacratissimo
2325 1382 2617 1448 sacrificio,
2657 1400 2950 1454 quemnam
2990 1385 3189 1438 habent
3234 1400 3482 1439 cominu-

1903 1472 2121 1527 nionem
2149 1474 2481 1528 detestandae
2509 1474 2612 1529 illa:
2644 1484 2697 1529 et
2738 1475 2983 1545 profana;
3013 1477 3481 1532 ah0n.inationcs?

1971 1560 2062 1617 52.
2097 1561 2251 1627 Quod
2311 1564 2357 1616 si
2395 1562 2588 1629 semel,
2621 1572 2679 1617 ut
2725 1563 2815 1617 isti
2864 1563 3041 1626 aiunt,
3100 1563 3241 1618 idola
3283 1565 3483 1617 adora-

1901 1661 2118 1717 verunt,
2171 1668 2270 1707 cur
2319 1654 2385 1707 iis
2423 1654 2661 1709 cultores
2709 1655 2793 1707 sui
2846 1668 2951 1707 non
3003 1654 3323 1720 simius-isi,
3353 1654 3478 1725 quia

208 1751 483 1820 γένοιντο,
505 1751 586 1804 ὅτι
613 1765 677 1817 γε
707 1748 771 1818 δὴ
798 1749 857 1802 ἐν
890 1748 1197 1827 ἀλλοτρίοις
1227 1751 1373 1813 ναοῖς
1409 1750 1608 1814 αὐτοὺς
1637 1750 1797 1820 θερα-

1902 1743 1957 1795 in
1984 1742 2178 1798 alienis
2228 1744 2444 1814 templis
2491 1746 2710 1801 colunt?
2760 1748 3037 1816 quomodo
3077 1747 3288 1801 illorum
3340 1750 3475 1802 iram

210 1839 487 1905 M60001;
545 1838 664 1903 πῶς
713 1838 771 1891 δὲ
813 1837 1056 1893 οἴσουσιν
1108 1838 1292 1893 αὐτῶν
1337 1838 1410 1893 τά
1467 1841 1793 1911 μηνίματας

206 1932 570 2005 χαλεπαίνειν
599 1932 706 2001 γὰρ
737 1929 939 1994 αὐτοὺς
985 1929 1132 1993 εἰκὸς
1153 1970 1168 1995 ,
1205 1931 1288 1984 ὅτι
1332 1930 1428 1995 οὓς
1459 1932 1625 1986 πάλαι
1665 1931 1796 1987 ποτὲ

207 2026 484 2095 διέλαχον,
519 2024 622 2077 οὐκ
655 2023 1114 2086 άνιστῶσι“ναοῦς
1141 2024 1238 2077 καὶ
1269 2024 1635 2089 καινίζουσιν,
1667 2024 1797 2093 ἠδα-

207 2116 518 2186 φισμένους
553 2131 621 2183 γε
651 2114 815 2177 δντας
858 2112 936 2184 τῷ
965 2113 1184 2185 ἀπείρῳ
1214 2116 1392 2185 χρόνῳ
1437 2114 1534 2167 καὶ
1575 2117 1654 2178 εἰς
1686 2116 1793 2186 γῆν

207 2204 691 2277 κατερριμμένους
712 2247 727 2270 ,
748 2197 841 2258 ’ὧν
868 2204 991 2257 οὐδὲ
1031 2205 1151 2274 ῐχνη
1187 2206 1248 2257 ὲν
1277 2204 1490 2268 πολλοῖς
1510 2205 1743 2274 φέρεται
1777 2223 1791 2238 ο

206 2296 402 2350 αὐτόθι
434 2296 491 2349 δὲ
520 2294 929 2367 ἀποτρέχοντας
956 2334 972 2359 ,
1030 2294 1214 2349 σέϐειν
1268 2294 1447 2348 αὐτῶν
1477 2295 1794 2363 ἀναγκαίως

208 2387 562 2459 κοσμοῦντας
611 2386 680 2440 τά
738 2383 1099 2456 ἀφιδρύματα
1124 2422 1139 2447 ,
1180 2385 1274 2437 καὶ
1319 2383 1419 2448 τὰς
1472 2383 1794 2455 πρεπούσας

206 2480 402 2543 αὐτοῖς
425 2478 768 2549 προσφέρειν
801 2476 996 2539 θυσίας
1016 2493 1030 2507 ο
1064 2475 1120 2529 εί
1156 2493 1274 2539 πως
1307 2476 1511 2541 αὐτῶν,
1538 2475 1616 2539 ὡς
1648 2475 1790 2541 ἔθος,

205 2573 307 2626 καὶ
340 2570 765 2639 ἀπογεύσαιντο,
793 2569 856 2622 τὸ
888 2569 1057 2638 στέαρ
1080 2568 1188 2622 τῶν
1212 2568 1413 2622 θυσιῶν
1436 2569 1620 2625 αὐτῶν
1647 2568 1793 2622 ἐσθί-

205 2678 390 2728 οντες,
443 2660 541 2715 καὶ
570 2660 660 2719 τὸν
692 2656 839 2713 οῐνον
872 2660 1123 2723 πίνοντες
1173 2660 1283 2712 τῶν
1318 2659 1565 2714 σπονδῶν
1586 2661 1788 2725 αὐτῶν,

205 2753 557 2825 ἐμφυρέντες
585 2752 664 2823 τῷ
694 2751 891 2823 καπνῷ
922 2752 1020 2805 καὶ¹
1045 2754 1111 2822 τῇ
1145 2752 1364 2823 κνίσσῃ,
1401 2753 1498 2805 καὶ
1530 2755 1646 2815 τοῖς
1676 2754 1791 2804 ὲπι·

207 2846 447 2917 ϐωμίοις
477 2844 698 2915 λύθροις
754 2842 1197 2915 ὲμμολυνόμενοι
1220 2860 1236 2875 ·
1286 2845 1341 2895 εί
1362 2859 1438 2910 ογε
1470 2843 1793 2913 ἀνάσχοιντο

205 2936 308 2992 τοῦ
348 2935 658 2999 δυσσώδους
685 2934 794 2988 τῶν
819 2937 1171 3005 μιασμάτων,
1206 2935 1353 3006 ἅπερ
1377 2935 1465 2987 ἀεὶ
1490 2936 1649 3007 ἀνιᾷν
1681 2930 1789 2987 οἶδε

1900 1832 2210 1901 perferent?
2231 1831 2339 1886 Par
2372 1843 2456 1888 est
2490 1835 2635 1888 einim
2681 1835 2802 1891 illos
2845 1838 3271 1903 excandescere,
3331 1839 3474 1905 quod

1901 1935 2153 1990 possessa
2186 1922 2314 1976 olim
2345 1924 2564 1993 templa,
2591 1924 2644 1978 hi
2665 1941 2769 1979 non
2804 1926 3049 1981 excitant
3081 1941 3475 1997 reum/antqua.

1898 2012 2204 2067 diutissime
2249 2013 2360 2081 jam
2398 2014 2578 2068 diruta
2613 2015 2842 2086 soloque
2899 2028 3204 2086 esmquata,
3239 2032 3474 2087 quorum

1898 2103 2192 2159 multarunt
2255 2119 2324 2159 ne
2387 2105 2619 2175 vestigia
2684 2107 2905 2176 quidem
2959 2118 3204 2163 manent.
3267 2107 3477 2164 Vellent

1896 2194 2103 2266 itaque,
2138 2205 2193 2248 ut
2221 2195 2350 2251 illuc
2378 2212 2437 2251 se
2461 2197 2812 2253 conferentes
2842 2199 3135 2254 adorarent
3166 2187 3501 2255 necessario.

1895 2299 2335 2357 exornarentqne
2384 2288 2679 2343 simulacra
2709 2305 2923 2353 eorum,
2968 2300 3023 2344 et
3056 2306 3325 2361 congruas
3370 2294 3475 2347 illis

1895 2378 2103 2433 hostias
2131 2376 2410 2444 afferrent,
2438 2379 2710 2448 siquidem
2736 2394 2830 2436 eas
2865 2382 2940 2437 uti
2982 2396 3099 2436 mos
3129 2380 3227 2435 fuit
3253 2394 3474 2452 gustare

1894 2469 2115 2533 vellent,
2159 2470 2377 2540 adipem
2430 2462 2772 2525 victimarum
2830 2472 3082 2540 edentes,
3148 2473 3469 2529 libationum

1893 2562 2077 2614 vinum
2111 2561 2379 2626 bibentes,
2410 2561 2781 2619 immiscentes
2812 2577 2870 2617 se
2901 2562 3051 2619 fumo
3080 2581 3144 2619 ac
3180 2566 3353 2622 nidori
3378 2607 3394 2633 ,
3417 2578 3473 2622 et

1894 2665 2111 2705 ararum
2140 2655 2426 2709 cruoribus
2457 2655 2674 2708 ac‘tabo
2708 2656 3011 2724 inquinati;
3047 2657 3093 2712 si
3123 2669 3298 2713 tamen
3328 2659 3474 2717 ferre

1894 2744 2404 2811 poteruntsordium
2430 2744 2645 2797 illarum
2663 2744 2914 2811 fetorem,
2934 2747 3023 2816 qui
3048 2763 3263 2818 semper
3284 2753 3470 2808 sensui

1895 2832 2154 2887 molestus
2183 2841 2287 2889 est.
2324 2834 2609 2902 Quomodo
2639 2850 2772 2907 ergo
2820 2836 3068 2894 infelices
3109 2841 3161 2895 hi
3200 2842 3384 2898 animo
3416 2853 3472 2898 et

1893 2923 2072 2993 lingua
2118 2940 2224 2979 non
2272 2926 2720 2996 perhorrescunt,
2777 2944 2866 2985 res
2900 2940 3009 2984 tam
3047 2932 3224 2986 valido
3292 2936 3471 2989 muni-

207 3031 323 3101 τὴν
348 3028 628 3098 αἴσθησιν,
662 3028 780 3091 πῶς
807 3026 902 3081 οῦν
936 3028 997 3082 ού
1028 3027 1322 3099 φρίσσουσι
1349 3026 1444 3079 καὶ
1480 3026 1659 3097 ψυχὴν
1695 3027 1790 3079 καὶ

1901 3027 2077 3069 ιηειιιο
2111 3017 2336 3081 divisas,
2389 3034 2485 3088 per
2526 3034 2797 3074 summum
2831 3022 3011 3077 scelus
3046 3023 3275 3078 miscere
3307 3035 3470 3094 atque

207 3086 468 3191 γλῶσσαν
502 3086 554 3183 λι
601 3086 828 3172 δείλαιοι
855 3159 871 3185 ,
927 3117 1000 3171 τὰ
1041 3086 1332 3181 ’τοσούτοις
1383 3086 1792 3187 διατειχίσματι

1901 3107 2256 3161 connectere?
2286 3086 2571 3175 Quomodo
2602 3109 2843 3179 perferet
2871 3111 3012 3167 Deus
3048 3112 3245 3181 injuria
3277 3086 3474 3168 ιιιιειιςῖ

207 3210 584 3284 διειργόμενα.
621 3206 873 3279 μιγνύειν
903 3207 998 3260 καὶ
1025 3206 1290 3279 συνείρειν
1316 3205 1632 3273 ἀθεώτατα;
1668 3205 1793 3270 Πῶς

208 3299 306 3358 οὖν
337 3302 479 3355 οίσει
509 3299 687 3354 ταῦτα
719 3299 855 3363 Θεὸς
891 3298 1292 3369 ύδριζόμενος;
1325 3297 1560 3350 Σκοπεῖν
1609 3297 1668 3351 δὲ
1698 3296 1795 3350 καὶ

209 3393 378 3448 τοῦτο
407 3394 697 3465 πάρεστιν,
730 3391 807 3456 ώς
837 3390 1062 3444 διπλοῦν
1093 3390 1278 3453 αὐτοῖς
1310 3389 1411 3457 τῆς
1456 3388 1584 3443 καθ’
1632 3390 1793 3460 ἡμῶν

209 3485 557 3558 κατηγορίας
589 3483 650 3537 τὸ
682 3484 932 3552 ἀδίκημα
964 3481 1060 3535 καὶ
1108 3482 1136 3533 ό
1181 3480 1325 3534 κατά
1372 3480 1473 3550 τῆς
1510 3480 1794 3543 εὐσεϐείας

211 3578 384 3653 ἀγὼν.
413 3577 508 3631 καὶ
530 3574 663 3629 πολὺ
686 3574 747 3629 τὸ
769 3573 952 3645 φίλερι
976 3572 1072 3626 καὶ
1097 3571 1581 3643 ἀμφισϐητήσιμον
1604 3573 1669 3627 ὲκ
1695 3571 1792 3626 τοῦ

208 3670 456 3742 ψεύδους.
478 3666 883 3740 προερχόμενος
908 3667 937 3717 ὁ
962 3665 1117 3734 λῦγος
1148 3665 1333 3726 αὐτοῖς
1362 3664 1501 3734 ἔχει,
1528 3663 1691 3717 ὁπότε
1702 3679 1793 3734 ρον

211 3761 452 3831 θατέρου
492 3757 600 3812 τῶν
628 3757 874 3829 ληρῳδου
883 3756 1059 3827 μένων
1087 3753 1401 3825 κρατήσειε.

285 3853 394 3922 λγ.⁰
440 3851 551 3905 Καὶ
590 3851 700 3921 γάρ
741 3849 964 3907 είδωλον
1000 3847 1270 3918 ὀνομάσαι
1309 3846 1370 3900 τὸ
1404 3844 1500 3900 τοῦ
1533 3844 1791 3918 Σωτῆρος

207 3943 377 4016 ἡμῶν
406 3942 643 4015 Χριστοῦ
673 3941 769 3996 καὶ
804 3939 943 3997 Θεοῦ
977 3938 1278 4009 σεϐάσμιον
1314 3937 1707 4009 ἀπεικόνισμα,
1742 3940 1791 3991 oi

206 4034 715 4109 χριστομαχοῦντες
764 4034 825 4087 ού
877 4029 1366 4103 κατηρυθρίασαν·
1421 4030 1560 4102 πρὸς
1604 4029 1660 4083 δὲ
1698 4029 1794 4084 καὶ

208 4124 567 4198 Χριστιανῶν
603 4121 1126 4203 ωταρῤαψίιδῆσαι,
1161 4121 1246 4176 ὅτι
1277 4120 1343 4192 δὴ
1368 4121 1444 4183 ὡς
1497 4122 1645 4193 θεοῖς
1672 4124 1809 4185 ταῖς.

209 4218 393 4289 ἱεραῖς
415 4214 723 4287 προσῆλθον
753 4214 980 4277 εἰκόσιν,
1006 4212 1098 4265 ἐπὶ
1127 4209 1387 4265 τοσοῦτον
1408 4211 1796 4282 παραπληξίας

208 4310 314 4364 καὶ
341 4307 527 4371 ἀνοίας
563 4307 793 4378 ἥκοντες
815 4347 828 4373 ,
860 4304 937 4368 ὡς
966 4304 1106 4375 μήτε
1143 4303 1255 4359 τῶν
1301 4304 1795 4375 προσκυνουμένων

1897 3197 2136 3267 Denique
2175 3200 2724 3255 animadvertendum
2762 3209 2868 3267 est,
2899 3203 3166 3272 duplicem
3198 3220 3319 3260 esse
3353 3207 3474 3262 illo-

1895 3305 2012 3343 rnm
2034 3290 2086 3343 in
2119 3291 2219 3345 bac
2246 3306 2344 3347 sua
2364 3292 2627 3349 adversus
2661 3310 2761 3349 nos
2790 3294 3064 3350 calumnia
3087 3298 3469 3368 iniquitatem;

1892 3384 2068 3453 primo
2101 3385 2225 3453 quia
2261 3395 2453 3447 contra
2485 3398 2690 3442 rectum
2712 3388 2905 3458 dogma
2937 3390 3214 3446 decertant
3238 3410 3255 3460 ;
3276 3394 3469 3449 iterum

1893 3475 2018 3543 quia
2048 3476 2226 3529 oratio
2258 3476 2476 3531 illorum
2512 3479 2739 3533 multum
2772 3478 2938 3536 habet
2974 3481 3086 3537 litis
3136 3495 3191 3538 et
3246 3495 3469 3540 contro-

1895 3567 2093 3621 versiae
2109 3582 2175 3623 ει
2202 3566 2440 3624 falsitate
2468 3569 2587 3640 ipsa
2612 3572 2907 3640 manantis,
2944 3582 3065 3629 utra
3111 3576 3327 3631 demum
3364 3578 3469 3632 utri

1895 3655 2125 3717 futilitds
2152 3668 2394 3729 praestet.

1964 3855 2055 3909 55.
2108 3853 2322 3910 Etenim
2375 3856 2576 3912 idolum
2618 3859 2892 3929 appellare
2933 3860 3241 3920 Servatoris
3300 3867 3468 3921 nostri

1893 3942 2096 4000 Christi
2127 3944 2218 3998 Dei
2248 3946 2612 4001 venerandam
2652 3948 2945 4017 imaginem
2970 3950 3023 4004 bi
3070 3951 3467 4008 Christoum-hi

1894 4052 2002 4094 non
2030 4037 2407 4103 erubuerunt;
2439 4037 2684 4108 itemque
2715 4039 2874 4109 nugis
2910 4038 3254 4098 Christianos
3275 4046 3469 4099 obtun~

1895 4129 2046 4194 dere,
2076 4129 2220 4198 quod
2255 4136 2515 4198 tanquam
2562 4128 2695 4183 deos
2735 4143 2923 4185 sacras
2955 4131 3221 4199 imagines
3254 4132 3467 4201 colant;

1895 4229 2118 4292 stupore
2157 4229 2307 4275 tanto
2342 4230 2508 4291 atque
2559 4223 2799 4276 amentia
2853 4221 2907 4276 hi
2946 4230 3293 4277 accusatores
3346 4240 3470 4279 cor-

1898 4314 2060 4383 repti,
2093 4321 2152 4367 ut
2183 4326 2358 4381 neque
2383 4312 2654 4367 cultarum
2705 4328 2884 4367 rerum
2944 4323 3279 4382 cognoscant
3316 4316 3481 4369 natu-'

206 4399 518 4469 ἐπιγνῶναι
549 4399 639 4452 τὸν
666 4397 850 4466 λόγον,
893 4397 1031 4469 μήτε
1070 4396 1177 4467 μὴν
1201 4394 1309 4449 τῶν
1338 4395 1791 4466 προσκυνούντων

1901 4419 2035 4465 ram,
2061 4416 2232 4470 neque
2264 4401 2555 4469 colentium
2594 4401 2893 4471 intelligant
2923 4403 3276 4467 sententiam,
3302 4419 3472 4472 quan-

164 4491 611 4563 ἱκατειληφέναι
650 4490 749 4561 τὴν
779 4489 1026 4560 γνώμην,
1074 4489 1172 4542 καὶ
1214 4488 1389 4541 ταῦτα
1418 4487 1561 4556 φωτὶ
1589 4489 1795 4559 ὁμοίως

164 4564 660 4656 διαφαινομένων
700 4582 1113 4651 ἐναργέστατα*
1145 4580 1299 4649 ὅμως
1349 4577 1396 4632 δ’
1430 4574 1526 4632 οῦν
1565 4582 1650 4643 είς
1695 4579 1795 4634 ἕνα

168 4676 192 4697 ”
214 4677 473 4751 κρημνὸν
499 4674 759 4738 ἀσεϐείας
793 4674 993 4737 αὐτοὺς
1012 4671 1359 4742 ἑκατέρωθεν
1391 4669 1707 4726 συνελαύνει
1735 4671 1796 4724 τὸ

176 4757 190 4768 ’
216 4769 572 4842 βλάσφημον.
611 4765 799 4836 Ἦμῶν
832 4764 939 4837 γάρ
968 4764 1077 4818 τῶν
1107 4763 1201 4816 ἐπὶ
1218 4762 1310 4816 τὸν
1332 4760 1584 4832 θεμέλιον
1614 4763 1796 4830 ἀσφα-

211 4860 329 4923 λῶς
353 4858 724 4946 ἡδρασμένων
754 4857 856 4928 τῆς
894 4854 1178 4917 εὐσεϐείας
1205 4893 1221 4918 ,
1252 4854 1416 4907 ὁποία
1443 4854 1477 4924 ἡ
1507 4853 1634 4920 δόξα
1668 4856 1799 4925 περὶ

213 4948 551 5003 τούτωνκαὶ
584 4944 1044 5018 ἠπροσκύνησις,
1071 4944 1435 5019 φανερωτάτη
1463 4945 1794 5016 καθέστηκε,

208 5042 330 5104 τοῖς
365 5056 432 5107 γε
485 5039 562 5102 ὡς
604 5037 822 5109 ἀληθῶς
862 5037 1165 5111 σωφρονεῖν
1217 5036 1554 5107 ᾑρημένοις,
1590 5037 1687 5090 καὶ
1735 5038 1799 5090 τὸ

210 5132 485 5203 ἀκέραιον
514 5129 608 5184 τοῦ
648 5128 911 5199 λογισμοῦ
942 5125 1298 5190 διασῴζουσιν
1318 5142 1332 5157 ⁶
1364 5126 1506 5181 ἔστω
1529 5126 1609 5192 δὲ,
1642 5128 1799 5182 αὐτοὶ

215 5225 321 5297 μὲν
347 5224 424 5287 ὡς
459 5223 629 5292 ἀλογα
654 5221 789 5287 ζῶα,
815 5220 971 5291 φασὶ,
1004 5220 1397 5289 πεπλάνηνται,
1425 5220 1623 5273 ταύτὶν
1656 5216 1797 5273 εἶναι

210 5318 294 5389 τῷ
328 5314 631 5388 ἀκαθάρτῳ
670 5314 734 5369 τὸ
777 5314 935 5382 ἆγιον
993 5312 1511 5381 ὑπολαμϐάνοντεςο
1546 5314 1643 5365 καὶ
1698 5314 1798 5367 οὐκ

209 5409 333 5466 οἰδα
377 5410 529 5472 ὅπως
572 5408 635 5461 τὸ
667 5403 858 5477 αἶσχος
899 5405 995 5459 τοῦ
1054 5402 1350 5475 προσώπου
1391 5404 1571 5458 αὐτῶν
1606 5405 1797 5459 ἀπονί-

208 5505 439 5572 ςναιντο,
472 5499 638 5573 μέχρι
669 5498 860 5561 τέλους
915 5493 1425 5567 συμπαρομαρτοῦν
1456 5494 1640 5557 αὐτοῖς
1668 5497 1801 5549 ἀνα-

207 5597 554 5669 πότριπτον·
584 5590 694 5643 τίνι
716 5590 902 5661 τρόπῳ
925 5584 1271 5659 Χριστιανῶν
1288 5584 1496 5651 ἀλόγως
1530 5587 1627 5638 καὶ
1655 5586 1799 5654 ἅμα-

208 5688 324 5752 θὲς
364 5686 513 5741 οῦτω
549 5680 1045 5753 καταγορεύουσιν,
1092 5676 1359 5743 ὡσαύτως
1401 5675 1632 5741 ἐκείνοις
1668 5678 1795 5747 περὶ

1896 4511 2060 4565 quam
2094 4495 2209 4550 haec
2243 4492 2689 4548 manifestissime
2719 4501 2979 4562 pateant:
3011 4493 3229 4548 interim
3286 4506 3471 4551 tamen

1897 4586 1965 4640 ad
2026 4600 2193 4638 unum
2230 4584 2387 4654 18],
2448 4585 2744 4653 impietatis
2781 4584 3143 4654 praecipitium
3198 4599 3295 4640 sua
3347 4586 3470 4642 illos

1898 4678 2157 4747 utrinque
2204 4684 2367 4746 urget
2417 4675 2777 4745 blasphemia.
2833 4675 3000 4731 Nobis
3047 4678 3265 4747 quidem
3307 4694 3471 4748 super

1895 4782 2040 4821 νει-ιι·
2054 4766 2272 4835 pictatis
2294 4766 2648 4820 fundamento
2667 4774 2781 4821 tute
2798 4769 3139 4834 constitutis,
3164 4771 3468 4838 cuiusmodi

1896 4858 1970 4914 sit
1998 4858 2160 4929 hujus
2191 4856 2269 4912 rei
2295 4859 2563 4911 sententia
2609 4866 2664 4912 et
2698 4858 2875 4929 qualis
2901 4859 3098 4927 cultus,
3147 4860 3473 4929 exploratis.

1899 4951 2098 5005 simum
2129 4960 2235 5011 est,
2270 4949 2338 5003 iis
2368 4959 2519 5004 certe
2546 4950 2639 5018 qni
2686 4963 2815 5022 vere
2849 4951 3252 5020 prudentesque
3279 4966 3472 5020 sapere

1900 5043 2235 5104 curaverint,
2266 5050 2323 5095 et
2344 5039 2625 5095 incolume
2647 5041 2991 5097 ratiocinium
3033 5042 3324 5095 retineant.
3357 5041 3470 5095 Imo

1901 5149 2028 5187 vero
2055 5133 2132 5187 illi
2162 5144 2220 5187 ut
2267 5134 2423 5188 bruta
2456 5132 2710 5187 animalia
2733 5144 2938 5200 errant,
2975 5135 3240 5203 impurmu
3268 5143 3319 5186 et
3345 5149 3471 5189 sau-

1899 5238 2044 5281 ctuut
2073 5227 2299 5296 perinde
2330 5226 2616 5282 habentes.
2670 5226 2782 5282 Nec
2817 5229 2994 5292 video,
3032 5228 3304 5296 quomodo
3332 5228 3471 5282 hanc

1901 5318 2294 5385 turpitudinem
2345 5316 2483 5372 facie
2520 5332 2616 5371 sua
2664 5318 2865 5381 cluent,
2909 5328 3167 5388 perpetuo
3202 5319 3306 5373 illis
3334 5315 3477 5377 inﬂié

1899 5420 2041 5462 ctam
2070 5418 2127 5461 et
2169 5408 2562 5460 adhaerentem.
2599 5405 2883 5473 Quomodo
2918 5409 3080 5462 stulte
3126 5410 3259 5463 adeo
3309 5419 3471 5478 atque

1903 5497 2153 5567 imperite
2213 5495 2561 5550 Christianos
2594 5508 2877 5564 accusant,
2912 5500 3064 5569 quasi
3099 5514 3251 5569 seque
3297 5515 3361 5554 ac
3392 5499 3468 5554 illi

1899 5590 2044 5646 circa
2099 5603 2287 5643 rerum
2316 5601 2596 5643 sacrarum
2652 5589 2857 5644 cultum
2910 5592 3212 5658 insaniant;
3247 5591 3298 5647 id
3336 5607 3472 5647 con-

1895 5681 2164 5751 jectantes
2190 5677 2523 5736 videlicetex
2550 5695 2644 5737 sua
2665 5682 2893 5751 perﬁdia
2919 5694 2973 5738 et
2990 5685 3285 5755 apostasia,
3304 5692 3465 5754 atque
