3918 6152
441 302 547 367 615
1457 298 1517 357 S.
1562 296 1980 359 NICEPHORI
2020 297 2037 357 l

2142 290 2523 356 [‘RIARCILE
2556 292 2665 352 (ΖΡ.
3556 283 3647 350 616

442 422 508 460 ex
545 404 856 473 semetipsis
892 402 1069 457 aliens
1099 402 1470 455 aestimantes?
1492 402 1653 457 Certe
1679 402 1820 457 haud
1844 403 2010 471 magis

2144 400 2210 472 ὴν
2236 400 2345 453 τῶν
2373 398 2538 470 ἱερῶν
2565 395 2914 468 ἀπομανῆναι
2949 393 3377 465 σεϐασμιότητα,
3407 393 3650 447 καὶτοῦτο

440 496 650 552 vitandi
684 497 1083 564 aversandique
1123 504 1250 547 sunt
1291 494 1361 547 ob
1412 494 1798 559 irreligionem,
1846 508 2009 562 quant

2142 490 2267 558 ταρὰ
2299 489 2398 559 τὴν
2426 489 2634 543 οἰκείαν
2663 485 3059 556 ἀγνωμοσύνην
3096 501 3158 539 τε
3182 485 3279 538 καὶ
3311 483 3573 554 ἀθέτησιν,
3597 486 3650 536 ἐκ

444 589 518 644 ob
547 587 843 642 fatuitatem
898 586 1377 653 stupiditatemque
1414 584 1750 639 miserabiles
1771 591 1824 637 et
1875 581 2011 636 infe-

448 680 605 734 lices.
651 676 800 729 Vana
836 677 949 729 ha'c
985 690 1052 729 ne
1080 674 1247 728 Juda'i
1272 674 1487 740 quidem
1518 682 1612 727 aut
1640 672 1842 725 ethnici
1896 671 2010 733 ulli,

449 772 540 839 qui
594 769 796 836 alioqui
844 782 1058 833 semper
1116 764 1576 832 irreprehensihili
1644 772 1841 817 nostra:
1890 761 2013 816 litlei

448 863 804 932 obganniunt,
835 858 1198 913 eliutiverunl.
1783 847 1791 863 ’“

519 1136 609 1190 54.
643 1137 815 1203 Atque
863 1146 1053 1187 norum
1087 1133 1445 1187 absurditates
1474 1133 1737 1188 hactenus
1772 1141 2015 1186 narratae

451 1226 525 1279 ita
555 1240 614 1279 se
643 1228 863 1279 haheut.
891 1224 1019 1279 Mihi
1063 1240 1190 1277 vero
1216 1225 1280 1276 ad
1328 1222 1581 1277 falsitatis
1634 1223 2016 1276 refutationem

452 1315 557 1366 alia
593 1330 807 1382 quoque
840 1313 927 1365 \‘ia
961 1311 1317 1366 incedendum
1342 1320 1444 1371 est,
1488 1321 1650 1379 atque
1685 1326 1750 1365 ex
1782 1310 2020 1365 oraculis

454 1405 711 1474 Spiritus,
750 1406 944 1471 quibus
981 1402 1288 1457 omnimode
1341 1400 1698 1455 ohedieudum
1748 1411 1853 1465 est,
1891 1401 2020 1469 quid

455 1498 586 1551 recti
609 1496 806 1562 quidve
834 1495 1011 1547 vitiosi
1057 1493 1113 1546 in
1147 1494 1334 1545 horum
1366 1492 1703 1546 sermonibus
1747 1493 1841 1557 sit,
1876 1492 2021 1546 testi-

456 1585 734 1641 mandum.
789 1584 992 1653 Regula
1045 1598 1175 1652 ergo
1197 1581 1490 1651 apostolica
1541 1582 1696 1636 nobis
1730 1583 2018 1652 prtecipit:

459 1673 544 1728 Ne
576 1676 717 1727 omni
755 1674 964 1737 spiritui
1011 1673 1314 1736 credamus,
1369 1671 1461 1724 sed
1495 1670 1791 1739 probemus,
1844 1682 2022 1726 utrum

2116 580 2225 633 τῶν
2255 578 2379 631 καθ’
2422 579 2652 639 ἑαυτοὺς
2686 575 3069 646 σταθμώμενοι
3100 576 3169 627 τά
3199 575 3450 644 ἀλλότρια
3471 590 3485 603 ·
3518 573 3654 626 οὐδέν

2116 687 2168 722 τι
2220 669 2419 737 μᾶλλον
2471 668 2703 739 φευκτοὶ
2756 666 3118 736 ἀποτρόπαιοι
3164 664 3263 735 τὴν
3319 664 3579 725 ἀσέϐειαν,
3624 665 3652 733 ἢ

2118 760 2342 814 ὲλεεινοὶ
2388 761 2481 812 καὶ
2531 759 2707 813 ἄθλιοι
2749 758 2810 810 τὸ
2857 756 3122 812 ἀσύνετον
3174 756 3271 808 καὶ
3314 753 3652 825 ἀναίσθητον·

2120 849 2294 905 ταῦτα
2327 849 2434 904 οὐδ’
2458 848 2525 903 ἂν
2551 849 2819 902 Ἰουδαίων
2929 847 3201 914 Ἑλλήνων
3224 845 3366 906 τινὲς
3395 845 3442 895 οἰ
3470 844 3551 895 ἀεὶ
3572 844 3660 911 τῆς

2121 939 2428 1009 ἀμωμήτου
2473 937 2628 1008 ἡμῶν
2662 937 2897 999 πίστεως
2945 932 3452 1004 καταφλυαροῦντες
3493 934 3659 984 ὲκενου

2118 1027 2381 1100 λόγησαν.

2190 1120 2286 1176 λό’.
2333 1120 2493 1174 Ἀλλὰ
2523 1120 2592 1174 τά
2619 1121 2718 1190 μὲν
2753 1118 2958 1173 τούτων
2986 1119 3166 1172 ἄτοπα
3206 1117 3444 1171 τοσαῦτα
3468 1115 3555 1169 καὶ⁵
3580 1114 3661 1169 οὗ·

2120 1226 2230 1274 τως
2257 1211 2453 1281 ἔχοντα
2479 1228 2492 1242 ·
2530 1212 2656 1281 ἐμοὶ
2686 1211 2744 1264 δὲ
2775 1212 2866 1263 ἐπὶ
2890 1211 3014 1272 τοὺς
3041 1209 3298 1277 ἐλέγχους
3329 1205 3419 1260 τοῦ
3449 1204 3656 1275 ψεύδους

2125 1303 2220 1356 καὶ
2250 1302 2428 1375 ταύτῃ
2461 1302 2622 1362 ἰτέον.
2659 1303 2755 1355 καὶ
2782 1303 2846 1355 ὲκ
2871 1300 2981 1354 τῶν
3011 1299 3207 1367 λογίων
3237 1296 3336 1351 τοῦ
3372 1295 3664 1366 Πνεῦματος

2123 1387 2205 1457 οἷς
2232 1394 2548 1464 πειθαρχεῖν
2570 1394 2732 1446 παντὶ
2758 1392 2945 1462 τρόπῳ
2967 1390 3166 1461 χρῆναί
3188 1407 3353 1459 φημι,
3375 1388 3448 1450 ὡς
3477 1388 3669 1457 ἔχουσιν

2124 1483 2413 1555 ὀρθότητος
2443 1484 2476 1554 ἢ
2510 1483 2840 1554 σαθρότητος
2874 1483 2923 1536 οί
2946 1483 3054 1536 τῶν
3085 1481 3335 1552 ματαίων
3367 1479 3511 1547 λόγοι
3539 1479 3669 1531 δοκι-

2131 1577 2400 1648 μαστέονο
2461 1575 2663 1645 θεσμὸς
2711 1573 2891 1627 τοίνυν
2941 1570 3304 1634 ἀποστολικὸς
3334 1573 3466 1642 ἡμῖν
3510 1570 3670 1623 διακε·

2127 1665 2348 1719 λεύεται
2407 1663 2494 1733 μὴ
2561 1664 2741 1718 παντί
2793 1665 3102 1718 πιστεύειν
3164 1664 3482 1731 πνεύματι,
3527 1662 3691 1716 duo-

456 1778 523 1817 ea;
564 1763 790 1816 Decsint
825 1777 844 1815 :
879 1764 1129 1832 quoniam
1184 1779 1320 1815 nunc
1366 1763 1519 1815 multi
1568 1764 2027 1832 pseudomagistri,

2142 1753 2464 1820 δοκιμάζειν
2488 1757 2541 1807 εὶ
2558 1754 2627 1808 ἐκ
2659 1754 2807 1809 Θεοῦ
2829 1754 3021 1817 ἐστιν,
3050 1753 3260 1822 ἐπειδή
3290 1753 3389 1807 και
3405 1753 3518 1807 νῦν
3547 1755 3677 1829 αυλ-

458 1852 655 1920 inquit,
688 1851 990 1919 prodierunt
1039 1849 1106 1904 τ’.
1145 1849 1439 1905 Videamus
1488 1853 1698 1919 itaque,
1729 1865 1797 1903 an
1840 1859 1897 1905 et
1930 1849 2029 1919 ipsi

460 1942 666 2013 Spiritu
730 1943 821 1996 Dei
888 1952 1162 2012 agantur,
1215 1952 1269 1997 et
1320 1941 1619 1995 conlbrmia
1674 1940 1918 1997 sentiant
1968 1956 2033 1996 ac

459 2049 695 2089 consona
744 2032 828 2087 his
864 2034 955 2100 qui
989 2038 1039 2087 in
1077 2032 1281 2102 Spiritu
1312 2042 1439 2088 sunt
1461 2033 1551 2087 Dei
1580 2032 1741 2086 locuti
1775 2050 1789 2086 :
1822 2045 1945 2086 nam
1987 2032 2031 2086 si

462 2128 561 2182 hos
589 2126 799 2180 diversa
835 2126 902 2179 ab
941 2125 1048 2179 illis
1089 2126 1389 2178 sentientes
1416 2125 1900 2193 deprehendemus,
1937 2138 2035 2177 cx-

463 2218 729 2284 ploratum
779 2214 934 2269 nobis
959 2217 1069 2269 erit
1102 2216 1247 2283 ipsos
1272 2229 1377 2268 non
1417 2213 1510 2268 Dei
1542 2224 1726 2281 partes
1749 2214 1841 2269 sed
1880 2212 2038 2268 Anti-

464 2306 654 2360 t-hristi
715 2306 937 2361 sectari.
985 2306 1063 2359 Ac
1109 2306 1308 2373 primo,
1368 2305 1418 2363 si
1485 2304 1637 2371 libet,
1708 2305 2037 2359 vetustiores

464 2403 627 2449 atate
660 2396 714 2448 in
757 2395 990 2447 medium
1018 2395 1420 2463 producantur;
1454 2393 1647 2446 deinde
1675 2393 1766 2460 qui
1802 2394 2040 2463 dignita-

469 2482 613 2537 tibus
655 2498 752 2552 per
776 2481 1075 2537 Ecclesiam
1122 2481 1494 2545 eminuerunt,
1521 2481 1605 2536 his
1654 2480 2036 2551 adiungentur,

469 2572 576 2627 Sed
605 2572 814 2626 cunctis
840 2581 1077 2640 priceant
1100 2571 1189 2624 illa
1215 2586 1336 2639 qua:
1360 2571 1738 2625 universaliter
1764 2571 2039 2641 proposita

469 2675 596 2719 sunt
627 2672 680 2717 et
705 2664 971 2729 publicata
1005 2677 1037 2716 a
1059 2662 1265 2730 Spiritu
1286 2662 1527 2717 oracula.
1554 2662 1821 2729 Quoniam
1840 2661 2041 2718 Christi

470 2756 563 2810 Dei
617 2754 785 2809 nostri
842 2751 1193 2807 inellicaciam
1239 2754 1718 2822 inﬁrmitatemque
1756 2762 2041 2820 accusant,

468 2846 624 2918 quasi
650 2845 887 2899 homines
913 2847 980 2897 ab
994 2843 1213 2898 ethnico
1245 2857 1434 2897 errore
1464 2842 1697 2899 liberare
1725 2859 1830 2906 non
1848 2826 2045 2899 \value-

474 3035 689 3096 peracta
720 3025 1106 3079 incarnationis
1137 3024 1297 3088 ratio,
1325 3024 1639 3095 [utilemque
1661 3026 1946 3081 ostendere
1961 3027 2046 3081 di-

473 3122 650 3170 vinam
705 3116 1137 3183 przutlicationem
1169 3130 1401 3170 erroneo
1448 3130 1549 3170 suo
1592 3117 1876 3171 ratiocinio
1908 3118 2041 3172 ima-

473 3209 747 3277 ginantur,
769 3219 823 3261 et
852 3205 1254 3276 lalsiloquorum
1292 3205 1501 3261 titulum
1527 3207 1769 3262 veritatis
1792 3210 2046 3278 pra-coni-

476 3303 574 3352 l.us
615 3300 1009 3368 imposuerunt.

2129 1846 2228 1901 λοι
2300 1844 2855 1915 ψευδοδιδάσκαλοι
2876 1886 2892 1912 ,
2958 1846 3146 1915 φησιν,
3201 1845 3675 1912 ἐξεληλύθεισαν.

2135 1938 2367 2007 Ἴδωμεν
2396 1934 2489 1991 οῦν
2518 1939 2569 1991 εί
2599 1939 2659 1991 ὲν
2688 1936 2970 2006 Πνεύματι
2988 1936 3124 1989 Θεοῦ
3153 1938 3246 2003 καὶ
3270 1937 3428 1990 αὐτοὶ
3452 1936 3676 2004 ἄγονται,

2134 2025 2345 2096 συνῳδά
2370 2041 2432 2079 τε
2469 2023 2728 2097 φρονοῦσι
2766 2025 2861 2078 καὶ
2897 2022 3166 2093 σύμφωνα
3192 2026 3307 2087 τοῖς
3334 2025 3393 2077 ὲν
3420 2023 3678 2093 Πνεῦματι

2132 2117 2269 2171 Θεοῦ
2295 2117 2561 2189 λαλήσασι
2579 2135 2593 2148 ·
2623 2117 2719 2171 καὶ
2751 2118 2801 2170 εί
2829 2117 2905 2187 μὴ
2926 2114 3193 2178 ὡσαύτως
3216 2116 3450 2178 ἐκείνοις
3481 2114 3680 2185 ἔχοντας

2136 2208 2597 2278 καταληψόμεθα,
2629 2207 2725 2261 καὶ⁸
2751 2206 3012 2277 εἰσόμεθα
3044 2206 3127 2259 ὅτι
3156 2208 3216 2259 οὐ
3248 2206 3346 2259 τοῦ
3375 2207 3509 2260 Θεοῦ
3536 2209 3679 2269 είσιν,

2136 2299 2272 2354 ἀλλά
2296 2298 2391 2352 τοῦ
2432 2298 2803 2369 Ἀντιχρίστου
2827 2311 2842 2328 '
2866 2297 2962 2351 καὶ
2989 2296 3255 2367 πρότερόν
3282 2313 3371 2365 γε,
3388 2297 3437 2350 εἰ
3454 2296 3610 2358 δοκεῖ.
3640 2297 3682 2347 οί

2138 2391 2314 2462 χρόνῳ
2343 2389 2705 2461 πρεσϐύτεροι
2742 2387 3175 2459 προαγέσθωσαν
3194 2403 3210 2417 ·
3244 2388 3447 2458 ἑφεξῆς
3473 2388 3527 2441 δὲ
3557 2389 3600 2441 οι
3625 2388 3681 2455 τῇ

2138 2482 2266 2552 ἀξίᾳ
2296 2482 2441 2535 κατά
2479 2481 2577 2552 τὴν
2636 2478 2966 2549 Ἐκκλησίαν
3015 2479 3450 2549 ήγεμονεύοντες
3475 2516 3491 2543 ,
3520 2477 3685 2539 αὐτοῖς

2140 2571 2591 2642 ἐπιζευγνύμεναι
2625 2569 3019 2639 έπαγέσθωσᾳν
3045 2586 3059 2600 ·
3094 2569 3279 2624 αὐτῶν
3312 2569 3370 2623 δὲ
3404 2567 3604 2624 τούτων
3628 2567 3688 2619 τά

2141 2666 2293 2734 κοινῇ
2327 2665 2496 2716 πᾶσιν
2537 2662 2833 2732 ἐκκείμενα
2880 2662 2975 2715 καὶ
3028 2661 3506 2731 δεδημοσιευμένα
3554 2659 3690 2725 παρά

2141 2753 2239 2807 τοῦ
2287 2753 2607 2823 Πνεύματος
2635 2751 2795 2819 λόγια
2834 2749 3316 2822 προηγείσθωσαν·
3374 2749 3469 2802 καὶ
3500 2746 3690 2802 τούτων

2144 2844 2307 2899 πάλιν
2334 2846 2400 2899 ὲκ
2438 2843 2648 2898 πολλῶν
2694 2843 2942 2911 ὀλίγιστα
2967 2857 2982 2871 ·
3025 2842 3214 2910 ἐπειδὴ
3254 2840 3316 2895 τδ
3346 2840 3570 2911 ἀδρανὲς
3608 2837 3694 2891 καὶ

362 3008 367 3011 _
472 2940 565 3000 rit,
590 2951 831 3003 vanaque
867 2934 1029 2989 fuerit
1058 2936 1236 2988 crucis
1271 2934 1452 3003 passio
1485 2945 1542 2988 et
1577 2935 1830 2989 universa
1875 2934 1944 2989 ah
1979 2951 2037 2992 eo

2146 2934 2439 3006 ἀνίσχυρον
2468 2933 2707 3004 Χριστοῦ
2739 2930 2832 2986 τοῦ
2862 2931 2998 2985 Θεοῦ
3043 2931 3203 3002 ἡμῶν
3233 2932 3689 3002 κατεψηφίσαντο,

2147 3026 2222 3090 ὡς
2245 3025 2368 3079 οὔτε
2389 3026 2488 3097 τῆς
2503 3025 2823 3095 Ἑλληνικῆς
2844 3023 3052 3093 πλάνης
3081 3022 3396 3087 ἀπαλλάξαι
3423 3021 3695 3090 κατίσχυσε

2146 3123 2274 3184 τοὺς
2299 3121 2646 3193 ἀνθρώπους,
2694 3122 2788 3175 καὶ
2818 3122 2998 3191 μάτην
3028 3120 3089 3173 τὸ
3116 3120 3213 3173 διὰ
3232 3119 3473 3191 σταυροῦ
3502 3117 3659 3178 πάθος
3679 3153 3695 3178 ,

2149 3211 2268 3275 ὅλος
2295 3213 2398 3264 τεὸ
2425 3211 2526 3280 τῆς
2549 3210 2860 3279 οἰκονομίας
2888 3209 3039 3279 αὐτῷ
3067 3209 3558 3280 πεπραγμάτευται
3586 3205 3699 3274 τρό-

2154 3320 2274 3368 πος,
2312 3303 2543 3373 μάταιόν
2571 3318 2628 3355 τε
2660 3301 2982 3369 ἁποεραίνειν
3006 3302 3065 3353 τὸ
3096 3300 3241 3353 θεῖον
3276 3302 3540 3372 κήρυγμα
3569 3300 3621 3351 ὲν
3641 3297 3699 3364 τῇ

474 3396 659 3467 ἀπάτῃ
711 3395 818 3448 τῶν
883 3393 1161 3465 λογισμῶν
1209 3393 1693 3466 φαντασιούμενοι,
1745 3396 1845 3451 καὶ
1907 3396 2276 3469 ψευδομυθίας
2355 3399 2636 3472 ἐπίκλημα
2705 3401 2815 3462 τοῖς
2868 3397 2970 3467 τῆς
3034 3396 3295 3468 ἀληθείας
3354 3393 3576 3467 κήρυξιν
3614 3392 3703 3444 έπ-

474 3493 534 3559 έγ
544 3495 737 3561 ραψαν.

544 3586 633 3639 55.
665 3587 796 3652 Ago,
825 3585 1017 3652 psallat
1045 3585 1235 3640 beatus
1263 3585 1423 3639 David
1454 3587 1688 3640 divinam
1717 3587 1885 3658 lyram
1921 3588 2040 3658 pul-

475 3690 625 3738 δτιημ,
661 3693 822 3743 quam
885 3674 1120 3743 Spiritus
1177 3676 1242 3729 ad
1293 3677 1631 3732 harmoniam
1691 3670 2035 3749 compo'suit:

477 3765 616 3829 Quia
655 3765 789 3819 Deus
832 3781 1051 3834 magnus
1105 3765 1375 3831 Dominus,
1404 3767 1637 3821 excelsus
1663 3779 1712 3822 et
1766 3771 2036 3834 terribilis,

478 3869 570 3907 rea:
631 3871 849 3924 magnus
895 3872 1051 3923 siqer
1081 3874 1281 3910 onmem
1317 3868 1511 3911 (errant
1553 3858 1620 3913 ⁸⁸.
1662 3862 1927 3928 Insuper:
1972 3860 2036 3913 Et

479 3947 706 4016 regnarit
761 3947 895 4001 Deus
949 3964 1104 4016 super
1163 3958 1337 4019 gentes
1372 3946 1440 4003 ‘1.
1468 3949 1578 4004 Et:
1631 3949 1821 4006 Vacate
1860 3961 1909 4007 et
1962 3953 2041 4006 υἱ-

475 4040 612 4104 dete,
653 4040 898 4109 quoniam
955 4057 1049 4110 ego
1084 4058 1198 4094 sum
1233 4041 1391 4105 Deus,
1412 4053 1457 4096 et
1483 4043 1754 4098 exultabat
1779 4046 1837 4097 in
1871 4044 2042 4114 genti-

478 4130 592 4190 bus,
618 4131 890 4185 exaltnbor
919 4133 973 4184 in
1003 4145 1144 4186 terra
1170 4134 1236 4184 ⁸³.
1267 4132 1332 4186 Et
1361 4150 1376 4186 :
1409 4132 1609 4188 Notum
1639 4135 1762 4203 fecit
1789 4136 2047 4190 Dominus

476 4224 712 4275 satumre
736 4238 909 4285 suum,
942 4223 996 4274 in
1030 4234 1303 4289 conspectu
1349 4231 1580 4276 omnium
1627 4227 1858 4292 gentium
1900 4242 2045 4280 reve-

478 4312 602 4364 lnrit
630 4312 896 4380 justitiam
926 4328 1072 4365 suam
1109 4311 1178 4363 ⁸³.
1200 4308 1268 4362 Ει
1300 4331 1314 4365 :
1360 4309 1612 4365 Viderunt
1649 4316 2047 4370 omnestermini

482 4412 640 4453 terra?
671 4405 908 4452 salutare
959 4398 1052 4450 Dei
1099 4398 1272 4450 nostri
1323 4398 1391 4450 ⁸⁸.
1449 4400 1727 4464 Quomodo
1783 4416 1942 4470 ergo,
1989 4411 2047 4455 et

479 4490 870 4557 quandonam,
938 4496 993 4540 et
1040 4487 1236 4556 quibus
1288 4489 1340 4542 in
1402 4476 1562 4544 rebus
1619 4489 1762 4545 Deus
1817 4507 2046 4561 magnus

479 4595 642 4648 super
694 4580 1002 4633 universam
1060 4588 1258 4633 terram
1290 4581 1384 4643 sit,
1425 4584 1516 4651 qui
1554 4584 1872 4639 universalis
1905 4584 2048 4641 Deus

481 4669 816 4739 agnoscitur,
875 4681 1168 4739 notumque
1203 4671 1333 4727 fecit
1384 4675 1621 4730 salutare
1671 4690 1849 4740 suum,
1883 4687 1939 4730 et
1989 4676 2045 4730 in

482 4771 771 4831 conspectu
825 4762 1061 4830 gentium
1108 4767 1366 4819 revelavit
1409 4766 1673 4835 justitiam
1716 4782 1892 4831 suam,
1921 4767 2046 4822 hinc

484 4857 785 4925 intelligere
822 4856 949 4909 lit-et
999 4872 1125 4911 vere
1174 4859 1432 4924 conlatis,
1479 4869 1791 4927 rectumque
1852 4868 1908 4913 et
1948 4858 2045 4912 mi-

483 4948 625 4999 ttizne
672 4947 956 5000 tiistortatn
985 4951 1052 5003 ad
1102 4952 1297 5005 tradita
1346 4950 1606 5004 divinitus
1638 4950 1859 5004 oracula
1894 4964 2045 5003 men-

484 5045 586 5086 tem
622 5035 997 5104 dirigentihus.
1027 5036 1158 5090 Nam
1194 5039 1238 5093 si
1278 5040 1353 5092 uti
1389 5038 1531 5093 Deus
1553 5040 1774 5092 omnino
1831 5039 2047 5091 univcr-

481 5126 609 5179 salis
643 5136 697 5180 ct
726 5140 938 5181 creator
970 5130 1304 5199 intelligitur,
1324 5132 1434 5200 jam
1470 5131 1708 5183 outuium
1740 5130 2046 5184 doiuinatur

484 5230 685 5285 rexque
713 5230 813 5273 est.
854 5217 958 5283 Qui
1006 5220 1310 5273 dominatur
1337 5230 1588 5287 potestate
1618 5237 1714 5272 sua
1743 5220 1935 5273 stvculo
1974 5219 2042 5274 ⁸⁵.

480 5335 549 5349 ο-
570 5307 707 5374 Quia
747 5311 801 5363 in
833 5327 992 5366 manu
1029 5312 1145 5379 ejus
1168 5321 1291 5365 sunt
1315 5328 1487 5365 omnes
1508 5311 1640 5380 ﬁnes
1663 5322 1813 5363 terra:
1838 5308 1906 5363 ⁸⁸.
1938 5309 2003 5362 Ει
2028 5329 2043 5364 :

484 5396 675 5453 Omnia
705 5407 932 5457 serriunt
971 5406 1017 5456 ei
1047 5402 1113 5457 ⁸⁷.
1166 5403 1259 5457 Sin
1308 5405 1420 5457 haec
1475 5404 1614 5456 forte
1681 5403 1934 5455 dicuntur
1982 5403 2051 5458 de

558 5573 603 5603 '°
643 5571 844 5628 lJoan.
895 5591 966 5640 tv,
1003 5576 1058 5633 l.
1160 5574 1207 5609 ”
1249 5574 1529 5629 Psztl.XClV
1565 5615 1581 5638 ,
1625 5576 1679 5630 5.

1784 5566 1924 5622 εἴη),
1961 5570 2169 5629 χινι.9.
2214 5578 2258 5611 ³⁸
2279 5576 2423 5634 Psal.
2457 5593 2580 5646 ην,
2619 5576 2707 5634 ll.

488 5640 698 5696 "Psal.
725 5658 848 5710 uv,
882 5646 935 5699 Ἰ.
1010 5645 1054 5679 ⁸⁸
1086 5645 1225 5700 Psal.
1267 5659 1407 5713 χειν,
1443 5645 1497 5700 4.
1576 5643 1621 5676 ⁸⁷
1655 5645 1801 5699 Psal.
1836 5658 1988 5712 Lxxl,
2022 5648 2105 5700 ll.

2214 3589 2309 3643 λε’.
2340 3587 2548 3643 Οὐκοῦν
2575 3587 2826 3659 ψαλλέτω
2860 3587 3024 3641 Δαόὶδ
3067 3587 3096 3639 ό
3129 3586 3405 3658 μακάριος
3434 3586 3530 3656 τὴν
3567 3584 3700 3638 θείαν

2143 3681 2313 3750 λύραν
2375 3679 2818 3750 ἀνακρουόμενος
2873 3680 3234 3750 ἡρμοσμένην
3292 3679 3354 3732 έν
3411 3676 3697 3751 πνεύματιο

2150 3774 2279 3826 Ὅτι
2311 3771 2454 3837 Θεὸς
2469 3771 2655 3840 μέγας
2683 3770 2919 3836 Κύριος,
2942 3770 3183 3837 ὑψηλός
3216 3786 3282 3823 τε
3312 3769 3414 3823 καί
3442 3769 3698 3838 φοϐερός.

2139 3862 2436 3928 ,βασιλεὺς
2462 3862 2648 3932 μέγας
2669 3860 2765 3913 ἐπὶ
2791 3857 2999 3915 πᾶσαν
3015 3858 3128 3925 τὴν
3150 3858 3292 3929 γῆν.
3317 3860 3434 3913 Καὶ
3465 3860 3586 3929 μήν’
3603 3854 3701 3911 Kal

2144 3955 2540 4009 ἐϐασίλευσεν
2561 3954 2594 4005 ό
2624 3951 2766 4017 Θεὸς
2788 3950 2885 4004 ἐπὶ
2904 3949 2978 4004 τὰ
3003 3949 3170 4018 ἔθνη.
3202 3950 3337 4005 Καίο
3371 3949 3703 4019 Σχολάσατε

2148 4045 2248 4100 καί
2276 4043 2464 4113 γνῶτε
2489 4042 2702 4112 ὅτιὲγώ
2726 4045 2841 4111 εἰμι
2867 4046 2899 4096 ό
2922 4042 3086 4108 θεὸς,
3111 4043 3210 4095 καὶ
3234 4038 3705 4110 senescamu-

2148 4136 2271 4200 τοῖς
2300 4137 2562 4198 ἔθνεσιν,
2592 4133 2985 4203 ὐψωθήσομαι
3007 4132 3078 4186 ὲν
3103 4131 3178 4200 τῇ
3206 4131 3311 4201 τῆ.
3346 4133 3487 4186 Καί·
3517 4128 3705 4199 Ἐτνώ-

2148 4242 2289 4294 ρισε
2344 4227 2561 4294 Κύριος
2591 4225 2657 4277 τὸ
2692 4221 2994 4291 σωτήριον
3046 4222 3256 4288 αὑτοῦ,
3280 4223 3562 4277 ἐναντίον
3600 4217 3707 4273 τῶν

2150 4314 2342 4370 ἐθνῶν
2374 4314 2727 4383 ὰπεκάλυψε
2764 4314 2876 4380 τὴν
2909 4313 3308 4381 δικαιοσύνην
3345 4313 3558 4368 αὐτοῦ.
3583 4310 3703 4372 Καὶ,

2151 4405 2421 4460 Εἵδοσαν
2467 4404 2664 4458 πάντα
2683 4402 2755 4457 τὰ
2780 4402 3005 4471 πέρατα
3038 4403 3153 4469 τῆς
3183 4401 3296 4470 τῆς
3327 4403 3397 4456 τὸ
3429 4399 3709 4469 σωτήριον

2149 4495 2257 4550 τοῦ
2278 4495 2428 4550 Θεοῦ
2452 4494 2639 4565 ἡμῶν.
2673 4495 2795 4559 Πῶς
2818 4493 2911 4550 οῦν
2934 4494 3027 4548 καὶ
3048 4494 3203 4559 πότε,
3233 4495 3334 4548 καὶ
3354 4493 3450 4547 ἀπὶ
3465 4493 3574 4546 τίσι
3589 4489 3708 4551 Θεὸς

2155 4588 2329 4658 μέγας
2357 4587 2453 4640 καὶ
2479 4586 2732 4657 βασιλεὺς
2763 4587 2935 4657 μέγας
2969 4587 3066 4640 ἐπὶ
3085 4587 3266 4640 πᾶσαν
3294 4586 3400 4658 τὴν
3420 4586 3534 4656 γῆν
3561 4584 3589 4636 ό
3607 4580 3707 4653 τῶν

2149 4679 2286 4733 ὅλων
2303 4678 2434 4741 Θεὸς
2447 4677 2738 4746 ἔγνωσται,
2769 4677 3037 4748 ὲγνὼρισέ
3063 4692 3123 4730 τε
3140 4674 3205 4729 τὸ
3236 4679 3508 4745 σωτήριον
3532 4672 3707 4734 αὑτοῦ.

2152 4771 2251 4824 καὶ
2289 4771 2532 4823 ἐναντίον
2562 4768 2670 4822 τῶν
2693 4769 2863 4822 ἐθνῶν
2893 4768 3212 4837 ἀπεκάλυψε
3239 4767 3339 4838 τὴν
3368 4763 3707 4832 δικαιοσύνην

2153 4858 2341 4921 αὑτοῦ,
2357 4858 2606 4912 ἐντεῦθεν
2630 4858 2864 4911 συνιδεῖν
2882 4858 3061 4924 ἔξεστι
3075 4862 3188 4920 τοῖς
3210 4873 3272 4925 γε
3296 4858 3524 4928 ,άληθῶς
3538 4854 3707 4927 ἀρτιό-

2154 4966 2368 5019 φροσιν,
2395 4949 2554 5019 ὀρθόν
2585 4965 2645 5001 τε
2671 4949 2768 5001 καὶ
2790 4949 3148 5020 ἀδιάστροφον
3184 4948 3324 5019 πρὸς
3354 4949 3425 5001 τὰ
3453 4943 3711 5015 θεοπαρά·

2151 5039 2277 5092 δοτα
2300 5039 2457 5107 λόγια
2477 5039 2566 5093 τὸν
2584 5039 2710 5092 νοῦν
2730 5040 3125 5093 ἀπευθύνουσιν
3141 5055 3155 5068 ⁸
3175 5041 3223 5092 εἱ
3254 5040 3357 5111 μὲν
3383 5041 3495 5110 γὰρ
3511 5040 3583 5101 ὼς
3594 5037 3710 5097 Θεὸς

2150 5130 2261 5183 τῶν
2295 5132 2432 5185 ὅλων
2464 5130 2652 5195 ἁπλῶς
2681 5130 2775 5184 καὶ
2796 5132 3138 5201 Δημιουργὸς
3160 5134 3356 5194 νοοῖτο,
3382 5132 3484 5202 ἤδη
3513 5131 3712 5185 πάντων

2148 5221 2428 5291 βασιλεύει
2473 5223 2568 5275 καὶ
2630 5221 3066 5286 κατεξουσιάζει.
3112 5221 3165 5275 '0
3209 5221 3617 5282 δεσπόζωνὲν
3646 5214 3710 5284 τῇ

2147 5312 2477 5379 δυναστείᾳ
2526 5312 2714 5366 αὐτοῦ
2759 5311 2867 5366 τοῦ
2906 5311 3159 5377 αἰῶνος-ο
3213 5312 3303 5366 ὅτι
3350 5312 3425 5365 ἐν
3462 5310 3536 5378 τῇ
3574 5305 3709 5378 χειρὶ

2148 5401 2337 5457 αὐτοῦ
2366 5403 2439 5457 τὰ
2491 5400 2717 5471 πέρατα
2757 5401 2865 5471 τῆς
2903 5401 3036 5472 τῆς.
3094 5401 3238 5457 Καί’
3289 5400 3370 5456 Τὰ
3403 5403 3712 5472 σύμπαντα

2809 5578 2871 5651 ⁸³,
2900 5577 3043 5634 Psal.
3077 5591 3247 5645 xcvn,
3268 5577 3329 5633 2.
3405 5578 3454 5612 ⁸⁸
3494 5574 3623 5635 ibid.
3648 5574 3703 5632 δ.
