3918 6152
445 284 555 349 635

1471 281 1530 346 S.
1573 284 1991 348 NICEPHORI
2030 284 2535 349 PATRIARCH/E
2570 284 2679 345 Ci’.

3598 268 3696 335 636

445 395 710 456 νέτωσαν,
744 393 826 445 ὅτι
859 392 935 462 τῷ
967 391 1108 461 ἁγίῳ
1138 391 1555 447 ἁντιτάσσονται
1586 395 1891 464 Πνεύματι,
1924 400 2022 467 τῆς
2046 398 2283 469 Χριστοῦ
2330 395 2661 464 Ἐκκλησίας
2720 385 3210 457 καταψευδόμενοι,
3282 380 3377 437 καὶ
3476 381 3695 436 (inuam

448 484 533 537 ὅτι
571 482 634 534 ἑκ
655 481 750 534 τοῦ
781 482 1026 535 ἐναντίου
1054 481 1272 535 λαλοῦσι
1309 483 1644 552 πνεύματος.
1706 550 1709 555 Α
1796 520 1799 523 -

523 599 631 653 Sed
670 610 724 654 et
799 600 1022 652 alterius

453 688 636 745 Gaude
655 700 705 744 et
732 691 935 754 uetare,
976 690 1091 757 [ilia
1122 688 1270 753 Sion,
1310 693 1433 759 quia
1473 709 1589 745 ecce
1618 698 1790 758 uenio,
1837 705 1883 746 et
1915 695 2014 747 Ita-

451 780 627 835 bitabo
683 782 737 834 in
772 782 942 835 medio
976 783 1073 843 tui,
1128 783 1202 833 ait
1246 782 1505 838 Dominus
1556 799 1575 837 :
1608 786 1835 855 sciasque
1885 785 2022 854 quod

451 871 711 925 Dominus
751 872 1076 940 omnipotens
1124 871 1267 925 misit
1321 889 1400 926 me
1443 874 1512 926 ad
1543 884 1591 927 te
1637 874 1704 929 ⁸³.
1760 869 2022 936 Quisnam

452 975 633 1017 autem
670 964 871 1026 veniat,
922 961 1157 1017 Joannes
1213 980 1437 1033 Inagnus
1488 965 1798 1022 Servatoris
1851 968 2023 1021 nostri

455 1067 760 1122 prtecursor
795 1053 990 1106 clamet
1017 1072 1030 1107 ε
1060 1053 1153 1123 qui
1186 1054 1364 1108 missis
1396 1055 1607 1111 duobus
1640 1054 1925 1127 discipulis
1958 1057 2020 1109 ad

456 1143 901 1212 interrogandum
932 1143 1248 1199 Dominum:
1276 1146 1354 1200 Tu
1380 1163 1433 1200 es
1459 1147 1548 1215 qui
1575 1149 1737 1211 venis,
1766 1164 1836 1205 an
1859 1148 2023 1199 alium

454 1246 809 1302 exspectamus
857 1234 942 1288 “?
997 1250 1255 1304 responso
1316 1248 1560 1303 accepzo,
1613 1236 1828 1304 publice
1890 1236 2026 1289 dixit

454 1341 580 1380 eum
625 1341 749 1380 esse
779 1328 991 1395 Agnum
1038 1336 1092 1379 et
1138 1326 1335 1380 Filium
1377 1328 1464 1381 Dei
1503 1327 1570 1380 ⁸³.
1599 1327 1821 1393 Insuper
1854 1327 2024 1381 David

455 1431 674 1485 quoque
730 1418 801 1470 ita
856 1418 1137 1485 psallens:
1187 1416 1501 1472 Benedictus
1540 1421 1629 1485 qui
1661 1420 1794 1471 venit
1832 1419 1885 1471 in
1933 1433 2025 1470 ηο-

458 1508 599 1560 mine
665 1506 880 1578 Domini
935 1509 1001 1562 ".
1054 1507 1152 1561 llic
1202 1518 1379 1561 autem
1420 1509 1510 1575 qui
1564 1511 1712 1561 venit
1764 1509 2028 1562 Servatur

459 1598 693 1653 alumnis
750 1601 862 1655 Suis
910 1601 991 1655 sic
1043 1599 1285 1666 loquitur
1325 1619 1338 1653 :
1393 1597 1492 1651 Ubi
1519 1599 1625 1651 duo
1656 1610 1776 1652 sunt
1815 1600 1893 1652 uel
1924 1610 2026 1650 tres

438 1694 520 1761 ',in
542 1690 747 1744 nomine
766 1707 880 1744 meo
903 1691 1221 1759 congregati,
1248 1691 1321 1743 ibi
1346 1706 1460 1743 sum
1484 1691 1540 1742 in
1560 1690 1729 1742 medio
1756 1705 1934 1742 eorum
1958 1689 2026 1742 ⁵⁷.

461 1783 527 1833 Et
560 1799 574 1834 :
628 1779 901 1835 Vobiscum
937 1798 1053 1835 sum
1082 1781 1322 1835 omnibus
1368 1781 1551 1834 diebus
1593 1797 1752 1849 usque
1802 1782 1870 1834 ad
1901 1797 2029 1833 cou-

458 1874 867 1926 summatiouem
924 1872 1106 1927 seaculi
1156 1872 1224 1926 ⁸⁸.
1274 1870 1379 1926 Sed
1424 1882 1478 1926 et
1527 1871 1664 1925 alius
1732 1871 2032 1925 succlamet

1083 601 1255 653 sancti
1307 601 1407 653 viri
1446 604 1609 655 verba
1677 604 1963 658 audiamus
2001 622 2014 658 :
2048 605 2094 657 Δ

2204 607 2426 677 Ἐτέρου
2449 605 2558 659 τῶν
2585 603 2756 671 ἁγίων
2773 601 3024 669 λέγοντος
3046 595 3413 667 ἀκωσὼμεοα
3431 613 3444 625 ”
3476 596 3694 664 Τέρπου

2125 698 2220 751 καί
2252 696 2602 765 εὐφραίνου,
2635 695 2886 762 θύγατερ
2909 692 3084 759 Σιὼν,
3115 691 3265 745 διότι
3296 688 3427 773 ίδοὺ
3459 688 3696 757 ἔρχομαι

2122 790 2223 843 καί
2266 785 2717 854 κατασκηνώσω
2744 785 2813 838 ἐν
2855 785 3026 854 μέσῳ
3077 800 3217 847 σου,
3256 781 3419 851 λέγει
3448 780 3695 848 Κύριος-ο

2122 878 2723 947 καίσκαταερεύξονται
2771 876 2916 945 ἔθνη
2957 876 3158 930 πολλὰ
3189 874 3287 927 ἐπὶ
3333 873 3441 926 τὸν
3484 870 3697 938 Κύριον

2120 971 2194 1025 ἐν
2222 969 2393 1038 μέσῳ
2417 985 2555 1033 σου,
2614 965 2713 1021 καὶ
2763 966 3068 1035 ἐπιγνώσῃ
3101 963 3190 1017 ὅτι
3233 963 3448 1029 Κύριος
3481 974 3673 1013 παντο

2123 1061 2352 1131 κράτωρ
2412 1059 2760 1115 ἀπέσταλκέ
2826 1076 2921 1128 με.
2986 1058 3084 1121 Τίς
3151 1052 3244 1109 οὖν
3297 1055 3324 1107 6
3374 1053 3677 1122 ἐρχόμενος,

2137 1153 2388 1221 Ἰωάννης
2420 1153 2448 1204 6
2477 1151 2650 1221 μέγας
2672 1151 2702 1204 6
2736 1149 2832 1203 τοῦ
2875 1150 3130 1221 Σωτῆρος
3162 1145 3319 1216 ἡμῶν
3354 1143 3533 1214 βοάτω
3562 1143 3679 1214 πρός

2124 1242 2339 1312 δρόμος,
2377 1241 2705 1305 ἀποστείλας
2732 1240 2827 1294 δύο
2866 1240 2977 1294 τῶν
3030 1238 3291 1310 μαθητῶν
3347 1237 3438 1290 τὸν
3496 1234 3677 1306 Κύριοε

2127 1333 2346 1404 ἔρεσθαι
2370 1349 2380 1363 ’
2403 1332 2486 1385 Σὺ
2524 1329 2579 1385 εἶ
2603 1334 2636 1385 ό
2657 1332 2982 1400 ἐρχόμενος
3019 1330 3059 1399 ἢ
3103 1330 3309 1396 ἕτερον
3349 1325 3687 1394 προσδοκῶ·

2126 1440 2274 1493 per;
2314 1424 2409 1476 καὶ
2444 1422 2509 1475 δι’
2539 1417 2614 1474 ὧν
2639 1422 2845 1490 ἀκήκοε
2874 1419 3170 1491 κηρύσσων
3201 1416 3367 1470 αὐτὸν
3388 1415 3563 1484 ἀμνὸν
3601 1413 3681 1466 κα⁹

2129 1513 2254 1565 Υὶον
2277 1512 2433 1565 Θεοῦ.
2470 1512 2575 1565 Καὶ
2631 1512 2737 1582 μὴν
2764 1512 2859 1564 καὶ
2909 1508 3075 1563 Δαὸὶδ
3104 1511 3132 1562 6
3159 1508 3406 1575 ἀοίδιμος
3447 1503 3685 1574 ψάλλω-δ’

2126 1604 2543 1673 Εὐλογημένος
2559 1607 2591 1658 ό
2604 1602 2923 1671 ἐρχόμενος
2940 1603 3011 1654 ἐν
3026 1602 3268 1667 ὀνόματι
3286 1599 3525 1664 Κυρίου.
3541 1590 3689 1657 Οὗτος

2130 1698 2158 1748 6
2185 1695 2353 1748 ἐλθὼν
2372 1696 2581 1765 Σωτὴρ,
2606 1697 2717 1757 τοῖς
2751 1693 2982 1765 μύσταις
3011 1695 3132 1756 τοῖς
3159 1688 3326 1744 αὐτοῦ
3358 1689 3663 1756 διαλέγεται
3682 1700 3697 1715 ⁸

2133 1787 2325 1839 Ὅπου
2346 1785 2465 1839 εἰσὶ
2486 1784 2595 1838 δύο
2619 1784 2657 1852 ἣ
2692 1783 2849 1851 τρεῖς
2875 1781 3244 1852 συνηγμένοι
3263 1781 3332 1834 ἐν
3356 1779 3436 1845 τῷ
3461 1778 3704 1847 ὀνόματί

2128 1894 2265 1943 μου,
2287 1875 2415 1929 ἐκεῖ
2434 1878 2551 1943 είμι
2567 1874 2637 1928 ἐν
2653 1875 2821 1943 μέσῳ
2841 1871 3058 1927 αὐτῶν.
3087 1873 3217 1935 Καὶ,
3238 1870 3377 1924 Μεθ’
3405 1867 3569 1936 ὑμῶν
3588 1870 3703 1938 είμι

459 1965 722 2033 propheta
752 1982 765 2018 :
802 1963 1064 2018 Habitabo
1102 1980 1220 2018 cum
1254 1963 1317 2017 iis
1355 1973 1401 2017 et
1429 1963 1810 2025 inambulubo;
1839 1978 2030 2030 eraque

2139 1966 2332 2032 πάσας
2352 1968 2459 2031 τὰς
2477 1966 2696 2035 ἡμέρας
2716 1964 2826 2030 ἕως
2845 1964 2955 2031 τῆς
2969 1961 3330 2027 συντελείας
3347 1960 3453 2015 τοῦ
3469 1960 3697 2023 αίῶνος.

460 2054 589 2122 ipsis
607 2052 766 2116 Deus,
795 2063 844 2106 et
870 2054 972 2119 ipsi
993 2052 1156 2123 189
1174 2062 1325 2107 erunt
1344 2054 1471 2107 mihi
1487 2053 1709 2123 papulas
1731 2052 1874 2106 ".—
1896 2053 2035 2105 (.‘ou-

462 2143 662 2212 fugient
696 2145 935 2213 deinceps
1000 2157 1175 2215 gentes
1230 2144 1458 2210 multae,
1520 2146 1596 2198 ait
1655 2144 2031 2212 propheticum

463 2236 608 2289 aliud
643 2234 886 2303 ell‘atum,
916 2236 985 2289 ad
1033 2236 1318 2290 Dominum
1350 2234 1420 2290 ".
1484 2235 1838 2302 Quandonam
1886 2234 2036 2290 haec?

465 2326 599 2379 Sine
647 2325 813 2380 dubio
845 2342 966 2381 cum
1022 2328 1283 2381 adventus
1333 2327 1428 2382 Dei
1487 2337 1699 2396 tempus
1732 2328 1928 2393 aderit,
1983 2337 2038 2381 et

463 2417 840 2488 confugientes
858 2419 923 2472 ad
952 2433 1073 2474 eum
1104 2420 1424 2472 clamabunt
1451 2436 1464 2471 :
1496 2419 1742 2483 Domine,
1778 2419 2035 2488 refugium

465 2508 640 2579 factus
680 2524 734 2563 et
765 2508 920 2573 nobis
951 2510 1004 2562 in
1054 2512 1391 2578 generatione
1419 2518 1467 2562 et
1512 2512 1848 2579 generatione
1878 2511 1941 2562 5'.
1975 2510 2037 2563 lli

463 2602 724 2655 nimirum
781 2601 990 2655 Domini
1039 2601 1267 2668 populus
1326 2602 1526 2662 vocati,
1574 2603 1625 2654 in
1690 2602 1823 2655 urbe
1875 2600 2040 2655 Sione

464 2692 813 2756 habitabant,
845 2693 894 2744 id
919 2704 1004 2745 est
1038 2691 1285 2746 Ecclesia
1315 2710 1329 2759 ;
1358 2707 1478 2762 qua:
1499 2692 1734 2760 gaudere
1763 2708 1826 2746 ac
1871 2692 2039 2746 laetari

458 2781 704 2852 iubetur,
763 2782 891 2836 dum
959 2781 1192 2834 filiorum
1263 2797 1485 2836 suorum
1530 2782 1931 2836 multitudinem
1975 2797 2038 2835 ac

464 2890 750 2930 numerum
778 2886 973 2928 cuncta
1005 2876 1359 2929 excedentem
1394 2875 1645 2927 miratur.
1681 2874 1784 2927 His
1811 2889 2041 2928 consen-

463 2970 623 3013 tanea
658 2961 796 3014 alius
824 2974 1040 3029 quoque
1063 2962 1149 3014 vir
1176 2972 1401 3016 sanctus
1452 2974 1706 3030 tanquam
1734 2978 1800 3015 ex
1839 2962 2038 3016 Serva-

465 3049 602 3105 toris
655 3064 882 3119 persona
943 3050 1245 3106 clamabit:
1309 3050 1690 3120 anngelizare
1719 3055 2040 3121 pauperibus

470 3141 618 3193 misit
654 3157 734 3194 me
763 3143 832 3194 ⁸².
875 3140 1081 3196 Suadet
1110 3153 1292 3195 autem
1341 3144 1495 3196 nobis
1525 3158 1587 3196 ac
1638 3145 1913 3212 praedicat,
1950 3143 2039 3198 Dei

466 3232 665 3287 Filium
697 3249 762 3287 ac
788 3233 959 3289 Deum
997 3234 1137 3286 mitti
1170 3249 1198 3286 a
1239 3233 1405 3289 Patre
1444 3236 1814 3302 dispensative
1848 3251 2040 3291 secun-

467 3325 594 3378 dum
620 3325 1030 3381 humanitatem.
1059 3325 1269 3379 Etenim
1299 3327 1529 3394 primum
1552 3327 1854 3396 apostolum
1876 3336 2038 3398 atque

469 3415 782 3483 pontiﬁcem
810 3415 1168 3471 confessionis
1201 3426 1411 3472 nostrae
1455 3419 1599 3471 hunc
1632 3418 1812 3485 ipsutn
1867 3434 2038 3489 agno-

468 3508 574 3561 scit
603 3520 782 3562 sermo
812 3507 1140 3573 apostolicus
1169 3507 1237 3574 ⁸⁸,
1269 3522 1461 3576 nempe
1480 3509 1623 3577 quod
1653 3510 1718 3563 ad
1750 3521 2040 3578 pereuntes

467 3612 597 3652 oves
632 3601 826 3652 domus
849 3598 1062 3653 Israelis
1086 3599 1281 3653 missus
1320 3601 1388 3654 sit
1418 3599 1485 3654 ⁸⁸.
1514 3600 1619 3655 Sed
1649 3600 1779 3670 quia
1815 3604 2039 3658 missmn

468 3689 884 3759 Rcdemptorem
921 3706 985 3747 ac
1029 3690 1429 3746 benefactorem
1485 3707 1662 3762 neque
1697 3705 2042 3763 agnoverunt

471 3797 646 3852 neque
674 3792 1017 3851 receperunt,
1045 3784 1249 3840 idcirco
1291 3784 1356 3838 ad
1412 3792 1601 3855 gentes
1636 3788 1929 3843 mittuntur
1961 3788 2043 3843 di-

468 3876 705 3945 scipuli;
751 3888 916 3946 atque
955 3878 1082 3932 hinc
1125 3877 1322 3932 divinae
1367 3879 1576 3933 notitiae
1616 3880 1780 3947 jnbar
1836 3882 2040 3936 mundo

469 3966 752 4035 illucescit,
786 3983 848 4022 ac
876 3984 1037 4036 porro
1062 3970 1361 4025 desinimus
1390 3972 1574 4024 mundi
1598 3972 1882 4027 elementis
1903 3975 2034 4027 sub-

466 4072 609 4124 esse,
665 4068 826 4129 atque
874 4060 1206 4117 daemoniaca
1248 4063 1605 4130 oppressione
1672 4064 2040 4119 sublevamur.

467 4149 798 4207 Obstruatur
831 4152 995 4219 igitur
1031 4168 1193 4206 onme
1213 4167 1298 4216 os,
1328 4154 1469 4218 quod
1519 4154 1758 4223 loquitur
1780 4156 2042 4211 adversus

470 4243 640 4298 Deum
675 4244 1034 4312 iniquitatem.
1098 4241 1153 4296 Si
1214 4243 1358 4296 enim
1403 4243 1683 4311 loquentes
1732 4246 1784 4299 in
1837 4246 2040 4316 Spiritu

466 4335 760 4402 prophetas
804 4332 1187 4403 apostolosque
1239 4332 1527 4401 repellunt,
1598 4336 1758 4405 plane
1825 4349 2038 4395 constat

471 4425 619 4478 illum
645 4439 859 4493 quoque
889 4437 1047 4493 quem
1070 4426 1123 4478 hi
1154 4425 1528 4491 evangelizant
1551 4428 1618 4481 ab
1640 4429 1707 4482 iis
1733 4432 2003 4499 repudiari
2026 4450 2042 4501 ;

468 4519 615 4585 quod
650 4517 813 4585 impie
841 4532 1069 4585 prorsus
1122 4518 1189 4573 ab
1227 4518 1358 4587 ipsis
1408 4518 1524 4574 ﬁeri
1563 4532 1905 4590 compertum
1933 4534 2036 4579 est.

2135 2058 2246 2110 Καὶ
2289 2057 2352 2127 δὴ
2384 2056 2481 2111 καὶ
2528 2056 2685 2119 ἀλλος
2753 2053 3097 2123 ἐπιφωνείτω
3143 2053 3465 2122 προφήτης·
3524 2050 3703 2103 Ἐνοι-

2135 2148 2304 2213 κήσω
2330 2149 2399 2201 ἐν
2444 2145 2647 2213 αὐτοῖς
2673 2147 2771 2200 καὶ
2812 2142 3271 2214 ὲμπεριπατήσω
3296 2158 3310 2171 ’
3353 2142 3450 2196 καί
3491 2141 3702 2208 ἔσομαι

2135 2238 2341 2303 αὐτοῖς
2385 2238 2564 2303 Θεὸς,
2601 2236 2699 2291 καί
2750 2236 2918 2290 αὐτοὶ
2962 2234 3212 2288 ἔσονταί
3252 2251 3356 2302 μοι
3416 2235 3503 2297 εὶς
3529 2231 3699 2286 λαόν.

2137 2329 2623 2397 Καταρεύξεσθαι
2644 2326 2861 2381 λοιπὸν
2879 2327 3022 2391 ἔθνη
3066 2324 3288 2387 πολλὰ,
3322 2324 3482 2393 φησὶν
3507 2324 3539 2391 ὴ
3572 2337 3699 2390 προ-

2139 2419 2342 2488 φητικὴ
2371 2420 2552 2488 ῥῆσις.
2586 2416 2683 2469 ἐπὶ
2708 2416 2813 2469 τὸν
2849 2416 3084 2483 Κύριον.
3110 2414 3247 2467 Πότε
3267 2414 3473 2478 ταῦτα;
3495 2407 3571 2464 Ἦ
3600 2427 3702 2480 φα-

2139 2509 2315 2580 νερδν.
2355 2508 2429 2572 ὡς
2469 2509 2558 2561 ὅτε
2587 2507 2616 2558 ὁ
2646 2507 2744 2577 τῆς
2781 2506 3101 2576 θεοφανείας
3130 2505 3338 2574 ἐπέστη
3370 2502 3581 2575 καιρὸς,
3613 2503 3710 2555 καὶ

2138 2604 2186 2656 ol
2206 2599 2685 2669 καταπεφευγότες
2713 2598 2997 2668 κράζουσιο
3026 2598 3225 2664 Κύριε,
3253 2593 3571 2664 καταφυγὴ
3592 2593 3714 2663 ἐγε-

2138 2691 2329 2759 νήθης
2359 2690 2501 2760 ἡμῖν
2519 2691 2586 2743 ἐν
2605 2688 2773 2759 γενεᾷ
2808 2690 2899 2742 καί
2926 2686 3123 2757 γενεᾷ.
3154 2681 3316 2741 Οὗτοι
3350 2686 3479 2747 λαὸς
3504 2685 3708 2755 Κυρίου

2141 2784 2487 2853 κεκλημένοι,
2528 2780 2962 2849 κατασκηνοῦσιν
2996 2781 3053 2830 ὲν
3100 2781 3165 2847 τῇ
3200 2776 3360 2841 Σιὼν,
3390 2776 3709 2847 τῇἙκκλη-

2145 2874 2234 2944 σίᾳ
2266 2872 2438 2942 δήπου
2460 2888 2475 2902 ο
2505 2872 2539 2939 ἢ
2566 2870 2659 2923 καὶ
2682 2868 2985 2939 τέρπεσθαι
3005 2868 3100 2921 καί
3124 2865 3514 2937 εὐφραίνεσθαι
3543 2879 3713 2934 προσ-

2141 2965 2430 3023 τάττεται,
2492 2961 2890 3029 καταθεωμένη
2950 2958 3060 3012 τῶν
3120 2960 3322 3027 ἑαυτῆς
3392 2958 3599 3010 τέκνων
3655 2960 3717 3008 τὸ

2143 3056 2471 3128 παμπληθὲς
2492 3057 2584 3109 καὶ
2610 3054 2844 3126 ἀριθμὸν
2877 3054 3290 3123 ὑπερεκπῖπτον
3321 3053 3561 3107 ἅπαντα.
3581 3049 3718 3103 Toti-

2142 3166 2256 3211 τοις
2285 3148 2551 3201 ἀκόλουθα
2594 3146 2828 3200 καὶτῶν
2878 3144 3047 3213 ἁγίων
3092 3144 3277 3217 ἕτερος
3322 3145 3387 3196 ὲκ
3420 3141 3718 3213 προσώπου

2146 3239 2238 3294 τοῦ
2264 3239 2518 3309 Σωτῆρος
2541 3238 2889 3309 κεκράξεται’
2907 3235 3429 3305 Εὑαγτελίσαοθαι
3461 3230 3719 3302 πτωχοῖς

2144 3327 2492 3384 ἀπέσταλκέ
2525 3345 2622 3397 με.
2650 3325 2978 3380 Πιστεύεται
2998 3325 3054 3378 δὲ
3078 3324 3205 3396 παρ’
3233 3326 3364 3395 ἡμῖν
3390 3326 3486 3377 καὶ
3506 3319 3721 3393 κηρύσ-

2144 3437 2318 3484 σεται,
2349 3420 2431 3472 ὃτι
2456 3436 2562 3490 περ
2590 3421 2619 3472 6
2640 3419 2734 3471 τοῦ
2761 3416 2897 3471 Θεοῦ
2947 3417 3076 3481 Υἱὸς
3121 3417 3217 3469 καὶ
3250 3415 3384 3478 Θεὸς
3440 3413 3593 3482 παρὰ
3624 3410 3720 3466 τοῦ

2144 3511 2356 3582 Πατρὸς
2378 3509 2770 3563 ἀποστέλλεται
2801 3507 3162 3578 οἰκονομικῶς
3184 3549 3198 3572 ,
3228 3507 3371 3559 κατά
3402 3504 3465 3557 τὸ
3495 3502 3714 3574 ἀνθρὼο

2144 3618 2299 3655 πινον
2317 3616 2332 3631 ο
2354 3601 2569 3671 πρῶτον
2600 3600 2706 3670 γὰρ
2731 3599 3032 3653 ἀπόστολον
3053 3598 3149 3650 καὶ
3174 3595 3438 3668 ἀρχιερέα
3461 3594 3562 3664 τῆς
3584 3597 3718 3663 ὀμο-

2142 3693 2330 3762 λογίας
2367 3692 2523 3762 ἡμῶν
2570 3690 2734 3743 αὐτὸν
2761 3693 2789 3745 6
2834 3690 3192 3753 ἀποστολικδς
3215 3688 3509 3742 ἐπίσταται
3537 3687 3721 3752 λόγος,

2140 3789 2203 3852 ὂς
2240 3787 2524 3857 ἀπεστάλη
2557 3788 2655 3857 μὲν
2685 3788 2778 3842 ἐπὶ
2805 3785 2874 3839 τὰ
2926 3783 3245 3840 ἀπολωλότα
3290 3782 3543 3854 πρόϐατα
3572 3781 3727 3836 οἴκου

2156 3882 2399 3952 Ἰσραήλ.
2431 3878 2575 3933 Ἀλλ’
2626 3877 2818 3950 ἐπειδὴ
2863 3877 2954 3931 τὸν
2993 3875 3404 3944 ἀπεσταλμένον
3434 3874 3724 3945 λυτρωτὴν

2144 3976 2240 4027 καὶ
2273 3973 2568 4043 εὐεργέτην
2595 3971 2719 4025 οὔτε
2750 3970 3068 4038 ἐπέγνωσαν
3097 3967 3219 4021 οὔτε
3247 3966 3516 4031 ἐδέξαντο,
3550 3965 3729 4038 ταύτῃ

2143 4083 2226 4119 τοι
2249 4065 2342 4118 ἐπὶ¹
2371 4065 2440 4118 τὰ
2465 4063 2592 4134 ἔθνη
2621 4064 2671 4116 οἱ
2710 4060 2954 4132 μαθηταὶ
2982 4059 3407 4114 ἀποστέλλονται
3431 4076 3446 4091 ·
3492 4055 3729 4111 κάντεῦ-

2143 4156 2234 4208 οεν
2258 4154 2318 4207 τό
2338 4154 2436 4223 τῆς
2462 4151 2791 4220 θεογνωσίας
2818 4150 2934 4219 φῶς
2954 4150 3257 4219 ἐπιλάμπει
3280 4149 3358 4219 τῷ
3380 4150 3601 4217 κόσμῳ,
3632 4145 3735 4198 καὶ

2143 4247 2239 4302 τοῦ
2269 4244 2600 4316 ὐπεζεῦχθαι
2645 4246 2761 4308 τοῖς
2807 4243 2902 4296 τοῦ
2940 4242 3149 4312 κόσμου
3208 4239 3499 4310 στοιχείοις
3552 4237 3737 4307 ἁπηλο

2143 4335 2414 4407 λάγμεθα,
2452 4335 2549 4388 καὶ
2583 4334 2761 4404 πάσης
2793 4332 3119 4402 δαιμονικῆς
3149 4330 3433 4397 ἐνεργείας
3454 4326 3735 4395 λελυτρώ-

2148 4429 2307 4499 μεοα.
2337 4428 2548 4482 Οὐκοῦν
2597 4425 2996 4497 ἐμφραττὲσθω
3046 4424 3153 4477 πᾶν
3203 4422 3381 4492 στόμα
3445 4421 3591 4475 κατά
3634 4418 3732 4473 τοῦ

2146 4520 2283 4574 Θεοῦ
2314 4519 2510 4575 λαλοῦν
2564 4518 2775 4572 ἀδικίαν
2796 4532 2809 4546 ⁸
2844 4506 3022 4585 είγάρ
3059 4516 3188 4578 τοὺς
3217 4515 3277 4567 ὲν
3308 4511 3595 4583 Πνεῦματι
3635 4512 3737 4564 λα-
3776 4528 3800 4547 έ

470 4609 579 4663 Sed
626 4625 691 4664 ne
732 4612 905 4680 ipsum
959 4610 1179 4680 quidem
1235 4613 1538 4667 mittentem
1607 4614 1773 4667 Deum
1823 4614 2033 4670 Patrem

2148 4610 2376 4673 λοῦντας
2400 4611 2685 4681 προφήτας
2707 4607 3015 4662 ἀναίνονται
3050 4608 3145 4659 καὶ
3173 4603 3532 4668 ἀποστόλους,
3562 4602 3734 4656 παντί

470 4699 766 4754 immunem
805 4713 925 4755 esse
951 4699 1156 4766 sinunt,
1185 4701 1251 4754 ad
1299 4716 1457 4770 quem
1491 4717 1662 4771 usque
1714 4704 1875 4758 stulta
1914 4705 2035 4759 illo-

471 4804 592 4845 rum
624 4791 893 4845 calumnia
939 4803 1216 4859 permeat;
1257 4793 1411 4862 quasi
1459 4793 1506 4848 is
1562 4794 1875 4849 missionem
1918 4812 1947 4847 a
1979 4809 2037 4851 se

468 4881 744 4937 decretam
800 4882 1013 4936 inﬁrma
1069 4883 1276 4936 ratione
1327 4884 1580 4953 gesserit,
1643 4885 2032 4954 antiquumque

464 4971 599 5030 illud
626 4989 690 5028 ac
715 4988 895 5029 verum
929 4973 1211 5029 consilium
1235 4989 1451 5030 cassum
1478 4977 1735 5039 evaserit,
1766 4975 2033 5044 siquidem

466 5070 607 5124 nihil
641 5069 847 5137 uspiam
878 5068 1143 5137 perlicere
1182 5068 1359 5136 magni
1415 5068 1626 5123 consilii
1664 5069 1888 5138 angelus
1934 5084 2026 5120 Va—

468 5159 651 5216 luerit.
689 5161 852 5228 Atqui
892 5160 943 5213 in
999 5158 1446 5214 refractariorum
1487 5168 1651 5228 caput
1700 5159 2035 5227 blaSpltemia

471 5254 695 5308 recidat.
727 5249 793 5304 Et
837 5252 879 5305 si
912 5251 1073 5304 alium
1110 5249 1246 5305 forte
1274 5259 1591 5318 exspectant
1626 5248 2039 5317 Redemptorem

470 5346 608 5416 (lucc
640 5355 723 5399 est
748 5345 891 5398 extim
933 5345 1145 5399 illorum
1189 5343 1409 5414 elegans
1430 5350 1485 5397 et
1529 5340 1787 5409 prmclara
1824 5350 2043 5394 senten-

542 5555 587 5586 "
626 5552 791 5606 Zarh.
827 5570 882 5611 ιι,
920 5554 998 5607 l0.
1080 5553 1126 5584 “
1169 5553 1354 5606 Matth.
1386 5568 1460 5613 XI,
1492 5551 1544 5603 5.
1624 5549 1670 5581 ⁸⁵
1705 5547 1859 5604 Joan.
1898 5565 1938 5607 ι.
1970 5549 2055 5603 56.
2135 5549 2180 5579 νδ
2225 5546 2361 5600 Ιύιιί.
2405 5561 2573 5605 cun,
2615 5544 2703 5597 Eii.

545 5624 783 5671 no.9“.
861 5622 907 5654 ⁸⁸
1018 5617 1185 5671 Zach.
1228 5634 1284 5671 ιι.
1334 5616 1419 5671 10.
1498 5620 1541 5652 ⁵ο
1583 5617 1749 5671 Zach.
1779 5635 1836 5671 ιι.
1876 5620 1959 5671 ll.
2033 5621 2075 5652 "
2119 5616 2258 5671 Psal.
2294 5630 2515 5671 Lxxm.
2556 5618 2606 5669 1.

2162 5630 2258 5673 sal.
2294 5630 2515 5682 Lxxm,
2556 5630 2606 5669 1.

472 5639 667 5678 axx-tit.
694 5624 783 5679 9t).
861 5622 907 5654 ”

472 5693 519 5725 ”
555 5692 744 5747 Matth.
773 5707 859 5757 λγ,
885 5695 971 5749 9-4.

1018 5617 1185 5672 Zach.
1228 5634 1284 5681 ιι,
1334 5616 1419 5675 10.
1498 5620 1541 5652 ⁵ο
1583 5617 1749 5674 Zaclt.
1779 5635 1836 5683 ll,
1876 5620 1959 5673 11.

2143 4718 2246 4755 που
2281 4701 2463 4771 δῆλον,
2493 4701 2567 4764 ὡς
2590 4700 2683 4754 τὸν
2712 4700 3199 4770 εὐαγγελιζόμενον
3234 4697 3364 4768 παρ’
3387 4694 3575 4749 αὐτῶν
3605 4694 3741 4747 ἀθε-

2143 4790 2349 4853 τοῦσιν,
2384 4788 2414 4843 ὃ
2442 4789 2505 4861 δὴ
2533 4790 2631 4842 καὶ
2676 4789 2915 4858 δρῶντες
2967 4790 3202 4850 ἀνοσίως
3245 4786 3509 4856 ἄντικρυς
3566 4801 3744 4837 κατα-

2144 4881 2459 4950 φαίνονται·
2509 4880 2625 4934 ἀλλ’
2655 4880 2765 4934 οὐδ’
2798 4878 2863 4934 ἂν
2913 4882 3006 4933 τὸν
3061 4877 3464 4932 ἀποστείλαντα
3508 4877 3741 4945 Πατέρα

2144 4973 2237 5026 καὶ
2264 4973 2396 5028 Θεὸν
2433 4972 2816 5027 ἀκαταιτίατον
2844 4972 3223 5026 καταλίποιεψ
3258 4969 3442 5022 ἐλάσει
3476 4968 3591 5038 γὰρ
3636 4967 3738 5019 καὶ

2148 5065 2226 5126 εἰς
2262 5062 2424 5116 αὐτὸν
2451 5062 2521 5115 τὰ
2548 5062 2644 5132 τῆς
2670 5061 2983 5132 δυσφημίας
3012 5058 3302 5129 παράλογα
3326 5074 3341 5088 ·
3366 5057 3449 5108 ὅτι
3482 5074 3543 5109 τε
3571 5053 3742 5124 ἠσθε-

2150 5153 2330 5223 νηκὼς
2361 5153 2483 5205 κατ’
2505 5152 2701 5215 αὐτοὺς
2727 5153 2853 5222 περὶ
2874 5153 2974 5220 τὴν
3008 5149 3145 5202 ἰδίαν
3172 5146 3479 5214 ἀποστολὴν
3522 5146 3741 5199 δείκνυε

2151 5264 2277 5300 ται·
2336 5248 2427 5298 καὶ
2465 5247 2812 5314 κατήργητκί
2846 5262 2904 5311 γε
2954 5246 3020 5313 ἣν
3076 5242 3431 5311 βεϐούλευται
3492 5238 3740 5310 ἀρχαίαν

2152 5338 2245 5390 καὶ
2284 5336 2542 5407 ἀληθινὴν
2572 5335 2784 5404 some,
2812 5336 2973 5403 ἡνίκα
3006 5333 3157 5386 οὐδὲν
3213 5329 3520 5401 οὐδαμόθεν
3562 5332 3740 5382 ἐκπε-

2786 5542 2827 5572 ιτ
2875 5540 3063 5594 Matth.
3103 5554 3253 5603 mu,
3291 5537 3380 5591 ιο.
3466 5536 3512 5566 ιε
3542 5530 3743 5603 Matth.

2730 5614 2775 5645 "
2816 5610 2920 5665 lsa.
2960 5625 3075 5677 LXI,
3110 5610 3157 5663 l.
3242 5600 3313 5640 '”
3354 5605 3522 5662 llebr.
3552 5617 3640 5668 ιιι.
3676 5600 3735 5658 1.
