3918 6152
209 473 422 545 ραένςιν
447 464 561 534 οἷός
586 471 647 525 τε
673 470 892 542 ἐγένετο
920 475 949 527 ὀ
971 475 1073 545 τῆς
1114 479 1358 547 μεγάλης
1405 480 1602 552 βουλῆς
1628 482 1795 550 ἅγγε-

207 562 335 627 λοςο
364 564 461 617 ἐπὶ
489 563 547 617 δὲ
576 563 675 629 τὰς
718 565 966 634 κεφαλὰς
1019 567 1129 620 τῶν
1180 568 1520 625 ἀθετοῦντων
1563 573 1633 625 τὸ
1670 572 1795 643 βλά-

207 668 430 723 σφημον
453 671 467 684 ·
500 654 596 707 καὶ
620 654 674 706 εί
710 661 812 707 που
846 655 1033 726 ἕτερον
1077 658 1421 728 προσδοκῶσι
1469 658 1786 730 Λυτρωτὴν,

204 742 525 819 τοῖἰτοαγὰρ⁴
548 745 729 798 αὐτῶν
771 746 1079 818 τὸικομψὺν
1108 748 1200 802 καὶ
1228 750 1438 821 χαρίεν,
1475 751 1611 822 μετὰ
1656 753 1791 805 ἰου-

203 834 381 889 δαίων
428 836 746 903 τετάξονται
772 854 787 870 ο
846 838 900 892 τί
950 841 1060 912 γὰρ
1114 840 1319 895 τούτων
1370 841 1691 909 διοίσουσιν;
1742 843 1792 895 εί

1068 358 1640 443 APOLOGETICUS
1678 373 1827 433 PRO
1864 373 2131 434 SACBIS
2172 369 2649 433 macmeus.

1904 484 2023 550 tia),
2063 468 2115 537 hi
2144 496 2266 536 cum
2303 479 2505 535 Iudaeis
2554 478 2911 534 collocentur.
2963 474 3073 530 Cur
3104 474 3248 530 enim
3281 476 3350 529 ab
3389 476 3475 530 his

1901 569 2183 625 diti‘eraut?
2236 570 2281 626 si
2311 579 2460 625 certe
2490 573 2633 623 hunc
2661 567 2751 636 qui
2787 566 2938 623 venit
2977 565 3126 620 nullo
3177 566 3339 622 modo
3370 566 3473 619 ho-
3526 602 3535 612 .

1902 672 2123 728 norant,
2162 676 2334 730 neque
2366 674 2557 730 reapse
2584 659 2898 723 advenisse,
2944 673 3122 727 neque
3158 658 3501 713 hominibus.

1900 752 2171 822 profuisse
2189 761 2402 820 putant.
2442 750 2521 804 Ad
2556 765 2720 803 unmn
2761 750 2906 802 enim
2965 751 3324 820 eumdemque
3361 760 3474 802 ter-

1901 843 2105 896 minum
2141 841 2488 911 hlaspliemiw
2524 839 2684 908 hujus
2714 840 2931 893 vesania
2962 842 3157 909 pergit.

208 929 443 999 μηδαμῆ
479 930 746 1000 μηδαμῶς
815 932 910 985 τὸν
947 933 1244 1004 ἐληλυθότα
1305 935 1642 1004 δοξάζουσιν,
1671 937 1705 1009 ἢ
1733 938 2088 1007 ἐπιφανέντα,
2159 935 2293 1008 μηδὲ
2362 935 2684 1007 ἀνθρώπους
2713 934 2885 988 ὀνίναι
2916 951 2929 964 ·
2966 935 3099 1005 πρὸς
3129 934 3189 987 ἒν
3217 934 3326 1008 γάρ
3381 934 3479 990 καὶ

209 1022 277 1076 τὸ
304 1022 444 1078 αὐτὸ
471 1024 571 1096 τῆς
602 1025 953 1097 βλασφημίας
976 1031 1349 1100 καταστρέφει
1377 1032 1438 1084 τὸ
1467 1033 1689 1099 ἄτοπον.

280 1123 387 1188 λζ’.
427 1126 569 1195 Ἀγε
587 1125 652 1197 δή
690 1144 804 1197 μοι,
829 1121 873 1181 ὧ
906 1129 1205 1199 προφητῶν
1233 1130 1424 1202 ἄριστε
1457 1131 1554 1187 καὶ⁹
1586 1122 1803 1201 μακάρ-

205 1233 368 1281 τατε,
399 1216 498 1270 καὶ
545 1215 642 1270 νῦν
689 1217 1056 1289 θεοκλυτήσας
1112 1222 1269 1291 τορόν
1315 1238 1367 1273 τι
1431 1223 1527 1277 καὶ
1578 1221 1803 1290 γεγονὸς

209 1304 490 1377 ὲμόόησον
508 1322 523 1337 ⁸
550 1306 831 1377 ἀνάκραγε
851 1306 907 1359 δὲ
932 1307 1277 1379 διαπρύσιον,
1308 1310 1361 1361 τί
1386 1325 1467 1361 σοι
1494 1309 1554 1362 τὸ
1579 1308 1804 1380 Πνεῦμα

209 1397 449 1470 ὲνηχοῦν
493 1398 701 1454 ἄνωθεν
749 1399 1141 1470 προθεσπίζειν
1168 1399 1577 1454 διακελεύεται.
1623 1401 1803 1471 Φράζε

208 1488 271 1542 δέ
303 1506 418 1560 μοι,
450 1489 542 1543 καὶ
562 1489 655 1542 τόν
687 1505 751 1558 γε
779 1489 938 1559 λόγον
967 1490 1270 1561 θεοφρόνως
1292 1490 1522 1561 ἀγόρευε
1548 1507 1562 1521 ·
1595 1492 1796 1561 φήσαις

207 1576 260 1631 δ’
299 1578 390 1643 ἂν,
414 1574 476 1632 εὖ
505 1574 644 1642 οἶδα,
682 1577 755 1632 τὰ
802 1578 924 1633 θεῖα
975 1579 1292 1650 θεσπιῳδῶν
1318 1598 1332 1610 ·
1364 1580 1579 1634 Ἔσται
1603 1580 1675 1634 ἐν
1722 1578 1798 1648 τῇ

211 1668 409 1738 ἡμέρᾳ
436 1669 662 1740 ἐκείνῃ,
694 1670 844 1738 λέγει
885 1671 1092 1742 Κύριος
1138 1671 1557 1743 παντοκράτωρ,
1589 1672 1799 1737 ἐξολο-

213 1762 452 1874 aperiam
468 1761 553 1874 1rd
590 1764 856 1832 ὀνόματα
905 1762 1025 1863 ἷῶν
1078 1763 1342 1820 εἰδώλων
1370 1765 1491 1819 ἀπὸ
1526 1764 1636 1835 τῆς
1662 1764 1796 1835 τῆς,
1835 1811 1875 1865 Β

213 1853 317 1907 καί
346 1851 545 1907 οὐκέτι
577 1854 752 1908 ἔσται
790 1852 991 1908 αὐτῶν
1014 1855 1212 1923 μνεία.
1281 1856 1444 1911 Ἀλλὰ
1476 1858 1559 1910 σοὶ
1589 1857 1712 1927 μὲν,
1753 1851 1799 1911 ὧ

217 1944 474 2016 θεηγὸρε,
508 1946 708 2017 ῥᾷστον
772 1946 867 1999 καὶ
906 1946 1183 2018 μυηθῆναι
1223 1948 1398 2001 ταῦτα
1447 1948 1598 2018 παρὰ
1639 1948 1797 2015 Θεοῦ,

217 2035 319 2090 ἅτε
344 2036 744 2108 κεκαθαρμένῳ
775 2036 1050 2107 καὶσῶμα
1078 2039 1172 2093 καὶ
1212 2038 1391 2111 ψυχὴν
1423 2041 1516 2093 καῖ
1538 2040 1798 2105 διάνοιαν,

219 2130 404 2194 ἄλλοις
426 2147 485 2184 τε
508 2130 765 2202 κηρύξαι,
791 2132 886 2187 καὶ
904 2134 1024 2197 ταῖς
1052 2133 1346 2203 μετέπειτα
1376 2136 1589 2203 γενεαῖς
1611 2135 1798 2207 Γραφῇ

219 2221 590 2294 παραδοῦναι,
621 2222 730 2276 τῶν
789 2224 1338 2294 μυσταγωγουμένων
1367 2225 1429 2278 τὸ
1481 2224 1679 2296 ἀληθὲς
1709 2228 1804 2279 καὶ

218 2313 603 2369 εὐκάτοπτονο
662 2315 813 2385 ἡμᾶς
847 2314 904 2368 δὲ
954 2316 1190 2371 ἐνταῦθα
1249 2318 1593 2387 γενομένους,
1636 2318 1801 2390 πολλή

219 2420 332 2468 τις,
381 2402 546 2466 ὡς,τὸ
583 2404 753 2469 εἰκὸς,
788 2405 821 2475 ἠ
858 2405 1065 2476 ἀπορία
1119 2406 1215 2459 τοῦ
1273 2406 1429 2476 λόγου
1469 2410 1804 2479 περιστοιχί-

223 2493 405 2558 ζεται,
440 2493 492 2546 τί
548 2493 813 2564 πρότερον
866 2494 1061 2559 είπείν,
1098 2495 1153 2547 τί
1177 2493 1232 2548 δὲ
1266 2497 1346 2559 είς
1384 2496 1446 2549 τὸ
1483 2496 1676 2551 ἔπειτα
1706 2515 1806 2551 πα-

228 2580 505 2652 ραλιπεῖν.
535 2579 602 2634 Τί
630 2581 739 2653 γὰρ
777 2581 842 2652 δὴ
868 2583 1003 2651 πρὸς
1047 2582 1223 2637 ταῦτα
1249 2587 1342 2637 καὶ
1386 2584 1802 2656 φθεγξαίμεθας

222 2670 315 2732 τίς
344 2670 529 2733 ἱκανὸς
575 2670 666 2722 ἐπὶ
708 2672 821 2733 τοῖς
846 2672 1230 2741 προκειμένοις
1276 2672 1455 2740 λόγοις
1498 2674 1593 2727 τοῦ
1632 2674 1805 2728 Ilvati-

230 2774 428 2829 ματος,
460 2757 495 2828 ἦ
541 2758 639 2827 τῆς
665 2756 925 2828 ἀληθείας
955 2758 1118 2824 ἀξίως
1146 2759 1456 2829 ἀνυμνῆσαι
1499 2758 1560 2811 τὸ
1585 2760 1805 2831 ἀπαρά-

227 2866 481 2920 γραπτον
529 2849 626 2904 καὶ
669 2850 991 2920 ἀπρόσιτον,
1034 2849 1067 2920 ἢ
1106 2848 1209 2920 τῆς
1264 2850 1567 2920 σαφηνείας
1622 2868 1805 2921 παρα-

231 2942 434 3013 στῆσαι
455 2943 515 2995 τδ
548 2942 793 3012 καθαρὸν
815 2943 911 2997 καὶ
935 2943 1401 3014 εἰλικρινέστατον
1423 2960 1438 3011 ;
1467 2945 1551 3007 τίς
1585 2943 1642 2997 δὲ
1665 2945 1806 2998 κατὰ

227 3032 399 3105 χρέος
430 3033 541 3086 τῶν
567 3033 912 3089 άθετούντων
939 3034 1292 3105 στηλιτεῦσαι
1325 3035 1388 3089 τὸ
1414 3035 1681 3089 ἀσύνετον
1706 3037 1804 3090 καὶ

229 3125 503 3216 ἁνόητον;
539 3125 595 3178 τί
617 3125 724 3197 γὰρ
751 3125 956 3179 τούτων
993 3127 1104 3216 τῶν
1153 3126 1329 3196 λόγων
1362 3127 1744 3199 φανερώτερον
1772 3128 1806 3197 ἢ
1838 3159 1880 3216 c

229 3215 709 3286 τηλαυγέστερον;
739 3217 792 3269 τί
824 3217 881 3270 δὲ
920 3214 1355 3288 εὐθυεπέστερον
1381 3217 1413 3287 ἢ
1451 3216 1811 3286 ἀξιολογώτε-

234 3323 372 3378 ρον;
406 3290 595 3359 Ταῦτα
629 3306 724 3359 καὶ
753 3305 862 3359 τῶν
897 3305 1051 3382 ἡλίου
1086 3306 1469 3376 μαρμαρυγῶν
1495 3306 1811 3377 λαμπρότε-

235 3410 333 3467 ρον
380 3395 837 3463 ἀποστίλϐουςινο
895 3395 1051 3449 οὐδὲν
1108 3394 1349 3449 ἐνταῦθα
1409 3396 1595 3467 δεήσει
1634 3397 1813 3467 λόγων

234 3488 654 3560 ἑρμηνευτικῶν
714 3489 973 3561 περιόδου
1014 3490 1255 3559 μακρᾶς,
1292 3489 1354 3542 οὐ
1406 3490 1507 3560 τῆς
1541 3492 1600 3543 ὲν
1659 3491 1812 3560 βάθει

235 3579 503 3650 κειμένης
557 3579 795 3643 διανοίας
872 3580 1167 3651 ὲξερευνᾷν
1230 3580 1539 3652 περιέργως
1578 3571 1674 3633 καὶ
1724 3583 1815 3634 ἀν-

242 3668 477 3742 ιχνεύειν
514 3669 576 3724 τδ
626 3669 1136 3741 ὲπικεκαλυμμένον
1165 3670 1259 3723 καὶ
1310 3668 1704 3741 ἀδιάρθρωτον,
1754 3671 1813 3723 οὐ

241 3763 642 3835 μεταφράσεώς
691 3780 834 3827 τινος
896 3763 985 3816 διὰ
1029 3761 1246 3816 κύκλων
1311 3760 1541 3833 μακρῶν
1590 3763 1816 3831 ἐκπερι-

238 3854 475 3925 θεούσης
521 3853 617 3907 καὶ
659 3852 1000 3922 ὲξαπλούσης
1031 3853 1093 3905 τὸ
1130 3851 1438 3922 γριφοειδὲς
1483 3839 1578 3905 καὶ
1636 3852 1819 3904 ἐπικεα

239 3945 563 4018 κρυμμένον
587 3946 714 4008 ταῖς.
733 3943 962 4009 λέξεσιν,
996 3943 1118 3997 οὐδὲ
1162 3942 1513 4013 κατασκευῆς
1559 3943 1655 3996 καὶ
1688 3959 1819 3996 συν-

239 4040 448 4104 θέσεως
502 4041 762 4111 ῥημάτων
805 4041 944 4111 πρὺς
993 4040 1268 4107 ἀπόδειξιν
1320 4040 1429 4095 τῶν
1480 4041 1820 4113 ἔγκειμένων

245 4132 701 4202 ἐπινενοημένης.
735 4131 810 4184 Τὸ
846 4132 956 4203 γὰρ
982 4133 1077 4186 τοῦ
1106 4134 1268 4203 λόγου
1297 4134 1505 4188 ἁπλοῦν
1533 4135 1629 4188 καὶ
1660 4134 1822 4199 εὐθὲς

241 4226 339 4277 καὶ
365 4224 849 4293 ἀναπεπταμένον,
876 4225 935 4277 οὐ
968 4227 1319 4298 συγχωρήσει
1351 4227 1478 4290 τοὺς
1507 4227 1608 4295 μὲν
1625 4225 1820 4291 οὕτως,

1973 1129 2064 1184 57.
2107 1130 2221 1199 Age
2261 1143 2390 1182 vero
2433 1127 2563 1180 tuihi
2589 1170 2603 1192 ,
2639 1141 2673 1180 ο
2716 1126 3111 1196 prophetarum
3169 1126 3378 1195 optime
3412 1142 3478 1181 ac

1902 1222 2221 1278 beatissime
2254 1260 2269 1284 ,
2303 1236 2444 1273 nunc
2490 1234 2707 1289 quoque
2755 1217 2925 1272 Deum
2982 1219 3247 1273 invocans
3296 1218 3475 1273 valida

1903 1312 2199 1381 boantique
2228 1326 2364 1366 voce
2394 1312 2601 1375 clama;
2633 1309 2983 1373 immensum,
3019 1308 3263 1377 inquam,
3301 1308 3478 1361 clama

1903 1405 2167 1474 quidquid
2196 1403 2290 1458 tibi
2326 1401 2566 1471 Spiritus
2592 1402 2825 1468 desuper
2848 1413 3110 1453 resonans
3142 1399 3357 1452 edicere
3392 1396 3479 1465 ju—

1905 1495 2015 1549 bet.
2057 1494 2326 1561 Eloquere
2368 1490 2536 1557 mihi,
2575 1500 2632 1544 et
2683 1502 2992 1543 sermonem
3037 1497 3185 1541 tuum
3220 1487 3483 1544 divinitus

1907 1582 2259 1637 informatum
2289 1579 2495 1650 profer.
2534 1579 2667 1633 Nam
2700 1579 2886 1633 divina
2923 1579 3043 1632 sine
3087 1579 3253 1633 dubio
3287 1578 3481 1633 vatici-

1907 1673 2143 1727 naberis.
2193 1671 2309 1726 Erit
2364 1672 2449 1726 die
2482 1671 2617 1733 illa,
2666 1670 2743 1723 ait
2796 1668 3058 1725 Dominus
3089 1669 3436 1737 omnipotens
3463 1709 3480 1735 ,

1904 1766 2207 1832 disperdat):
2233 1764 2444 1816 nomina
2472 1763 2736 1816 idolorum
2759 1760 2823 1814 de
2856 1769 3000 1815 terra
3025 1802 3039 1825 ,
3073 1778 3234 1829 neque
3266 1762 3482 1816 illarum

1908 1858 2149 1925 deinceps
2190 1855 2445 1908 memoria
2478 1854 2739 1920 supererit
2773 1852 2841 1907 ⁵⁸.
2893 1852 2998 1906 Sed
3038 1854 3181 1906 enim
3230 1853 3325 1907 tibi
3357 1853 3483 1923 qui-

1910 1950 2031 2002 dem
2058 1989 2073 2012 ,
2116 1962 2149 2002 o
2178 1954 2362 2011 vates,
2398 1945 2719 1999 facillimum
2769 1945 2871 1998 fuit
2905 1959 2933 1997 a
2978 1942 3089 1997 Deo
3118 1943 3362 2007 initiari,
3390 1945 3480 2011 qui

1909 2052 2136 2108 corpore
2170 2039 2348 2091 anima
2369 2052 2431 2090 ac
2464 2045 2644 2089 urente
2669 2034 2990 2103 pttrillcatus
3015 2034 3214 2095 fueras.
3249 2035 3482 2104 ideoque

1908 2141 1965 2185 et
1999 2130 2120 2185 aliis
2149 2129 2467 2199 praedicare,
2491 2139 2547 2183 et
2569 2127 2766 2182 futuris
2803 2128 3057 2181 :etatihus
3085 2126 3344 2195 scriptam
3369 2137 3479 2179 tra-

1912 2223 2043 2277 dere
2085 2237 2270 2275 rerum
2307 2223 2660 2291 tnysticarum
2705 2224 2989 2275 veritatem
3035 2228 3091 2272 et
3126 2218 3481 2273 evidentiam.

1912 2313 2020 2369 Nos
2042 2323 2225 2368 autem
2257 2312 2348 2366 hic
2376 2313 2749 2377 demorantcs,
2774 2313 2965 2375 multa,
3001 2319 3059 2364 ut
3090 2325 3187 2379 par
3215 2320 3319 2374 εει,
3360 2324 3485 2377 per-

1911 2403 2144 2473 plexitas
2175 2412 2350 2473 urget,
2396 2401 2525 2470 quid
2566 2403 2716 2471 prius
2765 2402 2835 2454 sit
2878 2401 3166 2454 dicendum
3200 2441 3214 2464 ,
3250 2398 3379 2467 quid
3429 2398 3484 2448 iu

1913 2507 2186 2565 postermn
2223 2494 2631 2548 reservandum.
2661 2492 2801 2559 Quid
2835 2493 2979 2547 enim
3005 2494 3071 2546 ad
3114 2493 3227 2545 huic
3263 2491 3485 2558 eloque-

1914 2588 2070 2642 ntur?
2122 2586 2256 2653 Quis
2302 2595 2426 2653 pote
2470 2595 2722 2653 suscepta
2768 2585 3051 2646 oratione,
3107 2581 3344 2659 Spiritus
3391 2594 3484 2634 seu

1915 2679 2164 2734 veritatis
2199 2678 2360 2746 digne
2390 2676 2680 2730 celebrare
2725 2675 2995 2728 inﬁnitam
3044 2684 3094 2725 et
3147 2673 3485 2724 inaccessam

1916 2774 2283 2828 summitatem
2310 2810 2325 2834 ,
2359 2770 2437 2823 vel
2473 2766 3067 2835 tnauil'estationiscjus
3101 2779 3291 2833 puram
3325 2773 3490 2830 atque

1915 2864 2254 2933 perspicuam
2310 2861 2596 2931 imaginem
2643 2857 2941 2914 exhibere?
2983 2857 3106 2924 quis
3151 2853 3489 2922 irreligiosu-

1911 2965 2037 3007 rum
2148 2951 2514 3021 insipientiam
2556 2959 2719 3018 atque
2772 2948 3082 3003 vecordiam
3138 2946 3274 3000 satis
3330 2958 3485 2998 coar-

1916 3044 2091 3116 guat?
2137 3044 2270 3097 Nam
2323 3043 2451 3113 quid
2506 3054 2593 3098 est
2648 3043 2748 3095 hac
2783 3042 3029 3094 doctrina
3068 3038 3272 3093 clarius
3319 3047 3486 3105 atque

1917 3136 2260 3191 evidentius?
2300 3136 2428 3203 qttid
2463 3133 2678 3187 facilius
2731 3133 2813 3185 vel
2870 3132 3087 3200 dignius
3121 3130 3225 3183 diei
3271 3126 3488 3196 potem?

1914 3229 2008 3285 Hae
2042 3244 2128 3285 res
2184 3228 2380 3297 quippe
2422 3226 2688 3281 solaribus
2725 3225 2892 3278 radiis
2922 3222 3257 3291 splendidius
3313 3218 3493 3273 eluce-

1915 3326 2090 3373 scunt.
2117 3315 2258 3369 Nihil
2295 3316 2382 3369 hic
2405 3332 2543 3385 Opus
2584 3326 2668 3369 est
2711 3314 3245 3368 hermeneuticorutu
3286 3324 3494 3363 sermu-

1916 3426 2045 3466 mun
2079 3410 2236 3478 longa
2273 3408 2526 3478 periodo.
2558 3406 2700 3460 haud
2734 3405 2956 3458 latentis
2981 3405 3031 3457 in
3070 3400 3337 3477 profundo
3368 3417 3502 3454 sen-

1918 3518 2011 3556 sus
2061 3499 2296 3555 scrutari
2329 3499 2547 3553 curiose
2579 3508 2744 3565 atque
2773 3494 3009 3549 emidere
3057 3503 3270 3563 oportet
3311 3493 3492 3546 obru-

1920 3605 2033 3647 Iuttt
2063 3595 2522 3659 ohscuratumque
2564 3589 2877 3642 thesaurum
2898 3601 3124 3656 ,.tteque
3162 3585 3493 3653 metaphrasr

1920 3687 2097 3754 aliqua
2129 3699 2350 3753 egemus
2386 3698 2507 3753 quia
2557 3682 2713 3751 longo
2744 3680 2975 3734 circuitu
3039 3680 3385 3742 discurrens,
3410 3678 3494 3729 di-

1922 3778 2163 3829 ctionum
2197 3773 2605 3843 ambiguitatem
2638 3781 2695 3825 et
2749 3772 2988 3824 latebras
3020 3771 3234 3824 evolvat
3263 3787 3279 3836 ;
3321 3783 3496 3836 neque

1927 3866 2088 3937 19o
2132 3865 2364 3933 denique
2395 3863 2755 3932 excogitanda
2784 3873 2867 3917 est
2895 3876 2985 3916 ars
3028 3863 3271 3930 qua‘tlatn
3312 3868 3364 3911 ct
3393 3874 3495 3910 vi»

1922 3961 2240 4014 cahulorum
2280 3969 2404 4027 apta
2442 3956 2801 4025 compositio,
2875 3952 2941 4006 ad
2976 3952 3137 4022 hujus
3189 3953 3496 4023 argumenti

1922 4048 2470 4106 demonstrationem.
2513 4046 2644 4115 Nam
2676 4046 2943 4100 doctrinae
2979 4041 3141 4112 hujus
3172 4041 3500 4110 simplicitas

1928 4143 2188 4197 rectitude
2237 4150 2397 4209 atque
2426 4137 2697 4192 evidentia
2723 4176 2737 4200 ,
2765 4152 2870 4190 non
2904 4136 3042 4189 sinet
3068 4143 3123 4187 ut
3154 4132 3246 4187 alii
3280 4132 3499 4200 quidem

1926 4233 2038 4296 sic.
2070 4231 2163 4286 alii
2200 4245 2327 4283 vero
2368 4229 2526 4282 aliter
2550 4228 2767 4283 curiose
2798 4227 3165 4296 disquirentes
3191 4226 3304 4278 luec
3339 4221 3495 4276 intel-

239 4316 371 4377 τοὺς
398 4314 456 4367 δὲ
480 4314 684 4384 ἑτέρως
716 4314 780 4367 ὲκ
805 4315 1101 4386 περιέργου
1147 4316 1430 4388 ζητήσεως
1473 4315 1648 4371 ταῦτα
1672 4316 1824 4370 ἐκδέ-

1928 4322 2110 4393 ligant,
2143 4337 2410 4392 suumque
2431 4320 2623 4389 singuli
2642 4334 2864 4387 scopum
2887 4327 3197 4387 sequentes,
3218 4314 3501 4368 veritatem

243 4407 462 4478 χεσθαι,
490 4406 588 4458 xui.
618 4405 694 4475 τῷ
728 4405 913 4476 οίκείῳ
939 4407 1244 4476 ἑπομένους
1297 4405 1503 4477 σκοπῷ,
1533 4406 1820 4476 διακρούε-

1927 4412 2231 4484 dispellant,
2260 4420 2314 4467 et
2344 4412 2739 4481 propositorum
2764 4409 3048 4463 verborum
3077 4408 3255 4463 sensui
3281 4405 3386 4467 vim
3421 4402 3494 4456 la-

246 4498 377 4552 σθαι
399 4497 501 4567 τὴν
525 4495 807 4567 ἀλήθειαν,
832 4497 1229 4561 ἀποδιάζεσθαί
1262 4514 1322 4550 τε
1355 4497 1463 4552 τῶν
1486 4499 1824 4569 ἐγκειμένων

1923 4506 2088 4567 ciant.
2116 4520 2344 4573 eumque
2369 4503 2632 4556 malitiose
2664 4502 3066 4569 distorqueant,
3091 4510 3252 4569 atque
3279 4499 3343 4550 ad
3375 4510 3503 4564 pro-

248 4589 433 4661 ῥητῶν
461 4587 555 4641 τὸν
578 4589 726 4653 νοῦν,
762 4588 857 4641 καὶ
883 4588 1321 4658 ἀντιπεριέλκειν
1356 4589 1700 4660 κακούργως.
1734 4591 1824 4644 καὶ

1926 4597 2097 4667 priam
2149 4595 2472 4648 voluntatem
2532 4594 2797 4645 violenter
2846 4591 3291 4655 accommodent,
3356 4587 3505 4656 quod

248 4679 683 4753 αἱχμαλωτίζειν
703 4681 839 4751 πρὸς
859 4682 920 4733 τὸ
954 4682 1085 4734 ίδιον
1125 4681 1356 4752 θέλημα,
1386 4681 1413 4734 ὃ
1447 4681 1541 4735 νῦν
1574 4682 1824 4736 ποιοῦσιν

1928 4704 2071 4743 unuc
2097 4688 2148 4741 hi
2185 4689 2441 4741 mundani
2498 4687 2748 4740 homines
2770 4723 2785 4750 ,
2817 4696 2872 4740 et
2908 4686 3034 4738 mali
3063 4683 3329 4737 daemonis
3362 4679 3509 4736 arbi-

249 4773 300 4826 οἱ
339 4769 420 4842 τῷ
445 4768 637 4840 κόσμῳ
677 4769 1131 4839 προστετηκότες,
1189 4772 1284 4825 καὶ
1316 4773 1428 4833 τοῖς
1462 4771 1554 4823 τοῦ
1591 4772 1824 4841 πονηροῦ

1930 4781 2033 4833 trio
2063 4779 2363 4848 subjugati,
2399 4778 2625 4833 faciunt.

256 4861 690 4933 κατεζευγμὲνοι
719 4861 1008 4933 θελήμασι.

325 4952 471 5025 Πρὸς
490 4947 585 5005 οὖν
617 4950 793 5004 ταῦτα
813 4951 866 5004 τί
888 4968 1030 5005 ,ποτε
1061 4953 1170 5023 ἄρα
1194 4951 1524 5006 ἀκούσονται
1557 4954 1606 5005 οἱ
1633 4954 1694 5005 τὸ
1729 4954 1824 5023 τῆς

2009 4957 2136 5022 Qua:
2162 4974 2281 5008 ('tltll
2309 4957 2378 5009 ita
2408 4975 2465 5010 se
2503 4959 2757 5020 ltaheaut,
2789 4976 2894 5024 quo
2923 4958 3033 5027 jam
3067 4971 3227 5009 sensu
3265 4962 3423 5007 erunt
3455 4951 3509 5005 lii

255 5043 434 5115 ψυχῆς
482 5043 707 5096 ὀπτικὸν
752 5045 1161 5115 πεπηρωμένοι,
1197 5047 1290 5098 καὶ
1333 5045 1431 5107 τὰς
1476 5046 1644 5108 ἀκοὰς
1696 5047 1829 5116 πρὸς

258 5140 354 5203 τὰς
384 5137 481 5191 τοῦ
515 5136 660 5190 θείου
704 5136 1018 5205 Πνεύματος
1055 5140 1242 5207 ῥήσεις
1283 5138 1734 5207 ἀποφράξαντεςς
1768 5141 1830 5192 Οἱ

260 5230 396 5301 νόσῳ
411 5228 652 5298 τοσαύτῃ
672 5227 1003 5297 ἀναλγησίας
1026 5229 1426 5299 κεκρατημένοι
1451 5231 1544 5283 καὶ
1563 5230 1832 5300 ἠλιθιότη-

259 5340 371 5388 τος,
400 5323 452 5375 οἱ
481 5320 693 5389 τυφλοὶ,
716 5318 1073 5387 ἁναὸλέψατε,
1093 5321 1207 5383 καὶ,
1229 5322 1275 5372 οί
1297 5321 1492 5388 κωφοὶ,
1538 5320 1801 5373 ἀκούσατε
1820 5337 1834 5350 ·

268 5418 352 5479 τίς
381 5415 438 5468 as
474 5415 569 5467 ἐπὶ
609 5412 863 5464 τοσοῦτον
903 5413 1240 5482 τετύφλωται
1288 5414 1381 5467 καὶ
1413 5416 1755 5484 πεπήρωται,
1798 5414 1830 5485 ἦ

261 5506 331 5561 δι’
359 5504 678 5577 ἑμπάθειαν
708 5502 884 5572 ψυχῆς
911 5503 1016 5555 τῶν
1040 5503 1250 5558 ἄνωθεν
1283 5505 1414 5574 ἡμῖν
1440 5505 1834 5575 αὑγαζομένων

264 5596 441 5669 λόγων
492 5596 590 5667 τὴν
636 5593 956 5663 λαμπηδόνα
1013 5597 1071 5648 οὐ
1128 5597 1588 5667 προσδεχόμενος
1646 5599 1727 5660 τίς
1782 5597 1832 5649 δὲ

338 5773 384 5807 ⁸⁸
425 5770 593 5826 Ζ.ιυ1ι.
631 5784 748 5837 uti,
776 5771 829 5826 “2.

1941 5050 2026 5113 qui
2065 5049 2329 5101 viSnaIent
2359 5049 2554 5101 attinnt!
2588 5050 2690 5101 vim
2724 5051 3053 5102 olitttdet‘uut
3082 5088 3096 5111 ,
3129 5059 3397 5113 auraeque
3442 5045 3511 5094 ad

1940 5140 2105 5193 divini
2145 5141 2381 5209 Sp'ritus
2415 5156 2574 5193 voces
2598 5138 3052 5209 oppilaruut?qui
3085 5148 3238 5190 tanto
3274 5133 3513 5202 stuporis

1940 5247 2000 5282 ac
2026 5228 2271 5282 stultitiae
2295 5233 2483 5283 morho
2509 5229 2863 5296 premuntur?
2891 5227 3047 5290 llent,
3076 5225 3228 5288 (δευρί,
3259 5225 3511 5292 aspicite,

1937 5332 1990 5373 ct
2037 5323 2218 5384 surdi,
2262 5321 2484 5375 audite!
2527 5320 2660 5384 Quis
2699 5331 2878 5372 autcnt
2913 5319 2984 5370 ita
3013 5316 3260 5376 cmentit,
3305 5323 3358 5368 et
3394 5315 3513 5367 visu

1937 5425 2127 5480 captus
2173 5423 2275 5476 est,
2316 5409 2395 5463 vel
2427 5412 2495 5462 ob
2548 5409 2743 5462 animae
2774 5408 3136 5480 corruptelam
3162 5444 3176 5469 ,
3206 5404 3511 5457 rtelestiuut

1938 5521 2245 5558 sermonum
2272 5518 2368 5557 ιιοδ
2400 5501 2787 5555 illustrautinm
2819 5499 3123 5568 lampadem
3151 5512 3255 5550 non
3282 5496 3515 5563 recipit?

1942 5598 2071 5665 Quis
2107 5598 2174 5650 ita
2208 5597 2405 5651 surdus
2437 5580 2486 5650 et
2516 5593 2827 5659 inreusilis,
2856 5595 2944 5663 qui
2980 5592 3075 5647 has
3114 5590 3320 5645 divinas
3351 5602 3518 5647 voces
