3918 6152
293 309 401 376 ots
452 284 465 297 ’
1156 313 1722 379 APOLOGETIGUS
1758 316 1907 379 PRO
1947 317 2215 382 SACRIS
2252 283 2769 383 IMAGINIBUS,
3470 314 3577 381 646

294 422 523 492 γείτονά
556 440 674 488 πως
703 423 798 479 καὶ
830 425 994 496 φίλην
1031 426 1141 480 τῶν
1170 428 1486 500 Φαρισαίων
1520 431 1618 502 τὴν
1647 432 1886 486 διάνοιαν

1993 434 2136 504 quod
2163 437 2216 490 in
2248 437 2493 506 principe
2517 436 2916 492 daemoniorum
2951 436 3067 490 haec
3098 434 3220 490 illos
3248 447 3408 506 agere
3432 448 3578 490 cout-

293 515 694 586 κεκτημένοις,
729 519 789 571 οὐ
834 519 1073 588 χαλεπὸν
1119 520 1645 593 άτιοφήνασθαι,’ὼς
1704 526 1761 577 ἐν
1813 523 1886 595 τῷ

1991 535 2203 596 pertum
2244 527 2341 581 sit.
2383 526 2489 582 Sed
2524 530 2653 597 quia
2691 537 2928 582 mentem
2960 527 3267 598 improbam
3297 534 3572 596 gerentes,

292 608 524 680 ἄρχοντι
543 609 655 665 τῶν
684 611 985 682 δαιμονίων
1003 611 1180 666 ταῦτα
1210 613 1449 685 δρῶντες
1473 615 1886 671 διεδεικνύοντο.

1991 628 2151 688 atque
2183 621 2249 673 ad
2276 620 2467 675 illicita
2495 628 2885 688 procurrentes
2908 658 2923 683 ,
2960 610 3115 673 vanis
3144 617 3575 689 cogitationibus

297 699 533 772 Ἐπειδὴ
565 701 623 755 δὲ
673 703 765 754 τὸν
795 701 920 755 νοῦν
951 703 1213 774 ἀδόκιμον
1243 705 1480 775 ἔχοντες,
1507 707 1603 761 καὶ
1633 709 1719 777 ἐφ’
1747 707 1782 762 ἃ
1816 709 1886 779 μὴ

1991 710 2293 776 ﬂuctuant,
2341 713 2546 767 merito
2591 713 2811 766 audient
2857 730 2868 764 :
2910 708 3203 779 Progenies
3233 712 3572 777 viperarum,

296 793 589 864 προσῆκεν
614 795 1045 867 ἀποφερόμενοι,
1081 800 1317 861 είκαίοις
1359 799 1646 871 λογισμοῖς
1699 803 1886 872 ἐπινή-

1991 804 2252 872 quomodo
2281 804 2502 872 potestis
2544 805 2680 857 bona
2709 803 2874 874 loqui,
2905 817 3023 855 eum
3070 801 3187 855 sitis
3226 799 3401 855 mali?
3431 796 3574 851 Nam

293 903 510 958 χονται,
543 887 774 952 εἰκότως
804 889 1134 944 ἀκούσονται
1154 908 1169 923 ⁸
1210 891 1574 962 Γεννήματα
1602 893 1881 963 ἐχιδνῶν,

1991 897 2036 949 si
2065 906 2267 963 patrem
2300 895 2539 959 familias
2569 893 2850 949 Beelzebul
2871 901 3211 955 vocaverunt,
3232 901 3430 962 quanto
3462 905 3574 941 ma-

290 977 426 1044 πῶς
470 978 742 1035 δύνασθε
780 980 974 1049 ἀγαθὰ
1003 982 1223 1037 λαλεῖν
1271 985 1527 1053 πονηροί
1565 983 1769 1050 ὄντες
1815 986 1885 1038 El

1991 988 2069 1056 gis
2101 988 2413 1040 domestiros
2442 986 2557 1053 ejus
2586 986 2632 1019 ⁶⁸
2666 986 2689 1039 ‘l
2716 986 2855 1040 sicut
2882 983 3285 1039 aitServatnris
3309 980 3484 1035 oratio
3504 976 3569 1033 ⁸⁸.

292 1070 408 1139 τὰρ
443 1070 553 1124 τὸν
601 1070 1047 1141 οίκοδεσπότην
1078 1072 1441 1134 Βεελζεϐοὺλ
1467 1074 1886 1139 ἀπεκάλεσαν,

1991 1077 2091 1144 Qui
2128 1093 2261 1148 ergo
2296 1078 2413 1133 tieri
2450 1086 2628 1147 potest
2663 1085 2722 1131 ut
2752 1078 2915 1131 iidem
2941 1078 3216 1130 daemones
3237 1082 3292 1127 et
3319 1074 3372 1127 in
3398 1070 3572 1127 domi-

291 1159 475 1223 πόσῳ
518 1157 772 1227 μᾶλλον
803 1160 948 1228 τοὺς
994 1164 1339 1230 οίκειακοὺς
1370 1165 1558 1219 αὐτοῦ
1579 1182 1597 1228 ;
1635 1165 1886 1235 καθάπερ

1991 1170 2184 1222 norum
2220 1170 2338 1223 loco
2375 1170 2649 1233 colantur,
2676 1179 2732 1224 et
2758 1177 2817 1223 ut
2863 1169 3129 1236 mastigia
3171 1167 3429 1234 servique
3471 1179 3573 1220 ne-

293 1253 324 1305 ὀ
364 1254 635 1323 σωηήριος
666 1254 771 1326 ἔφη
800 1254 980 1324 λόγος.
1011 1255 1139 1321 Πῶς
1167 1253 1262 1311 οὖν
1289 1258 1422 1320 τοὺς
1457 1259 1658 1322 αὐτοὺς
1687 1259 1783 1313 καὶ
1813 1258 1886 1322 ὡς

1991 1275 2146 1328 quam
2173 1262 2477 1331 puniantur
2501 1262 2773 1330 domoque
2800 1260 3240 1314 exterit-inertior
3258 1259 3282 1311 τ
3302 1258 3395 1313 Sic
3424 1265 3573 1312 certe

294 1343 571 1411 δεσπότας
637 1347 867 1401 δυνατὸν
918 1348 1137 1413 σέϐειν,
1186 1350 1284 1403 καὶ
1333 1349 1410 1413 ὡς
1471 1350 1767 1420 μαστιγίας
1794 1350 1886 1403 καὶ

1991 1351 2041 1402 in
2076 1351 2313 1418 seipsum
2347 1352 2554 1404 divisus
2589 1350 2755 1404 fuerit
2777 1350 2980 1403 diaboli
3009 1356 3348 1418 potentatus.

294 1438 505 1501 κακοὺς
568 1438 793 1503 δούλους
840 1439 1061 1493 διώκειν
1120 1441 1217 1495 καὶ
1263 1440 1597 1507 ὲξοικίζεινς
1657 1441 1751 1507 ἀφ’
1810 1435 1883 1495 ὧν
1925 1440 2213 1512 βούλονται
2275 1442 2373 1495 καὶ
2415 1441 2780 1512 καταδεσμεῖν
2848 1440 2944 1494 καὶ
2997 1438 3303 1505 συγκλείειν
3359 1438 3444 1507 ἐφ’
3488 1432 3573 1502 οἷς

294 1524 596 1580 ἐθέλουσιν.
644 1520 722 1580 Ἦ
753 1525 896 1581 οὕτω
919 1543 981 1594 γε
1000 1526 1104 1581 καὶ
1138 1529 1536 1600 μερισθήσεται
1569 1530 1654 1598 ἐφ’
1685 1530 1884 1602 ἑαυτὴν
1921 1532 1953 1602 ἠ
1982 1531 2078 1584 τοῦ
2108 1531 2349 1603 πονηροῦ
2386 1531 2699 1586 δυναστεία.

384 1682 554 1738 Ἀλλὰ
598 1684 832 1754 φανερὸν
860 1685 944 1739 ὅτι
974 1685 1166 1757 ὥσπερ
1192 1689 1292 1757 τὴν
1332 1689 1700 1761 εύαγγελικην
1733 1708 1874 1761 παρ-

292 1773 569 1830 ωθοῦνται
608 1776 877 1846 ἱστορίαν,
903 1774 1048 1830 οὕτω
1075 1777 1140 1849 δὴ
1177 1780 1272 1831 καὶ
1312 1778 1422 1833 τῶν
1453 1779 1654 1844 ὲνθέως
1687 1781 1881 1851 βεϐιω-

293 1865 483 1937 μένων
517 1865 554 1937 ἢ
587 1868 1000 1937 πεπραγμένων
1027 1872 1143 1932 τοῖς
1168 1869 1370 1937 ἁγίοις,
1405 1871 1501 1923 καὶ⁵
1527 1872 1882 1942 ἀναγεγραμ-

294 1958 481 2029 μένων
528 1960 589 2011 ὲν
620 1957 836 2023 Βίϐλοις
888 1960 1085 2029 ἱεραῖς,
1133 1961 1194 2013 τὸ
1228 1961 1429 2032 ἀληθὲς
1455 1964 1505 2015 oi
1540 1965 1760 2032 ἐναγεῖς
1787 1965 1886 2017 οὐκ

290 2047 684 2117 ἀποδέχονται.
729 2049 794 2102 Et
825 2048 881 2101 δὲ
915 2050 1010 2102 καὶ
1044 2049 1334 2120 ἀληθεύειν
1365 2053 1586 2107 δοκοῦσι
1622 2055 1720 2115 τὰς
1749 2071 1883 2123 προ-

292 2138 541 2208 φητικάς
588 2139 1049 2211 προαγορεύσεις
1089 2141 1258 2211 φάναι
1298 2143 1410 2215 γὰρ
1449 2144 1766 2213 ψεύδεσθαι,
1809 2147 1885 2219 μὴ

290 2229 341 2284 δ’
370 2229 437 2285 ἂν
466 2231 636 2285 αὐτὸν
667 2232 763 2285 τὸν
808 2231 1063 2286 διάϐολον
1095 2228 1254 2305 οἶμαι
1293 2236 1565 2306 τολμῆσαί
1610 2255 1763 2291 ποτε’
1795 2239 1886 2292 διὰ

293 2322 584 2393 φροντίδος
631 2324 819 2388 αὐτοῖς
866 2324 1110 2394 γινέσθω
1149 2326 1440 2393 δεικνύειν,
1478 2330 1583 2382 ποῦ
1624 2331 1719 2384 καὶ
1753 2332 1883 2384 πότε

293 2413 361 2466 τὸ
384 2415 564 2486 πέρας
597 2415 873 2479 ἐδέξαντο.
913 2418 978 2471 El
1010 2416 1121 2489 γὰρ
1156 2418 1292 2490 πρὸς
1327 2419 1391 2473 τὸ
1421 2420 1614 2491 μέλλον
1641 2420 1885 2476 ἀπίδοιεν

293 2505 395 2557 καὶ
422 2505 591 2559 ἄλλον
623 2506 971 2576 παρέσεσθαι
1000 2509 1242 2579 Χριστὸν
1263 2511 1699 2584 ὑποτοπήσαιεν,
1735 2513 1885 2584 μόνοι

294 2596 406 2648 τῶν
432 2596 817 2669 ἐλπιζομένων
850 2599 1171 2664 ἀπόναιντο,
1197 2602 1293 2655 καὶ
1319 2604 1427 2657 τῶν
1458 2605 1885 2677 ὑπειλημμένων

295 2688 361 2739 τὺ
401 2686 595 2741 εὔελπι
661 2691 1054 2761 προσηκόντως
1106 2693 1456 2748 ἀποίσονται·
1489 2697 1572 2748 ὅτι
1609 2696 1667 2750 δὲ
1712 2713 1884 2750 κατα-

298 2780 670 2847 φοιτήσαντος
692 2781 829 2853 πρὸς
857 2782 1010 2852 ἡμᾶς
1047 2782 1144 2836 τοῦ
1163 2783 1274 2837 τῶν
1304 2785 1445 2839 ὅλων
1472 2784 1636 2851 Θεοῦ,
1670 2787 1765 2839 καὶ
1786 2784 1887 2856 τὴν

301 2869 590 2940 βασιλείαν
643 2873 987 2943 κηρύξαντος
1046 2875 1147 2946 τὴν
1201 2875 1478 2946 οὐράνιον,
1526 2876 1560 2946 ἡ
1624 2875 1885 2941 πολύθεος

296 2962 600 3031 ἠφάνισται
655 2965 856 3036 πλάνη,
885 2967 982 3020 καὶ
1013 2959 1092 3031 εἷς
1132 2966 1336 3038 Κύριος
1362 2967 1463 3020 καὶ
1493 2967 1625 3030 Θεὸς
1664 2968 1760 3020 καὶ
1792 2967 1885 3038 βα·

299 3053 486 3110 σιλεὺς
541 3055 694 3126 παρὰ
726 3058 950 3110 πάντων
986 3058 1301 3129 συμφώνως
1359 3065 1758 3132 προσκυνεῖται
1789 3065 1884 3118 καὶ

2062 1691 2183 1749 Sed.
2218 1690 2363 1746 enim
2417 1690 2762 1760 exploratum
2815 1694 2951 1753 est,’
2986 1688 3189 1759 impios
3249 1688 3351 1743 hos
3408 1687 3571 1743 sicuti

1989 1783 2362 1852 evangelicam
2400 1784 2660 1852 rejiciont
2689 1781 2976 1837 historiam
3002 1789 3023 1845 ',
3054 1781 3131 1836 ita
3159 1781 3407 1836 caelestis
3432 1796 3570 1850 quo-

1987 1887 2092 1941 que
2130 1883 2443 1928 sanctorum
2477 1874 2601 1926 vita:
2627 1880 2684 1925 et
2720 1881 2937 1924 actuum
2965 1871 3248 1925 veritatem
3270 1909 3286 1934 ,
3309 1870 3364 1924 in
3395 1874 3570 1925 sacris

1986 1964 2172 2020 Libris
2204 1965 2464 2034 scriptam
2489 2005 2506 2030 ,
2553 1964 2778 2018 minime
2810 1963 3120 2017 admittere.
3155 1962 3309 2028 Quod
3353 1962 3402 2016 si
3443 1977 3570 2029 pro.

1984 2058 2232 2127 pheticas
2263 2056 2643 2126 praedictiones
2682 2067 2911 2109 veraces
2938 2052 3280 2117 existimant,
3324 2064 3562 2119 namque

1985 2163 2080 2204 eas
2105 2147 2396 2203 mendaces
2437 2147 2621 2201 dicere
2647 2161 2714 2200 ne
2745 2143 2992 2199 diabolus
3028 2142 3248 2212 quidem
3273 2179 3289 2205 ,
3334 2149 3395 2194 ut
3419 2153 3566 2204 reor,

1985 2237 2247 2302 audebit;
2278 2251 2412 2307 ergo
2441 2248 2588 2290 cura:
2611 2233 2719 2288 illis
2755 2233 2825 2288 sit
2845 2232 3222 2286 demonstrare
3267 2229 3489 2284 ubinam
3512 2236 3569 2283 ct

1984 2331 2205 2401 quando
2231 2330 2315 2384 ha:
2337 2327 2543 2384 exitum
2574 2336 2754 2381 nactae
2779 2324 2909 2380 sint.
2937 2321 3074 2378 Nam
3105 2323 3151 2377 si
3187 2321 3280 2377 isti
3322 2320 3567 2377 futurum

1985 2430 2205 2492 tempus
2238 2430 2523 2491 spectant,
2550 2429 2608 2474 et
2633 2419 2863 2473 alterum
2895 2415 3087 2471 adfore
3123 2414 3408 2470 Christum
3439 2425 3562 2467 sus-

1985 2515 2263 2584 picantur,
2295 2512 2395 2567 soli
2428 2511 2526 2581 ipsi
2575 2521 2851 2579 speratam
2896 2522 3012 2563 rem
3060 2517 3289 2576 negant,
3336 2504 3569 2569 ideoque

1987 2605 2396 2674 desperautium
2432 2616 2651 2672 poenam
2682 2602 2877 2655 merito
2905 2598 3169 2654 referent,
3202 2594 3352 2662 Quod
3384 2604 3566 2647 autem

1985 2699 2309 2754 adveniente
2332 2697 2401 2751 ad
2422 2711 2523 2749 nos
2550 2691 2844 2747 universali
2868 2692 2998 2754 Deo,
3023 2698 3077 2743 et
3101 2688 3324 2743 caeleste
3340 2699 3563 2757 regnum

1986 2784 2714 2858 praedicante,.polytlteismi
2738 2798 2894 2837 error
2919 2780 3167 2837 sublatus
3192 2778 3377 2842 fuerit,
3402 2784 3567 2844 atque

1987 2896 2125 2937 unus
2151 2880 2411 2936 Dominus
2437 2888 2490 2932 et
2518 2876 2660 2931 Deus
2681 2889 2745 2929 ac
2773 2889 2867 2927 rex
2897 2873 2967 2926 ab
2983 2872 3239 2926 omnibus
3269 2865 3559 2922 concordi-

1988 2986 2070 3029 ter
2117 2973 2376 3027 adoretur
2417 2977 2472 3024 et
2520 2966 2878 3038 gloriﬁcetur,
2914 2963 3056 3018 idem
3097 2961 3185 3025 hic
3236 2960 3395 3013 divus
3427 2973 3557 3028 pro-

1987 3063 2147 3129 pheta
2192 3058 2245 3111 in
2276 3055 2637 3126 sequentibus
2679 3054 2863 3118 dicet,
2901 3064 3171 3118 nemoque
3209 3064 3342 3102 sana
3382 3056 3564 3111 mente

295 3143 611 3211 δοξάζεται,
662 3147 826 3223 adeo;
870 3144 1026 3213 οὗτος
1061 3153 1090 3203 ὁ
1145 3152 1291 3216 θεῖος
1342 3154 1636 3225 προφήτης
1687 3156 1744 3209 ὲν
1771 3157 1884 3216 τοῖς

1991 3151 2251 3221 prmditus
2292 3147 2450 3219 193
2479 3148 2530 3201 ei
2557 3144 2899 3215 contradicet
2932 3164 2944 3199 :
2979 3142 3103 3196 Erit
3137 3142 3275 3195 enim
3309 3139 3565 3193 Dominus

303 3237 610 3306 μετέπειτα
643 3240 783 3308 ἐρεῖ,
817 3239 914 3292 καὶ
954 3240 1131 3304 οὐδεὶς
1155 3240 1267 3295 τῶν
1291 3238 1350 3294 εὖ
1387 3244 1736 3312 φρονούντων
1754 3244 1885 3297 άντ-

297 3330 420 3397 ερεί
444 3345 456 3358 ·
503 3325 719 3381 Ἔσται
746 3320 1105 3398 γὰρᾟύριος
1130 3333 1222 3399 είς
1246 3333 1518 3397 ,βασιλέα
1542 3334 1639 3387 ἐπι
1679 3333 1887 3389 πᾶσαν

295 3415 419 3483 τὴν
439 3415 562 3484 γῆν
585 3434 599 3448 ·
637 3417 707 3470 ἑν
744 3417 819 3486 τῇ
848 3418 1041 3488 ἡμέρα
1064 3420 1271 3490 ἐκείνῃ
1308 3422 1483 3476 ἔσται
1517 3424 1734 3494 Κύριος
1762 3420 1850 3491 εἷς
1868 3468 1882 3490 ,

297 3507 399 3562 καί
424 3507 493 3560 τὸ
525 3507 715 3577 ὄνομα
739 3510 928 3564 αὑτοῦ
954 3509 1044 3578 ἐν,
1069 3511 1345 3566 κυκλοῦν
1358 3513 1569 3571 πᾶσαν
1597 3514 1715 3583 τὴν
1744 3516 1882 3585 γῆν.

297 3598 403 3650 Διά
435 3597 649 3651 τούτων
684 3599 797 3670 γὰρ
833 3601 967 3670 ἡμῖν
1015 3600 1251 3656 καὶτῶν
1290 3602 1422 3673 ἑξῆς
1449 3604 1782 3675 εἰρημένων,
1825 3605 1886 3657 οὔ

301 3689 471 3760 μόνον
499 3690 625 3753 τοὺς
658 3691 723 3744 ὲκ
750 3690 846 3744 τοῦ
872 3692 1051 3763 δήμου
1081 3692 1179 3746 τοῦ
1220 3694 1520 3748 Ἰουδαῖκοῦ
1550 3696 1888 3767 δεξαμένους

297 3780 396 3834 τὸν
428 3781 589 3847 λόγον
613 3782 706 3836 τὸν
736 3782 1100 3852 εὐαγγελικὸν
1140 3786 1199 3837 ὲν
1239 3786 1516 3857 πνεύματι
1569 3791 1891 3859 προεσήμηο

297 3888 416 3937 νεν,
450 3873 591 3927 ἀλλά
618 3874 715 3926 καὶ
740 3876 851 3928 τῶν
878 3875 1052 3929 ἐθνῶν
1079 3877 1181 3940 τὰς
1220 3876 1446 3946 ἀγέλας,
1484 3879 1520 3933 ἆ
1540 3898 1672 3934 ποτε
1703 3884 1888 3952 ὴγνόει

297 3967 398 4018 τὸν
435 3967 701 4019 ἁπάντων
731 3968 1015 4037 Δεσπότην
1046 3970 1147 4023 καὶ
1172 3970 1402 4041 Κύριον,
1431 3970 1508 4034 ὡς
1540 3973 1638 4042 τῆς
1659 3972 1889 4044 θεογνω-

299 4055 433 4118 σίας
459 4054 804 4120 εἰσδέξονται
829 4057 929 4127 τὴν
958 4060 1177 4127 ἀκτῖνα,
1209 4062 1305 4114 καὶ
1328 4061 1440 4115 τῶν
1491 4063 1731 4118 εἰδώλων
1775 4065 1892 4119 δια-

304 4144 586 4199 πτύσουσι
614 4147 716 4216 τὴν
748 4148 990 4218 ἀπάτην.
1025 4150 1185 4215 ﬂcio;
1226 4152 1337 4223 γὰρ
1369 4153 1434 4223 δὴ
1458 4153 1624 4218 τόπος
1657 4157 1760 4227 τῆς
1792 4157 1890 4211 τοῦ

315 4237 444 4291 ⁴)εοῦ
474 4237 639 4309 δόξης
668 4238 1161 4313 ἀπολειφθήσεται,
1203 4244 1345 4313 εἴγε
1388 4247 1455 4316 δὴ
1491 4247 1586 4300 νῦν
1619 4250 1825 4317 μᾶλλον
1857 4249 1890 4321 ἢ

1986 3260 2082 3298 rex
2138 3257 2298 3312 super
2334 3254 2542 3295 omnem
2591 3248 2810 3291 terram.
2870 3234 2965 3288 Die
3004 3233 3098 3286 illa
3146 3234 3246 3287 erit
3306 3230 3566 3284 Dominus

1986 3351 2122 3391 unus
2147 3375 2162 3400 ,
2189 3344 2239 3389 et
2280 3348 2471 3387 nomen
2498 3330 2612 3400 ejus
2651 3344 2839 3392 unum,
2882 3327 3191 3380 universam
3239 3333 3436 3377 terram
3462 3322 3569 3375 cir-

1988 3400 2226 3482 cumiens
2257 3426 2324 3479 ⁸⁷.
2362 3424 2459 3478 llis
2508 3421 2771 3476 videlicet
2801 3418 3033 3488 aliisque
3058 3417 3219 3471 dictis
3247 3412 3568 3483 praesigniﬁ-

1986 3518 2132 3571 cavit
2168 3516 2328 3570 nobis
2374 3515 2427 3567 iu
2465 3512 2692 3582 spiritu,
2739 3524 2844 3563 non
2880 3521 2975 3563 eos
3015 3506 3191 3562 solum
3224 3507 3293 3560 de
3338 3502 3567 3557 Jodaico

1968 3608 2186 3679 ‘popnlo
2215 3607 2307 3675 qui
2338 3604 2709 3673 evangelicam
2740 3600 3043 3656 doctrinam
3072 3599 3433 3659 admiserunt,
3470 3594 3568 3649 sed

1988 3698 2153 3751 etiam
2216 3694 2557 3750 etlmicorum
2617 3704 2843 3759 greges,
2886 3686 2989 3757 qui
3033 3685 3162 3739 olim
3221 3696 3565 3739 communem

1990 3802 2171 3857 regem
2220 3799 2284 3840 ae
2318 3782 2609 3839 Dominum
2665 3777 3027 3850 ignorabant,
3077 3776 3275 3831 divinae
3327 3775 3570 3829 scientia:

1991 3878 2201 3932 radium
2232 3881 2569 3941 recepturos,
2594 3878 2651 3924 et
2677 3868 2941 3923 idolorum
2960 3881 3203 3920 errorem
3231 3864 3565 3934 abjectnrns.

1988 3967 2125 4022 Nam
2166 3965 2414 4034 quisnam
2466 3962 2617 4014 locus
2677 3958 2858 4012 divina
2906 3955 3078 4024 gloria
3126 3955 3483 4016 destituetur,
3518 3952 3566 4005 si

1991 4059 2207 4129 quidem
2268 4068 2414 4109 nunc
2472 4051 2641 4121 magis
2694 4062 2856 4119 quam
2909 4055 3069 4100 antea
3125 4060 3253 4099 vere
3293 4043 3494 4098 dicitur
3549 4061 3565 4098 :

1994 4151 2150 4206 Pleni
2180 4157 2308 4206 sunt
2339 4146 2452 4201 cwli
2487 4162 2549 4199 ac
2573 4154 2721 4213 terra
2744 4141 2917 4211 gloria
2943 4147 3057 4208 ejus
3087 4137 3179 4191 “‘1
3209 4136 3345 4191 Nam
3377 4138 3421 4192 si
3445 4136 3570 4205 quis

1991 4244 2259 4300 Graeciam
2287 4241 2532 4295 nominet
2555 4240 2633 4292 vel
2659 4235 2830 4289 Barba
2841 4250 3023 4288 rorutn
3049 4243 3242 4293 terras.
3265 4237 3359 4283 aut
3379 4228 3569 4296 Italos,

320 4329 580 4401 τρότερον
613 4331 815 4402 ἀληθὲς
862 4335 944 4397 τὸ,
976 4334 1224 4404 Πλήρης
1251 4339 1583 4413 όούρανὸς
1602 4341 1701 4393 καὶ
1727 4341 1886 4396 πᾶσα

1993 4346 2086 4391 aut
2110 4334 2415 4390 Germanos
2445 4329 2679 4384 dicendo
2705 4337 2986 4391 excurrat,
3020 4325 3104 4379 vel
3137 4325 3202 4377 ad
3222 4321 3433 4385 Eallos,
3469 4328 3566 4376 aut

328 4421 454 4491 ίγῆ
502 4421 616 4490 τῆς
645 4422 832 4491 δόξης
880 4425 1069 4479 αὑτοῦ
1094 4442 1113 4490 ;
1168 4426 1288 4481 Κᾶν
1334 4431 1444 4499 γὰρ
1492 4429 1594 4499 τὴν
1635 4430 1885 4499 Ἐλλάδα,

1993 4414 2308 4493 Britannos,
2329 4432 2421 4477 aut
2455 4421 2640 4485 Libes,
2661 4428 2757 4475 aut
2773 4419 2839 4472 ad
2879 4417 3261 4489 Egyptiorum
3290 4414 3571 4486 regionem

328 4512 419 4565 ιᾶν
450 4512 553 4582 τὴν
601 4511 884 4584 βάρϐαρον
920 4513 1066 4567 ετποι
1090 4533 1201 4582 τις,
1251 4516 1354 4571 κᾶν
1394 4521 1473 4580 είς
1520 4520 1759 4585 Ἰταλοὺς
1789 4523 1885 4575 καὶ

1996 4520 2263 4581 deveniat,
2281 4527 2374 4571 aut
2391 4515 2437 4570 si
2456 4514 2661 4569 Arabes
2680 4524 2729 4568 et
2747 4510 2944 4566 Persas
2962 4512 3141 4575 adeat,
3157 4508 3239 4562 vel
3258 4505 3572 4575 Ethiopes,

326 4603 623 4674 ἐρμανοὺς
681 4586 997 4675 ἐπιδράμοιἭ
1035 4606 1115 4674 τῷ
1171 4607 1336 4677 λόγῳ,
1375 4608 1617 4673 Κελτούς
1675 4629 1736 4664 τε
1792 4613 1887 4666 καὶ

322 4696 669 4767 Βρεττανοὺς,
726 4695 830 4749 κᾶν
863 4698 943 4759 είς
1001 4695 1212 4760 Λίϐυας
1278 4700 1373 4751 κα).
1418 4699 1519 4767 τὴν
1570 4700 1888 4768 Δίγυτιτίων

302 4786 579 4854 ἀφίκοιτο,
629 4786 738 4840 κᾶν
796 4787 1043 4859 Ἄραϐας
1098 4789 1195 4843 καὶ
1252 4791 1472 4859 Πέρσας
1522 4791 1740 4846 ἐπέλθοι
1794 4794 1889 4846 καὶ

301 4879 593 4943 Αἰθίοπας,
622 4879 728 4933 κᾶν
773 4880 969 4946 Ἰνδοὺς
994 4881 1089 4934 καὶ
1126 4881 1484 4945 Σκύθας,⁴καὶ
1518 4886 1699 4938 πᾶσαν
1733 4886 1890 4956 ἐσχα-

300 4972 449 5035 τιὰν,
504 4974 603 5024 καὶ
651 4971 781 5042 ὃλην
811 4973 1041 5044 ἡπειρόν
1088 4990 1148 5026 τε
1198 4976 1292 5028 καὶ
1335 4974 1633 5044 θάλασσαν,
1689 4978 1748 5031 τὸ
1794 4977 1888 5032 τοῦ

301 5060 549 5131 Χριστοῦ
610 5060 783 5129 ὄνομα
842 5061 1203 5133 δοξαζόμενον
1268 5065 1363 5116 καὶ
1413 5065 1917 5137 προσκυνούμενον,

305 5149 482 5219 εὖροι.
522 5147 737 5212 [ΐάντας
778 5138 889 5221 γᾶρ
928 5152 988 5204 τὸ
1014 5152 1373 5221 εὐαγγελικὸν
1409 5153 1754 5223 σαγηνεῦσαν
1786 5156 1887 5208 ἐπ-

305 5236 554 5312 ηγάγετο
601 5242 905 5313 κήρυγμα’
941 5246 1039 5299 καὶ
1087 5247 1120 5313 ἡ
1178 5245 1280 5314 τῆς
1315 5245 1623 5315 σεϐασμίας
1653 5246 1887 5317 Ἕριάδος

304 5335 535 5402 γνῶσις,
553 5333 647 5388 διὰ
671 5335 765 5388 τοῦ
794 5336 1036 5404 φθόγγου
1056 5337 1165 5389 τῶν
1193 5337 1610 5409 μαθητευόντων
1637 5340 1705 5393 τὰ
1735 5340 1886 5411 ἔθνη,

304 5430 375 5500 τῇ
408 5427 502 5496 ὑφ’
532 5428 673 5500 ἡλίῳ
703 5429 1128 5500 ὑπερήπλωται,
1174 5431 1270 5483 καὶ
1317 5431 1590 5502 πανταχοῦ
1635 5433 1728 5486 τοῦ
1771 5434 1890 5499 ἐνὸς

308 5515 405 5574 καὶ
449 5519 619 5589 μόνου
666 5517 924 5590 ἀληθινοῦ
972 5519 1110 5574 Θεοῦ
1158 5521 1253 5575 καὶ
1283 5522 1557 5577 Δεσπότου
1588 5526 1699 5577 τῶν
1750 5525 1889 5579 ὅλων

1993 4616 2171 4679 ludos,
2204 4612 2462 4683 Scythas,
2492 4617 2548 4663 et
2573 4607 2875 4676 quamlibet
2896 4605 3080 4659 mundi
3110 4604 3226 4658 sive
3252 4611 3570 4656 terrestrem

1995 4709 2109 4764 sive
2129 4704 2457 4758 maritimam
2477 4700 2904 4764 extremitatem,
2919 4696 3125 4751 Christi
3143 4710 3339 4749 nomen
3360 4693 3573 4763 ltytnnis

1995 4793 2259 4848 celebrari
2310 4800 2475 4857 atque
2515 4787 2734 4842 adorari
2781 4786 3100 4857 eomperiet.
3152 4783 3393 4839 Cunctos
3422 4782 3570 4837 enim

1996 4882 2226 4956 populos
2260 4880 2587 4951 evangelicae
2617 4878 3025 4949 praedicationis
3055 4890 3257 4946 sageua
3288 4875 3432 4943 cepit
3469 4891 3483 4927 :
3517 4882 3574 4927 et

1998 4974 2320 5032 venerandae
2343 4973 2629 5027 Trinitatis
2651 4970 2867 5037 notitia,
2891 4985 3025 5024 voce
3042 4968 3260 5021 illorum
3276 4969 3367 5036 qui
3384 4974 3576 5033 gentes

1997 5067 2377 5131 erudiverunt,
2412 5079 2509 5134 per
2539 5066 2851 5118 universum
2880 5063 3067 5115 orbem
3099 5057 3320 5111 dilatata
3353 5057 3450 5111 fuit
3473 5072 3496 5121 ;
3520 5066 3575 5112 ct

2001 5160 2203 5228 ubique
2235 5159 2395 5211 unius
2426 5173 2490 5212 ac
2520 5157 2692 5211 solius
2730 5154 2845 5208 veri
2890 5152 2982 5206 Dei
3008 5167 3073 5206 ac
3101 5148 3322 5203 Domini
3353 5149 3575 5203 univer-

1997 5251 2128 5306 slis
2164 5258 2415 5303 versatur
2451 5247 2741 5318 cognitio:
2788 5244 3073 5311 validaque
3100 5256 3232 5295 voce
3255 5256 3447 5296 omnes
3479 5256 3575 5309 po-

1999 5343 2108 5413 puli
2138 5357 2260 5396 cum
2292 5339 2579 5394 Psalmista
2619 5337 2896 5399 clamant,
2933 5344 3216 5404 postquam
3248 5333 3341 5388 Dei
3377 5344 3574 5401 poten-

2000 5435 2126 5488 tiam
2159 5444 2213 5487 et
2247 5433 2451 5500 ubique
2496 5429 2779 5498 providam
2819 5427 3248 5499 magnitudinem
3292 5426 3395 5481 [hic
3439 5426 3574 5480 didi-

1998 5536 2196 5578 cerunt
2231 5542 2244 5578 :
2293 5523 2352 5579 Si
2390 5524 2677 5576 ascendere
2732 5521 2787 5573 in
2825 5522 3046 5586 ra‘lnm,
3081 5531 3140 5573 tu
3176 5520 3286 5575 illic
3323 5531 3488 5588 esset
3526 5521 3572 5575 si

377 5722 428 5757 “
469 5720 662 5776 Matth.
690 5735 785 5785 ιιι,
814 5718 903 5775 54.
982 5721 1026 5753 ⁶⁶
1067 5718 1324 5787 Martha,
1356 5721 1446 5777 95.
1524 5725 1566 5755 ⁸⁷
1610 5723 1773 5777 Zach.
1804 5739 1886 5778 xiv

1991 5765 1996 5777 .
2072 5721 2119 5755 ⁸⁵
2154 5721 2316 5776 Ρι·;ι·1’.
2363 5724 2514 5777 miss.
2548 5739 2612 5777 ex
2642 5723 2745 5782 lsa.
2771 5738 2843 5792 Vt,
2883 5723 2937 5779 5.
