  <div class='ocr_page' id='page_1' title='image "/cluster/home/n/w/nwhite01/storage/ocr_20150623/100/mdp.39015005675668/342.png"; bbox 0 0 3918 6152; ppageno 0'>
   <div class='ocr_carea' id='block_1_1' title="bbox 208 344 317 410">
    <p class='ocr_par' dir='ltr' id='par_1_1' title="bbox 208 344 317 410">
     <span class='ocr_line' id='line_1_1' title="bbox 208 344 317 410; baseline 0.009 -1"><span class='ocrx_word' id='word_1_1' title='bbox 208 344 317 410; x_wconf 73' lang='lat'><strong>663</strong></span> 
     </span>
    </p>
   </div>
   <div class='ocr_carea' id='block_1_2' title="bbox 1089 343 2660 409">
    <p class='ocr_par' dir='ltr' id='par_1_2' title="bbox 1089 343 2660 409">
     <span class='ocr_line' id='line_1_2' title="bbox 1089 343 2660 409; baseline 0.001 -2"><span class='ocrx_word' id='word_1_2' title='bbox 1089 343 1660 409; x_wconf 78' lang='lat' dir='ltr'><strong>APOLOGETICUS</strong></span> <span class='ocrx_word' id='word_1_3' title='bbox 1692 348 1840 408; x_wconf 80' lang='lat' dir='ltr'><strong>PRO</strong></span> <span class='ocrx_word' id='word_1_4' title='bbox 1878 347 2145 408; x_wconf 78' lang='lat' dir='ltr'><strong>SACRIS</strong></span> <span class='ocrx_word' id='word_1_5' title='bbox 2182 346 2660 409; x_wconf 82' lang='lat' dir='ltr'><strong>IMAGINIBUS.</strong></span> 
     </span>
    </p>
   </div>
   <div class='ocr_carea' id='block_1_3' title="bbox 3349 347 3457 410">
    <p class='ocr_par' dir='ltr' id='par_1_3' title="bbox 3349 347 3457 410">
     <span class='ocr_line' id='line_1_3' title="bbox 3349 347 3457 410; baseline 0 0"><span class='ocrx_word' id='word_1_6' title='bbox 3349 347 3457 410; x_wconf 79' lang='lat'><strong>666</strong></span> 
     </span>
    </p>
   </div>
   <div class='ocr_carea' id='block_1_4' title="bbox 208 424 1799 535">
    <p class='ocr_par' dir='ltr' id='par_1_4' title="bbox 208 424 1779 535">
     <span class='ocr_line' id='line_1_4' title="bbox 208 424 1779 535; baseline 0.001 -20"><span class='ocrx_word' id='word_1_7' title='bbox 208 478 340 535; x_wconf 77' lang='grc' dir='ltr'>νῃσι</span> <span class='ocrx_word' id='word_1_8' title='bbox 393 460 493 515; x_wconf 81' lang='grc' dir='ltr'>καὶ</span> <span class='ocrx_word' id='word_1_9' title='bbox 524 459 684 525; x_wconf 76' lang='grc' dir='ltr'>ἄλλος</span> <span class='ocrx_word' id='word_1_10' title='bbox 733 424 943 533; x_wconf 79' lang='grc' dir='ltr'>ἀλλαχῆ</span> <span class='ocrx_word' id='word_1_11' title='bbox 972 462 1081 517; x_wconf 84' lang='grc' dir='ltr'><strong>τῶν</strong></span> <span class='ocrx_word' id='word_1_12' title='bbox 1137 464 1476 529; x_wconf 78' lang='grc' dir='ltr'><strong>ἀποστόλων,</strong></span> <span class='ocrx_word' id='word_1_13' title='bbox 1531 466 1600 518; x_wconf 80' lang='grc' dir='ltr'>τὰ</span> <span class='ocrx_word' id='word_1_14' title='bbox 1647 465 1779 535; x_wconf 71' lang='grc' dir='ltr'>ἔθνη</span> 
     </span>
    </p>
   </div>
   <div class='ocr_carea' id='block_1_5' title="bbox 1883 424 3467 535">
    <p class='ocr_par' dir='ltr' id='par_1_5' title="bbox 1883 442 3467 533">
     <span class='ocr_line' id='line_1_5' title="bbox 1883 442 3467 533; baseline 0.001 -15"><span class='ocrx_word' id='word_1_15' title='bbox 1883 478 1975 518; x_wconf 80' lang='lat' dir='ltr'><strong>seu</strong></span> <span class='ocrx_word' id='word_1_16' title='bbox 2011 462 2120 529; x_wconf 88' lang='lat' dir='ltr'><strong>die,</strong></span> <span class='ocrx_word' id='word_1_17' title='bbox 2151 464 2432 533; x_wconf 75' lang='lat' dir='ltr'><strong>eiecerunt</strong></span> <span class='ocrx_word' id='word_1_18' title='bbox 2467 464 2519 518; x_wconf 87' lang='lat' dir='ltr'><strong>id</strong></span> <span class='ocrx_word' id='word_1_19' title='bbox 2559 471 2641 518; x_wconf 91' lang='lat' dir='ltr'><strong>est</strong></span> <span class='ocrx_word' id='word_1_20' title='bbox 2667 462 3015 518; x_wconf 85' lang='lat' dir='ltr'><strong>detestandos</strong></span> <span class='ocrx_word' id='word_1_21' title='bbox 3054 462 3366 533; x_wconf 74' lang='lat' dir='ltr'><strong>indicarunt</strong></span> <span class='ocrx_word' id='word_1_22' title='bbox 3398 442 3467 520; x_wconf 81' lang='lat' dir='ltr'><strong>et</strong></span> 
     </span>
    </p>
   </div>
   <div class='ocr_carea' id='block_1_6' title="bbox 206 551 1781 624">
    <p class='ocr_par' dir='ltr' id='par_1_6' title="bbox 206 551 1781 624">
     <span class='ocr_line' id='line_1_6' title="bbox 206 551 1781 624; baseline 0.001 -17"><span class='ocrx_word' id='word_1_23' title='bbox 206 551 555 622; x_wconf 83' lang='grc' dir='ltr'>διαλαχόντες</span> <span class='ocrx_word' id='word_1_24' title='bbox 576 552 674 606; x_wconf 82' lang='grc' dir='ltr'>τοῦ</span> <span class='ocrx_word' id='word_1_25' title='bbox 712 551 915 624; x_wconf 72' lang='grc' dir='ltr'>ἐχθροῦ</span> <span class='ocrx_word' id='word_1_26' title='bbox 938 553 1006 607; x_wconf 77' lang='grc' dir='ltr'>τὰ</span> <span class='ocrx_word' id='word_1_27' title='bbox 1047 556 1295 624; x_wconf 75' lang='grc' dir='ltr'><strong>ταμιεῖα,</strong></span> <span class='ocrx_word' id='word_1_28' title='bbox 1345 554 1441 608; x_wconf 74' lang='grc' dir='ltr'>καὶ</span> <span class='ocrx_word' id='word_1_29' title='bbox 1470 554 1781 624; x_wconf 79' lang='grc' dir='ltr'>θησαυροὺς</span> 
     </span>
    </p>
   </div>
   <div class='ocr_carea' id='block_1_7' title="bbox 203 643 1778 717">
    <p class='ocr_par' dir='ltr' id='par_1_7' title="bbox 203 643 1778 717">
     <span class='ocr_line' id='line_1_7' title="bbox 203 643 1778 717; baseline 0.001 -18"><span class='ocrx_word' id='word_1_30' title='bbox 203 645 338 708; x_wconf 75' lang='grc' dir='ltr'>τοὺς</span> <span class='ocrx_word' id='word_1_31' title='bbox 360 643 782 715; x_wconf 77' lang='grc' dir='ltr'>ὲζωγρημένους</span> <span class='ocrx_word' id='word_1_32' title='bbox 798 647 879 708; x_wconf 81' lang='grc' dir='ltr'>εἰς</span> <span class='ocrx_word' id='word_1_33' title='bbox 898 644 961 699; x_wconf 69' lang='grc' dir='ltr'><strong>τό</strong></span> <span class='ocrx_word' id='word_1_34' title='bbox 981 645 1197 699; x_wconf 77' lang='grc' dir='ltr'>ἐκείνου</span> <span class='ocrx_word' id='word_1_35' title='bbox 1217 645 1429 716; x_wconf 79' lang='grc' dir='ltr'>θέλημα</span> <span class='ocrx_word' id='word_1_36' title='bbox 1447 646 1778 717; x_wconf 77' lang='grc' dir='ltr'>διήρπασαν,</span> 
     </span>
    </p>
   </div>
   <div class='ocr_carea' id='block_1_8' title="bbox 203 734 1782 809">
    <p class='ocr_par' dir='ltr' id='par_1_8' title="bbox 203 734 1782 809">
     <span class='ocr_line' id='line_1_8' title="bbox 203 734 1782 809; baseline 0.001 -19"><span class='ocrx_word' id='word_1_37' title='bbox 203 737 307 790; x_wconf 74' lang='grc' dir='ltr'><strong>καὶ</strong></span> <span class='ocrx_word' id='word_1_38' title='bbox 358 736 438 805; x_wconf 82' lang='grc' dir='ltr'>τῷ</span> <span class='ocrx_word' id='word_1_39' title='bbox 468 737 720 809; x_wconf 78' lang='grc' dir='ltr'>Δεσπότῃ</span> <span class='ocrx_word' id='word_1_40' title='bbox 766 735 877 789; x_wconf 88' lang='grc' dir='ltr'><strong>τῶν</strong></span> <span class='ocrx_word' id='word_1_41' title='bbox 904 737 1042 790; x_wconf 80' lang='grc' dir='ltr'>ὅλων</span> <span class='ocrx_word' id='word_1_42' title='bbox 1095 734 1429 809; x_wconf 73' lang='grc' dir='ltr'>πρωτόλειον</span> <span class='ocrx_word' id='word_1_43' title='bbox 1461 736 1656 807; x_wconf 86' lang='grc' dir='ltr'>ῶσπερ</span> <span class='ocrx_word' id='word_1_44' title='bbox 1685 737 1782 791; x_wconf 74' lang='grc' dir='ltr'>καὶ</span> 
     </span>
    </p>
   </div>
   <div class='ocr_carea' id='block_1_9' title="bbox 201 820 1781 899">
    <p class='ocr_par' dir='ltr' id='par_1_9' title="bbox 201 820 1781 899">
     <span class='ocr_line' id='line_1_9' title="bbox 201 820 1781 899; baseline 0.001 -18"><span class='ocrx_word' id='word_1_45' title='bbox 201 829 466 897; x_wconf 74' lang='grc' dir='ltr'>ἀπαρχὰς</span> <span class='ocrx_word' id='word_1_46' title='bbox 495 827 595 899; x_wconf 72' lang='grc' dir='ltr'><strong>ἢδη</strong></span> <span class='ocrx_word' id='word_1_47' title='bbox 625 829 978 898; x_wconf 71' lang='grc' dir='ltr'><strong>προσήγαγον</strong></span> <span class='ocrx_word' id='word_1_48' title='bbox 996 843 1013 899; x_wconf 62' lang='grc' dir='ltr'>ζ</span> <span class='ocrx_word' id='word_1_49' title='bbox 1046 828 1189 881; x_wconf 79' lang='grc' dir='ltr'><strong>κατά</strong></span> <span class='ocrx_word' id='word_1_50' title='bbox 1217 828 1409 882; x_wconf 82' lang='grc' dir='ltr'>τοῦτον</span> <span class='ocrx_word' id='word_1_51' title='bbox 1441 829 1505 898; x_wconf 76' lang='grc' dir='ltr'>δὴ</span> <span class='ocrx_word' id='word_1_52' title='bbox 1531 820 1625 881; x_wconf 81' lang='grc' dir='ltr'>τὸν</span> <span class='ocrx_word' id='word_1_53' title='bbox 1656 845 1781 883; x_wconf 84' lang='grc' dir='ltr'>και-</span> 
     </span>
    </p>
   </div>
   <div class='ocr_carea' id='block_1_10' title="bbox 205 892 1781 990">
    <p class='ocr_par' dir='ltr' id='par_1_10' title="bbox 205 892 1781 990">
     <span class='ocr_line' id='line_1_10' title="bbox 205 892 1781 990; baseline 0.002 -20"><span class='ocrx_word' id='word_1_54' title='bbox 205 919 305 990; x_wconf 74' lang='grc' dir='ltr'><strong>ρὸν</strong></span> <span class='ocrx_word' id='word_1_55' title='bbox 356 892 454 972; x_wconf 66' lang='grc' dir='ltr'>καὶ</span> <span class='ocrx_word' id='word_1_56' title='bbox 510 892 610 988; x_wconf 76' lang='grc' dir='ltr'>τὴν</span> <span class='ocrx_word' id='word_1_57' title='bbox 658 892 1199 988; x_wconf 29' lang='grc' dir='ltr'>ἡμέραν-ἐξέϐαλον,</span> <span class='ocrx_word' id='word_1_58' title='bbox 1247 892 1504 973; x_wconf 30' lang='grc' dir='ltr'>τοὺτέστιυ</span> <span class='ocrx_word' id='word_1_59' title='bbox 1549 918 1781 989; x_wconf 70' lang='grc' dir='ltr'>βδελυρὰ</span> 
     </span>
    </p>
   </div>
   <div class='ocr_carea' id='block_1_11' title="bbox 201 1009 1776 1081">
    <p class='ocr_par' dir='ltr' id='par_1_11' title="bbox 201 1009 1776 1081">
     <span class='ocr_line' id='line_1_11' title="bbox 201 1009 1776 1081; baseline 0 -19"><span class='ocrx_word' id='word_1_60' title='bbox 201 1009 441 1080; x_wconf 71' lang='grc' dir='ltr'>ἡγοῦντό</span> <span class='ocrx_word' id='word_1_61' title='bbox 465 1024 523 1061; x_wconf 84' lang='grc' dir='ltr'><strong>τε</strong></span> <span class='ocrx_word' id='word_1_62' title='bbox 549 1010 646 1062; x_wconf 79' lang='grc' dir='ltr'>καὶ</span> <span class='ocrx_word' id='word_1_63' title='bbox 667 1009 919 1062; x_wconf 78' lang='grc' dir='ltr'>διέπτυον</span> <span class='ocrx_word' id='word_1_64' title='bbox 938 1025 955 1042; x_wconf 77' lang='grc' dir='ltr'><strong><em>ο</em></strong></span> <span class='ocrx_word' id='word_1_65' title='bbox 996 1012 1180 1063; x_wconf 76' lang='grc' dir='ltr'>ὲκείνα</span> <span class='ocrx_word' id='word_1_66' title='bbox 1208 1009 1273 1080; x_wconf 77' lang='grc' dir='ltr'>δὴ</span> <span class='ocrx_word' id='word_1_67' title='bbox 1308 1010 1376 1064; x_wconf 79' lang='grc' dir='ltr'>τὰ</span> <span class='ocrx_word' id='word_1_68' title='bbox 1417 1011 1776 1081; x_wconf 75' lang='grc' dir='ltr'><strong>χειρόκμητα,</strong></span> 
     </span>
    </p>
   </div>
   <div class='ocr_carea' id='block_1_12' title="bbox 203 1099 1780 1172">
    <p class='ocr_par' dir='ltr' id='par_1_12' title="bbox 203 1099 1780 1172">
     <span class='ocr_line' id='line_1_12' title="bbox 203 1099 1780 1172; baseline 0 -19"><span class='ocrx_word' id='word_1_69' title='bbox 203 1102 308 1153; x_wconf 75' lang='grc' dir='ltr'>καὶ</span> <span class='ocrx_word' id='word_1_70' title='bbox 338 1101 449 1153; x_wconf 90' lang='grc' dir='ltr'><strong>τῶν</strong></span> <span class='ocrx_word' id='word_1_71' title='bbox 476 1099 724 1153; x_wconf 72' lang='grc' dir='ltr'><strong>διανοιῶν</strong></span> <span class='ocrx_word' id='word_1_72' title='bbox 751 1100 1153 1170; x_wconf 74' lang='grc' dir='ltr'>ὲξωστράκιζον</span> <span class='ocrx_word' id='word_1_73' title='bbox 1176 1116 1190 1131; x_wconf 74' lang='grc' dir='ltr'><strong>ο</strong></span> <span class='ocrx_word' id='word_1_74' title='bbox 1230 1100 1307 1165; x_wconf 85' lang='grc' dir='ltr'>ὡς</span> <span class='ocrx_word' id='word_1_75' title='bbox 1379 1101 1511 1172; x_wconf 82' lang='grc' dir='ltr'>μηδὲ</span> <span class='ocrx_word' id='word_1_76' title='bbox 1561 1104 1780 1171; x_wconf 74' lang='grc' dir='ltr'>μνήμης</span> 
     </span>
    </p>
   </div>
   <div class='ocr_carea' id='block_1_13' title="bbox 203 1193 1782 1265">
    <p class='ocr_par' dir='ltr' id='par_1_13' title="bbox 203 1193 1782 1265">
     <span class='ocr_line' id='line_1_13' title="bbox 203 1193 1782 1265; baseline 0.003 -20"><span class='ocrx_word' id='word_1_77' title='bbox 203 1193 393 1245; x_wconf 80' lang='grc' dir='ltr'>αὐτῶν</span> <span class='ocrx_word' id='word_1_78' title='bbox 421 1193 717 1262; x_wconf 85' lang='grc' dir='ltr'>ἀνέχεσθαι</span> <span class='ocrx_word' id='word_1_79' title='bbox 748 1193 991 1258; x_wconf 82' lang='grc' dir='ltr'>πώποτε,</span> <span class='ocrx_word' id='word_1_80' title='bbox 1028 1195 1130 1265; x_wconf 74' lang='grc' dir='ltr'><strong>ἥδη</strong></span> <span class='ocrx_word' id='word_1_81' title='bbox 1161 1196 1217 1249; x_wconf 77' lang='grc' dir='ltr'>δὲ</span> <span class='ocrx_word' id='word_1_82' title='bbox 1263 1197 1353 1249; x_wconf 66' lang='grc' dir='ltr'>καὶ</span> <span class='ocrx_word' id='word_1_83' title='bbox 1374 1197 1472 1265; x_wconf 78' lang='grc' dir='ltr'><strong>τὴν</strong></span> <span class='ocrx_word' id='word_1_84' title='bbox 1512 1194 1648 1265; x_wconf 79' lang='grc' dir='ltr'>ὓλην</span> <span class='ocrx_word' id='word_1_85' title='bbox 1684 1197 1782 1249; x_wconf 66' lang='grc' dir='ltr'><strong>αὖα</strong></span> 
     </span>
    </p>
   </div>
   <div class='ocr_carea' id='block_1_14' title="bbox 199 1284 1780 1357">
    <p class='ocr_par' dir='ltr' id='par_1_14' title="bbox 199 1284 1780 1357">
     <span class='ocr_line' id='line_1_14' title="bbox 199 1284 1780 1357; baseline 0.002 -19"><span class='ocrx_word' id='word_1_86' title='bbox 199 1285 328 1352; x_wconf 77' lang='grc' dir='ltr'>τὴν,</span> <span class='ocrx_word' id='word_1_87' title='bbox 358 1285 470 1337; x_wconf 69' lang='grc' dir='ltr'>κᾶν</span> <span class='ocrx_word' id='word_1_88' title='bbox 494 1284 604 1337; x_wconf 85' lang='grc' dir='ltr'><strong>τῶν</strong></span> <span class='ocrx_word' id='word_1_89' title='bbox 630 1285 977 1354; x_wconf 75' lang='grc' dir='ltr'><strong>τιμιωτάτων</strong></span> <span class='ocrx_word' id='word_1_90' title='bbox 1011 1285 1152 1339; x_wconf 76' lang='grc' dir='ltr'>οὖσα</span> <span class='ocrx_word' id='word_1_91' title='bbox 1180 1284 1444 1357; x_wconf 77' lang='grc' dir='ltr'>ἐτύγχανε</span> <span class='ocrx_word' id='word_1_92' title='bbox 1471 1288 1624 1357; x_wconf 85' lang='grc' dir='ltr'><strong>παρά</strong></span> <span class='ocrx_word' id='word_1_93' title='bbox 1663 1290 1780 1352; x_wconf 71' lang='grc' dir='ltr'>τοῖς</span> 
     </span>
    </p>
   </div>
   <div class='ocr_carea' id='block_1_15' title="bbox 201 1374 1781 1451">
    <p class='ocr_par' dir='ltr' id='par_1_15' title="bbox 201 1374 1781 1451">
     <span class='ocr_line' id='line_1_15' title="bbox 201 1374 1781 1451; baseline 0.003 -23"><span class='ocrx_word' id='word_1_94' title='bbox 201 1374 449 1438; x_wconf 70' lang='grc' dir='ltr'>πολλοῑς,</span> <span class='ocrx_word' id='word_1_95' title='bbox 499 1374 589 1429; x_wconf 81' lang='grc' dir='ltr'><strong>διὰ</strong></span> <span class='ocrx_word' id='word_1_96' title='bbox 633 1376 908 1444; x_wconf 77' lang='grc' dir='ltr'>φιλοθεῖας</span> <span class='ocrx_word' id='word_1_97' title='bbox 959 1376 1289 1451; x_wconf 77' lang='grc' dir='ltr'>ὐπερόολὴν,</span> <span class='ocrx_word' id='word_1_98' title='bbox 1321 1379 1781 1451; x_wconf 80' lang='grc' dir='ltr'>παρερῤιμμένην</span> 
     </span>
    </p>
   </div>
   <div class='ocr_carea' id='block_1_16' title="bbox 203 1467 1780 1542">
    <p class='ocr_par' dir='ltr' id='par_1_16' title="bbox 203 1467 1780 1542">
     <span class='ocr_line' id='line_1_16' title="bbox 203 1467 1780 1542; baseline 0.002 -22"><span class='ocrx_word' id='word_1_99' title='bbox 203 1467 303 1521; x_wconf 70' lang='grc' dir='ltr'>καὶ</span> <span class='ocrx_word' id='word_1_100' title='bbox 350 1468 922 1538; x_wconf 81' lang='grc' dir='ltr'>καταπεφρονημένην</span> <span class='ocrx_word' id='word_1_101' title='bbox 976 1468 1258 1539; x_wconf 80' lang='grc' dir='ltr'><strong>δεδόχθαι,</strong></span> <span class='ocrx_word' id='word_1_102' title='bbox 1301 1473 1402 1539; x_wconf 81' lang='grc' dir='ltr'>τὴν</span> <span class='ocrx_word' id='word_1_103' title='bbox 1447 1470 1503 1523; x_wconf 80' lang='grc' dir='ltr'>δὲ</span> <span class='ocrx_word' id='word_1_104' title='bbox 1551 1470 1630 1539; x_wconf 83' lang='grc' dir='ltr'><strong>τῷ</strong></span> <span class='ocrx_word' id='word_1_105' title='bbox 1661 1469 1780 1542; x_wconf 73' lang='grc' dir='ltr'><strong>θεῷ</strong></span> 
     </span>
    </p>
   </div>
   <div class='ocr_carea' id='block_1_17' title="bbox 202 1556 1778 1629">
    <p class='ocr_par' dir='ltr' id='par_1_17' title="bbox 202 1556 1778 1629">
     <span class='ocr_line' id='line_1_17' title="bbox 202 1556 1778 1629; baseline 0.003 -20"><span class='ocrx_word' id='word_1_106' title='bbox 202 1556 358 1629; x_wconf 81' lang='grc' dir='ltr'>μόνῳ</span> <span class='ocrx_word' id='word_1_107' title='bbox 417 1557 735 1628; x_wconf 81' lang='grc' dir='ltr'>πρέπουσαν</span> <span class='ocrx_word' id='word_1_108' title='bbox 765 1557 958 1612; x_wconf 85' lang='grc' dir='ltr'>θυσίαν</span> <span class='ocrx_word' id='word_1_109' title='bbox 997 1560 1312 1614; x_wconf 79' lang='grc' dir='ltr'>ἀνατιθέναι</span> <span class='ocrx_word' id='word_1_110' title='bbox 1332 1576 1347 1593; x_wconf 77' lang='grc' dir='ltr'><strong>ο</strong></span> <span class='ocrx_word' id='word_1_111' title='bbox 1387 1561 1583 1614; x_wconf 77' lang='grc' dir='ltr'>οὐκοῦν</span> <span class='ocrx_word' id='word_1_112' title='bbox 1609 1560 1669 1615; x_wconf 73' lang='grc' dir='ltr'>τὸ</span> <span class='ocrx_word' id='word_1_113' title='bbox 1692 1561 1778 1613; x_wconf 84' lang='grc' dir='ltr'>κί-</span> 
     </span>
    </p>
   </div>
   <div class='ocr_carea' id='block_1_18' title="bbox 202 1647 1781 1722">
    <p class='ocr_par' dir='ltr' id='par_1_18' title="bbox 202 1647 1781 1722">
     <span class='ocr_line' id='line_1_18' title="bbox 202 1647 1781 1722; baseline 0.003 -22"><span class='ocrx_word' id='word_1_114' title='bbox 202 1647 409 1718; x_wconf 74' lang='grc' dir='ltr'>ϐδηλον</span> <span class='ocrx_word' id='word_1_115' title='bbox 438 1648 535 1701; x_wconf 74' lang='grc' dir='ltr'>καὶ</span> <span class='ocrx_word' id='word_1_116' title='bbox 582 1648 863 1720; x_wconf 83' lang='grc' dir='ltr'>ἀπατηλὸν</span> <span class='ocrx_word' id='word_1_117' title='bbox 904 1649 1130 1704; x_wconf 77' lang='grc' dir='ltr'>ἐκείνων</span> <span class='ocrx_word' id='word_1_118' title='bbox 1168 1652 1647 1722; x_wconf 80' lang='grc' dir='ltr'>ἀποπεμπόμενοι,</span> <span class='ocrx_word' id='word_1_119' title='bbox 1688 1652 1781 1705; x_wconf 72' lang='grc' dir='ltr'><strong>ἐπὶ</strong></span> 
     </span>
    </p>
   </div>
   <div class='ocr_carea' id='block_1_19' title="bbox 196 1741 1779 1814">
    <p class='ocr_par' dir='ltr' id='par_1_19' title="bbox 196 1741 1779 1814">
     <span class='ocr_line' id='line_1_19' title="bbox 196 1741 1779 1814; baseline 0.002 -20"><span class='ocrx_word' id='word_1_120' title='bbox 196 1741 302 1812; x_wconf 74' lang='grc' dir='ltr'>τὴν</span> <span class='ocrx_word' id='word_1_121' title='bbox 322 1741 555 1812; x_wconf 73' lang='grc' dir='ltr'>στερεὰν</span> <span class='ocrx_word' id='word_1_122' title='bbox 575 1741 783 1811; x_wconf 80' lang='grc' dir='ltr'>πέτραν</span> <span class='ocrx_word' id='word_1_123' title='bbox 805 1741 1117 1811; x_wconf 79' lang='grc' dir='ltr'>ἀναγκαίως</span> <span class='ocrx_word' id='word_1_124' title='bbox 1140 1745 1233 1796; x_wconf 68' lang='grc' dir='ltr'>καὶ</span> <span class='ocrx_word' id='word_1_125' title='bbox 1249 1744 1387 1811; x_wconf 76' lang='grc' dir='ltr'>ἄγαν</span> <span class='ocrx_word' id='word_1_126' title='bbox 1411 1743 1779 1814; x_wconf 81' lang='grc' dir='ltr'>εὐκαιρότατα</span> 
     </span>
    </p>
   </div>
   <div class='ocr_carea' id='block_1_20' title="bbox 1884 555 3453 627">
    <p class='ocr_par' dir='ltr' id='par_1_20' title="bbox 1884 555 3453 627">
     <span class='ocr_line' id='line_1_20' title="bbox 1884 555 3453 627; baseline -0.001 -14"><span class='ocrx_word' id='word_1_127' title='bbox 1884 567 2252 627; x_wconf 80' lang='lat' dir='ltr'><strong>conspuet-unt</strong></span> <span class='ocrx_word' id='word_1_128' title='bbox 2294 557 2635 611; x_wconf 85' lang='lat' dir='ltr'><strong>manuI&#39;actos</strong></span> <span class='ocrx_word' id='word_1_129' title='bbox 2688 555 2808 611; x_wconf 89' lang='lat' dir='ltr'><strong>illos</strong></span> <span class='ocrx_word' id='word_1_130' title='bbox 2842 556 2991 620; x_wconf 88' lang='lat' dir='ltr'><strong>deos,</strong></span> <span class='ocrx_word' id='word_1_131' title='bbox 3022 565 3076 611; x_wconf 90' lang='lat' dir='ltr'><strong>et</strong></span> <span class='ocrx_word' id='word_1_132' title='bbox 3117 566 3300 610; x_wconf 89' lang='lat' dir='ltr'><strong>mente</strong></span> <span class='ocrx_word' id='word_1_133' title='bbox 3356 571 3453 612; x_wconf 77' lang='lat' dir='ltr'><strong>sua</strong></span> 
     </span>
    </p>
   </div>
   <div class='ocr_carea' id='block_1_21' title="bbox 1883 644 3454 719">
    <p class='ocr_par' dir='ltr' id='par_1_21' title="bbox 1883 644 3454 719">
     <span class='ocr_line' id='line_1_21' title="bbox 1883 644 3454 719; baseline -0.001 -16"><span class='ocrx_word' id='word_1_134' title='bbox 1883 656 2319 719; x_wconf 87' lang='lat' dir='ltr'><strong>proterruerunt,</strong></span> <span class='ocrx_word' id='word_1_135' title='bbox 2349 649 2484 703; x_wconf 84' lang='lat' dir='ltr'><strong>adeo</strong></span> <span class='ocrx_word' id='word_1_136' title='bbox 2515 656 2575 703; x_wconf 90' lang='lat' dir='ltr'><strong>ut</strong></span> <span class='ocrx_word' id='word_1_137' title='bbox 2622 662 2689 703; x_wconf 89' lang='lat' dir='ltr'><strong>ne</strong></span> <span class='ocrx_word' id='word_1_138' title='bbox 2713 646 3030 700; x_wconf 84' lang='lat' dir='ltr'><strong>memoriam</strong></span> <span class='ocrx_word' id='word_1_139' title='bbox 3075 647 3290 716; x_wconf 80' lang='lat' dir='ltr'><strong>quidem</strong></span> <span class='ocrx_word' id='word_1_140' title='bbox 3336 644 3454 701; x_wconf 81' lang='lat' dir='ltr'><strong>illo-</strong></span> 
     </span>
    </p>
   </div>
   <div class='ocr_carea' id='block_1_22' title="bbox 1883 738 3450 812">
    <p class='ocr_par' dir='ltr' id='par_1_22' title="bbox 1883 738 3450 812">
     <span class='ocr_line' id='line_1_22' title="bbox 1883 738 3450 812; baseline -0.004 -17"><span class='ocrx_word' id='word_1_141' title='bbox 1883 756 2003 795; x_wconf 86' lang='lat' dir='ltr'><strong>rum</strong></span> <span class='ocrx_word' id='word_1_142' title='bbox 2037 740 2263 796; x_wconf 88' lang='lat' dir='ltr'><strong>ulterius</strong></span> <span class='ocrx_word' id='word_1_143' title='bbox 2294 741 2407 812; x_wconf 82' lang='lat' dir='ltr'><strong>pati</strong></span> <span class='ocrx_word' id='word_1_144' title='bbox 2434 741 2672 808; x_wconf 87' lang='lat' dir='ltr'><strong>quirent.</strong></span> <span class='ocrx_word' id='word_1_145' title='bbox 2726 739 2838 794; x_wconf 89' lang='lat' dir='ltr'><strong>lmo</strong></span> <span class='ocrx_word' id='word_1_146' title='bbox 2881 747 2936 793; x_wconf 80' lang='lat' dir='ltr'><strong>et</strong></span> <span class='ocrx_word' id='word_1_147' title='bbox 2981 753 3170 793; x_wconf 89' lang='lat' dir='ltr'><strong>eorum</strong></span> <span class='ocrx_word' id='word_1_148' title='bbox 3205 738 3450 804; x_wconf 84' lang='lat' dir='ltr'><strong>materia,</strong></span> 
     </span>
    </p>
   </div>
   <div class='ocr_carea' id='block_1_23' title="bbox 1881 828 3453 900">
    <p class='ocr_par' dir='ltr' id='par_1_23' title="bbox 1881 828 3453 900">
     <span class='ocr_line' id='line_1_23' title="bbox 1881 828 3453 900; baseline -0.003 -14"><span class='ocrx_word' id='word_1_149' title='bbox 1881 831 1982 886; x_wconf 80' lang='lat' dir='ltr'><strong>etsi</strong></span> <span class='ocrx_word' id='word_1_150' title='bbox 2017 845 2048 885; x_wconf 88' lang='lat' dir='ltr'><strong>a</strong></span> <span class='ocrx_word' id='word_1_151' title='bbox 2103 830 2288 885; x_wconf 86' lang='lat' dir='ltr'><strong>multis</strong></span> <span class='ocrx_word' id='word_1_152' title='bbox 2337 830 2732 900; x_wconf 79' lang='lat' dir='ltr'><strong>pretiosissima</strong></span> <span class='ocrx_word' id='word_1_153' title='bbox 2773 828 3169 896; x_wconf 70' lang='lat' dir='ltr'><strong>aestimabatur,</strong></span> <span class='ocrx_word' id='word_1_154' title='bbox 3229 841 3453 898; x_wconf 84' lang='lat' dir='ltr'><strong>propter</strong></span> 
     </span>
    </p>
   </div>
   <div class='ocr_carea' id='block_1_24' title="bbox 1882 920 3452 992">
    <p class='ocr_par' dir='ltr' id='par_1_24' title="bbox 1882 920 3452 992">
     <span class='ocr_line' id='line_1_24' title="bbox 1882 920 3452 992; baseline -0.003 -15"><span class='ocrx_word' id='word_1_155' title='bbox 1882 921 2049 977; x_wconf 79' lang='lat' dir='ltr'><strong>divini</strong></span> <span class='ocrx_word' id='word_1_156' title='bbox 2081 921 2281 977; x_wconf 84' lang='lat' dir='ltr'><strong>amoris</strong></span> <span class='ocrx_word' id='word_1_157' title='bbox 2308 920 2686 988; x_wconf 77' lang='lat' dir='ltr'><strong>eminentiam,</strong></span> <span class='ocrx_word' id='word_1_158' title='bbox 2716 921 2931 989; x_wconf 62' lang='lat' dir='ltr'><strong>abiecta</strong></span> <span class='ocrx_word' id='word_1_159' title='bbox 2958 920 3088 992; x_wconf 83' lang='lat' dir='ltr'><strong>ipsis</strong></span> <span class='ocrx_word' id='word_1_160' title='bbox 3130 928 3186 973; x_wconf 91' lang='lat' dir='ltr'><strong>et</strong></span> <span class='ocrx_word' id='word_1_161' title='bbox 3215 929 3452 975; x_wconf 83' lang='lat' dir='ltr'><strong>contem-</strong></span> 
     </span>
    </p>
   </div>
   <div class='ocr_carea' id='block_1_25' title="bbox 1881 1008 3454 1084">
    <p class='ocr_par' dir='ltr' id='par_1_25' title="bbox 1881 1008 3454 1084">
     <span class='ocr_line' id='line_1_25' title="bbox 1881 1008 3454 1084; baseline -0.003 -17"><span class='ocrx_word' id='word_1_162' title='bbox 1881 1025 1971 1083; x_wconf 82' lang='lat' dir='ltr'><strong>pta</strong></span> <span class='ocrx_word' id='word_1_163' title='bbox 2008 1014 2130 1080; x_wconf 82' lang='lat' dir='ltr'><strong>fuit,</strong></span> <span class='ocrx_word' id='word_1_164' title='bbox 2170 1015 2371 1083; x_wconf 88' lang='lat' dir='ltr'><strong>unique</strong></span> <span class='ocrx_word' id='word_1_165' title='bbox 2425 1012 2536 1068; x_wconf 88' lang='lat' dir='ltr'><strong>Deo</strong></span> <span class='ocrx_word' id='word_1_166' title='bbox 2577 1020 2876 1084; x_wconf 73' lang='lat' dir='ltr'><strong>congruum</strong></span> <span class='ocrx_word' id='word_1_167' title='bbox 2912 1010 3243 1066; x_wconf 73' lang='lat' dir='ltr'><strong>sacriﬁcium</strong></span> <span class='ocrx_word' id='word_1_168' title='bbox 3294 1008 3454 1063; x_wconf 81' lang='lat' dir='ltr'><strong>obtu-</strong></span> 
     </span>
    </p>
   </div>
   <div class='ocr_carea' id='block_1_26' title="bbox 1879 1099 3450 1175">
    <p class='ocr_par' dir='ltr' id='par_1_26' title="bbox 1879 1099 3450 1175">
     <span class='ocr_line' id='line_1_26' title="bbox 1879 1099 3450 1175; baseline -0.003 -15"><span class='ocrx_word' id='word_1_169' title='bbox 1879 1106 2080 1162; x_wconf 85' lang='lat' dir='ltr'><strong>lerunt.</strong></span> <span class='ocrx_word' id='word_1_170' title='bbox 2115 1105 2302 1175; x_wconf 88' lang='lat' dir='ltr'><strong>Itaque</strong></span> <span class='ocrx_word' id='word_1_171' title='bbox 2332 1105 2549 1160; x_wconf 88' lang='lat' dir='ltr'><strong>illorum</strong></span> <span class='ocrx_word' id='word_1_172' title='bbox 2582 1103 2823 1159; x_wconf 78' lang='lat' dir='ltr'><strong>laisitate</strong></span> <span class='ocrx_word' id='word_1_173' title='bbox 2856 1117 2922 1158; x_wconf 86' lang='lat' dir='ltr'><strong>ac</strong></span> <span class='ocrx_word' id='word_1_174' title='bbox 2969 1103 3184 1156; x_wconf 81' lang='lat' dir='ltr'><strong>fallacia</strong></span> <span class='ocrx_word' id='word_1_175' title='bbox 3226 1099 3450 1165; x_wconf 83' lang='lat' dir='ltr'><strong>omissa,</strong></span> 
     </span>
    </p>
   </div>
   <div class='ocr_carea' id='block_1_27' title="bbox 1881 1191 3449 1267">
    <p class='ocr_par' dir='ltr' id='par_1_27' title="bbox 1881 1191 3449 1267">
     <span class='ocr_line' id='line_1_27' title="bbox 1881 1191 3449 1267; baseline -0.004 -16"><span class='ocrx_word' id='word_1_176' title='bbox 1881 1197 1948 1251; x_wconf 83' lang='lat' dir='ltr'><strong>ad</strong></span> <span class='ocrx_word' id='word_1_177' title='bbox 1977 1197 2185 1251; x_wconf 90' lang='lat' dir='ltr'><strong>llrmam</strong></span> <span class='ocrx_word' id='word_1_178' title='bbox 2211 1206 2418 1267; x_wconf 75' lang='lat' dir='ltr'><strong>petram</strong></span> <span class='ocrx_word' id='word_1_179' title='bbox 2452 1196 2767 1252; x_wconf 85' lang='lat' dir='ltr'><strong>necessario</strong></span> <span class='ocrx_word' id='word_1_180' title='bbox 2800 1206 2852 1250; x_wconf 89' lang='lat' dir='ltr'><strong>et</strong></span> <span class='ocrx_word' id='word_1_181' title='bbox 2883 1194 3206 1263; x_wconf 88' lang='lat' dir='ltr'><strong>tempestive</strong></span> <span class='ocrx_word' id='word_1_182' title='bbox 3235 1193 3286 1246; x_wconf 93' lang='lat' dir='ltr'><strong>in</strong></span> <span class='ocrx_word' id='word_1_183' title='bbox 3339 1191 3449 1259; x_wconf 83' lang='lat' dir='ltr'><strong>pri-</strong></span> 
     </span>
    </p>
   </div>
   <div class='ocr_carea' id='block_1_28' title="bbox 1881 1281 3452 1355">
    <p class='ocr_par' dir='ltr' id='par_1_28' title="bbox 1881 1281 3452 1355">
     <span class='ocr_line' id='line_1_28' title="bbox 1881 1281 3452 1355; baseline -0.003 -15"><span class='ocrx_word' id='word_1_184' title='bbox 1881 1287 1985 1341; x_wconf 85' lang='lat' dir='ltr'><strong>mis</strong></span> <span class='ocrx_word' id='word_1_185' title='bbox 2026 1295 2381 1353; x_wconf 88' lang='lat' dir='ltr'><strong>acurreruut;</strong></span> <span class='ocrx_word' id='word_1_186' title='bbox 2432 1300 2551 1352; x_wconf 61' lang='lat' dir='ltr'><strong>quae</strong></span> <span class='ocrx_word' id='word_1_187' title='bbox 2601 1285 2821 1355; x_wconf 77' lang='lat' dir='ltr'><strong>quidem</strong></span> <span class='ocrx_word' id='word_1_188' title='bbox 2866 1285 3118 1340; x_wconf 86' lang='lat' dir='ltr'><strong>Christus</strong></span> <span class='ocrx_word' id='word_1_189' title='bbox 3163 1291 3247 1338; x_wconf 88' lang='lat' dir='ltr'><strong>est</strong></span> <span class='ocrx_word' id='word_1_190' title='bbox 3308 1281 3452 1336; x_wconf 87' lang='lat' dir='ltr'><strong>Deus</strong></span> 
     </span>
    </p>
   </div>
   <div class='ocr_carea' id='block_1_29' title="bbox 1883 1369 3452 1445">
    <p class='ocr_par' dir='ltr' id='par_1_29' title="bbox 1883 1369 3452 1445">
     <span class='ocr_line' id='line_1_29' title="bbox 1883 1369 3452 1445; baseline -0.003 -17"><span class='ocrx_word' id='word_1_191' title='bbox 1883 1385 2088 1439; x_wconf 89' lang='lat' dir='ltr'><strong>noster,</strong></span> <span class='ocrx_word' id='word_1_192' title='bbox 2118 1384 2181 1429; x_wconf 79' lang='lat' dir='ltr'><strong>‘ut</strong></span> <span class='ocrx_word' id='word_1_193' title='bbox 2206 1383 2406 1430; x_wconf 72' lang='lat' dir='ltr'><strong>nostrae</strong></span> <span class='ocrx_word' id='word_1_194' title='bbox 2436 1374 2718 1445; x_wconf 64' lang='lat' dir='ltr'><strong>theologia:</strong></span> <span class='ocrx_word' id='word_1_195' title='bbox 2746 1374 2993 1428; x_wconf 80' lang='lat' dir='ltr'><strong>doctrina</strong></span> <span class='ocrx_word' id='word_1_196' title='bbox 3044 1371 3323 1441; x_wconf 83' lang='lat' dir='ltr'><strong>percallet.</strong></span> <span class='ocrx_word' id='word_1_197' title='bbox 3359 1369 3452 1425; x_wconf 84' lang='lat' dir='ltr'><strong>Ait</strong></span> 
     </span>
    </p>
   </div>
   <div class='ocr_carea' id='block_1_30' title="bbox 1880 1464 3451 1536">
    <p class='ocr_par' dir='ltr' id='par_1_30' title="bbox 1880 1464 3451 1536">
     <span class='ocr_line' id='line_1_30' title="bbox 1880 1464 3451 1536; baseline -0.003 -17"><span class='ocrx_word' id='word_1_198' title='bbox 1880 1467 2023 1520; x_wconf 88' lang='lat' dir='ltr'><strong>enim</strong></span> <span class='ocrx_word' id='word_1_199' title='bbox 2061 1468 2152 1536; x_wconf 90' lang='lat' dir='ltr'><strong>qui</strong></span> <span class='ocrx_word' id='word_1_200' title='bbox 2217 1466 2630 1536; x_wconf 90' lang='lat' dir='ltr'><strong>comprehendit</strong></span> <span class='ocrx_word' id='word_1_201' title='bbox 2685 1477 2954 1535; x_wconf 90' lang='lat' dir='ltr'><strong>quatenus</strong></span> <span class='ocrx_word' id='word_1_202' title='bbox 3024 1464 3451 1531; x_wconf 88' lang='lat' dir='ltr'><strong>comprehensus</strong></span> 
     </span>
    </p>
   </div>
   <div class='ocr_carea' id='block_1_31' title="bbox 1882 1553 3452 1627">
    <p class='ocr_par' dir='ltr' id='par_1_31' title="bbox 1882 1553 3452 1627">
     <span class='ocr_line' id='line_1_31' title="bbox 1882 1553 3452 1627; baseline -0.003 -18"><span class='ocrx_word' id='word_1_203' title='bbox 1882 1556 1982 1611; x_wconf 84' lang='lat' dir='ltr'><strong>fuit</strong></span> <span class='ocrx_word' id='word_1_204' title='bbox 2005 1558 2023 1590; x_wconf 85' lang='grc'>¹</span> <span class='ocrx_word' id='word_1_205' title='bbox 2050 1576 2064 1612; x_wconf 88' lang='lat'><strong>:</strong></span> <span class='ocrx_word' id='word_1_206' title='bbox 2104 1557 2381 1623; x_wconf 83' lang='lat' dir='ltr'><strong>Quomodo</strong></span> <span class='ocrx_word' id='word_1_207' title='bbox 2411 1567 2591 1627; x_wconf 85' lang='lat' dir='ltr'><strong>patres</strong></span> <span class='ocrx_word' id='word_1_208' title='bbox 2619 1558 2785 1612; x_wconf 84' lang='lat' dir='ltr'><strong>nostri</strong></span> <span class='ocrx_word' id='word_1_209' title='bbox 2814 1571 2991 1611; x_wconf 77' lang='lat' dir='ltr'><strong>omnes</strong></span> <span class='ocrx_word' id='word_1_210' title='bbox 3010 1553 3244 1608; x_wconf 80' lang='lat' dir='ltr'><strong>eamdem</strong></span> <span class='ocrx_word' id='word_1_211' title='bbox 3277 1566 3452 1605; x_wconf 86' lang='lat' dir='ltr'><strong>escam</strong></span> 
     </span>
    </p>
   </div>
   <div class='ocr_carea' id='block_1_32' title="bbox 1880 1649 3451 1719">
    <p class='ocr_par' dir='ltr' id='par_1_32' title="bbox 1880 1649 3451 1719">
     <span class='ocr_line' id='line_1_32' title="bbox 1880 1649 3451 1719; baseline -0.004 -17"><span class='ocrx_word' id='word_1_212' title='bbox 1880 1649 2170 1719; x_wconf 72' lang='lat' dir='ltr'><strong>spiritalem</strong></span> <span class='ocrx_word' id='word_1_213' title='bbox 2209 1650 2685 1714; x_wconf 72' lang='lat' dir='ltr'><strong>manducat&#39;eruut,</strong></span> <span class='ocrx_word' id='word_1_214' title='bbox 2710 1659 2758 1704; x_wconf 84' lang='lat' dir='ltr'><strong>et</strong></span> <span class='ocrx_word' id='word_1_215' title='bbox 2796 1664 2974 1703; x_wconf 83' lang='lat' dir='ltr'><strong>omnes</strong></span> <span class='ocrx_word' id='word_1_216' title='bbox 3007 1650 3245 1701; x_wconf 84' lang='lat' dir='ltr'><strong>eumdem</strong></span> <span class='ocrx_word' id='word_1_217' title='bbox 3273 1656 3451 1712; x_wconf 87' lang='lat' dir='ltr'><strong>potum</strong></span> 
     </span>
    </p>
   </div>
   <div class='ocr_carea' id='block_1_33' title="bbox 1880 1736 3449 1810">
    <p class='ocr_par' dir='ltr' id='par_1_33' title="bbox 1880 1736 3449 1810">
     <span class='ocr_line' id='line_1_33' title="bbox 1880 1736 3449 1810; baseline -0.004 -16"><span class='ocrx_word' id='word_1_218' title='bbox 1880 1741 2169 1810; x_wconf 69' lang='lat' dir='ltr'><strong>spiritalem</strong></span> <span class='ocrx_word' id='word_1_219' title='bbox 2188 1741 2445 1795; x_wconf 79' lang='lat' dir='ltr'><strong>biberunt.</strong></span> <span class='ocrx_word' id='word_1_220' title='bbox 2486 1741 2738 1795; x_wconf 86' lang='lat' dir='ltr'><strong>Bibebant</strong></span> <span class='ocrx_word' id='word_1_221' title='bbox 2771 1740 2907 1794; x_wconf 79' lang='lat' dir='ltr'><strong>enim</strong></span> <span class='ocrx_word' id='word_1_222' title='bbox 2961 1754 3026 1793; x_wconf 82' lang='lat' dir='ltr'><strong>ea:</strong></span> <span class='ocrx_word' id='word_1_223' title='bbox 3080 1736 3310 1806; x_wconf 71' lang='lat' dir='ltr'><strong>spiritali</strong></span> <span class='ocrx_word' id='word_1_224' title='bbox 3363 1751 3449 1788; x_wconf 51' lang='lat' dir='ltr'><strong>se.</strong></span> 
     </span>
    </p>
   </div>
   <div class='ocr_carea' id='block_1_34' title="bbox 196 1826 1799 1904">
    <p class='ocr_par' dir='ltr' id='par_1_34' title="bbox 196 1833 1776 1904">
     <span class='ocr_line' id='line_1_34' title="bbox 196 1833 1776 1904; baseline 0 -18"><span class='ocrx_word' id='word_1_225' title='bbox 196 1834 533 1903; x_wconf 76' lang='grc' dir='ltr'>ἠπείγοντο·</span> <span class='ocrx_word' id='word_1_226' title='bbox 569 1834 604 1903; x_wconf 82' lang='grc' dir='ltr'>ὴ</span> <span class='ocrx_word' id='word_1_227' title='bbox 629 1833 686 1884; x_wconf 70' lang='grc' dir='ltr'>δέ</span> <span class='ocrx_word' id='word_1_228' title='bbox 714 1834 883 1897; x_wconf 78' lang='grc' dir='ltr'>ἐστιν,</span> <span class='ocrx_word' id='word_1_229' title='bbox 934 1833 1010 1896; x_wconf 86' lang='grc' dir='ltr'><strong>ὡς</strong></span> <span class='ocrx_word' id='word_1_230' title='bbox 1042 1836 1071 1887; x_wconf 88' lang='grc' dir='ltr'><strong>ό</strong></span> <span class='ocrx_word' id='word_1_231' title='bbox 1091 1835 1188 1904; x_wconf 83' lang='grc' dir='ltr'>τῆς</span> <span class='ocrx_word' id='word_1_232' title='bbox 1236 1833 1359 1888; x_wconf 84' lang='grc' dir='ltr'>καθ’</span> <span class='ocrx_word' id='word_1_233' title='bbox 1388 1836 1538 1904; x_wconf 73' lang='grc' dir='ltr'>ἡμᾶς</span> <span class='ocrx_word' id='word_1_234' title='bbox 1590 1834 1776 1887; x_wconf 87' lang='grc' dir='ltr'>θεοσο-</span> 
     </span>
    </p>
   </div>
   <div class='ocr_carea' id='block_1_35' title="bbox 1883 1826 3448 1904">
    <p class='ocr_par' dir='ltr' id='par_1_35' title="bbox 1883 1826 3448 1903">
     <span class='ocr_line' id='line_1_35' title="bbox 1883 1826 3448 1903; baseline -0.003 -18"><span class='ocrx_word' id='word_1_235' title='bbox 1883 1841 2064 1903; x_wconf 72' lang='lat' dir='ltr'><strong>attente</strong></span> <span class='ocrx_word' id='word_1_236' title='bbox 2103 1847 2190 1887; x_wconf 80' lang='lat' dir='ltr'><strong>eos</strong></span> <span class='ocrx_word' id='word_1_237' title='bbox 2215 1842 2367 1899; x_wconf 80' lang='lat' dir='ltr'><strong>petra</strong></span> <span class='ocrx_word' id='word_1_238' title='bbox 2393 1871 2408 1894; x_wconf 91' lang='lat'><strong>,</strong></span> <span class='ocrx_word' id='word_1_239' title='bbox 2449 1840 2601 1901; x_wconf 83' lang='lat' dir='ltr'><strong>petra</strong></span> <span class='ocrx_word' id='word_1_240' title='bbox 2629 1843 2805 1885; x_wconf 85' lang='lat' dir='ltr'><strong>autem</strong></span> <span class='ocrx_word' id='word_1_241' title='bbox 2845 1842 2959 1885; x_wconf 87' lang='lat' dir='ltr'><strong>erat</strong></span> <span class='ocrx_word' id='word_1_242' title='bbox 2991 1828 3228 1883; x_wconf 77' lang='lat' dir='ltr'><strong>Christus</strong></span> <span class='ocrx_word' id='word_1_243' title='bbox 3250 1828 3294 1882; x_wconf 79' lang='grc'><strong>⁸.</strong></span> <span class='ocrx_word' id='word_1_244' title='bbox 3346 1826 3448 1891; x_wconf 86' lang='lat' dir='ltr'><strong>Qui</strong></span> 
     </span>
    </p>
   </div>
   <div class='ocr_carea' id='block_1_36' title="bbox 199 1924 1774 1997">
    <p class='ocr_par' dir='ltr' id='par_1_36' title="bbox 199 1924 1774 1997">
     <span class='ocr_line' id='line_1_36' title="bbox 199 1924 1774 1997; baseline 0.001 -20"><span class='ocrx_word' id='word_1_245' title='bbox 199 1926 331 1996; x_wconf 83' lang='grc' dir='ltr'>φίας</span> <span class='ocrx_word' id='word_1_246' title='bbox 368 1924 720 1990; x_wconf 79' lang='grc' dir='ltr'>ἐξεπίσταται</span> <span class='ocrx_word' id='word_1_247' title='bbox 752 1925 938 1993; x_wconf 67' lang='grc' dir='ltr'>λόγος,</span> <span class='ocrx_word' id='word_1_248' title='bbox 966 1928 993 1979; x_wconf 87' lang='grc' dir='ltr'><strong>ό</strong></span> <span class='ocrx_word' id='word_1_249' title='bbox 1024 1926 1259 1995; x_wconf 77' lang='grc' dir='ltr'>Χριστὸς</span> <span class='ocrx_word' id='word_1_250' title='bbox 1290 1927 1383 1979; x_wconf 80' lang='grc' dir='ltr'>καὶ</span> <span class='ocrx_word' id='word_1_251' title='bbox 1404 1927 1537 1989; x_wconf 81' lang='grc' dir='ltr'>Θεὸς</span> <span class='ocrx_word' id='word_1_252' title='bbox 1576 1925 1734 1997; x_wconf 76' lang='grc' dir='ltr'>ἡμῶν</span> <span class='ocrx_word' id='word_1_253' title='bbox 1758 1942 1774 1959; x_wconf 77' lang='grc'><strong><em>⁸</em></strong></span> 
     </span>
    </p>
   </div>
   <div class='ocr_carea' id='block_1_37' title="bbox 198 2015 1778 2089">
    <p class='ocr_par' dir='ltr' id='par_1_37' title="bbox 198 2015 1778 2089">
     <span class='ocr_line' id='line_1_37' title="bbox 198 2015 1778 2089; baseline -0.006 -17"><span class='ocrx_word' id='word_1_254' title='bbox 198 2018 340 2089; x_wconf 77' lang='grc' dir='ltr'>φησὶ</span> <span class='ocrx_word' id='word_1_255' title='bbox 371 2017 482 2088; x_wconf 86' lang='grc' dir='ltr'><strong>γὰρ</strong></span> <span class='ocrx_word' id='word_1_256' title='bbox 506 2019 535 2069; x_wconf 88' lang='grc' dir='ltr'><strong>ό</strong></span> <span class='ocrx_word' id='word_1_257' title='bbox 563 2016 887 2070; x_wconf 80' lang='grc' dir='ltr'>καταλαϐὼν</span> <span class='ocrx_word' id='word_1_258' title='bbox 917 2017 1044 2071; x_wconf 81' lang='grc' dir='ltr'>ὅσον</span> <span class='ocrx_word' id='word_1_259' title='bbox 1066 2017 1379 2089; x_wconf 81' lang='grc' dir='ltr'>κατελήφθη</span> <span class='ocrx_word' id='word_1_260' title='bbox 1400 2034 1417 2049; x_wconf 78' lang='grc' dir='ltr'><strong>ο</strong></span> <span class='ocrx_word' id='word_1_261' title='bbox 1458 2015 1561 2084; x_wconf 81' lang='grc' dir='ltr'>Ὡς</span> <span class='ocrx_word' id='word_1_262' title='bbox 1588 2020 1642 2071; x_wconf 79' lang='grc' dir='ltr'>οι</span> <span class='ocrx_word' id='word_1_263' title='bbox 1668 2033 1778 2071; x_wconf 78' lang='grc' dir='ltr'>πα.</span> 
     </span>
    </p>
   </div>
   <div class='ocr_carea' id='block_1_38' title="bbox 196 2104 1777 2179">
    <p class='ocr_par' dir='ltr' id='par_1_38' title="bbox 196 2104 1777 2179">
     <span class='ocr_line' id='line_1_38' title="bbox 196 2104 1777 2179; baseline 0 -16"><span class='ocrx_word' id='word_1_264' title='bbox 196 2104 373 2176; x_wconf 54' lang='lat' dir='ltr'><strong>(ipse</strong></span> <span class='ocrx_word' id='word_1_265' title='bbox 396 2108 564 2175; x_wconf 74' lang='grc' dir='ltr'>ἡμῶν</span> <span class='ocrx_word' id='word_1_266' title='bbox 592 2107 819 2174; x_wconf 78' lang='grc' dir='ltr'>πάντες</span> <span class='ocrx_word' id='word_1_267' title='bbox 856 2109 920 2162; x_wconf 83' lang='grc' dir='ltr'>τὸ</span> <span class='ocrx_word' id='word_1_268' title='bbox 954 2109 1102 2163; x_wconf 82' lang='grc' dir='ltr'>αὐτὸ</span> <span class='ocrx_word' id='word_1_269' title='bbox 1127 2109 1341 2179; x_wconf 81' lang='grc' dir='ltr'>,ϐρῶμα</span> <span class='ocrx_word' id='word_1_270' title='bbox 1371 2108 1777 2177; x_wconf 73' lang='grc' dir='ltr'>πνευματικόν</span> 
     </span>
    </p>
   </div>
   <div class='ocr_carea' id='block_1_39' title="bbox 194 2195 1776 2267">
    <p class='ocr_par' dir='ltr' id='par_1_39' title="bbox 194 2195 1776 2267">
     <span class='ocr_line' id='line_1_39' title="bbox 194 2195 1776 2267; baseline 0.003 -19"><span class='ocrx_word' id='word_1_271' title='bbox 194 2195 457 2264; x_wconf 57' lang='grc' dir='ltr'>ἔφαγον,</span> <span class='ocrx_word' id='word_1_272' title='bbox 503 2196 602 2249; x_wconf 79' lang='grc' dir='ltr'>καὶ</span> <span class='ocrx_word' id='word_1_273' title='bbox 634 2195 858 2263; x_wconf 77' lang='grc' dir='ltr'>πάντες</span> <span class='ocrx_word' id='word_1_274' title='bbox 880 2196 945 2250; x_wconf 86' lang='grc' dir='ltr'>τὸ</span> <span class='ocrx_word' id='word_1_275' title='bbox 992 2198 1139 2252; x_wconf 81' lang='grc' dir='ltr'>αὐτὸ</span> <span class='ocrx_word' id='word_1_276' title='bbox 1169 2201 1330 2267; x_wconf 80' lang='grc' dir='ltr'>πόμα</span> <span class='ocrx_word' id='word_1_277' title='bbox 1369 2198 1776 2267; x_wconf 80' lang='grc' dir='ltr'>πνευματικὸν</span> 
     </span>
    </p>
   </div>
   <div class='ocr_carea' id='block_1_40' title="bbox 193 2284 1777 2357">
    <p class='ocr_par' dir='ltr' id='par_1_40' title="bbox 193 2284 1777 2357">
     <span class='ocr_line' id='line_1_40' title="bbox 193 2284 1777 2357; baseline 0.003 -17"><span class='ocrx_word' id='word_1_278' title='bbox 193 2286 384 2340; x_wconf 75' lang='grc' dir='ltr'>ἔπιον</span> <span class='ocrx_word' id='word_1_279' title='bbox 406 2299 421 2314; x_wconf 90' lang='grc'><strong>·</strong></span> <span class='ocrx_word' id='word_1_280' title='bbox 471 2284 686 2340; x_wconf 73' lang='grc' dir='ltr'>ἔπινον</span> <span class='ocrx_word' id='word_1_281' title='bbox 712 2287 821 2355; x_wconf 74' lang='grc' dir='ltr'>γὰρ</span> <span class='ocrx_word' id='word_1_282' title='bbox 853 2287 924 2340; x_wconf 80' lang='grc' dir='ltr'>ἐκ</span> <span class='ocrx_word' id='word_1_283' title='bbox 951 2288 1360 2357; x_wconf 80' lang='grc' dir='ltr'>πνευματικῆς</span> <span class='ocrx_word' id='word_1_284' title='bbox 1410 2289 1777 2344; x_wconf 67' lang='grc' dir='ltr'>ἀκολουθοὺι</span> 
     </span>
    </p>
   </div>
   <div class='ocr_carea' id='block_1_41' title="bbox 193 2376 1776 2449">
    <p class='ocr_par' dir='ltr' id='par_1_41' title="bbox 193 2376 1776 2449">
     <span class='ocr_line' id='line_1_41' title="bbox 193 2376 1776 2449; baseline 0.002 -17"><span class='ocrx_word' id='word_1_285' title='bbox 193 2392 325 2443; x_wconf 83' lang='grc' dir='ltr'>σης</span> <span class='ocrx_word' id='word_1_286' title='bbox 378 2378 622 2445; x_wconf 82' lang='grc' dir='ltr'>πέτρας,</span> <span class='ocrx_word' id='word_1_287' title='bbox 655 2377 694 2444; x_wconf 82' lang='grc' dir='ltr'><strong><em>ἠ</em></strong></span> <span class='ocrx_word' id='word_1_288' title='bbox 740 2377 810 2431; x_wconf 80' lang='grc' dir='ltr'>δὲ</span> <span class='ocrx_word' id='word_1_289' title='bbox 845 2378 1033 2447; x_wconf 79' lang='grc' dir='ltr'>πέτρα</span> <span class='ocrx_word' id='word_1_290' title='bbox 1059 2376 1138 2449; x_wconf 87' lang='grc' dir='ltr'>ἦν</span> <span class='ocrx_word' id='word_1_291' title='bbox 1164 2383 1197 2434; x_wconf 81' lang='grc' dir='ltr'><em>ὁ</em></span> <span class='ocrx_word' id='word_1_292' title='bbox 1223 2380 1499 2448; x_wconf 78' lang='grc' dir='ltr'>Χριστός.</span> <span class='ocrx_word' id='word_1_293' title='bbox 1543 2381 1602 2435; x_wconf 86' lang='lat'><strong>&#39;0</strong></span> <span class='ocrx_word' id='word_1_294' title='bbox 1629 2381 1675 2434; x_wconf 86' lang='grc' dir='ltr'>δ’</span> <span class='ocrx_word' id='word_1_295' title='bbox 1708 2378 1776 2435; x_wconf 82' lang='grc' dir='ltr'>αὖ</span> 
     </span>
    </p>
   </div>
   <div class='ocr_carea' id='block_1_42' title="bbox 192 2468 1776 2544">
    <p class='ocr_par' dir='ltr' id='par_1_42' title="bbox 192 2468 1776 2544">
     <span class='ocr_line' id='line_1_42' title="bbox 192 2468 1776 2544; baseline 0.003 -22"><span class='ocrx_word' id='word_1_296' title='bbox 192 2468 620 2540; x_wconf 80' lang='grc' dir='ltr'>κεκαθαρμένον</span> <span class='ocrx_word' id='word_1_297' title='bbox 648 2469 710 2522; x_wconf 78' lang='grc' dir='ltr'><strong>τὺ</strong></span> <span class='ocrx_word' id='word_1_298' title='bbox 738 2470 838 2540; x_wconf 78' lang='grc' dir='ltr'>τῆς</span> <span class='ocrx_word' id='word_1_299' title='bbox 862 2469 1039 2541; x_wconf 78' lang='grc' dir='ltr'>ψυχῆς</span> <span class='ocrx_word' id='word_1_300' title='bbox 1072 2470 1225 2539; x_wconf 72' lang='grc' dir='ltr'>ὄμμα</span> <span class='ocrx_word' id='word_1_301' title='bbox 1254 2473 1347 2525; x_wconf 78' lang='grc' dir='ltr'>καὶ</span> <span class='ocrx_word' id='word_1_302' title='bbox 1368 2473 1592 2540; x_wconf 85' lang='grc' dir='ltr'>διαυγὲς</span> <span class='ocrx_word' id='word_1_303' title='bbox 1617 2474 1776 2544; x_wconf 79' lang='grc' dir='ltr'>ἔχων,</span> 
     </span>
    </p>
   </div>
   <div class='ocr_carea' id='block_1_43' title="bbox 207 2561 1776 2639">
    <p class='ocr_par' dir='ltr' id='par_1_43' title="bbox 207 2561 1776 2639">
     <span class='ocr_line' id='line_1_43' title="bbox 207 2561 1776 2639; baseline 0.004 -25"><span class='ocrx_word' id='word_1_304' title='bbox 207 2561 376 2639; x_wconf 59' lang='grc' dir='ltr'>Ἰδοὺ</span> <span class='ocrx_word' id='word_1_305' title='bbox 402 2562 623 2630; x_wconf 82' lang='grc' dir='ltr'>τίθημι,</span> <span class='ocrx_word' id='word_1_306' title='bbox 650 2561 777 2632; x_wconf 73' lang='grc' dir='ltr'>ἔφη,</span> <span class='ocrx_word' id='word_1_307' title='bbox 812 2563 884 2616; x_wconf 84' lang='grc' dir='ltr'>ἐν</span> <span class='ocrx_word' id='word_1_308' title='bbox 919 2561 1073 2617; x_wconf 82' lang='grc' dir='ltr'>Σιὼν</span> <span class='ocrx_word' id='word_1_309' title='bbox 1094 2565 1267 2617; x_wconf 75' lang='grc' dir='ltr'>λίθον</span> <span class='ocrx_word' id='word_1_310' title='bbox 1299 2566 1776 2635; x_wconf 79' lang='grc' dir='ltr'>προσκόμματος,</span> 
     </span>
    </p>
   </div>
   <div class='ocr_carea' id='block_1_44' title="bbox 195 2651 1779 2720">
    <p class='ocr_par' dir='ltr' id='par_1_44' title="bbox 195 2651 1779 2720">
     <span class='ocr_line' id='line_1_44' title="bbox 195 2651 1779 2720; baseline 0.004 -15"><span class='ocrx_word' id='word_1_311' title='bbox 195 2653 301 2705; x_wconf 73' lang='grc' dir='ltr'>καὶ</span> <span class='ocrx_word' id='word_1_312' title='bbox 339 2651 569 2720; x_wconf 74' lang='grc' dir='ltr'>πέτραν</span> <span class='ocrx_word' id='word_1_313' title='bbox 596 2652 988 2708; x_wconf 73' lang='grc' dir='ltr'><strong>σκανδάλου·</strong></span> <span class='ocrx_word' id='word_1_314' title='bbox 1019 2655 1116 2707; x_wconf 80' lang='grc' dir='ltr'>καὶ</span> <span class='ocrx_word' id='word_1_315' title='bbox 1141 2654 1256 2718; x_wconf 85' lang='grc' dir='ltr'>πᾶς</span> <span class='ocrx_word' id='word_1_316' title='bbox 1282 2658 1316 2709; x_wconf 81' lang='grc' dir='ltr'><em>ὁ</em></span> <span class='ocrx_word' id='word_1_317' title='bbox 1344 2658 1647 2711; x_wconf 77' lang='grc' dir='ltr'>πιστεύων</span> <span class='ocrx_word' id='word_1_318' title='bbox 1684 2658 1779 2711; x_wconf 85' lang='grc' dir='ltr'><strong>ἐπ’</strong></span> 
     </span>
    </p>
   </div>
   <div class='ocr_carea' id='block_1_45' title="bbox 1880 1918 3440 1993">
    <p class='ocr_par' dir='ltr' id='par_1_45' title="bbox 1880 1918 3440 1993">
     <span class='ocr_line' id='line_1_45' title="bbox 1880 1918 3440 1993; baseline -0.003 -17"><span class='ocrx_word' id='word_1_319' title='bbox 1880 1940 2009 1978; x_wconf 83' lang='lat' dir='ltr'><strong>vero</strong></span> <span class='ocrx_word' id='word_1_320' title='bbox 2036 1932 2321 1993; x_wconf 75' lang='lat' dir='ltr'><strong>purgatum</strong></span> <span class='ocrx_word' id='word_1_321' title='bbox 2351 1924 2803 1993; x_wconf 85' lang='lat' dir='ltr'><strong>perlucidumque</strong></span> <span class='ocrx_word' id='word_1_322' title='bbox 2834 1922 3030 1976; x_wconf 70' lang='lat' dir='ltr'><strong>anima:</strong></span> <span class='ocrx_word' id='word_1_323' title='bbox 3075 1920 3291 1974; x_wconf 87' lang='lat' dir='ltr'><strong>oculum</strong></span> <span class='ocrx_word' id='word_1_324' title='bbox 3338 1918 3440 1972; x_wconf 85' lang='lat' dir='ltr'><strong>ha-</strong></span> 
     </span>
    </p>
   </div>
   <div class='ocr_carea' id='block_1_46' title="bbox 1878 2009 3449 2082">
    <p class='ocr_par' dir='ltr' id='par_1_46' title="bbox 1878 2009 3449 2082">
     <span class='ocr_line' id='line_1_46' title="bbox 1878 2009 3449 2082; baseline -0.005 -13"><span class='ocrx_word' id='word_1_325' title='bbox 1878 2015 2075 2070; x_wconf 87' lang='lat' dir='ltr'><strong>bebat:</strong></span> <span class='ocrx_word' id='word_1_326' title='bbox 2114 2016 2249 2067; x_wconf 79' lang='lat' dir='ltr'><strong>Ecce</strong></span> <span class='ocrx_word' id='word_1_327' title='bbox 2273 2030 2432 2081; x_wconf 85' lang='lat' dir='ltr'><strong>pono,</strong></span> <span class='ocrx_word' id='word_1_328' title='bbox 2457 2014 2631 2082; x_wconf 84' lang='lat' dir='ltr'><strong>inquit</strong></span> <span class='ocrx_word' id='word_1_329' title='bbox 2656 2013 2697 2079; x_wconf 85' lang='grc'>⁸,</span> <span class='ocrx_word' id='word_1_330' title='bbox 2724 2014 2778 2067; x_wconf 78' lang='lat' dir='ltr'><strong>in</strong></span> <span class='ocrx_word' id='word_1_331' title='bbox 2816 2011 2976 2068; x_wconf 82' lang='lat' dir='ltr'><strong>Sione</strong></span> <span class='ocrx_word' id='word_1_332' title='bbox 3017 2011 3243 2077; x_wconf 86' lang='lat' dir='ltr'><strong>lapidem</strong></span> <span class='ocrx_word' id='word_1_333' title='bbox 3283 2009 3449 2076; x_wconf 80' lang='lat' dir='ltr'><strong>o/Ieu-</strong></span> 
     </span>
    </p>
   </div>
   <div class='ocr_carea' id='block_1_47' title="bbox 1876 2102 3448 2174">
    <p class='ocr_par' dir='ltr' id='par_1_47' title="bbox 1876 2102 3448 2174">
     <span class='ocr_line' id='line_1_47' title="bbox 1876 2102 3448 2174; baseline -0.003 -14"><span class='ocrx_word' id='word_1_334' title='bbox 1876 2108 2060 2173; x_wconf 79' lang='lat' dir='ltr'><strong>diculi,</strong></span> <span class='ocrx_word' id='word_1_335' title='bbox 2096 2117 2143 2160; x_wconf 85' lang='lat' dir='ltr'><strong>et</strong></span> <span class='ocrx_word' id='word_1_336' title='bbox 2174 2117 2373 2174; x_wconf 81' lang='lat' dir='ltr'><strong>petram</strong></span> <span class='ocrx_word' id='word_1_337' title='bbox 2426 2106 2709 2171; x_wconf 81' lang='lat' dir='ltr'><strong>scandali;</strong></span> <span class='ocrx_word' id='word_1_338' title='bbox 2760 2116 2807 2160; x_wconf 86' lang='lat' dir='ltr'><strong>et</strong></span> <span class='ocrx_word' id='word_1_339' title='bbox 2849 2105 3018 2160; x_wconf 76' lang='lat' dir='ltr'><strong>omnis</strong></span> <span class='ocrx_word' id='word_1_340' title='bbox 3049 2105 3138 2173; x_wconf 84' lang='lat' dir='ltr'><strong>qui</strong></span> <span class='ocrx_word' id='word_1_341' title='bbox 3180 2104 3343 2157; x_wconf 81' lang='lat' dir='ltr'><strong>credit</strong></span> <span class='ocrx_word' id='word_1_342' title='bbox 3390 2102 3448 2156; x_wconf 79' lang='lat' dir='ltr'><strong>in</strong></span> 
     </span>
    </p>
   </div>
   <div class='ocr_carea' id='block_1_48' title="bbox 1875 2196 3448 2267">
    <p class='ocr_par' dir='ltr' id='par_1_48' title="bbox 1875 2196 3448 2267">
     <span class='ocr_line' id='line_1_48' title="bbox 1875 2196 3448 2267; baseline -0.003 -15"><span class='ocrx_word' id='word_1_343' title='bbox 1875 2196 2050 2261; x_wconf 82' lang='lat' dir='ltr'><strong>illum,</strong></span> <span class='ocrx_word' id='word_1_344' title='bbox 2108 2214 2214 2253; x_wconf 79' lang='lat' dir='ltr'><strong>non</strong></span> <span class='ocrx_word' id='word_1_345' title='bbox 2280 2197 2697 2267; x_wconf 77' lang='lat' dir='ltr'><strong>confundetur;</strong></span> <span class='ocrx_word' id='word_1_346' title='bbox 2748 2197 2876 2251; x_wconf 91' lang='lat' dir='ltr'><strong>illud</strong></span> <span class='ocrx_word' id='word_1_347' title='bbox 2948 2196 3166 2264; x_wconf 84' lang='lat' dir='ltr'><strong>quidem</strong></span> <span class='ocrx_word' id='word_1_348' title='bbox 3227 2204 3448 2264; x_wconf 81' lang='lat' dir='ltr'><strong>prepter</strong></span> 
     </span>
    </p>
   </div>
   <div class='ocr_carea' id='block_1_49' title="bbox 1876 2284 3449 2359">
    <p class='ocr_par' dir='ltr' id='par_1_49' title="bbox 1876 2284 3449 2359">
     <span class='ocr_line' id='line_1_49' title="bbox 1876 2284 3449 2359; baseline -0.003 -15"><span class='ocrx_word' id='word_1_349' title='bbox 1876 2289 2190 2353; x_wconf 79' lang='lat' dir='ltr'><strong>oli&#39;ensores,</strong></span> <span class='ocrx_word' id='word_1_350' title='bbox 2231 2290 2333 2345; x_wconf 91' lang='lat' dir='ltr'><strong>hoc</strong></span> <span class='ocrx_word' id='word_1_351' title='bbox 2366 2302 2544 2345; x_wconf 87' lang='lat' dir='ltr'><strong>autem</strong></span> <span class='ocrx_word' id='word_1_352' title='bbox 2590 2300 2811 2359; x_wconf 80' lang='lat' dir='ltr'><strong>propter</strong></span> <span class='ocrx_word' id='word_1_353' title='bbox 2863 2289 3168 2344; x_wconf 84' lang='lat' dir='ltr'><strong>credentes.</strong></span> <span class='ocrx_word' id='word_1_354' title='bbox 3211 2286 3278 2340; x_wconf 87' lang='lat' dir='ltr'><strong>Et</strong></span> <span class='ocrx_word' id='word_1_355' title='bbox 3324 2284 3449 2355; x_wconf 82' lang='lat' dir='ltr'><strong>qui-</strong></span> 
     </span>
    </p>
   </div>
   <div class='ocr_carea' id='block_1_50' title="bbox 1873 2380 3443 2452">
    <p class='ocr_par' dir='ltr' id='par_1_50' title="bbox 1873 2380 3443 2452">
     <span class='ocr_line' id='line_1_50' title="bbox 1873 2380 3443 2452; baseline -0.003 -16"><span class='ocrx_word' id='word_1_356' title='bbox 1873 2382 1994 2436; x_wconf 85' lang='lat' dir='ltr'><strong>dem</strong></span> <span class='ocrx_word' id='word_1_357' title='bbox 2031 2381 2266 2451; x_wconf 74' lang='lat' dir='ltr'><strong>illoysem</strong></span> <span class='ocrx_word' id='word_1_358' title='bbox 2302 2396 2516 2452; x_wconf 89' lang='lat' dir='ltr'><strong>quoque</strong></span> <span class='ocrx_word' id='word_1_359' title='bbox 2576 2382 2781 2436; x_wconf 85' lang='lat' dir='ltr'><strong>scimus</strong></span> <span class='ocrx_word' id='word_1_360' title='bbox 2831 2380 3123 2450; x_wconf 87' lang='lat' dir='ltr'><strong>aliquando</strong></span> <span class='ocrx_word' id='word_1_361' title='bbox 3174 2387 3326 2448; x_wconf 88' lang='lat' dir='ltr'><strong>petra</strong></span> <span class='ocrx_word' id='word_1_362' title='bbox 3380 2391 3443 2432; x_wconf 80' lang='lat' dir='ltr'><strong>se</strong></span> 
     </span>
    </p>
   </div>
   <div class='ocr_carea' id='block_1_51' title="bbox 1880 2469 3447 2544">
    <p class='ocr_par' dir='ltr' id='par_1_51' title="bbox 1880 2469 3447 2544">
     <span class='ocr_line' id='line_1_51' title="bbox 1880 2469 3447 2544; baseline -0.003 -16"><span class='ocrx_word' id='word_1_363' title='bbox 1880 2473 2206 2534; x_wconf 88' lang='lat' dir='ltr'><strong>occuluisse.</strong></span> <span class='ocrx_word' id='word_1_364' title='bbox 2248 2476 2449 2544; x_wconf 81' lang='lat' dir='ltr'><strong>vixque</strong></span> <span class='ocrx_word' id='word_1_365' title='bbox 2481 2473 2629 2528; x_wconf 89' lang='lat' dir='ltr'><strong>illinc</strong></span> <span class='ocrx_word' id='word_1_366' title='bbox 2695 2474 2776 2528; x_wconf 85' lang='lat' dir='ltr'><strong>sic</strong></span> <span class='ocrx_word' id='word_1_367' title='bbox 2833 2471 3093 2527; x_wconf 87' lang='lat' dir='ltr'><strong>latentem</strong></span> <span class='ocrx_word' id='word_1_368' title='bbox 3144 2469 3447 2540; x_wconf 67' lang='lat' dir='ltr'><strong>pesteriora</strong></span> 
     </span>
    </p>
   </div>
   <div class='ocr_carea' id='block_1_52' title="bbox 1878 2560 3447 2638">
    <p class='ocr_par' dir='ltr' id='par_1_52' title="bbox 1878 2560 3447 2638">
     <span class='ocr_line' id='line_1_52' title="bbox 1878 2560 3447 2638; baseline -0.005 -16"><span class='ocrx_word' id='word_1_369' title='bbox 1878 2567 1971 2622; x_wconf 88' lang='lat' dir='ltr'><strong>Dei</strong></span> <span class='ocrx_word' id='word_1_370' title='bbox 2014 2568 2292 2635; x_wconf 70' lang='lat' dir='ltr'><strong>vidisse‘;</strong></span> <span class='ocrx_word' id='word_1_371' title='bbox 2338 2584 2401 2622; x_wconf 83' lang='lat' dir='ltr'><strong>ac</strong></span> <span class='ocrx_word' id='word_1_372' title='bbox 2428 2566 2731 2638; x_wconf 82' lang='lat' dir='ltr'><strong>symbolice</strong></span> <span class='ocrx_word' id='word_1_373' title='bbox 2754 2564 2986 2620; x_wconf 84' lang='lat' dir='ltr'><strong>obscura</strong></span> <span class='ocrx_word' id='word_1_374' title='bbox 3023 2564 3138 2618; x_wconf 83' lang='lat' dir='ltr'><strong>haec</strong></span> <span class='ocrx_word' id='word_1_375' title='bbox 3190 2560 3447 2618; x_wconf 85' lang='lat' dir='ltr'><strong>salutaris</strong></span> 
     </span>
    </p>
   </div>
   <div class='ocr_carea' id='block_1_53' title="bbox 1876 2655 3022 2714">
    <p class='ocr_par' dir='ltr' id='par_1_53' title="bbox 1876 2655 3022 2714">
     <span class='ocr_line' id='line_1_53' title="bbox 1876 2655 3022 2714; baseline -0.006 0"><span class='ocrx_word' id='word_1_376' title='bbox 1876 2659 2269 2714; x_wconf 83' lang='lat' dir='ltr'><strong>incarnationis</strong></span> <span class='ocrx_word' id='word_1_377' title='bbox 2311 2658 2511 2713; x_wconf 81' lang='lat' dir='ltr'><strong>indicia</strong></span> <span class='ocrx_word' id='word_1_378' title='bbox 2546 2657 2797 2711; x_wconf 86' lang='lat' dir='ltr'><strong>edoctum</strong></span> <span class='ocrx_word' id='word_1_379' title='bbox 2836 2655 3022 2710; x_wconf 80' lang='lat' dir='ltr'><strong>fuisse.</strong></span> 
     </span>
    </p>
   </div>
   <div class='ocr_carea' id='block_1_54' title="bbox 194 2739 3447 2821">
    <p class='ocr_par' dir='ltr' id='par_1_54' title="bbox 194 2739 3447 2821">
     <span class='ocr_line' id='line_1_54' title="bbox 194 2739 3447 2821; baseline -0.002 -23"><span class='ocrx_word' id='word_1_380' title='bbox 194 2741 368 2808; x_wconf 79' lang='grc' dir='ltr'>αὐτῷ</span> <span class='ocrx_word' id='word_1_381' title='bbox 397 2745 472 2797; x_wconf 86' lang='grc' dir='ltr'>οὐ</span> <span class='ocrx_word' id='word_1_382' title='bbox 530 2743 1141 2813; x_wconf 77' lang='grc' dir='ltr'>καταισχυνθήσεται.</span> <span class='ocrx_word' id='word_1_383' title='bbox 1198 2746 1273 2799; x_wconf 82' lang='grc' dir='ltr'>Τὸ</span> <span class='ocrx_word' id='word_1_384' title='bbox 1328 2746 1448 2817; x_wconf 80' lang='grc' dir='ltr'>μὲν,</span> <span class='ocrx_word' id='word_1_385' title='bbox 1500 2747 1587 2801; x_wconf 72' lang='grc' dir='ltr'><strong>διὰ</strong></span> <span class='ocrx_word' id='word_1_386' title='bbox 1644 2750 1770 2813; x_wconf 77' lang='grc' dir='ltr'>τοὺς</span> <span class='ocrx_word' id='word_1_387' title='bbox 1840 2753 2397 2821; x_wconf 75' lang='grc' dir='ltr'>προσκεκρουκόταςο</span> <span class='ocrx_word' id='word_1_388' title='bbox 2434 2748 2495 2801; x_wconf 76' lang='grc' dir='ltr'>τὸ</span> <span class='ocrx_word' id='word_1_389' title='bbox 2570 2747 2649 2812; x_wconf 81' lang='grc' dir='ltr'>δὲ,</span> <span class='ocrx_word' id='word_1_390' title='bbox 2696 2745 2784 2800; x_wconf 85' lang='grc' dir='ltr'><strong>διά</strong></span> <span class='ocrx_word' id='word_1_391' title='bbox 2809 2746 2934 2810; x_wconf 80' lang='grc' dir='ltr'>τοὺς</span> <span class='ocrx_word' id='word_1_392' title='bbox 2971 2739 3447 2803; x_wconf 80' lang='grc' dir='ltr'>πεπιστευκόταςο</span> 
     </span>
    </p>
   </div>
   <div class='ocr_carea' id='block_1_55' title="bbox 195 2830 3449 2920">
    <p class='ocr_par' dir='ltr' id='par_1_55' title="bbox 195 2830 3449 2920">
     <span class='ocr_line' id='line_1_55' title="bbox 195 2830 3449 2920; baseline -0.001 -33"><span class='ocrx_word' id='word_1_393' title='bbox 195 2835 298 2887; x_wconf 78' lang='grc' dir='ltr'>καὶ</span> <span class='ocrx_word' id='word_1_394' title='bbox 344 2833 550 2887; x_wconf 84' lang='grc' dir='ltr'>Μωσέα</span> <span class='ocrx_word' id='word_1_395' title='bbox 584 2834 742 2903; x_wconf 82' lang='grc' dir='ltr'>ἴσμεν</span> <span class='ocrx_word' id='word_1_396' title='bbox 769 2834 832 2906; x_wconf 77' lang='grc' dir='ltr'>δή</span> <span class='ocrx_word' id='word_1_397' title='bbox 879 2852 985 2889; x_wconf 83' lang='grc' dir='ltr'><strong>που</strong></span> <span class='ocrx_word' id='word_1_398' title='bbox 1022 2839 1089 2920; x_wconf 72' lang='grc' dir='ltr'>τῇ</span> <span class='ocrx_word' id='word_1_399' title='bbox 1121 2836 1297 2907; x_wconf 77' lang='grc' dir='ltr'>πέτρᾳ</span> <span class='ocrx_word' id='word_1_400' title='bbox 1331 2830 1762 2908; x_wconf 78' lang='grc' dir='ltr'>καλυπτόμενον,</span> <span class='ocrx_word' id='word_1_401' title='bbox 1798 2840 1894 2893; x_wconf 74' lang='grc' dir='ltr'>καὶ</span> <span class='ocrx_word' id='word_1_402' title='bbox 1945 2840 2098 2909; x_wconf 86' lang='grc' dir='ltr'>μόλις</span> <span class='ocrx_word' id='word_1_403' title='bbox 2148 2839 2566 2913; x_wconf 74' lang='grc' dir='ltr'>προσϐλέψαντα</span> <span class='ocrx_word' id='word_1_404' title='bbox 2630 2837 2701 2892; x_wconf 82' lang='grc' dir='ltr'><strong>τά</strong></span> <span class='ocrx_word' id='word_1_405' title='bbox 2772 2836 2995 2891; x_wconf 83' lang='grc' dir='ltr'>ὀπίσθια</span> <span class='ocrx_word' id='word_1_406' title='bbox 3035 2834 3195 2899; x_wconf 81' lang='grc' dir='ltr'>Θεοῦ,</span> <span class='ocrx_word' id='word_1_407' title='bbox 3235 2830 3449 2886; x_wconf 69' lang='grc' dir='ltr'>ἐκεῖθεν</span> 
     </span>
    </p>
   </div>
   <div class='ocr_carea' id='block_1_56' title="bbox 197 2928 3452 3010">
    <p class='ocr_par' dir='ltr' id='par_1_56' title="bbox 197 2928 3452 3010">
     <span class='ocr_line' id='line_1_56' title="bbox 197 2928 3452 3010; baseline 0 -26"><span class='ocrx_word' id='word_1_408' title='bbox 197 2928 755 3000; x_wconf 82' lang='grc' dir='ltr'>ἁποκαλυπτόμενον,</span> <span class='ocrx_word' id='word_1_409' title='bbox 800 2931 897 2985; x_wconf 75' lang='grc' dir='ltr'>καὶ</span> <span class='ocrx_word' id='word_1_410' title='bbox 943 2930 1115 2985; x_wconf 84' lang='grc' dir='ltr'>ταῦτα</span> <span class='ocrx_word' id='word_1_411' title='bbox 1162 2932 1507 3004; x_wconf 74' lang='grc' dir='ltr'>συμϐολικῶς</span> <span class='ocrx_word' id='word_1_412' title='bbox 1552 2936 1770 3008; x_wconf 80' lang='grc' dir='ltr'>ἀμυδρά</span> <span class='ocrx_word' id='word_1_413' title='bbox 1805 2937 1905 3008; x_wconf 76' lang='grc' dir='ltr'>τῆς</span> <span class='ocrx_word' id='word_1_414' title='bbox 1950 2937 2265 3010; x_wconf 78' lang='grc' dir='ltr'>οἰκονομίας</span> <span class='ocrx_word' id='word_1_415' title='bbox 2346 2937 2445 3006; x_wconf 80' lang='grc' dir='ltr'><strong>τῆς</strong></span> <span class='ocrx_word' id='word_1_416' title='bbox 2516 2932 2785 3006; x_wconf 86' lang='grc' dir='ltr'>σωτηρίου</span> <span class='ocrx_word' id='word_1_417' title='bbox 2824 2931 3208 3002; x_wconf 82' lang='grc' dir='ltr'>διδασκόμενον</span> <span class='ocrx_word' id='word_1_418' title='bbox 3236 2930 3452 3000; x_wconf 79' lang='grc' dir='ltr'>ἀπηχή·</span> 
     </span>
    </p>
   </div>
   <div class='ocr_carea' id='block_1_57' title="bbox 201 3038 483 3093">
    <p class='ocr_par' dir='ltr' id='par_1_57' title="bbox 201 3038 483 3093">
     <span class='ocr_line' id='line_1_57' title="bbox 201 3038 483 3093; baseline 0.007 -19"><span class='ocrx_word' id='word_1_419' title='bbox 201 3038 373 3093; x_wconf 87' lang='grc' dir='ltr'>ματα.</span> <span class='ocrx_word' id='word_1_420' title='bbox 464 3052 483 3059; x_wconf 83' lang='grc'><strong>-</strong></span> 
     </span>
    </p>
   </div>
   <div class='ocr_carea' id='block_1_58' title="bbox 275 3124 1799 3213">
    <p class='ocr_par' dir='ltr' id='par_1_58' title="bbox 275 3134 1770 3211">
     <span class='ocr_line' id='line_1_58' title="bbox 275 3134 1770 3211; baseline 0.002 -20"><span class='ocrx_word' id='word_1_421' title='bbox 275 3138 387 3191; x_wconf 71' lang='grc' dir='ltr'><strong>Καὶ</strong></span> <span class='ocrx_word' id='word_1_422' title='bbox 420 3134 584 3191; x_wconf 71' lang='grc' dir='ltr'><strong>Δαῦὶδ</strong></span> <span class='ocrx_word' id='word_1_423' title='bbox 606 3139 635 3191; x_wconf 85' lang='grc' dir='ltr'><strong>ό</strong></span> <span class='ocrx_word' id='word_1_424' title='bbox 656 3136 800 3202; x_wconf 87' lang='grc' dir='ltr'>θεῖος</span> <span class='ocrx_word' id='word_1_425' title='bbox 821 3181 835 3203; x_wconf 90' lang='grc'><strong>,</strong></span> <span class='ocrx_word' id='word_1_426' title='bbox 862 3138 920 3190; x_wconf 82' lang='grc' dir='ltr'>ὲν</span> <span class='ocrx_word' id='word_1_427' title='bbox 942 3138 1119 3209; x_wconf 70' lang='grc' dir='ltr'>πέτρᾳ</span> <span class='ocrx_word' id='word_1_428' title='bbox 1148 3136 1340 3192; x_wconf 71' lang='grc' dir='ltr'>ἑαυτὸν</span> <span class='ocrx_word' id='word_1_429' title='bbox 1370 3138 1501 3211; x_wconf 81' lang='grc' dir='ltr'>ἡμίν</span> <span class='ocrx_word' id='word_1_430' title='bbox 1528 3135 1770 3210; x_wconf 56' lang='lat' dir='ltr'><strong>bal/adpe-</strong></span> 
     </span>
    </p>
   </div>
   <div class='ocr_carea' id='block_1_59' title="bbox 1883 3124 3453 3213">
    <p class='ocr_par' dir='ltr' id='par_1_59' title="bbox 1953 3124 3453 3213">
     <span class='ocr_line' id='line_1_59' title="bbox 1953 3124 3453 3213; baseline -0.01 -17"><span class='ocrx_word' id='word_1_431' title='bbox 1953 3140 2117 3197; x_wconf 82' lang='lat' dir='ltr'><strong>Dtvus</strong></span> <span class='ocrx_word' id='word_1_432' title='bbox 2162 3124 2597 3213; x_wconf 31' lang='lat' dir='ltr'><strong>quoqne&#39;David</strong></span> <span class='ocrx_word' id='word_1_433' title='bbox 2632 3137 2685 3193; x_wconf 91' lang='lat' dir='ltr'><strong>in</strong></span> <span class='ocrx_word' id='word_1_434' title='bbox 2730 3146 2883 3208; x_wconf 85' lang='lat' dir='ltr'><strong>petra</strong></span> <span class='ocrx_word' id='word_1_435' title='bbox 2936 3150 2996 3191; x_wconf 89' lang='lat' dir='ltr'><strong>se</strong></span> <span class='ocrx_word' id='word_1_436' title='bbox 3066 3132 3243 3203; x_wconf 88' lang='lat' dir='ltr'><strong>ipsum</strong></span> <span class='ocrx_word' id='word_1_437' title='bbox 3298 3130 3453 3184; x_wconf 77' lang='lat' dir='ltr'><strong>nobis</strong></span> 
     </span>
    </p>
   </div>
   <div class='ocr_carea' id='block_1_60' title="bbox 203 3229 1779 3304">
    <p class='ocr_par' dir='ltr' id='par_1_60' title="bbox 203 3229 1779 3304">
     <span class='ocr_line' id='line_1_60' title="bbox 203 3229 1779 3304; baseline 0.002 -21"><span class='ocrx_word' id='word_1_438' title='bbox 203 3248 295 3283; x_wconf 85' lang='grc' dir='ltr'><strong>νον</strong></span> <span class='ocrx_word' id='word_1_439' title='bbox 325 3229 684 3299; x_wconf 82' lang='grc' dir='ltr'>εἰσκεκόμικε</span> <span class='ocrx_word' id='word_1_440' title='bbox 709 3247 723 3260; x_wconf 91' lang='grc'>·</span> <span class='ocrx_word' id='word_1_441' title='bbox 778 3232 876 3284; x_wconf 61' lang='grc' dir='ltr'>καὶ</span> <span class='ocrx_word' id='word_1_442' title='bbox 906 3231 1044 3285; x_wconf 85' lang='grc' dir='ltr'>ἄλλα</span> <span class='ocrx_word' id='word_1_443' title='bbox 1081 3232 1221 3286; x_wconf 83' lang='grc' dir='ltr'>ἄττα</span> <span class='ocrx_word' id='word_1_444' title='bbox 1274 3231 1409 3301; x_wconf 83' lang='grc' dir='ltr'>πρὸς</span> <span class='ocrx_word' id='word_1_445' title='bbox 1454 3233 1562 3287; x_wconf 89' lang='grc' dir='ltr'><strong>τῶν</strong></span> <span class='ocrx_word' id='word_1_446' title='bbox 1613 3232 1779 3304; x_wconf 88' lang='grc' dir='ltr'>ίερῶν</span> 
     </span>
    </p>
   </div>
   <div class='ocr_carea' id='block_1_61' title="bbox 202 3321 1779 3394">
    <p class='ocr_par' dir='ltr' id='par_1_61' title="bbox 202 3321 1779 3394">
     <span class='ocr_line' id='line_1_61' title="bbox 202 3321 1779 3394; baseline -0.001 -16"><span class='ocrx_word' id='word_1_447' title='bbox 202 3323 423 3392; x_wconf 84' lang='grc' dir='ltr'>Λογίων</span> <span class='ocrx_word' id='word_1_448' title='bbox 472 3321 885 3393; x_wconf 81' lang='grc' dir='ltr'>ὲκπεφασμένα,</span> <span class='ocrx_word' id='word_1_449' title='bbox 942 3322 1037 3376; x_wconf 74' lang='grc' dir='ltr'><strong>καὶ</strong></span> <span class='ocrx_word' id='word_1_450' title='bbox 1096 3323 1376 3394; x_wconf 81' lang='grc' dir='ltr'>μυστικῶς</span> <span class='ocrx_word' id='word_1_451' title='bbox 1428 3324 1528 3393; x_wconf 77' lang='grc' dir='ltr'>τὴν</span> <span class='ocrx_word' id='word_1_452' title='bbox 1569 3324 1779 3393; x_wconf 80' lang='grc' dir='ltr'>πέτραν</span> 
     </span>
    </p>
   </div>
   <div class='ocr_carea' id='block_1_62' title="bbox 201 3407 1783 3484">
    <p class='ocr_par' dir='ltr' id='par_1_62' title="bbox 201 3407 1783 3484">
     <span class='ocr_line' id='line_1_62' title="bbox 201 3407 1783 3484; baseline 0.001 -20"><span class='ocrx_word' id='word_1_453' title='bbox 201 3411 410 3481; x_wconf 79' lang='grc' dir='ltr'>ταύτην</span> <span class='ocrx_word' id='word_1_454' title='bbox 431 3411 565 3481; x_wconf 79' lang='grc' dir='ltr'>ἡμῖν</span> <span class='ocrx_word' id='word_1_455' title='bbox 592 3411 961 3479; x_wconf 81' lang='grc' dir='ltr'>ὑποφαίνοντα</span> <span class='ocrx_word' id='word_1_456' title='bbox 1010 3412 1444 3482; x_wconf 72' lang='grc' dir='ltr'>πεπαιδεύμεθα,</span> <span class='ocrx_word' id='word_1_457' title='bbox 1472 3407 1541 3484; x_wconf 82' lang='grc' dir='ltr'>ἦς</span> <span class='ocrx_word' id='word_1_458' title='bbox 1585 3413 1650 3484; x_wconf 83' lang='grc' dir='ltr'>δὴ</span> <span class='ocrx_word' id='word_1_459' title='bbox 1683 3415 1783 3477; x_wconf 75' lang='grc' dir='ltr'>τὰς</span> 
     </span>
    </p>
   </div>
   <div class='ocr_carea' id='block_1_63' title="bbox 205 3500 1781 3576">
    <p class='ocr_par' dir='ltr' id='par_1_63' title="bbox 205 3500 1781 3576">
     <span class='ocr_line' id='line_1_63' title="bbox 205 3500 1781 3576; baseline 0.001 -20"><span class='ocrx_word' id='word_1_460' title='bbox 205 3502 448 3573; x_wconf 83' lang='grc' dir='ltr'>σχισμάς</span> <span class='ocrx_word' id='word_1_461' title='bbox 476 3502 572 3556; x_wconf 78' lang='grc' dir='ltr'>καὶ</span> <span class='ocrx_word' id='word_1_462' title='bbox 600 3502 700 3567; x_wconf 81' lang='grc' dir='ltr'>τὰς</span> <span class='ocrx_word' id='word_1_463' title='bbox 732 3500 984 3572; x_wconf 75' lang='grc' dir='ltr'>τρώγλας</span> <span class='ocrx_word' id='word_1_464' title='bbox 1015 3503 1338 3566; x_wconf 77' lang='grc' dir='ltr'>εἰσδὺονται,</span> <span class='ocrx_word' id='word_1_465' title='bbox 1370 3502 1417 3557; x_wconf 80' lang='grc' dir='ltr'>οἱ</span> <span class='ocrx_word' id='word_1_466' title='bbox 1445 3503 1582 3576; x_wconf 77' lang='grc' dir='ltr'>πρὸς</span> <span class='ocrx_word' id='word_1_467' title='bbox 1612 3502 1781 3575; x_wconf 79' lang='grc' dir='ltr'>αὐτὴν</span> 
     </span>
    </p>
   </div>
   <div class='ocr_carea' id='block_1_64' title="bbox 202 3592 1783 3664">
    <p class='ocr_par' dir='ltr' id='par_1_64' title="bbox 202 3592 1783 3664">
     <span class='ocr_line' id='line_1_64' title="bbox 202 3592 1783 3664; baseline 0 -16"><span class='ocrx_word' id='word_1_468' title='bbox 202 3594 649 3663; x_wconf 67' lang='grc' dir='ltr'>καταφεύγοντες</span> <span class='ocrx_word' id='word_1_469' title='bbox 670 3612 682 3624; x_wconf 89' lang='grc'><strong>·</strong></span> <span class='ocrx_word' id='word_1_470' title='bbox 710 3595 934 3659; x_wconf 78' lang='grc' dir='ltr'>ἅστινας</span> <span class='ocrx_word' id='word_1_471' title='bbox 962 3592 1026 3664; x_wconf 79' lang='grc' dir='ltr'>δὴ</span> <span class='ocrx_word' id='word_1_472' title='bbox 1075 3595 1277 3657; x_wconf 82' lang='grc' dir='ltr'>ταύτας</span> <span class='ocrx_word' id='word_1_473' title='bbox 1306 3593 1682 3663; x_wconf 85' lang='grc' dir='ltr'>ὑποληπτέον;</span> <span class='ocrx_word' id='word_1_474' title='bbox 1714 3594 1783 3648; x_wconf 80' lang='grc' dir='ltr'>τά</span> 
     </span>
    </p>
   </div>
   <div class='ocr_carea' id='block_1_65' title="bbox 200 3683 1785 3756">
    <p class='ocr_par' dir='ltr' id='par_1_65' title="bbox 200 3683 1785 3756">
     <span class='ocr_line' id='line_1_65' title="bbox 200 3683 1785 3756; baseline 0.003 -19"><span class='ocrx_word' id='word_1_475' title='bbox 200 3701 261 3738; x_wconf 84' lang='grc' dir='ltr'><strong>τε</strong></span> <span class='ocrx_word' id='word_1_476' title='bbox 293 3684 395 3754; x_wconf 82' lang='grc' dir='ltr'>τῆς</span> <span class='ocrx_word' id='word_1_477' title='bbox 419 3683 701 3752; x_wconf 78' lang='grc' dir='ltr'>θεολογίας</span> <span class='ocrx_word' id='word_1_478' title='bbox 726 3684 908 3754; x_wconf 73' lang='grc' dir='ltr'>ὑψηλά</span> <span class='ocrx_word' id='word_1_479' title='bbox 934 3687 1029 3739; x_wconf 73' lang='grc' dir='ltr'>καὶ</span> <span class='ocrx_word' id='word_1_480' title='bbox 1049 3685 1360 3756; x_wconf 76' lang='grc' dir='ltr'>ἀπόρρητα,</span> <span class='ocrx_word' id='word_1_481' title='bbox 1397 3688 1490 3739; x_wconf 74' lang='grc' dir='ltr'>καὶ</span> <span class='ocrx_word' id='word_1_482' title='bbox 1517 3685 1616 3755; x_wconf 83' lang='grc' dir='ltr'>τῆς</span> <span class='ocrx_word' id='word_1_483' title='bbox 1642 3684 1785 3741; x_wconf 77' lang='grc' dir='ltr'>κατὰ</span> 
     </span>
    </p>
   </div>
   <div class='ocr_carea' id='block_1_66' title="bbox 200 3773 1784 3848">
    <p class='ocr_par' dir='ltr' id='par_1_66' title="bbox 200 3773 1784 3848">
     <span class='ocr_line' id='line_1_66' title="bbox 200 3773 1784 3848; baseline -0.001 -17"><span class='ocrx_word' id='word_1_484' title='bbox 200 3773 448 3848; x_wconf 72' lang='grc' dir='ltr'>Χριστὸν</span> <span class='ocrx_word' id='word_1_485' title='bbox 467 3774 779 3846; x_wconf 76' lang='grc' dir='ltr'>οἰκονομίας</span> <span class='ocrx_word' id='word_1_486' title='bbox 805 3775 876 3829; x_wconf 77' lang='grc' dir='ltr'><strong>τὰ</strong></span> <span class='ocrx_word' id='word_1_487' title='bbox 900 3773 1156 3829; x_wconf 84' lang='grc' dir='ltr'>ὲνδότατα</span> <span class='ocrx_word' id='word_1_488' title='bbox 1188 3776 1282 3829; x_wconf 79' lang='grc' dir='ltr'>καὶ</span> <span class='ocrx_word' id='word_1_489' title='bbox 1310 3776 1784 3847; x_wconf 83' lang='grc' dir='ltr'>ἀποκεκρυμμένα</span> 
     </span>
    </p>
   </div>
   <div class='ocr_carea' id='block_1_67' title="bbox 204 3866 1784 3939">
    <p class='ocr_par' dir='ltr' id='par_1_67' title="bbox 204 3866 1784 3939">
     <span class='ocr_line' id='line_1_67' title="bbox 204 3866 1784 3939; baseline -0.003 -16"><span class='ocrx_word' id='word_1_490' title='bbox 204 3870 533 3939; x_wconf 75' lang='grc' dir='ltr'>μυστήρια¹</span> <span class='ocrx_word' id='word_1_491' title='bbox 567 3867 650 3921; x_wconf 86' lang='grc' dir='ltr'>ὅτι</span> <span class='ocrx_word' id='word_1_492' title='bbox 682 3870 739 3922; x_wconf 78' lang='grc' dir='ltr'>ὲν</span> <span class='ocrx_word' id='word_1_493' title='bbox 789 3867 939 3938; x_wconf 78' lang='grc' dir='ltr'>αὐτῷ</span> <span class='ocrx_word' id='word_1_494' title='bbox 995 3868 1195 3930; x_wconf 77' lang='grc' dir='ltr'>πάντες</span> <span class='ocrx_word' id='word_1_495' title='bbox 1254 3866 1305 3920; x_wconf 92' lang='grc' dir='ltr'><strong>οί</strong></span> <span class='ocrx_word' id='word_1_496' title='bbox 1361 3867 1628 3938; x_wconf 68' lang='grc' dir='ltr'>θησαυροὶ</span> <span class='ocrx_word' id='word_1_497' title='bbox 1680 3870 1784 3939; x_wconf 82' lang='grc' dir='ltr'>τῆς</span> 
     </span>
    </p>
   </div>
   <div class='ocr_carea' id='block_1_68' title="bbox 200 3944 1784 4030">
    <p class='ocr_par' dir='ltr' id='par_1_68' title="bbox 200 3944 1784 4030">
     <span class='ocr_line' id='line_1_68' title="bbox 200 3944 1784 4030; baseline -0.001 -17"><span class='ocrx_word' id='word_1_498' title='bbox 200 3961 465 4030; x_wconf 85' lang='grc' dir='ltr'>γνώσεως</span> <span class='ocrx_word' id='word_1_499' title='bbox 492 3960 587 4013; x_wconf 80' lang='grc' dir='ltr'>καὶ</span> <span class='ocrx_word' id='word_1_500' title='bbox 616 3944 727 4029; x_wconf 80' lang='grc' dir='ltr'><strong>τῆς</strong></span> <span class='ocrx_word' id='word_1_501' title='bbox 756 3958 947 4028; x_wconf 70' lang='grc' dir='ltr'>σοφίας</span> <span class='ocrx_word' id='word_1_502' title='bbox 993 3956 1302 4030; x_wconf 82' lang='grc' dir='ltr'>ἀπόκρυφοι</span> <span class='ocrx_word' id='word_1_503' title='bbox 1332 3977 1346 3992; x_wconf 78' lang='grc' dir='ltr'><strong>ο</strong></span> <span class='ocrx_word' id='word_1_504' title='bbox 1382 3958 1418 4014; x_wconf 82' lang='grc' dir='ltr'><strong>ἀ</strong></span> <span class='ocrx_word' id='word_1_505' title='bbox 1452 3959 1646 4029; x_wconf 86' lang='grc' dir='ltr'>πρῶτα</span> <span class='ocrx_word' id='word_1_506' title='bbox 1682 3957 1784 4026; x_wconf 78' lang='grc' dir='ltr'>μὲν</span> 
     </span>
    </p>
   </div>
   <div class='ocr_carea' id='block_1_69' title="bbox 198 4048 1785 4124">
    <p class='ocr_par' dir='ltr' id='par_1_69' title="bbox 198 4048 1785 4124">
     <span class='ocr_line' id='line_1_69' title="bbox 198 4048 1785 4124; baseline -0.003 -18"><span class='ocrx_word' id='word_1_507' title='bbox 198 4052 430 4124; x_wconf 64' lang='grc' dir='ltr'>ἔμφανῆ</span> <span class='ocrx_word' id='word_1_508' title='bbox 486 4053 601 4115; x_wconf 80' lang='grc' dir='ltr'>τοῖς</span> <span class='ocrx_word' id='word_1_509' title='bbox 636 4048 731 4105; x_wconf 85' lang='grc' dir='ltr'><strong>ἀπ’</strong></span> <span class='ocrx_word' id='word_1_510' title='bbox 780 4052 955 4121; x_wconf 81' lang='grc' dir='ltr'>ἀρχῆς</span> <span class='ocrx_word' id='word_1_511' title='bbox 1001 4050 1302 4110; x_wconf 83' lang='grc' dir='ltr'>αὐτόπταις</span> <span class='ocrx_word' id='word_1_512' title='bbox 1330 4048 1425 4103; x_wconf 78' lang='grc' dir='ltr'><strong>καὶ</strong></span> <span class='ocrx_word' id='word_1_513' title='bbox 1480 4050 1785 4121; x_wconf 86' lang='grc' dir='ltr'>ὑπηρέταις</span> 
     </span>
    </p>
   </div>
   <div class='ocr_carea' id='block_1_70' title="bbox 199 4138 1784 4213">
    <p class='ocr_par' dir='ltr' id='par_1_70' title="bbox 199 4138 1784 4213">
     <span class='ocr_line' id='line_1_70' title="bbox 199 4138 1784 4213; baseline -0.003 -16"><span class='ocrx_word' id='word_1_514' title='bbox 199 4143 293 4198; x_wconf 81' lang='grc' dir='ltr'>τοῦ</span> <span class='ocrx_word' id='word_1_515' title='bbox 346 4143 518 4210; x_wconf 81' lang='grc' dir='ltr'>λόγου</span> <span class='ocrx_word' id='word_1_516' title='bbox 574 4142 901 4213; x_wconf 75' lang='grc' dir='ltr'>καθέστηκε,</span> <span class='ocrx_word' id='word_1_517' title='bbox 951 4141 1018 4194; x_wconf 85' lang='grc' dir='ltr'><strong>δι’</strong></span> <span class='ocrx_word' id='word_1_518' title='bbox 1049 4141 1227 4195; x_wconf 74' lang='grc' dir='ltr'>αὐτῶν</span> <span class='ocrx_word' id='word_1_519' title='bbox 1273 4139 1330 4194; x_wconf 76' lang='grc' dir='ltr'>δὲ</span> <span class='ocrx_word' id='word_1_520' title='bbox 1361 4141 1455 4195; x_wconf 76' lang='grc' dir='ltr'>καὶ</span> <span class='ocrx_word' id='word_1_521' title='bbox 1478 4142 1632 4213; x_wconf 82' lang='grc' dir='ltr'>ἡμῖν,</span> <span class='ocrx_word' id='word_1_522' title='bbox 1661 4138 1784 4195; x_wconf 87' lang='grc' dir='ltr'>καθ’</span> 
     </span>
    </p>
   </div>
   <div class='ocr_carea' id='block_1_71' title="bbox 196 4231 1785 4302">
    <p class='ocr_par' dir='ltr' id='par_1_71' title="bbox 196 4231 1785 4302">
     <span class='ocr_line' id='line_1_71' title="bbox 196 4231 1785 4302; baseline -0.002 -14"><span class='ocrx_word' id='word_1_523' title='bbox 196 4235 326 4289; x_wconf 75' lang='grc' dir='ltr'>δεον</span> <span class='ocrx_word' id='word_1_524' title='bbox 360 4233 610 4301; x_wconf 74' lang='grc' dir='ltr'>ἐφικτὸν,</span> <span class='ocrx_word' id='word_1_525' title='bbox 648 4234 761 4295; x_wconf 89' lang='grc' dir='ltr'>τοῖς</span> <span class='ocrx_word' id='word_1_526' title='bbox 794 4234 1090 4302; x_wconf 86' lang='grc' dir='ltr'>μετέπειτα</span> <span class='ocrx_word' id='word_1_527' title='bbox 1124 4231 1531 4286; x_wconf 78' lang='grc' dir='ltr'>ἑκκαλύπτεται</span> <span class='ocrx_word' id='word_1_528' title='bbox 1563 4232 1657 4285; x_wconf 76' lang='grc' dir='ltr'>καὶ</span> <span class='ocrx_word' id='word_1_529' title='bbox 1697 4246 1785 4285; x_wconf 88' lang='grc' dir='ltr'>σο-</span> 
     </span>
    </p>
   </div>
   <div class='ocr_carea' id='block_1_72' title="bbox 197 4322 1782 4398">
    <p class='ocr_par' dir='ltr' id='par_1_72' title="bbox 197 4322 1782 4398">
     <span class='ocr_line' id='line_1_72' title="bbox 197 4322 1782 4398; baseline -0.002 -19"><span class='ocrx_word' id='word_1_530' title='bbox 197 4328 317 4398; x_wconf 72' lang='grc' dir='ltr'><strong>φῶς</strong></span> <span class='ocrx_word' id='word_1_531' title='bbox 363 4325 724 4392; x_wconf 81' lang='grc' dir='ltr'>ὑπανοίγεται</span> <span class='ocrx_word' id='word_1_532' title='bbox 751 4341 766 4358; x_wconf 77' lang='grc' dir='ltr'><strong>ο</strong></span> <span class='ocrx_word' id='word_1_533' title='bbox 801 4325 1065 4396; x_wconf 51' lang='grc' dir='ltr'>ὁπηνίκα,</span> <span class='ocrx_word' id='word_1_534' title='bbox 1086 4322 1195 4377; x_wconf 86' lang='grc' dir='ltr'><strong>τῶν</strong></span> <span class='ocrx_word' id='word_1_535' title='bbox 1223 4324 1396 4377; x_wconf 82' lang='grc' dir='ltr'>ταῦτα</span> <span class='ocrx_word' id='word_1_536' title='bbox 1421 4324 1782 4392; x_wconf 76' lang='grc' dir='ltr'>εὐαγγελιζο-</span> 
     </span>
    </p>
   </div>
   <div class='ocr_carea' id='block_1_73' title="bbox 199 4416 1779 4497">
    <p class='ocr_par' dir='ltr' id='par_1_73' title="bbox 199 4416 1779 4497">
     <span class='ocr_line' id='line_1_73' title="bbox 199 4416 1779 4497; baseline -0.003 -23"><span class='ocrx_word' id='word_1_537' title='bbox 199 4424 417 4497; x_wconf 80' lang='grc' dir='ltr'>μένων,</span> <span class='ocrx_word' id='word_1_538' title='bbox 449 4421 478 4471; x_wconf 87' lang='grc' dir='ltr'><strong>ό</strong></span> <span class='ocrx_word' id='word_1_539' title='bbox 512 4419 611 4489; x_wconf 81' lang='grc' dir='ltr'>μὲν</span> <span class='ocrx_word' id='word_1_540' title='bbox 641 4417 736 4488; x_wconf 84' lang='grc' dir='ltr'><strong>τῆς</strong></span> <span class='ocrx_word' id='word_1_541' title='bbox 765 4417 993 4488; x_wconf 86' lang='grc' dir='ltr'>βροντῆς</span> <span class='ocrx_word' id='word_1_542' title='bbox 1017 4417 1132 4480; x_wconf 81' lang='grc' dir='ltr'>υίὸς</span> <span class='ocrx_word' id='word_1_543' title='bbox 1160 4416 1366 4471; x_wconf 77' lang='grc' dir='ltr'>ἄνωθεν</span> <span class='ocrx_word' id='word_1_544' title='bbox 1388 4416 1779 4488; x_wconf 83' lang='grc' dir='ltr'>ὲμπνεόμενος,</span> 
     </span>
    </p>
   </div>
   <div class='ocr_carea' id='block_1_74' title="bbox 195 4508 1783 4584">
    <p class='ocr_par' dir='ltr' id='par_1_74' title="bbox 195 4508 1783 4584">
     <span class='ocr_line' id='line_1_74' title="bbox 195 4508 1783 4584; baseline -0.006 -14"><span class='ocrx_word' id='word_1_545' title='bbox 195 4517 293 4570; x_wconf 73' lang='grc' dir='ltr'>καὶ</span> <span class='ocrx_word' id='word_1_546' title='bbox 323 4513 469 4584; x_wconf 80' lang='grc' dir='ltr'>πρὸς</span> <span class='ocrx_word' id='word_1_547' title='bbox 497 4512 568 4564; x_wconf 87' lang='grc' dir='ltr'>τὰ</span> <span class='ocrx_word' id='word_1_548' title='bbox 613 4509 721 4582; x_wconf 78' lang='grc' dir='ltr'><strong>ὕψη</strong></span> <span class='ocrx_word' id='word_1_549' title='bbox 750 4510 850 4581; x_wconf 81' lang='grc' dir='ltr'>τῆς</span> <span class='ocrx_word' id='word_1_550' title='bbox 879 4510 1114 4581; x_wconf 83' lang='grc' dir='ltr'>θεωρίας</span> <span class='ocrx_word' id='word_1_551' title='bbox 1143 4510 1235 4563; x_wconf 78' lang='grc' dir='ltr'>τὸν</span> <span class='ocrx_word' id='word_1_552' title='bbox 1272 4508 1656 4581; x_wconf 81' lang='grc' dir='ltr'>καθαρώτατον</span> <span class='ocrx_word' id='word_1_553' title='bbox 1686 4511 1783 4564; x_wconf 71' lang='grc' dir='ltr'>καὶ</span> 
     </span>
    </p>
   </div>
   <div class='ocr_carea' id='block_1_75' title="bbox 194 4598 1787 4676">
    <p class='ocr_par' dir='ltr' id='par_1_75' title="bbox 194 4598 1787 4676">
     <span class='ocr_line' id='line_1_75' title="bbox 194 4598 1787 4676; baseline -0.004 -16"><span class='ocrx_word' id='word_1_554' title='bbox 194 4603 547 4676; x_wconf 76' lang='grc' dir='ltr'>ἀκηλίδωτον</span> <span class='ocrx_word' id='word_1_555' title='bbox 573 4601 699 4653; x_wconf 81' lang='grc' dir='ltr'>νοῦν</span> <span class='ocrx_word' id='word_1_556' title='bbox 744 4599 1176 4669; x_wconf 76' lang='grc' dir='ltr'>ἁνανηξάμενος,</span> <span class='ocrx_word' id='word_1_557' title='bbox 1213 4600 1307 4654; x_wconf 73' lang='grc' dir='ltr'>καὶ</span> <span class='ocrx_word' id='word_1_558' title='bbox 1332 4599 1401 4652; x_wconf 78' lang='grc' dir='ltr'>τὰ</span> <span class='ocrx_word' id='word_1_559' title='bbox 1442 4598 1560 4652; x_wconf 84' lang='grc' dir='ltr'>θεῖα</span> <span class='ocrx_word' id='word_1_560' title='bbox 1584 4598 1787 4662; x_wconf 77' lang='grc' dir='ltr'>ὲνθέως</span> 
     </span>
    </p>
   </div>
   <div class='ocr_carea' id='block_1_76' title="bbox 198 4686 1787 4771">
    <p class='ocr_par' dir='ltr' id='par_1_76' title="bbox 198 4686 1787 4771">
     <span class='ocr_line' id='line_1_76' title="bbox 198 4686 1787 4771; baseline -0.006 -20"><span class='ocrx_word' id='word_1_561' title='bbox 198 4696 543 4771; x_wconf 77' lang='grc' dir='ltr'>μυούμενος,</span> <span class='ocrx_word' id='word_1_562' title='bbox 576 4690 785 4745; x_wconf 77' lang='grc' dir='ltr'>ἐκεῖθεν</span> <span class='ocrx_word' id='word_1_563' title='bbox 827 4691 957 4762; x_wconf 77' lang='grc' dir='ltr'>ἡμῖν</span> <span class='ocrx_word' id='word_1_564' title='bbox 991 4690 1091 4761; x_wconf 80' lang='grc' dir='ltr'>τὴν</span> <span class='ocrx_word' id='word_1_565' title='bbox 1140 4689 1235 4744; x_wconf 80' lang='grc' dir='ltr'><strong>τοῦ</strong></span> <span class='ocrx_word' id='word_1_566' title='bbox 1290 4686 1450 4771; x_wconf 78' lang='grc' dir='ltr'>λόγου</span> <span class='ocrx_word' id='word_1_567' title='bbox 1510 4690 1647 4760; x_wconf 74' lang='grc' dir='ltr'>πρὸς</span> <span class='ocrx_word' id='word_1_568' title='bbox 1693 4687 1787 4742; x_wconf 68' lang='grc' dir='ltr'>τὸν</span> 
     </span>
    </p>
   </div>
   <div class='ocr_carea' id='block_1_77' title="bbox 199 4768 1788 4858">
    <p class='ocr_par' dir='ltr' id='par_1_77' title="bbox 199 4768 1788 4858">
     <span class='ocr_line' id='line_1_77' title="bbox 199 4768 1788 4858; baseline -0.007 -15"><span class='ocrx_word' id='word_1_569' title='bbox 199 4768 425 4858; x_wconf 80' lang='grc' dir='ltr'>πατέρα</span> <span class='ocrx_word' id='word_1_570' title='bbox 456 4782 726 4837; x_wconf 82' lang='grc' dir='ltr'>συναῖδιον</span> <span class='ocrx_word' id='word_1_571' title='bbox 750 4782 845 4835; x_wconf 78' lang='grc' dir='ltr'>καὶ</span> <span class='ocrx_word' id='word_1_572' title='bbox 872 4779 1136 4851; x_wconf 81' lang='grc' dir='ltr'>ὁμότιμον</span> <span class='ocrx_word' id='word_1_573' title='bbox 1166 4768 1517 4852; x_wconf 67' lang='grc' dir='ltr'>ἀπέστραψεν</span> <span class='ocrx_word' id='word_1_574' title='bbox 1551 4779 1788 4848; x_wconf 77' lang='grc' dir='ltr'>ὓπαρξιν</span> 
     </span>
    </p>
   </div>
   <div class='ocr_carea' id='block_1_78' title="bbox 199 4863 1778 4946">
    <p class='ocr_par' dir='ltr' id='par_1_78' title="bbox 199 4863 1778 4946">
     <span class='ocr_line' id='line_1_78' title="bbox 199 4863 1778 4946; baseline -0.003 -19"><span class='ocrx_word' id='word_1_575' title='bbox 199 4880 262 4931; x_wconf 74' lang='grc' dir='ltr'>ὲν</span> <span class='ocrx_word' id='word_1_576' title='bbox 293 4876 441 4946; x_wconf 75' lang='grc' dir='ltr'>ἀρχῇ</span> <span class='ocrx_word' id='word_1_577' title='bbox 471 4868 612 4925; x_wconf 83' lang='grc' dir='ltr'>εἶναι</span> <span class='ocrx_word' id='word_1_578' title='bbox 660 4871 751 4923; x_wconf 72' lang='grc' dir='ltr'><strong>τὸν</strong></span> <span class='ocrx_word' id='word_1_579' title='bbox 779 4870 972 4939; x_wconf 87' lang='grc' dir='ltr'>Λόγον,</span> <span class='ocrx_word' id='word_1_580' title='bbox 1014 4871 1109 4922; x_wconf 77' lang='grc' dir='ltr'>καὶ</span> <span class='ocrx_word' id='word_1_581' title='bbox 1137 4870 1274 4940; x_wconf 74' lang='grc' dir='ltr'>πρὸς</span> <span class='ocrx_word' id='word_1_582' title='bbox 1332 4871 1424 4923; x_wconf 80' lang='grc' dir='ltr'><strong>τδν</strong></span> <span class='ocrx_word' id='word_1_583' title='bbox 1455 4869 1589 4923; x_wconf 84' lang='grc' dir='ltr'>Θεὸν</span> <span class='ocrx_word' id='word_1_584' title='bbox 1617 4863 1778 4931; x_wconf 80' lang='grc' dir='ltr'>εἶναι,</span> 
     </span>
    </p>
   </div>
   <div class='ocr_carea' id='block_1_79' title="bbox 197 4955 1779 5026">
    <p class='ocr_par' dir='ltr' id='par_1_79' title="bbox 197 4955 1779 5026">
     <span class='ocr_line' id='line_1_79' title="bbox 197 4955 1779 5026; baseline -0.004 -10"><span class='ocrx_word' id='word_1_585' title='bbox 197 4964 300 5016; x_wconf 78' lang='grc' dir='ltr'><strong>καὶ</strong></span> <span class='ocrx_word' id='word_1_586' title='bbox 325 4961 465 5012; x_wconf 79' lang='grc' dir='ltr'>Θεὸν</span> <span class='ocrx_word' id='word_1_587' title='bbox 486 4955 943 5026; x_wconf 76' lang='grc' dir='ltr'>εἷναιδιατρανῶν</span> <span class='ocrx_word' id='word_1_588' title='bbox 959 4957 1051 5009; x_wconf 68' lang='grc' dir='ltr'>καὶ</span> <span class='ocrx_word' id='word_1_589' title='bbox 1078 4956 1421 5013; x_wconf 74' lang='grc' dir='ltr'>ἑκπαιδεύων</span> <span class='ocrx_word' id='word_1_590' title='bbox 1446 4957 1779 5026; x_wconf 68' lang='grc' dir='ltr'>σαφέστατω</span> 
     </span>
    </p>
   </div>
   <div class='ocr_carea' id='block_1_80' title="bbox 199 5047 1786 5118">
    <p class='ocr_par' dir='ltr' id='par_1_80' title="bbox 199 5047 1786 5118">
     <span class='ocr_line' id='line_1_80' title="bbox 199 5047 1786 5118; baseline -0.008 -7"><span class='ocrx_word' id='word_1_591' title='bbox 199 5058 231 5111; x_wconf 85' lang='grc' dir='ltr'><strong>ό</strong></span> <span class='ocrx_word' id='word_1_592' title='bbox 260 5055 321 5109; x_wconf 78' lang='grc' dir='ltr'>δὲ</span> <span class='ocrx_word' id='word_1_593' title='bbox 353 5054 437 5115; x_wconf 87' lang='grc' dir='ltr'><strong>είς</strong></span> <span class='ocrx_word' id='word_1_594' title='bbox 491 5050 559 5104; x_wconf 87' lang='grc' dir='ltr'><strong>τά</strong></span> <span class='ocrx_word' id='word_1_595' title='bbox 599 5051 698 5118; x_wconf 78' lang='grc' dir='ltr'>τῆς</span> <span class='ocrx_word' id='word_1_596' title='bbox 746 5048 897 5111; x_wconf 81' lang='grc' dir='ltr'>θείας</span> <span class='ocrx_word' id='word_1_597' title='bbox 951 5049 1433 5115; x_wconf 78' lang='grc' dir='ltr'>συγκαταὸἀσεως,</span> <span class='ocrx_word' id='word_1_598' title='bbox 1485 5047 1609 5102; x_wconf 82' lang='grc' dir='ltr'>καθ’</span> <span class='ocrx_word' id='word_1_599' title='bbox 1661 5049 1786 5102; x_wconf 76' lang='grc' dir='ltr'>ὅσον</span> 
     </span>
    </p>
   </div>
   <div class='ocr_carea' id='block_1_81' title="bbox 206 5139 1783 5219">
    <p class='ocr_par' dir='ltr' id='par_1_81' title="bbox 206 5139 1783 5219">
     <span class='ocr_line' id='line_1_81' title="bbox 206 5139 1783 5219; baseline -0.005 -16"><span class='ocrx_word' id='word_1_600' title='bbox 206 5149 367 5219; x_wconf 70' lang='grc' dir='ltr'>παρὰ</span> <span class='ocrx_word' id='word_1_601' title='bbox 384 5145 486 5214; x_wconf 76' lang='grc' dir='ltr'>τῆς</span> <span class='ocrx_word' id='word_1_602' title='bbox 506 5143 729 5213; x_wconf 74' lang='grc' dir='ltr'>χάριτος</span> <span class='ocrx_word' id='word_1_603' title='bbox 750 5140 1106 5211; x_wconf 78' lang='grc' dir='ltr'>ἐνελαμπετο,</span> <span class='ocrx_word' id='word_1_604' title='bbox 1137 5142 1468 5211; x_wconf 78' lang='grc' dir='ltr'>ἀφικόμενος</span> <span class='ocrx_word' id='word_1_605' title='bbox 1493 5141 1657 5213; x_wconf 84' lang='grc' dir='ltr'>βάθη,</span> <span class='ocrx_word' id='word_1_606' title='bbox 1690 5139 1783 5195; x_wconf 76' lang='grc' dir='ltr'><strong>τοῦ</strong></span> 
     </span>
    </p>
   </div>
   <div class='ocr_carea' id='block_1_82' title="bbox 204 5230 1788 5309">
    <p class='ocr_par' dir='ltr' id='par_1_82' title="bbox 204 5230 1788 5309">
     <span class='ocr_line' id='line_1_82' title="bbox 204 5230 1788 5309; baseline -0.004 -14"><span class='ocrx_word' id='word_1_607' title='bbox 204 5236 388 5307; x_wconf 74' lang='grc' dir='ltr'>Ἰησοῦ</span> <span class='ocrx_word' id='word_1_608' title='bbox 406 5238 450 5291; x_wconf 87' lang='grc' dir='ltr'>Χ</span> <span class='ocrx_word' id='word_1_609' title='bbox 461 5236 647 5309; x_wconf 88' lang='grc' dir='ltr'>ριστοῦ</span> <span class='ocrx_word' id='word_1_610' title='bbox 666 5236 763 5302; x_wconf 76' lang='grc' dir='ltr'>τὴν</span> <span class='ocrx_word' id='word_1_611' title='bbox 781 5236 1035 5306; x_wconf 82' lang='grc' dir='ltr'>γέννησιν</span> <span class='ocrx_word' id='word_1_612' title='bbox 1052 5233 1368 5306; x_wconf 84' lang='grc' dir='ltr'>θεοπρεπῶς</span> <span class='ocrx_word' id='word_1_613' title='bbox 1391 5233 1539 5288; x_wconf 88' lang='grc' dir='ltr'>ῶσπε</span> <span class='ocrx_word' id='word_1_614' title='bbox 1551 5252 1579 5306; x_wconf 92' lang='grc' dir='ltr'><strong>ρ</strong></span> <span class='ocrx_word' id='word_1_615' title='bbox 1594 5230 1661 5307; x_wconf 79' lang='grc' dir='ltr'>ἦν</span> <span class='ocrx_word' id='word_1_616' title='bbox 1678 5239 1788 5289; x_wconf 74' lang='grc' dir='ltr'><strong>εἰσ⁸</strong></span> 
     </span>
    </p>
   </div>
   <div class='ocr_carea' id='block_1_83' title="bbox 1882 3219 3450 3296">
    <p class='ocr_par' dir='ltr' id='par_1_83' title="bbox 1882 3219 3450 3296">
     <span class='ocr_line' id='line_1_83' title="bbox 1882 3219 3450 3296; baseline -0.011 -9"><span class='ocrx_word' id='word_1_617' title='bbox 1882 3233 2077 3287; x_wconf 86' lang='lat' dir='ltr'><strong>obtulit</strong></span> <span class='ocrx_word' id='word_1_618' title='bbox 2126 3234 2474 3289; x_wconf 84' lang='lat' dir='ltr'><strong>sublimatum</strong></span> <span class='ocrx_word' id='word_1_619' title='bbox 2501 3232 2546 3287; x_wconf 85' lang='grc'><strong>⁸.</strong></span> <span class='ocrx_word' id='word_1_620' title='bbox 2594 3229 2715 3284; x_wconf 85' lang='lat' dir='ltr'><strong>Alia</strong></span> <span class='ocrx_word' id='word_1_621' title='bbox 2763 3228 2996 3296; x_wconf 90' lang='lat' dir='ltr'><strong>denique</strong></span> <span class='ocrx_word' id='word_1_622' title='bbox 3054 3220 3358 3291; x_wconf 76' lang='lat' dir='ltr'><strong>liujusmodi</strong></span> <span class='ocrx_word' id='word_1_623' title='bbox 3398 3219 3450 3271; x_wconf 91' lang='lat' dir='ltr'><strong>in</strong></span> 
     </span>
    </p>
   </div>
   <div class='ocr_carea' id='block_1_84' title="bbox 1882 3312 3453 3396">
    <p class='ocr_par' dir='ltr' id='par_1_84' title="bbox 1882 3312 3453 3396">
     <span class='ocr_line' id='line_1_84' title="bbox 1882 3312 3453 3396; baseline -0.01 -17"><span class='ocrx_word' id='word_1_624' title='bbox 1882 3325 2081 3379; x_wconf 78' lang='lat' dir='ltr'><strong>divinis</strong></span> <span class='ocrx_word' id='word_1_625' title='bbox 2111 3325 2420 3396; x_wconf 88' lang='lat' dir='ltr'><strong>Scripturis</strong></span> <span class='ocrx_word' id='word_1_626' title='bbox 2451 3323 2618 3377; x_wconf 88' lang='lat' dir='ltr'><strong>relata</strong></span> <span class='ocrx_word' id='word_1_627' title='bbox 2645 3319 2871 3392; x_wconf 84' lang='lat' dir='ltr'><strong>mystice</strong></span> <span class='ocrx_word' id='word_1_628' title='bbox 2898 3319 3039 3372; x_wconf 83' lang='lat' dir='ltr'><strong>hanc</strong></span> <span class='ocrx_word' id='word_1_629' title='bbox 3070 3324 3279 3385; x_wconf 88' lang='lat' dir='ltr'><strong>petram</strong></span> <span class='ocrx_word' id='word_1_630' title='bbox 3298 3312 3453 3366; x_wconf 85' lang='lat' dir='ltr'><strong>nobis</strong></span> 
     </span>
    </p>
   </div>
   <div class='ocr_carea' id='block_1_85' title="bbox 1883 3406 3453 3483">
    <p class='ocr_par' dir='ltr' id='par_1_85' title="bbox 1883 3406 3453 3483">
     <span class='ocr_line' id='line_1_85' title="bbox 1883 3406 3453 3483; baseline -0.009 -13"><span class='ocrx_word' id='word_1_631' title='bbox 1883 3419 2296 3482; x_wconf 80' lang='lat' dir='ltr'><strong>demonstrant;</strong></span> <span class='ocrx_word' id='word_1_632' title='bbox 2323 3416 2479 3483; x_wconf 85' lang='lat' dir='ltr'><strong>cujus</strong></span> <span class='ocrx_word' id='word_1_633' title='bbox 2501 3416 2773 3471; x_wconf 79' lang='lat' dir='ltr'><strong>scissuras</strong></span> <span class='ocrx_word' id='word_1_634' title='bbox 2801 3422 2961 3481; x_wconf 86' lang='lat' dir='ltr'><strong>atque</strong></span> <span class='ocrx_word' id='word_1_635' title='bbox 2981 3422 3244 3463; x_wconf 74' lang='lat' dir='ltr'><strong>cavernas</strong></span> <span class='ocrx_word' id='word_1_636' title='bbox 3274 3406 3453 3474; x_wconf 80' lang='lat' dir='ltr'><strong>ingre-</strong></span> 
     </span>
    </p>
   </div>
   <div class='ocr_carea' id='block_1_86' title="bbox 1882 3498 3455 3575">
    <p class='ocr_par' dir='ltr' id='par_1_86' title="bbox 1882 3498 3455 3575">
     <span class='ocr_line' id='line_1_86' title="bbox 1882 3498 3455 3575; baseline -0.01 -16"><span class='ocrx_word' id='word_1_637' title='bbox 1882 3509 2105 3561; x_wconf 87' lang='lat' dir='ltr'><strong>diuntur</strong></span> <span class='ocrx_word' id='word_1_638' title='bbox 2133 3508 2166 3561; x_wconf 89' lang='lat' dir='ltr'><strong>ii</strong></span> <span class='ocrx_word' id='word_1_639' title='bbox 2199 3508 2290 3575; x_wconf 88' lang='lat' dir='ltr'><strong>qui</strong></span> <span class='ocrx_word' id='word_1_640' title='bbox 2329 3508 2399 3560; x_wconf 78' lang='lat' dir='ltr'><strong>ad</strong></span> <span class='ocrx_word' id='word_1_641' title='bbox 2430 3507 2598 3573; x_wconf 84' lang='lat' dir='ltr'><strong>ipsam</strong></span> <span class='ocrx_word' id='word_1_642' title='bbox 2635 3502 2971 3569; x_wconf 74' lang='lat' dir='ltr'><strong>confugiunt.</strong></span> <span class='ocrx_word' id='word_1_643' title='bbox 3002 3498 3258 3564; x_wconf 72' lang='lat' dir='ltr'><strong>Quantam</strong></span> <span class='ocrx_word' id='word_1_644' title='bbox 3294 3509 3455 3563; x_wconf 77' lang='lat' dir='ltr'><strong>porro</strong></span> 
     </span>
    </p>
   </div>
   <div class='ocr_carea' id='block_1_87' title="bbox 1884 3586 3454 3662">
    <p class='ocr_par' dir='ltr' id='par_1_87' title="bbox 1884 3586 3454 3662">
     <span class='ocr_line' id='line_1_87' title="bbox 1884 3586 3454 3662; baseline -0.011 -9"><span class='ocrx_word' id='word_1_645' title='bbox 1884 3599 1967 3653; x_wconf 62' lang='lat' dir='ltr'><strong>ha!</strong></span> <span class='ocrx_word' id='word_1_646' title='bbox 2010 3608 2141 3654; x_wconf 87' lang='lat' dir='ltr'><strong>sunt</strong></span> <span class='ocrx_word' id='word_1_647' title='bbox 2191 3594 2610 3653; x_wconf 69' lang='lat' dir='ltr'><strong>exisumaudaa?</strong></span> <span class='ocrx_word' id='word_1_648' title='bbox 2641 3592 2841 3662; x_wconf 79' lang='lat' dir='ltr'><strong>Nempe</strong></span> <span class='ocrx_word' id='word_1_649' title='bbox 2894 3590 3177 3659; x_wconf 63' lang='lat' dir='ltr'><strong>theologia:</strong></span> <span class='ocrx_word' id='word_1_650' title='bbox 3204 3586 3454 3641; x_wconf 85' lang='lat' dir='ltr'><strong>sublimi-</strong></span> 
     </span>
    </p>
   </div>
   <div class='ocr_carea' id='block_1_88' title="bbox 1886 3678 3455 3754">
    <p class='ocr_par' dir='ltr' id='par_1_88' title="bbox 1886 3678 3455 3754">
     <span class='ocr_line' id='line_1_88' title="bbox 1886 3678 3455 3754; baseline -0.011 -9"><span class='ocrx_word' id='word_1_651' title='bbox 1886 3700 2023 3745; x_wconf 83' lang='lat' dir='ltr'><strong>tates</strong></span> <span class='ocrx_word' id='word_1_652' title='bbox 2049 3701 2103 3745; x_wconf 88' lang='lat' dir='ltr'><strong>et</strong></span> <span class='ocrx_word' id='word_1_653' title='bbox 2138 3705 2358 3754; x_wconf 85' lang='lat' dir='ltr'><strong>arcana,</strong></span> <span class='ocrx_word' id='word_1_654' title='bbox 2390 3699 2443 3744; x_wconf 90' lang='lat' dir='ltr'><strong>et</strong></span> <span class='ocrx_word' id='word_1_655' title='bbox 2476 3688 2676 3743; x_wconf 84' lang='lat' dir='ltr'><strong>Christi</strong></span> <span class='ocrx_word' id='word_1_656' title='bbox 2731 3681 3124 3739; x_wconf 83' lang='lat' dir='ltr'><strong>incarnationis</strong></span> <span class='ocrx_word' id='word_1_657' title='bbox 3156 3678 3341 3731; x_wconf 89' lang='lat' dir='ltr'><strong>intima</strong></span> <span class='ocrx_word' id='word_1_658' title='bbox 3390 3689 3455 3729; x_wconf 88' lang='lat' dir='ltr'><strong>ac</strong></span> 
     </span>
    </p>
   </div>
   <div class='ocr_carea' id='block_1_89' title="bbox 1885 3768 3453 3851">
    <p class='ocr_par' dir='ltr' id='par_1_89' title="bbox 1885 3768 3453 3851">
     <span class='ocr_line' id='line_1_89' title="bbox 1885 3768 3453 3851; baseline -0.01 -15"><span class='ocrx_word' id='word_1_659' title='bbox 1885 3782 2163 3837; x_wconf 86' lang='lat' dir='ltr'><strong>recondita</strong></span> <span class='ocrx_word' id='word_1_660' title='bbox 2196 3779 2483 3851; x_wconf 84' lang='lat' dir='ltr'><strong>mysteria;</strong></span> <span class='ocrx_word' id='word_1_661' title='bbox 2515 3779 2640 3847; x_wconf 91' lang='lat' dir='ltr'><strong>quia</strong></span> <span class='ocrx_word' id='word_1_662' title='bbox 2676 3777 2727 3831; x_wconf 89' lang='lat' dir='ltr'><strong>iu</strong></span> <span class='ocrx_word' id='word_1_663' title='bbox 2761 3775 2877 3844; x_wconf 87' lang='lat' dir='ltr'><strong>ipso</strong></span> <span class='ocrx_word' id='word_1_664' title='bbox 2916 3781 3043 3828; x_wconf 85' lang='lat' dir='ltr'><strong>sunt</strong></span> <span class='ocrx_word' id='word_1_665' title='bbox 3089 3784 3279 3824; x_wconf 88' lang='lat' dir='ltr'><strong>omnes</strong></span> <span class='ocrx_word' id='word_1_666' title='bbox 3331 3768 3453 3821; x_wconf 86' lang='lat' dir='ltr'><strong>the-</strong></span> 
     </span>
    </p>
   </div>
   <div class='ocr_carea' id='block_1_90' title="bbox 1883 3864 3457 3938">
    <p class='ocr_par' dir='ltr' id='par_1_90' title="bbox 1883 3864 3457 3938">
     <span class='ocr_line' id='line_1_90' title="bbox 1883 3864 3457 3938; baseline -0.013 -7"><span class='ocrx_word' id='word_1_667' title='bbox 1883 3874 2029 3931; x_wconf 88' lang='lat' dir='ltr'><strong>sauri</strong></span> <span class='ocrx_word' id='word_1_668' title='bbox 2058 3873 2301 3928; x_wconf 64' lang='lat' dir='ltr'><strong>scientiae</strong></span> <span class='ocrx_word' id='word_1_669' title='bbox 2324 3887 2388 3926; x_wconf 89' lang='lat' dir='ltr'><strong>ac</strong></span> <span class='ocrx_word' id='word_1_670' title='bbox 2433 3869 2711 3938; x_wconf 59' lang='lat' dir='ltr'><strong>sapientia:</strong></span> <span class='ocrx_word' id='word_1_671' title='bbox 2760 3866 3062 3922; x_wconf 77' lang='lat' dir='ltr'><strong>absconditi</strong></span> <span class='ocrx_word' id='word_1_672' title='bbox 3088 3864 3142 3929; x_wconf 86' lang='grc'><strong>⁶;</strong></span> <span class='ocrx_word' id='word_1_673' title='bbox 3166 3877 3285 3932; x_wconf 67' lang='lat' dir='ltr'><strong>qum</strong></span> <span class='ocrx_word' id='word_1_674' title='bbox 3341 3877 3457 3932; x_wconf 76' lang='lat' dir='ltr'><strong>my-</strong></span> 
     </span>
    </p>
   </div>
   <div class='ocr_carea' id='block_1_91' title="bbox 1882 3949 3456 4032">
    <p class='ocr_par' dir='ltr' id='par_1_91' title="bbox 1882 3949 3456 4032">
     <span class='ocr_line' id='line_1_91' title="bbox 1882 3949 3456 4032; baseline -0.013 -11"><span class='ocrx_word' id='word_1_675' title='bbox 1882 3964 2079 4029; x_wconf 86' lang='lat' dir='ltr'><strong>steria,</strong></span> <span class='ocrx_word' id='word_1_676' title='bbox 2108 3962 2285 4032; x_wconf 88' lang='lat' dir='ltr'><strong>primo</strong></span> <span class='ocrx_word' id='word_1_677' title='bbox 2323 3960 2545 4031; x_wconf 89' lang='lat' dir='ltr'><strong>quidem</strong></span> <span class='ocrx_word' id='word_1_678' title='bbox 2574 3958 2923 4012; x_wconf 88' lang='lat' dir='ltr'><strong>innotueruut</strong></span> <span class='ocrx_word' id='word_1_679' title='bbox 2973 3953 3105 4023; x_wconf 88' lang='lat' dir='ltr'><strong>ipsis</strong></span> <span class='ocrx_word' id='word_1_680' title='bbox 3134 3949 3456 4018; x_wconf 83' lang='lat' dir='ltr'><strong>spectatori-</strong></span> 
     </span>
    </p>
   </div>
   <div class='ocr_carea' id='block_1_92' title="bbox 1882 4039 3456 4117">
    <p class='ocr_par' dir='ltr' id='par_1_92' title="bbox 1882 4039 3456 4117">
     <span class='ocr_line' id='line_1_92' title="bbox 1882 4039 3456 4117; baseline -0.014 -5"><span class='ocrx_word' id='word_1_681' title='bbox 1882 4057 1982 4112; x_wconf 85' lang='lat' dir='ltr'><strong>bus</strong></span> <span class='ocrx_word' id='word_1_682' title='bbox 2012 4055 2163 4111; x_wconf 84' lang='lat' dir='ltr'><strong>verbi</strong></span> <span class='ocrx_word' id='word_1_683' title='bbox 2219 4067 2283 4107; x_wconf 89' lang='lat' dir='ltr'><strong>ac</strong></span> <span class='ocrx_word' id='word_1_684' title='bbox 2333 4049 2598 4107; x_wconf 81' lang='lat' dir='ltr'><strong>ministris</strong></span> <span class='ocrx_word' id='word_1_685' title='bbox 2632 4047 2682 4114; x_wconf 84' lang='lat'><strong>&#39;;</strong></span> <span class='ocrx_word' id='word_1_686' title='bbox 2722 4060 2820 4117; x_wconf 88' lang='lat' dir='ltr'><strong>per</strong></span> <span class='ocrx_word' id='word_1_687' title='bbox 2868 4045 3012 4114; x_wconf 88' lang='lat' dir='ltr'><strong>ipsos</strong></span> <span class='ocrx_word' id='word_1_688' title='bbox 3067 4051 3248 4096; x_wconf 88' lang='lat' dir='ltr'><strong>autem</strong></span> <span class='ocrx_word' id='word_1_689' title='bbox 3301 4039 3456 4092; x_wconf 88' lang='lat' dir='ltr'><strong>nobis</strong></span> 
     </span>
    </p>
   </div>
   <div class='ocr_carea' id='block_1_93' title="bbox 1883 4132 3447 4218">
    <p class='ocr_par' dir='ltr' id='par_1_93' title="bbox 1883 4132 3447 4218">
     <span class='ocr_line' id='line_1_93' title="bbox 1883 4132 3447 4218; baseline -0.01 -21"><span class='ocrx_word' id='word_1_690' title='bbox 1883 4161 2117 4218; x_wconf 86' lang='lat' dir='ltr'><strong>quoque,</strong></span> <span class='ocrx_word' id='word_1_691' title='bbox 2145 4152 2413 4216; x_wconf 86' lang='lat' dir='ltr'><strong>quantum</strong></span> <span class='ocrx_word' id='word_1_692' title='bbox 2452 4140 2570 4197; x_wconf 84' lang='lat' dir='ltr'><strong>ﬁeri</strong></span> <span class='ocrx_word' id='word_1_693' title='bbox 2611 4147 2808 4210; x_wconf 89' lang='lat' dir='ltr'><strong>potest,</strong></span> <span class='ocrx_word' id='word_1_694' title='bbox 2838 4135 3072 4207; x_wconf 85' lang='lat' dir='ltr'><strong>posteris</strong></span> <span class='ocrx_word' id='word_1_695' title='bbox 3114 4132 3329 4187; x_wconf 87' lang='lat' dir='ltr'><strong>illorum</strong></span> <span class='ocrx_word' id='word_1_696' title='bbox 3361 4144 3447 4183; x_wconf 88' lang='lat' dir='ltr'><strong>re-</strong></span> 
     </span>
    </p>
   </div>
   <div class='ocr_carea' id='block_1_94' title="bbox 1882 4221 3460 4306">
    <p class='ocr_par' dir='ltr' id='par_1_94' title="bbox 1882 4221 3460 4306">
     <span class='ocr_line' id='line_1_94' title="bbox 1882 4221 3460 4306; baseline -0.013 -13"><span class='ocrx_word' id='word_1_697' title='bbox 1882 4239 2130 4293; x_wconf 83' lang='lat' dir='ltr'><strong>velantur</strong></span> <span class='ocrx_word' id='word_1_698' title='bbox 2173 4236 2563 4306; x_wconf 88' lang='lat' dir='ltr'><strong>sapienterque</strong></span> <span class='ocrx_word' id='word_1_699' title='bbox 2589 4231 2930 4301; x_wconf 89' lang='lat' dir='ltr'><strong>aperiuntur.</strong></span> <span class='ocrx_word' id='word_1_700' title='bbox 2978 4225 3259 4297; x_wconf 86' lang='lat' dir='ltr'><strong>Siquidem</strong></span> <span class='ocrx_word' id='word_1_701' title='bbox 3291 4238 3357 4277; x_wconf 81' lang='lat' dir='ltr'><strong>ex</strong></span> <span class='ocrx_word' id='word_1_702' title='bbox 3388 4221 3460 4284; x_wconf 43' lang='lat' dir='ltr'><strong>iis.</strong></span> 
     </span>
    </p>
   </div>
   <div class='ocr_carea' id='block_1_95' title="bbox 1882 4314 3458 4400">
    <p class='ocr_par' dir='ltr' id='par_1_95' title="bbox 1882 4314 3458 4400">
     <span class='ocr_line' id='line_1_95' title="bbox 1882 4314 3458 4400; baseline -0.011 -15"><span class='ocrx_word' id='word_1_703' title='bbox 1882 4331 1974 4400; x_wconf 91' lang='lat' dir='ltr'><strong>qui</strong></span> <span class='ocrx_word' id='word_1_704' title='bbox 2027 4330 2154 4384; x_wconf 82' lang='lat' dir='ltr'><strong>talia</strong></span> <span class='ocrx_word' id='word_1_705' title='bbox 2205 4326 2746 4399; x_wconf 73' lang='lat' dir='ltr'><strong>evangelizaverunt,</strong></span> <span class='ocrx_word' id='word_1_706' title='bbox 2802 4318 3025 4376; x_wconf 88' lang='lat' dir='ltr'><strong>tonitrui</strong></span> <span class='ocrx_word' id='word_1_707' title='bbox 3057 4316 3272 4388; x_wconf 90' lang='lat' dir='ltr'><strong>quidem</strong></span> <span class='ocrx_word' id='word_1_708' title='bbox 3317 4314 3458 4368; x_wconf 83' lang='lat' dir='ltr'><strong>[ilius</strong></span> 
     </span>
    </p>
   </div>
   <div class='ocr_carea' id='block_1_96' title="bbox 1889 4404 3456 4489">
    <p class='ocr_par' dir='ltr' id='par_1_96' title="bbox 1889 4404 3456 4489">
     <span class='ocr_line' id='line_1_96' title="bbox 1889 4404 3456 4489; baseline -0.011 -16"><span class='ocrx_word' id='word_1_709' title='bbox 1889 4433 2126 4489; x_wconf 86' lang='lat' dir='ltr'><strong>superne</strong></span> <span class='ocrx_word' id='word_1_710' title='bbox 2162 4417 2487 4487; x_wconf 88' lang='lat' dir='ltr'><strong>inspiratus,</strong></span> <span class='ocrx_word' id='word_1_711' title='bbox 2516 4424 2676 4483; x_wconf 87' lang='lat' dir='ltr'><strong>atque</strong></span> <span class='ocrx_word' id='word_1_712' title='bbox 2708 4410 2774 4466; x_wconf 82' lang='lat' dir='ltr'><strong>ad</strong></span> <span class='ocrx_word' id='word_1_713' title='bbox 2805 4405 3281 4476; x_wconf 83' lang='lat' dir='ltr'><strong>contemplationis</strong></span> <span class='ocrx_word' id='word_1_714' title='bbox 3338 4404 3456 4475; x_wconf 82' lang='lat' dir='ltr'><strong>api-</strong></span> 
     </span>
    </p>
   </div>
   <div class='ocr_carea' id='block_1_97' title="bbox 1815 4488 3460 4581">
    <p class='ocr_par' dir='ltr' id='par_1_97' title="bbox 1815 4488 3460 4581">
     <span class='ocr_line' id='line_1_97' title="bbox 1815 4488 3460 4581; baseline -0.01 -14"><span class='ocrx_word' id='word_1_715' title='bbox 1815 4488 1863 4549; x_wconf 75' lang='lat' dir='ltr'><strong>D</strong></span> <span class='ocrx_word' id='word_1_716' title='bbox 1890 4488 2006 4566; x_wconf 85' lang='lat' dir='ltr'><strong>cem</strong></span> <span class='ocrx_word' id='word_1_717' title='bbox 2042 4509 2396 4581; x_wconf 88' lang='lat' dir='ltr'><strong>purissimam</strong></span> <span class='ocrx_word' id='word_1_718' title='bbox 2445 4522 2597 4561; x_wconf 86' lang='lat' dir='ltr'><strong>suam</strong></span> <span class='ocrx_word' id='word_1_719' title='bbox 2643 4512 2699 4560; x_wconf 84' lang='lat' dir='ltr'><strong>et</strong></span> <span class='ocrx_word' id='word_1_720' title='bbox 2739 4500 3054 4558; x_wconf 66' lang='lat' dir='ltr'><strong>defaecatam</strong></span> <span class='ocrx_word' id='word_1_721' title='bbox 3090 4506 3322 4554; x_wconf 88' lang='lat' dir='ltr'><strong>mentem</strong></span> <span class='ocrx_word' id='word_1_722' title='bbox 3367 4511 3460 4551; x_wconf 76' lang='lat' dir='ltr'><strong>es-</strong></span> 
     </span>
    </p>
   </div>
   <div class='ocr_carea' id='block_1_98' title="bbox 1891 4587 3459 4665">
    <p class='ocr_par' dir='ltr' id='par_1_98' title="bbox 1891 4587 3459 4665">
     <span class='ocr_line' id='line_1_98' title="bbox 1891 4587 3459 4665; baseline -0.008 -9"><span class='ocrx_word' id='word_1_723' title='bbox 1891 4600 2106 4665; x_wconf 84' lang='lat' dir='ltr'><strong>tollens,</strong></span> <span class='ocrx_word' id='word_1_724' title='bbox 2142 4608 2198 4654; x_wconf 86' lang='lat' dir='ltr'><strong>et</strong></span> <span class='ocrx_word' id='word_1_725' title='bbox 2232 4597 2433 4654; x_wconf 84' lang='lat' dir='ltr'><strong>divinis</strong></span> <span class='ocrx_word' id='word_1_726' title='bbox 2469 4596 2632 4652; x_wconf 82' lang='lat' dir='ltr'><strong>rebus</strong></span> <span class='ocrx_word' id='word_1_727' title='bbox 2679 4594 2939 4649; x_wconf 82' lang='lat' dir='ltr'><strong>divinitus</strong></span> <span class='ocrx_word' id='word_1_728' title='bbox 2989 4592 3256 4654; x_wconf 86' lang='lat' dir='ltr'><strong>initiatus,</strong></span> <span class='ocrx_word' id='word_1_729' title='bbox 3314 4587 3459 4643; x_wconf 88' lang='lat' dir='ltr'><strong>illinc</strong></span> 
     </span>
    </p>
   </div>
   <div class='ocr_carea' id='block_1_99' title="bbox 1891 4683 3461 4750">
    <p class='ocr_par' dir='ltr' id='par_1_99' title="bbox 1891 4683 3461 4750">
     <span class='ocr_line' id='line_1_99' title="bbox 1891 4683 3461 4750; baseline -0.009 -3"><span class='ocrx_word' id='word_1_730' title='bbox 1891 4691 2050 4748; x_wconf 85' lang='lat' dir='ltr'><strong>nobis</strong></span> <span class='ocrx_word' id='word_1_731' title='bbox 2084 4687 2247 4743; x_wconf 82' lang='lat' dir='ltr'><strong>Verbi</strong></span> <span class='ocrx_word' id='word_1_732' title='bbox 2277 4704 2401 4743; x_wconf 90' lang='lat' dir='ltr'><strong>cum</strong></span> <span class='ocrx_word' id='word_1_733' title='bbox 2438 4686 2600 4743; x_wconf 83' lang='lat' dir='ltr'><strong>Patre</strong></span> <span class='ocrx_word' id='word_1_734' title='bbox 2632 4700 2732 4740; x_wconf 87' lang='lat' dir='ltr'><strong>suo</strong></span> <span class='ocrx_word' id='word_1_735' title='bbox 2768 4683 3130 4739; x_wconf 64' lang='lat' dir='ltr'><strong>aeternitatem</strong></span> <span class='ocrx_word' id='word_1_736' title='bbox 3166 4693 3461 4750; x_wconf 87' lang='lat' dir='ltr'><strong>paremque</strong></span> 
     </span>
    </p>
   </div>
   <div class='ocr_carea' id='block_1_100' title="bbox 1892 4773 3459 4850">
    <p class='ocr_par' dir='ltr' id='par_1_100' title="bbox 1892 4773 3459 4850">
     <span class='ocr_line' id='line_1_100' title="bbox 1892 4773 3459 4850; baseline -0.008 -13"><span class='ocrx_word' id='word_1_737' title='bbox 1892 4782 2234 4850; x_wconf 77' lang='lat' dir='ltr'><strong>maiestatem</strong></span> <span class='ocrx_word' id='word_1_738' title='bbox 2259 4780 2576 4835; x_wconf 85' lang='lat' dir='ltr'><strong>illucescere</strong></span> <span class='ocrx_word' id='word_1_739' title='bbox 2604 4776 2752 4844; x_wconf 77' lang='lat' dir='ltr'><strong>fecit,</strong></span> <span class='ocrx_word' id='word_1_740' title='bbox 2793 4777 2846 4831; x_wconf 91' lang='lat' dir='ltr'><strong>in</strong></span> <span class='ocrx_word' id='word_1_741' title='bbox 2873 4774 3139 4846; x_wconf 86' lang='lat' dir='ltr'><strong>principio</strong></span> <span class='ocrx_word' id='word_1_742' title='bbox 3175 4788 3297 4830; x_wconf 88' lang='lat' dir='ltr'><strong>esse</strong></span> <span class='ocrx_word' id='word_1_743' title='bbox 3324 4773 3459 4827; x_wconf 79' lang='lat' dir='ltr'><strong>Ver-</strong></span> 
     </span>
    </p>
   </div>
   <div class='ocr_carea' id='block_1_101' title="bbox 1890 4865 3461 4941">
    <p class='ocr_par' dir='ltr' id='par_1_101' title="bbox 1890 4865 3461 4941">
     <span class='ocr_line' id='line_1_101' title="bbox 1890 4865 3461 4941; baseline -0.008 -11"><span class='ocrx_word' id='word_1_744' title='bbox 1890 4875 2040 4940; x_wconf 89' lang='lat' dir='ltr'><strong>bum,</strong></span> <span class='ocrx_word' id='word_1_745' title='bbox 2064 4885 2119 4929; x_wconf 90' lang='lat' dir='ltr'><strong>et</strong></span> <span class='ocrx_word' id='word_1_746' title='bbox 2156 4887 2281 4928; x_wconf 89' lang='lat' dir='ltr'><strong>esse</strong></span> <span class='ocrx_word' id='word_1_747' title='bbox 2298 4874 2437 4941; x_wconf 90' lang='lat' dir='ltr'><strong>apud</strong></span> <span class='ocrx_word' id='word_1_748' title='bbox 2473 4868 2667 4930; x_wconf 87' lang='lat' dir='ltr'><strong>Deum.</strong></span> <span class='ocrx_word' id='word_1_749' title='bbox 2698 4878 2753 4924; x_wconf 90' lang='lat' dir='ltr'><strong>et</strong></span> <span class='ocrx_word' id='word_1_750' title='bbox 2785 4869 2956 4923; x_wconf 90' lang='lat' dir='ltr'><strong>Deum</strong></span> <span class='ocrx_word' id='word_1_751' title='bbox 2998 4881 3143 4932; x_wconf 85' lang='lat' dir='ltr'><strong>esse,</strong></span> <span class='ocrx_word' id='word_1_752' title='bbox 3182 4865 3461 4920; x_wconf 81' lang='lat' dir='ltr'><strong>declarans</strong></span> 
     </span>
    </p>
   </div>
   <div class='ocr_carea' id='block_1_102' title="bbox 1892 4953 3460 5028">
    <p class='ocr_par' dir='ltr' id='par_1_102' title="bbox 1892 4953 3460 5028">
     <span class='ocr_line' id='line_1_102' title="bbox 1892 4953 3460 5028; baseline -0.009 -7"><span class='ocrx_word' id='word_1_753' title='bbox 1892 4976 1948 5021; x_wconf 89' lang='lat' dir='ltr'><strong>et</strong></span> <span class='ocrx_word' id='word_1_754' title='bbox 1971 4964 2413 5020; x_wconf 81' lang='lat' dir='ltr'><strong>manifestissime</strong></span> <span class='ocrx_word' id='word_1_755' title='bbox 2446 4964 2665 5018; x_wconf 88' lang='lat' dir='ltr'><strong>docens.</strong></span> <span class='ocrx_word' id='word_1_756' title='bbox 2703 4961 2804 5028; x_wconf 85' lang='lat' dir='ltr'><strong>Qui</strong></span> <span class='ocrx_word' id='word_1_757' title='bbox 2874 4974 3009 5015; x_wconf 89' lang='lat' dir='ltr'><strong>sane</strong></span> <span class='ocrx_word' id='word_1_758' title='bbox 3038 4958 3231 5012; x_wconf 72' lang='lat' dir='ltr'><strong>divina:</strong></span> <span class='ocrx_word' id='word_1_759' title='bbox 3260 4953 3460 5008; x_wconf 85' lang='lat' dir='ltr'><strong>conde-</strong></span> 
     </span>
    </p>
   </div>
   <div class='ocr_carea' id='block_1_103' title="bbox 1893 5039 3463 5123">
    <p class='ocr_par' dir='ltr' id='par_1_103' title="bbox 1893 5039 3463 5123">
     <span class='ocr_line' id='line_1_103' title="bbox 1893 5039 3463 5123; baseline -0.01 -12"><span class='ocrx_word' id='word_1_760' title='bbox 1893 5052 2222 5118; x_wconf 65' lang='lat' dir='ltr'><strong>scensiouis,</strong></span> <span class='ocrx_word' id='word_1_761' title='bbox 2242 5064 2501 5122; x_wconf 86' lang='lat' dir='ltr'><strong>quantum</strong></span> <span class='ocrx_word' id='word_1_762' title='bbox 2533 5051 2707 5123; x_wconf 74' lang='lat' dir='ltr'><strong>gratia</strong></span> <span class='ocrx_word' id='word_1_763' title='bbox 2736 5065 2857 5105; x_wconf 89' lang='lat' dir='ltr'><strong>eum</strong></span> <span class='ocrx_word' id='word_1_764' title='bbox 2892 5047 3215 5107; x_wconf 73' lang='lat' dir='ltr'><strong>illustrabat,</strong></span> <span class='ocrx_word' id='word_1_765' title='bbox 3246 5039 3463 5111; x_wconf 83' lang='lat' dir='ltr'><strong>proluu-</strong></span> 
     </span>
    </p>
   </div>
   <div class='ocr_carea' id='block_1_104' title="bbox 1888 5133 3461 5214">
    <p class='ocr_par' dir='ltr' id='par_1_104' title="bbox 1888 5133 3461 5214">
     <span class='ocr_line' id='line_1_104' title="bbox 1888 5133 3461 5214; baseline -0.011 -13"><span class='ocrx_word' id='word_1_766' title='bbox 1888 5147 2113 5201; x_wconf 86' lang='lat' dir='ltr'><strong>ditatem</strong></span> <span class='ocrx_word' id='word_1_767' title='bbox 2141 5154 2453 5214; x_wconf 84' lang='lat' dir='ltr'><strong>penetrans,</strong></span> <span class='ocrx_word' id='word_1_768' title='bbox 2488 5141 2615 5199; x_wconf 77' lang='lat' dir='ltr'><strong>Jesu</strong></span> <span class='ocrx_word' id='word_1_769' title='bbox 2641 5141 2843 5199; x_wconf 90' lang='lat' dir='ltr'><strong>Christi</strong></span> <span class='ocrx_word' id='word_1_770' title='bbox 2869 5137 3276 5210; x_wconf 75' lang='lat' dir='ltr'><strong>generationem</strong></span> <span class='ocrx_word' id='word_1_771' title='bbox 3302 5133 3461 5199; x_wconf 74' lang='lat' dir='ltr'><strong>digne</strong></span> 
     </span>
    </p>
   </div>
   <div class='ocr_carea' id='block_1_105' title="bbox 1900 5222 3462 5307">
    <p class='ocr_par' dir='ltr' id='par_1_105' title="bbox 1900 5222 3462 5307">
     <span class='ocr_line' id='line_1_105' title="bbox 1900 5222 3462 5307; baseline -0.012 -13"><span class='ocrx_word' id='word_1_772' title='bbox 1900 5234 2059 5307; x_wconf 75' lang='lat'><strong>201</strong></span> <span class='ocrx_word' id='word_1_773' title='bbox 2096 5236 2227 5299; x_wconf 87' lang='lat' dir='ltr'><strong>Deo,</strong></span> <span class='ocrx_word' id='word_1_774' title='bbox 2256 5245 2415 5307; x_wconf 87' lang='lat' dir='ltr'><strong>prout</strong></span> <span class='ocrx_word' id='word_1_775' title='bbox 2433 5250 2622 5304; x_wconf 87' lang='lat' dir='ltr'><strong>reapse</strong></span> <span class='ocrx_word' id='word_1_776' title='bbox 2641 5241 2779 5297; x_wconf 84' lang='lat' dir='ltr'><strong>erat,</strong></span> <span class='ocrx_word' id='word_1_777' title='bbox 2801 5228 3091 5287; x_wconf 76' lang='lat' dir='ltr'><strong>enarravit.</strong></span> <span class='ocrx_word' id='word_1_778' title='bbox 3124 5225 3321 5293; x_wconf 87' lang='lat' dir='ltr'><strong>Utique</strong></span> <span class='ocrx_word' id='word_1_779' title='bbox 3350 5222 3462 5276; x_wconf 74' lang='lat' dir='ltr'><strong>lure</strong></span> 
     </span>
    </p>
   </div>
   <div class='ocr_carea' id='block_1_106' title="bbox 201 5312 1799 5409">
    <p class='ocr_par' dir='ltr' id='par_1_106' title="bbox 201 5325 1792 5402">
     <span class='ocr_line' id='line_1_106' title="bbox 201 5325 1792 5402; baseline -0.005 -16"><span class='ocrx_word' id='word_1_780' title='bbox 201 5334 460 5402; x_wconf 74' lang='grc' dir='ltr'>ηγήσατο</span> <span class='ocrx_word' id='word_1_781' title='bbox 475 5345 490 5359; x_wconf 74' lang='grc' dir='ltr'><strong>ο</strong></span> <span class='ocrx_word' id='word_1_782' title='bbox 515 5325 626 5382; x_wconf 80' lang='grc' dir='ltr'>εἷεν</span> <span class='ocrx_word' id='word_1_783' title='bbox 641 5328 688 5380; x_wconf 77' lang='grc' dir='ltr'>δ’</span> <span class='ocrx_word' id='word_1_784' title='bbox 708 5327 774 5382; x_wconf 82' lang='grc' dir='ltr'>ἂν</span> <span class='ocrx_word' id='word_1_785' title='bbox 792 5326 985 5389; x_wconf 80' lang='grc' dir='ltr'>ταῦτα,</span> <span class='ocrx_word' id='word_1_786' title='bbox 1004 5327 1147 5379; x_wconf 77' lang='grc' dir='ltr'>εἴποι</span> <span class='ocrx_word' id='word_1_787' title='bbox 1163 5343 1248 5388; x_wconf 88' lang='grc' dir='ltr'><strong>τις</strong></span> <span class='ocrx_word' id='word_1_788' title='bbox 1266 5326 1350 5393; x_wconf 82' lang='grc' dir='ltr'>ἂν,</span> <span class='ocrx_word' id='word_1_789' title='bbox 1381 5327 1475 5381; x_wconf 75' lang='grc' dir='ltr'>καὶ</span> <span class='ocrx_word' id='word_1_790' title='bbox 1496 5327 1615 5380; x_wconf 86' lang='grc' dir='ltr'>λίαν</span> <span class='ocrx_word' id='word_1_791' title='bbox 1641 5326 1792 5398; x_wconf 86' lang='grc' dir='ltr'>ὀρθό-</span> 
     </span>
    </p>
   </div>
   <div class='ocr_carea' id='block_1_107' title="bbox 1883 5312 3464 5409">
    <p class='ocr_par' dir='ltr' id='par_1_107' title="bbox 1891 5312 3464 5409">
     <span class='ocr_line' id='line_1_107' title="bbox 1891 5312 3464 5409; baseline -0.01 -26"><span class='ocrx_word' id='word_1_792' title='bbox 1891 5340 2040 5393; x_wconf 81' lang='lat' dir='ltr'><strong>Sunt,</strong></span> <span class='ocrx_word' id='word_1_793' title='bbox 2072 5328 2211 5383; x_wconf 88' lang='lat' dir='ltr'><strong>dicet</strong></span> <span class='ocrx_word' id='word_1_794' title='bbox 2234 5325 2623 5409; x_wconf 42' lang='lat' dir='ltr'><strong>aliquis,.valde</strong></span> <span class='ocrx_word' id='word_1_795' title='bbox 2652 5333 2815 5385; x_wconf 85' lang='lat' dir='ltr'><strong>recta,</strong></span> <span class='ocrx_word' id='word_1_796' title='bbox 2839 5312 2891 5376; x_wconf 85' lang='lat' dir='ltr'><strong>in</strong></span> <span class='ocrx_word' id='word_1_797' title='bbox 2921 5334 3039 5390; x_wconf 79' lang='lat' dir='ltr'><strong>quae</strong></span> <span class='ocrx_word' id='word_1_798' title='bbox 3078 5315 3464 5372; x_wconf 75' lang='lat' dir='ltr'><strong>desiderabant</strong></span> 
     </span>
    </p>
   </div>
   <div class='ocr_carea' id='block_1_108' title="bbox 206 5413 1787 5488">
    <p class='ocr_par' dir='ltr' id='par_1_108' title="bbox 206 5413 1787 5488">
     <span class='ocr_line' id='line_1_108' title="bbox 206 5413 1787 5488; baseline -0.006 -12"><span class='ocrx_word' id='word_1_799' title='bbox 206 5437 372 5484; x_wconf 84' lang='grc' dir='ltr'>τατα,</span> <span class='ocrx_word' id='word_1_800' title='bbox 406 5422 487 5482; x_wconf 83' lang='grc' dir='ltr'><strong>εἰς</strong></span> <span class='ocrx_word' id='word_1_801' title='bbox 531 5418 567 5473; x_wconf 78' lang='grc' dir='ltr'><strong>ἃ.</strong></span> <span class='ocrx_word' id='word_1_802' title='bbox 600 5417 906 5488; x_wconf 64' lang='grc' dir='ltr'>ἐπεθύμουν</span> <span class='ocrx_word' id='word_1_803' title='bbox 936 5415 1262 5488; x_wconf 76' lang='grc' dir='ltr'>παρακύψαι</span> <span class='ocrx_word' id='word_1_804' title='bbox 1297 5417 1390 5469; x_wconf 80' lang='grc' dir='ltr'><strong>καὶ</strong></span> <span class='ocrx_word' id='word_1_805' title='bbox 1418 5415 1661 5484; x_wconf 75' lang='grc' dir='ltr'>ἄγγελοι,</span> <span class='ocrx_word' id='word_1_806' title='bbox 1712 5413 1787 5478; x_wconf 85' lang='grc' dir='ltr'><strong>ὡς</strong></span> 
     </span>
    </p>
   </div>
   <div class='ocr_carea' id='block_1_109' title="bbox 209 5507 1789 5583">
    <p class='ocr_par' dir='ltr' id='par_1_109' title="bbox 209 5507 1789 5583">
     <span class='ocr_line' id='line_1_109' title="bbox 209 5507 1789 5583; baseline -0.006 -13"><span class='ocrx_word' id='word_1_807' title='bbox 209 5514 345 5569; x_wconf 78' lang='grc' dir='ltr'>ποτὲ</span> <span class='ocrx_word' id='word_1_808' title='bbox 396 5512 496 5567; x_wconf 60' lang='grc' dir='ltr'><strong>καὶ¹</strong></span> <span class='ocrx_word' id='word_1_809' title='bbox 527 5510 711 5575; x_wconf 74' lang='grc' dir='ltr'>αὐτοῖς</span> <span class='ocrx_word' id='word_1_810' title='bbox 753 5507 1227 5583; x_wconf 77' lang='grc' dir='ltr'>ἀποκεκρυμμένα</span> <span class='ocrx_word' id='word_1_811' title='bbox 1274 5507 1370 5562; x_wconf 75' lang='grc' dir='ltr'>καὶ</span> <span class='ocrx_word' id='word_1_812' title='bbox 1393 5507 1593 5573; x_wconf 73' lang='grc' dir='ltr'>ἄϐατα,</span> <span class='ocrx_word' id='word_1_813' title='bbox 1646 5507 1789 5560; x_wconf 88' lang='grc' dir='ltr'><strong>κατά</strong></span> 
     </span>
    </p>
   </div>
   <div class='ocr_carea' id='block_1_110' title="bbox 282 5684 1331 5758">
    <p class='ocr_par' dir='ltr' id='par_1_110' title="bbox 282 5684 1331 5758">
     <span class='ocr_line' id='line_1_110' title="bbox 282 5684 1331 5758; baseline -0.002 -15"><span class='ocrx_word' id='word_1_814' title='bbox 282 5692 300 5725; x_wconf 79' lang='grc'>⁸</span> <span class='ocrx_word' id='word_1_815' title='bbox 341 5687 589 5758; x_wconf 86' lang='lat' dir='ltr'><strong>Philipp.</strong></span> <span class='ocrx_word' id='word_1_816' title='bbox 613 5702 695 5758; x_wconf 83' lang='grc' dir='ltr'>ιιι,</span> <span class='ocrx_word' id='word_1_817' title='bbox 722 5686 818 5758; x_wconf 68' lang='grc' dir='ltr'><strong>12.Δ</strong></span> <span class='ocrx_word' id='word_1_818' title='bbox 918 5687 938 5717; x_wconf 78' lang='grc'>⁸</span> <span class='ocrx_word' id='word_1_819' title='bbox 980 5685 999 5739; x_wconf 96' lang='lat' dir='ltr'><strong>l</strong></span> <span class='ocrx_word' id='word_1_820' title='bbox 1033 5684 1160 5758; x_wconf 76' lang='lat' dir='ltr'><strong>Cor.</strong></span> <span class='ocrx_word' id='word_1_821' title='bbox 1190 5701 1243 5755; x_wconf 76' lang='grc' dir='ltr'>ι,</span> <span class='ocrx_word' id='word_1_822' title='bbox 1275 5686 1331 5741; x_wconf 78' lang='lat'><strong>3.</strong></span> 
     </span>
    </p>
   </div>
   <div class='ocr_carea' id='block_1_111' title="bbox 206 5755 1094 5823">
    <p class='ocr_par' dir='ltr' id='par_1_111' title="bbox 206 5755 1094 5823">
     <span class='ocr_line' id='line_1_111' title="bbox 206 5755 1094 5823; baseline -0.009 -7"><span class='ocrx_word' id='word_1_823' title='bbox 206 5759 231 5793; x_wconf 80' lang='grc'><strong><em>⁸</em></strong></span> <span class='ocrx_word' id='word_1_824' title='bbox 264 5755 572 5823; x_wconf 61' lang='lat' dir='ltr'><strong>ColossJi,</strong></span> <span class='ocrx_word' id='word_1_825' title='bbox 608 5757 662 5810; x_wconf 71' lang='grc' dir='ltr'><strong>ὃ.</strong></span> <span class='ocrx_word' id='word_1_826' title='bbox 737 5757 757 5787; x_wconf 86' lang='grc'><strong>⁷</strong></span> <span class='ocrx_word' id='word_1_827' title='bbox 801 5755 929 5811; x_wconf 84' lang='lat' dir='ltr'><strong>an.</strong></span> <span class='ocrx_word' id='word_1_828' title='bbox 959 5772 1008 5821; x_wconf 85' lang='grc' dir='ltr'><strong>ι,</strong></span> <span class='ocrx_word' id='word_1_829' title='bbox 1038 5755 1094 5809; x_wconf 69' lang='lat'><strong>‘3.</strong></span> 
     </span>
    </p>
   </div>
   <div class='ocr_carea' id='block_1_112' title="bbox 1434 5683 1960 5757">
    <p class='ocr_par' dir='ltr' id='par_1_112' title="bbox 1434 5683 1960 5757">
     <span class='ocr_line' id='line_1_112' title="bbox 1434 5683 1960 5757; baseline -0.006 -17"><span class='ocrx_word' id='word_1_830' title='bbox 1434 5685 1455 5717; x_wconf 78' lang='grc' dir='ltr'><strong>ι</strong></span> <span class='ocrx_word' id='word_1_831' title='bbox 1565 5683 1721 5742; x_wconf 85' lang='lat' dir='ltr'><strong>nom.</strong></span> <span class='ocrx_word' id='word_1_832' title='bbox 1753 5686 1844 5757; x_wconf 88' lang='lat' dir='ltr'><strong>tx,</strong></span> <span class='ocrx_word' id='word_1_833' title='bbox 1869 5687 1960 5743; x_wconf 72' lang='lat' dir='ltr'><strong>ss.</strong></span> 
     </span>
    </p>
   </div>
   <div class='ocr_carea' id='block_1_113' title="bbox 1888 5410 3481 5489">
    <p class='ocr_par' dir='ltr' id='par_1_113' title="bbox 1888 5410 3481 5489">
     <span class='ocr_line' id='line_1_113' title="bbox 1888 5410 3481 5489; baseline -0.006 -16"><span class='ocrx_word' id='word_1_834' title='bbox 1888 5420 2053 5473; x_wconf 88' lang='lat' dir='ltr'><strong>etiam</strong></span> <span class='ocrx_word' id='word_1_835' title='bbox 2079 5419 2253 5487; x_wconf 77' lang='lat' dir='ltr'><strong>angeli</strong></span> <span class='ocrx_word' id='word_1_836' title='bbox 2292 5418 2626 5489; x_wconf 88' lang='lat' dir='ltr'><strong>prospicere,</strong></span> <span class='ocrx_word' id='word_1_837' title='bbox 2662 5423 2848 5483; x_wconf 88' lang='lat' dir='ltr'><strong>utpote</strong></span> <span class='ocrx_word' id='word_1_838' title='bbox 2891 5412 3019 5465; x_wconf 88' lang='lat' dir='ltr'><strong>olim</strong></span> <span class='ocrx_word' id='word_1_839' title='bbox 3073 5410 3206 5480; x_wconf 81' lang='lat' dir='ltr'><strong>ipsis</strong></span> <span class='ocrx_word' id='word_1_840' title='bbox 3251 5421 3481 5476; x_wconf 68' lang='lat' dir='ltr'><strong>quodue.</strong></span> 
     </span>
    </p>
   </div>
   <div class='ocr_carea' id='block_1_114' title="bbox 1894 5500 3463 5579">
    <p class='ocr_par' dir='ltr' id='par_1_114' title="bbox 1894 5500 3463 5579">
     <span class='ocr_line' id='line_1_114' title="bbox 1894 5500 3463 5579; baseline -0.009 -13"><span class='ocrx_word' id='word_1_841' title='bbox 1894 5512 2206 5566; x_wconf 86' lang='lat' dir='ltr'><strong>abscondita</strong></span> <span class='ocrx_word' id='word_1_842' title='bbox 2275 5520 2440 5579; x_wconf 83' lang='lat' dir='ltr'><strong>atque</strong></span> <span class='ocrx_word' id='word_1_843' title='bbox 2508 5507 2790 5578; x_wconf 84' lang='lat' dir='ltr'><strong>impervia,</strong></span> <span class='ocrx_word' id='word_1_844' title='bbox 2855 5506 2947 5560; x_wconf 89' lang='lat' dir='ltr'><strong>sed</strong></span> <span class='ocrx_word' id='word_1_845' title='bbox 3002 5503 3200 5558; x_wconf 88' lang='lat' dir='ltr'><strong>idoneo</strong></span> <span class='ocrx_word' id='word_1_846' title='bbox 3248 5500 3463 5557; x_wconf 84' lang='lat' dir='ltr'><strong>demum</strong></span> 
     </span>
    </p>
   </div>
   <div class='ocr_carea' id='block_1_115' title="bbox 2069 5683 3462 5751">
    <p class='ocr_par' dir='ltr' id='par_1_115' title="bbox 2069 5683 3462 5751">
     <span class='ocr_line' id='line_1_115' title="bbox 2069 5683 3462 5751; baseline 0 -12"><span class='ocrx_word' id='word_1_847' title='bbox 2069 5685 2089 5716; x_wconf 71' lang='grc'><strong><em>⁵</em></strong></span> <span class='ocrx_word' id='word_1_848' title='bbox 2128 5683 2300 5741; x_wconf 78' lang='lat' dir='ltr'><strong>Exod.</strong></span> <span class='ocrx_word' id='word_1_849' title='bbox 2341 5688 2654 5746; x_wconf 59' lang='lat'><strong>“5111,22.</strong></span> <span class='ocrx_word' id='word_1_850' title='bbox 2776 5685 2798 5718; x_wconf 84' lang='grc'>⁸</span> <span class='ocrx_word' id='word_1_851' title='bbox 2835 5683 2979 5739; x_wconf 75' lang='grc' dir='ltr'>Ιίιιι.</span> <span class='ocrx_word' id='word_1_852' title='bbox 3018 5699 3172 5748; x_wconf 70' lang='lat' dir='ltr'><strong>xxvi.</strong></span> <span class='ocrx_word' id='word_1_853' title='bbox 3198 5683 3259 5751; x_wconf 82' lang='lat'><strong>6;</strong></span> <span class='ocrx_word' id='word_1_854' title='bbox 3294 5699 3382 5748; x_wconf 75' lang='lat' dir='ltr'><strong>Ls.</strong></span> <span class='ocrx_word' id='word_1_855' title='bbox 3409 5686 3462 5739; x_wconf 77' lang='lat'><strong>&#39;5.</strong></span> 
     </span>
    </p>
   </div>
  </div>
