3918 6152
194 328 314 392 «6.73

1057 316 1623 392 APOLOGETICUS
1656 326 1807 390 PRO
1841 328 2107 392 SACBJS
2146 330 2624 396 IMAGINIBUS.

3341 340 3447 404 στι

208 439 389 512 laevo);
420 438 695 510 σύνδρομα
717 436 962 509 δέχονται
1014 441 1110 494 καὶ
1136 440 1244 493 τῶν
1274 441 1542 513 σωμάτων
1576 444 1624 496 ol
1680 445 1782 496 κά-

1893 444 2000 497 mul
2033 444 2367 514 recipiebant
2395 460 2683 516 corporum
2709 459 2922 516 quoque
2955 451 3332 519 cgrotantinm
3359 469 3448 507 sa-

209 547 439 602 μνοντες
467 530 536 583 τὰ
565 530 770 599 ίάματα
790 569 804 593 ,
824 528 988 601 ἡνίκα
1016 529 1084 583 τὰ
1109 530 1321 600 μεγάλα
1349 533 1533 585 ἐκεῖνα
1567 532 1662 585 καὶ
1692 548 1786 586 πο-

208 623 400 694 λυειδῆ
446 621 847 692 ἐτελεσιούργει
874 621 1159 693 τεράστια·
1200 622 1420 692 τυφλοῖς
1450 624 1548 694 μὲν
1584 626 1693 694 γὰρ
1724 623 1786 676 τὸ

204 713 432 786 βλέπειν
461 714 843 785 τερατουργῶν
874 694 1186 786 ἐχαρίζετο,
1220 716 1441 786 λεπροῖς
1469 716 1526 769 δὲ
1552 717 1779 788 ἐνήργει

203 806 310 874 τὴν
347 804 654 875 κὰοαρσιν,
696 803 888 873 χωλοῖς
928 803 1028 867 τὰς
1083 805 1269 874 βάσεις
1310 805 1630 876 ἐπηνώρθου
1687 807 1784 861 καὶ⁸

195 895 617 968 κατερρώννυεθ
657 882 783 959 τοὺς
814 896 1178 966 παρειμένους
1210 898 1303 951 καὶ
1341 897 1785 968 κατεσκληκότας

198 981 273 1042 τὶ
295 989 455 1058 μέλη,
485 988 702 1058 ἀρτίους
729 991 822 1040 καὶ
837 987 1114 1051 εὐσταλεῖς
1136 990 1447 1059 γινομένους
1474 991 1747 1060 ἀπέφαινε
1767 1007 1782 1022 ·

202 1082 483 1151 δαιμόνων
510 1080 780 1150 ἐπιτιμῶν
808 1080 876 1133 τὰ
903 1082 1065 1149 στίφη
1094 1082 1396 1150 ἀπήλαυνε,
1423 1084 1517 1136 καὶ
1542 1085 1668 1148 τοὺς
1692 1082 1784 1136 ὑπ’

203 1174 396 1228 αὐτῶν
424 1171 782 1241 ὀχλουμένους
808 1209 823 1234 ,
853 1174 952 1241 τῆς
983 1172 1182 1242 ἀγρίας
1217 1174 1406 1242 ἐφόδου
1440 1172 1749 1245 ἀπήλλαττε
1768 1190 1783 1204 ο

192 1264 309 1318 καὶ
336 1262 516 1324 ἀλλοις
546 1260 689 1315 ἄλλα
718 1260 932 1314 νοσοῦσι
962 1260 1059 1331 τὴν
1103 1261 1294 1332 ῥώμην
1339 1263 1660 1333 παρείχετο,
1690 1264 1787 1319 καὶ

204 1353 558 1423 ἁπαξαπλῶς
601 1354 781 1405 πᾶσαν
830 1338 983 1404 νόσον
1027 1352 1121 1405 καὶ
1167 1354 1344 1407 πᾶσαν
1393 1354 1665 1423 μαλακίαν
1712 1354 1788 1417 ὡς

212 1446 355 1507 Θεὸς
386 1441 728 1514 ύπεράγαθος
757 1439 818 1491 τὸ
838 1440 1034 1492 οἰκεῖον
1064 1441 1449 1512 κατοικτείρων
1472 1441 1703 1511 ποίημα,
1728 1442 1788 1494 ἐν

210 1536 299 1606 τῷ
328 1535 442 1605 λαῷ
477 1530 794 1605 θεραπεύων
823 1530 1076 1584 διετέλει’
1108 1530 1204 1585 καὶ
1238 1532 1690 1601 ἁμαρτημάτων,
1727 1529 1789 1585 τὸ

158 1680 163 1689 ,
207 1626 408 1696 μεῖζον
439 1624 535 1676 καὶ
585 1619 912 1689 τελεώτερον
974 1620 1093 1689 (καὶ
1131 1619 1240 1687 γὰρ
1287 1618 1373 1671 ἐπ’
1428 1618 1675 1685 ἐξουσίας
1718 1614 1787 1689 ἦν

205 1717 366 1787 αὐτῷ
438 1715 547 1768 τῶν
605 1711 1010 1782 ἡμαρτημένων
1072 1709 1381 1780 ἀνθρώποις
1431 1711 1465 1781 ἡ
1526 1709 1783 1781 ἄφεσις),

1885 533 2114 597 nitates,
2149 550 2256 603 quo
2294 544 2538 603 tempore
2579 538 2805 606 grandia
2863 537 2950 592 illa
2985 554 3049 593 ac
3092 541 3449 597 multiformia

1884 626 2212 693 operabatur
2232 627 2497 680 miracula
2532 642 2552 681 :
2583 628 2743 682 ca-cis
2767 630 2911 683 enim
2943 631 3115 685 visum
3147 634 3451 701 prodigiose

1886 712 2235 781 largiebatur,
2269 716 2500 784 leprosis
2526 718 2903 787 purgationem
2949 718 3206 786 faciebat,
3238 722 3446 776 claudis

1886 803 2046 857 bases
2102 805 2440 860 instaurabat
2503 822 2565 862 ac
2630 810 2947 875 roboraltat,
3005 812 3335 883 paralyticos
3392 820 3450 867 et

1888 896 2148 952 membris
2174 897 2466 954 dissolutos
2489 900 2787 956 incolumes
2814 913 2869 957 et
2893 904 3028 959 bene
3058 906 3299 960 valentes
3329 905 3449 962 efﬁ-

1886 988 2083 1054 ciebat,
2106 990 2405 1045 daunonutn
2434 994 2647 1061 agmina
2673 993 3009 1063 objurganda
3034 996 3280 1066 pellebat,
3305 1009 3359 1052 et
3381 1000 3449 1054 ab

1887 1076 2075 1131 borum
2106 1094 2246 1134 sa:va
2279 1083 2590 1141 incursione
2610 1085 2865 1139 obsessos
2896 1086 3187 1150 liberabat,
3218 1089 3451 1159 aliisque

1885 1170 2043 1224 aliter
2074 1171 2443 1227 laborantibus
2464 1174 2706 1242 vigorem
2734 1176 2976 1240 indebat,
3001 1185 3055 1230 et
3086 1179 3313 1233 omnino
3336 1195 3452 1232 out-

1888 1276 2010 1315 neut
2047 1264 2296 1317 morbum
2331 1280 2657 1335 omnemque
2689 1265 3024 1337 languorem,
3056 1270 3131 1322 uti
3181 1269 3324 1325 Deus
3353 1271 3452 1325 be-

1888 1352 2264 1420 nignissimus,
2296 1355 2386 1423 qui
2414 1371 2525 1410 sua:
2557 1365 2819 1411 creaturae
2846 1358 3154 1420 miseretur,
3179 1360 3230 1412 itt
3256 1360 3453 1429 populo

1886 1445 2162 1500 medicans
2206 1448 2545 1503 versabatur.
2601 1447 2951 1515 Peccatorum
3001 1451 3255 1517 denique,
3310 1451 3453 1519 quod

1887 1534 2061 1602 majus
2095 1534 2496 1605 perfectiusque
2541 1552 2677 1605 opus
2708 1547 2790 1590 est
2823 1539 3091 1605 (namque
3122 1541 3172 1595 in
3217 1538 3332 1606 ejus
3358 1555 3454 1609 po,-

1884 1629 2082 1677 testate
2109 1632 2189 1678 est
2226 1636 2443 1691 peccata
2484 1624 2805 1680 hominibus
2857 1626 3229 1694 condonare),
3265 1629 3454 1683 rt-mis-

1887 1713 2091 1768 si0nem
2142 1713 2397 1783 largiens.
2451 1717 2544 1771 Sic
2584 1716 2967 1786 Redemptoris
3026 1732 3090 1771 ac
3146 1718 3453 1774 Servatoris

204 1810 314 1879 τὴν
356 1804 673 1875 ἐλευθερίαν
721 1801 1091 1874 δωρούμενος·
1141 1802 1313 1867 οὕτως
1362 1804 1412 1857 οί
1451 1802 1543 1856 τοῦ
1577 1802 1785 1877 λυτρωέ

1893 1804 2054 1856 nostri
2082 1804 2355 1871 discipuli,
2393 1807 2698 1862 imitatores
2722 1806 2850 1863 facti
2883 1808 3175 1864 ineiiabilis
3203 1809 3320 1878 ejus
3353 1816 3450 1867 be-

192 1898 310 1953 -τοῦ
366 1897 466 1950 καὶ
538 1895 789 1965 Σωτῆρος
860 1893 1017 1964 ἡμῶν
1074 1892 1345 1964 μαθηταὶ,
1406 1894 1643 1965 μιμηταὶ
1686 1893 1787 1964 τῆς

1893 1893 2184 1961 nignitatis,
2222 1906 2505 1964 postquam
2558 1896 2798 1966 Spiritus
2847 1900 3048 1952 donum
3107 1912 3448 1972 receperunt,

204 1990 429 2060 ἁφάτου
479 1985 644 2042 αὑτοῦ
706 1983 1118 2055 φιλανθρωπίας
1163 1985 1478 2053 γενόμενοι,
1521 1985 1643 2038 ἐπεὶ
1686 1983 1787 2052 τὴν

1893 1981 2083 2037 similia
2125 1984 2387 2038 tniraeula
2422 1987 2789 2054 perpetraudi,
2823 1988 2975 2042 illum
2999 1989 3065 2041 ad
3116 1993 3447 2059 speciosam,

203 2062 427 2149 δωρεὰν
454 2075 549 2131 τοῦ
582 2074 900 2146 Πνεύματος
929 2074 1180 2147 ἐδέξαντο
1207 2076 1643 2145 θαυματουργείν
1678 2093 1787 2129 πα-

190 2171 516 2243 ραπλήσια,
548 2168 640 2221 τὸν
690 2167 839 2238 πρὸς
873 2169 938 2236 τῇ
981 2165 1158 2238 ὡραία
1195 2165 1289 2219 τοῦ
1330 2166 1476 2237 ἱεροῦ
1512 2183 1789 2238 προσαγο-

203 2262 491 2335 ρευομένῃ
525 2259 667 2329 πύλῃ
703 2256 1133 2342 προσεδρεύοντα
1162 2257 1336 2327 χωλὸν
1361 2257 1607 2312 τελοῦσιν
1634 2257 1788 2329 ἀρτί-

202 2352 374 2405 ποδα·
404 2351 495 2403 ἵνα
522 2351 617 2402 καὶ
637 2348 723 2401 ἱπ’
753 2346 899 2418 αὑτῷ
927 2347 992 2417 δὴ
1018 2345 1192 2418 τούτῳ
1221 2349 1283 2400 τὸ
1307 2348 1788 2419 προφητευόμενον

191 2441 625 2513 ’ἐκπεραίνοιττη
670 2438 1020 2502 Ἑξαλεῖται,
1080 2440 1329 2508 φάσκων,
1363 2439 1444 2503 ὡς
1492 2440 1719 2507 ἔλαφος
1754 2439 1789 2492 ὀ

203 2534 436 2605 χωλός.
468 2532 578 2586 Καὶ
605 2531 773 2585 τᾶλλα
813 2531 991 2584 πάντα
1016 2530 1105 2584 διὰ
1141 2530 1241 2600 τῆς
1276 2527 1605 2601 ἐνεργούσης
1632 2530 1791 2598 χάρι-

196 2642 301 2687 τος
327 2622 616 2677 ἐπετέλουν
637 2622 694 2673 ἐν
721 2619 799 2689 τῷ
821 2619 936 2691 λαῷ
958 2619 1237 2691 θαυμάσια
1265 2615 1374 2687 οἷα,
1404 2618 1502 2673 καὶ
1527 2618 1664 2691 πρὸς
1687 2618 1788 2690 τὴν

205 2712 477 2784 ἀληθινὴν
503 2710 702 2779 γνῶσιν
728 2710 1090 2780 ἐπέστρεφον.
1538 2768 1543 2775 ,

294 2804 460 2857 Ἀλλὰ
495 2802 603 2865 τοῖς
641 2802 738 2872 μὲν
769 2800 1044 2855 εὐπειθέσι
1074 2816 1133 2853 τε
1165 2799 1258 2854 καὶ
1300 2799 1637 2872 εύγνώμοσιν
1656 2841 1670 2866 ,
1700 2798 1792 2854 οῦ-

200 2914 318 2962 τως
363 2894 572 2949 ἄνωθεν
604 2893 673 2947 τὰ
699 2896 796 2962 τῆς
839 2891 1156 2959 ἐλευθερίας
1198 2891 1546 2963 παρεσχέθη·
1589 2894 1703 2955 τοῖς
1734 2892 1791 2944 δὲ

205 2984 596 3054 ἀπειθοῦσιτῇ
646 2973 893 3053 ἀληθεία,
937 2981 991 3034 τί
1041 2980 1241 3034 ἔδωκεν
1287 2983 1315 3031 ὁ
1349 2980 1515 3049 Θεὸς;
1563 2979 1792 3050 Πνεῦμα

205 3073 596 3137 κατανύξεως,
646 3071 964 3140 ὀφθαλμοὺς
995 3069 1089 3123 τοῦ
1136 3071 1211 3140 μὴ
1255 3069 1503 3139 βλέπειν,
1551 3072 1645 3123 καὶ
1677 3064 1790 3124 ὦτα

203 3167 308 3223 τοῦ
343 3168 420 3237 μὴ
438 3125 703 3219 ῖὶκοθειν.Σ
730 3125 949 3234 Ἐπειδὴ
982 3125 1306 3231 ὀιπεναντίας
1336 3161 1565 3225 ἐκείνοις
1600 3162 1657 3215 ἐν
1685 3162 1788 3215 πᾶ·
1816 3125 1861 3185 C

208 3276 300 3313 σιν
338 3253 524 3328 ἦλθον.
575 3255 736 3325 ’Λκοῇ
769 3253 876 3324 γὰρ
912 3253 1151 3324 ἤκουσαν
1175 3251 1272 3304 καὶ⁵
1305 3252 1365 3305 οὐ
1399 3255 1665 3322 συνῆκαν,
1694 3252 1790 3307 καὶ

208 3351 509 3422 βλέποντες
543 3346 773 3413 ἔϐλεψαν
812 3345 908 3398 καὶ
948 3344 1047 3397 οὐκ
1089 3338 1258 3395 εἶδονο
1290 3343 1567 3413 ἐπαχύνθη
1607 3343 1715 3415 γὰρ
1756 3344 1790 3414 ἡ

210 3441 419 3510 καρδία
464 3437 665 3504 αὐτῶν,
707 3437 802 3490 καὶ
840 3436 953 3497 τοῖς
992 3433 1096 3486 ὠσὶ
1144 3433 1356 3504 βαρέως
1405 3435 1663 3505 ἥκουσαν,
1697 3435 1792 3489 καὶ⁹

208 3535 344 3596 τοὺς
400 3530 714 3600 ὀφθαλμοὺς
765 3527 945 3581 αὐτῶν
1005 3525 1359 3597 ἐκάμμυσαν.
1421 3524 1628 3595 Καιροῦ
1682 3524 1794 3595 γὰρ

194 3623 570 3692 ’ἐνεστηκότος
597 3619 722 3674 καθ’
752 3620 812 3673 ὃν
849 3618 911 3672 τὸ
945 3617 1143 3688 ψεῦδος
1170 3615 1460 3681 ἐπέλαϐεν,
1493 3617 1542 3668 οἱ
1570 3615 1630 3667 τὸ
1663 3615 1793 3685 πρὶν

207 3716 297 3785 τῷ
327 3715 468 3783 φωτὶ
495 3715 592 3784 τῆς
626 3710 883 3781 ἀληθείας
921 3706 1389 3779 κατηυγασμένοι,
1422 3704 1638 3764 ἑκόντες
1667 3705 1792 3768 τοὺς

206 3806 318 3876 τῆς
343 3803 583 3866 διανοίας
609 3801 920 3871 ὀφθαλμοὺς
943 3796 1438 3867 ἀπετυφλώθησαν,
1466 3795 1560 3849 καὶ
1585 3796 1653 3850 τὰ
1678 3789 1793 3849 ὦτα

205 3896 317 3967 τῆς
345 3894 576 3964 καρδίας
604 3891 949 3961 ἀπέφραξαν,
974 3889 1069 3943 καὶ
1103 3893 1239 3961 πρὸς
1266 3886 1364 3958 τὴν
1390 3886 1669 3958 ἐνέργειαν
1695 3886 1794 3957 τῆς

211 3987 431 4057 πλάνης
460 3983 1005 4056 προσκεχωρήκασιν,
1035 3981 1112 4044 ὡς
1144 3980 1266 4050 μηδ’
1291 3979 1471 4033 αὐτῶν
1526 3978 1636 4031 τῶν
1662 3994 1793 4048 προ-

211 4078 363 4149 φανῆ
421 4075 517 4128 καλ⁵
572 4070 1070 4143 δεδημοσιευμένην
1118 4070 1351 4140 ἐχόντων
1401 4068 1503 4136 τὴν
1552 4067 1793 4120 διάνοιαν

211 4163 580 4240 προφητικῶν
606 4163 821 4232 λογίων,
851 4161 1073 4215 ἀκούειν
1104 4158 1393 4229 ἀνέχεσθαι
1413 4175 1428 4189 ·
1463 4158 1517 4210 τί
1547 4157 1657 4225 γὰρ
1684 4155 1794 4209 τῶν

213 4257 497 4330 ῥηθέντων
527 4255 560 4323 ἢ
591 4254 975 4326 ῥηθησομένων
1006 4252 1338 4320 σαφέστερον
1367 4248 1400 4320 ἢ
1433 4248 1792 4316 λευκότερον;

210 4350 331 4420 ἔχει
364 4348 477 4417 γὰρ
506 4341 629 4399 ὧδε·
660 4346 805 4400 Τάδε
832 4344 994 4412 λέγει
1025 4345 1240 4409 Κρτροις
1269 4344 1302 4395 ό
1333 4340 1477 4405 Θεὸς
1513 4336 1791 4412 chung-

1886 2072 1964 2124 uti
1994 2073 2306 2138 vocabatur,
2335 2075 2518 2142 templi
2557 2085 2767 2143 portatu
2816 2077 3148 2133 residentem
3197 2080 3449 2136 claudum

1888 2162 2038 2217 sanis
2067 2162 2295 2231 pedibus
2322 2163 2651 2231 elicuerunt;
2686 2175 2743 2218 ttt
2773 2167 2825 2220 in
2854 2166 2954 2221 huc
2982 2169 3101 2237 ipso
3135 2173 3450 2229 vaticinium

1887 2252 2113 2308 haberet
2142 2254 2370 2319 exitum,
2391 2256 2535 2324 quod
2558 2257 2636 2309 ait
2660 2274 2675 2311 :
2702 2254 2890 2325 Saliet,
2916 2260 3053 2314 sicut
3072 2278 3275 2325 cervus,
3299 2264 3452 2320 clau-

1886 2343 1987 2399 dus
2012 2344 2079 2397 ³⁸.
2109 2345 2335 2414 Aliaqne
2373 2348 2554 2400 omnia
2589 2362 2686 2418 per
2707 2360 3020 2418 operantem
3053 2354 3106 2406 in
3133 2368 3192 2408 se
3221 2356 3451 2424 gratiam

1888 2432 2186 2489 efficiebant
2232 2438 2286 2489 in
2322 2437 2521 2506 populo
2555 2447 2835 2507 tantopere
2890 2442 3049 2508 mira,
3092 2452 3152 2499 ut
3184 2447 3331 2501 hunc
3384 2444 3454 2502 ad

1889 2538 2072 2579 veram
2104 2526 2404 2583 doctrinam
2428 2537 2828 2588 converterent.

1961 2792 2079 2846 tam
2111 2805 2241 2847 vero
2258 2791 2525 2847 docilibus
2553 2794 2772 2862 quidem
2795 2802 2850 2849 et
2875 2795 3027 2852 bona:
3049 2795 3341 2856 voluntatis
3365 2800 3456 2858 lto-

1892 2884 2128 2938 minibus
2165 2885 2236 2937 ita
2261 2898 2493 2951 superne
2519 2884 2743 2941 libertas
2770 2886 3012 2942 exhibita
3047 2887 3172 2945 fuit.
3198 2877 3456 2947 lucredu-

1894 2973 1960 3030 lis
1987 2982 2169 3028 autem
2202 2974 2464 3028 adversus
2510 2976 2795 3030 veritatem
2838 2977 2967 3047 quid
3002 2979 3144 3035 Deus
3190 2983 3457 3039 contulit?

1893 3065 2143 3135 spiritum
2176 3065 2630 3134 compunctionis,
2689 3068 2877 3123 oculos
2907 3077 2966 3123 ut
3017 3085 3122 3125 non
3180 3071 3450 3141 viderent,

1891 3171 2051 3211 aures
2070 3164 2129 3211 ut
2161 3171 2264 3210 non
2287 3157 2537 3211 audirent
2562 3157 2705 3213 ⁹⁰·²¹.
2735 3156 2868 3211 Nam
2906 3171 3092 3215 contra
3111 3176 3302 3219 sensus
3330 3179 3457 3221 suos

1892 3263 2105 3318 semper
2125 3257 2375 3318 egerunt.
2409 3250 2606 3302 Anditu
2643 3249 2787 3303 enim
2812 3251 3121 3317 audierunt,
3154 3256 3278 3322 quin
3304 3255 3461 3311 intel-

1892 3339 2124 3408 ligerent
2150 3358 2165 3408 ;
2198 3340 2443 3396 videntes
2479 3344 2747 3408 viderunt,
2770 3354 2825 3399 et
2849 3346 3211 3400 nesciverunt.
3234 3346 3458 3403 Cressa-

1893 3440 2004 3485 tum
2037 3440 2120 3485 est
2150 3446 2245 3485 cor
2276 3446 2487 3496 eorum,
2521 3443 2575 3487 et
2610 3435 2834 3489 aurilms
2879 3438 3119 3506 graviter
3144 3439 3454 3505 audierunt,

1891 3530 1947 3577 et
1975 3521 2160 3576 oculos
2183 3538 2313 3578 suos
2337 3535 2777 3593 compresserunt
2794 3527 2861 3581 ".
2893 3526 3130 3582 lusmnte
3152 3530 3293 3583 enim
3320 3541 3456 3585 tetu-

1894 3627 2050 3683 pore,
2083 3628 2190 3679 quo
2218 3616 2554 3668 mendacium
2590 3630 2648 3670 se
2679 3618 2932 3681 intendit,
2962 3618 2995 3672 ii
3019 3618 3111 3687 qui
3139 3630 3295 3674 antea
3320 3620 3461 3676 veri-

1898 3704 2023 3757 tatis
2049 3703 2252 3757 lumine
2280 3704 2533 3758 illustrati
2565 3705 2801 3771 fuerant,
2830 3710 3027 3763 mentis
3059 3711 3244 3765 oculos
3269 3720 3460 3780 sponte

1892 3793 2109 3863 pmpria
2140 3793 2243 3848 sibi
2272 3805 2685 3849 exca‘caverunt
2707 3833 2723 3860 ,
2755 3803 2810 3849 et
2831 3799 3009 3851 cordis
3042 3814 3202 3853 aures
3249 3801 3458 3871 oppila-

1895 3893 2108 3948 verunt,
2141 3893 2196 3938 et
2228 3883 2296 3938 ad
2341 3884 2646 3938 faciendam
2696 3885 3033 3955 iniquitatem
3081 3889 3456 3957 iucubuerunt,

1894 3974 1948 4028 in
1980 3982 2189 4027 tantum
2222 3982 2279 4028 ut
2311 3989 2378 4028 ne
2430 3974 2733 4044 perspicuae
2787 3977 3004 4044 quidem
3045 3987 3098 4032 et
3132 3981 3461 4048 pervulgata

1894 4064 2180 4119 sententia:
2233 4063 2544 4131 prottltetica
2596 4063 2815 4117 oracula
2878 4065 3066 4119 audire
3126 4077 3455 4137 paterentur.

1892 4152 2030 4209 Nam
2060 4154 2190 4222 quid
2219 4153 2546 4223 supradictis
2580 4154 2660 4209 vel
2697 4171 2818 4209 mox
2847 4156 3092 4211 dicendis
3121 4157 3459 4213 manifestius

1894 4251 2060 4311 atque
2101 4241 2413 4311 limpitlius?
2438 4242 2648 4296 Etenim
2683 4245 2753 4297 ila
2783 4258 2841 4299 se
2873 4246 3074 4299 habent
3121 4265 3134 4301 :
3168 4243 3298 4300 ch
3331 4247 3458 4300 dicit

1894 4332 2150 4387 Dominus
2166 4332 2302 4387 Deus
2326 4331 2589 4388 Israelt's‘.’
2611 4335 2665 4389 in
2692 4335 2775 4389 die
2803 4334 2896 4389 illa
2924 4337 3148 4404 con/idet
3175 4336 3325 4391 homo
3346 4333 3460 4389 Fu.

211 4438 321 4490 Ἐν
343 4434 417 4501 τῇ
451 4435 638 4503 ἡμέρᾳ
669 4434 869 4499 ἐκείνῃ
899 4429 1195 4493 πεποιθὼς
1227 4430 1397 4482 ἔσται
1432 4431 1464 4481 ό
1488 4427 1796 4493 ἅνθρωπος

1896 4423 2029 4474 clari
2061 4438 2177 4481 suo,
2222 4422 2459 4492 oculique
2505 4421 2617 4492 ejns
2647 4426 2715 4476 ad
2762 4420 3014 4479 Sanctum
3046 4422 3263 4478 lsraelis
3297 4426 3461 4490 respio

211 4526 314 4579 ἐπὶ
346 4527 458 4578 τὸν
486 4523 824 4591 ποιήσαντα
850 4524 1066 4574 αὐτόν·
1104 4523 1155 4573 οἱ
1184 4519 1249 4573 δὲ
1278 4516 1573 4586 ὀφθαλμοὶ
1605 4515 1793 4569 αὐτοῦ

1896 4513 2050 4565 cient.
2112 4512 2291 4583 Neque
2343 4515 2602 4582 conﬁdent
2649 4513 2870 4568 ulterius
2912 4514 3170 4570 malivolis
3199 4517 3330 4580 suis,
3367 4532 3457 4570 nec

211 4614 315 4666 ἐπὶ
351 4613 461 4665 τὸν
486 4610 655 4676 ἄτιον
681 4609 790 4663 τοῦ
842 4608 1093 4676 Ἰσραὴλ
1132 4606 1531 4673 ἐμόἲίέψονται
1551 4620 1563 4635 ·
1596 4604 1691 4656 καὶ
1721 4604 1792 4657 οὐ

1894 4620 1991 4672 que
2015 4605 2144 4669 aris,
2176 4621 2338 4672 neque
2362 4606 2587 4673 api/facii:
2615 4621 2865 4658 mannum
2887 4623 3120 4667 enarunt.
3145 4623 3261 4677 qua:
3285 4608 3454 4676 digitis

208 4705 300 4772 μὴ
324 4702 682 4764 πεποιθότες
709 4696 860 4753 ὦσιν
881 4698 1080 4753 οὐκέτι
1101 4699 1197 4752 ἐπὶ
1227 4698 1367 4762 τοὺς
1390 4694 1796 4761 ἀδικήσαντας

1893 4697 2003 4749 suis
2024 4697 2286 4763 fecerunt;
2317 4700 2405 4749 sed
2441 4695 2701 4765 confident
2735 4695 2929 4752 Snncto
2948 4697 3181 4765 Israelis,
3217 4712 3263 4755 et
3289 4700 3452 4754 succi-

202 4792 468 4858 ηαίοτοὺς,
499 4791 642 4845 οὐδὲ
659 4792 755 4843 ἐπὶ
784 4791 906 4857 τοῖς
917 4790 1165 4859 βωμοῖς.
1184 4789 1325 4843 οὐδὲ
1345 4788 1443 4841 ἐπὶ
1466 4786 1587 4852 τοῖς
1601 4789 1796 4855 ἔργοις

215 4881 342 4935 τῶν
372 4881 587 4950 χειρῶν
614 4880 832 4945 αὐτῶν,
867 4880 903 4932 ἃ
940 4880 1238 4947 ἐποίησαν
1269 4881 1323 4931 οἱ
1357 4877 1645 4930 δάκτυλοι
1684 4878 1792 4929 αὺ-

212 4972 359 5027 τῶν-
397 4972 536 5027 ἀλλ’
565 4973 809 5026 ἔσονται
843 4975 1195 5035 πεποιθότες
1226 4971 1323 5024 ἐπὶ
1351 4970 1459 5022 τὸν
1482 4968 1657 5037 ἅγιον
1684 4967 1789 5021 τοῦ

230 5063 499 5130 Ἰσραὴλ,
529 5063 628 5115 καὶ
650 5063 941 5132 κόψονται
971 5065 1041 5116 τὰ
1066 5061 1283 5128 δένδρα
1310 5060 1406 5115 καὶ
1435 5060 1506 5112 τὰ
1533 5059 1791 5127 ,βδελύτ-

205 5169 381 5222 gata
412 5151 631 5207 αὐτῶν.
664 5155 725 5207 Εἰ
752 5154 845 5208 οῦν
878 5155 936 5206 τὸ
967 5154 1190 5206 ὀπτικὸν
1221 5154 1318 5223 τῆς
1349 5151 1587 5213 διανοίας
1614 5151 1793 5203 αὐτῶν

218 5245 302 5315 μὴ
338 5244 517 5314 πάντη
551 5245 897 5315 ἐπεπήρωτο,
924 5245 1019 5298 καὶ
1046 5246 1105 5297 τὸ
1128 5245 1225 5315 τῆς
1247 5243 1414 5309 ἀκοῆς
1444 5242 1794 5313 αἰσθητήριον

220 5336 302 5404 μὴ
339 5332 461 5386 λίαν
500 5337 871 5400 ἁπεϐέὸυστο,
910 5336 1172 5406 ἐλέγομεν
1200 5336 1266 5388 ἂν
1293 5333 1430 5404 πρὸς
1459 5332 1681 5396 αὐτοὺς,
1714 5331 1796 5386 ὅτι

213 5423 469 5492 Βλέψατε
511 5427 607 5479 καὶ
644 5426 914 5480 ἀκούσατε
959 5426 1056 5481 καὶ
1107 5427 1400 5498 προσέχετε
1434 5426 1500 5494 τῇ
1537 5421 1795 5494 ἀληθείᾳ,

214 5514 323 5570 καὶ
351 5518 465 5580 τοῖς
494 5516 700 5585 λογίοις
743 5520 853 5580 τοῖς
880 5515 1255 5601 θεοπνεύστρις
1302 5514 1377 5585 μὴ
1422 5513 1758 5584 ἀπειθήσητε
1780 5528 1794 5542 '

215 5605 324 5661 νῦν
355 5607 412 5661 δέ
446 5609 529 5669 είς
572 5607 801 5679 ἔσχατον
846 5607 1226 5678 παραπληξίας
1264 5606 1524 5671 ἐλάσασι,
1566 5604 1621 5656 τί
1665 5619 1793 5656 ποτε

1895 4790 2016 4840 dent
2072 4790 2216 4841 lncos
2272 4787 2434 4859 204
2477 4798 2525 4840 et
2566 4789 2981 4844 abominationes
3008 4790 3303 4845 illorum".
3340 4790 3449 4858 Nisi

1897 4893 2025 4947 ergo
2044 4879 2264 4931 visualis
2290 4881 2485 4932 mentis
2515 4879 2724 4933 illorum
2744 4882 2823 4934 vis
2842 4884 3061 4935 onutino
3077 4894 3219 4937 esset
3236 4882 3445 4945 obtusa,

1896 4978 1948 5022 et
1981 4972 2193 5023 auditus
2225 4985 2415 5023 sensus
2450 4988 2552 5024 non
2587 4983 2730 5026 esset
2775 4969 2997 5025 adfatim
3032 4973 3323 5041 oppilatus.
3360 4972 3453 5026 ntlo

1895 5073 2000 5127 que
2030 5059 2337 5112 diceremus
2368 5058 2471 5112 illis
2506 5076 2519 5111 :
2566 5059 2809 5124 Cernite,
2846 5070 2900 5112 et
2943 5058 3258 5119 auscultate,
3293 5065 3454 5125 atque

1899 5150 2160 5203 attendite
2216 5150 2449 5215 veritati,
2481 5161 2534 5205 et
2571 5151 2854 5220 inSpiratis
2902 5164 2932 5203 a
2966 5146 3074 5203 Deo
3101 5147 3328 5202 oraculis
3358 5160 3457 5203 no-

1899 5237 1993 5305 lite
2027 5241 2355 5297 discredere.
2385 5240 2539 5296 Nunc
2570 5257 2698 5295 vero
2732 5251 2976 5295 extrema
3012 5239 3224 5292 vesania
3285 5250 3459 5291 corre-

1903 5332 2029 5400 ptis,
2052 5334 2177 5401 quitl
2200 5333 2263 5387 iis
2280 5334 2543 5402 quispiam
2574 5332 2759 5387 dicet?
2785 5332 2890 5385 nisi
2926 5329 3054 5384 illud
3080 5330 3130 5383 in
3161 5329 3457 5398 Evangelii!

1904 5422 2131 5477 relatum
2159 5422 2227 5485 “,
2260 5424 2402 5493 quod
2439 5423 2483 5476 si
2522 5421 2759 5493 Moysem
2790 5431 2845 5475 et
2901 5420 3191 5491 prophetas
3213 5436 3313 5473 non
3346 5433 3447 5472 au-

1902 5514 2074 5576 diunt,
2098 5515 2228 5569 ne'si
2253 5529 2282 5568 a
2306 5514 2530 5569 mortuis
2545 5514 2764 5586 quidem
2793 5522 3037 5584 resurget
3065 5511 3270 5584 aliquis,
3303 5510 3442 5570 hunc

1901 5604 2137 5657 audituri
2172 5614 2321 5660 sunt.

304 5724 347 5756 ”
373 5726 482 5781 lsa.
516 5739 682 5792 xxxv,
720 5725 771 5780 6.
849 5726 957 5766 ἰο-’³
999 5724 1158 5780 Rom.
1201 5739 1276 5788 ιι,
1309 5723 1362 5777 8.
1439 5723 1483 5754 ²²
1527 5719 1632 5778 lsa.
1676 5720 1801 5787 rt,l

1906 5720 1951 5753 ’³
1988 5718 2091 5775 lsa.
2137 5734 2271 5790 xvn,
2305 5720 2359 5789 7,
2390 5719 2445 5777 8.
2523 5720 2568 5755 ἰ
2605 5718 2716 5777 Luc
2737 5735 2850 5790 xvt,
2883 5720 2974 5779 3i.
