3900 6148
457 287 566 353 679

1344 308 1351 311 ·
1434 283 1498 343 S.
1541 280 1958 343 NICEPHORI
1998 282 2503 345 PATRIARCHJE
2536 284 2646 345 ΟΡ.

3617 280 3720 343 680

461 401 637 471 peabit
682 400 948 455 ciuitatem
997 411 1188 462 meam,
1220 403 1269 450 et
1318 394 1675 464 captivitatem
1716 392 1895 462 populi
1934 393 2033 447 mei

2146 393 2519 463 οἰκοδομήσει
2539 393 2653 460 τὴν
2677 393 2862 446 πόλιν
2874 408 3017 459 μου,
3039 391 3135 446 καί
3158 391 3274 460 τὴν
3287 370 3726 460 αἰχμαλωσίαν

461 492 571 559 ipse
599 497 858 543 convertet
895 487 1008 540 sine
1035 485 1202 554 pretio
1232 493 1279 537 et
1313 484 1428 537 sine
1456 482 1785 545 muneribus,
1819 484 1891 535 ait
1923 481 2032 535 Do-

465 583 639 633 minus
701 579 1023 632 exercituum
1079 575 1146 630 ”.
1200 575 1268 629 Et
1315 589 1504 628 rursus
1554 573 1722 643 :‘Ego
1773 572 2037 628 adducam

473 687 654 742 pacem
681 671 752 722 ad
787 669 1050 737 principes
1091 681 1296 733 eorum,
1331 681 1510 734 pacem
1542 675 1591 718 et
1642 665 1924 718 sanitatem
1967 664 2037 718 ad

468 769 642 839 ipsum
664 768 729 821 ⁸³.
762 765 988 834 Magnus
1024 762 1355 833 principatus
1397 762 1532 830 ejus,
1582 770 1630 814 et
1677 762 1822 829 pacis
1870 760 2037 826 ipsius

471 875 575 913 non
611 868 687 911 est
721 856 992 910 terminus.
1042 852 1212 919 Super
1241 850 1427 903 throno
1476 849 1697 903 Davidis
1736 850 1904 919 patris
1953 850 2039 903 sui

469 943 684 1007 sedebit,
713 952 766 994 ut
791 941 938 994 illum
961 948 1097 993 recte
1113 939 1426 997 constituat.
1451 950 1672 1007 agatque
1697 954 1812 990 cum
1826 938 2039 1007 justitia

468 1046 516 1089 et
534 1032 742 1104 judicio
773 1031 966 1083 abhinc
996 1039 1045 1083 et
1094 1030 1149 1082 in
1195 1039 1447 1107 teternum
1478 1038 1699 1095 tempus.
1734 1026 1894 1082 Zelus
1924 1027 2037 1081 Do-

468 1125 596 1179 mini
616 1122 939 1176 exercituum
966 1119 1077 1173 htec
1097 1118 1255 1188 faciet
1278 1116 1508 1184 “.Quod
1530 1132 1661 1188 ergo
1684 1116 1798 1171 Rex
1829 1132 2036 1185 regum,

469 1224 526 1270 et
564 1214 824 1268 Dominus
866 1209 1285 1275 dominantium,
1335 1216 1590 1278 regnator
1641 1206 1793 1278 regni
1846 1209 1928 1262 sui
1985 1207 2041 1261 in

469 1314 754 1366 aeternum,
797 1315 896 1369 per
930 1301 1045 1354 haec
1088 1299 1277 1355 verba.
1305 1298 1461 1352 nobis
1494 1296 1803 1361 denotetur,
1831 1298 1921 1366 qui
1958 1306 2042 1351 est

470 1392 723 1450 Cltrisws
757 1388 903 1459 Deus
934 1396 1141 1453 noster,
1171 1387 1440 1442 nemiuem
1468 1387 1560 1455 qui
1592 1396 1871 1456 peractum
1898 1388 2039 1454 apud

472 1492 571 1531 nos
602 1474 992 1531 incarnationis
1043 1474 1356 1546 mysterium
1399 1476 1631 1537 noverit,
1669 1475 2041 1530 contradictu-

364 1604 369 1609 ο
471 1583 592 1621 rum
629 1574 777 1634 puto.
823 1565 944 1634 Ipse
984 1565 1129 1619 enim
1160 1564 1439 1618 evidenter
1485 1574 1590 1630 est,
1620 1573 1678 1619 et
1715 1579 1820 1618 non
1878 1565 2034 1627 alius,

473 1672 566 1712 rex
595 1657 749 1711 nobis
777 1656 1094 1719 suscitatus,
1119 1653 1301 1724 justus
1349 1651 1650 1717 sa’lviﬁcus.
1679 1654 1771 1724 qui
1802 1652 2039 1708 divinam

2136 484 2244 539 τοῦ
2269 477 2425 538 λαοῦ
2438 501 2562 553 μου
2595 482 2778 548 αὐτὸς
2806 481 3154 552 ἐπιστρέψει
3170 521 3189 548 ,
3212 484 3286 538 οὺ
3307 484 3459 549 μετὰ
3484 484 3723 552 λύτρων

2137 575 2281 632 οὐδὲ
2307 578 2457 645 μετὰ
2503 576 2725 644 δώρων,
2752 572 2884 628 εἶπε
2914 575 3130 643 Κύριος
3159 574 3424 631 σαϐαώθ.
3465 576 3585 628 Καὶ
3618 574 3725 629 πάο

2136 670 2239 720 λιν·
2277 667 2426 737 Ἐγὼ
2455 667 2578 731 ἄξω
2604 668 2857 735 εἰρήνην
2879 666 2978 719 ἐπὶ
3003 666 3144 731 τοὺς
3173 666 3481 734 ἄρχοντας
3508 666 3723 729 αὑτοῦ,

2138 757 2391 826 εἰρήνην
2413 757 2513 811 καὶ
2536 757 2744 825 ὑγείαν
2771 755 2951 821 αὐτῷ’
2970 754 3202 824 μεγάλη
3243 756 3282 822 ἡ
3316 755 3478 824 ἀρχὴ
3508 756 3723 818 αὐτοῦ,

2139 847 2241 901 καί
2270 846 2382 915 τῆς
2414 848 2659 915 ειρήνης
2687 845 2874 900 αὑτοῦ
2900 848 3011 900 οὐκ
3042 846 3215 899 ἔστιν
3249 845 3419 913 ὅριον
3437 862 3451 874 ’
3478 845 3585 898 ἐπὶ
3620 849 3729 898 τὸν

2140 941 2359 1008 θρόνον
2395 937 2574 992 Δαϐὶδ
2605 937 2714 992 τοῦ
2744 937 2971 1007 πατρὸς
2997 934 3183 991 αὑτοῦ
3211 935 3549 1002 σταθήσεται
3571 975 3589 998 ,
3622 935 3728 990 τσῦ

2140 1026 2515 1094 κατορθῶσαι
2559 1025 2777 1094 αὐτὴν,
2819 1026 2917 1079 καὶ
2955 1024 3342 1079 ἐπιλαϐέσθαι
3383 1025 3459 1078 ἐν
3500 1024 3728 1079 aurato-

2141 1118 2302 1184 σύνῃ
2331 1116 2429 1170 καί
2457 1116 2716 1184 κρίματι,
2749 1114 2869 1168 ἀπὸ
2894 1114 2999 1168 τοῦ
3028 1114 3144 1168 νῦν
3170 1113 3269 1166 καὶ
3296 1115 3385 1178 εις
3406 1115 3522 1168 τὸν
3539 1113 3728 1169 αιῶη

2140 1207 2382 1279 χρόνον.
2435 1205 2498 1258 '0
2522 1203 2701 1271 ζῆλος
2727 1206 2947 1273 Κυρίου
2972 1204 3213 1259 σαόαὼθ
3242 1205 3487 1272 ποιήσει
3512 1206 3722 1261 ταῦτα.

2142 1296 2266 1351 Ὅτι
2305 1295 2405 1366 μὲν
2425 1291 2519 1350 οὖν
2551 1296 2578 1349 ό
2610 1295 2862 1365 βασιλεὺς
2891 1296 3001 1348 τῶν
3032 1294 3453 1365 βασιλευόντων,
3480 1299 3581 1349 καὶ
3610 1296 3725 1350 Κύ-

2145 1403 2258 1457 ριος
2287 1385 2394 1439 τῶν
2430 1386 2799 1456 κυριευόντων
2817 1424 2833 1448 ,
2860 1387 2889 1439 ό
2918 1385 3196 1449 δεσπόζων
3226 1387 3284 1437 ὲν
3313 1389 3378 1456 τῇ
3422 1386 3726 1457 δυναστείᾳ

2139 1477 2308 1536 αὐτοῦ
2345 1478 2439 1532 τοῦ
2478 1479 2704 1543 αἰῶνος,
2738 1478 2830 1530 διὰ
2875 1477 3083 1531 τούτων
3121 1478 3255 1546 ἡμῖν
3303 1479 3725 1548 εἰσενήνεκται,

2140 1572 2200 1634 ὃς
2227 1570 2345 1625 ἐστι
2377 1569 2614 1640 Χριστὸς
2651 1570 2679 1622 ὀ
2709 1567 2839 1630 Θεὸς
2880 1567 3040 1641 ἡμῶν
3061 1608 3076 1633 ,
3107 1568 3298 1620 οὐδένα
3338 1567 3452 1620 τῶν
3491 1568 3559 1620 τὺ
3603 1567 3726 1621 καθ’

2141 1662 2291 1730 ἡμᾶς
2326 1659 2717 1728 ὲπεγνωκότων
2762 1661 3081 1730 μυστήριον,
3120 1659 3368 1729 ἀντερεῖν
3400 1653 3588 1727 οἷμαν
3633 1660 3730 1714 αύ-

398 1730 409 1748 ’
467 1747 740 1818 justitiam
777 1760 877 1801 nos
906 1745 1109 1801 docuit.
1139 1745 1262 1816 Ipse
1292 1744 1448 1799 nobis
1476 1754 1562 1799 est
1591 1744 1788 1812 factus,
1820 1755 1879 1797 ut
1906 1758 2038 1813 apo-

2146 1748 2230 1813 ιδς
2258 1750 2365 1820 γὰρ
2385 1749 2451 1803 ἂν
2479 1749 2590 1819 εἴη.
2618 1748 2783 1802 παντί
2809 1764 2913 1800 που
2935 1748 3117 1816 δῆλον.
3138 1749 3235 1801 καὶ
3268 1749 3370 1820 οὐχ
3390 1749 3613 1818 ἔτερος,
3641 1750 3733 1818 βα·

470 1839 664 1894 stolice
689 1837 880 1906 loquar
924 1854 938 1890 :
968 1833 1241 1905 Sapientia
1269 1852 1303 1888 a
1356 1834 1462 1889 Deo
1503 1845 1552 1890 et
1591 1836 1807 1908 justitia
1835 1846 1882 1892 et
1915 1852 2041 1891 san-

472 1928 727 1998 ctiﬁcatio
782 1939 828 1982 et
857 1928 1143 1995 redemptio
1170 1927 1238 1982 ³⁸.
1273 1927 1377 1993 Qui
1405 1928 1573 1981 etiam
1619 1927 1712 1982 Dei
1766 1927 2041 1981 civitatem

472 2020 784 2084 aediﬁcavit,
822 2036 928 2073 non
968 2028 1281 2074 terrestrem
1306 2018 1543 2088 aliquam
1583 2027 1899 2087 aeternaque
1925 2030 2044 2072 sta-

471 2114 682 2169 bilitate
734 2123 1034 2176 carentem,
1079 2111 1173 2165 sed
1232 2110 1378 2163 illam
1436 2110 1617 2179 potius
1674 2109 2043 2164 fundamentis

472 2207 680 2269 nixam,
709 2220 829 2274 qua:
863 2204 973 2257 Deo
1009 2202 1173 2273 digna
1223 2201 1387 2271 206
1433 2201 1757 2270 intelligitur
1809 2215 2042 2269 superna

479 2296 801 2361 Jerusalem,
854 2294 1009 2365 cujus
1055 2293 1237 2364 epifex
1271 2294 1630 2361 conditorque
1663 2292 1825 2359 Deus,‘
1856 2293 1907 2346 iu
1941 2306 2044 2364 qua

473 2388 959 2457 primogenitorum
997 2384 1249 2449 ecclesia,
1284 2384 1375 2454 qui
1410 2384 1461 2437 in
1496 2384 1619 2438 οωιί
1652 2392 1777 2437 sunt
1802 2384 2047 2437 conscri-

475 2479 576 2548 pti,
612 2492 733 2532 cum
785 2476 1040 2544 supernis
1089 2474 1194 2531 illis
1253 2475 1613 2544 pmestatibus
1667 2485 2044 2531 conversatur.

476 2568 667 2638 Populi
699 2580 914 2637 quoque
951 2565 1035 2620 sui
1077 2566 1450 2634 captivitatem
1489 2572 1811 2631 convertet;
1864 2565 2049 2634 cujus-

477 2675 605 2715 nam
658 2671 786 2712 vero
823 2665 878 2711 et
923 2658 1230 2725 quomodo,
1281 2655 1606 2715 audiendum
1660 2666 1765 2711 est.
1821 2653 2049 2712 Eramus

476 2751 619 2805 enim
660 2762 849 2803 revera
893 2745 1021 2800 olim
1073 2760 1174 2801 nos
1207 2743 1474 2812 homines,
1507 2744 1786 2798 Creatoris
1811 2744 2049 2798 Domini-

475 2858 580 2913 que
604 2842 773 2896 nostri
810 2839 1006 2911 ignari,
1039 2847 1280 2895 nostram
1305 2853 1425 2893 cum
1464 2837 1555 2892 illo
1590 2837 2046 2892 necessitudinem

478 2937 837 3005 abuegautes,
896 2944 953 2989 et
999 2935 1068 2990 ab
1123 2932 1238 3001 ejus
1290 2933 1552 3000 obsequio
1607 2930 1766 2999 longe
1825 2928 2048 2984 alienati

481 3037 704 3098 propter
729 3035 1007 3094 stuporem
1039 3034 1284 3078 nostrum
1317 3024 1370 3077 in
1400 3021 1660 3090 peccatis,
1686 3030 1743 3075 et
1767 3020 2049 3074 dominan-

476 3125 586 3171 tem
638 3116 794 3169 nobis
839 3114 1038 3168 diaboli
1072 3112 1253 3166 dolum
1289 3129 1304 3166 :
1360 3112 1622 3181 suppositi
1659 3118 1838 3163 autem
1877 3110 2047 3164 bostis

471 3207 625 3278 iugo,
658 3224 759 3264 ceu
788 3207 1060 3276 mancipia
1095 3216 1152 3261 et
1198 3205 1397 3274 captivi
1436 3205 1555 3274 ejus
1584 3204 1814 3257 arbitrio
1852 3202 2042 3271 dediti,

477 3305 567 3373 qui
593 3316 784 3369 nempe
809 3302 1054 3355 libertate
1081 3298 1302 3362 amissa,
1327 3298 1533 3352 servire
1559 3297 1660 3365 ipsi
1686 3296 2035 3365 cogebamur.

2144 1840 2324 1904 σιλεὺς
2360 1838 2732 1910 ἐγηγερμένος
2759 1837 2967 1901 δίκαιος
2998 1839 3092 1893 καὶ
3120 1839 3336 1903 σώζων,
3362 1840 3423 1904 ὃς
3449 1840 3552 1912 τὴν
3581 1841 3733 1895 Θείαν

2141 1932 2488 2003 δικαιοσύνην
2518 1933 2650 2001 ἡμῖν
2684 1931 2984 2002 ἐγνώρισεν
3097 1931 3261 1995 αὐτὸς
3279 1934 3413 2002 ἡμῖν
3463 1934 3731 2006 ἐγενήθη,

2142 2024 2517 2086 ἀποστολικιῖκ
2537 2026 2735 2078 εἰπεῖν’
2749 2023 2938 2091 Σοφία
2956 2024 3073 2077 ἀπὸ
3088 2024 3235 2079 Θεοῦ
3251 2025 3350 2079 καὶ
3364 2025 3733 2095 δικαιοσύνη

2143 2113 2241 2167 καὶ
2274 2112 2565 2181 ἁγιασμὸς
2612 2111 2712 2167 καὶ
2740 2112 3184 2179 ἀπολύτρωσις.
3229 2115 3324 2177 ’ος
3364 2114 3434 2185 δὴ
3490 2118 3592 2167 καὶ
3637 2117 3734 2187 τὴν

2144 2203 2300 2257 πόλιν
2331 2202 2430 2271 τὴν
2460 2203 2556 2256 τοῦ
2585 2203 2722 2257 Θεοῦ
2760 2202 3115 2277 ᾠκοδόμησεν
3136 2244 3152 2268 ,
3180 2204 3241 2257 οὐ
3285 2205 3585 2275 περίγειόν
3615 2222 3735 2260 τινα

2144 2297 2241 2354 καὶ
2272 2296 2333 2350 τὺ
2374 2296 2715 2367 ἡδρασμένον
2746 2297 2847 2354 οὐκ
2876 2296 3050 2350 εἰσαεὶ
3090 2297 3463 2366 κεκτημένην,
3512 2299 3735 2370 εκείνην

2145 2389 2201 2445 δὲ
2233 2388 2432 2459 μᾶλλον
2474 2388 2574 2459 τὴν
2641 2385 2768 2452 res;
2802 2388 3089 2458 Θεμελίους
3120 2388 3371 2458 ἔχουσαν,
3401 2389 3532 2460 ἥτις
3565 2392 3737 2444 venit:

2147 2478 2469 2551 θεοπρεπῶς
2507 2481 2541 2550 ἠ
2610 2479 2722 2533 ἄνω
2769 2479 3164 2550 Ἰερουσαλὴμ,
3217 2472 3285 2551 ἦς
3329 2479 3595 2551 τεχνίτης
3642 2482 3734 2536 καὶ

2144 2570 2477 2642 δημιουργὸς
2504 2572 2532 2624 ὁ
2560 2569 2714 2634 Θεὸς,
2741 2569 2864 2623 καθ’
2888 2572 2954 2639 ῆν
3006 2570 3114 2623 τῶν
3146 2574 3516 2641 πρωτοτόκων
3543 2575 3580 2642 ἡ
3624 2575 3738 2628 Ἐκ·

2146 2662 2346 2733 κλησία
2401 2662 2510 2716 τῶν
2563 2663 2621 2716 ἐν
2674 2664 2929 2734 οὐρανοῖς
2985 2663 3540 2733 ἀπογεγραμμένων,
3612 2669 3736 2731 ταῖς

2148 2754 2322 2819 θείαις
2356 2754 2493 2824 suos
2530 2754 2895 2827 πανηγυρίζει
2937 2755 3263 2827 δυνάμεσιν·
3305 2757 3639 2828 ἐπιστρέψει
3679 2758 3737 2813 δὲ

2147 2848 2227 2901 ὅτι
2254 2848 2349 2901 καὶ
2382 2846 2481 2919 τὴν
2510 2847 2892 2918 αἰχμαλωσίαν
2930 2848 3026 2900 τοῦ
3053 2848 3255 2901 οἰκείου
3283 2847 3419 2901 λαοῦ
3443 2864 3456 2874 ·
3485 2849 3643 2915 τίνος
3673 2849 3737 2923 δὴ

2147 2936 2306 2991 τοῦτο
2338 2937 2433 2990 καὶ
2467 2937 2616 2999 ὅπως
2636 2975 2652 3001 ,
2684 2936 2906 2991 ἀκούειν
2941 2939 3224 3007 πάρεστιν·
3257 2936 3400 3008 ἦμεν
3433 2944 3550 3012 γάρ
3597 2944 3737 3015 ἀλη-

2149 3027 2259 3090 θῶς
2282 3044 2411 3081 ποτε
2435 3026 2531 3080 ἄνθ
2539 3044 2732 3098 ρωποι,
2756 3029 2845 3082 τὸν
2876 3030 2975 3099 μὲν
3006 3029 3244 3101 Ποιητὴν
3271 3032 3619 3102 ἠγνοηκότες
3641 3036 3736 3090 καὶ

2151 3115 2379 3187 Κύριον,
2406 3116 2507 3185 τὴν
2545 3116 2855 3186 οἰκειότητα
2883 3117 2982 3186 τὴν
3020 3117 3156 3188 πρὸς
3195 3118 3360 3170 αὐτὸν
3397 3119 3733 3191 ἠρνημένοι,

2152 3209 2246 3261 καὶ
2294 3207 2390 3261 τοῦ
2435 3207 2709 3262 δουλεύειν
2760 3208 2908 3279 αὐτῷ
2947 3209 3038 3261 διά
3085 3225 3148 3262 τε
3193 3211 3293 3280 τὴν
3344 3209 3406 3276 ἐξ
3449 3211 3737 3282 ἁμαρτίας

2148 3298 2507 3366 ἀναλγησίαν,
2546 3299 2640 3352 καὶ
2690 3300 2790 3370 τὴν
2833 3300 3141 3371 κρατοῦσαν
3184 3300 3279 3354 τοῦ
3314 3302 3568 3373 πονηροῦ
3614 3301 3737 3358 καθ’

478 3394 635 3465 ἡμῶν
680 3393 946 3463 ἐπήρειαν
968 3429 985 3455 ,
1021 3390 1525 3458 ἀποπεφοιτηκότες
1570 3386 1643 3451 ὡς
1673 3387 2045 3459 πορρωτάτω·
2087 3388 2505 3459 ὑπενηνὲγμεοα
2562 3390 2620 3443 δὲ
2681 3395 2749 3462 τῇ
2776 3391 2979 3466 ζεύγλῃ
3016 3391 3380 3467 τοῦὲὲχθροῦ,
3406 3390 3503 3446 οἶα
3534 3396 3735 3465 ἠνδρα-

477 3483 795 3553 ποδισμένοι
821 3484 917 3535 καὶ
952 3481 1327 3554 ἐζωγρημένοι
1353 3481 1434 3544 εἰς
1457 3480 1518 3533 τὸ
1549 3478 1761 3534 ἐκείνου
1801 3478 2044 3551 θέλημα,
2107 3480 2157 3533 οἱ
2187 3480 2285 3555 τὴν
2324 3480 2639 3552 ἐλευθερίαν
2709 3483 3090 3554 ἀφῃρημένοι,
3133 3483 3229 3538 καὶ
3270 3483 3558 3539 δουλεύειν
3585 3484 3736 3559 αὐτῷ

477 3578 905 3654 ἠναγκασμένοι.

549 3669 656 3726 Sed
684 3670 810 3738 quia
845 3666 959 3722 lleri
990 3682 1096 3723 non
1151 3672 1363 3736 poterat
1396 3664 1526 3734 quin
1570 3663 1713 3721 Deus
1750 3663 2047 3722 clementer

479 3772 783 3816 creaturam
820 3773 971 3812 suam
1032 3757 1348 3827 respiceret,
1403 3757 1653 3825 apparuit
1685 3754 2044 3823 Redemptor,

480 3853 564 3907 cui
598 3866 772 3921 neque
787 3849 1102 3905 muneribus
1123 3863 1298 3918 neque
1314 3836 1487 3917 pretio
1505 3862 1640 3916 Opus
1660 3854 1780 3900 erat
1796 3855 2047 3909 externo,

479 3943 575 4002 sed
624 3942 973 4012 semetipsum
1017 3938 1337 4005 exinanivit,
1379 3939 1614 4007 pretium
1674 3938 1809 3991 dans
1837 3936 2049 3989 redem-

480 4036 681 4107 ptionis
727 4049 827 4105 pro
886 4032 1043 4086 nobis
1092 4031 1345 4085 omnibus
1390 4030 1667 4100 proprium
1728 4028 2045 4094 sanguinem

479 4127 747 4181 vivilicum
782 4139 846 4179 ac
891 4124 1217 4188 salutarem;
1255 4132 1317 4175 et.
1361 4121 1612 4189 passione
1648 4135 1712 4173 ac
1741 4132 1902 4182 cruce
1948 4130 2046 4185 pro

2232 3663 2372 3722 Ἀλλ’
2411 3664 2598 3737 ἐπειδὴ
2632 3664 2730 3719 οὐκ
2758 3660 2826 3736 ἦν
2862 3665 2999 3721 Θεοῦ
3029 3666 3106 3738 μὴ
3137 3668 3260 3739 ουχὶ
3281 3669 3344 3748 to
3371 3673 3582 3727 οἰκεῖον
3616 3676 3738 3745 φιλ-

2148 3754 2453 3823 ανθρώπως
2505 3755 2711 3810 ἐπιδεῖν
2755 3756 2988 3828 ποίημα,
3016 3759 3367 3827 ἐπιφαίνεται
3382 3759 3735 3835 olus-poem

2146 3837 2192 3913 ᾧ
2224 3862 2289 3914 γε
2316 3846 2377 3897 οὐ
2409 3844 2597 3917 δώρων
2621 3845 2739 3899 οὐδὲ
2770 3845 2982 3917 λύτρων
3013 3846 3203 3917 ἐδέησε
3234 3850 3345 3902 τῶν
3392 3851 3581 3916 ἐκτὸς,
3618 3853 3738 3909 ἀλλ’

2148 3937 2419 3991 ἐκένωσεν
2444 3937 2661 4004 ἑαυτὸν,
2685 3936 2876 4008 λύτρον
2900 3937 3147 4002 δεδωκὼς
3175 3941 3295 3993 ἀντὶ
3318 3943 3547 3999 πάντων
3570 3945 3737 4017 ἡμῶν

2151 4028 2212 4084 τὸ
2240 4029 2440 4082 οἰκεῖον
2464 4024 2606 4099 αἷμα
2624 4030 2685 4081 τὸ
2709 4028 2974 4090 ζωοποιδν
3004 4031 3410 4102 καὶκσωτήριον
3440 4051 3457 4066 -
3494 4035 3594 4090 καὶ
3639 4037 3740 4093 πάρ

2153 4117 2243 4182 θος
2271 4120 2364 4178 καὶ
2386 4118 2621 4193 σταυρὸν
2655 4118 2795 4190 ὑπὲρ
2814 4120 2969 4190 ἡμῶν
2988 4120 3245 4185 ἀνατλὰς,
3272 4123 3446 4196 ἀνέθη
3472 4129 3557 4191 εἰς
3574 4127 3735 4198 ὖψος,

478 4216 634 4270 nobis
670 4213 916 4279 tolerata,
966 4213 1020 4264 in
1071 4213 1241 4264 altum
1277 4211 1618 4273 conscendit,
1651 4218 1706 4263 et
1751 4208 2043 4278 captivavit

2152 4207 2249 4261 καὶ
2272 4208 2693 4278 ᾐχμαλώτευσεν
2724 4209 3065 4280 ἐπιστρέψας
3104 4210 3205 4281 τὴν
3235 4214 3400 4283 ἡμῶν
3440 4218 3743 4288 ai.sz

478 4315 803 4361 convertens
852 4300 1217 4369 captivitatem
1252 4309 1522 4364 nostram;
1563 4300 1803 4368 eripiens
1855 4315 2043 4370 reapse

2153 4297 2272 4351 σίαν
2297 4313 2311 4328 °
2346 4300 2647 4370 ῥυσάμενος
2678 4299 2844 4363 ὄντως
2877 4301 3024 4371 ἡμᾶς
3080 4302 3186 4372 τῆς
3232 4282 3563 4380 Χαλδαῖκῆς
3620 4313 3732 4368 τῶν

481 4410 581 4448 nos
609 4392 886 4447 clialtlaica
918 4390 1200 4446 noxiorum
1239 4390 1543 4443 όαιιιιοιιυιη
1595 4399 1883 4465 potestate,
1925 4389 2043 4443 bar-

2146 4388 2442 4462 ἀλιτηρίων
2497 4390 2769 4458 δαιμόνων
2819 4388 3069 4455 ἐξουσίας
3098 4431 3111 4454 ,
3154 4393 3253 4445 καὶ
3296 4395 3401 4466 τῆς
3453 4396 3742 4473 βαρϐάρου

481 4481 710 4549 barique
736 4479 1120 4533 intellectualis
1143 4479 1388 4550 dynastas
1413 4493 1575 4532 manu
1599 4492 1797 4532 erueus
1818 4494 1834 4544 ;
1859 4478 2043 4548 acqui-

2146 4478 2240 4531 τοῦ
2263 4478 2456 4549 νοητοῦ
2491 4480 2751 4534 δυνάστου
2803 4482 2990 4553 χειρὸς
3042 4484 3262 4549 ἐξελὼν,
3303 4488 3403 4539 καὶ
3450 4492 3739 4564 ἐκτήσατο

480 4570 715 4639 sivitque
743 4585 841 4624 nos
868 4570 1123 4640 p0pulum
1161 4570 1517 4641 peculiarem,
1537 4583 1636 4623 eos
1670 4567 1927 4624 videlicet
1956 4569 2043 4640 qui

2146 4572 2295 4643 ἡμᾶς
2338 4569 2466 4623 λαὸν
2497 4572 2836 4640 περιούσιον,
2901 4574 3029 4637 τοὺς
3081 4575 3153 4627 δι’
3199 4577 3565 4644 ἐπιγνώσεως
3640 4582 3740 4637 καὶ

362 4670 367 4675 ’
468 4676 579 4749 per
617 4661 1061 4717 illuminationem
1095 4677 1160 4717 ac
1202 4661 1363 4717 (idem
1415 4661 1687 4716 sinceram
1739 4670 2043 4728 rectamque

2147 4662 2387 4726 πίστεως
2409 4661 2740 4734 εἰλικρινοῦς
2768 4664 2864 4717 καὶ
2895 4664 3066 4736 ὀρθῆς
3092 4672 3605 4739 προσπεφευγότας
3640 4676 3742 4727 αὖ·

480 4758 548 4808 ad
575 4752 695 4823 ejus
720 4753 1054 4809 dominatum
1076 4754 1457 4824 confugerint;
1487 4768 1720 4825 regnans
1742 4754 2047 4824 imperans-

480 4859 587 4914 que
623 4845 781 4899 nobis
811 4858 907 4914 per
936 4845 1157 4901 secula.
1194 4846 1475 4902 Discredet
1506 4857 1684 4901 autem
1727 4858 1908 4913 nemo,
1940 4845 2045 4900 nisi

479 4938 574 5007 qui
610 4935 754 4991 forte
780 4935 1008 4992 .lmlaica
1045 4938 1424 4992 incredulitate
1445 4946 1499 4992 et
1534 4937 1869 5008 impudentia
1898 4936 2047 4991 labo-

482 5036 588 5093 rat,
627 5027 889 5081 abolitum
933 5026 1062 5080 illud
1095 5040 1293 5097 gerens
1341 5027 1520 5082 adhuc
1556 5027 1607 5081 in
1641 5029 1819 5080 anima
1843 5027 2043 5090 velum,

482 5118 783 5186 litteraeque
809 5118 1117 5172 crassitiem
1150 5122 1387 5171 nondum
1436 5117 1625 5171 volens
1661 5117 1728 5170 de
1759 5116 1923 5169 corde
1953 5130 2048 5169 suo

478 5206 767 5274 abradere,
826 5206 1056 5277 ideoque
1111 5206 1164 5260 in
1239 5205 1421 5260 divina
1497 5206 1758 5276 mysteria
1813 5204 2047 5258 nondum

481 5294 843 5364 introspicere
869 5293 1090 5365 dignus.
1121 5295 1277 5361 Quod
1314 5293 1361 5348 si
1390 5292 1514 5363 quis
1547 5293 1848 5347 dubitando
1883 5292 2048 5357 dicat,

482 5387 856 5454 prolibeticum
906 5400 1211 5441 sermonem
1270 5384 1560 5448 aﬂirmare,
1613 5382 1733 5440 fore
1773 5383 2049 5438 hominem

483 5478 769 5541 quemdam
795 5476 885 5531 oui
911 5474 1222 5532 Iudaeorum
1267 5476 1629 5546 principatum
1652 5477 1934 5542 obtineat,
1964 5476 2053 5530 hic

2148 4753 2244 4807 τοῦ
2268 4755 2333 4823 τῇ
2366 4752 2677 4828 δεσποτεία,
2717 4756 3010 4828 κατάρχων
3034 4758 3125 4810 καὶ
3148 4756 3460 4829 βασιλεύων
3479 4764 3742 4834 ἐφ’ᾗμᾶς

2150 4843 2233 4905 εἰς
2255 4843 2382 4905 τοὺς
2415 4841 2619 4905 αίῶνας
2649 4860 2664 4874 ·
2698 4844 2997 4915 ἀπιστήσει
3042 4846 3101 4899 δὲ
3126 4845 3326 4913 οὐδεὶς,
3358 4848 3395 4924 ἢ
3426 4851 3588 4917 ὅστις
3640 4853 3742 4922 τὴν

2164 4932 2465 5003 Ἰουδαῖκὴν
2500 4934 2764 4988 ἀπιστίαν
2802 4937 2897 4989 καὶ
2946 4937 3340 5007 ἀναισχυντίαν
3410 4945 3737 5015 νενόσηκεν,

2150 5020 2233 5079 ἔτι
2270 5022 2721 5093 καταργούμενον
2736 5025 2794 5077 ὲν
2817 5028 2884 5096 τῇ
2913 5026 3060 5096 ψυχῇ
3092 5028 3419 5099 περιφέρων
3440 5033 3737 5106 κάλυμμα,

2146 5113 2243 5164 καὶ
2277 5112 2338 5164 τὸ
2367 5111 2544 5183 πάχος
2570 5114 2670 5184 τῆς
2688 5114 2880 5167 ἑαυτοῦ
2915 5116 3146 5186 καρδίας
3177 5119 3461 5185 ἀποξύσαι
3495 5123 3577 5196 μὴ
3621 5125 3742 5196 βου-

2146 5202 2334 5272 ληθεὶς
2364 5202 2425 5255 τὸ
2448 5202 2545 5256 τοῦ
2572 5205 2924 5275 γράμματος,
2956 5205 3052 5259 καὶ
3080 5206 3257 5282 ταύτῃ
3280 5226 3347 5278 γε
3372 5214 3459 5276 είς
3515 5216 3586 5269 τὰ
3614 5214 3735 5275 θεῖα

2148 5295 2472 5367 παρακύψαι
2508 5297 2785 5366 μυστήρια
2827 5296 3079 5368 οὐδαμῶς
3106 5299 3441 5371 ἀξιούμενος
3464 5320 3485 5338 ·
3544 5307 3595 5360 εί
3628 5307 3734 5378 γάρ

2146 5402 2226 5439 τοι
2266 5385 2694 5459 διαμφισϐητοίη
2720 5388 2967 5458 φάσκων,
2999 5390 3082 5443 ὅτι
3111 5390 3178 5461 δὴ
3211 5392 3448 5461 βασιλέα
3470 5398 3585 5451 τῶν
3603 5398 3731 5452 καθ’

2149 5476 2297 5546 ἡμᾶς
2325 5494 2449 5530 τινα
2480 5479 2571 5531 ἐπὶ
2605 5479 2703 5551 τὴν
2754 5479 3024 5534 Ἰουδαίων
3053 5481 3235 5551 ἀρχὴν
3266 5485 3732 5566 προχειριοθηώο

556 5650 599 5682 ⁸²
636 5648 742 5705 lsa.
784 5666 906 5717 xu',
938 5653 1026 5708 i3.
1102 5654 1149 5686 ⁸³
1188 5651 1290 5709 lsa.
1334 5670 1423 5723 ιι,
1460 5655 1567 5725 ΓΙ.¹
1620 5656 1665 5689 ⁸⁸
1703 5655 1809 5713 Isa.
1851 5674 1925 5727 ix,
1950 5656 1999 5710 7.

2162 5660 2181 5714 ι
2221 5661 2346 5717 Cor.
2381 5675 2420 5725 ι,
2453 5659 2542 5714 30.
