3900 6148
237 244 327 312 681

1066 241 1636 305 APOLOGETICUS
1674 243 1825 304 PRO
1864 244 2643 325 SACRISIMAGINIBUS.

3365 253 3469 318 682

242 369 398 427 μενον.
432 352 460 405 ό
493 349 653 419 λόγος
676 347 1047 420 διασημαίνει,
1072 348 1370 402 ἀκούσεται
1391 348 1528 420 πρός
1555 366 1611 401 τε
1639 349 1795 419 ήμῶν

1913 353 2137 417 ιιιοιιὶε,
2193 353 2301 406 imo
2357 353 2423 408 ab
2480 355 2590 424 ipsa
2646 358 2870 412 veritate
2923 358 3125 424 audiet,
3176 365 3474 433 secundum

238 448 320 500 καὶ
355 444 446 514 τῆς
489 442 751 514 ἀληθείας
807 441 1000 512 αὐτῆς,
1028 440 1103 503 ὠς
1145 444 1287 494 κατὰ
1353 441 1454 511 τὴν
1491 441 1585 494 τοῦ
1641 440 1791 512 ἱεροῦ

236 536 553 607 ῒράμματος
588 532 909 605 παράδοσιν,
945 530 1084 602 μετὰ
1112 530 1212 602 τὴν
1247 534 1311 585 ἐκ
1348 530 1667 605 Βαϐυλῶνος
1700 532 1799 585 αὐ-

235 626 332 681 τῶν
359 625 637 691 ἐπάνοδον,
657 624 836 687 οὐδείς
866 642 954 677 πω
983 622 1092 677 τῶν
1118 622 1251 692 παρ’
1282 622 1489 687 αὐτοῖς,
1524 622 1799 692 βασίλειον

237 718 486 790 φαίνεται,
544 711 689 790 ᾗπερ
739 715 800 769 τὸ
843 715 973 785 πρὶν
1021 715 1074 767 οἱ
1123 717 1246 768 κατ’
1306 715 1506 778 αὐτοὺς
1558 713 1800 784 βασιλεῖς

235 806 712 880 ἐκεχειροτόνηντο,
793 804 1029 875 διάδημα
1086 803 1555 875 καταδησάμενος,
1606 805 1639 875 ἢ
1686 807 1801 868 τοῖς

240 902 519 971 σκήπτροις
556 898 649 953 τοῦ
685 896 970 968 βασιλικοῦ
1019 896 1333 966 ἀξιώματος
1383 897 1801 970 ἑντεθρονισμὲ-

238 1009 341 1055 νοξ,
366 990 506 1045 οὕτω
534 990 630 1044 τοῦ
658 989 768 1043 τῶν
808 990 947 1044 ὅλων
977 989 1112 1043 Θεοῦ
1143 988 1232 1042 διὰ
1261 992 1446 1060 φωνῆς
1496 989 1800 1061 προφητῶν

240 1083 688 1155 προθεσπίσαντος
713 1097 727 1111 ·
761 1081 868 1135 ὑπὸ
895 1081 1249 1152 δημαγωγοῖς
1299 1082 1411 1153 γὰρ
1440 1081 1537 1135 καὶ
1589 1076 1802 1151 ἱερεῦσι

237 1177 297 1230 τὺ
320 1175 497 1228 λοιπον
530 1173 903 1237 διατελοῦντες
935 1174 1352 1228 κατεδείκνυντο
1381 1189 1396 1205 ο
1447 1173 1570 1237 ὅθεν
1615 1172 1798 1243 δῆλον,

238 1269 392 1324 ὅτιού
422 1267 630 1338 ταύτην
679 1268 813 1337 ἡμῖν
862 1264 1153 1336 ἐμφανίζει
1188 1266 1287 1336 τὴν
1329 1262 1426 1319 ἐπὶ
1475 1264 1803 1329 Βαϐυλῶνος

237 1359 605 1432 αἰχμαλωσίαν
654 1359 681 1411 ό
710 1344 868 1424 λόγος
894 1375 908 1387 ·
950 1358 1315 1426 ἐγνωσμένων
1368 1358 1457 1424 ὑφ’
1496 1350 1571 1410 ὧν
1606 1375 1664 1409 τε
1710 1358 1804 1411 καὶ

236 1453 338 1522 ὅτῳ
371 1451 559 1523 τρόπῳ
613 1449 663 1501 οἱ
693 1449 794 1519 τῆς
827 1446 1180 1510 Βαϐυλωνίας
1219 1449 1468 1518 ἀνάγκης
1520 1448 1804 1520 ἀπηλλαγο

240 1545 402 1615 μένοι,
434 1544 528 1597 ἐπὶ
556 1542 654 1613 τὴν
681 1538 1049 1611 Παλαιστίνην
1091 1539 1592 1610 παλινοστήσαντες
1631 1540 1805 1593 ὀπίσω

236 1636 688 1706 ἀνεκομίσθησαν,
714 1632 859 1688 καθὰ
890 1633 956 1704 δὴ
990 1635 1048 1685 ὲν
1097 1634 1213 1696 τοῖς
1243 1632 1373 1704 περὶ
1405 1630 1613 1685 τούτων
1657 1633 1804 1684 ἱστο-

242 1728 517 1800 ρουμένοις
549 1725 736 1793 σαφῶς
780 1723 1253 1794 ἀναγέγραπται·
1310 1721 1392 1776 διδ
1449 1722 1537 1777 ἐπ’
1572 1723 1804 1784 ἐκείνοις

232 1818 538 1889 ὲξειλῆφθαι
562 1818 633 1871 τὰ
664 1818 985 1887 προφητικὰ
1039 1815 1224 1884 λόγια,
1247 1814 1403 1881 λόγον
1441 1814 1540 1885 οὐχ
1568 1813 1681 1888 ἕξει
1722 1833 1734 1846 ·
1769 1812 1805 1868 ἃ.

232 1913 290 1966 δὲ
318 1911 492 1981 ἴσμεν,
528 1908 623 1963 καὶ
663 1908 1138 1977 πεπιστεύκαμεν,
1169 1907 1339 1960 traici
1366 1908 1607 1978 πατέρες
1642 1906 1805 1976 ἡμῶν

232 2003 558 2074 διηγήσαντο
587 2001 742 2071 ἡμῖν,
775 2001 833 2052 ὲν
866 1993 950 2062 οἷς
990 1998 1228 2070 ἑδραίως
1269 1998 1417 2068 μάλα
1463 1996 1803 2068 βεϐήκαμεν,

228 2092 401 2148 ταῦτα
432 2091 805 2163 κηρύσσομεν,
856 2087 932 2154 ὼς
973 2091 1137 2160 ἡμεῖς
1180 2090 1353 2159 ἐσμεν
1406 2088 1502 2152 οὒς
1529 2090 1588 2153 ἐξ
1632 2090 1805 2143 ἐθνῶν

231 2185 659 2256 συναγήγερκεν,
690 2182 741 2235 οἱ
778 2181 1016 2244 ἁκλινῶς
1053 2180 1141 2235 ἐπ’
1181 2181 1346 2234 αὑτὸν
1396 2180 1722 2250 ἠλπικότες,
1755 2182 1805 2234 οἱ

120 2313 125 2316 -
226 2276 620 2348 λελυτρωμένοι
648 2275 753 2328 ὑπὸ
775 2275 1005 2346 Κυρίου,
1032 2272 1126 2336 οὓς
1153 2272 1504 2343 ἐλυτρώσατο
1526 2274 1589 2327 ὲκ
1623 2273 1808 2345 χειρὸς

225 2373 337 2427 τῶν
359 2372 604 2441 ἀοράτων
631 2368 864 2440 ἐχθρῶν,
928 2370 1026 2422 καὶ
1061 2369 1128 2420 ὲκ
1156 2365 1264 2420 τῶν
1295 2367 1495 2437 χωρῶν
1544 2366 1642 2420 τοῦ
1677 2368 1808 2421 σκό-

225 2481 356 2527 τους
382 2464 475 2517 καὶ
497 2463 595 2532 τῆς
619 2460 713 2513 τοῦ
747 2459 980 2513 θανάτου
1014 2459 1175 2520 σκιᾶς
1207 2459 1517 2528 συνήγαγεν
1545 2457 1654 2511 ἀπὸ
1676 2458 1805 2510 ἀνα-

226 2555 420 2617 τολῶν,
441 2554 535 2607 καὶ
563 2544 804 2622 δυσμῶν,
830 2551 924 2604 καὶ
951 2550 1143 2621 βορρᾶ,
1160 2551 1251 2602 καὶ
1269 2548 1569 2619 θαλάσσης,
1601 2549 1808 2621 ὲνὲρή-

232 2665 323 2718 μῳ
350 2646 444 2697 καὶ
473 2643 686 2714 ἀνύδρῳ
716 2642 814 2713 τῆς
854 2642 1115 2704 ἀπιστίας
1156 2643 1221 2694 ἐκ
1258 2641 1357 2710 τῆς
1391 2638 1486 2693 τοῦ
1507 2636 1807 2711 δυσμενοῦς

229 2737 516 2810 μεθοδείας
554 2732 1015 2803 πεπλανημένους
1046 2733 1198 2795 ποτὲ,
1231 2733 1327 2785 καὶ
1364 2732 1477 2785 τῶν
1520 2732 1807 2803 σωτηρίων

221 2834 332 2904 τῆς
366 2831 653 2892 εὐσεϐείας
687 2831 945 2898 ναμάτων
981 2826 1405 2897 ἐστερημένους,
1454 2821 1537 2890 οἷς
1580 2827 1680 2896 τὴν
1712 2826 1811 2896 χάοσ

227 2945 319 3000 ριν
343 2928 439 2998 τῆς
471 2924 801 2994 θεογνωσίας
845 2922 1046 2977 ἄνωθεν
1084 2923 1219 2993 ἡμῖν
1254 2921 1667 2994 φιλανθρωπίας
1708 2920 1809 2990 ὃμ-

222 3023 386 3093 ὅροις
415 3014 645 3081 ὑετίζων
674 3015 995 3084 δεδώρηται,

318 3112 406 3175 Ὠς
430 3110 475 3162 δ’
503 3103 597 3162 οὖν
629 3106 943 3159 καθιεῖσθαι
963 3104 1061 3157 ἐπὶ
1086 3104 1178 3158 τὸν
1227 3102 1417 3175 θρόνον
1448 3102 1611 3157 Δαόὶδ
1656 3101 1806 3172 παρὰ
1836 3092 1877 3109 ”

221 3202 328 3257 τοῦ
368 3197 714 3269 προφητικοῦ
745 3198 903 3263 λόγου
956 3199 983 3249 ό
1035 3196 1226 3267 Σωτὴρ
1292 3197 1746 3268 προαγορεόεται,
1782 3197 1810 3248 ὁ

224 3296 377 3356 θεῖος
406 3290 642 3361 ἄγγελος
702 3289 943 3343 πειθέτω
973 3291 1099 3351 τοὺς
1146 3288 1450 3360 ἀνοήτους·
1505 3289 1554 3341 εἰ
1601 3286 1677 3359 μὴ
1719 3288 1812 3340 καὶ

222 3385 404 3447 αὐτὰς
426 3386 523 3447 τὰς
566 3383 725 3453 ἱερὰς
758 3397 866 3434 των
920 3379 1273 3449 Εὐαγγελίων
1320 3378 1806 3445 ἐξονδενὼσουσιν,

221 3478 427 3550 ὥσπερ
463 3477 558 3529 καὶ
593 3475 695 3538 τὰς
720 3474 886 3537 ἄλλας
911 3472 1009 3526 τοῦ
1043 3473 1359 3543 Πνεύματος
1384 3472 1573 3544 ῥήσεις
1595 3489 1610 3502 ·
1659 3471 1718 3534 ὃς
1755 3471 1813 3537 ἐξ

221 3567 469 3640 οὐρανοῦ
509 3566 737 3630 κατιὼν,
773 3567 869 3620 καὶ
918 3569 986 3636 τῇ
1017 3564 1383 3634 παναχρόιντῳ
1424 3563 1519 3616 καὶ⁵
1554 3564 1811 3633 Ἀειπαρ-

220 3662 565 3732 οενομήτορι
596 3661 657 3712 τὸ
690 3660 791 3728 τῆς
835 3660 1024 3728 κοινῆς
1080 3657 1282 3718 παντὸς
1327 3654 1422 3708 τοῦ
1459 3655 1666 3724 κόσμου
1710 3672 1815 3707 σω-

215 3753 432 3823 τηρίας
481 3749 972 3820 εὐαγγελιζόμενος
1025 3749 1350 3817 κεφάλαιον,
1386 3746 1478 3801 τὸν
1528 3745 1588 3811 ἐξ
1642 3745 1813 3814 αὐτῆς

214 3842 637 3913 τεχθησόμενον
690 3842 923 3911 Σωτῆρα
979 3839 1219 3902 πάντων,
1258 3838 1384 3890 Υἱόν
1434 3854 1493 3889 τε
1554 3837 1813 3906 Ὑψίστου

216 3934 610 4006 κληθήσεσθαι
660 3931 1070 4003 προανεφὼνει,
1108 3930 1201 3983 καὶ
1241 3930 1334 3982 τὸν
1403 3928 1599 3999 θρόνον
1651 3927 1814 3981 Δαϐὶδ

213 4028 525 4098 λήψεσθαι,
557 4030 650 4082 καὶ
678 4029 777 4097 τὴν
805 4024 1089 4097 βασιλείαν
1119 4023 1261 4089 ’ἐξειν
1291 4022 1446 4086 τέλος
1500 4022 1601 4092 οὐχ
1661 4021 1815 4086 ἕξου-

215 4137 333 4174 σαν
364 4135 380 4148 ⁸
414 4119 547 4173 ἀλλὰ
584 4120 691 4190 μὴν
745 4119 835 4172 καὶ
865 4117 1038 4187 μέγαν
1086 4115 1311 4169 ἔσεσθαι
1361 4113 1453 4167 τὸν
1504 4112 1671 4167 αὑτὸν
1718 4113 1814 4166 καὶ

214 4210 377 4281 μετᾶ
419 4209 517 4283 τῆς
564 4208 1131 4281 προσληφθησομένης
1170 4206 1492 4277 προεμήνυε
1552 4205 1769 4275 φύσεως
1794 4218 1808 4234 ·

207 4301 389 4365 εἰδὼς
420 4302 582 4355 αὑτὸν
615 4303 710 4355 καὶ
732 4301 861 4355 ὄντα
892 4301 990 4355 καὶ
1021 4300 1283 4369 προόντα,
1302 4298 1398 4350 καὶ
1423 4297 1511 4351 ἀεὶ
1542 4298 1693 4361 ὄντα,
1718 4296 1813 4350 καὶ

1903 443 2074 512 ipsius
2128 459 2298 499 sacra:
2333 444 2552 501 Littera:
2605 449 2974 517 traditionem,
3012 459 3133 520 post
3168 451 3474 510 Judaaorntu

1889 530 2210 602 etiabylone
2233 532 2485 600 reditum,
2538 538 2813 591 neminem
2871 541 3010 608 apud
3068 554 3476 614 eqs-apparere

1900 621 1991 687 qui
2041 621 2250 691 regium
2302 623 2577 692 diadema,
2630 644 2736 695 quo
2767 638 2925 691 antea
2980 647 3141 703 reges
3169 636 3473 705 inaugura-

1903 709 2124 774 bantur,
2159 715 2479 782 gestaverit,
2512 720 2596 770 Vel
2648 721 2841 788 regalis
2892 721 3172 788 dignitatis
3205 735 3477 795 sceptrum

1905 804 2179 869 tennerit;
2227 803 2307 858 sic
2340 805 2597 861 nimirum
2649 810 2944 868 universali
2975 812 3088 870 Deo
3120 830 3217 884 per
3244 819 3482 887 prophe-

1902 899 2081 946 tarum
2130 910 2317 950 vocem
2343 896 2454 967 jam
2486 899 2746 967 praefato;
2779 904 2873 958 sed
2902 904 3006 959 sub
3041 909 3221 975 populi
3258 913 3482 965 rectori-

1903 984 2004 1039 bus
2032 1001 2095 1039 ac
2145 989 2522 1045 sacerdotibus
2550 993 2745 1047 deinde
2778 996 3171 1064 rempublicam
3199 997 3366 1056 fuisse
3390 1018 3484 1057 σοι

1904 1081 2238 1149 gnoscimns.
2286 1079 2442 1137 Unde
2467 1093 2704 1151 constat,
2730 1084 2871 1142 haud
2898 1088 2965 1143 de
2985 1090 3090 1145 hac
3120 1093 3277 1149 nobis
3308 1097 3483 1164 capti—

1905 1170 2072 1225 vitate
2101 1170 2434 1243 Babylonica
2461 1189 2676 1229 sacrum
2707 1192 3016 1235 sermonem
3042 1182 3189 1252 loqui
3213 1202 3227 1239 :
3255 1202 3378 1240 cum
3412 1190 3485 1241 sit

1905 1262 2244 1330 exploratum
2291 1281 2319 1317 a
2351 1266 2552 1333 quibus
2584 1276 2636 1322 et
2665 1283 2767 1337 qua
2805 1272 3017 1326 ratione
3052 1274 3220 1330 Judaei
3252 1277 3485 1349 Babylo-

1908 1355 2031 1407 nica
2069 1356 2379 1412 calamitate
2412 1359 2627 1415 liberati
2689 1363 2740 1415 in
2777 1361 3120 1419 Palaestinam
3153 1370 3487 1436 postliminio

1908 1445 2193 1514 redierint,
2219 1448 2359 1503 sicut
2391 1447 2444 1502 in
2474 1449 2687 1505 illarum
2721 1468 2903 1508 rerttm
2935 1455 3179 1512 historiis
3205 1461 3486 1530 perspicuo

1909 1535 2241 1607 descriptum
2292 1549 2398 1595 est.
2436 1540 2804 1608 Quamobrem
2857 1547 2923 1602 de
2986 1550 3324 1617 temporibus
3384 1550 3488 1605 illis

1911 1630 2224 1698 propltetica
2259 1631 2415 1686 eti‘ata
2468 1634 2789 1704 intelligere,
2844 1652 2950 1693 non
2996 1649 3079 1694 est
3111 1642 3307 1697 rationi
3359 1659 3491 1699 cna-

1840 1704 1880 1758 Β
1913 1729 2257 1776 sentaneunt.
2326 1722 2458 1790 Quae
2516 1740 2646 1779 vero
2707 1736 2762 1780 et
2811 1729 3037 1795 scimus,
3088 1744 3139 1785 et
3190 1734 3486 1799 credimus,

1913 1818 1967 1863 et
2017 1821 2201 1878 patres
2255 1815 2426 1867 nostri
2475 1816 2635 1870 nobis
2693 1831 3088 1887 narraverunt,
3142 1824 3341 1891 quibus
3406 1828 3490 1880 tir-

1906 1900 2077 1955 _miter
2120 1903 2366 1971 apprime
2398 1904 2708 1969 innitimur,
2742 1908 2858 1962 haec
2885 1910 3266 1980 praedicamus,
3298 1928 3491 1983 nempe

1914 2005 2014 2043 nus
2058 2006 2179 2045 esse
2221 1993 2343 2049 illos
2392 2012 2529 2064 quos
2601 1997 2744 2052 Dens
2798 1999 2867 2055 de
2915 2003 3169 2070 gentibus
3206 2005 3309 2060 sibi
3352 2009 3489 2061 adn-

1915 2084 2081 2148 navit,
2138 2085 2233 2155 qui
2277 2099 2591 2145 constanter
2644 2090 2694 2145 itt
2737 2106 2860 2146 eum
2915 2107 3218 2164 sperantes.
3263 2100 3483 2153 redem-

1914 2175 1989 2243 pti
2023 2192 2050 2228 a
2089 2176 2318 2233 Domino
2342 2178 2564 2247 fuimus,
2597 2197 2733 2251 quos
2762 2185 2828 2239 de
2851 2185 3201 2242 invisibilium
3231 2189 3485 2245 inimico-

1920 2281 2037 2319 rnnt
2066 2283 2228 2323 manu
2252 2271 2478 2341 eripuit,
2508 2284 2560 2326 et
2592 2291 2621 2327 a
2645 2276 2989 2331 tenebrarum
3017 2276 3328 2350 regiunibus
3356 2298 3489 2337 mor-

1917 2360 2100 2429 tisque
2153 2363 2344 2417 umbra
2375 2366 2594 2435 collegit
2636 2382 2701 2422 ex
2745 2369 2960 2427 oriente
2989 2382 3044 2427 et
3072 2388 3294 2443 occasu,
3340 2380 3493 2446 equi-

1917 2450 2038 2506 Ione
2060 2461 2114 2506 et
2138 2455 2297 2519 mari,
2324 2455 2542 2511 deserto
2564 2471 2619 2513 et
2644 2459 2910 2529 iuaquoso
2932 2464 3330 2524 incredulitatis
3347 2472 3489 2535 loco,

1919 2541 2089 2597 hostis
2124 2547 2298 2600 nostri
2332 2550 2564 2615 artibus,
2592 2553 3131 2626 errabundos'olim,
3162 2570 3219 2616 et
3247 2560 3469 2617 salutari

1916 2636 2016 2688 bus
2035 2648 2198 2691 recta:
2221 2638 2499 2709 religionis
2521 2642 2740 2700 ﬂuentis
2757 2647 3024 2716 privatos,
3043 2651 3242 2719 quibus
3258 2655 3491 2722 gratiam

1918 2727 2111 2782 divinae
2128 2730 2422 2798 agnitionis
2461 2736 2711 2805 tit'Sliper,
2736 2737 3090 2810 benignitatis
3142 2758 3255 2798 suae
3302 2744 3495 2799 imbria

1917 2822 2035 2886 bus,
2059 2821 2286 2894 largitus
2314 2836 2414 2881 est.
2756 2822 2764 2829 ’
3129 2831 3133 2835 ’

1990 3093 2140 3160 Quod
2173 3112 2302 3165 ergo
2344 3111 2622 3153 sessurum
2670 3114 2793 3156 esse
2834 3086 2997 3172 super
3050 3103 3267 3161 Davidis
3301 3108 3495 3164 throno

1922 3184 2266 3241 Servatorem
2295 3206 2321 3241 a
2351 3190 2667 3259 prophetico
2697 3207 2949 3249 sermone
2970 3198 3283 3264 prtedictum
3306 3198 3494 3265 fuerit,

1919 3277 2080 3333 divus
2105 3281 2328 3349 angelus
2353 3282 2439 3338 bis
2463 3284 2672 3340 insanis
2695 3289 3022 3355 persuadeat
3048 3307 3063 3357 ;
3095 3291 3196 3346 nisi
3227 3291 3366 3349 forte
3404 3311 3497 3350 sa-

1918 3381 2039 3421 cras
2068 3382 2285 3439 quoque
2315 3370 2761 3443 Evangetiorum,
2792 3386 2847 3431 ut
2869 3378 3008 3433 alias
3035 3384 3211 3437 sancti
3236 3383 3495 3454 Spiritus,

1917 3459 2217 3518 locutiones
2242 3473 2619 3521 contemnunt.
2649 3466 2853 3540 Nempe
2887 3471 2975 3526 ille
2995 3473 3061 3528 de
3086 3475 3225 3530 enato
3247 3477 3494 3542 veniens,

1915 3559 1970 3603 et
2004 3552 2369 3610 immaculata:
2394 3572 2718 3628 semperque
2741 3559 2951 3632 Virgini
2983 3562 3163 3631 Matri,
3191 3573 3497 3625 communis

1918 3642 2085 3696 totius
2146 3646 2329 3699 mundi
2388 3646 2583 3702 salutis
2655 3651 2903 3708 nuntium
2959 3655 3312 3727 signiﬁcans,
3370 3675 3495 3716 eum

1915 3747 2076 3802 quem
2101 3734 2213 3803 ipsa
2235 3737 2479 3802 paritura
2499 3748 2617 3794 erat
2645 3739 2991 3799 Servalorem
3016 3748 3281 3815 omnium,
3299 3750 3496 3806 Filium

1914 3825 2180 3883 Altissimi
2211 3840 2458 3885 vocatum
2490 3835 2553 3886 iri
2591 3834 2985 3902 proclamabat,
3015 3847 3067 3892 et
3102 3838 3319 3896 Davidis
3340 3845 3493 3896 thro-

1917 3934 2044 3972 num
2075 3929 2494 3990 occupaturum,
2526 3940 2859 3996 regnumque
2887 3928 3049 3998 207
3084 3932 3203 3985 sine
3250 3932 3356 3986 tltte
3398 3938 3494 3988 tta-

1916 4011 2176 4068 biturum.
2214 4013 2355 4080 Quin
2391 4016 2527 4071 adeo
2573 4032 2821 4088 magnum
2887 4022 3064 4088 ipsum
3100 4021 3337 4078 futurum
3371 4042 3493 4080 cum

1915 4114 2197 4174 assumpta
2219 4120 2436 4175 quoque
2457 4117 2647 4162 natura
2680 4113 2985 4178 portendit;
3018 4112 3200 4169 sciens
3226 4116 3482 4172 nimirum

1914 4195 2064 4251 illum
2095 4209 2151 4253 et
2191 4213 2335 4254 nunc
2365 4209 2418 4253 et
2450 4210 2606 4255 antea
2634 4211 2689 4256 et
2719 4216 2943 4272 semper
2966 4202 3347 4273 ex‘sistenten‘,
3380 4225 3494 4263 ma-

1915 4304 2188 4360 gnumque
2243 4301 2301 4346 et
2351 4307 2512 4360 super
2567 4295 2750 4349 omnia
2809 4294 2999 4350 Deum.
3051 4296 3344 4370 Propterea
3396 4319 3493 4358 rex

209 4394 414 4464 μέγαν
439 4394 592 4458 ὄντα,
623 4392 722 4447 καὶ
752 4392 847 4446 ἐπὶ
882 4393 1103 4447 πάντων
1151 4390 1283 4443 Θεὸν
1329 4389 1459 4444 ὅντα
1479 4407 1494 4421 ·
1535 4389 1812 4460 τοιγάρτοι

1920 4397 2128 4451 regum,
2154 4391 2210 4438 et
2236 4384 2290 4437 in
2324 4386 2528 4439 multas
2570 4393 2759 4455 gentes
2806 4386 3117 4457 dominans,
3150 4392 3312 4447 etiam
3354 4408 3494 4462 qua-

204 4485 493 4557 βασιλεὺς
523 4484 633 4537 τῶν
675 4482 1090 4554 βασιλευόντων,
1123 4482 1219 4535 καὶ
1268 4480 1453 4551 ἄρχων
1484 4479 1696 4532 πολλῶν
1722 4479 1812 4533 ὲθ-

199 4575 334 4629 νῶν
354 4575 384 4626 ὀ
437 4574 813 4644 Ἐμμανουήλ,
847 4573 941 4627 καὶ
979 4572 1054 4635 ὡς
1087 4571 1378 4643 ἄνθρωπος
1405 4571 1775 4641 ἐχρημάτισεν
1795 4585 1809 4599 ο

200 4664 598 4736 ὑπερίδρυται
621 4666 732 4735 γὰρ
766 4664 921 4717 οὐδὲν
948 4659 1134 4734 ἦττον,
1185 4664 1280 4716 καὶ
1332 4661 1475 4715 κατὰ
1507 4663 1725 4714 πάντων
1752 4661 1814 4714 τό

195 4773 268 4808 τε
317 4755 526 4823 κράτος
552 4757 642 4807 καὶ
692 4755 791 4824 τὴν
825 4755 1102 4825 ὑπεροχὴν
1126 4753 1415 4824 κέκτηται,
1456 4753 1515 4804 ὲν
1555 4753 1668 4815 τοῖς
1710 4751 1813 4821 τῆς

193 4844 489 4914 θεότητος
537 4844 635 4898 καὶ
696 4845 837 4917 μετὰ
878 4844 1082 4916 σαρκὸς
1127 4844 1447 4913 διαπρέπων
1488 4842 1811 4912 πλεονεκτὴ-

194 4951 366 5006 pact.
397 4951 412 4966 °
444 4934 546 4988 κᾶν
573 4934 922 5006 ἐπτώχευσεν
970 4933 1111 4988 ἑκὼν
1136 4938 1203 5005 τῇ
1255 4933 1376 5006 θείᾳ
1405 4932 1812 4999 συγκαταόάσει

1916 4481 2076 4528 tenus
2110 4474 2291 4539 homo,
2333 4474 2650 4529 Emmanuel
2709 4486 2816 4530 est.
2854 4476 3041 4547 Eque-
3074 4481 3219 4535 enim
3264 4485 3493 4550 eminet,

1912 4574 1967 4618 et
1998 4579 2109 4630 prae
2153 4564 2404 4619 omnibus
2457 4566 2694 4633 petentia
2743 4583 2807 4622 ae
2862 4570 3124 4639 dignitate
3158 4575 3321 4642 pollet
3381 4586 3491 4631 tum

1915 4656 2215 4710 divinitatis
2236 4666 2345 4709 tum
2372 4658 2554 4711 Carnis
2571 4660 2848 4714 atlributis
2875 4664 3134 4728 pra-ditus
3152 4682 3167 4731 ;
3184 4682 3492 4738 quanquam

1915 4763 2119 4816 pauper
2146 4747 2251 4802 fuit
2302 4741 2516 4819 sponte,
2566 4750 2749 4805 divina
2800 4754 3262 4812 condescensione
3311 4768 3490 4822 utens,

1915 4850 2212 4908 nostraque
2257 4841 2438 4911 inopia
2468 4842 2713 4910 indutus,
2746 4855 2805 4898 ut
2854 4861 2951 4902 nos
2990 4847 3277 4902 divinitate
3327 4850 3492 4918 ipsius

1913 4937 2232 4987 ditaremur.
2275 4933 2508 4990 Prorsus
2550 4937 2734 5005 itaque
2790 4953 3015 4995 necesse
3046 4947 3152 5004 est,
3180 4939 3492 4996 Serratoris

186 5026 605 5099 χρησάμενος,
635 5026 735 5097 τὴν
769 5025 892 5080 καθ’
936 5028 1084 5096 ἡμᾶς
1120 5025 1393 5096 πτωχείαν
1425 5025 1601 5089 ἐνδὺς,
1635 5024 1710 5087 ὡς
1745 5026 1812 5076 ἂν

184 5118 390 5190 ἡμεῖς
425 5117 522 5188 τὴν
555 5119 766 5171 ἐκείνου
787 5115 1352 5186 καταπλουτισθῶμεν
1383 5115 1650 5188 θεότητα·
1683 5117 1811 5169 οὐκ-

182 5206 312 5263 οῦν
368 5210 525 5261 πᾶσα
555 5210 795 5280 ἀνάγκη,
840 5210 900 5263 τὸ
936 5207 1031 5262 τοῦ
1082 5208 1337 5279 Σωτῆρος
1374 5208 1529 5278 ἡμῶν
1574 5207 1810 5276 Χριστοῦ

176 5303 302 5358 διὰ
367 5304 595 5358 πάντων
646 5305 1001 5376 εἰσφέρεσθαι
1053 5305 1387 5375 πρόσωπονο
1432 5303 1697 5375 βασιλέως
1754 5304 1841 5356 δὲκ

178 5397 597 5466 ἀνισταμένου
636 5398 733 5451 καὶ
764 5397 1009 5451 τοιούτου
1043 5396 1331 5467 βασιλέως,
1371 5395 1665 5452 ἀκόλουθόν
1694 5413 1812 5460 πως

173 5485 309 5540 καὶ
355 5486 643 5559 εὐπρεπὲς
690 5490 786 5542 καὶ
833 5489 1104 5561 ἄρχοντας
1162 5488 1433 5560 ὑπάρχειν
1486 5488 1809 5556 ἀναλόγους,

169 5575 350 5647 εθνη
380 5592 449 5630 τε
471 5577 865 5650 ὑποτετάχθαι,
885 5582 979 5633 καὶ
1002 5583 1099 5650 οὐχ
1124 5578 1335 5642 ἅπλῶς,
1372 5578 1429 5631 ά)
1441 5578 1507 5631 λὰ
1535 5579 1711 5632 πάντα
1743 5580 1813 5634 τὰ

167 5662 350 5737 ιῧνη
366 5679 386 5697 ⁸
418 5665 639 5721 πάντων
661 5666 772 5738 γὰρ
794 5667 1056 5732 Βασιλεύς
1082 5668 1313 5723 ἐστικαὶ
1342 5666 1548 5738 Κύριος
1571 5683 1585 5698 ·
1619 5666 1811 5739 ὥσπερ

554 5763 825 5826 Parnm"
864 5765 983 5827 Gn.
1033 5766 1097 5828 C.

1915 5027 2082 5080 nostri
2108 5025 2312 5080 Christi
2340 5027 2393 5081 in
2423 5029 2635 5083 cunctis
2677 5029 2866 5084 adesse
2890 5045 3204 5099 personam.
3245 5031 3491 5103 Cumque

1914 5133 2009 5171 rex
2042 5126 2225 5171 tantus
2258 5119 2331 5172 sit
2379 5122 2729 5183 conStitutus,
2765 5123 3014 5190 sequitur
3046 5125 3497 5195 conveniensque

1914 5218 1999 5263 est
2030 5210 2304 5278 principes
2344 5227 2560 5281 quoque
2624 5212 2773 5281 regni
2831 5214 2944 5267 tieri
2985 5225 3400 5279 consentaneus,
3438 5228 3493 5271 et

1913 5312 2100 5369 gentes
2119 5316 2242 5357 esse
2259 5303 2555 5373 subjectae,
2582 5319 2681 5358 nec
2704 5307 3135 5375 quomodolibet,
3154 5310 3246 5363 sed
3267 5321 3494 5364 cunctas

1913 5395 2135 5450 omnino
2153 5406 2375 5463 gentes;
2401 5405 2484 5449 est
2506 5397 2649 5449 enim
2673 5398 2913 5451 omnium
2936 5413 3031 5452 rex
3057 5399 3495 5469 acDomiuusmt

1914 5484 2057 5540 sicut
2085 5488 2325 5541 omnium
2350 5503 2471 5541 cum
2495 5486 2656 5543 Patre
2678 5489 2729 5543 in
2762 5489 2919 5555 caalo,
2947 5492 3020 5546 ita
3049 5503 3104 5546 et
3130 5494 3181 5548 in
3213 5505 3356 5549 terra
3375 5512 3502 5549 om-

1914 5577 2063 5632 nium
2100 5580 2308 5648 pariter
2338 5579 2596 5635 Dominus
2644 5591 3081 5655 praepotensque.
3114 5583 3239 5640 ideo
3287 5585 3491 5645 dictum

1913 5677 1992 5725 est
2024 5686 2037 5722 :
2064 5665 2131 5720 Et
2157 5669 2245 5738 qui
2275 5678 2450 5738 surget
2477 5672 2547 5723 ad
2576 5670 2959 5725 dominantium
2990 5676 3256 5744 gentibus,
3284 5677 3339 5730 in
3380 5678 3497 5743 ipso

3042 5771 3135 5832 .22
