3900 6148
181 339 275 402 685
301 374 308 382 ·

997 335 1566 398 APOLOGETICUS
1621 338 1770 400 PRO
1809 340 2080 404 SACRIS
2113 344 2598 406 IMAGINIBUS.

3307 346 3414 415 683

183 447 254 519 Τῇ
271 445 442 522 ἡμέρᾳ
475 449 699 519 ἐκείνῃ,
737 450 932 520 φησιν,
993 450 1168 504 ἔσται
1222 450 1476 520 Ἰσραὴλ
1529 452 1728 520 τρίτος

1832 453 1886 507 in
1919 453 2174 526 Assyriis,
2205 466 2251 510 et
2276 456 2561 512 hwreditas
2597 473 2712 510 mea
2751 455 2920 510 Israel
2945 458 3013 512 ".
3048 456 3184 514 Nam
3221 465 3414 529 pratuli-

173 541 726 609 ἐντοιςἌσσυρίοις
765 542 860 596 καί
909 542 979 595 ἐν
1025 541 1150 609 τοῖς
1197 544 1570 612 Αἰγυπτίοις,
1623 545 1728 597 εὐ-

170 634 483 706 λογημένος
501 635 571 689 ἐν
588 633 664 702 τῇ
698 633 770 704 τῇ
791 633 872 702 ῆν
891 635 1196 704 εὐλόγησε
1215 636 1434 703 Κύριος
1455 635 1728 697 Σαϐαὼθ,

178 725 346 796 λέγων
373 743 387 756 ·
427 721 776 798 neaeram;
827 723 1000 780 ἔσται
1053 728 1088 780 ό
1125 725 1277 792 λαός
1303 743 1425 795 μου
1459 728 1492 780 ό
1535 725 1606 780 ἐν
1632 729 1730 780 Αἱ-

169 817 476 888 τύπτφοκαί
505 817 576 871 ἐν
622 817 990 886 Ἀσσυρίοις,
1026 819 1126 872 καὶ
1157 819 1196 886 ἠ
1219 819 1592 888 κληρονομία
1607 837 1728 888 μου

181 907 448 978 Ἰσραήλο
501 907 590 963 διὰ
641 909 750 980 γὰρ
803 910 1008 964 τούτων
1053 908 1162 962 τῶν
1217 909 1724 984 ἅπηριθμημένων,

167 998 269 1052 τῶν
286 999 634 1068 κεκλημένων
671 999 846 1052 ἐθνῶν
867 1001 948 1064 εἰς
975 1000 1037 1052 τὸ
1064 1002 1331 1071 κήρυγμα
1353 1001 1381 1054 ό
1419 983 1584 1068 λόγος’
1620 1007 1724 1054 πα·-

169 1089 486 1162 ραδεδήλωκε
516 1090 578 1144 τὸ
601 1091 875 1164 πλήρωμα
900 1109 914 1122 ·
942 1092 1174 1146 κατόπιν
1201 1093 1258 1146 δὲ
1283 1093 1465 1164 τρίτος
1507 1092 1728 1164 Ἰσραὴλ

166 1182 426 1248 τέτακται,
453 1184 760 1256 ἐπειδήπερ
803 1186 850 1238 εί
884 1185 980 1239 καὶ
1019 1185 1200 1257 πο).λῷ
1252 1187 1476 1250 ἄποθεν,
1525 1188 1620 1240 uti.
1664 1187 1726 1252 ἐξ

167 1275 453 1346 ἀλλοδαπῆς
496 1277 594 1331 καὶ
648 1277 927 1350 βαρϐάρου
963 1279 1152 1350 χώρας
1207 1279 1538 1350 ἀφώρμητο,
1593 1295 1726 1350 προ-

167 1369 342 1440 φθάνει
367 1371 462 1442 μὲν
485 1373 513 1425 ὁ
549 1372 833 1444 Ἀσσύριος
865 1375 958 1428 καὶ
981 1375 1328 1446 προαρπάζει
1353 1375 1452 1446 τὴν
1479 1375 1560 1436 εἰς
1591 1375 1727 1446 Χριο

167 1461 282 1517 στὸν
305 1463 503 1528 πίστιν,
533 1468 863 1536 σωματικῶς
885 1467 968 1520 ἔτι
994 1466 1334 1538 νηπιάζοντα
1386 1465 1724 1538 προσκυνού-

168 1571 336 1624 μενον,
371 1557 466 1610 uo).
491 1543 690 1628 δώροις
731 1559 1044 1630 ἰσαρίθμοις
1093 1559 1204 1613 τῶν
1253 1560 1340 1613 ἐπ’
1387 1559 1538 1630 αύτῷ
1570 1577 1727 1612 νοου-

165 1647 332 1716 μένων
363 1649 456 1702 uati.
485 1648 883 1722 θεωρουμένων
913 1651 1088 1721 λόγων
1111 1651 1179 1706 τὰ
1216 1652 1357 1724 γέρα
1386 1652 1682 1723 δεχόμενον
1706 1667 1723 1684 ο

161 1740 394 1814 δεύτερος
425 1745 482 1799 δὲ
521 1746 823 1815 Αἰγύπτιος
867 1747 1215 1819 ὑποδέχεται,
1243 1751 1314 1820 τῇ
1361 1748 1578 1818 καθόδῳ
1627 1745 1724 1802 τοῦ

1829 554 2042 600 ctorum
2081 547 2514 616 enumeratione,
2549 557 2864 602 vocatarum
2917 549 3157 619 gentium
3211 552 3280 607 ad
3323 571 3414 608 sa-

1830 649 1978 690 cram
2024 635 2330 690 doctrinam
2389 637 2780 707 plenitudinem
2825 652 3010 694 sermo
3057 641 3413 712 prophetiCns

1830 725 2182 796 signiﬁcavit.
2232 725 2520 784 Postremo
2563 727 2705 794 loco,
2755 729 2808 784 id
2851 741 2936 786 est
2997 733 3212 800 tertius,
3241 733 3413 793 Israel

1829 818 2152 885 collocatur,
2186 821 2312 890 quia
2337 821 2556 896 etiamsi
2592 821 2762 877 multo
2793 825 3033 891 eminus,
3060 836 3116 882 et
3139 842 3206 883 ex
3231 827 3408 885 aliena

1835 907 2178 978 barbaraque
2251 911 2470 981 regione
2554 911 2831 981 profectus
2891 925 2999 978 est,
3061 917 3416 976 nihilominus

1833 989 2176 1069 praeocculiat
2197 1007 2328 1055 'eum
2355 1002 2636 1072 Assyrius,
2672 1005 3020 1077 praeripitque
3051 1008 3103 1062 in
3129 1008 3412 1068 Christum

1829 1091 2022 1158 ﬁdem,
2059 1094 2420 1164 corporaliter
2441 1096 2622 1152 adhuc.
2644 1096 2968 1153 infantulum
3004 1101 3288 1158 adoratum
3317 1105 3416 1160 do-

1835 1199 2144 1256 nurumque
2174 1201 2420 1252 ηυηιοιὈ,
2448 1187 2910 1250 intellectualihus
2933 1191 3051 1262 ejus
3079 1203 3132 1248 et
3169 1207 3414 1251 conten»

1830 1275 2050 1345 plativis
2083 1275 2278 1333 olliciis
2312 1281 2451 1348 pari,
2485 1279 2761 1337 aﬂ‘ectum.
2799 1281 3084 1340 Secundus
3125 1287 3414 1360 Egyptius

1839 1371 2105 1436 succedit,
2143 1370 2410 1441 fugientis
2443 1373 2678 1428 adventu
2703 1377 3148 1446 superstitiosum
3171 1395 3412 1439 errorem

1830 1463 2125 1534 depellens.
2183 1463 2313 1520 Post
2361 1481 2522 1535 quem
2559 1467 2754 1522 tertius
2786 1465 2974 1536 Israel,
3027 1479 3082 1524 et
3129 1473 3349 1540 quidem
3384 1490 3414 1529 a

1831 1557 2166 1626 przedieante
2205 1567 2452 1622 vocatus,
2481 1559 2942 1628 quemadmodum
2982 1563 3416 1622 nobistradide-

1830 1657 1956 1704 runt
1981 1649 2070 1718 qui
2096 1648 2387 1720 Evangelia
2416 1651 2687 1720 scripsere
2708 1653 2938 1721 apostoli
2962 1653 3202 1712 Domini.

1765 1745 2067 1815 φεύγοντος
2117 1747 2216 1818 τὴν
2278 1743 2654 1816 δεισιδαίμονα
2688 1746 2901 1818 πλάνην
2933 1749 3410 1822 ἀποκρουόμενος·

167 1837 282 1908 μεθ’
307 1836 364 1890 δν
424 1841 672 1910 τριταῖος
715 1839 936 1912 Ἰσραὴλ
1007 1843 1283 1912 πρόσεισι,
1348 1843 1448 1895 καὶ
1497 1840 1674 1896 ταῦτα
1733 1839 2072 1911 καλούμενος
2111 1837 2218 1913 ύπρ
2263 1837 2358 1891 τοῦ
2430 1838 2823 1910 κηρύσσοντος,
2872 1842 3122 1915 καθάπερ
3173 1846 3242 1900 τὰ
3293 1847 3415 1918 ιερὰ

162 1933 287 2002 τηιίν
306 1929 701 2002 ἀντιταξάμενοι
726 1931 1182 2003 παραδεδώκασιν
1235 1933 1566 2002 Εὐαγγέλια,
1615 1931 1710 1987 τοῦ
1751 1933 1962 2003 Κυρίου
1996 1929 2308 1986 ἀπόστολοι.

229 2030 327 2098 με’.
355 2025 542 2088 Ὅπως
591 2025 650 2079 δὲ
681 2027 894 2090 τούτοις
946 2029 1186 2099 συγγενῆ
1221 2029 1282 2082 τὲ
1323 2031 1442 2082 ἐστι
1495 2030 1590 2082 καὶ
1627 2031 1724 2097 ἐφ-

162 2119 356 2190 άμιλλα
387 2119 458 2172 τὰ
487 2118 827 2173 ἀποστολικὰ
881 2120 1224 2190 διδάγματα,
1258 2121 1354 2175 καὶΙ
1403 2122 1500 2192 τὴν
1557 2123 1727 2192 αὐτὴν

155 2211 338 2281 ὥσπερ
366 2211 640 2282 ἐρχόμενα
679 2211 890 2282 τρίϐον,
937 2212 1180 2284 ἀμογητὶ
1222 2213 1574 2282 κατοψόμεθα
1601 2231 1615 2244 ·
1651 2215 1726 2277 ὡς

154 2305 337 2375 ἄρχειν
363 2319 425 2356 τε
456 2303 566 2356 τῶν
599 2303 770 2356 ἐθνῶν
803 2303 922 2374 ἥτοι
964 2303 1065 2375 τῆς
1097 2305 1158 2370 ἐξ
1185 2305 1355 2359 ἐθνῶν
1399 2307 1728 2376 Ἐκκλησίας

151 2398 182 2448 ὁ
206 2396 412 2470 Σωτὴρ,
437 2397 534 2450 καὶ
560 2396 648 2449 ἐπ’
670 2396 843 2468 αὐτὴν
873 2395 1190 2466 βασιλεύειν
1241 2397 1578 2458 πιστεύεται,
1629 2415 1726 2450 κε-

153 2489 296 2560 φαλή
338 2488 399 2542 τὲ
446 2491 599 2542 ἐστιν
649 2488 844 2558 αὐτῆς,
899 2489 996 2542 καὶ
1063 2491 1146 2543 δεῖ
1199 2489 1364 2543 αὐτὸν
1411 2489 1718 2560 βασιλεύειν

150 2580 312 2650 ἄχρις
341 2571 400 2631 οὗ
432 2577 498 2648 θῇ
529 2579 656 2641 τοὺς
684 2573 915 2648 ἐχθροὺς
938 2577 1106 2630 αὑτοῦ
1131 2577 1236 2630 ὑπὸ
1261 2577 1391 2636 τοὺς
1426 2577 1594 2639 πόδας
1626 2578 1723 2630 αὑ-

151 2669 269 2735 τοῦ,
299 2669 392 2724 καὶ
419 2670 790 2740 κληρονόμους
817 2669 1164 2723 ἀναδείκνυσι
1195 2669 1475 2739 βασιλείας
1499 2671 1624 2732 τοὺς
1647 2671 1738 2738 εἰς,

147 2761 310 2816 αὐτὸν
324 2761 645 2832 ἠλπικότας,
665 2761 1065 2832 διωμολόγηται
1086 2777 1101 2792 ’
1118 2761 1280 2832 φήσει
1297 2761 1476 2815 τοίνυν
1503 2778 1725 2832 προεισ-

145 2851 370 2924 δραμὼν
397 2851 506 2905 τῶν
551 2851 722 2905 ἐθνῶν
783 2854 811 2906 ό
857 2851 1195 2913 Ἀπόστολος’
1249 2849 1413 2905 Θέλω
1450 2848 1520 2903 δὲ
1569 2847 1727 2919 ὑμᾶς

141 2945 384 3010 εἰδέναι,
407 2944 496 2999 ὅτι
520 2945 748 3010 παντὸς
771 2943 994 3012 ἀνδρὸς
1027 2945 1064 3012 ἡ
1107 2943 1344 3012 κεφαλὴ
1389 2946 1422 2998 ὁ
1474 2944 1728 3011 Χριστός

140 3041 298 3094 ἐστι.
319 3037 427 3091 Καὶ
453 3037 614 3092 πάλιν
639 3055 653 3068 ·
681 3037 808 3091 Ἵνα
831 3039 863 3091 ό
887 3038 1031 3101 Θεὸς
1057 3035 1162 3090 τοῦ
1186 3037 1407 3104 Κυρίου
1423 3034 1594 3104 ἡμῶν
1625 3033 1728 3103 Ἰη-

138 3132 264 3186 σοῦ
291 3129 548 3200 Χριστοῦ
575 3133 608 3184 ό
642 3128 844 3199 Πατὴρ
872 3127 982 3196 τῆς
1007 3128 1193 3196 δόξης
1231 3127 1350 3195 δῴη
1373 3128 1513 3197 ὑμῖν
1539 3127 1728 3182 πνεῦ-

135 3241 224 3292 μα
239 3223 463 3292 σοφίας
478 3221 577 3274 καὶ
599 3221 1070 3288 ἀποκαλύψεως,
1088 3219 1158 3274 ἐν
1179 3219 1500 3288 ἐπιγνώσει
1512 3219 1722 3286 αὐτοῦ,

133 3313 636 3385 πεφωτισμένους
677 3312 822 3380 τοὺς
884 3312 1234 3382 ὀφθαλμοὺς
1307 3311 1418 3381 τῆς
1475 3312 1722 3380 καρδίας

132 3408 330 3476 ὑμῶν,
353 3409 439 3474 είς
463 3407 528 3461 τὸ
553 3405 776 3461 ειδέναι
817 3404 977 3475 ὑμᾶς
1019 3407 1112 3472 τίς
1131 3405 1307 3460 ἐστιν
1330 3407 1368 3474 ἠ
1409 3405 1587 3470 ἐλπίς
1613 3403 1722 3472 τῆς

131 3499 418 3568 κλήσεως
441 3498 650 3562 αὐτοῦ,
683 3497 782 3552 καὶ
810 3498 898 3567 τίς
921 3500 954 3551 ό
971 3497 1238 3562 πλοῦτος
1262 3493 1371 3562 τῆς
1399 3494 1588 3562 δόξης
1609 3493 1722 3563 τῆς

128 3592 548 3660 κληρονομίας
566 3588 755 3644 αὑτοῦ
784 3589 854 3643 ἐν
876 3587 1002 3652 τοῖς
1014 3587 1228 3657 ἁγίοις,
1253 3585 1348 3640 καὶ
1377 3585 1435 3639 τί
1453 3585 1520 3639 τὸ
1541 3587 1724 3653 ὑπερο

126 3684 376 3740 ϐάλλον
381 3683 632 3754 μέγεθος
647 3681 755 3752 τῆς
775 3681 1086 3749 δυνάμεως
1101 3679 1287 3734 αὑτοῦ
1300 3681 1388 3745 είς
1401 3678 1560 3748 ἡμᾶς
1579 3678 1722 3744 τοὺς

122 3775 564 3839 πιστεύοντας,
601 3775 752 3828 κατὰ
799 3771 916 3840 τὴν
961 3770 1266 3840 ἐνέργειαν
1299 3769 1407 3824 τοῦ
1461 3770 1722 3838 κράτους

123 3863 249 3934 τῆς
275 3866 492 3935 ἰσχύος
506 3855 719 3930 αὑτοῦ,
746 3862 827 3932 ῆν
851 3862 1196 3932 ἐνήργησεν
1227 3862 1298 3915 ἐν
1327 3859 1409 3926 τῷ
1463 3858 1718 3930 Χριστῷ,

121 3957 376 4027 ἐγείρας
399 3954 586 4011 αὐτόν
621 3956 691 4009 ἐκ
711 3953 962 4024 νεκρῶν,
1008 3953 1110 4007 καὶ
1141 3952 1399 4018 καθίσας
1443 3951 1513 4004 ἐν
1548 3948 1718 4016 δεξιᾷ

115 4029 328 4102 αὐτοῦ
361 4047 432 4100 ἐν
461 4046 582 4112 τοῖς
619 4047 1004 4113 ἐπουρανίοις
1033 4043 1310 4113 ὑπεράνω
1349 4043 1554 4110 πάσης
1612 4043 1720 4109 ἀρ·-

116 4137 252 4205 κῆς
287 4137 388 4190 καὶ
415 4136 704 4202 ἐξουσίας
736 4135 1168 4204 καὶδυνάμεως
1214 4135 1314 4188 καὶ
1337 4134 1713 4202 κυριότητος,

112 4229 226 4284 καὶ
249 4228 487 4296 παντὸς
509 4229 804 4298 ὀνόματος
831 4226 1290 4297 ὀνομαζομένου,
1324 4229 1395 4280 οὺ
1433 4226 1628 4293 μόνον
1649 4225 1719 4278 ἐν

109 4318 202 4384 τῷ
230 4317 412 4373 αίῶνι
437 4319 649 4383 τούτῳ.
679 4317 841 4372 ἀλλὰ
889 4316 984 4370 καὶ
1013 4317 1083 4370 ἐν
1121 4314 1200 4379 τῷ
1247 4313 1539 4384 μέλλοντι
1561 4330 1574 4342 ·
1617 4313 1718 4367 καὶ

108 4414 336 4467 πάντα
375 4415 678 4478 ὑπέταξεν
725 4412 847 4468 ὑπὸ
905 4411 1045 4476 τοὺς
1111 4411 1304 4474 πόδας
1359 4409 1568 4472 αὑτοῦ,
1615 4409 1715 4462 καὶ

103 4505 320 4560 αὐτὸν
353 4503 541 4559 ἐδωιιε
579 4504 855 4573 κεφαλὴν
892 4503 1044 4570 ὑπὲρ
1095 4501 1294 4555 πάντα
1354 4499 1428 4569 τῇ
1467 4501 1718 4568 Ἐκκλη-

98 4599 251 4665 ait},
279 4596 420 4664 ἥτις
464 4597 595 4650 ἐστὶ
635 4597 700 4649 τὸ
725 4594 898 4667 σῶμα
925 4595 1134 4657 αὑτοῦ,
1172 4593 1239 4647 τὸ
1281 4591 1574 4660 πλήρωμα
1607 4591 1714 4644 τοῦ

97 4691 184 4744 τὰ
211 4688 431 4742 πάντα
467 4688 536 4741 ἐν
560 4688 711 4742 πᾶσι
731 4687 1132 4754 πλιηροῦντος.
1168 4684 1278 4738 Καὶ
1299 4725 1314 4750 ,
1353 4685 1436 4736 ὅτι
1481 4683 1535 4734 '0
1567 4681 1714 4747 Θεὸς

93 4781 321 4836 αὐτὸν
353 4781 744 4850 ὑπερύψωσε.
775 4779 874 4834 καὶ
895 4780 1223 4847 ἐχαρίσατο
1245 4773 1406 4840 αὐτῷ
1433 4774 1620 4838 ὄνομα
1645 4773 1714 4827 τὸ

88 4869 280 4938 ὑπὲρ
316 4866 449 4924 πᾶν
470 4868 680 4938 ὄνομα,
716 4869 818 4922 ἵνα
843 4867 912 4920 ἐν
935 4866 1017 4932 τῷ
1067 4867 1315 4934 ὀνόματι
1361 4863 1558 4932 Ἰησοῦ
1590 4861 1716 4919 πᾶν

85 4967 272 5031 τόν-υ
305 4957 523 5029 κάμψῃ
553 4957 951 5026 ἐπουρανίων,
981 4957 1079 5010 καί
1103 4955 1526 5026 extremm.qu
1545 4971 1716 5008 κατα-

81 5048 415 5118 χθονίων.
431 5047 538 5100 Καί
563 5063 578 5076 ·
597 5048 700 5102 Ἐν
721 5046 882 5112 αὐτῷ
906 5045 1168 5101 κατοικεῖ
1188 5045 1313 5100 πᾶν
1332 5047 1398 5100 τὸ
1423 5042 1714 5114 πλήρωμα

77 5139 220 5206 τῆς
269 5140 566 5206 θεότητος
599 5135 970 5208 σωματικῶς.
1024 5137 1132 5190 Καί
1157 5156 1172 5170 ο
1212 5135 1388 5191 Ἐστέ
1439 5137 1509 5189 ἐν
1549 5132 1712 5200 αὐτῷ

75 5231 610 5300 πεπληρωμένοι,
644 5231 712 5296 ὅς
734 5231 910 5284 ἐστιν
935 5231 973 5298 ἡ
1005 5227 1238 5298 κεφαλὴ
1269 5227 1475 5295 πάσης
1514 5225 1712 5294 ἀρχῆς

75 5324 203 5375 καὶ
273 5323 604 5390 ἐξουσίας.
649 5326 758 5376 Καὶ
814 5322 1017 5376 πάλιν*
1063 5323 1484 5389 Ἀληθεύοντες
1522 5319 1586 5372 δὲ
1641 5319 1713 5371 ἐν

65 5415 350 5484 ἀγάπῃ,
385 5415 752 5485 αὐξήσωμεν
788 5419 874 5482 εὶς
918 5413 1106 5471 αὐτὸν
1158 5411 1377 5477 πάντα,
1432 5412 1498 5477 ὃς
1535 5410 1710 5464 ἐστιν

1758 2035 1801 2090 Β
1905 2027 1994 2082 45.
2030 2015 2144 2094 Age
2181 2040 2310 2102 yero
2358 2024 2442 2079 his
2472 2024 2650 2086 aﬂinia
2687 2036 2855 2096 atque
2893 2032 3086 2084 scutula
3133 2043 3256 2086 esse
3283 2047 3414 2101 apo—

1833 2117 2022 2172 stolica
2053 2119 2407 2180 documenta,
2439 2119 2740 2185 cadentque
2771 2118 2938 2174 veluti
2967 2121 3051 2175 via
3079 2122 3409 2192 insistenlia,

1832 2207 1993 2262 facile
2041 2221 2464 2276 cognoscemus;
2537 2209 2683 2263 credi
2742 2209 2995 2266 videlicet
3065 2209 3412 2270 Servatorem

1831 2299 2104 2369 gentibus,
2136 2298 2188 2352 id
2219 2307 2302 2353 est
2337 2297 2594 2353 Ecclesiae
2613 2299 2880 2368 gentium,
2914 2303 3416 2374 praeessemjusque

1831 2399 1990 2459 Cnplll
2033 2406 2174 2461 esse,
2213 2405 2276 2444 ac
2327 2391 2446 2444 sine
2499 2389 2663 2444 dubio
2713 2403 2967 2462 oportere
3015 2409 3139 2449 eum
3182 2411 3414 2468 regnare

1830 2485 2004 2537 thtlt’c
2060 2491 2226 2551 ponat
2261 2481 2516 2538 inimicos
2546 2497 2676 2536 suos
2709 2483 3003 2540 scabellum
3052 2486 3250 2556 pedum
3279 2503 3413 2545 suo-

1832 2590 1974 2642 l‘llm,
2010 2585 2064 2630 et
2103 2577 2251 2644 regni
2292 2575 2537 2630 haeredes
2559 2573 2756 2631 elIiciat
2783 2578 2871 2645 qui
2909 2579 2960 2632 in
2996 2594 3116 2634 eum
3157 2595 3412 2650 sperave-

1833 2668 1958 2733 rin_t.
2003 2669 2364 2735 Dicet-itaque
2391 2667 2744 2737 primipilaris
2786 2669 2948 2724 veluti
2988 2674 3229 2740 gentium
3263 2673 3408 2744 Apo-

1830 2759 2000 2812 stolus
2034 2775 2048 2811 :
2096 2757 2223 2811 Volo
2252 2775 2341 2811 vos
2381 2758 2536 2823 scire,
2566 2760 2736 2812 omnis
2779 2761 2882 2814 viri
2925 2772 3080 2826 caput
3109 2780 3220 2818 esse
3247 2763 3408 2821 Citri-

1829 2860 1964 2902 stum
1993 2849 2056 2902 ‘3.
2095 2847 2160 2902 Et
2190 2865 2382 2904 rursus
2429 2865 2443 2902 :
2491 2849 2560 2903 Ut
2615 2849 2753 2904 Deus
2803 2851 3014 2906 Domini
3068 2857 3236 2909 nostri
3277 2857 3409 2912 Jesu

1829 2941 2048 3002 Christi,
2091 2939 2249 2993 l’ater
2278 2941 2483 3010 glorite,
2517 2946 2604 2994 det
2645 2942 2789 2996 vobis
2832 2940 3092 3010 Spiritum
3131 2949 3416 3016 sapientiae

1829 3041 1874 3083 et
1907 3031 2240 3085 reuelationis
2291 3033 2342 3085 in
2371 3033 2641 3101 agnitione
2664 3033 2817 3102 ejus;
2866 3035 3196 3093 illuminatos
3227 3040 3407 3094 oculos

1829 3123 2002 3175 cordis
2035 3124 2212 3186 vestri,
2255 3135 2310 3176 ut
2339 3125 2519 3178 sciatis
2555 3140 2674 3195 qua:
2707 3126 2774 3182 sit
2804 3143 2919 3196 spes
2952 3131 3242 3186 uocationis
3268 3133 3409 3202 ejus,

1827 3223 1874 3266 et
1904 3229 2019 3283 qum
2051 3213 2256 3269 divitia:
2284 3215 2468 3285 gloria:
2497 3216 2825 3272 ltwreditatis
2856 3217 2971 3288 ejus
3000 3220 3054 3274 in
3079 3225 3301 3278 sanctis.
3337 3223 3407 3277 Et

1810 3319 1947 3372 .qute
1997 3304 2067 3373 sit
2119 3305 2510 3370 supereminens
2555 3309 2864 3377 magnitudo
2919 3311 3130 3366 uirtutis
3186 3315 3301 3384 ejus
3353 3315 3408 3367 in

1833 3398 2058 3460 nos,qui
2102 3397 2364 3450 credimus
2419 3399 2706 3452 secundum
2755 3401 3114 3468 operationem
3160 3406 3408 3472 potentia:

1827 3487 2036 3540 uirtutis
2063 3486 2200 3553 eius,
2227 3504 2386 3556 quam
2413 3498 2662 3557 operatus
2690 3497 2766 3544 est
2795 3492 2852 3545 in
2881 3490 3114 3560 Christo,
3141 3496 3405 3550 suscitans

1826 3580 1978 3634 illum
2023 3599 2052 3634 a
2084 3582 2330 3648 mortuis,
2379 3591 2429 3634 et
2465 3585 2794 3638 constituens
2840 3584 2910 3638 ad
2951 3587 3220 3641 dexteram
3251 3605 3404 3642 suam

1827 3674 1881 3727 in
1904 3674 2220 3736 cazlestibus,
2238 3689 2397 3742 supra
2420 3689 2626 3727 omnem
2647 3675 3008 3744 principatum
3024 3688 3076 3730 et
3093 3681 3404 3745 potestatem

1825 3773 1874 3817 et
1910 3763 2158 3818 virtutem
2201 3773 2248 3816 et
2294 3763 2731 3831 dominationem,
2765 3777 2813 3820 et
2853 3783 3006 3822 omne
3045 3785 3232 3824 nomen
3264 3774 3404 3841 quod

1825 3855 2128 3909 nominatur
2161 3871 2263 3909 non
2294 3855 2466 3908 solum
2511 3855 2566 3908 in
2613 3857 2710 3910 hoc
2751 3859 2970 3923 saeculo,
3017 3861 3109 3914 sed
3152 3861 3405 3916 etiamin

1791 3976 1799 3983 -
1824 3947 2026 4016 futuro.
2053 3945 2331 4001 Etamnia
2360 3947 2587 4016 subjecit
2609 3949 2704 4001 sub
2731 3948 2954 4017 pedibus
2983 3949 3122 4019 ejus,
3147 3961 3194 4005 et
3227 3953 3402 4020 ipsum

1824 4038 1965 4091 dedit
1998 4045 2156 4107 caput
2187 4055 2347 4108 supra
2385 4055 2589 4092 omnem
2619 4038 2940 4106 Ecclesiam,
2964 4057 3082 4110 quae
3108 4053 3180 4096 est
3214 4057 3402 4112 corpus

1827 4130 2015 4193 i,.sius,
2042 4138 2090 4182 et
2114 4127 2386 4196 plenitudo
2407 4129 2545 4198 ejus,
2568 4133 2659 4200 qui
2683 4132 2858 4186 omnia
2883 4133 2937 4185 in
2963 4134 3206 4188 omnibus
3226 4135 3402 4188 adins-

1823 4221 1924 4288 plet
1975 4222 2044 4275 ".
2099 4221 2167 4274 Et
2213 4239 2226 4276 :
2286 4221 2425 4276 Deus
2483 4239 2600 4276 eam
2664 4225 3098 4292 superexaltarit,
3155 4225 3402 4297 deditque

1823 4316 1870 4366 ei
1899 4329 2085 4366 nomen
2113 4329 2272 4380 super
2299 4331 2451 4370 omne
2473 4331 2681 4382 nonten,
2710 4325 2764 4368 ut
2794 4317 2851 4369 in
2875 4319 3085 4371 nomine
3101 4317 3230 4372 Jesu
3251 4334 3401 4372 omne

1821 4421 1953 4475 genu
2003 4406 2250 4475 ﬂectatur
2309 4407 2614 4471 ctelestium,
2669 4409 3016 4475 terrestrium,
3068 4419 3116 4462 et
3159 4409 3398 4480 inferno-

1823 4511 1938 4547 rum
1969 4495 2036 4548 ⁸⁸.
2066 4493 2134 4548 Ει
2161 4513 2173 4548 :
2209 4495 2275 4549 In
2303 4499 2416 4562 ipso
2456 4496 2658 4550 habitat
2689 4497 2858 4552 omnis
2893 4496 3171 4566 plenitudo
3198 4499 3397 4554 divini--

1821 4588 1946 4641 tatis
1973 4590 2320 4652 corporaliter
2361 4589 2429 4642 ⁸¹.
2470 4588 2569 4643 Et:
2598 4587 2743 4643 Estis
2770 4591 2825 4643 in
2854 4591 2944 4642 illo
2969 4591 3176 4660 repleti,
3207 4592 3297 4661 qui
3322 4603 3400 4647 est

1750 4717 1795 4773 υ
1822 4689 1979 4747 caput
2011 4681 2182 4734 omnis
2220 4681 2548 4748 principatus
2583 4690 2629 4734 et
2663 4684 2942 4751 potestatis
2976 4685 3046 4738 ⁸³.
3081 4683 3146 4738 Et
3175 4685 3354 4740 denuo
3382 4703 3396 4737 :

1831 4769 2118 4826 Veritatem
2146 4780 2322 4826 autem
2369 4771 2621 4842 facientes
2664 4775 2720 4827 in
2777 4776 3056 4842 charitate,
3105 4793 3398 4832 crescamus

1818 4865 1876 4918 in
1899 4863 1990 4917 illo
2014 4880 2107 4932 per
2137 4865 2336 4930 omnia,
2356 4866 2446 4936 qui
2479 4875 2558 4920 est
2596 4876 2753 4935 caput
2781 4865 3066 4933 Christus;
3097 4885 3164 4924 ea:
3184 4885 3288 4937 quo
3313 4879 3393 4920 to-

1822 4964 1934 5008 tum
1987 4970 2182 5024 εοτριιε
2226 4966 2553 5026 compactum
2601 4969 2649 5010 et
2697 4974 2991 5012 connexum
3050 4974 3142 5027 per
3189 4973 3389 5012 omnem

1810 5046 2126 5115 juncturam
2153 5049 2680 5115 subministrationis,
2709 5051 2998 5104 secundum
3041 5051 3392 5120 operationem

1820 5140 1875 5190 in
1925 5153 2228 5192 mensuram
2301 5142 2718 5210 uniuscujusque
2783 5143 3004 5194 membri
3056 5150 3392 5210 augmentum

1823 5230 2056 5296 corporis
2111 5229 2239 5297 facit
2277 5231 2332 5284 in
2362 5232 2766 5298 aediﬁcationem
2797 5234 2881 5285 sui
2933 5234 2986 5284 in
3013 5233 3272 5285 citaritate
3321 5233 3386 5284 ⁸³.

1749 3371 1794 3430 C

1826 5319 1885 5371 Et
1916 5321 2110 5374 iterum
2155 5341 2168 5376 :
2212 5321 2350 5386 Quia
2381 5324 2462 5376 uir
2495 5335 2650 5392 caput
2683 5324 2939 5388 mulieris,
2965 5325 3040 5378 ita
3063 5333 3112 5377 et
3149 5320 3396 5378 Christus

1818 5407 2071 5466 Ecclesia:
2111 5425 2264 5479 εαραι
2298 5414 2364 5467 ⁸⁵.

63 5512 111 5577 ἠ
137 5509 519 5577 ’κεφαλὶδό
553 5509 828 5577 Χριστὸς,
893 5508 964 5572 ἐξ
1001 5503 1074 5563 οὗ
1133 5503 1256 5562 πᾶν
1301 5504 1367 5558 τὸ
1414 5502 1588 5571 σῶμα
1624 5505 2277 5574 συναρμολογούμενον
2308 5507 2431 5559 -καὶ
2494 5502 3004 5576 συμϐιῖαζόμενον
3067 5505 3164 5560 διὰ
3189 5505 3396 5573 πάσης

96 5686 155 5718 ⁸⁷
213 5685 342 5738 Ιςιδ.
388 5699 502 5746 tux,
535 5681 626 5743 ει,
666 5683 758 5736 '25.

50 5761 164 5808 id.
263 5757 320 5786 ⁵³
363 5751 901 5824 Ephes.t\',15,16.
981 5750 1025 5782 ”
1067 5749 1243 5818 Ephesi
1300 5747 1467 5812 v,%5.

837 5680 882 5712 ⁸⁸
923 5679 1096 5734 lCor.
1133 5693 1211 5740 XI,
1237 5678 1292 5731 5.
1368 5677 1412 5706 ’δ’
1453 5676 1649 5744 Ephes.
1689 5695 1728 5744 ι,

1764 5679 1946 5734 ΙἹ-Ξὶῧ.
2047 5679 2093 5710 ⁸ο
2135 5677 2332 5747 Philip.
2361 5692 2421 5746 lt,
2465 5677 2518 5734 9.
2631 5681 2674 5710 ⁵³
2709 5679 2914 5736 Coloss.
2955 5682 3099 5750 ",9.
3176 5684 3222 5716 "
3255 5684 3392 5743 ibid.
