3918 6152
242 322 353 387 689

1093 333 1658 405 APOLOGETICUS
1696 344 1846 406 PRO
1887 347 2151 412 SACIUS
2191 346 2673 414 IMAGINIBUS.

3398 348 3501 414 690

238 432 365 501 ρὰν
411 435 833 531 ⁵,ιτιζοάκᾼηονιν
897 438 1133 513 ἔχωμεν
1204 451 1261 501 οἱ
1340 454 1824 525 καταφεύγοντες

1937 460 2148 529 insuper
2163 461 2236 514 ait
2256 478 2269 514 :
2291 460 2591 527 Laztnmini,
2616 471 2942 531 gcntes,cum
2967 460 3158 529 populo
3176 461 3310 529 ejus.
3329 458 3499 515 Item:

239 523 549 590 κρατῆσαι
576 528 685 597 τῆς·
709 532 1107 602 προκειμένης
1142 538 1414 608 ἐλπίδος.
1453 545 1564 596 Καὶ
1620 523 1784 600 πάλιν
1809 565 1823 582 ο

239 614 414 685 Λέγω
444 617 514 671 δὲ
558 621 793 687 Ἰησοῦν
827 627 1091 693 Χριστὸν
1134 628 1420 686 διάκονον
1460 636 1825 705 γεγενῆσθαι

237 712 574 780 περιτομῆς
593 714 746 783 ὑπὲρ
775 718 1061 786 ἀληθείας
1087 723 1258 789 Θεοῦ,
1280 727 1364 790 είς
1399 725 1466 779 τὸ
1493 728 1826 791 βεϐαιῶσαι

240 800 358 866 τὰς
377 803 742 874 ἐπαγγελίας
767 808 887 863 τῶν
914 812 1188 881 πατέρων
1209 830 1222 843 ο
1273 815 1343 867 τὰ
1380 815 1448 868 δὲ
1488 817 1631 886 ἔθνη
1673 819 1827 889 ὑπὲρ

237 891 464 959 ἐλέους
486 896 742 960 δοξάσαι
777 900 881 954 τὸν
914 903 1077 969 Θεὸν,
1110 906 1307 972 καθὼς
1344 907 1669 978 γέγραπται
1689 931 1702 944 ·
1725 915 1829 970 Διὰ

237 985 430 1073 τοῦτο
456 988 985 1063 ἐξομολογήσομαί
1005 1012 1105 1050 σοι
1128 998 1199 1052 ἐν
1225 999 1449 1065 ἔθνεσι,
1486 1005 1684 1073 Κύριε,
1725 1008 1826 1062 καὶ

238 1072 328 1140 τῷ
347 1076 599 1145 ὀνόματί
626 1095 743 1134 σου
767 1083 963 1149 ψαλῶ.
991 1088 1099 1139 Καὶ
1133 1088 1294 1142 πάλιν
1325 1090 1474 1160 λέγει
1503 1113 1515 1125 ·
1547 1096 1826 1164 Εὐφράν-

239 1168 412 1233 θητε,
439 1168 608 1237 ἔθνη,
629 1173 779 1241 μετὰ
800 1175 902 1229 τοῦ
917 1178 1071 1232 λαοῦ
1086 1182 1293 1236 αὐτοῦ.
1324 1185 1620 1240 Καὶςπάλιν
1639 1189 1786 1256 λέγει
1810 1208 1823 1222 ο

238 1259 481 1313 Αἰνεῖτε
511 1260 620 1313 τὸν
645 1265 885 1332 Κύριον,
916 1268 1116 1323 πάντα
1136 1272 1207 1325 τὰ
1250 1273 1396 1343 ἔθνη
1422 1294 1436 1308 ·
1465 1277 1829 1336 ἐπαινέσατε

240 1350 463 1416 αὐτὸν,
486 1351 714 1420 πάντες
737 1359 792 1408 οἱ
808 1360 963 1411 λαοί.
998 1362 1109 1414 Καὶ
1128 1363 1289 1418 πάλιν
1305 1366 1531 1432 Ἡσαΐας
1560 1386 1574 1401 ⁶
1616 1371 1830 1426 Ἔσται

240 1438 285 1504 ἠ
307 1438 449 1506 ῥίζα
488 1441 595 1495 τοῦ
638 1445 885 1506 Ἰεσσαί,
947 1450 1044 1503 καὶ
1090 1454 1122 1504 ό
1154 1453 1557 1524 ἀνιστάμενος
1618 1458 1829 1528 ἄρχειν

237 1534 462 1600 ἐθνῶν,
485 1537 577 1590 ἐπ’
603 1539 764 1606 αὐτῷ
796 1541 940 1611 ἔθνη
964 1544 1269 1603 ἐλπιοῦσι.
1302 1551 1639 1620 Προσεκτέον
1664 1554 1721 1608 δὲ
1769 1556 1828 1609 ἐν

234 1627 482 1690 τούτοις,
515 1629 599 1682 ὅτι
625 1631 684 1682 οὐ
730 1633 890 1701 μόνον
921 1636 1047 1704 περὶ
1076 1638 1183 1690 τῶν
1205 1640 1407 1707 αὐτῶν,
1438 1642 1574 1696 ἀλλὰ
1608 1646 1701 1697 καὶ
1760 1644 1828 1699 τὰ

237 1719 391 1773 αὐτὰ
441 1721 737 1790 φθέγγεται
780 1724 871 1795 Χτῷ
902 1729 1153 1801 προφήτῃ
1186 1731 1215 1783 ό
1258 1731 1400 1801 ἱερὸς
1461 1733 1781 1798 Ἀπόστολος
1810 1751 1824 1765 ·

239 1812 345 1864 καὶ
382 1812 516 1881 πρὸς
542 1814 716 1867 ταῦτα
746 1814 830 1878 τίς
858 1818 1076 1888 ἀντερεῖ
1105 1820 1302 1889 λόγος;
1345 1823 1395 1875 οἱ
1451 1824 1560 1896 γὰρ
1589 1826 1831 1897 ἡλεημὲ-
1860 1808 1903 1864 Β

239 1918 329 1955 νοι
359 1902 568 1974 δωρεὰν
598 1907 752 1978 παρὰ
776 1907 936 1973 Θεοῦ,
973 1911 1038 1962 ὲκ
1071 1912 1171 1981 τῆς
1197 1913 1391 1977 ἀθεῖας
1427 1915 1522 1968 ἐπὶ
1549 1917 1647 1986 τὴν
1675 1916 1829 1986 φιλο-

242 1993 408 2048 θεϊαν
441 1998 929 2068 μεταταττόμενοι,
961 2001 1168 2071 ἑδραῖοι
1206 2005 1274 2075 τῇ
1328 2005 1511 2059 πίστει
1533 2006 1832 2078 ἑστηκότες

241 2083 598 2154 δοξολογοῦσι
637 2089 732 2143 τὸν
762 2090 917 2157 Θεὸν,
962 2093 1062 2146 οὐκ
1092 2094 1563 2168 εἰδωλολατροῢσι,
1601 2099 1706 2153 κᾶν
1756 2099 1831 2170 μὴ

246 2174 383 2251 δοκῇ
418 2183 532 2244 τοῖς
585 2181 903 2254 ὲξεστηκόσι
957 2204 1018 2240 τε
1052 2188 1146 2241 καὶ
1206 2187 1470 2258 μεθύουσι
1497 2207 1514 2224 ο
1567 2190 1686 2255 πῶς
1722 2192 1832 2264 γὰρ

252 2272 442 2335 αὐτοῖς
478 2274 848 2344 μεταμελήσει
896 2278 1006 2331 τῶν
1069 2279 1155 2348 ἐφ’
1191 2274 1272 2342 οἷς
1307 2280 1535 2352 αὑχοῦσι
1599 2282 1834 2352 μάλιστα

241 2362 711 2434 ἡλίκωνλάγαθῶν
757 2368 1120 2441 δωρημάτων,
1168 2374 1294 2425 ἐπεὶ
1323 2373 1495 2427 τέκνα
1537 2373 1676 2427 Θεοῦ
1738 2375 1833 2429 καὶ

247 2452 588 2525 κληρονόμοι
626 2456 714 2509 διὰ
751 2457 991 2522 πίστεως
1039 2460 1293 2528 γενέσθαι
1335 2461 1622 2532 ἠξίωνται,
1676 2462 1837 2534 σῶμά

246 2561 313 2597 τε
352 2545 594 2613 Χριστοῦ
623 2549 718 2602 κα)⁸
755 2551 891 2622 μέλη
922 2553 1377 2623 χρηματίζοντες,
1408 2551 1498 2609 οἷα
1528 2556 1686 2628 δόξης
1732 2557 1836 2628 τῆς

250 2634 435 2688 ὰῖδίου
466 2637 878 2708 ὲπορεγόμενοι,
910 2641 1052 2696 ὥστε
1085 2644 1293 2700 τούτων
1325 2647 1688 2712 ἀπολιπόντας
1735 2652 1836 2720 τὴν

252 2729 423 2798 χάριν
454 2729 549 2782 καὶ
574 2730 671 2801 τὴν
703 2733 1085 2806 λαμπρότητα,
1124 2736 1202 2807 τῷ
1231 2740 1406 2811 σκότῳ
1433 2740 1526 2795 καὶ
1560 2743 1627 2810 τῇ
1658 2740 1834 2813 πλάνῃ

256 2820 628 2891 προσθέσθαι;
666 2824 727 2877 Εἰ
753 2825 798 2878 δ’
827 2822 921 2881 οὖν
953 2828 1047 2882 καὶ
1083 2829 1260 2883 ταῦτα
1291 2833 1407 2894 τοῖς
1462 2831 1701 2896 ἀνοσίοις
1734 2834 1855 2906 ἄρα,

252 2912 357 2983 δην
383 2914 717 2985 ἀπήρνηται,
749 2916 867 2972 ἀλλ’
901 2921 1032 2990 ἡμῖν
1053 2937 1118 2990 γε
1172 2922 1555 2987 πεπίστευται,
1603 2922 1699 2979 καὶ
1742 2939 1842 2977 το-

258 3004 453 3058 σοῦτον
480 3007 603 3059 ὅσον
628 3009 723 3062 καὶ
749 3011 1141 3083 ὑπεράγασθαι.
1155 3015 1256 3086 τῆς
1282 3015 1437 3079 θείας
1455 3014 1550 3069 τοῦ
1581 3015 1839 3086 Σωτῆρος

257 3095 700 3167 φιλανθρωπίας,
735 3102 1017 3172 ὁμολογεῖν
1047 3122 1107 3158 τε
1133 3106 1320 3175 σαφῶς
1352 3107 1435 3160 ὅτι
1474 3124 1538 3177 γε
1561 3107 1835 3180 ὑπερϐολῇ

258 3188 632 3270 χρηστότητος
657 3192 800 3245 κατά
823 3192 883 3246 τὸ
913 3194 1103 3265 περιὸν
1124 3195 1225 3265 τῆς
1245 3188 1550 3266 δυνάμεως,
1600 3199 1661 3251 οὐ
1709 3198 1839 3261 τοὺς

258 3275 412 3330 κατά
439 3279 530 3329 τὸν
554 3280 678 3349 τῇδε
701 3280 816 3350 βίον
843 3280 1147 3346 διαζῶντας
1177 3283 1336 3354 μόνον
1355 3284 1456 3354 τῆς
1477 3284 1569 3353 τοῦ
1592 3286 1840 3357 Πονηροῦ

256 3372 577 3440 τυραννίδος
601 3376 951 3444 συγκαταϐὰς
977 3375 1177 3443 ἐξεῖλεν
1208 3396 1222 3410 ·
1248 3379 1348 3451 ἢδη
1382 3379 1439 3434 δὲ
1493 3381 1586 3434 καὶ¹
1617 3384 1731 3444 τοῖς
1782 3381 1843 3434 ἐν

258 3460 395 3532 ᾅδου
421 3465 674 3536 κατόχοις
708 3470 1093 3541 προγεγονόσι,
1121 3470 1216 3524 καὶ
1237 3471 1369 3543 πρὶν
1392 3471 1534 3525 κατά
1565 3473 1692 3535 τοὺς
1724 3488 1843 3525 και-

262 3555 396 3625 ροὺς
429 3556 528 3627 τῆς
554 3558 776 3626 ἀγνοίας
809 3559 968 3633 ἀθεῒᾳ
1002 3560 1095 3615 καὶ
1125 3561 1352 3630 ἀσεϐείᾳ
1373 3560 1660 3632 συζήσασι,
1690 3562 1839 3635 ζόφῳ

260 3662 326 3700 τε
360 3648 453 3700 καὶ
475 3649 745 3720 ἀφεγγέσι
765 3652 985 3722 χωρίοις
1008 3656 1218 3725 σειραῖς
1247 3655 1684 3725 ἀναποδράστοις
1708 3672 1840 3710 κατ·-

257 3737 637 3809 ειλημμένοις,
696 3743 984 3812 ἐπιφανεὶς
1006 3745 1036 3797 ὁ
1061 3745 1252 3816 Σωτὴρ
1281 3745 1379 3816 τὴν
1407 3745 1726 3816 ἐλευθερίαν
1741 3764 1841 3818 κηο

262 3826 433 3898 ρύξας
458 3830 773 3899 ἐχαρίσατο,
803 3833 1019 3904 καὶτῆς
1045 3834 1141 3887 τοῦ
1162 3834 1578 3897 δυναστεύοντος
1611 3835 1839 3907 Ἐχθροῦ

261 3919 387 3989 βίας
428 3922 726 3992 ἀφήρπασε
758 3937 772 3952 ⁸
836 3926 931 3980 καὶ
973 3925 1147 3981 ταῦτα
1193 3927 1282 3981 διὰ
1335 3928 1435 3998 μὲν
1488 3928 1842 4000 προφητικῆς

258 4011 515 4084 γλώσσης
542 4016 749 4070 ἀνωθεν
788 4020 1377 4092 προκεχρησμῲδηται,
1427 4022 1592 4094 ἡνίκα
1646 4022 1710 4075 τὸ
1740 4021 1843 4075 τοῦ

258 4104 500 4176 Χριστοῦ
553 4109 849 4178 πρόσωπον
901 4111 1150 4165 ἐντεῦθεν
1206 4113 1486 4184 εἰσάγεται
1548 4115 1842 4185 λέγοντος

259 4196 385 4263 τοῖς
400 4197 470 4251 ἐν
486 4197 757 4267 δεσμοῖςο
778 4200 1084 4266 Ἐξέλθετε
1105 4220 1119 4233 ·
1143 4203 1380 4271 καὶτοῖς
1406 4206 1477 4259 ἐν
1497 4202 1575 4270 τῷ
1595 4208 1804 4260 σκότει
1822 4224 1836 4237 ·

257 4288 773 4360 Ἀνακαλύφθητε.
810 4294 1135 4366 Πεπρᾶχθαι
1180 4295 1238 4349 δὲ
1290 4297 1366 4361 ὡς
1418 4297 1636 4369 ἀληθῶς
1697 4297 1843 4353 κατά

1928 549 2176 608 Laudato.
2205 553 2507 618 Dominum,
2535 570 2710 606 omnes
2771 562 2945 622 gentes
2967 592 2981 616 ,
3032 551 3327 605 collaudata
3357 569 3499 616 eum,

1929 659 2106 696 omnes
2136 643 2352 712 populi,
2372 643 2435 696 Et
2467 643 2700 712 denique
2739 642 2906 698 Isaias
2932 659 2945 695 :
2980 640 3098 696 Erit
3128 642 3289 695 radix
3309 641 3500 708 Jessa',

1928 743 1979 788 et
2009 736 2099 802 qui
2137 745 2378 805 exsurget
2423 752 2596 805 regere
2625 746 2827 806 gentes,
2868 736 2924 789 in
2974 736 3088 804 ipso
3113 745 3287 805 gentes
3323 751 3503 802 spera-

1930 827 2053 880 bunt
2082 828 2148 879 ⁸⁸.
2189 826 2245 881 In
2289 828 2374 881 his
2423 842 2588 897 porro
2636 826 3037 881 observandmn
3077 836 3180 891 est,
3209 826 3351 895 quod
3394 840 3498 879 non

1930 920 2089 972 modo
2120 920 2186 974 de
2234 919 2425 973 iisdem
2456 920 2639 983 rebus,
2674 920 2769 973 sed
2814 928 2868 973 et
2911 919 3100 973 eadem
3149 916 3336 982 verba,
3385 931 3505 987 qua:

1929 1010 2213 1080 propheta,
2265 1025 2420 1064 sacer
2466 1010 2601 1063 dicit
2673 1008 2990 1079 Apostolus.
3053 1006 3149 1062 His
3203 1022 3334 1063 vero
3385 1022 3505 1076 qua!

1929 1101 2265 1163 contradicet
2293 1100 2508 1155 oratio?
2541 1115 2664 1154 nam
2719 1100 2810 1168 qui
2867 1098 3038 1169 gratis
3072 1097 3349 1153 consecuti
3375 1109 3503 1151 sunt

1931 1187 2361 1242 misericordiam
2387 1203 2416 1242 a
2452 1188 2703 1254 Domino,
2738 1202 2803 1243 ex
2829 1189 3100 1243 atheismo
3127 1187 3192 1241 ad
3226 1186 3319 1239 Dci
3351 1202 3505 1241 amo-

1932 1294 2044 1334 rem
2078 1280 2353 1343 translati,
2383 1279 2523 1333 tirmi
2551 1279 2602 1332 in
2625 1280 2729 1333 title
2751 1287 2957 1333 stantes
2979 1278 3286 1346 gloriﬁcatu
3309 1276 3502 1339 Deum,

1931 1386 2037 1426 non
2072 1380 2251 1425 autem
2284 1370 2579 1425 idololatra:
2603 1380 2754 1436 sunt,
2786 1370 3051 1441 quidquid
3072 1370 3281 1425 insanis
3306 1369 3504 1424 ebriis-

1931 1478 2036 1533 que
2085 1463 2354 1517 videatur.
2410 1461 2544 1517 Nam
2598 1463 2873 1532 quomodo
2944 1460 3041 1516 hos
3102 1459 3385 1530 pmnitebit
3427 1468 3508 1514 tot

1933 1559 2318 1621 tantorumque
2352 1552 2886 1621 quibus-gloriantur
2925 1550 3233 1605 donorum?
3260 1549 3508 1619 quando-

1929 1643 2145 1712 quidem
2184 1644 2329 1712 digni
2373 1644 2541 1698 habiti
2578 1643 2730 1699 fuere
2755 1644 2843 1713 qui
2885 1643 2979 1697 tilii
3019 1643 3372 1712 haeredesque
3406 1640 3499 1695 Dei

1931 1749 2027 1803 per
2077 1733 2234 1789 ﬁdem
2290 1734 2504 1801 ﬁerent,
2538 1744 2594 1789 et
2641 1749 2843 1803 corpus
2891 1748 2964 1787 ac
3014 1735 3261 1789 membra
3304 1731 3508 1789 Christi

1934 1834 2078 1886 sunt,
2099 1833 2153 1878 et
2173 1832 2393 1878 aeterna:
2422 1822 2610 1893 gloria:
2632 1824 3050 1889 studiosissimi;
3075 1824 3345 1893 quomodo
3370 1825 3510 1879 hanc

1933 1914 2252 1970 omittentes
2283 1914 2511 1984 gratiam
2547 1925 2711 1984 atque
2740 1914 3106 1983 splendorem,
3154 1916 3220 1969 ad
3254 1915 3509 1970 tenebras

1934 2021 2291 2075 erroremque
2321 2006 2719 2060 revolventur?
2748 2004 2904 2073 Quod
2932 2004 2977 2061 si
3000 2005 3114 2061 haec
3151 2006 3218 2061 ab
3248 2004 3333 2061 his
3369 2020 3509 2074 pro-

1938 2098 2076 2153 l’anis
2108 2098 2649 2168 omnino'negantur,
2683 2113 2714 2152 a
2757 2097 2915 2152 nobis
2966 2107 3145 2151 tamen
3186 2097 3506 2159 creduntur,

1937 2190 1990 2243 in
2052 2197 2255 2242 tantum
2306 2197 2366 2242 ut
2426 2189 2663 2243 divinam
2736 2188 3043 2245 Servatoris
3116 2187 3508 2260 benignitatem

1936 2280 2293 2350 admiremur,
2319 2292 2617 2353 aperteque
2645 2281 3026 2346 conﬁteamur,
3050 2280 3225 2351 ipsum
3254 2279 3512 2333 bonitatis

1935 2389 2164 2430 excessu
2195 2390 2293 2444 pro
2334 2389 2447 2429 suae
2485 2374 2742 2446 potentiae
2778 2374 2954 2443 COpia,
2984 2388 3089 2427 non
3146 2386 3241 2427 eos
3271 2380 3509 2425 tanton:-

1937 2467 2099 2522 modo
2138 2468 2228 2537 qui
2272 2476 2540 2536 prazsente
2589 2466 2768 2521 adhuc
2798 2466 2908 2520 vita
2940 2446 3262 2530 utebantur,
3304 2463 3501 2519 diaboli

1940 2558 2224 2629 tyrannide
2260 2571 2356 2627 per
2404 2555 2919 2612 condescensionem
2971 2554 3271 2621 liberasse;
3323 2566 3510 2607 verum

1936 2648 2102 2703 etiam
2137 2647 2345 2719 jamdiu
2371 2648 2426 2701 in
2457 2646 2673 2702 inferno
2701 2646 2956 2708 detentis.
2979 2645 3072 2715 qui
3099 2643 3227 2699 olim
3256 2641 3514 2711 tempori-

1939 2736 2039 2793 bus
2069 2737 2321 2791 atheismi
2370 2737 2772 2806 impietatisque
2810 2736 3078 2800 vixerant,
3109 2742 3161 2788 et
3198 2746 3341 2787 nunc
3364 2739 3515 2785 tene-

1939 2828 2054 2884 bris
2103 2828 2372 2897 caecisque
2436 2827 2611 2894 locis,
2660 2821 3515 2883 et,catenisAinextricabilibus

1942 2921 2283 2988 tenebantur,
2303 2935 2571 2988 apparens
2593 2919 2858 2975 Servatur
2879 2919 3184 2973 libertatem
3204 2915 3509 2986 praedicans

1940 3009 2172 3082 largitus
2188 3022 2293 3078 est,
2319 3019 2372 3065 et
2392 3010 2730 3066 dominantis
2752 3010 2926 3066 hostis
2947 3008 3214 3063 violentiae
3230 3007 3507 3061 subduxit.

1942 3102 2119 3168 Atque
2174 3100 2288 3155 haec
2333 3114 2364 3154 a
2410 3101 2727 3170 prophetica
2783 3100 2992 3171 jamdiu
3028 3098 3209 3171 lingua
3255 3097 3513 3168 praedicta

1941 3192 2177 3260 fuerant,
2213 3208 2333 3248 cum
2377 3207 2613 3263 persona
2662 3193 2867 3249 Christi
2934 3193 3284 3248 induceretur
3328 3191 3515 3246 vinctis

1942 3284 2164 3338 dicentis
2192 3301 2212 3340 .°
2256 3282 2448 3351 Exite;
2496 3295 2546 3340 et
2602 3286 2841 3340 tenebras
2896 3286 3062 3356 210
3116 3283 3465 3340 incolentibus
3497 3299 3516 3336 :

1940 3373 2267 3439 Reuelamini
2287 3377 2353 3431 ⁸⁷.
2388 3375 2442 3431 Id
2481 3386 2660 3432 autem
2697 3393 2798 3432 suo
2829 3387 3070 3448 tempore
3107 3375 3328 3431 demum
3374 3373 3519 3430 acci-

1942 3466 2113 3531 disse,
2168 3466 2214 3521 is
2259 3468 2350 3538 qui
2394 3468 2603 3538 apicem
2645 3469 2700 3523 in
2752 3469 2956 3525 Christi
3008 3467 3287 3539 discipulis
3342 3475 3511 3526 tenet.

1943 3558 2190 3613 narrabit
2220 3559 2409 3613 dicens
2444 3575 2458 3612 :
2491 3559 2627 3625 Quin
2658 3559 2903 3614 Christus
2947 3560 3110 3614 semel
3155 3572 3252 3630 pro
3283 3556 3516 3630 peccatis

1942 3650 2537 3714 nostris~mortuus~est,
2555 3653 2734 3719 justus
2782 3667 2879 3721 pro
2918 3652 3165 3721 injustis;
3216 3661 3272 3705 ut
3324 3667 3415 3704 nos
3447 3655 3515 3703 ad

1946 3738 2109 3793 Deum
2145 3740 2466 3804 adduceret;
2496 3757 2655 3794 came
2694 3742 2906 3811 quidem
2935 3743 3246 3807 exstinctus,
3278 3740 3515 3808 viui/ica.

1945 3839 2029 3885 tus
2065 3841 2237 3884 autem
2272 3832 2461 3899 spiritu
2502 3848 2520 3886 :
2570 3832 2627 3885 iu
2657 3848 2757 3901 quo
2805 3843 2855 3886 et
2895 3834 3009 3900 Itis,
3037 3834 3131 3902 qui
3190 3835 3245 3887 in
3303 3846 3516 3886 carcere

1942 3933 2111 3987 erant,
2156 3922 2431 4003 spiritibus
2475 3923 2682 3977 veniens
2729 3923 3059 3992 praedicavit,
3110 3927 3201 3995 qui
3252 3920 3516 3977 increduli

1943 4014 2153 4083 fuerant
2182 4014 2470 4085 aliquando
2504 4014 2571 4068 ⁸⁸.
2609 4013 2755 4081 Quos
2786 4030 2888 4085 ego
2931 4014 3189 4070 existimo
3224 4013 3291 4068 de
3319 4012 3511 4067 salutis

1943 4107 2204 4179 mySterio
2232 4110 2475 4174 edoctus,
2511 4118 2872 4179 susceptaque
2897 4106 3286 4177 Redemptoris
3311 4104 3507 4175 praedi-

1942 4200 2181 4267 catione,
2231 4215 2542 4270 quanquam
2591 4200 2740 4255 omni
2790 4208 2938 4255 motu
2987 4207 3151 4270 atque
3195 4198 3512 4266 Operatione

1943 4304 2217 4358 carentes,
2252 4303 2307 4348 et
2334 4294 2482 4349 omni
2530 4297 2863 4363 agendarum
2898 4308 3081 4349 rerum
3113 4310 3207 4364 spe
3239 4293 3507 4361 deposita,

215 4370 231 4385 ⁸
259 4385 509 4453 καιροὺς,
540 4386 568 4438 ὁ
604 4384 665 4437 τὸ
690 4381 927 4456 προῦχον
977 4390 1034 4441 ὲν
1081 4390 1195 4452 τοῖς
1242 4388 1408 4459 ἱεροῖς
1465 4388 1559 4442 τοῦ
1592 4389 1834 4460 Χριστοῦ

1943 4392 2182 4436 attamen
2208 4390 2394 4452 gratos
2427 4381 2555 4436 huic
2596 4391 2706 4436 tam
2738 4379 3019 4452 splendido
3053 4380 3364 4448 eximioque
3413 4378 3509 4431 he-

262 4474 533 4544 μιθηταῖς
572 4476 753 4547 λαχὼν
787 4479 1163 4549 είσηγήσεται,
1223 4481 1451 4551 φάσκων
1488 4499 1501 4513 ·
1533 4481 1663 4534 Ὀτι
1696 4485 1835 4551 Χρι-

257 4564 407 4631 στὸς
426 4563 592 4630 ἅπαξ
609 4567 741 4635 περὶ
768 4566 886 4621 τῶν
908 4567 1208 4638 ἁμαρτιῶν
1234 4569 1402 4639 ἡμῶν
1424 4569 1710 4637 ἀπέθανε,
1743 4572 1834 4625 δί-

259 4670 431 4722 καιος
453 4656 611 4724 ὑπὲρ
653 4657 879 4712 ἀδίκων
910 4676 926 4691 ·
980 4660 1290 4729 ἵνα-ήμᾶς
1338 4661 1698 4734 προσαγάγῃ
1757 4663 1837 4729 τῷ

258 4738 402 4806 Θεῷ,
447 4744 809 4811 θανατωθεὶς
840 4745 959 4814 μὲν
996 4748 1071 4817 τῇ
1100 4748 1301 4817 σαρκί,
1346 4748 1724 4820 ζωοποιηθεὶς
1768 4751 1840 4806 δὲ

254 4831 555 4899 πνεύματι
577 4845 592 4860 ·
635 4832 706 4886 ἐν
751 4828 800 4902 ᾧ
835 4835 938 4889 καί
987 4837 1114 4904 τοῖς
1150 4839 1220 4892 ἐν
1250 4840 1499 4909 φυλακῇ
1529 4843 1838 4910 πνεύμασι

252 4924 576 4991 πορευθεὶς
592 4926 926 4995 ἐκήρυξεν,
964 4929 1337 4999 ἀπειθήσασί
1359 4947 1523 4986 ποτε.
1548 4932 1658 4999 Οὓς
1683 4931 1839 5006 οἶμαι

250 5014 437 5084 ἔγωγε
462 5015 526 5069 τὸ
559 5017 658 5088 τῆς
692 5010 967 5090 σωτηρίᾶς
995 5022 1484 5091 εὐαγγελισθέντας
1519 5027 1836 5097 μυστήριον,

249 5106 587 5176 δεξαμένους
606 5124 667 5161 τε
695 5108 790 5162 τοῦ
810 5111 1113 5181 ,Λυτρωτοῦ
1140 5112 1201 5166 τὸ
1225 5115 1519 5186 κήρυγμα,
1547 5117 1640 5169 καὶ
1665 5116 1859 5172 ταῦτα.

249 5198 647 5268 πεπαυμένους
706 5201 1091 5274 κινήσεώςτε
1126 5205 1308 5276 πάσης
1378 5208 1474 5260 καὶ
1527 5207 1831 5276 ἐνεργείας,

254 5290 444 5360 πάσης
471 5307 531 5343 τε
562 5290 674 5345 τῶν
694 5292 986 5363 πρακτέων
1016 5296 1384 5367 ἀποιχομένης
1451 5296 1687 5362 ἐλπίδος,
1731 5299 1830 5351 εὐ-

248 5381 677 5452 γνωμονοῦντας
694 5383 773 5443 ,δὲ
797 5385 928 5455 περὶ
958 5385 1057 5449 τὰς
1082 5385 1226 5440 οὕτω
1250 5387 1515 5460 λαμπρὰς
1548 5389 1644 5443 καὶ
1672 5389 1835 5461 μεγί-

1939 4473 2155 4538 neiicio,
2212 4487 2543 4541 magnopere
2598 4472 2795 4541 impios
2843 4471 3195 4542 obiurgasse;
3249 4482 3504 4538 tanquam

1936 4564 1985 4618 si
2014 4578 2120 4617 una
2160 4579 2280 4619 cum
2317 4562 2623 4617 viventibus
2649 4562 2845 4633 injuria
2877 4563 3254 4628 adicerentur;
3290 4562 3372 4616 vel
3399 4576 3500 4632 po-

1941 4659 2046 4713 tius
2075 4672 2263 4712 eorum
2302 4656 2483 4727 quiin
2526 4654 2948 4725 Redemptorem
2986 4656 3284 4726 blasphemi
3322 4664 3506 4717 erant,

1936 4749 2220 4804 audaciam
2251 4762 2358 4802 non
2385 4747 2645 4803 ferentes.
2680 4746 2911 4804 Prorsus
2943 4748 3090 4803 enim
3128 4749 3197 4803 ob
3239 4746 3501 4817 impieta-

1940 4840 2009 4895 tis
2031 4855 2142 4895 suae
2165 4839 2458 4900 cumulum,
2481 4855 2548 4895 ne
2571 4840 2782 4894 animas
2800 4841 3021 4911 quidem
3046 4851 3503 4912 praemortuorum

1938 4934 2006 4988 ab
2046 4932 2349 4988 idololatria
2386 4931 2722 4988 liberabuut.
2753 4933 3095 5004 Quapropter
3124 4933 3340 4986 videtur
3371 4928 3501 4983 mihi

1939 5032 1993 5076 et
2021 5022 2235 5076 illorum
2268 5031 2450 5077 reatus
2473 5023 2683 5092 augeri,
2709 5034 2764 5077 et
2792 5024 2982 5091 majori
3012 5033 3070 5077 ut
3094 5036 3193 5090 par
3219 5030 3303 5074 est
3331 5031 3507 5088 poenae

1938 5116 2206 5172 obnoxius
2239 5115 2376 5172 fieri.
2407 5116 2513 5172 Sed
2544 5118 2688 5170 enim
2713 5133 2813 5173 nos
2846 5119 2931 5172 his
2956 5115 3198 5180 omissis,
3228 5111 3320 5182 qui
3356 5112 3509 5165 vivo-

1941 5222 2060 5263 rum
2095 5223 2249 5278 :eque
2296 5224 2361 5263 ac
2391 5218 2727 5265 mortuorum
2777 5208 2981 5277 judicio
3037 5207 3388 5268 damnantur,
3440 5201 3507 5253 ad

1941 5308 2249 5369 susceptum
2283 5301 2619 5370 propositum
2664 5308 3024 5363 revertentes,
3080 5297 3285 5366 reliqua
3324 5308 3512 5365 perse-

1941 5406 2190 5461 quamur.

250 5493 387 5540 στας
426 5474 772 5545 εὐεργεσίας,
829 5476 972 5546 μέγα
1024 5478 1132 5531 τῶν
1171 5478 1386 5533 ἀσεϐῶν
1419 5481 1966 5553 κατακεκράξεσθαιο
2030 5478 2118 5537 οἷα
2142 5484 2207 5555 δὴ
2239 5486 2350 5549 τοῖς
2414 5486 2471 5538 ἐν
2527 5484 2693 5550 ζῶσιν
2746 5484 3138 5555 ἐξητασμένοις
3189 5479 3512 5550 συνεξυδρι·

251 5565 511 5633 σμένους,
545 5564 748 5634 μᾶλλον
797 5565 855 5619 δὲ
886 5566 994 5622 τῶν
1041 5570 1119 5633 είς
1162 5572 1256 5624 τὸν
1298 5570 1704 5645 Ἐλευθερωτὴν
1771 5573 2257 5645 βλασφημούντων,
2291 5578 2391 5647 τὴν
2451 5578 2654 5649 τόλμαν
2683 5577 2743 5630 οὐ
2795 5576 3097 5650 φέροντας·
3138 5572 3356 5638 πάντως
3404 5571 3514 5643 γὰρ

323 5745 370 5776 ⁸⁸
411 5745 571 5801 Ront.
616 5748 884 5811 ΠΛΟ-12.
964 5750 1003 5781 ⁶⁷
1047 5750 1149 5804 lsa.
1186 5752 1411 5819 xux,9.

1489 5754 1530 5784 ’⁵⁸
1574 5752 1588 5806 l
1629 5752 1777 5808 Petr.
1802 5767 1886 5821 ιιι,
1922 5754 2009 5819 18,
2046 5755 2132 5809 19.
