3918 6152
277 324 389 393 633
1120 318 1687 382 APOLOGETICUS
1724 317 1875 378 PRO
1914 318 2180 377 SACRIS
2220 316 2700 379 IMAGINIBUS.
3446 314 3552 380 694

274 453 398 493 σου
423 436 699 507 μόσχους
728 469 742 497 ,
781 429 923 486 οὐδὲ
948 429 1016 484 ἐκ
1044 429 1162 483 τῶν
1196 428 1490 498 ποιμνίων
1527 441 1645 482 σου
1693 444 1821 496 χιμι

2005 426 2202 480 mmola
2252 426 2360 481 Deo
2393 427 2717 497 sacriﬁcium
2757 427 2960 491 laudis,
3001 439 3049 482 et
3084 429 3242 484 redde
3274 429 3547 488 Altissimo

264 550 446 602 ρους.
472 527 582 581 Καί
607 545 621 558 ·
658 527 727 581 El
753 525 1086 595 ἠθέλησας.
1116 523 1340 577 θυσίαν
1368 520 1564 574 ἔδωκα
1597 519 1694 585 ἂν,
1731 520 1811 572 ἀι

2002 528 2086 571 οια
2120 529 2212 571 tua
2258 519 2325 572 ⁷⁸.
2381 518 2724 574 Manifestius
2758 533 2886 574 vero
2929 520 3032 575 hoc
3083 520 3299 576 sistitur
3347 521 3401 576 in
3448 536 3549 589 se—

274 620 640 692 καυτώματα
671 620 781 673 οὐκ
823 613 1203 680 εὐδοκήσεις.
1235 612 1348 676 Τὰς
1388 609 1771 681 πνευματικὰς
1805 609 1821 661 ἐ

2004 609 2277 665 utentibus.
2321 609 2458 664 Dum
2513 612 2658 666 enim
2711 612 2820 676 ait,
2853 613 3055 666 cunctis
3087 612 3330 683 gentibus
3353 652 3370 678 ,
3404 613 3549 668 haud

273 715 590 785 εἰσηγεῖται
624 708 817 773 θυσίας
847 751 862 775 ,
911 707 1114 762 Θῦσον
1164 704 1246 771 τῷ
1292 703 1414 771 Θεῷ
1446 703 1672 760 θυσίαν
1700 703 1820 754 αὶνέ

2004 704 2248 758 artialem
2274 703 2421 759 illam
2446 714 2501 760 et
2526 706 2747 772 regione
2773 708 3005 776 quadam
3032 706 3308 761 deﬁnitam
3333 705 3550 763 Israeli-

272 819 457 870 σεως,
490 799 851 874 παρεγγυῶν,
871 799 967 852 καὶ
992 796 1225 863 ἀπόδος
1241 796 1322 862 τῷ
1353 795 1615 864 ’Υψζστφ
1645 793 1751 859 τὰς
1771 794 1819 847 ei

2002 809 2143 848 trum
2188 809 2545 867 Synagogam,
2574 797 2669 852 sed
2706 797 3030 852 catholicam
3060 805 3114 851 et
3138 798 3287 853 omni
3320 812 3549 853 numero

275 898 395 969 κάς
426 912 563 951 σου.
609 892 1000 964 Ἐκδηλότερον
1030 889 1088 944 δὲ
1128 888 1291 942 τοῦτο
1319 889 1353 957 ἡ
1400 884 1672 955 ἐπαγωγὴ
1721 900 1822 953 παε

1721 900 1867 953 παρ·
1967 884 2229 955 majorem
2268 886 2352 941 his
2383 887 2565 942 verbis
2599 886 2855 955 designat
2891 887 3219 943 Ecclesium.

274 994 537 1065 ίστησιν’
598 989 773 1045 εἰπὼν
836 989 945 1057 γὰρ
986 982 1140 1041 πᾶσι
1180 982 1306 1051 τοῖς
1330 982 1615 1047 ἔθνεσιν,
1669 981 1731 1033 οὐ
1778 980 1877 1048 τὴν
1929 980 2164 1052 μερικὴν
2218 983 2315 1035 καὶ
2364 983 2423 1035 ὲν
2468 982 2632 1055 χώρῳ
2701 984 3127 1055 καθωρισμένην
3167 988 3277 1040 τινὶ
3330 984 3439 1039 τῶν
3492 984 3551 1048 ἐξ

283 1085 506 1157 Ἰσραὴλ
543 1078 1067 1152 συγκεκροτημένην
1110 1074 1458 1147 συναγωγὴν,
1498 1075 1599 1144 τὴν
1642 1070 1939 1140 καθολικὴν
1961 1070 2018 1124 δὲ
2052 1073 2145 1126 καὶ
2176 1073 2413 1145 ἀριθμοῦ
2450 1075 2781 1144 ὑπερέκεινα
2819 1075 2906 1130 διὰ
2931 1076 3139 1131 τούτων
3167 1079 3549 1150 κατεσήμηνεν

273 1176 634 1247 Ἐκκλησίαν.
2806 1192 2821 1201 '
3400 1215 3410 1223 .

350 1269 475 1321 Ὀτι
502 1265 563 1319 δὲ
586 1265 644 1318 αἱ
671 1263 802 1336 περὶ
829 1262 921 1316 τὸν
954 1258 1182 1331 βασιλέα
1213 1257 1322 1311 τῶν
1346 1255 1519 1310 ὲθνῶν
1546 1251 1863 1321 συναγωγαὶ

2035 1253 2188 1321 Quod
2223 1265 2400 1309 autem
2442 1254 2583 1324 regis
2629 1256 2867 1324 gentium
2935 1258 3384 1327 congregatioues
3413 1277 3547 1329 pure

270 1359 532 1431 καθαρῶς
556 1356 638 1427 τῷ
654 1353 882 1427 καθαρῷ
906 1346 1326 1424 προσομιλοῦσι,
1352 1347 1455 1401 καὶ
1478 1348 1511 1419 ἡ
1534 1346 1649 1409 ὁδὸς
1679 1344 1817 1398 αὑτᾶ

2001 1363 2097 1402 uro
2133 1349 2468 1416 adhaereant,
2507 1349 2703 1419 viaque
2752 1350 2966 1405 illarum
2994 1365 3130 1420 pura
3162 1353 3260 1417 sit,
3300 1356 3547 1423 quando-

270 1451 495 1522 καθαρὰ
541 1450 636 1517 (οὐ
682 1446 794 1518 γὰρ
838 1445 905 1517 δὴ
941 1445 1217 1516 μιάσμασι
1255 1441 1351 1495 καὶ
1387 1439 1698 1511 μολύσμασι
1753 1436 1817 1490 τιῖ

2001 1439 2179 1494 uidem
2228 1438 2373 1493 nulla
2411 1449 2564 1509 peste
2594 1449 2686 1494 aut
2724 1440 2933 1495 macula
2970 1441 3292 1498 idolicorum
3330 1445 3544 1499 sacriﬁ-

270 1542 574 1599 εἱδωλικῶν
622 1538 829 1593 θυσιῶν
878 1536 1404 1608 καταχραίνονται),
1454 1533 1747 1602 προσέχειν
1774 1530 1817 1583 δε

1995 1528 2169 1582 iorum
2221 1527 2518 1595 laedantur,
2555 1530 2991 1599 animadvertere
3023 1539 3240 1600 oportet
3269 1532 3395 1585 dum
3423 1533 3501 1587 ait
3529 1552 3542 1587 :

271 1639 304 1692 ὃ
341 1654 396 1689 τι
432 1636 529 1688 καὶ
577 1632 728 1700 λέγει
756 1644 770 1661 ⁸
803 1631 886 1684 οὐ
912 1628 1000 1698 μὴ
1031 1626 1304 1695 παρέλθῃ
1342 1622 1472 1678 ἐκεῖ
1497 1622 1818 1691 ἀκάθαρτος

1999 1619 2097 1675 ίοη
2125 1621 2375 1676 transibit
2408 1622 2535 1676 illuc
2566 1624 2828 1691 impurus,
2870 1640 3031 1693 neque
3066 1625 3168 1678 erit
3204 1625 3287 1678 ibi
3309 1625 3546 1694 impuro-

271 1727 419 1783 οὐδὲ
443 1727 616 1781 ἔσται
649 1722 779 1778 ἐκεῖ
806 1720 948 1787 ὁδὸς
968 1719 1319 1787 ἀκαθάρτων
1345 1734 1358 1747 ·
1390 1719 1444 1771 ol
1473 1715 1541 1769 δὲ
1575 1714 1818 1782 διεσπαι

1997 1731 2079 1769 um
2106 1714 2295 1769 semita
2315 1729 2335 1778 ;
2375 1713 2601 1784 dispersi
2628 1724 2802 1769 autem
2824 1715 2975 1769 ibunt
3000 1732 3094 1786 per
3118 1715 3268 1793 illam
3297 1717 3367 1771 ⁷³.
3400 1716 3544 1772 Tau-

264 1821 444 1889 μένοι
481 1816 887 1885 πορεύσονται
942 1811 1037 1865 ἐπ’
1092 1810 1304 1877 αὐτῆς.
1364 1806 1524 1861 Οὕτω
1569 1806 1627 1860 δὲ
1688 1805 1811 1860 αὐτὶ

1998 1821 2152 1875 opere
2181 1815 2358 1862 autem
2396 1807 2566 1876 ipsam
2605 1821 2727 1862 esse
2781 1808 3122 1876 puriﬁcatam
3155 1816 3212 1863 et
3238 1808 3545 1863 sanctiﬁca-

271 1907 616 1980 κεκαθάρθαι
655 1906 750 1959 καὶ
781 1903 1046 1975 ήγιάσθαι
1095 1903 1124 1955 ὁ
1159 1901 1269 1955 τῶν
1317 1898 1487 1954 ἐθνῶν
1540 1899 1717 1971 κήρυξ
1755 1899 1818 1952 dir

1991 1918 2073 1957 am
2111 1902 2354 1974 gentium
2386 1916 2564 1971 praeco
2587 1901 2844 1964 afﬁrmat,
2878 1911 2939 1954 ut
2974 1901 3147 1970 ipsam
3178 1910 3234 1956 et
3282 1902 3538 1972 templum

274 2000 641 2072 taxupiCe-cat.
668 1998 742 2061 ὡς
765 1998 862 2050 καὶ
880 1996 1008 2055 ναὸν
1030 1993 1168 2048 Θεοῦ
1196 1995 1291 2048 καὶ
1317 1988 1470 2047 οἷκον
1496 1991 1821 2064 χρηματίζει

1995 1995 2056 2049 Dei
2103 2007 2223 2050 esse
2251 2000 2308 2048 et
2352 1992 2569 2046 domum
2611 1992 2730 2057 Dei,
2778 1990 3043 2061 lmjusque
3096 1991 3356 2060 Spiritum
3391 1994 3447 2047 in
3479 2008 3542 2048 ea

268 2090 414 2145 Θεοῦ
439 2130 455 2156 ,
488 2091 583 2143 καὶ
608 2088 670 2141 τὸ
702 2086 929 2158 Πνεῦμα
963 2084 1130 2139 αὐτοῦ
1159 2085 1333 2138 οἰκεῖν
1378 2084 1435 2137 ὲν
1464 2083 1651 2146 αὐτοῖς
1677 2100 1691 2117 ο
1725 2099 1815 2153 φης

1999 2086 2208 2142 abitare
2232 2083 2399 2141 dicat.
2436 2083 2524 2138 Ita
2557 2082 2797 2139 Christus
2827 2084 3015 2147 dilexit
3046 2083 3364 2152 Ecclesium,
3392 2103 3545 2155 seque

269 2184 430 2255 γοῦν·
457 2183 655 2248 Οὕτως
678 2185 711 2235 ό
732 2179 990 2249 Χριστὸς
1012 2176 1297 2247 ἠγάπησε
1312 2176 1428 2245 τὴν
1462 2175 1816 2244 Ἐκκλησίαν

1998 2194 2055 2232 ro
2085 2177 2179 2231 illa
2223 2176 2467 2241 tradidit,
2500 2185 2557 2229 ut
2592 2192 2707 2230 eam
2746 2176 3130 2246 sanctiﬁsaret,
3167 2179 3434 2256 mundans
3462 2179 3543 2232 la-

268 2275 377 2331 καὶ
402 2274 620 2342 ἑαυτὸν
641 2272 866 2326 ἔδωκεν
885 2268 1037 2339 ὑπὲρ
1059 2268 1272 2337 αὐτῆς,
1297 2269 1400 2322 ἵνα
1416 2267 1615 2336 αὐτὴν
1634 2267 1815 2339 arida

2088 2289 2114 2327 ο
2142 2288 2294 2342 aqua:
2326 2272 2384 2325 in
2414 2272 2588 2337 verba,
2626 2281 2681 2325 ut
2704 2271 2971 2326 exhiberet
3002 2272 3167 2348 ipsum
3192 2272 3293 2326 sibi
3339 2272 3542 2343 glorio-
3618 2279 3635 2293 ‘

270 2366 606 2436 καθαρίσας
624 2365 704 2431 τῷ
730 2363 966 2432 λουτρῷ
992 2362 1101 2416 τοῦ
1124 2361 1357 2438 ὕδατος
1369 2361 1440 2414 ἐν
1461 2360 1682 2430 ῥήματι
1707 2402 1722 2427 ,
1757 2378 1817 2414 κε

1997 2382 2097 2431 am,
2141 2380 2245 2418 non
2291 2363 2564 2419 habentem
2616 2363 2885 2419 maculam
2934 2381 3100 2433 neque
3142 2381 3350 2435 rugam,
3383 2376 3544 2437 neque

268 2461 378 2514 ἵνα
405 2456 772 2528 παραστήσῃ
801 2455 998 2524 αὐτὴν
1034 2452 1228 2519 ἑαυτῷ
1266 2452 1543 2519 ἔνδοξον,
1565 2452 1651 2522 μὴ
1683 2453 1815 2522 ἔχοι

1997 2456 2164 2526 liquid
2188 2454 2510 2525 hujusmodi,
2533 2456 2625 2517 sed
2650 2466 2702 2509 ut
2731 2457 2803 2508 sit
2826 2467 3012 2511 sancta
3037 2470 3083 2511 et
3100 2458 3448 2512 immaculata
3473 2459 3540 2511 ω.

265 2563 399 2603 σαν
431 2546 680 2611 σπῖλον,
713 2545 754 2615 ἢ
778 2544 1018 2616 ῥυτίδα,
1063 2543 1103 2613 ἦ
1128 2561 1181 2596 τι
1204 2543 1323 2596 τῶν
1364 2545 1671 2608 τοιούτων,
1718 2544 1812 2598 ἀλ.

1995 2550 2031 2604 1t
2071 2549 2249 2617 alibi:
2298 2547 2370 2601 Et
2412 2549 2559 2609 dedit
2586 2551 2928 2619 semetipsum
2972 2565 3068 2618 pro
3119 2551 3293 2616 nobis,
3344 2562 3399 2605 ut
3451 2568 3542 2605 nos

266 2640 376 2693 Ira
400 2633 442 2710 ᾖ
465 2638 603 2708 ἁγία
626 2637 724 2691 καὶ
756 2636 1019 2706 ἄμωμος.
1051 2637 1163 2688 Καὶ
1198 2633 1431 2706 ἑτέρωθι
1450 2650 1464 2664 ο
1491 2635 1602 2689 Καὶ
1633 2634 1813 2691 ἔδωκε

1995 2641 2235 2696 adimeret
2272 2641 2337 2693 ab
2374 2641 2519 2695 omni
2563 2641 2869 2711 iniquitate,
2902 2650 2951 2696 et
2986 2647 3295 2697 emundaret
3329 2645 3429 2697 sibi
3450 2660 3542 2710 βο-

268 2730 497 2787 ἐαυτὸν
539 2730 692 2799 ὑπὲρ
739 2727 932 2799 ἡμῶν,
970 2729 1075 2782 ἵνα
1103 2727 1486 2797 λυτρώσηται
1530 2726 1689 2796 ἡμᾶς
1735 2729 1815 2782 ἀπ

1995 2732 2141 2787 ulum
2192 2731 2537 2801 peculiarem,
2577 2740 2893 2785 sectatorem
2939 2733 3191 2785 bonorum
3221 2749 3436 2802 operum
3469 2735 3537 2787 ⁸¹.

266 2822 480 2891 πάσης
505 2823 759 2891 ἀνομίας
782 2862 798 2887 ,
843 2821 942 2876 καὶ
976 2820 1275 2890 καθαρίσῃ
1324 2818 1517 2884 ἐαυτῷ
1557 2821 1713 2875 λαὸν
1753 2837 1813 2874 πε

1993 2824 2026 2880 ζι
2054 2843 2068 2879 :
2100 2824 2204 2889 Qui
2251 2824 2526 2878 suscitavit
2582 2821 2853 2877 Christum
2895 2840 2927 2876 a
2959 2826 3207 2888 mortuis,
3253 2824 3540 2893 viviﬁcabit

259 2913 545 2982 ριούσιον
576 2910 849 2979 ζηλωτὴν
874 2910 1082 2965 καλῶν
1113 2909 1323 2978 ἔργων.
1353 2910 1464 2963 Καί
1494 2926 1507 2940 ’
1529 2908 1593 2962 Ὀ
1619 2909 1806 2978 cretae

1992 2916 2119 2969 tiam
2158 2913 2405 2968 mortalia
2450 2929 2674 2981 corpora
2716 2922 2891 2968 vestra
2935 2931 3029 2984 per
3066 2908 3453 2970 inhabitantem
3486 2920 3539 2970 in

266 3005 382 3059 τὸν
415 3004 675 3073 Χριστὸν
694 3003 762 3057 ἐκ
777 3000 1029 3072 νεκρῶν,
1064 3000 1417 3069 ζωοποιήσει
1447 3002 1643 3056 καὶτὰ
1667 3006 1813 3070 tis-nt

1991 3007 2100 3061 abis
2136 3005 2398 3076 Spiritum
2433 3005 2500 3059 δ’.
2534 3004 2599 3059 Ει
2623 3023 2637 3059 :
2665 3004 2873 3074 Moyses
2896 3006 3115 3075 quidem
3141 3006 3312 3074 ﬁdelis
3349 3019 3461 3061 erat
3486 3009 3537 3059 in

264 3098 521 3166 σώματα
550 3096 736 3166 ὑμῶν,
761 3095 860 3149 διὰ
882 3094 986 3149 τοῦ
1004 3094 1390 3160 ἐνοικοῦντος
1413 3095 1485 3147 ἐν
1504 3094 1647 3164 ὑμῖν
1675 3099 1811 3149 [Iret

1989 3107 2069 3153 ala
2122 3096 2280 3152 domo
2329 3096 2445 3166 ejus
2495 3107 2746 3165 tanquam
2798 3096 3035 3165 famulus
3075 3098 3131 3150 in
3181 3098 3536 3152 testimonium

259 3205 476 3258 ματος.
518 3188 626 3241 Καί
651 3205 666 3220 ο
696 3186 923 3255 Μωσῆς
949 3187 1067 3256 μὲν
1095 3187 1312 3253 πιστὸς
1336 3188 1408 3241 ἐν
1427 3187 1548 3251 ὅλῳ
1578 3186 1660 3253 τῷ
1711 3187 1803 3241 oin

1991 3206 2139 3243 orum
2170 3204 2289 3259 qua:
2320 3187 2544 3242 dicenda
2595 3197 2747 3242 erant
2784 3203 2802 3241 :
2838 3187 3081 3243 Christus
3129 3205 3247 3243 vero
3288 3198 3538 3256 tanquam

264 3280 459 3336 αὐτοῦ
487 3282 568 3347 ὡς
596 3280 870 3348 θεράπων
890 3281 977 3345 εἰς
1000 3280 1332 3349 μαρτύριον
1355 3279 1474 3334 τῶν
1510 3283 1811 3349 λαληθησι

1994 3282 2097 3335 lius
2130 3281 2186 3334 in
2226 3278 2383 3334 domo
2427 3280 2577 3348 ejus,
2606 3295 2727 3350 qum
2774 3280 2963 3334 domus
3014 3296 3196 3335 sumus
3238 3297 3331 3335 nos
3361 3279 3429 3336 ⁸³.
3471 3282 3540 3335 Et

259 3369 472 3441 μένων
496 3388 511 3401 ο
534 3369 788 3439 Χριστὸς
813 3370 885 3423 δὲ
915 3370 997 3436 ὡς
1020 3368 1149 3435 υίὸς
1180 3370 1278 3423 ἐπὶ
1311 3368 1419 3422 τὸν
1448 3366 1619 3424 οἷκον
1643 3371 1806 3424 αὐτοὶ

1992 3373 2084 3429 libi
2118 3392 2133 3428 :
2168 3373 2401 3428 Nescitis
2436 3373 2576 3442 quod
2618 3372 2871 3440 templum
2909 3373 3009 3427 Dei
3047 3375 3199 3440 estis,
3233 3385 3283 3429 et
3309 3374 3539 3444 Spiritus

264 3456 347 3518 οὗ
381 3458 550 3528 οἶκός
577 3462 767 3531 ἐσμεν
799 3459 992 3531 ἡμεῖς.
1028 3461 1139 3514 Καὶ
1166 3460 1452 3530 ἀλλαχόθι·
1500 3465 1622 3515 Οὐκ
1651 3461 1811 3516 οἷδατ

1986 3469 2054 3523 )ei
2086 3469 2293 3522 habitat
2327 3468 2382 3521 in
2412 3468 2602 3521 vobis?
2626 3465 2684 3521 Si
2717 3467 2853 3538 quis
2880 3467 3133 3536 templum
3171 3465 3268 3520 Dei
3305 3466 3503 3520 violave
3522 3497 3533 3505 -

263 3552 365 3606 ὅτι
391 3553 531 3619 ναὸς
579 3552 728 3607 Θεοῦ
758 3553 918 3616 ἐστε,
957 3550 1148 3632 καὶτὸ
1176 3554 1418 3622 Πνεῦμα
1450 3554 1557 3608 τοῦ
1587 3554 1738 3608 Θεοῦ
1768 3559 1810 3609 oi

1990 3562 2050 3625 it,
2086 3559 2348 3628 disperdet
2400 3559 2554 3614 illum
2591 3560 2752 3614 Deus.
2786 3558 2927 3614 Nam
2965 3561 3065 3613 Dei
3098 3561 3353 3629 templum
3383 3576 3537 3614 sauc-

260 3643 375 3699 κεῐ
393 3645 465 3697 ὲν
498 3643 645 3713 ὑμῖν
664 3661 683 3710 ;
705 3644 779 3698 ΕΖ
804 3661 896 3709 τις
944 3643 1054 3699 τὸν
1083 3645 1237 3700 ναὸν
1269 3646 1376 3700 τοῦ
1414 3647 1562 3701 Θεοῦ
1593 3648 1807 3716 φθείρει

1988 3666 2065 3702 um
2111 3657 2225 3715 est,
2281 3650 2421 3720 quod
2474 3649 2599 3704 estis
2637 3665 2727 3703 vos
2770 3648 2838 3701 3‘.
2892 3648 2960 3703 Et
3015 3649 3211 3705 iterum
3249 3666 3263 3702 :
3301 3648 3535 3702 Nescitis

258 3739 483 3807 φθείρῃ
506 3737 723 3792 τοῦτον
743 3740 777 3791 ό
805 3737 950 3803 Θεός
971 3753 986 3768 ⁸
1010 3741 1044 3791 ὁ
1065 3739 1175 3807 γὰρ
1200 3738 1347 3804 ναὸς
1372 3739 1481 3793 τοῦ
1507 3740 1655 3793 Θεοῦ
1688 3740 1805 3808 ἅγιε

1988 3741 2203 3794 naniam
2246 3755 2468 3808 corpora
2506 3748 2680 3793 vestra
2712 3740 2973 3808 templum
2991 3748 3115 3794 sunt
3167 3739 3283 3808 ejus
3330 3740 3422 3809 qui
3479 3741 3535 3792 in

260 3831 467 3895 ἐστιν,
493 3830 716 3897 οἵτινές
740 3831 882 3885 ἐστε
929 3830 1123 3899 ὑμεῖς.
1149 3832 1261 3886 Καὶ
1294 3832 1484 3886 πάλιν
1523 3834 1600 3887 ’Ἡ
1625 3835 1737 3886 οὐκ
1765 3835 1807 3887 oi

1985 3831 2093 3885 abis
2116 3841 2194 3886 est
2226 3832 2401 3885 sancti
2423 3829 2683 3899 Spiritus,
2712 3832 2854 3900 quod
2881 3847 2914 3884 ιι
2946 3829 3055 3885 Deo
3083 3830 3310 3895 habetis,
3349 3840 3399 3883 et
3431 3847 3532 3884 non

258 3922 415 3975 ὃατε
443 3920 532 3975 ὅτι
563 3922 635 3977 τὰ
659 3921 905 3990 σώματα
928 3921 1098 3991 ὑμῶν
1115 3921 1264 3989 ναὸς
1290 3922 1395 3977 τοῦ
1415 3923 1485 3977 ἐν
1504 3922 1647 3992 ὑμῖν
1678 3924 1805 3995 ἁγία

1987 3924 2077 3978 stis
2105 3924 2281 3990 vestri,
2315 3923 2440 3993 quia
2466 3923 2635 3992 pretio
2663 3923 2960 3984 redempti?
3002 3921 3314 3990 Cloriﬁcate
3353 3923 3534 3989 utique

259 4014 624 4082 Πνεύματός
663 4015 877 4077 ἐστινς;
906 4010 983 4071 οὖν
1026 4014 1197 4083 ἔχετε
1241 4014 1360 4069 ἀπὸ
1393 4015 1573 4081 Θεοῦ,
1611 4016 1710 4071 καὶ
1739 4018 1806 4071 οὐ

1985 4011 2123 4067 leum
2149 4014 2206 4066 in
2231 4027 2448 4081 corpore
2485 4022 2657 4067 vestro
2680 4020 2731 4067 et
2753 4014 2807 4065 in
2839 4011 3027 4080 spiritu
3056 4021 3247 4076 vestro,
3272 4027 3390 4082 qua:
3410 4021 3532 4064 sunt

256 4102 413 4155 ἐστὲ
438 4102 671 4157 ἑαυτῶν
698 4120 712 4134 ·
748 4104 1126 4173 ἠγοράσθητε
1158 4104 1270 4173 γὰρ
1296 4102 1473 4174 τιμῆς
1494 4121 1509 4134 ·
1551 4103 1803 4170 δοξάσαι

1986 4104 2054 4160 ὶεὶ
2082 4104 2152 4158 ⁸⁸.
2186 4103 2544 4173 Exploratum
2587 4103 2777 4172 itaque
2802 4118 2872 4158 ex
2898 4103 2984 4157 his
3019 4103 3275 4158 omnibus
3302 4113 3409 4170 est,
3438 4119 3533 4158 eos

256 4192 349 4261 δὴ
378 4199 486 4247 τὸν
515 4194 664 4248 Θεὸν
692 4194 763 4248 ἐν
808 4193 888 4260 τῷ
917 4194 1147 4264 σώματι
1173 4195 1271 4249 καὶ
1313 4195 1383 4249 ἐν
1419 4195 1500 4261 τῷ
1556 4199 1803 4267 πνεύμα;

1984 4199 2045 4267 μή
2076 4197 2296 4254 Christo
2329 4197 2706 4263 crediderunt,
2758 4195 3132 4266 Spiritumquo
3158 4198 3346 4265 gratia:
3379 4213 3531 4252 rece-

258 4283 461 4355 ὺμῶν,
520 4285 699 4340 ἅτινά
772 4287 907 4341 ἐστι
976 4288 1082 4342 τοῦ
1132 4287 1302 4363 Θεοῦ.
1350 4289 1588 4358 Φανερὸν
1636 4288 1730 4345 οὖν
1783 4293 1805 4344 ἐ

1983 4297 2156 4345 lerunt
2181 4304 2276 4359 per
2306 4288 2471 4344 divini
2509 4287 2716 4343 lavacri
2749 4289 3242 4358 regenerationem,
3275 4288 3530 4357 templum

256 4374 479 4428 τούτων
509 4377 732 4446 πάντων
762 4378 844 4429 ὅτι
875 4378 927 4430 οἱ
974 4381 1055 4442 εἰς
1103 4379 1343 4449 Χριστὸν
1383 4382 1803 4445 πεπιστευκότες

1986 4381 2051 4436 lei
2085 4390 2141 4436 et
2172 4368 2312 4446 esse,
2344 4390 2400 4434 et
2428 4380 2503 4433 ita
2531 4377 2792 4448 appellari
2826 4377 3023 4447 dignos
3059 4395 3072 4432 :
3104 4385 3533 4447 consequenter-

258 4468 365 4522 καὶ
389 4466 451 4521 τὸ
479 4467 710 4539 Πνεῦμα
736 4468 1020 4542 δεξάμενοι
1044 4470 1107 4524 τὸ
1129 4472 1229 4540 τῆς
1256 4473 1482 4544 χάριτος
1507 4472 1597 4527 διὰ
1621 4474 1723 4544 τῆς
1751 4493 1805 4529 τι

1982 4488 2061 4543 [ne
2094 4472 2215 4527 illos
2262 4472 2355 4540 qui
2400 4471 2498 4525 hos
2537 4470 2859 4525 itlololatras
2907 4468 3529 4533 dicereiustituerunt,

258 4558 416 4613 θείου
451 4559 683 4631 λουτροῦ
717 4561 1063 4632 καθάρσεως,
1100 4562 1229 4627 ναὸς
1262 4560 1401 4617 Θεοῦ
1434 4564 1530 4617 καὶ
1558 4558 1702 4618 εἶναι
1736 4582 1805 4619 κα

1981 4566 2255 4620 lacmonum
2299 4579 2429 4619 "esse
2485 4564 2680 4631 templa
2732 4573 2976 4634 apparet.
3040 4561 3193 4639 Quod
3224 4563 3268 4617 si
3310 4578 3417 4616 non
3448 4573 3528 4616 est

256 4651 525 4718 λέγεσθαι
548 4651 839 4722 ⁴Ιγεξίωνται·
863 4653 1005 4708 ὥστε
1027 4657 1095 4708 ὲκ
1116 4652 1211 4707 τοῦ
1234 4654 1623 4721 ἁκολούθου,οἱ
1644 4656 1803 4728 κατάε

1984 4658 2262 4712 ommunio
2285 4655 2381 4712 Dei
2410 4672 2532 4711 cum
2562 4656 2744 4723 idolis,
2775 4665 2991 4715 constat
3020 4655 3317 4711 hodiernos
3345 4656 3531 4712 inobo-

259 4743 459 4808 ξαντες
494 4740 673 4813 λέγειν
697 4742 938 4810 εἰδώλοις
972 4744 1352 4817 προσκεῖσθαι,
1390 4745 1517 4823 ναὸς
1547 4746 1806 4817 δαιμονίω

1981 4751 2171 4805 lientiaa
2202 4749 2365 4815 ﬁlios,
2396 4750 2448 4803 in
2485 4752 2690 4819 quibus
2737 4751 3049 4806 contrarius
3082 4749 3310 4821 spiritus
3332 4764 3528 4818 opera-

258 4836 571 4906 πεφήνασιν
607 4850 623 4864 ⁸
654 4839 704 4890 εἰ
730 4836 789 4889 δὲ
812 4838 913 4891 οὐκ
956 4838 1074 4892 ἐστι
1109 4839 1366 4895 κοινωνία
1396 4838 1511 4911 ναῷ
1539 4839 1675 4895 Θεοῦ
1704 4859 1805 4912 μετ

2101 4841 2385 4896 veritatem
2412 4842 2671 4897 alla'trare
2705 4853 2901 4915 sancto
2930 4842 3250 4899 resistentes
3275 4840 3528 4910 Spiritui.
3607 4902 3614 4908 _

254 4923 524 4990 εἰδώλων,
554 4924 715 4996 δῆλον
745 4924 822 4990 ὡς
856 4926 903 4979 o!
934 4925 1029 4980 νῦν
1066 4927 1181 4997 τῆς⁷
1200 4926 1491 4990 ἀπειθείας
1517 4929 1648 5007 υἱοὶ,
1679 4930 1740 4983 ὲν
1764 4923 1801 4983 o'l

1991 4945 2078 4984 um
2137 4930 2290 4985 aiunt
2338 4931 2682 4989 Christianos
2731 4933 2874 4989 idola
2935 4935 3160 5003 colere,
3204 4934 3531 5002 eosdemque

253 5016 329 5069 τὸ
351 5016 573 5087 πνεῦμα
602 5017 665 5070 τὸ
695 5018 942 5073 ἐναντιον
972 5021 1208 5091 ἐνεργεῖ,
1261 5020 1362 5090 τῆς
1388 5019 1652 5085 ἀληθείας
1708 5023 1800 5077 καε

1976 5023 2130 5078 actos
2161 5036 2283 5078 esse
2314 5023 2623 5080 daemonum
2659 5027 2941 5097 templum,
2977 5027 3264 5083 criminari
3308 5026 3523 5080 audent.

255 5108 585 5176 υλακτοῦσι,
608 5110 688 5181 τῷ
713 5112 855 5183 ἁγίῳ
882 5111 1270 5183 ἁνθιστάμενοι
1312 5114 1615 5185 Πνεύματι,
1653 5115 1802 5170 εἴδωλ

1981 5113 2039 5169 ιιι
2086 5129 2322 5184 quorum
2372 5116 2751 5173 refutationem
2812 5120 2995 5174 divina
3035 5125 3254 5173 exstant
3284 5117 3528 5182 oracula,

253 5197 566 5269 φάσκοντες
596 5200 966 5271 Χριστιανοὺς
1019 5202 1354 5274 σεὸασθῆναι
1382 5246 1397 5271 ,
1448 5204 1665 5258 καὶτὸν
1716 5206 1800 5259 ναὶ

1981 5208 2250 5263 erribilem
2289 5209 2419 5280 ipsis
2448 5226 2478 5265 a
2505 5211 2616 5266 Deo
2661 5212 2954 5267 vindictam
3011 5209 3379 5266 decernentis.
3440 5207 3528 5263 Sic

250 5287 562 5361 δαιμονίων
595 5292 934 5362 γεγενῆσθαι
979 5281 1362 5364 τολμήσαντες
1401 5295 1797 5363 ἀποφαίνεσθαι

1987 5314 2081 5368 rgo
2112 5299 2368 5365 Ecclesiae
2402 5304 2827 5374 paranymphus,
2876 5304 3016 5357 hanc
3064 5300 3405 5371 coniungens
3438 5316 3530 5356 co-

252 5375 346 5444 οἷς
375 5384 457 5447 εις
485 5380 712 5453 ἔλεγχον
741 5382 811 5437 τὰ
855 5384 977 5454 ἱερὰ
1005 5384 1327 5455 πρόκεινται
1370 5386 1541 5454 Λὸγια
1559 5429 1574 5454 ,
1609 5386 1799 5456 φοϐερὲ

1979 5390 2251 5462 «lausque
2284 5392 2609 5453 mirabiliter
2638 5393 2858 5447 Christo
2886 5405 3107 5461 sponso,
3151 5391 3312 5461 idque
3340 5393 3526 5447 vincu-

252 5473 445 5528 αὐτῶν
485 5474 591 5546 τὴν
625 5474 784 5547 δίκην
841 5472 998 5550 παρὰ
1047 5475 1190 5530 Θεοῦ
1243 5475 1633 5547 καθορίζοντα·
1699 5478 1799 5533 οὔτι

1977 5499 2059 5535 unt
2089 5492 2144 5537 et
2175 5485 2424 5554 cOpulam
2474 5486 2806 5553 astringens,
2856 5500 3055 5558 corpus
3091 5499 3213 5541 esse
3242 5484 3446 5540 Christi
3475 5497 3524 5539 cl

334 5672 573 5753 πέτεαι.
610 5689 757 5753 suis,
790 5673 877 5728 M.
1039 5675 1150 5753 lsa_._
1192 5693 1355 5753 sxy.
1393 5678 1444 5730 8.
1516 5677 1570 5753 f°
1612 5679 1809 5753 Enhes.
1834 5696 1881 5750 ν,

1958 5682 1998 5746 5,
2030 5682 2120 5736 26.
2198 5684 2239 5715 ³³
2284 5683 2391 5739 Tit.
2426 5700 2485 5751 tt,
2518 5684 2600 5739 l4.
2679 5686 2723 5737 υ
2766 5686 2923 5741 Rom.
2961 5702 3078 5753 rm,
3112 5687 3196 5743 ll.
3275 5686 3320 5719 ⁵³
3363 5686 3505 5741 Hebr

275 5758 358 5810 tu,
387 5743 443 5807 5,
523 5744 574 5775 “
609 5743 629 5797 Ι
661 5744 787 5800 Cor.
833 5758 914 5811 ιιι,
948 5744 1012 5801 l6
1108 5746 1151 5777 ⁸⁸
1194 5748 1215 5800 l
1253 5747 1381 5802 Cor.
1409 5765 1480 5814 vi,
1513 5748 1702 5814 19,20.
