3918 6152
438 239 541 305 6'35

1431 239 1490 301 8.
1534 239 1951 303 NICEPHORI
1988 242 2493 305 PATRIARCHrE
2530 241 2637 302 CF.
3574 236 3659 302 696

443 363 689 416 membra
739 375 804 415 ex
855 368 1032 429 parte,
1081 370 1356 428 unumque
1414 373 1610 425 corpus
1663 372 1785 414 esse
1826 358 2024 413 multus

2130 357 2303 411 τοίνυν
2332 356 2431 425 τῆς
2471 353 2802 426 Ἐκκλησίας
2825 355 2854 408 ό
2882 351 3274 424 νυμφαγωγὸς,
3313 348 3659 409 ὲπισυνάπτων

443 455 663 519 deﬁnit;
722 453 1167 522 quandoquidem
1212 468 1375 505 unum
1425 449 1783 518 eumdemqne
1828 466 2019 518 pauc-tn

445 545 827 614 mysteriorum
860 543 1259 599 benedictionis
1310 542 1726 611 purtieipamus,
1760 543 2018 595 unitatem

443 651 566 690 cum
600 636 721 704 ipso
751 652 846 704 per
874 636 1033 690 tidem
1068 636 1268 704 adepti.
1296 634 1529 703 Moxque
1553 633 1771 690 sublimi
1798 636 2022 688 eximia-

444 742 550 795 que
585 729 828 781 doctrina
879 727 1166 782 declarans
1214 726 1635 794 illuminansque
1682 727 2020 795 mysterium,

443 820 547 873 sub
595 819 815 872 humani
853 818 1087 888 coniugii
1143 818 1394 888 imagine,
1431 818 1543 871 lucc
1590 818 1762 886 pergit
1793 817 1973 870 dicere
2007 835 2019 869 :

448 910 532 963 Ita
558 912 658 963 viri
687 911 877 964 debent
901 927 1091 964 uxores
1126 927 1253 964 suas
1291 911 1529 979 diligere,
1560 920 1612 963 ut
1651 924 1871 984 corpore
1901 926 2019 963 sua.

445 999 552 1065 Qui
589 1016 740 1053 tuan:
794 1017 1011 1055 uxorem
1062 1000 1262 1070 diligit,
1302 1016 1356 1053 se
1394 1002 1566 1067 ipsum
1607 999 1804 1067 diligit.
1852 996 2021 1050 Nemo

443 1091 581 1142 enim
615 1108 845 1158 unquam
888 1108 1101 1144 carnem
1148 1107 1298 1144 suam
1339 1090 1460 1144 odio
1496 1088 1698 1150 habuit,
1728 1088 1819 1141 sed
1854 1086 2020 1139 nutrit

443 1192 488 1233 et
522 1182 660 1246 [oret
687 1199 823 1246 eam,
850 1185 986 1236 sicut
1012 1194 1059 1237 et
1091 1183 1331 1237 Christus
1359 1181 1684 1245 Ecclesium;
1707 1180 1834 1250 quia
1867 1194 2024 1232 mem-

445 1273 536 1326 bra
568 1290 749 1327 s::mus
780 1277 1015 1342 corporis
1044 1275 1184 1344 ejus,
1218 1284 1266 1328 et
1297 1274 1363 1328 de
1390 1274 1594 1327 ossibus
1622 1273 1761 1341 ejus.
1800 1269 2026 1339 Propter

443 1365 539 1416 hoc
571 1364 822 1435 relinquet
874 1368 1028 1420 homo
1075 1375 1279 1436 patrem
1308 1374 1357 1419 et
1389 1365 1551 1434 212
1584 1372 1805 1417 matrem
1836 1365 2022 1427 'suam,

443 1463 489 1505 et
523 1453 811 1509 adha’reltit
845 1457 999 1510 uxori
1031 1473 1161 1521 sua',
1187 1464 1237 1510 et
1264 1466 1414 1510 erunt
1462 1455 1567 1507 duo
1606 1455 1660 1507 in
1689 1468 1848 1505 carne
1888 1468 2017 1506 una.

430 1543 847 1602 'Sacramentum
890 1550 989 1603 hoc
1023 1565 1271 1618 maguum
1316 1556 1427 1614 est;
1472 1563 1563 1617 ego
1605 1555 1779 1600 autent
1820 1546 1939 1598 dico
1966 1545 2022 1599 in

444 1632 657 1690 Christo
685 1649 735 1692 et
777 1640 834 1693 in
863 1637 1102 1694 Ecclesia
1132 1641 1199 1694 ⁸⁸.

2120 448 2290 515 αὐτὴν
2321 447 2415 499 καὶ
2441 445 2676 499 συνδέων
2701 445 2779 516 τῷ
2802 448 3078 517 μνηστῆρι
3100 444 3321 517 Χριστῷ
3340 442 3657 513 ὲνθεέστατα,

2120 538 2333 593 καὶτὸν
2388 536 2687 607 σύνδεσμον
2721 538 3065 606 ὲπισφίγγων
3106 538 3202 591 καὶ
3231 536 3330 606 τὴν
3370 535 3658 604 συνάφειαν,

2121 629 2286 701 σῶμα
2322 624 2466 682 εἶναι
2506 628 2749 699 Χριστοῦ
2789 629 2884 682 καὶ
2924 628 3060 699 μέλη
3113 630 3181 681 ὲκ
3218 627 3416 699 μέρους
3440 668 3454 693 ,
3501 628 3585 680 καὶ
3613 627 3660 681 ἓν

2121 723 2283 794 σῶμα
2317 718 2615 786 εἶναιτοὺς
2660 720 2892 785 πολλοὺς
2919 718 3214 791 διορίζεται
3236 735 3249 747 ⁸
3286 718 3569 790 ἐπειδήπερ
3611 719 3661 784 ἐξ

2123 815 2240 878 ἐνὸς
2268 815 2364 869 καὶ
2389 812 2482 867 τοῦ
2516 812 2681 867 αὐτοῦ
2712 812 2880 883 ἄρτου
2918 812 3029 866 τῶν
3055 812 3154 882 τῆς
3188 809 3436 878 εὐλογίας
3467 811 3662 880 μετέχο-

2124 924 2226 976 μεν
2274 906 2615 993 μυστηρίων,
2671 904 2902 975 ἑνότητα
2939 903 3039 975 τὴν
3069 904 3210 973 πρὸς
3239 903 3400 956 αὐτὸν
3432 902 3660 973 λαχόντες

2118 996 2207 1050 διὰ
2229 992 2465 1059 πίστεως
2483 1010 2496 1024 °
2528 997 2623 1050 καὶ
2642 996 2718 1058 ὡς
2742 997 2801 1049 ὲν
2824 995 3056 1067 θεωρίας
3082 994 3301 1065 ὑψηλῆς
3320 995 3413 1048 καὶ
3429 992 3661 1058 θεοειδοῦς

2118 1087 2304 1158 τρόπῳ
2331 1086 2613 1156 διασαφῶν
2643 1087 2736 1140 καὶ
2771 1086 2991 1156 τρανῶν
3018 1086 3078 1139 τὸ
3122 1086 3439 1157 μυστήριον,
3469 1083 3549 1137 διά
3579 1082 3659 1152 τῆς

2119 1178 2261 1233 κατὰ
2297 1178 2388 1231 τὸν
2414 1177 2703 1248 ἄνθρωπον
2734 1178 3019 1246 συζυγίας,
3049 1177 3231 1231 τοιάδε
3263 1176 3381 1229 τινὰ
3408 1175 3658 1241 διέξεισινο

2129 1272 2326 1336 οὕτως
2352 1271 2707 1340 ὀφείλουσιν
2726 1274 2779 1325 ol
2817 1271 3034 1340 ἄνδρες
3070 1268 3313 1340 ἀγαπᾷν
3344 1271 3444 1334 τὰς
3462 1265 3662 1324 ἑαυτῶν

2122 1362 2435 1431 γυναῖκας,
2454 1364 2543 1429 ὠς
2559 1363 2633 1417 τὰ
2659 1362 2889 1417 ἑαυτῶν
2925 1362 3173 1431 σώματα
3196 1379 3211 1393 ο
3243 1365 3275 1416 ὀ
3303 1360 3536 1431 ἀγαπῶν
3567 1361 3662 1425 τὴν

2122 1454 2341 1509 ἑαυτοῦ
2368 1451 2633 1525 γυναῖκα
2664 1456 2885 1520 ἑαυτὸν
2912 1454 3116 1527 ἀγαπᾷ
3139 1473 3153 1486 ο
3186 1455 3387 1520 οὐδεὶς
3416 1453 3518 1524 γάρ
3543 1468 3663 1505 ποτε

2120 1545 2236 1613 τὴν
2263 1547 2480 1602 ἑαυτοῦ
2509 1547 2711 1616 σάρκα
2741 1549 3061 1618 ἐμίσησεν,
3088 1546 3255 1602 ἀλλὰ
3283 1545 3542 1615 ἐκτρέφει
3579 1542 3661 1596 καί

2120 1637 2338 1691 θάλπει
2393 1639 2610 1708 αὐτὴν,
2659 1640 2856 1707 καθὼς
2905 1641 3002 1695 καὶ
3038 1643 3071 1694 ό
3104 1639 3363 1709 Χριστὸς
3394 1636 3501 1707 τὴν
3550 1637 3661 1690 Ἐκ-

443 1730 712 1794 ulna-lar
736 1748 750 1762 ·
774 1729 862 1785 ὅτι
888 1730 1047 1800 μέλη
1076 1730 1266 1800 ἐσμὲν
1290 1731 1395 1785 τοῦ
1419 1730 1693 1800 σώματος
1716 1727 1904 1784 αὐτοῦ
1925 1768 1941 1792 ,
1971 1727 2041 1782 ἐκ
2080 1727 2192 1796 τῆς
2255 1730 2485 1798 σαρκὸς
2528 1732 2717 1786 αὑτοῦ
2779 1732 2875 1786 καὶ
2900 1732 2969 1785 ἐκ
3013 1730 3135 1785 τῶν
3177 1730 3402 1784 ὀστέων
3468 1725 3629 1780 αὐτοῦ
3648 1740 3661 1756 ο

443 1822 576 1876 ἀντὶ
612 1825 828 1878 τούτου
874 1826 1229 1894 καταλείψει
1287 1824 1601 1894 ἅνθρωπος
1635 1824 1742 1878 τόν
1797 1821 2023 1891 πατέρα
2094 1821 2284 1876 αὑτοῦ
2332 1822 2575 1891 καϊτὴν
2625 1825 2873 1893 μητέρα,
2942 1825 3041 1878 καί
3091 1820 3663 1892 προσκολληθήσεται

442 1915 594 1982 πρὸς
624 1914 739 1983 τὴν
760 1915 1017 1986 γυναῖκα
1055 1915 1244 1973 αὐτοῦ
1272 1957 1289 1981 ,
1311 1915 1410 1969 καὶ
1437 1915 1685 1970 ἔσονται
1711 1917 1767 1969 oi
1790 1914 1901 1968 δύο
1933 1916 2020 1979 είς
2059 1912 2259 1983 σάρκα
2277 1915 2455 1985 μίαν⁸
2481 1916 2546 1969 τὸ
2559 1916 2902 1985 μυστήριον
2953 1915 3131 1971 τοῦτο
3151 1914 3307 1986 μέγα
3365 1912 3542 1973 ἐστὶν,
3570 1909 3666 1978 ἐγὼ

442 2009 510 2063 δὲ
531 2009 688 2080 λέγω
715 2013 804 2076 είς
823 2011 1086 2080 Χριστὸν
1109 2012 1209 2066 καί
1238 2015 1329 2078 εις
1361 2012 1479 2081 τὴν
1526 2011 1913 2080 Ἐκκλησίαν.

511 2102 604 2157 47.
645 2102 877 2158 Veniant
934 2119 1075 2159 nunc
1123 2104 1426 2173 iniquitatis
1488 2114 1802 2174 operatores
1859 2113 2020 2171 atque

2197 2101 2304 2172 μζ.
2362 2104 2677 2159 Ἡκέτωσαν
2706 2098 2802 2159 οῦν
2833 2107 2882 2158 οἱ
2915 2108 3015 2177 τῆς
3047 2105 3279 2176 ἀνομίας
3314 2100 3555 2170 ἐργάται,
3586 2099 3662 2152 καὶ

446 2197 821 2251 demonstrent
856 2195 1131 2265 quomodo
1155 2206 1209 2250 ct
1235 2197 1561 2266 quibusnam
1592 2196 2025 2266 inspirantis-ora»-

447 2287 587 2342 culis
636 2286 945 2343 Ecclesiam
986 2291 1056 2344 ab
1094 2289 1294 2345 unione
1339 2304 1461 2343 cum
1512 2289 1730 2345 Christo
1790 2289 2027 2344 sceleste

448 2375 742 2431 divellant?
798 2378 1075 2446 quomodo
1143 2377 1458 2434 cohaeredes
1500 2386 1555 2432 et
1609 2377 2028 2447 concorporales

449 2469 656 2523 Christi
717 2469 1012 2525 simulacra
1079 2471 1147 2526 ab
1195 2471 1508 2527 inﬁdelibus
1567 2471 1712 2526 culta
1763 2468 2032 2525 adorant?

449 2562 733 2627 Quomodo
763 2577 895 2631 ergo
924 2577 1111 2617 verum
1152 2563 1361 2628 dicant,
1399 2564 1491 2634 qui
1524 2562 1750 2618 falsitati
1788 2563 2027 2633 patroci-

450 2652 690 2708 nantur?
715 2651 949 2707 Videant
990 2653 1174 2724 igitur,
1209 2654 1312 2710 nisi
1350 2654 1491 2709 forte
1530 2656 1708 2725 ipsum
1748 2654 2026 2710 Christum

452 2742 737 2809 profanum
793 2744 925 2813 quid
985 2754 1039 2801 et
1092 2746 1364 2815 impurum
1425 2757 1646 2816 propter
1700 2756 1921 2803 vocatos
1971 2747 2025 2801 in

450 2836 687 2905 ejusdem
737 2845 945 2892 sortem
993 2845 1049 2893 et
1090 2839 1534 2909 cencorporalem
1586 2840 2025 2895 communionem

452 2929 801 2995 existimant;
845 2928 1087 2997 videant,
1136 2931 1382 3002 inquam,
1424 2945 1493 2987 ne
1524 2929 1875 3002 blaSpltemia:
1908 2930 2026 2984 cnl-

455 3034 575 3075 men
604 3018 1102 3090 attingantNerum
1132 3021 1187 3075 hi
1221 3035 1398 3090 neque
1428 3036 1488 3076 se
1518 3021 1697 3087 obrui,
1739 3035 1936 3090 neque,
1972 3029 2031 3074 ut

453 3109 527 3164 ita
559 3109 762 3173 dicam,
801 3108 984 3164 defodi
1021 3110 1507 3180 scntiuutprepria
1549 3111 1869 3179 ignominia,
1902 3111 2026 3165 dum

454 3201 740 3269 loquentes
772 3199 825 3254 in
858 3198 1068 3270 Spiritu
1119 3200 1213 3256 Dei
1256 3212 1475 3257 sanctos
1519 3201 1817 3272 prophetas
1867 3211 2030 3272 atque

454 3289 732 3360 apostolos
774 3288 1065 3360 abrogant,
1113 3303 1318 3355 eosque
1356 3290 1620 3360 profanos
1659 3292 1825 3348 veluti
1864 3302 2030 3363 atque

455 3383 654 3452 impios
708 3389 864 3437 vates
918 3381 1201 3437 clamitant
1244 3394 1302 3438 et
1351 3385 1642 3453 magistros
1696 3400 1762 3441 ex
1810 3387 2031 3457 preprio

2127 2190 2493 2248 δεικνύτωσαν
2528 2193 2692 2250 πόθεν
2734 2194 2833 2267 τὴν
2880 2196 3214 2266 Ἐκκλησίαν
3244 2235 3258 2259 ,
3292 2193 3386 2248 καὶ
3432 2194 3492 2246 ὲκ
3521 2186 3661 2245 ποίων

2130 2282 2503 2340 θεοπνεύστων
2554 2287 2752 2356 λογίων
2779 2329 2793 2354 ,
2836 2287 2936 2357 τῆς
2973 2290 3112 2342 κατὰ
3149 2286 3384 2358 Χριστὸν
3454 2281 3665 2344 ὲνώσεως

2127 2376 2403 2447 ἀθεμίτως
2421 2379 2744 2449 διορίζουσι;
2773 2379 2889 2443 πῶς
2917 2382 2966 2434 οἱ
2992 2380 3426 2451 συγκληρονόμοι
3448 2376 3532 2430 καὶ
3558 2372 3661 2428 σύσ-

2131 2485 2305 2540 σωμοι
2329 2473 2564 2543 Χριστοῦ
2600 2472 2808 2538 ξοάνοις
2836 2475 2949 2536 τοῖς
2976 2472 3086 2525 τῶν
3123 2472 3365 2525 ἀπίστων
3396 2467 3663 2538 σεϐάσμασι

2129 2561 2554 2633 λελατρεὼιασις
2589 2564 2755 2618 Πόθεν
2803 2565 2897 2618 οῦν
2940 2566 3003 2618 τὸ
3043 2564 3244 2635 ἀληθὲς
3291 2562 3661 2628 ἀπενέγκοιντο,

2129 2656 2177 2707 οἱ
2312 2654 2500 2724 ψεύδει
2538 2654 2994 2727 συναγορεύοντες
3016 2673 3031 2721 ;
3054 2654 3435 2709 Σκοπείτωσαν
3458 2651 3507 2704 δὲ
3536 2651 3575 2702 εἰ
3603 2647 3668 2718 μὴ

2131 2745 2225 2799 καὶ
2246 2744 2480 2815 Χριστὸν
2498 2743 2679 2810 αὐτόν,
2712 2745 2891 2798 κοινόν
2912 2762 2963 2797 τι
2992 2743 3088 2798 καὶ
3112 2742 3442 2813 ἀκάθαρτον,
3470 2737 3548 2792 διὰ
3560 2736 3664 2798 τούς

2133 2836 2715 2908 συγκληρονομοῦντας
2750 2838 2847 2891 καὶ
2876 2836 2975 2907 τὴν
3006 2835 3152 2890 κατὰ
3184 2835 3243 2890 τὺ
3269 2834 3537 2903 σύσσωμον
3566 2843 3664 2881 κοι-

2133 2927 2327 2983 νωνίαν
2348 2928 2664 2999 ἡγήσαιντο,
2693 2927 2788 2981 καὶ
2817 2927 2878 2981 τὸ
2895 2926 3015 2981 ὅλον
3043 2926 3146 2996 τῆς
3176 2924 3513 2998 βλασφημίας
3536 2913 3667 2972 αὐτοὶ

2133 3018 2672 3091 κληρονομείτωσαν·
2733 3018 2849 3073 ἀλλ’
2908 3020 3010 3072 οὐκ
3065 3016 3527 3087 ὲγκαλύπτονται,
3567 3007 3665 3081 οὐδὲ

2133 3111 2491 3166 καταδύονται
2530 3113 2623 3165 ἐπὶ
2646 3115 2710 3184 τῇ
2764 3110 2978 3167 ἑαυτῶν
3009 3110 3247 3182 αἰσχύνῃ
3270 3150 3286 3176 ,
3315 3109 3437 3171 τοὺς
3463 3104 3556 3175 ⁹μὲν
3580 3102 3661 3153 λατ

2080 3252 2091 3260 .
2132 3205 2358 3271 λοῦντας
2385 3207 2444 3260 ὲν
2462 3207 2742 3277 Πνεύματι
2757 3207 2893 3261 Θεοῦ
2915 3206 3198 3278 μυστήρια
3218 3204 3491 3274 προφήτας
3507 3196 3665 3266 ἁγίους

2133 3298 2230 3353 καὶ
2256 3299 2590 3363 ἀποστόλους
2610 3298 3103 3371 παραγραφόμενοί
3131 3315 3193 3351 τε
3221 3298 3312 3351 καὶ
3336 3290 3663 3361 διωθούμενοι,

2133 3390 2347 3460 ἐναγεῖς
2389 3391 2445 3444 δέ
2475 3409 2630 3458 τινας
2659 3394 2753 3446 καὶ⁸
2786 3391 3039 3455 ἀνοσίους
3072 3392 3362 3462 προφήτας
3409 3381 3671 3457 αὐχοῦντες

453 3444 645 3528 ventre
666 3471 977 3541 loquentes.
1005 3470 1248 3538 Quorum
1269 3444 1527 3529 vitandos
1552 3444 1888 3545 spurcosque
1913 3444 2024 3529 ser-

2142 3444 2627 3546 καίδιδασκάλους
2648 3444 2838 3553 εκτῆς
2874 3444 3541 3551 ίδίαςσάποφθέγγομὲνοῑς
3572 3486 3665 3526 κον

456 3577 648 3618 mones
673 3563 742 3618 ad
774 3562 858 3618 sui
894 3562 1105 3619 erroris
1138 3562 1622 3619 conﬁrmationem
1660 3566 1986 3634 pertrahunt
2014 3584 2035 3621 :

458 3654 732 3721 Particeps
783 3653 1053 3708 idolorum
1084 3651 1349 3723 Ephraim
1379 3656 1555 3721 posuit
1601 3656 1704 3711 sibi
1731 3657 1988 3712 scandala
2011 3674 2039 3713 εν

455 3748 681 3801 irritavit
710 3744 1065 3823 Chanauwos,
1098 3747 1327 3820 legimus
1349 3748 1395 3780 ⁸⁷
1420 3765 1434 3815 ;
1464 3758 1521 3803 at
1550 3748 1892 3807 Christianos
1918 3751 2034 3807 ideo

457 3839 630 3893 lorum
668 3839 965 3910 participes
1019 3841 1197 3911 iisque
1245 3843 1715 3899 communicantes
1765 3858 2033 3914 nusquam

457 3946 628 4002 usque
650 3932 718 3986 ad
745 3932 888 3990 hanc
917 3933 1062 3989 diem
1091 3948 1122 3987 a
1153 3935 1408 4004 quopiam
1433 3935 1539 3990 dici
1570 3937 1896 4002 audivimus,
1928 3937 2041 3994 nisi

454 4028 524 4080 ab
556 4028 623 4081 iis
654 4036 883 4095 tantum,
914 4028 1006 4098 qui
1031 4028 1295 4084 adversus
1328 4027 1533 4086 Christi
1567 4030 1797 4102 gloriam
1822 4041 1878 4089 et
1903 4020 2037 4088 con-

456 4129 538 4171 tra
590 4128 740 4173 recte
794 4134 920 4174 eum
986 4119 1234 4175 colentes
1300 4130 1465 4188 atque
1526 4121 1818 4177 adorantes
1885 4123 2036 4196 rabie

457 4212 755 4266 insaniunt.
786 4210 1044 4279 Nequeid
1074 4211 1293 4267 mirum.
1321 4210 1436 4266 Mos
1463 4221 1549 4267 est
1568 4214 1713 4267 enim
1744 4215 2033 4283 impiorum

457 4301 780 4356 adversandi
810 4300 1149 4363 melioribus,
1183 4308 1240 4353 et
1269 4300 1557 4355 veritatem
1589 4301 1942 4372 depravandi,
1979 4315 2038 4361 ut

457 4392 743 4446 sententia:
767 4406 881 4445 sua:
908 4389 1313 4458 improbitatem
1337 4390 1522 4446 velare
1543 4402 1767 4462 queant.
1796 4393 2037 4449 Dictum-

459 4499 565 4555 que
600 4499 629 4536 a
666 4483 873 4538 sanctis
914 4483 1045 4538 viris
1090 4494 1242 4539 recte
1299 4483 1419 4549 fuit,
1462 4482 1718 4540 latentem
1775 4484 2035 4540 malitiam

457 4576 793 4648 proclamata
834 4589 955 4630 esse
983 4575 1292 4632 noxiorem.

2141 3573 2262 3637 λίας
2289 3590 2303 3605 ο
2340 3569 2416 3631 ὧν
2463 3574 2523 3628 τὸ
2571 3574 2809 3644 φευκτὸν
2842 3575 2936 3629 καὶ
2965 3574 3205 3638 δυσῶδες
3237 3573 3342 3626 τῶν
3371 3569 3529 3637 λόγων
3548 3606 3561 3630 ν
3585 3562 3681 3630 illi.

2145 3664 2281 3728 ιδίας
2315 3664 2496 3719 αὐτῶν
2549 3658 2765 3735 ἀπάτης
2816 3663 2953 3735 πρὸς
3013 3662 3281 3717 πίστωσιν
3316 3657 3663 3727 ὲπισύρονται·

2142 3756 2413 3826 Μέτοχος
2447 3755 2709 3811 εἰδώλων
2751 3756 3004 3826 Ἐφραίμ
3034 3755 3259 3824 ἔθηκεν
3296 3749 3475 3815 ἐαυτῷ
3507 3743 3664 3801 σκάν·

2144 3848 2301 3904 dada
2320 3863 2335 3879 °
2374 3848 2615 3917 ᾐρέτισε
2637 3846 3036 3913 Χαναναίους,
3064 3847 3380 3916 ἀνέγνωμεν
3403 3859 3417 3873 ·
3446 3841 3669 3912 Χριστια·

2143 3945 2268 4005 νούς
2312 3943 2370 3996 δὲ
2418 3941 2655 3996 εἰδώλων
2708 3940 2969 4011 μετόχους
3025 3938 3122 3992 καὶ
3162 3935 3452 3997 κοινωνοὺς
3490 3927 3671 3984 οὐδέπω

2146 4034 2242 4088 καὶ
2275 4034 2517 4103 σήμερον
2546 4032 2679 4100 παρ’
2707 4027 2927 4083 ὁτουοῦν
2952 4028 3294 4097 ἀκηκόαμεν,
3323 4025 3402 4078 ὅτι
3428 4022 3495 4092 μὴ
3521 4016 3672 4089 μόνων

2143 4123 2254 4179 τῶν
2288 4123 2428 4178 κατὰ
2461 4123 2561 4192 τῆς
2591 4122 2751 4192 δόξης
2781 4118 3024 4190 Χριστοῦ
3054 4119 3149 4171 καὶ
3181 4118 3292 4171 τῶν
3325 4112 3488 4187 ὀρθῶς
3513 4106 3669 4163 σεδόν-

2144 4234 2251 4270 των
2305 4216 2399 4269 καὶ
2441 4213 2892 4286 προσκυνούντων
2948 4209 3098 4281 αὐτῷ
3145 4206 3557 4278 λελυττηκότων·
3589 4195 3665 4251 καὶ

2146 4307 2467 4378 θαυμαστόν
2494 4323 2559 4375 γε
2590 4306 2743 4360 οὐδέν
2769 4322 2782 4336 ’
2824 4304 2947 4369 ἔθος
2984 4303 3095 4375 γὰρ
3140 4306 3253 4367 τοῖς
3287 4298 3554 4355 ἀσεσοῦσιν
3576 4293 3667 4343 ἑπι-

2146 4397 2427 4452 6ουλεύειν
2453 4399 2567 4459 τοῖς
2606 4395 2906 4468 κρείττοσι,
2939 4395 3034 4448 καὶ
3078 4393 3268 4448 δολοῦν
3304 4392 3398 4461 τὴν
3425 4384 3663 4456 ἀλήθειαν.

2149 4492 2234 4546 ἵνα
2257 4490 2356 4563 τὴν
2384 4490 2594 4544 ἑαυτῶν
2618 4489 2821 4542 κακίαν
2849 4487 3172 4558 δεδογμένον
3199 4486 3376 4547 αὐτοῖς
3408 4472 3662 4535 κατασκιά-

2145 4583 2260 4648 ζειν
2291 4582 2643 4653 κρατύνωσι·
2701 4580 2796 4633 καὶ
2846 4578 3027 4641 καλῶς
3079 4595 3143 4649 γε
3193 4579 3404 4648 εἴρηται
3450 4567 3666 4642 ἀνδράσιν

2151 4676 2350 4744 ἁγίοις,
2384 4674 2474 4728 ὅτι
2501 4673 2850 4727 λανθάνουσα
2883 4671 3119 4743 πονηρία
3141 4709 3156 4733 ,
3191 4671 3288 4742 τῆς
3334 4672 3668 4739 προκεκηρυγ-

2231 4786 2328 4831 νης
2358 4766 2520 4831 βλαόε
2531 4764 2668 4831 ρωτὲ
2677 4782 2766 4831 ρα.

527 4846 620 4901 48.
654 4844 717 4901 Hi
750 4844 955 4917 quippe
979 4845 1155 4916 palam
1200 4847 1482 4918 propriam
1515 4848 1846 4919 impietatem
1899 4866 2024 4905 nun«

2155 4768 2328 4838 μένης
2358 4767 2766 4838 βλαϐερωτέρα.

2223 4857 2335 4930 μη’.
2365 4850 2531 4913 Οὗτοι
2567 4856 2678 4929 γὰρ
2715 4858 2779 4910 ὲκ
2834 4855 2929 4911 τοῦ
2977 4852 3293 4927 προφανοῦς
3340 4840 3664 4930 παρρησιάζς.

457 4952 623 5008 quam
660 4946 942 4993 ostentare
976 4936 1265 5005 audentes,
1317 4953 1536 5008 gravem
1573 4955 1728 4996 suam
1777 4941 2024 4997 adversm

2150 4928 2565 5021 σθαι-οὐδαμῶς
2599 4928 2961 5019 ὑφιστάμενοι
2981 4949 3082 5019 τὴν
3116 4940 3461 5005 ἀσέϐειαν,τδ
3489 4936 3577 5003 τῆς
3606 4928 3665 4988 εἰς

458 5030 663 5085 cultant
699 5040 960 5085 nostrum
1000 5028 1255 5098 iniuriam
1305 5032 1689 5099 subverentes,
1737 5032 2024 5102 multosqut

2144 5042 2246 5110 τὴν
2268 5039 2572 5112 θρησκείαν
2602 5037 2760 5109 ἡμῶν
2778 5037 2993 5111 ὕϐρεως
3016 5036 3322 5109 ὑπέρογκον
3351 5024 3666 5115 ὐπειδόμενοῗ

459 5124 631 5178 latere
672 5131 947 5191 putantes,
981 5123 1137 5192 quasi
1168 5121 1447 5179 Christum
1473 5138 1578 5179 non
1611 5123 1887 5180 oﬂ‘endant
1910 5127 2024 5180 dun

2147 5132 2435 5187 λανθάνειν
2481 5148 2541 5184 τε
2575 5131 2701 5193 τοὺς
2737 5130 2971 5194 πολλοὺς
3017 5128 3276 5198 οἰόμενοι,
3311 5123 3489 5188 ὥσπερ
3518 5114 3571 5167 οὗ
3607 5121 3666 5173 τῳ

459 5214 577 5283 ejus
608 5214 803 5268 divime
833 5213 1057 5283 imagini
1085 5214 1471 5270 contumeliam
1502 5216 1731 5283 faciunt,
1759 5217 1888 5287 quid
1926 5233 2024 5273 tuo

2149 5223 2373 5298 Χριστῷ
2408 5222 2840 5295 προσκρούουσι,
2876 5222 2939 5275 τὸ
2976 5220 3120 5275 θεῖον
3166 5216 3329 5272 αὐτοῦ
3360 5202 3665 5278 καθυϐρίζον’

460 5307 706 5361 liuntur?
729 5306 864 5373 Quia
900 5307 1085 5362 sciunt
1114 5316 1310 5362 natura
1342 5320 1721 5379 comparatum
1755 5325 1863 5367 non
1892 5326 2024 5379 esse,

2148 5334 2238 5381 τες
2261 5316 2655 5386 ἁπεικόνισμα,
2685 5314 2738 5367 τί
2768 5312 3122 5386 μηχανῶνται
3146 5329 3159 5376 ;
3189 5310 3262 5374 ὼς
3282 5307 3385 5361 τῶν
3409 5301 3499 5373 μὲν
3519 5304 3665 5386 πραξέ

462 5409 520 5452 ιιι
548 5413 639 5454 res
674 5400 802 5468 ipsa:
846 5406 1147 5467 mutentur,
1186 5401 1402 5455 nomina
1431 5414 1613 5458 autem
1647 5418 1790 5476 sape
1827 5404 2024 5461 inditl‘e-

2157 5411 2344 5482 μάτων
2386 5382 2591 5471 εἰδότε-ς
2630 5407 2690 5460 τὸ
2729 5382 3088 5477 μεταϐάλλειν
3128 5404 3188 5457 οὐ
3240 5395 3557 5469 πεφυκότων,
3580 5382 3666 5482 ﬁt?

462 5491 693 5545 tentiam
729 5506 838 5561 prae
868 5506 929 5546 se
973 5490 1142 5558 ferre,
1172 5496 1239 5549 ad
1276 5472 1739 5555 deuominationis
1785 5497 2024 5556 different

2153 5472 2437 5574 όνομάτων
2466 5501 2522 5555 δὲ
2550 5501 2624 5563 ὡς
2650 5472 2917 5554 τὰῄπολλὰ
2942 5497 3000 5553 τὸ
3029 5495 3335 5567 ἀδιαφορεῖν
3365 5472 3662 5544 ἐνδεικνυμέ-

532 5668 577 5701 εδ
622 5669 893 5739 liphcsw,
928 5669 1115 5725 “28.52.
1191 5672 1237 5704 ⁸⁷
1276 5670 1412 5729 Osee
1438 5689 1511 5739 ιν,
1551 5675 1619 5729 l7.
