3918 6152
231 306 333 376 (97

1069 310 1643 376 APOLOGETICUS
1681 317 1829 377 PRO
1868 315 2135 377 SACRIS
2174 316 2649 381 IMAGINIBUS.

3389 313 3507 382 698

234 435 364 484 νων,
400 418 497 471 ἐπὶ
535 418 635 491 τὴν
661 422 761 491 τῆς
800 425 1183 495 προσηγορίας
1229 426 1471 499 χωροῦσι
1511 429 1810 496 διαφορὰν,

1924 431 2051 484 tiam
2083 440 2431 500 procurrunt,
2463 440 2519 486 et
2540 430 2826 486 diabolicis
2854 430 3203 501 religionibus
3225 430 3513 488 addictaur

236 509 430 563 καὶτὸ
492 512 607 574 τοῖς
665 511 1004 582 δαιμονικοῐς
1052 515 1398 588 σεϐάσμασιν
1454 520 1817 591 ἀνακείμενον

231 601 429 670 ὄνομα,
456 606 524 674 τῇ
548 603 642 656 τοῦ
674 604 931 675 Σωτῆρος
964 606 1125 678 ἡμῶν
1158 609 1401 680 Χριστοῦ
1437 612 1532 664 καὶ
1561 612 1697 666 Θεοῦ
1731 629 1820 665 σε-

235 690 448 761 ϐασμία
475 692 668 754 εικόνι,
684 695 735 745 οἱ
759 695 838 762 τῷ
858 696 972 748 δντι
1007 696 1118 747 τῶν
1139 696 1374 751 εἰδώλων
1399 698 1629 768 ἐρασταὶ
1648 699 1817 770 ἀπορ-

234 783 392 854 ρῖψαι
418 784 479 837 οὐ
529 787 1046 857 καταπεφρίκασιν,
1090 787 1314 843 εἴδωλον
1345 789 1555 862 ταύτην
1602 792 1818 845 ἀποκα-

230 872 514 939 λέσαντες,
548 875 643 929 καὶ
668 878 789 941 τοὺς
830 877 1111 948 τιμῶντας
1135 880 1307 951 αὐτὴν
1327 880 1403 945 ὡς
1435 880 1659 952 θεμιτὸν
1682 884 1819 953 Χρι-

232 968 511 1030 στιανοῖς,
568 967 966 1041 είδωλολάτρας
1029 973 1544 1043 κατονομάσαντες·
1607 974 1693 1030 ἵνα
1741 975 1818 1040 ὡς

212 1059 765 1139 ’παρακεκινημένην
795 1061 953 1132 ἡμῶν
977 1063 1139 1133 δῆθεν
1168 1064 1267 1134 τὴν
1306 1066 1491 1119 πίστιν
1522 1068 1816 1137 φωράσαν-

214 1167 346 1229 τες,
374 1150 438 1203 τὸ
473 1151 708 1222 βεϐηκὸς
742 1152 834 1206 καὶ
862 1153 1078 1224 ἑδραῖον
1106 1155 1310 1226 ταύτης
1337 1156 1401 1209 τό
1425 1173 1488 1226 γε
1516 1159 1604 1212 ἐπ’
1632 1158 1817 1223 αὐτοῖς

233 1243 720 1313 παρασαλεύσειαν
740 1260 755 1274 ⁸
782 1244 1006 1314 ἔκδηλον
1033 1245 1284 1300 ἐντεῦθεν
1314 1249 1730 1323 ἀποκυήσαντες
1758 1252 1818 1306 τὸ

234 1336 519 1406 ἀνόμημα,
555 1338 655 1408 τήν
679 1354 740 1390 τε
773 1338 857 1402 είς
885 1339 1120 1409 Χριστὸν
1153 1338 1501 1412 βλασφημίαν
1529 1344 1818 1414 ἀναισχύν-

232 1445 346 1491 τως
374 1430 904 1496 κατασκευάζοντες,
940 1434 1037 1487 καὶ
1071 1433 1171 1505 τῆς
1213 1435 1379 1506 ὀρθῆς
1426 1438 1520 1490 καὶ
1550 1436 1818 1506 ἀψευδοῦς

230 1520 397 1591 ἡμῶν
441 1518 601 1594 δόξης
638 1523 809 1587 ἀδεῶς
863 1525 956 1579 καὶ
998 1527 1534 1598 ἀπηρυθριασμένως
1573 1545 1815 1597 καταγο-

232 1610 488 1681 ρεύοντες
508 1629 523 1645 ο
549 1614 687 1670 ἀλλά
713 1615 785 1669 τά
812 1617 913 1688 μὲν
938 1618 1066 1689 ἔθνη
1102 1619 1245 1689 ὑπὲρ
1277 1618 1463 1683 ἐλέους
1484 1618 1697 1685 δοξάζει
1724 1622 1816 1675 τὸν

1918 521 2386 577 nomenclaturam
2416 522 2739 578 veneranda:
2757 519 3070 577 Servatoris
3101 523 3273 578 nostri
3291 524 3497 581 Christi

1918 629 1981 667 ac
2015 614 2108 669 D‘ei
2147 615 2393 685 imagini,
2423 616 2478 671 hi
2515 618 2607 686 qui
2642 632 2834 672 revera
2870 623 2999 672 sunt
3031 616 3298 672 idolorum
3345 632 3498 672 ama-

1921 714 2087 772 tores,
2130 705 2548 762 accommodare
2602 708 2743 763 haud
2794 708 3237 777 perhorrescunt,
3292 707 3494 763 idolum

1903 778 2058 853 'hanc
2096 798 2470 868 appellantes;
2498 808 2552 854 et
2575 798 2815 861 colentes
2842 814 2962 854 eam
3003 800 3105 853 rite
3151 798 3497 855 Christianos

1918 887 2231 945 idololatras
2261 892 2565 947 vocitantes
2601 910 2614 945 :
2646 901 2722 956 ut,
2753 906 2852 946 ceu
2877 897 2921 945 sl
2952 907 3265 960 perversam
3295 890 3497 946 abhinc

1920 981 2079 1036 ﬁdem
2114 992 2351 1038 nostram
2388 985 2718 1049 invenerint,
2756 984 3116 1040 stabilitatem
3142 984 3305 1053 hujus
3333 994 3497 1054 atque

1917 1075 2306 1139 constantiam,
2339 1086 2603 1145 quantum
2645 1076 2700 1130 in
2745 1076 2878 1146 ipsis
2913 1084 3020 1140 est,
3054 1083 3340 1141 evertant;
3377 1090 3495 1129 ma-

1918 1165 2175 1220 nifestam
2212 1165 2340 1220 hinc
2379 1168 2655 1236 parientes
2707 1167 3082 1234 iniquitatem,
3122 1182 3315 1235 nempe
3349 1177 3404 1220 et
3440 1167 3493 1221 in

1917 1255 2191 1310 Christum
2234 1255 2603 1311 irreverenter
2649 1256 3044 1325 blasphemiam
3088 1254 3406 1322 conﬂantes,
3440 1267 3497 1311 et

1916 1359 2125 1401 rectum
2157 1347 2541 1416 sincerumque
2577 1348 2770 1417 dogma
2808 1358 3053 1402 nosnum
3088 1356 3289 1402 temere
3322 1347 3495 1416 impuo

1915 1435 2216 1505 denterqne
2258 1448 2599 1491 accusantes.
2634 1435 2799 1506 Atqui
2838 1450 3030 1507 gentes
3076 1435 3294 1505 quidem
3328 1436 3495 1491 mise-

1917 1526 2204 1580 ricordiam
2258 1525 2353 1579 Dei
2403 1525 2751 1591 collaudant,
2819 1540 3133 1596 quanquam
3211 1538 3384 1594 nuper
3425 1538 3495 1580 ex

1920 1620 2235 1675 inﬁdelitate
2266 1620 2611 1685 exsilierunt,
2650 1620 2951 1690 gratiaeque
2997 1619 3299 1673 doctrinam
3344 1630 3495 1672 rece-

226 1703 389 1770 Θεὺν,
422 1706 731 1775 καὶταῦτα,
760 1710 869 1763 τῶι·
902 1712 1027 1783 ἄρτι
1049 1712 1149 1781 τῆς
1174 1712 1431 1775 ἀπιστίας
1466 1713 1816 1784 ὑπερκοψάν·

1924 1719 2139 1785 perunt.
2181 1711 2271 1767 Isti
2314 1724 2494 1766 autem
2540 1687 2824 1781 qni‘nunc
2862 1687 3130 1764 dicuntur
3175 1708 3494 1775 Christiani,

224 1791 365 1860 των,
405 1801 501 1852 καὶ
534 1800 626 1853 τὸν
666 1801 823 1871 λόγον
868 1804 1360 1875 παραδεδεγμένων
1405 1803 1505 1874 τῆς
1550 1807 1811 1876 χάριτος·

190 1880 383 1961 ὀὗτοι
427 1888 485 1942 δὲ
526 1892 574 1943 οί
619 1891 713 1946 νῦν
758 1891 1042 1965 λεγόμενοι
1095 1896 1433 1966 Χριστιανοὶ,
1476 1895 1569 1949 καὶ
1610 1896 1817 1950 τούτων

228 1978 479 2045 μάλιστα
513 1976 595 2045 οἷς
626 1982 687 2036 τὸ
725 1984 825 2049 τῆς
856 1986 1161 2058 ἱερωσύνης
1193 1986 1632 2059 ὲπικεκηρύχθαι
1668 1987 1818 2041 δοκεῖ

224 2067 478 2139 ἀξίωμα,
505 2072 564 2125 οὐ
619 2075 904 2143 φρίττουσι
938 2077 1037 2149 τὴν
1074 2076 1271 2148 ψυχὴν,
1302 2078 1365 2131 οὗ
1410 2077 1816 2148 καταδεσμοῦν-

224 2177 326 2213 ται
345 2160 442 2231 την
464 2161 737 2230 γλῶσσαν,
763 2166 823 2219 ού
849 2166 1055 2221 δεδίασι
1089 2172 1187 2240 τῆς
1219 2170 1534 2242 δυσφημίας
1559 2171 1622 2224 τὸ
1644 2172 1817 2240 ὑπέρ-

224 2268 424 2321 ογκον,
468 2255 697 2321 ἑαυτούς
758 2275 818 2311 τε
871 2260 965 2313 καὶ
1028 2263 1160 2326 τοὺς
1212 2262 1407 2327 ἄλλους
1455 2264 1817 2336 Χριστιανοὺς

225 2343 506 2410 ἅπαντας,
555 2347 657 2418 τὴν
710 2350 906 2419 μερίδα
956 2345 1053 2403 τοῦ
1109 2351 1246 2406 Θεοῦ
1302 2354 1398 2406 καὶ
1450 2355 1817 2427 κληρονομίαν

224 2436 503 2506 Χριστοῦ,
525 2439 818 2509 δαιμονίων
845 2440 1176 2514 ἀκαθάρτων
1203 2443 1574 2516 κληρονομίαν
1602 2464 1819 2500 κατονο-

227 2524 405 2596 μάζει
456 2544 470 2556 ·
505 2530 601 2582 καὶ
646 2532 697 2585 εί
728 2532 830 2601 μὲν
871 2535 1081 2597 ἑαυτοῖς
1119 2535 1303 2604 μόνοις
1339 2534 1439 2607 τὴν
1477 2520 1843 2591 ἀποστασίανκ

226 2619 336 2672 καὶ
392 2620 650 2675 ἀσέϐειαν
702 2625 1066 2701 ἐπεφήμιζον,
1120 2627 1340 2681 πάντων
1393 2627 1460 2681 ἂν
1510 2628 1818 2700 ἀνθρώπων

225 2711 593 2784 ιλεεινότεροι
624 2715 717 2768 καὶ
751 2716 1157 2789 βδελυκτότεροι
1193 2718 1563 2790 ἐνομίσθησαν
1585 2738 1599 2751 ’
1637 2721 1733 2776 νῦν
1761 2724 1819 2777 δὲ

227 2803 385 2858 κατὰ
416 2804 636 2860 πάντων
661 2806 871 2872 ἁπλῶς,
908 2808 1016 2863 τῶν
1046 2810 1150 2879 τῆς
1178 2811 1506 2879 ἀξιαγάστου
1538 2812 1697 2882 ἡμῶν
1726 2815 1820 2867 καὶ

227 2897 504 2968 ἀληθινῆς
532 2898 832 2970 θρησκείας
866 2903 1228 2973 μετεχόντων,
1253 2905 1352 2967 τὰς
1374 2902 1622 2969 ἀνοσίους
1642 2906 1819 2974 γλὼσο

1917 1807 2261 1875 maximeque
2308 1805 2342 1858 ii
2400 1804 2598 1873 quibus
2666 1802 2958 1858 sacerdotii
3017 1803 3214 1856 tradita
3281 1799 3497 1855 videtur

1917 1896 2172 1963 dignitas,
2208 1910 2312 1948 non
2339 1890 2568 1948 horrent
2599 1893 2804 1956 animo,
2838 1908 2944 1946 non
2976 1892 3159 1963 lingua
3194 1891 3492 1961 rigescunt,

1916 1987 2266 2055 blasphemiae
2299 2001 2580 2041 excessum
2615 2000 2722 2039 non
2758 1996 3038 2050 verentur,
3077 1983 3204 2037 dum
3237 1998 3296 2037 se
3325 1981 3494 2036 alios-

1917 2098 2021 2152 que
2064 2081 2407 2136 Christianos
2452 2095 2667 2145 omnes,
2722 2080 2815 2133 Dei
2848 2078 3156 2148 portionem
3186 2086 3242 2132 et
3282 2076 3486 2134 Christi

1917 2174 2325 2238 hatreditatem,
2377 2173 2679 2229 daemonum
2733 2172 3070 2241 impurorum
3118 2168 3491 2229 luereditatem

1917 2264 2213 2334 appellant.
2254 2261 2374 2318 Jam
2411 2262 2624 2317 etiamsi
2655 2261 2758 2317 sibi
2791 2260 2925 2315 solis
2956 2258 3244 2328 apostasia
3275 2266 3331 2312 et
3356 2256 3494 2311 irre-

1919 2357 2133 2428 ligionis
2167 2355 2366 2414 faniam
2401 2354 2762 2423 imponerent,
2792 2354 3035 2406 omnium
3058 2365 3190 2407 sane
3213 2348 3493 2404 hominum

1918 2447 2214 2503 miserrimi
2249 2454 2302 2500 et
2337 2445 2585 2516 apprime
2624 2444 2972 2500 detestabiles
3021 2444 3493 2498 existimarentur.

1918 2540 2079 2595 Nunc
2125 2554 2255 2594 vero
2310 2554 2433 2592 cum
2487 2538 2750 2591 adversus
2798 2550 2991 2589 omnes
3041 2534 3265 2588 omnino
3317 2531 3492 2585 admi-

1919 2632 2101 2686 randa:
2128 2638 2328 2685 nostra
2360 2642 2613 2697 versaque
2645 2626 2922 2697 religionis
2962 2634 3268 2691 consortes,
3302 2621 3496 2689 impias

1921 2725 2133 2793 linguas
2179 2720 2598 2783 commoverint,
2645 2718 2735 2785 qui
2785 2717 2902 2771 ﬁeri
2955 2724 3133 2784 potest
3160 2724 3218 2767 ut
3253 2714 3493 2766 divinam
3570 2712 3583 2737 ‘

1921 2814 2057 2867 iram
2079 2826 2186 2865 non
2204 2809 2557 2878 experiantur
2572 2806 2853 2873 suppliciis
2869 2801 3241 2858 acerbissimis
3256 2797 3502 2855 addicti?

1923 2905 2029 2958 Sed
2086 2902 2230 2958 eniu.
2292 2902 2360 2955 ad
2417 2899 2732 2968 prophetica
2800 2896 3020 2951 oracula
3096 2894 3497 2949 convertendus

230 2990 714 3059 σαςκινήσαντες,
748 2991 959 3056 πῶςτά
1000 2995 1064 3047 ὲκ
1110 2995 1211 3065 τῆς
1246 2994 1393 3057 θείας
1441 2995 1539 3048 οὐκ
1580 2997 1821 3051 οἴσουσιν

1926 3005 2109 3048 sermo
2155 3000 2258 3043 est.
2297 2985 2467 3057 igitur
2517 2986 2764 3041 homines
2790 2999 2855 3040 ex
2883 2984 3095 3038 cunctis
3138 2983 3387 3054 gentibus
3433 2996 3500 3037 ac

225 3081 435 3150 ὀργῆς,
459 3080 641 3145 δίκαις
670 3084 1033 3154 πικροτάταις
1063 3086 1510 3156 ,ὑποφερόμενοκ
1545 3088 1688 3141 Ἀλλ’
1727 3089 1820 3143 ἐπὶ

1924 3080 2120 3150 linguis
2151 3079 2474 3145 cunctisque
2519 3075 2801 3143 stirpibus,
2853 3072 3111 3125 mortales
3137 3086 3202 3124 ex
3238 3070 3497 3123 universo

226 3171 342 3234 τὰς
366 3173 719 3242 προφητικάς
768 3175 953 3242 φωνὰς
995 3177 1332 3230 ἐπανακτέον
1357 3177 1629 3245 τὸνλόγον
1647 3196 1659 3209 ·
1694 3179 1821 3243 τοὺς

226 3258 338 3316 οὖν
382 3265 446 3314 ἐκ
493 3264 714 3316 πάντων
760 3264 932 3318 ἐθνῶν
976 3282 1036 3317 τε
1070 3264 1164 3319 καὶ
1201 3264 1467 3334 γλωσσῶν
1513 3266 1609 3319 καὶ
1632 3266 1821 3319 πασῶν

227 3354 471 3423 γενεῶν,
494 3357 622 3419 τοὺς
661 3356 720 3420 ἐξ
750 3356 968 3426 ἀπάσης
1012 3356 1118 3426 γῆς
1159 3373 1219 3409 τε
1259 3358 1355 3411 καὶ
1392 3358 1573 3428 νήσων
1606 3358 1699 3412 καὶ
1728 3358 1822 3411 θα-

227 3444 449 3512 λάσσης
480 3444 570 3514 ὑφ’
593 3444 674 3499 ἑνὶ
709 3445 924 3514 βασιλεῖ
951 3445 1322 3516 τεθειμένους,
1362 3446 1457 3503 καὶ
1486 3446 1588 3501 ,ἕνα
1614 3446 1822 3518 Κύριον

232 3535 340 3590 καὶ
361 3535 495 3589 Θεὸν
527 3538 622 3591 καὶ
649 3537 930 3608 Δεσπότην
956 3536 1162 3598 είδότας
1191 3554 1250 3589 τε
1273 3537 1368 3589 καὶ
1402 3536 1702 3600 καλοῦντας
1730 3538 1823 3591 καὶ

231 3624 524 3689 σέϐοντας,
552 3626 820 3697 ἑπόμενον
845 3627 913 3680 ἂν
943 3626 1028 3698 εἴη
1056 3627 1135 3680 ἐνί
1157 3644 1221 3695 γε
1246 3627 1495 3698 ὀνόματι,
1525 3630 1619 3680 καὶ
1649 3628 1823 3697 τούτῳ

230 3718 324 3788 τῷ
364 3717 459 3769 ἀπ’
504 3716 711 3771 ἐκείνου
753 3718 1116 3788 ὀνομάζεσθαι
1149 3719 1243 3773 καὶ
1289 3718 1697 3787 γνωρίζεσθαι’
1743 3719 1825 3773 διό

231 3821 448 3875 φησιν’
505 3805 633 3872 Τοῖς
672 3806 1043 3861 δουλεύουσί
1077 3825 1181 3877 μοι
1224 3810 1594 3876 κληθήσεται
1637 3807 1825 3876 ὄνομα

231 3897 480 3961 καινὸν,
514 3896 545 3951 ὃ
586 3898 1068 3967 εὐλογηθήσεται
1095 3899 1193 3952 ἐπὶ
1234 3898 1348 3968 τῆς
1380 3898 1493 3971 Τῆς
1514 3915 1528 3930 ’
1567 3900 1823 3969 εὐλογή-

225 4004 433 4044 σουσι
461 3988 570 4058 γὰρ
593 3990 700 4043 τὸν
727 3989 877 4051 Θεὸν
911 3990 1022 4044 τὸν
1049 3992 1366 4058 ἀληθινόν.

316 4081 382 4133 Τί
413 4081 550 4151 πρὸς
573 4081 749 4136 ταῦτα
794 4085 951 4152 φαῖεν
982 4083 1034 4135 oi
1067 4084 1417 4156 ἀναίσθητοις
1440 4085 1494 4137 τί
1538 4085 1594 4138 δὲ
1630 4085 1823 4155 ἡμεῖς;

235 4175 371 4227 Ὅτι
392 4173 628 4244 Χριστὸς
656 4175 684 4226 ό
713 4175 921 4247 Κύριος
943 4175 1035 4228 καὶ
1053 4175 1185 4239 Θεὸς
1221 4174 1402 4245 ἡμῶν,
1423 4175 1706 4246 ἄνθρωπος
1736 4192 1828 4245 γε·

231 4262 443 4333 γονὼς,
486 4266 930 4335 προσηγόρευται
957 4264 1132 4334 ὄνομα
1160 4265 1357 4335 δηλοῦν
1383 4265 1519 4336 όμοῦ
1554 4266 1662 4319 τῶν
1702 4282 1827 4318 συν-

1923 3183 2194 3229 terrarum
2224 3169 2378 3233 orbe,
2422 3166 2618 3222 insulis
2666 3175 2829 3233 atque
2888 3163 3021 3217 mari
3074 3164 3177 3217 sub
3209 3177 3320 3217 uno
3372 3176 3500 3230 rege

1922 3266 2270 3330 constitutos,
2297 3278 2573 3332 ttuumqne
2610 3261 2898 3315 Dominum
2928 3275 2992 3313 ac
3024 3258 3188 3312 Deum
3214 3267 3268 3312 et
3298 3256 3504 3326 princi-

1921 3376 2043 3432 pem
2079 3346 2462 3430 agnoscentes,
2503 3358 2823 3412 invocantes
2847 3365 3014 3425 atque
3040 3353 3303 3414 colentes,
3338 3346 3501 3419 213

1922 3460 2346 3507 consentaneum
2382 3449 2570 3518 utique
2619 3447 2725 3501 erit
2753 3446 2913 3502 unico
2953 3445 3176 3499 nomine
3202 3452 3256 3496 et
3284 3441 3500 3510 quidem

1924 3547 1992 3599 ab
2021 3546 2111 3599 illo
2156 3544 2398 3614 principe
2447 3541 2695 3596 derivato
2738 3539 2999 3609 appellari
3037 3547 3201 3607 atque
3232 3530 3497 3589 denotari.

1923 3635 2130 3689 Idcirco
2160 3634 2421 3703 propheta
2458 3632 2535 3683 ait
2566 3647 2581 3683 :
2618 3629 2797 3683 Servis
2835 3630 2961 3681 meis
3009 3626 3284 3681 vocabitur
3315 3636 3504 3675 nomen

1924 3740 2134 3788 novum,
2177 3723 2317 3793 quod
2364 3721 2462 3775 erit
2513 3720 2568 3772 in
2606 3729 2749 3771 terra
2783 3716 3156 3781 benedictum;
3202 3711 3504 3767 benedirem

1924 3815 2061 3870 enim
2098 3812 2263 3867 Deum
2295 3827 2470 3866 verum
2505 3812 2574 3863 ⁸⁸.

2001 4082 2139 4150 Quid
2169 4080 2260 4135 isti
2287 4078 2354 4132 ad
2388 4078 2504 4133 hinc
2532 4075 2711 4131 stolidi
2744 4073 2955 4128 dicent?
2987 4069 3126 4138 Quid
3156 4076 3335 4122 autem
3368 4065 3509 4120 nos?

1928 4175 2131 4245 Nempe
2160 4174 2303 4244 quod
2326 4166 2581 4226 Christus
2604 4169 2866 4223 Dominus
2896 4183 2959 4221 ac
2987 4165 3128 4220 Deus
3158 4170 3362 4225 noster,
3397 4156 3510 4211 fac-

1934 4276 2019 4322 tus
2049 4267 2233 4331 homo,
2295 4264 2519 4320 nomine
2570 4259 2875 4330 appellatus
2919 4258 2992 4312 sit
3044 4255 3189 4326 quod
3226 4262 3510 4320 utramque

232 4351 524 4406 ελθουσῶν
578 4352 794 4422 φύσεων
834 4354 898 4408 τὸ
937 4355 1371 4426 συναμφότερον,
1400 4355 1501 4423 τῆς
1536 4373 1597 4408 τε
1628 4356 1825 4426 χρισάσο

1932 4360 2133 4412 unitam
2166 4367 2415 4410 naturam
2441 4354 2646 4423 pariter
2670 4349 3021 4421 signiﬁcaret,
3055 4360 3250 4414 nempe
3266 4352 3318 4397 et
3339 4341 3511 4396 deita-

237 4462 351 4514 σης
399 4444 686 4514 θεότητος,
734 4445 833 4515 τῆς
873 4460 934 4496 τε
986 4444 1307 4515 χρισθείσης
1360 4442 1826 4515 ἀνθρωπότητος·

1932 4459 2035 4503 tem
2073 4458 2360 4514 ungentem
2403 4454 2458 4499 et
2489 4452 2711 4497 unctam
2749 4440 3181 4503 humanitatem;
3217 4436 3288 4489 ita
3322 4440 3380 4488 ut
3406 4447 3513 4486 uno

233 4536 391 4590 ὥστε
431 4537 531 4606 μιᾷ
575 4538 730 4606 φωνῇ
774 4536 868 4589 καὶ
908 4536 1017 4588 τῶν
1058 4535 1489 4605 συνδραμουσῶν
1528 4536 1728 4588 οὐσιῶν
1769 4535 1831 4589 τὸ

1929 4542 2195 4596 vocabulo
2227 4548 2280 4592 et
2313 4536 2755 4591 concurrentium
2805 4534 3234 4587 substantiarum
3283 4524 3512 4596 duplici-

235 4626 500 4689 διπλοῦν,
530 4628 629 4681 καὶ
665 4627 765 4697 τὴν
807 4628 871 4680 ὲκ
900 4626 1109 4679 τούτων
1147 4626 1241 4679 τοῦ
1285 4626 1488 4679 ἑνιαίου
1531 4626 1830 4696 προσώπου

1933 4641 2032 4698 tas,
2067 4641 2121 4685 et
2148 4631 2292 4683 facta
2316 4643 2382 4683 ex
2411 4628 2494 4681 his
2518 4626 2690 4681 unica!
2717 4639 2963 4697 personae
2992 4620 3333 4693 hypnstatica
3362 4617 3511 4681 unio,

239 4717 377 4773 καθ’
425 4718 728 4771 ὑπόστασιν
771 4717 988 4781 ἕνωσιν,
1033 4716 1292 4787 ἀσφαλῶς
1336 4717 1828 4786 διαγινώσκεσθαι·

1932 4723 2052 4777 sine
2077 4720 2417 4776 dubitatione
2446 4720 2886 4787 dignosceretnr.
2925 4713 3369 4769 Consentaneum
3406 4708 3513 4763 ita-

238 4810 474 4878 εὔλογον
498 4806 592 4864 οῦν
609 4810 736 4873 τοῦς
765 4810 844 4873 είς
873 4809 935 4862 τὸ
968 4808 1139 4880 ὄνομα
1164 4808 1324 4863 τοῦτο
1363 4808 1832 4881 βεϐαπτισμένους

1932 4827 2040 4884 que
2083 4822 2225 4878 erat,
2254 4822 2313 4865 ut
2335 4811 2427 4881 qui
2473 4811 2526 4864 in
2569 4810 2672 4863 hoc
2703 4809 2923 4862 nomine
2973 4803 3231 4875 haptizati
3272 4810 3432 4857 erant
3460 4808 3517 4854 et

172 4968 177 4972 .
237 4919 306 4956 τε
337 4904 435 4956 καὶ
461 4902 959 4974 ἐσφραγισμένους,
978 4903 1073 4956 ἀπ’
1098 4900 1263 4956 αὑτοῦ
1298 4900 1583 4955 καλεῖσθαί
1612 4918 1673 4954 τε
1691 4917 1831 4971 παρ-

1936 4902 2263 4974 consignati,
2302 4903 2371 4958 ab
2395 4902 2589 4958 eodem
2640 4912 2943 4969 c0gnomen
2990 4912 3147 4952 suum
3182 4891 3514 4955 derivarent,

239 4990 525 5062 ιονύμως,
584 4990 681 5044 καὶ
755 4990 1118 5062 χρηματίζειν
1191 4989 1596 5061 Χριστιανοὺς,
1652 4985 1836 5058 ταυτῷ

1935 5005 1991 5051 et
2038 4995 2333 5051 Christiani
2416 4993 2771 5055 dicerentur,
2830 5006 2939 5043 uno
2998 4987 3299 5055 eodemque
3363 4981 3517 5035 titulo

242 5084 465 5145 πάντας
510 5081 954 5153 γνωριζομένους
996 5081 1094 5134 καὶ
1146 5081 1519 5152 καλουμένους
1565 5078 1834 5149 ὀνόματι,

240 5176 507 5247 καθάπερ
543 5176 595 5227 οἱ
627 5174 739 5227 τῶν
774 5173 1138 5244 συνθημάτων
1164 5174 1232 5226 τὰ
1273 5172 1651 5244 ἐπισημότερα
1694 5189 1832 5239 γνω-

244 5269 493 5342 ρίσματα
538 5268 816 5336 φέροντες·
859 5266 1139 5322 καὶτοῦτο
1170 5267 1304 5335 ἡμῖν
1350 5265 1410 5318 τὸ
1453 5264 1744 5317 ίδιαίτατόν
1772 5280 1833 5316 τε

241 5362 344 5415 καὶ
386 5359 729 5413 οἰκειότατον
765 5358 1058 5431 γνώρισμά
1086 5376 1144 5411 τε
1185 5358 1279 5412 καὶ
1318 5357 1511 5428 ὄνομα,
1540 5355 1645 5410 κᾶν
1682 5357 1734 5410 οἱ
1765 5359 1830 5427 τῇ

243 5450 392 5522 μέθῃ
434 5450 537 5519 τῆς
586 5448 843 5511 ἀσεϐείας
882 5448 1314 5522 βεϐαπτισμένοι
1364 5446 1438 5518 μὴ
1486 5447 1828 5517 ἀνέχωνται·

239 5540 442 5594 τούτου
485 5555 550 5607 γε
588 5539 797 5591 εἵνεκεν
848 5540 943 5593 καὶ
984 5539 1124 5608 ἀγαν
1166 5536 1491 5607 θεοπρεπῶς
1533 5537 1831 5608 Ἐκκλησία

321 5721 365 5754 ⁵⁸
399 5723 505 5778 Iba.
538 5736 664 5784 LX‘I,
695 5719 750 5771 Ξ.

1941 5087 2185 5143 distincti
2230 5101 2422 5142 omnes
2469 5097 2632 5155 atque
2674 5081 2953 5153 appellati,
2998 5078 3147 5133 velut
3183 5076 3219 5129 ii
3248 5073 3342 5145 qui
3372 5070 3517 5142 pacti

1940 5177 2168 5245 alicujus
2218 5176 2521 5233 certissima
2557 5177 2707 5245 signa
2737 5189 2848 5243 pra:
2885 5185 2945 5226 se
2971 5170 3174 5224 ferunt.
3214 5167 3391 5233 Atque
3416 5163 3519 5217 hoc

1942 5269 2100 5322 nobis
2146 5268 2383 5323 maxime
2436 5267 2712 5336 preprium
2760 5277 2825 5317 ac
2858 5260 3133 5331 peculiare
3178 5253 3517 5327 signaculum

1942 5373 2250 5428 nomenque
2296 5366 2402 5424 est,
2453 5353 2808 5425 quantumvis
2838 5353 2890 5407 bi
2924 5348 3256 5419 irreligionis
3293 5346 3519 5416 crapula

1940 5451 2103 5505 mersi
2133 5451 2323 5506 audire
2353 5464 2460 5504 non
2506 5446 2808 5516 patiantur.
2845 5441 3013 5511 llujus
3043 5441 3123 5496 rei
3147 5453 3310 5494 causa
3350 5432 3507 5491 mira-

1940 5545 2122 5602 biliter
2172 5547 2461 5601 admodum
2497 5539 2695 5599 Christi
2742 5537 2982 5594 Ecclesia
3008 5545 3065 5593 et
3102 5543 3185 5591 cst
3213 5544 3270 5591 et
3295 5532 3519 5599 dicitur,
