3900 6148
431 228 556 294 639'

1423 226 1489 289 S.
1527 225 1952 287 NICEPIIORI
1995 223 2507 287 PATRIARCHAS
2545 225 2657 286 CP.

3612 221 3714 284 Ἰθθ

435 337 776 408 populusque
807 333 1207 406 acquisitionis,
1254 347 1383 404 gens
1413 344 1624 401 sancta,
1657 352 1828 404 genus
1868 337 2012 392 elec-

2123 335 2360 406 Χριστοῦ
2382 334 2499 388 ἐστι
2531 351 2590 387 τε
2627 332 2723 388 καὶ
2747 333 2992 402 λέγεται,
3027 333 3121 388 καὶ
3146 333 3276 397 λαὸς
3301 331 3390 396 είς
3421 333 3715 404 περιποίη-

433 439 584 495 tum,
633 425 814 496 regale
859 425 1258 490 sacerdotium,
1311 424 1598 481 barreditas
1639 428 1838 499 inclyta
1890 429 2018 495 Dei,

435 519 613 588 portio
673 517 914 583 Domini,
961 515 1236 570 funiculus
1285 515 1626 573 hereditatis
1680 519 1842 589 ejus,
1891 522 2020 576 vitis

440 609 650 665 Domini
681 609 945 675 Sabaoth,
983 607 1074 662 ﬁlii
1111 606 1546 673 dilecti,fratres
1579 611 1848 680 germani,
1876 612 2017 666 servi

441 701 873 767 familiarissimi,
926 700 1182 768 templum
1229 701 1348 765 Dei,
1377 701 1528 769 regni
1565 702 1829 767 heredes,
1861 719 2022 759 voca-

441 793 603 848 tionis
636 793 876 848 cmlestis
925 791 1243 861 participes,
1298 793 1594 848 rationales
1649 809 1780 849 oves
1819 796 2020 862 summi

437 885 694 954 pastoris.
737 883 920 951 Quare
950 893 1004 938 et
1032 883 1263 939 virtutes
1305 883 1423 952 ejus
1469 887 1882 953 annuntiamus,
1927 889 2020 958 qui
2056 883 2063 890 ’

437 975 654 1030 vocavit
685 991 782 1030 nos
825 991 856 1029 e
907 974 1147 1030 tenebris
1180 975 1232 1028 in
1263 976 1584 1030 admirabile
1612 976 1794 1032 lumen
1837 994 2020 1044 suum,

439 1064 716 1132 Deumque
738 1077 792 1118 et
817 1063 1018 1134 Regem
1042 1077 1098 1120 et
1133 1065 1443 1132 Dominum,
1461 1064 1803 1132 Creatorem,
1831 1066 2024 1122 Serva-

441 1165 612 1210 torem
643 1153 1173 1225 Rcdemptoremque
1209 1156 1554 1211 nominamus
1584 1166 1640 1211 et
1673 1158 2020 1222 conﬁtemur,

437 1256 493 1299 et
519 1247 780 1316 quidquid
842 1257 1104 1316 praeterea
1140 1264 1168 1300 a
1203 1249 1358 1302 nobis
1415 1249 1466 1302 in
1518 1248 1740 1319 hymnis
1801 1251 2020 1304 dicitur.

441 1337 534 1392 Sic
580 1338 694 1392 veri
749 1336 1036 1392 Trinitatis
1087 1340 1404 1394 adoratores
1449 1341 1641 1408 agniti,
1695 1341 2020 1414 diabolicam

439 1443 655 1482 omnem
708 1429 946 1483 fraudem
983 1430 1310 1498 proterimus
1343 1447 1406 1485 ac
1437 1431 1775 1502 despuimus,
1806 1447 2020 1487 omnem

441 1518 694 1572 idolicum
741 1536 984 1576 errorem
1041 1522 1257 1576 odimus
1312 1533 1475 1594 atque
1526 1523 1932 1589 abominamur,
1965 1531 2022 1578 et

435 1607 530 1678 qui
567 1625 674 1664 non
718 1610 792 1665 ita
834 1627 892 1666 se
932 1611 1136 1666 habent
1167 1621 1222 1668 et
1249 1615 1600 1680 confitentur,
1654 1615 2024 1669 anathemati-

440 1702 538 1755 bus
587 1701 929 1770 subjicimus.
965 1703 1162 1760 Nostra
1218 1705 1402 1775 itaque
1451 1705 1723 1761 confessio
1749 1706 2019 1776 ejusmodi

437 1801 540 1846 est.
579 1790 682 1848 Sed
701 1795 812 1864 jam
847 1795 913 1850 ad
955 1797 1098 1852 illam
1129 1809 1320 1853 contra
1355 1799 1688 1869 irreligiosos
1716 1799 2020 1854 orationem

435 1898 466 1936 a
497 1899 598 1952 qua
630 1883 981 1942 discessimus
1017 1898 1378 1944 revertamur.

2124 447 2230 492 σιν,
2263 429 2358 483 καὶ
2383 427 2542 492 ἔθνος
2580 426 2762 495 ἅγιον,
2795 426 2893 480 καὶ
2920 425 3080 494 γένος
3112 425 3396 490 ἐκλεκτὸν,
3431 424 3532 478 καί
3569 424 3715 494 βασί-

2119 520 2176 574 λε
2189 537 2265 573 ιον
2299 521 2625 592 ἱεράτευμα,
2669 517 2765 571 καὶ
2797 517 3137 588 κληρονομία
3176 515 3315 570 Θεοῦ
3350 516 3596 581 ἔνδοξος,
3627 516 3716 570 xui.

2125 611 2282 684 μερὶς
2328 611 2569 682 Κυρίου,
2613 610 2709 664 καὶ
2757 609 3050 679 σχοίνισμα
3097 609 3477 680 κληρονομίας
3525 607 3715 673 αὑτοῦ,

2121 705 2217 758 καὶ
2244 703 2507 773 ἀμπελὼν
2538 701 2745 771 Κυρίου
2768 699 3022 764 Σαϐαὼθ,
3047 703 3141 755 καὶ
3155 702 3326 754 τέκνα
3351 699 3717 770 ἠγαπημένα,

2122 795 2220 848 καὶ
2251 791 2472 860 ἀδελφοὶ
2498 792 2835 855 πιστότατοι,
2857 791 2963 844 ικαὶ
3000 791 3184 844 δοῦλοι
3217 791 3589 854 οἰκειότατοι,
3630 793 3719 844 καὶ

2123 884 2248 947 ναὸς
2287 881 2449 950 Θεοῦ,
2488 883 2583 936 καὶ
2613 879 2894 954 βασιλείας
2923 883 3280 954 κληρονόμοι,
3331 883 3432 936 καὶ
3470 882 3720 953 κλήσεως

2123 975 2455 1045 ἐπουρανίου
2491 975 2740 1045 μέτοχοι,
2766 977 2861 1028 καὶ
2893 973 3146 1046 πρόϐατα
3181 973 3384 1044 λογικά
3427 973 3530 1027 τοῦ
3567 975 3720 1044 ἀρχι-

2125 1065 2420 1136 ποιμένος·
2453 1065 2535 1118 διὸ
2569 1065 2666 1118 καὶ
2690 1063 2790 1128 τὰς
2832 1065 3038 1137 ἀρετὰς
3082 1064 3251 1120 αὐτοῦ
3289 1064 3719 1134 ἐξαγγέλλομεν,

2121 1157 2217 1211 τοῦ
2247 1157 2579 1220 καλέσαντος
2622 1158 2774 1228 ἡμᾶς
2817 1157 2882 1210 ὲκ
2922 1157 3149 1220 σκότους
3177 1157 3261 1220 εἰς
3303 1157 3364 1209 τδ
3403 1154 3722 1227 θαυμαστὸν

2123 1247 2290 1302 αὑτοῦ
2340 1246 2478 1316 φῶς,
2519 1247 2654 1301 Θεόν
2698 1263 2761 1300 τε
2800 1248 2899 1300 καὶ
2917 1247 3175 1313 Βασιλέα,
3220 1247 3318 1301 καὶ
3364 1246 3608 1318 Κύριον,
3633 1246 3724 1298 καὶ

2125 1339 2382 1410 Ποιητὴν,
2406 1341 2502 1392 καὶ
2541 1339 2798 1409 Σωτῆρα,
2823 1339 2922 1392 καὶ
2969 1339 3268 1411 Λυτρωτὴν
3297 1340 3725 1411 ὲπιγραιρόμεθα

2127 1431 2221 1484 καὶ
2238 1429 2503 1500 ὀμολογοῦ
2513 1447 2634 1500 μεν,
2661 1429 2758 1484 καὶ
2777 1430 2830 1482 εῐ
2843 1447 2894 1482 τι
2907 1429 2994 1482 ἓτε
3002 1447 3095 1500 ρον
3115 1430 3255 1501 πρὸς
3271 1431 3306 1500 ή
3313 1432 3436 1500 μῶν
3458 1431 3725 1500 ἀνυμνεῖο

2123 1540 2248 1576 ται·
2275 1521 2420 1575 οὓτω
2444 1522 2822 1593 προσκυνηταὶ
2853 1522 2954 1592 τῆς
2981 1521 3214 1592 Τριάδος
3241 1520 3498 1590 ἀληθινοὶ
3523 1537 3726 1590 γνωρι-

2127 1613 2377 1684 ζόμενοι,
2423 1615 2607 1668 πᾶσαν
2651 1613 2974 1684 δαιμονικὴν
3029 1613 3241 1683 πλάνην
3285 1611 3726 1681 κατατυατοῦμεν

2129 1707 2221 1760 καὶ
2247 1705 2606 1776 διαπτύομεν,
2641 1707 2827 1759 πᾶσαν
2858 1703 3150 1776 είδωλικὴν
3179 1703 3403 1774 ἀπάτην
3447 1703 3725 1774 μυσαττό-

2133 1797 2274 1868 μεθα
2305 1797 2402 1850 καὶ
2432 1795 2861 1866 βδελυσσόμεθα,
2896 1798 2993 1849 καὶ
3020 1797 3150 1860 τοὺς
3181 1793 3258 1864 μὴ
3290 1793 3474 1858 οὕτως
3503 1793 3726 1863 ἔχοντας

2129 1891 2226 1943 καὶ
2265 1887 2661 1959 ὁμολογοῦντας
2713 1890 2826 1951 τοῖς
2857 1886 3168 1965 ἁναθέμασι
3215 1883 3724 1954 καταζευγνύομεν.

450 1977 513 2030 Ἠ
551 1979 648 2046 μὲν
689 1976 782 2034 οὖν
821 1979 946 2034 καθ’
992 1981 1139 2052 ἡμᾶς
1185 1981 1450 2052 ὁμολογία
1481 1981 1707 2054 τοιαύτη
1749 1983 1846 2038 καὶ
1883 1981 2060 2048 οὕτως
2096 1982 2330 2054 ἐχουσα’
2369 1981 2463 2036 ἐπὶ
2499 1981 2555 2034 δὲ
2594 1981 2686 2034 τὸν
2751 1981 2888 2048 πρὸς
2932 1980 3062 2044 τοὺς
3103 1979 3324 2043 ἀσεϐεῖς
3368 1978 3558 2048 λόγον,
3607 1977 3726 2032 ὅθεν

436 2071 729 2142 ὲξέὀημεν,
764 2071 928 2126 πάλιν
959 2073 1212 2144 μέτιμεν.

508 2160 599 2216 ιο.
635 2161 774 2229 Quid
802 2178 934 2233 ergo
961 2165 1178 2220 dicitis?
1220 2165 1330 2220 Rex
1385 2167 1470 2222 liic
1512 2184 1741 2238 magnus
1771 2169 2022 2240 magniﬁ-

439 2267 568 2316 cus,
636 2251 790 2322 cujus
859 2255 1264 2325 magnilicentia
1328 2258 1496 2312 caelos
1557 2268 1886 2327 exsuperat,
1937 2260 2022 2312 cui

439 2345 685 2399 omnium
720 2360 902 2400 rerum
932 2358 1174 2416 potestas
1199 2359 1303 2417 est,
1336 2352 1540 2420 quique
1565 2352 1850 2421 imperium
1883 2369 2024 2408 sem-

441 2437 714 2506 piternum
761 2441 1016 2507 obtinet;
1081 2458 1250 2513 regno
1302 2445 1446 2498 enim
1480 2446 1602 2514 ejus
1642 2445 1850 2501 nullum
1901 2464 2024 2503 esse

442 2529 602 2582 tinem
661 2530 986 2585 conﬁtemur
1040 2534 1318 2601 quotidie;
1373 2537 1684 2606 angelorum
1739 2538 2016 2603 Dominus,

437 2620 764 2688 caelestium,
801 2624 1165 2692 terrestrium,
1203 2635 1366 2696 atque
1395 2626 1729 2682 infernoruni
1778 2629 2020 2700 impera-

441 2723 548 2775 tor,
579 2713 847 2768 universae
900 2725 1164 2772 creatura:
1218 2728 1430 2783 auctor,
1476 2721 1680 2790 quique
1727 2722 1920 2776 omnia
1951 2737 2018 2777 ex

439 2818 544 2857 non
569 2807 914 2862 exstantibus
937 2809 1003 2862 ad
1030 2809 1403 2864 cxsistendum
1435 2813 1721 2880 produxit;
1750 2816 2021 2882 quomodo

2194 2167 2303 2237 μθ’.
2343 2163 2409 2218 Τί
2449 2159 2542 2218 οὖν
2578 2181 2748 2234 φατες
2787 2166 2816 2218 6
2844 2163 3100 2234 βασιλεὺς
3145 2155 3326 2227 οὗτος,
3370 2163 3400 2215 6
3447 2162 3654 2232 μέγας,
3697 2166 3726 2216 6

2123 2256 2576 2330 μεγαλοπρεπὴς,
2606 2251 2668 2310 οὗ
2697 2257 2731 2326 ἡ
2772 2255 3230 2326 μεγαλοπρέπεια
3270 2255 3404 2317 τοὺς
3455 2253 3726 2324 οὐρανοὺς

2121 2347 2510 2420 ὑπεράλλεται,
2543 2348 2571 2400 6
2602 2347 2748 2401 κατά
2778 2346 3000 2400 πάντων
3053 2345 3374 2417 ἀνημμένος
3399 2344 3468 2397 τὸ
3495 2345 3722 2415 κράτος,

2120 2441 2216 2496 καὶ
2240 2443 2341 2510 τὴν
2370 2439 2547 2512 ἀρχὴν
2579 2439 2922 2510 κεκτημένος
2949 2438 3255 2509 ἀπέραντον
3279 2451 3294 2467 ’
3338 2437 3444 2508 τῆς
3467 2437 3586 2508 γὰρ
3631 2436 3724 2507 βα-

2131 2532 2333 2594 σιλείας
2361 2529 2527 2585 αὑτοῦ
2557 2529 2632 2602 μὴ
2651 2526 2794 2584 εἶναι
2825 2529 2977 2592 τέλος
3003 2527 3384 2599 ὁμολογοῦμεν
3421 2527 3724 2596 ὁσημέραι,

2128 2625 2157 2676 6
2173 2623 2278 2676 τῶν
2295 2621 2540 2692 ἀγγέλων
2571 2621 2798 2692 Κύριος,
2815 2621 2844 2673 6
2864 2620 2975 2673 τῶν
2996 2618 3294 2690 οὐρανίων,
3315 2619 3414 2672 καὶ
3433 2618 3720 2686 ἑπιγεὲων,

2130 2715 2227 2768 καὶ
2255 2713 2628 2784 καταχθονίων
2655 2712 2956 2777 δεσπόζων,
2977 2713 3006 2764 ό
3027 2713 3206 2780 πάσης
3237 2709 3603 2782 Δημιουργδς
3624 2711 3724 2780 τῆς

2130 2805 2384 2870 κτίσεως,
2429 2805 2526 2857 καὶ
2575 2803 2838 2873 παράγων
2880 2803 3060 2856 πάντα
3109 2799 3170 2866 ἐξ
3211 2802 3316 2855 οὒκ
3357 2800 3534 2855 ὀντων
3585 2801 3725 2869 πρὸς

431 2895 545 2963 jam
597 2896 677 2949 vel
725 2898 921 2954 saltem
967 2899 1242 2968 aliquibus
1295 2903 1698 2958 dominabitur?
1743 2904 1950 2961 Deiecit
1987 2925 2017 2959 a

2124 2894 2389 2967 ὕπαρξιν,
2447 2893 2564 2957 πῶς
2611 2893 2692 2946 ἔτι
2744 2892 3055 2963 βασιλεύσει
3102 2892 3134 2962 ἢ
3186 2891 3461 2962 κατάρξει
3511 2891 3720 2956 τινῶν;

437 2997 590 3041 tanto
624 3003 749 3060 rege
779 2991 1029 3060 populus,
1067 3009 1226 3061 quem
1255 2997 1319 3049 de
1353 2996 1742 3062 perduellionis
1790 2998 2021 3054 crimine

440 3080 636 3133 merito
658 3082 782 3148 quis
813 3083 1117 3149 accusabit,
1146 3100 1315 3138 vacua
1349 3097 1476 3140 sunt
1501 3085 1611 3156 jam
1639 3091 1784 3157 regia
1816 3089 2016 3158 palatia

355 3215 364 3222 .
435 3180 491 3224 et
517 3171 752 3235 deserta,
784 3173 1005 3228 alterius
1027 3177 1168 3244 regis
1195 3186 1380 3242 partes
1401 3189 1722 3246 sequuntur.
1755 3178 2017 3246 Hujusce-

438 3261 579 3315 modi
623 3270 706 3315 est
747 3263 1128 3318 seditiosorum
1181 3265 1373 3319 horum
1419 3269 1618 3334 oratio,
1668 3269 1760 3336 qui
1812 3271 2017 3326 Christi

438 3363 603 3416 regno
653 3349 774 3404 ideo
822 3350 1058 3406 fortasse
1112 3369 1220 3408 non
1279 3353 1598 3421 subjacent,
1655 3357 1781 3426 quia
1836 3373 2017 3428 regem

438 3439 640 3494 habent
667 3439 990 3496 Mameuatn.
1025 3444 1137 3514 Age
1169 3445 1323 3498 nobis
1353 3445 1540 3500 dicant
1569 3445 1892 3503 defectionis
1921 3452 2021 3504 bu-

428 3529 520 3596 jus
554 3531 809 3598 modum;
845 3543 1126 3602 quieratur
1163 3551 1414 3606 quamam
1450 3538 1620 3593 fuerit
1645 3541 2024 3598 conversionis

434 3620 596 3674 istius
627 3637 787 3676 causa
817 3640 832 3690 ;
865 3624 908 3678 si
941 3636 1135 3694 sponte
1169 3629 1385 3696 quidem
1415 3645 1445 3682 a
1479 3629 1808 3684 dominantis
1857 3647 2017 3686 manu

438 3711 668 3780 populus
700 3727 760 3768 se
797 3715 1078 3780 subduxit,
1121 3727 1376 3772 utrumne
1420 3720 1547 3789 quia
1599 3719 1688 3775 ille
1751 3721 2016 3777 dominari

437 3802 707 3870 nesciret,
747 3819 816 3858 an
862 3806 990 3876 quia
1043 3809 1180 3863 tueri
1217 3823 1312 3865 eos
1361 3826 1466 3865 non
1506 3820 1705 3881 posset.
1771 3815 1934 3883 Atqui
1973 3816 2017 3870 is

435 3901 518 3946 est
546 3893 637 3962 qui
667 3894 720 3948 in
747 3910 914 3966 regno
938 3913 1038 3952 suo
1063 3899 1376 3956 dominatur
1400 3918 1428 3956 a
1454 3903 1675 3968 saeculo,
1701 3905 1792 3973 qui
1817 3905 2014 3960 coelum

435 3994 746 4056 terramque
770 3988 974 4059 implet,
995 3991 1151 4060 cujus
1171 3993 1223 4047 in
1249 4010 1411 4048 manu
1436 4010 1627 4049 omnes
1654 3997 1788 4050 ﬁnes
1815 4007 2013 4064 terrae;

433 4075 529 4145 qui
557 4075 698 4133 Deus
725 4082 790 4132 ad
812 4080 1129 4137 salvaudum
1171 4085 1405 4150 dicitur;
1443 4095 1498 4138 et
1524 4085 1663 4140 Deus
1695 4087 2014 4142 salutarium

435 4180 778 4242 nostrorum;
811 4185 865 4230 et
890 4177 1003 4243 ipse
1035 4188 1195 4232 natus
1221 4188 1307 4234 est
1331 4179 1488 4234 nobis
1521 4179 1781 4236 Servator
1826 4183 2013 4238 Domi-
2051 4221 2092 4273 υ

2135 2987 2546 3057 Ἀπέστραπται
2591 2987 2620 3039 ὁ
2645 2983 2741 3038 τοῦ
2785 2983 3112 3056 τηλικούτου
3148 2983 3418 3054 βασιλέως
3463 2983 3633 3049 λαὸς,
3661 2977 3722 3038 οὗ

2121 3079 2184 3150 δὴ
2212 3077 2554 3144 λειποταξίου
2594 3077 2816 3148 γραφὴν
2846 3079 2925 3140 εἰς
2961 3075 3081 3130 δέον
3115 3093 3202 3139 τις
3257 3076 3549 3146 καταχέοι,
3588 3079 3723 3130 κενὰ

2120 3169 2307 3223 λοιπὸν
2333 3171 2402 3222 τὰ
2435 3169 2686 3240 βασίλεια
2715 3169 2814 3222 καὶ
2841 3169 3025 3239 ἔρημα
3049 3168 3512 3232 καταλέλειπται,
3541 3170 3721 3240 ἑτέρῳ

2123 3262 2448 3331 προσέθεντο
2473 3263 2704 3332 βασιλεῖ·
2739 3261 2987 3324 τοιοῦτος
3009 3260 3119 3333 γὰρ
3142 3263 3170 3314 6
3196 3263 3309 3314 τῶν
3335 3262 3720 3316 ἀὸασιλεύτων

2121 3356 2300 3423 λόγος,
2333 3355 2381 3408 οἳ
2405 3355 2504 3426 οὐχ
2545 3355 2650 3408 ὑπὸ
2684 3353 2784 3426 τὴν
2821 3353 3066 3423 Χριστοῦ
3113 3353 3396 3424 βασιλείαν
3432 3356 3584 3424 τάχα
3610 3355 3722 3410 κεί-

2123 3465 2326 3512 σονται,
2369 3446 2638 3517 ὲτέρωθέν
2677 3463 2742 3516 γε
2787 3447 2884 3500 καὶ
2925 3445 3066 3518 πρὸς
3107 3445 3204 3499 τοῦ
3260 3447 3523 3517 May.de
3563 3447 3720 3518 βασι-

2120 3540 2432 3610 λευόμενον
2485 3539 2802 3606 λεγέτωσαν
2848 3538 2906 3592 δὲ
2957 3538 3059 3607 τῆς
3113 3538 3571 3608 ἑγκαταλείψεως
3628 3540 3721 3592 τὸν

2120 3629 2320 3699 τρόπον
2343 3645 2356 3658 ·
2387 3627 2662 3698 ζητείσθω
2691 3629 2775 3693 τίς
2817 3631 2851 3701 ἡ
2893 3629 3045 3682 αἰτία
3089 3630 3189 3700 τῆς
3243 3631 3600 3700 μεταθέσεως
3623 3647 3640 3660 °
3669 3633 3720 3684 εἰ

2123 3722 2222 3792 μὲν
2249 3721 2392 3774 ἑκὼν
2426 3722 2455 3774 6
2491 3721 2622 3785 λαὸς
2650 3722 2750 3790 τῆς
2777 3721 2961 3792 χειρὸς
2993 3722 3206 3793 ἀπέδρα
3233 3721 3330 3776 τοῦ
3365 3722 3718 3790 ἐξουσιάζω-

2119 3830 2230 3877 τος,
2277 3813 2512 3884 πότερον
2553 3813 2629 3876 ὡς
2671 3813 2768 3867 τοῦ
2803 3814 2994 3884 ἄρχειν
3039 3815 3140 3868 οὐκ
3189 3811 3504 3884 ἰσχύοντος,
3539 3816 3577 3886 ἢ
3617 3815 3715 3869 τοῦ

2121 3903 2316 3970 σώζειν
2340 3905 2400 3958 ού
2443 3904 2745 3968 σθένον-τος.
2766 3907 2878 3959 Καὶ
2925 3905 3034 3976 μὴν
3060 3909 3089 3960 6
3115 3906 3398 3970 δεσπόζων
3438 3909 3501 3959 ὲν
3523 3911 3596 3978 τῇ
3619 3908 3714 3960 δυ-

2119 3996 2342 4066 ναστεία
2387 3995 2551 4049 αὐτοῦ
2600 3997 2694 4050 τοῦ
2730 3998 2946 4064 αἰῶνος,
2991 3998 3157 4062 αὑτός
3199 3999 3351 4052 ἔστιν
3391 4001 3422 4052 6
3483 3998 3714 4069 πληρῶν

2117 4088 2210 4140 τὸν
2247 4087 2478 4158 οὐρανὸν
2501 4089 2597 4142 καὶ
2624 4088 2722 4160 τὴν
2761 4089 2887 4160 γῆν,
2917 4091 3012 4144 καὶ
3052 4092 3111 4144 ὲν
3139 4093 3206 4163 τῇ
3244 4091 3391 4161 χειρὶ
3424 4090 3602 4144 αὑτοῦ
3643 4089 3714 4144 τὰ

2119 4180 2334 4251 πέρατα
2362 4181 2460 4250 τῆς
2481 4179 2622 4250 γῆς·
2657 4181 2751 4234 καὶ
2773 4180 2906 4246 Θεὸς
2945 4179 3040 4236 τοῦ
3087 4179 3284 4246 σώζειν
3328 4181 3581 4251 λέγεται,
3617 4183 3714 4238 καὶ

434 4278 571 4330 ιιυε;
601 4274 657 4319 et
687 4268 775 4334 qui
806 4267 1002 4328 salvet.
1036 4277 1233 4336 prmter
1263 4269 1430 4335 illum,
1465 4288 1626 4328 nemo
1647 4284 1752 4328 est.
1780 4273 1860 4328 An
1888 4276 2016 4346 quia

2123 4273 2250 4336 Θεὸς
2275 4273 2383 4326 τῶν
2428 4272 2718 4343 σωτηριῶν
2756 4273 2950 4343 ἡμῶν·
2985 4275 3081 4328 καὶ
3129 4275 3294 4339 αὐτὸς
3334 4274 3537 4348 ἐτέχθη
3574 4279 3713 4346 ἡμῖν

434 4367 539 4406 non
563 4354 834 4420 providet,
861 4371 960 4410 nec
987 4355 1096 4410 Deo
1118 4357 1275 4426 digne
1302 4368 1482 4414 nostra
1506 4362 1620 4417 liazc
1642 4363 2012 4431 administrat,

433 4441 579 4496 lmnc
613 4447 912 4499 recusant?
940 4448 1100 4516 Atqui
1129 4449 1246 4518 ipse
1275 4461 1357 4504 est
1384 4452 1473 4520 qui
1523 4454 1654 4508 oriri
1685 4455 1816 4510 facit
1847 4456 2014 4512 solem

431 4545 589 4586 suum
644 4548 807 4603 supra
864 4537 1032 4592 malos
1063 4549 1116 4593 et
1159 4539 1351 4604 bonos,
1380 4551 1434 4596 et
1467 4542 1602 4612 pluit
1644 4558 1808 4614 super
1835 4545 2016 4614 justos

432 4634 596 4694 atque
644 4625 908 4693 injustos;
957 4629 1048 4698 qui
1096 4631 1184 4685 dat
1217 4642 1377 4688 terra:
1409 4633 1637 4690 imbrem
1683 4637 2009 4691 matutinum

429 4723 488 4770 et
520 4715 837 4780 serotinum,
867 4720 960 4789 qui
987 4722 1078 4774 dat
1100 4737 1278 4777 escam
1331 4725 1479 4779 omni
1507 4727 1679 4780 carni.
1713 4726 1817 4795 Et,
1851 4725 2018 4781 Pater

433 4822 600 4873 mens,
633 4808 829 4879 inquit,
855 4827 1018 4881 usque
1047 4813 1199 4868 modo
1222 4826 1494 4884 operatur,
1520 4827 1569 4871 et
1605 4834 1698 4889 ego
1729 4835 1918 4886 operor
1941 4821 2010 4873 ⁸⁸.

433 4898 641 4965 Quibus
679 4901 859 4958 verbis
893 4919 1077 4958 curam
1113 4905 1206 4962 Dei
1238 4907 1306 4964 de
1335 4908 1504 4983 214
1530 4912 1687 4968 nobis
1719 4913 2014 4982 providen-

2114 4363 2308 4436 Σωτὴρ
2335 4363 2562 4435 Κύριος,
2590 4364 2686 4416 καὶ
2712 4363 2900 4428 σώζων
2926 4365 3027 4418 οὐκ
3057 4365 3137 4418 ἔτι
3171 4365 3314 4436 πλὴν
3342 4367 3538 4420 αὑτοῦ·
3571 4369 3608 4438 ἦ
3631 4369 3713 4421 ὅτι

2113 4459 2173 4510 ού
2199 4461 2419 4528 προνοεῖ
2445 4456 2542 4510 καὶ
2571 4455 2812 4525 διεξάγει
2856 4460 2923 4511 τὰ
2957 4458 3084 4529 τῇδε
3135 4458 3486 4528 θεοπρεπῶς,
3518 4461 3712 4514 τοῦτσν

2113 4549 2490 4619 ἀπήρνηνται;
2519 4547 2638 4601 ἀλλ’
2669 4548 2834 4612 αὐτός
2860 4551 3008 4603 ἐστιν
3036 4552 3065 4603 6
3090 4551 3407 4606 ἀνατέλλων
3436 4551 3530 4605 τὸν
3553 4553 3712 4622 ἥλιον

2114 4638 2280 4694 αὐτοῦ
2325 4639 2418 4693 ἐπὶ
2465 4639 2738 4710 πονηροὺς
2783 4641 2879 4694 καὶ
2922 4641 3185 4709 ἀγαθοὺς,
3220 4643 3315 4696 καὶ
3357 4642 3574 4714 βρέχων
3614 4645 3708 4698 ἐπὶ

2114 4731 2362 4796 δικαίους
2393 4733 2488 4784 καί
2513 4731 2750 4796 ἀδίκους·
2783 4734 2812 4786 6
2837 4732 3015 4797 διδοὺς
3053 4737 3118 4805 τῇ
3153 4739 3221 4806 γῇ
3251 4737 3408 4790 ὑετὸν
3453 4737 3705 4807 πρώῖμον

2114 4824 2211 4876 καὶ
2236 4823 2456 4894 ὄψιμον,
2491 4823 2586 4877 καὶ
2607 4823 2783 4888 διδοὺς
2807 4824 3016 4895 τροφὴν
3050 4827 3200 4898 πάσῃ
3235 4828 3424 4899 σαρκί.
3457 4829 3595 4894 Καὶ,
3643 4829 3705 4882 ὀ

2113 4915 2318 4986 Πατήρ
2349 4933 2491 4985 μου,
2540 4917 2706 4984 φησὶν
2729 4955 2744 4981 ,
2779 4916 2892 4984 ἕως
2930 4917 3040 4972 τοῦ
3085 4919 3208 4973 νῦν
3235 4920 3572 4991 ἐργάζεται,
3609 4921 3700 4978 ui

433 4990 672 5061 tiamque
701 4995 912 5051 suadet.
943 4999 1023 5050 An
1057 5014 1244 5054 rursus
1265 5016 1363 5056 ceu
1394 5018 1499 5058 non
1528 5019 1782 5088 magnum
1815 5015 2014 5075 negant

2123 5004 2224 5075 ἐγὼ
2249 5003 2561 5077 ἐργάζομαι
2580 5022 2593 5035 ”
2626 5007 2751 5070 τοὺς
2778 5007 2876 5078 τῆς
2915 5007 3047 5078 περὶ
3086 5011 3243 5079 ἡμᾶς
3279 5011 3613 5083 κηδεμονίας
3639 5029 3698 5065 τε

428 5082 754 5138 admittere?
802 5087 964 5158 Atqui
1023 5104 1116 5144 rex
1171 5107 1398 5163 magnus
1463 5082 1655 5163 superw
1698 5097 2010 5152 universam

2123 5099 2206 5150 καὶ
2254 5098 2510 5168 προνοίας
2557 5098 2793 5164 εἰσάγων
2848 5099 3105 5152 ἐντεῦθεν
3155 5101 3370 5167 λόγους.
3417 5106 3490 5158 Ἦ
3533 5105 3610 5168 ὡς
3637 5105 3698 5156 οὗ

430 5183 633 5228 terram
679 5186 784 5242 est,
815 5189 870 5234 et
904 5183 1294 5251 magnitudinis
1324 5186 1444 5255 ejus
1478 5202 1584 5241 non
1626 5197 1708 5242 est
1751 5188 1896 5243 ﬁnis.
1930 5191 2010 5242 An

430 5268 644 5322 demum
672 5271 824 5338 quasi
855 5273 1084 5342 partiale
1107 5285 1160 5332 et
1177 5276 1654 5348 circumscriptum
1687 5279 1885 5335 babeat
1912 5281 2010 5335 im-

2115 5187 2291 5258 μέγαν
2317 5189 2378 5240 οὐ
2415 5188 2765 5259 προσίενται;
2793 5191 2930 5246 ἀλλά
2967 5193 3227 5262 βασιλεὺς
3263 5195 3443 5266 μέγας
3479 5197 3571 5250 ὲπὶ
3593 5199 3697 5249 πά-

2112 5296 2210 5333 σαν
2240 5281 2340 5350 τὴν
2372 5279 2478 5350 γῆν
2507 5282 2655 5334 ἐστι·
2694 5283 2790 5335 καὶ
2821 5283 2919 5354 τῆς
2955 5283 3356 5358 μεγαλωσύνης
3401 5287 3566 5342 αὐτοῦ
3597 5289 3696 5342 οὐκ

430 5359 664 5424 perium,
696 5364 781 5419 vel
815 5365 998 5436 aliquo
1030 5377 1276 5439 tempore
1304 5371 1628 5426 delinitum?
1657 5374 1818 5443 Atqui
1847 5389 2012 5442 regno

2123 5371 2228 5424 iam
2273 5371 2470 5442 πέρας.
2510 5372 2652 5426 Ἀλλ’
2693 5373 2768 5438 ὡς
2821 5375 3059 5446 μερικὴν
3089 5376 3122 5442 ἢ
3167 5379 3692 5451 περιγεγραμμένην

428 5451 544 5510 eius
599 5469 705 5509 non
754 5458 859 5513 erit
905 5462 1060 5526 linis;
1101 5473 1154 5518 et
1195 5464 1296 5534 ipsi
1335 5465 1590 5536 ﬂectitur
1643 5482 1804 5521 omne
1864 5482 2008 5537 genu

498 5604 542 5635 "
583 5605 740 5666 δοσιν.
784 5629 835 5678 v,
871 5616 946 5667 Π.

2118 5461 2586 5532 περιΰεϐλημὲνον
2613 5462 2712 5533 τὴν
2760 5463 2954 5534 ἀρχὴν,
2989 5462 3228 5534 ἥχρόνῳ
3273 5467 3698 5539 πεπερασμένην
