3918 6152
302 275 420 344 -τοι

1074 308 1081 311 ·
1121 330 1131 336 ~
1167 295 1730 361 APOLOGETICUS
1764 302 1916 363 PRO
1954 304 2220 365 SACRIS
2258 305 2739 370 IMAGINIBUS.

3472 311 3583 376 702

311 392 455 490 τινες
492 391 805 490 SAfw-cii;
847 396 1127 490 βασιλείας
1170 403 1335 458 αὐτοῦ
1381 405 1482 459 οὐκ
1530 407 1685 463 ἔσται
1717 409 1893 475 τέλος,

2004 413 2343 482 οαιιεειίιιιιι,
2363 419 2701 473 terrestrium
2731 428 2784 473 et
2805 418 3167 476 infernarum.
3192 422 3273 476 An
3306 431 3577 490 postremo

309 482 411 536 καὶ
442 482 595 553 αὐτῷ
624 484 868 555 κάμπτει
902 489 1008 542 πᾶν
1043 492 1174 559 γόνυ
1204 495 1549 567 ἐπουρανίων
1574 516 1633 553 τε
1661 501 1754 553 καὶ
1778 501 1897 553 ἑπι-

309 589 378 640 γε
388 573 483 627 ίων
510 574 604 629 καὶ
628 576 1021 647 καταχθονίων.
1050 581 1122 635 Ἥ
1143 583 1219 645 ὡς
1238 585 1334 641 τοῦ
1357 588 1597 643 συνιέναι
1619 590 1893 658 ὲνδέοντα;

322 662 489 720 Ἀλλά
519 664 618 737 τῆς
655 668 927 731 συνέσεως
965 669 1132 724 αὑτοῦ
1168 673 1269 728 οὐκ
1290 674 1436 729 ἐστιν
1468 679 1703 749 ἀριθμός
1725 696 1741 711 ο
1775 681 1898 735 οὐδὲ

307 756 459 824 ἔγνω
487 774 572 820 τις
616 757 744 812 νοῦν
772 759 981 829 Κυρίου
1004 776 1017 788 °
1054 762 1104 816 εἰ
1142 763 1201 816 δὲ
1232 763 1309 828 ὡς
1335 767 1434 820 οὐκ
1469 770 1897 841 ὲπιστρεπτικὸν
1962 774 1969 783 ’

308 847 344 918 ἢ
397 848 783 918 κηδεμονικὸν,
827 851 922 904 καὶ
969 852 1053 917 τίς
1093 855 1241 909 ἐστιν
1284 859 1313 909 6
1350 858 1524 928 λέγων
1571 861 1662 916 διὰ
1712 866 1896 934 φωνῆς

305 938 507 1006 ἀγίων,
567 940 651 993 ὅτι
703 940 780 995 Οὐ
829 940 1096 1014 βούλομαι
1118 945 1211 1000 τὸν
1243 946 1476 1002 θάνατον
1514 951 1610 1004 τοῦ
1656 953 1896 1026 ἀποθνή-

315 1047 561 1096 σκοντος,
596 1031 673 1095 ὡς
701 1036 763 1087 τὸ
799 1035 1131 1107 ἐπιπρέψαι
1160 1039 1322 1093 αὐτὸν
1368 1041 1478 1095 ἀπὸ
1504 1044 1606 1113 τῆς
1642 1046 1766 1099 ὁδοῦ
1800 1048 1898 1101 αύ-

312 1121 432 1187 τοῦ,
455 1124 550 1175 καὶ
585 1121 686 1194 ζῇν
715 1124 813 1195 τὴν
836 1124 1012 1197 ψυχὴν
1043 1128 1210 1183 αὐτοῦ
1231 1147 1246 1162 ⁸
1290 1133 1385 1185 καὶ
1426 1135 1484 1186 ἐν
1514 1137 1591 1207 τῷ
1623 1153 1693 1206 με
1722 1139 1896 1192 εἰπεῖν

303 1212 389 1283 τῷ
418 1213 625 1282 ἀσεϐεῖ,
644 1214 873 1286 Θανάτῳ
903 1218 1287 1294 θανατωθήσῃ,
1307 1224 1403 1276 καὶ
1426 1225 1762 1297 ἀποστρέψει
1788 1230 1896 1284 ἀπὸ

303 1306 411 1375 τῆς
441 1305 561 1359 ὀδοῦ
593 1307 783 1374 αὑτοῦ,
815 1310 909 1363 καὶ
939 1312 1163 1382 ποιήσει
1192 1317 1369 1385 κρῖμα
1404 1317 1499 1370 καὶ
1525 1317 1893 1393 δικαιοσύνην,

306 1398 407 1450 καὶ
435 1399 495 1449 ὲν
523 1398 908 1469 προστάγμασι
936 1400 1082 1471 ζωῆς
1110 1402 1552 1474 διαπορεύσεται,
1590 1409 1702 1480 ζωῇ
1735 1410 1899 1482 ζήσε-

302 1505 421 1553 ται,
456 1491 554 1542 καὶ
589 1488 663 1567 ούλ
684 1490 761 1560 μὴ
791 1489 1041 1563 ἀποθάνῃ
1068 1509 1081 1524 ·
1126 1495 1299 1548 πᾶσαι
1345 1498 1402 1550 αἱ
1443 1498 1894 1569 ἀμαρτίαιαύτοῦ

301 1580 374 1644 ἃς
410 1581 689 1651 ἥμαρτεν,
739 1583 801 1636 ού
854 1587 929 1655 μὴ
975 1585 1436 1657 ἀναμνησθῶσιν;
1476 1592 1546 1643 Ἣ
1587 1592 1663 1656 ὡς
1702 1594 1896 1663 σοφίας

1999 506 2124 573 quia
2180 506 2459 562 intellectu
2514 508 2797 578 indigeat?
2846 510 3009 579 Atqui
3053 512 3422 582 intelligentire
3460 514 3578 581 ejus

1998 616 2105 654 non
2162 610 2245 656 est
2292 618 2580 669 numerus;
2632 618 2731 659 nec
2789 608 3075 674 quisquam
3134 607 3284 661 novit
3340 618 3574 661 mentem

1999 694 2239 750 Domini.
2283 694 2437 761 Quod
2484 696 2528 750 si
2576 695 2732 751 forte'
2768 698 2932 751 Deum
2978 699 3198 752 minime
3247 698 3575 753 exorabilem

1998 800 2097 840 nec
2115 787 2287 839 nostri
2315 786 2607 841 sollicitum
2633 788 2966 855 existimant,
2990 790 3134 857 quis,
3168 790 3408 858 inquam,
3438 805 3577 859 pra:-

2001 885 2083 931 ter
2117 876 2296 944 illum,
2349 888 2661 934 sanctorum
2708 895 2840 935 voce
2887 881 3128 947 loquitur
3179 883 3259 937 sic
3293 900 3306 936 :
3340 880 3476 935 Nolo
3516 891 3579 936 ut

1997 968 2161 1023 homo
2194 977 2370 1024 morte
2400 972 2685 1037 moriatur,
2721 972 2816 1027 sed
2844 984 3197 1027 convertatur
3221 974 3401 1042 potius
3428 989 3456 1027 a
3489 974 3573 1026 via

1997 1074 2117 1127 sua,
2146 1060 2399 1131 vivatque
2429 1064 2615 1130 anima
2645 1063 2762 1131 ejus
2788 1083 2801 1128 ;
2843 1080 3052 1135 egoque
3075 1067 3211 1136 ipse,
3245 1067 3334 1135 qui
3360 1067 3446 1119 aio
3470 1067 3567 1118 im-

1996 1151 2107 1218 pio,
2140 1149 2312 1206 Morte
2343 1154 2618 1219 morieris,
2641 1155 2778 1211 idem
2809 1156 2953 1222 dico,
2978 1159 3122 1224 quod
3151 1157 3195 1212 si
3224 1165 3575 1213 convertetur

1998 1261 2027 1298 a
2052 1246 2140 1298 via
2171 1259 2291 1308 sua,
2329 1255 2581 1315 recteque
2606 1258 2659 1301 et
2680 1245 2828 1315 juste
2860 1257 3002 1317 aget,
3031 1261 3086 1303 et
3114 1251 3166 1304 in
3198 1251 3318 1305 vitae
3353 1250 3574 1303 manda-

2000 1337 2068 1391 tis
2090 1335 2408 1400 ambulabit,
2452 1337 2563 1390 vita
2593 1338 2740 1392 vivet
2769 1347 2823 1393 et
2854 1355 2956 1393 non
2995 1342 3258 1396 morietur
3285 1359 3300 1396 :
3329 1341 3570 1395 omnium

1995 1436 2340 1499 peccatorum
2362 1429 2479 1498 ejus
2504 1429 2817 1485 obliviscar.
2843 1431 3106 1501 SupereSt
3135 1444 3193 1487 ut
3218 1433 3390 1487 Deum
3414 1439 3572 1500 parte

1997 1518 2176 1588 aliqua
2221 1519 2503 1589 sapientiae
2545 1522 2626 1575 vel
2663 1521 2893 1590 justitiae
2933 1523 3254 1578 destitutmn
3301 1523 3572 1576 arbitren-

1999 1619 2105 1665 tur.
2138 1610 2300 1680 Atqui
2332 1613 2585 1699 abyssum
2618 1612 2899 1682 sapientire
2932 1613 3051 1681 ejus
3079 1613 3161 1668 vel
3191 1618 3568 1674 connaturalis

303 1672 443 1741 γοῦν
474 1674 570 1729 καὶ
599 1674 952 1742 δικαιοσύνης
982 1677 1128 1734 κατά
1152 1696 1206 1731 τι
1238 1679 1374 1747 γοῦν
1416 1680 1888 1753 ἀπολειπόμενον;

1997 1702 2173 1773 potius
2224 1702 2468 1757 scientiae
2513 1690 2640 1771 quis
2693 1705 2985 1759 metietur?
3036 1705 3249 1760 Etenim
3301 1708 3569 1776 sapientia

304 1766 406 1820 καὶ
431 1767 513 1832 τίς
561 1767 1002 1838 ἐξαριθμήσαιτο
1040 1772 1142 1842 τὴν
1185 1770 1426 1826 ἄϐυσσον
1467 1774 1568 1844 τῆς
1622 1776 1817 1844 σοφίας
1857 1776 1891 1847 ἢ

307 1856 515 1927 μᾶλλον
546 1857 913 1928 αὑτοσοφίας;
944 1863 1009 1931 τῇ
1056 1860 1168 1933 γὰρ
1210 1863 1378 1935 σοφία
1420 1862 1658 1932 ἐξέτεινε
1685 1866 1780 1919 τὸν
1806 1867 1895 1920 οὐ·

306 1948 497 2020 ρανδν,
528 1951 632 2019 τὴν
676 1950 783 2021 γῆν
826 1950 1159 2021 ὲθεμελίωσε
1201 1954 1296 2007 καὶ
1333 1954 1675 2020 ἁπαξαπλῶς
1715 1958 1895 2012 πάντα

303 2042 371 2091 ἐν
425 2040 591 2111 σοφία
630 2040 913 2110 ἐποίησεν.
940 2042 1176 2111 ’Λγαθὸς
1219 2045 1268 2096 δ’
1305 2045 1388 2098 ὅτι
1415 2048 1565 2112 ἐστὶ,
1608 2048 1702 2101 καὶ¹
1725 2049 1895 2105 τᾶλλα

305 2131 492 2186 πάντα
531 2128 611 2195 οἷς
648 2132 802 2203 παρὰ
846 2132 1067 2187 πάντων
1096 2122 1510 2205 ἐξυμνεῖταίτε
1541 2139 1637 2192 κα)⁵
1669 2139 1892 2207 δοξάζει-

302 2239 439 2277 ται·
472 2223 524 2288 τί
560 2223 642 2277 δεῖ
678 2223 786 2278 τῶν
834 2225 975 2297 ὑπὲρ
1016 2225 1228 2281 ἔννοιαν
1265 2228 1361 2281 καὶ
1409 2228 1568 2297 λόγον
1604 2230 1700 2284 τοῦ
1756 2231 1891 2286 Θεοῦ

307 2314 622 2385 μεγαλείων
663 2315 1031 2384 ἐφάπτεσθαι,
1082 2318 1177 2371 καὶ
1218 2318 1328 2372 τῶν
1369 2318 1681 2388 ἀνεφίκτων
1719 2340 1892 2377 κατα-

300 2405 552 2476 τολμᾷν;
580 2408 809 2478 Μήποτε
841 2407 1099 2479 λάθοιμεν
1134 2410 1363 2474 ἑαυτοὺς
1385 2412 1617 2484 ἀπονοίᾳ
1641 2414 1735 2469 καὶ
1763 2414 1891 2468 δυσ-

304 2497 505 2571 ϐουλίᾳ
529 2501 644 2564 τοῖς
675 2501 926 2555 ἀσεϐέσιν
976 2499 1241 2566 ὡσαύτως
1278 2502 1616 2574 ἀνοητότατα
1667 2506 1892 2577 περιπί-

301 2607 562 2655 πτοντες.

384 2681 503 2736 Τίνι
545 2682 640 2737 οὖν
667 2684 696 2737 6
725 2681 1067 2754 ἡθετημένος
1114 2684 1426 2755 ἠλάττωται
1480 2689 1576 2741 καὶ
1618 2688 1888 2759 δεδέηται,

301 2771 841 2842 γλωσσαλγείτωσαν
880 2776 975 2830 καὶ
1011 2774 1324 2843 λεγέτωσαν
1348 2794 1362 2809 ·
1394 2776 1481 2829 ἵνα
1526 2777 1766 2842 ὀκλάσας
1798 2781 1892 2833 καὶ

303 2864 565 2919 ἀπειπὼν
592 2865 731 2937 πρὸς
758 2865 857 2939 τὴν
906 2868 1144 2938 σπουδὴν
1184 2868 1629 2940 καταπροϊξηται
1667 2870 1766 2941 τὴν
1794 2872 1888 2941 ἀρα

301 2958 445 3028 χήν·
497 2958 699 3029 μᾶλλον
743 2959 823 3026 δὲ,
881 2960 957 3024 ὡς
995 2962 1024 3013 ό
1058 2960 1334 3032 ἡμέτερος
1384 2962 1576 3031 λόγος,
1609 2964 1753 3018 τίσιν
1791 2964 1889 3035 οὐχ

309 3049 625 3122 ὑπερῆρται
652 3052 749 3105 καὶ
765 3051 1248 3125 ὑπεμνασέόηκει
1267 3056 1421 3117 ποῖος
1443 3053 1601 3123 λόγος
1627 3053 1690 3108 τὸ
1721 3055 1888 3124 ὑπερ·
1915 3037 1957 3095 C

304 3143 468 3212 οῖρον
524 3143 942 3213 παραστήσεται
1022 3143 1124 3212 τῆς
1187 3143 1610 3215 μεγαλειότητος
1650 3146 1746 3200 καὶ
1791 3145 1892 3215 τῆς

309 3230 594 3303 δυνάμεως
626 3233 688 3287 τὸ
730 3235 1049 3306 ἀπρόσιτον,
1085 3234 1121 3305 ἢ
1142 3235 1244 3305 τῆς
1272 3235 1526 3301 ἐξουσίας
1563 3237 1626 3290 τὸ
1650 3237 1895 3309 ἀμέτρη-

303 3340 428 3392 τον,
455 3326 551 3379 καὶ
588 3324 686 3380 τοῦ
720 3327 862 3380 κατὰ
897 3327 1119 3381 πάντων
1152 3329 1389 3399 κράτους
1418 3328 1891 3400 ἀπειροδύναμον;

292 3418 410 3471 καὶ
446 3417 535 3472 ἵνα
567 3418 643 3489 μὴ
685 3419 799 3482 τοῖς
829 3420 1113 3483 ταπεινοῖς
1150 3419 1362 3484 τούτοις
1397 3422 1798 3491 ἀποσεμνύνειν
1834 3420 1893 3473 τὸ

310 3510 521 3582 ὑψηλὸν
568 3511 860 3575 δόξαντες,
915 3512 1459 3583 κατασμικρύνοιμεν
1510 3512 1612 3582 τῆς
1668 3512 1895 3582 κυρείας

305 3601 571 3657 ἁπάντων
599 3605 701 3677 και
736 3602 1060 3666 δεσποτείας
1106 3602 1169 3654 τὸ
1203 3602 1580 3674 ἀνέκφραστον
1601 3641 1616 3667 ,
1651 3602 1686 3672 ἢ
1717 3605 1894 3657 πάντα

309 3697 720 3769 ἁπαραϐλήτως
746 3713 808 3749 τε
842 3697 939 3750 καὶ⁵
980 3695 1335 3765 ἀσυγκρίτως
1385 3694 1772 3766 ὑπερθρώσκει
1802 3697 1895 3748 καὶ

425 3787 694 3860 ρίδρυται,
733 3788 835 3841 καῖ
874 3788 1040 3841 πᾶσιν
1077 3786 1278 3856 ὁμοίως
1323 3786 1525 3850 ἀϐατός
1554 3786 1615 3838 τέ
1658 3786 1896 3839 ἐστικαὶ

306 3877 580 3950 ἄληπτος,
607 3879 702 3935 καὶ
728 3878 1157 3950 ἀποκέκρυπται
1188 3877 1267 3948 νῷ
1294 3877 1388 3931 καὶ
1417 3876 1561 3946 λόγῳ
1590 3876 1774 3940 παντὶ,
1805 3870 1894 3928 οἷα

307 3969 379 4040 δὴ
415 3971 635 4024 πάντων
661 3968 981 4040 ἐξῃρημένη
1011 3969 1223 4040 ὁρατῶν
1265 3984 1326 4021 τε
1369 3967 1463 4020 καὶ
1491 3967 1768 4038 ἀοράτων,
1799 3969 1893 4019 καὶ

307 4061 519 4125 παντὸς
548 4061 814 4131 ὀνόματος
848 4061 906 4112 ὲν
935 4059 1013 4130 τῷ
1038 4059 1195 4113 αἰῶνι
1240 4058 1415 4130 τούτῳ
1449 4054 1894 4125 κατονομαζομέ-

307 4165 405 4209 νου
437 4149 535 4203 καὶ
561 4150 620 4202 ἐν
647 4148 727 4220 τῷ
757 4149 1031 4220 μέλλοντι,
1051 4148 1160 4201 τῶν
1188 4148 1450 4202 τοιούτων
1474 4146 1549 4211 ὡς
1575 4147 1715 4218 ὑπὲρ
1746 4146 1894 4216 ἡμᾶς

304 4240 675 4312 ἀφεξὼμεθα·
717 4241 846 4295 εἰδὲ
879 4241 979 4313 οὐχ
1003 4240 1145 4295 έκὼν
1176 4243 1205 4294 6
1234 4239 1638 4311 ὲκκεχωρηκὼς
1684 4239 1747 4292 τὸ
1791 4239 1894 4291 ὑπ-

309 4334 477 4404 ήκοον
510 4332 578 4403 δὴ
612 4331 773 4386 τοῦτο
817 4333 1170 4403 μετετάξατο,
1205 4331 1486 4402 βεϐίαστάι
1514 4332 1733 4393 πάντως
1753 4369 1767 4395 ,
1797 4329 1893 4381 καλ⁵

308 4427 375 4480 τὸ
408 4422 719 4495 ἡγεμονοῦν
762 4426 1190 4496 τετυράννηται’
1222 4425 1315 4478 καὶ
1346 4424 1431 4486 τίς
1459 4425 1486 4476 ὁ
1521 4425 1587 4494 τῇ
1615 4422 1891 4493 τυραννίδι

309 4517 657 4587 ἐπιθέμενος,
700 4518 795 4570 καὶ
824 4518 884 4570 τὸ
916 4520 1144 4588 κρατεῖν
1195 4515 1568 4585 ἀφελόμενος;
1601 4514 1696 4567 καὶ
1737 4513 1891 4566 ἔσται

309 4608 343 4662 6
368 4608 715 4679 τυραννήσας
753 4608 1176 4680 εὐσθενέστερός
1216 4625 1274 4662 τε
1316 4609 1411 4660 καὶ
1451 4605 1887 4676 ἐπικλεέστερος,

312 4702 411 4755 καὶ
444 4701 697 4755 τοσοῦτον
724 4701 853 4769 ὅσον
879 4701 974 4753 καὶ
1004 4701 1063 4754 τὸ
1091 4701 1190 4771 τῆς
1219 4701 1378 4771 νίκης
1404 4697 1762 4771 ύπερτεροῢν,
1794 4698 1890 4752 καὶ

307 4794 382 4847 τὰ
413 4793 483 4849 δι’
513 4785 588 4847 ὧν
611 4792 678 4846 ἂν
769 4792 895 4862 νίκη
929 4793 990 4845 τὸ
1015 4793 1207 4863 περιὸν
1236 4792 1379 4863 ἔχοι·
1416 4791 1473 4845 έν
1504 4791 1603 4861 μὲν
1637 4790 1745 4862 γὰρ
1778 4793 1890 4855 τοῖς

309 4884 619 4956 ὁρωμένοις
645 4884 739 4938 καὶ
764 4883 1147 4954 ἀνθρωπίνοις,
1175 4884 1414 4955 ὁπηνίκα
1444 4883 1503 4936 τὸ
1532 4883 1774 4935 ἐναντίον
1799 4882 1891 4935 καὶ

314 4977 562 5047 μάχιμον
595 4974 666 5029 τὰ
710 4974 851 5045 πρὸς
892 4975 983 5028 τὸν
1013 4974 1256 5044 πόλεμον
1293 4972 1646 5045 ὲξαρτύηται,
1677 4973 1770 5026 καὶ
1810 4973 1892 5036 είς

310 5066 565 5138 ἀλλήλων
595 5068 787 5138 χεῖρας
826 5067 1093 5138 ἥκωνται,
1128 5066 1281 5129 τέλος
1307 5065 1418 5118 τῶν
1452 5065 1631 5119 ὃπλων
1662 5064 1757 5117 καὶ
1782 5064 1894 5118 τῶν

212 5202 218 5205 .
312 5158 496 5211 πόνων
532 5159 584 5212 οἱ
607 5158 671 5211 τὸ
709 5161 959 5228 κρεῖττον
985 5160 1426 5229 ἀπενεγκάμενοι
1458 5159 1721 5227 ἴσχουσιν,
1761 5158 1793 5229 ἢ
1834 5160 1893 5211 ὲν

310 5252 381 5323 τῇ
406 5252 560 5325 μάχῃ
597 5253 998 5323 κρατήσαντες,
1038 5251 1409 5321 χειρώσασθαι
1435 5250 1770 5322 τρεψάμενοι
1804 5252 1895 5306 τὸν

312 5343 635 5409 ἀντίπαλον,
666 5342 727 5408 ἐξ
754 5337 816 5398 οὗ
850 5343 1140 5415 συμϐαίνει
1172 5343 1388 5397 σκύλων
1419 5360 1478 5396 τε
1515 5342 1895 5414 καὶλαφύρων

312 5435 486 5507 πόρον
511 5434 596 5489 ὅτι
629 5437 883 5488 πλεῖστον
913 5435 1261 5504 ἐνέγκασθαι,
1286 5436 1466 5489 ὃπλων
1501 5453 1559 5488 τε
1603 5438 1797 5506 κτῆσιν
1819 5437 1895 5502 ὡς

316 5527 589 5599 μεγίστην
632 5527 1054 5598 περιῦαλέσθαι,
1103 5529 1136 5598 ἦ
1170 5528 1356 5600 χώραν
1397 5529 1748 5602 καταδῃῶσαι
1798 5532 1895 5601 τὴν

314 5620 759 5690 πολεμιωτάτην,
784 5621 880 5674 καὶ
903 5621 1086 5691 σφίσιν
1120 5622 1304 5685 αὐτοῖς
1332 5622 1601 5693 κατήκοον
1660 5624 1895 5694 ποιήσα-

318 5713 470 5779 σθαι,
498 5712 591 5768 καὶ
616 5711 981 5784 δασμοφορεῖν
1005 5715 1084 5778 είς
1105 5713 1164 5767 τὸ
1187 5715 1372 5769 λοιπὸν
1403 5715 1527 5778 τοὺς
1548 5715 1895 5785 κεκρατημέ-

1996 1793 2195 1848 coelum
2218 1794 2485 1859 extendit,
2508 1804 2709 1849 terram
2735 1795 3001 1863 fundavit,
3017 1809 3323 1867 cunctaque
3343 1800 3569 1854 omnino

1995 1883 2049 1937 in
2100 1883 2365 1953 sapientia
2418 1883 2569 1939 fecit.
2621 1885 2883 1956 Quodque
2937 1888 3112 1944 bonus
3166 1891 3258 1956 sit,
3290 1901 3346 1946 et
3388 1894 3568 1948 omnia

1994 1975 2211 2039 habeat,
2236 1977 2306 2031 ob
2334 1991 2455 2047 quae
2482 1977 2549 2031 ab
2593 1978 2850 2033 omnibus
2896 1980 3208 2035 celebratur
3253 1982 3474 2054 hymnis
3508 1995 3565 2040 et

1994 2068 2350 2138 glorilicatur,
2385 2083 2483 2123 cur
2512 2084 2649 2139 opus
2676 2079 2759 2124 est
2786 2085 2947 2138 supra
2978 2072 3178 2127 mentis
3224 2083 3388 2144 atque
3430 2091 3571 2131 ora-

1996 2158 2160 2214 tionis
2207 2160 2313 2213 vim
2346 2160 2438 2214 Dei
2478 2162 2750 2232 magnalia
2801 2164 3093 2233 attingere,
3120 2172 3177 2219 et
3212 2164 3568 2236 impossibilia

1993 2250 2234 2306 audere?
2259 2249 2336 2306 Ne
2364 2251 2504 2306 forte
2548 2252 2748 2308 incauti
2785 2255 2954 2309 stulto
2997 2255 3227 2312 consilio
3252 2268 3309 2311 et
3333 2258 3566 2326 insania,

1992 2358 2146 2412 mque
2176 2359 2241 2399 ac
2270 2344 2359 2399 isti
2402 2345 2575 2416 impii,
2617 2347 2670 2401 in
2722 2347 3045 2417 insipientia!
3098 2349 3309 2404 foveam
3361 2349 3568 2408 incida-

1993 2436 2145 2492 mus!
3294 2452 3309 2463 '

2065 2698 2165 2757 Hic
2200 2716 2329 2772 ergo
2379 2702 2694 2770 repudiatus
2754 2704 2896 2759 Deus
2939 2718 3174 2771 quanam
3205 2719 3264 2758 re
3292 2703 3362 2758 sit
3387 2704 3567 2759 immi-

1993 2804 2158 2847 nutus
2185 2804 2280 2847 aut
2316 2801 2494 2862 egeat,
2531 2791 2584 2846 hi
2614 2791 2919 2846 blaterones
2948 2793 3166 2857 dicant;
3198 2803 3256 2846 ut
3279 2793 3369 2847 hic
3412 2794 3568 2863 igna-

1992 2896 2087 2936 rus
2130 2890 2186 2936 et
2233 2880 2519 2951 languidus
2560 2881 2627 2934 ad
2672 2881 2930 2947 officium,
2982 2881 3202 2950 abjiciat
3250 2883 3566 2951 imperium.

1992 2972 2132 3040 Quin
2173 2972 2370 3042 potius,
2406 2981 2463 3027 ut
2499 2990 2597 3028 nos
2645 2973 2902 3038 dicimus,
2953 2974 3283 3043 quibusnam
3331 2990 3438 3029 non
3484 2984 3571 3030 est

1991 3063 2241 3131 superior
2285 3075 2340 3117 et
2377 3064 2648 3119 excelsior
2703 3061 2884 3118 Deus?
2944 3063 3075 3129 Qua:
3133 3063 3310 3119 oratio
3354 3064 3568 3123 culmen

1992 3155 2379 3209 demonstrabit
2420 3155 2808 3225 magnitudinis
2851 3155 2989 3224 ejus,
3037 3156 3367 3225 virtutisque
3394 3155 3558 3209 linem

1993 3245 2367 3309 interminum,
2422 3246 2503 3300 vel
2549 3256 2875 3314 potestatem
2946 3245 3469 3311 immensurabilem,
3515 3255 3571 3300 et

1991 3338 2252 3393 adversus
2296 3352 2485 3394 omnes
2547 3337 2887 3394 fortitudinis
2919 3339 3026 3392 vim
3062 3339 3379 3393 infinitam?
3405 3338 3473 3391 Et
3502 3356 3584 3392 ue-

1994 3430 2396 3485 ltisbumilibus
2425 3430 2600 3484 verbis
2645 3445 2913 3483 exornare
2964 3430 3240 3484 excelsum
3294 3438 3566 3498 putantes,

1995 3528 2351 3575 extenuemus
2407 3520 2584 3588 potius
2637 3520 2959 3574 universalis
3016 3520 3324 3573 dominatus
3378 3528 3570 3588 poten-

1996 3619 2249 3676 tatusque
2283 3607 2607 3662 ineﬂ'abilem
2635 3608 2983 3675 dignitatem,
3018 3624 3137 3678 quae
3170 3608 3572 3676 incomparabi-

1995 3701 2118 3755 liter
2140 3712 2194 3753 et
2226 3701 2430 3766 absque
2458 3698 2562 3750 ulla
2600 3699 2831 3766 paritate
2856 3700 3036 3752 omnia
3076 3698 3313 3752 transilit
3339 3710 3391 3752 et
3417 3714 3571 3754 exce-

1996 3790 2094 3852 dit,
2122 3791 2440 3857 cunctisqne
2477 3790 2753 3861 inaccessa
2786 3797 2840 3842 et
2864 3790 3432 3858 incomprehensibilis
3462 3799 3568 3852 est,

1994 3881 2249 3949 omnique
2278 3881 2441 3933 menti
2475 3896 2535 3933 ac
2571 3880 2807 3934 sermoni
2841 3881 3125 3947 impervia,
3145 3896 3243 3934 ceu
3269 3897 3389 3949 quae
3412 3891 3567 3934 extra

1993 3987 2211 4026 omnem
2275 3969 2538 4022 visibilem
2600 3968 3042 4037 invisibilemque
3104 3985 3214 4022 rem
3268 3979 3353 4021 est
3406 3977 3571 4036 atque

1993 4077 2154 4118 enim:
2187 4076 2382 4114 nomen
2419 4060 2533 4114 sive
2556 4059 2607 4113 in
2645 4058 2897 4129 praesenti
2930 4058 3046 4112 sive
3075 4058 3129 4111 in
3162 4056 3345 4113 futuro
3370 4059 3570 4112 saeculo

1993 4154 2413 4218 noutinaudum;
2455 4153 2558 4214 his,
2598 4152 2840 4220 inquam,
2876 4150 3140 4210 dicendis,
3176 4166 3271 4204 ceu
3311 4149 3569 4205 facultate

1995 4256 2182 4300 nostra
2269 4243 2600 4312 majoribus,
2675 4244 3070 4296 abstineamus.
3138 4241 3293 4307 Quod
3337 4242 3381 4297 si
3431 4243 3571 4297 haud

1924 4376 1968 4430 Β
1996 4349 2187 4408 sponte
2232 4338 2400 4408 gradu
2434 4352 2531 4391 suo
2565 4336 2786 4401 cedens,
2822 4335 2970 4389 dicto
2996 4334 3224 4388 audiens
3251 4333 3428 4388 factus
3463 4345 3567 4397 est,

1997 4433 2187 4501 utique
2219 4433 2296 4484 vis
2338 4431 2385 4485 ei
2420 4429 2563 4483 illata
2613 4427 2750 4494 fuit;
2785 4436 2836 4482 et
2876 4427 2966 4496 qui
3004 4426 3255 4497 princeps
3290 4435 3428 4491 erat,
3473 4427 3572 4480 sub

1996 4525 2341 4596 tyrannidem
2386 4521 2609 4577 decidit.
2664 4520 2798 4587 Quis
2843 4534 3005 4589 porro
3045 4519 3183 4573 hanc
3222 4520 3569 4590 tyrannidem

1998 4616 2247 4685 arripuit,
2279 4626 2334 4669 et
2368 4613 2670 4684 imperium
2702 4612 2777 4666 illi
2808 4611 3070 4665 abstulit?
3102 4613 3232 4666 Siue
3277 4611 3442 4666 dubio
3481 4614 3570 4682 qui

1999 4719 2262 4780 tyrannus
2302 4714 2387 4760 est
2420 4705 2621 4769 factus,
2654 4704 2847 4758 fortior
2881 4704 3197 4773 feliciorque
3233 4713 3337 4770 est,
3377 4714 3572 4773 quate-

1997 4814 2101 4854 nus
2134 4798 2350 4867 quidem
2386 4796 2561 4849 victor
2583 4794 2886 4863 praevaluit,
2911 4803 2964 4849 et
2997 4796 3373 4862 comparandae
3402 4795 3575 4849 victo-

1999 4894 2095 4948 riae
2146 4892 2294 4946 vires
2347 4888 2555 4944 habuit.
2589 4887 2723 4942 Nam
2775 4900 2924 4943 certe
2964 4889 3016 4942 in
3063 4889 3149 4942 his
3185 4887 3486 4941 visibilibus
3520 4894 3575 4940 et

1997 4984 2273 5047 humanis,
2311 4998 2433 5037 cum
2463 4983 2527 5036 ad
2564 4998 2797 5053 pugnam
2833 4960 3117 5049 aciemque
3145 4993 3233 5033 res
3263 4978 3387 5031 belli
3414 4978 3574 5031 deve-

1996 5077 2100 5137 nit.
2132 5084 2183 5129 et
2206 5089 2402 5129 manus
2425 5083 2810 5137 conseruntur,
2838 5069 3072 5124 fructum
3106 5079 3380 5119 armormn
3408 5072 3572 5132 atque

2002 5164 2245 5219 laborum
2279 5163 2330 5220 hi
2361 5163 2453 5233 qui
2487 5162 2801 5232 superiores
2831 5156 3115 5214 discedunt
3142 5153 3407 5218 referunt,
3443 5154 3567 5207 dum

1998 5257 2210 5313 hostem
2260 5254 2454 5323 prmlio
2507 5254 2709 5308 victum
2757 5252 2812 5305 in
2850 5248 3220 5320 captivitatem
3276 5246 3569 5314 redigunt;

1998 5351 2143 5405 unde
2175 5348 2428 5419 sequitur
2457 5346 2653 5413 φυτεύω
2685 5354 2742 5399 et
2773 5342 3149 5397 manubiarum
3181 5338 3399 5407 copiosa
3435 5336 3565 5391 ade-

2001 5443 2135 5513 ptio,
2170 5456 2445 5494 armorum
2479 5446 2694 5507 quoque
2718 5434 2952 5504 plurima
2987 5430 3251 5494 accessio,
3281 5428 3361 5480 vel
3396 5428 3574 5481 hosti.-

2002 5533 2069 5589 lis
2096 5532 2332 5602 regionis
2356 5528 2700 5598 depopulatio
2728 5536 2891 5595 atque
2918 5524 2969 5579 in
3004 5523 3277 5593 propriam
3313 5521 3569 5574 ditionem

2002 5625 2266 5687 reductio,
2299 5620 2689 5692 stipendiorum
2715 5618 2767 5673 in
2793 5624 3069 5687 posterum
3103 5624 3315 5685 tempus
3339 5611 3570 5666 violenta

2002 5714 2226 5771 indictio
2271 5724 2523 5783 tanquam
2564 5709 2719 5766 \‘it‘llS
2760 5717 2813 5765 et
2856 5708 2909 5763 iu
2953 5707 3268 5763 servitutem
3308 5701 3567 5761 redactis.
