3918 6152
447 291 551 356 703
1415 283 1473 342 S.
1518 281 1939 343 NICEPHORI
1978 273 2482 340 PATRIARCIIE
2523 273 2634 335 CP.
3566 257 3658 328 704

450 401 602 465 Quod
647 407 825 452 autem
862 396 928 449 ab
958 392 1326 450 iuvisibilibus
1362 391 1725 462 potestatibus
1769 405 2014 446 commo-
2044 439 2049 449 .

2151 405 2242 452 ους
2271 385 2345 450 ὡς
2388 385 2787 455 δουλουμένους
2838 375 3275 436 καταὸιάσασθαι
3302 377 3378 465 '_6
3423 371 3476 430 δέ
3529 376 3657 448 παρὰ

454 506 566 544 tum
612 490 810 543 bellum
839 499 942 554 est,
974 504 1003 540 a
1037 486 1235 554 quibus
1275 484 1428 538 nobis
1468 483 1583 537 haec
1622 492 1811 538 contra
1860 482 2016 536 tidem

2149 481 2231 533 τῶν
2262 479 2511 551 ἀοράτων
2540 475 2860 547 κινούμενος
2891 474 3148 543 πόλεμος,
3197 469 3286 538 ὑφ’
3317 462 3393 522 ὧν
3425 469 3549 538 ἡμῖν
3583 466 3662 521 νῦν

452 583 684 652 procella
715 581 1094 650 permiscetur,
1131 577 1264 631 nihil
1299 578 1490 629 horum
1526 585 1711 644 sperat
1752 575 1854 628 sibi
1884 575 2022 629 bene

2149 559 2337 625 ι’κατά
2387 571 2488 640 τῆς
2535 570 2774 631 πίστεως
2821 567 2982 629 σάλος
3020 562 3439 626 ἐπανασείεται,
3483 559 3664 614 τούτων

451 686 792 730 eventurum.
848 672 962 725 Non
1011 671 1153 725 enim
1209 685 1304 737 par
1340 677 1423 721 est
1472 667 1617 720 illius
1665 676 1825 732 atque
1862 665 2021 733 hujus

2149 662 2274 715 ,ὑδέν
2301 664 2359 716 ἐν
2386 661 2568 715 ἐλπίσι
2591 657 3117 729 κατορθωθήσεσθαι
3142 655 3385 709 τίθεται·
3410 654 3468 707 οὐ
3494 653 3664 726 γὰρδή

456 765 579 819 belli
614 775 790 817 motus
830 777 844 816 :
879 777 1052 830 neque
1088 770 1148 814 ut
1181 760 1416 827 aliquam
1449 774 1561 810 rem
1610 766 1891 812 externam
1923 773 2022 811 no-

2149 771 2232 807 του
2267 754 2426 806 τοῦτο
2465 753 2815 824 τηλικοῦτον,
2859 750 3048 821 ἡλίκον
3072 748 3284 801 ἐκείνου
3322 744 3414 798 τοῦ
3455 744 3664 814 πολέμου

456 866 626 910 stram
659 856 830 908 hostis
862 853 1133 920 acquirat,
1176 851 1436 903 adversus
1469 864 1565 902 nos
1599 850 1900 918 consurgit,
1930 849 2025 902 sed

2149 845 2188 897 :6
2236 845 2477 914 κίνημα·
2528 845 2626 914 οὐχ
2672 845 2820 906 ὅπως
2867 844 2979 914 γάρ
3030 860 3085 894 τι
3125 841 3235 894 τῶν
3281 837 3556 910 ἡμετέρων
3587 837 3667 891 καὶ

459 960 645 1002 utnos
691 948 902 1016 penitus
957 953 1122 1008 totos,
1175 943 1224 995 id
1261 951 1344 995 est
1394 941 1685 994 rationales
1735 941 1947 994 animas
1973 948 2028 995 et

2149 937 2304 1002 ικτὺς,
2331 941 2358 990 6
2387 937 2578 1007 ἐχθρὸς
2611 936 3020 1006 σφετερίσηται,
3054 934 3175 988 καθ’
3209 931 3368 1002 ἡμῶν
3391 930 3666 1000 ἐπιφύεται,

445 1039 741 1097 rectrieem
807 1036 1040 1090 hominis
1099 1043 1332 1088 mentem
1392 1033 1746 1102 depopuletur
1817 1032 2029 1100 sibique

2149 1030 2422 1090 ιλλἰὅπως
2463 1027 2622 1091 ὅλους
2663 1029 2814 1098 ἡμᾶς
2854 1028 3075 1088 αὐτοὺς,
3120 1024 3300 1094 ψυχάς
3340 1021 3552 1090 λογικάς
3591 1021 3669 1073 καὶ

456 1127 742 1194 subjiciat,
798 1125 1230 1192 persuadeatque
1271 1133 1327 1176 ut
1357 1138 1536 1192 regem
1588 1122 1748 1190 215
1797 1121 2030 1191 appelle-

2149 1120 2218 1173 τὸν
2243 1119 2490 1190 ἡγεμόνα
2508 1119 2632 1171 νοῦν
2654 1118 3044 1186 καταληϊσαιτο
3067 1117 3160 1170 καὶ
3183 1115 3290 1168 ὑπὸ
3312 1117 3466 1184 χεῖρα
3480 1112 3667 1180 ἀγάγοι,

459 1234 597 1283 mus,
637 1217 916 1284 Deumque
950 1215 1308 1269 conﬁteamur
1343 1215 1494 1268 illum
1522 1215 1613 1282 qui
1644 1215 1735 1266 Dei
1773 1213 2030 1267 adversa-

2149 1210 2401 1279 ἱναπείσῃ
2437 1226 2497 1260 τε
2528 1208 2752 1278 βασιλέα
2782 1209 2986 1269 καλεῖν,
3021 1207 3112 1260 καὶ
3151 1205 3283 1259 Θεὸν
3317 1205 3579 1274 ὁμολογεῖν
3597 1202 3670 1254 τὸν

461 1309 575 1362 rius
610 1320 713 1369 est,
749 1308 973 1374 ejusque
1020 1306 1399 1360 abominandis
1445 1306 1752 1372 artiumque
1783 1304 2031 1358 exitiosis

2149 1301 2395 1366 ἱιντίθεον,
2425 1301 2519 1353 καὶ
2542 1303 2654 1363 τοῖς
2691 1299 3059 1370 ψυχοφθόροις
3085 1299 3180 1352 καὶ
3207 1297 3503 1366 βδελυκτοῖς
3529 1296 3670 1347 εἴκειν

453 1401 698 1468 jussihus
731 1398 1204 1465 ohlemperemus;
1233 1405 1285 1450 et
1328 1413 1392 1450 ne
1435 1397 1549 1465 ipse
1579 1396 1726 1450 solus
1773 1396 2032 1464 gehennae

2149 1392 2550 1462 προστάγμασιν
2575 1409 2590 1423 ο
2621 1391 2709 1444 ἵνα
2739 1391 2803 1460 δὴ
2842 1389 2915 1460 μὴ
2943 1389 3103 1452 αὐτὸς
3139 1389 3299 1458 μόνος
3327 1387 3507 1456 γεέννῃ
3530 1400 3671 1436 κατα-

463 1493 534 1543 sit
561 1492 832 1567 addictus,
873 1490 967 1544 sed
1006 1490 1170 1543 etiam
1203 1499 1484 1542 consortes
1523 1503 1650 1541 suos
1686 1488 1736 1540 in
1772 1497 2030 1543 αξιοι-ηοω

2149 1483 2425 1547 ῑικάζοιτο,
2466 1483 2566 1554 ἤδη
2600 1484 2656 1536 δέ
2694 1485 2789 1538 καὶ
2818 1484 2945 1546 τοὺς
2987 1479 3585 1550 συγκληρονομήσοντας
3609 1474 3671 1545 τῷ

462 1583 643 1652 ignem
687 1597 868 1635 secum
914 1581 1190 1649 conjiciat.
1234 1581 1289 1634 Id
1323 1583 1465 1635 enim
1513 1580 1744 1634 oﬂicium
1774 1579 1841 1633 ab
1875 1579 2032 1635 initio

2149 1577 2270 1646 πυρὶ
2311 1575 2388 1646 τῷ
2427 1576 2633 1646 αἰωνίῳ
2671 1576 3138 1642 συνεπαγάγοιτο·
3187 1571 3345 1625 τοῦτο
3396 1569 3496 1638 γὰρ
3539 1568 3672 1637 ἔργον

462 1673 563 1724 luit
598 1671 761 1724 invidi
797 1671 1060 1725 daemonis
1092 1682 1143 1725 et
1169 1669 1444 1739 ﬂagitiosi,
1481 1683 1670 1738 nempe
1705 1678 1763 1722 ut
1805 1684 1902 1724 nos
1933 1684 2030 1737 pa-

2149 1666 2196 1730 ὲξ
2231 1666 2405 1736 ἀρχῆς
2447 1665 2525 1736 τῷ
2567 1666 2826 1736 βασκάνῳ
2874 1665 2967 1719 καὶ
3014 1663 3282 1733 ἀλιτηρίῳ
3327 1661 3544 1730 δαίμονι,
3583 1657 3672 1710 τῶν

467 1760 597 1813 ratis
625 1762 808 1826 generi
837 1769 1022 1813 nostro
1045 1762 1340 1814 honiscum
1368 1759 1537 1812 livore
1565 1759 1783 1812 irruens
1813 1759 2030 1826 spoliet,

2149 1735 2592 1830 ηὐτρεπισμένων
2620 1735 2842 1826 ἀγαθῶν
2866 1757 2944 1828 τῷ
2969 1757 3114 1825 γένει
3156 1754 3234 1824 τῷ
3268 1752 3547 1821 καθ”ήμᾶς
3565 1748 3671 1818 φθο-

462 1861 518 1904 et
547 1868 654 1905 suae
687 1853 854 1905 ruina:
889 1854 1068 1906 socios
1112 1852 1294 1905 faciat.
1319 1849 1436 1904 Jam
1464 1865 1592 1904 vero
1629 1851 1674 1904 is
1707 1851 1791 1904 cui
1833 1849 2035 1904 subditi

2149 1849 2311 1919 νερῶς
2341 1850 2548 1903 ἐπιόντι
2578 1851 2998 1922 ἀποστερήσειν,
3017 1848 3113 1901 καὶ
3136 1846 3228 1899 τοῦ
3254 1843 3440 1898 ἐαυτοῦ
3465 1839 3676 1912 συμμεθ-

463 1941 635 2010 erepti
696 1948 843 2003 sunt,
907 1942 1216 2010 principatu
1271 1941 1534 2008 spoliatus
1588 1949 1695 2004 est,
1753 1949 1806 1994 et
1858 1938 2036 2008 digni-

2149 1941 2280 2008 ἕξειν
2312 1941 2608 2012 πτώματος
2630 1959 2644 1974 ο
2673 1943 2701 1993 6
2742 1941 2922 1994 τοίνυν
2969 1938 3328 2010 ἀφῃρημένος
3355 1935 3412 1988 τὸ
3439 1935 3673 2002 ὑπήκοον,

467 2041 574 2085 tate
626 2033 890 2100 privatus,
955 2042 1122 2101 atque
1172 2033 1392 2086 omn-ino
1446 2040 1715 2102 potestate
1768 2031 2036 2086 seclusus.

2149 2033 2489 2102 γεγύμνωται
2531 2033 2630 2102 τῆς
2663 2032 2839 2103 ἀρχῆς
2881 2031 2973 2086 καὶ
3016 2029 3388 2098 ἀπεστέρηται
3425 2024 3513 2078 τοῦ
3539 2022 3673 2088 ἀξιώ-

465 2122 678 2177 Nudum
715 2125 788 2177 illi
822 2135 1072 2192 superest
1112 2139 1338 2191 nomen;
1379 2125 1463 2178 vel
1495 2125 1596 2178 hoc
1627 2124 1824 2193 ipsum,
1859 2131 1917 2176 ut
1944 2137 2042 2192 par

2149 2139 2332 2193 ματος,
2382 2123 2479 2175 καὶ
2520 2122 2620 2192 τῆς
2661 2121 2912 2188 ἐξουσίας
2962 2118 3326 2190 ἐκδέδληταιο
3367 2115 3511 2184 ψιλὸν
3555 2111 3676 2180 αὐτῷ

464 2225 570 2275 est,
602 2229 824 2282 prorsus
850 2223 1162 2268 evanescat.
1198 2213 1340 2282 Ergo
1372 2212 1529 2289 hujus
1573 2214 1742 2284 gloria
1775 2213 1840 2266 ad
1876 2213 2040 2266 mise-

2149 2213 2304 2283 μόνον
2339 2213 2840 2282 ἐπιφημισθὴσεται
2871 2211 3127 2282 τοῦνομα,
3157 2211 3190 2281 ἢ
3219 2211 3312 2263 καὶ
3335 2209 3460 2262 αὐτὸ
3485 2205 3608 2260 κατά
3629 2204 3677 2257 τὸ

470 2305 607 2358 riam
644 2303 1156 2373 deformitatemque
1195 2306 1420 2358 recidet.
1473 2304 1576 2360 Ubi
1625 2305 1772 2358 enim
1807 2320 1910 2357 non
1958 2311 2068 2357 est.‘

469 2395 740 2455 subditus.
776 2396 844 2449 ibi
877 2411 945 2450 ne
991 2411 1170 2466 regem
1207 2397 1422 2464 quidem
1476 2396 1780 2451 consistere
1819 2410 2044 2451 necesse

469 2491 578 2536 est.
617 2482 760 2536 Cur?
809 2484 935 2552 quia
982 2485 1069 2538 hic
1121 2485 1316 2552 quibus
1373 2485 1604 2552 imperet
1652 2499 1756 2538 non
1804 2483 2042 2538 habebit.

473 2569 566 2626 Sic
596 2573 681 2625 isti
711 2572 1018 2626 calamitosi
1053 2573 1278 2625 dacmoni
1315 2572 1539 2641 largiter
1561 2571 1826 2634 faventes,
1855 2580 2046 2640 putant

472 2664 730 2718 adversus
776 2663 977 2719 Christi
1011 2679 1234 2733 regnum
1274 2663 1493 2718 fortiter
1534 2677 1741 2733 gerere.
1774 2673 2046 2716 nostram-

470 2771 577 2824 que
630 2757 786 2810 [idem
844 2758 1070 2811 viriliter
1131 2770 1465 2825 oppugnare,
1525 2769 1730 2824 nosque
1777 2770 1804 2807 a
1851 2753 2046 2808 divinis

471 2843 738 2912 depellere
765 2845 1127 2913 dogmatibus.
1165 2845 1418 2900 Attamen
1463 2846 1722 2899 divinitus
1759 2845 2046 2913 inspiratas

473 2935 694 2988 audiant.
732 2951 890 2990 voces
920 2955 932 2989 :
965 2935 1170 2990 Stultus
1210 2937 1374 2990 stulta
1429 2935 1693 3007 loquetur,
1724 2945 1771 2990 ct
1805 2951 1897 2989 cor
1929 2935 2044 3004 ejus

2143 2303 2287 2366 είκδς
2318 2303 2550 2372 πάμπαν
2593 2303 2915 2372 οἰχήσεταιο
2967 2300 3415 2370 συνενεχθήσεται
3463 2298 3515 2350 δέ
3556 2295 3677 2364 αὐτῷ

2143 2393 2394 2446 ἐντεῦθεν
2423 2395 2504 2455 είς
2535 2393 2598 2445 τὸ
2640 2393 2892 2463 πενιχρὸν
2922 2394 3012 2445 καὶ
3039 2391 3274 2454 ἀκαλλὲς
3323 2389 3383 2441 τὸ
3421 2391 3512 2458 τῆς
3547 2383 3678 2455 δόξης

2143 2483 2575 2554 περιστήσεσθαι
2603 2500 2616 2514 ο
2660 2477 2720 2536 οἶ)
2755 2483 2862 2554 γὰρ
2903 2483 2978 2553 μὴ
3009 2483 3244 2552 ὑπάρχει
3298 2481 3569 2550 κατήκοον,
3597 2475 3678 2528 οὐκ

2145 2573 2212 2626 ἂν
2248 2574 2478 2644 συσταίη
2512 2574 2572 2626 τὸ
2617 2573 2931 2643 βασιλευθέν
2969 2573 3246 2643 οὐδαμῶς·
3279 2571 3466 2637 πόθενς
3501 2568 3554 2621 οὗ
3590 2565 3678 2634 γάρ

2143 2679 2226 2715 τοι
2255 2662 2366 2726 ἕξει
2405 2655 2481 2715 ὧν
2521 2662 2585 2716 ἂν
2614 2663 2937 2733 κατάρξειεν
2957 2679 2969 2692 ·
2999 2661 3223 2715 τοιαῦτα
3251 2661 3300 2714 οι
3331 2657 3679 2727 κακοδαίμονες

2143 2752 2223 2822 τῷ
2251 2753 2466 2823 δαίμονι
2500 2752 2851 2824 χαριζόμενοι
2875 2753 3192 2824 φιλοτίμως,
3227 2753 3424 2806 οἴονται
3454 2750 3544 2818 τῆς
3567 2748 3679 2815 Χρι-

2148 2839 2275 2897 στυῦ
2305 2843 2756 2914 κατανδρίζεσθαι
2799 2846 3110 2915 βασιλείας,
3141 2844 3260 2906 καὶ,
3281 2844 3378 2913 τῆς
3408 2843 3520 2896 καθ’
3560 2840 3681 2909 ἡμᾶς

2147 2934 2655 2990 κατανεανιεύεσθαι
2689 2939 2948 3001 πίστεως,
2979 2938 3073 2990 καὶ
3103 2935 3211 2990 τῶν
3255 2936 3411 3007 ἱερῶν
3436 2934 3576 3004 ἡμῶν
3597 2948 3678 2984 κα-

472 3042 606 3078 vana
632 3026 882 3094 cogitabit
916 3027 985 3080 νο.
2074 3065 2116 3121 c
2148 3021 2361 3074 ταθέειν
2381 3023 2666 3121 δογμάτων
2683 3039 2696 3053 ·
2715 3023 2848 3121 una:
2869 3024 2976 3121 τῶν
2998 3023 3301 3121 θεολέκτων
3324 3024 3504 3121 φωνών
3523 3021 3683 3121 ἀκουέ-

2147 3127 2346 3176 τωσαν,
2392 3113 2472 3166 ὃτι
2518 3112 2580 3166 '0
2601 3114 2800 3183 μωρὸς
2812 3115 2979 3184 μωρά
3023 3112 3683 3184 λαλήσει,καιήκαρόία

2147 3202 2336 3259 αὐτοῦ
2367 3201 2587 3271 μάταια
2620 3205 2857 3271 νοήσω

2219 3290 2282 3347 ν’.
2313 3292 2423 3345 Καὶ
2475 3292 2528 3344 τί
2578 3292 2784 3347 τούτων
2838 3293 3199 3366 ἀνοητότερον
3239 3297 3272 3367 ἢ
3323 3293 3680 3365 ματαιότερονς

2149 3384 2282 3438 κενά
2305 3383 2411 3456 γὰρ
2426 3383 2503 3454 τῷ
2527 3383 2642 3437 ὄντι
2673 3385 2813 3438 κατὰ
2843 3384 3083 3455 Χριστοῦ
3110 3386 3465 3454 ἐμελέτησαν,
3495 3381 3575 3434 καὶ
3600 3378 3685 3449 μά·

2149 3491 2282 3527 ταια
2309 3473 2488 3527 αὐτῶν
2503 3474 2574 3528 τά
2596 3473 2943 3545 βουλεύματα
2971 3475 3066 3527 καὶ
3095 3475 3452 3546 διανοήματα,
3477 3472 3558 3525 καὶ
3576 3484 3684 3539 φρε-

2149 3563 2240 3625 νὸς
2265 3564 2462 3632 ἀλόγου
2498 3564 2593 3618 καὶ
2625 3564 2916 3617 ἀλλοκότου
2951 3565 3237 3633 κυήματα,
3271 3565 3363 3617 καὶ
3408 3560 3598 3633 μωρίας
3625 3557 3686 3619 ὡς

2151 3653 2367 3721 ἀληθῶς
2394 3655 2488 3706 καὶ
2534 3655 2873 3725 σκαιότητος,
2919 3654 3120 3724 μᾶλλον
3157 3654 3215 3707 δὲ
3251 3654 3436 3717 ἀθεΐας
3479 3653 3563 3706 καὶ
3585 3652 3688 3703 ἀσε-

2152 3745 2302 3808 ϐείας
2334 3745 2434 3815 τῆς
2467 3746 2694 3801 ἀπασῶν
2731 3747 2969 3817 ἐσχάτης
3001 3747 3283 3814 ἐπέκεινα,
3314 3741 3386 3799 ὧν
3421 3746 3476 3800 οὐ
3500 3740 3688 3813 θεμιτόν

2151 3851 2202 3888 τι
2233 3836 2337 3889 κᾶν
2375 3836 2510 3903 γοῦν
2552 3837 2712 3907 μόνον
2749 3839 2828 3900 είς
2861 3837 2986 3891 νοῦν
3023 3838 3240 3891 ἐπιέναι
3273 3836 3532 3910 ἀνθρώπῳ
3557 3831 3686 3899 δοξά-

2153 3925 2265 3988 ζειν
2287 3927 2644 3996 ἀνοητότατα,
2675 3929 2770 3982 καὶ
2807 3929 2938 4000 δρᾷν
2967 3929 3032 3982 τά
3060 3929 3418 3993 ἀνοσιώτατα,
3449 3931 3522 3992 εἰς
3558 3924 3688 3978 τοῦτο

2154 4017 2433 4080 ἀσθενείας
2466 4018 2562 4069 καὶ
2604 4018 2859 4082 ἀκλειῖας
2905 4020 3004 4087 τὴν
3042 4019 3152 4073 τῶν
3193 4021 3334 4074 ὅλων
3380 4015 3689 4080 ὐποδιδάζειν

2151 4109 2328 4178 ἀρχήν
2351 4125 2362 4138 ·
2393 4103 2453 4162 οὗ
2491 4109 2542 4161 τί
2569 4109 2634 4163 ἂν
2675 4110 2885 4179 γένοιτο
2921 4111 3272 4184 ἀτοπώτερον
3311 4115 3342 4184 ἢ
3385 4109 3688 4180 ἀθεώτερονς

2166 4199 2326 4253 Ἀλλά
2349 4201 2508 4272 καινή
2526 4201 2719 4265 τις,ώς
2737 4201 2902 4267 ἔοικε,
2919 4203 3061 4256 κατά
3079 4204 3178 4275 τῆς
3197 4202 3434 4276 Χριστοῦ
3452 4198 3689 4273 βασιλείας

2155 4292 2303 4360 παρά
2325 4292 2430 4344 τῶν
2459 4293 2803 4361 ἀνομούντων
2826 4295 2994 4364 ἀνέφυ
3023 4299 3206 4368 γραφή
3229 4313 3244 4328 ⁸
3278 4297 3399 4351 δέον
3423 4299 3526 4366 γάρ
3550 4290 3692 4361 αὐτὴν

479 4380 636 4432 satio.
677 4378 814 4432 Cum
855 4381 999 4434 enim
1045 4384 1096 4432 In
1145 4378 1421 4434 Christum
1475 4391 1748 4450 oporteret
1792 4385 2049 4442 celsiores

2155 4383 2274 4445 ταῖς
2301 4382 2528 4435 ἁπασῶν
2561 4383 2922 4454 ὑψηλοτέραις
2949 4389 3379 4459 καταγεραίρειν
3413 4387 3601 4456 τιμαῖς,
3626 4382 3692 4442 εῖτ

478 4485 722 4538 quosque
769 4486 1062 4540 congerere
1123 4473 1382 4540 honores,
1429 4471 1481 4525 in
1528 4483 1826 4529 extremam
1875 4477 2049 4546 potius

2155 4473 2383 4544 ἔσχατον
2411 4474 2624 4538 ἀδοξίας
2665 4476 2762 4529 καὶ
2814 4477 3090 4542 εὐτελείας
3133 4481 3441 4552 περιέλκειν
3485 4478 3541 4531 οὐ
3579 4490 3692 4528 κατ-

483 4561 829 4630 iguominiam
880 4578 944 4617 ac
989 4563 1249 4617 vilitatem
1297 4565 1544 4617 eumdem
1591 4565 1880 4620 detrahere
1943 4585 2049 4624 non

2151 4566 2502 4636 ερυθριῶσιν,
2534 4567 2622 4619 ἵνα
2652 4567 2711 4620 τὸ
2747 4570 2946 4639 προσὸν
2979 4568 3052 4631 ώς
3085 4571 3206 4642 Θεῷ
3231 4572 3446 4642 ἀξίωμα
3484 4565 3694 4640 περιελά

481 4652 830 4716 erubescunt,
862 4664 918 4706 ut
947 4653 996 4708 ei
1027 4655 1267 4709 detracta
1294 4668 1412 4724 qua:
1441 4656 1548 4711 Deo
1592 4659 1844 4726 congruit
1873 4659 2049 4729 digni-

2155 4675 2324 4728 μενοι,
2357 4659 2662 4730 ἡττημένον
2687 4661 2849 4714 αὐτὸν
2875 4661 3242 4733 παραδείξωσι
3270 4704 3284 4728 ,
3318 4663 3533 4718 καὶτῶν
3559 4657 3692 4713 θείων

483 4752 613 4807 tate,
655 4745 920 4798 minorem
979 4747 1708 4820 demonstrent,divinisque
1761 4751 2049 4820 qualitati-

2153 4747 2645 4818 πλεονεκτημάτων
2689 4749 3166 4819 ἀπογυμνώσωσι,
3215 4753 3312 4805 καὶ
3361 4751 3506 4820 ψιλὸν
3556 4741 3691 4801 αὑτὸν

483 4838 581 4890 bus
605 4836 859 4904 spolient,
883 4837 1296 4908 simplicemque
1340 4841 1622 4895 hominem.
1658 4857 1936 4912 unumque
1984 4845 2049 4899 de

2152 4839 2436 4908 ἄνθρωπον
2474 4841 2570 4894 καὶ
2602 4842 2710 4893 τῶν
2736 4843 2858 4894 καθ’
2897 4843 3045 4912 ἡμᾶς
3081 4843 3211 4896 ὄντα
3249 4842 3689 4910 καταστήσωνται,

481 4926 636 4980 nobis
655 4941 777 4981 esse
799 4936 1056 4994 statuant,
1087 4939 1251 4999 atque
1279 4931 1570 4986 universali
1603 4947 1722 5000 quae
1766 4933 1867 4997 ipsi
1910 4934 2049 4990 inest

2157 4931 2252 4984 καὶ
2283 4932 2379 5002 τῆς
2409 4931 2635 5002 ἐνούσης
2667 4933 2814 5003 αὐτῷ
2864 4934 3005 4987 κατά
3037 4935 3254 4988 πάντων
3283 4934 3523 4998 ἐξουσίας
3550 4931 3691 4993 ὑπερ·

482 5025 745 5087 potestate
775 5018 1064 5087 depellant.
1091 5019 1147 5074 In
1174 5033 1378 5077 tantam
1401 5023 1612 5078 scilicet
1641 5024 2047 5092 improbitatem

2158 5023 2416 5092 ορίσωσιν
2442 5037 2452 5048 ’
2484 5025 2565 5086 είς
2609 5023 2866 5094 τοιαύτην
2909 5025 3143 5079 ἀτοπίαν
3173 5026 3267 5078 καὶ
3291 5024 3477 5078 ἀθεῖαν
3503 5020 3564 5074 τὰ
3585 5032 3677 5085 παρ

480 5118 641 5178 atque
668 5109 1126 5180 irreligiositatem
1153 5114 1382 5168 istorum
1414 5115 1663 5185 dogmata
1688 5125 2047 5170 eonsectaneo

2155 5117 2337 5177 αὐτοῖς
2368 5114 2829 5185 δογματιζόμενα,
2856 5117 2997 5169 κατά
3026 5117 3086 5170 τὸ
3119 5115 3406 5169 ἀκόλουθον
3437 5111 3689 5184 περιέστηο

480 5215 642 5253 cursu
683 5203 1051 5259 devenerunt!
1092 5203 1198 5260 Sed
1241 5206 1293 5260 hi
1343 5207 1505 5261 rudes
1539 5217 1702 5277 atque
1736 5208 1916 5262 stolidi
1949 5223 2049 5262 non

2155 5222 2252 5258 σαν
2271 5223 2284 5237 ο
2310 5207 2447 5259 ἀλλά
2475 5206 2591 5268 πῶς
2619 5205 2792 5260 ταῦτα
2821 5209 3090 5271 πείσεται,
3132 5209 3192 5259 οὐ
3234 5207 3467 5270 συνῆκαν
3489 5205 3532 5256 oi
3569 5201 3687 5267 ἀμει-

480 5292 807 5360 cogitarunt,
840 5297 1111 5364 quomodo
1147 5298 1261 5352 haac
1291 5297 1382 5352 ille
1411 5299 1482 5352 sit
1507 5313 1789 5366 passurus,
1822 5299 1912 5368 qui
1945 5298 2049 5354 for-

2156 5295 2267 5360 θεῖς
2300 5298 2394 5351 καὶ
2419 5299 2633 5367 ἀνόητοι
2655 5315 2667 5329 ·
2690 5299 2718 5351 ὁ
2742 5298 2833 5353 τὸν
2866 5301 2986 5369 ίσχυ
2997 5300 3085 5370 ρθδν
3107 5299 3274 5369 δήσας
3303 5296 3397 5350 καὶ
3417 5291 3688 5364 διαρπάσας

481 5390 584 5434 tem
611 5382 872 5451 alligavit,
910 5387 1131 5459 ejusque
1156 5404 1283 5443 vasa
1315 5389 1572 5456 diripuit,
1608 5397 1770 5460 atque
1813 5405 1843 5444 a
1874 5390 2049 5445 furore

2155 5390 2318 5443 αὑτοῦ
2353 5391 2422 5443 τὰ
2456 5391 2647 5461 σκεύη,
2683 5391 2904 5462 καὶτῆς
2938 5391 3062 5444 καθ’
3103 5390 3259 5459 ἡμῶν
3299 5389 3496 5456 λύσσης
3527 5379 3689 5448 ἀπείρο

481 5483 668 5527 contra
715 5493 811 5532 nos
856 5482 1210 5549 compescuit.
1239 5479 1528 5546 Quomodo
1580 5480 1669 5550 qui
1730 5480 2049 5539 invisibilem

2157 5483 2274 5548 ξας,
2324 5483 2441 5547 πῶς
2475 5484 2504 5536 6
2537 5481 2628 5536 τὸν
2668 5483 2897 5553 ἀόρατον
2949 5480 3399 5552 αἰχμαλωτεύσας
3440 5476 3686 5547 τύραννον»

546 3287 635 3342 50.
673 3285 814 3352 Quid
847 3297 1026 3342 autem
1064 3289 1166 3344 hoc
1191 3289 1438 3345 insanius
1476 3300 1570 3344 aut
1603 3290 1858 3344 stultius?
1897 3290 2047 3346 Vana

479 3393 604 3433 vere
658 3380 921 3433 adversus
954 3380 1229 3434 Christum
1283 3383 1533 3435 meditati
1588 3392 1733 3446 sunt,
1773 3385 2051 3455 stultaque

479 3469 720 3536 ipsorum
754 3469 981 3523 consilia
1033 3469 1249 3524 fuerunt
1297 3480 1352 3525 et
1407 3473 1782 3544 cogitationes,
1823 3475 2051 3532 mentis-

477 3571 584 3624 que
633 3558 846 3612 ratione
877 3559 1116 3628 carentis
1158 3565 1214 3614 et
1262 3559 1510 3616 absurda:
1557 3573 1767 3632 partus,
1802 3579 2052 3641 veraeque

481 3642 764 3709 fatuitatis,
805 3646 912 3700 imo
943 3647 1149 3702 malitia
1198 3649 1468 3704 atheismo
1505 3666 1825 3721 summaque
1853 3654 2050 3723 impie-

482 3742 588 3789 tate
616 3736 790 3806 major
824 3756 836 3791 :
874 3753 1105 3806 quorum
1145 3739 1347 3794 nullam
1374 3751 1609 3810 partem,
1645 3758 1712 3797 ne
1738 3743 1791 3798 in
1815 3755 2048 3801 mentem

478 3826 694 3895 quidem
742 3828 967 3895 homini,
1019 3830 1261 3899 recipere
1305 3832 1465 3898 licet,
1497 3833 1572 3887 ita
1624 3843 1684 3888 ut
1726 3835 2049 3892 stultissime

479 3925 646 3985 putet,
685 3927 740 3972 et
764 3919 1148 3974 scelestissime
1172 3923 1499 3984 committat,
1535 3924 1603 3977 ad
1642 3933 1844 3979 tantam
1897 3925 2050 3979 inﬁr-

479 4009 716 4063 mitatem
750 4019 812 4064 et-
838 4012 1070 4066 dedecus
1096 4027 1409 4081 supremum
1445 4015 1536 4068 Dei
1585 4015 1922 4070 dominatum
1952 4018 2050 4071 de-

478 4102 729 4171 primere.
775 4103 888 4168 Qua
919 4107 1142 4173 quidem
1166 4119 1222 4158 re
1248 4107 1378 4175 quid
1406 4108 1694 4162 absurdius
1725 4124 1846 4163 esse
1876 4119 2053 4178 potest

478 4203 637 4262 atque
666 4197 1060 4265 irreligiosius?
1082 4197 1191 4251 Sed
1233 4214 1368 4251 nova
1395 4199 1666 4268 quaedam,
1707 4209 1764 4253 ut
1810 4202 2050 4266 videtur,

478 4288 740 4342 adversus
773 4289 974 4342 Christi
1001 4303 1222 4358 regnum
1253 4290 1319 4343 ab
1352 4291 1435 4344 his
1456 4291 1659 4360 iniquis
1679 4293 1852 4346 oritur
1887 4309 2051 4347 accu-

558 5655 602 5684 ⁹⁰
635 5656 702 5709 is.
747 5673 916 5722 xxx”,
947 5659 978 5712 6
