3918 6152
291 315 406 380 705

1146 316 1710 379 APOLOGETICUS
1766 317 1917 377 PRO
1957 318 2221 379 SACRIS
2256 318 2737 382 IMAGIMBUS.

3453 324 3562 388 706

292 429 396 483 καὶ
414 425 663 482 καθελὼν
680 427 742 480 τὸ
761 426 1095 496 δυσάντητον
1117 425 1337 497 κράτος,
1355 426 1697 498 ἀντεσυλήθη
1717 426 1880 483 πάλιν

1984 428 2610 499 captivavittyranuum,
2639 438 2694 485 et
2744 408 3149 486 formidabilem
3194 431 3400 489 delevit
3458 448 3558 503 po-

290 517 649 590 ήττὼμενος;
675 518 770 582 Ἐξ
797 518 1013 582 ἀτονίας
1036 517 1144 589 ἄρα
1161 517 1449 582 πεπονθὼς
1477 519 1657 586 τοῦτο,
1687 519 1720 590 ἢ
1746 537 1878 573 κατα

289 611 645 682 ολιγωρήσας
709 609 813 664 τοῦ,
857 611 1337 681 προσκτηθέντος,
1390 610 1489 666 καὶ
1544 614 1720 666 ταῦτα
1781 611 1876 665 ἐπὶ

288 701 576 764 τοσούτοις
617 700 804 773 ἱδρῶσι
852 700 950 755 καὶ
976 701 1245 765 πάθεσιν,
1297 702 1388 757 ἵνα
1427 704 1565 773 μετά
1591 703 1687 756 τοῦ
1714 702 1877 756 δύνα-

290 792 423 846 σθαι
450 795 902 863 παραιρήσωνται
931 792 1114 858 αὐτὸν,
1147 792 1241 847 καὶ
1276 793 1376 863 τῆς
1402 794 1712 864 προσούσης
1747 793 1878 865 περὶ

288 884 447 955 ἡμᾶς
475 881 804 953 κηδεμονίας
818 882 921 936 ικαὶ
942 882 1202 953 προνοίας
1227 883 1406 954 αὐτῷ;
1426 885 1592 949 Κενὸς
1613 880 1707 939 οὖν
1726 884 1876 956 αὑτῷ

287 977 333 1039 ὁ,
356 973 508 1042 ἀγὼν
535 974 658 1028 κατ’
700 974 918 1039 αὐτοὺς,
952 974 1049 1028 καὶ
1089 975 1267 1045 μάτην
1296 976 1329 1045 ή
1358 976 1496 1047 πρὸς
1522 976 1614 1029 τὸν
1645 976 1876 1031 ἀντίπα-

287 1062 390 1117 λον
442 1062 686 1133 διαμάχη
744 1061 1071 1132 ἐξήνυσταιο
1120 1064 1263 1135 τάχα
1306 1082 1411 1118 που
1466 1065 1559 1119 καὶ
1605 1065 1877 1137 δευτέρων

291 1155 527 1221 ἀγώνων
554 1154 701 1225 αὐτῷ
732 1155 935 1227 δεήσει,
968 1155 1062 1209 καὶ
1089 1158 1391 1228 πράγματα
1419 1156 1550 1224 ἕξει,
1586 1159 1683 1212 καὶ
1712 1175 1877 1229 φρον-

288 1246 459 1300 τίδων
485 1246 597 1299 τῶν
640 1247 778 1318 πρὸς
807 1246 999 1318 ἐχθρὸν
1025 1249 1125 1301 οὐκ
1171 1247 1455 1318 ἀπολήξει.
1484 1248 1578 1302 καί
1614 1266 1745 1302 ποτε
1779 1249 1876 1303 καὶ

289 1336 465 1410 ἄλλης
493 1337 643 1408 αὐτῷ
681 1339 907 1410 μελήσει
941 1338 1292 1409 σαρκώσεως,
1324 1340 1420 1392 καὶ
1458 1341 1689 1410 σταυρὸν
1716 1340 1876 1395 ἄλλον

290 1431 395 1485 καὶ
445 1430 616 1494 πάθος
663 1430 974 1497 ἐκδέξεται·
1023 1431 1082 1497 ἐξ
1126 1425 1188 1484 οὗ
1232 1431 1571 1504 συμϐήσεται
1611 1433 1876 1503 ἀνάλογον

289 1520 512 1584 τούτοις
544 1519 688 1584 ἕξειν
715 1521 811 1574 καὶ
831 1520 930 1591 τὴν
955 1520 1283 1593 θρησκείαν·
1322 1525 1371 1576 εί
1412 1523 1520 1593 γὰρ
1554 1524 1875 1595 κατήργηκε

288 1610 400 1681 τὴν
435 1608 853 1678 είδωλολατρίαν
881 1611 1139 1678 Χριστὸς,
1167 1610 1264 1665 καὶ
1292 1611 1449 1665 τοῦτο
1474 1612 1717 1685 ὑπῆρξεν
1743 1615 1875 1684 ἡμῖν

289 1699 489 1769 ψυχῶν
532 1698 768 1770 ίατρεία,
808 1693 927 1752 εἶτα
959 1701 1233 1772 ἐπανῆκεν
1282 1703 1628 1758 ἀναπνεῦσαν
1655 1704 1718 1757 τὸ
1748 1703 1875 1775 βλα-

1984 519 2252 583 tentiam,
2308 518 2571 589 spoliatus
2638 519 2805 577 fuerit
2851 521 3205 593 vicissimque
3275 525 3559 580 devictus?

1981 607 2120 662 Num
2150 608 2434 664 debilitate
2456 624 2553 664 sua
2585 610 2638 665 id
2665 625 2878 680 passus,
2902 622 2995 666 aut
3030 613 3310 682 acquisita:
3342 615 3420 670 rei
3461 632 3557 669 ne-

1988 703 2265 773 gligentia,
2302 712 2358 757 et
2399 698 2616 773 quidem
2649 710 2772 773 post
2796 713 2873 759 tot
2903 705 3129 761 sudores
3151 715 3311 774 atque
3337 706 3553 762 crucia-

1986 794 2110 849 tus?
2164 793 2427 857 Patietur,
2464 794 2710 863 inquam,
2743 795 2962 866 spoliari
3009 811 3069 851 se
3115 811 3236 851 cum
3286 797 3551 865 potentia,

1983 899 2079 940 sua
2112 897 2325 952 quoque
2353 897 2481 953 erga
2532 898 2785 939 noscura
2827 900 2889 939 ac
2933 885 3311 955 providentia?
3339 883 3553 939 Vanum

1984 974 2169 1044 itaque
2197 973 2300 1029 fuit
2328 973 2444 1042 ejus
2476 983 2775 1039 certamen,
2803 972 3016 1029 frustra
3047 985 3237 1030 contra
3290 977 3554 1030 adversa-

1981 1068 2120 1120 rium
2157 1080 2389 1136 pugnam
2421 1080 2574 1120 suam
2607 1067 3024 1120 consummavit.
3053 1065 3310 1121 Fortasse
3342 1074 3397 1119 et
3431 1066 3556 1120 aliis

1982 1169 2119 1224 opus
2141 1155 2192 1210 ei
2217 1156 2320 1209 erit
2347 1154 2755 1217 certaminibus,
2779 1165 2832 1209 et
2863 1156 3134 1224 negotium
3153 1157 3201 1211 ei
3228 1158 3551 1223 facessetur,

1981 1258 2157 1314 neque
2190 1260 2220 1298 a
2247 1244 2708 1301 sollicitudinibus
2737 1246 2807 1302 ob
2852 1247 3061 1302 hostem
3092 1262 3248 1302 suum
3279 1248 3551 1314 cessabit;

1981 1343 2036 1389 et
2064 1334 2132 1388 de
2165 1334 2272 1389 alia
2297 1335 2558 1406 cogitabit
2588 1336 2878 1405 aliquando
2911 1338 3305 1405 incarnatione,
3346 1347 3399 1392 et
3423 1354 3553 1393 cru-

1982 1440 2098 1481 cem
2131 1426 2291 1479 aliam
2307 1442 2371 1481 ac
2388 1427 2694 1497 passionem
2725 1427 2960 1497 excipiet
2981 1443 3079 1494 ;ex
3115 1444 3222 1496 quo
3250 1431 3553 1497 continget,

1982 1522 2042 1570 ut
2067 1516 2150 1571 his
2176 1517 2463 1587 analogum
2498 1531 2713 1587 quoque
2740 1518 2944 1571 cultum
2975 1517 3047 1571 sit
3078 1519 3383 1572 habiturus.
3420 1519 3554 1573 Nam

1981 1609 2028 1664 si
2059 1608 2331 1663 destruxit
2362 1607 2726 1682 idololatrian)
2756 1608 3030 1675 Christus,
3067 1609 3228 1676 idque
3274 1610 3428 1663 nobis
3454 1609 3556 1685 fuit

1981 1699 2284 1753 animarum
2308 1700 2680 1766 medicamen;
2707 1687 2891 1769 postea
2917 1715 3047 1755 vero
3080 1702 3194 1755 haec
3227 1702 3392 1770 pestis
3433 1714 3557 1755 rur-

293 1790 485 1861 ϐερὺν,
530 1790 719 1858 ἐτέρας
766 1786 920 1853 abiit;
966 1791 1264 1863 θεραπείας
1307 1794 1592 1864 δεήσεται·
1632 1796 1773 1867 ὅπερ
1811 1795 1875 1868 δὴ

1984 1805 2072 1845 sus
2112 1792 2362 1860 spiritum
2406 1793 2657 1860 sumpsit,
2697 1791 2805 1845 alia
2849 1792 3030 1846 denuo
3097 1794 3363 1847 medicina
3415 1807 3555 1862 opus

209 1898 217 1909 κ
294 1882 398 1935 ἐπὶ
431 1881 538 1935 τῶν
563 1881 705 1936 κατά
731 1883 791 1935 τὸ
827 1882 988 1953 σῶμα
1014 1886 1342 1955 νοσημάτων
1369 1887 1550 1959 εὑρεῖν
1588 1887 1736 1941 ἐστιν
1757 1904 1770 1918 ·
1800 1889 1878 1953 ὡς

292 1973 357 2026 el
384 1990 471 2036 τις
515 1971 717 2044 ίατρῶν
756 1972 854 2044 τὴν
900 1974 1184 2044 παροῦσαν
1224 1977 1543 2043 ἐξιάσασθαι
1584 1979 1739 2032 νόσον
1781 1978 1876 2032 τοῦ

294 2067 607 2138 κάμνοντος
636 2065 880 2136 βούλοιτο
899 2106 914 2130 ,
947 2068 1239 2138 κεράννυσι
1276 2069 1376 2138 μὲν
1408 2071 1474 2140 τῇ
1506 2071 1646 2140 νόσῳ
1677 2071 1878 2126 κατάλ-

294 2156 442 2226 ληλα
472 2155 739 2227 φάρμακα
759 2173 775 2187 ο
811 2152 929 2210 εἶτα
956 2157 985 2211 ὃ
1010 2158 1184 2211 ἐδόκει
1217 2158 1592 2229 ἀλεξητήριον,
1616 2177 1879 2232 περιτρα-

297 2245 409 2298 πὲν
445 2244 674 2314 εἰτύχοι
701 2245 892 2314 γέγονε
941 2245 1288 2318 δηλητήριον,
1316 2249 1391 2309 ὼς
1440 2249 1594 2303 οὐδέν
1637 2268 1693 2304 τι
1720 2253 1873 2323 ῥᾷον,

297 2333 567 2405 χεῖρονιδὲ
600 2334 800 2405 μᾶλλον
829 2335 1059 2405 σχούσης
1088 2338 1188 2407 τῆς
1215 2337 1504 2402 διαθέσεως
1522 2355 1537 2369 θ
1565 2342 1878 2410 ἀναγκαίως

296 2422 399 2478 οὖν
420 2425 714 2493 ἀγωνιάσει
739 2428 835 2479 καὶ
861 2425 1198 2492 διασπεύσει,
1249 2429 1460 2499 ἑτέροις
1486 2432 1877 2504 ἐπιχειρήμασι

302 2514 610 2586 μεθοδεύων
626 2516 899 2571 διαθεῖναι
923 2516 982 2570 τὸ
999 2518 1169 2586 ῖαμαο
1198 2519 1249 2571 εί
1271 2520 1403 2588 γοῦν
1434 2521 1526 2574 καὶ
1557 2523 1760 2578 τούτων
1803 2525 1877 2597 μὴ

302 2605 680 2673 ἐπιτεύξοιτο,
731 2606 996 2682 προσθείη
1039 2608 1209 2681 δήπου
1255 2611 1351 2664 καὶ
1402 2613 1605 2685 ἕτερα,
1654 2616 1749 2668 καὶ
1797 2619 1879 2680 είς

301 2698 535 2769 ἄπειρον
574 2698 673 2769 τὴν
716 2700 912 2769 πεῖραν
961 2697 1281 2767 κενώσειεν,
1318 2700 1435 2755 ἐστι
1472 2703 1529 2756 δὲ
1569 2703 1753 2759 λοιπὸν
1778 2708 1879 2760 οὐκ

307 2788 526 2857 ἰατρεία
557 2787 619 2840 τὸ
649 2786 949 2859 δρώμενον,
980 2787 1094 2842 ἀλλ’
1135 2790 1338 2861 ἀπορία
1384 2791 1478 2844 καὶ
1509 2793 1752 2858 ἀτευξία,
1783 2797 1879 2849 καὶ

301 2878 406 2948 τῆς
431 2876 523 2930 τοῦ
553 2877 831 2940 νοσοῦντος
868 2879 1241 2943 κακοπαθείας
1286 2881 1525 2945 ἐπίδοσις
1546 2898 1560 2914 ο
1596 2883 1690 2937 τὸν
1714 2884 1877 2937 αὐτὸν

302 2970 509 3042 τρόπον
543 2971 636 3024 καὶ
662 2970 732 3023 τὰ
762 2970 902 3024 κατὰ
943 2971 1041 3042 τὴν
1080 2972 1172 3024 τοῦ
1209 2973 1459 3044 Σωτῆρος
1492 2974 1646 3045 ἡμῶν
1671 2977 1878 3030 οίκονο-

309 3065 442 3132 μίαν
478 3062 717 3134 Χριστοῦ
744 3063 1183 3134 διαχλευάζοντες
1205 3108 1218 3129 ,
1251 3064 1576 3135 διορίζεσθαι
1622 3068 1671 3119 οί
1700 3068 1875 3123 ἄθλιοι

307 3154 609 3225 βούλονται,
636 3155 712 3217 ὡς
739 3156 893 3209 οὐδὲν
917 3156 1126 3227 οὐδαμῆ
1155 3156 1377 3227 ἐνεργὸν
1411 3155 1444 3225 ἢ
1475 3155 1703 3228 βεϐηκὸς
1733 3152 1895 3230 ἔχειν

308 3247 480 3316 αὐτὴν
516 3247 908 3317 διανοούμενοι.
964 3248 1223 3312 Παίζεται
1287 3245 1380 3303 οὖν
1434 3251 1563 3322 παρ’
1605 3252 1789 3315 αὐτοῖς
1813 3252 1881 3306 τὰ

308 3338 434 3392 καθ’
464 3340 610 3409 ἡμᾶς
650 3340 948 3410 μυστήρια,
979 3340 1072 3393 καὶ
1120 3340 1228 3394 τῶν
1254 3343 1346 3394 ἐπὶ
1378 3342 1583 3415 σκηνῆς
1610 3342 1781 3410 οὐδὲν,
1804 3343 1881 3406 ὡς

308 3427 476 3490 ἔοικε,
505 3427 831 3499 διενήνοχεν.

382 3517 573 3588 Ἡμεῖς
600 3519 656 3571 δὲ
683 3520 803 3582 ταῖς
839 3515 1119 3588 ἀληθείαις
1167 3519 1463 3590 χρώμενοι,
1492 3521 1587 3574 καὶ
1629 3521 1726 3592 τῆς
1766 3521 1878 3576 τῶν

308 3610 654 3680 πραγμάτων
676 3610 856 3663 αὐτῶν
870 3610 1107 3673 πίστεως
1123 3610 1509 3680 καὶδυνάμεως
1532 3612 1880 3682 ἀντεχόμενοι

308 3699 541 3770 λέγομεν
566 3715 579 3729 ⁸
601 3700 852 3772 Τοσούτῳ
871 3702 1156 3770 περιέσται
1179 3701 1254 3772 τῷ
1276 3705 1472 3773 νικητῇ
1502 3702 1595 3756 τοῦ
1617 3704 1880 3776 τυράννου

308 3790 408 3844 καὶ
435 3790 528 3846 τοῦ
559 3790 786 3845 θανάτου
814 3791 1034 3863 Χριστῷ
1066 3794 1133 3845 τά
1168 3793 1263 3861 τῆς
1285 3792 1471 3862 νίκης·
1496 3793 1570 3856 ὡς
1599 3795 1698 3865 ήδη
1731 3796 1826 3849 καὶ
1853 3797 1881 3849 ὀ

305 3882 526 3955 δράκων
550 3884 578 3936 ὁ
593 3882 845 3952 πανώλης
873 3883 933 3948 ἐξ
952 3883 1258 3954 ἀπληστίας
1280 3885 1372 3937 καὶ
1390 3882 1539 3954 αὐτῷ
1560 3884 1881 3955 προσϐαλὼν

306 3973 388 4044 τῷ
424 3972 666 4043 Χριστῷ,
705 3972 897 4044 καὶτῷ
940 3974 1246 4045 φαινομένῳ
1273 3973 1613 4044 ἐπιδραμὼν,
1651 3977 1881 4050 ἐπείπερ

303 4065 473 4118 οίονεὶ
500 4063 694 4133 δέλεαρ
724 4063 875 4132 αὐτῷ
906 4064 1246 4136 προύϐάλετο
1286 4066 1348 4117 τὸ
1383 4065 1751 4136 ἀνθρώπινον,
1784 4069 1881 4121 κα)⁸

302 4153 456 4225 μάλα
491 4153 714 4216 ἐλπίσας
733 4153 1010 4226 θηράματι
1042 4153 1229 4225 ὥσπερ
1265 4156 1371 4207 τινὶ
1416 4156 1723 4227 περιτυχὼν
1751 4173 1882 4211 κατ-

301 4245 619 4315 εδηδοκέναι
635 4245 695 4298 τὸ
720 4247 1055 4316 προσπεσὶν,
1074 4245 1149 4315 τῷ
1172 4246 1450 4317 ἀγκίστρῳ
1467 4253 1789 4318 περιπίπτει
1805 4250 1882 4301 δε-

299 4335 558 4399 λεασθεὶς
579 4334 675 4405 τῆς
706 4335 981 4406 θεότητος,
1007 4338 1101 4390 καὶ
1123 4334 1215 4399 οὓς
1250 4335 1419 4391 πάλαι
1441 4337 1682 4406 λαφύξας
1709 4355 1881 4393 καταο

1976 1884 2110 1948 erit;
2135 1880 2187 1936 id
2209 1883 2351 1950 quod
2381 1883 2433 1935 in
2458 1882 2831 1950 corporalibus
2850 1882 3050 1936 morbis
3075 1892 3414 1952 compertum
3433 1891 3553 1947 est;

1978 1987 2099 2028 cum
2124 1972 2171 2026 si
2203 1972 2324 2041 quis
2350 1973 2591 2026 medicus
2606 1983 2927 2040 praesentem
2961 1972 3207 2027 morbum
3237 1974 3556 2041 argrotantis

1978 2078 2173 2118 sanare
2195 2062 2343 2126 velit,
2366 2072 2730 2118 consentanea
2750 2064 2937 2117 morbo
2956 2064 3246 2132 pharmaca
3270 2064 3551 2133 propinat;

1978 2154 2170 2209 deinde
2215 2154 2434 2219 accidit,
2465 2164 2526 2208 ut
2585 2157 2729 2223 quod
2769 2152 3067 2209 remedium
3108 2154 3415 2218 videbatur,
3449 2153 3552 2207 ali-

1978 2246 2192 2315 quando
2240 2260 2550 2314 perversum
2601 2247 2694 2299 liat
2756 2256 2921 2314 atque
2978 2243 3354 2304 mortiferum,
3419 2243 3548 2314 quia

1979 2352 2172 2407 nempe
2217 2337 2386 2391 nihilo
2437 2338 2665 2404 melior,
2695 2336 2808 2391 imo
2859 2337 3012 2407 pejor
3058 2336 3128 2390 sit
3160 2337 3287 2404 aegri
3333 2345 3549 2400 status;

1979 2428 2290 2484 necessario
2343 2429 2528 2497 itaque
2555 2428 2807 2483 aestuabit
2839 2428 3081 2481 medicus
3122 2436 3177 2479 et
3223 2424 3358 2483 satis
3405 2436 3547 2495 aget,

1979 2523 2101 2577 aliis
2146 2522 2520 2577 molitionibns
2558 2521 2782 2575 studens
2828 2534 3157 2589 componere
3202 2517 3547 2573 medicinam.

1980 2612 2130 2677 Quod
2188 2611 2232 2666 si
2263 2626 2331 2665 ne
2358 2610 2428 2664 ita
2460 2609 2676 2679 quidem
2716 2623 2880 2678 scopo
2929 2609 3188 2677 potiatur,
3219 2608 3380 2661 addet
3420 2604 3549 2671 alia,

1983 2711 2146 2771 atque
2184 2703 2238 2756 in
2309 2700 2582 2754 inﬁnitum
2632 2699 2922 2752 exhauriet
2961 2697 3128 2766 216
3153 2696 3547 2764 experimenta.

1980 2792 2085 2849 Sed
2138 2793 2250 2860 jam
2304 2792 2505 2846 dehinc
2566 2792 2709 2859 quod
2773 2791 2852 2854 tit,
2903 2804 3009 2843 non
3053 2798 3135 2841 est
3177 2787 3407 2850 medela,
3453 2787 3551 2840 sed

1979 2884 2303 2955 ambiguitas
2333 2894 2387 2937 et
2407 2881 2682 2937 aberratio
2712 2890 2764 2934 et
2785 2880 2911 2950 aegri
2942 2879 3223 2934 doloribus
3248 2879 3553 2932 incremen-

1979 2985 2110 3030 ttnn.
2143 2975 2263 3029 Pari
2304 2974 2464 3027 modo
2506 2972 2814 3025 Servatoris
2858 2984 3077 3039 quoque
3131 2969 3305 3023 nustri
3347 2967 3551 3022 Christi

1980 3064 2406 3119 incarnationem
2450 3062 2740 3115 irridentes
2771 3060 2825 3113 hi
2874 3059 3056 3114 miseri
3087 3059 3312 3113 delinire
3341 3058 3549 3125 volunt,

1983 3155 2118 3210 nihil
2145 3157 2363 3209 omnino
2393 3154 2580 3209 eﬂicax
2615 3161 2706 3207 aut
2741 3151 2936 3208 stabile
2974 3153 3176 3206 habere
3221 3151 3393 3219 ipsam
3428 3149 3551 3204 exi-

1982 3249 2282 3302 stimantes.
2319 3245 2580 3300 Ludibrio
2632 3246 2813 3313 itaque
2859 3243 3128 3298 habentur
3189 3243 3323 3311 ipsis
3362 3251 3550 3297 nostra

1983 3339 2262 3412 mysteria,
2293 3337 2531 3406 nihilque
2561 3352 2591 3391 a
2624 3335 2856 3392 scenicis
2893 3334 3077 3401 rebus,
3104 3341 3166 3388 ut
3194 3336 3433 3400 videtur,
3461 3332 3544 3388 di-

1982 3430 2204 3484 stantia.

2054 3521 2124 3573 At
2154 3519 2298 3574 enim
2331 3533 2449 3585 nos,
2471 3520 2718 3575 veritatis
2766 3535 2924 3575 usum
2965 3518 3245 3581 habentes,
3282 3527 3333 3572 et
3371 3530 3553 3570 rerum

1981 3626 2249 3685 gestarum
2276 3615 2396 3668 iidei
2417 3629 2481 3667 ac
2511 3614 2696 3667 virtuti
2724 3615 3088 3675 adhaerentes,
3114 3614 3341 3667 dicimus
3367 3629 3380 3665 :
3403 3612 3556 3664 Adeo

1984 3720 2079 3759 sua
2154 3714 2365 3759 constat
2433 3704 2656 3759 victoria
2733 3705 2944 3776 tyranni
2996 3707 3292 3773 mortisque
3359 3703 3553 3756 victori

1983 3796 2225 3861 Christo,
2258 3797 2446 3866 utjam
2478 3796 2742 3851 exitiosus
2768 3797 2954 3861 draco,
2991 3798 3353 3851 insatiabilem
3401 3812 3554 3849 suam

1985 3886 2336 3941 voracitatem
2395 3886 2447 3938 in
2501 3884 2773 3939 Christum
2836 3885 3010 3953 ipsum
3057 3886 3365 3947 intendens,
3401 3893 3454 3937 et
3499 3885 3552 3936 in

1984 3985 2303 4045 praesentem
2352 3975 2570 4028 irruens
2607 4015 2623 4040 ,
2681 3960 2963 4042 postquam
3033 3973 3199 4026 veluti
3250 3988 3374 4026 esca
3449 3971 3552 4040 ἧς)κί

1981 4069 2194 4138 objecta
2228 4078 2315 4123 est
2360 4068 2691 4133 humanitas,
2725 4067 2877 4134 isque
2934 4065 3127 4135 cupide
3175 4079 3272 4117 ceu
3321 4063 3552 4133 praedam

1981 4163 2269 4234 quamdam
2297 4168 2490 4217 nactus
2525 4174 2716 4213 vorare
2747 4160 2976 4228 putavit,
3009 4158 3059 4210 in
3090 4157 3308 4209 hamum
3341 4156 3555 4207 deitatis

1981 4255 2238 4323 deceptus
2259 4252 2579 4317 incurrerit;
2601 4260 2655 4305 et
2673 4265 2811 4318 quos
2829 4248 2955 4313 olim
2981 4247 3236 4315 liguriens
3262 4243 3558 4313 ingurgita-

1984 4355 2153 4409 verat,
2171 4344 2489 4399 difficultate
2516 4344 2621 4397 cibi
2657 4340 2996 4410 praefocatus,
3018 4332 3215 4392 invitus
3237 4336 3553 4391 cvomucrit.

300 4426 580 4492 πεπώκει,
603 4428 736 4500 πρὸς
758 4429 819 4481 τὸ
842 4429 1168 4497 δυσάντητον
1198 4426 1517 4499 ἀπαυδήσας
1545 4432 1642 4501 τῆς
1674 4429 1872 4500 θοίνης,

1985 4438 2273 4507 PrOpterea
2304 4437 2569 4502 homines,
2601 4435 2698 4502 qui
2732 4443 2889 4487 antea
2928 4433 3104 4500 praeda
3137 4441 3289 4483 erant
3314 4429 3471 4482 obvia
3503 4436 3552 4481 et

301 4529 403 4573 και
426 4519 526 4572 οὐκ
553 4520 754 4573 ἐθέλων
780 4522 1053 4591 ἀπήμεσε,
1084 4519 1269 4573 Ταῦτά
1287 4536 1369 4572 τοι
1394 4521 1489 4572 καὶ
1506 4522 1555 4573 οἱ
1588 4521 1716 4591 πρὶν
1743 4522 1879 4591 πρὸς

303 4611 483 4683 θήραν
504 4612 728 4680 ἑτοίμην
756 4611 851 4665 καὶ
877 4610 1327 4682 ἐδωδὴν’ήδίστην
1358 4610 1506 4681 αὑτῷ
1546 4612 1880 4682 ὑπεκκείμε-

302 4723 392 4760 νοι
431 4704 623 4757 ἔλαϐον
664 4702 913 4768 ἐξουσίαν
941 4703 1099 4774 παρὰ
1138 4703 1232 4755 τοῦ
1264 4703 1355 4755 τὸν
1391 4705 1599 4771 κόσμον
1621 4705 1880 4774 νικήσαν-

302 4813 422 4860 τος,
470 4795 567 4849 καὶ
604 4794 701 4865 τὴν
744 4794 1092 4866 ὑπερήφανον
1137 4794 1231 4848 καὶ
1278 4794 1522 4863 δυσμενῆ
1564 4793 1883 4857 καθελόντος

306 4885 403 4940 τοῦ
453 4886 695 4955 Πονηροῦ
737 4884 1080 4949 δυναστείαν,
1117 4887 1310 4937 πατεῖν
1357 4885 1541 4938 ἐπάνω
1583 4884 1760 4953 ὄφεων
1789 4884 1884 4938 καὶ

308 4975 616 5045 σκορπίων,
646 4977 740 5028 καὶ
773 4975 866 5027 ἐπὶ
892 4977 1073 5028 πᾶσαν
1098 4974 1197 5044 τὴν
1224 4974 1318 5039 τοῦ
1355 4974 1586 5043 Ἐχθροῦ
1613 4975 1843 5044 δύναμιν
1865 4991 1881 5007 ’

306 5063 449 5119 ἁλλά
488 5067 585 5119 καὶ
634 5065 855 5129 ἄξουσιν
892 5070 950 5119 ὲν
990 5066 1273 5138 ἀγκίστρῳ
1318 5068 1410 5119 τὸν
1452 5067 1740 5137 δράκοντα,
1780 5071 1886 5139 ἀφ-

310 5157 510 5225 άψουσι
539 5157 593 5210 δὲ
618 5157 879 5227 φορϐειὰν
900 5175 963 5209 πε
975 5159 1024 5227 pi
1056 5159 1203 5228 ῥῖνας
1228 5157 1416 5221 αὐτοῦ,
1438 5138 1658 5227 δήσουσι
1684 5157 1741 5211 δὲ
1772 5138 1888 5229 κρίο

309 5265 409 5302 κον
438 5251 495 5300 ἐν
517 5248 595 5318 τῷ
619 5249 860 5319 μυκτῆρι
882 5250 1069 5311 αὐτοῦ,
1093 5250 1186 5301 καὶ
1207 5248 1406 5318 eam?
1434 5250 1492 5300 τὸ
1517 5250 1692 5318 χεῖλος
1722 5250 1885 5304 αὑτοῦ

308 5337 665 5407 διατρήσουσι
687 5354 700 5367 ο
736 5337 835 5391 κᾶν
859 5340 908 5392 οἱ
940 5343 1058 5402 ταῖς
1085 5340 1289 5407 πάγαις
1327 5340 1427 5410 τῆς
1468 5341 1675 5411 πλάνης
1708 5359 1887 5395 συνει-

308 5427 605 5498 λημμένοι,
635 5428 712 5496 τῷ
743 5428 996 5502 δεσμώτῃ
1024 5430 1116 5482 καὶ
1143 5432 1466 5501 τετρημένῳ
1501 5432 1594 5484 καὶ
1626 5434 1889 5507 μαστιγία

311 5523 373 5575 τὸ
398 5520 586 5586 σέϐας,
638 5523 712 5586 ὡς
759 5523 911 5576 αὐτοί
958 5540 1152 5591 φασιν,
1211 5524 1453 5595 ἀνοήτως
1503 5527 1886 5597 προσάγωσινο

312 5614 485 5676 ὅντως
514 5614 615 5668 ούκ
639 5615 948 5686 ἐφρόνησαν
971 5616 1203 5670 συνιδεῖν
1230 5615 1262 5688 ἦ
1296 5617 1532 5670 συνιέναι
1563 5620 1612 5671 oi
1638 5620 1887 5683 τάλανες

314 5706 403 5761 διὰ
434 5705 594 5760 τοῦτο
630 5702 731 5776 τῆς
758 5706 1015 5777 ἀληθείας
1053 5709 1610 5778 καταλαζονεύονται,
1651 5712 1891 5783 τολμῶσί

1982 4530 2326 4599 gratissimus
2368 4527 2522 4581 cibus
2578 4526 2822 4588 draconi,
2861 4531 3180 4593 potestatem
3209 4529 3554 4590 acceperunt,

1980 4623 2133 4675 abeo
2178 4622 2267 4689 qui
2322 4616 2580 4673 mundum
2637 4616 2859 4681 devicit,
2915 4616 3312 4685 superbamque
3364 4624 3419 4666 et
3456 4626 3553 4664 sae-

1982 4728 2102 4764 vam
2139 4711 2332 4766 diaboli
2368 4710 2662 4780 potentiam
2685 4708 2973 4772 destruxit,
3007 4709 3246 4760 calcandi
3276 4713 3558 4773 serpentes

1983 4814 2035 4858 et
2065 4804 2385 4872 scorpiones
2424 4816 2752 4869 omnemque
2784 4799 2990 4853 inimici
3023 4799 3149 4851 vim.
3179 4798 3285 4850 Sed
3316 4806 3368 4849 et
3399 4796 3559 4847 halm)

1985 4896 2276 4967 draconem
2329 4894 2627 4955 attrahent,
2659 4892 2953 4960 capistrum
2985 4890 3309 4955 liliulamqne
3340 4886 3558 4939 naribus

1985 4985 2103 5052 ejus
2153 4981 2422 5049 injicient,
2458 4981 2785 5050 armillaque
2826 4980 3025 5035 labiutn
3074 4979 3185 5043 ejus
3218 4975 3555 5043 pellodicm;

1987 5074 2383 5146 quantumlibet
2429 5073 2483 5126 hi
2542 5075 2748 5128 erroris
2782 5074 2863 5127 sui
2915 5073 3119 5139 laqueis
3149 5068 3287 5135 capti
3344 5068 3559 5132 captivo

1988 5175 2041 5220 et
2098 5163 2371 5233 perforato
2419 5171 2476 5217 et
2535 5163 2798 5232 mastigiae
2850 5160 3074 5223 cultum,
3110 5156 3321 5225 utjpsi
3385 5157 3556 5219 aiunt,

1989 5257 2182 5312 stolide
2221 5255 2535 5310 exhibeant.
2571 5253 2711 5308 Vere
2741 5268 2847 5307 non
2884 5251 3259 5320 cogitaverunt
3284 5264 3476 5317 sapere
3507 5260 3560 5300 et

1991 5348 2294 5416 intelligere
2326 5344 2571 5399 infelices
2602 5343 2676 5397 lii.
2713 5341 2840 5396 Ideo
2870 5341 3129 5394 adversus
3160 5338 3440 5394 veritatem
3477 5340 3559 5393 in-

1990 5438 2317 5500 soleScunt,
2383 5436 2690 5502 audentque
2745 5448 2864 5502 quae
2922 5446 3021 5485 nec
3085 5426 3330 5485 barbaris
3390 5446 3563 5500 neque

1990 5529 2196 5585 Graecis
2236 5528 2492 5582 audenda
2530 5526 2728 5579 forent.
2758 5523 2901 5591 Quid
2931 5524 3132 5587 dicent,
3161 5523 3246 5576 ubi
3293 5525 3565 5577 audierint

1992 5636 2111 5690 qua:
2143 5622 2194 5674 in
2232 5618 2537 5690 Evangeliis
2566 5626 2752 5671 noster
2772 5616 2976 5671 diserte
3001 5615 3113 5669 Rex
3147 5625 3197 5668 et
3228 5626 3415 5683 pastor
3454 5618 3566 5667 αλιυ-

1995 5715 2159 5769 mavit
2197 5733 2210 5768 :
2245 5713 2375 5767 Ores
2427 5729 2553 5767 mea:
2600 5727 2765 5766 rorem
2821 5727 2985 5765 meam
3042 5713 3287 5779 aruiiunt,
3318 5724 3361 5764 et
3413 5726 3563 5768 nemo
