3918 6152
380 287 485 350 70⁵1
1376 283 1440 345 S.
1479 281 1897 344 NICEPHORI
1934 283 2439 344 PATRIARCILE
2477 283 2586 344 CP.
3526 287 3634 350 708

381 398 515 462 rapit
557 412 648 450 eas
669 395 733 450 de
765 409 924 448 manu
962 410 1072 446 mea
1095 392 1184 445 "‘i
1228 391 1296 446 Et.
1341 392 1486 460 quod
1539 389 1700 447 Pater
1743 391 1945 448 dederit

2051 407 2111 444 τε
2139 389 2177 444 ἃ.
2205 389 2314 444 οὐδ’
2353 390 2422 445 ἂν
2461 389 2822 461 βαρϐάροιςῆ
2858 389 3086 462 Ἕλλησι
3133 393 3413 464 τολμητέα
3457 391 3630 450 εἶναι·

380 489 429 546 ei
460 497 778 559 potestatem
807 487 862 542 in
889 501 1105 542 omnem
1137 499 1359 541 carnem
1380 485 1467 539 “‘l
1491 483 1576 549 Et,
1609 485 1790 540 omnia
1830 498 1945 554 qua:

2047 480 2100 533 τί
2122 482 2386 552 φήσουσιν
2405 481 2697 546 ἀκούοντες
2721 475 2809 536 οἷα
2841 483 2899 536 ἐν
2929 483 3282 554 Εὐαγγελῐοις
3301 487 3331 539 6
3359 487 3636 561 ἡμέτερος

373 583 545 638 habet
577 580 754 645 Pater,
781 577 941 634 habet
963 585 1019 634 et
1044 576 1215 632 Filius
1241 579 1287 610 ⁸³
1305 577 1330 632 ?
1351 575 1485 631 Nam
1506 591 1619 630 mea
1636 577 1832 642 omnia,
1869 576 1922 631 in
1937 604 1954 618 -

369 675 520 743 squit,
569 684 660 726 tua
701 682 852 736 sunt;
913 679 964 725 et
1011 680 1123 733 tua,
1163 682 1301 733 mea,
1331 676 1380 723 et
1417 669 1471 722 in
1517 667 1601 720 Itis
1631 665 1949 736 clariﬁcatus

371 780 497 818 sum
522 763 590 816 “.
628 760 870 829 Namque
898 759 1241 828 Unigcnitum
1264 765 1459 812 cuncta
1486 754 1569 812 sui
1589 752 1769 810 Patris
1783 755 1952 824 parti-

381 857 564 923 cipare
609 855 904 908 credimus.
945 850 1227 918 Quomodo
1254 861 1409 938 \ergo
1462 844 1790 908 clariﬁcatus
1845 855 1950 914 est,

375 945 426 1000 si
443 945 614 1000 victus
643 960 707 998 ac
735 943 1034 997 minoratus
1051 941 1074 995 ?
1091 937 1371 1008 Quomodo
1403 947 1671 1010 potestate
1690 937 1951 1008 spoliatus

372 1037 565 1098 fuerit,
595 1035 685 1104 qui
719 1033 896 1088 Patris
926 1031 1210 1100 majestate
1233 1040 1479 1097 ornatur,
1503 1043 1839 1100 consorsque
1865 1037 1952 1084 est

381 1129 649 1184 universas
675 1125 928 1196 potentiae
969 1123 1122 1192 ejus?
1171 1123 1294 1178 Haec
1349 1121 1564 1178 Domini
1607 1124 1790 1178 hostes
1841 1135 1950 1175 non

375 1219 764 1283 considerant,
817 1217 941 1286 quia
988 1217 1088 1270 sub
1153 1215 1260 1270 alio
1297 1215 1500 1286 degunt
1563 1214 1744 1270 saeculi
1790 1211 1950 1282 hujus

372 1311 642 1381 principe.
677 1309 790 1364 Hoc
840 1309 984 1363 enim
1015 1307 1148 1376 ipsis
1179 1306 1323 1361 valet
1365 1307 1633 1362 idolorum
1681 1307 1946 1374 adoratio,

373 1403 700 1471 nempejam
735 1401 858 1455 inde
886 1401 953 1452 ab
983 1399 1138 1452 initio
1183 1408 1436 1470 suscepta
1466 1397 1795 1468 evangelicae
1817 1397 1950 1452 doc-

372 1491 537 1544 trina:
571 1487 950 1543 contradictio.
975 1485 1085 1540 Nos
1115 1501 1243 1541 vero
1285 1502 1559 1556 nunquam
1591 1486 1951 1558 delatigemur

381 1583 623 1648 ipsorum
657 1579 932 1632 vesaniam
964 1585 1125 1646 atque
1154 1577 1512 1632 stoliditatem
1543 1577 1840 1632 debellare.

2043 571 2344 644 διαρρήδην
2361 571 2616 642 βασιλεὺς
2644 573 2740 628 καὶ
2765 575 2972 646 ποιμὴν
2993 576 3330 649 διακέκραγε
3349 597 3361 609 ’
3391 577 3470 634 Τὰ
3485 582 3634 649 πρό-

2052 663 2200 717 ϐατα
2235 663 2308 718 τὰ
2333 663 2445 733 ἐμὰ
2485 663 2597 732 τῆς
2633 665 2840 734 φωνῆς
2865 684 2986 736 μου
3021 668 3260 732 ἀκούει,
3292 671 3392 725 καὶ
3430 671 3634 740 οὐδεὶς

2050 753 2310 822 ἁρπάσει
2333 753 2484 808 αὐτὰ
2509 756 2578 808 ἐκ
2606 759 2717 825 τῆς
2746 759 2946 826 χειρός
2963 775 3118 827 μους
3145 759 3255 815 Καὶ
3273 762 3355 816 ὅτι
3383 763 3413 816 6
3443 763 3634 834 Πατὴρ

2052 846 2280 901 δέδωκεν
2330 849 2478 920 αὐτῷ
2523 848 2772 915 ἐξουσίαν
2823 851 2968 905 κατά
3019 854 3202 924 πάσης
3259 855 3492 926 σαρκόςο
3536 859 3628 912 καὶ

2055 939 2234 992 πάντα
2267 941 2366 994 ὅσα
2403 941 2518 1012 ἔχει
2550 943 2578 996 6
2607 943 2816 1013 Πατὴρ,
2863 943 2976 1014 ἔχει
3009 945 3106 1000 καὶ
3140 949 3169 998 6
3207 947 3368 1012 Υίόςο
3410 948 3498 1004 Τὰ
3519 950 3630 1022 γὰρ

2052 1029 2168 1098 ἐμὰ
2203 1029 2423 1098 πάντα,
2457 1034 2611 1104 φησὶ,
2644 1032 2728 1088 σά
2750 1035 2903 1102 ἐστι,
2925 1037 3024 1090 καὶ
3053 1039 3125 1092 τὰ
3148 1039 3231 1091 σὰ
3253 1041 3384 1108 ἐμὰ,
3411 1043 3509 1095 καὶ
3540 1041 3632 1096 δε-

2053 1120 2352 1193 δόξασμαι
2385 1125 2456 1179 ἐν
2491 1127 2717 1193 αὐτοῖς.
2761 1129 3022 1183 Μετεῖναι
3065 1130 3174 1202 γάρ
3219 1131 3298 1202 τῷ
3337 1133 3638 1202 Μονογενεϊ

2051 1213 2267 1267 πάντων
2299 1215 2407 1268 τῶν
2452 1215 2547 1270 τοῦ
2595 1217 2810 1289 Πατρδς
2855 1220 3344 1294 πεπιστεύκαμεν
3393 1223 3510 1288 πῶς
3535 1221 3634 1279 οὖν

2046 1303 2382 1370 δεδόξασται,
2417 1308 2466 1360 εί
2508 1309 2792 1380 νενίκηται
2834 1309 2927 1364 καὶ
2973 1311 3236 1384 ἥττηται;
3274 1315 3391 1380 πῶς
3433 1316 3492 1370 δέ
3531 1317 3636 1387 τῆς

2047 1394 2295 1461 ἐξουσίας
2331 1397 2632 1469 ἀφῄρηται,
2655 1401 2684 1453 6
2721 1403 2779 1454 ἐν
2807 1403 2920 1464 τοῖς
2971 1408 3262 1476 πατρικοῖς
3310 1407 3629 1476 ἐναγλαῖξόο

2051 1502 2212 1555 μενος
2257 1485 2550 1557 ἀξιώμασι,
2586 1489 2682 1544 καὶ
2715 1493 3072 1563 συμμετέχων
3100 1495 3203 1564 τῆς
3235 1497 3378 1550 κατά
3410 1500 3632 1555 πάντων

2047 1578 2463 1650 ἐνυπαρχούσης
2496 1581 2745 1646 ἐξουσίας
2779 1583 2962 1654 αὐτῷς
3003 1586 3174 1640 ταῦτα
3203 1589 3252 1640 oi
3295 1589 3389 1642 τοῦ
3421 1590 3630 1660 Κυρίου

377 1666 564 1738 ἐχθροὶ
590 1667 650 1720 οὒ
675 1667 1002 1735 λογίζονται*
1037 1667 1125 1735 ὑφ’
1151 1667 1325 1738 έτέρῳ
1357 1667 1466 1738 γάρ
1504 1667 1717 1720 τελοῦσι
1749 1666 1828 1738 τῷ
1890 1666 1985 1720 τοῦ
2024 1667 2220 1732 αἰῶνος
2247 1667 2440 1724 τούτου
2522 1672 2779 1742 ἄρχοντι·
2816 1673 2976 1728 τοῦτο
3003 1676 3110 1748 γάρ
3153 1679 3340 1743 αὐτοῖς
3381 1680 3632 1749 βούλεται

375 1761 442 1814 τὸ
467 1759 704 1823 εἰδώλοις
728 1761 1268 1830 προσκεκυνηκέναι,
1293 1761 1354 1813 τὸ
1387 1759 1448 1825 ἐξ
1499 1761 1673 1832 ἀρχῆς
1743 1760 1991 1814 ὠδίνουσι
2028 1759 2171 1813 κατά
2217 1759 2308 1814 τοῦ
2373 1763 2725 1832 εὐαγγελικοῦ
2762 1765 2922 1834 λόγου
2966 1767 3066 1830 τάς
3104 1768 3442 1836 ἀντιθέσεις·
3469 1773 3632 1842 ἡμεῖς

373 1857 432 1912 δὲ
454 1857 554 1910 οὐκ
591 1855 656 1910 ἄν
693 1871 821 1910 ποτε
845 1856 1257 1926 άποκνήσαιμεν
1289 1855 1646 1928 θριαμϐεύειν
1679 1857 1858 1911 αὐτῶν
1891 1856 1952 1910 τὺ
1983 1857 2227 1929 ἐμμανὲς
2261 1859 2356 1912 καὶ
2383 1857 2444 1912 τὸ
2472 1859 2860 1932 ἐμϐρόντητον.

450 1989 588 2056 Quid
620 2003 750 2058 ergo
797 1987 874 2042 ait
913 1989 1209 2042 Servatur?
1235 1987 1338 2054 Qui
1387 2005 1479 2054 per
1502 1989 1728 2058 januam
1759 1991 1945 2058 intrat,

2120 1991 2186 2046 Τί
2211 1986 2306 2046 οὖν
2337 2009 2499 2064 φησιν
2525 1995 2553 2046 6
2582 1995 2808 2066 Σωτήρ;
2845 1997 2908 2050 '0
2935 2001 3357 2070 εἰσερχόμενος
3388 2001 3491 2058 διὰ
3517 2005 3633 2074 τῆς

379 2091 560 2150 pastor
583 2089 679 2134 est.
713 2076 918 2132 Etcum
950 2095 1064 2132 oues
1093 2081 1336 2149 praprias
1375 2081 1630 2143 emiserit,
1661 2090 1782 2134 ante
1811 2081 1952 2150 ipsa:

381 2172 544 2236 vadit,
571 2182 619 2224 et
661 2187 776 2224 oves
807 2187 922 2225 eum
946 2183 1251 2241 sequuntur,
1277 2175 1402 2242 quia
1429 2173 1596 2226 sciunt
1623 2189 1792 2227 vocem
1813 2173 1948 2242 ejus.

383 2265 624 2316 Alienum
655 2271 827 2314 autent
855 2279 955 2315 non
985 2273 1294 2332 sequuntur,
1313 2265 1436 2333 quia
1466 2281 1642 2319 uocent
1669 2265 1815 2319 illius
1847 2281 1952 2319 non

381 2363 662 2415 nouerunt;
693 2351 808 2405 ideo
831 2352 1060 2406 alienant
1108 2371 1208 2408 non
1240 2366 1526 2420 sectantur,
1557 2358 1648 2409 sed
1673 2356 1735 2409 ab
1759 2372 1818 2409 eo
1861 2356 1952 2424 fu-

381 2447 550 2516 giunt,
584 2445 708 2514 quia
737 2459 840 2496 non
889 2455 1141 2498 noverunt
1173 2461 1343 2499 uocem
1397 2447 1691 2502 alienorum
1716 2449 1783 2500 “.
1815 2447 1950 2503 Dein

382 2551 600 2590 rursus:
629 2533 740 2603 Ego
757 2527 870 2586 sum
890 2535 1110 2596 ostium;
1129 2549 1221 2600 per
1244 2551 1322 2587 me
1339 2533 1514 2604 siquis
1537 2536 1814 2600 introierit,
1845 2535 1950 2589 sal-

380 2626 602 2690 uubilur,
657 2632 707 2677 et
748 2626 1030 2692 procedet,
1066 2631 1116 2676 et
1170 2640 1366 2692 pascua
1428 2625 1653 2678 inveniet
1701 2625 1766 2680 ".
1810 2625 1948 2692 Quid

379 2727 560 2773 autem
592 2717 646 2772 hi
681 2716 868 2772 vesani
895 2715 918 2768 ?
949 2713 1228 2770 Pastorem
1249 2715 1573 2784 huiusmodi,
1597 2727 1858 2785 aegrotum
1885 2731 1949 2772 ac

379 2808 632 2870 debilem,
665 2817 718 2861 et
745 2805 1031 2876 pastoralis
1057 2805 1193 2860 artis
1231 2805 1542 2874 imperitum
1574 2820 1698 2862 esse
1734 2806 1943 2874 volunt,

377 2901 463 2956 vel
523 2899 751 2956 inllrmis
794 2899 860 2952 ad
909 2898 1220 2969 dirigendas
1241 2913 1368 2952 oves
1404 2899 1634 2962 viribus.
1661 2907 1718 2955 et
1757 2899 1840 2953 vel
1879 2914 1946 2956 eo

380 2993 548 3047 invito
581 3000 675 3046 aut
716 2991 881 3046 etiam
935 2990 1202 3060 prodente
1253 3005 1469 3061 gregem
1517 3005 1546 3044 a
1579 2990 1704 3062 lupo
1738 2993 1944 3047 discer-

379 3096 529 3154 ptum
555 3082 744 3138 fuisse.
776 3080 1002 3137 Frustra
1043 3092 1222 3136 autem
1251 3082 1447 3150 opponi
1483 3081 1680 3138 ostlum
1707 3082 1942 3150 videtur,

379 3171 518 3240 quod
553 3169 754 3225 nullam
784 3180 1003 3238 praestet
1041 3170 1396 3224 securitatem
1424 3211 1440 3237 ,
1475 3173 1586 3226 sive
1629 3173 1756 3241 quis
1780 3171 1946 3226 intret

380 3266 494 3319 sive
527 3271 710 3327 exeat,
746 3261 878 3316 nihil
928 3261 1169 3330 ejusdem
1211 3262 1372 3316 saluti
1433 3261 1742 3318 conferens.
1779 3263 1942 3333 Atqui

379 3355 454 3410 ita
485 3353 672 3424 nugari
703 3360 760 3406 et
820 3351 988 3420 loqui,
1025 3351 1240 3422 qualem
1291 3366 1505 3421 pmnam
1556 3354 1944 3423 suppliciumve
1969 3340 2014 3399 (ἶ

379 3459 485 3498 non
525 3439 802 3496 meretur?
829 3439 1029 3494 Deinde
1069 3457 1082 3493 :
1126 3437 1240 3508 Ego
1277 3455 1394 3492 sum
1451 3449 1633 3508 pauor
1677 3439 1859 3501 bonus,
1894 3447 1946 3493 et

375 3545 630 3602 COQIIOSCO
667 3545 787 3583 ουεε
816 3544 980 3593 meas,
1015 3537 1063 3582 et
1085 3537 1455 3599 recognoscant
1476 3545 1554 3582 me
1578 3544 1725 3594 mete,
1749 3537 1798 3582 et
1825 3531 1946 3584 ani-

375 3635 516 3672 mum
538 3633 704 3671 nteam
727 3633 862 3687 pono
893 3633 984 3684 pro
1009 3617 1187 3672 ovibus
1229 3617 1298 3672 ".
1333 3617 1428 3671 llis
1461 3627 1640 3672 utem
1688 3617 1944 3688 utrinque

377 3712 726 3782 blasphemia:
779 3707 1051 3766 defoditur
1085 3711 1259 3774 fovea,
1288 3711 1378 3781 qui
1413 3719 1470 3764 et
1521 3707 1726 3766 Christi
1759 3722 1942 3782 pasto-

376 3807 452 3859 ris
503 3805 686 3870 simul,
715 3814 772 3860 et
825 3791 1004 3859 o'vium
1047 3788 1428 3875 ignorantiam,
1459 3805 1624 3859 stulte
1660 3816 1940 3860 accusant.

290 3879 296 3885 ’
383 3897 700 3953 Discredent
749 3897 894 3950 enim
937 3910 1162 3964 prorsus
1189 3895 1286 3958 illi,
1317 3895 1552 3950 animam
1615 3912 1714 3964 pro
1751 3896 1942 3952 ovibus

373 4004 574 4059 ponere
601 4004 661 4048 se
690 3989 912 4050 dicenti,
949 3995 1009 4042 ut
1035 3987 1118 4043 vel
1154 3987 1374 4075 omnino
1396 3988 1594 4042 nullam
1619 3987 1789 4043 luisse
1818 4003 1942 4057 pas-

372 4077 579 4132 sionem
603 4075 718 4145 ejus
745 4074 906 4146 217
927 4084 1191 4140 statuant,
1223 4074 1308 4130 vel
1338 4077 1647 4132 simulatam
1684 4085 1738 4132 et
1769 4077 1940 4146 phan-

373 4169 620 4224 tasticam
645 4185 660 4236 ;
681 4181 987 4236 vanumque
1014 4166 1203 4222 drama
1234 4166 1300 4221 ab
1335 4169 1756 4238 Evangeliorum
1805 4187 1938 4226 auc-

375 4260 584 4316 toribus
611 4259 965 4327 compositum
1011 4257 1374 4313 afﬁrmabunt.
1403 4258 1470 4312 Hi
1511 4269 1690 4316 autem
1721 4262 1937 4316 nonnisi

372 4351 584 4406 illorum
605 4349 892 4405 dementia:
927 4357 1089 4418 atque
1119 4349 1424 4419 impietatis
1455 4348 1663 4406 fructus
1704 4363 1850 4408 sunt.
1875 4355 1937 4410 Et

367 4443 620 4498 Christus
641 4443 858 4512 quidem
883 4440 959 4496 ait
989 4457 1002 4495 :
1035 4439 1105 4495 Εἰ
1127 4441 1262 4496 alios
1312 4458 1428 4496 aves
1463 4443 1648 4512 habeo,
1677 4463 1793 4517 qua:
1833 4467 1936 4504 non

367 4545 487 4588 sunt
520 4549 585 4588 ea:
611 4533 708 4586 hoc
751 4532 910 4597 ovili;
939 4541 987 4585 et
1039 4530 1161 4586 illas
1198 4541 1400 4600 Oportet
1447 4551 1526 4589 me
1565 4537 1846 4604 adducere,
1885 4549 1935 4595 et

2053 2082 2257 2150 θύρας,
2298 2084 2525 2154 ποιμήν
2565 2086 2722 2163 ἐστι·
2758 2087 2855 2140 καὶ
2903 2088 3050 2143 ὅταν
3089 2091 3162 2145 τὰ
3202 2093 3324 2146 ἴδια
3363 2097 3632 2163 πρόϐατα

2051 2171 2299 2243 ἐκϐάλῃ,
2329 2161 2668 2244 ἔμπροσθεν
2694 2177 2892 2232 αὐτῶν
2909 2183 3242 2251 πορεύεται,
3271 2186 3370 2240 καὶ
3388 2161 3461 2243 τὰ
3480 2193 3629 2258 πρό-

2052 2263 2199 2316 ϐατα
2226 2263 2385 2330 αὐτῷ
2409 2267 2748 2333 ἀκολουθεῖ,
2773 2268 2861 2322 ὅτι
2896 2271 3097 2326 οἴδασι
3119 2272 3236 2344 τὴν
3273 2277 3488 2346 φωνὴν
3514 2281 3628 2334 αὐ-

2051 2353 2193 2408 τοῦ·
2233 2355 2532 2424 ἀλλοτρίῳ
2568 2356 2636 2410 δὲ
2674 2359 2746 2412 οὐ
2781 2359 2868 2428 μὴ
2910 2361 3436 2434 ἀκολουθήσωσιν,
3465 2370 3631 2424 ἀλλὰ

2047 2444 2374 2512 φεύξονται
2408 2447 2509 2502 ἀπ’
2549 2449 2757 2514 αὑτοῦ,
2786 2449 2876 2504 ὅτι
2901 2453 3014 2507 οὐκ
3053 2455 3256 2510 οἴδασι
3290 2457 3409 2512 τῶν
3441 2461 3630 2516 ἄλλο·

2049 2535 2226 2603 τρίων
2251 2535 2366 2604 τὴν
2391 2538 2622 2608 φωνήν.
2653 2537 2782 2594 Εἶτα
2816 2543 2976 2598 πάλιν
2998 2563 3013 2578 ο
3057 2547 3206 2618 Ἐγώ
3229 2552 3348 2619 ειμι
3374 2553 3414 2619 ἡ
3447 2555 3624 2620 θύρα·

2048 2622 2124 2678 δι’
2140 2625 2287 2696 ἐμοῦ
2301 2627 2412 2681 ἐὰν
2430 2645 2522 2694 τις
2537 2631 2806 2704 εἰσέλθῃ,
2827 2635 3169 2703 σωθήσεται
3187 2641 3285 2694 καὶ
3306 2641 3624 2707 ἐξελεύσε-

2047 2731 2142 2769 ται
2168 2715 2267 2770 καὶ
2295 2719 2493 2788 νομὴν
2515 2722 2781 2792 εὑρήσει.
2818 2726 2883 2777 Τί
2911 2726 2968 2780 δὲ
3005 2731 3054 2782 οἱ
3101 2731 3488 2804 παράφρονες;
3530 2736 3627 2789 τὸν

2049 2807 2149 2876 μὲν
2181 2809 2424 2866 τοιοῦτον
2453 2813 2706 2884 ποιμένα,
2737 2817 3134 2890 ἡρῤωστηκότα
3165 2824 3258 2876 καὶ
3291 2825 3497 2892 ἄτονον,
3527 2829 3626 2881 καὶ

2048 2899 2294 2972 ἀπείρως
2315 2901 2414 2974 τῆς
2443 2908 2806 2978 ποιμαντικῆς
2825 2911 3138 2980 εἰσάγουσιν
3168 2913 3380 2985 ἔχοντα,
3406 2919 3439 2987 ἢ
3467 2919 3630 2973 ἀσθε-

2045 2991 2166 3062 νείᾳ
2220 2992 2316 3082 τοῦ
2375 2993 2583 3048 διέπειν
2627 2999 2693 3052 τά
2727 2999 2996 3071 πρόϐατα,
3027 3004 3060 3074 ἢ
3095 3005 3364 3072 ἀκουσίως
3389 3009 3626 3082 διηρπά-

2046 3081 2170 3136 σθαι
2207 3078 2313 3138 ὕπὸ
2353 3085 2448 3140 τοῦ
2491 3087 2739 3162 λύκου,ἣ
2789 3092 3072 3165 ἐθελοντὴν
3105 3078 3518 3170 καταπροέσθαι
3561 3105 3628 3156 τδ

2044 3175 2298 3246 ποίμνιον
2321 3195 2338 3211 ⁶
2373 3179 2552 3250 μάτην
2573 3182 2653 3250 δὲ,
2680 3184 2756 3248 ὡς
2783 3184 2981 3252 ἔοικεν,
3008 3189 3040 3259 ἡ
3063 3189 3204 3262 θύρα
3229 3193 3622 3266 προϐέϐληται,

2042 3267 2343 3338 οὐδαμόθεν
2379 3272 2442 3324 τὸ
2481 3274 2718 3343 ἀσφαλὲς
2759 3277 2987 3348 ἐχουσαο
3031 3281 3156 3337 οὔτε
3183 3284 3238 3338 εί
3264 3303 3352 3350 τις
3387 3289 3626 3342 εἰσελεύ-

2047 3373 2199 3412 σεται
2223 3359 2292 3413 δι’
2321 3361 2495 3432 αὐτῆς
2525 3364 2558 3434 ἢ
2599 3365 2966 3436 ἐξελεύσεται,
2999 3373 3080 3437 είς
3115 3372 3177 3426 τδ
3203 3374 3418 3453 ’σώζειν
3451 3378 3536 3432 οἶα
3559 3395 3623 3432 τε

2046 3449 2402 3522 ὑπάρχουσιν
2431 3453 2492 3508 τὸ
2530 3455 2587 3509 δὲ
2623 3458 2796 3513 ταῦτα
2817 3459 3078 3534 φλυαρεῖν
3103 3449 3428 3535 καιλέγειν,
3463 3469 3622 3534 ποίας

2045 3541 2321 3608 κολάσεως
2349 3545 2445 3598 καὶ
2474 3547 2752 3613 ἀπωλείας
2776 3551 2878 3605 οὐκ
2903 3553 3041 3607 οἴσει
3069 3555 3256 3628 δίκην;
3282 3553 3418 3612 Εἶτα
3436 3575 3452 3589 ’
3481 3560 3621 3629 Ἐγώ

2043 3633 2158 3702 ειμι
2185 3636 2218 3686 ό
2238 3634 2464 3704 ποιμὴν
2499 3641 2532 3690 d
2571 3638 2781 3704 καλὸς,
2810 3641 2909 3694 καί
2940 3643 3213 3712 γινώσκω
3245 3646 3320 3700 τὰ
3342 3647 3474 3717 ἐμὰ,
3516 3648 3616 3702 καί

2044 3719 2409 3792 τινώσκομαι
2442 3725 2560 3778 ὑπὸ
2600 3725 2720 3782 τῶν
2741 3729 2921 3796 ἐμῶν,
2954 3733 3053 3786 καὶ
3086 3733 3202 3804 τὴν
3241 3737 3455 3806 ψυχήν
3497 3756 3616 3808 μου

2041 3814 2240 3883 τίθημι
2262 3815 2416 3884 ὑπὲρ
2441 3817 2559 3870 τῶν
2584 3819 2916 3886 προϐάτων.
2943 3823 3068 3888 Τοῖς
3093 3824 3152 3890 δέ
3181 3843 3245 3894 γε
3275 3827 3618 3899 ἑκατέρωθεν

2042 3905 2101 3957 ἐν
2134 3904 2344 3968 τούτοις
2365 3909 2392 3960 ὁ
2418 3907 2519 3977 τῆς
2542 3908 2894 3981 βλασφημίας
2934 3916 3377 3988 περιορώρυκται
3405 3920 3616 3992 βόθρος,

2039 3995 2175 4068 ὁμοῦ
2197 4015 2257 4050 τε
2283 3997 2376 4052 τοῦ
2404 4001 2658 4072 ποιμένος
2687 4005 2922 4075 Χριστοῦ
2945 4008 3040 4060 καὶ
3064 4008 3174 4062 τῶν
3205 4011 3494 4080 προϐάτων
3519 4014 3618 4085 τὴν

2040 4091 2265 4158 ἄγνοιαν
2290 4093 2535 4162 ἀνοήτως
2581 4097 3121 4170 καταψηφιζομένοις
3142 4118 3155 4131 ⁸
3203 4103 3619 4177 διαπιστήσουσι

2043 4180 2100 4233 δέ
2136 4198 2237 4234 που
2266 4183 2478 4246 πάντως
2513 4185 2681 4256 αὐτῷ,
2717 4189 2814 4241 καὶ
2838 4189 2935 4260 τὴν
2965 4190 3146 4264 ψυχὴν
3175 4194 3316 4265 ὑπὲρ
3344 4195 3454 4251 τῶν
3482 4215 3618 4269 προ-

2041 4272 2221 4327 ϐάτων
2262 4273 2472 4328 τιθέναι
2511 4276 2724 4345 λέγοντι
2747 4295 2762 4309 °
2807 4280 2954 4353 ἴναῆ
3001 4285 3246 4355 μηδόλως
3283 4289 3618 4359 γεγενῆσθαι

2036 4366 2098 4420 τὸ
2125 4369 2392 4439 σωτήριον
2422 4370 2660 4440 Χριστοῦ
2689 4373 2857 4438 πάθος
2878 4375 3302 4446 δογματίσωσιν,
3335 4381 3369 4452 ἢ
3395 4383 3470 4446 ὡς
3507 4401 3615 4437 πα-

2041 4461 2500 4533 ραπεπλασμένον
2549 4462 2646 4517 καὶ
2705 4469 3071 4538 φασματῶδες
3116 4476 3470 4545 παραφανέν,
3522 4478 3618 4530 καὶ

2039 4551 2164 4622 εἰκῆ
2217 4551 2590 4608 συντεθεῖσθαι
2650 4555 3237 4631 δραματουργούμενον
3301 4566 3453 4636 παρὰ
3505 4569 3615 4624 τῶν

365 4641 541 4680 uocem
597 4639 764 4677 meam
822 4623 1061 4688 audient,
1088 4633 1137 4677 et
1181 4623 1271 4692 [iet
1327 4641 1492 4680 unum
1539 4628 1671 4682 ovile
1701 4641 1748 4684 et
1799 4647 1935 4686 unus

2047 4641 2467 4715 ἐξηγησαμένων
2511 4649 2642 4718 ἡμῖν
2680 4623 2771 4700 τάγ
2796 4623 3129 4721 Εὐαγγέλια,
3176 4623 3610 4728 εἰσηγήσωνται·

364 4711 928 4784 pastor”.llicontra,
960 4713 1079 4768 illas
1125 4716 1286 4770 etiam
1345 4732 1464 4786 quae
1518 4719 1568 4773 ei
1605 4723 1835 4790 cognitae
1879 4732 1936 4778 et

2047 4709 2214 4790 ταύτα
2249 4709 2307 4789 δέ
2349 4738 2508 4792 τίνων
2533 4709 2749 4804 ἀλλων,
2797 4743 2830 4812 ἦ

365 4813 702 4876 congregata
762 4813 908 4871 sunt,
961 4805 1030 4860 ab
1073 4802 1312 4876 ejusdem
1359 4810 1565 4866 ditione
1603 4821 1656 4867 et
1701 4812 1934 4868 fantilia-

365 4899 526 4953 ritate
573 4911 761 4952 arcere
808 4897 1074 4964 nituntur,
1114 4907 1171 4954 et
1226 4901 1292 4955 ad
1347 4903 1552 4958 erroris
1596 4905 1680 4960 sui
1739 4907 1930 4961 ducent

361 4989 637 5043 diabolum
693 4991 998 5046 traducere.
1063 4992 1274 5047 Diceret
1335 5003 1518 5048 autem
1568 4997 1652 5052 his
1719 5014 1936 5069 quoque

359 5079 633 5144 Christus,
681 5081 770 5150 qui
824 5079 1132 5156 Judarorum
1188 5085 1414 5138 vesania
1465 5086 1710 5141 laborant
1767 5108 1780 5142 :
1831 5088 1934 5144 Vos

359 5187 463 5224 non
497 5173 733 5237 creditis,
761 5175 886 5243 quia
937 5191 1040 5229 non
1087 5175 1210 5229 estis
1239 5175 1302 5229 de
1348 5178 1527 5231 ovibus
1588 5180 1734 5233 uteie.
1801 5181 1933 5236 Oves

359 5279 484 5317 mea:
514 5280 685 5318 vocem
703 5267 1130 5332 meamaudiunt,
1157 5277 1208 5322 et
1235 5284 1492 5338 cognosco
1506 5287 1616 5336 ens,
1637 5281 1682 5325 et
1705 5289 1933 5342 sequun-

359 5360 448 5404 tur
478 5369 576 5408 me.
609 5352 674 5406 Et
718 5370 810 5424 ego
841 5356 998 5408 vitam
1042 5369 1291 5410 teternam
1323 5358 1480 5426 dabo,
1507 5371 1554 5415 et
1589 5361 1642 5414 in
1678 5375 1932 5418 (uernum

427 5501 659 5630 stay”):
689 5549 869 5630 LE7:
947 5551 991 5581 "
1023 5550 1178 5630 Juztn.
1209 5569 1338 5621 sui,
1371 5557 1424 5610 2.
1530 5561 1576 5593 ’³
1609 5559 1764 5616 Joan.
1804 5578 1912 5630 xu,
1941 5567 2006 5620 15

361 5613 405 5647 ⁸⁷
426 5617 556 5670 Ibid.
601 5617 686 5670 14.
761 5618 804 5649 ⁸⁸
832 5617 987 5673 «Ιυιιιι.
1026 5637 1077 5686 x,
1115 5623 1198 5676 16.

3020 4747 3246 4803 ἐκείνων
3289 4751 3478 4816 ἀνοίας
3519 4756 3615 4808 καὶ
3639 4769 3666 4787 ‘

2041 4827 2296 4891 ἀσεϐείας
2321 4829 2481 4896 ἄξιας
2516 4833 2612 4885 καὶ
2637 4834 2666 4884 6
2707 4833 2806 4903 μὲν
2839 4835 3074 4908 Χριστὸς
3101 4839 3250 4907 λέγει
3269 4857 3282 4871 ·
3313 4842 3425 4897 Kal
3451 4843 3613 4898 dua

2039 4916 2303 4984 πρόϐατα
2333 4917 2470 4988 ἕχω,
2495 4917 2535 4974 d
2558 4924 2670 4975 οὐκ
2689 4923 2861 4978 ἐστιν
2883 4925 2951 4980 ἐκ
2985 4926 3097 4996 τῆς
3131 4929 3330 5000 αὐλῆς
3357 4933 3613 5000 ταύτης-ο

2048 5006 2296 5061 κάκεῖνά
2308 5025 2386 5077 με
2412 5007 2504 5062 δεῖ
2519 5011 2786 5081 ἀγαγεῖν,
2807 5015 2904 5068 καὶ
2924 5016 3036 5084 τῆς
3063 5019 3271 5089 φωνῆς
3290 5040 3412 5091 μου
3435 5025 3618 5078 ἀκού·

2032 5111 2252 5161 σουσι,
2287 5098 2386 5152 καί
2433 5099 2754 5169 γενήσεται
2791 5107 2903 5173 μία
2944 5111 3186 5178 ποίμνη,
3231 5108 3322 5180 eli;
3365 5114 3614 5185 ποιμήν.

2033 5189 2097 5240 υἱ
2127 5187 2184 5240 δὲ
2216 5191 2450 5243 καὶτῶν
2491 5191 2594 5263 ἤδη
2627 5193 2694 5247 δι’
2741 5195 3090 5264 ἐπιγνώσεως
3129 5203 3227 5272 τῆς
3270 5205 3410 5276 πρὸς
3451 5207 3618 5261 αὑτὸν

2037 5283 2415 5350 συνηγμένων,
2441 5284 2540 5353 τῆς
2574 5286 2822 5350 ἐξουσίας
2854 5291 2948 5341 κα)⁸
2981 5293 3313 5365 οἰκειότητος
3349 5297 3616 5369 ἐξείργειν

2035 5369 2420 5438 φιλονεικοῦσι,
2452 5375 2545 5428 καὶ
2571 5375 2645 5445 τῷ
2663 5377 2762 5448 τῆς
2791 5379 2998 5452 πλάνης
3025 5383 3205 5438 αὐτῶν
3235 5387 3464 5459 ἀρχηγῷ
3494 5389 3615 5443 δια.

2695 5476 2726 5496 κ

2138 5569 2184 5600 ³⁵⁸
2213 5569 2368 5626 Juan.
2406 5588 2538 5640 arti,
2574 5575 2658 5630 lt).
2763 5579 2808 5610 ⁸⁵
2845 5579 2998 5634 Joan.
3057 5597 3106 5644 κ,
3158 5583 3212 5637 '2.
3315 5585 3362 5617 ⁸⁸
3390 5584 3518 5641 ibid.
3555 5587 3607 5644 9.

2763 5579 2808 5610 ⁸⁵
2845 5579 2998 5634 Joan.
3057 5597 3106 5644 κ,
3158 5583 3212 5637 '2.
