3900 6148
192 306 300 372 ῗθθ

1037 297 1632 360 -‘APOLOGETICUS
1668 297 1816 358 PRO
1853 297 2118 357 SACRIS
2146 295 2632 359 ‘IMAGINIBUS.

3352 301 3459 367 710

194 410 335 482 δόλῳ
379 405 834 482 περιποιούμενοι
863 404 1260 478 ’μετοχετεύειν
1285 420 1298 436 ·
1333 404 1468 474 φαίη
1494 403 1540 458 δ’
1579 403 1646 457 ἂν
1687 403 1780 458 καὶ

1884 419 1988 458 non
2035 404 2314 474 peribunt;
2351 421 2514 476 neque
2561 421 2650 462 eas
2680 406 2952 478 quisquam
2981 410 3146 480 rapiet
3173 411 3239 466 de
3296 430 3456 468 manu

193 503 330 574 πρὸς
359 500 557 563 αὐτοὺς
584 501 616 553 ὁ
638 498 874 572 Χριστὸς
903 497 1006 568 τὴν
1049 496 1323 551 Ἰουδαίων
1359 495 1650 559 νοσοῦντας
1677 513 1783 566 μα·-

190 593 312 646 νίαν
335 607 348 620 ·
393 589 594 659 Ὑμεῖς
635 591 708 642 οὺ
735 588 1056 643 πιστεύετε
1083 602 1096 617 ·
1131 589 1205 641 οὐ
1237 589 1348 656 γάρ
1389 587 1532 640 ἐστε
1558 585 1628 639 ἐκ
1667 584 1784 639 τῶν

189 663 504 748 προϐάτων
550 678 673 731 τῶν
699 676 914 748 ιέμῶν·
969 677 1044 732 τὰ
1089 677 1468 744 πρόϐατατὰ
1513 676 1624 746 ἐμὰ
1672 675 1785 744 τῆς

188 767 396 838 φωνῆς
425 784 544 838 μου
583 767 811 830 ἀκούει,
837 765 939 820 καὶ
985 765 1260 837 γινώσκω
1296 768 1473 832 αὐτὰ.
1511 767 1610 822 καὶ
1643 765 1782 821 ἀκο-

187 857 486 914 λουθοῦσι
513 875 611 925 μοι
633 873 648 888 ·
688 856 852 924 κάγὼ
875 854 1032 926 ζωὴν
1055 855 1302 910 αἰώνιον
1322 854 1531 924 δίδωμι
1555 853 1780 920 αὐτοῖς,

188 951 290 1006 καὶ
332 951 406 1004 οὐ
445 948 535 1020 μὴ
576 949 922 1004 ἀπόλωνται
963 948 1208 1014 εἰςτόν
1249 945 1474 1014 αἰῶνα,
1519 945 1619 1000 καὶ
1657 947 1772 1014 οὐχ

187 1040 447 1110 ἁρπάσει
477 1057 570 1105 τις
613 1039 875 1094 αὐτὰὲκ
909 1037 1016 1106 τῆς
1055 1039 1255 1108 χειρός
1295 1055 1414 1107 μου
1439 1053 1455 1069 ·
1499 1038 1532 1090 ὁ
1569 1035 1774 1105 Πατήρ

180 1153 302 1205 μου
325 1134 396 1202 ὃς
431 1134 654 1189 δέδωκέ
677 1151 781 1204 μοι
799 1175 813 1200 ,
841 1133 1057 1204 μείζων
1087 1133 1332 1188 πάντων
1359 1132 1512 1200 ἐστὶ,
1544 1133 1643 1187 καὶ
1671 1137 1776 1188 οὐ·

187 1225 315 1292 δεὶς
351 1226 602 1280 δύναται
628 1224 914 1294 ἁρπάζειν
939 1225 1008 1279 ἐκ
1035 1224 1146 1294 τῆς
1177 1225 1374 1294 χειρὸς
1407 1226 1514 1279 τοῦ
1538 1225 1776 1293 Πατρός

182 1333 324 1389 μου.
369 1315 511 1386 Ἐγὼ
531 1317 636 1370 καὶ
664 1319 696 1370 ό
719 1314 924 1383 Πατὴρ
950 1313 1018 1368 ἓν
1039 1315 1246 1384 ἐσμεν.
1279 1308 1438 1367 Οὗτοι
1459 1313 1516 1368 δὲ
1546 1313 1612 1366 τὰ
1648 1313 1775 1366 Ἰουο

185 1405 352 1460 δαίων
381 1407 551 1468 ὅντως
602 1405 696 1458 καὶ
747 1403 1076 1475 φρονοῦντες
1121 1404 1217 1458 καὶ
1261 1405 1622 1473 πράσσοντες,
1657 1405 1774 1466 τοῖς

1881 509 2012 548 mea.
2041 493 2206 548 Pater
2223 511 2368 550 meus
2400 498 2492 567 qui
2523 497 2654 552 mihi
2677 497 2840 562 dedit,
2873 501 3050 570 major
3087 503 3329 556 omnibus
3357 517 3455 564 est.

1880 595 1928 644 et
1964 602 2112 640 nemo
2135 603 2316 654 rapere
2345 589 2410 641 de
2437 604 2594 642 manu
2629 587 2812 658 Patris
2861 591 2963 663 mei
2991 601 3182 662 potest.
3235 591 3352 664 Ego
3405 605 3454 647 et

1881 673 2048 730 Pater
2073 695 2235 731 unum
2257 695 2437 732 sumus
2477 679 2547 732 ”.
2591 679 2815 735 lli‘vero
2836 679 3150 737 Iudaeorum
3187 683 3446 755 dogmata

1879 777 1934 821 et
1953 781 2118 836 opera
2145 781 2340 837 reapse
2382 767 2666 836 habentes,
2702 771 3165 842 blasphemiarum
3225 788 3450 829 suarum

1881 865 2136 926 tanquam
2178 857 2446 926 lapidibus
2477 858 2754 915 Christum
2793 861 3082 932 impetnnt.
3117 853 3228 919 'Sic
3281 866 3452 931 enim,

1879 955 2136 1016 quantum
2159 947 2212 1002 in
2237 949 2368 1018 ipsis
2387 957 2490 1014 est,
2513 949 2785 1007 Christum
2803 953 3142 1028 deminuunt,
3165 966 3220 1010 et
3236 959 3454 1012 univer-

1879 1036 1977 1093 sali
2003 1048 2272 1107 potestate
2327 1041 2586 1110 spoliant,
2616 1054 2670 1098 et
2713 1043 2824 1114 jam
2858 1045 3028 1113 gradu
3060 1047 3325 1116 dejectum
3353 1051 3452 1103 de-

1871 1139 2126 1197 cernunt,
2175 1133 2486 1202 evangelica
2543 1150 2780 1204 quoque,
2815 1137 2958 1193 inter
3016 1140 3143 1204 alia,
3181 1142 3451 1197 mendacii

1872 1219 2254 1278 insimulantes
2305 1225 2524 1280 oracula
2573 1245 2586 1281 :
2637 1229 2779 1297 patri
2818 1239 2994 1283 autem
3021 1231 3260 1300 ipsorum
3294 1231 3452 1288 Anti-

1871 1311 2077 1366 cbristo
2108 1311 2336 1382 gloriam
2357 1313 2606 1368 tribuunt
2646 1323 2699 1369 et
2726 1317 3033 1383 victoriam,
3067 1319 3253 1388 tropaei
3281 1320 3454 1376 instar

1871 1400 2158 1471 splendidi,
2183 1402 2462 1471 proprium
2490 1403 2540 1456 ei
2568 1412 2870 1460 statuentes
2899 1406 3150 1461 exitium.

183 1497 293 1552 τῶν
319 1497 648 1569 δυσφημιῶν
670 1495 850 1566 λόγοις
885 1491 974 1550 οἷα
1005 1495 1175 1560 λίθοις
1223 1495 1608 1561 καταλεέουσι,
1639 1495 1926 1566 βάλλοντες
1989 1493 2082 1548 τὸν
2133 1495 2408 1564 Χριστόν·
2464 1495 2607 1550 οὕτω
2674 1497 2806 1568 γὰρ,
2874 1498 2934 1551 τό
2973 1515 3038 1566 γε
3090 1501 3177 1568 ἐφ’
3212 1501 3448 1565 ἑαυτοῖς,

185 1593 568 1665 κατεψὶλωσαν
604 1593 702 1664 μὲν
726 1591 816 1643 τὸν
845 1589 1104 1661 Χριστὸν,
1134 1591 1230 1643 καὶ¹
1254 1589 1352 1644 τοῦ
1378 1590 1524 1643 κατὰ
1551 1591 1768 1644 πάντων
1807 1586 2090 1656 ἀφείλοντο
2154 1589 2412 1658 κράτους,
2443 1590 2538 1643 καὶ
2579 1591 2642 1644 τὸ
2709 1587 2874 1660 ἦττον
2893 1592 3320 1660 ἀπενέγκασθαι
3349 1593 3450 1667 ἤδη

185 1685 652 1757 κατεψηφίσαντο,
681 1681 753 1736 τά
779 1699 838 1734 τε
874 1681 1010 1736 ἄλλα
1033 1681 1136 1733 καὶ
1163 1681 1232 1736 τὰ
1272 1682 1382 1736 τῶν
1413 1682 1764 1752 Εὑαγγελίων
1801 1681 1973 1753 ψευδῆ
2001 1679 2274 1752 τιθέμενοι
2306 1681 2494 1749 λόγια·
2525 1680 2604 1753 τῷ
2666 1680 2724 1735 δὲ
2787 1683 2962 1753 Πατρὶ
2995 1683 3175 1736 αὐτῶν
3215 1683 3294 1756 τῷ
3333 1685 3452 1742 Ἂν-

185 1779 451 1852 τιχρίστῳ
475 1776 536 1830 τδ
557 1773 940 1838 κλέοςδιδόασι
965 1775 1060 1828 καὶ
1085 1773 1156 1827 τὰ
1183 1777 1496 1848 νικητήρια,
1515 1777 1772 1847 τρόπαιον
1811 1773 1960 1844 αὐτῷ
1990 1772 2241 1844 λαμπρὸν
2302 1775 2392 1826 τὸν
2428 1773 2558 1827 ἴδιον
2593 1775 2924 1843 στησάμενοι
2962 1774 3202 1847 ὄλεθρον.

252 1871 360 1927 να’.
393 1871 533 1942 Ἤδη
567 1869 623 1924 δὲ
649 1869 744 1923 καὶ
783 1869 876 1922 τὸν
915 1869 1135 1938 Πατέρα
1168 1870 1264 1924 καὶ
1299 1871 1409 1922 τῶν
1439 1871 1578 1924 ὅλων
1609 1870 1764 1934 Θεὸν,

1945 1868 2034 1923 51.
2065 1867 2170 1922 Sed
2197 1868 2310 1937 jam
2361 1867 2460 1936 ipsi
2493 1881 2710 1935 quoque
2751 1867 2898 1920 Patri
2940 1877 2994 1921 et
3034 1867 3275 1923 omnium
3310 1869 3446 1933 Deo,

185 1963 325 2018 κατὰ
349 1961 413 2017 τὸ
433 1961 604 2027 εἰκὸς,
637 1956 924 2031 βεϐιάσθαι
957 1960 1366 2028 ἀποφανοῦνται
1385 2004 1397 2023 ,
1426 1962 1637 2036 καὶτῆς
1663 1962 1771 2016 τῶν

168 2054 446 2109 ,ἁπάντων
495 2052 810 2115 δεσποτείας
852 2039 1299 2122 ἀλλοτριώσουσι,
1341 2041 1770 2125 συνδιηρπάσθαὶ

186 2147 262 2218 τῷ
286 2145 408 2216 Υἱῷ
438 2145 538 2216 τῆς
577 2143 830 2210 ἐξουσίας
879 2143 1043 2196 αὑτὸν
1079 2143 1492 2215 εἰσηγούμενον
1539 2145 1698 2215 εἴπερ
1741 2146 1770 2198 ὁ

191 2239 312 2302 Υἱός
338 2253 530 2308 φησιν,
572 2233 720 2304 Ἐγὼ
745 2233 843 2288 καὶ
885 2237 916 2288 ό
961 2233 1165 2304 Πατὴρ
1191 2235 1262 2288 ἐν
1303 2235 1510 2304 ἐσμεν.
1551 2235 1772 2305 Συμϐα-

188 2331 395 2384 σιλεύει
427 2329 483 2382 δὲ
513 2326 591 2399 τῷ
633 2327 808 2398 Ilasz
835 2327 915 2390 εἰς
938 2326 1066 2390 τοὺς
1090 2326 1315 2391 αἰῶνας·
1343 2330 1436 2381 καὶ
1463 2327 1524 2380 τὸ
1547 2327 1786 2409 Πνεῦμαχ

187 2422 450 2494 ἐψεῦσθαι
491 2423 553 2477 τὸ
598 2425 760 2492 ἅγιον
804 2425 866 2478 τὸ
913 2425 974 2478 ἐν
1017 2424 1334 2488 ἀποστόλοις
1377 2423 1766 2495 φθεγγόμενον,

186 2515 306 2569 ἐπεὶ
329 2513 412 2586 τῷ
445 2515 544 2586 μὲν
571 2516 862 2568 ἐνέπνευσε
890 2515 1071 2584 λέγειν
1091 2531 1105 2545 ·
1133 2517 1260 2568 Ὀτι
1282 2516 1580 2584 ἐρρύσατο
1611 2513 1769 2584 ἡμᾶς

172 2607 252 2660 ιέκ
291 2606 410 2674 τῆς
441 2605 729 2672 ἐξουσίας
767 2607 876 2661 τοῦ
915 2609 1210 2674 σκότους,
1256 2607 1354 2661 καὶ
1391 2606 1758 2676 μετέστησεν

167 2701 272 2765 ιεὶς
301 2698 423 2764 τὴν
449 2698 784 2762 ,βασιλείαν
826 2697 934 2753 τοῦ
971 2699 1108 2753 Υίοῦ
1137 2697 1248 2768 τῆς
1289 2697 1528 2766 ἀγάπης
1559 2697 1766 2760 αὑτοῦ,

167 2791 254 2843 ,ἐν
354 2790 575 2858 «ἔχομεν
597 2788 726 2856 ,τὴν
763 2790 1192 2858 ἀπολύτρωσιν
1213 2830 1227 2855 ,
1259 2789 1372 2856 τὴν
1401 2789 1622 2859 ἄφεσιν
1648 2789 1770 2842 τῶν

186 2879 654 2950 ἁμαρτημάτων·
688 2879 758 2948 ὅς
789 2881 960 2936 ἐστιν
995 2883 1171 2935 εἰκὼν
1207 2882 1314 2936 τοῦ
1358 2881 1507 2936 Θεοῦ
1535 2881 1641 2936 τοῦ
1669 2882 1770 2935 ἀο-

170 2969 368 3038 ¹ραι·ου
388 3010 402 3034 ,
435 2971 811 3038 πρωτότοκος
831 2971 1036 3039 πάσης
1057 2974 1310 3039 κτίσεως
1327 2989 1339 3001 ·
1355 2973 1436 3044 τῷ
1455 2973 1510 3026 δὲ
1533 2975 1765 3044 ἐνήχησε

189 3062 452 3132 γράφειν·
513 3061 712 3132 Ὑμεῖς
754 3063 822 3117 δὲ
857 3064 1036 3134 γένος
1086 3065 1400 3129 ἐκλεκτόν,
1443 3066 1768 3130 βασίλειον

189 3157 524 3225 ἱεράτευμα,
567 3156 742 3223 ἔθνος
781 3157 974 3226 ἅγιον,
1019 3159 1170 3223 λαός
1211 3159 1298 3224 εὶς
1353 3158 1760 3226 περιποίησιν,

1873 1971 2030 2027 prout
2067 1957 2358 2014 verisimile
2378 1967 2484 2022 est,
2507 1959 2611 2010 vim
2641 1955 2844 2012 inferre
2883 1969 3194 2023 cernentur,
3213 1975 3449 2030 eumque

1871 2050 2110 2120 generali
2175 2058 2456 2120 potentatu
2511 2049 2648 2104 velle
2686 2051 2942 2116 dejicere,
2990 2051 3116 2104 dum
3170 2067 3272 2106 una
3321 2069 3443 2108 cum

1869 2142 2014 2199 Filio
2043 2144 2331 2214 Spoliatnm
2381 2142 2630 2212 potentia
2679 2151 2950 2197 asserent.
2983 2143 3040 2196 Si
3098 2145 3316 2212 quidem
3357 2143 3447 2198 Fi-

1872 2237 1974 2290 lius
2021 2237 2098 2290 ait
2132 2255 2146 2290 :
2185 2235 2298 2305 Ego
2366 2245 2412 2289 et
2465 2234 2623 2288 Pater
2661 2249 2824 2288 unum
2851 2249 3033 2288 sumus
3099 2251 3112 2300 ;
3148 2231 3447 2306 regnatquc

1871 2341 1991 2382 cum
2018 2325 2181 2381 Patre
2212 2327 2262 2379 in
2305 2325 2524 2380 saecula.
2557 2327 2747 2379 Dici'nt
2791 2325 2955 2378 etiam
2992 2324 3253 2392 Spiritum
3289 2341 3448 2380 sanc-

1871 2425 1985 2470 tnm
2049 2417 2384 2471 mendaciter
2414 2416 2676 2484 aposm‘lis
2728 2430 2852 2470 esse
2897 2416 3167 2482 locutum;
3198 2417 3322 2472 dum
3354 2418 3444 2472 alii

1869 2504 2084 2575 quidem
2113 2505 2396 2574 inspiravit
2421 2506 2634 2558 dicere:
2661 2503 2920 2569 Quoniam
2939 2508 3126 2576 eripuit
3155 2522 3246 2560 ttos
3270 2511 3333 2560 de
3353 2524 3447 2576 po-

1867 2601 2051 2648 testate
2071 2597 2423 2659 tenebrarum,
2451 2603 2497 2646 et
2530 2593 2796 2646 transtulit
2818 2595 2871 2646 in
2897 2610 3111 2663 regnum
3140 2593 3269 2648 Filii
3293 2596 3446 2649 dilec-

1870 2683 2026 2736 tionis
2051 2699 2180 2744 ante,
2203 2684 2255 2735 in
2282 2698 2383 2751 quo
2410 2683 2660 2736 habemus
2719 2683 3122 2752 redemptionem
3159 2695 3206 2738 et
3262 2686 3446 2740 remiso

1873 2776 2068 2830 sionem
2090 2784 2460 2842 peccatorum;
2486 2774 2576 2843 qui
2596 2783 2672 2826 est
2697 2775 2864 2844 imago
2890 2773 2986 2826 Dei
3016 2774 3312 2842 invisibilis,
3335 2777 3445 2846 pri-

1871 2865 2161 2934 mogenitus
2186 2865 2354 2918 omnis
2389 2864 2645 2918 creatum
2681 2863 2732 2928 ¹;
2768 2864 2992 2920 alterius
3021 2877 3202 2920 autem
3227 2867 3448 2921 auribus

1868 2955 2110 3011 insonuit
2139 2956 2327 3010 dicens
2363 2973 2376 3008 :
2422 2953 2518 3008 Vos
2541 2970 2702 3024 genus
2732 2955 2976 3020 electum,
2998 2956 3171 3026 regale
3201 2959 3447 3011 sacerdo-

1869 3047 2020 3112 tium,
2039 3062 2162 3116 gens
2181 3054 2386 3110 saneta,
2411 3046 2631 3114 populus
2649 3047 3032 3116 acquisitionis,
3050 3061 3100 3101 ut
3123 3051 3334 3103 virtutes
3350 3066 3448 3104 an-

1870 3140 2120 3193 nuntietis
2137 3139 2248 3208 ejus
2269 3141 2357 3209 qui
2385 3139 2449 3192 de
2473 3139 2695 3192 tenebris
2725 3154 2812 3192 vos
2837 3141 3036 3192 vocavit
3067 3143 3118 3194 in
3137 3141 3449 3196 admirabile

179 3201 344 3314 .13ng
387 3201 524 3312 τός’
545 3201 760 3315 ἀρετιῖς
810 3201 1197 3318 ἐξαγγείλητε
1241 3201 1348 3302 τοῦ
1389 3201 1462 3301 ἐκ
1501 3201 1765 3314 σκότους

1871 3231 2043 3284 lumen
2061 3201 2236 3284 suum.
2263 3201 2368 3294 Qui
2397 3228 2522 3280 olim
2544 3243 2646 3281 non
2674 3229 2914 3295 populus.
2935 3246 3072 3283 nunc
3088 3237 3262 3284 autem
3279 3247 3446 3299 papu-

185 3337 337 3408 ὑμᾶς
374 3339 754 3405 καλέσαντος
787 3343 875 3406 εις
911 3341 978 3394 τὸ
1008 3341 1356 3410 θαυμαστόν
1383 3341 1568 3396 αὑτοῦ
1598 3339 1724 3410 φῶς
1750 3356 1766 3371 ·

188 3435 242 3485 οἱ
269 3430 420 3485 ποτὲ
446 3434 519 3486 οὐ
544 3433 718 3498 λαὸς,
761 3431 880 3485 νῦν
909 3432 979 3484 δὲ
1019 3433 1170 3498 ,ἒιιύς
1214 3432 1392 3486 Θεοῦ·
1434 3433 1530 3485 καὶ
1563 3435 1616 3486 oi
1657 3435 1768 3487 οὐκ

189 3522 531 3594 ἠλεημένοι,
560 3523 678 3578 νῦν
705 3524 774 3578 δὲ
803 3523 1180 3593 ἐλεηθέντες.
1209 3523 1346 3577 Μεθ’
1378 3517 1452 3577 ὧν
1480 3524 1508 3574 ὁ
1550 3525 1771 3591 εὐαγγε-

184 3616 332 3681 λικδς
361 3617 518 3686 λόγος
539 3657 553 3680 ,
578 3618 708 3670 ὀτι
733 3619 800 3670 τὸ
829 3615 956 3685 φῶς
975 3616 1046 3669 ἐν
1071 3614 1145 3684 τῇ
1177 3616 1390 3681 σκοτίᾳ
1419 3615 1638 3683 φαίνει,
1667 3614 1768 3668 καὶ

187 3706 225 3775 ἠ
251 3709 471 3763 σκοτιά
514 3709 663 3764 αὐτὸ
701 3709 774 3763 οὑ
804 3707 1119 3769 κατέλαϐε,
1156 3706 1277 3776 βοᾷ.
1311 3707 1374 3758 Oi
1419 3705 1477 3758 δὲ
1505 3703 1600 3757 τοῦ
1645 3707 1768 3758 σκό-

189 3817 312 3862 τους
348 3801 516 3866 ἄξιοι,
544 3799 620 3862 ὡς
646 3800 870 3865 οἴονται,
904 3798 1000 3877 καὶ
1031 3797 1264 3868 ἐδιώχθη
1303 3798 1397 3850 καὶ
1427 3797 1764 3866 κατελήφθη·

185 3891 308 3960 εικῆ
343 3890 519 3944 ταῦτα
551 3891 768 3964 εἴρηται
787 3930 802 3955 ,
833 3892 926 3944 καὶ
968 3889 1250 3959 ἀδολεσχεί
1275 3889 1303 3941 ὁ
1333 3888 1506 3956 λέγων
1548 3889 1676 3951 τοὺς
1701 3890 1767 3942 ὲκ

187 3980 278 4036 τοῦ
321 3981 550 4044 σκότους
578 3983 661 4046 εἰς
705 3981 766 4035 τὸ
807 3981 952 4034 θεῖον
985 3981 1078 4034 καὶ
1125 3979 1436 4050 θαυμαστὸν
1470 3979 1766 4050 κεκλῆσθαι

187 4075 332 4142 φῶς·
378 4076 476 4129 καὶ
522 4074 614 4128 τὸν
642 4075 704 4128 οὐ
755 4075 885 4128 ποτὲ
923 4071 1052 4128 λαὸν
1088 4073 1184 4128 νῦν
1233 4073 1360 4127 λαὸν
1405 4073 1766 4144 χρηματίζειν

185 4164 352 4220 Θεοῦ·
387 4167 482 4219 καὶ
514 4167 639 4230 τοὺς
661 4167 761 4220 οὐκ
794 4165 1156 4236 ἠλεημένους,
1185 4165 1522 4236 ἠλεημένους
1541 4181 1554 4194 ·
1591 4167 1766 4236 μάτην

189 4255 314 4326 ἄρα,
350 4256 426 4319 ὡς
455 4255 628 4318 ἔοικε,
658 4257 720 4308 τὸ
746 4254 841 4309 τοῦ
875 4253 1115 4326 Χριστοῦ
1157 4249 1296 4324 αἷμα
1339 4253 1764 4324 καταδέόληται,

187 4347 276 4398 καὶ
311 4345 509 4415 λύτρον
542 4344 685 4417 ὑπὲρ
719 4344 878 4416 ἡμῶν
904 4345 1304 4416 εἰσενήνεκται,
1338 4343 1484 4396 καθὰ
1513 4341 1766 4396 πιστεύο-

191 4450 288 4505 μεν
321 4435 420 4490 καὶ
449 4435 800 4506 κηρύσσομεν
827 4449 841 4464 ·
870 4432 1044 4496 οὔτως
1083 4433 1280 4496 αὐτοὺς
1311 4433 1393 4494 εις
1445 4431 1606 4502 βυθὸν
1659 4432 1765 4484 ἁπ-

1871 3321 1951 3375 lus
1980 3321 2092 3375 Dei.
2112 3319 2302 3389 Et,qui
2325 3321 2450 3373 olim
2464 3329 2617 3374 extra
2636 3321 3079 3383 misericordiam,
3105 3311 3244 3375 nunc
3271 3333 3444 3378 autem

1869 3413 2280 3468 misericordiam
2303 3412 2477 3479 adepti
2509 3411 2554 3466 ‘.
2580 3409 2788 3476 Quibus
2818 3423 3080 3466 consonat
3102 3411 3448 3478 evangeliens

1868 3517 2050 3558 sermo
2065 3503 2336 3556 clatttans:
2368 3485 2504 3564 Quia
2526 3500 2620 3554 lux
2645 3501 2698 3552 in
2721 3499 2941 3555 tenebris
2969 3501 3126 3566 lueet,
3151 3509 3198 3554 et
3223 3499 3448 3555 tenebrae

1867 3609 1980 3646 eam
2000 3609 2107 3646 non
2153 3591 2648 3659 comprehenderunt
2689 3590 2731 3644 ³.
2758 3589 2959 3644 Verum
2997 3593 3048 3645 hi
3085 3593 3175 3661 qui
3211 3593 3447 3647 tenebris

1869 3685 2014 3754 digni
2042 3693 2188 3745 sunt,
2225 3683 2396 3736 lucem
2429 3683 2669 3752 fugatam
2701 3680 2869 3736 fuisse
2889 3693 3078 3750 putant
3111 3692 3164 3738 et
3191 3699 3444 3752 compre-

1868 3777 2113 3830 hensam.
2145 3773 2371 3826 Frustra
2400 3774 2515 3828 haec
2537 3775 2679 3828 dicta
2714 3773 2884 3839 fuere,
2916 3773 3105 3840 aiunt;
3137 3785 3188 3828 et
3212 3785 3446 3844 nugatur

1867 3866 1957 3936 qui
1983 3866 2114 3918 dicit
2154 3879 2249 3918 eos
2299 3865 2390 3932 qui
2437 3865 2488 3918 in
2535 3865 2774 3918 tenebris
2814 3875 2989 3930 erant,
3014 3865 3066 3917 in
3127 3866 3444 3921 admirabile

1867 3961 2051 4016 lumen
2097 3957 2268 4012 fuisse
2319 3966 2578 4020 vocatos;
2615 3965 2668 4009 et
2712 3954 2860 4008 illum
2921 3955 3011 4022 qni
3063 3957 3289 4024 populus
3336 3973 3440 4012 non

1867 4061 2008 4114 erat,
2041 4064 2184 4102 nunc
2224 4047 2482 4117 p0pu|um
2513 4060 2636 4100 esse
2671 4045 2760 4098 hei
2790 4053 2885 4109 ;et
2913 4047 3002 4112 qui
3033 4045 3186 4114 longe
3212 4059 3370 4101 erant
3409 4063 3438 4101 a

1868 4141 2250 4200 misericordia
2272 4181 2288 4206 ,
2322 4136 2492 4192 factos
2517 4137 2567 4192 ei
2597 4137 2896 4207 proximos.
2931 4135 3175 4203 Frustra,
3207 4148 3265 4191 ut
3298 4139 3443 4193 vide-

1869 4247 1976 4302 tur,
2012 4232 2220 4290 Christi
2253 4231 2479 4302 sanguis
2503 4228 2658 4284 fusus
2693 4237 2798 4292 est,
2823 4237 2876 4282 et
2909 4230 3138 4296 pretium
3162 4243 3260 4298 pro
3286 4230 3440 4284 nobis

1865 4331 2074 4392 datum,
2102 4326 2262 4382 sicuti
2291 4323 2566 4379 credimus
2593 4330 2646 4376 et
2691 4319 3073 4390 praedicamus.
3117 4317 3208 4374 Sic
3239 4336 3334 4376 eos
3385 4322 3438 4374 in

1865 4419 2185 4492 perditionis
2213 4415 2531 4470 barathrum
2552 4413 2865 4481 blasphema
2901 4419 2955 4464 et
2987 4410 3292 4480 irreligiosa
3320 4411 3444 4466 doc-

191 4504 386 4590 ωλείας
427 4527 456 4579 ό
502 4504 602 4596 τῆς
654 4504 1008 4597 βλασφημίας
1033 4524 1128 4578 καὶ
1165 4521 1484 4585 δυσσεϐείας
1529 4521 1766 4576 κατωθεϊ
1795 4537 1839 4592 D
1868 4516 2008 4571 trina
2054 4510 2359 4583 ριεείρίιθθ
2399 4508 2509 4562 (Ῑίηο
2543 4506 2812 4561 Ρντίδῑθτθθ
2859 4504 3231 4574 ἀθίΙοίῖυθΓυηι
3283 4505 3439 4571 alter:

188 4617 343 4686 λόγος
365 4633 380 4648 ·
411 4617 503 4671 ἐπὶ
537 4618 754 4681 τούτοις
803 4617 912 4670 τῶν
953 4615 1231 4687 θεηγόρων
1283 4613 1463 4679 ἄλλος,
1504 4615 1584 4678 εἰς
1618 4615 1770 4668 τόνδε

185 4709 276 4762 τὸν
305 4709 470 4764 πόνον
499 4707 909 4770 συνεισελάσας,
944 4705 1276 4778 συλλήψεται
1305 4723 1369 4776 γε
1389 4699 1450 4760 εὖ
1482 4705 1626 4776 μάλα
1657 4708 1771 4770 τοῖς

189 4801 732 4872 προκεκηρυγμένοις
753 4839 766 4862 ,
798 4799 980 4854 τοιάδε
1009 4801 1132 4852 τινὰ
1175 4797 1382 4864 λέξειεν
1405 4813 1420 4828 ·
1454 4797 1670 4851 Ἔσται
1698 4798 1769 4852 ἐν

189 4891 318 4959 ταῖς
342 4891 592 4962 ἡμέραις
636 4891 900 4956 ἐκείναις
946 4891 1046 4946 καὶ
1090 4890 1162 4944 ἐν
1189 4890 1270 4955 τῷ
1301 4887 1488 4957 καιρῷ
1531 4889 1764 4956 ἐκείνῳ,

187 4983 524 5038 καλέσουσι
559 4983 676 5052 τὴν
717 4983 1120 5068 Ἰερρυσαλὴμ
1151 4984 1370 5051 θρόνον
1391 4981 1636 5050 Κυρίου,
1662 4981 1761 5034 καὶ

187 5075 687 5146 συναχθήσονται
743 5075 831 5130 ἔτι
881 5076 1075 5128 ὀπίσω
1129 5073 1248 5128 τῶν
1303 5072 1766 5142 ἐπιθυμημὰτων

187 5165 300 5234 τῆς
327 5166 578 5236 καρδίας
621 5165 824 5221 αὐτῶν
851 5165 962 5234 τῆς
987 5163 1278 5239 πονηρᾶς.
1315 5161 1554 5216 Τοιαῦτα
1595 5163 1693 5232 μὲν
1737 5162 1766 5214 ὁ

187 5257 330 5322 θεῖος
353 5262 639 5333 προφήτης
659 5277 673 5292 ·
705 5259 966 5323 πολλάκις
993 5258 1048 5310 δὲ
1077 5257 1184 5311 τῶν
1205 5255 1423 5310 τοιῶνδε
1445 5254 1618 5323 λόγων
1641 5271 1770 5326 προ-

185 5348 676 5422 διηυκρινημένων,
718 5353 818 5404 οὐκ
845 5350 1021 5419 ἔγωγε
1067 5345 1219 5418 οἶμαι
1262 5345 1766 5416 παλινοστήσαντας

187 5443 281 5494 ἐπὶ
304 5441 404 5506 τὰς
431 5445 601 5507 αὐτὰς
643 5443 932 5512 ἐξηγήσεις
969 5439 1143 5494 ἵεσθαι
1165 5456 1178 5470 ·
1211 5437 1347 5492 ἀλλὰ
1377 5437 1448 5490 τά
1488 5454 1551 5505 γε
1594 5438 1672 5499 εἰς
1703 5435 1764 5488 τὸ

187 5531 382 5586 ἔπειτα
413 5535 563 5606 αὐτῷ
616 5534 988 5606 ῥηθησόμενα,
1014 5533 1114 5586 οὐκ
1147 5531 1216 5587 ἂν
1261 5530 1402 5585 ἑκὼν
1453 5528 1764 5600 ὑπερϐήσο-

1867 4608 1996 4664 huic
2041 4605 2167 4660 item
2196 4603 2369 4656 labori
2421 4599 2810 4661 interveniens,
2849 4597 2922 4652 ita
2962 4597 3234 4666 praadictis
3281 4613 3438 4668 opem

1865 4701 2045 4756 feret:
2077 4696 2197 4750 Erit
2235 4694 2420 4747 diebus
2462 4691 2571 4746 illis
2626 4701 2674 4744 et
2727 4700 2958 4758 tempore
3003 4689 3125 4756 illo,
3184 4691 3439 4744 uocabunt

1863 4789 2160 4847 Jerusalem
2201 4789 2388 4842 solium
2427 4785 2660 4847 Domini,
2693 4793 2739 4836 et
2783 4781 3236 4850 congregabantur
3267 4782 3443 4834 adhuc

1862 4895 1976 4954 post
2015 4882 2278 4937 desideria
2326 4879 2477 4948 praui
2522 4877 2695 4932 cordis
2748 4874 3054 4944 ipsorum‘.
3105 4872 3234 4928 lla'c
3283 4874 3438 4926 divus

1868 4977 2152 5048 propheta.
2186 4972 2290 5028 Sed
2326 4986 2447 5026 cum
2484 4983 2853 5038 saepenumero
2882 4969 2992 5034 jam
3035 4963 3298 5033 ejusmodi
3355 4962 3439 5016 lo-

1867 5069 2110 5124 cutiones
2143 5061 2638 5134 explanaverimus,
2675 5059 2814 5114 haud
2845 5057 3096 5111 existimo
3123 5055 3188 5107 ad
3219 5053 3436 5106 easdem

1861 5159 2256 5229 explicationes
2303 5168 2424 5210 esse
2469 5153 2828 5207 redeundum.
2867 5148 3187 5214 Quanquam
3219 5158 3280 5198 ea
3321 5159 3470 5230 quae.

1861 5251 2092 5306 inferius
2139 5249 2206 5303 ab
2261 5261 2327 5302 eo
2369 5245 2640 5306 dicentur,
2662 5243 2802 5295 haud
2850 5238 3126 5308 pra-terire
3165 5236 3358 5300 velim;
3391 5237 3436 5290 si

1860 5343 2077 5412 quidem
2107 5355 2169 5394 ea
2197 5339 2352 5393 nobis
2405 5336 2630 5395 multam
2683 5331 2902 5400 pariunt
2929 5327 3214 5382 veritatem
3241 5339 3438 5394 prOpo-

1861 5435 1965 5491 sito
2005 5439 2324 5500 argumento
2384 5427 2656 5490 idoneam,
2703 5435 2915 5474 necnon
2973 5417 3272 5472 naturalem
3350 5431 3442 5470 eo-

1862 5527 2172 5598 gnationem
2207 5531 2262 5578 et
2305 5517 2654 5576 concordiam
2681 5515 3042 5576 demonstrat,
3075 5525 3194 5581 quae
3224 5508 3438 5580 quidem

200 5714 218 5730 I
259 5682 558 5756 "Joau.v,
587 5685 780 5740 26-30.
859 5685 876 5716 ¹
905 5684 1117 5740 Caloss.
1152 5683 1441 5753 11,5545.
1537 5685 1558 5714 ²
1589 5682 1609 5735 l
1637 5679 1782 5735 Petr.
1810 5694 1872 5744 ιι,
1903 5677 1956 5744 9,
1994 5678 2079 5733 l0.
2156 5677 2176 5708 ³
2217 5673 2376 5730 Joan.
2402 5689 2441 5740 ι,
2467 5670 2518 5727 5.
2596 5669 2619 5703 ἰ
2643 5668 2842 5726 Jerem.
2874 5683 2960 5735 ιιι,
2985 5669 3070 5726 17.
