3900 6148
290 308 394 374 721

297 530 387 566 σει
418 516 572 585 παρά
601 515 692 568 τὶν
721 515 981 572 κτίσαντα
1011 518 1071 571 τὸ
1102 519 1264 585 σέὸας
1293 523 1649 595 ἀπονείμαιεν
1668 543 1681 556 ·
1706 526 1823 581 ἀλλ’
1847 530 1877 582 ὁ

295 605 543 677 ἐνεργῶν
565 605 656 660 διά
676 609 787 662 τῶν
816 609 1233 681 ὑπηρετούντων
1259 615 1408 686 αὐτῷ
1439 618 1875 688 ἀποφθέγγεται,

294 694 389 748 ἵνα
421 698 536 771 τοῖς
564 696 710 752 οὕτω
740 699 1014 771 λαμπροῖς
1038 703 1133 755 καὶ
1159 703 1447 775 διαφανέσι
1466 708 1586 778 -τῆς
1618 710 1879 780 ἀληθείας

293 786 516 855 λόγοις,
551 788 650 861 τὴν
693 790 904 868 οἰκείαν
942 792 1307 866 ψευδηγορίαν
1354 797 1449 850 καὶ
1486 785 1705 871 πλάνην
1755 804 1881 857 ἀντ-

295 882 655 953 αναστήσωσι
678 897 694 914 ο
740 883 860 947 πῶς
898 886 1017 956 γὰρ
1058 886 1187 957 ἐξῆν
1220 890 1348 952 τοὺς
1375 890 1475 963 τὴν
1506 892 1700 961 καινὴν
1748 912 1880 948 ταυ-

294 971 431 1041 τηνὶ
483 972 748 1045 διαθήκην
812 975 996 1048 πολλῷ
1057 978 1160 1048 τῆς
1212 982 1489 1051 προτέρας
1539 984 1879 1057 ὑψηλοτέραν

294 1062 600 1131 δεξαμένου
611 1082 654 1128 ς,
676 1067 766 1119 ἐπὶ
795 1066 895 1138 τὴν
917 1067 1028 1122 τῶν
1047 1072 1293 1140 ματαίων
1322 1073 1879 1146 ἀπολισθῆσαιπροσ-

295 1152 531 1225 κύνησιν
555 1172 569 1221 ;
597 1156 824 1224 μιάντες
877 1153 969 1213 οὖν
1006 1161 1277 1232 εἰδήσουσί
1332 1181 1401 1234 με
1422 1205 1436 1229 ,
1473 1167 1669 1236 φησίν⁹
1697 1166 1884 1237 ὥσπερ

293 1246 411 1318 γὰρ
440 1248 469 1298 ὁ
497 1247 758 1318 αἰσθητὸς
788 1242 945 1316 οὗτος
969 1252 1120 1322 ἥλιος
1153 1251 1335 1308 πᾶσαν
1355 1256 1485 1326 ὅσην
1514 1260 1687 1329 ἐφορᾷ
1710 1276 1884 1312 κατα-

296 1337 530 1405 φωτίξει
553 1340 713 1409 ,γῆν,
760 1341 932 1407 οὕτως
978 1345 1007 1396 ὀ
1035 1344 1137 1413 τῆς
1166 1344 1522 1415 δικαιοσύνης
1561 1348 1713 1419 ἥλιος
1744 1350 1882 1420 Χρι-

296 1430 430 1494 στδς
472 1433 501 1483 δ
525 1431 655 1496 Θεὸς
684 1433 842 1504 ἡμῶν
880 1436 1017 1488 πᾶσι
1039 1436 1146 1499 τὰς
1166 1438 1265 1505 τῆς
1295 1437 1628 1507 θεογνωσίας
1659 1442 1884 1504 ἀκτῖνας

558 372 563 376 ι
1155 321 1723 403 APOLOGETICUS
1758 327 1908 390 PRO
1944 331 2210 394 SACRIS
2250 336 2735 398 IMAGINIBUS.‘

298 440 389 475 σιν
413 462 429 485 ,
465 422 584 476 ούδέ
616 421 693 495 τῷ
717 423 949 496 διαϐόλῳ
979 435 1477 500 προσκυνήσουσιν,
1511 434 1632 488 οὐδὲ
1665 438 1732 505 τῇ
1759 436 1881 489 κτί-

1986 444 2263 500 Creatoris
2309 442 2514 499 cultum
2548 443 2927 499 exhibebunt:
2966 445 3059 497 sed
3109 442 3336 513 qui'per
3387 443 3557 498 mini-

3450 331 3556 396 72?.

1983 547 2130 592 stros
2158 551 2289 593 suos
2311 544 2592 607 operatur,
2631 536 2678 591 is
2707 535 2961 603 loquetur
2985 549 3001 599 ;
3036 545 3095 589 ut
3126 544 3236 589 tam
3264 535 3560 605 splendidis

1985 628 2329 698 limpitlisque
2366 628 2611 683 veritatis
2661 626 3010 683 sermonibus
3055 625 3349 680 falsitatem
3402 640 3556 681 suam

1986 730 2149 786 atque
2185 732 2429 773 errorem
2457 726 2756 787 opponant.
2792 716 2894 783 Qui
2923 716 3068 770 enim
3119 714 3235 770 ﬁeri
3268 723 3476 785 posset,
3500 723 3559 770 ut

1986 810 2292 879 qni-novum
2319 810 2427 865 hoc
2443 808 2619 864 fmdus
2659 808 2826 863 multo
2859 806 3131 862 excelsius
3163 806 3346 875 priore
3376 806 3555 860 admi-

1987 905 2198 961 serunt,
2234 897 2300 952 ad
2348 898 2649 951 vanitatum
2702 895 3050 951 revolvantur
3070 895 3323 950 cultum?
3354 894 3557 951 Omnes

1986 984 2169 1053 itaque
2192 1001 2278 1040 me
2306 994 2664 1057 cognoscent,
2697 985 2891 1053 inquit.
2934 985 3089 1038 Sicut
3119 986 3265 1039 enim
3315 983 3553 1041 sensibi-

1987 1077 2053 1131 lis
2097 1077 2186 1132 hic
2233 1077 2315 1132 sol
2363 1077 2674 1131 universam
2714 1090 2878 1146 quam
2922 1082 3137 1143 spectat
3191 1086 3391 1130 terram
3425 1073 3552 1129 illu-

1984 1168 2173 1231 minat,
2206 1169 2277 1221 ita
2298 1168 2528 1239 justitire
2554 1168 2635 1223 sol
2662 1166 2913 1222 Christus
2944 1166 3084 1220 Dens
3109 1176 3300 1221 noster
3333 1167 3549 1220 cunctis

1982 1259 2178 1314 divinas
2234 1261 2443 1314 notitiae
2492 1260 2827 1325 radiosper
2867 1257 3217 1326 Evangelium
3276 1257 3542 1320 incendit,

1985 1359 2341 1420 nostrumque
2367 1352 2609 1406 omnium
2641 1361 2850 1405 mentes
2885 1350 3234 1414 illuminavit,
3265 1356 3321 1404 et
3363 1347 3547 1402 divina

1980 1442 2212 1496 scientia
2252 1444 2535 1513 gratiaque
2568 1443 2881 1512 complevit.

293 1517 389 1572 διὰ
418 1521 513 1573 τοῦ
552 1522 889 1591 Εὑαγγελίου
920 1525 1211 1597 ἐξέλαμψε,
1251 1527 1344 1579 καὶ
1387 1528 1487 1591 τὰς
1541 1529 1784 1594 διανοίας
1823 1529 2234 1603 πάντων,ἠμῶν
2307 1530 2624 1604 κατηύγασε
2648 1573 2665 1599 ,
2700 1532 2800 1604 τῆς
2845 1531 2997 1597 θείας
3037 1530 3374 1603 ἐμπιμπλῶν
3415 1527 3560 1597 γνὼο

297 1610 443 1677 σεὼς
469 1632 527 1667 τε
553 1615 647 1669 καὶ
672 1615 915 1686 χάριτος.

373 1702 534 1767 Τίνες
560 1703 616 1756 δὲ
639 1699 749 1756 εῐεν
776 1698 922 1759 οῦτοι
942 1747 955 1768 ,
990 1706 1305 1761 εἰπάτωσαν
1338 1709 1524 1762 αὐτοίο
1559 1710 1608 1763 εἰ
1639 1709 1739 1781 μὲν
1767 1710 1877 1782 γὰρ

2053 1710 2283 1778 Quinam
2316 1726 2446 1767 vero
2472 1712 2583 1767 sint
2613 1711 2692 1777 bi,
2716 1710 2905 1765 dicant
2945 1710 3068 1779 ipsi.
3093 1707 3230 1763 Nam
3260 1710 3305 1765 si
3339 1709 3391 1764 in
3432 1726 3555 1780 par-

291 1793 399 1865 τὴν
428 1794 706 1866 ἡμετέραν
741 1795 967 1860 ἔλθοιεν,
1004 1800 1070 1867 τῇ
1109 1788 1462 1870 ἁληθείᾳίκαὶ
1489 1801 1620 1871 ἡμῖν
1657 1802 1875 1873 συμφή-

295 1898 457 1936 σαιεν
477 1921 492 1946 ,
528 1882 605 1947 ὠς
636 1884 687 1937 οἰ
714 1883 791 1955 τῷ
833 1884 925 1938 τοῦ
959 1885 1198 1957 Χριστοῦ
1229 1888 1322 1941 καὶ
1362 1886 1497 1942 Θεοῦ
1526 1889 1683 1960 ἡμῶν
1743 1908 1876 1944 κατ-

301 1974 740 2045 εσφραγισμένοι
764 1976 859 2031 καὶ
886 1977 1312 2050 ἐπικεκλημένοι
1334 1980 1585 2051 ὀνόματι·
1623 1984 1670 2037 εί
1691 1983 1749 2036 δὲ
1778 1984 1878 2052 τὴν

293 2066 552 2121 ἐναντίαν
581 2067 966 2139 πορεύσονται,
1003 2071 1194 2140 σαφῶς
1238 2073 1332 2125 τοῦ
1368 2072 1682 2146 ἀκαθάρτου
1717 2074 1881 2138 πνεύ-

299 2174 476 2233 ματος
508 2160 542 2229 ἡ
593 2160 847 2231 ἐνέργεια
867 2177 880 2191 ·
913 2161 1315 2218 διδασκέτωσαν
1350 2167 1477 2231 τοὺς
1522 2168 1755 2236 ἀμαθείς
1783 2166 1879 2221 καὶ

295 2251 663 2316 ἀπαιδεύτους
692 2255 740 2307 οἱ
785 2256 841 2306 ἐν
880 2253 958 2324 τῷ
1010 2254 1140 2325 ίερῷ
1179 2257 1404 2321 παῖδες,
1446 2258 1879 2328 αὐτεπάγγελτοι

290 2341 529 2412 ἥκοντες
556 2344 641 2413 ἐφ’
689 2339 770 2409 οἷς
812 2345 986 2400 ταῦτα
1030 2349 1479 2419 συνεπεραίνετο,
1516 2330 1778 2406 Ὠσαννλὰ
1809 2352 1881 2407 ἐν

292 2435 427 2501 τοῖς
458 2438 774 2506 ὑψίστοις,
809 2438 1114 2502 ἐκϐοῶντες
1137 2457 1153 2471 ο
1206 2429 1615 2511 εὐλοημὲνος
1643 2445 1677 2496 ό
1712 2443 1881 2513 ἐρχό-

288 2545 483 2598 μενος
513 2529 584 2584 ἐν
622 2531 867 2600 ὀνόματι
904 2533 1150 2602 Κυρίου.
1201 2534 1731 2604 Καταισχυνέτωσαν
1776 2537 1878 2589 αύ-

292 2622 431 2687 τοὺς
474 2620 742 2695 Ἐλλήνων
771 2624 982 2690 παῖδες,
1007 2624 1036 2678 δ
1066 2625 1162 2679 καὶ
1204 2624 1505 2696 θαυμάζειν
1544 2626 1694 2693 ἄξιον
1714 2666 1730 2694 ,
1761 2627 1879 2682 οἷαν

299 2712 543 2785 σπουδὴν
577 2715 880 2781 ἐποιοῦντο,
909 2717 1010 2786 τῆς
1047 2714 1224 2784 Ἰησοῦ
1252 2715 1469 2786 ὁμιλίας
1493 2714 1749 2786 ἐρῶντες,
1785 2717 1880 2771 καὶ

295 2809 431 2869 τοὺς
485 2807 651 2861 αὐτοῦ
695 2808 945 2879 μαθητὰς
968 2864 975 2873 ,
998 2809 1154 2877 ἄγειν
1191 2809 1268 2873 ὼς
1300 2809 1467 2861 αὑτὸν
1498 2808 1837 2874 ἱκετεύοντες
1860 2824 1874 2838 ·

293 2903 394 2953 τὸν
442 2900 543 2970 μὲν
576 2897 670 2955 οὖν
714 2902 1002 2956 Ἰουδαϊκὸν
1035 2902 1208 2973 δῆμον
1239 2900 1328 2956 διὰ
1367 2904 1553 2971 φωνῆς
1582 2901 1877 2974 προφητῶν
1905 2939 1950 2999 c

294 2994 327 3045 6
358 2992 468 3045 τῶν
508 2993 649 3046 ὅλων
695 2993 827 3059 Θεὸς
859 2996 917 3051 ἐν
953 2995 1158 3057 αἰτίαις
1198 2995 1760 3064 μεγίσταιςὲποιείτο
1789 2994 1877 3049 λέ-

293 3099 437 3152 γων·
474 3085 668 3153 Ἔγνω
688 3084 851 3150 βοῦς
876 3086 984 3140 τὸν
1018 3084 1423 3155 κτησάμενον.
1456 3086 1553 3140 καί
1586 3086 1726 3153 ὄνος
1764 3087 1878 3155 τὴν

293 3174 544 3245 φάτνην
561 3175 670 3231 τοῦ
682 3177 894 3245 κυρίου
904 3177 1111 3231 αὐτοῦ·
1141 3176 1389 3245 Ἰσραὴλ
1411 3175 1478 3230 δέ
1485 3193 1561 3248 με
1576 3179 1686 3231 οὐκ
1701 3179 1874 3246 ἔγνω,

291 3266 398 3321 xal
421 3269 455 3321 ό
480 3266 633 3341 λαός
653 3284 732 3337 με
754 3252 827 3323 οὗ
851 3265 1124 3336 συνῆκεν
1145 3281 1159 3297 ⁸
1176 3266 1250 3329 ὡς
1266 3267 1334 3335 δὴ
1350 3266 1449 3338 τὴν
1477 3267 1693 3336 ἀλόγοις
1716 3267 1879 3332 ζώοις

296 3356 636 3427 κτηνωδίαν,
696 3359 797 3429 τὴν
846 3357 1071 3412 ἐκείνων
1121 3356 1442 3428 ἀϐελτερίαν
1498 3358 1594 3412 καὶ
1654 3358 1879 3427 ἀλογίαν

295 3446 566 3519 ἑωρακὼς
610 3448 1098 3521 παρελαύνουσαν’
1138 3451 1287 3521 ἡμᾶς
1324 3450 1383 3502 δὲ
1416 3450 1499 3519 ἐφ’
1535 3448 1628 3514 οὓς
1667 3449 1875 3504 ἀνωθεν

293 3539 365 3592 τὸ
394 3539 492 3610 τῆς
525 3540 784 3608 γνώσεως
820 3540 993 3613 δῶρον
1025 3542 1537 3611 καταπεφοίτηκεν,
1570 3543 1630 3595 ἐν
1677 3542 1875 3611 εὐκλη-

302 3630 449 3702 piat;
490 3647 552 3683 τε
583 3632 676 3687 καὶ
709 3631 983 3700 εὐλογίαις
1016 3631 1188 3694 τιθεὶς
1210 3671 1225 3696 ,
1264 3631 1326 3685 τὸ
1354 3630 1611 3685 ἀσύνετον
1652 3633 1877 3687 ἐκείνων

296 3723 402 3777 καὶ
432 3723 702 3791 ἀλογῶδες
732 3724 1125 3794 διωσαμένους,
1162 3725 1400 3795 εἰδήσειν
1445 3724 1607 3777 αὐτὸν
1636 3725 1880 3795 ἐναργῶς

295 3812 743 3883 προτεθέσπικεο
790 3813 885 3866 καὶ
931 3812 1145 3884 βεϐαιοῖ
1174 3812 1269 3866 τοῦ
1298 3812 1463 3879 λόγου
1501 3812 1563 3865 τὸ
1602 3812 1877 3882 ἀσφαλὲς,

293 3898 408 3968 τῆς
444 3898 701 3968 ἀληθείας
727 3900 1135 3971 ἐμφαινομένης
1165 3903 1281 3964 τοῖς
1320 3900 1643 3972 πράγμασιν
1694 3901 1880 3965 αὐτοῖς

293 3990 366 4042 τὸ
408 3991 883 4061 ἀτταράγραπτονο
943 3980 1387 4063 αἰσχυνέσθωσαν
1434 3991 1620 4046 λοιπὸν
1671 3993 1722 4044 oi
1764 3977 1906 4057 τοῖς’

292 4079 556 4149 ψευδέσιν
601 4079 1004 4152 ἐπερειδόμενοι
1030 4120 1045 4144 ,
1099 4083 1195 4134 καὶ⁹
1237 4080 1470 4149 ἀνοσίως
1514 4081 1607 4133 καὶ
1652 4080 1881 4150 ἀμαθῶς

292 4172 406 4242 τῆς
434 4171 545 4223 τῶν
575 4171 919 4243 Χριστιανῶν
958 4171 1435 4244 κατακεκραγότες
1463 4170 1633 4243 ὀρθῆς
1664 4171 1873 4241 ὑπολή-

290 4264 454 4331 ψεως
475 4279 491 4295 ο
534 4256 915 4331 Ἐνεπλήονθη
943 4264 1054 4333 γὰρ
1085 4263 1124 4330 ἡ
1151 4266 1450 4333 σύμπασα
1480 4263 1557 4333 τῆ
1585 4262 1695 4318 τοῦ
1729 4260 1879 4333 τνῶ·
1911 4292 1954 4346 D

291 4373 405 4410 ναι
439 4357 548 4409 τὸν
568 4357 823 4424 Κύριον*
858 4357 957 4410 καί
983 4355 1226 4424 πλήρης
1261 4357 1295 4409 ὁ
1319 4355 1577 4425 οὐρανὸς
1598 4354 1695 4409 καί
1731 4355 1770 4420 ἠ
1800 4353 1878 4424 γῆ

292 4449 416 4517 τῆς
452 4449 641 4516 δόξης
677 4450 884 4505 αὐτοῦ.
928 4450 1207 4520 Πανταχοῦ
1248 4449 1357 4519 γάρ
1400 4448 1503 4517 τῆς
1551 4448 1877 4519 οίκουμένης

294 4540 525 4611 ἁπάσης
548 4540 618 4595 τὰ
642 4541 741 4613 τῆς
767 4541 998 4610 εὐαγοῦς
1027 4543 1062 4612 ὴ
1072 4540 1189 4611 μῶν
1216 4539 1400 4611 ᾅδεται
1423 4539 1681 4603 πίστεως.

376 4632 459 4686 Τὰ
494 4632 550 4686 δὲ
596 4633 689 4684 ἐπὶ
720 4632 928 4696 τούτοις
974 4631 1052 4703 τῷ
1101 4634 1355 4703 προφήτῃ
1402 4631 1739 4701 ἐπαγόμενα,
1776 4631 1876 4703 τὴν

292 4723 398 4776 τοῦ
437 4720 572 4775 Θεοῦ
608 4722 985 4791 ἀνέκφραστον
1015 4720 1450 4791 φιλανθρωπίαν,
1490 4718 1585 4773 καὶ
1643 4720 1736 4773 τὸν
1776 4722 1873 4774 ἀν-

292 4811 647 4882 εξιχνίαστον
691 4812 923 4866 πλοῦτον
967 4812 1069 4882 τῆς
1101 4811 1473 4883 χρηστότητος
1523 4809 1691 4864 αὑτοῦ
1745 4813 1878 4881 ἡμῖν

296 4902 634 4974 προμηνύει.
670 4903 881 4970 Ἵλεως
930 4904 1146 4973 ἔσομαι
1189 4903 1320 4970 ταῖς
1351 4902 1613 4970 ἀδικίαις
1653 4901 1876 4958 αὐτῶν.

294 4995 372 5050 Τί
403 4996 610 5048 τούτων
638 4995 969 5066 ὑψηλότερον
1002 4994 1035 5065 ἢ
1067 4993 1508 5065 σεϐασμιώτερον
1527 5011 1551 5060 ;¹
1578 4994 1643 5047 Τί
1669 4994 1876 5049 τούτων

292 5088 454 5157 ἣδιον
509 5085 962 5159 ῆχαριὲστερονς
1020 5087 1202 5158 Παρὸν
1248 5087 1358 5158 γὰρ
1389 5085 1640 5151 κολάζειν
1677 5087 1772 5139 καὶ
1817 5084 1879 5139 τὸ

295 5177 535 5249 γεέννης
571 5177 900 5250 ἀπευρύνειν
935 5176 1149 5248 στόμα,
1179 5178 1380 5248 μυρίας
1409 5194 1468 5231 τε
1506 5177 1608 5230 καῖ
1649 5176 1877 5232 ἀνυποί-

298 5287 470 5334 στους
511 5271 740 5340 ἐπάγειν
780 5270 1034 5342 πληγὰς,
1077 5270 1339 5333 θανάτους
1375 5287 1436 5324 τε
1479 5269 1754 5337 ἐξαισίους
1784 5269 1881 5323 καὶ

298 5362 665 5433 παραδόξους,
694 5364 787 5418 ἐπὶ
815 5363 1030 5436 μυρίοις
1052 5364 1145 5416 καὶ
1165 5363 1417 5432 ἀπείροις
1443 5366 1554 5427 τοῖς
1578 5360 1879 5433 παραπτώ-

300 5473 478 5531 μασιν
508 5457 610 5511 οὑκ
653 5456 978 5530 ἠπείλησεν,
1015 5462 1115 5511 οὐκ
1152 5457 1438 5523 ἐκόλασεν,
1472 5457 1533 5510 ού
1579 5454 1880 5526 προσέταξε

299 5548 763 5622 μέγανδιαστῆναι
795 5550 896 5621 τὴν
921 5549 1027 5620 γῆν
1053 5551 1148 5603 καὶ
1174 5548 1343 5620 ἄρδην
1376 5549 1668 5602 καταπιεῖν
1703 5546 1879 5601 ᾶπαν-

384 5724 432 5755 ¹⁸
456 5722 645 5780 Matth.
684 5743 794 5789 XXI,
831 5728 883 5781 9.
965 5729 1003 5756 ”
1048 5726 1149 5781 lsa.
1192 5745 1230 5789 I,
1266 5727 1319 5780 5.

1981 1809 2064 1855 tes
2094 1810 2305 1855 nostras
2329 1803 2648 1865 concedent,
2679 1815 2803 1856 eum
2840 1800 3072 1855 veritate
3094 1799 3360 1868 nobisque
3390 1799 3551 1853 simul

1979 1893 2348 1956 consentient,
2381 1891 2581 1961 quippe
2622 1891 2714 1961 qui
2746 1891 2948 1946 Christi
2988 1889 3083 1943 Dei
3143 1890 3333 1945 nostri
3373 1889 3553 1957 sigilla

1978 1982 2200 2052 signati,
2232 1981 2396 2051 222
2428 1982 2653 2051 ejusque
2678 1982 2897 2035 nomine
2939 1979 3455 2050 appellatisumus.
3475 1979 3551 2043 .Si

1979 2086 2108 2127 vero
2140 2073 2193 2127 in
2216 2073 2548 2130 contrariam
2584 2082 2794 2144 partem
2838 2073 3058 2138 abeant,
3107 2072 3224 2127 hinc
3251 2080 3334 2126 est
3373 2071 3543 2126 mani-

1980 2165 2117 2220 iusta
2154 2165 2352 2235 impuri
2397 2164 2620 2235 spiritus
2662 2163 2931 2234 operatio.
2971 2164 3213 2218 Doccant
3252 2163 3350 2219 hos
3391 2163 3547 2233 igna-

1983 2271 2071 2310 ros
2107 2255 2459 2327 rudesquein
2514 2255 2715 2325 templo
2754 2255 2929 2325 pueri,
2988 2253 3315 2308 naturaliter
3375 2252 3546 2307 veluti

1978 2348 2197 2413 eruditi,
2237 2348 2366 2402 dum
2398 2361 2463 2402 ea
2510 2347 2741 2402 tierent:
2779 2343 3034 2399 Hosanna
3061 2344 3116 2397 in
3136 2343 3379 2411 excelsis,
3433 2343 3547 2399 cla-

1980 2449 2229 2508 mantes;
2253 2439 2549 2494 benedictus
2580 2439 2670 2509 qui
2703 2440 2839 2494 uenit
2887 2440 2943 2492 in
2985 2437 3196 2490 nomine
3233 2435 3446 2490 Domini
3479 2436 3551 2490 ι³.

1982 2529 2424 2600 Pndoremipsis
2455 2531 2725 2584 incutiant
2753 2516 3101 2584 ethnicorum
3130 2527 3304 2595 pueri,
3333 2527 3425 2595 qui
3452 2527 3554 2580 nti-

1981 2636 2098 2675 rum
2131 2631 2215 2677 est
2243 2633 2509 2690 quantum
2540 2619 2778 2675 studium
2813 2634 2924 2689 prae
2953 2634 3012 2675 se
3045 2618 3266 2691 tulerint
3312 2618 3537 2687 loquen-

1982 2721 2088 2769 tem
2109 2711 2295 2768 Jesum
2328 2713 2602 2779 audiendi,
2657 2713 2730 2766 ita
2762 2723 2822 2766 ut
2850 2711 3144 2780 discipulos
3182 2724 3400 2778 quoque
3428 2709 3546 2775 ejus

1983 2814 2237 2875 rogarent
2267 2813 2325 2858 ut
2355 2819 2416 2859 se
2444 2805 2511 2857 ad
2562 2803 2715 2871 illum
2747 2802 3102 2858 deducerent.
3131 2799 3416 2855 .lndaicum
3447 2799 3518 2852 ita
3537 2827 3557 2839 ο

1983 2909 2089 2963 que
2113 2893 2365 2964 papulum
2402 2897 2728 2955 universalis
2778 2897 2927 2960 Deus
2967 2896 3290 2967 gravissime
3332 2910 3555 2947 accum-

1980 2986 2072 3039 bat
2128 2985 2365 3040 dicens:
2429 2987 2679 3057 Cognovit
2721 2987 2812 3042 bos
2866 3001 3221 3054 possessorem
3270 3001 3450 3051 suum,
3505 2993 3555 3036 rt

1978 3078 2161 3131 asinus
2222 3093 2453 3148 prmepe
2501 3079 2699 3133 domini
2721 3080 2842 3144 sui;
2905 3077 3077 3132 Israel
3108 3088 3280 3131 autem
3325 3092 3406 3131 me
3451 3092 3554 3128 non

1978 3170 2234 3237 cognovit,
2263 3180 2312 3221 et
2362 3171 2584 3238 populus
2622 3187 2701 3225 me
2735 3172 2947 3224 nescivit
2972 3171 3052 3235 ”;
3103 3169 3256 3240 quasi
3299 3168 3552 3222 nimirum

1979 3269 2230 3314 cerneret
2275 3259 2679 3315 irrationalium
2726 3260 3091 3339 animantium
3130 3258 3370 3313 bellnino
3402 3257 3555 3324 inge-

1981 3348 2094 3411 nio,
2129 3349 2401 3404 inscitiam
2471 3350 2664 3405 borum
2724 3360 2887 3420 atque
2939 3348 3247 3403 vecordiam
3274 3362 3396 3402 esse
3430 3361 3557 3415 gra-

1978 3439 2211 3494 viorem.
2241 3438 2351 3495 Nos
2371 3449 2576 3507 autem,
2597 3440 2795 3510 quibus
2813 3455 3064 3513 superne.
3081 3440 3280 3495 donum
3305 3438 3548 3511 scientiaD

1978 3530 2315 3598 supervenit,
2342 3530 2392 3582 in
2413 3530 2567 3586 beata
2597 3540 2744 3584 sorte
2774 3546 2836 3584 ac
2856 3530 3232 3596 benedictione
3255 3542 3543 3599 reponens,

1978 3626 2104 3693 quia
2165 3624 2449 3678 stultitiam
2504 3624 2719 3679 illorum
2761 3625 3070 3694 mentisque
3140 3619 3542 3677 aberrationem

1983 3716 2296 3786 repulimus,
2342 3731 2460 3782 nos,
2519 3718 2762 3786 inquam,
2798 3717 2975 3788 ipsum
3034 3717 3370 3786 cognituros,
3432 3726 3558 3781 per-

1979 3810 2164 3878 spicue
2202 3811 2467 3879 Prazdixit.
2496 3809 2707 3865 Firmat
2735 3820 2917 3866 autem
2943 3812 3234 3867 verborum
3292 3810 3559 3866 indelebi—

1982 3901 2048 3957 lis
2077 3902 2279 3956 veritas
2303 3916 2422 3970 quae
2459 3900 2599 3955 facta
2650 3902 2764 3970 ipsa
2798 3902 3117 3955 comitatur.
3152 3902 3357 3955 Pudeat
3395 3904 3551 3957 dein-

1981 4005 2111 4060 ceps
2145 3990 2264 4044 illos
2299 3993 2391 4060 qui
2430 3991 2650 4048 falsitati
2712 3992 3039 4056 innituntur,
3079 3994 3553 4063 impiequeatquc

1983 4081 2275 4135 inscienter
2302 4080 2746 4136 Christianorum
2799 4082 3060 4136 allatrant
3100 4094 3303 4138 rectam
3339 4096 3553 4140 senten-

1984 4173 2135 4229 tiam.
2172 4171 2338 4226 Plena
2366 4174 2510 4227 enim
2543 4181 2622 4226 est
2654 4174 2909 4227 universa
2931 4182 3076 4227 terra
3112 4177 3415 4245 cognitione
3442 4176 3552 4229 00--

1983 4267 2112 4319 mini
2143 4266 2208 4319 ‘°.
2235 4263 2300 4318 Et
2327 4272 2341 4318 ι
2373 4261 2590 4318 Plenum
2614 4276 2687 4319 est
2707 4264 2891 4319 calum
2917 4281 2980 4319 ac
3003 4276 3141 4320 terra
3159 4268 3329 4336 gloria
3349 4269 3462 4336 ejus
3483 4268 3548 4323 ¹¹.

1990 4357 2204 4429 Ubique
2230 4359 2373 4414 enim
2408 4358 2458 4411 in
2512 4359 2711 4414 mundo
2758 4368 2943 4414 sancta
3007 4368 3195 4415 nostra
3244 4359 3553 4418 celebratur

1984 4450 2138 4505 ﬁdes.

2056 4627 2169 4697 Age
2199 4643 2325 4681 vero
2352 4643 2467 4695 qua:
2495 4627 2770 4695 praedictis
2808 4630 3070 4697 propheta
3092 4629 3303 4697 adjicit,
3330 4646 3393 4686 ea
3424 4634 3554 4689 inef-

1985 4719 2202 4775 fabilem
2240 4721 2329 4772 Dei
2370 4720 2779 4789 benignitatem,
2811 4731 2867 4774 et
2896 4722 3280 4780 inscrutabiles
3327 4726 3549 4781 divitias

1986 4813 2242 4867 bonitatis
2282 4811 2398 4881 ejus
2425 4814 2751 4883 signiﬁcant.
2802 4813 3145 4886 Propitiabor
3181 4817 3553 4886 iniquitatibus

1986 4920 2168 4959 eorum
2197 4906 2266 4959 ".
2301 4905 2439 4972 Quid
2491 4907 2575 4961 his
2626 4907 2808 4962 verbis
2839 4910 3112 4964 excelsius
3138 4917 3233 4964 aut
3270 4911 3553 4966 venerabi-

1983 4994 2089 5051 lius
2110 4996 2300 5069 ?.Quid
2331 4996 2549 5072 dulcius
2582 5006 2677 5052 aut
2711 4998 3045 5068 gratiosius?
3088 4997 3224 5053 Nam
3256 5014 3379 5054 cum
3423 5016 3551 5069 pos-

1982 5085 2053 5141 sit
2086 5087 2297 5156 punire,
2328 5097 2384 5142 et
2406 5089 2669 5158 gehenna:
2697 5104 2761 5159 os
2797 5089 3051 5155 dilatare,
3087 5089 3463 5159 plurimasque
3495 5103 3551 5148 et

1980 5177 2355 5236 intolerabiles
2406 5180 2588 5251 plagas
2642 5175 2949 5250 imponere,
3003 5191 3210 5236 mortes
3246 5180 3548 5239 horrendas

1978 5279 2143 5341 atque
2169 5272 2514 5343 improvisas,
2542 5282 2763 5343 propter
2792 5265 3073 5338 sexcenta,
3095 5272 3205 5327 imo
3233 5273 3552 5331 innumera-

1979 5364 2107 5419 bilia
2159 5374 2411 5433 pecmta;
2459 5374 2695 5418 attamen
2723 5378 2829 5416 non
2862 5373 2945 5418 est
2998 5365 3387 5431 comminatus,
3441 5381 3548 5421 non

1980 5454 2214 5524 punivit,
2240 5469 2345 5509 non
2380 5453 2665 5522 imperavit
2692 5461 2851 5508 terrae
2883 5462 2944 5508 ut
2960 5453 3267 5509 dehisceret
3291 5464 3550 5521 cunctos-

1978 5561 2084 5614 que
2124 5545 2347 5601 omnino
2386 5544 2740 5608 absorberet;
2792 5545 2887 5598 sed
2943 5544 3059 5614 ejus
3116 5560 3263 5615 erga
3304 5545 3551 5607 homines

1399 5728 1442 5756 ²¹¹
1481 5723 1580 5777 lsa.
1616 5720 1769 5786 x1,9.
1848 5724 1888 5753 ’ί
1928 5723 2126 5778 llabac.
2169 5738 2249 5785 ιιι,
2281 5722 2333 5775 5.
2413 5723 2454 5750 “
2484 5719 2685 5774 Jercm.
2728 5722 2999 5800 κκχιηῦι.
