3900 6148
396 270 507 335 723

1396 269 1456 330 S.
1493 269 1912 331 NICEPHORI
1949 271 2461 332 PATRIARCIUE
2502 274 2611 333 ΕΡ.

3568 279 3679 342 ἀι

391 377 704 450 benignitas
724 376 1032 450 prataluit.
1065 375 1407 445 Propitiubor
1440 379 1604 441 enim,
1630 378 1831 447 inquit,
1864 379 1971 431 ini-

2083 397 2192 443 τας,
2239 380 2373 433 ἀλλὰ
2402 382 2526 451 νικᾷ
2560 382 2621 433 τ’)
2660 380 3062 453 φιλάνθρωπον.
3122 384 3328 449 Ἶλεω(
3380 384 3495 454 γὰρ
3532 385 3673 441 ἔσο-

390 472 684 539 quitatilnrs
709 484 913 523 eorum.
952 466 1063 523 Nos
1091 482 1221 522 vero
1255 468 1345 535 qui
1382 467 1510 522 talia
1533 469 1749 539 experti
1776 483 1969 523 sumus

2083 489 2211 536 μαι,
2259 474 2429 541 φησὶ,
2466 471 2597 538 ταῖς
2649 471 2914 539 ἀδικίαις
2965 472 3188 526 αὐτῶν.
3235 473 3349 527 Καὶ
3404 475 3578 545 ἡμεῖς
3625 477 3677 530 οἱ

395 575 450 619 υι
477 564 798 629 credimus,
857 560 1138 617 vietoriale
1197 560 1367 615 simul,
1421 570 1476 616 et
1542 560 1968 616 eucharistiam:

396 660 658 729 hymnum
721 655 1002 710 Servatori
1047 667 1234 708 nostro
1284 654 1635 717 eanimus,6t
1669 654 1971 724 gratiarum

397 751 670 804 actionem
697 746 942 816 quotidie
971 743 1276 807 otl'erimus,
1322 751 1606 798 cantantes
1639 753 1803 811 atque
1825 741 1972 811 psal-

397 843 573 898 lentes
620 860 636 896 :
690 839 822 907 Quis
874 840 1122 909 loquetur
1186 836 1457 905 potentias
1489 836 1726 897 Domini,
1759 836 1973 889 auditas

397 934 557 1004 faciet
592 948 771 987 omnes
803 931 988 984 laudes
1024 931 1138 999 ejus
1160 930 1206 961 "
1236 928 1259 982 ἲ
1291 928 1424 996 Quis
1454 928 1781 981 annuntiare
1809 927 1975 982 mise-

399 1026 667 1081 ricordias
699 1024 819 1095 eius
854 1038 918 1078 ac
950 1023 1218 1077 mirabilia
1264 1023 1406 1077 satis
1454 1018 1670 1075 valeat?
1702 1020 1835 1086 Quae
1866 1018 1979 1073 liu-

401 1133 503 1188 gua
534 1116 966 1185 magnitudinem
1001 1114 1390 1170 beneﬁciorum
1415 1112 1533 1181 ejus
1557 1113 1717 1183 digne
1735 1111 1975 1181 eloqua-

401 1210 545 1268 ιιιτῖ
590 1224 714 1279 qua:
782 1210 965 1264 oratio
1019 1207 1316 1279 excogitari
1380 1206 1556 1275 possit
1611 1204 1974 1271 magnitudini

401 1305 650 1358 datorum
680 1306 749 1357 ab
801 1316 868 1357 eo
910 1302 1180 1357 bonorum
1235 1299 1370 1369 par?
1415 1298 1578 1368 Atqui
1645 1312 1751 1353 non
1800 1296 1976 1351 solum

402 1406 510 1445 non
538 1390 750 1461 punivit
783 1403 959 1458 neque
994 1388 1533 1459 gehennaatradidit,
1564 1384 1977 1456 sed'indulgens

400 1483 507 1538 fuit
536 1481 916 1552 iniquitatibus
951 1482 1183 1545 nostris;
1217 1481 1330 1539 imo
1350 1482 1495 1550 quod
1518 1487 1717 1533 cuncta
1738 1479 1977 1544 excedit,

402 1586 457 1630 et
476 1575 776 1629 orationem
808 1589 1027 1629 omnem
1059 1582 1373 1643 exsuperat,
1403 1571 1724 1643 mysterium
1762 1570 1969 1625 saluta-

302 1724 309 1731 .
402 1667 480 1721 ris
510 1665 908 1720 incarnationis
932 1665 1088 1719 nobis
1118 1672 1378 1733 operatus
1402 1670 1506 1718 est.
1542 1663 1657 1718 Cur
1685 1671 1869 1717 autem
1895 1661 1977 1716 vel

2072 565 2245 619 ταῦτα
2277 567 2370 619 καὶ
2419 566 2685 628 παθόντες
2725 567 2821 620 καὶ
2875 566 3309 632 πιστεύσαντες,
3352 570 3451 622 τδν
3495 572 3677 625 ἐπινίσ

2074 676 2190 712 κιον
2240 661 2377 729 ὁμοῦ
2408 660 2503 712 καὶ
2552 661 2909 730 χαριστήριον
2943 659 3022 731 τῷ
3059 662 3326 714 σεσωκότι
3378 659 3536 716 αἶνον
3576 664 3678 718 καὶ

2073 749 2171 820 τὴν
2224 751 2579 820 εὐχαριστίαν
2627 752 3018 823 προσφέρομεν
3075 754 3380 815 ἑκάστοτε,
3446 754 3680 825 ᾅδοντες

2074 841 2170 894 καὶ
2236 840 2566 909 ψάλλοντες·
2619 843 2717 907 Τίς
2779 842 3043 909 ⁸ιιιλήσιει
3121 844 3231 910 τὰς
3293 844 3678 913 δυναστείας

2075 920 2300 999 Κυρίου
2320 974 2335 999 ,
2383 933 2697 999 ἀκουστὰς
2724 936 2968 1001 ποιήσει
3015 935 3223 1002 πάσας
3257 937 3368 1004 τὰς
3401 939 3679 1005 αὶνέσεις

2076 1023 2303 1089 autat");
2338 1024 2442 1087 Tt;
2476 1026 2661 1088 ίκανδς
2701 1028 3026 1096 ἀναγγεῖλαι
3068 1029 3141 1080 τὰ
3189 1028 3317 1099 ἒλέη
3362 1029 3536 1083 αὐτοῦ
3582 1031 3681 1084 καὶ

2076 1114 2143 1168 τὰ
2183 1114 2505 1186 θαυμάσια;
2548 1118 2677 1171 ποία
2712 1118 2938 1187 γλῶσσα
2973 1118 3215 1184 ἐπαξίως
3255 1121 3349 1174 τοῦ
3400 1122 3679 1192 μεγέθους

2077 1207 2187 1260 τῶν
2221 1209 2683 1281 εὐεργετημάτων
2732 1210 3064 1279 φθέγξαιτος
3103 1216 3257 1277 ποῖος
3302 1213 3467 1281 λόγος
3516 1214 3677 1280 ἔξευ-

2082 1300 2263 1372 ρεθείη
2288 1304 2352 1372 τῇ
2379 1302 2760 1374 μεγαλειότητι
2788 1304 2899 1357 τῶν
2927 1306 3347 1376 κεχαρισμένων
3372 1308 3509 1376 ἡμῖν
3531 1308 3677 1375 ἁγα-

2079 1388 2188 1442 θῶν
2245 1390 2684 1461 παρισούμενοςς
2737 1391 2846 1462 ἄρα
2902 1392 3013 1464 γὰρ
3067 1394 3169 1446 οὐκ
3216 1395 3453 1448 ἐκόλασε
3504 1397 3676 1466 μόνον

2077 1481 2200 1533 οὐδὲ
2236 1482 2433 1553 γεέννῃ
2484 1483 2912 1553 παραδέδωκεν,
2954 1484 3115 1547 ἵλεως
3162 1485 3222 1538 δὲ
3266 1488 3489 1553 ἐγένετο
3544 1489 3676 1550 ταῖς

2078 1571 2318 1636 ἀδικίαις
2349 1572 2507 1643 ἡμῶν
2530 1614 2545 1637 ,
2581 1574 2615 1644 ἢ
2650 1575 2833 1627 καὶτὸ
2855 1575 3074 1629 πάντων
3104 1576 3367 1649 ἐπέκεινα
3393 1579 3490 1629 καὶ
3523 1578 3676 1648 πέρα

2079 1662 2239 1731 λόγου
2269 1665 2494 1727 παντὸς,
2545 1665 2848 1737 μυστήριον
2883 1666 2984 1737 τῆς
3030 1668 3307 1739 σωτηρίου
3352 1669 3677 1738 οἰκονομίας

403 1753 721 1819 quomodo?
742 1753 858 1809 Non
897 1753 1127 1824 punivit,
1158 1754 1254 1808 sed
1283 1742 1509 1823 punitus
1536 1761 1660 1817 est;
1715 1767 1822 1807 non
1866 1752 1977 1822 pla-

2083 1757 2218 1826 ἡμῖν
2268 1756 2659 1827 ἐξειργάσατοο
2696 1758 2816 1821 πῶς
2856 1758 2934 1823 δὲ,
2980 1759 3075 1812 καὶ
3115 1738 3237 1811 τίνα
3269 1760 3519 1831 τρόπονς
3572 1763 3676 1814 οῦκ

400 1859 523 1912 gam
560 1842 761 1910 intulit,
788 1843 882 1899 sed
920 1843 1168 1914 plagatus
1194 1853 1295 1898 est
1331 1843 1447 1912 ipse
1475 1843 1528 1896 in
1554 1843 1759 1898 dilecta
1791 1844 1976 1901 domo.

402 1936 630 1991 Dorsum
651 1938 827 1989 ‘suum
854 1935 1003 1990 dedit
1053 1938 1106 1991 in
1152 1934 1408 1999 verbera,
1442 1942 1500 1989 et
1530 1949 1701 2005 genas
1735 1950 1865 1990 suas
1906 1936 1973 1988 ad

400 2026 610 2097 alapas.
641 2026 930 2083 Postremo
966 2027 1339 2098 turpissimam
1373 2028 1551 2107 crucis
1585 2040 1774 2082 necem
1815 2042 1979 2082 exce-

402 2121 502 2195 pit,
546 2120 837 2191 ignominia
901 2130 1234 2191 contempta,
1268 2134 1452 2175 secum
1492 2121 1641 2175 cruci
1700 2119 1980 2189 conﬁgens

401 2214 665 2278 scriptum
707 2214 970 2267 adversus
1006 2228 1105 2268 nos
1134 2213 1579 2281 chirographum,
1631 2219 1694 2265 ut
1717 2225 1815 2265 nos
1853 2224 1975 2278 pec-

401 2310 530 2357 cato
556 2302 812 2371 eriperet,
841 2314 897 2358 et
924 2304 990 2357 de
1017 2310 1285 2371 potestate
1312 2303 1658 2356 tenebrarum
1694 2301 1976 2356 liberaret.

403 2394 548 2449 Idem
599 2396 780 2464 itaque
824 2396 1084 2451 sacerdos
1114 2405 1169 2451 et
1207 2395 1452 2459 victima,
1507 2395 1652 2449 idem
1688 2394 1980 2450 immolans

404 2484 577 2538 nostri
597 2498 789 2551 eausa,
814 2485 1162 2540 saerilicatus
1195 2484 1356 2539 simul
1387 2492 1442 2538 et
1466 2482 1703 2539 oﬂ‘erens
1733 2482 1844 2538 Deo
1874 2482 1979 2541 Pa-

403 2577 471 2630 tri
496 2578 749 2646 populum
781 2577 1137 2647 peculiarem.
1164 2576 1303 2632 Hinc
1333 2591 1436 2631 nos
1458 2577 1525 2631 de
1554 2576 1834 2631 dominatu
1875 2576 1981 2629 ini-

401 2670 528 2725 mici
594 2670 862 2741 redempti
923 2671 1165 2736 fuimus,
1231 2670 1554 2740 Patremque
1615 2683 1715 2739 per
1782 2666 1977 2723 Filium

401 2762 747 2832 agnovimus,
783 2772 839 2817 et
867 2762 1087 2833 genuini
1132 2760 1423 2817 Trinitatis
1455 2760 1778 2815 adoratores
1811 2760 1984 2817 exsti-

404 2856 588 2909 timus.
620 2856 692 2909 At
720 2856 866 2911 enim
892 2856 983 2924 qui
1010 2856 1079 2910 ab
1106 2842 1378 2925 ejusmodi
1420 2854 1594 2923 gratia
1627 2862 1754 2908 sunt
1789 2852 1975 2919 alieni,

402 2947 599 3001 horum
635 2947 877 3003 omnium
928 2948 1103 3011 obliti,
1130 2962 1400 3015 auresque
1455 2954 1512 3000 et
1559 2947 1740 3001 cordis
1792 2945 1982 2999 oculos

404 3039 491 3093 ad‘
520 3049 629 3093 tam
686 3038 1025 3095 venerandas
1080 3039 1452 3109 amabilesque
1514 3052 1603 3092 res
1641 3036 1978 3101 claudentes,

2086 1848 2379 1912 ἐκόλασεν,
2428 1850 2543 1904 ἀλλ’
2576 1849 2880 1920 ἐκολάσθη,
2930 1851 3030 1903 οὐκ
3070 1851 3345 1920 ἐπήνεγκε
3391 1851 3495 1922 τὴν
3535 1853 3677 1919 πλη-

2085 1939 2221 2011 γὴν,
2256 1941 2369 1994 ἀλλ’
2395 1941 2610 2012 ἐπλήγη
2647 1942 2705 1994 έν
2732 1942 2811 2011 τῷ
2839 1941 2973 2011 οἴκῳ
3001 1940 3378 2012 τῷάγαπητῷ
3398 1960 3417 1974 ο
3442 1943 3538 1996 τὸν
3569 1944 3677 1997 νῶ-

2086 2048 2179 2084 τον
2205 2033 2370 2086 αὑτοῦ
2413 2031 2613 2085 ἔδωκεν
2656 2033 2737 2095 εἰς
2784 2031 3088 2102 μάστιγας,
3114 2031 3232 2103 ,καὶ
3262 2032 3367 2095 τὰς
3407 2032 3674 2100 σιαγόνας

2086 2120 2252 2174 αὐτοῦ
2300 2123 2381 2184 είς
2434 2120 2775 2189 ῥαπίσματα.
2830 2122 2939 2173 Καὶ
2973 2120 3127 2184 τέλος
3165 2121 3255 2173 τὸν
3282 2120 3373 2173 διὰ
3428 2119 3674 2190 σταυροῦ

2087 2214 2364 2285 αἴσχιστον
2390 2214 2563 2267 εἵλετο
2598 2213 2826 2268 θάνατον
2848 2253 2862 2275 ,
2902 2212 3163 2283 αἰσχύνης
3204 2214 3673 2282 καταφρονήσας,

2086 2306 2144 2357 ἐν
2174 2302 2323 2373 αὐτῷ
2370 2302 2731 2374 προσηλώσας
2773 2302 2834 2355 τὸ
2889 2303 3007 2356 καθ’
3054 2303 3216 2373 ἡμῶν
3264 2303 3685 2373 χειρόγραφον-ιι

2088 2394 2174 2447 ἵνα
2203 2393 2351 2464 ἡμᾶς
2387 2393 2632 2464 ἐξέληται
2665 2393 2768 2462 τῆς
2799 2393 3109 2464 ἁμαρτίας,
3141 2394 3237 2446 καὶ
3274 2393 3389 2463 τῆς
3416 2392 3675 2459 ἐξουσίας

2086 2486 2180 2541 τοῦ
2236 2486 2460 2548 σκότους
2494 2466 2853 2555 ’ἐλευθερώσῃ
2882 2501 2897 2515 ·
2952 2484 3117 2548 αὐτὸς
3163 2482 3297 2551 γοῦν
3336 2483 3435 2535 καὶ
3486 2483 3673 2553 ἱερεὺς

2087 2579 2183 2632 καὶ
2213 2579 2427 2646 ἱερεῖον,
2461 2575 2623 2638 αὐτὸς
2643 2575 2740 2628 καὶ
2764 2574 2905 2629 θύων
2932 2574 3027 2628 καὶ
3057 2572 3502 2644 σφαγιαζόμενος
3531 2572 3675 2643 ὑπὲρ

2085 2670 2245 2742 ἡμῶν
2264 2711 2277 2736 ,
2298 2673 2401 2723 καὶ
2435 2669 2691 2737 θυόμενος
2724 2669 2819 2721 καὶ
2851 2667 3143 2737 προσάγων
3171 2666 3249 2736 τῷ
3276 2664 3397 2734 Θεῷ
3432 2667 3534 2718 καὶ
3557 2665 3675 2718 Πα-

2084 2766 2177 2835 τρὶ
2223 2762 2352 2816 λαὸν
2395 2761 2751 2833 περιούσιον·
2794 2759 3046 2814 ἐντεῦθεν
3079 2761 3245 2829 ἡμεῖς
3288 2757 3393 2828 τῆς
3425 2758 3674 2811 καταδυσ-

2086 2856 2343 2918 ναστείας
2378 2854 2475 2907 τοῦ
2508 2852 2741 2925 Ἑχοροῦ
2765 2852 3173 2922 λελυτρὼμεθα,
3192 2850 3286 2904 καὶ
3317 2840 3410 2903 τδν
3446 2850 3675 2919 Πατέρα

2088 2949 2156 3002 δι’
2192 2946 2322 3001 Υἱοῦ
2359 2946 2677 3016 ἐπέγνωμεν
2698 2988 2710 3011 ,
2745 2945 2838 2998 καὶ
2877 2943 3255 3014 προσκυνηταὶ
3304 2942 3530 3012 γνήσιοι
3574 2943 3676 3010 τῆς

2088 3040 2319 3113 Τριάδος
2347 3038 2805 3109 ἁναδεδείγμεθα·
2846 3038 2895 3090 οἱ
2939 3037 2996 3090 δὲ
3030 3036 3243 3105 δωρεᾶς
3266 3035 3478 3105 ταύτης
3517 3035 3677 3088 ἀλλό-

403 3126 668 3197 quidquid
727 3128 944 3183 demum
990 3128 1180 3183 volunt
1232 3129 1456 3183 adorent
1516 3139 1569 3183 et
1596 3128 1797 3183 colant.
1827 3127 1977 3195 Quod

2083 3152 2224 3206 τριοι
2247 3174 2262 3198 ,
2302 3135 2524 3189 πάντων
2550 3133 2753 3187 τούτων
2787 3131 2962 3203 λήθην
3003 3126 3282 3193 λαϐόντες,
3315 3129 3413 3181 καὶ
3452 3125 3523 3179 τὰ
3556 3125 3680 3179 ὦτα

405 3220 668 3290 deinceps
700 3217 876 3275 deifer
918 3219 1180 3289 prepheta
1212 3219 1459 3288 subjicit,
1492 3219 1652 3289 quale
1691 3228 1983 3287 quantum-

404 3327 509 3381 que
536 3313 655 3367 est!
694 3309 764 3365 Et
814 3321 1151 3381 peccatorum
1177 3327 1360 3366 eorum
1413 3311 1638 3365 ulterius
1669 3326 1773 3365 non
1808 3327 1982 3364 recoro

404 3403 571 3457 dabor
607 3402 674 3457 “.
729 3403 843 3458 Hoc
890 3406 1007 3457 loco
1045 3417 1197 3458 mens
1230 3401 1390 3474 223
1422 3403 1659 3466 vacillat,
1710 3394 1985 3472 multaque

404 3495 763 3566 perplexitate
814 3495 1060 3563 laborat,
1105 3505 1421 3563 mutumque
1473 3495 1654 3563 potius
1699 3495 1979 3549 silentium

403 3598 695 3658 pranptat,
725 3588 852 3658 quia
892 3588 958 3642 ad
1015 3585 1449 3644 inextricabilem
1482 3588 1789 3641 divinorum
1837 3585 1985 3652 judi-

406 3681 621 3735 ciorum
668 3681 1035 3752 labyrinthum
1096 3680 1333 3737 devenit.
1386 3680 1623 3737 Unicum
1681 3695 1809 3735 vero
1872 3694 1987 3748 per-

405 3771 652 3842 plexitati
702 3787 815 3828 suae
846 3774 1052 3829 exitum
1085 3775 1309 3842 reperit,
1342 3784 1400 3828 ut
1458 3788 1650 3841 nempe
1688 3788 1810 3827 cum
1853 3768 1989 3826 incf-

406 3864 654 3919 fabilium
686 3881 865 3944 rerum
915 3876 1225 3937 spectatore
1251 3876 1305 3922 et
1343 3877 1515 3938 mysta
1542 3868 1686 3922 dicat
1716 3883 1731 3921 :
1777 3865 1822 3922 0
1853 3866 1982 3919 alti-

408 3958 536 4013 tudo
568 3958 875 4013 divitiarum
909 3969 958 4014 et
1000 3961 1275 4029 sapientia:
1316 3971 1365 4015 et
1388 3961 1619 4014 scientiw
1650 3959 1787 4014 Dei!
1823 3974 1983 4029 quam

404 4050 777 4104 inserutabilia
814 4061 938 4105 sunt
958 4052 1174 4119 judicia
1200 4052 1339 4121 ejus,
1369 4061 1417 4106 et
1454 4051 1837 4121 investigabiles
1888 4050 1985 4105 rite

408 4142 521 4212 ejus
555 4141 605 4175 "
624 4143 640 4197 ί
1908 4144 1919 4147 ⁷

2079 3228 2175 3281 καὶ
2234 3228 2363 3289 τοὺς
2419 3224 2734 3296 ὀφθαλμοὺς
2791 3225 2889 3295 τῆς
2941 3223 3172 3293 καρδίας
3227 3221 3369 3293 7:96;
3421 3220 3495 3274 τὰ
3528 3218 3678 3273 οὕτω

2082 3320 2259 3374 σεπτά
2288 3320 2385 3373 καὶ
2414 3318 2724 3388 άξιάγαστα
2769 3316 2958 3380 κακῶς
2988 3314 3409 3385 ὰπομύσαντες,
3435 3314 3466 3366 ὃ
3496 3329 3551 3364 τι
3581 3314 3677 3365 καὶ

2084 3412 2370 3483 βούλονται
2418 3410 2899 3483 προσκυνείτωσαν
2942 3411 3039 3463 καὶ
3083 3406 3480 3461 σεϐέσθωσαν·
3514 3405 3577 3458 τὸ
3617 3404 3675 3457 δὲ

2083 3501 2212 3573 ἑξῆς
2263 3503 2342 3573 τῷ
2392 3504 2638 3574 θεοφόρῳ
2675 3503 3075 3573 προσκείμενον
3123 3500 3317 3571 ἡλίκον
3367 3499 3466 3551 καὶ
3505 3500 3674 3558 ὅσση

2082 3594 2196 3651 ’Καὶ
2228 3595 2348 3650 τῶν
2371 3596 2671 3666 ἁμαρτιῶν
2702 3593 2900 3648 αὐτῶν
2921 3596 2994 3649 οὐ
3023 3592 3108 3663 μὴ
3131 3590 3385 3661 μνησθῶ
3412 3592 3525 3645 ἔτι.
3584 3588 3675 3641 Ἐν

2086 3688 2302 3750 τούτοις
2339 3688 2647 3756 ἰλιγγιάσας
2676 3690 2704 3741 ὁ
2739 3686 2886 3751 νοῦς,
2911 3686 3004 3739 καὶ
3031 3685 3237 3757 ἀπορίᾳ
3271 3683 3443 3753 πολλῇ
3475 3698 3673 3752 συσχε-

2084 3780 2232 3846 θεὶς,
2281 3782 2376 3833 καὶ
2415 3778 2716 3849 ἀφθεγξίαν
2757 3779 2959 3849 μᾶλλον
2994 3779 3090 3832 καὶ
3127 3776 3341 3847 σιωπὴν
3395 3774 3676 3846 προτιμή-

2089 3888 2209 3937 σας,
2241 3874 2376 3943 πρὸς
2399 3872 2460 3925 τὸ
2482 3869 2818 3942 ἀδιεξίτητον
2841 3871 2949 3923 τῶν
2972 3870 3133 3923 θείων
3159 3869 3445 3940 κριμάτων
3467 3867 3672 3936 ἥκιστα

2088 3965 2478 4035 ἐφικνούμενος
2502 3980 2535 3995 ’λ
2565 3964 2696 4035 μίαν
2726 3964 2791 4034 δὴ
2819 3963 3025 4035 ταύτην
3060 3962 3155 4016 καὶ
3187 3961 3359 4032 μόνην
3383 3958 3496 4012 τῶν
3531 3956 3671 4010 ἁπό-

2090 4074 2198 4128 ρων
2224 4056 2436 4127 ἐξεύροι
2483 4057 2550 4110 ἂν
2579 4057 2825 4128 μηχανὴν
2846 4097 2861 4123 ,
2892 4055 2971 4127 τῷ
3005 4054 3115 4107 τῶν
3141 4054 3474 4125 ἀπορρήτων
3506 4048 3671 4118 θεατῇ

2087 4149 2183 4203 καὶ
2216 4148 2392 4221 μύστῃ
2424 4148 2931 4220 συμφθεγγόμενος·
2963 4149 3032 4202 Ὦ
3058 4147 3255 4214 βάθος
3280 4140 3671 4198 πλυύτουκιιὶ

401 4235 648 4304 σοφίας,
678 4233 877 4305 λέγων,
907 4236 1005 4289 καὶ
1033 4233 1311 4304 γνώσεως
1344 4235 1491 4288 Θεοῦ
1514 4236 1539 4288 !
1562 4236 1642 4301 ὡς
1702 4236 2143 4309 ἀνεξερεύνητα
2195 4244 2268 4297 τὰ
2336 4244 2592 4312 κρίματα
2630 4242 2821 4299 αὐτοῦ
2842 4284 2860 4311 ,
2898 4241 2997 4297 καὶ
3081 4240 3544 4309 ἀνεξιχνίαστοι
3614 4238 3675 4288 αι

403 4325 533 4380 ὁδοὶ
565 4326 793 4382 αὑτοῦί

477 4420 567 4476 53.
594 4419 721 4473 Haec
747 4417 904 4473 nobis
940 4416 1200 4473 Servator
1228 4431 1325 4487 per
1370 4415 1607 4493 divinam
1650 4418 1790 4472 sacri
1829 4417 1977 4472 lava-

2156 4424 2257 4487 νγ’.
2289 4418 2474 4473 Ταῦτα
2505 4419 2592 4473 διὰ
2627 4421 2729 4488 τῆς
2757 4417 3103 4486 θεογενεσίας
3135 4415 3227 4470 τοῦ
3261 4416 3413 4470 θείου
3444 4417 3670 4488 λουτβῦ

404 4512 485 4567 cri
517 4511 922 4580 generationem
951 4509 1178 4580 largitus
1209 4517 1317 4571 est,
1359 4507 1429 4561 in
1443 4521 1555 4575 quo
1585 4506 1744 4577 plena
1782 4523 1981 4580 purga-

407 4602 484 4656 tio
524 4600 879 4669 lustratioque
917 4600 1218 4654 animarum
1252 4597 1331 4664 tit,
1366 4608 1422 4654 et
1446 4613 1474 4652 a
1511 4599 1749 4669 peccatis
1780 4598 1981 4654 libera—

407 4693 503 4749 tio.
542 4693 655 4747 Has
680 4706 782 4762 ego
810 4706 972 4747 voces
1009 4690 1225 4762 plurimi
1263 4688 1430 4757 facio,
1466 4690 1562 4745 has
1599 4690 1900 4759 amplector
1928 4698 1984 4743 et

403 4800 564 4851 amo;
612 4784 741 4856 quia
806 4783 941 4839 mihi
991 4784 1151 4840 dulce
1204 4780 1287 4839 est
1319 4794 1485 4853 atque
1515 4784 1820 4853 jucundum
1881 4784 1982 4839 has

402 4888 586 4935 mente
613 4878 917 4945 revolvere,
946 4886 999 4933 et
1032 4878 1119 4933 bis
1146 4878 1450 4949 cegitandis
1480 4877 1762 4934 alacritate
1793 4877 1984 4945 reple-

405 4972 472 5036 ri,
509 4979 562 5026 et
589 4968 1019 5026 consolatoriam
1052 4978 1402 5039 peccatorum
1442 4969 1688 5024 invenire
1725 4971 1980 5038 pharma-

402 5077 548 5129 cum,
596 5072 651 5119 et
677 5063 743 5118 ad
788 5063 987 5118 bonam
1022 5074 1172 5132 spem
1227 5061 1386 5132 erigi,
1437 5071 1495 5118 et
1545 5051 1982 5132 desperationem

400 5155 657 5226 abjicere,
704 5155 912 5228 Deique
960 5157 1355 5226 benignitatem
1421 5171 1483 5211 ac
1541 5154 1974 5210 misericordiam

400 5265 755 5321 cognoscere.
817 5250 1030 5306 Etenim
1089 5250 1411 5305 delictorum
1454 5248 1787 5303 oblivionem
1823 5248 1981 5302 nobis

399 5351 814 5411 repraesentant,
864 5354 918 5398 et
962 5341 1373 5399 misericordem
1406 5350 1570 5411 atque
1605 5339 1975 5410 indulgentem

400 5432 691 5493 Dominum
754 5437 1188 5508 Creatoremque
1245 5440 1664 5503 demonstrant;
1726 5442 1891 5505 atque
1926 5442 1984 5488 ut

404 5525 646 5585 breviter
678 5530 857 5586 dicam
912 5531 1109 5589 salutis
1137 5530 1295 5587 nobis
1328 5530 1574 5585 datorem
1599 5529 1828 5586 suadent
1861 5544 1980 5582 esse

2079 4512 2115 4565 ὁ
2149 4510 2342 4582 Σωτὴρ
2373 4513 2505 4581 ἡμῖν
2526 4509 2842 4581 ἐχαρίσατο,
2877 4508 3038 4581 ρύψιν
3073 4508 3314 4576 παντελῆ
3346 4510 3442 4561 καὶ
3470 4508 3671 4579 κάθαρ-

2082 4616 2167 4653 σιν
2191 4599 2300 4652 τῶν
2325 4599 2513 4670 ψυχῶν
2533 4599 2766 4669 ἔχοντος,
2791 4599 2886 4651 καλ⁸
2904 4598 3010 4651 τῶν
3024 4596 3445 4669 ἁμαρτημάτων
3462 4597 3672 4651 ὲλευθσ

2085 4695 2207 4765 ρίαν
2229 4693 2574 4765 είσφέροντος
2594 4708 2609 4723 ·
2632 4691 2833 4756 ταύτας
2857 4691 3031 4760 ἔγωγε
3054 4692 3153 4754 τὰς
3173 4690 3379 4758 φωνὰς.
3410 4690 3604 4744 πολλοῦ
3618 4703 3674 4754 γε

2082 4783 2149 4838 ἂν
2186 4782 2561 4854 τιμησαίμην,
2590 4782 2791 4846 ταύτας
2824 4779 3266 4852 περιπτύσσομαι
3309 4780 3407 4832 καὶ
3439 4780 3667 4841 ἀσπάζο-

2092 4894 2211 4949 μαι,
2229 4875 2305 4939 ὡς
2323 4875 2423 4947 ἡδύ
2445 4875 2645 4947 μοικαὶ
2673 4875 2861 4944 χαρίεν
2879 4876 2958 4937 εἰς
2983 4874 3206 4942 μνήμην
3233 4873 3448 4924 τούτων
3466 4870 3661 4923 ἵεσθαι.

2090 4970 2185 5024 καὶ
2217 4970 2424 5033 ταύτας
2455 4966 2914 5037 ἀναλαμὸἀνοντα
2943 4963 3260 5034 προθυμίας
3305 4962 3661 5034 πληροῦσθαι,

2090 5065 2185 5118 καὶ
2235 5060 2590 5132 παραμυθίας
2618 5059 2727 5112 τῶν
2761 5057 3169 5129 ἡμαρτημένων
3204 5056 3489 5126 εὑρίσκειν
3532 5052 3660 5122 φάρ-

2093 5171 2298 5228 μακον,
2326 5153 2423 5206 καὶ
2453 5152 2589 5223 πρὸς
2616 5151 2861 5223 χρηστὰς
2890 5148 3264 5216 ἐπανάγεσθαι
3294 5146 3397 5209 τὰς
3426 5145 3658 5204 nam.

2090 5249 2184 5302 καὶ
2224 5246 2586 5315 καταφρονεῖν
2630 5242 3029 5312 ἀπογνώσεως,
3068 5241 3165 5293 καὶ
3200 5237 3499 5310 μανθάνειν
3536 5234 3659 5289 Geo]

2091 5337 2509 5411 φιλανθρωπίαν
2540 5338 2634 5391 καὶ
2680 5336 2863 5391 ἐλεονο
2916 5334 3225 5405 ἀμνηστίαν
3263 5333 3375 5404 γὰρ
3425 5331 3535 5385 τῶν
3568 5345 3658 5382 πε-

2091 5429 2575 5504 πλημμελημένων
2631 5432 2762 5499 ἡμῖν
2814 5427 3195 5492 ὑποτίθενται,
3254 5426 3415 5480 ῐλεὼν
3464 5442 3522 5479 τε
3572 5426 3657 5477 καὶ

2094 5523 2452 5596 συγγνώμονα
2503 5525 2592 5579 τὸν
2650 5522 2927 5592 Δεσπότην
3000 5521 3093 5576 καὶ
3163 5517 3409 5592 Ποιητὴν
3471 5514 3654 5571 διαδειο

474 5682 521 5719 ⁸³
554 5682 698 5743 Psal.
730 5699 819 5750 ev,
846 5687 902 5739 2.
979 5685 1026 5719 ἰ
1057 5685 1259 5742 Jerem.
1297 5701 1447 5751 xxxi,
1478 5687 1565 5741 54.
1645 5687 1689 5718 ’⁸
1729 5683 1887 5741 Rom.
1912 5701 1989 5753 τι,
2022 5685 2111 5740 55.
