3900 6148
212 306 325 370 725

1062 300 1632 380 APOLOGETICUS
1670 319 1820 379 PRO
1859 317 2122 382 SACRIS
2158 318 2640 385 IMAGINIBUS.

3361 316 3463 379 726

216 415 443 470 κνύουσι
465 433 477 446 ·
511 416 692 471 καὶτὸ
727 420 833 474 πᾶν
868 418 1361 494 είπεῖν,σωτηρίας
1396 424 1528 494 ἡμῖν
1564 425 1797 496 χορηγὸν
1830 455 1840 484 Α

1926 439 2142 484 rostrum
2184 428 2585 497 degislatorom.
2632 427 2764 483 Haec
2787 437 2910 483 sunt
2968 428 3100 499 legis
3134 439 3359 483 nostra:
3406 447 3469 486 ac

214 512 309 566 τὸν
361 511 627 585 ἡμέτερον
671 512 969 585 νομοθέτην
1008 514 1395 585 εἰσηγοῦνται·
1437 516 1662 577 τοιαῦτα
1696 516 1791 570 τοῦ

214 603 343 658 καθ’
376 604 525 675 ἡμᾶς
546 601 714 681 νόμου
742 605 839 658 καὶ
871 605 1165 676 νομοθέτου
1189 606 1258 660 τά
1284 607 1677 676 ἐπαγγέλματα
1700 609 1795 665 καὶ

215 692 563 765 διδάγματαο
594 695 643 747 εί
677 692 735 746 δέ
767 712 819 748 τι
852 695 960 768 χρὴ
1001 695 1475 767 μουσουργοῦντα,
1514 697 1605 751 τὸν
1641 697 1796 766 λόγον

219 784 616 856 ὲπιχρωννύειν
653 803 713 839 τε
769 786 864 840 καὶ
914 787 1355 841 καταποικίλλειν
1406 784 1484 852 ὡς
1532 789 1797 858 μάλιστα,

220 878 320 931 καὶ
350 879 471 940 ταῖς
499 876 708 930 πλείοσι
746 877 855 931 τῶν
886 878 1166 949 θεηγόρων
1200 878 1519 949 διακοσμεῖν
1555 884 1795 948 φωναῖς,

220 968 477 1039 καθάπερ
494 968 676 1022 εἰκόνα
698 967 870 1041 καλήν
889 986 948 1021 τε
967 969 1060 1022 καὶ
1076 971 1327 1041 ἐκπρεπῆ
1342 973 1391 1024 οἱ
1413 970 1800 1042 ἐμπειρότατοι

220 1062 333 1115 τῶν
353 1060 658 1129 ζωγράφων
677 1061 999 1130 ἀποφαίνειν
1015 1062 1492 1133 ὲκμηχανώμενοι,
1508 1062 1663 1126 ῦλαις
1681 1065 1800 1127 ταῖς

224 1152 613 1222 φαιδροτέραις
657 1153 749 1205 καὶ
794 1151 1052 1224 χρώμασι
1094 1153 1204 1206 τῶν
1252 1150 1799 1227 διαφανεστέρωνιερῦ

227 1243 378 1313 μάλα
405 1243 504 1314 τὴν
537 1232 860 1311 ἐπιφάνειαν
901 1244 1286 1309 ὲπανθίξοντες
1308 1284 1321 1307 ,
1356 1244 1715 1316 ἐξωραῖζουσί
1744 1263 1802 1298 τε

224 1336 325 1386 καὶ
362 1332 716 1401 άγλαῖςουσιν
736 1373 753 1399 ,
798 1333 874 1398 t'o;
902 1333 969 1389 ἂν
1006 1334 1067 1388 τδ
1107 1335 1347 1406 ἐμφερὲς
1377 1338 1457 1397 εἰς
1490 1335 1551 1388 τὸ
1579 1334 1803 1405 ἀκριϐές

228 1441 436 1495 στερον
470 1423 793 1488 διασώζοιτο
817 1440 832 1455 °
879 1426 974 1479 καὶ
997 1425 1106 1497 γὰρ
1135 1426 1225 1479 διὰ
1252 1425 1361 1478 τῶν
1389 1426 1616 1479 είκόνων
1636 1466 1650 1490 ,
1693 1426 1804 1479 τῶν

226 1514 431 1585 άρχετύ
445 1532 555 1568 πων
582 1516 712 1585 ἡμῖν
736 1517 769 1586 ἡ
811 1515 1013 1584 γνῶσις
1040 1517 1340 1584 ἐγγίνεται.
1373 1516 1484 1571 Καὶ
1510 1516 1668 1579 ἄλλος
1696 1515 1807 1568 τῶν

230 1606 551 1676 θεολήπτων
583 1606 896 1678 κεκλήσθω,
924 1610 1037 1672 τοῖς
1063 1609 1502 1680 προηγορευκόσι
1553 1608 1808 1679 συμφράο

230 1697 387 1768 δμων
415 1698 697 1777 ἐσόμενος,
717 1698 811 1751 καὶ
828 1698 891 1767 δὴ
917 1700 1011 1752 καὶ
1038 1698 1252 1769 ἀφίχθω
1278 1698 1381 1752 ἀνά
1407 1699 1502 1752 τὸν
1531 1700 1809 1769 ἱερδντουο

1903 518 2226 588 Iegislatoris
2275 526 2539 587 praecepta
2569 526 2626 572 et
2676 517 2961 573 doctrinm.
3008 517 3164 584 Quod
3222 518 3267 575 si
3330 517 3469 575 forte

1903 616 2123 677 oportet
2154 613 2368 678 poetico
2401 623 2571 680 prope
2620 624 2775 665 more
2794 610 3103 665 orationem
3141 609 3389 666 colorare
3421 621 3474 664 ct

1903 700 2195 770 plurimum
2231 702 2467 769 variare,
2497 700 2791 771 multisque
2820 701 3195 771 deiioquorum
3227 703 3467 758 virorum

1903 807 2102 847 ornare
2127 793 2372 858 vocibus,
2401 793 2563 848 veluti
2586 793 2870 864 pulchram
2894 795 3258 864 decorantque
3285 794 3476 865 imagi-

1908 899 2027 938 nem
2058 883 2374 953 peritissimi
2415 884 2653 952 pictores
2672 883 2946 940 exhibere
2974 891 3192 949 curant,
3230 885 3477 940 materiis

1907 983 2167 1041 quantum
2197 972 2313 1027 ﬁeri
2363 983 2539 1043 potest
2579 974 2903 1044 splendidis,
2932 974 3207 1029 coloribus
3237 974 3478 1030 clarissi-

1909 1065 2013 1119 mis
2041 1065 2257 1135 egregie
2316 1066 2554 1120 tabulam
2612 1064 2938 1132 animantes,
2974 1074 3374 1134 venustantque
3423 1074 3476 1119 et

1909 1155 2241 1219 exhilarant,
2301 1165 2359 1210 ut
2401 1156 2698 1213 similitudo
2755 1146 3223 1223 accuratior-hat;
3273 1159 3475 1213 etenim

1910 1261 1974 1299 ex
2007 1246 2336 1315 imaginibus
2384 1246 2674 1315 archetypa
2725 1246 2884 1304 nobis
2922 1232 3313 1311 innotescunt;
3342 1247 3481 1301 alius

1913 1339 2092 1406 itaque
2132 1336 2520 1407 inapiratorum
2563 1338 2801 1392 virorum
2847 1339 3161 1402 advocatur,
3210 1339 3301 1408 qui
3344 1352 3483 1407 prat-

1912 1430 2070 1484 dictis
2122 1442 2431 1484 consonans
2495 1429 2606 1493 ﬁat,
2666 1429 2851 1483 veniat
2906 1428 3112 1485 scilicet
3157 1429 3209 1484 in
3263 1444 3478 1484 sacrum

1911 1517 2240 1573 deifcrorum
2265 1518 2456 1572 horum
2487 1526 2710 1583 emtum,
2741 1517 2920 1572 ethoc
2951 1517 3194 1572 divinum
3239 1518 3473 1573 stadium

1914 1609 2268 1678 ingrediatur,
2298 1608 2566 1678 simulque
2592 1623 2819 1677 agonem
2845 1616 3089 1678 peragat,
3119 1607 3485 1675 cOnﬂciatque

1915 1700 2130 1770 pietatis
2157 1700 2372 1755 diaulon
2403 1699 2492 1754 ille
2529 1698 2886 1771 mysticarum
2924 1699 3293 1768 miranturque
3319 1697 3486 1754 visio.

230 1789 367 1841 τωνὶ
391 1787 499 1841 τῶν
529 1787 803 1857 θεοφὸρων
826 1788 916 1842 τὸν
935 1788 1141 1860 ὅμιλον,
1173 1789 1271 1843 καὶ
1295 1788 1629 1860 είσερχέσθω
1656 1788 1807 1841 τουτὶ
1838 1791 1840 1840 Ξ

1927 1806 2035 1845 tum
2069 1800 2124 1846 et
2150 1790 2447 1847 cmleStium
2499 1798 2824 1860 potestatum
2870 1799 3145 1860 spectator
3167 1804 3232 1844 ac
3276 1798 3477 1860 mysta,

229 1878 296 1932 τὸ
330 1878 561 1943 θεοειδὲς
606 1879 849 1945 στάδιον,
886 1880 982 1957 καὶ
1016 1880 1423 1950 συνδιαφερέτω
1458 1879 1550 1933 τὸν
1588 1879 1810 1949 ἀγῶνα,

232 1973 335 2028 καὶ
367 1970 741 2037 συνεξανυέτω
774 1973 877 2042 τῆς
907 1972 1192 2038 εὐσεϐείας
1228 1972 1322 2027 τὸν
1365 1972 1581 2028 δίαυλον
1610 1972 1814 2037 ἐκεῖνος

233 2067 265 2118 6
293 2064 406 2119 τῶν
429 2063 744 2135 θεομύστων
769 2064 866 2119 κοιλ⁸
893 2065 1216 2135 παραδόξων
1239 2064 1563 2131 ὲποπτειῶν,
1588 2065 1682 2118 καὶ
1706 2063 1815 2118 τῶν

237 2158 364 2212 κατ’
391 2145 653 2229 οὐρανοὺς
687 2157 973 2235 δυνάμεων
1004 2158 1205 2230 θεωρός
1231 2176 1292 2212 τε
1323 2160 1418 2213 καὶ
1450 2159 1691 2231 μύστης,
1723 2160 1816 2213 καὶ

237 2249 592 2321 προσκείσθω
625 2252 738 2313 τοῖς
779 2251 1257 2321 προπεπονηκόσιν
1296 2253 1376 2316 εἰς
1416 2252 1507 2305 τὸν
1541 2246 1690 2305 οἶκον
1718 2251 1817 2322 τῆς

240 2342 441 2413 σοφίας
458 2382 473 2408 ,
500 2341 611 2396 τῶν
637 2332 938 2412 ἐξαγίστων
965 2342 1317 2414 θριαμϐεύων
1342 2334 1402 2398 to
1429 2343 1689 2407 δυσσεϐὲς
1723 2343 1819 2399 καὶ

239 2433 600 2504 παράνομον,
657 2435 808 2498 ὅπως
857 2434 991 2504 μηδὲ
1053 2436 1216 2499 αὐτὸς
1279 2435 1372 2489 τοῦ
1423 2436 1573 2489 θείου
1625 2436 1816 2489 τούτου

242 2526 509 2601 συλλόγου
570 2525 1034 2595 ἀπολιμπάνοιτο,
1098 2528 1394 2598 συνηχήσει
1452 2528 1509 2582 δὲ
1567 2528 1819 2600 καθάπερ

243 2604 516 2688 πλήκτρῳ
560 2617 640 2687 τῷ
673 2616 803 2686 θείῳ
827 2618 1156 2689 κρουόμενος
1199 2618 1512 2688 Πνεύματι,
1549 2621 1643 2673 καὶ
1684 2621 1821 2688 ἄγαν

242 2710 480 2772 ἀστείως
521 2711 631 2773 τοῖς
679 2710 920 2774 ίσοκλεὲς
964 2709 1188 2781 λαχοῦσι
1222 2710 1284 2763 τὸ
1318 2712 1560 2784 χάρισμα
1597 2710 1822 2779 θεοφάν-

243 2819 426 2872 τορσι,
448 2803 542 2855 καὶ
571 2801 637 2871 δὴ
670 2802 764 2855 καὶ
803 2801 992 2867 λέξει·’
1011 2800 1158 2855 Τάδε
1188 2801 1353 2871 λέγει
1381 2802 1628 2869 Κύριοςο
1676 2800 1823 2854 Ἰδοὺ

241 2894 366 2963 ἐγὼ
393 2888 674 2963 λαμϐάνω
696 2893 895 2947 πάντα
915 2889 1083 2947 οἷκον
1125 2892 1381 2961 Ἰσραὴλ
1405 2893 1471 2946 ἐκ
1485 2891 1679 2962 μέσου
1706 2892 1827 2948 τῶν

245 2984 465 3050 ἐθνῶν,
499 2982 571 3042 οὗ
598 2985 979 3052 εἰσήλθοσαν
1017 2985 1162 3052 ἐκεῖ,
1202 2983 1303 3040 καὶ
1330 2985 1578 3050 συνάξω
1604 2987 1828 3053 αὐτοὺς

1917 1880 2116 1952 ﬁatque
2169 1882 2594 1935 additamentum
2637 1881 2707 1937 iis
2739 1896 2860 1949 quae
2916 1890 3077 1942 antea
3112 1880 3166 1934 in
3198 1879 3481 1949 sapientite

1917 1974 2077 2028 domo
2102 1972 2375 2028 elaborata
2405 1973 2578 2037 fuere,
2601 1972 2776 2043 deque
2808 1971 3006 2027 horum
3037 1969 3482 2027 detestandorutn

1919 2064 2196 2132 impietate
2222 2079 2287 2119 ac
2319 2065 2557 2133 nequitia
2591 2064 2905 2132 triumphet,
2939 2070 2998 2116 ut
3025 2076 3091 2116 ne
3122 2062 3237 2132 ipse
3269 2060 3487 2131 quidem

1918 2156 1974 2209 in
2000 2155 2102 2210 hoc
2131 2170 2288 2210 sacro
2317 2154 2543 2224 collegio
2573 2155 2935 2220 desideretur,
2958 2153 3066 2207 imo
3098 2159 3341 2214 assouet,
3373 2149 3489 2221 ple-

1918 2257 2035 2302 ctro
2066 2247 2228 2302 veluti
2264 2256 2423 2301 utens
2454 2248 2636 2301 divino
2672 2244 2905 2321 Spiritu,
2928 2246 3166 2300 suaviter
3192 2244 3484 2298 admodum

1922 2339 2134 2394 caeteris
2166 2355 2351 2410 parem
2381 2341 2613 2410 gratiam
2648 2339 2865 2395 sortitis
2882 2337 3118 2398 vatibus,
3148 2343 3310 2404 atque
3326 2334 3491 2413 dicat.

1926 2427 2054 2484 Hau:
2070 2430 2145 2483 ait
2176 2428 2430 2483 Dominus
2454 2444 2472 2484 :
2498 2427 2631 2482 Ecce
2658 2442 2752 2499 ego
2780 2427 2932 2497 capio
2956 2427 3254 2480 universam
3280 2422 3492 2476 domum

1928 2520 2149 2576 Isi-aclis
2186 2535 2253 2574 ea:
2308 2520 2479 2573 medio
2512 2519 2769 2588 gentium,
2830 2517 2900 2572 ad
2952 2531 3089 2586 quas
3133 2520 3404 2576 venerant,
3447 2518 3495 2563 et

1922 2613 2245 2686 congregabo
2283 2629 2373 2667 eos
2425 2628 2490 2666 ex
2524 2613 2729 2666 cunctis
2785 2609 3026 2679 ﬁnitimis
3042 2609 3320 2679 “ipsorum,
3348 2613 3397 2658 et
3437 2604 3492 2656 in

1925 2708 2183 2775 regionem
2214 2702 2431 2757 Israelis
2465 2704 2733 2765 reducam,
2775 2701 3073 2770 faciamque
3123 2714 3211 2754 eos
3246 2693 3496 2766 populum

1925 2800 1980 2853 in
2011 2807 2149 2851 terra
2180 2812 2293 2849 mea
2327 2806 2373 2849 et
2409 2798 2463 2849 in
2497 2795 2759 2847 montibus
2791 2791 3011 2846 Israelis
3033 2790 3101 2844 “.
3137 2789 3289 2855 Quod
3321 2788 3500 2855 itaque

1927 2890 2082 2945 divus
2113 2888 2202 2943 hic
2245 2887 2529 2957 propheta,
2584 2884 2766 2939 divina
2813 2888 3090 2954 permotus
3120 2880 3314 2948 gratia,
3347 2892 3498 2932 cotu-

1930 2980 2108 3035 munis
2163 2980 2334 3047 nostri
2378 2975 2687 3047 servatoris
2727 2972 2928 3035 Christi
2970 2969 3362 3029 incarnationis
3408 2967 3496 3021 his

245 3077 372 3135 ἀπὸ
416 3077 659 3132 πάντων
687 3075 808 3132 τῶν·
852 3080 1192 3146 περικύκλῳ
1227 3076 1445 3144 αὐτῶν,
1482 3068 1580 3132 καὶ
1607 3078 1828 3144 εἰσάξω

1930 3073 2111 3128 verbis
2162 3069 2444 3142 perspicue
2496 3067 2814 3140 mysterium
2883 3064 3182 3126 describat,
3231 3060 3502 3115 nemiuem

244 3169 476 3237 αὐτοὺς
511 3172 599 3237 εις
632 3170 748 3238 τὴν
776 3168 897 3240 γῆν
931 3170 1039 3225 τοῦ
1091 3168 1360 3238 Ἰσραὴλ,
1393 3170 1489 3223 καί
1519 3169 1691 3224 δώσω
1718 3167 1827 3224 αὖ·

247 3259 397 3326 τοὺς
428 3264 515 3328 εἰς
547 3262 725 3327 ἔθνος
752 3259 828 3330 τῇ
866 3260 944 3332 γῇ
987 3279 1142 3331 μου,
1189 3261 1286 3316 καὶ
1333 3261 1405 3315 ἐν
1448 3261 1577 3328 τοῖς
1627 3261 1831 3331 ὄρεσιν

263 3353 521 3422 Ἰσραήλ
540 3366 553 3382 ⁸
586 3354 675 3417 ,ὅτι
718 3352 817 3423 μὲν
846 3351 938 3406 οὖν
967 3348 1123 3417 οὗτος
1156 3355 1184 3407 ὁ
1215 3354 1362 3418 θεῖος
1392 3356 1678 3427 προφήτης
1713 3353 1834 3427 θείᾳ

252 3444 577 3513 κινούμενος
608 3446 819 3517 χάριτι,
859 3446 959 3516 τῆς
994 3443 1089 3499 τοῦ
1125 3446 1343 3500 πάντων
1376 3447 1630 3519 Σωτῆρος
1676 3447 1834 3519 ἡμῶν

252 3536 502 3608 Χριστοῦ
534 3540 873 3609 οἰκονομίας,
926 3538 1016 3593 διὰ
1058 3538 1266 3591 τούτων
1316 3539 1452 3609 ἡμῖν
1503 3539 1611 3591 τῶν
1660 3538 1837 3606 λόγων

254 3627 508 3699 ἐναργῶς
533 3630 952 3701 προῦπογράφει
978 3629 1038 3683 τὺ
1064 3630 1383 3699 μυστήριον,
1409 3628 1508 3682 οὐκ
1535 3624 1689 3699 οἶμαί
1714 3645 1837 3684 τινα

254 3718 373 3773 τῶν
402 3719 525 3773 νοῦν
562 3720 794 3791 ἑχόντων
841 3721 1089 3791 ἀντερεῖν
1109 3735 1124 3750 ·
1158 3718 1527 3791 συμπνεύσειε
1559 3718 1668 3790 γὰρ
1713 3719 1842 3772 κάν-

257 3810 441 3866 ταῦθα
487 3814 597 3876 τοῖς
643 3813 1032 3885 προειληφόσι,
1091 3815 1187 3868 mi.
1226 3813 1401 3885 ταύτῃ
1447 3813 1581 3885 μηδὲ
1637 3811 1837 3883 πολλῆς

1935 3176 2112 3223 mente
2149 3165 2431 3235 praeditum
2468 3161 2937 3219 contradicturum
2969 3168 3119 3228 puto.
3176 3154 3505 3222 Couspirant

1933 3259 2075 3313 enim
2113 3272 2235 3312 cum
2259 3255 2711 3328 praecedentibus,
2740 3240 2919 3322 neque
2944 3264 3082 3318 opus
3105 3250 3211 3303 erit
3234 3245 3399 3300 multa
3431 3241 3507 3299 rei

1935 3350 2225 3420 propositae
2265 3347 2631 3404 declarations
2663 3353 2715 3401 et
2743 3343 3001 3401 continua
3041 3355 3139 3412 per
3168 3347 3507 3397 commenta-

1938 3444 2047 3498 rios
2102 3441 2503 3513 explanatione,
2559 3439 2683 3510 quia
2719 3437 2885 3492 multa
2942 3434 3046 3490 alia
3103 3431 3412 3501 huiusmodi
3445 3428 3500 3483 in

1938 3535 2310 3606 superioribus
2344 3531 2589 3588 diﬂ'usius
2624 3530 2868 3602 exposita
2902 3537 3050 3585 sunt.
3084 3525 3189 3583 Sed
3227 3524 3352 3595 quia
3391 3524 3508 3578 haec

1940 3625 2236 3683 secundum
2298 3624 2619 3680 historicum
2696 3636 2915 3677 sensum
2971 3627 3216 3688 accepta,
3306 3610 3509 3671 carnali

1940 3717 2124 3773 lsraeli
2167 3725 2490 3787 congruunt,
2517 3729 2581 3769 ne
2615 3715 2705 3783 qui
2759 3713 2901 3768 forte
2948 3725 3161 3776 eorum,
3221 3707 3312 3779 qui
3369 3719 3512 3762 nunc

1941 3809 2179 3865 Iudaicae
2233 3809 2433 3862 mentis
2484 3806 2788 3861 crassiticm
2843 3805 3197 3873 adoptarunt,
3252 3799 3513 3855 adversus

261 3902 480 3957 δεῖσθαι
524 3904 621 3975 τῆς
657 3904 766 3958 τῶν
803 3906 1188 3977 προκειμένων
1239 3891 1697 3975 ἀνακαθάρσεως,
1743 3906 1840 3959 καὶΙ

1945 3899 2199 3970 praedicta
2239 3898 2582 3967 impudenter
2599 3910 2658 3949 se
2685 3892 2955 3953 attollant,
2986 3889 3143 3945 ollleii
3183 3888 3353 3943 nostri
3387 3899 3511 3941 esse

264 3996 472 4067 συχνῆς
503 3996 602 4068 τῆς
634 3997 722 4051 διὰ
767 3986 1377 4064 λόγωνάναπτύξεως,
1429 3995 1693 4059 πολλάκις
1732 3996 1840 4050 τῶν

1937 3992 2325 4058 indicavimus,
2386 3988 2611 4058 vestigia
2675 3986 2872 4054 ubique
2927 3995 3206 4038 sacrorum
3261 3977 3515 4033 Ecclesiae

260 4087 528 4144 τοιούτων
563 4089 661 4142 καὶ
703 4088 904 4159 ὁμοίων
940 4089 999 4142 ὲν
1039 4089 1152 4151 τοῖς
1190 4086 1503 4158 ἔμπροσθεν
1532 4086 1840 4153 διεξοδικώ-

1948 4086 2331 4155 magistrorum
2375 4080 2671 4145 calcantes,
2721 4084 2913 4132 contra
2964 4075 3182 4130 insanas
3209 4070 3516 4139 stultasquc

260 4196 429 4252 τερον
451 4180 946 4251 προεξητασμένων
964 4198 976 4212 ·
998 4180 1111 4234 ἀλλ’
1136 4181 1327 4251 ἐπειδὴ
1350 4178 1528 4235 ταῦτα
1555 4179 1840 4253 ίστορικῶς

1948 4176 2260 4232 vecordium
2318 4173 2647 4242 quaestiones
2701 4171 2987 4238 insurgere
3020 4181 3086 4222 ac
3115 4165 3312 4227 dicere,
3375 4161 3516 4231 quod

264 4271 664 4344 ἐξειλημμὲνα,
692 4272 770 4344 τῷ
796 4272 938 4327 κατὰ
966 4275 1151 4344 σάρκα
1198 4272 1417 4344 Ἰσραὴλ
1447 4271 1840 4343 ὲφαρμόζεται,

1951 4268 2064 4323 hinc
2090 4258 2395 4322 umbratilia
2440 4264 2574 4335 ipsis
2628 4272 2683 4318 et
2716 4258 3022 4331 ﬁguraliter
3061 4257 3262 4325 scripta
3296 4252 3514 4307 fuerint.

265 4356 359 4425 ὡς’
385 4360 451 4415 ἂν
506 4362 579 4432 μή
620 4378 766 4425 τινες
802 4361 921 4416 τῶν
950 4360 1046 4415 νῦν
1095 4360 1583 4433 παραδεδεγμένων
1614 4360 1716 4433 τὴν
1751 4359 1840 4414 τοῦ

1954 4360 2197 4429 Namque
2226 4369 2281 4415 et
2332 4359 2466 4429 ipsis
2512 4357 2708 4414 divinae
2756 4349 3128 4407 Providentia:
3167 4362 3298 4402 cura
3346 4352 3522 4400 semet

278 4454 583 4509 Ἰουδαϊκοῦ
631 4456 985 4528 φρονήματος
1028 4454 1315 4524 παχύτητα
1341 4493 1356 4518 ,
1408 4453 1546 4525 πρὸς
1599 4455 1699 4526 τὴν
1739 4454 1840 4508 τῶν

1926 4474 1927 4479 π
1956 4452 2255 4508 revolabat.
2285 4448 2502 4519 Reapse
2534 4457 2713 4502 autem
2772 4457 3009 4513 vereque
3044 4441 3161 4495 haec
3209 4438 3264 4493 in
3300 4433 3523 4491 salutari

266 4550 818 4620 προκεκηρυγμένων
868 4549 1352 4618 ἁπαναισχυντοῖεν
1416 4546 1703 4618 ἀλήθειαν,
1766 4549 1840 4613 είς

1948 4544 2160 4601 Christi
2197 4542 2407 4598 Domini
2462 4541 2528 4595 ad
2572 4554 2661 4593 res
2698 4537 2968 4591 humanas
3021 4530 3347 4588 (lentissime
3376 4539 3525 4581 com-

265 4618 396 4695 δέον
427 4618 790 4711 κεκρίκαμεν,
816 4641 876 4693 ὲν
914 4640 1050 4692 πᾶσι
1078 4638 1199 4693 κατ’
1229 4639 1374 4709 ἴχνος
1402 4637 1515 4691 τῶν
1552 4638 1717 4706 ἱερῶν
1749 4640 1840 4710 τῆς

1954 4636 2261 4706 plebantur.
2299 4632 2652 4688 Abundanter
2683 4629 2825 4685 enim
2858 4628 2912 4681 in
2941 4641 3042 4681 nos
3062 4638 3173 4679 suae
3200 4635 3326 4694 erga
3358 4618 3529 4675 homi-

282 4730 621 4801 Ἐκκλησίας
660 4730 997 4784 διδασκάλων
1038 4729 1315 4800 βαίνοντες
1340 4770 1354 4793 ,
1390 4728 1527 4800 πρὸς
1555 4729 1656 4792 τὰς
1688 4729 1840 4800 ἀνοήε

1957 4725 2423 4796 ηοειιιεηὶεηίιλιίε
2451 4722 2731 4778 scatebras
2760 4718 2968 4776 effudit.

145 4833 157 4842 '
268 4838 402 4884 τους
464 4822 560 4875 καὶ
584 4821 778 4894 μωρὰς
810 4820 921 4875 τῶν
982 4822 1256 4876 ἀσυνέτων
1291 4821 1548 4893 ζητήσεις
1616 4821 2014 4891 ἀνταναστῆναι
2039 4819 2133 4873 καὶ
2191 4817 2384 4887 φάναι,
2432 4817 2626 4886 ὅτιπερ
2670 4815 2747 4879 ὼς
2824 4815 2884 4867 ὲν
2930 4812 3108 4872 σκιαῖς
3160 4808 3254 4861 καὶ
3335 4803 3526 4860 τύποις

270 4913 715 4987 προδιεγράφετο
742 4914 1040 4968 ταῦτακαὶ
1069 4915 1157 4970 ἐπ’
1186 4914 1452 4979 ἐκείνοις·
1486 4915 1583 4968 καὶ
1617 4914 1726 4985 γάρ
1791 4915 1886 4968 καὶ
1924 4913 2011 4969 ἐπ’
2061 4914 2258 4976 αὐτοὺς
2302 4911 2372 4965 τὰ
2410 4912 2511 4981 τῆς
2550 4910 2711 4973 θείας
2748 4905 3096 4979 Κηδεμονίας
3163 4898 3523 4955 διεδείκνυτο·

268 5011 358 5083 τῷ
385 5010 501 5064 ὄντι
526 5011 582 5065 δὲ
612 5012 708 5066 καὶ
731 5014 874 5066 κατά
898 5011 1177 5083 ἀλήθειαν,
1205 5011 1300 5066 ἐπὶ
1364 5011 1466 5082 τῆς
1498 5011 1769 5082 σωτηρίου
1800 5010 1893 5063 τοῦ
1965 5009 2241 5063 Δεσπότου
2309 5005 2547 5079 Χριστοῦ
2629 5001 3093 5072 συγκαταϐάσεως
3169 4991 3490 5063 ἐπεραίνετο
3514 5005 3527 5019 ο

271 5108 553 5171 πλουσίως
579 5108 689 5181 γὰρ
718 5107 807 5177 ἐφ’
836 5108 985 5178 ἡμᾶς
1006 5107 1075 5161 τά
1102 5109 1203 5177 τῆς
1239 5107 1650 5177 φιλανθρωπίας
1675 5105 1841 5161 αὑτοῦ
1872 5105 2196 5178 ύπερεξέχεε
2223 5105 2460 5175 νάματα.

353 5199 447 5253 νδ’.
462 5198 663 5268 Συνῆξε
684 5199 794 5266 γὰρ
810 5199 977 5269 ἡμᾶς,
1004 5199 1250 5253 τουτέστι
1264 5199 1356 5252 τὸν
1378 5199 1569 5270 νοητὸν
1615 5200 1857 5270 Ἰσραὴλ,

276 5290 383 5346 καὶ
410 5288 515 5359 τῆς
547 5288 691 5342 κατὰ
720 5289 816 5342 τὸν
846 5291 1197 5362 πατριάρχην
1238 5290 1505 5362 Ἀϐραὰμ
1523 5291 1859 5360 ἐπαγγελίας

276 5378 458 5435 τέκνα
488 5378 953 5450 χρηματίζοντας,
979 5380 1077 5434 καὶ
1104 5378 1452 5450 ὲλυτρώσατο
1474 5380 1626 5451 ἡμᾶς
1653 5378 1741 5433 διὰ
1764 5379 1860 5433 τοῦ

278 5469 530 5542 σταυροῦ
558 5469 724 5525 αὐτοῦ
753 5472 821 5525 ἐκ
842 5471 1026 5543 χειρὸς
1053 5469 1418 5542 Ἐχθροῦ,καὶ
1445 5470 1535 5525 διὰ
1559 5471 1655 5526 τοῦ
1696 5471 1863 5540 εὐαγ-

277 5560 511 5635 γελικοῦ
543 5561 897 5634 κηρύγματος
939 5563 1005 5616 ὲκ
1032 5563 1141 5618 τῶν
1187 5561 1380 5636 χωρῶν
1437 5564 1734 5635 συνήγαγε,
1770 5565 1863 5618 καὶ

368 5717 417 5751 ⁸⁸
454 5712 655 5773 Ezéch.
693 5730 902 5783 xxxv“,
929 5716 1020 5773 2⁸1.

2028 5197 2114 5252 54.
2146 5195 2511 5267 Congregarit
2535 5195 2731 5263 quippe
2755 5206 2872 5253 nos,
2901 5190 2952 5242 id
2997 5192 3080 5240 est
3106 5176 3526 5238 intellectualem

1958 5287 2288 5355 israclem,et
2301 5286 2679 5358 promissionis
2692 5280 2856 5353 224
2876 5280 3018 5332 Ahra
3028 5278 3191 5330 hamo
3208 5269 3530 5343 patriarchae

1958 5378 2114 5435 facta
2134 5379 2302 5444 ﬁlios,
2341 5393 2546 5448 perque
2579 5391 2729 5431 suam
2759 5385 2977 5428 crucem
3020 5369 3087 5424 de
3121 5361 3326 5420 inimici
3362 5375 3525 5415 manu

1960 5473 2179 5542 eripuit,
2215 5481 2269 5527 et
2323 5469 2601 5541 Evangelii
2634 5465 3021 5539 praedicatione
3061 5476 3128 5519 ex
3168 5456 3404 5516 diversis
3447 5470 3534 5511 re-

1961 5567 2212 5635 gionibus
2238 5563 2477 5635 collegit,
2507 5572 2670 5632 atque
2711 5559 2764 5614 in
2791 5556 3008 5614 lsraelis
3033 5564 3201 5622 terra,
3226 5565 3347 5622 qua:
3371 5544 3534 5605 Chriv
