3918 6152
300 286 413 355 729

1146 300 1714 371 APOLOGETICUS
1746 311 1897 371 PRO
1934 311 2199 373 SACRIS
2238 309 2701 378 IMAGINIBUS

3441 323 3553 389 73ξῖ

298 414 475 499 inter,
508 400 681 466 πόσῳ
692 401 938 499 uigor
961 404 1027 499 eo
1057 400 1204 478 αἷμα
1232 412 1341 467 τοῦ
1362 416 1642 485 Χριστοῦ,
1667 419 1739 485 ὃς
1770 418 1870 473 διὰ

1971 421 2113 476 dabit
2141 426 2510 479 conscientiam
2567 437 2800 481 nostram
2840 445 2872 481 a
2932 433 3153 485 mortuis
3195 434 3548 499 oper-mus,“

296 491 653 580 Πκεύματος
686 496 952 562 αἰωνίου,
995 498 1216 555 ἑαυτὸν
1259 504 1601 575 ἀνήνεγκεν
1632 509 1877 580 ἄμωμον

295 578 385 647 τῷ
440 581 593 648 Θεῷ,
633 587 907 656 καθαριεῖ
948 590 1065 659 τὴν
1112 595 1481 664 συνείδησιν
1527 578 1698 670 ἠμῶοο
1753 578 1874 658 ἀπὸ

293 673 534 743 νεκρῶν
555 675 764 746 ἔργων,
809 682 895 746 εις
935 684 1001 737 τὸ
1037 687 1355 754 λατρεύειν
1401 690 1524 755 Θεῷ
1570 690 1739 752 ζῶντι
1774 693 1875 749 καὶ

291 766 562 834 ἀληθινῷ
578 771 738 834 ;Καὶ,
770 770 847 825 Τὸ
866 768 1023 842 αἷμα·
1047 775 1255 844 Ἰησοῦ
1278 781 1383 835 τοῦ
1406 782 1544 837 Υιοῦ
1562 783 1670 838 τοῦ
1693 785 1867 850 Θεοῦ,

290 857 593 925 καθαρίζει
625 858 784 928 ἡμᾶς
830 861 952 916 ἀπὸ
1004 863 1210 934 πάσης
1283 869 1595 938 ἁμαρτίας.
1668 871 1729 927 '0
1771 873 1866 928 τοῦ

286 948 552 1038 ξωτῆρος
610 952 859 1023 μαθητὴς
910 954 1187 1026 γέγραφεν
1213 976 1228 992 ο
1261 953 1333 1032 '9
1379 964 1542 1032 ἡμεῖς
1585 964 1864 1038 ἐκκαθαρ-

286 1034 479 1100 θέντες
505 1038 606 1107 τὴν
640 1039 880 1094 παλαιὰν
897 1041 1097 1114 ζύμην.
1133 1044 1254 1101 νέον
1284 1049 1343 1102 ὲν
1373 1050 1526 1120 αύτῷ
1549 1034 1860 1123 γεγόναμεν

1970 514 2297 568 serviendum
2333 516 2439 570 Deo
2494 520 2683 573 viventi
2728 537 2790 573 ac
2839 537 2958 574 vero
2986 523 3081 577 ³³⁸1
3132 523 3247 580 Et:
3305 524 3549 595 Sanguis

1968 604 2094 659 Iesu
2129 605 2259 662 Filii
2290 605 2390 660 ‘Dei
2433 611 2680 663 emundut
2729 627 2820 665 nos
2850 613 2914 666 ab
2954 614 3096 668 omni
3123 626 3333 680 peccato
3356 616 3425 681 “,
3459 618 3551 673 di-

1968 695 2207 762 scipulus
2261 693 2568 752 Servatoris
2617 700 2869 768 scripsit;
2913 715 3021 769 quo
3055 716 3151 756 nos
3192 702 3464 772 pm-ilicati
3510 720 3541 756 a

1968 783 2235 840 fermento
2297 797 2500 853 vetere,
2559 804 2696 844 nova
2733 790 2786 844 in
2844 791 2960 858 ipso
2992 808 3168 846 massa
3195 795 3539 851 exsistimus.

1973 876 2177 931 Deinde
2208 895 2223 931 ε
2249 879 2320 932 Et
2357 896 2537 935 servus
2593 898 2737 936 meus
2774 882 2963 948 David,
2999 887 3238 954 princeps
3267 887 3323 939 in
3368 887 3538 941 medio

1970 966 2293 1033 illorum;et
2354 980 2538 1037 pastor
2591 987 2725 1024 unus
2775 975 2875 1026 erit
2931 976 3209 1039 omnium;
3273 975 3545 1048 Davidque

1967 1073 2149 1113 servus
2182 1073 2329 1112 meus
2355 1060 2593 1129 princeps
2620 1077 2798 1115 eorum
2831 1063 2886 1116 in
2913 1076 3218 1131 perpetuum
3247 1070 3348 1120 erit
3372 1069 3439 1121 "‘.

284 1125 549 1228 «papam;
565 1125 875 1228 Ficelias!
907 1136 940 1188 ὁ
987 1135 1211 1204 δοῦλός
1240 1158 1363 1208 μου
1407 1144 1616 1211 Δασὶᾶ,
1679 1146 1880 1215 ἅρχων
1915 1148 2175 1219 ἐνμέσῳ
2227 1125 2449 1217 αὐτῶν,
2520 1125 2618 1207 καὶ
2670 1125 3016 1224 ποιμὴν-ετξ
3037 1157 3210 1214 ἔσται
3263 1159 3533 1228 πάντων,

283 1218 386 1273 καὶ
416 1219 593 1274 Δαὸὶδ
609 1224 643 1275 ὁ
669 1221 891 1292 δοῦλός
912 1245 1033 1296 μου
1052 1228 1253 1299 ἄρχων
1287 1233 1486 1287 αὐτῶν
1535 1235 1707 1290 ἔσται
1754 1240 1841 1304 εἰς
1874 1240 1983 1294 τὸν
2006 1218 2213 1298 tritura.

358 1311 518 1365 Οὕτω
544 1313 638 1366 τοῦ
677 1315 823 1370 θείου
856 1322 1142 1389 προφήτου
1197 1323 1499 1397 διαρρήδην
1544 1346 1852 1400 προανακε-

278 1401 575 1469 κραγότος,
614 1406 707 1459 καὶ
754 1408 846 1462 τὸν
890 1411 1129 1480 Χριστὸν
1173 1416 1267 1468 καὶ
1297 1416 1430 1471 Θεὸν
1475 1423 1508 1490 ὴ
1520 1420 1635 1491 μῶν
1670 1422 1760 1474 τὸν
1795 1425 1858 1475 ὲκ

280 1492 454 1545 Δασῖδ
482 1495 629 1548 κατά
668 1499 848 1571 σάρκα
901 1502 1311 1577 βεϐλαστηκότα
1351 1510 1439 1566 διὰ
1472 1513 1679 1567 τούτων
1724 1516 1858 1584 ἡμῖν

280 1584 754 1651 καταδεικνύντος,
793 1592 914 1645 οὐδὲ
960 1595 1246 1662 Ἰουδαίους
1278 1600 1503 1665 αὐτοὺς,
1552 1604 1679 1667 τοὺς
1717 1605 1854 1658 ἀπε·

2028 1335 2122 1391 Sic
2151 1338 2293 1392 divo,
2326 1339 2588 1408 propheta
2651 1337 2857 1394 diserte
2909 1340 3305 1410 proclamante,
3371 1343 3534 1399 Chri-

1956 1432 2207 1493 stumque
2250 1427 2417 1483 Deum
2451 1435 2719 1491 nostrum,
2748 1441 2813 1479 ex
2850 1426 3051 1481 Davide
3080 1429 3375 1483 secundum
3410 1445 3533 1485 cara

1955 1528 2076 1569 nem
2098 1525 2275 1569 ortum
2301 1518 2732 1584 demonstrante,
2765 1533 2832 1571 ne
2852 1515 3072 1573 Judmos
3094 1519 3336 1587 quidem,
3355 1535 3535 1588 quan-

1953 1618 2112 1673 quam
2155 1607 2318 1662 corde
2369 1608 2788 1663 incircumcisos
2832 1618 2887 1662 et
2925 1623 3153 1677 peccare
3195 1610 3411 1677 solitos,
3471 1613 3535 1666 in-

280 1672 622 1785 ptzpﬁrouc!
657 1678 855 1750 καρδίᾳ
909 1681 1006 1734 καὶ
1041 1690 1377 1758 παρανομεῖν
1421 1689 1716 1756 εἰωθότας,
1772 1693 1856 1756 είς

1961 1705 2160 1751 tantam
2185 1699 2352 1753 moris
2391 1699 2745 1766 scaevitatem,
2779 1699 3079 1767 mentisque
3115 1702 3531 1769 perversitatem

274 1766 443 1858 τοῦτο
468 1766 786 1858 σκαιύτητος
834 1770 1053 1841 τρόπων
1098 1777 1193 1828 καὶ
1248 1779 1584 1851 φαυλότητος
1624 1785 1848 1839 ἐννοιῶν

1958 1789 2210 1842 devenire
2239 1798 2535 1858 oporteret,
2576 1801 2636 1844 ut
2686 1792 3004 1845 caacutirent
3036 1799 3228 1843 contra
3257 1800 3362 1843 tam
3408 1791 3535 1846 cla—

275 1852 699 1947 ὲκπεπτωκέναι
751 1860 940 1931 ἐχρῆν,
1002 1863 1142 1918 ὥστε
1188 1869 1507 1941 ἀντωπῖισαι
1561 1873 1698 1944 πρὸς
1753 1876 1854 1947 τὴν

274 1940 424 2036 οὕτω
459 1943 718 2036 λαμπρὰν
745 1951 836 2004 καὶ
877 1950 1110 2024 διαφανῆ
1161 1956 1260 2027 τῆς
1318 1940 1580 2033 ἀληθείας
1605 1940 1852 2036 *αὑγήν-⁸

274 2031 738 2126 ἐκϐιασθήσονται
766 2040 874 2114 γὰρ
903 2042 1048 2098 δυεῖν
1077 2045 1294 2103 ἑλέσθαι
1322 2049 1385 2103 τὸ
1411 2031 1624 2124 ἕτερον,
1650 2055 1684 2126 ἢ
1716 2031 1858 2110 κατὰ

275 2124 391 2218 των
446 2132 800 2200 προφητικῶν
861 2135 1061 2207 ἀνέδην
1093 2139 1559 2208 ἀπαυθαδίζεσθαι
1618 2124 1853 2218 ῥήσεων,

272 2217 317 2288 ἢ
343 2217 569 2309 βασιλέα
598 2223 692 2277 καὶ
713 2223 846 2279 Θεὸν
877 2226 988 2287 τῶν
1038 2228 1176 2283 ὅλων
1212 2230 1547 2303 διομολογεῖν
1585 2217 1680 2291 τὸν
1717 2239 1856 2309 Χρι-

276 2308 431 2374 στὸν,
462 2314 560 2366 καὶ
585 2314 823 2371 δούλειον
848 2317 999 2390 αὑτῷ
1027 2319 1324 2393 ὑποφέρειν
1361 2324 1452 2379 τὸν
1492 2327 1718 2397 αὐχένα,
1753 2308 1851 2384 καὶ

279 2400 407 2470 μεθ’
436 2402 591 2473 ήμῶν
617 2406 1017 2474 καταδέξασθαι
1038 2411 1137 2482 τὴν
1168 2413 1570 2484 προσκύνησιν
1605 2418 1680 2488 μή
1713 2436 1766 2472 τι
1790 2437 1857 2489 γε

275 2491 412 2556 τοὺς
467 2494 646 2567 μάτην
692 2498 788 2552 τοῦ
851 2501 1089 2573 Χριστοῦ
1152 2504 1365 2569 ἑαυτοῖς
1419 2507 1856 2580 ἐπιφημίζοντες

276 2580 474 2654 δνομα,
504 2586 596 2640 καὶ
626 2588 725 2641 οὐκ
750 2590 810 2643 ἐν
830 2589 952 2663 δίκῃ
975 2593 1068 2645 ἀπ’
1097 2594 1262 2648 αὐτοῦ
1295 2595 1595 2666 κεκλῆσθαι
1632 2599 1855 2669 ἀξιοῦν-

277 2690 418 2737 τας·
456 2676 512 2728 οῖ
561 2693 625 2745 γε
675 2678 776 2748 τῆς
837 2680 1050 2748 εὐθείας
1088 2682 1212 2738 ὀδοῦ
1266 2686 1691 2757 παρεκθέοντες,
1756 2693 1853 2746 καὶ

280 2766 406 2829 ταῖς
439 2767 750 2841 σκολιότησι
776 2773 871 2826 καὶ
902 2774 1204 2848 τραχύτησι
1235 2779 1330 2831 τοῦ
1357 2780 1587 2848 ψεύδους
1616 2768 1859 2851 ὲπαγαλὲ

278 2856 502 2927 λόμενοι
523 2876 538 2890 ο
571 2860 649 2926 ὼς
682 2866 733 2917 εί
762 2866 857 2919 κιιῖ⁹
885 2867 960 2937 μὴ
1004 2868 1273 2923 Ἰουδαίων
1300 2871 1514 2940 ὀφθεῖεν
1563 2873 1853 2928 ἀπιστότε-

283 2948 371 3016 ροί
396 2967 457 3004 τε
486 2955 580 3006 καὶ
624 2954 1090 3031 ἀγνωμονέστεροι
1110 3001 1126 3026 ,
1157 2961 1266 3015 τῶν
1295 2963 1456 3034 ἱερῶν
1505 2965 1710 3019 τούτων
1761 2969 1858 3021 ἀν-
1890 2996 1895 2999 -

1960 1892 2076 1931 rum
2102 1878 2490 1948 limpidumqne
2530 1882 2774 1937 veritatis
2804 1879 2967 1951 225
3005 1880 3287 1951 fulgorem.
3314 1882 3533 1952 Cogen-

1960 1975 2048 2019 tnr
2076 1966 2220 2021 enim
2249 1981 2316 2022 ex
2369 1970 2580 2024 duobus
2641 1970 2870 2024 alterum
2916 1969 3152 2038 eligere;
3204 1984 3397 2040 nempe
3440 1969 3527 2026 vel

1959 2057 2289 2126 propheticis
2320 2059 2660 2127 impudenter
2702 2063 2956 2116 resistere
2988 2061 3170 2126 dictis,
3218 2061 3300 2115 vel
3332 2076 3515 2131 regem

1958 2162 2023 2201 ac
2078 2146 2245 2202 Deum
2291 2150 2531 2204 omnium
2580 2150 2734 2204 fateri
2775 2150 3074 2212 Christum,
3125 2160 3183 2205 et
3214 2165 3426 2204 servam
3471 2150 3520 2204 ei

1955 2238 2220 2293 cervicem
2277 2254 2604 2308 supponere,
2693 2255 2755 2293 ac
2814 2241 3096 2294 nobiscum
3153 2242 3524 2296 adorationem

1956 2331 2234 2400 suscipere
2282 2349 2297 2385 :
2335 2333 2529 2386 nedum
2588 2331 2789 2386 frustra
2828 2332 3031 2388 Christi
3062 2332 3167 2386 sibi
3217 2346 3411 2387 numen
3440 2333 3525 2387 in-

1957 2423 2216 2485 scribere,
2253 2421 2562 2492 injnsteqne
2609 2423 2679 2476 ab
2720 2439 2784 2477 eo
2821 2423 3161 2477 denomiuari
3208 2423 3382 2491 velle;
3429 2426 3524 2494 qui

1957 2515 2201 2583 profecto
2230 2527 2260 2565 a
2299 2523 2442 2568 recta
2474 2515 2557 2565 via
2585 2514 2862 2578 aberrant,
2890 2523 2946 2569 et
2989 2529 3087 2585 per
3112 2516 3336 2583 abrupta
3362 2525 3525 2584 atque

1957 2619 2148 2673 aspera
2184 2602 2443 2658 falsitatis
2469 2602 2723 2659 incedere
2751 2605 3006 2673 gaudent.
3043 2606 3207 2673 Quasi
3245 2622 3372 2661 vero
3409 2622 3514 2662 non

1957 2697 2039 2752 sic
2063 2697 2346 2751 videantur
2383 2698 2791 2759 incredtdiores.
2839 2697 3041 2754 inda-is
3074 2708 3130 2753 et
3176 2700 3520 2769 ingratiores.

1958 2788 2081 2841 dum
2137 2787 2236 2844 has
2264 2802 2447 2841 sacras
2500 2789 2692 2842 audire
2738 2803 2898 2842 voces
2936 2798 3191 2849 renuunt.
3230 2797 3286 2843 et
3333 2797 3521 2843 contra

1957 2877 2303 2947 apostolicam
2318 2878 2756 2945 prmdicationem
2773 2893 2990 2933 sensum
3007 2879 3198 2932 animat
3211 2880 3491 2936 obstruunt
3506 2920 3521 2941 .

1959 2985 2022 3023 ac
2059 2969 2370 3039 prephetiea
2408 2968 2591 3023 delere
2656 2969 2908 3023 nituntur
2970 2971 3218 3036 oracula,
3272 2971 3341 3025 ab
3409 2970 3519 3038 ipsa

279 3042 679 3111 ηκουστοῦντες
707 3047 925 3117 φωνῶν,
941 3052 1040 3105 καὶ
1054 3053 1188 3123 πρὸς
1213 3054 1272 3108 τὸ
1294 3054 1649 3110 ἀποστολικδν
1679 3060 1854 3129 κήρυ-

1960 3058 2307 3112 nihilominus
2341 3061 2571 3112 veritate
2613 3059 2865 3128 jugulati.
2910 3060 3181 3115 Inl‘renem
3213 3075 3336 3116 sero
3363 3060 3527 3127 igitur

279 3148 402 3201 γμα
416 3135 516 3205 τῆς
531 3136 708 3208 ψυχῆς
726 3134 1054 3210 μεμυκότες,
1078 3144 1147 3199 τὰ
1170 3144 1500 3219 αἰσθητήρια
1516 3148 1609 3202 καὶ
1633 3150 1702 3203 τὰ
1723 3168 1855 3224 προσ

279 3225 488 3293 φητικὰ
515 3230 964 3302 παραχαράσσειν
997 3235 1324 3305 ἐπιχειροῖεν
1343 3237 1520 3307 λόγια,
1552 3239 1648 3294 ὑπ’
1673 3243 1848 3313 αὐτῆς

277 3313 381 3382 τῆς
413 3314 671 3386 ἀληθείας
691 3321 985 3392 ἀγχόμενον.
1004 3340 1020 3355 ⁸
1052 3325 1151 3395 τὴν
1183 3327 1434 3397 ἀχάλινον
1464 3329 1563 3400 ὀψὲ
1594 3331 1725 3399 γοῦν
1751 3334 1846 3386 καὶ

1962 3158 2015 3201 et
2069 3148 2542 3203 Christmnachant
2599 3149 2840 3203 vincient
2917 3151 3177 3220 linguam,
3236 3161 3284 3203 et
3325 3151 3525 3220 pudore

1954 3239 2352 3300 sull'undentnr,
2416 3250 2579 3307 atque
2611 3257 2639 3293 a
2687 3256 2858 3296 sacrm
2918 3253 3114 3298 nostr-.e
3157 3242 3519 3297 confessionis

1950 3330 2340 3384 obtrectatione
2380 3333 2655 3386 recedent.

280 3405 661 3481 Χριπομάχον
688 3413 980 3483 πεδήσουσι
995 3415 1265 3486 γλῶσσαν,
1294 3420 1389 3474 καὶ
1408 3420 1673 3494 αἰσχύνην
1707 3422 2146 3495 περιϐαλοῦνται,
2190 3424 2284 3474 καὶ
2342 3422 2443 3492 τῆς
2509 3422 2651 3476 κατὰ
2679 3422 2778 3494 τῆς
2797 3424 2946 3495 ἱερᾶς
3004 3424 3161 3496 ἡμῶν
3207 3421 3524 3498 ὁμολογίαςν

278 3500 677 3569 ἀποστήσονται
710 3503 1038 3577 δυσφημίας.

350 3598 636 3666 Δεγόντων
665 3600 778 3672 γὰρ
819 3602 952 3672 ἡμῖν
981 3604 1157 3670 αὐτοὶ,
1182 3605 1267 3669 τίς
1306 3623 1435 3660 ποτε
1481 3604 1592 3679 ἆρά
1645 3609 1793 3662 ἐστιν
1823 3609 1852 3666 ὁ

275 3687 357 3756 τῷ
391 3691 642 3761 προφήτῃ
677 3689 927 3759 βασιλεὺς
955 3697 1393 3767 κηρυσσόμενος;
1424 3699 1486 3750 El
1519 3698 1578 3752 δὲ
1620 3697 1685 3769 δὴ
1740 3699 1849 3751 ἀπ-

276 3777 607 3847 αναίνοιντο,
652 3781 885 3845 δεδιίντες
919 3785 1132 3855 μήποτε
1167 3786 1277 3858 ἄρα
1301 3787 1409 3840 τῶν
1435 3787 1651 3859 ἀληθῶν
1680 3789 1849 3842 ἀπτό-

280 3888 439 3940 μενοι
471 3873 553 3936 είς
605 3872 834 3944 ἔσχατον
871 3876 1115 3932 κινδύνου
1151 3879 1478 3947 ἀφίκωνται,
1512 3881 1588 3944 ὡς
1637 3881 1848 3952 βασιλεῖ

276 3959 375 4013 καὶ
398 3958 520 4030 Θεῷ
570 3963 1020 4033 προσπταίοντες,
1074 3965 1402 4037 θαρροῦντες
1453 3970 1615 4040 ἡμεῖς
1668 3969 1747 4040 τῷ
1789 3973 1846 4023 ἐν

272 4048 357 4119 τῷ
374 4048 504 4119 θείῳ
520 4051 770 4123 προφήτῃ
787 4052 1035 4108 λαλοῦντι
1057 4056 1356 4125 Πνεύματι,
1380 4059 1475 4111 καὶ
1490 4062 1610 4121 ταῖς
1624 4059 1852 4123 ἐννοίαις

271 4140 378 4209 τῆς
407 4139 767 4196 θεοπνεύστου
790 4143 1014 4215 Γραφῖκ
1053 4147 1331 4216 πανταχοῦ
1375 4148 1683 4213 εὐθυϐόλως
1720 4149 1852 4202 ἑπό-

273 4248 432 4302 μενοι
471 4233 919 4305 ἁποφανούμεθα,
952 4236 1034 4289 ὅτι
1064 4253 1127 4305 γε
1149 4237 1211 4307 δὴ
1239 4242 1266 4291 ὁ
1308 4239 1408 4308 τῆς
1438 4240 1599 4310 δόξης
1623 4241 1848 4311 Κύριος,

2021 3604 2210 3658 Dicant
2251 3603 2394 3658 enim
2446 3604 2603 3658 nobis
2652 3605 2900 3672 quisnam
2964 3604 3053 3658 hic
3082 3604 3210 3658 sita
3256 3604 3514 3673 propheta

1950 3696 2315 3766 proclamatns
2350 3696 2483 3751 rex?
2531 3694 2686 3762 Quod
2729 3697 2775 3751 si
2830 3699 3161 3765 respondere
3202 3697 3391 3758 nolint.
3430 3713 3522 3751 ve-

1949 3794 2139 3841 rentes
2171 3802 2236 3841 ne
2269 3786 2408 3841 forte
2437 3789 2717 3840 veritatem
2746 3788 3077 3856 attingentes
3110 3788 3165 3841 in
3211 3798 3518 3843 extremum

1947 3878 2240 3947 periculum
2287 3891 2346 3933 se
2380 3875 2703 3944 conjiciant,
2752 3892 2851 3931 ceu
2921 3878 2972 3930 in
3013 3891 3191 3946 regem
3242 3874 3507 3932 aeDeum

1952 3971 2333 4036 incurrentes;
2372 3969 2707 4024 conﬁdentes
2758 3984 2856 4022 nos
2911 3967 3147 4037 loquenti
3204 3984 3300 4037 per
3328 3969 3511 4023 divum

1951 4064 2267 4133 prophetam
2305 4061 2552 4130 Spiritui,
2582 4071 2638 4115 et
2675 4061 2936 4116 divinitus
2970 4060 3241 4127 inspirata:
3274 4059 3518 4128 Scriptu-

1952 4171 2025 4210 rae
2075 4148 2326 4211 sensibus
2369 4155 2571 4222 ubique
2621 4162 2768 4209 recte
2829 4153 3191 4221 obsequentes
3249 4153 3516 4216 dicemus,

1965 4247 2108 4317 quod
2129 4246 2316 4335 gloriae
2343 4261 2460 4311 rex,
2512 4245 2825 4312 unigenitns
2869 4244 2962 4297 Dei
3017 4243 3194 4298 Patris
3245 4243 3516 4306 Filius.in

266 4327 297 4377 ὁ
355 4322 672 4397 Μονογενὴς
715 4326 808 4380 τοῦ
843 4327 980 4381 Θεοῦ
1025 4329 1120 4381 καὶ
1174 4329 1387 4399 Harpe;
1422 4331 1569 4397 Υἱὸς,
1614 4334 1673 4385 ὲν
1728 4335 1839 4395 τοῖς

1958 4322 2164 4406 propria
2202 4337 2420 4392 deitatis
2475 4335 2687 4406 fulgens
2735 4336 3022 4405 dignitate,
3056 4335 3316 4404 nulloque
3360 4335 3517 4389 modo

270 4414 431 4477 ἰδίοις
455 4414 557 4485 τῆς
589 4414 839 4489 θεότητος
863 4418 1181 4490 διαπρέπων
1219 4420 1523 4490 αὐχήμασι,
1569 4423 1664 4475 καὶ¹
1722 4426 1843 4476 κατ’

267 4504 467 4558 οὐδένα
486 4506 687 4576 τρόπον
698 4509 797 4575 τῆς
814 4508 965 4572 θείας
988 4511 1266 4581 ὑπεροχῆς
1290 4513 1511 4565 ὲλαττού
1521 4530 1702 4584 μενος,
1721 4515 1847 4568 οὐδὲ

272 4597 303 4648 ὃ
327 4596 577 4666 ὑπῆρχεν
601 4597 910 4664 ἀποϐαλὼν,
937 4601 1068 4655 εἴσω
1087 4602 1147 4655 δὲ
1194 4602 1304 4655 τῶν
1322 4603 1540 4656 οἰκείων
1577 4608 1673 4657 καὶ
1696 4607 1836 4659 κατὰ

273 4686 445 4756 φύσιν
456 4688 766 4759 προσόντων
778 4691 842 4744 αὑ
849 4691 922 4763 τῷ
933 4692 1037 4746 καθ
1046 4693 1328 4765 ιδρυμένος
1338 4691 1845 4765 πλεονεκτημάτων,

266 4772 536 4833 διὀῐκτον
553 4780 926 4859 ἀνέκφραστον
941 4783 1183 4854 καθῆκεν
1199 4784 1390 4839 ἑαυτὸν
1405 4786 1484 4850 είς
1499 4786 1847 4851 κένωσιν,καὶ

264 4871 354 4931 εἰς
378 4868 441 4921 τὸ
477 4871 586 4922 τῶν
616 4872 936 4941 ποιημάτων
957 4873 1154 4946 μέτρον
1183 4877 1714 4947 καταπεφοιτηκέναι
1747 4880 1846 4931 οὐκ

262 4956 575 5028 ἀπηξίωσε,
600 4960 698 5031 τὴν
722 4961 818 5015 τοῦ
843 4963 1029 5018 δούλου
1064 4966 1276 5037 μορφὴν
1312 4967 1631 5032 ἐνδεδυκὼς,
1668 4968 1755 5021 ἵνα
1783 4969 1844 5022 τὸ

265 5049 412 5120 πρὸς
444 5049 658 5106 ὄλισθον
684 5048 961 5119 ἀπωλείας
1002 5059 1068 5126 τῇ
1101 5057 1197 5111 τοῦ
1241 5058 1436 5128 ἐχθροῦ
1475 5060 1660 5133 ἀπάτῃ
1711 5063 1847 5114 ἀπο-

265 5141 527 5207 νενευκδς
570 5146 747 5212 γένος,
777 5148 855 5210 εἰς
886 5149 949 5200 τδ
1000 5148 1059 5202 ἐν
1107 5149 1302 5220 ἀρχαῖς
1351 5151 1834 5225 μεταστοιχειώση,

266 5233 368 5286 καὶ
398 5233 749 5309 ἀποσεμνύνῃ
777 5238 873 5308 τῆς
897 5240 1205 5311 εὐμοιρίας,
1235 5242 1331 5295 καὶ
1352 5241 1505 5315 σχοίη
1554 5244 1655 5316 τὴν
1714 5247 1844 5315 μέθ-

262 5323 385 5390 εξιν
414 5327 512 5397 τῆς
549 5328 779 5398 ἐνούσης
822 5330 972 5401 αύτῷ
1022 5332 1427 5405 λαμπρότητος.
1460 5337 1558 5390 καὶ
1587 5339 1654 5409 τῇ
1704 5337 1846 5391 κατά

262 5419 370 5487 τὴν
393 5418 548 5473 θείαν
582 5420 745 5489 φύσιν
777 5424 968 5478 ὲνώσει
1000 5425 1231 5502 δοξασθῇ
1281 5428 1342 5480 τὸ
1392 5429 1689 5501 ἡμέτερονο
1722 5432 1846 5484 ἐπεὶ

261 5506 362 5565 οὖν
395 5510 517 5563 καθ’
546 5513 696 5581 ἡμᾶς
718 5514 960 5580 γέγονεν,
989 5514 1046 5582 ἐξ
1074 5516 1273 5586 ὀσφύος
1315 5517 1372 5570 δὲ
1423 5520 1517 5573 καί
1551 5518 1705 5589 ῥίζης
1742 5519 1837 5572 τοῦ

1946 4431 2124 4484 divina
2155 4430 2471 4484 excelsitate
2496 4428 2829 4490 deminutus,
2860 4443 3035 4497 neque
3062 4429 3204 4497 quod
3230 4438 3348 4484 erat
3378 4428 3515 4496 abji-

1945 4522 2118 4587 ciens,
2165 4522 2260 4575 sed
2302 4521 2374 4574 in-
2409 4520 2524 4575 suis
2585 4519 2921 4573 naturalibus
2971 4519 3129 4574 bonis
3195 4529 3518 4577 constanter

1944 4614 2269 4677 consistens,
2300 4610 2583 4667 clementia
2616 4609 2872 4666 ineﬂabili
2905 4612 3128 4666 demisit
3177 4627 3236 4667 se
3279 4613 3344 4666 ad
3399 4614 3517 4666 cxi-

1946 4704 2299 4767 nanitionem,
2360 4703 2501 4758 servi
2561 4702 2734 4756 forma
2802 4704 3047 4768 indutus,
3096 4713 3167 4781 ut
3193 4707 3260 4758 ad
3304 4706 3516 4758 ruinam

1951 4795 2187 4864 proclive
2241 4794 2429 4850 fraude
2464 4795 2667 4850 inimici
2714 4796 3010 4850 humanum
3046 4811 3236 4865 genus,
3279 4796 3332 4850 in
3377 4800 3520 4850 anti-

1950 4902 2108 4956 quam
2137 4887 2448 4942 restitueret
2477 4886 2694 4943 decoris
2745 4889 3185 4957 prosperitatem.
3219 4902 3519 4942 conserva-

1953 4988 2142 5048 retque
2172 4979 2462 5033 tumentem
2488 4980 2536 5033 ei
2572 4978 2912 5050 dignitatem,
2933 4989 2987 5033 et
3007 4980 3145 5033 facta
3173 4979 3372 5030 unione
3396 4992 3517 5030 cum

1954 5071 2158 5137 divina,
2210 5086 2297 5126 res
2339 5080 2540 5126 nostrae
2592 5072 2841 5140 gloriosae
2887 5075 3197 5126 evaderent.
3227 5069 3515 5138 Postquam

1947 5163 2108 5234 igitur
2169 5162 2344 5219 factus
2394 5175 2480 5219 est
2528 5165 2688 5218 homo
2739 5165 2896 5219 nobis
2942 5163 3157 5227 similis,
3181 5163 3247 5215 de
3313 5161 3517 5216 femore

1952 5263 2115 5323 atque
2172 5253 2355 5310 radice
2422 5255 2746 5329 patriarglne
2781 5253 2998 5307 Davidis
3054 5254 3296 5321 procedit
3323 5252 3515 5306 ordine

1954 5343 2290 5410 nativitatis;
2327 5344 2662 5412 etquoniam
2695 5341 2861 5394 David
2898 5357 2990 5397 rex
3024 5351 3165 5406 erat,
3223 5342 3427 5395 idcirco
3458 5353 3513 5396 et

1948 5432 2229 5496 Christus,
2279 5447 2584 5501 quanquam
2644 5431 2784 5486 idem
2819 5442 2962 5484 esset
2994 5430 3316 5485 naturaliter
3348 5429 3509 5494 Deus,

1949 5532 2003 5575 et
2028 5538 2130 5575 una
2178 5539 2298 5577 cum
2332 5537 2494 5577 carne
2518 5521 2706 5578 eodem
2737 5520 2931 5576 decore
2980 5521 3264 5589 potestatis
3291 5522 3509 5576 univetw

339 5684 384 5720 ⁸³
414 5683 579 5739 llebr.
615 5701 685 5740 ιι.
725 5687 808 5742 13.
890 5688 1137 5747 ³⁶Ηοιιη.
1171 5707 1206 5758 ι,
1234 5691 1288 5744 7.
1331 5692 1376 5723 ³⁸
1409 5690 1604 5748 Ezech.
1637 5708 1842 5758 manu,
1867 5694 1956 5749 ‘24.
