3918 6152
208 320 319 387 ’133

1073 323 1643 384 APOLOGETICUS
1681 323 1832 384 PRO
1871 323 2140 384 SACRIS
2180 324 2662 387 IMAGINIBUS.

3371 318 3485 392 731'

204 434 381 485 ἔστιν
410 430 479 484 ἐκ
537 429 647 497 τῆς
707 429 908 498 αὐλῆς
967 432 1209 498 ταύτης,
1267 429 1519 487 κάκεῖνὰ
1567 447 1644 500 με
1696 431 1819 493 δεῖ⁴

1909 416 2023 485 mite
2043 442 2090 486 et
2125 449 2262 487 unus
2298 446 2482 505 pastor
2501 434 2567 488 “.
2614 432 2748 501 Quis
2790 434 2928 489 adeo
2964 435 3214 491 veritatis
3260 436 3477 496 hostis?

205 522 479 592 ἀγαγεῖν,
535 521 780 589 καὶτῆς
840 519 1049 591 φωνῆς
1097 538 1220 591 μου
1270 523 1638 588 ἁπούσουσι,
1688 523 1790 579 καί

205 612 530 683 γενήσεται
558 612 668 682 μία
693 611 944 680 ποίμνη,
969 606 1058 678 εις
1082 612 1334 683 ποιμήν.
1357 612 1456 677 Τίς
1480 612 1660 677 οὕτως
1693 613 1794 683 τῆς

201 702 469 774 ἀληθείας
515 702 846 767 άντῖπαλοςς
902 702 990 766 τίς
1033 701 1210 766 οὕτως
1237 703 1477 774 Χριστοῦ
1528 705 1627 758 καὶ
1679 704 1789 757 τῶν

204 794 452 853 Χριστοῦ
480 794 658 863 λόγων
687 793 968 858 άντίθετος
1003 795 1099 848 καὶ
1123 794 1405 866 πολέμιος,
1431 794 1571 849 ὥστε
1597 796 1796 866 ἅνερυ·

205 888 485 957 οριόστως
515 886 652 957 πρὸς
685 885 758 940 τὰ
783 886 1118 955 εὐαγγελικὰ
1146 886 1453 956 διδάγματα
1476 886 1796 942 ἀντιτείνειν

204 982 307 1034 καὶ
332 980 732 1051 διαμάχεσθαι;
764 980 829 1032 ὲκ
852 978 917 1050 δή
950 979 1161 1033 τούτων
1192 980 1431 1050 φανερὸν
1456 979 1525 1034 ἂν
1547 980 1787 1049 γένοιτο,

204 1073 285 1138 ὡς
313 1073 375 1125 οὐ
412 1071 546 1143 πρὸς
575 1069 919 1143 ἀνθρώπους,
960 1071 1097 1142 πρὸς
1134 1070 1297 1125 αὐτὸν
1332 1070 1391 1124 δὲ
1420 1071 1511 1124 τὸν
1559 1069 1795 1141 Ποιητὴν

206 1168 309 1221 καὶ
335 1167 479 1221 ὅλων
529 1164 946 1235 γενεσιουργὺν,
980 1163 1075 1216 τὸν
1125 1162 1364 1232 πόλεμον
1409 1161 1647 1233 ήραντο·
1706 1162 1798 1215 ἒ.πί

207 1259 422 1321 τούτοις
449 1258 585 1327 φησί
606 1272 621 1286 ο
647 1257 1022 1324 Διαθήσομαι
1065 1253 1274 1320 αὐτοῖς
1301 1252 1601 1321 διαθήκην
1642 1251 1800 1321 εἰρή-

205 1367 346 1418 νης,
407 1349 509 1403 καί
559 1346 813 1413 διαθήκη
870 1346 1108 1411 αἰώνιος
1147 1343 1324 1398 ἔσται
1379 1343 1509 1412 μετ’
1566 1341 1789 1397 αὐτῶν.

205 1439 537 1495 ⁴ΙιιΜίτατόν
559 1457 611 1492 τι
644 1438 737 1493 καὶ
783 1437 1123 1491 οἰκειότατον
1172 1435 1366 1506 χρῆμα
1404 1431 1535 1504 Θεῷ
1583 1433 1646 1486 τὸ
1695 1432 1800 1503 τῆς

206 1534 441 1604 εἰρήνης
490 1530 664 1602 δῶρον
697 1529 1008 1599 καθέστηκε
1028 1543 1044 1559 ’
1097 1530 1194 1581 καὶ
1247 1524 1409 1579 τοῦτο
1444 1524 1635 1593 σαφῶς
1667 1526 1799 1596 ἡμῖν

205 1625 453 1694 δέδειχεν
483 1624 512 1676 ὁ
542 1622 753 1693 Σωτὴρ.
783 1621 947 1692 ἡνίκα
980 1621 1074 1673 ἐπὶ
1124 1618 1188 1672 τὸ
1243 1616 1417 1679 πάθος
1467 1616 1797 1689 αὐθαίρετος

209 1712 448 1785 ἑξῴχετο
474 1712 538 1766 τὸ
570 1710 840 1773 ἑκούσιον,
881 1708 976 1762 τὸν
1029 1706 1171 1776 ὑπὲρ
1216 1704 1374 1775 ήμῶν
1418 1702 1659 1756 ὑποίσων
1709 1700 1801 1755 διὰ

1897 523 2030 589 Quis
2065 530 2353 593 tantopere
2378 524 2582 579 Christi
2618 525 2845 596 ejusque
2873 540 3186 580 sermonum
3215 528 3474 584 adversa«

1895 615 2010 670 rius
2042 626 2205 685 atque
2234 616 2510 682 inimicus,
2556 625 2616 671 nt
2655 616 3004 687 impudenter
3035 618 3163 673 velit
3217 620 3479 676 adversus

1894 705 2595 775 evangelicamdoctrinsm
2652 707 2835 761 invehi
2873 721 2939 761 ac
2999 705 3340 762 decertare?
3396 707 3477 762 Ex

1896 798 2058 854 dictis
2106 806 2256 853 certe
2284 797 2463 867 palam
2517 798 2597 863 lit,
2647 811 2989 869 nequaquam
3029 797 3098 851 ab
3146 798 3232 852 bis
3285 807 3476 853 cautra

1897 891 2164 955 homines,
2214 891 2309 946 sed
2364 900 2552 946 contra
2604 889 2922 947 Creatorem
2980 891 3154 960 ipsum
3190 899 3246 946 et
3297 906 3477 945 rerum

1896 982 2136 1036 omnium
2173 991 2453 1037 auctorem
2487 982 2686 1038 bellum
2708 997 2829 1037 esse
2860 994 3197 1051 susceptum.
3233 982 3473 1039 Praeter-

1898 1088 1962 1128 ea
2021 1073 2153 1128 dicit
2186 1091 2200 1127 :
2228 1072 2516 1145 Disponam
2546 1075 2678 1143 ipsis
2707 1076 2854 1143 Pacis
2887 1075 3081 1144 (tedas,
3124 1086 3171 1130 et
3208 1076 3481 1144 sempiter-

1899 1182 2025 1219 num
2078 1174 2292 1233 pactum
2347 1182 2465 1221 cum
2520 1167 2594 1221 eis
2642 1168 2744 1222 erit
2766 1167 2835 1221 “.
2905 1169 3013 1221 Res
3061 1167 3378 1222 charissima
3424 1178 3481 1220 et

1890 1257 2143 1326 apprime
2177 1257 2289 1311 Deo
2316 1273 2552 1327 congrua
2600 1269 2684 1313 est
2723 1261 2874 1329 pacis
2904 1254 3131 1315 donum.
3165 1258 3334 1327 quue
3363 1274 3477 1311 ma-

1900 1347 2098 1401 nifeste
2147 1347 2387 1401 ostendit
2455 1346 2742 1414 Servator,
2802 1364 2926 1402 cum
2991 1348 3056 1401 ad
3115 1347 3477 1401 voluntariam

1900 1441 2210 1510 passionem
2242 1440 2464 1510 proprio
2489 1441 2748 1495 instinctu
2780 1441 2933 1507 abiit,
2966 1455 3155 1493 necem
3196 1455 3295 1507 pro
3323 1439 3480 1494 nobis

1901 1539 2184 1584 cruentam
2217 1530 2271 1583 in
2325 1543 2490 1585 cruce
2518 1530 2757 1596 Subiens,
2790 1546 2911 1584 cum
2940 1528 3251 1584 Judzeorum
3295 1528 3481 1582 furens

1902 1622 2190 1677 multitudo
2219 1622 2374 1678 dolos
2407 1623 2570 1692 impie
2598 1633 2789 1677 contra
2822 1623 2969 1676 illum
3000 1622 3222 1677 struxit.
3255 1620 3484 1688 Quando

1900 1714 2067 1785 igitur
2090 1715 2218 1770 hinc
2244 1717 2309 1768 ad
2341 1716 2556 1770 Patrem
2612 1715 2867 1770 abiturus
2905 1724 3045 1776 erat,
3095 1715 3368 1782 dabatque
3398 1712 3484 1767 di-

210 1803 457 1875 σταυροῦ
493 1804 589 1857 καὶ
625 1802 857 1872 αἵματος
889 1800 1140 1864 θάνατον,
1172 1796 1336 1855 ὁπότε
1366 1794 1462 1849 καὶ
1517 1793 1789 1847 Ἰουδαίων

1909 1806 2119 1877 tcipnlis
2158 1806 2505 1873 mandata,ut
2528 1805 2958 1861 lieriatestatore
2975 1806 3130 1869 solel,
3158 1805 3484 1873 vidt'balque

209 1899 488 1966 φονῶντες
514 1896 576 1948 τὸ
602 1894 880 1965 ἄθροισμα
919 1893 1048 1956 τοὺς
1080 1889 1269 1953 δόλους
1331 1887 1457 1941 κατ’
1493 1884 1661 1940 αὐτοῦ
1697 1886 1795 1939 ἀν-

211 1989 385 2051 οσίως
407 1988 697 2058 ἑξήρτυον·
730 1985 855 2038 ἐπεὶ
908 1980 1002 2038 οὖν
1061 1981 1275 2035 ἐνθένδε
1322 1980 1398 2043 ὡς
1439 1979 1533 2058 τὸν
1570 1977 1796 2049 Πατέρα

198 2080 442 2135 ἀπιέναι
465 2056 710 2150 ἔμελλεν,
731 2074 1051 2140 ὲπέσκηπτέ
1098 2089 1159 2127 τε
1207 2075 1321 2138 τοῖς
1377 2056 1671 2142 μαθηταῖς,
1707 2064 1797 2127 οἷα

198 2170 365 2233 εἰκὸς
403 2169 496 2223 τὸν
545 2167 919 2238 διατιθέμενον
981 2163 1289 2234 βούλεσθαι,
1342 2161 1490 2233 ἑώρα
1553 2177 1615 2213 τε
1668 2160 1796 2230 περὶ

207 2261 391 2316 ταῦτα
437 2259 706 2323 ἁλύοντας
755 2258 851 2312 καὶ
903 2254 1161 2327 ἀπορίαις
1200 2249 1796 2325 περιστοιχιζομένους,

209 2355 315 2409 καὶ
333 2353 400 2425 δή
424 2354 523 2408 καὶ
540 2350 826 2425 ὁρμῶντας
855 2344 1341 2408 διαπυνθάνεσθαι,
1370 2345 1495 2397 ὅποι
1523 2343 1708 2404 αὐτοῖς
1728 2340 1800 2395 τὰ

208 2448 398 2505 τοιάδε
449 2446 636 2518 μέλλοι
685 2443 1041 2516 ικσήσεσθαι,
1083 2438 1431 2511 παράκλησιν
1464 2436 1575 2491 τῶν
1618 2434 1801 2505 ἀηδῶν

208 2544 285 2612 τῇ
322 2539 418 2594 τοῦ
469 2538 829 2610 Παρακλήτου
889 2531 1195 2604 ἐπαγγελίᾳ
1247 2531 1427 2601 σοφῶς
1477 2528 1799 2600 ἐχαρίζετοο

210 2635 318 2689 καὶ
378 2629 500 2686 εἶτα
555 2629 637 2701 τῷ
686 2631 787 2700 τῆς
833 2628 1058 2701 εἰρήνης
1108 2621 1307 2697 οἷάπερ
1364 2622 1644 2694 κρατίστῳ
1703 2617 1801 2673 καὶ

210 2722 488 2795 ἕξαιρέτιρ
548 2719 944 2784 κατεπλούτιζε
984 2717 1180 2790 δώρῳο
1256 2716 1352 2770 καὶ
1419 2714 1531 2784 γὰρ
1587 2712 1653 2784 δὴ
1703 2712 1802 2765 καὶ

212 2815 576 2887 προσεπῆγεν
595 2827 609 2839 ·
646 2811 913 2882 Εἰρήνην
939 2812 1156 2880 ἀφίημι
1192 2807 1359 2878 ὑμῖν,
1379 2805 1632 2877 εἰρήνην
1685 2803 1803 2872 τήν

209 2909 379 2980 ἐμήν
421 2908 629 2978 δίδωμι
679 2906 843 2977 ὑμῖν.
889 2903 1170 2960 Ἐντεῦθεν
1218 2902 1405 2964 αὐτοῖς
1450 2898 1635 2953 λοιπὸν
1681 2899 1803 2960 ταῖς

216 3003 534 3073 κρείττοσιν
595 2998 958 3069 ἐπαγγελίαις
1014 2997 1079 3050 τὺ
1137 2991 1402 3068 θορυϐοῦν
1466 2991 1570 3061 τῆς
1624 2989 1804 3060 ψυχῆς

214 3091 602 3155 κατέστελλεν,
634 3092 695 3145 οὐ
729 3088 1032 3162 συγχωρῶν
1074 3090 1156 3154 εἰς
1187 3086 1248 3141 τὸ
1281 3083 1570 3156 δειμαλέον
1602 3083 1805 3136 ἀπονε-

1905 1914 1999 1954 eos
2024 1913 2188 1967 super
2214 1898 2599 1962 his°turbatos,
2642 1907 2697 1953 et
2727 1898 3181 1968 perplexitatibus
3214 1898 3478 1965 pulsatos.

1900 1990 2122 2060 jamque
2144 1991 2306 2045 etiam
2333 1990 2751 2061 interrogantes,
2774 2005 3008 2058 quonam
3034 1989 3124 2043 hic
3150 1988 3283 2058 ipsis
3305 1988 3482 2041 forent

1906 2099 2158 2147 evasura,
2194 2083 2431 2138 tristitiae
2500 2084 2741 2138 solamen
2795 2080 3155 2152 promissione
3204 2077 3477 2134 Parui-leti

1907 2177 2183 2245 sapienter
2223 2175 2587 2245 suggerebat;
2622 2190 2745 2228 mox
2773 2184 2954 2228 autem
2990 2172 3137 2241 pacis
3190 2169 3394 2238 optimo
3427 2179 3482 2222 et

1906 2267 2109 2322 eximio
2143 2265 2283 2321 dono
2299 2265 2526 2320 ditabat.
2550 2265 2803 2335 Namque
2823 2263 3068 2317 addidit:
3099 2257 3293 2315 Pacem
3320 2257 3482 2312 τείἱιιο

1906 2375 2007 2428 quo
2036 2358 2194 2422 vobis,
2228 2373 2408 2426 pacem
2439 2372 2610 2410 meam
2643 2357 2709 2408 do
2757 2354 2903 2409 vobis
2919 2355 2985 2407 δ’.
3017 2352 3128 2407 Hoc
3156 2363 3315 2420 pacto
3349 2349 3481 2418 ipsis

1898 2466 2005 2521 ‘spe
2052 2449 2278 2504 meliore
2336 2449 2610 2519 pr0posita
2669 2446 2957 2502 tumultum
2996 2445 3191 2498 animae
3236 2441 3479 2506 sedabat,

1907 2559 2015 2600 non
2057 2542 2248 2598 sinens
2275 2543 2341 2595 ad
2374 2556 2628 2611 pavorem
2659 2538 3271 2606 consternationemque
3320 2532 3483 2588 deﬂeo

1909 2644 2079 2698 ctere,
2173 2633 2267 2688 sed
2332 2632 2607 2687 excitabat
2694 2628 3148 2698 confortabatque
3241 2627 3481 2696 ipsorum

1900 2735 2140 2790 mentes,
2200 2733 2364 2790 atque
2409 2723 2476 2775 ad
2514 2720 2767 2775 fiduciam
2798 2719 3283 2783 fortitudinemque
3307 2721 3485 2767 verte-

1909 2815 2020 2882 bat,
2059 2815 2112 2869 in
2147 2814 2250 2869 lide
2276 2824 2403 2883 erga
2434 2827 2493 2869 se
2546 2812 2855 2876 stabiliens,
2894 2826 2959 2865 ne
2989 2808 3257 2880 passionis
3290 2806 3487 2860 futurae

1911 2908 2129 2965 tristitia
2162 2918 2217 2961 et
2246 2907 2540 2978 ignominia
2567 2904 3091 2968 scandalizarentur,
3108 2902 3201 2956 sed
3227 2900 3483 2954 invictam

1911 3000 2235 3069 ﬁrmantque
2255 2999 2399 3055 circa
2425 2998 2598 3068 ipsum
2622 2996 2779 3051 ﬁdem
2812 2996 3096 3058 haberent,
3122 2992 3211 3062 qui
3246 2991 3484 3045 miracu-

1914 3090 1981 3145 lis
2021 3090 2205 3145 multis
2232 3099 2395 3161 atque
2411 3089 2719 3153 virtutibus,
2753 3101 2908 3144 suam
2938 3085 3158 3140 deitatis
3189 3083 3483 3151 potentiam

214 3184 477 3238 νευκέναι
505 3184 603 3238 καὶ
626 3182 888 3253 ῥᾴθυμον,
916 3181 1161 3253 διήγειρέ
1182 3197 1243 3233 τε
1272 3178 1366 3232 καὶ
1382 3178 1803 3253 παρεθάρρυνεν

1909 3195 1972 3235 ac
1999 3182 2423 3252 magnitudinem
2458 3193 2831 3250 smpeuumero
2860 3177 3037 3248 palam
3081 3175 3307 3230 fecerat.

213 3275 402 3335 αὐτῶν
429 3275 500 3330 τά
535 3276 881 3348 φρονήματα,
909 3274 1006 3330 καί
1038 3275 1120 3337 εἰς
1135 3272 1196 3328 τὸ
1222 3271 1669 3346 θαρραλεώτερον
1699 3275 1795 3329 καὶ
1833 3276 2087 3338 εὐσθενὲς
2120 3274 2555 3347 μετερρύθμιζε,
2622 3271 2759 3342 πρὸς
2790 3271 2975 3324 πίστιν
3039 3268 3138 3339 τὴν
3164 3268 3302 3339 πρὸς
3327 3265 3487 3320 αὺτέιν

212 3370 555 3439 ὲπαλείφων,
594 3369 672 3434 ὡς
713 3369 781 3422 ἂν
809 3367 885 3439 μὴ
922 3368 1037 3430 τοῖς
1104 3366 1169 3417 ὲκ
1233 3364 1327 3418 τοῦ
1365 3364 1573 3428 πάθους
1610 3364 1958 3437 σκυθρωποῖς
1996 3366 2091 3420 καὶ
2152 3366 2362 3432 ἀδόξοις
2430 3364 2793 3433 συμϐαίνουσι
2833 3357 3289 3421 σκανδαλίζοιντο,
3322 3357 3482 3410 ἀκλόο

215 3482 384 3537 νητον
404 3463 464 3517 δὲ
503 3463 598 3517 καὶ
629 3460 1028 3533 ἐρηρεισμένην
1053 3458 1183 3529 περὶ
1208 3458 1371 3511 αὐτὸν
1423 3458 1525 3529 τῆς
1553 3455 1789 3521 πίστεως
1828 3459 2004 3529 ἔχοιεν
2056 3459 2238 3531 ἕδραν,
2296 3458 2386 3511 τδν
2448 3460 2505 3511 ὲν
2544 3457 2758 3519 πολλοῖς
2809 3456 3003 3527 τέρασι
3069 3453 3165 3507 καὶ
3218 3450 3488 3520 δυνάμεσι

214 3560 284 3612 τὸ
335 3557 437 3627 τῆς
471 3556 588 3611 κατ’
620 3553 782 3607 αὐτὸν
820 3552 1076 3623 θεότητος
1107 3549 1313 3620 κράτος
1354 3548 1451 3602 καὶ
1498 3550 1788 3618 μεγαλεῖον
1828 3551 2066 3621 tuosve;
2123 3550 2385 3612 πολλάκις
2446 3547 2840 3620 ποιησάμενον.

293 3648 403 3717 νς’.
441 3647 601 3703 Κατὰ
622 3645 795 3701 ταῦτα
821 3644 1025 3708 τοίνυν,
1060 3646 1119 3696 ὲν
1154 3641 1233 3711 τῷ
1269 3640 1382 3712 ἰδίῳ
1419 3641 1634 3711 αῐματι,
1669 3641 1805 3712 ὅπερ

215 3746 346 3798 ὅσον
374 3739 529 3794 οὔπω
550 3739 733 3809 ἐκχεῖν
755 3736 896 3791 κατὰ
926 3736 990 3788 τὸ
1010 3733 1183 3798 πάθος
1207 3733 1270 3787 τὸ
1301 3733 1571 3804 σωτήριον
1589 3731 1802 3801 ἔμελλε,

216 3831 417 3903 καινὴν
465 3832 598 3902 ήμῖν
667 3826 935 3899 διαθήκην
987 3824 1086 3897 τὴν
1121 3825 1221 3896 τῆς
1282 3823 1510 3893 εἰρήνης
1554 3821 1803 3876 διετίθει.

231 3905 524 3990 Ἐπείπερ
543 3920 693 3974 ἔνθα
723 3917 1002 3987 διαθήκη,
1051 3916 1238 3987 φησὶν,
1277 3910 1545 3970 θάνατον
1568 3912 1803 3983 ἀνάγκη

218 4011 527 4087 φέρεσθαί
558 4011 666 4067 τοῦ
717 4009 1153 4080 διατιθεμένου.
1201 4006 1368 4078 Ὁμοῦ
1399 4023 1459 4060 τε
1517 4006 1617 4078 τὴν
1646 4006 1808 4077 χάριν

216 4108 290 4162 δι’
332 4106 507 4176 αὐτῆς
551 4101 903 4173 ὲγκαινίζων,
937 4101 1131 4155 καὶτὰ
1194 4103 1258 4154 ὲκ
1306 4099 1399 4153 τοῦ
1431 4098 1666 4170 σταυροῦ
1715 4098 1811 4151 καὶ

216 4199 324 4268 τῆς
397 4195 686 4267 ζωηρύτου
741 4194 984 4264 πλευρᾶς
1030 4192 1197 4247 αὑτοῦ
1254 4191 1640 4248 ἀναδλύσαντα
1697 4191 1811 4254 τοῖς

217 4288 537 4361 ἀνθρώποις
591 4285 788 4341 αἰώνια
850 4288 947 4341 καὶ
1008 4284 1356 4339 άνελάττωτα
1405 4282 1587 4350 ἀγαθά
1638 4282 1811 4336 ὑπισ-

219 4383 528 4454 χνούμενος
554 4396 568 4411 ο
611 4378 756 4432 οῦτω
795 4378 908 4448 γὰρ
951 4378 1048 4431 καὶ
1088 4377 1166 4447 τῷ
1212 4375 1449 4446 διακόνῳ
1472 4377 1574 4445 τῆς
1617 4373 1813 4445 καινῆς

1984 3642 2074 3698 56.
2113 3641 2205 3697 Sic
2231 3644 2412 3712 itaque
2458 3643 2678 3711 proprio
2731 3640 3015 3709 sanguine,
3046 3652 3205 3708 quem
3239 3636 3487 3704 protinus

1914 3736 1967 3790 in
2021 3735 2248 3789 salutari
2320 3734 2569 3802 passione
2619 3733 2839 3789 I'usurus
2885 3741 3026 3795 erat,
3088 3743 3283 3783 ιιονιιηι
3337 3729 3492 3782 nobis

1913 3835 2297 3880 testamentum
2325 3828 2474 3895 pacis
2508 3824 2794 3893 disposuit.
2833 3821 2971 3888 Quia
2989 3823 3078 3876 ubi
3101 3831 3481 3879 testamentum

1915 3914 2114 3984 inquit,
2147 3916 2222 3969 ibi
2275 3931 2414 3967 mors
2453 3914 2748 3968 intercedat
2782 3914 3049 3966 testatoris
3078 3926 3283 3979 necesse
3321 3922 3395 3964 est
3423 3911 3490 3961 ".

1916 4004 2089 4061 Simul
2140 4007 2372 4076 gratiam
2407 4021 2503 4073 per
2535 3994 2918 4059 testamentum
2949 4018 3240 4065 reuovaus,
3274 4013 3329 4056 et
3371 4017 3494 4055 sca-

1913 4096 2169 4151 turientia
2194 4096 2261 4149 de
2303 4109 2466 4148 cruce
2488 4109 2695 4163 suoque
2749 4094 2939 4154 latere,
2977 4092 3131 4161 quasi
3165 4092 3288 4145 vita!
3321 4090 3490 4153 l‘outc,

1912 4186 2231 4243 hominibus
2251 4195 2456 4241 mterna
2491 4195 2545 4241 et
2568 4201 2845 4256 nunquam
2869 4185 3157 4239 minuenda
3182 4184 3324 4237 bona
3365 4197 3495 4249 pro-

1910 4279 2158 4333 mittens.
2191 4275 2286 4331 Sic
2324 4277 2469 4331 euim
2516 4276 2681 4331 etiam
2723 4275 2848 4330 novi
2891 4274 3199 4328 testamenti
3242 4272 3511 4327 ministro.

1910 4367 2148 4423 videtur.
2182 4365 2315 4419 Nam
2348 4381 2471 4421 cum
2507 4364 2832 4435 quibusdam
2865 4362 3043 4435 procis
3082 4377 3326 4417 normam
3358 4377 3491 4416 con-

219 4453 496 4543 διαθήκης
541 4471 726 4525 δοκεῖ’
766 4469 1003 4540 ὁπηνίκα
1049 4467 1181 4536 γοῦν
1225 4484 1335 4520 τισι
1381 4466 1471 4519 τὸν
1504 4465 1603 4536 τῆς
1638 4465 1805 4536 εὐχῆς

1914 4462 2044 4516 dere
2073 4460 2479 4529 aggrederetur,
2517 4458 2596 4513 sic
2631 4458 2845 4511 aiebat:
2879 4456 3017 4509 Deus
3040 4455 3209 4524 pacis,
3247 4455 3338 4527 qui
3368 4455 3497 4507 edu-

224 4565 479 4635 ὑφαίνειν
533 4565 734 4636 ἤρχετο
761 4563 943 4631 λόγον,
972 4561 1179 4631 ἔφασκε
1206 4559 1378 4613 ταῦτα
1402 4575 1417 4590 ο
1463 4558 1528 4612 '0
1562 4556 1631 4611 δὲ
1662 4557 1809 4623 Θεὸς

223 4656 336 4726 τῆς
367 4656 637 4724 εἰρήνης,
674 4658 706 4709 ό
745 4653 1065 4725 ἀναγαγὼν
1093 4653 1162 4706 ἐκ
1191 4649 1425 4721 νεκρῶν
1472 4649 1580 4703 τὸν
1603 4647 1808 4719 ποιμέ-

222 4764 301 4802 να
327 4747 452 4802 τῶν
472 4745 788 4814 προϐάτων
811 4746 919 4799 τὸν
972 4743 1162 4812 μέγαν
1188 4744 1257 4797 ἐν
1279 4742 1479 4811 αἵματι
1509 4739 1807 4812 διαθήκης

221 4841 496 4905 αἰωνίου,
549 4838 661 4893 τὸν
696 4838 916 4906 Κύριον
960 4834 1131 4905 ήμῶν
1162 4834 1420 4903 Ἰησοῦν,
1452 4834 1809 4902 καταρτίσαι

222 4930 383 5001 ὑμᾶς
436 4931 508 4984 ἐν
574 4924 785 4984 παντί¹
816 4929 969 5000 ἔργῳ
1020 4926 1238 4999 ἀγαθῷ.
1299 4927 1369 4980 Ἦ
1423 4926 1545 4996 οὐχί
1606 4924 1810 4995 μᾶλλον

222 5024 391 5087 αὑτός
425 5025 574 5077 ἑστιν
614 5024 648 5093 ή
725 5022 921 5093 εἰρήνη
958 5022 1147 5093 ἡμῶν,
1184 5021 1212 5073 ὀ
1263 5020 1491 5091 μεσίτης
1548 5016 1685 5070 Θεοῦ
1716 5016 1809 5070 καὶ

223 5100 559 5185 ἀνθρώπων,
626 5115 693 5169 δι’
762 5107 823 5167 οὗ
876 5113 972 5177 τὰς
1057 5111 1407 5182 καταλλαγάς
1464 5110 1808 5185 ἐσχήκαμεν,

222 5184 345 5273 τὶς
381 5207 521 5277 πρὸς
570 5205 662 5259 τὸν
710 5205 951 5277 Πατέρα,
1009 5203 1530 5275 ἐκπεπολεμωμένοι
1591 5201 1681 5254 διὰ
1715 5184 1813 5269 τὴν

226 5299 532 5372 ἁμαρτίανξ
563 5299 632 5352 Et
654 5298 964 5352 τιπειστέον
993 5297 1075 5368 τῷ
1100 5294 1608 5365 λέγοντι,Χριστός
1636 5293 1811 5347 ἐστιν

224 5400 266 5466 ή
300 5395 515 5465 εἰρήνη
542 5393 732 5465 ήμῶν,
775 5395 807 5448 ὁ
831 5394 1095 5461 ποιήσας
1122 5396 1195 5447 τὰ
1235 5393 1538 5463 ἀμφότερα
1577 5391 1678 5457 ἐν,
1710 5389 1810 5444 κιιί

226 5489 296 5543 τὸ
314 5488 682 5558 μεσότοιχον
697 5485 801 5539 τοῦ
833 5485 1107 5555 φραγμοῦ
1122 5483 1342 5549 λύσας.
1367 5482 1481 5552 τήν
1496 5483 1722 5552 ἔχθραν
1742 5479 1814 5533 ἐν

230 5578 304 5646 τῇ
357 5578 541 5645 σαρκί
599 5573 807 5638 αὐτοῦ,
862 5575 969 5627 τὸν
1012 5575 1201 5643 νόμον
1257 5571 1376 5625 τῶν
1420 5568 1687 5625 ἐντολῶν
1741 5567 1812 5620 ἐν

1914 4553 1992 4606 ait
2022 4552 2085 4605 de
2106 4553 2329 4605 mortuis
2355 4560 2616 4620 pastorem
2644 4564 2894 4618 magnam
2925 4549 3122 4613 ovium,
3158 4548 3213 4600 in
3238 4543 3497 4616 sanguine
3586 4576 3592 4580 -

1919 4643 2218 4698 testamenti
2253 4642 2458 4707 αισι-ηε,
2522 4640 2810 4695 Dominum
2845 4646 3083 4693 nostrum
3116 4636 3327 4701 Iesum,
3357 4645 3497 4705 aptet

1918 4751 2007 4789 vos
2037 4736 2091 4787 in
2115 4734 2257 4787 omni
2292 4747 2444 4799 apere
2470 4730 2602 4785 bono
2630 4730 2697 4785 “.
2725 4727 2920 4785 Nonne
2940 4739 3025 4784 est
3047 4730 3161 4797 ipse
3192 4728 3372 4797 potius
3395 4742 3495 4795 pax

1918 4836 2106 4883 nostra
2135 4864 2150 4891 ,
2178 4824 2445 4879 mediator
2474 4821 2565 4875 Dei
2593 4830 2649 4876 et
2676 4820 2976 4883 hominum,
3009 4833 3101 4887 per
3127 4833 3286 4888 quem
3309 4832 3492 4871 recon-

1918 4918 2246 4973 ciliationem
2277 4914 2561 4969 habuimus
2582 4928 2704 4968 cum
2747 4910 2931 4975 Patre,
2963 4926 3087 4964 cum
3128 4910 3315 4963 hostes
3343 4921 3494 4961 esst:-

1915 5026 2033 5065 mus
2075 5008 2145 5063 ob
2179 5017 2460 5078 peccatum
2493 5004 2601 5061 ‘lSi
2637 5005 2851 5076 quidem
2910 5000 3110 5057 dicenti
3159 4996 3488 5053 credendum

1919 5111 2003 5157 est
2032 5100 2312 5156 :Christus
2337 5109 2411 5155 est
2438 5115 2543 5169 pax
2573 5110 2772 5162 nostra,
2795 5095 2882 5165 qui
2900 5092 3021 5162 fecit
3052 5103 3275 5160 utraque
3308 5103 3499 5151 unum;

1918 5203 1967 5249 et
1998 5194 2229 5248 medium
2277 5196 2531 5264 parietem
2586 5191 2832 5245 maceria
2884 5187 3109 5250 solvens,
3153 5182 3497 5236 inimicitiam

1920 5288 1974 5341 in
2000 5303 2157 5340 carne
2187 5302 2307 5352 sua,
2349 5286 2511 5357 legem
2553 5281 2925 5335 mandatorum
2964 5273 3188 5328 decretis
3209 5286 3497 5335 evacuaus,

1920 5380 2082 5450 227
2106 5389 2164 5432 ut
2192 5379 2323 5433 duos
2354 5380 2543 5431 condat
2567 5376 2623 5428 in
2645 5385 2807 5429 semet
2840 5372 2895 5425 in
2919 5385 3081 5424 unum
3106 5383 3294 5421 novum
3334 5364 3501 5419 Itami-

1920 5487 2058 5537 nem,
2083 5457 2261 5539 pacem
2286 5468 2510 5537 faciens,
2533 5476 2582 5521 et
2611 5466 2791 5520 ambos
2810 5460 3166 5519 reconcilians
3187 5457 3298 5513 Deo
3315 5459 3370 5512 in
3394 5473 3497 5509 uno

1919 5580 2133 5633 corpore
2158 5579 2249 5632 per
2280 5576 2509 5628 crucem,
2557 5560 2817 5626 perimens
2859 5554 3192 5610 inimicitiam
3222 5552 3277 5605 in
3314 5557 3507 5605 semeb

311 5752 352 5787 κ
394 5750 551 5811 loau.
590 5751 852 5821 κ,14ει·η.
927 5749 969 5780 δ’
1004 5747 1197 5804 Ezcclt.
1240 5762 1445 5813 xxxvn,
1482 5745 1571 5800 9.6.
1648 5745 1691 5777 "
1724 5742 1818 5798 ,ἰοί

1923 5757 2029 5809 τιν,
2060 5740 2150 5794 Ἦ.
2228 5739 2275 5772 υ
2305 5737 2467 5793 Hebr.
2521 5752 2601 5804 ιχ,
2646 5736 2728 5793 lli.
2807 5736 2851 5769 ’⁸³
2881 5735 3047 5790 Hebr.
3094 5749 3210 5798 sui,
3243 5732 3336 5788 ΞΟ.
