3918 6152
426 288 535 353 ’143

1423 285 1491 346 S.
1529 283 1954 347 NICEPHORI
1992 278 2497 349 ΡΑΤΒΙΑΒΕΗΑΞ
2536 282 2653 343 CP.

3572 279 3682 343 ’144

432 407 561 462 illud
581 405 824 461 vicissim
849 404 972 460 sine
994 404 1098 459 hoc
1119 402 1420 458 consistere
1454 410 1640 472 queat.
1675 401 1733 457 Si
1760 417 1889 474 ergo
1907 418 1995 457 ve-

2106 400 2259 454 τοῦτο
2287 400 2460 471 χωρὶς
2496 401 2712 453 ἐκείνου
2747 397 3006 463 νοεῖσθαι,
3071 398 3196 469 μηδ’
3240 393 3311 453 αὗ
3340 401 3523 454 ἐκεῖνο
3550 402 3683 455 τού-

435 512 591 552 ταοες
618 508 745 552 sunt
781 495 1058 567 prophetis
1082 494 1291 549 sanctis
1313 493 1469 549 facta
1494 510 1524 547 a
1555 505 1748 550 sancto
1793 492 1997 563 Spiritu

436 589 816 649 revalationes,
865 587 1023 640 siculi
1068 601 1260 654 reapse
1297 599 1522 640 veraces
1566 594 1715 650 sunt,
1747 583 2001 639 Christus

436 681 578 736 Dens
609 691 790 735 noster
815 681 867 733 in
893 679 1026 746 ipsis
1061 691 1157 733 rex
1193 676 1512 745 appeilatns,
1533 690 1758 745 prorsus
1790 676 2001 745 aliquo-

436 790 555 827 rum
582 789 671 827 rex
696 782 803 835 est,
825 787 1014 837 nempe
1033 785 1223 824 eorum
1237 770 1331 838 qui
1366 769 1420 822 in
1437 768 1607 837 ipsius
1628 767 1829 822 ditione
1849 778 1997 822 sunt.

440 864 686 933 Namque
728 867 803 918 uti
826 865 971 917 ﬁcus
1009 869 1064 915 et
1098 865 1340 916 (Munium
1366 872 1605 925 creator,
1630 861 1870 915 omnium
1902 873 2002 914 rex

436 967 520 1012 est
557 976 571 1010 :
600 959 712 1026 ipse
745 958 889 1011 enim
913 964 1105 1025 regnat
1158 971 1187 1007 a
1249 954 1459 1007 ditione
1494 968 1593 1006 sua
1644 952 1999 1021 sempiterna,

436 1058 491 1101 et
522 1050 698 1103 omnia
729 1047 777 1103 ei
804 1049 1068 1102 serviunt.
1101 1044 1332 1115 Regnum
1355 1043 1468 1112 ejus
1508 1055 1720 1113 regnum
1771 1044 2003 1096 omnium

433 1142 771 1201 swcnlmum.
806 1151 853 1194 et
884 1139 1172 1193 dominatio
1206 1138 1372 1206 ipsius
1394 1138 1450 1190 in
1499 1136 1639 1188 omni
1673 1134 2006 1203 generatione

433 1240 481 1285 et
500 1231 832 1301 generatione
852 1229 920 1281 ⁸³.
950 1229 1227 1293 Quatenus
1257 1235 1436 1279 autem
1488 1240 1586 1279 nos
1636 1227 1684 1279 ei
1735 1223 2006 1279 credimus

435 1338 670 1389 eumque
692 1320 1034 1394 agnoscimus
1074 1320 1143 1372 oh
1205 1318 1473 1372 sinceram
1527 1319 1593 1370 de
1624 1317 1744 1385 ipso
1795 1313 2007 1370 confes-

435 1416 664 1475 sionem,
715 1420 906 1466 noster
938 1411 1155 1478 quidem
1194 1410 1287 1476 qui
1339 1408 1632 1460 Christiani
1668 1421 1880 1473 sumus,
1910 1421 2002 1460 rex

435 1515 557 1559 est:
593 1519 690 1557 nos
718 1502 862 1555 enim
918 1501 1143 1568 populus
1193 1501 1310 1565 ejus
1336 1498 1655 1564 peculiaris,
1686 1497 1868 1568 regale
1912 1512 2005 1550 sa-

436 1595 735 1649 cerdotium
799 1591 1090 1644 haereditas
1117 1600 1342 1653 aeterna,
1367 1600 1526 1656 atque
1548 1629 1562 1655 ,
1586 1598 1643 1641 ut
1677 1588 2000 1658 compendio

436 1686 637 1750 dicant,
667 1685 837 1738 electa
871 1682 1034 1737 Veluti
1060 1692 1113 1736 et
1148 1680 1536 1749 specialissima
1568 1680 1684 1746 ejus
1706 1679 2000 1748 possessio.

435 1775 644 1830 Nestrae
673 1790 761 1830 res
791 1790 940 1844 ergo,
975 1776 1065 1843 qui
1102 1773 1286 1825 divina
1337 1773 1510 1839 gratia
1577 1771 1860 1826 orthodoxi
1906 1786 2002 1825 su-
2035 1758 2079 1816 Β

438 1884 577 1932 mus,
600 1869 670 1922 ita
705 1882 763 1921 se
809 1866 1042 1924 habent;
1071 1864 1305 1930 ideoque
1362 1870 1662 1930 opportune
1715 1863 2002 1916 admodum

434 1970 490 2014 et
505 1966 865 2028 congruenter
895 1956 1091 2010 tradita
1128 1955 1306 2008 divina
1335 1952 1575 2017 oracula,
1619 1960 1821 2011 tantam
1849 1952 2004 2008 nobis

435 2049 867 2104 testimoniorum
887 2047 1084 2100 nubem
1111 2045 1546 2114 suppeditarunt,
1570 2043 1676 2098 lide
1717 2043 2002 2113 dignorum

435 2153 848 2208 usquequaque,
882 2149 937 2192 et
984 2138 1202 2189 arrham
1244 2135 1599 2205 prasbentium
1636 2151 1650 2187 :
1682 2149 1801 2202 qum
1849 2136 2005 2190 ιιοιιίε

432 2232 651 2302 quidem
686 2227 928 2281 veritatis
958 2226 1316 2289 amatoribus,
1340 2235 1390 2279 et
1431 2225 1523 2294 qui
1569 2224 1738 2278 divini
1768 2215 2008 2294 Spiritus

436 2325 770 2376 itlustramur
812 2333 874 2373 ac
924 2318 1341 2371 mannducimur
1374 2316 1819 2381 charismatibus,
1867 2316 2006 2371 bene

437 2422 790 2482 temperatam
845 2420 903 2465 et
957 2409 1330 2463 harmonicam
1368 2421 1432 2462 ac
1454 2407 1746 2477 jucundam
1816 2421 1989 2463 sacro-

444 2522 560 2559 rum
587 2519 651 2559 ac
699 2505 962 2559 divinitus
1018 2503 1405 2571 iusplratorum
1446 2502 1759 2567 dogmatum
1792 2509 2004 2559 nostro-

435 2613 554 2654 rum
570 2597 945 2669 symphoniam
969 2596 1262 2649 conciuunt
1284 2610 1298 2646 :
1318 2608 1473 2647 secus
1496 2607 1644 2656 vero,
1666 2592 1889 2646 istorum
1913 2592 2002 2661 qui

434 2713 738 2784 apostatico
767 2709 998 2780 impulsu
1044 2719 1354 2771 moventur,
1379 2707 1655 2761 vesaniam
1687 2716 1850 2774 atque
1886 2716 2002 2759 stu-

433 2821 617 2877 porem
657 2817 711 2879 et
738 2804 931 2872 impias
966 2816 1028 2855 ac
1077 2796 1453 2855 fraudulentas
1488 2812 1659 2867 nugas
1707 2797 2004 2866 dispelluut
2051 2825 2056 2831 ~

431 2915 497 2955 ex
545 2896 865 2952 adulterinis
891 2894 1214 2962 cagitatihus
1239 2905 1418 2957 ortas;
1453 2899 1509 2944 et
1528 2889 1681 2969 quasi
1727 2889 1926 2957 scripta
1950 2889 2001 2940 in

432 2992 590 3060 cippo
650 2988 1013 3057 irreligionem
1061 2985 1298 3054 ipsorum
1352 2981 1795 3036 manifestissime
1842 2995 2005 3048 expo-

440 3091 598 3137 nunt.
619 3080 712 3134 Sic
735 3078 926 3133 deinde
948 3088 1352 3144 quaqueversus
1378 3071 1637 3133 convicti,
1668 3085 1769 3125 ceu
1813 3069 1882 3123 ab
1907 3083 1997 3123 er-

439 3174 580 3228 roris
607 3170 800 3240 spiritu
834 3167 1117 3237 exagitati,
1155 3166 1313 3233 longe
1362 3180 1389 3217 a
1441 3164 1623 3218 divino
1652 3173 1796 3227 conn
1838 3173 2002 3230 atque

435 3272 618 3318 nostra
643 3261 1078 3317 Christianorum
1113 3256 1233 3309 aula
1256 3255 1544 3325 pellantur.

2100 507 2197 545 του
2222 492 2350 546 ἄνευ
2410 491 2805 545 συνίστασθαι·
2840 493 2891 544 εί
2937 491 3118 544 τοίνυν
3151 491 3375 563 ἀληθεῖς
3420 493 3477 544 αῖ
3528 494 3684 563 παρὰ

2100 583 2195 638 τοῦ
2230 583 2387 652 ἁγίου
2411 583 2728 653 Πνεύματος
2756 586 2871 644 τοῖς
2909 583 3089 651 ἁγίοις
3120 584 3426 655 προφήταις
3452 583 3689 652 γενόμε-

2100 694 2188 730 ναι
2217 677 2550 745 θεοφάνειαι,
2582 676 2773 748 ὥσπερ
2804 672 2899 731 οὖν
2931 678 3072 731 εἰσιν
3110 676 3355 747 ἀληθεῖς,
3388 678 3417 730 ὁ
3443 676 3686 747 Χριστος

2102 769 2197 823 καὶ
2232 768 2368 832 Θεὸς
2397 770 2557 840 ἡμῶν
2591 769 2848 840 βασιλεὺς
2882 769 3015 839 παρ’
3059 771 3247 832 αὐτοῖς
3273 769 3687 841 προσαγορευό-

2106 877 2284 932 μενος,
2317 863 2536 925 πάντως
2581 862 2755 915 τινῶν
2770 865 2891 915 “seu
2927 861 3207 933 βασιλεὺς,
3247 861 3358 936 τῶν
3398 860 3687 931 βασιλευο·

2107 954 2284 1023 μένων
2314 953 2518 1024 δήπου·
2563 954 2639 1016 ὠς
2674 955 2773 1023 μὲν
2822 955 2933 1026 γὰρ
2973 955 3107 1018 Θεὸς
3156 956 3251 1009 καὶ
3298 954 3688 1025 τενεσιουργὶς

2101 1045 2212 1098 τῶν
2264 1046 2544 1111 ἁπάντων,
2596 1047 2814 1099 πάντων
2862 1047 2982 1100 ἐστὶ
3021 1047 3320 1117 βασιλεύς·
3380 1046 3546 1110 αὐτὸς
3575 1047 3687 1116 γάρ

2102 1137 2252 1189 ἐστιν
2281 1139 2309 1191 ὁ
2332 1136 2612 1202 δεσπόζων
2646 1139 2704 1190 ἐν
2726 1139 2795 1208 τῇ
2829 1136 3118 1207 δυναστείᾳ
3146 1135 3312 1190 αὐτοῦ
3335 1135 3430 1189 τοῦ
3461 1136 3684 1198 αίῶνος,

2103 1232 2198 1283 καὶ
2216 1230 2284 1283 τὰ
2318 1229 2612 1298 σύμπαντα
2644 1230 2807 1283 δοῦλα
2833 1230 2985 1301 αύτῷ
3013 1231 3154 1293 ἐστι,
3185 1231 3280 1283 καὶ
3309 1228 3371 1284 Ἡ
3388 1229 3689 1294 ,ϐασιλεία

2103 1325 2291 1379 αὐτοῦ
2311 1324 2605 1388 βασιλεία
2655 1324 2900 1377 πάντων
2927 1321 3048 1376 τῶν
3091 1322 3338 1383 αἰώνων,
3372 1322 3473 1376 καὶ
3506 1322 3546 1391 ἡ
3586 1320 3687 1375 δε-

2104 1418 2359 1470 σποτεία
2394 1413 2583 1469 αὑτοῦ
2611 1415 2682 1468 ἐν
2717 1413 2885 1482 πάσῃ
2918 1412 3096 1481 γενεᾷ
3136 1412 3235 1467 καί
3261 1412 3458 1485 γενεᾷ.
3502 1414 3591 1476 Ὠς
3622 1413 3688 1464 δὲ

2107 1505 2311 1560 πιστῶν
2345 1505 2866 1573 καὶ-ἐπεγνωκότων
2913 1506 3096 1571 αὐτὸν,
3133 1505 3224 1558 διὰ
3259 1506 3358 1575 τῆς
3403 1507 3484 1568 είς
3514 1505 3688 1558 αὐτὸν

2105 1597 2341 1667 ἀληθοῦς
2372 1597 2689 1667 ὁμολογίας,
2718 1597 2875 1667 ἡμῶν
2924 1599 3043 1650 ἐστι
3069 1599 3179 1650 τῶν
3208 1594 3554 1669 Χριστιανῶν
3586 1599 3686 1667 βας

2109 1689 2286 1754 σιλεύς
2312 1706 2329 1723 ·
2385 1691 2551 1759 ἡμεῖς
2596 1690 2708 1760 γάρ
2749 1692 2920 1759 ἐσμεν
2969 1688 3095 1754 λαὸς
3135 1688 3301 1741 αὐτού
3346 1689 3685 1761 περιούσιος,

2109 1781 2204 1834 καὶ
2238 1780 2506 1850 βασίλειον
2543 1780 2864 1852 ἱεράτευμα,
2895 1780 3003 1853 ,καὶ
3050 1778 3387 1849 κληρονομία
3441 1782 3688 1844 αἰώνιος,

2109 1872 2201 1926 καὶ
2230 1870 2563 1925 συλλαϐόντα
2596 1873 2792 1936 εἰπεῖν,
2818 1869 3009 1942 ὥσπερ
3049 1860 3327 1941 ἐξαίρετοι
3356 1873 3451 1924 καὶ
3481 1872 3691 1926 οίκειό-

2107 1981 2269 2018 τατον
2318 1964 2469 2035 αὐτῷ
2498 1965 2689 2035 κτῆμα
2715 1981 2729 1995 ·
2756 1963 2827 2018 τὰ
2849 1960 2942 2017 οὖν
2989 1963 3236 2035 ἡμέτερα
3258 1964 3368 2015 τῶν
3392 1962 3688 2016 εὐσεϐούν-

2109 2072 2219 2109 των
2245 2057 2312 2127 τῇ
2337 2054 2463 2126 θείᾳ
2500 2054 2708 2125 χάριτι,
2737 2054 2964 2108 τοιαῦτα
2995 2055 3091 2107 καὶ
3123 2054 3296 2116 οὕτως
3328 2055 3542 2124 ἔχοντα,
3588 2056 3690 2107 καὶ

2106 2148 2248 2201 κατὰ
2279 2146 2452 2200 ταῦτα
2500 2146 2777 2217 εὐκαίρως
2831 2147 2972 2217 ἄγαν
3007 2146 3102 2199 καὶ
3132 2143 3409 2216 ἁρμοδίως
3462 2148 3510 2198 οῖ
3548 2145 3691 2205 θεῖοι

2105 2236 2556 2310 παραληφθέντες
2584 2238 2851 2307 χρησμοὶ,
2881 2236 3044 2304 νέφος
3072 2231 3204 2305 ⁴ίιμῖν
3253 2233 3509 2287 τοσοῦτον
3543 2249 3691 2303 μαρ-

2104 2328 2284 2399 τύρων
2305 2327 2675 2399 περιέστησαν
2702 2326 3000 2396 ἀξιόχρεων
3023 2328 3078 2377 ἐν
3097 2324 3271 2378 ἅπασι
3286 2326 3379 2378 καὶ
3396 2325 3684 2394 ἐχέγγυον·

2103 2417 2245 2472 ὥστε
2273 2420 2403 2488 ἡμῖν
2436 2418 2537 2488 μὲν
2563 2421 2676 2482 τοῖς
2704 2416 2811 2471 τῶν
2839 2415 3054 2486 ἀληθῶν
3096 2418 3385 2487 Ἐρασταῖς,
3425 2417 3520 2468 καὶ
3568 2418 3689 2476 τοῖς

2106 2511 2170 2564 ὲιι
2196 2508 2290 2562 τοῦ
2316 2509 2463 2562 θείου
2496 2509 2815 2577 Πνεύματος
2856 2503 3294 2587 ἕλλαμπομένοις
3322 2498 3380 2559 τε
3410 2508 3506 2559 καὶ
3535 2523 3688 2576 χειρ-

2102 2603 2511 2671 αγωγουμένοις
2564 2599 2920 2671 χαρίσμασιν,
2975 2598 3248 2669 εὔρυθμον
3292 2600 3387 2652 καὶ
3440 2599 3682 2670 ἐναρμός

2102 2696 2215 2745 νιόν
2251 2692 2344 2745 καὶ
2377 2691 2817 2762 μεμουσωμένην
2844 2689 2955 2744 τῶν
2986 2688 3149 2761 ἱερῶν
3178 2690 3274 2744 καὶ
3302 2689 3686 2751 θεοπνεύστων

2103 2786 2260 2857 ἡμῶν
2286 2786 2574 2854 δογμάτων
2613 2785 2848 2855 ἀπηχεῖν
2876 2782 2977 2853 τὴν
3006 2783 3330 2854 συμφωνίαν
3357 2798 3372 2814 ·
3399 2782 3511 2834 τῶν
3531 2782 3589 2836 δὲ
3612 2783 3687 2835 ἐκ

2101 2879 2201 2949 τῆς
2246 2877 2617 2946 ἀποστατικῆς
2672 2876 3061 2946 ἔμπνεομένων
3113 2873 3422 2943 δυνάμεως,
3468 2874 3572 2943 τήν
3620 2889 3686 2925 τε

2102 2967 2535 3039 παραφροσύνην
2562 2967 2658 3020 καὶ
2676 2966 3021 3036 ἀποπληξίαν
3039 2965 3134 3019 καὶ
3166 2965 3234 3019 τὰ
3258 2964 3474 3034 ἄθεσμα
3498 2962 3688 3017 αὐτῶν

2104 3061 2207 3114 καὶ·
2252 3061 2510 3131 ἀπατηλὰ
2549 3059 2907 3130 θριαμϐεύειν
2946 3054 3281 3139 ¹ληρήματα,
3313 3046 3588 3110 ἐκίνόθων
3618 3073 3687 3110 τε

2105 3155 2202 3208 καὶ
2225 3153 2496 3224 κιϐδήλων
2528 3146 2779 3206 διανοιῶν
2803 3149 3285 3222 ἀναϐρασσόμενα,
3316 3150 3411 3202 καὶ
3428 3142 3518 3202 οἷα
3551 3151 3687 3219 στήο

2106 3249 2591 3322 ληνάνάγραπτον
2620 3246 2719 3318 τὴν
2744 3244 3066 3300 δυσσέϐειαν
3094 3241 3273 3297 αὐτῶν
3297 3228 3690 3314 ἐμφανέστατα

433 3354 622 3425 φέρειν
655 3370 666 3381 ·
693 3350 835 3404 οὕτω
861 3347 1044 3402 λοιπὸν
1068 3343 1403 3413 πανταχόθεν
1420 3341 1795 3412 ἑληλεγμένοι,
1823 3341 1886 3394 ὲκ
1933 3339 2027 3395 τοῦ
2065 3340 2167 3410 τῆς
2218 3332 2433 3408 πλάνης
2483 3338 2798 3427 πνεύματος
2846 3332 3261 3407 ἐνεργούμενα,
3341 3333 3537 3404 πόρρω
3583 3335 3686 3386 τοῦ

433 3449 579 3502 θείου
604 3443 767 3517 χοροῦ
800 3442 895 3495 καὶ
920 3440 1018 3511 τῆς
1040 3437 1163 3493 καθ’
1203 3438 1351 3507 ἡμᾶς
1378 3435 1487 3488 τῶν
1519 3434 1863 3505 Χριστιανῶν
1908 3433 2081 3505 αὐλῆς
2124 3430 2546 3501 ἀπεληλάσθων.

504 3586 618 3654 Age
665 3597 795 3638 vero
842 3580 967 3652 quia
1023 3592 1187 3633 onme
1226 3576 1425 3631 malum
1478 3572 1777 3643 inquietum
1816 3580 1900 3625 est
1951 3579 2005 3649 et

435 3677 671 3741 infrene,
731 3683 787 3727 et
835 3674 888 3727 in
926 3686 1025 3727 suo
1081 3674 1225 3723 statu
1260 3680 1582 3737 permanere
1635 3665 1853 3734 nequit;
1904 3664 2003 3741 sed

433 3768 645 3839 longius
697 3777 911 3833 semper
965 3760 1262 3831 procedens
1295 3796 1313 3823 ,
1370 3771 1561 3813 cursus
1623 3755 1709 3810 sui
1765 3740 2003 3822 requiem

433 3876 539 3915 non
589 3857 827 3921 iuvcnit;
881 3854 1045 3910 veluti
1101 3852 1319 3907 ﬂuviale
1365 3848 1624 3905 ﬂuentum
1683 3844 1898 3902 fervens
1948 3854 2005 3899 et.

431 3957 718 4010 exundans
760 3953 1013 4023 ripasque
1058 3961 1343 4018 superans,
1395 3960 1519 4001 cum
1568 3941 1830 4015 declivem
1873 3955 2002 3997 cur-

432 4059 665 4113 vumqne
717 4042 890 4097 locum
953 4051 1169 4093 nactum
1225 4034 1412 4101 fuerit,
1480 4033 1786 4087 nullatenus
1829 4029 2003 4097 impe-

433 4140 522 4183 tus
578 4130 698 4199 ejus
744 4128 947 4183 eﬂ‘usus
998 4126 1434 4187 centineturyet
1480 4122 1695 4177 obvium
1741 4117 2004 4188 quidlibet

433 4219 589 4274 facile
629 4219 826 4287 abripit
858 4230 1154 4285 secumque
1205 4214 1355 4267 fert:
1394 4213 1466 4265 ita
1507 4224 1792 4279 poetquam
1816 4209 1868 4261 in
1904 4207 2004 4261 ali-

431 4327 591 4378 quam
637 4306 936 4375 obrepserit
979 4303 1378 4372 animamque:
1422 4299 1591 4365 semel
1633 4302 1772 4352 bono
1816 4297 2001 4370 (spiri-

433 4400 532 4468 tui)
580 4399 824 4451 nuntium
889 4392 1181 4456 remiserit,
1213 4390 1354 4445 haud
1411 4398 1537 4443 ante
1582 4404 1614 4442 a
1662 4389 2002 4457 depascendo

432 4487 905 4555 consumettdoque
958 4485 1188 4551 desinet,
1217 4484 1390 4538 donec
1434 4483 1487 4537 in
1533 4492 1834 4538 extremum
1881 4485 2001 4538 exi-

433 4582 562 4634 tium
620 4579 927 4649 proiecerit.
958 4575 1112 4631 Sicut
1171 4577 1223 4631 in
1272 4578 1372 4630 hac
1423 4591 1638 4647 quoque
1702 4592 1761 4632 re
1802 4592 2000 4633 usuve-

434 4674 531 4728 nil.
572 4673 708 4726 Ecce
783 4673 928 4725 enim
981 4681 1264 4740 postquam
1315 4670 1430 4724 hzec
1488 4670 1656 4739 pestis
1703 4670 2000 4726 hodierno-

435 4782 551 4819 rnttt
607 4764 892 4831 impiorum
943 4762 1225 4817 Celerrime
1259 4761 1469 4815 animas
1495 4745 1767 4830 pervasit}
1797 4763 1863 4816 ad
1913 4762 1998 4814 in-

2189 3569 2409 3640 Ἐπειδὴ
2432 3569 2491 3623 δὲ
2514 3568 2577 3622 τδ
2605 3567 2774 3623 κακὸν
2806 3568 3038 3623 άστατόν
3066 3568 3127 3622 τέ
3161 3568 3279 3621 ἐστι
3311 3568 3403 3621 καὶ
3429 3568 3685 3640 ἄσχετον,

2106 3664 2200 3717 καὶ
2230 3663 2417 3733 μένειν
2451 3659 2539 3729 ἐφ’
2567 3659 2764 3714 ἑαυτοῦ
2796 3658 3063 3731 μηδαμῶς
3093 3659 3425 3729 ἀνεχόμενον
3450 3677 3467 3692 ·
3500 3661 3589 3714 ἀεὶ
3622 3660 3684 3713 δὲ

2106 3756 2316 3827 προϊὸν,
2352 3754 2451 3810 καὶ
2479 3754 2673 3808 στάσιν
2705 3753 2803 3822 τῆς
2832 3753 3006 3823 φοράς
3036 3753 3136 3821 οὐχ
3178 3752 3460 3822 εὑρίσκον,
3506 3752 3686 3807 καθά-

2106 3865 2212 3919 περ
2252 3848 2443 3918 ῥεῖθρα
2498 3848 2740 3915 ποτάμια
2777 3841 3217 3915 πλημμυροῦντα
3265 3844 3361 3899 καὶ
3412 3844 3689 3917 ὑπερϐλύ-

2105 3938 2265 4004 ζοντα
2294 3939 2391 3992 καὶ
2435 3937 2533 4008 τῆς
2581 3937 2749 4008 ὄχθης
2800 3935 3202 4006 ὑπερχεόμενα,
3240 3939 3483 4009 ὁπηνίκα
3537 3938 3686 4001 τινὸς

2105 4029 2297 4087 ὑπτίου
2351 4028 2449 4082 καὶ
2514 4029 2756 4099 πρανοῦς
2802 4028 3130 4100 ἐπιλάϐηται
3172 4029 3377 4100 χώρου,
3410 4030 3537 4082 οὔτε
3585 4031 3687 4099 τῆς

2106 4120 2286 4193 ῥύμης
2310 4119 2584 4191 ραγδαίως
2619 4122 3045 4192 ἐπισχεθήσεται
3094 4122 3461 4194 προχεόμενα,
3499 4122 3594 4175 καὶ
3622 4121 3688 4174 τὸ

2104 4213 2241 4283 πρὸς
2298 4213 2461 4284 τυχὸν
2570 4212 2716 4266 ἅπαν
2770 4213 2970 4284 ῥᾳδίως
3017 4215 3106 4267 ἀεὶ
3156 4214 3535 4285 παρασύρεται
3586 4213 3685 4267 καὶ

2106 4305 2531 4373 συνεφέλκεται·
2582 4304 2726 4357 οὕτω
2771 4321 2834 4373 γε
2865 4304 2967 4375 ἢδη
3010 4305 3133 4358 καθ’
3163 4304 3229 4367 ἃς
3280 4305 3346 4358 ἂν
3395 4306 3683 4377 ἑφερπύσῃ

2100 4395 2302 4465 ψυχάς,
2359 4394 2618 4460 καθάπαξ
2645 4395 2992 4464 άπογνούσας
3043 4396 3150 4466 τῆς
3178 4394 3282 4449 τοῦ.
3307 4396 3516 4463 ἀγαθοῦ
3547 4414 3685 4468 μετ-

2114 4487 2319 4552 ουσίας,
2389 4488 2490 4541 οὐκ
2542 4487 2607 4540 ἂν
2650 4487 2779 4557 πρὶν
2806 4487 3101 4557 ἀπόσχοιτο
3153 4489 3551 4558 ὶπινεμόμενον
3590 4490 3688 4543 καὶ

2113 4586 2606 4655 καταϐοσκόμενον,
2639 4585 2742 4649 ἕως
2772 4584 2840 4638 ἂν
2867 4586 2946 4648 είς
2972 4585 3196 4657 ὀλέθρου
3225 4586 3555 4658 ἀπορρίψειε
3588 4584 3688 4638 πέ-

2104 4695 2243 4748 ρατα
2269 4695 2282 4709 ·
2310 4679 2491 4730 ὁποῖον
2525 4663 2588 4747 δή
2618 4693 2672 4729 τι
2729 4675 3010 4730 κάνταῦθα
3066 4675 3420 4747 συμϐέϐηκε·
3450 4676 3549 4728 καὶ
3574 4676 3685 4745 γὰρ

2104 4772 2207 4825 κάν
2263 4771 2386 4833 ταῖς
2432 4768 2542 4822 τῶν
2600 4766 3007 4822 δυσσεϐούντων
3058 4768 3264 4821 τούτων
3319 4768 3396 4830 ὡς
3452 4770 3678 4838 τάχιστα

437 4854 771 4910 credulitatis
812 4869 1024 4923 quoque
1075 4862 1236 4922 atque
1279 4868 1307 4905 a
1340 4853 1448 4906 Deo
1476 4852 1817 4907 alienationis
1857 4867 1996 4921 prae-

2106 4856 2475 4927 διικνούμενον
2495 4856 2696 4927 ψυχαῖς
2726 4850 3128 4929 ἐγκατέσκηψε,
3165 4858 3262 4922 καὶ
3299 4859 3439 4931 πρὸς
3469 4858 3678 4914 ὄλισθον

433 4948 677 5017 cipitium
732 4946 966 5018 impulit.
1021 4945 1155 5001 Nam
1212 4944 1429 4999 dolosas
1493 4944 1726 5014 primum
1786 4943 2001 5014 linguas

431 5043 692 5094 adversus
754 5039 1035 5095 Christum
1095 5050 1448 5104 exacuentes,
1492 5039 1695 5093 nullam
1761 5040 2000 5093 vesaniae

435 5148 546 5187 sua:
602 5133 905 5187 satietatem
979 5131 1253 5198 sentiunt;
1311 5146 1487 5198 neque
1538 5146 1567 5185 a
1618 5131 1997 5186 calumniauda

427 5226 862 5282 Christianorum
895 5225 1095 5294 pietate
1123 5232 1360 5288 cessant,
1389 5223 1771 5292 imoquotidie
1817 5223 1994 5278 incre-

429 5329 667 5373 mentum
717 5316 932 5372 malitize
996 5316 1337 5387 capiunt,ita
1374 5325 1431 5370 ut
1489 5316 1669 5385 pejora
1727 5318 1999 5385 prioribus

429 5394 895 5480 posteriora'sint,
925 5409 1149 5466 multam
1190 5409 1602 5481 sycophantiam
1650 5419 1840 5463 contra
1877 5410 1995 5462 ani-

431 5511 573 5554 mata
609 5499 847 5567 Spiritus
890 5500 1083 5569 templa
1125 5509 1499 5561 contexentes.
1549 5513 1721 5568 neque
1768 5507 1993 5553 catenas

499 5672 544 5706 ⁵⁸
575 5671 714 5726 Pin].
736 5688 911 5741 εςιιγ,
942 5676 1019 5730 i3.

2104 4950 2368 5012 ἀπιστίας
2396 4949 2492 5003 καὶ
2536 4947 2851 5018 ἁφιλοθεῖας
2887 4940 3143 5020 ἀπήγαγε
3164 4965 3178 4979 ·
3222 4936 3320 5015 τάς
3363 4951 3475 5023 γάρ
3506 4952 3679 5016 δολίας

2102 5041 2356 5110 γλώσσας
2412 5043 2557 5096 κατὰ
2622 5043 2861 5113 Χριστοῦ
2910 5027 3190 5114 ’πρότερον
3236 5030 3673 5115 καταθήξαντες,

2103 5135 2266 5207 κόρον
2299 5137 2396 5206 μὲν
2421 5136 2519 5207 τῆς
2543 5137 2623 5199 είς
2650 5137 2813 5189 αὑτὸν
2860 5136 3149 5206 παροινίας
3176 5137 3277 5190 ούιι
3312 5137 3498 5190 ἴσασιν
3522 5156 3537 5169 ·
3573 5135 3676 5190 οἰδ*

2102 5212 2170 5278 αὖ
2202 5224 2300 5293 τῆς
2326 5225 2673 5295 Χριστιανῶν
2709 5225 3022 5288 θεοσεϐείας
3057 5226 3530 5297 καταγορεύοντες
3550 5229 3677 5282 ἁπο-

2104 5315 2386 5388 λήγουσιν,
2429 5314 2673 5371 ἐπίδοσιν
2697 5316 2753 5371 δὲ
2804 5317 3007 5387 μᾶλλον
3049 5306 3308 5372 ἑκάστοτε
3336 5319 3439 5390 τῆς
3486 5319 3675 5390 κακίας

2104 5410 2440 5482 ποιούμενοι,
2469 5410 2544 5474 ὡς
2582 5410 2648 5464 ἂν
2669 5411 2838 5483 χείρω
2856 5412 2964 5465 τῶν
2995 5411 3378 5483 προλαϐόντων
3398 5412 3469 5467 τὰ
3502 5417 3676 5467 ἐπεισ-

2106 5501 2261 5557 ιόντα
2308 5503 2605 5572 γίγνοιντο,
2641 5504 2842 5576 πολλὴν
2879 5506 3244 5574 συκοφαντίαν
3277 5505 3419 5558 κατὰ
3446 5506 3556 5559 τῶν
3582 5507 3673 5576 ip.-
