3900 6148
216 311 327 376 745

1083 308 1648 378 APOLOGETICUS
1683 303 1831 366 PRO
1871 294 2142 368 SACRIS'
2172 305 2651 372 iMAGlNI'BUS.

3367 311 3474 375 Ἶίθ

216 429 406 500 ψύχων
438 429 531 482 τοῦ
570 428 884 500 Πνεύματο;
926 431 1068 485 ναῶν
1094 431 1478 500 ἐξυφήναντες,
1530 426 1590 480 ού
1634 425 1794 494 μέχρι

1897 419 2197 478 subsistunt
2222 426 2350 492 ;sed
2377 426 2488 494 jam
2524 434 2712 480 contra
2759 425 3056 482 inanimata
3085 443 3299 499 quoque
3332 439 3471 484 teme

217 523 418 576 τούτου
453 521 691 592 ἔστησαν
712 540 724 552 ·
755 524 858 594 ἤδη
889 524 946 578 δὲ
971 523 1065 578 καὶ
1087 523 1227 577 κατὰ
1251 522 1361 576 τῶν
1391 521 1614 592 ἀψύχων
1629 519 1794 581 ναῶν,

218 614 382 668 θείων
411 613 458 667 δ’
485 614 657 684 ὅμως,
690 614 788 677 τὰς
826 615 1074 678 ἀνοσίους
1101 616 1291 685 χεῖρας
1324 611 1678 666 καθώπλισαν
1699 627 1712 640 ·
1745 609 1798 662 οἵ

213 721 284 774 γε
322 704 401 775 τῷ
429 703 544 756 ὄντι
565 704 726 767 ναοὺς
753 705 1048 773 δαιμονίων
1079 705 1177 767 τὰς
1209 703 1361 773 σφῶν
1395 703 1575 757 αὐτῶν
1617 701 1797 772 ψυχὰς

213 793 634 862 ἀποφαίνοντες,
667 794 777 846 ἀπὸ
823 795 918 846 τοῦ
955 793 1202 860 δοξάζειν
1241 791 1482 854 εἰδώλοις
1531 790 1606 854 ὡς
1655 791 1798 852 θεοῖς

215 887 526 957 προσιέναι,
560 887 649 940 ἵνα
698 885 977 940 κάνταῦθα
1005 888 1065 940 τὺ
1111 887 1248 958 πρὸς
1282 885 1567 940 εὐσέϐειαν
1609 885 1794 946 αὐτοῖς

214 975 587 1046 ἀκοινώνητον
619 976 1070 1046 ’μαρτυρούμενον
1117 976 1448 1046 διαφαίνοιτο
1474 992 1488 1005 ·
1534 973 1657 1027 οὔτε
1686 973 1794 1042 γὰρ

218 1065 475 1119 κοινωνία
513 1067 653 1135 φωτὶ
701 1066 836 1136 πρὸς
869 1067 1081 1130 σκότος,
1127 1067 1203 1130 ὡς
1239 1067 1360 1120 οὐδὲ
1393 1065 1796 1136 συγκατάθεσις

217 1157 335 1227 ναῷ
359 1156 497 1210 Θεου
531 1155 670 1226 μετὰ
701 1157 956 1223 εἰδώλων,
985 1161 1078 1212 καὶ
1103 1159 1243 1212 ὥστε
1279 1159 1352 1230 μὴ
1383 1160 1443 1212 ἐν
1482 1159 1664 1227 λόγοις
1695 1161 1794 1230 μό-

217 1265 313 1302 νον
340 1247 411 1301 τὰ
438 1249 534 1319 τῆς
567 1248 916 1318 βλασφημίας
942 1251 1126 1314 αὐτοῖς
1154 1249 1395 1321 ἐξέρποι,
1429 1251 1544 1304 ἀλλ’
1575 1251 1676 1321 ἤδη
1703 1250 1796 1304 καὶ

218 1343 281 1394 ἐν
313 1340 634 1412 πράγμασιν
663 1341 1019 1410 ὲξανυὸμενον
1049 1343 1228 1396 αὐτῶν
1273 1343 1571 1413 καθορᾶται
1615 1343 1675 1396 τὸ
1705 1360 1798 1394 κα-

219 1431 538 1504 κούργημα,
585 1431 680 1485 καὶ
715 1433 839 1502 μηδ’
875 1433 1046 1501 ἀκοῆς
1087 1432 1247 1504 μέχρι
1298 1433 1692 1504 περιθρυλῆται
1737 1434 1796 1486 τὸ

224 1521 532 1592 δύσφημον,
561 1522 696 1576 ἀλλὰ
749 1525 850 1576 κάν
887 1527 1008 1586 ταῖς
1043 1524 1300 1577 ἁπάντων
1325 1524 1480 1593 ὄψεσι
1525 1524 1796 1595 βλεπόμεο

219 1632 310 1669 νον
341 1613 664 1687 προκέηται.
1293 1607 1296 1610 ’

296 1704 357 1768 ξ’.
385 1701 515 1778 Ἆρ’
554 1701 647 1758 οὖν
677 1705 1085 1776 κατεψεύσαντο
1105 1708 1202 1777 μὲν
1235 1709 1328 1762 καὶ
1377 1710 1793 1780 κατηγόρευσαν

1899 513 2007 582 pla,
2034 525 2088 568 et
2126 525 2306 570 tamen
2342 516 2543 582 divina,
2581 532 2770 571 manus
2803 529 3117 586 armarunt;
3145 522 3236 589 qui
3278 537 3465 575 revera

1897 604 2285 658 dremoniorum
2312 607 2508 675 templa
2535 609 2744 661 animas
2773 622 2902 663 snas
2921 623 3044 664 esse
3068 613 3464 676 demonstrant,

1897 697 2019 749 dum
2048 697 2368 752 existimant
2420 699 2484 752 ad
2519 699 2660 754 idola
2712 710 2964 770 tanquam
3029 703 3097 757 ad
3135 704 3262 760 deos
3308 721 3466 757 aere-

1896 787 2056 851 dere;
2093 795 2149 840 ut
2198 787 2248 840 id
2275 789 2436 842 etiam
2466 789 2702 856 ipsorum
2729 805 2757 844 a
2783 801 2934 844 recta
2971 793 3231 862 religione
3264 793 3470 848 aliena-

1899 875 2098 930 tionem
2145 886 2392 934 testetur.
2421 877 2613 950 Neque
2663 883 2807 936 enim
2841 890 2925 936 est
2975 884 3286 938 eotnmunio
3337 885 3473 940 lucis

1897 981 2018 1020 eum
2053 970 2314 1034 tenebris,
2341 986 2440 1026 nec
2468 973 2803 1030 consortium
2843 975 3027 1044 templi
3070 976 3162 1030 Dei
3191 993 3312 1031 cum
3345 977 3466 1032 ido-

1899 1057 1981 1111 lis.
2023 1061 2172 1114 Adeo
2199 1070 2262 1115 ~ut
2299 1077 2408 1116 non
2436 1065 2729 1118 verborum
2767 1073 2930 1121 tenus
2965 1065 3302 1136 blasphemia
3345 1069 3471 1124 illo~

1898 1165 2014 1204 rum
2041 1163 2242 1222 serpat,
2269 1155 2490 1223 sedjam
2521 1159 2777 1225 operibus
2801 1174 3014 1228 quoque
3048 1163 3233 1231 peragi
3271 1163 3470 1232 nequi-

1902 1243 1970 1295 tiu
2011 1243 2220 1298 illorum
2280 1256 2587 1316 spectetur;
2615 1265 2789 1314 neque
2843 1253 3064 1306 auribus
3093 1256 3470 1310 tantummodo

1899 1333 2120 1389 infamia
2175 1336 2389 1390 illorum
2456 1339 2693 1404 insonet,
2739 1341 2833 1397 sed
2889 1352 2944 1397 et
2997 1346 3240 1398 omnium
3301 1347 3474 1401 oeulis

1898 1425 2279 1494 Conspicienda
2305 1439 2540 1498 prostet.

1966 1691 2054 1747 60.
2084 1693 2299 1762 Ergone
2331 1705 2532 1764 negant
2553 1705 2607 1752 et
2637 1699 2890 1755 incusant
2926 1702 3162 1757 divinam
3191 1720 3474 1760 arcanam—

215 1799 320 1869 τῆς
347 1771 496 1857 θείας
549 1797 644 1850 καὶ
695 1771 1007 1868 ἀπορρήτου
1045 1771 1202 1870 δόξης
1232 1817 1292 1853 τε
1347 1803 1440 1854 καὶ
1489 1771 1793 1872 δυνόιμεως,

1901 1801 2004 1854 que
2036 1787 2377 1855 majestatem
2409 1799 2570 1858 atque
2593 1792 2910 1860 potentiam,
2947 1803 3000 1848 et
3044 1805 3153 1849 tum
3181 1798 3472 1868 inspiratu-

214 1891 320 1960 τῆς
372 1903 431 1941 τε
468 1887 577 1940 τῶν
617 1886 1025 1947 θεοπνεύστων.
1079 1891 1174 1943 καὶ
1210 1891 1312 1961 ⁸ιῆς
1364 1893 1472 1945 τῶν
1531 1893 1796 1962 θεολόγων

217 1978 680 2050 κατεφλυάρησαν
718 1979 1103 2047 διδασκαλιας,
1141 1982 1307 2053 δρῶσι
1345 1985 1402 2037 δὲ
1445 1978 1519 2037 ὧν
1554 1987 1796 2039 ἐκενολὸ-

217 2087 398 2140 γησαν
425 2070 643 2141 ἥττονα,
693 2071 726 2140 ἢ
770 2071 1070 2138 καθυφιᾶσι
1121 2076 1235 2136 τοῖς
1290 2073 1796 2146 βλασφημουμένοις

217 2161 458 2228 ὲκδεῖξαι
517 2161 896 2232 παρισούμενα
947 2161 1016 2215 τὰ
1073 2164 1446 2234 πραττόμενα,
1487 2167 1518 2238 ἦ
1565 2167 1625 2220 οὐ
1676 2167 1797 2219 λίαν

219 2250 595 2322 ὑπεραίροντα
617 2266 632 2315 ;
664 2249 738 2304 Οῦ
767 2267 866 2320 μεν
889 2249 982 2304 οὖν
1003 2267 1018 2282 ⁸
1041 2251 1155 2305 ἀλλ’
1181 2256 1238 2306 ὲν
1270 2249 1315 2322 ᾧ
1349 2255 1440 2308 τὸν
1469 2257 1680 2326 πατέρα
1702 2255 1794 2308 τοῦ

214 2335 469 2412 ψεύδους⁶
480 2340 729 2395 διάϐολον
758 2340 930 2394 πάλαι
969 2342 1397 2414 ἀπολειπόμενον
1426 2346 1519 2398 καὶ
1544 2345 1793 2414 ἡττώμε-

216 2449 312 2486 νον
336 2431 600 2502 εγνωμεν,
653 2431 812 2486 τοῦτο
848 2433 944 2486 νῦν
978 2433 1406 2504 προστιθέμενον
1449 2436 1664 2506 ὁρῶμεν
1705 2437 1796 2489 καὶ

215 2522 593 2592 ὲπαυξόμενον
616 2537 633 2554 ο
669 2521 731 2576 τὺ
752 2522 883 2594 πρὶν
908 2521 1018 2594 γὰρ
1047 2524 1106 2577 ὲν
1124 2522 1302 2592 λόγοις
1331 2523 1494 2593 μόνον
1523 2525 1614 2577 τὸν
1654 2527 1798 2578 κατὰ

213 2613 323 2684 τῆς
357 2613 685 2684 Ἐκκλησίας
736 2613 974 2684 ἄρασθαι
1029 2615 1264 2685 πόλεμον
1287 2615 1412 2679 τοὺς
1459 2615 1796 2680 ἀσεϐοῦντας

215 2706 673 2776 παρασκευάσας,
710 2706 808 2760 κοιλ⁵
845 2706 1047 2777 μυρίας
1094 2707 1228 2772 ὅσας
1285 2707 1530 2778 αἱρέσεις
1579 2710 1637 2760 ἐν
1683 2712 1795 2772 τοῖς

211 2797 569 2866 Χριστιανοῖς
600 2796 947 2868 παρενείρας,
984 2798 1041 2850 ὲν
1071 2797 1151 2867 τῷ
1181 2798 1274 2852 νῦν
1299 2799 1360 2851 ού
1395 2798 1574 2867 λόγοις
1611 2799 1792 2868 μόνον,

213 2885 323 2956 ἤδη
349 2885 406 2938 δὲ
435 2887 696 2957 προσθεὶς
733 2887 828 2940 καὶ
853 2888 914 2941 τὸ
961 2888 1304 2958 λειπόμενον,
1339 2892 1432 2945 καὶ
1479 2891 1662 2963 ἔργοις
1696 2893 1796 2946 αύ-

213 2978 332 3040 τοῖς
371 2978 512 3030 κατά
549 2977 660 3031 τῶν
717 2977 878 3032 θείων
921 2980 1100 3051 δόμων
1131 2982 1226 3035 καὶ
1269 2982 1378 3036 τῶν
1421 2983 1596 3038 ἄλλων
1635 2985 1794 3055 ἱερῶν

213 3070 586 3141 ἀναθημάτων
624 3071 1006 3142 ἐξεϐάκχευσε,
1057 3073 1126 3127 τὰ
1164 3075 1301 3144 πρὸς
1341 3075 1664 3146 καθαίρεσιν
1693 3078 1790 3133 τοῦ
1821 3096 1863 3152 c

216 3160 431 3232 κόσμου
461 3162 556 3215 καὶ
585 3163 684 3232 τῆς
723 3165 1057 3234 εὐπρεπείας
1089 3167 1292 3232 αὐτῶν,
1326 3169 1789 3239 κατεργάζεσθαι,

211 3253 292 3315 ὡς
312 3251 378 3305 ἂν
397 3251 468 3304 δι’
493 3254 819 3324 ἀμφοτέρων
861 3256 922 3308 τὸ
953 3257 1032 3320 εἰς
1067 3258 1264 3312 κακίαν
1306 3262 1603 3332 περιφανὲς
1653 3263 1792 3315 ἀπο-

214 3343 470 3414 φέροιντο
496 3359 510 3374 ⁸
537 3345 778 3416 τολμῶσι
799 3347 928 3414 γοῦν
957 3349 1004 3400 οἱ
1035 3347 1310 3418 ἐξάγιστοι
1335 3352 1477 3404 κατά
1502 3351 1609 3404 τῶν
1632 3353 1790 3423 ἱερῶν

211 3437 312 3489 καὶ
347 3435 507 3492 θείων
548 3435 738 3492 τύπων
784 3441 876 3492 2:2".
920 3441 1204 3510 συμϐόλων
1230 3443 1328 3511 τῆς
1377 3443 1645 3514 σωτηρίου
1695 3444 1789 3496 τοῦ

208 3527 354 3581 Θεοῦ
383 3529 555 3594 Λόγου
582 3530 893 3600 οίκονομίας
916 3549 974 3584 τε
1006 3533 1099 3586 καὶ
1124 3533 1470 3602 σαρκώσεωε,
1500 3535 1591 3586 καὶ
1621 3535 1711 3587 τὸν
1733 3537 1790 3587 ἐν

207 3621 334 3682 τοῖς
367 3619 544 3686 ἁγίοις
565 3623 736 3684 οἴκοις
775 3622 1150 3692 ἐπιχειροῦσιν
1197 3624 1558 3692 ἀπαγλαῖςειν
1610 3625 1791 3678 διάκο-

209 3727 376 3778 σμον,
443 3712 540 3764 καὶ
591 3711 922 3781 καθαιροῦσι
973 3714 1073 3783 τῆς
1109 3713 1350 3784 ἱστορίας
1396 3715 1458 3766 τὸ
1510 3714 1686 3780 ἅγιον,
1721 3717 1790 3768 τὰ

205 3799 822 3870 σεμνῶς“τετυπωμένα
849 3799 1173 3864 ἁποξέοντες
1198 3799 1552 3868 ἀνοητότατα.
1597 3800 1660 3851 Ὦ
1689 3798 1790 3868 τῆς

206 3882 450 3953 μανίαςί
474 3881 519 3935 ὣ
549 3883 648 3950 τῆς
676 3884 882 3954 τόλμας
904 3885 996 3937 καὶ
1029 3886 1126 3954 τῆς
1145 3884 1502 3953 ἀναισχύντου
1523 3883 1745 3954 γνώμης
1770 3883 1784 3937 ι

205 3973 402 4041 "Amp
424 3973 526 4042 ἤδη
555 3973 897 4044 Χριστιανῶν
925 3976 973 4027 οἱ
1000 3974 1377 4045 εὐσεϐέστεροι
1406 3974 1496 4027 καὶ
1524 3973 1783 4044 φιλόθεοι,

197 4062 270 4117 τὸ
292 4061 560 4116 ἀνέκαθεν
585 4063 748 4130 ἱερεῖς
765 4080 842 4126 τε,
863 4081 936 4133 φη
945 4065 1028 4133 μὶ,
1048 4065 1141 4116 καὶ
1171 4063 1432 4134 βασιλεῖς.
1457 4064 1569 4116 ὅσοι
1589 4080 1648 4116 τε
1675 4063 1786 4115 τῶν

199 4156 268 4206 ὲν
297 4155 464 4214 τέλει,
502 4154 594 4208 καὶ
627 4155 734 4208 τῶν
767 4154 941 4208 ἄλλων
967 4155 1017 4208 οἳ
1056 4156 1183 4222 περὶ
1213 4155 1313 4225 τὴν
1344 4155 1631 4208 εὐσέϐειαν
1662 4153 1784 4221 θερ-

201 4245 435 4317 μότεροι
463 4262 521 4298 τε
549 4247 641 4300 καὶ
672 4246 1094 4314 σπουδαιότεροι,
1121 4245 1368 4316 διαπύρῳ
1401 4245 1552 4315 πόοῳ
1573 4247 1666 4298 καὶ
1694 4244 1784 4296 πί-

197 4353 328 4392 στει
367 4336 542 4407 θερμῇ
571 4340 636 4408 τῇ
683 4339 763 4399 είς
795 4337 1026 4406 Χριστὸν
1077 4338 1168 4390 καὶ
1219 4338 1344 4399 τοὺς
1393 4337 1581 4404 ἁγίους
1613 4354 1780 4390 κατα-

1902 1893 2016 1928 rmu
2071 1883 2182 1928 tum
2231 1876 2398 1930 etiam
2456 1879 2830 1949 theologorum
2865 1897 3231 1953 aspernantur
3269 1889 3473 1942 doctri-

1899 1982 2017 2029 nas,
2055 1965 2262 2023 faciunt
2314 1979 2492 2024 tamen
2547 1971 2759 2027 minora
2809 1974 3004 2041 ‘dietis,
3042 1989 3135 2030 aut
3197 1979 3474 2050 negiigunt

1898 2059 2272 2113 demonstrare
2299 2062 2448 2131 paria
2475 2061 2828 2131 blasphemiis
2866 2064 3026 2130 facta,
3064 2067 3146 2120 vel
3175 2084 3278 2122 non
3307 2071 3464 2141 231

1897 2153 2090 2217 oppido
2143 2151 2388 2220 majora?
2445 2152 2592 2208 Nihil
2651 2156 2850 2210 minus.
2886 2157 2992 2211 Sed
3049 2160 3278 2227 quod-a
3315 2173 3471 2231 parre

1898 2244 2159 2296 mendacii
2223 2245 2438 2298 diabolo
2479 2247 2743 2302 omissum
2773 2248 2923 2314 olim,
2970 2252 3054 2306 vel
3106 2262 3264 2307 tenue
3305 2255 3472 2310 fuisse

1897 2336 2122 2398 scimus,
2169 2352 2310 2392 nunc
2334 2339 2552 2391 demum
2593 2340 2869 2410 adjectum
2918 2343 3165 2399 videmus
3199 2355 3248 2397 et
3277 2361 3470 2398 eumu-

1897 2426 2081 2498 latum.
2111 2427 2243 2481 Nam
2274 2443 2394 2483 eum
2432 2440 2590 2484 antea
2617 2431 2683 2484 ad
2705 2432 2904 2487 bellum
2935 2433 3123 2488 contra
3147 2436 3466 2500 Eeclesiam,

1900 2518 2114 2573 nonnisi
2147 2519 2330 2575 verbis
2363 2522 2903 2594 gerendum,impios
2927 2539 3321 2597 comparasset,
3349 2530 3470 2597 plu-

1901 2601 2446 2680 rimasque'dtazreses
2477 2615 2623 2670 inter
2673 2612 3016 2674 Christianos
3063 2622 3315 2687 scviSset,
3368 2625 3468 2678 hoe

1895 2703 2110 2756 demum
2134 2715 2376 2774 tempore
2405 2721 2509 2761 non
2539 2710 2722 2764 verbis
2744 2718 2978 2774 tantum,
3001 2713 3094 2766 sed
3119 2715 3262 2783 quod
3283 2717 3469 2770 deerat

1895 2793 2126 2863 adjecto,
2166 2793 2332 2850 factis
2385 2813 2602 2868 quoque
2653 2800 2783 2870 ipsis
2808 2810 2994 2857 contra
3051 2805 3262 2860 divinas
3321 2809 3466 2862 aedes

1896 2893 2058 2952 atque
2113 2885 2216 2939 alia
2249 2901 2402 2942 sacra
2441 2890 2664 2946 donaria
2697 2891 3256 2961 bacchatur,'illorum
3303 2915 3466 2953 orna-

1899 2981 2012 3024 tum
2059 2985 2222 3042 atque
2256 2975 2599 3044 splendorem
2652 2980 3002 3049 pessumdare
3052 2987 3276 3042 studens
3320 3005 3334 3042 ;
3391 2989 3466 3042 ita

1898 3069 1955 3114 ut
1987 3071 2212 3131 utraque
2239 3079 2298 3117 re
2355 3067 2560 3121 malitia
2589 3068 2820 3124 istorum
2878 3085 3222 3144 coarguatur.
3261 3075 3468 3133 Furnnt

1902 3151 2065 3220 igitur
2096 3153 2149 3204 hi
2176 3152 2392 3207 nefandi
2418 3165 2612 3211 contra
2640 3172 2825 3213 saeros
2851 3160 3176 3232 divinosque
3207 3173 3360 3236 typos
3403 3183 3470 3223 ac

1899 3240 2142 3309 symbolo
2175 3241 2429 3297 salutaris
2463 3242 2555 3298 Dei
2585 3243 2745 3300 Verbi
2777 3251 3094 3305 (economiaa
3125 3263 3178 3306 et
3215 3255 3470 3311 incarna-

1899 3332 2081 3395 tionis,
2106 3341 2160 3387 et
2185 3348 2341 3388 saera
2380 3335 2430 3388 in
2479 3337 2692 3404 templis
2724 3353 3040 3396 ornamenta
3093 3345 3339 3400 nituntur
3376 3349 3469 3404 de-

1901 3430 2139 3491 turpare,
2171 3426 2464 3493 impressas
2499 3425 2552 3480 in
2593 3427 2751 3482 altari
2788 3431 3042 3486 historias
3071 3433 3275 3502 delent,
3325 3441 3468 3494 scul-

1899 3514 2250 3582 ptilia'sancta
2275 3517 2593 3573 stultissime
2618 3521 2908 3576 abradunt.
2929 3523 2974 3580 Ο
2995 3525 3266 3583 furorem!
3305 3546 3338 3583 ο
3367 3548 3465 3585 au-

1897 3606 2106 3658 daeiam
2155 3615 2211 3660 et
2269 3607 2636 3674 impudentem
2687 3612 2856 3666 animi
2915 3619 3274 3674 sententiam!
3321 3623 3466 3688 Quas

1901 3697 2335 3752 Christianorum
2361 3700 2682 3768 pientissimi
2711 3712 2764 3757 et
2781 3705 3195 3775 religiosissimi,
3215 3713 3464 3780 superio-

1898 3802 2011 3852 res,
2043 3788 2288 3856 inquam,
2329 3793 2640 3846 sacerdotes
2669 3809 2730 3848 ac
2751 3809 2924 3864 reges,
2963 3803 3348 3870 etquicunqne
3381 3806 3464 3857 di-

1897 3881 2103 3946 gnitate
2134 3877 2432 3945 fulgebant,
2467 3885 2755 3952 exterique
2793 3898 3055 3956 quotquot
3089 3891 3287 3958 pietate
3354 3895 3463 3946 fer-

1899 3969 2167 4023 ventiores
2221 3981 2376 4025 erant
2407 3983 2462 4026 et
2491 3976 2866 4042 studiosiores,
2919 3979 3247 4034 inﬂammato
3276 3998 3463 4039 amore

1896 4063 2180 4132 calidaque
2241 4063 2292 4114 in
2345 4063 2616 4118 Christum
2676 4065 2779 4121 lide
2830 4079 3152 4136 sanctosque
3188 4076 3457 4142 succensi,

1891 4151 2242 4205 elaborarunt
2277 4161 2442 4220 atque
2476 4153 2717 4209 historiis
2741 4168 3022 4223 ornarunt,
3064 4164 3455 4232 imagunculae,

1891 4244 2130 4312 inquam,
2157 4245 2274 4312 pias
2299 4258 2614 4314 sacrasque,
2647 4258 2696 4300 et
2720 4251 2961 4304 omnium
2999 4253 3105 4306 Deo
3140 4253 3190 4306 in
3215 4253 3456 4308 delubris

1891 4353 1917 4388 ιι
1951 4353 2008 4390 se
2031 4337 2314 4392 :rdilieatis
2353 4351 2718 4413 sculpserunt,
2757 4345 3070 4410 proutratio
3099 4347 3355 4417 cujusque
3380 4353 3453 4404 rei

195 4426 576 4499 φλεγόμενοι,
640 4429 1052 4498 ὲκπεπονὴκασί
1114 4446 1171 4482 τε
1229 4431 1323 4482 καὶ
1377 4428 1776 4499 ἀνιστόρησαν·

1894 4444 2286 4502 repraesentata:
2315 4434 2544 4501 ferebat,
2581 4445 2686 4489 non
2720 4436 3146 4504 perhorrescunt
3172 4439 3222 4492 hi
3270 4443 3453 4498 miseri

195 4520 504 4590 ἀγάλματα
538 4520 655 4573 θεῖα
681 4521 774 4574 καὶ
815 4521 954 4590 ἱερὰ,
987 4521 1044 4572 ἐν
1081 4515 1164 4583 οἷς
1185 4519 1512 4590 καθίδρυσαν
1555 4519 1634 4588 τῷ
1661 4517 1778 4588 Θεῷ

191 4610 319 4665 τῶν
351 4609 488 4664 ὅλων
519 4613 704 4680 σηκοῖς
724 4610 1186 4680 ὲντυπωσάμενοι,
1211 4609 1330 4662 καθ’
1360 4609 1388 4662 ὃ
1409 4609 1640 4662 ἑκάστου
1669 4609 1777 4662 τῶν

191 4699 570 4770 τυπουμένων
608 4701 636 4753 ὁ
683 4699 842 4768 λόγος
893 4700 1178 4763 ἐπέϐαλεν,
1231 4701 1292 4753 οὐ
1333 4699 1648 4770 φρίττουσιν
1685 4701 1778 4752 ἀν-

191 4791 460 4862 ορύττειν
491 4793 584 4843 καὶ
629 4791 990 4856 καταπαίζειν
1023 4793 1072 4844 οί
1099 4792 1356 4845 δείλαιοι·
1387 4790 1488 4844 κᾶν
1516 4789 1778 4862 ἠπείθησέ

187 4899 288 4946 τις
329 4882 514 4944 αὐτοῖς
541 4879 626 4949 ἐφ’
648 4876 730 4944 οἷς
761 4883 943 4945 κακῶς
983 4884 1075 4936 καὶ
1102 4883 1276 4947 ἀθέως
1307 4881 1608 4947 δοξάζουσι,
1645 4881 1782 4952 πρός

184 4974 263 5029 τὸ
285 4973 500 5044 ἀπηχὲς
528 4974 619 5026 καὶ
649 4973 1063 5044 δυσφορώτατον
1103 4973 1434 5044 σχετλιάζων
1465 4973 1557 5026 τοῦ
1596 4973 1775 5040 λόγου,

183 5067 248 5122 εἰ
283 5065 364 5138 μὴ
401 5066 552 5120 ἀθεεὶ
581 5067 1010 5138 αὖτουργοῦντας
1040 5067 1106 5119 τὰ
1151 5067 1374 5120 τοιαῦτα
1405 5065 1550 5136 ἑώρα
1572 5085 1585 5098 ·
1635 5065 1775 5119 ὥστε

181 5159 404 5221 αὐτοὺς
436 5159 514 5221 είς
547 5158 838 5228 βεϐαίωσιν
867 5159 974 5224 τῶν
1005 5158 1262 5227 ἀθέσμως
1307 5159 1636 5228 λεγομένων,
1667 5159 1776 5212 τῶν

180 5250 501 5321 δρωμένων
527 5251 670 5321 ἔχειν
696 5251 757 5303 τὸ
806 5251 1148 5320 παράνομονο
1191 5248 1308 5312 πῶς
1355 5250 1464 5321 γὰρ
1492 5251 1592 5302 οὐκ
1627 5249 1777 5316 ἐλέγ-

177 5363 393 5418 χονται
447 5344 698 5414 φανερῶς
760 5345 836 5416 τῷ
894 5346 1006 5399 ὄντι
1053 5344 1602 5416 είδωλολατροῦντεςς
1630 5347 1778 5400 ἀναι-

181 5438 452 5508 σχύντως
477 5438 650 5502 οὕτως
677 5440 818 5494 κατὰ
846 5439 956 5492 τῶν
985 5438 1078 5493 τοῦ
1121 5438 1257 5492 Θεοῦ
1303 5437 1470 5492 οἴκων
1495 5437 1778 5508 ἐπιμαινό-

177 5547 388 5603 μενοι,
437 5529 513 5594 ὡς
569 5532 732 5602 ἑτέρᾳ
791 5531 1058 5602 θρησκείᾳ
1107 5529 1628 5600 μυσταγωγούμενοι
1685 5529 1778 5582 καὶ

171 5621 544 5691 τελούμενοι,
573 5623 606 5693 ἢ
638 5623 722 5686 τίς
749 5623 880 5676 ποτέ
909 5625 1076 5685 ἑστιν,
1136 5622 1290 5676 αὐτοὶ
1325 5621 1519 5674 εἰδεῖεν
1549 5621 1635 5678 ἂν.
1684 5622 1776 5674 καὶ

173 5712 292 5770 τὸν
325 5710 536 5783 Κύριον
564 5717 595 5783 ὴ
606 5713 722 5782 μῶν
788 5713 995 5784 Ἰησοῦν
1049 5713 1288 5784 Χριστζν
1317 5711 1408 5764 τὸν
1437 5711 1528 5764 ἐπὶ
1557 5712 1774 5765 πάντων

522 5805 792 5868 ΡΑτιιοι..
824 5807 939 5866 Gn.
997 5806 1061 5862 C.

1527 5915 1564 5949 ο

1884 4524 2172 4580 subfodere
2217 4535 2268 4580 et
2296 4525 2542 4580 illudere.
2583 4525 2646 4580 Et
2673 4528 2762 4580 vix
2795 4528 3079 4599 quisquam
3112 4545 3303 4598 pravas
3333 4547 3454 4588 esse

1889 4625 2168 4684 tantopere
2201 4598 2502 4683 impiasque
2551 4615 2763 4668 illorum
2797 4598 3080 4686 opiniones
3119 4623 3455 4684 erederet,et

1883 4705 2283 4760 intolerabilem
2327 4707 2506 4774 potius
2541 4691 2826 4760 verborum
2855 4710 3048 4776 quibus
3078 4721 3304 4766 utuntur
3329 4729 3454 4782 pra-

1881 4801 2100 4852 vitatem
2159 4807 2526 4860 avet-Saretur,
2568 4799 2671 4854 nisi
2728 4799 2842 4869 ipso
2880 4817 3041 4870 opere
3083 4804 3196 4859 haec
3246 4788 3449 4860 scelera

1883 4898 2164 4960 patrantes
2192 4899 2474 4954 cerneret;
2512 4891 2654 4944 unde
2699 4893 2949 4960 sequitur
2995 4903 3052 4946 ut
3099 4895 3134 4948 ii
3163 4897 3450 4949 verborum

1882 4980 2235 5034 nefandorum
2273 4989 2462 5036 testem
2499 4981 2978 5052 ltaheantoperum
3023 4987 3448 5053 improbitatem.

1881 5074 2076 5140 Quidni
2121 5073 2263 5126 enim
2318 5074 2598 5128 evidenter
2640 5077 3040 5128 convincuntur
3083 5077 3452 5129 esseidolnla-

1883 5163 2014 5218 tne?
2046 5165 2169 5217 dum
2204 5165 2276 5216 ita
2306 5165 2650 5233 impudenter
2673 5175 2860 5218 eontra
2894 5165 2982 5217 Dei
3015 5166 3214 5233 templa
3239 5165 3446 5228 furum,

1879 5257 2032 5326 quasi
2073 5257 2174 5326 ipsi
2229 5257 2386 5310 alteri
2416 5256 2662 5324 religioni
2713 5258 2819 5308 siut
2855 5257 3078 5322 initiati,
3109 5257 3216 5311 imo
3248 5273 3448 5311 conse-

1880 5349 2038 5410 crati,
2069 5363 2187 5417 qum
2245 5347 2542 5416 eujusmodi
2601 5349 2671 5402 sit
2717 5349 2816 5416 ipsi
2866 5350 3156 5414 noverint;
3197 5358 3248 5402 et
3289 5349 3447 5416 quasi

1881 5437 2164 5490 Dominum
2245 5448 2486 5493 nostrum
2541 5436 2726 5491 Iesum
2790 5439 3061 5494 Christum
3131 5451 3446 5509 supremum

1877 5529 2043 5582 Deum
2071 5529 2476 5599 abnegaverint,
2505 5540 2563 5583 ut
2597 5545 2662 5584 ex
2691 5531 2776 5585 bis
2811 5531 3202 5600 consequentia
3261 5530 3447 5584 existi-

1878 5637 2025 5674 tnare
2047 5622 2274 5675 suadent
2300 5637 2314 5684 ;
2345 5621 2497 5688 quasi
2521 5621 2752 5689 denique
2779 5619 2978 5675 frustra
3007 5621 3443 5677 Christianorum

1878 5729 2072 5767 nomen
2130 5713 2447 5767 retineant:
2502 5713 2734 5767 falsitate
2765 5715 2906 5766 enim
2960 5716 3289 5778 innituntur,
3330 5715 3442 5768 sola

3088 5812 3166 5871 24
