3918 6152
416 283 526 350 ’1η

1409 287 1480 349 S.-
1507 287 1928 350 NICEPHORI
1967 288 2471 350 PATRIARCHIE
2509 290 2616 352 CP.

3555 289 3653 352 748

425 397 559 467 ipsis
589 395 880 465 superstite
927 401 982 452 et
1005 395 1162 466 quasi
1191 395 1402 467 appicta
1452 397 1835 468 appellatione,
1862 398 1985 468 quia

2091 397 2220 452 Θεὸν
2245 396 2626 469 ἐξομνύμενοι,
2661 397 2735 462 ὡς
2769 398 2830 452 τὸ
2887 398 3180 454 ἀκόλουθον
3211 399 3410 455 ἐννοεῖν
3451 399 3651 471 δίδωσι,

421 487 750 558 syllabarum
786 486 1280 554 formam-servant,
1317 485 1649 556 signiﬁcatus
1687 489 1796 543 vim
1819 505 1986 558 nega-

423 588 588 644 runt;
621 577 790 647 spurii
815 578 960 632 enim
989 585 1138 642 sunt,
1172 585 1226 633 et
1263 577 1422 632 alieni
1449 593 1478 632 a
1514 593 1642 633 vera
1683 593 1747 634 re
1773 580 1885 636 suis
1909 581 1986 650 ip-
2026 603 2036 624 ι·

420 683 604 723 sorutn
639 668 895 738 Operibus
942 669 1408 724 demonstrantur.
1467 669 1753 740 Augebunt
1805 677 1985 724 autem

418 757 710 825 pessimu‘m
736 757 950 812 illorum
981 757 1211 827 facinus,
1237 773 1356 828 quae
1399 775 1464 814 ex
1490 760 1802 816 eorumdem
1835 761 1984 818 ausi-

419 847 521 902 bus
545 851 800 918 consequi
825 849 1019 905 solent.

2083 489 2179 544 καὶ
2205 491 2408 561 ,μάτην
2461 489 2556 544 τοῦ
2609 491 2718 545 τῶν
2771 491 3114 561 Χριστιανῶν
3171 492 3435 562 ὀνόματος
3484 509 3652 561 μετα-

2084 581 2397 652 ποιούμενοι
2417 600 2431 614 °
2461 583 2540 654 τῷ
2561 583 2750 654 ψεύδει
2783 586 2890 656 γάρ
2923 585 3318 655 ἐπερείδονται,
3355 584 3520 654 ψιλῆς
3561 584 3628 640 αύ

2081 671 2194 733 τοῖς
2245 672 2345 742 τῆς
2390 676 2761 744 προσηγορίας
2807 673 3268 744 ἐπιπολαζούσης,
3319 675 3414 726 καὶ
3469 672 3652 743 ὥσπερ

2081 761 2586 834 ἐπικεχρωσμένης,
2619 763 2712 816 καὶ
2765 762 2864 832 τὴν
2895 749 3190 834 ’μόρφωσιν
3235 762 3341 816 τῶν
3377 761 3654 815 συλλαϐῶν

2081 851 2287 922 έχουσι,
2311 853 2411 924 τὴν
2449 855 2507 908 δέ
2549 853 2778 924 δύναμιν
2827 854 2928 923 τὴν
2959 856 3054 908 ἀπ’
3084 855 3264 908 αὐτῶν
3321 854 3654 926 δηλουμένην

415 939 714 1010 ἠρνημένοι
740 957 752 970 ·
797 937 942 993 νόθοι
973 947 1081 1011 γάρ
1107 941 1200 994 καὶ
1227 940 1494 1014 ἀλλότριοι
1529 941 1623 996 τοῦ
1658 941 1979 1012 πράγματος
2049 941 2138 994 διὰ
2170 942 2277 995 τῶν
2346 941 2524 1014 ἔργων
2569 943 2749 996 αὐτῶν
2781 942 3196 996 ἀποδείκνυνται
3227 959 3242 974 '
3274 943 3426 1011 αὔξει
3467 943 3524 996 δὲ
3559 945 3654 997 αύ-

416 1029 526 1086 τῶν
551 1031 613 1086 τὸ
645 1031 1075 1104 ἀνοσιούργη-μα,
1105 1033 1242 1106 ὅπερ
1263 1034 1526 1105 ἑπόμενον
1565 1035 1851 1106 συμϐαίνει
1878 1034 1985 1088 ἀπὸ
2022 1034 2122 1104 τῆς
2153 1037 2524 1106 ἐγχειρήσεως
2553 1035 2733 1088 αὐτῶν
2763 1035 3028 1103 γίνεσθαι.

491 1123 581 1178 61.
620 1124 756 1189 Quia
789 1123 932 1178 enim
973 1125 1025 1176 in
1059 1123 1256 1177 Christi
1284 1124 1614 1195 imaginibus
1646 1126 1812 1194 ligura
1846 1139 1982 1192 quo-

2158 1123 2259 1190 ξαν.
2305 1124 2523 1194 Ἐπειδὴ
2552 1123 2660 1192 γάρ
2709 1127 2830 1186 ταῖς
2873 1125 3048 1194 ίεραῖς
3077 1123 3170 1176 τοῦ
3205 1123 3440 1194 Χριστοῦ
3484 1125 3657 1180 εἰκόσι

419 1228 526 1284 que
558 1212 792 1268 viviﬁcae
822 1213 1002 1268 crucis
1033 1213 1193 1268 simul
1231 1213 1489 1283 pingitur,
1529 1213 1812 1268 destruunt
1848 1213 1986 1268 hanc

2091 1212 2180 1264 καὶ
2209 1215 2236 1266 ὁ
2269 1213 2436 1277 τύπος
2467 1212 2560 1265 τοῦ
2598 1212 2862 1276 ζωοποιοῦ
2897 1213 3134 1284 σταυροῦ
3163 1213 3656 1285 συνδιαγράφεται,

415 1307 578 1360 etiam
616 1306 704 1360 isti
751 1305 842 1374 qui
893 1304 1250 1358 nihilominus
1296 1304 1439 1357 circa
1476 1305 1526 1358 id
1579 1305 1895 1358 simulanter
1926 1319 1985 1358 se

2091 1303 2520 1375 συγκαθαιροῦσι
2571 1305 2663 1357 καὶ
2720 1305 2881 1358 αὐτὸν
2930 1305 3029 1376 ἤδη
3067 1307 3117 1358 oi
3147 1307 3276 1376 περὶ
3293 1305 3453 1360 τοῦτο
3483 1323 3656 1360 κατα·

413 1405 706 1468 gerunt,et
739 1411 799 1451 se
819 1411 1036 1450 crucem
1073 1395 1322 1449 venerari
1359 1397 1724 1461 mentiuntur;
1755 1411 1875 1449 cum
1905 1411 1984 1448 re-

2091 1399 2571 1469 σχηματιζόμενοι,
2630 1397 2727 1452 καὶ
2774 1397 3102 1468 πρεσϐεύειν
3153 1399 3222 1452 τὰ
3273 1397 3366 1452 τοῦ
3417 1398 3656 1469 σταυροῦ

414 1502 544 1542 vera
594 1496 783 1540 contra
815 1495 1104 1554 utrumque
1137 1486 1285 1554 (tum
1338 1483 1625 1554 imaginem
1661 1493 1770 1538 tum
1819 1486 1980 1538 etiam

2091 1491 2568 1562 προσποιούμενοι,
2603 1489 2682 1560 τῷ
2711 1489 2822 1543 om
2855 1491 2966 1562 γὰρ
2998 1490 3198 1561 ἐπίσης
3223 1491 3292 1543 τά
3319 1491 3419 1560 τῆς
3451 1491 3656 1555 μανίας

415 1577 662 1646 crucem)
697 1577 875 1630 rabies
910 1575 1124 1629 illorum
1148 1574 1487 1629 exardescat.
1524 1575 1633 1628 Cur
1655 1575 1797 1628 enim
1826 1574 1980 1628 alteri

2091 1583 2268 1636 αὐτῶν
2299 1584 2423 1636 κατ’
2475 1583 2805 1653 ἀμφοτέρων
2853 1583 3107 1653 ἐξῆπται,
3168 1583 3266 1636 καὶ¹
3319 1583 3374 1636 εί
3414 1599 3517 1636 που
3579 1582 3658 1653 τῷ

417 1678 628 1723 tantum
675 1667 837 1722 irasci
893 1668 1197 1732 videantur,
1233 1681 1354 1721 cum
1397 1675 1627 1734 utraque
1680 1665 1747 1719 ab
1790 1667 1976 1720 eodem

2091 1673 2260 1744 ἑτέρῳ
2287 1673 2535 1726 δοκοῦσιν
2560 1672 2986 1742 ἀπεχθάνεσθαι,
3016 1671 3170 1742 εἴπερ
3199 1671 3258 1736 ἐξ
3287 1671 3408 1735 ἐνὸς
3438 1673 3536 1726 καὶ
3561 1671 3658 1726 τοῦ

414 1761 634 1816 Christo
671 1757 1008 1814 sanctificata
1072 1759 1414 1828 dependeat?
1467 1757 1732 1813 Similiter
1781 1758 1984 1814 violant

2091 1737 2250 1818 αὐτοῦ
2280 1765 2566 1834 ἀμφότερα
2593 1737 3043 1833 καθαγιαζόμενα
3067 1737 3302 1834 ἢρτηται
3324 1779 3336 1791 ·
3358 1765 3415 1816 ἐν
3440 1763 3658 1827 τούτοις

417 1868 578 1910 sacra
604 1867 822 1923 quoth
853 1850 1094 1913 cimelia,
1131 1850 1326 1918 quibus
1360 1862 1546 1904 sancta
1583 1859 1747 1919 atque
1774 1851 1982 1904 vivilica

2091 1856 2349 1910 ἅπτονται
2379 1857 2474 1910 καὶ
2509 1856 2618 1909 τῶν
2643 1855 2804 1928 ἱερῶν
2845 1855 3168 1925 κειμηλίων,
3203 1856 3260 1908 ἐν
3292 1849 3375 1918 οἷς
3407 1855 3475 1910 τὰ
3521 1855 3658 1924 am

417 1944 625 2001 Christi
651 1945 1010 2014 perﬁciuntur
1041 1942 1318 2012 mysteria.
1347 1940 1568 2009 Insuper
1589 1949 1641 1994 et
1666 1941 1983 1995 vestimenta

417 2045 681 2104 quotquot
733 2033 1003 2103 ejusmodi
1040 2033 1247 2086 sanctis
1283 2033 1526 2086 historiis
1579 2033 1774 2086 decore
1825 2046 1984 2086 exor-

415 2137 636 2182 nantur.
675 2123 1274 2194 ltem.evaugelicorum
1303 2124 1640 2178 voluminum
1680 2122 1983 2177 veneranda

417 2215 710 2286 opercula;
743 2216 929 2284 itaque
953 2224 1006 2268 et
1028 2215 1203 2284 ipsum
1238 2213 1586 2283 Evangelium
1609 2213 1980 2284 pessumdant.

421 2307 560 2373 Quid
596 2307 743 2361 enim
777 2305 922 2360 aliud
959 2305 1145 2360 videre
1174 2313 1280 2370 est,
1315 2304 1421 2358 nisi
1453 2313 1776 2358 evacuatum
1809 2305 1876 2358 ab
1905 2304 1986 2373 ip-

415 2399 497 2460 sis
517 2407 570 2452 et
591 2397 915 2452 dissolutum
942 2395 1337 2464 Evangeliutn?
1367 2395 1501 2449 Nam
1529 2395 1582 2450 in
1603 2411 1708 2464 quo
1734 2394 1985 2451 diil'erent

417 2491 566 2546 intus
596 2489 823 2560 scripta,
857 2489 931 2544 ab
957 2488 1200 2544 exterius
1241 2487 1594 2544 historialiter
1618 2485 1828 2554 eﬂictis,
1863 2503 1982 2542 cum

415 2595 572 2636 meus
607 2579 719 2651 (72)
751 2579 938 2636 eadem
987 2578 1236 2648 idemque
1267 2586 1638 2649 argumentum
1672 2577 1726 2631 in
1758 2587 1986 2646 utraque

415 2687 478 2728 re
509 2671 824 2742 spectetur?
857 2669 1011 2726 Unde
1055 2671 1114 2724 lit
1161 2680 1238 2735 ut,
1272 2671 1315 2724 si
1353 2685 1516 2722 unum
1553 2669 1861 2724 venerabile
1893 2672 1984 2734 sit,

415 2763 646 2819 alterum
675 2777 828 2832 teque
863 2763 934 2816 sit
959 2762 1304 2829 venerabile;
1345 2761 1429 2816 vel
1481 2771 1768 2830 utrumque
1825 2761 1986 2829 depe-

416 2855 527 2909 rire
555 2869 776 2910 necesse
801 2864 904 2908 est.
939 2853 1076 2910 Ecce
1119 2853 1265 2908 enim
1299 2853 1469 2906 multa
1511 2853 1788 2906 cernimus
1817 2867 1983 2905 vene-

419 2945 586 2998 randa
613 2943 993 3012 hujuscemodi
1017 2944 1310 3009 volumina,
1333 2942 1614 3012 etquidem
1640 2942 1982 3011 perantiqua,

2086 1947 2180 2000 καὶ
2215 1946 2457 2011 ζωοποιά
2486 1947 2578 2000 τοῦ
2597 1947 2834 2018 Χριστοῦ
2865 1947 3194 2000 ἐπιτελεῖται
3229 1949 3502 2017 μυστήρια
3529 1963 3543 1977 ο
3579 1947 3658 2000 ἐτι

2085 2039 2179 2092 καὶ
2208 2039 2306 2108 τῆς
2341 2038 2569 2110 ἐσθῆτος
2599 2039 2698 2108 ὅση
2733 2041 2852 2102 ταῖς
2879 2041 3110 2102 σεπταῖς
3133 2037 3361 2100 ταύταις
3393 2039 3658 2110 ἱστορίαις

2087 2131 2298 2200 σεμνῶς
2339 2130 2784 2202 περιστέλλεται·
2841 2131 2980 2202 πρὸς
3028 2131 3087 2184 δὲ
3141 2129 3234 2183 καὶ
3270 2129 3379 2184 τῶν
3439 2131 3496 2182 ἐν
3535 2132 3659 2195 ταῖς

2086 2221 2468 2288 εὐαγγελικαῖς
2530 2221 2734 2292 βίϐλοις
2789 2221 3288 2292 προσκυνουμένων
3334 2220 3653 2274 πτυκτίων·

2085 2311 2416 2365 καταλύουσι
2437 2311 2566 2380 γοῦν
2605 2310 2667 2364 τὸ
2692 2311 3028 2380 Εὐαγγέλιον
3049 2327 3062 2342 ’
3097 2311 3193 2365 καὶ
3228 2310 3281 2362 τί
3323 2307 3438 2381 γὰρ¹
3469 2310 3660 2382 ἕτερον

2085 2404 2277 2475 ἐνορᾷν
2304 2404 2531 2474 ἐστιν,ἢ
2565 2403 2897 2474 κενούμενον
2933 2405 3062 2474 παρ’
3099 2403 3283 2466 αὐτοῖς
3323 2403 3418 2456 καὶ
3455 2403 3658 2474 λυόμεν

2085 2511 2174 2546 νον
2202 2495 2262 2547 τὸ
2286 2495 2620 2562 Εὑαγγέλιον
2641 2511 2656 2560 ;
2681 2495 2738 2547 ἐν
2775 2494 2882 2548 τίνι
2919 2495 3030 2563 γὰρ
3064 2494 3261 2548 διοίσει
3291 2495 3362 2549 τὰ
3387 2496 3541 2560 ἐντὸς
3570 2513 3660 2566 γε·

2085 2586 2398 2657 γραμμένα,
2443 2585 2552 2639 τῶν
2599 2586 2754 2650 ἐκτὸς
2797 2587 3214 2657 ἱστορουμένων.
3257 2585 3356 2656 τῆς
3399 2587 3660 2658 τοιαύτης

2086 2677 2302 2744 εὐνοίας
2327 2679 2422 2732 καὶ
2447 2677 2756 2741 ὑποθέσεως
2774 2679 2860 2730 ἐπ’
2888 2677 3219 2749 ἀμφοτέρων
3246 2677 3656 2748 θεωρουμένης

2085 2769 2184 2820 Διά
2206 2766 2362 2820 τοῦτο
2389 2769 2438 2820 εί
2466 2768 2526 2820 τὸ
2548 2767 2736 2836 ἕτερον
2767 2765 2973 2835 τίμιον,
3007 2767 3104 2820 καὶ
3130 2766 3357 2838 θάτερον
3385 2767 3597 2836 τίμιον,
3624 2768 3658 2838 ἢ

2085 2855 2336 2926 ἀλλήλοις
2356 2857 2753 2926 συνοιχήσεται,
2779 2855 2930 2906 πᾶσα
2945 2853 3177 2923 ἀνάγκη.
3200 2851 3338 2923 ’Ἤδη
3359 2852 3415 2906 δέ
3439 2853 3662 2923 ὁρῶμεν

2089 2947 2261 3002 πολλὰ
2290 2947 2396 3000 τῶν
2451 2944 2767 3014 σεϐασμίων
2809 2943 3008 3014 βίϐλων
3052 2943 3302 3007 τουτωνὶ,
3332 2943 3426 2996 καί
3462 2960 3528 3012 γε
3565 2945 3662 2998 καὶ

415 3053 537 3108 qua:
569 3037 728 3106 longe
757 3035 869 3104 jam
897 3045 1140 3104 tempore
1185 3049 1214 3088 a
1255 3033 1524 3104 religiosis
1563 3035 1774 3102 piisque
1813 3033 1986 3087 homi-

2091 3039 2193 3093 τῶν
2226 3039 2595 3110 ἀρχαιοτέρων
2625 3037 2719 3090 καὶ
2747 3039 2824 3106 τῷ
2859 3035 3056 3106 μακρῷ
3102 3035 3276 3106 χρόνῳ
3323 3035 3456 3105 παρ’
3501 3036 3661 3089 εὐσε-

569 3081 726 3106 -....,,-
757 3081 869 3104 μ...
898 3081 1140 3104 --η-τ---
1185 3081 1214 3088 _
1257 3081 1524 3104 --.-,,----,
1564 3081 1772 3102 γαν-

417 3129 577 3181 nibus
611 3125 890 3180 elaborata
935 3139 1054 3180 esse
1099 3133 1332 3189 constat,
1371 3139 1490 3194 quae
1521 3123 1685 3192 232
1732 3123 1984 3191 explicita

2094 3081 2189 3093 -νυ-
2226 3081 2591 3110 -ισΑν---υνι-υυ
2627 3081 2719 3090 --νη
2757 3081 2821 3106 -τ
2859 3081 3051 3106 r“‘"r‘r
3102 3081 3274 3106 πυτ
3331 3081 3435 3105 ---ι-
3501 3081 3632 3089 ππ

2091 3130 2200 3183 ϐῶν
2234 3131 2329 3184 καὶ
2359 3129 2621 3198 φιλοθέων
2651 3127 2860 3198 ἀνδρῶν
2890 3126 3298 3196 ἐκπεπονῆσθαι
3343 3144 3662 3200 μαρτυρου-

417 3217 868 3286 partim‘quidem
929 3214 1316 3284 calligraphicu
1365 3213 1581 3283 peritia,
1635 3215 1832 3270 divinae
1887 3227 1987 3268 nos

2091 3220 2294 3290 μένων,
2335 3221 2476 3292 ἅπερ
2515 3216 2993 3287 ἀναπτυσσόμενα,
3027 3218 3084 3269 ἐν
3120 3217 3274 3286 μέρει
3306 3215 3406 3284 μὲν
3437 3215 3529 3270 διὰ
3561 3216 3662 3284 τῆς

417 3307 659 3362 historiae
693 3307 970 3362 doctrinas
1031 3306 1545 3374 edocent;-partim
1581 3319 1710 3361 vero
1756 3304 1986 3372 pictoris

2091 3312 2528 3383 καλλιγραφικῆς
2562 3310 2812 3378 εὐφυΐας,
2843 3307 2913 3361 τὰ
2941 3309 3039 3378 τῆς
3071 3307 3220 3372 θείας
3247 3307 3490 3378 ἱστορίας
3527 3309 3663 3380 ἡμῖν

416 3409 533 3452 arte
557 3398 776 3452 easdem
811 3397 966 3451 nobis
997 3409 1087 3450 res
1137 3405 1549 3466 repraesentant.
1586 3395 1771 3465 Neque
1804 3405 1985 3450 tamen

2091 3403 2378 3474 ἐμφανίζει
2405 3401 2708 3471 διδάγματα
2733 3417 2746 3429 ·
2775 3400 2832 3452 ἐν
2864 3399 3020 3470 μέρει
3056 3397 3112 3452 δέ
3143 3397 3237 3460 διὰ.
3279 3397 3382 3468 τῆς
3437 3397 3660 3469 ζωγρα-

415 3487 546 3543 illud
583 3487 754 3556 magis
805 3502 968 3558 quam
1030 3487 1172 3544 istud
1225 3487 1561 3557 propositum
1609 3496 1986 3558 argumentum

2091 3494 2252 3564 φικῆς
2304 3492 2605 3562 εὐτεχνίας,
2637 3489 2706 3544 τὰ
2749 3487 2889 3542 αὐτὰ
2911 3489 3042 3558 ἡμῖν
3079 3487 3478 3558 παραδείκνυσι
3511 3489 3661 3559 πρά.

417 3581 776 3634 demonstrat.
817 3579 970 3635 Unus
1000 3580 1204 3648 quippe
1227 3588 1310 3633 est
1344 3579 1624 3648 utriusque
1674 3579 1747 3633 rei
1781 3594 1984 3644 sermo,

2091 3598 2302 3654 γματα’
2326 3587 2419 3636 καὶ
2439 3581 2594 3635 οὐδέν
2615 3598 2666 3634 τι
2687 3579 2889 3650 μᾶλλον
2918 3578 3084 3650 τόδεῆ
3102 3578 3218 3632 τόδε
3243 3579 3658 3650 διασημήνειεν⁸

420 3680 476 3725 et
500 3671 566 3726 ab
591 3679 822 3738 utraque
849 3670 1102 3724 salutaris
1125 3669 1218 3724 Dei
1244 3666 1406 3724 Verbi
1439 3672 1708 3726 iucarnati
1731 3672 1987 3742 magiste-

2091 3669 2172 3738 εἷς
2205 3674 2315 3745 γὰρ
2341 3675 2428 3727 ἐπ’
2461 3674 2666 3742 ἀμφοῖν
2691 3673 2719 3724 ὁ
2766 3671 2942 3740 λόγος,
2975 3671 3070 3724 καὶ
3107 3669 3172 3723 δι’
3206 3670 3540 3740 ἀμφοτέρων
3563 3669 3664 3738 τῆς

420 3763 560 3816 rium
581 3769 633 3815 et
657 3761 914 3814 memoria
938 3760 1019 3814 ﬁt.
1043 3759 1178 3816 Nam
1199 3775 1319 3830 quae
1343 3761 1522 3816 verbis
1546 3762 1600 3814 in
1625 3763 1824 3830 scripta
1851 3775 1987 3830 prae-

2091 3765 2356 3836 σωτηρίου
2391 3763 2484 3817 τοῦ
2518 3763 2652 3816 θεοῦ
2698 3761 2873 3832 Λόγου
2925 3761 3298 3830 οίκονομίαςή
3339 3759 3666 3815 διδασκαλία

417 3853 669 3908 dicantur
697 3852 947 3918 lectione,
980 3854 1164 3908 eadem
1193 3853 1356 3908 etiam
1401 3852 1592 3908 oculus
1613 3867 1680 3909 ex
1719 3855 1985 3923 pictarum

2091 3874 2148 3910 τε
2171 3859 2265 3909 καὶ
2291 3855 2598 3926 ἀνάμνησις
2619 3854 2830 3922 γίνεται
2853 3869 2865 3882 ·
2891 3851 2929 3906 ἃ
2958 3851 3064 3920 γὰρ
3084 3853 3112 3904 ὁ
3144 3851 3303 3920 λόγος
3317 3850 3410 3904 διὰ
3426 3851 3530 3921 τῆς
3555 3850 3665 3904 τῶν

418 3944 774 4000 historiarum
800 3943 1135 4012 inspectione
1151 3942 1376 4014 colligit.
1391 3943 1536 4016 Ergo
1561 3947 1605 4000 si
1632 3947 1754 4015 quis
1779 3955 1986 4016 partem

2091 3946 2492 4018 γεγραμμένων
2523 3943 2790 4016 ἐκήρυξεν
2812 3943 3190 4012 ἀναγνώσεως,
3223 3940 3394 3995 ταῦτα
3415 3943 3514 3994 καί
3540 3942 3664 4011 ὄψις

415 4033 654 4104 auferet,
689 4044 858 4090 totum
890 4036 1239 4092 destruxerit.
1271 4035 1405 4090 Nam
1447 4050 1514 4091 ex
1545 4029 1790 4108 partibus
1819 4047 1987 4092 totum

2091 4039 2178 4094 διὰ
2196 4038 2297 4108 τῆς
2316 4037 2424 4090 τῶν
2442 4037 2838 4107 ἱστορουμένων
2866 4033 3164 4098 ἐντεύξεως
3191 4032 3658 4104 συμπαρέδειξεν’

417 4126 708 4183 conﬂatur.
736 4125 891 4192 Quod
924 4126 969 4180 si
1024 4127 1152 4195 quid
1181 4128 1378 4182 borum
1427 4129 1712 4198 perturbat
1743 4129 1987 4192 insanos,

2091 4129 2138 4182 εί
2171 4122 2264 4180 οὖν
2293 4126 2354 4180 τὸ
2377 4126 2543 4197 μέρος
2573 4125 2794 4179 καθέλοι
2816 4141 2923 4190 τις,
2956 4124 3016 4176 τὸ
3056 4123 3178 4176 ὅλον
3221 4121 3379 4174 ἔσται
3410 4121 3669 4192 καθῃρη-

419 4218 775 4288 ipsorumque
801 4217 1090 4270 attonita
1124 4217 1304 4286 pulsat
1339 4227 1594 4284 mentem,
1624 4229 1740 4274 esto
1765 4219 1987 4275 scanda-

2091 4219 2202 4284 κὼς
2223 4236 2237 4250 '
2274 4222 2339 4272 ἐκ
2361 4219 2468 4272 τῶν
2507 4216 2690 4288 μερῶν
2718 4215 2827 4286 γὰρ
2870 4215 2930 4268 τὸ
2978 4214 3102 4266 ὅλον
3129 4229 3144 4244 ο
3172 4214 3220 4266 εἱ
3263 4211 3321 4266 δέ
3367 4229 3423 4264 τι
3451 4212 3669 4265 τούτων

332 4323 344 4368 ξ
421 4311 530 4364 ium
563 4309 718 4378 ipsis,
757 4307 899 4376 quod
949 4307 1039 4360 illa
1092 4306 1312 4375 quidem
1366 4306 1659 4362 levioribus
1709 4309 1987 4378 scripturis

2091 4312 2442 4382 ἐπιταράττει
2494 4309 2620 4372 τοὺς
2681 4307 2956 4378 ἄφρονας,
3013 4304 3106 4357 καὶ
3162 4303 3261 4374 τὴν
3307 4301 3669 4372 ἀπόπληκτον

423 4398 808 4464 coloribusque
843 4395 1230 4463 cbaraxantur,
1273 4397 1387 4452 haec
1424 4406 1602 4452 autem
1630 4398 1986 4455 crassioribus

2091 4401 2268 4456 αὐτῶν
2291 4399 2574 4456 κατασείει
2600 4399 2865 4462 διάνοιαν,
2898 4395 3299 4460 σκανδαλιζέτω
3328 4394 3553 4458 αὐτοὺς,
3587 4394 3670 4447 ὅτι

420 4489 582 4543 lineis
630 4486 932 4555 ﬁgurisque
961 4487 1295 4558 pinguntur;
1351 4489 1628 4559 multaque
1656 4491 1895 4546 materia:
1932 4491 1985 4545 in

2091 4495 2162 4548 τὰ
2201 4494 2300 4564 μὲν
2334 4492 2695 4562 λεπτοτέραις
2719 4493 2840 4552 ταῖς
2869 4490 3114 4560 γραφαῖς
3159 4487 3252 4542 καὶ
3289 4488 3403 4548 τοῖς
3435 4487 3673 4559 χρώμα-

419 4583 505 4638 Itis
536 4579 822 4640 diversitas
855 4589 968 4635 est.

2098 4601 2182 4638 σιν
2215 4583 2634 4654 ἐγχαράττεται,
2669 4579 2738 4634 τά
2781 4579 2838 4632 δέ
2891 4576 3224 4648 παχυτέραις
3259 4575 3352 4628 καὶ
3401 4576 3670 4626 ποικιλωο

420 4681 611 4748 τέραις
640 4682 760 4744 ταῖς
789 4678 1084 4749 γραμμαῖς
1117 4674 1212 4728 καὶ
1233 4677 1350 4739 τοῖς
1383 4676 1628 4746 σχήμασι
1690 4675 2267 4747 χρωματουργούμενα
2326 4675 2714 4746 διαγράφεται,
2786 4673 2878 4725 καὶ
2920 4669 3056 4723 πολὺ
3100 4667 3160 4721 τὸ
3205 4667 3345 4721 κατὰ
3390 4665 3490 4736 τὴν
3535 4665 3671 4736 ὓλην

420 4773 480 4824 ἐν
509 4771 692 4834 αὐτοῖς
725 4769 1122 4842 διηλλαγμένον
1149 4771 1493 4838 ἐμφαίνεται.

495 4864 586 4920 62.
629 4864 787 4932 Quod
816 4864 860 4918 si
887 4864 1158 4918 curiosius
1191 4863 1553 4933 indagandum
1585 4871 1691 4927 est,
1739 4863 1854 4918 haec
1887 4878 1982 4932 po-

422 4959 528 5012 tius
553 4971 714 5026 quam
737 4953 828 5010 illa
858 4956 1156 5026 praevalere
1183 4937 1543 5021 videbuntur;
1576 4956 1699 5022 quia
1724 4955 1810 5010 illa
1837 4955 1988 5010 audi-

422 5056 533 5098 tum
563 5045 938 5100 tantummodo
962 5047 1203 5115 pulsant,
1232 5045 1351 5100 haec
1373 5055 1552 5100 autem
1578 5045 1751 5100 visum
1775 5059 1991 5116 quoque

423 5134 740 5202 attrahunt;
775 5143 831 5190 et
885 5135 978 5190 illa
1031 5134 1248 5204 quidem
1301 5132 1574 5196 celeriter,
1639 5132 1755 5186 hare
1807 5141 1987 5186 autem

420 5228 574 5282 ocius
607 5226 1012 5298 prepositarum
1041 5239 1226 5280 rerum
1265 5223 1510 5278 notitiam
1538 5221 1798 5277 exhibent
1831 5239 1844 5276 :
1879 5221 1988 5277 imo

420 5331 553 5374 vero
573 5318 723 5374 visus
743 5319 1046 5388 promptior
1068 5325 1151 5372 est
1185 5323 1240 5371 et
1267 5328 1529 5385 persuasu
1555 5313 1795 5378 facilior;
1820 5329 1990 5384 quan—

423 5408 714 5479 doquidem
767 5418 822 5464 et
867 5409 984 5478 ipse
1013 5407 1236 5462 auditus
1280 5421 1311 5460 a
1343 5405 1463 5460 visu
1501 5404 1785 5473 praeveniri
1830 5405 1985 5460 solet.

425 5496 596 5554 Porro
621 5514 741 5568 qua:
766 5499 1038 5554 audiendo
1070 5481 1395 5562 didicimus,
1409 5496 1611 5552 oblivio
1640 5504 1878 5565 tempore
1907 5496 1988 5549 in-

2167 4856 2264 4928 ξβ¹.
2303 4857 2366 4910 Εἰ
2391 4856 2447 4910 δέ
2485 4873 2538 4908 τι
2571 4853 2676 4926 χρὴ
2726 4851 3150 4924 περιεργότερον
3193 4845 3463 4911 ἐπελθεῖν,
3497 4847 3675 4920 ὀφθή-

2097 4967 2251 5003 σεται
2288 4947 2465 5002 ταῦτα
2497 4947 2697 5018 μᾶλλον
2727 4944 2948 4998 ἐκείνων
2972 4941 3029 4995 ἐν
3059 4957 3169 4994 τισι
3204 4938 3674 5006 πλεονεκτοῦντα,

2096 5041 2179 5094 ὅτι
2208 5039 2274 5095 τὰ
2334 5039 2436 5110 μὲν
2467 5039 2568 5109 τὴν
2606 5035 2776 5106 ἀκοὴν
2830 5035 2998 5104 μόνην
3049 5033 3338 5100 ἐπάγεται,
3374 5031 3444 5084 τὰ
3487 5031 3548 5085 δέ
3581 5032 3678 5085 καὶ

2095 5130 2196 5202 τὴν
2225 5130 2347 5200 ὄψιν
2381 5129 2689 5198 ἐφέλκεται,
2715 5127 2807 5179 καὶ
2835 5124 2902 5178 τὰ
2933 5125 3032 5194 μὲν
3054 5124 3214 5192 ταχὺ,
3265 5121 3336 5175 τὰ
3389 5121 3448 5174 δὲ
3479 5121 3676 5176 θᾶττον

2095 5221 2402 5292 παρέχουσι
2448 5218 2556 5272 τῶν
2609 5215 2990 5288 προκειμένων
3047 5213 3146 5285 τὴν
3179 5213 3508 5281 διάγνωσιν·
3565 5216 3680 5281 ὅσῳ

2095 5315 2190 5368 καὶ
2219 5313 2340 5382 ὄψις
2370 5311 2541 5381 ἀκοῆς
2563 5307 2954 5380 συντομωτέρα
2977 5319 3039 5356 τε
3081 5305 3176 5361 καὶ
3226 5304 3631 5373 εὐπειθεστέρα
3661 5318 3674 5331 ⁸

2095 5404 2329 5475 ἐπείπερ
2385 5403 2481 5457 καὶ
2502 5402 2562 5456 τὺ
2599 5401 2863 5456 ἀκουστὸν
2919 5399 3025 5452 ὑπὸ
3063 5395 3157 5450 τοῦ
3209 5395 3412 5466 ὁρατοῦ
3456 5395 3676 5462 πέφυκε

2101 5497 2423 5565 φθάνεσθαι,
2453 5497 2546 5550 καὶ
2570 5497 2638 5550 τὰ
2660 5495 2758 5566 μὲν
2787 5490 3038 5561 ὲξ“ἀκοῆς
3058 5490 3192 5561 ἡμῖν
3225 5487 3674 5558 μαθητευόμενα,

505 5675 620 5745 (72)
688 5673 742 5729 In
811 5675 995 5730 codice
1059 5674 1292 5744 εὐνοίας,
1359 5675 1451 5732 sed
1515 5673 1658 5730 malo
1717 5675 1956 5728 scribere
2017 5673 2245 5736 ἐννοίας.
