3918 6152
313 185 428 252 ’149

1173 188 1739 251 APOLOGETICUS
1775 188 1924 250 PRO
1963 184 2227 251 SACRIS
2266 191 2746 256 IMAGINIBUS.

3449 199 3551 263 750

314 292 417 347 καὶ
442 291 581 363 λήθη
612 291 688 363 τῷ
722 291 898 364 χρόνῳ
924 291 1255 347 ἐπιλαϐοῦσα
1273 294 1350 358 ὡς
1382 293 1451 348 τὰ
1479 294 1647 348 πολλὰ
1669 295 1886 359 διέκοψέ

1995 298 2155 354 ducta
2185 299 2503 371 plerumque
2533 303 2809 374 intercipit
2829 314 2883 359 et
2910 307 3163 363 obscurat
3186 326 3201 376 ;
3229 324 3347 379 qua
3375 325 3551 368 autem

319 401 440 447 πως
466 388 559 436 καὶ
591 384 999 456 ἀπημαύρωσε,
1028 386 1097 439 τὰ
1124 385 1181 439 δὲ
1230 385 1322 439 ὑπ’
1361 385 1486 455 tow
1535 386 1887 458 προκείμενα,

318 476 696 545 μονιμώτερον
722 475 927 544 μᾶλλον
951 479 1071 539 ταῖς
1099 476 1298 546 ψυχαῖς
1328 477 1741 547 ἐνσημαίνεται,
1793 479 1890 531 καὶ⁵

314 568 431 628 τοῖς
468 565 790 635 παθητικοῖς
828 566 1018 637 μέρεσι
1051 570 1171 631 ταῖς
1222 567 1541 638 ἁντιλήψεσι
1561 568 1669 622 τῶν
1698 566 1890 638 αἰσθη-

315 656 425 711 τῶν
458 656 887 727 ἐναποτιθέμενα
912 675 923 687 ·
943 658 1036 711 καὶ
1060 657 1139 711 ἐτι
1168 659 1259 712 ἐπὶ
1283 659 1442 712 πλέον
1457 659 1627 712 ταῦτα
1644 660 1887 725 ἐκείνων,

314 749 398 803 ὅτι
427 748 521 802 καὶ
554 750 749 816 σοφοὺς
801 751 896 803 καὶ
950 751 1164 814 ἰδιώτας
1222 751 1695 822 χειραγωγοῦντα,
1738 752 1889 805 οὐδὲν

314 835 479 909 ἦττον
524 839 769 907 ὀνίνησι·
802 841 958 911 καὶῆ
1006 859 1089 904 τις
1142 843 1430 912 ἀγροικίας
1463 841 1496 912 ἢ
1541 843 1889 914 ἀστειότητος

315 934 453 1005 ἔχει,
484 934 689 1003 ὁμοίως
743 933 956 1003 μεθέξει
988 936 1087 1004 τῆς
1130 933 1420 1002 γνώσεως·
1456 936 1551 987 καὶ
1603 936 1685 987 ὅτι
1726 934 1889 987 πλέον

315 1024 630 1090 εἰσάγουσιν
667 1024 756 1075 ἐπὶ
797 1023 857 1076 τὸ
907 1025 1203 1094 μυστήριον
1234 1025 1332 1093 τῆς
1375 1025 1758 1096 φιλανθρώπου
1795 1025 1886 1079 τοῦ

317 1116 570 1186 Σωτῆρος
604 1113 761 1183 ἡμῶν
809 1114 1266 1183 συγκαταϐάσεως
1288 1131 1302 1145 ο
1343 1116 1601 1178 πολλάκις
1633 1117 1763 1185 γοῦν
1798 1117 1888 1170 τὸν

315 1206 571 1273 ἄγροικον
593 1205 876 1274 διαφεύγει
898 1205 966 1257 τὰ
990 1206 1089 1275 τῆς
1138 1205 1517 1274 ἀναγνώσεως,
1550 1207 1888 1270 παιδεύσεὼς

312 1313 375 1349 τε
410 1297 540 1349 ὄντα
568 1295 746 1358 ἐκτὸς,
777 1296 869 1348 καὶ
921 1296 999 1366 τῷ
1049 1290 1187 1349 εῖναι
1229 1298 1573 1367 γραμμάτων
1611 1297 1884 1368 ἀμύητον·

313 1390 391 1452 ὡς
412 1386 504 1440 οὖν
531 1389 623 1440 ἐπὶ
654 1387 749 1440 τοῦ
783 1388 1136 1458 ἀκροωμένου
1166 1387 1257 1441 τοῦ
1282 1388 1463 1455 λόγου,
1495 1390 1594 1441 οὐκ
1632 1388 1759 1459 ἄχρι
1785 1390 1886 1459 τῆς

325 1479 497 1548 ἀκοῆς
537 1479 935 1550 περιγράφεται
993 1478 1100 1531 τῶν
1133 1481 1560 1551 ἐκφωνουμένων
1597 1481 1887 1553 ήδύναμις

325 1569 567 1638 (πρόεισι
596 1568 704 1638 γὰρ
755 1570 846 1621 ἐπὶ
872 1570 940 1621 τὰ
992 1569 1292 1639 πράγματα
1331 1571 1732 1639 μεταϐαίνουσα
1777 1572 1886 1624 τῶν

1993 390 2127 444 visui
2153 399 2281 446 sunt
2309 392 2538 458 objecta,
2567 410 2631 447 ea
2656 395 2904 451 stabilius
2932 398 3131 454 animis
3145 400 3549 474 imprimuntur,

1992 481 2116 549 quia
2181 483 2245 538 ad
2299 484 2598 553 pallietiras
2649 495 2831 555 [partes
2873 488 3250 555 adjuvantibus
3304 498 3554 553 St‘ltsiims

1994 574 2455 630 transmittuntur.
2516 575 2782 632 Praeterea
2834 581 2950 633 three
3004 582 3110 637 iiiis
3162 583 3282 653 pius
3332 587 3550 652 habent,

1991 664 2133 731 quod
2216 665 2483 733 sapientes
2536 667 2697 722 simul
2780 680 2835 725 et
2908 671 3106 727 idiotas
3185 677 3552 744 percellemiu,

1991 765 2142 820 a‘que
2165 756 2415 810 omnibus
2448 767 2708 826 prosunt;
2755 768 2809 814 et
2847 762 2960 816 sive
2993 766 3113 832 quis
3158 769 3389 822 rusticus
3443 771 3556 826 sive

1992 843 2248 911 urbanus,
2280 861 2467 915 parem
2504 850 2750 905 notitiam
2792 855 3106 924 participat.
3143 858 3303 915 Certe
3341 862 3454 917 bme
3486 863 3553 917 ad

1991 933 2213 1006 benigni
2265 936 2587 997 S‘ervatoris
2629 945 2805 999 nostri
2862 946 3183 1003 humilitatis
3234 955 3551 1022 mysterium

1992 1029 2161 1099 magis
2194 1031 2474 1100 magisque
2513 1034 2826 1091 admovent.
2861 1038 3071 1110 Quippe
3111 1043 3277 1097 rudes
3308 1048 3553 1105 homines

1990 1129 2130 1183 sa'pe
2152 1128 2483 1183 praetereunt
2511 1120 2792 1190 lectiones,
2834 1128 2957 1195 quia
2989 1141 3176 1185 carent
3226 1137 3553 1201 eruditione.

1989 1217 2044 1260 et
2082 1207 2387 1264 litterarum
2428 1224 2553 1267 sunt
2575 1225 2847 1284 expertes.
2883 1218 3033 1274 Sicut
3062 1238 3188 1293 ergo
3227 1228 3412 1282 audito
3435 1245 3554 1283 ser-

1989 1311 2172 1363 mone,
2209 1299 2349 1352 haud
2379 1303 2591 1357 aurium
2620 1314 2775 1361 mnus
2807 1310 3110 1366 auditarum
3147 1329 3327 1370 rerum
3369 1320 3447 1373 vis
3477 1323 3554 1376 si—

1990 1394 2106 1449 stit.
2132 1394 2223 1448 sed
2243 1396 2513 1451 dictorum
2541 1399 2871 1468 signiﬁcatio
2898 1405 2952 1458 in
2970 1418 3121 1463 actus
3148 1411 3366 1480 prodire
3391 1414 3553 1481 facit,

1992 1482 2063 1535 ita
2092 1485 2256 1538 etiam
2286 1497 2542 1556 spectatae
2594 1490 2644 1544 in
2680 1494 2913 1561 picturis
2958 1498 3214 1565 historiae,
3244 1503 3384 1559 haud
3414 1507 3464 1560 in
3501 1508 3579 1561 vi-

1988 1574 2181 1629 visuali
2212 1585 2421 1631 tantum
2482 1591 2836 1651 permanent;
2897 1588 2989 1641 sed
3042 1592 3298 1647 transfert
3335 1611 3455 1650 mox
3502 1609 3558 1652 rt

312 1659 628 1729 λεγομένων
659 1658 1171 1729 ἡδήλωσις),οὖτως
1199 1662 1318 1714 ούδέ
1347 1663 1439 1713 ἐπὶ
1464 1662 1571 1714 τῶν
1598 1653 1889 1731 θεωμένων

1993 1666 2308 1720 mannducit
2339 1680 2760 1737 conspr-ctarnm
2811 1689 2990 1730 rerum
3037 1678 3271 1746 objectio
3321 1696 3555 1741 mentem

310 1750 384 1802 τὰ
419 1750 798 1821 ἱστορούμενα,
845 1751 1008 1822 μέχρι
1036 1753 1136 1822 τῆς
1171 1755 1435 1823 ὀρατικῆς
1475 1755 1755 1825 δυνάμεως
1788 1757 1885 1820 τὰς

309 1840 710 1910 ϐψειςίστησι·
745 1842 1024 1910 μετήγαγε
1072 1842 1181 1912 γὰρ
1210 1842 1243 1912 ἢ
1279 1843 1556 1913 ἀνήγαγεν
1587 1846 1747 1909 εὐθὺς
1780 1847 1888 1899 τῶν

310 1930 657 2000 φαινομένων
687 1931 719 2000 ἡ
751 1930 991 1998 ἔντευξις
1037 1932 1130 1985 τοῦ
1167 1935 1590 2005 ἐντυγχάνοντος
1632 1937 1724 1990 τὸν
1763 1940 1887 1990 νοῦν

311 2023 407 2075 ἐπὶ
428 2024 495 2075 τὰ
519 2024 890 2095 ὑπερκείμενα
913 2025 944 2096 ἦ
978 2025 1387 2097 προηγούμενα,
1418 2029 1477 2080 ού
1505 2028 1888 2098 συγχωροῦντα

307 2115 425 2174 τοῖς
454 2115 747 2183 συμϐόλοις
796 2116 897 2185 τὴν
938 2116 1088 2187 ἱερὰν
1141 2119 1502 2172 ἐναναπαύειν
1564 2120 1880 2190 ἐνέργειαν·

312 2204 425 2258 ἀπὸ
444 2205 500 2259 δὲ
523 2206 632 2259 τῶν
665 2207 941 2274 αἰσθητῶν
968 2210 1173 2262 τούτων
1195 2212 1291 2263 καὶ
1325 2210 1600 2279 συγγενῶν
1630 2212 1724 2264 καὶ
1755 2228 1882 2264 συν-

308 2299 551 2368 τρόφων,
610 2301 703 2353 ἐπὶ
742 2302 811 2354 τὰ
864 2301 1135 2372 νοούμενα
1166 2303 1261 2355 καὶ
1289 2302 1385 2355 ἀπ’
1420 2303 1600 2356 αὐτῶν
1633 2304 1881 2375 παραδη-

306 2391 570 2460 λούμενα,
608 2394 917 2463 προάγοντα
953 2394 984 2463 ἢ
1015 2395 1361 2466 ἀναφέροντα
1383 2412 1396 2427 ·
1424 2395 1505 2448 διὸ
1531 2395 1622 2448 καὶ
1641 2394 1716 2458 ὼς
1742 2397 1884 2450 αύτά

308 2499 398 2544 τις
433 2481 639 2551 ἐνορῶν
665 2483 736 2535 τὰ
770 2482 1093 2553 πράγματα,
1135 2483 1223 2536 διὰ
1255 2484 1459 2537 τούτων
1487 2485 1882 2554 προσεπεκτείο

306 2588 483 2636 νεται,
515 2572 608 2625 καὶ
633 2572 709 2635 ὡς
737 2573 973 2644 παροῦσι
1002 2574 1089 2627 διὰ
1105 2574 1213 2627 τῶν
1233 2575 1518 2645 συμϐόλων
1541 2575 1876 2642 συγγίνεται,

1987 1757 2304 1822 aspicientis
2333 1759 2398 1812 ad
2450 1760 2767 1816 sublimiora
2812 1776 2865 1819 et
2914 1768 3259 1839 principalia,
3289 1790 3405 1840 qua:
3451 1793 3554 1828 non

1987 1846 2175 1900 sinunt
2208 1849 2258 1901 in
2321 1851 2585 1919 symbolis
2640 1868 2850 1908 sacram
2909 1858 3178 1912 deriiorari
3218 1860 3551 1929 efﬁcaciam;

1986 1938 2081 1991 sed
2112 1956 2138 1989 a
2177 1940 2529 1996 sensibiiibus
2545 1944 2634 1997 his
2663 1954 2713 1998 et
2738 1949 3078 2004 naturalibus
3110 1966 3171 2006 ac
3197 1956 3555 2022 flllOiitiiallis,

1989 2032 2054 2081 ad
2103 2029 2489 2084 intechctnalia
2526 2033 2621 2091 ab,
2647 2035 2785 2103 ipsis
2812 2038 3171 2096 manifestata
3206 2045 3479 2102 deducunt
3503 2060 3557 2103 rt

1991 2118 2299 2172 conferunt.
2331 2120 2512 2185 Quare
2541 2121 2705 2177 homo
2739 2126 2877 2180 haud
2908 2143 3066 2183 secus
3100 2146 3259 2201 quam
3290 2136 3334 2188 si
3367 2151 3449 2191 res
3479 2137 3555 2205 ip-

1989 2223 2078 2262 sas
2102 2218 2397 2276 spectaret,
2419 2213 2485 2265 ab
2511 2214 2595 2267 his
2620 2217 2940 2285 attrahitur,
2969 2230 3023 2273 et
3051 2230 3301 2291 tanquam
3323 2239 3557 2293 prmscn-

1989 2298 2129 2353 tibus
2160 2313 2256 2368 per
2279 2302 2523 2371 symbola
2556 2305 2729 2370 adest,
2773 2316 2831 2361 et
2859 2314 3261 2382 compungitur,
3298 2325 3459 2385 atque
3488 2321 3552 2370 a-l

1984 2389 2285 2445 bonitatem
2317 2392 2634 2461 inﬂecti-tur,
2660 2407 2717 2452 et
2749 2402 3022 2457 suavitate
3044 2405 3302 2474 repletur,
3323 2417 3381 2461 et
3399 2424 3551 2463 suam

1985 2481 2221 2535 animam
2255 2495 2484 2550 recreat,
2531 2489 2832 2559 meliusque
2861 2508 3023 2562 quant
3077 2505 3236 2550 antea
3266 2508 3320 2553 et
3354 2500 3555 2556 habere

1984 2588 2042 2626 se
2074 2576 2350 2631 existimat
2384 2587 2441 2632 et
2473 2594 2597 2635 esse
2633 2582 2921 2639 affectum:

307 2663 411 2717 καὶ
456 2661 848 2715 κατανύττεται
909 2662 1006 2715 καὶ
1080 2662 1446 2729 ἀγαθύνεται,
1496 2665 1590 2717 καὶ
1643 2663 1909 2757 θυμηδίας
1949 2663 2356 2732 ἐμπίμπλαται,
2420 2671 2515 2722 καλ⁸
2590 2674 2992 2743 παρακαλεῖται
3046 2680 3147 2749 τὴν
3197 2685 3396 2757 ψυχὴν,
3458 2687 3553 2742 καὶ

308 2751 620 2820 κρείττονος
651 2749 685 2821 ἢ
721 2751 848 2820 πρὶν
874 2750 1043 2805 οἴεται
1072 2747 1211 2803 εἶναι
1239 2750 1405 2817 ἐξεώς
1436 2768 1496 2803 τε
1533 2753 1628 2804 καλ⁸
1668 2751 2078 2814 καταστάσεως.
2604 2763 2607 2766 ‘

387 2832 495 2912 ξγθέ
528 2844 622 2907 Eb;
669 2844 996 2915 συνηγορίαν
1046 2839 1267 2911 οὖντοῦ
1317 2845 1675 2914 εὐαγγελικοῢ
1719 2847 1876 2913 λόγου

2054 2848 2147 2903 65.
2184 2849 2310 2905 Haec
2339 2867 2430 2905 ars
2460 2854 2643 2924 itaque
2673 2857 2739 2909 ad
2770 2861 3101 2927 evangelica:
3137 2866 3395 2924 doctrinae
3427 2876 3555 2927 sub-

302 2936 374 2991 τὸ
398 2934 458 3000 ἐξ
486 2936 660 3006 ἀρχῆς
689 2936 1088 3004 παραδέδοται,
1119 2936 1215 2990 καὶ
1248 2937 1400 3005 παρὰ
1440 2937 1549 2990 τῶν
1581 2939 1678 3028 τῆς
1713 2939 1883 3028 αὐτῆς

1986 2937 2180 2992 sidium
2219 2939 2331 3007 iam
2383 2942 2511 2999 inde
2542 2945 2608 3000 ab
2668 2946 2823 3028 initio
2855 2951 3051 3006 tradita
3086 2955 3185 3009 fuit
3216 2958 3282 3013 ab
3311 2960 3550 3028 ejusdem

308 3027 609 3098 θρησκείας
641 3026 735 3079 καὶ
764 3026 1019 3091 πίστεως,
1038 3025 1398 3097 Χριστιανῶν,
1428 3028 1592 3098 φημὶ,
1617 3027 1757 3081 οὕτω
1777 3027 1876 3095 τῆς

307 3119 463 3181 θείας
510 3118 944 3189 οἰκονομησάσης
1001 3118 1286 3180 ἐπιπνοίας
1335 3119 1428 3173 καὶ
1481 3119 1734 3188 χάριτος,
1794 3119 1877 3172 ἵνα

306 3210 574 3280 ἑκάτερον
609 3210 697 3264 διὰ
734 3209 966 3280 θατέρου
999 3211 1316 3288 συνιστῆται
1346 3210 1748 3281 βεϐαιούμενον·
1779 3210 1876 3264 ἁλ-

290 3301 489 3371 .λήλων
518 3299 627 3371 γὰρ
653 3298 886 3371 ἔχονται,
919 3300 1014 3352 καὶ
1040 3300 1114 3363 ὡς
1142 3302 1204 3354 ἐκ
1238 3302 1365 3370 μιᾶς
1389 3301 1563 3372 ἀρχῆς
1597 3300 1874 3372 προϊόντα,

304 3394 372 3444 τὸ
398 3394 525 3461 παρ’
555 3392 764 3453 ἑαυτοῖς
785 3390 1044 3444 ἐκάστοτε
1072 3392 1339 3462 χρήσιμόν
1368 3408 1427 3444 τε
1467 3393 1561 3446 καὶ
1600 3391 1879 3460 ἐπωφελές

306 3482 737 3553 παριστάνουσιν
756 3496 772 3511 ·
795 3479 971 3534 ἔοικεν
997 3476 1089 3533 οὖν
1120 3482 1238 3534 κατ’
1263 3482 1414 3535 οὐδὲν
1443 3485 1472 3534 ό
1507 3482 1602 3534 τοῦ
1632 3482 1878 3549 Εὐαγγε-

304 3574 426 3627 λίου
471 3572 628 3643 λόγος
653 3611 670 3636 ,
718 3571 846 3635 τοὺς
894 3572 1154 3642 ἀνοήτους
1182 3572 1404 3636 τούτους
1436 3571 1810 3642 ὠφεληκέναι·
1842 3571 1875 3640 ἢ

303 3663 420 3732 γὰρ
459 3660 523 3715 ἂν
557 3660 767 3732 καρπὸς
803 3659 1117 3724 εὐπειθείας
1159 3662 1253 3714 καὶ
1288 3662 1554 3724 συνέσεως
1599 3662 1656 3713 ἐν
1694 3661 1881 3722 αὐτοῖς

304 3751 530 3822 εὖρητο,
563 3750 638 3814 ὡς
669 3750 824 3817 λόγος
848 3750 903 3802 δὲ
927 3750 1085 3819 μόνον
1116 3750 1303 3813 ἁπλῶς
1334 3753 1451 3812 ταῖς
1476 3751 1669 3812 ἀκοαῖς
1697 3749 1876 3801 αὐτῶν

304 3834 637 3909 προσπεσὼν
663 3838 757 3891 καὶ
790 3837 962 3907 μικρᾷ
991 3842 1292 3908 περισάνας
1312 3879 1327 3903 ,
1351 3838 1484 3911 όμοῦ
1511 3838 1589 3907 τῷ
1616 3839 1875 3909 πληγέντι

304 3932 436 4001 ἀέρι
486 3930 887 3995 συνδιαλύεται,
920 3931 1021 3984 οὐκ
1050 3933 1128 3992 είς
1175 3930 1338 4001 βάθος
1379 3932 1605 4003 καρδίας
1637 3932 1875 3988 διικνού-

307 4038 472 4093 μενος
493 4022 589 4074 καὶ
616 4021 976 4090 εἰσδυόμενος,
1004 4022 1125 4074 ούδέ
1151 4022 1313 4088 πλαξὶ
1328 4022 1574 4087 ,διανοίας
1608 4024 1873 4078 ἐντυπούσ-

304 4129 471 4184 μενος
493 4128 507 4141 ο
542 4111 718 4182 μάτην
758 4112 939 4164 λοιπὸν
976 4113 1158 4175 αὐτοῖς
1194 4113 1710 4185 διαπρεσϐεύεταιῆ
1752 4118 1871 4169 ἐπι-

303 4203 652 4272 πεφήμισται
691 4201 750 4254 τὸ
790 4201 1137 4269 Εὐαγγέλιον,
1174 4203 1372 4272 μᾶλλον
1404 4204 1460 4258 δέ
1503 4206 1610 4259 τῶν
1640 4207 1873 4274 εὐαγγε-

1989 3029 2270 3096 religionis
2304 3047 2368 3085 ac
2398 3034 2519 3088 fidei
2563 3024 2811 3106 a’sseclis,
2848 3039 3173 3102 Christianis
3203 3024 3445 3121 scilicet;
3476 3056 3554 3108 sic

1985 3116 2167 3171 divin‘o
2194 3129 2456 3188 operante
2489 3122 2748 3180 instinctu
2783 3138 2837 3183 et
2866 3133 3042 3200 gratia
3063 3173 3078 3198 ,
3114 3145 3172 3189 ut
3217 3116 3444 3195 alterum
3473 3144 3553 3197 al-

1985 3217 2098 3262 tero
2126 3211 2505 3270 vehementius
2531 3213 2861 3275 ﬁrmaretur.
2918 3221 3150 3279 Invicem
3181 3229 3326 3283 enim
3371 3235 3549 3289 colue-

1984 3311 2125 3365 rent,
2157 3312 2210 3357 et
2244 3304 2369 3372 quia
2398 3320 2463 3360 ex
2497 3323 2605 3363 uno
2652 3311 2919 3380 principio
2960 3317 3242 3384 prodeunt,
3285 3339 3437 3378 suam
3473 3332 3550 3380 vi-

1983 3391 2167 3444 cissim
2211 3407 2368 3462 opem
2418 3396 2824 3469 utilitatemque
2880 3401 3283 3472 impertiuntur.
3326 3411 3554 3470 Videtur

1984 3481 2163 3549 itaque
2184 3499 2364 3538 sermo
2385 3489 2730 3555 evangelicus
2755 3492 2890 3546 nihil
2934 3495 3016 3549 his
3035 3496 3240 3554 insanis
3260 3505 3547 3569 prodesse:

1984 3569 2187 3639 alioqui
2221 3575 2520 3632 docilitatis
2564 3588 2733 3648 atque
2752 3582 3139 3655 intelligentia:
3173 3586 3407 3647 ft‘uctnm
3447 3598 3549 3651 ali-

1982 3676 2141 3729 quem
2173 3666 2564 3733 pereepissent.
2603 3669 2710 3724 Sed
2737 3674 2878 3727 enim
2910 3689 3007 3729 ceu
3058 3682 3233 3737 nudus
3262 3699 3439 3741 sermo
3466 3690 3549 3758 ip-

1983 3766 2164 3805 sorum
2199 3768 2360 3810 aures
2406 3759 2745 3824 praeteriens,
2790 3775 3089 3834 parumque
3119 3770 3399 3839 vellit-aus,
3440 3792 3547 3833 una

1982 3857 2103 3896 cum
2134 3856 2261 3897 aere
2302 3857 2563 3912 percusso
2591 3847 2930 3919 dissolvitur,
2963 3856 3103 3911 haud
3155 3860 3207 3912 in
3254 3866 3545 3929 penetralia

1981 3931 2161 3988 cordis
2191 3943 2443 4002 receptus
2472 3945 2526 3990 et
2559 3939 2796 4002 abditus,
2860 3959 3033 4014 neque
3092 3952 3290 4007 mentis
3310 3948 3331 3955 ’⁷
3347 3959 3542 4011 tabulis

1980 4021 2296 4089 impressus.
2338 4022 2479 4079 Hinc
2522 4026 2589 4080 ﬁt
2622 4038 2680 4082 ut
2715 4029 2917 4087 frustra
2952 4034 3055 4103 ipsi
3076 4035 3426 4110 Evangelium
3464 4058 3544 4102 tc-

1983 4121 2147 4164 neant
2179 4120 2234 4165 et
2264 4112 2623 4184 famigerent;
2656 4134 2779 4172 nam
2809 4115 3129 4180 violatorum
3161 4133 3340 4198 pOLius
3365 4133 3543 4191 Evan-

1979 4202 2100 4273 gelii
2133 4206 2443 4274 dogmatum
2492 4208 2566 4263 rei
2601 4210 2760 4275 ﬁunt,
2788 4220 3291 4292 Consequenterqne
3336 4227 3546 4297 impen—

300 4292 475 4346 λικῶν
526 4292 812 4361 δογμάτων
871 4292 1046 4363 ἔνοχοι
1102 4294 1418 4365 γενόμενοι,
1481 4296 1578 4367 τὴν
1628 4297 1875 4351 ἐντεῦθεν

1983 4296 2115 4350 deus
2138 4297 2456 4364 supplicium
2484 4316 2588 4355 non
2620 4300 2878 4374 eﬂugient
2911 4324 2925 4361 :
2966 4312 3360 4371 convincuntur
3393 4292 3538 4377 enim

302 4384 697 4454 ἐπηρτημένην
743 4385 843 4437 ούκ
892 4383 1249 4451 ἐκφεύξονται
1292 4386 1484 4456 δίκην·
1519 4387 1874 4457 πεφώρανται

300 4474 415 4544 γὰρ
447 4473 783 4542 πανταχόθεν
817 4474 1139 4545 καθαιρέται
1173 4475 1268 4529 τοῦ
1301 4475 1636 4544 Εύαγγελίου
1672 4480 1875 4549 τυγχά-

300 4581 508 4625 νοντες·
540 4563 726 4616 τούτου
764 4564 819 4617 δέ
852 4565 904 4617 τί
931 4565 996 4619 ἂν
1022 4566 1232 4633 γένοιτο
1257 4566 1613 4639 ἀσεϐέστερον
1639 4569 1671 4639 ἢ
1702 4568 1874 4622 ἀθεώ-

300 4671 493 4725 τερον;
518 4653 672 4707 Οὕτω
696 4656 874 4709 τοίνυν
897 4655 1151 4727 δρῶντες,
1183 4658 1331 4728 δῆλοί
1360 4661 1469 4713 εἰσι
1502 4659 1600 4729 τὴν
1632 4662 1712 4724 είς
1739 4662 1874 4732 Χρι-

304 4742 430 4794 στὸν
465 4743 560 4795 καὶ
589 4744 715 4807 τοὺς
739 4743 927 4811 ἁγίους
946 4746 1228 4811 νοσοῦντες
1259 4748 1577 4818 ἀπέχθειαν,
1606 4749 1873 4805 ἄσπονδον

301 4831 402 4884 καὶ
435 4832 845 4886 ἀκατάλλακτον
877 4835 975 4905 τὴν
1023 4835 1159 4906 πρὸς
1190 4838 1388 4901 αὐτοὺς
1432 4839 1745 4910 ἀνελόμενοι
1776 4843 1873 4911 μά-

300 4940 428 4993 χην·
449 4923 546 4975 καὶ
568 4923 723 4976 τοῦτο
746 4927 905 4978 παντὶ
927 4926 1007 4996 τῷ
1023 4928 1275 4982 καὶκατὰ
1303 4930 1499 5000 μικρὸν
1518 4930 1647 5000 γοῦν
1668 4949 1872 5004 σωφρο·

300 5019 415 5069 νεῖν
444 5016 677 5070 ἐθέλοντι
723 5017 1186 5089 συνωμολόγηται·
1228 5020 1322 5073 καὶ
1354 5020 1462 5091 γὰρ
1493 5021 1871 5093 δυσχεραίνον-

296 5122 393 5167 τες
432 5107 526 5160 καὶ
559 5107 811 5170 ἀλύοντες
836 5147 850 5173 ,
892 5109 987 5161 καὶ
1025 5108 1112 5161 ἐπ’
1150 5110 1284 5182 αὐτῇ
1314 5109 1370 5164 δὲ
1395 5113 1534 5184 μόνῃ
1564 5115 1630 5183 τῇ
1663 5113 1869 5168 τούτων

299 5198 496 5268 μνήμῃ
520 5237 537 5262 ,
572 5197 626 5250 εί
658 5215 759 5250 που
807 5198 964 5252 ἴδοιεν
993 5199 1171 5252 αὐτῶν
1209 5203 1424 5273 γραφὴν
1463 5204 1556 5256 καὶ
1592 5206 1869 5275 ἀφομοίω·

297 5303 405 5340 σιν·
438 5288 564 5340 ἐπεὶ
593 5288 734 5341 ῐσασι
770 5289 863 5342 καὶ
901 5290 1053 5342 αὐτοὶ
1079 5292 1160 5343 ὅτι
1200 5292 1267 5344 τὰ
1306 5293 1386 5356 εἰς
1418 5294 1558 5347 αὐτὰ
1585 5295 1865 5366 δρώμενα,

297 5377 394 5430 ἐπὶ
440 5378 508 5429 τὰ
551 5378 928 5448 εἰκονιζόμενα
979 5379 1233 5451 φέρεται·
1283 5380 1473 5454 ὥσπερ
1506 5383 1571 5454 δὴ
1619 5386 1713 5439 καὶ
1758 5385 1866 5439 τῶν

296 5468 589 5535 θεωμένων
623 5469 651 5520 ὁ
689 5469 839 5535 νοῦς,
878 5471 1011 5542 πρὸς
1055 5473 1123 5524 τὰ
1172 5474 1609 5544 ἐνσημαινόμενα
1643 5476 1866 5547 ἁπερεί-

292 5559 466 5613 Garat:
499 5560 597 5614 καὶ
625 5560 723 5613 οὐκ
756 5562 816 5615 ἂν
846 5561 1243 5631 ἐϐδελύττοντο,
1271 5566 1368 5617 οὐκ
1392 5564 1456 5618 ἂν
1498 5566 1788 5637 καθῄρουν,
1817 5571 1864 5622 εἰ

1977 4387 2213 4456 undique
2236 4388 2513 4459 Evangelii
2538 4407 2657 4448 esse
2672 4384 3051 4466 corruptores;
3088 4419 3193 4472 quo
3213 4396 3339 4476 quid
3373 4414 3542 4466 scele-

1976 4478 2113 4532 stius
2133 4493 2252 4535 esse
2284 4490 2464 4549 potest
2487 4492 2576 4537 aut
2604 4484 3002 4556 irreligiosius?
3028 4492 3118 4548 Sic
3143 4510 3273 4563 ergo
3298 4514 3538 4568 agentes,

1974 4570 2207 4636 produnt
2245 4585 2305 4626 se
2333 4569 2538 4627 Christi
2571 4584 2628 4630 et
2660 4588 2975 4635 sanctorum
3007 4597 3216 4653 osores,
3248 4589 3537 4662 dirumque

1975 4670 2032 4713 et
2084 4658 2426 4729 implacabile
2477 4663 2678 4719 bellum
2733 4668 3020 4726 adversum
3077 4675 3174 4730 hos
3208 4658 3537 4751 suscepisse.

1975 4749 2145 4815 Quam
2178 4765 2314 4816 rem,
2346 4752 2575 4822 quisque
2607 4756 2767 4827 233
2818 4761 2963 4815 volet
3013 4764 3282 4837 paulisper
3321 4749 3538 4840 sapere,

1973 4840 2339 4894 confitebitur.
2359 4841 2437 4895 Illi
2455 4845 2653 4915 quippe
2666 4862 2813 4918 atng
2828 4850 3008 4908 ferunt
3023 4846 3075 4909 et
3109 4862 3537 4929 excandescunt,

1973 4930 2017 4983 si
2051 4946 2210 4999 quam
2242 4933 2427 4988 vident
2463 4936 2663 4993 Christi
2711 4950 2766 4995 et
2808 4957 3117 5001 sanctorum
3150 4952 3412 5019 picturam
3444 4966 3537 5008 aut

1928 5019 2297 5091 'imaginem;
2357 5028 2615 5095 quoniam
2671 5033 2867 5100 sciunt,
2922 5052 3041 5103 qum
3098 5040 3179 5092 his
3236 5040 3538 5100 honorifice

1973 5111 2128 5178 lium,
2162 5116 2227 5168 ad
2264 5117 2411 5185 ipsos
2437 5131 2853 5188 repraesentatos
2883 5127 3168 5190 devenire;
3205 5130 3342 5183 sirut
3369 5132 3533 5187 etiam

1972 5207 2331 5271 Spectantium
2384 5223 2558 5275 mens,
2589 5213 2654 5265 ad
2703 5214 3059 5282 significatam
3105 5206 3215 5272 rem
3249 5221 3533 5279 incumbit.

1969 5293 2202 5351 Prorsus
2233 5298 2285 5351 bi
2339 5314 2516 5369 neque
2568 5302 3015 5360 abominarentur
3045 5309 3304 5380 imagines
3361 5329 3537 5384 neque

1971 5389 2334 5458 destruerent,
2367 5392 2479 5445 nisi
2518 5393 2699 5449 hostili
2723 5395 2775 5450 in
2796 5398 3088 5470 archetypa
3116 5404 3534 5474 anitnocsscut,

1968 5493 2021 5535 et
2050 5482 2189 5536 hanc
2223 5482 2329 5538 illis
2362 5484 2650 5539 utilitatem
2675 5486 2997 5545 inviderent.
3025 5492 3128 5547 Pro
3162 5496 3368 5553 viribus
3390 5500 3533 5554 enim

1969 5573 2267 5642 decertant,
2288 5590 2505 5630 onmem
2532 5576 2783 5649 lapidem,
2811 5593 2862 5636 ut
2899 5584 3005 5639 dici
3037 5587 3197 5653 solet,
3232 5603 3526 5661 moventes_
