3900 6148
382 160 480 227 751

1374 159 1435 217 8.
1478 156 1893 218 NICEPHORI
1931 154 2435 214 PATIlIARCH/E
2474 156 2584 214 ΟΡ.

3552 152 3653 216 ’152

384 286 443 331 et
467 276 609 329 viam
643 271 943 342 quamlibet
967 279 1261 336 tentantes,
1296 278 1351 323 ut
1376 269 1581 323 cultum
1616 269 1763 323 hunc
1803 283 1959 323 ever-

2076 265 2141 336 αὴ
2183 266 2319 335 πρὸς
2363 264 2432 316 τὰ
2483 263 2766 333 ἀρχέτυπα
2826 264 3171 336 διεφέροντο,
3238 265 3521 327 κάκείνοις
3559 268 3652 337 τῆς

390 376 507 422 tant
559 382 575 421 :
641 379 701 420 re
751 363 897 418 enim
958 376 1087 415 vera
1120 361 1301 430 gravis
1349 365 1435 413 est
1463 357 1597 428 ipsis
1623 358 1872 413 Christus
1906 361 1959 412 in

392 456 630 524 imagine
673 453 837 508 etiam
869 460 1167 521 spectatus.
1203 449 1341 505 Nam
1372 464 1481 518 prae
1533 452 1707 506 oculis
1760 451 1961 505 habere

390 560 446 603 et
472 554 722 617 spectare
755 559 867 599 rem
890 544 1155 606 odiosam,
1185 550 1240 595 et
1268 541 1322 595 in
1356 542 1678 597 memoriam
1706 557 1963 597 revocare

390 639 536 708 quod
592 636 766 693 oculis
816 636 1241 699 demonstratur,
1294 646 1459 703 grave
1492 634 1611 687 sine
1652 634 1815 689 dubio
1844 644 1959 699 est;

391 732 625 796 ideoque
655 726 842 783 sedula
874 727 1034 781 datur
1077 737 1264 793 opera,
1299 731 1357 776 ut
1393 737 1478 779 res
1520 722 1749 778 molesta
1784 737 1960 777 remo-

391 830 603 876 veatur.

2066 357 2333 426 ὠφελείας
2364 356 2707 411 ἐϐάσκαινον·
2739 358 3152 424 διαγωνίζονται
3182 359 3312 429 γὰρ,
3348 359 3426 420 ὡς
3457 352 3564 411 οἷοί
3592 360 3650 410 τέ

2069 455 2197 516 εισι,
2237 452 2415 506 πάντα
2436 450 2581 502 λίθον
2612 449 2911 515 κινοῦντες,
2943 449 2970 501 ὃ
2993 449 3056 520 δὴ
3088 449 3330 517 λέγεται,
3362 451 3462 503 καὶ
3486 452 3657 504 πάντα

2070 546 2236 614 πιερου
2276 541 2735 611 ὲκμηχανώμενοι
2755 579 2771 603 ,
2804 540 3012 610 ταύτην
3037 541 3102 592 ἐκ
3154 540 3331 593 ποδῶν
3363 540 3653 593 ποιεῖσθαι·

2070 634 2261 705 ἐπειδὴ
2288 635 2406 695 ταῖς
2437 631 2715 702 ἀληθείαις
2756 631 2926 703 βαρύς
2966 634 3116 683 ἐστιν
3144 630 3327 694 αὐτοῖς
3356 631 3386 683 δ
3424 631 3660 701 Χριστὸς

2072 728 2165 780 καὶ
2204 728 2262 777 ἐν
2295 725 2462 778 εἰκόνι
2493 724 2846 792 βλεπόμενος·
2875 723 2936 775 τὸ
2964 722 3072 793 γὰρ
3109 724 3200 775 ὑπ’
3228 721 3354 790 ὄψιν
3388 722 3544 791 ἔχειν
3574 722 3659 774 καὶ

2072 814 2314 885 καθορᾷν
2344 814 2404 866 τό
2434 830 2496 882 γε
2529 811 2676 876 ἆπαξ
2706 810 3118 881 ἀπηχθημένον,
3146 814 3224 874 εἰς
3254 813 3571 881 ἀνάμνησίν
3602 827 3659 862 τε

396 913 531 965 ίέναι
563 911 658 964 τοῦ
693 910 787 965 ἀπ’
826 907 992 964 αὑτοῦ
1025 902 1357 979 δηλὸυμένου
1380 948 1393 973 ,
1423 905 1560 977 βαρὺ
1588 904 1664 975 τῷ
1688 905 1802 958 ὃντι
1831 905 1967 971 ἐστὶ,
2008 908 2100 960 καὶ
2130 906 2218 960 διὰ
2243 906 2403 959 τοῦτο
2465 903 2931 975 περισπούδαστος
2988 904 3156 956 αὐτοῦ
3181 943 3197 969 ,
3225 898 3316 956 οἶα
3341 902 3657 965 λυποῦντος,

393 1006 429 1075 ἡ
460 1004 771 1075 ἀπαλλαγή.

474 1096 651 1162 Atque
689 1095 881 1147 horum
925 1093 1091 1146 verba
1143 1100 1292 1155 sunt,
1342 1090 1728 1160 propemodum
1771 1090 1973 1144 diserte

396 1184 750 1243 clamantium
809 1201 822 1237 :
874 1182 1200 1237 Insidiemur
1254 1182 1442 1251 justo,
1497 1183 1621 1250 quia
1686 1183 1974 1235 incommo-

400 1280 498 1330 dus
568 1276 716 1331 nobis
773 1284 888 1340 est",
948 1284 996 1328 et
1062 1274 1302 1342 aperibus
1372 1276 1567 1327 nostris
1637 1274 1962 1336 contrarius,

395 1379 445 1421 et
482 1368 799 1436 improperat
862 1365 1008 1419 nobis
1059 1373 1271 1428 peccata
1299 1365 1466 1433 legis;
1506 1365 1750 1433 di/fumat
1779 1364 1973 1417 delicta

390 1458 692 1524 disciplima
735 1465 948 1511 nostra.
987 1453 1214 1508 Nuntiat
1239 1471 1293 1508 se
1321 1457 1595 1509 scientiam
1624 1455 1813 1509 habere
1854 1455 1968 1517 Dei,

399 1549 655 1619 ιιῙίιὲιιηιχ
676 1547 886 1607 Domini
922 1562 976 1599 se
1038 1546 1295 1599 nominat.
1358 1543 1551 1599 Factus
1600 1556 1673 1599 est
1720 1528 1866 1599 nobis
1919 1546 1973 1597 in

402 1636 791 1705 coargutionem
855 1633 1232 1704 cogitationum
1290 1641 1628 1694 nostrarum;
1668 1632 1839 1699 gravis
1894 1640 1971 1684 est

405 1729 553 1783 nobis
575 1727 731 1781 etiam
759 1727 826 1778 ad
846 1725 1149 1787 videndum,
1182 1723 1432 1793 quoniam
1450 1722 1727 1794 dissimilis
1749 1730 1826 1776 est
1852 1721 1972 1774 aliis

398 1798 505 1876 vita
537 1821 717 1889 ipsius,
742 1828 786 1872 et
814 1819 1035 1873 diverste
1055 1825 1175 1871 sunt
1211 1816 1310 1869 via:
1335 1815 1472 1884 ejus.
1524 1813 1794 1884 Tanquam
1822 1828 1973 1882 nugae

402 1911 651 1965 (rstimati
692 1925 874 1963 sumus
901 1908 965 1961 ab
997 1908 1111 1972 illo.
1161 1914 1212 1961 et
1250 1907 1470 1960 abstinet
1505 1923 1560 1960 se
1587 1924 1619 1959 α
1652 1906 1745 1959 viis
1781 1907 1973 1959 nostris

401 2011 651 2070 tanquam
691 2001 757 2053 ab
795 1998 1168 2052 immunditiis.
1196 1995 1420 2051 Beatum
1451 1997 1579 2050 dicit
1613 1996 1770 2061 ﬁnem
1796 1995 1973 2069 justo-

402 2108 540 2156 rum,
572 2103 619 2144 et
643 2090 904 2161 gloriatur
932 2099 1135 2158 patrem
1163 2105 1216 2142 se
1248 2088 1436 2142 habere
1463 2088 1648 2143 Deum.
1691 2085 1973 2140 Videamus

401 2200 468 2235 an
500 2195 763 2240 sermones
790 2177 903 2249 ejus
942 2194 1149 2232 veraces
1183 2180 1309 2242 sint,
1342 2187 1392 2231 et
1426 2188 1679 2230 tenlemus
1705 2190 1823 2244 qua:
1856 2191 1974 2227 ven-

401 2283 521 2326 tura
546 2272 648 2326 sint
702 2271 804 2323 illi.
834 2269 978 2323 Nam
1010 2270 1256 2338 sijustus
1287 2268 1431 2336 ﬁlius
1463 2266 1556 2320 Dei
1584 2276 1682 2334 est,
1725 2265 1974 2333 suscipiet

400 2360 575 2424 illum,
609 2370 659 2414 et
695 2358 937 2414 liberabit
972 2357 1035 2411 de
1064 2358 1309 2411 manibus
1338 2357 1748 2410 contrariorum.
1781 2353 1975 2408 Contu-

403 2450 559 2505 melia
593 2461 639 2505 et
682 2458 938 2505 tormento
976 2449 1304 2518 exploremus
1332 2448 1505 2513 illum,
1531 2460 1585 2502 ut
1608 2447 1976 2500 mansuetudi-

404 2561 518 2599 nem
558 2543 671 2612 ejus
702 2558 1102 2611 cognoscamus,
1132 2550 1181 2593 et
1225 2540 1458 2609 ejusdem
1504 2539 1816 2608 patientiam
1848 2555 1974 2605 pro-

403 2636 600 2691 bemus.
642 2632 803 2699 Turpi
844 2643 1007 2686 morle
1044 2632 1352 2685 damnemus
1381 2647 1532 2693 eum;
1575 2629 1674 2681 erit
1712 2629 1851 2681 enim
1894 2628 1976 2679 in-

2135 1091 2245 1143 Ka‘i
2305 1089 2510 1145 τούτων
2563 1091 2772 1143 ἐκεῖναί
2811 1090 2947 1142 εἰσιν
2997 1091 3054 1141 αἱ
3101 1088 3312 1156 φωναὶ,
3366 1078 3664 1161 διαρβήδῃν

2071 1183 2353 1251 μονονουχὶ
2396 1181 2862 1252 διακεκραγότων·
2901 1178 3391 1248 Ἐνεδρεύσωμεν
3425 1184 3540 1235 τὸν
3581 1183 3665 1234 δί’-

2068 1288 2242 1325 καιον
2270 1272 2357 1324 ὅτι
2388 1272 2784 1341 δύσχρηστος
2809 1273 2957 1340 ἡμῖν
2981 1273 3135 1336 ἐστι,
3168 1274 3264 1326 καὶ
3285 1274 3664 1327 ἐναντιοῦται

2070 1362 2194 1427 τοῖς
2224 1363 2429 1431 ἔργοις
2456 1362 2646 1430 ἡμῶν,
2681 1363 2779 1416 καί
2807 1362 3076 1422 ὀνειδίζει
3106 1363 3250 1431 ἡμῖν
3272 1364 3667 1432 ἁμαρτήματα

2076 1456 2290 1522 νόμου·
2348 1453 2677 1521 ἐπιρημίζει
2742 1454 2886 1522 ἡμῖν
2946 1454 3339 1523 ἁμαρτήματα
3393 1457 3663 1522 παιδείας

2010 1542 2262 1613 Βὴμῶν·
2316 1543 2753 1612 ἐπαγγέλλεται
2806 1543 3037 1612 γνῶσιν
3096 1543 3265 1610 ἔχειν
3317 1545 3513 1607 Θεοῦ,
3570 1544 3667 1597 καὶ

2075 1631 2257 1685 παῖδα
2290 1632 2512 1699 Κυρίου
2543 1632 2760 1684 ἑαυτὸν
2788 1632 3081 1699 ὀνομάζει·
3116 1632 3357 1700 ἐγένετο
3398 1633 3547 1701 ἡμῖν
3580 1637 3667 1700 εἰς

2074 1728 2330 1797 ἔλεγχον
2357 1725 2606 1779 ἐννοιῶν
2634 1726 2818 1795 ἡμῶν·
2838 1727 3038 1793 ,βαρὺς
3065 1726 3208 1795 ἡμῖν
3235 1728 3367 1780 ἐστι
3397 1726 3498 1779 καὶ
3523 1728 3669 1790 ,Βλε-

2075 1821 2355 1887 πόμενος·
2400 1816 2488 1870 ὅτι
2522 1817 2806 1885 ἀνόμοιος
2832 1816 2955 1882 τοῖς
2989 1816 3205 1881 ἄλλοις
3229 1819 3263 1870 ό
3283 1817 3427 1881 ,Βιός
3455 1818 3664 1880 αὑτοῦ,

2073 1910 2171 1964 καί
2199 1907 2640 1977 ἐξηλλαγμέναι
2688 1911 2747 1962 al
2781 1909 2966 1975 τρίὄοι
2993 1907 3181 1961 αὑτοῦ
3202 1924 3215 1938 ·
3246 1910 3333 1973 εὶς
3371 1907 3670 1973 κίϐδηλον

2073 2001 2479 2069 ἐλογίσθημεν
2505 1999 2687 2064 αὐτῷ.
2717 1998 2817 2052 καί
2844 2001 3134 2068 ἀπέχεται
3162 1998 3281 2052 τῶν
3304 1998 3465 2052 ὀεῶν
3500 1998 3666 2066 ἡμῶν

2073 2091 2153 2157 ὠς
2186 2091 2304 2146 ἀπὸ
2346 2090 2750 2158 ἁκαθαρσιῶν·
2780 2090 3086 2159 μακαρίζει
3126 2091 3359 2158 ἔσχατα
3393 2091 3662 2151 δικαίων,

2074 2183 2173 2235 καὶ
2205 2181 2624 2242 ἀλαζονεὺεται
2651 2181 2882 2249 Πατέρα
2920 2185 3090 2236 Θεόν·
3119 2181 3371 2250 εἴδωμεν
3398 2182 3452 2232 εὶ
3477 2183 3534 2232 οι
3564 2182 3666 2233 λά.

2074 2289 2168 2341 τοι
2210 2272 2396 2325 αὐτοῦ
2444 2271 2691 2339 ἀληθεῖς
2729 2274 2882 2336 εισι,
2920 2272 3017 2325 καὶ
3066 2271 3449 2340 πειράσωμεν
3490 2271 3564 2323 τὰ
3599 2272 3668 2323 ἐν

2074 2361 2315 2415 ἐκϐάσει
2349 2360 2553 2416 αὑτοῦ·
2586 2365 2637 2416 εὶ
2660 2362 2769 2431 γάρ
2798 2363 2968 2416 ἐστιν
2993 2365 3024 2415 ὀ
3058 2363 3286 2425 δίκαιος
3316 2362 3449 2426 Υἱὸς
3493 2362 3664 2426 Θεοῦ,

2075 2451 2472 2520 ἀντιλήψεται
2499 2452 2711 2517 αὐτοῦ,
2743 2452 2840 2505 καί
2869 2453 3116 2520 ῥύσεται
3148 2451 3329 2518 αὐτὸς
3353 2453 3423 2505 ἐκ
3466 2453 3668 2520 χειρὸς

2076 2542 2553 2614 ἀνθεστηκότων·
2611 2543 2773 2609 ὕϐρει
2827 2544 2925 2595 καί
2968 2542 3228 2608 βασάνῳ
3276 2542 3669 2612 ἐξετάσωμεν

2075 2634 2283 2695 αὑτὸν,
2325 2634 2424 2685 ἵνα
2465 2635 2698 2701 γνῶμεν
2725 2633 2839 2700 τὴν
2878 2633 3209 2686 ἐπιείκειαν
3237 2632 3452 2697 αὑτοῦ,
3504 2635 3667 2688 δοκιο

402 2726 595 2794 speetio
612 2730 724 2792 ejus
755 2739 820 2778 ea:
838 2723 1070 2793 ejusdem
1098 2723 1445 2777 sermonibus.
1472 2720 1600 2775 Ha‘c
1621 2721 1972 2790 cogitaverunt

2076 2721 2361 2791 μάσωμεν
2390 2722 2504 2788 τὴν
2530 2723 2921 2787 ἀνεξικακίαν
2948 2724 3158 2776 αὐτοῦ·
3196 2723 3437 2788 θανάτῳ
3465 2726 3666 2792 ἀσχή-

402 2826 448 2869 et
490 2825 818 2880 erraverunt,
864 2830 1025 2885 neque
1072 2824 1401 2885 sacramenta
1446 2811 1540 2864 Dei
1569 2812 1854 2870 sciverunt,
1888 2823 1972 2862 ne-

2076 2831 2211 2882 μονι
2237 2814 2727 2883 καταδικάσωμεν
2749 2815 2954 2869 αὐτόν·
2986 2815 3160 2868 ἐσται
3189 2818 3299 2884 γὰρ
3326 2816 3497 2880 αὐτῷ
3539 2818 3670 2869 ἑπι-

402 2924 502 2973 que
528 2908 813 2960 mercedem
845 2906 1064 2971 iustitiw
1095 2907 1412 2959 adamaruut
1433 2944 1446 2969 ,
1483 2918 1645 2973 neque
1671 2901 1967 2956 aestimave-

2076 2904 2282 2972 σκοπὴ
2322 2907 2390 2958 ἐκ
2440 2907 2641 2975 λόγων
2685 2905 2895 2960 αὑτοῦ.
2947 2906 3137 2961 Ταῦτα
3169 2907 3541 2975 Mortam-to
3569 2908 3672 2962 καὶ

405 3006 523 3048 runt
565 2998 843 3059 pra‘miuut
893 2996 1427 3064 irrepreheusibilium
1477 2996 1795 3047 animarum.
1827 2992 1974 3056 Qua-

405 3086 550 3137 ninm
585 3084 724 3139 Deus
754 3085 949 3139 creavit
983 3086 1243 3138 hominem
1271 3082 1798 3147 inexterminabilem,
1827 3090 1877 3134 et
1907 3080 1974 3133 ad

404 3176 684 3243 imaginem
716 3175 1140 3242 sempiternitatis
1171 3189 1280 3227 sua:
1303 3173 1421 3241 fecit
1450 3173 1598 3226 illum
1623 3172 1689 3226 ".
1726 3172 1849 3225 ΙΙωο
1877 3171 1974 3224 ali-

406 3275 537 3336 quot
569 3266 689 3319 novi
715 3265 1025 3320 ethnicismi
1058 3265 1304 3328 asseclae,
1327 3273 1382 3316 et
1414 3262 1650 3318 .lndaicaz
1676 3263 1976 3331 impietatis

405 3359 777 3424 aemulatores,
808 3373 931 3412 cum
964 3358 1139 3426 iisque
1190 3365 1470 3410 certantes
1502 3356 1862 3424 congerendis
1893 3356 1976 3408 iu-

401 3447 706 3517 jnstissime
740 3445 1157 3516 coutrajustum
1220 3443 1539 3513 asperrimis
1578 3454 1629 3497 et
1661 3442 1979 3497 molestissi-

406 3540 511 3593 mis
560 3538 925 3601 contumeliis,
983 3536 1109 3592 odio
1172 3538 1430 3593 adversus
1482 3536 1631 3589 illum
1686 3546 1979 3599 tumentes,

407 3628 515 3683 imo
537 3642 666 3683 vero
691 3636 850 3697 pulos
872 3626 1088 3682 Judaros
1109 3629 1363 3697 operibus
1389 3628 1502 3682 suis
1532 3632 1702 3681 semet
1729 3639 1979 3694 compro-

405 3719 620 3773 bantes.
657 3718 922 3786 Quoniam
958 3719 1123 3788 igitur
1148 3718 1326 3789 justus
1350 3728 1405 3772 et
1427 3726 1649 3772 sanctus
1676 3724 1760 3771 est
1790 3714 1975 3768 Domi-

407 3825 532 3878 nus,
562 3813 773 3881 mquins
812 3819 893 3866 est
945 3812 1148 3877 dicere,
1174 3812 1287 3866 hzec
1330 3811 1394 3864 ad
1448 3810 1722 3864 Christum
1756 3807 1973 3871 merito,

404 3912 460 3959 et
487 3919 593 3959 non
627 3904 809 3971 aliter,
844 3902 1035 3967 referri
1088 3902 1308 3957 debere.
1338 3900 1465 3972 Ipse
1517 3901 1659 3954 enim
1689 3909 1775 3954 est
1802 3899 1978 3969 justo-

409 4009 526 4047 rum
558 3991 813 4058 fulcrum,
862 3993 942 4047 uti
989 3978 1250 4063 scriptum
1297 4001 1401 4058 est,
1434 3999 1598 4060 caput
1623 3999 1677 4043 et
1726 3976 1978 4059 primitiae

406 4084 822 4155 cujusvisjnsti,
849 4083 1076 4152 iustitia:
1108 4082 1288 4137 omnis
1322 4081 1460 4146 fons,
1484 4090 1538 4134 et
1577 4082 1740 4135 totius
1771 4078 1978 4134 sancti-

408 4177 677 4231 ﬁcationis
702 4177 960 4246 prmliitor
1007 4192 1021 4229 :
1059 4174 1162 4240 Qui
1203 4174 1570 4242 manifestatus
1603 4182 1676 4225 est
1715 4171 1862 4226 nobis
1912 4186 1979 4224 ea:

2076 2995 2547 3063 ἐπλανήθησαν·
2595 2996 2996 3065 ἁπετύρλωσε
3048 2997 3157 3066 γὰρ
3199 2999 3431 3064 αὐτοὺς
3486 3001 3669 3053 κακία

2076 3086 2297 3151 αὐτῶν,
2351 3086 2450 3139 καὶ
2478 3090 2591 3141 οὐκ
2623 3088 2899 3157 ἔγνωσαν
2938 3087 3245 3155 μυστήρια
3295 3089 3470 3154 Θεοῦ,
3526 3090 3670 3144 οὐδὲ

2071 3179 2293 3248 μισθὸν
2324 3178 2652 3248 ἠγάπησαν
2672 3181 3006 3248 ὁσιότητος·
3036 3178 3180 3233 οὐδὲ
3207 3180 3458 3248 ἔκριναν
3492 3184 3670 3252 γέρας

2077 3266 2293 3335 ψυχῶν
2329 3268 2601 3337 ἁμώμων·
2633 3268 2720 3321 ὅτι
2761 3272 2793 3321 ό
2822 3270 2964 3333 Θεὸς
2990 3268 3192 3322 ἔκτισε
3212 3270 3319 3322 τὸν
3346 3270 3670 3340 ἄνθρωπον

2076 3355 2169 3407 ἐπ’
2213 3357 2553 3424 ἀφθαρσίᾳ,
2609 3360 2703 3412 καὶ
2748 3360 2954 3412 εἰκόνα
3000 3356 3111 3426 τῆς
3135 3359 3291 3425 ιδίας
3326 3362 3669 3430 ἁῖδιότητιις

2075 3443 2599 3511 ἐποίησεναὺτόν.
2643 3445 2831 3500 Ταῦτά
2865 3462 3011 3509 τινες
3055 3446 3226 3499 οίτοῦ
3255 3448 3381 3500 νέου
3426 3446 3669 3519 Έλληνι-

2078 3538 2241 3608 σμοῦ,
2271 3542 2365 3594 καὶ
2394 3540 2493 3611 τὴν
2514 3541 2623 3593 τῶν
2670 3542 2800 3613 πρὶν
2842 3540 3113 3593 Ἰουδαίων
3146 3543 3513 3612 παρανομίαν
3544 3542 3669 3612 ἐζη-

2075 3632 2345 3695 λωκότες,
2404 3632 2499 3685 καὶ
2547 3629 2979 3699 φιλονεικοῦντες
3027 3631 3252 3685 ἐκείνων
3303 3633 3669 3708 χαλεπώτερα

2077 3724 2172 3776 καὶ
2211 3723 2618 3792 δυσαχθέστερα
2652 3725 2730 3785 εἰς
2778 3724 2871 3776 τὸν
2898 3722 3106 3777 δίκαιον
3137 3724 3424 3795 διαθήσειν
3469 3726 3669 3779 ἀδικώ-

2076 3830 2212 3866 τατα
2234 3856 2248 3878 ,
2282 3814 2429 3884 μίσει
2470 3814 2547 3883 τῷ
2595 3816 2675 3876 είς
2701 3815 2865 3867 αὐτὸν
2899 3814 2996 3884 τὴν
3022 3814 3201 3884 ψυχὴν
3226 3815 3625 3879 ἐξοιδαίνοντες
3649 3858 3665 3879 ,

2079 3904 2358 3975 μᾶλλονδὲ
2378 3905 2702 3975 αὐτόχρημα
2737 3905 2979 3958 Ἰουδαῖοι
3002 3905 3090 3956 διὰ
3121 3905 3229 3957 τῶν
3259 3905 3446 3975 ἔργων
3474 3908 3661 3959 αὐτῶν

2076 3995 2538 4065 ἀναδεικνύμενοι·
2573 3998 2694 4049 ἐπεὶ
2716 3992 2809 4050 οὖν
2836 3996 3046 4060 δίκαιος
3080 3998 3173 4049 καὶ
3202 3997 3354 4060 ὅσιος
3376 4002 3407 4051 ό
3436 3998 3664 4069 Κύριος,

2075 4086 2411 4157 δικαιότερον
2442 4086 2509 4141 ἂν
2538 4087 2625 4157 είη
2656 4086 2836 4154 λέγειν
2872 4086 2948 4150 ὡς
2976 4089 3059 4150 είς
3100 4088 3343 4159 Χριστὸν
3379 4090 3560 4142 ταῦτα
3590 4091 3666 4143 δι-

2076 4178 2268 4241 καίως,
2301 4177 2395 4231 καὶ
2418 4177 2493 4240 ὡς
2517 4179 2619 4231 οὐκ
2649 4179 2716 4231 ἂν
2735 4178 2908 4241 ἄλλως
2939 4180 3115 4232 εἰπεῖν
3146 4180 3359 4245 ἔξεστιν
3393 4182 3666 4253 ἀναφέρε-

410 4265 515 4319 Deo
576 4264 761 4331 Patre,
811 4265 1054 4335 justitia,
1103 4263 1458 4329 sanctiﬁcatio
1494 4270 1540 4313 et
1592 4261 1879 4325 redemptio
1904 4261 1969 4314 ".

2076 4285 2189 4321 ται·
2223 4269 2387 4332 αὐτὸς
2409 4269 2531 4339 ,γάρ
2562 4270 2709 4322 ἐστιν
2739 4271 2766 4322 ὁ
2794 4270 2902 4323 τῶν
2931 4270 3154 4323 δικαίων
3191 4273 3504 4341 στηριγμός
3544 4274 3665 4326 καθ’

402 4359 437 4412 ἂ
465 4360 797 4428 γέγραπται,
819 4357 912 4411 καὶ
938 4356 1151 4429 κεφαλὴ
1170 4356 1263 4409 καὶ
1279 4353 1503 4426 ἀπαρχὴ
1554 4354 1751 4416 παντὸς
1802 4353 2032 4421 δικαίου,
2077 4361 2172 4414 καὶ
2208 4361 2389 4429 πάσης
2420 4360 2769 4431 δικαιοσύνης
2810 4361 2994 4433 πηγὴ,
3028 4363 3121 4414 καὶ
3152 4363 3352 4425 παντὸς
3388 4365 3665 4432 ἀγιασμο)

403 4448 637 4517 χορηγός
665 4462 677 4474 ”
720 4447 823 4510 Ὃς
853 4443 1197 4512 ἐφανερώθη
1228 4443 1375 4513 ἡμῖν
1403 4444 1524 4498 ἀπὸ
1557 4442 1705 4497 Θεοῦ
1730 4444 1982 4512 Πατρός,
2020 4445 2400 4517 δικαιοσύνη,
2438 4451 2533 4503 καί
2566 4452 2884 4519 ἁγιασμὸς,
2926 4451 3022 4503 καί
3051 4452 3503 4521 ἀπολύτρωσις.

481 4537 605 4592 llaec
631 4538 758 4590 olim
800 4538 1019 4606 sapiens
1042 4539 1284 4606 quidam,
1320 4538 1410 4607 qui
1441 4537 1678 4592 l‘ntnram
1711 4540 1975 4594 adversus

409 4629 693 4683 Dominum
720 4640 963 4703 nostrum
998 4644 1061 4683 ac
1090 4631 1253 4683 Deum
1284 4631 1351 4682 ab
1373 4630 1490 4683 istis
1521 4630 1773 4683 invidiam
1805 4639 1860 4684 et
1890 4646 1977 4683 ra-

402 4722 547 4775 biem
578 4720 790 4775 eminus
819 4721 1174 4791 pmvidebat,
1221 4735 1319 4776 ceu
1356 4722 1892 4790 providentissimus,
1921 4733 1977 4775 et

406 4812 470 4865 ad
496 4811 902 4881 intelligendum
929 4822 1094 4881 atque
1119 4813 1433 4880 sapiendnm
1459 4811 1720 4867 facilitate
1743 4828 1977 4883 superne

405 4906 722 4969 instructus,
775 4903 1105 4974 prmcinebat
1155 4916 1301 4959 recte
1330 4914 1385 4958 et
1441 4903 1663 4973 liquido,
1706 4920 1974 4959 summam

403 4998 631 5051 istorum
671 4998 933 5051 malitiam
973 4997 1277 5067 divulgans.
1316 4997 1453 5064 Quid
1482 4997 1627 5051 enim
1678 5013 1784 5051 non
1815 5005 1973 5050 erant

399 5087 572 5143 acturi
604 5088 657 5142 lii
684 5089 893 5154 miseri,
924 5104 1047 5144 cum
1087 5089 1140 5143 in
1187 5097 1398 5143 tantum
1436 5089 1690 5143 vanitatis
1727 5087 1975 5142 malitiae-

397 5197 505 5252 que
547 5182 850 5248 venissent,
878 5181 1048 5236 divini
1081 5179 1293 5235 timoris
1322 5189 1376 5235 et
1404 5180 1684 5250 religionis
1716 5180 1766 5232 in
1799 5179 1969 5232 Deum

396 5272 797 5329 inconsiderate
825 5287 1055 5343 prorsus
1082 5271 1237 5327 obliti
1260 5311 1275 5336 ,
1303 5272 1375 5326 ita
1407 5280 1466 5325 ut
1494 5286 1562 5326 ex
1611 5272 1971 5339 praesentibus

395 5365 617 5421 evidens
650 5366 763 5431 liat,
810 5366 951 5434 quod
1003 5365 1049 5421 si
1080 5365 1209 5435 ipsis
1255 5364 1435 5419 vivere
1482 5364 1799 5433 contigisset
1843 5380 1951 5432 quo

468 5542 512 5574 "
544 5540 670 5611 Sap.
696 5556 760 5609 ιι,
797 5494 980 5601 12-25;
1056 5542 1100 5574 ‘°
1129 5540 1148 5597 1
1179 5541 1301 5598 Cor.
1342 5556 1378 5608 ι,
1411 5541 1499 5595 50.

2146 4540 2331 4596 Ταῦτα
2363 4542 2473 4598 τῶν
2502 4544 2670 4599 πάλαι
2702 4544 2885 4614 σοφῶν
2915 4561 3021 4610 τις,
3062 4544 3164 4616 τὴν
3194 4544 3276 4608 είς
3330 4544 3425 4598 τὸν
3458 4545 3667 4617 Κύριον

2073 4634 2232 4704 ἡμῶν
2280 4635 2376 4688 καὶ
2429 4636 2563 4688 Θεὸν
2617 4638 2885 4706 ἐσομένην
2934 4636 3066 4706 παρ’
3116 4635 3298 4689 αὐτῶν
3351 4635 3668 4704 βασκανίαν

2073 4725 2167 4776 καὶ
2199 4724 2396 4777 λύτταν
2432 4726 2714 4795 πόρρωθεν
2767 4725 3119 4795 ἀναθεωρῶν,
3146 4728 3240 4778 ἆτε
3272 4725 3668 4795 διορατικώτα·

2073 4833 2184 4880 τος,
2219 4817 2315 4870 καὶ
2347 4818 2408 4870 τὸ
2440 4818 2519 4881 είς
2555 4818 2770 4871 σύνεσιν
2810 4818 2904 4871 καὶ
2937 4818 3102 4887 νῆψιν
3134 4818 3467 4888 δεδεγμένος
3498 4820 3667 4891 ὀξύρ-

2079 4909 2243 4977 ροπον
2301 4909 2530 4983 ἀνωθεν,
2582 4911 3059 4981 προανεκρούσατο
3110 4912 3388 4980 εὐστόχως
3453 4929 3517 4964 τε
3574 4913 3668 4965 καὶ

2078 4999 2508 5071 ἀπεξεσμένως,
2546 5003 2879 5071 στηλιτεύων
2931 5003 3111 5056 αὐτῶν
3159 5003 3259 5074 τὴν
3311 5003 3412 5073 τῆς
3463 5005 3668 5065 κακίας

2078 5094 2409 5166 ὑπερϐολήν·
2459 5097 2523 5152 τί
2562 5097 2618 5151 δὲ
2647 5099 2749 5150 οὐκ
2794 5099 3019 5168 ἔμελλον
3049 5098 3273 5169 δράσειν
3322 5100 3373 5151 οί
3434 5101 3668 5159 τάλανες

2077 5183 2182 5238 τῶν
2212 5187 2293 5247 είς
2324 5187 2664 5256 φαυλότητος
2689 5188 2894 5257 τρόπον
2927 5189 3023 5241 καὶ
3054 5187 3364 5258 μοχθηρίας
3391 5192 3664 5258 ἡκόντων,

2075 5274 2169 5327 τοῦ
2206 5275 2352 5328 θείου
2394 5276 2563 5344 φόϐου
2603 5278 2693 5332 καὶ
2726 5279 2826 5347 τῆς
2853 5281 2932 5343 είς
2964 5278 3098 5331 Θεὸν
3128 5278 3421 5343 εὐσεϐείας
3453 5280 3666 5335 παντᾶο

2071 5381 2235 5418 πασιν
2266 5366 2623 5437 ὴφειδηκότες
2655 5371 2750 5423 καὶ
2782 5369 3148 5441 ἀλογήσαντες
3176 5387 3189 5435 ;
3237 5369 3383 5424 ὥστε
3432 5372 3662 5441 ἐναργὲς
