3918 6152
1395 367 1421 379 "N
1440 378 1443 381 .

176 488 290 559 753

1020 495 1588 557 APOU)CEI‘ICUS
1628 497 1776 556 PRO
1814 496 2082 557 SACRIS
2124 498 2609 558 lMAGlNIBUS.
2692 470 2697 474 ’

3322 493 3425 556 754

182 605 249 656 ὲκ
296 601 404 656 τῶν
460 602 744 673 παρόντων
794 602 1195 670 καθίστασθαι,
1256 607 1330 670 ὡς
1383 607 1540 677 εἴπερ
1582 608 1765 669 αὐτοῖς

1874 617 2111 679 tempore
2138 608 2389 663 Christus
2422 608 2775 673 humauatus,
2819 616 2975 660 terra:
3006 605 3196 660 incolis
3235 623 3429 660 secun-

71 741 85 759 ._
182 695 369 765 ἐφεῖτο
418 694 727 764 ὲνακμάσαι
776 695 899 750 καθ’
934 695 992 749 ὃν
1033 698 1219 768 χρόνον
1254 700 1281 751 6
1332 698 1563 768 Χριστὸς
1606 700 1759 766 ἐνην-

185 783 497 856 θρωπηκὼς
530 788 644 850 τοίς
690 788 785 841 ἐπὶ
818 789 921 859 γῆς
970 789 1113 842 κατὰ
1163 788 1345 860 σάρκα
1392 790 1761 860 ὀπτανόμενος

188 877 693 944 συνεπολιτεύσατο,
749 878 927 949 πολλῷ
979 879 1090 933 τῶν
1139 879 1442 950 τηνικαῦτα
1494 880 1761 942 Ἰουδαίων

184 969 539 1042 εκτοπώτερα
563 973 642 1034 εἰς
683 971 846 1024 αὐτὸν
886 971 1327 1043 διαπεπραχέναι
1366 973 1458 1025 καὶ
1493 972 1763 1026 ἀπευκτό-

181 1075 342 1130 τερα·
377 1060 492 1113 ἀλλ’
539 1062 663 1114 ἐπεὶ
711 1063 840 1132 περὶ
887 1063 1048 1115 αὐτὸν
1094 1062 1265 1127 οὕτως
1307 1062 1762 1133 καταπράξασθαι

179 1150 279 1203 τοῦ
306 1150 499 1222 χρόνου
538 1152 612 1222 μὴ
643 1152 883 1217 ἐνδόντος
920 1154 1363 1224 διημαρτήκασι,
1395 1154 1535 1208 κατὰ
1559 1155 1655 1223 τῆς
1687 1155 1763 1208 εἰ-

182 1241 343 1303 κόνος
370 1243 619 1312 ἐκχέουσι
653 1243 751 1306 τὰς
780 1244 950 1313 ὀργὰς
997 1247 1090 1298 καὶ
1116 1246 1213 1309 τὰς
1251 1246 1501 1317 μήνιδαςο
1533 1246 1655 1300 καθ’
1694 1239 1763 1318 ἧς

182 1330 646 1401 ἑπιλυττήσαντες
675 1334 746 1387 τὰ
772 1336 872 1403 τῆς
900 1336 1334 1407 ἀθεμιτουργίας
1371 1336 1760 1391 ἐνδείκνυνταιο

181 1422 282 1475 καί
327 1439 416 1491 μοι
448 1422 697 1476 δοκοῦσιν
741 1426 1026 1502 εὐθαρσῶς
1070 1426 1212 1494 ἄγαν
1256 1427 1758 1499 διακεκράξασθαι,

179 1513 263 1577 ὡς
292 1513 360 1565 Εἰ
389 1530 452 1582 γε
477 1517 604 1578 τοὺς
638 1515 746 1569 τῶν
784 1517 1035 1587 πατέρων
1061 1518 1472 1588 κατειλήφαμεν
1499 1520 1724 1591 χρόνους
1743 1561 1759 1586 ,

179 1604 590 1676 ἀπεπλήσαμεν
625 1608 691 1660 ἂν
721 1608 865 1678 ἅπερ
888 1610 1045 1662 αὐτοὶ
1076 1609 1534 1681 παραλελοίπασι,
1569 1611 1630 1664 τὸ
1666 1613 1762 1681 μὲν

178 1698 435 1765 γενναῖον
465 1697 623 1767 ἡμῶν
651 1698 745 1751 καὶ
774 1699 1024 1762 εὐσθενὲς
1058 1700 1154 1771 τῆς
1192 1702 1273 1763 εἰς
1317 1700 1411 1755 τὸν
1434 1701 1640 1755 δίκαιον
1682 1719 1763 1756 τι·

187 1784 407 1855 ,ιωρίας
445 1784 706 1854 ἀνδρείως
730 1785 1130 1849 διαδεικνύντες
1154 1826 1169 1850 ,
1206 1786 1265 1841 τὸ
1286 1787 1343 1840 δὲ
1374 1787 1597 1852 ἀσθενὲς
1621 1790 1764 1843 ὲκεί-

204 1889 295 1936 ιυν
330 1874 424 1927 καὶ
448 1874 640 1929 ἇναλκι
670 1876 1056 1948 διελέγχοντες’
1092 1878 1529 1953 αὐστηροτέραις
1556 1880 1763 1944 αἰκίαις

225 1962 281 2013 ιί
311 1961 535 2032 ὕϐρεσιν
579 1964 740 2017 αὐτὸν
793 1966 1202 2036 μετερχόμενοι,
1244 1966 1385 2019 ὥστε
1427 1968 1523 2020 καὶ
1550 1967 1759 2037 διαμω-

184 2052 408 2121 μείσθαι
437 2053 535 2123 τῆς
569 2055 857 2125 ἀδρανείας
901 2058 1117 2120 αὐτοὺς,
1150 2056 1245 2109 καὶ
1281 2057 1552 2128 ῥᾳθυμίας
1586 2077 1756 2130 προσ-

179 2142 416 2210 επάγειν
446 2144 748 2216 ἐπίκλημα,
800 2146 877 2209 ὡς
922 2145 954 2215 ἢ
998 2146 1150 2200 οὐδὲν
1196 2147 1333 2211 ὅλως
1374 2148 1406 2219 ἢ
1454 2148 1626 2220 μικρὰ
1681 2151 1761 2214 εἰς

179 2234 351 2288 αὐτὸν
381 2235 668 2306 δεδρακόσι
690 2254 703 2268 ο
734 2237 816 2290 διὸ
846 2238 939 2291 καὶ
978 2237 1073 2292 νῦν
1106 2240 1299 2310 καιρὸς
1340 2240 1431 2293 τὸν
1462 2241 1755 2310 μαστιγού-

1863 698 1987 751 dum
2019 714 2236 752 carnem
2272 696 2502 752 visibilis
2552 696 2999 761 conversabatur,
3035 697 3200 749 multo
3232 696 3425 747 absur-

1864 787 2014 841 diora
2041 788 2300 842 adversus
2325 802 2448 843 euut
2475 788 2872 843 commisissem
2897 797 3058 856 atque
3086 786 3380 855 indigniora
3403 783 3426 836 ἲ

1864 880 1969 934 Sed
2005 880 2128 949 quia
2167 889 2356 934 contra
2396 880 2571 948 ipsum
2600 880 2672 932 ita
2708 893 2888 947 agere,
2944 887 3185 947 tempore
3241 876 3424 945 prohi-

1862 970 2042 1034 bente,
2096 985 2199 1024 non
2232 979 2541 1039 potuerunt,
2578 984 2721 1023 nunc
2772 978 2959 1023 contra
2993 969 3109 1038 ejus
3137 968 3426 1038 imaginem

1863 1060 1972 1116 iras
2000 1060 2282 1115 effundunt
2313 1070 2475 1130 atque
2523 1059 2786 1124 furorem,
2832 1060 2883 1114 in
2933 1075 3096 1128 quam
3141 1061 3426 1114 saevientes

1865 1151 2101 1206 facinora
2133 1152 2295 1221 impia
2350 1160 2588 1221 patrant.
2618 1152 2678 1206 Et
2714 1151 2841 1205 mihi
2890 1151 3141 1202 videntur
3170 1138 3429 1203 audacter

1864 1243 2160 1309 clamitare,
2193 1244 2336 1312 quod
2378 1243 2422 1297 si
2456 1253 2665 1312 patrum
2702 1250 2938 1309 tempora
2974 1238 3136 1311 235
3173 1255 3430 1307 occupas-

1862 1350 2064 1399 semus,
2109 1337 2482 1405 explessemus
2517 1336 2701 1404 utique
2742 1335 3001 1404 quidquid
3051 1333 3182 1401 ipsis
3227 1332 3432 1407 omise-

1866 1435 2010 1492 runt,
2046 1435 2289 1481 nostram
2326 1427 2485 1480 simul
2522 1427 2897 1481 streuuitatem
2941 1426 3216 1489 roburque
3253 1420 3305 1473 in
3336 1435 3434 1489 op-

1863 1517 2142 1586 primendo
2176 1515 2388 1570 fortiter
2433 1515 2582 1586 justo
2619 1520 3085 1576 demonstrantes,
3126 1520 3178 1566 el
3217 1510 3431 1563 illorum

1864 1606 2195 1661 debilitatem
2255 1616 2310 1661 et
2366 1608 2709 1661 timiditatem
2787 1614 3181 1674 coarguentes;
3241 1615 3435 1670 nempe

1863 1697 2230 1764 asperioribus
2289 1698 2621 1752 cruciatibus
2670 1708 2843 1766 atque
2890 1694 3103 1763 injuriis
3158 1689 3432 1746 Christum

1864 1785 2176 1847 allicientes.
2232 1797 2393 1857 atque
2440 1788 2511 1842 ita
2563 1788 2808 1857 patribus
2847 1782 3240 1840 imbecillitatis
3269 1792 3432 1848 atque
3509 1832 3513 1840 λ

1867 1878 2090 1947 ignavia:
2137 1878 2342 1932 crimen
2386 1878 2766 1948 impingeutes,
2818 1875 2971 1943 quasi
3024 1873 3157 1928 nihil
3204 1871 3427 1925 omnino

1869 1968 1953 2023 Vel
1981 1985 2167 2039 parum
2199 1972 2459 2026 adversus
2487 1970 2764 2025 Christum
2795 1957 3028 2038 egerint.
3082 1964 3260 2031 Quare
3319 1962 3431 2030 jam

1868 2070 2079 2130 tempus
2108 2072 2216 2127 est,
2245 2071 2302 2116 ut
2356 2061 2661 2131 ﬂagellatus
2691 2061 2757 2114 ab
2787 2060 2870 2114 his
2900 2070 2952 2112 et
2984 2055 3327 2112 contumeliis
3352 2052 3433 2105 al-

1864 2148 2039 2207 lectus
2065 2152 2315 2207 Christus
2346 2154 2491 2207 dicat
2519 2153 2601 2208 eis
2641 2168 2655 2206 :
2693 2150 2821 2205 Filii
2849 2149 2970 2205 cui}
3010 2147 3435 2205 homicidarum;

1863 2253 1909 2298 et
1934 2261 2019 2299 vos
2058 2245 2266 2314 imp'ete
2294 2260 2590 2297 mensuram
2615 2257 2822 2312 patrum
2850 2252 3135 2311 vestrorum
3164 2240 3232 2292 “.

181 2342 350 2395 μενον
381 2300 487 2379 καὶ.
524 2325 880 2397 ὑϐριζόμενον
920 2328 1096 2397 λέγειν
1136 2300 1289 2399 πρὸς
1324 2300 1556 2395 αὐτούς,
1602 2300 1682 2386 ὅτι
1726 2332 1847 2386 Υἰοί
1904 2334 2046 2389 ἐστε
2117 2300 2235 2388 τῶν
2291 2300 2627 2404 φονευτῶν,
2688 2332 2787 2388 καί
2866 2308 3036 2403 ὑμεῖς
3079 2300 3436 2394 ἀναπληρῶν

177 2435 335 2475 (rats
360 2420 429 2473 τὸ
446 2420 669 2489 μέτρον
692 2421 809 2476 τῶν
835 2423 1110 2492 πατέρων
1140 2423 1326 2493 ὑμῶν.

255 2513 354 2580 ξδ’.
395 2514 585 2567 Δύτῶν
610 2514 668 2567 δὲ
714 2516 981 2584 λεγόντων
1021 2516 1267 2583 ἀκούειν,
1310 2518 1372 2570 τὸ
1415 2520 1494 2583 εἰς
1523 2520 1758 2590 Χριστὸν

179 2605 347 2678 ἔχθος
380 2605 700 2660 ὠδινόντων·
734 2607 901 2679 βαρὺς
930 2609 1061 2679 ἡμῖν
1090 2609 1239 2663 ἐστιν
1259 2611 1287 2663 ὁ
1315 2611 1550 2682 Χριστὸς
1578 2613 1672 2666 καὶ
1702 2615 1762 2666 ὲν

179 2696 362 2750 εἰκόνι
395 2696 749 2768 βλεπόμενος·
779 2698 890 2751 τίσι
928 2698 1153 2762 τούτους
1202 2700 1599 2768 ἀπεικαστέον;
1631 2703 1763 2770 φασὶ

181 2789 283 2851 τὰς
310 2787 614 2856 παρδάλεις
642 2789 876 2859 φυσικήν
907 2806 1032 2842 τινα
1074 2788 1219 2860 ἔχειν
1253 2792 1389 2862 πρὸς
1416 2792 1508 2845 τὸν
1550 2791 1761 2863 ἄνθρω-

183 2896 286 2933 πον
316 2879 514 2948 ὀργὴν,
558 2879 654 2932 καὶ
701 2880 777 2943 ὡς
820 2879 1099 2950 πεφύκασι
1151 2881 1389 2952 μάλιστα
1420 2886 1531 2947 τοῖς
1568 2883 1763 2953 ὁφθαλ-

187 2974 313 3043 μοῖς
336 2972 449 3024 τῶν
479 2971 781 3043 ἀνθρώπων
812 2974 1173 3043 ἐφάλλεσθαι·
1216 2977 1266 3028 οἰ
1298 2976 1476 3030 τοίνυν
1502 2975 1765 3033 καταπαί-

185 3063 379 3128 ζοντες
410 3063 512 3134 τῆς
541 3065 737 3133 μανίας
767 3064 861 3119 τοῦ
890 3065 1104 3137 θηρίου,
1135 3069 1191 3119 ὲν
1215 3068 1389 3141 χάρτῃ
1414 3069 1598 3122 εἰκόνα
1632 3085 1764 3141 προ-

184 3154 527 3209 δεικνύουσιν
556 3155 631 3220 ὡς
656 3156 957 3229 ἄνθρωπον·
990 3157 1049 3212 τὸ
1074 3158 1132 3211 δὲ
1158 3159 1262 3212 ύπὸ
1282 3160 1379 3230 τῆς
1399 3160 1534 3229 ἄγαν
1563 3162 1762 3233 ὁρμῆς,

1936 2515 2027 2571 64.
2058 2515 2210 2584 Ipsos
2241 2523 2419 2569 autem
2447 2513 2693 2569 dicentes
2725 2513 2998 2580 audimus,
3029 2513 3153 2566 dum
3191 2528 3345 2567 suum
3379 2515 3432 2570 in

1865 2607 2137 2664 Christum
2162 2607 2341 2661 odium
2369 2607 2583 2676 pariunt
2610 2624 2622 2660 :
2653 2605 2847 2661 Gravis
2887 2613 2971 2659 est
2997 2604 3151 2659 nobis
3185 2604 3434 2660 Christus

1870 2699 1923 2753 in
1955 2698 2187 2768 imagine
2211 2697 2375 2751 etiam
2409 2706 2704 2766 spectatus.
2736 2694 3072 2761 Quibusnam
3112 2694 3167 2749 hi
3214 2709 3434 2765 compa-

1873 2790 2024 2844 randi
2053 2789 2219 2844 suut?
2248 2789 2411 2843 Aiunt
2442 2788 2751 2858 pantheras,
2802 2786 3112 2841 naturalem
3142 2787 3432 2857 quamdam

1869 2879 2127 2935 adversus
2180 2878 2456 2933 hominem
2507 2891 2697 2946 gerere
2747 2876 2905 2941 iram,
2958 2884 3013 2929 et.
3058 2874 3111 2929 in
3152 2874 3445 2929 hominum

1871 2968 2142 3040 praecipue
2175 2969 2358 3022 oculos
2391 2965 2616 3020 iusilire.
2644 2963 2743 3031 Qui
2794 2978 2925 3034 ergo
2967 2964 3158 3017 volunt
3195 2963 3323 3018 fera:
3352 2962 3436 3016 fu-

1870 3060 1980 3114 rori
2014 3057 2261 3124 illudere,
2292 3058 2344 3111 iu
2373 3057 2563 3113 charta
2598 3055 2865 3125 objiciunt
2892 3055 2940 3109 ei
2976 3054 3211 3109 hominis
3266 3053 3430 3108 veluti

1871 3150 2128 3219 ﬁguram;
2162 3149 2251 3203 illa
2286 3159 2464 3203 autem
2497 3163 2695 3216 magno
2737 3162 2858 3203 cum
2896 3147 3099 3216 impetu
3129 3162 3228 3201 ceu
3261 3145 3437 3201 homi-

184 3245 261 3309 ὡς
303 3244 593 3317 ἄνθρωπον
621 3248 925 3318 σπαράσσει
955 3249 1045 3302 τὸν
1075 3250 1305 3321 χάρτην,
1336 3252 1497 3305 κάκεῖ
1523 3252 1763 3305 δείκνυσι

1873 3257 1987 3297 nem
2015 3242 2260 3297 chartam
2286 3240 2575 3306 dilacerat,
2602 3241 2782 3309 ibique
2813 3255 2970 3295 suum
2995 3238 3233 3294 hominis
3250 3238 3432 3293 odium

184 3338 249 3392 τὸ
282 3337 675 3408 μισάνθρωπον
695 3354 709 3369 ο
739 3339 1000 3403 ὡσαύτως
1039 3341 1134 3393 καὶ
1177 3335 1323 3394 οὗτοι
1344 3381 1359 3406 ,
1389 3342 1450 3395 ὲν
1485 3345 1551 3414 τῇ
1597 3342 1767 3396 εἰκόνι

188 3427 437 3497 Χριστοῦ
475 3428 536 3481 τὸ
586 3430 934 3499 μισόχριστον
975 3430 1398 3486 ἐπιδείκνυνται⁹
1426 3430 1610 3502 ἐπειδὴ
1659 3431 1769 3503 γὰρ

189 3515 546 3586 προσψαῦσαι
578 3517 740 3571 αὐτοῦ
784 3516 862 3588 τῷ
908 3518 981 3589 μὴ
1016 3522 1272 3590 παρεῖναι
1305 3519 1630 3588 σωματικῶς
1668 3520 1768 3574 οὐκ

192 3605 495 3675 ἰσχύουσιν,
546 3606 689 3677 ἔχθει
725 3608 805 3679 τῷ
832 3610 912 3673 εἰς
951 3610 1110 3664 αὐτὸν
1160 3612 1251 3664 ἐπὶ
1286 3612 1385 3680 τὴν
1425 3610 1607 3665 εἰκόνα
1625 3629 1769 3682 παρ-

186 3696 414 3759 δάλεως·
434 3697 588 3767 δίκην
630 3699 948 3769 ὲφάλλονται
984 3702 1392 3772 σπαράσσοντές
1420 3719 1479 3755 τε
1524 3701 1616 3755 καὶ
1651 3702 1767 3757 δια-

191 3788 531 3859 φθείροντες
583 3789 723 3843 ὥστε
758 3792 792 3862 ἡ
843 3791 984 3845 κατὰ
1029 3790 1139 3845 τῶν
1189 3792 1550 3862 ὁμοιωμάτων
1600 3791 1767 3845 αὐτοῦ

193 3877 388 3945 μανία,
413 3876 683 3943 ἀπόδειξιν
725 3878 835 3949 ἔχει
868 3880 961 3932 τοῦ
1004 3879 1307 3951 θεομάχους
1340 3881 1538 3939 αὐτοὺς
1579 3877 1718 3935 εἶναι
1749 3921 1765 3945 ,

189 3967 289 4020 καὶ
332 3968 478 4021 κατὰ
506 3970 742 4039 Χριστοῦ
779 3971 1155 4042 ὲπανῃρῆσθαι
1203 3972 1291 4023 τὸν
1325 3970 1581 4041 πόλεμοψ
1629 3970 1771 4025 οῦτω

195 4059 299 4129 μὲν
339 4056 436 4111 οὖν
484 4061 552 4113 τὰ
599 4062 837 4130 Χριστοῦ
889 4063 981 4115 καὶ
1027 4062 1366 4134 Χριστιανῶν
1421 4061 1772 4127 ὲξουδένωται

195 4149 331 4218 παρ’
364 4148 548 4211 αὐτοῖς
572 4150 665 4202 καὶ
693 4150 1121 4221 κατέστραπται,
1148 4151 1244 4222 ἔθη
1276 4168 1336 4204 τε
1370 4152 1464 4204 καὶ
1497 4151 1647 4221 νόμοι
1677 4152 1772 4205 καὶ

197 4238 515 4309 μυστήρια,
557 4242 651 4293 καὶ
694 4244 728 4312 ἠ
770 4241 977 4295 ἄνωθεν
1043 4244 1417 4312 κεκρατηκυῖα
1446 4242 1593 4312 παρὰ
1646 4244 1775 4313 Χριο

199 4332 444 4393 στιανοίς
508 4322 831 4398 παράδοσις,
881 4333 975 4385 καὶ
1037 4331 1354 4401 ἀρχαιότητι
1418 4329 1771 4400 διαφέρουσα,

201 4421 303 4476 καὶ
350 4420 440 4474 διὰ
493 4422 652 4475 τοῦτο
710 4422 769 4476 τδ
827 4422 1107 4493 αἰδέσιμον
1157 4420 1306 4492 παρὰ
1354 4420 1461 4473 τῶν
1524 4415 1583 4474 εὖ
1644 4439 1775 4491 φρο-

203 4515 448 4565 νούντων
499 4511 730 4582 ἔχουσα*
770 4513 905 4567 ἀλλὰ
940 4513 1024 4577 τίς
1073 4512 1180 4565 τῶν
1230 4510 1489 4565 ἐπιεικῶν
1540 4513 1634 4565 καὶ
1681 4528 1773 4579 φι-

1871 3333 2227 3388 demonstrat.
2258 3331 2349 3386 Sic
2376 3341 2432 3386 et
2456 3332 2508 3385 hi
2546 3331 2751 3387 Christi
2782 3332 2963 3385 odium
3014 3330 3277 3384 adversus
3321 3331 3436 3399 ejus

1870 3424 2159 3494 imaginem
2219 3430 2565 3495 expromuut.
2609 3421 2744 3490 Quia
2792 3423 2937 3478 enim
2986 3437 3108 3477 eum
3162 3421 3433 3490 attingere

1870 3514 2223 3583 corporaliter
2278 3522 2598 3584 praesentem
2656 3520 2951 3582 nequeunt,
3010 3512 3134 3566 odio
3186 3510 3302 3578 ejus
3349 3511 3437 3563 in-

1870 3606 2077 3670 stiucﬁ,
2104 3615 2291 3660 contra
2325 3605 2497 3674 ipsius
2524 3604 2810 3673 imaginem
2847 3604 3119 3673 pantherae
3159 3602 3329 3657 instar
3351 3602 3437 3655 in-

1872 3694 2082 3759 siliunt,
2120 3695 2421 3749 lacerantes
2453 3703 2613 3763 atque
2644 3704 3075 3761 corrumpentes.
3112 3691 3228 3758 Quo
3266 3692 3343 3756 ﬁt,
3378 3698 3437 3745 ut

1873 3785 2035 3841 furor
2088 3787 2349 3839 adversus
2397 3784 2514 3855 ejus
2559 3784 2847 3839 simulacra
2887 3784 3135 3840 ostendat
3176 3783 3276 3838 hos
3318 3798 3438 3838 esse

1876 3876 2247 3940 theomachos,
2277 3882 2333 3929 et
2357 3875 2686 3943 Christoque
2719 3874 2915 3929 bellum
2935 3875 3229 3929 indixisse.
3289 3875 3438 3927 Adeo

1872 3964 2071 4019 Christi
2088 3964 2629 4033 Christianorumque
2658 3980 2742 4018 res
2765 3964 2935 4018 abhis
2958 3973 3286 4032 spernuntur
3316 3979 3433 4030 pes-

1873 4071 2103 4127 sumque
2132 4057 2348 4122 dantur,
2383 4069 2561 4110 mores
2599 4055 2851 4125 legesque
2884 4065 2935 4109 et
2986 4065 3346 4117 sacramenta,
3387 4067 3440 4106 et

1874 4147 2037 4201 altius
2073 4155 2283 4215 recepta
2328 4160 2391 4201 ac
2424 4155 2633 4199 retenta
2661 4137 2799 4215 apud
2830 4143 3166 4198 Christianos
3195 4145 3437 4202 traditio.

1876 4237 2199 4307 antiquitate
2244 4252 2339 4292 sua
2390 4236 2606 4302 nobilis,
2641 4238 2869 4305 ideoque
2892 4236 3032 4304 apud
3077 4244 3222 4288 recta
3258 4246 3438 4289 mente

1876 4330 2128 4399 praeditos
2157 4328 2499 4383 venerabilis.
2521 4327 2634 4382 Jan)
2656 4328 2901 4398 quisnam
2923 4329 3071 4397 pius,
3107 4326 3197 4380 Dei
3224 4342 3439 4391 amans,

1876 4432 1932 4477 et
1972 4430 2116 4475 recta
2155 4421 2411 4491 religione
2451 4420 2740 4475 innutritus
2797 4434 2903 4473 non
2943 4421 3179 4490 graviter
3210 4419 3437 4488 ingemi-

1878 4523 1996 4569 scat
2031 4521 2086 4567 et
2113 4513 2310 4583 lugeat,
2339 4527 2460 4567 cum
2493 4528 2678 4567 sacras
2707 4514 2851 4566 mdes
2900 4512 3193 4581 divinaque
3250 4512 3442 4564 altaria

201 4601 406 4656 λοθέων
433 4603 531 4655 καὶ
561 4600 815 4675 εὐσεϐείᾳ
862 4603 1273 4674 τεθραμμένων,
1315 4602 1376 4655 οὐ
1411 4602 1554 4671 μέγα
1584 4619 1766 4655 κατοι-

1878 4605 2076 4659 violata
2106 4604 2285 4659 videat
2316 4613 2369 4658 et
2408 4602 2655 4670 sull'ossa,
2686 4618 2893 4672 suoque
2933 4613 3126 4657 ornatu
3159 4602 3435 4672 spoliata?

202 4691 407 4762 μὼξειε
436 4692 531 4745 καὶ
564 4691 921 4762 θρηνήσειενς
955 4692 1152 4745 ὁπόταν
1186 4692 1313 4756 τούς
1347 4691 1524 4759 ἱεροὺς
1552 4690 1773 4759 οἴκους,

198 4783 300 4835 καὶ
343 4782 415 4834 τὰ
461 4781 583 4836 θεῖα
633 4782 990 4853 θυσιαστήρια
1041 4784 1147 4855 ὁρᾷ
1196 4781 1641 4852 καθυϐριζὸμενα
1682 4784 1776 4836 καὶ

197 4872 594 4943 διορυττόμενα
618 4912 633 4938 ,
696 4873 791 4927 καὶ
847 4872 938 4926 τὸν
992 4872 1199 4927 ἑαυτῶν
1249 4871 1627 4926 ἀποϐάλλοντα
1683 4871 1778 4923 κό-

198 4979 371 5032 σμον·
402 4963 764 5036 θυσιαστήρια
801 4964 1124 5034 ἠτιμωμένα
1156 4965 1250 5017 καὶ
1287 4961 1774 5033 καταϐεϐλημένα,

196 5055 302 5109 καὶ
329 5055 491 5125 χερσὶ
524 5055 770 5126 βεϐήλοις
796 5055 1288 5127 καταχραινόμενα,
1350 5057 1445 5108 καὶ
1495 5054 1771 5123 γλώσσαις

198 5146 502 5216 θεομάχοις
550 5146 791 5217 αἰσχρῶς
832 5146 1278 5217 δυσφημούμενα·
1320 5146 1413 5200 καὶ
1459 5145 1533 5209 ὡς
1575 5145 1640 5199 ἄν
1691 5163 1773 5209 τις

199 5237 306 5291 [Sat
342 5237 431 5290 ἐπ’
478 5238 741 5302 εὐθαλοῦς
789 5240 882 5291 καὶ
928 5237 1258 5309 χλοαζούσης
1304 5240 1399 5292 καὶ
1444 5240 1773 5309 διωραῖσμέο

200 5345 302 5397 νης
359 5328 494 5391 πόας
558 5329 619 5381 τὸ
671 5329 1045 5399 διηνθισμένον
1089 5331 1181 5383 καὶ
1223 5329 1416 5401 εὔχαρι
1446 5332 1544 5402 τῆς
1598 5332 1775 5403 κόμης

195 5420 687 5491 ἀποκειραμένης,
742 5422 775 5492 ἢ
833 5421 944 5475 τῶν
1002 5422 1122 5475 κατ’
1175 5421 1445 5493 ἀνθηροὺς
1500 5423 1773 5493 λειμῶνας

199 5509 484 5582 βρυόντων
526 5511 588 5565 τὸ
628 5510 856 5583 εὐχρουν
904 5515 998 5566 καὶ
1043 5513 1318 5576 πολυειδὲς
1355 5514 1456 5583 τῆς
1513 5516 1781 5580 ποικιλίας

196 5600 317 5655 τῶν
355 5602 799 5675 ἀνθοφορούντων
828 5605 937 5665 τοῖς
968 5603 1325 5674 δρεψαμένοις
1350 5604 1775 5674 περιῃρημένον,

201 5691 357 5746 οὕτω
388 5692 670 5747 κάνταῦθα
699 5694 942 5748 θεάσαιτο
971 5695 1066 5747 σὺν
1097 5695 1173 5766 τῷ
1202 5695 1389 5765 κόσμῳ
1414 5690 1432 5760 ζ
1473 5694 1567 5746 καὶ
1606 5696 1697 5749 τὸν
1720 5697 1777 5749 ὲν

290 5847 334 5879 ⁸⁸
363 5848 555 5906 Matth.
593 5866 748 5915 xxut,
782 5851 870 5905 ⁵51.

1875 4698 2090 4761 altaria,
2121 4697 2363 4767 inquam,
2385 4696 2741 4749 dehonestata
2758 4704 2812 4749 et
2836 4693 3068 4762 deiecta,
3089 4694 3441 4762 profanisque

1877 4787 2123 4841 manibus
2147 4787 2391 4856 intpiata,
2421 4795 2480 4840 et.
2533 4787 2641 4840 Deo
2677 4786 2926 4840 hostibus
2967 4786 3165 4855 linguis
3215 4787 3445 4855 turpiter

1877 4877 2186 4932 maledicta.
2228 4875 2407 4931 Veluti
2450 4877 2493 4932 si
2530 4878 2652 4945 quis
2680 4891 2867 4931 cernat
2903 4879 2954 4931 in
3020 4878 3358 4948 germinaute
3387 4887 3441 4927 et

1878 4972 2086 5023 virente
2129 4979 2459 5039 venusteque
2494 4971 2658 5024 herba
2705 4969 2950 5027 ﬂoridam
2979 4970 3097 5032 ejus
3128 4979 3445 5038 gratamque

1879 5072 2090 5112 comam
2121 5058 2428 5125 desectam,
2466 5059 2547 5114 vel
2574 5059 2625 5113 iu
2657 5057 2863 5115 ﬂoridis
2903 5060 3079 5113 hortis
3108 5056 3446 5127 surgentium

1883 5150 2110 5204 calicum
2135 5150 2428 5206 coloratam
2470 5152 2783 5221 variamque
2821 5151 3055 5219 speciem
3083 5165 3110 5201 a
3153 5149 3444 5215 decerpen-

1885 5242 2026 5294 tibus
2076 5242 2419 5296 demessum:
2457 5244 2537 5297 sic
2588 5243 2672 5297 his
2715 5242 2878 5295 etiam
2922 5256 3022 5294 una
3064 5255 3187 5294 cum
3242 5249 3440 5293 ornatu

1883 5333 2297 5387 mstimationem
2348 5347 2564 5403 quoque
2612 5340 2666 5386 et
2716 5331 3037 5385 memoriam
3083 5331 3443 5385 subtractam.

1887 5443 1904 5475 ι
1932 5424 2143 5477 Etenim
2175 5423 2317 5477 nulla
2346 5424 2526 5491 templi
2556 5423 2692 5477 ratio
2724 5423 2952 5475 habetur
2985 5423 3128 5488 quod
3150 5419 3446 5474 simulacro

1889 5529 1993 5567 nou
2014 5522 2257 5578 ornatur,
2279 5532 2296 5564 ι
2326 5523 2383 5568 ιιι
2403 5512 2618 5582 quidam
2638 5525 2667 5567 e
2682 5510 2850 5566 sacris
2878 5509 3253 5581 religiosisque
3273 5509 3449 5562 ltotni-

1888 5605 2283 5660 nibusdixit".
2322 5605 2499 5672 Quare
2528 5618 2635 5659 non
2663 5603 2899 5657 absurde
2926 5601 3120 5672 aliquis
3143 5603 3306 5665 dicat,
3334 5600 3450 5655 hau:

1887 5698 2056 5755 instar
2077 5701 2274 5757 mentis
2293 5714 2411 5756 esse
2431 5699 2603 5755 sacris
2629 5697 2859 5768 templis,
2889 5706 2941 5754 et
2959 5696 3190 5753 maxime
3211 5693 3448 5765 propria.

947 5852 988 5884 ⁸³
1016 5852 1202 5909 Isidor.
1236 5855 1416 5914 Peius.
1456 5857 1626 5927 Epist.
1656 5857 1747 5913 lib.
1785 5875 1861 5925 tv,
1897 5858 1982 5913 75.
