3918 6152
401 457 513 526 755

1389 469 1450 529 S.
1493 470 1904 532 NICEPHDRI
1950 473 2450 532 ΡΛΤΒΙΑΒΟΗᾹΞ
2487 473 2596 534 CP.

3541 471 3640 533 756

405 589 510 626 non
546 589 700 630 secus
728 589 792 629 ae
826 576 1092 634 sacrificia
1125 585 1177 633 et
1205 594 1417 647 preces,
1442 590 1497 636 et
1533 581 1737 649 reliqua
1762 583 1813 635 in
1839 583 1970 650 ipsis

2074 583 2250 645 αὐτοῖς
2300 581 2769 651 ὑπεξαιρούμενον
2815 579 2974 648 λόγον
3024 597 3082 634 τε
3123 579 3220 634 καὶ
3265 581 3365 652 τὴν
3400 583 3638 651 μνήμην.

405 665 521 719 ﬁeri
560 667 741 721 solita.
775 667 880 722 Sed
921 680 1108 723 contra
1139 668 1238 724 ltos
1275 669 1524 740 profanos
1574 689 1730 727 nemo
1779 673 1969 727 melius

405 773 565 821 quam
589 773 741 813 sacer
760 757 1042 814 Psalmista
1067 761 1376 828 precabitur
1397 781 1408 816 :
1433 762 1739 829 Domine,in
1759 765 1969 818 civitate

405 859 498 901 tua
541 850 860 918 (supernam
893 851 1117 906 innttens
1140 851 1482 920 Jerusalem)
1533 855 1816 923 imaginem
1850 855 1968 907 illo-

403 955 519 990 rum
549 940 623 1005 (id
667 953 766 1004 est,
815 943 1128 995 memoriam
1158 941 1416 1013 ipsorum)
1451 941 1518 996 ad
1567 942 1788 996 nihilum
1826 945 1968 998 retii-

402 1044 488 1096 ge:
511 1029 576 1092 “,
608 1033 1038 1100 quatuloqnident
1071 1017 1360 1102 itttaginetu
1404 1043 1546 1086 tuam
1578 1043 1740 1103 atque
1768 1051 1970 1088 memo-

407 1117 540 1168 riam
571 1133 635 1171 ex
661 1120 864 1174 sedibus
912 1121 1016 1176 tuis
1053 1136 1134 1176 ac
1173 1125 1298 1176 vitae
1340 1125 1736 1180 consuetudine
1789 1125 1968 1180 delere

403 1208 747 1266 studuerunt.
782 1209 1009 1282 lnsuper
1045 1213 1185 1267 idem
1237 1215 1412 1270 adhuc
1441 1217 1687 1284 canat“,
1735 1232 1970 1286 praesen-

403 1309 484 1352 tes
505 1300 601 1354 has
627 1311 844 1357 nostras
865 1303 1153 1372 deplorans
1183 1306 1520 1362 calamitates
1555 1325 1567 1358 :
1595 1304 1638 1361 Ο
1666 1307 1826 1372 Deus,
1860 1325 1965 1364 non

401 1401 662 1444 venerunt
691 1402 880 1459 gentes
907 1394 958 1448 in
987 1395 1352 1451 haereditatem
1390 1405 1560 1462 tuam,
1590 1401 1683 1454 sed
1717 1401 1969 1469 gentibus

405 1483 750 1538 vecordiorcs
771 1485 1196 1554 etini'ensiorcs,
1231 1500 1282 1544 et
1325 1490 1416 1559 qui
1443 1491 1704 1546 adversus
1749 1503 1968 1547 sanctos

405 1582 525 1626 tuos
548 1573 817 1630 maleficio
848 1592 1106 1646 superare
1133 1580 1252 1634 illas
1281 1583 1652 1648 contendunt;
1689 1583 1778 1652 qui
1817 1584 1968 1638 habi-

405 1673 515 1716 tum
550 1665 768 1734 quidem
794 1669 1186 1724 sacerdotalem
1230 1680 1506 1740 gerentes,
1536 1675 1631 1726 sed
1663 1683 1841 1728 tamen
1877 1669 1967 1728 lu-

403 1769 527 1813 pum
551 1753 650 1808 sub
675 1757 876 1812 vellere
900 1759 1158 1824 celantes,
1176 1761 1682 1817 contaminaverunt
1719 1774 1964 1818 sanctum

405 1859 552 1900 tuum
577 1887 590 1910 ,
619 1856 672 1902 et
697 1849 886 1903 altaria
925 1860 1037 1917 tua,
1072 1851 1294 1907 Domine
1319 1853 1600 1920 virtutum,
1625 1855 1968 1912 deformitate

401 1957 465 1995 ac
494 1927 758 1998 dedecore
787 1947 1149 2012 repleverunt.

2077 693 2094 724 ι
2128 672 2275 726 Ναοῦ
2307 673 2414 743 γὰρ
2431 673 2586 739 λόγος
2611 673 2812 735 οὐδεὶς,
2835 671 2894 723 ὃν
2915 671 2974 724 οὐ
3004 669 3188 738 στέφει
3214 669 3454 740 ἄγαλμα.
3492 690 3511 721 ι
3549 671 3642 736 Ὠς

2069 781 2152 828 τις
2185 764 2293 816 τῶν
2330 763 2495 817 πάλαι
2541 762 2702 833 ἱερῶν
2733 761 2827 816 καὶ
2869 761 3132 830 φιλοθέων
3177 761 3388 833 ἀνδρῶν
3418 763 3638 834 ἔφησεν·

2070 855 2209 910 ὥστε
2244 857 2342 908 οὐκ
2369 857 2433 910 ἄν
2458 873 2540 918 τις
2589 854 2814 918 ἀπεικὸς
2863 853 3220 924 ἀποφαίνοιτο
3239 895 3252 919 ,
3283 855 3365 908 ὅτι
3395 871 3458 923 γε
3488 855 3642 922 λόγος

2069 945 2244 1000 ταῦτα
2266 948 2376 1009 τοῖς
2407 947 2570 1016 ἱεροῖς
2595 944 2770 1008 ναοῖς,
2796 945 2890 998 καὶ
2916 943 2978 997 τὸ
3016 943 3322 1010 ἰδιαίτατον,
3359 945 3455 997 καὶ
3482 945 3642 1000 mea-

2071 1053 2176 1110 περ
2203 1040 2258 1092 αἱ
2288 1039 2469 1092 θυσίαι
2497 1039 2592 1090 καὶ
2624 1040 2920 1108 προσευχαὶ
2946 1036 3041 1090 καὶ
3056 1037 3126 1090 τά
3154 1037 3242 1090 ἐπ’
3264 1037 3448 1099 αὐτοῖς
3470 1037 3643 1090 πάντα

2069 1129 2380 1199 τελούμενα·
2413 1129 2548 1182 ἀλλὰ
2577 1128 2779 1181 τούτων
2803 1126 2876 1198 μὴ
2900 1127 3054 1190 ἄλλος
3081 1144 3162 1189 τις
3192 1127 3224 1196 ἢ
3247 1129 3274 1178 ό
3297 1127 3643 1196 Ἱεροψάὶ-της

2069 1219 2416 1289 κατευχέσθω
2449 1219 2642 1287 λέγων·
2675 1220 2869 1283 Κύριε,
2899 1218 2968 1270 ἐν
3017 1216 3088 1284 τῇ
3141 1219 3317 1274 πόλει
3357 1231 3474 1270 σου
3525 1216 3643 1286 (τὴν

2069 1313 2179 1366 ἀνω
2232 1309 2583 1382 Ἰερουσαλὴμ
2631 1307 2975 1380 ἐμφανίζων)
3023 1306 3138 1376 τὴν
3192 1309 3395 1362 εἰκόνα
3443 1307 3644 1360 αὐτῶν

2079 1403 2219 1474 (ἤτοι
2268 1403 2366 1473 τὴν
2411 1403 2632 1472 μνήμην
2681 1399 2880 1470 αὐτῶν)
2934 1398 3384 1464 ἐξουδενώσεις.
3424 1397 3644 1468 Ἐπειδὴ

2067 1497 2166 1564 τὴν
2197 1495 2292 1564 σὴν
2334 1494 2519 1546 εἰκόνα
2548 1495 2640 1545 καὶ
2683 1493 2904 1562 μνήμην
2946 1491 3008 1543 ἐκ
3067 1489 3177 1542 τῶν
3208 1488 3316 1542 σῶν
3354 1489 3517 1542 οἴκων
3550 1488 3646 1540 καὶ

2067 1586 2167 1656 τῆς
2197 1585 2294 1653 σῆς
2325 1583 2600 1646 πολιτείας
2643 1581 2964 1650 ἐξαφανίσαι
3001 1577 3418 1633 διεσπούδασαν·
3467 1593 3640 1644 προσ-

2067 1679 2240 1751 ᾳδέτω
2265 1676 2322 1729 δὲ
2353 1676 2516 1738 αὐτὸς
2548 1676 2646 1738 τάς
2673 1674 2947 1744 ἡμετέρας
2974 1673 3070 1726 καὶ
3089 1671 3184 1726 νῦν
3215 1672 3298 1740 ἐφ’
3328 1669 3488 1740 ἡμῶν
3551 1672 3645 1736 ἐφ-

2067 1767 2361 1838 εστηκυὺας
2407 1762 2766 1836 ἐκτραγῳδῶν
2802 1762 3106 1832 συμφοράς·
3138 1760 3197 1813 '0
3220 1759 3350 1823 Θεὸς
3369 1801 3384 1825 ,
3413 1759 3646 1828 ῆλθοσαν

2069 1861 2170 1912 οὐκ
2204 1857 2332 1928 ἔθνη
2379 1855 2479 1928 μὲν
2507 1858 2586 1918 είς
2618 1853 2718 1926 τὴν
2752 1853 3114 1926 κληρονομίαν
3160 1869 3254 1906 σου
3275 1892 3290 1917 ,
3341 1849 3457 1904 ἀλλ’
3487 1849 3542 1902 οῖ
3584 1864 3643 1915 γε

1999 1941 2040 1998 Β
2068 1948 2175 2001 τῶν
2218 1947 2386 2000 ἐθνῶν
2417 1943 2810 2014 ἀσυνετώτεροι
2838 1961 2898 1998 τε
2931 1943 3026 1998 καὶ
3069 1940 3506 2014 δυσμενέστερον..
3547 1938 3644 1994 καὶ

399 2035 464 2103 τῇ
505 2033 644 2086 κατά
684 2035 794 2086 τῶν
823 2035 995 2104 ἁγίων
1029 2053 1122 2090 σου
1152 2038 1458 2111 κακουργίᾳ
1503 2041 1806 2110 παρελάσαι
1836 2038 2057 2102 τούτους
2091 2037 2504 2102 σπουδάζοντες·
2526 2037 2602 2100 ὡς
2659 2037 2718 2089 ἐν
2779 2035 3130 2106 προσχήματι
3195 2033 3294 2104 μὲν
3342 2032 3644 2102 ἱερωσύνης

402 2125 613 2194 ἔχοντες
643 2127 702 2179 τὸ
736 2129 1078 2196 φαινόμενον,
1114 2130 1292 2201 κωδίῳ
1323 2131 1377 2184 δὲ
1417 2131 1508 2186 τὸν
1551 2131 1712 2186 λύκον
1737 2131 2304 2202 ἐγκατακρύπτοντες·
2369 2129 2600 2200 ἐμίαναν
2641 2127 2732 2180 τὸν
2790 2127 2920 2181 ναὸν
2947 2125 3038 2180 τὸν
3081 2124 3236 2193 ἅγιόν
3299 2139 3416 2190 σου,
3449 2124 3544 2176 καὶ
3573 2123 3644 2176 τά

402 2217 760 2288 θυσιαστήριά
787 2235 900 2283 σου,
925 2219 1096 2290 Κύριε
1119 2221 1223 2274 τῶν
1248 2223 1550 2292 δυνάμεων,
1581 2225 1850 2297 ἀκοσμίας
1872 2227 1966 2279 καὶ
2004 2223 2226 2294 ἀτιμίας
2255 2220 2601 2292 ἐπλήρωσαν.

477 2309 568 2365 65.
607 2309 1042 2380 δοιιτίεὲοειιυιιε,
1067 2317 1112 2369 si
1151 2317 1348 2386 placet,
1385 2320 1633 2389 quisnam
1673 2323 1774 2375 hac
1816 2322 1868 2374 in
1915 2337 1972 2374 re

403 2403 476 2456 sit
499 2401 618 2456 istis
651 2419 868 2471 scopns,
911 2420 1098 2474 qumve
1133 2423 1320 2474 causa,
1349 2425 1446 2462 cur
1477 2411 1526 2462 in
1563 2421 1767 2464 tantum
1801 2411 1969 2465 malc-

401 2495 511 2550 ﬁcii
537 2505 700 2564 atque
743 2496 1072 2563 irreligionis
1124 2499 1459 2556 devenerint.
1497 2503 1663 2564 Aiunt
1712 2504 1810 2572 ipsi
1841 2504 1971 2558 alie-

403 2603 501 2642 nos
529 2587 659 2642 deos
707 2601 764 2641 se
813 2588 1156 2656 adoravisse,
1199 2607 1348 2646 suam
1384 2593 1704 2650 damnantes
1745 2595 1966 2650 idolola-

404 2681 587 2732 triam.
651 2679 851 2736 Deinde
899 2679 1226 2750 palinodiam
1273 2685 1434 2740 veluti
1486 2697 1743 2742 canentes
1787 2704 1854 2742 ne
1891 2691 1970 2741 vi-

405 2772 639 2826 deantur
686 2772 787 2826 sibi
839 2775 1216 2831 contradicere
1262 2775 1315 2830 in
1367 2777 1431 2832 iis
1457 2793 1578 2850 qua:
1625 2791 1782 2832 antea
1828 2783 1969 2834 male

401 2875 644 2936 egerant,
676 2877 839 2934 atque
865 2868 935 2920 ita
968 2859 1319 2935 ignominiam
1351 2867 1512 2938 235
1551 2868 1914 2940 damnumque
1939 2887 1969 2924 a

401 2969 460 3010 se
493 2965 830 3020 removeaut,
861 2959 1082 3022 audent,
1139 2959 1284 3026 quod
1333 2974 1402 3012 ne
1434 2968 1679 3014 amentes
1727 2961 1968 3026 quidem,

401 3046 615 3113 dicere;
647 3047 871 3116 gloriam
897 3062 1090 3116 nempe
1111 3056 1276 3117 atque
1303 3049 1562 3103 honorem
1592 3051 1770 3118 potius
1794 3052 1969 3105 sacris

403 3138 606 3192 aclibus
628 3139 754 3192 hinc
785 3137 1087 3202 conciliari,
1117 3153 1214 3193 ceu
1249 3139 1292 3194 si
1330 3139 1494 3194 idolis
1521 3140 1666 3208 ipsas
1701 3155 1968 3210 purgave-

2139 2317 2230 2382 ξε’.
2283 2315 2422 2368 Ἀλλ’
2455 2313 2678 2384 ἴδωμεν,
2713 2313 2760 2366 εί
2785 2313 2962 2377 δοκεῖ,
3003 2309 3088 2374 τίς
3113 2309 3299 2372 αὐτοῖς
3329 2311 3359 2363 δ
3385 2309 3480 2361 ἐπὶ
3506 2307 3644 2378 τῷδε

2067 2405 2254 2474 λόγοςς
2291 2404 2384 2457 καὶ
2416 2402 2468 2456 τί
2498 2401 2627 2454 ποτέ
2659 2403 2775 2456 ἐστι
2813 2401 2872 2454 τὸ
2905 2399 3099 2463 αἴτιον,
3131 2401 3223 2452 ἐπὶ
3255 2399 3508 2453 τοσοῦτον
3540 2399 3640 2452 αύ-

2067 2497 2194 2559 τοὺς
2234 2494 2616 2564 ἀνοσιουργίας
2656 2492 2752 2546 καὶ
2799 2491 3112 2562 ἀφιλοθεῖας
3144 2489 3471 2560 ἐξοίχεσθαι·
3509 2490 3642 2558 φασὶ

2065 2589 2198 2658 γοῦν
2222 2589 2374 2643 αὐτοὶ
2403 2587 2708 2660 ἀλλοτρίοις
2733 2587 2875 2650 θεοῖς
2913 2586 3416 2658 προσκεκυνηκέναι
3437 2624 3454 2650 ,
3485 2585 3642 2638 είδω-

2065 2681 2351 2744 λολατρίαν
2413 2679 2624 2732 ἑαυτῶν
2673 2678 3224 2748 καταψηφισάμενον
3273 2671 3394 2730 εἶτα
3450 2675 3642 2745 ὥσπερ

2066 2770 2388 2841 παλινῳδίαν
2420 2770 2734 2840 ποιούμενοι
2775 2767 2854 2838 τῷ
2881 2767 3028 2832 δόξαι
3055 2767 3477 2836 γνωσιμαχῆσαι
3501 2807 3518 2831 ,
3547 2761 3644 2834 ἐφ’

2064 2857 2145 2926 οἷς
2171 2861 2432 2932 πρότερον
2459 2859 2646 2922 κακῶς
2671 2859 3098 2930 διαπεπράχασι,
3121 2858 3218 2914 καὶ
3237 2857 3410 2927 ταύτῃ
3428 2855 3641 2911 οίεσθαι

2064 2955 2124 3006 τὸ
2148 2954 2372 3025 αἰσχρὸν
2411 2953 2507 3006 καὶ¹
2552 2951 2848 3022 ἐπισφαλὲς
2881 2950 3341 3020 ἀποπέμπεσθαι,
3369 2948 3645 3019 τολμῶσιν

2067 3044 2102 3099 ἃ
2126 3045 2234 3100 οὐδ’
2264 3046 2330 3098 ἂν
2358 3045 2406 3098 οἱ
2437 3043 2789 3115 ἐξεστηκότες
2815 3040 3320 3112 παραφθέγγεσθαι·
3357 3040 3516 3107 δόξαν
3545 3039 3646 3094 καὶ

2073 3140 2240 3210 τιμὴν
2279 3140 2476 3208 μᾶλλον
2511 3141 2621 3201 τοῖς
2653 3138 2823 3200 οἴκοις
2865 3138 2980 3200 τοῖς
3020 3137 3185 3208 ἱεροῖς
3213 3134 3464 3190 ἐντεῦθεν
3490 3151 3648 3204 περι-

406 3229 537 3292 rint,
573 3227 871 3296 horumque
916 3227 1266 3298 ignominiam
1292 3229 1596 3304 abraserint
1633 3237 1684 3292 et
1711 3231 1962 3294 eluerint,

2074 3231 2360 3293 ποιεῖσθαι,
2387 3230 2473 3284 οἷα
2503 3229 2736 3284 εἰδώλων
2776 3229 3096 3297 καθαίρεσιν
3126 3224 3524 3296 ἐργαζόμενοι,
3549 3221 3645 3276 καὶ

405 3319 653 3374 morbum
712 3319 903 3374 morbo
939 3335 1126 3374 revera
1185 3320 1458 3384 sanantes,
1495 3329 1547 3374 et
1577 3320 1778 3388 majore
1807 3339 1966 3390 quam

405 3419 564 3462 antea
597 3409 854 3477 nequitia:
885 3408 1033 3477 lapsu
1095 3417 1330 3464 ruentes.
1365 3407 1610 3478 Namque
1651 3418 1708 3464 ut
1741 3412 1969 3480 quisque

406 3515 662 3570 peccans,
698 3500 762 3552 ad
791 3499 1160 3558 defensionem
1193 3510 1470 3570 promptus
1500 3512 1604 3568 est,
1635 3503 1708 3556 ita
1743 3505 1972 3573 quisque

409 3587 744 3658 irreligiosus
798 3587 864 3642 ad
905 3603 964 3643 se
1009 3587 1411 3656 iustificantlum
1463 3601 1704 3658 paratus.
1763 3591 1970 3646 Etenim

409 3678 628 3750 pietatis
655 3677 946 3732 subeuntes
996 3691 1303 3746 personam,
1341 3678 1636 3750 impietatis
1699 3681 1972 3735 nihilomi-

410 3783 509 3822 nus
538 3769 726 3824 faciem
751 3769 1044 3834 denudant,
1079 3771 1202 3822 dum
1229 3780 1474 3824 sanctum
1499 3783 1741 3824 nostrum
1769 3773 1970 3826 cultum

407 3872 740 3932 oppugnant.
803 3859 950 3930 Nam,
997 3861 1168 3916 latere
1225 3863 1420 3918 multos
1480 3865 1813 3928 moliuntur,
1868 3881 1974 3933 quo

409 3965 564 4005 noxae
592 3951 901 4018 opinionem
954 3951 1300 4022 propulsent,
1344 3953 1648 4009 nescientes
1693 3955 1972 4022 graviores

407 4060 466 4096 se
501 4051 661 4112 atque
680 4042 990 4097 acerbior-es
1019 4044 1298 4098 incurrere
1318 4057 1526 4111 poenas.
1557 4045 1708 4100 Dicet
1737 4043 1970 4100 fortasse

410 4133 606 4201 aliquis
639 4131 777 4186 inter
802 4131 900 4186 hos
925 4131 1253 4186 moderatior
1277 4131 1341 4185 ad
1376 4132 1726 4201 impietatem,
1761 4133 1974 4188 facilem

410 4232 574 4292 atque
611 4222 911 4290 speciosam
949 4221 1291 4290 praetendens
1322 4224 1728 4278 excusationem
1766 4230 1838 4281 εει
1867 4223 1975 4278 Nos

409 4314 478 4364 de
509 4311 684 4364 medio
718 4309 982 4365 tollendas
1028 4326 1282 4366 curamus
1334 4312 1614 4382 imagines,
1649 4329 1714 4367 ne
1745 4315 1834 4382 qui
1867 4311 1980 4368 for-

413 4411 558 4455 tasse
587 4400 946 4468 simpliciores
996 4416 1059 4456 ac
1091 4403 1427 4466 rnsticiores,
1461 4404 1512 4454 id
1547 4403 1688 4472 quod
1717 4418 1850 4472 opus
1893 4414 1974 4458 est

413 4492 721 4546 nescientes
749 4503 932 4562 utpote
961 4493 1238 4555 iueruditi,
1282 4494 1423 4548 circa
1460 4495 1750 4548 inaniment
1801 4505 1976 4548 mate-

2071 3323 2130 3375 τὸ
2151 3324 2206 3374 ἐν
2223 3322 2400 3384 αὐτοῖς
2416 3315 2602 3388 αἶσχος
2618 3317 2934 3384 ἀποξέοντες
2961 3317 3060 3388 ἤδη
3085 3316 3180 3369 καὶ
3201 3313 3645 3384 ἐκκαθαίροντες,

2073 3413 2224 3484 κακῷ
2246 3413 2305 3466 τὸ
2333 3412 2501 3466 κακδν
2527 3411 2698 3474 ὅντως
2733 3409 3036 3480 ἐξιὼμενοι,
3075 3409 3170 3462 καὶ
3206 3405 3416 3477 μείζονι
3445 3405 3478 3476 ἢ
3513 3403 3646 3475 πρό-

2071 3520 2226 3574 τερον
2278 3503 2476 3562 κακίας
2527 3499 2848 3571 ὀλισθήματι
2897 3497 3347 3570 περιπίπτοντες·
3398 3496 3476 3558 ὡς
3535 3495 3648 3566 γάρ

2073 3595 2181 3657 πᾶς
2215 3595 2242 3646 ὁ
2271 3593 2471 3646 ἀδικῶν
2504 3593 2582 3654 είς
2615 3589 2909 3658 ἀπολογίαν
2945 3589 3182 3658 ἕτοιμος,
3222 3584 3368 3639 οὕτω
3411 3585 3508 3638 καὶ
3538 3585 3648 3648 uti;

2071 3685 2100 3736 ὁ
2125 3683 2355 3750 ἀσεϐῶν,
2385 3684 2462 3746 είς
2484 3681 2848 3748 δικαιολογίαν
2871 3679 3180 3752 πρόχειρος·
3206 3676 3509 3738 ἐπιεικείας
3534 3675 3647 3746 γὰρ

2075 3776 2366 3839 ὑποδύντες
2392 3777 2756 3844 προσωπεῖον,
2787 3773 2848 3825 τὸ
2869 3771 2968 3842 τῆς
3005 3770 3256 3832 ἀσεϐείας
3285 3767 3653 3838 παρεγύμνω-

2077 3883 2174 3920 σαν
2219 3867 2533 3936 πρόσωπον,
2573 3864 2713 3918 κατά
2746 3865 2844 3934 τῆς
2886 3863 3116 3942 εὐαγοῦς
3145 3861 3300 3932 ἡμῶν
3347 3857 3652 3930 θρησκείας

2074 3956 2495 4024 ἀποδυσάμενοι·
2545 3955 2827 4008 λανθάνειν
2874 3953 2982 4024 γὰρ
3025 3951 3150 4013 τοὺς
3191 3950 3422 4010 πολλοὺς
3469 3965 3650 4018 μηχα-

2075 4045 2301 4105 νῶνται,
2327 4043 2402 4106 ὡς
2437 4043 2530 4096 τού
2577 4043 2900 4112 βλάπτοντος
2931 4041 3030 4110 τὴν
3075 4038 3232 4104 δόξαν
3257 4037 3607 4090 ἀποσείονται
3631 4073 3650 4099 ,

2074 4135 2173 4186 οὐκ
2205 4132 2406 4194 εἰδότες
2433 4130 2509 4194 ὡς
2541 4129 2868 4202 βαρυτέραις
2905 4128 2997 4182 καὶ
3030 4125 3382 4198 πικροτέραις
3424 4123 3655 4186 ἑαυτοὺς

2077 4221 2346 4288 ὑπάγουσι
2377 4219 2552 4282 δίκαις
2571 4236 2584 4250 ·
2615 4219 2758 4271 εἴποι
2805 4219 2870 4271 ἀν
2906 4234 2988 4280 τις
3031 4217 3139 4269 τῶν
3181 4217 3310 4286 παρ’
3341 4215 3528 4276 αὐτοῖς
3559 4229 3658 4282 με·

2077 4313 2390 4382 τριωτέρων
2425 4313 2502 4374 εἰς
2529 4309 2805 4372 ἀσέϐειαν,
2849 4307 3162 4378 εύάφορμόν
3199 4322 3258 4358 τε
3290 4305 3384 4358 καὶ
3423 4303 3658 4372 εὐπρόσ-

2075 4419 2222 4456 ωπον
2261 4401 2356 4472 τὴν
2417 4398 2707 4466 ἀπολογίαν
2751 4397 3138 4467 πλαττόμενος,
3196 4395 3273 4458 ὡς
3326 4395 3424 4447 Ἐκ
3481 4393 3656 4464 μέσου

2079 4493 2251 4544 ποιεῖν
2302 4487 2679 4557 σπουδάζομεν
2726 4486 2786 4538 τὸ
2826 4485 2934 4538 τῶν
2977 4485 3200 4538 εἰκόνων
3239 4485 3466 4554 χρῆμα,
3504 4483 3661 4544 ὅπως

409 4582 547 4635 ritttn
579 4590 783 4644 errent,
811 4582 862 4634 iu
893 4583 991 4636 hac
1017 4594 1248 4637 mentem
1283 4583 1558 4648 sistentcs,
1582 4585 1821 4652 nihilque
1845 4599 1971 4652 pra:-

2082 4580 2156 4650 μή
2185 4595 2326 4642 τινες
2349 4577 2456 4630 τῶν
2483 4576 2868 4647 ἁπλουστέρων
2903 4575 2998 4628 καὶ
3029 4572 3430 4646 ἁγροικοτέρων
3451 4571 3514 4624 τὸ
3535 4569 3662 4626 δέον

416 4685 496 4724 ter
528 4685 639 4724 rem
673 4671 844 4726 visam
878 4673 1256 4742 imaginantes.
1300 4693 1318 4725 ι
1353 4673 1448 4728 Cui
1489 4683 1646 4728 recta:
1696 4672 1972 4742 religionis

411 4760 726 4818 defensores
759 4763 977 4817 dicent:
1005 4761 1060 4818 Si
1103 4772 1155 4817 tu
1194 4765 1282 4833 pie
1311 4775 1468 4819 temet
1495 4779 1736 4835 gereres,
1759 4773 1812 4818 et
1843 4779 1974 4818 con-

411 4849 663 4904 veniente
693 4849 901 4906 ratione
942 4851 1234 4906 incolumia
1288 4863 1475 4906 sancta
1513 4867 1779 4918 servares,
1811 4853 1976 4906 hahe-

329 4950 333 4956 ί
414 4949 498 4993 ιυι
544 4940 958 4996 credibilitatem
1013 4943 1246 5012 aliquam
1303 4959 1481 4998 sermo
1535 4954 1677 4999 tuus.
1733 4943 1974 5011 Namque

411 5041 688 5100 oporteret
712 5035 905 5088 docere
932 5034 1148 5104 ignaros
1183 5049 1246 5090 ae
1280 5039 1668 5101 manuducere,
1701 5035 1772 5088 ita
1809 5043 1868 5088 ut
1890 5035 1978 5088 de-

413 5125 582 5180 bitum
627 5125 946 5180 exhiberem
997 5126 1279 5190 honorem,
1336 5139 1509 5191 neque
1557 5135 1709 5179 extra
1767 5124 1978 5180 honesti

414 5216 573 5271 cilicii
625 5205 1012 5286 dignitatisque
1059 5217 1194 5270 fines
1259 5225 1636 5270 excurrerent.
1689 5215 1795 5270 Sed
1847 5216 1978 5270 nihil

416 5311 608 5362 horum
651 5322 678 5361 a
713 5317 762 5361 te
789 5309 866 5360 fit.
910 5307 1044 5360 Nam
1071 5308 1114 5360 si
1145 5319 1394 5360 cerneres
1427 5305 1568 5359 haud
1593 5309 1980 5360 convenienter

416 5399 676 5452 honorari
705 5400 987 5467 imagines,
1012 5405 1287 5466 oporteret
1319 5399 1551 5452 rectiore
1583 5398 1742 5452 modo
1770 5413 1861 5450 eas
1886 5399 1979 5452 ho-

416 5502 632 5540 norare.
663 5485 776 5540 Non
801 5487 943 5542 enim
971 5489 1096 5558 quia
1127 5487 1288 5541 rudes
1311 5487 1472 5549 male,
1502 5496 1557 5540 nt
1580 5487 1682 5542 hoc
1709 5487 1977 5541 conceda-

387 5594 563 5642 .mus,
603 5580 764 5634 rebus
797 5581 970 5634 sacris
1000 5591 1246 5646 utuntur,
1308 5581 1510 5636 idcirco
1555 5594 1650 5633 eas
1709 5579 1979 5634 contemni

419 5683 632 5736 a'quunt
682 5680 787 5726 est.
811 5671 945 5726 Nam
988 5689 1161 5743 neque
1205 5674 1328 5744 quia
1381 5673 1575 5726 (telum
1626 5671 1868 5724 nonnulli
1929 5683 1982 5727 et

493 5847 540 5884 λε
566 5845 705 5900 Psal.
736 5859 906 5914 uxn,
935 5847 1024 5902 20.
1101 5849 1145 5882 “
1177 5849 1317 5904 Psal.
1349 5863 1570 5916 Lxxs'ttt,
1608 5848 1653 5901 l.

2081 4672 2402 4742 ἀγνοοῦντες
2431 4672 2508 4736 ὡς
2531 4670 2912 4741 ἀμαθέστεροι,
2945 4671 3036 4722 ῖσα
3067 4669 3206 4730 θεοῖς
3230 4667 3458 4731 ταύταις
3491 4683 3663 4735 προσ-

2087 4765 2234 4830 ίοιεν,
2283 4763 2420 4835 πρὸς
2451 4763 2551 4831 τὴν
2601 4761 2734 4831 ὓλην
2772 4762 2871 4832 τὴν
2913 4761 3116 4830 ἄψυχον
3163 4758 3658 4827 ἀποπλανῶμενοι,

2081 4856 2178 4908 καὶ
2200 4857 2362 4927 μέχρι
2389 4854 2596 4924 ταύτης
2620 4855 2711 4906 τὸν
2739 4853 2863 4907 νοῦν
2891 4854 3190 4922 ἱστάμενοι,
3218 4853 3310 4904 καὶ
3335 4850 3490 4903 οὐδὲν
3513 4851 3662 4916 ὑπὲρ

2079 4945 2149 4998 τὰ
2169 4943 2419 5016 ὁρώμενα
2448 4942 2862 5012 φανταζόμενοι.
2917 4941 3058 5011 Πρὸς
3085 4941 3143 4993 δν
3198 4942 3356 5008 φαῖεν
3391 4936 3458 4990 ἂν
3484 4939 3530 4989 οἱ
3557 4937 3667 5002 τῆς

2077 5035 2358 5098 εὐσεϐείας
2389 5035 2716 5106 ὑπέρμαχοι,
2743 5033 2817 5095 ῶς
2849 5031 2913 5085 Ei
2946 5033 3042 5103 μὲν
3082 5031 3295 5099 σεμνῶς
3337 5028 3668 5099 περιέστελ-

2079 5125 2169 5189 λες
2187 5165 2201 5188 ,
2231 5124 2326 5178 καὶ
2352 5123 2428 5194 τῷ
2461 5126 2714 5194 ἀνήκοντι
2749 5125 2934 5195 τρόπῳ
2958 5123 3255 5192 ἀπήμαντα
3290 5121 3564 5190 διετήρεις
3593 5121 3666 5170 τά

2081 5215 2212 5284 ἆγια
2231 5257 2243 5276 ,
2272 5211 2417 5285 εἶχεν
2442 5215 2506 5267 ἀν
2537 5232 2617 5267 σοι
2647 5214 2828 5276 ποσῶς
2865 5214 2924 5267 τὸ
2950 5211 3176 5266 πιθανὸν
3219 5213 3247 5262 ό
3273 5210 3450 5279 λόγος·
3483 5210 3665 5279 ἐχρῆν

2079 5307 2137 5358 δὲ
2169 5305 2262 5358 καὶ
2285 5304 2490 5368 διδάξαι
2515 5305 2607 5356 καὶ
2634 5303 3046 5374 χειραγωγῆσαι
3073 5302 3199 5364 τοὺς
3225 5300 3664 5371 ἁμαθαίνοντας,

2082 5397 2221 5450 ὥστε
2253 5393 2349 5465 τὴν
2388 5394 2611 5448 δέουσαν
2640 5395 2971 5465 προσνέμειν
3013 5395 3199 5464 τιμὴν,
3243 5394 3337 5446 καὶ
3389 5391 3466 5462 μὴ
3513 5389 3669 5460 πέρα

2081 5486 2175 5540 τοῦ
2210 5485 2610 5556 ἐφαρμόζοντος
2641 5486 2949 5556 ἀξιώματος
2984 5484 3382 5554 ἀποφέρεσθαι·
3417 5482 3536 5534 ἀλλ’
3569 5485 3675 5536 ού·-

2081 5579 2172 5632 δέν
2204 5595 2286 5630 σοι
2323 5576 2526 5630 τούτων
2567 5578 3184 5647 διαπεπραγμάτευται·
3230 5573 3278 5626 εί
3317 5573 3427 5644 γὰρ
3481 5572 3676 5643 ἐώρας

2084 5670 2181 5724 οὐκ
2217 5668 2507 5740 εὐπρεπῶς
2540 5667 2855 5742 τιμώμενα,
2889 5667 2994 5722 ἔδει
3035 5684 3093 5719 σε
3127 5666 3186 5721 τὸ
3219 5665 3365 5729 εικὸς
3400 5662 3678 5718 ποιοῦντα
