3918 6152
307 272 417 337 757
1162 281 1725 344 APOLOGETICUS
1762 286 1908 348 PRO
1948 290 2212 351 SACRIS
2252 294 2732 361 IMAGINIBUS.
3459 302 3563 364 758

311 388 571 458 τιμῆσαι·
601 386 803 457 οὑγάρ
838 386 990 458 παρὰ
1038 387 1100 440 τὸ
1132 391 1318 455 κακῶς
1364 394 1492 457 τοὺς
1525 395 1779 464 ἀμαθεῖς,
1812 398 1892 450 ἵνα

2003 404 2241 458 coelestia
2288 407 2428 462 male
2469 408 2709 463 venerati
2737 416 2886 475 sunt,
2921 408 3170 465 Creatori
3224 425 3556 480 opponentes

310 480 412 533 καὶ
438 478 597 532 τοῦτο
618 478 1024 549 συγχωρηθείη,
1056 482 1170 545 τοῖς
1200 483 1368 553 ἱεροῖς
1396 486 1700 554 προσιέναι,
1729 488 1892 542 ταῦτα

2002 504 2327 561 creaturam,
2368 509 2651 568 propterea
2687 499 3037 570 depretianda
3084 509 3210 555 sunt
3246 478 3337 556 θοι
3362 517 3548 572 opem.

312 570 630 643 ἠτιμῶσθαι
663 571 892 624 δίκαιον’
943 572 1064 625 οὐδὲ
1118 573 1226 644 γάρ
1255 576 1443 647 ἐπειδή
1492 594 1636 641 τινες
1670 580 1897 650 οὐρανόν

309 680 377 716 τε
430 662 523 716 καὶ
557 662 626 716 τά
676 663 795 715 κατ’
849 664 1084 734 οὐρανὸν
1132 665 1319 728 κακῶς
1368 668 1766 739 ἐσεϐάσθησαν,
1820 671 1896 741 τῷ

312 754 529 826 κτίστῃ
571 751 1063 818 κατεξανιστάντες
1108 754 1206 826 τὴν
1228 757 1430 824 κτίσιν,
1461 758 1553 813 διὰ
1589 759 1747 813 τοῦτο
1777 763 1896 815 ἀτι-

317 845 555 914 μαστέον
604 844 673 897 τά
708 843 804 897 τοῦ
847 845 983 898 Θεοῦ
1032 848 1336 918 ποιήματα·
1372 850 1486 903 ἀλλ’
1517 851 1761 922 ὑϐρίζεις
1807 855 1897 906 αἰ-

316 938 523 1008 σχρῶς,
557 937 806 1005 συγκλῶν
841 939 933 993 καὶ
982 939 1321 1013 διαρῤηγνὺς
1353 944 1448 997 καὶ
1481 945 1586 998 ὑπὸ
1622 945 1790 1011 πόδας
1822 964 1898 1000 τι·

317 1029 437 1091 θεὶς
453 1028 519 1082 τὰ
546 1028 839 1100 σεϐάσμιαο
865 1030 966 1084 οὐκ
991 1031 1384 1104 ἐμπίμπρασαι
1412 1034 1510 1104 τὴν
1530 1034 1731 1106 ψυχὴν,
1758 1037 1897 1108 πυρὶ⁴

318 1125 684 1195 παραδιδούς;
731 1126 792 1180 οὐ
837 1129 1126 1201 συμφλέγῃ
1172 1131 1266 1184 καὶ
1295 1133 1581 1203 κατατήκῃ
1612 1134 1703 1186 τὸν
1731 1132 1855 1186 νοῦν
1881 1148 1895 1163 ·

318 1220 415 1270 καί
442 1220 627 1287 χεῖρας
656 1218 913 1289 ἀθέσμως
957 1223 1260 1291 προτείνων
1289 1224 1383 1276 ἐπὶ
1419 1223 1479 1277 τὸ
1510 1224 1898 1295 θυσιαστήριον

1998 584 2066 638 At
2082 585 2221 639 enim
2248 596 2301 640 tu
2328 589 2556 657 turpiter
2572 590 2760 656 violas,
2789 599 3079 646 conterens
3098 590 3558 662 confringensque

1998 685 2049 730 et
2096 677 2319 745 pedibus
2349 680 2566 735 calcans
2609 695 2796 736 sacras
2846 697 2952 736 res.
2991 681 3182 737 Nonne
3231 683 3328 737 tibi
3381 684 3560 737 uritur

1996 768 2198 836 anima,
2236 769 2361 824 dum
2390 785 2547 826 sacra
2577 773 2824 827 cremas?
2852 788 2955 828 non
2983 773 3077 830 tibi
3114 774 3482 829 inflammatur
3505 786 3562 830 et

1999 860 2334 931 colliquescit
2365 864 2631 918 mensiet
2671 865 2795 918 dum
2836 864 2997 933 impie
3040 880 3233 920 manus
3284 866 3443 921 altari
3478 866 3562 918 in—

1998 951 2127 1019 fcrs,
2173 968 2281 1007 non
2319 953 2695 1023 obstupescis?
2727 953 2862 1008 llinc
2903 955 2961 1009 ﬁt
2992 955 3329 1023 exploratum
3392 966 3442 1009 te
3487 958 3566 1009 vi-

2000 1043 2139 1098 tioso
2166 1040 2368 1099 circulo
2392 1044 2442 1098 in
2475 1054 2641 1100 temet
2689 1046 2956 1111 recidere,
2990 1056 3155 1116 atque
3185 1057 3241 1101 ut
3264 1062 3455 1102 canem
3493 1048 3559 1101 ad

1997 1132 2270 1202 proprium
2294 1134 2554 1187 vomitum
2589 1134 2808 1191 reverti.
2854 1134 2923 1189 Et
2953 1134 3167 1191 illorum
3199 1137 3414 1206 quidem
3457 1136 3557 1191 im-

1996 1223 2236 1293 probitas
2261 1237 2324 1277 ac
2346 1224 2569 1279 stultitia
2589 1224 2659 1279 ita
2684 1240 2743 1280 se
2769 1226 2952 1280 habet.

317 1310 381 1363 οὐ
433 1316 818 1385 καταναρκᾷς;
881 1314 1006 1383 Ὑφ’
1053 1307 1127 1369 ὧν
1179 1314 1538 1386 ἐληλεγμένος
1587 1315 1657 1383 εἴ,
1688 1317 1763 1382 ὡς
1812 1318 1891 1380 εἰς
1930 1315 2119 1369 ἑαυτὸν
2154 1314 2449 1385 ἐπανήκεις
2471 1358 2485 1381 ,
2519 1317 2615 1369 καὶ
2644 1317 2741 1381 κὼς
2773 1318 2919 1372 κύων
2945 1320 3039 1374 ἐπὶ
3058 1321 3150 1376 τὸν
3209 1321 3340 1375 ἴδιον
3371 1321 3563 1393 ἔμετον

318 1404 627 1476 ἐπιστρέφῃ
658 1406 758 1475 τῆς
786 1405 996 1469 ἀθεῖας·
1035 1409 1130 1458 καὶ
1163 1408 1190 1460 ὁ
1225 1408 1324 1476 μὲν
1356 1408 1457 1478 τῆς
1488 1408 1711 1464 ἐκείνων
1745 1408 2067 1479 σκαιότητος
2096 1409 2191 1461 καὶ
2227 1408 2588 1478 ματαιότητος
2613 1410 2818 1481 τρόπος
2840 1412 3106 1477 τοιοῦτος.

392 1492 501 1559 Eg’.
545 1493 603 1548 '0
632 1495 689 1548 δέ
710 1512 773 1562 γε
797 1496 894 1566 τῆς
910 1495 1166 1567 ἀληθείας
1195 1496 1351 1566 λόγος
1385 1498 1524 1567 φωτὶ
1551 1500 1751 1570 ὁμοίιος
1780 1501 1893 1563 τοῖς

320 1585 580 1655 ἐχέφροσι
618 1586 947 1657 διαλάμπει·
981 1589 1051 1642 τὰ
1080 1590 1189 1661 γὰρ
1232 1589 1408 1660 σεμνά
1456 1592 1846 1662 ἀπεικάσματα
1870 1636 1886 1659 ,

2070 1498 2158 1553 66.
2195 1498 2412 1553 Interim
2442 1513 2608 1566 porro
2638 1500 2879 1555 veritatis
2928 1503 3086 1568 ratio,
3126 1517 3222 1557 ceu
3274 1502 3387 1567 lux,
3417 1519 3557 1559 cor-

1997 1590 2140 1644 datis
2202 1590 2514 1645 hominibus
2555 1590 2948 1659 eXplendescit.
2993 1591 3125 1645 Nam
3185 1602 3386 1648 sanctae
3426 1593 3564 1647 ima-
3658 1658 3661 1661 η

318 1674 392 1727 δι’
416 1668 491 1727 ὧν
523 1675 580 1728 αἱ
613 1676 825 1746 μνῆμαι
874 1676 982 1730 τῶν
1018 1676 1186 1745 ἁγίων
1221 1678 1352 1747 ἡμῖν
1382 1678 1724 1746 ἐγγίνονται,
1763 1677 1888 1749 ἱερά

2001 1683 2167 1750 giucs,
2195 1680 2386 1749 quibus
2434 1693 2741 1735 sanctorum
2784 1684 3038 1738 memoria
3064 1685 3217 1739 nobis
3248 1684 3560 1750 refricatur,

320 1765 380 1818 τέ
413 1767 551 1831 εἰσι,
580 1765 673 1818 καὶ
702 1768 828 1829 τοὺς
859 1765 927 1819 τὰ
963 1768 1093 1836 ἆγια
1124 1767 1490 1837 περιέποντας
1522 1768 1757 1839 ὀνίνησι,
1798 1771 1893 1823 καὶ

320 1857 548 1929 χάριτος
612 1858 1023 1926 ἀναπιμπλᾶσιν
1048 1874 1060 1886 ·

320 1949 497 2019 ἐναγῆ
529 1950 623 2004 καὶ
654 1948 820 2017 ἄγους
854 1949 1279 2020 ἀποπληροῦντα
1302 1967 1314 1982 ο
1346 1950 1543 2022 ἐπίσης
1578 1952 1684 2021 γάρ
1707 1952 1893 2016 αὐτοῖς

319 2043 391 2096 τὰ
419 2041 514 2095 τοῦ
535 2041 856 2113 πράγματος
879 2041 990 2110 ἔχει
1010 2059 1023 2073 ·
1048 2042 1248 2110 τιμῶσι
1265 2042 1553 2112 τοιγαροῦν
1572 2041 1695 2105 τοὺς
1718 2041 1895 2105 θείους

318 2133 552 2195 οἴκους,
601 2132 702 2186 οὐκ
756 2133 976 2202 αἴσχους
1021 2132 1439 2203 ἀποπληροῦσι,
1487 2131 1737 2202 καθάπερ
1789 2133 1896 2185 τινὶ

233 2271 241 2278 .
316 2222 436 2277 τῶν
470 2222 733 2291 θεολόγων
776 2225 1035 2296 Πατέρων
1062 2224 1218 2295 ἡμῶν
1251 2224 1679 2295 πεφιλοσόφηται
1717 2223 1896 2278 ἐνθεέ-

323 2317 506 2370 στατά
536 2334 596 2369 τε
638 2318 732 2371 καὶ
770 2317 1079 2388 ὑψηλότατα
1106 2334 1117 2348 ο
1150 2319 1228 2381 είς
1284 2317 1408 2371 ὅσον
1446 2317 1503 2370 δὲ
1546 2319 1893 2389 παρανομίας

319 2408 423 2459 καὶ
454 2405 683 2471 ἀτοπίας
705 2409 733 2461 6
763 2408 919 2477 λόγος
943 2407 1123 2461 αὐτῶν
1153 2407 1249 2461 καὶ
1280 2407 1342 2460 τὸ
1380 2408 1688 2478 ἐγχείρημα
1730 2409 1893 2479 αἴρε-

322 2513 440 2559 ται,
486 2497 580 2550 καὶ
626 2495 877 2550 ἐντεῦθεν
927 2496 1254 2566 κατάφωρον
1302 2496 1678 2566 ποιησόμεθα’
1714 2498 1892 2550 ἐκεῖνο

324 2585 546 2656 πρῶτον
585 2586 903 2649 ἐπελθόντες
929 2585 1011 2652 τῷ
1033 2584 1200 2655 λόγῳ,
1219 2585 1355 2655 ὅπερ
1388 2585 1497 2637 οὐδ’
1523 2584 1699 2650 αὐτοὶ,
1726 2582 1802 2647 ὥς
1825 2601 1889 2653 γε

323 2671 508 2746 οἶμαι,
543 2674 829 2747 ἀρνηθεῖεν
849 2717 863 2742 ,
895 2677 944 2729 εί
976 2675 1051 2746 μὴ
1084 2674 1394 2746 ὀλοτρόπως
1425 2676 1519 2727 καὶ
1554 2674 1749 2746 φρενὸς
1796 2675 1891 2728 καὶ

321 2765 418 2819 νοῦ
448 2765 540 2819 τοῦ
585 2766 920 2835 καθήκοντος
954 2767 1142 2836 πόρρω
1179 2765 1457 2833 γεγόνασι.
1492 2766 1676 2835 Φαμὲν
1713 2765 1891 2819 τοίνυν

321 2855 403 2918 ὡς
451 2857 480 2909 6
512 2855 654 2910 κατὰ
695 2855 900 2911 Μωσέα
943 2856 1108 2927 νόμος
1143 2856 1350 2910 δέδοται
1401 2855 1551 2927 παρά
1593 2856 1730 2910 Θεοῦ
1779 2859 1892 2922 τοῖς

321 2945 636 3018 ἀνθρώποις
665 2984 679 3009 ,
714 2947 880 3001 οἱονεὶ
922 2945 1179 3017 φραγμοῦ
1237 2946 1549 3018 μεσότοιχον
1599 2965 1890 3019 παρεμπε-

1998 1778 2052 1824 et
2094 1782 2261 1822 sacrae
2307 1777 2451 1831 sunt,
2491 1777 2544 1823 et
2597 1782 2690 1823 eos
2735 1770 2825 1838 qui
2868 1779 3083 1825 sanctas
3121 1771 3221 1826 has
3253 1786 3338 1826 res
3382 1771 3566 1826 colunt

1140 1857 1331 1929 ὥσπερ
1384 1860 1478 1911 καὶ
1523 1859 1630 1912 τῶν
1684 1861 1892 1929 ἐναγῶν

2001 1859 2486 1930 iuvantgratiaqne
2519 1859 2814 1914 cumulant.
2861 1858 3012 1914 Sicut
3046 1875 3076 1915 e
3131 1863 3404 1917 contrario
3459 1864 3562 1916 im-

1998 1964 2251 2018 purorunt
2295 1964 2382 2004 res
2426 1950 2647 2017 impune
2675 1959 2822 2016 sunt,
2857 1961 2911 2006 et
2962 1950 3273 2019 impuritate
3308 1952 3558 2007 homines

1997 2039 2251 2094 obruunt.
2291 2039 2392 2093 Par
2430 2039 2572 2094 enim
2604 2040 2678 2095 rei
2706 2040 2991 2109 utriusque
3015 2040 3258 2096 ell‘ectns.
3286 2040 3565 2095 lionorant

1998 2132 2181 2201 itaque
2214 2146 2400 2187 sacras
2425 2132 2568 2186 aedes
2605 2134 2891 2201 imagines,
2924 2146 3026 2186 non
3060 2132 3354 2202 ignominia
3385 2133 3563 2202 inqui-

1999 2233 2152 2289 nant,
2179 2225 2322 2279 sicut
2351 2223 2568 2293 quidam
2602 2223 2967 2292 theologorum
2990 2222 3222 2279 Patrum
3258 2223 3563 2279 sublimiter

1998 2314 2361 2383 divinitusque
2393 2313 2802 2382 philosophatus
2849 2326 2931 2369 est
2957 2313 3092 2382 (73).
3122 2313 3291 2380 Quam
3319 2327 3447 2366 vero
3490 2312 3566 2366 sit

1998 2405 2155 2474 impia
2207 2412 2368 2474 atque
2409 2403 2641 2458 absurda
2689 2404 2915 2458 istorum
2971 2402 3321 2467 oratio,hinc
3349 2416 3565 2470 quoque

1995 2495 2415 2566 patel‘aciemus;
2447 2494 2572 2549 illud
2621 2506 2745 2550 ante
2786 2493 2965 2548 omnia
3023 2494 3283 2559 dicentes,
3313 2492 3451 2560 quod
3497 2504 3564 2543 ne

1996 2588 2095 2656 ipsi
2127 2586 2371 2656 quidem,
2403 2596 2456 2639 ut
2488 2594 2638 2657 puto,
2677 2586 2970 2655 negabunt,
3000 2586 3106 2641 nisi
3138 2584 3276 2639 l0rte
3305 2583 3473 2638 corde
3499 2596 3564 2636 ac

1996 2684 2174 2731 mente
2199 2693 2226 2730 a
2265 2686 2417 2731 recto
2450 2690 2672 2745 prorsus
2695 2675 2871 2729 olIieio
2918 2682 3287 2730 recesserunt.
3323 2671 3564 2727 Dicimus

1994 2766 2177 2834 itaque
2208 2764 2495 2820 Mosaicam
2544 2764 2713 2834 legem
2741 2778 2773 2818 a
2811 2763 2919 2819 lleo
2954 2766 3131 2819 datam
3174 2762 3340 2818 fuisse
3390 2761 3565 2816 homi-

1997 2856 2177 2920 nibus,
2202 2864 2262 2910 ut
2301 2863 2444 2910 esset
2475 2865 2728 2925 tanquam
2771 2855 2950 2924 paries
2980 2853 3334 2922 interpositus
3377 2865 3563 2907 secer-

1999 2962 2130 3002 nens
2160 2958 2324 3017 atque
2383 2948 2720 3017 distinguens
2759 2961 2877 3016 quae
2927 2958 3331 3015 quaqueversus
3374 2956 3570 3012 sparsa

320 3034 473 3102 σὼν,
507 3038 762 3109 διείργων
807 3038 903 3091 καὶ
934 3037 1189 3108 διορίζων
1221 3038 1293 3092 τά
1331 3039 1506 3109 πάντη
1556 3038 1891 3109 διῳκισμένα

2001 3053 2150 3098 erant
2198 3052 2254 3097 et
2305 3041 2515 3097 inﬁnite
2547 3041 2834 3104 distantia;
2866 3049 3027 3109 atque
3076 3053 3105 3092 a
3165 3037 3562 3101 deterioribus,

320 3128 423 3182 καὶ
448 3128 527 3190 είς
553 3128 778 3198 ἄπειρον
817 3129 1199 3196 ἀφεστηκότα,
1233 3130 1329 3183 καὶ
1356 3128 1464 3183 ἀπὸ
1496 3130 1595 3199 μὲν
1633 3129 1740 3183 τῶν
1779 3147 1895 3199 χει-

325 3217 504 3290 ρόνων
524 3218 618 3272 καὶ
651 3218 930 3290 βλαϐερῶν
958 3220 1057 3291 τῆς
1078 3220 1187 3274 τῶν
1216 3220 1584 3292 ψευδωνύμων
1614 3219 1750 3275 θεῶν
1775 3221 1897 3291 βδε-

321 3308 524 3380 λυρίας
560 3310 655 3362 καὶ
710 3311 1075 3383 ματαιότητος
1121 3312 1425 3382 ἀπείργων,
1474 3313 1798 3382 μετανιστάς
1840 3312 1897 3366 δέ

323 3400 425 3456 καὶ
460 3399 714 3473 μετάγων
746 3401 839 3453 ἐπὶ
865 3399 936 3453 τά
974 3400 1210 3470 κρείττω
1247 3400 1341 3453 καὶ
1372 3400 1721 3470 ἀσυγκρίτως
1754 3401 1894 3471 ὑψη-

322 3493 527 3562 λότερα
552 3534 569 3558 ,
594 3490 694 3565 τὴν
724 3488 816 3546 τοῦ
856 3490 1025 3557 ὅντως
1068 3490 1218 3556 ὄντος
1266 3489 1403 3547 Θεοῦ
1435 3491 1733 3561 ἐπίγνωσιν
1783 3494 1898 3547 εισ-

326 3580 635 3651 ηγούμενος
653 3598 666 3610 ο
704 3583 878 3650 ἐφιεὶς
908 3581 965 3635 δὲ
984 3582 1119 3646 τέως
1152 3582 1265 3644 τοῖς
1296 3580 1356 3633 τὸ
1383 3581 1639 3652 τηνικάδε
1667 3582 1765 3645 τάς
1788 3584 1898 3636 τῶν

322 3669 542 3739 ἀλόγων
572 3669 726 3737 ζώων
778 3672 968 3737 θυσίας
994 3712 1008 3737 ,
1039 3673 1129 3726 διά
1171 3670 1233 3725 τὸ
1265 3672 1377 3726 τῶν
1419 3671 1898 3744 νομοθετουμένων

322 3759 578 3828 ἀσθενὲς,
609 3761 705 3814 καὶ
734 3761 823 3816 ἀεὶ
852 3761 990 3833 πρὸς
1003 3761 1065 3815 τὺ
1092 3764 1274 3834 χεῖρον
1295 3762 1616 3836 ἐπιῤῥεπές,
1645 3763 1899 3836 καὶπρὸς

320 3850 387 3903 τὸ
421 3851 710 3915 ζωοθυτεῖν
759 3852 929 3907 πάλαι
970 3852 1417 3924 προειθισμένον,
1454 3853 1667 3909 ἐκεῖθέν
1710 3871 1770 3907 τε
1805 3871 1901 3925 με·

319 3937 713 4009 ταρῤυθμίζων
743 3940 837 3994 ἐπὶ
862 3940 923 3993 τὺ
948 3941 1200 4005 εὐπειθὲς
1227 3943 1321 3995 καὶ
1348 3943 1582 4013 εὐήνιον,
1616 3943 1708 3996 ἵνα
1755 3943 1897 3998 κατὰ

325 4026 504 4098 βραχὺ
535 4029 669 4100 πρὸς
696 4030 793 4102 τὴν
814 4031 923 4084 τῶν
952 4031 1296 4105 τελεωτὲρων
1325 4032 1436 4097 ἕξιν
1458 4033 1893 4102 κατεθιζόμενοι,

325 4123 724 4188 μετανασταῖεν
757 4124 848 4176 ἐπὶ
875 4123 934 4177 τὸ
961 4124 1184 4194 ἄμεινόν
1214 4141 1273 4176 τε
1302 4124 1393 4177 καὶ
1421 4123 1839 4195 θεοειδέστερον.

407 4210 547 4264 Ἀλλ’
590 4212 716 4267 ἐπεὶ
761 4213 789 4267 ὁ
842 4214 1006 4285 νόμος
1038 4214 1193 4268 οὐδὲν
1230 4207 1568 4280 ἐτελείωσεν,
1623 4214 1793 4286 ὀργὴν
1839 4213 1895 4266 δὲ

324 4301 532 4371 μᾶλλον
561 4303 640 4373 τῷ
681 4306 1096 4375 παραϐεϐάσθαι
1140 4306 1566 4376 κατειργάζετο,
1600 4305 1660 4359 οὐ
1704 4305 1791 4359 διὰ
1835 4304 1896 4358 τὸ

323 4393 586 4462 φορτικὸν
608 4394 716 4447 τῶν
742 4397 1135 4467 νομιζομένων,
1167 4399 1256 4451 διά
1289 4397 1349 4449 τὸ
1385 4397 1658 4466 μοχθηρὸν
1697 4397 1754 4449 δὲ
1782 4396 1889 4451 τῶν
1923 4381 1968 4437 ι)

320 4483 773 4554 παραϐαινόντων
804 4488 1042 4557 (ἠσθένει
1072 4488 1180 4558 γὰρ
1205 4487 1340 4541 διότι
1367 4488 1570 4551 πάντες
1595 4488 1687 4557 ὑφ’
1711 4488 1889 4556 ἀμαρ-

317 4574 443 4627 τίαν
491 4574 643 4638 ὄντες
672 4576 968 4648 ἐτύγχανον
997 4621 1011 4643 ,
1056 4581 1332 4650 προήγετο
1377 4579 1436 4633 δὲ
1480 4580 1617 4651 πρὸς
1649 4580 1748 4649 τὴν
1793 4580 1890 4649 τῆς

320 4667 602 4736 ἁμαρτίας
629 4668 941 4737 διάγνωσιν,
984 4671 1042 4737 ἐξ
1076 4666 1137 4723 οὗ
1166 4670 1428 4741 ἠλέγχετο
1449 4671 1507 4724 τὸ
1537 4671 1761 4733 ἀσθενὲς
1794 4671 1891 4739 τῆς

323 4758 564 4825 φύσεως,
595 4761 691 4813 καὶ
715 4761 773 4814 τὸ
799 4761 935 4832 πρὸς
957 4763 1155 4816 κακίαν
1178 4762 1498 4831 εὐόλισθον),
1516 4763 1687 4816 ἐδεῖτο
1709 4762 1893 4815 λοιπὸν

320 4849 413 4902 τοῦ
444 4850 781 4916 τελειοῦντος
810 4855 907 4907 καὶ
943 4856 1272 4924 μετάγοντος
1296 4857 1390 4909 ἐπὶ
1421 4857 1481 4907 τὸ
1507 4855 1713 4925 βέλτιον
1739 4872 1752 4886 ·
1781 4873 1890 4907 τοι·

320 4940 516 5010 γάρτοι
548 4942 608 4995 τὸ
635 4943 897 4998 ἀδύνατον
928 4943 1020 4998 τοῦ
1048 4946 1212 5017 νόμου
1242 4947 1298 4999 ἐν
1324 4939 1368 5014 ᾧ
1397 4946 1618 5018 ἠσθένει
1643 4986 1658 5010 ,
1700 4948 1728 5000 6
1759 4946 1892 5008 Θεὸς

319 5030 413 5083 τὸν
446 5032 646 5086 ἑαυτοῦ
671 5034 799 5088 Υῐὸν
829 5035 1069 5105 πέμψας,
1107 5037 1398 5107 κατέκρινε
1432 5037 1529 5108 τὴν
1571 5036 1846 5107 ἁμαρτίαν
1870 5053 1886 5068 ο

320 5122 753 5194 Δεδικαιώμεθα
780 5127 889 5196 γὰρ
914 5127 984 5182 ἐν
1011 5125 1242 5196 Χριστῷ
1283 5127 1379 5182 διὰ
1411 5128 1689 5193 πίστεως.
1722 5127 1893 5181 Τοῦτο

322 5215 436 5286 γὰρ
466 5217 780 5271 ἐτελείωσεν
820 5220 853 5290 ἡ
904 5218 1066 5290 χάρις
1094 5218 1635 5289 καταπεφοιτηκότος
1681 5215 1772 5269 ἐπὶ
1794 5217 1894 5288 τῆς

321 5308 430 5380 γῆς
460 5309 556 5363 τοῦ
582 5311 785 5381 Λόγου,
816 5314 913 5366 καὶ
949 5312 1037 5367 διὰ
1062 5314 1263 5384 σαρκὶς
1286 5311 1591 5384 ἀνθρώποις
1622 5326 1890 5381 προσομι-

400 5474 446 5509 ⁶⁸
475 5482 630 5539 Rom.
689 5483 833 5551 v,‘|.

2000 3134 2198 3198 noxiis,
2230 3131 2463 3200 falsique
2488 3132 2723 3185 nominis
2751 3130 2855 3184 diis
2886 3128 3304 3184 abominationis
3330 3138 3385 3180 et
3412 3127 3565 3179 vani-

2000 3224 2125 3277 tatis
2149 3230 2424 3284 avertens,
2471 3219 2802 3275 transferens
2841 3229 3018 3272 autem
3053 3227 3213 3286 atque
3241 3222 3565 3270 convertens

1999 3317 2064 3368 ad
2105 3314 2328 3369 meliora
2363 3321 2417 3367 et
2452 3310 2949 3382 incomparabiliter
2977 3309 3298 3374 excelsiora,
3337 3308 3559 3376 verique

2000 3405 2091 3458 Dei
2147 3405 2399 3457 notitiam
2434 3405 2688 3458 edocens.
2722 3402 2787 3456 Et
2832 3398 3156 3471 permittens
3197 3399 3413 3469 quidem
3454 3395 3561 3452 He-

1998 3493 2155 3550 braeis
2208 3494 2426 3552 interim
2467 3494 2863 3550 irtationalium
2923 3491 3236 3546 animalium
3269 3487 3559 3551 sacriﬁcia,

1998 3595 2219 3656 propter
2251 3586 2351 3656 legi
2390 3587 2725 3639 subditorum
2764 3582 3130 3644 inﬁmitatem,
3155 3587 3210 3634 et
3247 3575 3562 3633 continuam

1999 3673 2066 3727 ad
2111 3672 2266 3742 pejus
2308 3672 2736 3742 proclivitatem,
2786 3686 2996 3726 necnon
3056 3677 3275 3741 pr0pter
3327 3675 3563 3723 veterem

1999 3763 2248 3818 victimas
2276 3761 2586 3817 immolandi
2615 3775 2819 3815 morem
2844 3776 2859 3824 ;
2883 3761 2977 3814 sed
3033 3750 3214 3814 tamen
3247 3772 3313 3812 ea
3356 3757 3564 3811 ratione

2001 3852 2348 3909 conformans
2380 3853 2445 3906 ad
2493 3851 2853 3907 obedientiam
2902 3849 3065 3920 236
3097 3864 3159 3903 ac
3212 3848 3565 3912 docilitatem,

2002 3955 2059 3999 ut
2096 3943 2420 4012 pedetentim
2474 3942 2538 3995 ad
2575 3939 2895 4011 perfectiora
2955 3938 3255 4008 proﬁtenda
3316 3936 3565 4003 excitati,

1998 4032 2065 4087 ad
2097 4030 2373 4086 meliorem
2401 4030 2821 4098 divinioremque
2842 4028 3055 4083 vivendi
3088 4027 3352 4082 rationem
3369 4029 3564 4082 immu-

1999 4129 2261 4175 tarentur.

2069 4210 2175 4266 Sed
2196 4210 2447 4280 quoniam
2481 4209 2565 4264 ch
2599 4209 2731 4262 nihil
2763 4207 3061 4263 absolutum
3090 4206 3286 4273 ellecit,
3309 4206 3403 4262 sed
3427 4206 3562 4261 iram

2000 4303 2176 4372 potius
2207 4304 2275 4357 ob
2323 4302 2781 4371 transgressiones
2815 4311 3034 4370 operata
3067 4309 3168 4364 est,
3194 4313 3298 4352 non
3344 4307 3561 4368 propter

1998 4393 2376 4451 mandatorum
2432 4394 2773 4460 gravitatem,
2815 4393 2911 4446 sed
2970 4390 3041 4446 ob
3091 4401 3558 4460 transgressorum

1998 4485 2300 4551 malitiam;
2353 4484 2565 4538 inﬁrma
2623 4483 2766 4536 enim
2822 4492 2979 4548 erat,
3039 4483 3165 4552 quia
3215 4495 3403 4537 omnes
3460 4481 3562 4536 sub

1997 4586 2223 4646 peccato
2252 4583 2428 4637 erant,
2464 4574 2576 4642 ipsa
2605 4584 2781 4627 autem
2814 4574 2880 4627 ad
2930 4584 3208 4643 peccatum
3237 4575 3562 4643 dignoscen-

2001 4669 2125 4722 dum
2150 4665 2400 4730 ducebat,
2433 4667 2573 4718 unde
2603 4674 2807 4718 natura:
2830 4664 3114 4721 inﬁrmitas
3147 4664 3565 4735 coarguebatur,

2002 4767 2056 4813 et
2089 4758 2153 4812 ad
2184 4758 2517 4826 peccandum
2545 4756 2887 4824 proclivitas;
2919 4757 3145 4826 ideoque
3181 4761 3369 4826 egebat
3395 4758 3558 4811 homo

2001 4850 2315 4920 perﬁciente
2337 4864 2417 4913 se,
2449 4856 2503 4902 et
2532 4847 2599 4901 ad
2632 4849 2855 4904 meliora
2893 4850 3243 4915 traducente;
3279 4857 3559 4917 prepterea

2000 4946 2141 5013 quod
2192 4951 2308 4997 erat
2357 4941 2690 5011 impossibile
2728 4941 2850 5013 legi,
2895 4943 2944 4995 in
3001 4956 3108 5011 quo
3161 4941 3559 5007 inﬁrmabatur,

2000 5034 2141 5088 Dcus
2171 5030 2365 5086 Filium
2385 5047 2540 5087 suum
2574 5033 2811 5097 mittens,
2850 5040 3130 5100 peccatum
3164 5028 3563 5084 condemnavit.

1999 5123 2291 5191 Justiﬁcati
2315 5125 2452 5177 enim
2489 5123 2687 5193 fuimus
2736 5122 2789 5174 in
2831 5120 3034 5176 Christo
3077 5135 3169 5186 per
3213 5118 3371 5189 ﬁdem
3415 5118 3480 5174 ⁸³.
3511 5119 3565 5173 Id

2000 5214 2145 5269 enim
2193 5213 2418 5283 perfecit
2468 5214 2662 5283 gratia,
2707 5208 2879 5265 Verbo
2920 5210 2970 5263 in
3013 5218 3184 5263 terras
3219 5207 3561 5273 adveniente,

2000 5314 2054 5360 et
2094 5319 2189 5375 per
2232 5319 2453 5361 carnem
2481 5319 2602 5360 cum
2659 5300 2963 5358 hominibus
3017 5306 3392 5354 conversantc.
3421 5296 3563 5353 lline

405 5638 517 5708 (73)
552 5637 806 5696 Fortasse
835 5639 1150 5711 intelligitur
1178 5638 1318 5694 idem
1350 5636 1586 5695 Isidorus
1621 5636 1908 5705 Pelusiota,
1952 5637 2111 5707 paulo
2139 5644 2266 5693 ante
2298 5634 2567 5692 laudatus.
