3900 6148
205 380 312 448 761

1055 392 1620 458 APOLOGETICUS
1655 397 1807 458 PRO
1843 399 2106 458 SACRlS
2133 399 2613 462 IMAGINIBUS.

3351 409 3462 470 762

210 497 304 549 καὶ
339 496 504 568 ἁνοχὴ
548 497 1000 570 άνεξερεύνητοςί
1050 503 1154 554 ποῦ
1186 521 1317 557 ποτε
1355 505 1464 576 ἄρα
1497 507 1598 578 τὴν
1641 506 1787 559 κατὰ

1891 509 2086 575 impios
2131 509 2412 574 cohibens,
2452 511 2741 580 praesentia
2787 500 3080 581 tolerabis?
3112 515 3454 582 quandonam

204 585 318 639 τῶν
345 585 558 639 ἀσεϐῶν
587 586 757 658 όργὴν
777 591 1148 662 ταμιευομένη
1179 593 1247 645 τὰ
1269 593 1364 646 νῦν
1389 594 1780 666 ὑπερτίθεσαι;

205 676 339 728 πότε
379 676 437 730 δὲ
467 677 576 731 τῶν
620 678 1184 752 πεπλημμελημένων
1216 685 1296 747 είς
1331 685 1392 738 σὲ
1438 686 1569 758 παρ’
1603 688 1785 742 αὐτῶν

209 773 491 844 μετέλθοις
519 773 818 840 δικάζουσα
849 777 921 831 τὰ
945 779 1277 850 τολμήματα
1304 799 1320 848 ;

278 864 381 936 ξτγ.
421 866 641 930 Ἄκουε,
665 867 902 939 ούρανὲ,
948 869 1044 923 καὶ
1088 871 1364 936 ὲνωτίζου,
1402 873 1436 943 ἠ
1475 872 1575 943 γῆ,
1608 875 1703 928 καὶ
1750 877 1783 946 ἡ

205 957 388 1020 κτίσις
417 959 450 1028 ἠ
505 957 794 1028 σύμπασα,
827 960 1066 1032 πρόσεχε
1091 977 1105 990 ·
1140 963 1169 1015 ό
1197 961 1362 1033 νόμος
1391 963 1548 1030 ἅγιος
1569 1004 1584 1029 ,
1613 967 1707 1018 καὶ
1748 967 1782 1036 ἡ

206 1047 396 1117 ἐντολὴ
437 1048 591 1116 ἁγία,
615 1049 708 1101 καὶ
735 1049 940 1116 δικαία,
967 1053 1064 1104 καὶ
1103 1050 1304 1122 ἀγαθή·
1341 1051 1522 1118 καλῶς
1541 1069 1554 1084 ·
1586 1054 1709 1107 ἀλλ’
1735 1053 1789 1108 ετ

203 1153 271 1206 γε
302 1137 474 1191 ταῦτα
505 1138 655 1208 ἅγια,
691 1140 761 1195 τά
790 1157 853 1208 γε
876 1141 1249 1212 ἀμυδρότερόν
1282 1159 1399 1205 πως
1426 1145 1521 1197 xui.
1553 1143 1784 1216 μετριώ-

203 1242 388 1298 τερον,
424 1230 515 1282 καὶ
541 1230 618 1293 ὡς
640 1230 745 1283 ὑπὸ
773 1232 1236 1302 παραπετάσματι
1265 1231 1344 1304 τῷ
1371 1234 1660 1304 γράμματι
1689 1237 1783 1290 καὶ

203 1321 325 1382 ταῖς
365 1321 543 1381 σκιαῖς
576 1319 677 1390 τὴν
715 1320 868 1374 θείαν
897 1321 1102 1389 γνῶσιν
1128 1323 1264 1392 ἡμῖν
1295 1321 1670 1392 ὑποφαίνοντα
1691 1366 1704 1389 ,
1747 1327 1782 1392 ἡ

203 1411 364 1481 χάρις
386 1411 551 1464 πόσον
589 1411 869 1483 άγιωτέρα
903 1413 1000 1465 κα)⁹
1052 1401 1466 1484 θεοειδεστέρα,
1495 1415 1528 1486 ἡ
1558 1413 1650 1468 διὰ
1685 1413 1782 1468 τοῦ

201 1499 342 1553 Θεοῦ
389 1501 566 1569 Λόγου
616 1504 700 1566 είς
745 1503 894 1572 ἡμᾶς
933 1503 1306 1574 γεγενημένης
1341 1504 1694 1575 ἀσυγκρίτως
1720 1505 1784 1558 τὸ

202 1593 692 1664 ὑπεραναϐεϐηκὸς
733 1593 825 1647 τοῦ
867 1595 1033 1664 νόμου
1073 1594 1271 1664 ἔχουσα
1300 1595 1686 1667 ὲκτυπώτερόν
1718 1613 1780 1649 τε

201 1685 296 1737 καὶ
333 1683 682 1754 ένθεέστερον
707 1725 724 1748 ,
758 1685 857 1754 τὴν
882 1684 983 1754 τῆς
1037 1685 1268 1756 Τριάδος
1297 1689 1431 1758 ἡμῖν
1463 1687 1778 1758 φανέρωσιν

200 1775 258 1826 ὲν
292 1775 564 1844 πνεύματι
591 1776 686 1828 καὶ
717 1775 944 1846 ἀληθείᾳ
975 1777 1392 1842 έκπαιδεύουσα,
1427 1780 1524 1831 καὶ
1550 1778 1648 1850 τὴν
1699 1781 1779 1843 είς

197 1866 288 1919 τὸν
314 1867 411 1919 ἕνα
443 1867 537 1920 καὶ
564 1867 724 1938 μόνον
753 1867 886 1920 Θεδν
915 1868 1093 1938 ἀληθῆ
1127 1868 1221 1922 καὶ
1259 1869 1529 1940 εἰλικρινῆ
1563 1871 1776 1940 μυοῦσα

199 1958 293 2011 καὶ
338 1957 708 2028 διατρανοῦσα
737 1958 942 2027 γνῶσίν
977 1976 1037 2012 τε
1075 1959 1168 2012 καὶ
1221 1961 1616 2030 προσκύνησιν,
1647 1963 1776 2014 ἀναε-

198 2049 450 2119 γεννῶσα
469 2049 528 2103 δὲ
550 2051 630 2113 εἰς
653 2049 946 2112 [υἱοθεσίαν
991 2049 1080 2102 διὰ
1115 2050 1208 2103 τοῦ
1242 2051 1561 2120 Πνεύματος
1593 2052 1776 2122 κρείτο

195 2153 347 2204 τονα,
395 2139 491 2192 καὶ
534 2138 815 2209 βασιλείας
851 2138 1096 2208 οὐρανῶν
1121 2138 1312 2192 ἐλπίδα
1343 2139 1534 2210 σαφῶς
1565 2157 1776 2194 κατεπ-

197 2228 578 2296 αγγέλλουσαο
606 2228 722 2282 ἀλλ’
753 2229 802 2282 οἱ
833 2228 934 2296 τῆς
963 2228 1186 2298 χάριτος
1242 2228 1428 2299 ἐχθροὶ¹
1483 2229 1773 2282 εἰδωλολα-

195 2316 358 2386 τρίαν
399 2315 576 2369 ταῦτα
623 2318 802 2370 πάντα
845 2315 1174 2386 ἀπέφηναν
1220 2316 1448 2369 τοιαῦτα
1505 2317 1616 2386 γὰρ
1673 2318 1776 2387 τῆς

198 2408 425 2461 ἐκείνων
452 2407 802 2478 παρανομίας
825 2407 896 2459 τά
918 2407 1126 2460 άτοπαί
1165 2405 1355 2466 Οὕτως
1391 2410 1472 2470 είς
1500 2407 1774 2478 ἀϐούλητα

197 2501 290 2552 καὶ
324 2499 530 2568 μάταια
575 2497 635 2564 ἐξ
663 2497 864 2552 ἀθλίων
901 2497 1240 2568 σκεμμάτων
1283 2500 1772 2571 κατενηνεγμένοι,

197 2587 463 2658 λογισμοῦ
513 2585 608 2640 τοῦ
663 2585 970 2657 πρέποντος
1020 2586 1523 2657 διαμαρτάνουσινί
1576 2587 1698 2642 Ἔτι
1746 2591 1776 2643 ό

197 2679 364 2747 νόμος
387 2679 542 2731 σκιὰν
571 2677 710 2747 ἔχων
737 2676 843 2730 τῶν
875 2676 1184 2748 μελλόντων
1210 2677 1453 2746 ἀγαθῶν,
1479 2680 1580 2731 οὐκ
1597 2679 1768 2750 αὐτὴν

196 2771 294 2840 τὴν
329 2769 516 2822 εἰκόνα
539 2767 649 2822 τῶν
688 2769 1056 2840 πραγμάτων,
1084 2769 1204 2822 κατ’
1230 2766 1482 2822 ’ἐνιαυτὸν
1510 2773 1636 2833 ταῖς
1672 2771 1773 2824 αύ-

197 2865 315 2923 ταῖς
349 2860 564 2924 θυσίαις
593 2860 659 2924 ἃς
691 2861 1096 2932 προσφέρουσιν
1144 2861 1225 2923 είς
1253 2860 1316 2913 τό
1337 2859 1612 2932 διηνεκὲς,
1651 2862 1774 2915 οὐδέ

201 2966 334 3004 ποτε
377 2949 598 3004 δύναται
622 2950 749 3014 τοὺς
780 2950 1258 3036 προσερχομένους
1281 2949 1572 3004 τελειῶσαι
1596 2969 1610 2983 ο
1648 2952 1774 3005 ἐπεὶ

198 3043 293 3096 οὐκ
340 3041 410 3096 ἂν
467 3041 777 3096 ἐπαύσαντο
836 3042 1324 3112 προσφερόμεναι·
1370 3042 1486 3096 ἀλλ’
1529 3043 1558 3094 ό
1609 3044 1772 3114 νόμος

199 3133 352 3200 ἅγιος
376 3171 392 3196 ,
441 3132 539 3186 καὶ
568 3132 744 3187 ταῦτα
789 3135 864 3205 μὴ
894 3134 1200 3205 δυνάμενος
1231 3135 1360 3200 τοὺς
1394 3135 1773 3206 προσερχομέ-
1800 3175 1843 3233 c

198 3242 316 3288 νους
370 3224 684 3279 τελειῶσαι·
719 3227 816 3278 καὶ
873 3227 906 3296 ὴ
949 3227 1139 3297 ἐντολὴ
1187 3226 1321 3294 ἁγία
1348 3265 1365 3292 ,
1399 3229 1578 3282 καίτοι
1613 3227 1772 3280 σκιὰν

197 3309 306 3385 εἶχε
336 3313 451 3367 τῶν
485 3315 789 3382 μελλόντων
820 3317 920 3368 οὐκ
951 3317 1120 3386 αὐτὴν
1149 3318 1336 3371 εἰκόνα
1366 3317 1478 3372 τῶν
1513 3317 1771 3389 πραγμά-

195 3422 332 3458 τωνο
378 3405 521 3459 αὐτὰ
546 3406 604 3459 δὲ
635 3407 703 3460 τά
738 3407 1040 3476 πράγματα
1083 3401 1159 3462 ὧν
1193 3409 1392 3478 ὁνόμος
1425 3410 1574 3473 σκιά,
1604 3427 1764 3462 τουτ-

199 3496 343 3550 έστιν
401 3497 433 3564 ἡ
505 3495 664 3565 χάρις
715 3495 812 3548 καὶ
859 3497 891 3566 ἡ
945 3497 1192 3568 ἀλήθεια,
1259 3498 1382 3566 ἣτις
1433 3498 1522 3551 διά
1580 3498 1757 3571 ’1ησοῦ

194 3583 432 3655 Χριστοῦ
462 3584 698 3651 ἐγένετο,
719 3587 775 3638 τί
795 3584 972 3650 ἔσται,
999 3587 1050 3638 οι
1077 3587 1765 3656 νέοιἝλληνεςγλωσσαλ-

194 3673 486 3740 γείτωσαν·
519 3671 636 3726 εἶτα
664 3677 693 3727 ό
711 3674 876 3744 νόμος
903 3675 1056 3728 οὐδὲν
1080 3675 1421 3741 ἐτελείωσεν,
1451 3676 1564 3730 ἀλλ’
1585 3678 1760 3746 ἅγιος

193 3764 431 3835 Χριστὸς
457 3765 535 3829 δὲ,
577 3765 636 3828 ὃς
664 3767 766 3837 μιᾷ
816 3769 1105 3838 προσφορᾷ
1159 3767 1512 3821 τετελείωκεν
1563 3770 1644 3832 είς
1701 3771 1762 3822 τὸ

208 3858 458 3928 διηνεκὲς
524 3861 652 3924 τοὺς
713 3861 1106 3930 ἁγιαζομένους
1152 3862 1352 3932 (αὐτὸς
1402 3862 1588 3932 γὰρλό
1635 3864 1731 3934 τῆς
1768 3863 2005 3926 πίστεως
2042 3861 2200 3932 ἡμῶν
2272 3860 2595 3930 τελειωτὴς,

191 3955 510 4025 ἁρτιφανεῖς
562 3954 801 4006 Ἰουδαῖοι
830 3954 1377 4024 άνασταυρούτωσαν.

259 4045 340 4098 Τὰ
389 4045 448 4098 δὲ
495 4044 621 4116 ἑξῆς
664 4046 852 4112 ὁποῖα,
895 4047 1280 4118 σκοπήσωμεν.
1320 4048 1460 4102 Ἀλλ’
1513 4050 1606 4102 ἐπὶ
1665 4049 1765 4112 τὰς

193 4135 407 4188 Παύλου
441 4136 622 4202 φωνάς
649 4134 810 4187 πάλιν
855 4135 985 4204 ἡμῖν
1017 4135 1184 4200 ἰτέον,
1216 4137 1310 4190 καὶ
1343 4137 1530 4208 ἡλίκον
1571 4136 1682 4190 τῶν
1707 4141 1764 4190 ὲν

192 4227 337 4296 νόμῳ
386 4226 574 4296 ἱερέων
613 4225 846 4278 καὶτῶν
895 4226 1022 4295 παρ’
1059 4227 1242 4290 αὐτοῖς
1288 4228 1670 4299 ἱερευομένων,
1703 4228 1765 4280 τὸ

193 4319 288 4386 τῆς
315 4315 440 4369 καθ’
471 4317 620 4385 ἡμᾶς
641 4315 900 4388 λατρείας
933 4317 1226 4387 ύπερτενές
1280 4337 1338 4371 τε
1370 4320 1462 4372 καὶ
1496 4319 1768 4390 προφερέ-

194 4425 410 4474 στατον,
438 4407 513 4472 ὡς
543 4407 622 4460 ενι
659 4407 895 4478 μάλιστα
935 4407 1393 4480 καταθρήσωμεν.
1439 4412 1501 4462 Ui
1530 4413 1586 4463 ὲν
1615 4409 1764 4480 νόμῳ

1888 599 2228 669 peccantium
2267 601 2318 654 in
2370 612 2421 655 te
2475 601 2712 656 facinora
2761 603 2958 658 merito
3005 603 3210 671 judicio
3263 620 3454 676 perse-

1887 689 2070 758 queris
2093 690 2117 742 ‘l

1959 869 2047 922 68.
2081 869 2236 931 Audi,
2267 869 2463 923 coelum
2485 887 2499 936 ;
2525 872 2750 924 auribus
2775 872 3010 940 percipe,
3045 881 3185 927 terra
3213 889 3228 938 ;
3253 881 3310 928 et
3330 873 3456 928 uni-

1886 973 2043 1014 versa
2071 969 2340 1024 creatura,
2376 963 2612 1016 attende.
2665 959 2773 1016 Lex
2807 970 3018 1026 sancta,
3053 973 3107 1016 et
3135 964 3448 1018 mandatum

1887 1061 2162 1116 sanctum,
2211 1053 2416 1120 justum
2455 1053 2787 1122 bonumque.
2822 1053 3010 1108 Recte.
3041 1053 3204 1120 Atqui
3249 1053 3296 1108 si
3337 1054 3454 1108 haec

1885 1151 2070 1194 sancta
2119 1149 2264 1202 sunt,
2294 1153 2412 1209 qua:
2439 1141 2722 1194 obscurius
2764 1150 2819 1195 et
2843 1141 3066 1207 arctius,
3096 1150 3150 1196 et
3186 1151 3442 1211 tanquam

1887 1233 1991 1286 sub
2033 1231 2150 1285 velo
2184 1232 2361 1284 littera
2396 1240 2449 1284 et
2479 1231 2686 1284 umbris
2719 1230 2957 1285 divinam
2999 1232 3248 1286 notitiam
3291 1231 3452 1285 nobis

1884 1337 2024 1389 aegre
2080 1321 2397 1385 ostendunt,
2423 1331 2629 1390 quanto
2687 1323 2926 1377 sanctior
2975 1323 3319 1392 diviniorque
3347 1324 3453 1377 erit

1883 1415 2076 1484 gratia,
2099 1431 2218 1482 quae
2255 1415 2412 1470 nobis
2443 1430 2472 1468 a
2521 1415 2626 1468 Deo
2673 1413 2846 1468 Verbo
2893 1412 3210 1468 confertur?
3245 1415 3451 1468 incom-

1884 1501 2200 1569 parabiliter
2227 1501 2326 1568 legi
2356 1501 2624 1570 superior,
2642 1500 3063 1570 evidentiusque
3089 1512 3142 1556 et
3166 1501 3450 1556 sublimius

1883 1591 2167 1644 Trinitatis
2207 1592 2362 1645 nobis
2397 1591 2893 1646 manifestationem
2925 1591 2976 1644 in
3005 1591 3197 1660 spiritu
3223 1606 3288 1646 ac
3307 1591 3452 1644 verie-

1885 1695 1991 1740 tate
2017 1684 2242 1751 faciens,
2272 1695 2326 1739 et
2355 1686 2514 1739 unius
2545 1686 2918 1738 tantummodo
2947 1685 3036 1738 Dei
3066 1697 3248 1738 veram
3273 1683 3452 1738 since-

1883 1793 2102 1847 ramquc
2118 1779 2335 1832 tradens
2353 1778 2765 1844 edissereusque
2782 1777 3021 1830 notitiam
3043 1786 3203 1846 atque
3222 1776 3446 1837 cultum,

1878 1878 2038 1937 atque
2069 1869 2130 1921 iu‘
2153 1869 2429 1922 meliorem
2452 1883 2775 1938 regenerans
2794 1884 2889 1936 per
2909 1868 3168 1937 Spiritum
3205 1869 3449 1938 adoptio-

1878 1973 2020 2023 nem,
2041 1958 2296 2026 regnique
2317 1959 2576 2011 cmlorum
2596 1973 2742 2026 spem
2771 1969 2955 2026 aperte
2973 1959 3314 2012 annuntians.
3340 1957 3446 2013 Sel

1877 2049 2062 2115 gratiae
2095 2047 2279 2102 hostes
2317 2058 2506 2102 cuncta
2541 2048 2655 2102 haec
2690 2048 3008 2102 idololatriae
3061 2049 3236 2103 instar
3265 2049 3452 2102 tradu-

1875 2149 2024 2192 cunt.
2055 2137 2226 2192 Tanta
2251 2139 2447 2208 quippe
2481 2148 2565 2192 est
2608 2139 2970 2206 improbitatis
3008 2139 3220 2192 illorum
3259 2138 3452 2192 absur-

1877 2229 2049 2282 ditasl
2085 2229 2177 2282 Sic
2229 2229 2281 2283 in
2323 2228 2722 2282 inconsiderata
2757 2235 2810 2281 et
2847 2243 2985 2280 vana
3026 2242 3094 2282 ex
3138 2224 3452 2280 infelicibus

1876 2317 2118 2372 consiliis
2152 2302 2376 2386 delapsi,
2413 2331 2442 2368 a
2472 2317 2654 2370 debito
2703 2317 2992 2371 ratiocinio
3039 2317 3326 2370 deerrantl
3354 2315 3448 2370 ln-

1875 2426 2038 2478 super
2065 2409 2149 2464 lex
2185 2410 2430 2463 umbram
2455 2407 2758 2462 futurorum
2789 2409 3049 2462 bonorum
3085 2423 3304 2478 gerens,
3337 2423 3448 2463 non

1877 2501 2144 2569 propriam
2184 2515 2360 2553 rerum
2405 2499 2718 2567 imaginem,
2749 2500 2942 2552 annuis
2979 2498 3104 2566 ipsis
3137 2498 3443 2563 sacrificiis,

1875 2606 1996 2660 quae
2038 2599 2296 2660 perpetua
2354 2589 2746 2655 offerebantur,
2783 2604 3052 2657 nunquam
3095 2590 3268 2658 potuit
3297 2588 3449 2641 obla-

1877 2693 2019 2738 tores
2039 2681 2304 2750 perfectos
2321 2680 2564 2743 ellicere;
2593 2695 2760 2748 quare
2779 2689 2832 2734 et
2857 2681 3193 2734 incessanter
3219 2681 3440 2734 ﬁebant.

1877 2773 1982 2828 Sed
2026 2785 2202 2826 tamen
2236 2773 2316 2824 lex
2373 2783 2562 2824 sancta
2608 2781 2747 2834 erat,
2783 2771 2995 2824 etiamsi
3043 2770 3280 2823 asseclas
3316 2783 3446 2822 suos

1877 2866 2016 2918 haud
2044 2863 2303 2934 perlicere
2337 2871 2568 2931 poterat.
2606 2861 2669 2914 Et
2693 2863 3002 2914 mandatum
3045 2868 3317 2924 sanctmn,
3339 2861 3441 2914 etsi

1881 2957 2131 3008 umbram
2170 2963 2375 3007 tantum
2411 2956 2629 3006 tenebat
2665 2953 2990 3014 futurorum,
3018 2967 3122 3005 non
3168 2951 3440 3020 propriam

1879 3062 2058 3098 rerum
2084 3045 2388 3111 imaginem.
2422 3043 2527 3098 Res
2558 3060 2686 3098 vero
2711 3045 2858 3110 ἱρμιιι,
2878 3058 3106 3112 quarum
3141 3043 3222 3098 lex
3251 3046 3442 3096 umbra

1877 3143 2015 3197 erat,
2082 3135 2133 3188 id
2189 3148 2270 3187 ρει
2324 3137 2494 3202 gratia
2549 3143 2602 3186 et
2662 3137 2883 3196 veritas,
2933 3148 3050 3200 qua:
3105 3149 3200 3200 pcr
3259 3131 3442 3184 Jesum

1875 3224 2152 3279 Christum
2184 3227 2484 3292 contigere.
2515 3225 2642 3293 quid
2689 3225 2818 3287 sint,
2853 3223 2973 3276 novi
3032 3223 3233 3277 ethnici
3269 3223 3442 3276 blate-

1877 3325 2017 3370 reut.
2053 3313 2256 3368 Deinde
2290 3315 2372 3368 lex
2422 3313 2552 3367 nihil
2606 3313 2852 3381 perfecit,
2879 3315 2971 3366 sed
3015 3323 3205 3367 sancta
3261 3323 3440 3368 tamen

1879 3415 2036 3470 erat;
2067 3404 2318 3460 Christus
2359 3415 2538 3458 autem
2571 3404 2659 3472 qui
2708 3419 2810 3458 una
2863 3405 3136 3458 oblatione
3189 3417 3444 3457 consum-

1875 3500 2043 3553 mavit
2100 3499 2151 3551 in
2187 3498 2574 3567 sempiternum
2632 3497 3002 3552 sanctificatos
3048 3496 3117 3567 (is
3145 3496 3291 3549 enim
3319 3492 3444 3548 lldci

1876 3601 2072 3643 nostrae
2099 3600 2181 3643 est
2210 3598 2634 3649 consummator,
2681 3589 2736 3642 in
2767 3603 2924 3657 quem
2978 3587 3298 3655 respicimus
3331 3585 3438 3652 ");

1871 3681 2140 3741 Christus,
2185 3680 2426 3748 inquam,
2474 3678 2638 3746 quid?
2677 3678 2834 3732 Hunc
2883 3678 3004 3732 novi
3050 3677 3223 3732 Judaei
3268 3677 3448 3730 cruci-

1874 3769 2057 3838 figant.
2140 3792 2154 3804 κ

2631 3861 2709 3923 είς
2755 3860 2814 3912 ὃν
2884 3857 3228 3930 ἀφορῶμεν),
3261 3857 3441 3926 τι;ρι

1940 4043 2143 4098 Czrtera
2199 4056 2317 4110 qua:
2360 4042 2470 4093 sint
2504 4039 2800 4091 videamus.
2839 4038 2942 4091 Sed
2993 4038 3134 4091 enim
3189 4040 3254 4092 ad
3291 4038 3442 4093 Pauli

1872 4134 2179 4189 locutiones
2235 4133 2564 4184 redcumlum
2619 4139 2736 4194 est;
2773 4138 2827 4181 et
2887 4129 3018 4197 legis
3063 4129 3441 4184 sacerdotibus

1869 4220 2165 4291 eorumque
2193 4223 2508 4276 ministeriis
2538 4232 2738 4288 quanto
2767 4219 3056 4286 sublimior
3079 4221 3144 4273 sit
3177 4229 3228 4273 et
3259 4219 3439 4274 excel-

1871 4319 2067 4372 lentior
2091 4317 2269 4371 cultus
2297 4323 2501 4378 noster,
2529 4323 2795 4382 quantum
2828 4314 2976 4375 licet,
3011 4325 3267 4368 accurate
3308 4329 3439 4368 con-

1872 4409 2209 4478 templemur.
2256 4405 2392 4459 Nam
2457 4405 2736 4459 constituti
2781 4405 2878 4457 sub
2931 4406 3048 4473 lege
3109 4405 3439 4473 sacerdotes,

193 4499 581 4570 καθιστάμενοι
641 4501 841 4570 ἱερεῖς,
904 4500 1027 4552 ἐπεὶ
1077 4501 1174 4554 καὶ
1229 4501 1382 4554 αὐτοὶ
1431 4501 1767 4570 περιέκειντο

1879 4499 2121 4568 quoniam
2149 4508 2202 4552 et
2239 4498 2337 4567 ipsi
2382 4494 2703 4551 circumdati
2740 4505 2918 4561 erant,
2954 4504 3136 4564 utpote
3170 4494 3440 4559 homines,

191 4590 474 4644 ἀσθένειαν
519 4591 794 4661 ἄνθρωποί
834 4609 896 4659 γε
939 4591 1108 4655 ὄντες,
1168 4592 1266 4661 οὐχ
1307 4592 1448 4662 ὑπὲρ
1485 4592 1580 4646 τοῦ
1634 4592 1766 4646 λαοῦ

194 4683 379 4748 μόνου,
406 4683 506 4753 ἤδη
550 4681 607 4735 δὲ
649 4683 742 4735 καὶ
783 4681 924 4753 ὑπὲρ
973 4682 1180 4737 ἑαυτῶν
1232 4683 1328 4747 τὰς
1367 4683 1768 4753 νενομισμένας

193 4767 384 4832 θυσίας
425 4772 782 4840 προσέφερον.
836 4771 894 4823 ὐ
931 4769 988 4824 δὲ
1030 4771 1296 4843 ἡμέτερος
1338 4773 1627 4843 ἀρχιερεὺς
1675 4774 1768 4827 καὶ

193 4857 486 4922 ἀπόστολος
513 4861 612 4930 τῆς
655 4859 944 4929 ὁμολογίας
987 4861 1164 4930 ἡμῶν,
1211 4862 1312 4914 οὐκ
1342 4860 1455 4930 ἔχει
1483 4862 1756 4932 ἀνάγκην,

192 4947 382 5020 ὥσπερ
430 4953 649 5015 ἐκεῖνοι,
698 4951 967 5022 πρότερον
1012 4951 1134 5005 καθ’
1189 4952 1404 5022 ἡμέραν
1458 4953 1601 5023 ὑπὲρ
1656 4952 1764 5005 τῶν

196 5037 342 5091 ἰδίων
395 5040 810 5111 ἁμαρτημάτων
853 5039 1012 5094 τοῦτο
1056 5044 1250 5108 ποιεῖν,
1293 5041 1486 5096 ἔπειτα
1520 5043 1628 5096 τῶν
1667 5041 1762 5096 τοῦ

193 5126 322 5180 λαοῦ
345 5145 358 5157 ·
384 5129 544 5181 τοῦτο
568 5131 676 5197 γὰρ
701 5129 954 5200 ἐποίησεν
981 5129 1198 5197 ἐφάπαξ
1219 5131 1412 5184 ἑαυτὸν
1445 5132 1762 5199 ἀνενέγκας,

194 5218 290 5270 καὶ
316 5217 570 5271 ἐκάθισεν
598 5219 657 5270 ὲν
691 5218 839 5289 δεξιᾷ
875 5217 976 5288 τῆς
1016 5218 1408 5290 μεγαλωσύνης
1437 5222 1494 5274 ἐν
1534 5225 1646 5285 τοῖς
1675 5222 1766 5274 ού-

197 5311 410 5380 ρανοῖς·
441 5309 747 5381 πρόδρομος
778 5309 919 5380 ὑπὲρ
950 5310 1109 5380 ἡμῶν
1143 5310 1400 5364 εἰσελθὼν
1428 5314 1507 5375 είς
1536 5311 1596 5365 τὸ
1633 5311 1767 5365 ἐσώ-

189 5415 350 5472 τερον
379 5399 471 5452 τοῦ
510 5401 1027 5470 καταπετάσματος,
1059 5402 1346 5472 ἀρχιερεὺς
1375 5403 1454 5466 είς
1481 5403 1570 5456 τὸν
1594 5403 1766 5456 αἰῶνα

193 5490 484 5562 γενόμενος
525 5493 666 5546 κατὰ
703 5495 804 5564 τὴν
841 5493 992 5558 τάξιν
1034 5493 1392 5564 Μελχισεδέκ.
1441 5495 1550 5548 Καὶ
1581 5496 1628 5547 οί
1667 5493 1766 5564 μὲν

194 5583 440 5647 πλείονες
461 5584 612 5649 ὄντες
643 5585 909 5656 ὑπῆρχον,
941 5584 1020 5657 τῷ
1044 5585 1122 5656 τῷ
1156 5586 1372 5657 θανάτῳ
1401 5586 1765 5657 διακοπτομέ-

1872 4591 2210 4656 infirmitate,
2237 4605 2341 4642 non
2383 4605 2479 4656 pro
2521 4586 2719 4656 populo
2759 4587 2874 4641 solo
2923 4587 3016 4640 sed
3052 4588 3220 4641 etiam
3253 4604 3350 4657 pro
3382 4604 3443 4644 se

1871 4681 2002 4749 ipsis
2057 4681 2248 4750 legalia
2283 4678 2549 4734 sacriﬁcia
2605 4677 2902 4732 oﬂ‘erebant
2945 4679 3014 4730 “.
3071 4677 3271 4733 Noster
3310 4694 3442 4734 vero

1869 4774 2107 4846 pontifex
2151 4783 2206 4825 et
2255 4769 2614 4825 confessionis
2677 4779 2876 4822 nostra:
2938 4772 3216 4838 apostolus
3248 4811 3262 4833 ,
3331 4786 3438 4824 non

1870 4867 2030 4921 habet
2079 4863 2456 4917 necessitatem
2511 4860 2649 4913 sicut
2703 4860 2796 4925 illi,
2829 4861 2976 4927 prius
3037 4860 3280 4930 quotidie
3343 4877 3440 4926 pro

1871 4959 1984 5012 suis
2034 4954 2273 5026 peccatis
2319 4954 2422 5008 hoc
2465 4952 2660 5018 facere,
2698 4951 2890 5005 deinde
2939 4965 3037 5019 pro
3087 4950 3289 5020 pepuli.
3326 4949 3440 5002 Hoc

1869 5050 2011 5104 enim
2045 5047 2171 5102 fecit
2201 5045 2370 5100 semel
2421 5059 2479 5098 se
2509 5044 2682 5114 ipsum
2723 5041 3020 5107 oll‘erendo,
3073 5042 3320 5107 seditque
3372 5039 3440 5091 ad

1869 5140 2146 5194 dexteram
2179 5136 2479 5205 maiestatis
2505 5135 2558 5188 in
2595 5133 2771 5199 cmlis,
2800 5147 3100 5202 praecursor
3131 5145 3228 5199 pro
3279 5127 3436 5182 nobis

1868 5229 2147 5298 ingressus
2175 5227 2228 5280 iu
2260 5227 2489 5281 interius
2528 5223 2960 5286 tabernaculum,
2992 5219 3234 5288 pontifex
3269 5229 3436 5272 teter-

1868 5337 1968 5374 nus
2021 5321 2196 5374 factus
2243 5319 2538 5374 secundum
2587 5315 2829 5370 ordinem
2884 5311 3335 5366 Melehisedec".
3372 5311 3438 5363 Et

1870 5409 1945 5464 illi
1967 5410 2182 5478 quidem
2213 5408 2396 5477 plures
2435 5414 2612 5470 erant,
2635 5405 2762 5472 quia
2795 5411 2968 5455 morte
3008 5399 3434 5469 prohibebantur

1868 5516 2216 5570 permanere;
2249 5501 2366 5570 ipse
2419 5509 2597 5552 autem
2651 5496 2774 5563 quia
2828 5501 3009 5548 manet
3053 5493 3104 5546 in
3145 5503 3434 5556 aeternum,

1869 5592 2266 5646 intransitivum
2318 5589 2477 5644 habet
2539 5586 2927 5648 sacerdotium,
2961 5583 3102 5638 unde
3135 5582 3344 5637 salvare
3376 5581 3442 5636 ἰιι

263 5759 312 5791 το
352 5757 513 5815 llehr.
547 5778 601 5828 κ,
642 5761 728 5817 ιι.
804 5762 844 5795 τι
879 5762 1042 5819 llebr.
1079 5779 1131 5828 ν,
1169 5762 1222 5827 2,
1263 5762 1317 5818 δ.
1391 5764 1434 5796 τ’
1465 5763 1628 5818 Hebr.
1665 5777 1770 5831 vn.

1895 5780 2011 5834 λιιι,
2043 5765 2133 5818 20.
