3900 6148
423 295 530 362 763

1412 289 1469 349 S.
1513 287 1928 347 NICEPHORI
1971 283 2475 348 PATRIARCHAE
2519 285 2628 343 ΟΡ.

3594 283 3698 346 764

419 416 734 484 perpetuum
765 413 939 475 potest
963 403 1279 458 accedentes
1302 417 1396 472 per
1428 401 1602 469 ipsum
1631 401 1695 452 ad
1719 399 1882 454 Deum
1917 399 1984 452 ".

2118 415 2214 461 ou;
2253 394 2556 450 κωλύεσθαι
2588 393 2867 464 διαμένειν
2893 412 2907 426 ο
2943 397 3050 450 ὁόέ
3089 415 3150 464 γε
3178 399 3268 452 διά
3302 397 3364 451 τὸ
3394 402 3594 467 μένειν
3618 401 3699 463 εἰς

421 501 486 554 Et
521 499 594 553 illi
637 497 852 566 quidem
891 495 1182 566 exemplari
1234 503 1290 551 et
1336 496 1542 549 umbrae
1599 493 1984 548 deserviebant

421 588 744 652 caelestium,
775 599 831 642 et
859 601 956 657 per
1001 601 1218 646 annum
1247 586 1544 640 introibant
1568 585 1620 638 in
1657 593 1843 639 sancta
1865 598 1988 638 cum

426 682 688 752 sanguine
715 679 892 734 alieno
914 696 929 745 ;
955 677 1048 733 hic
1075 686 1252 730 autem
1287 675 1477 730 melius
1503 676 1728 731 sortitus
1773 681 1856 730 est
1887 673 1990 728 mi-

426 769 749 833 nisterium,
795 775 999 836 quanto
1047 765 1288 819 melioris
1353 762 1662 818 testamenti
1725 761 1990 818 mediator

427 872 512 918 est
563 860 630 928 ⁷⁸,
660 861 1034 928 bonorumque
1099 856 1401 911 futurorum
1460 853 1720 924 pontifex,
1774 863 1993 923 propter

428 952 604 1022 majus
627 961 679 1008 et
705 949 994 1022 perfectius
1019 945 1428 1002 tabernaculum
1463 960 1568 999 non
1593 944 1992 1010 manufactum;

431 1059 603 1114 neque
645 1058 740 1112 per
796 1042 1114 1110 sanguinem
1155 1039 1428 1092 hircorum
1468 1045 1523 1091 et
1548 1036 1863 1100 vitulorum,
1895 1034 1990 1089 sed

431 1147 526 1200 per
558 1131 831 1200 proprium
863 1129 1177 1199 sanguinem
1209 1125 1462 1181 introivit
1479 1125 1649 1181 semel
1704 1123 1758 1177 in
1793 1121 1995 1178 Sancta

433 1229 764 1285 sanctorum,
809 1228 1012 1273 aeterna
1062 1215 1431 1284 redemptione
1487 1214 1704 1268 inventa
1741 1212 1810 1266 ⁷³.
1852 1211 1998 1266 Idem

433 1313 576 1366 enim
605 1319 725 1364 erat
777 1318 826 1364 et
852 1309 1107 1364 sacerdos
1140 1318 1196 1362 et
1227 1307 1466 1361 victima.
1495 1306 1676 1374 Atque
1725 1305 1800 1358 ita
1847 1302 2002 1359 nobis

436 1401 920 1462 revelavitsancta,
965 1397 1218 1452 caelestes
1250 1395 1446 1465 januas
1476 1395 1688 1451 cunctis
1727 1395 2000 1464 aperiens,

437 1487 749 1560 gradibiles,
781 1485 938 1542 facile
972 1485 1222 1550 adibiles,
1263 1486 1372 1540 imo
1390 1493 1445 1539 et
1497 1483 1860 1554 penetrabiles
1888 1480 2002 1539 efﬁ-
2049 1514 2051 1517 τ

441 1581 613 1634 ciens.

512 1841 718 1910 Quanta
807 1849 887 1894 est
947 1841 1130 1910 itaque
1222 1852 1575 1906 personarum
1649 1837 2003 1904 differentia,

441 1933 643 1990 Christi
695 1931 902 1986 scilicet
949 1942 1005 1985 et
1059 1931 1310 1993 Aaronis,
1345 1929 1437 1998 qui
1498 1927 1728 1982 invicem
1788 1942 2010 1998 prorsus

441 2023 648 2078 distant
677 2021 690 2074 !
719 2028 770 2074 et
796 2019 935 2072 inter
974 2033 1108 2088 quos
1139 2017 1462 2070 immensum
1517 2013 1896 2083 inﬁnitumque
1925 2024 2010 2070 est

444 2109 832 2168 intervallum!
877 2108 954 2162 lbi
1016 2107 1182 2177 238
1236 2106 1548 2160 animalium
1613 2103 2008 2160 irrationalium

445 2199 665 2270 sanguis
694 2197 1040 2262 offerebatur,
1069 2197 1154 2251 hic
1200 2195 1322 2266 agni
1389 2194 1739 2258 immaculati,
1767 2193 1857 2262 qui
1911 2191 2014 2246 tol-

361 2314 367 2319 ·
446 2292 506 2344 lit
529 2291 709 2344 mundi
737 2299 1035 2358 peccatum,
1069 2287 1292 2356 sanguis
1321 2284 1563 2340 offertur.
1595 2283 1815 2354 Insuper
1837 2283 2012 2338 foede-

448 2397 568 2437 rum
643 2394 856 2451 quoque
908 2388 964 2434 et
1019 2377 1352 2433 tabernaculi
1406 2373 1708 2430 differentia
1757 2382 1875 2440 est;
1923 2373 2012 2428 illa

446 2472 592 2526 enim
622 2479 778 2524 erant
809 2467 1148 2537 temporalia,
1203 2477 1257 2522 et
1291 2464 1623 2532 manut'acta,
1655 2475 1708 2520 et
1736 2479 1850 2520 aevo
1884 2478 2014 2519 con-

447 2559 732 2624 sumenda,
772 2572 870 2612 nec
924 2557 1089 2610 ullam
1133 2555 1485 2612 stabilitatem
1519 2554 1796 2620 habentia,
1824 2563 2009 2623 atque.

449 2657 510 2703 ut
539 2647 670 2702 nihil
699 2656 928 2714 taceam,
955 2645 1069 2714 jam
1131 2647 1412 2714 antiquata
1445 2655 1571 2700 sunt
1596 2653 1650 2698 et
1683 2645 1844 2708 vieta,
1869 2645 2018 2698 ideo-

447 2753 552 2810 que
572 2739 734 2794 etiam
763 2739 957 2792 abolita
989 2752 1004 2791 :
1035 2739 1146 2793 haec
1176 2749 1355 2792 autem
1387 2751 1560 2806 neque
1585 2734 1885 2790 manufacta
1918 2750 2016 2790 nec

450 2831 789 2900 temporalia,
826 2831 921 2886 sed
962 2837 1224 2898 perpetua
1271 2842 1332 2884 ac
1381 2829 2016 2898 sempiterna,renovata

451 2938 667 2992 semper
729 2932 784 2976 et
841 2923 1101 2986 recentia,
1165 2921 1432 2978 cessantia
1487 2936 1781 2990 nunquam,
1845 2933 2020 2990 neque

455 3015 740 3069 minuenda
779 3013 860 3068 vel
923 3015 1336 3082 corrumpenda.
1378 3011 1638 3082 Superest
1660 3021 1719 3066 ut
1767 3011 2018 3066 differant

2087 489 2176 542 τὸν
2220 487 2418 554 αίῶνα,
2463 485 2818 557 ἀπαράϐατον
2863 486 2980 558 εχει
3023 489 3126 559 τὴν
3177 488 3519 562 ἱερωσύνην,
3571 489 3698 544 ὅθεν

2089 579 2286 644 σώζειν
2311 581 2394 643 είς
2421 578 2484 632 τὸ
2507 577 2772 642 παντελὲς
2797 577 3026 633 δύναται
3051 581 3180 644 τοὺς
3203 581 3696 652 προσερχομένους

2087 670 2156 722 δι’
2185 669 2352 724 αὑτοῦ
2376 668 2454 740 τῷ
2478 667 2618 740 Θεῷ.
2645 669 2758 722 Καὶ
2789 670 2841 722 οί
2876 669 2978 741 μὲν
3011 670 3378 740 ὑποδείγματι
3411 671 3515 724 καὶ
3563 671 3695 742 σκιᾷ

2091 759 2199 814 τῶν
2227 759 2568 831 ἐπουρανίων
2593 759 2911 830 ὲλάτρευον,
2938 760 3033 814 καὶ
3059 763 3181 816 κατ’
3217 761 3475 816 ἐνιαυτὸν
3503 759 3696 833 εἰσήρ-

2093 867 2247 921 χοντο
2282 850 2363 914 είς
2386 849 2454 904 τὰ
2472 847 2603 918 ἅγια
2627 849 2684 902 ἐν
2709 847 2902 918 αἵματι
2937 848 3235 922 ἀλλοτρίῳ⁶
3269 851 3301 904 ὁ
3327 850 3385 904 δὲ
3417 851 3694 924 διαφορω-

2092 937 2258 1010 τέρας
2285 936 2554 1006 τετύχηκε
2585 935 2951 1008 λειτουργίας,
2975 937 3087 1008 ὅσῳ
3122 937 3218 991 καὶ
3237 937 3565 1010 κρείττονος
3581 940 3695 994 δια-

2097 1027 2272 1098 θήκης
2315 1027 2432 1082 ἐστὶ
2475 1027 2726 1099 μεσίτης,
2773 1028 3068 1098 ἀρχιερεύς
3114 1045 3175 1082 τε
3215 1029 3326 1082 τῶν
3378 1030 3695 1100 μελλόντων

2097 1117 2337 1188 ἀγαθῶν,
2361 1118 2448 1171 διὰ
2477 1119 2576 1188 τῆς
2607 1117 2856 1188 μείζονος
2888 1119 2984 1171 καὶ
3007 1118 3354 1190 τελειοτέρας
3380 1119 3608 1190 σκηνῆς
3631 1121 3692 1172 ού

2097 1208 2502 1280 χειροποιήτου,
2538 1207 2662 1261 οὐδὲ
2690 1207 2758 1260 δι’
2798 1208 3030 1278 αἵματος
3054 1209 3274 1278 τράγων
3307 1209 3404 1262 καὶ
3445 1209 3690 1280 μόσχων,

2099 1293 2189 1346 διά
2228 1294 2286 1347 δὲ
2325 1293 2419 1348 τοῦ
2465 1293 2594 1347 ίδίου
2635 1294 2870 1364 αἵματος
2914 1296 3166 1366 εἰσῆλθεν
3222 1297 3451 1366 ἐφάπαξ
3493 1299 3581 1361 εἰς
3625 1298 3694 1350 τά

2103 1383 2272 1452 ’Ἅγια
2299 1381 2406 1437 τῶν
2445 1384 2638 1453 ἁγίων,
2679 1385 2904 1440 αἰωνίαν
2950 1385 3219 1458 λύτρωσιν
3252 1387 3592 1458 εὑράμενος.
3638 1387 3694 1440 Ὅ

2103 1473 2265 1536 αὐτὸς
2295 1471 2402 1542 γὰρ
2427 1469 2495 1544 ἦν
2517 1475 2612 1528 καὶ
2643 1475 2822 1543 ἱερεὺς
2851 1477 2946 1530 καὶ
2975 1476 3172 1548 ἱερεῖον
3196 1494 3212 1510 ·
3238 1478 3336 1531 καὶ
3355 1477 3538 1544 ταῦτα⁵
3565 1479 3696 1548 ἡμῖν

2104 1563 2424 1632 ἀπεκάλυψε
2462 1563 2530 1616 τὰ
2558 1563 2714 1633 ἅγια,
2749 1564 2851 1630 τὰς
2881 1566 3058 1630 πύλας
3097 1566 3200 1631 τὰς
3227 1569 3520 1638 οὐρανίους
3551 1569 3699 1622 ᾶπα-

2109 1668 2192 1707 σιν
2221 1655 2494 1721 ἀνοιγνὺς,
2530 1654 2670 1725 βατά
2699 1673 2781 1722 τε,
2823 1657 2916 1710 καὶ
2935 1657 3256 1728 εύπρόσιτα,
3301 1658 3400 1712 καὶ
3446 1659 3701 1728 είσιτητά

2037 1742 2080 1798 Β
2111 1745 2496 1813 ποιησάμενος.

2183 1831 2349 1887 Ὅσον
2377 1827 2470 1886 οὖν
2513 1833 2624 1888 τῶν
2655 1833 2961 1906 προσώπων
2999 1837 3062 1890 τὸ
3087 1835 3528 1908 ἐξηλλαγμένον,
3565 1839 3702 1908 Χρι-

2115 1921 2240 1976 στοῦ
2267 1939 2326 1976 τε
2357 1923 2451 1977 καὶ
2493 1923 2601 1977 τῶν
2632 1925 2760 1996 περὶ
2801 1926 2891 1980 τὸν
2933 1925 3146 1998 ’Δαρὼν
3167 1963 3184 1992 ,
3236 1927 3351 1982 τῶν
3402 1929 3592 1999 πάντη
3629 1928 3704 1982 δι-

2113 2014 2466 2085 ῳκισμένωνί
2498 2015 2591 2068 καὶ
2626 2013 2701 2071 ὧν
2737 2016 2800 2070 τὸ
2823 2018 2880 2072 ἐν
2911 2017 3064 2089 μέσῳ
3079 2018 3160 2082 είς
3183 2017 3417 2090 ἄπειρον
3450 2019 3705 2073 ἐκϐαῖνον

2115 2107 2212 2161 καὶ
2241 2107 2489 2178 ἀόριστον
2518 2149 2535 2174 ,
2576 2107 2672 2161 καὶ
2717 2109 2826 2162 τῶν
2867 2107 3072 2163 θυσιῶν
3115 2109 3174 2162 τὸ
3215 2109 3512 2180 διάφορονῑ
3559 2109 3706 2162 Ἐκεῖ

2120 2195 2219 2267 μὲν
2248 2196 2358 2266 γὰρ
2387 2196 2542 2260 ζώων
2569 2197 2780 2266 ἀλόγων
2808 2193 2952 2268 αἷμα
2977 2199 3348 2271 είσενήνεκτο,
3377 2199 3626 2254 ἐνταῦθα
3653 2199 3704 2253 δέ

2115 2284 2210 2338 τοῦ
2238 2283 2474 2356 ἀμώμου
2513 2285 2689 2356 ἀμνοῦ
2723 2285 2819 2339 τοῦ
2861 2285 3113 2358 αἴροντος
3140 2288 3242 2356 τὴν
3279 2287 3572 2358 ἁμαρτίαν
3617 2287 3703 2342 τοῦ

2119 2374 2327 2445 κόσμου
2372 2375 2778 2448 προσφέρεταιο
2831 2376 2968 2448 πρὸς
3011 2376 3089 2444 δὲ,
3134 2376 3231 2432 καὶ
3263 2376 3380 2430 τῶν
3427 2377 3706 2448 διαθηκιὶν

2119 2467 2214 2520 καὶ
2237 2465 2336 2536 τῆς
2367 2467 2572 2537 σκηνῆς
2591 2467 2653 2520 τὸ
2668 2467 2954 2537 διεστηκός
2975 2483 2992 2500 ’
3011 2468 3080 2523 τὰ
3097 2469 3195 2538 μὲν
3214 2468 3324 2540 γὰρ
3347 2471 3709 2542 χειροποίητα

2117 2573 2178 2610 τε
2211 2552 2280 2629 ἦν
2310 2557 2404 2611 καὶ
2444 2559 2777 2630 πρόσκαιρα,
2812 2559 2908 2614 καὶ
2937 2559 3016 2632 τῷ
3058 2561 3238 2632 χρόνῳ
3266 2561 3705 2632 διαηπτὸμενα,

2120 2649 2214 2701 καὶ
2241 2649 2445 2718 ἥκιστα
2480 2649 2670 2703 στάσιν
2705 2649 2902 2721 ἔχοντα
2921 2688 2944 2716 ,
2989 2651 3086 2705 καὶ
3117 2651 3180 2704 τδ
3209 2652 3321 2706 πᾶν
3373 2653 3580 2716 εἰπεῖν,
3612 2652 3708 2724 ήδη

2121 2737 2500 2792 πεπαλαίωται
2529 2740 2622 2793 καὶ
2639 2741 2777 2811 γεγή
2788 2757 2945 2811 ρακε,
2960 2741 3134 2816 ταύτῃ
3157 2759 3240 2796 τοι
3263 2741 3362 2796 καὶ
3387 2744 3708 2814 ἠφάνισται·

2120 2829 2190 2882 τὰ
2219 2828 2274 2882 δὲ
2309 2829 2371 2882 ού
2399 2831 2755 2902 χειροποίητα
2781 2831 2904 2884 ούδὲ
2950 2832 3292 2906 πρόσκαιρα,
3335 2834 3494 2890 ἀΐδια
3522 2834 3583 2887 δέ
3621 2833 3712 2888 καὶ

2123 2919 2316 2974 αἰώνια
2355 2922 2451 2974 καὶ
2491 2921 2580 2976 ἀεὶ
2630 2921 2992 2995 καινιξόμενα
3039 2925 3135 2979 καὶ
3175 2923 3476 2995 νεούμενα,
3521 2925 3620 2978 καὶ
3653 2924 3710 2978 οὗ

2126 3029 2255 3066 ποτε
2285 3012 2653 3084 ἀπολήγοντα,
2677 3014 2801 3069 οὐδὲ
2831 3016 3115 3086 πεφυκότα
3147 3017 3598 3088 μειονεκτείσθαι
3624 3015 3712 3070 καί

454 3105 632 3160 cultus
677 3105 842 3158 etiam
901 3112 956 3158 et
1001 3104 1273 3157 victimae:
1305 3118 1534 3172 namque
1579 3102 1683 3157 illae
1723 3102 2014 3157 crassiores

2121 3102 2482 3175 φθείρεσθαι·
2538 3105 2752 3176 ἀνάγκη
2807 3106 2994 3160 λοιπὸν
3041 3107 3414 3178 διενηνοχέναι
3480 3109 3580 3160 xa‘t
3618 3109 3712 3178 τὴν

455 3202 612 3249 erant
642 3203 696 3246 et
725 3193 995 3255 carnales,
1019 3201 1071 3244 et
1101 3200 1352 3259 tanquam
1383 3192 1435 3244 in
1483 3191 1666 3260 ﬁguris
1690 3206 1778 3247 res
1813 3191 2022 3246 futuras

455 3294 512 3338 et
539 3285 710 3351 ipsam
739 3282 1022 3336 veritatem
1053 3282 1105 3333 in
1140 3288 1478 3334 antecessum
1510 3281 1867 3336 charaxantes
1927 3281 2024 3336 de-

459 3376 889 3442 scribentesque,
917 3373 1144 3426 necdum
1172 3371 1556 3440 perfectionem
1585 3372 1808 3440 adeptae.
1831 3370 2026 3426 Nostra

461 3475 642 3518 autem
681 3478 834 3517 sacra
893 3463 944 3515 in
986 3461 1176 3528 spiritu
1211 3475 1274 3515 ac
1317 3461 1548 3516 veritate
1594 3469 1832 3530 peracta,
1866 3461 2025 3530 perﬁ-

459 3557 612 3610 ciunt
639 3569 732 3610 eos
785 3555 874 3622 qui
912 3551 1143 3607 offerunt
1179 3552 1287 3606 Deo
1329 3551 1658 3608 sacriﬁcium
1695 3550 1892 3617 laudis,
1935 3565 2028 3620 per

460 3660 580 3716 quae
627 3646 746 3699 sine
777 3657 942 3712 pausa
992 3643 1249 3706 clamant,
1301 3640 1453 3696 Abba
1503 3640 1666 3696 Pater
1709 3641 1776 3694 ⁷⁸.
1802 3640 1934 3696 Nam
1983 3641 2028 3696 si

463 3737 683 3800 fuisset,
717 3734 911 3803 inquit,
941 3732 1201 3802 perfectio
1235 3733 1287 3786 in
1316 3732 1562 3788 Levitico
1593 3732 1918 3799 sacerdotio,
1941 3748 2031 3804 po-

465 3831 620 3898 pulus
657 3830 798 3883 enim
841 3827 909 3882 ab
931 3840 996 3881 eo
1025 3828 1194 3896 legem
1228 3825 1552 3893 accipiebat,
1577 3823 1692 3894 jam
1749 3839 1884 3894 opus
1919 3839 2026 3879 non

461 3930 580 3976 erat
615 3921 778 3974 aliunt
815 3918 973 3988 juxta
1018 3918 1264 3972 ordinem
1322 3915 1682 3973 Melchisedec
1739 3931 2032 3987 exsurgere

463 4014 821 4066 sacerdotem.
870 4008 1135 4076 Quoniam
1189 4007 1275 4062 lex
1323 4009 1456 4062 nihil
1499 4007 1746 4079 perfecit,
1805 4009 1900 4065 sed
1949 4010 2030 4063 in.

469 4101 737 4156 troductiu
797 4110 880 4154 est
933 4099 1175 4154 melioris
1240 4099 1378 4168 spei,
1415 4113 1510 4167 per
1567 4112 1730 4168 quam
1772 4098 1884 4153 Deo
1940 4113 2033 4168 ap-

467 4189 1158 4264 propinquatnus".Neque
1223 4188 1493 4243 sacriﬁcia
1572 4189 1656 4242 vel
1732 4189 2034 4246 oblationes

467 4291 718 4350 poterant
745 4278 1042 4334 secundum
1067 4277 1454 4332 conscientiam
1485 4275 1827 4331 adoratorem
1874 4279 2036 4349 perﬁ-

467 4389 611 4428 cere.
651 4372 872 4434 Deinde,
904 4371 1125 4440 sanguis
1172 4370 1386 4438 quidem
1438 4379 1712 4424 taurorum
1759 4362 1815 4422 et
1855 4370 2033 4426 hirco-

2127 3193 2384 3267 λατρείαν
2410 3195 2504 3248 καὶ
2543 3195 2613 3248 τὰ
2636 3194 2872 3266 θυόμενα
2891 3213 2904 3228 ⁸
2933 3198 3004 3251 τὰ
3043 3197 3142 3269 μὲν
3175 3199 3285 3268 γάρ
3335 3197 3635 3270 παχύτερά
3657 3215 3712 3250 τε

2128 3279 2197 3354 ἦν
2225 3285 2318 3336 καί⁵
2357 3285 2755 3357 σαρκικώτερα,
2792 3285 2888 3340 καὶ
2914 3287 2988 3350 ὡς
3022 3291 3078 3340 ἐν
3108 3287 3322 3350 τύποις,
3350 3288 3468 3342 τῶν
3495 3287 3711 3360 μελλόν-

2129 3391 2238 3426 των
2267 3375 2361 3426 καὶ⁴
2392 3375 2490 3444 τῆς
2529 3375 2792 3445 ἀληθείας
2821 3377 3318 3448 προχαρασσόμενα
3361 3378 3460 3430 καὶ
3488 3376 3711 3446 διαγρα-

2133 3455 2364 3536 φόμενα,
2403 3466 2498 3519 καὶ
2538 3465 2692 3520 οὔπω
2730 3467 3004 3537 δεξάμενα
3050 3471 3150 3537 τὴν
3194 3467 3485 3520 τελείωσιν
3508 3483 3525 3498 ·
3561 3467 3634 3520 τὰ
3662 3466 3716 3518 δέ

2133 3557 2380 3628 ἡμέτερα
2405 3557 2462 3610 ὲν
2492 3556 2766 3628 πνεύματι
2797 3560 2892 3612 καὶ
2919 3557 3148 3628 ἀληθείᾳ
3169 3558 3496 3627 τελούμενα,
3527 3555 3718 3610 τελειοί

2134 3649 2260 3710 τοὺς
2285 3647 2354 3698 δι’
2387 3647 2570 3702 αὐτῶν
2611 3648 3021 3718 προσφέροντας
3064 3647 3143 3718 τῷ
3181 3645 3304 3716 Θεῷ
3342 3647 3545 3700 θυσίαν
3581 3645 3719 3699 αίνέ-

2139 3755 2298 3801 σεως,
2355 3737 2424 3790 δι’
2481 3733 2556 3792 ὧν
2617 3739 3006 3810 ἀνεπιλήπτως
3043 3737 3428 3810 κεκράξονται,
3490 3736 3662 3790 ’Δῦὃά
3692 3735 3719 3787 ὁ

2138 3829 2346 3898 Πατήρ.
2378 3829 2440 3881 Εί
2487 3829 2587 3899 μὲν
2617 3830 2725 3900 γάρ
2752 3825 2822 3900 ἦν
2855 3829 3132 3894 τελείωσις
3155 3829 3242 3883 διὰ
3283 3829 3388 3898 τῆς
3427 3827 3720 3896 Λευῖτικῆς

2139 3920 2460 3990 ἱερωσύνης,
2501 3922 2664 3990 φησὶν
2715 3921 2762 3992 (ό
2794 3921 2920 3985 λαὸς
2953 3921 3064 3992 γὰρ
3113 3923 3200 3974 ἐπ’
3248 3921 3391 3992 αὐτῇ
3432 3919 3720 3988 νενομοθέ-

2139 4011 2316 4082 τητο),
2341 4013 2441 4065 οὐκ
2469 4010 2537 4082 ἦν
2573 4011 2651 4066 ἔτι
2705 4013 2862 4083 χρεία
2886 4013 3028 4066 κατὰ
3049 4012 3147 4082 τὴν
3181 4011 3333 4076 τάξιν
3387 4008 3720 4081 Μελχισεδὲκ

2138 4103 2325 4172 ἕτερον
2353 4101 2672 4155 ἀνίστασθαι
2700 4103 2850 4174 ἱερέα
2870 4119 2885 4135 ο
2916 4103 2996 4156 ὃτι
3023 4105 3052 4156 ὁ
3079 4104 3242 4173 νόμος
3286 4102 3444 4156 οὐδὲν
3473 4101 3721 4156 ἐτελείω-

2142 4209 2250 4258 σεν,
2286 4193 2638 4264 ἐπεισαγωγὴ
2685 4193 2742 4246 δὲ
2773 4194 3080 4262 κρείττονος
3119 4193 3371 4256 ἐλπίδος·
3401 4193 3471 4247 δι’
3523 4189 3592 4265 ἧς
3633 4195 3720 4260 ἐγ-

2139 4281 2365 4351 γίζομεν
2411 4282 2490 4350 τῷ
2537 4281 2678 4352 Θεῷ.
2730 4281 2852 4335 Οὐδ’
2901 4277 2966 4336 αὖ
3007 4283 3062 4336 αἱ
3109 4282 3294 4336 θυσίαι
3332 4282 3432 4336 καὶ
3461 4283 3534 4336 τὰ
3578 4282 3722 4351 δῶρα

2141 4372 2403 4442 ἠδύναντο
2431 4373 2574 4426 κατὰ
2602 4372 2909 4440 συνείδησιν
2936 4371 3222 4426 τελειῶσαι
3245 4373 3337 4425 τὸν
3365 4373 3716 4442 λατρεύοντα.

471 4479 614 4526 rum,
655 4471 710 4517 et
761 4461 898 4515 cinis
945 4461 1128 4514 vitula:
1165 4459 1466 4530 inquiuatis
1527 4475 1803 4529 aspersus,
1833 4462 2008 4516 sancti

2141 4457 2274 4516 Εἶτα
2306 4463 2366 4516 τὸ
2415 4463 2514 4534 μὲν
2558 4458 2698 4534 αἷμα
2729 4463 2948 4534 ταύρων
2998 4467 3092 4518 καὶ
3121 4465 3342 4534 τράγων
3389 4463 3488 4517 καὶ
3537 4463 3722 4524 σποδὸς
3806 4510 3816 4525 ,

470 4556 636 4609 ﬁcant
659 4555 799 4623 quod
821 4553 1015 4606 attinet
1042 4551 1108 4604 ad
1145 4551 1328 4605 carnis
1365 4550 1830 4614 emundationem,
1933 4551 2014 4606 Set

2138 4552 2427 4624 δαμάλεως
2446 4553 2572 4616 τοὺς
2593 4554 3030 4623 κεκοινωμένους
3057 4555 3412 4625 ῥαντίζουσα,
3439 4555 3720 4622 άγιάζουσι

470 4646 669 4703 Christi
718 4644 938 4712 sanguis
983 4658 1216 4712 purgans
1267 4657 1296 4697 a
1341 4644 1568 4698 mortuis
1620 4643 1874 4710 operibus
1912 4657 2013 4696 con

2143 4645 2280 4714 πρὸς
2313 4643 2408 4714 τὴν
2437 4643 2537 4712 τῆς
2579 4643 2780 4710 σαρκὸς
2807 4643 3177 4714 καθαρότητα.
3219 4643 3296 4696 Τὸ
3324 4643 3385 4696 δὲ
3415 4637 3563 4713 αἷμα
3601 4645 3722 4712 Χριι

472 4738 778 4802 scientiam,
835 4737 904 4790 ul)
963 4737 1306 4791 serviendum
1361 4734 1470 4790 Deo
1514 4735 1716 4788 viventi
1773 4748 1837 4789 ac
1893 4748 2014 4787 vero

2145 4733 2268 4788 στοῢ
2298 4733 2562 4804 καθαῖρον
2592 4732 2898 4802 συνείδησιν
2935 4733 3045 4786 ἀπὸ
3085 4733 3302 4805 νεκρῶν
3325 4734 3534 4803 ἔργων,
3563 4733 3642 4795 εἰς
3667 4730 3718 4782 τὸ

471 4834 598 4906 quid
636 4834 851 4887 demunt
892 4832 960 4886 ab
1003 4829 1238 4884 inimicis
1269 4843 1389 4884 esse
1428 4826 2014 4882 existitttabitur"?t‘ittt

2131 4824 2417 4892 λατρεύειν
2465 4822 2586 4893 Θεῷ
2631 4821 2795 4888 ζῶντι
2849 4824 2946 4876 καὶ
2992 4823 3256 4893 ἀληθινῷ,
3309 4824 3362 4876 τί
3413 4825 3574 4893 παρά
3618 4824 3718 4880 τοῖς

473 4942 644 4992 neque
675 4924 1021 4978 sanctiﬁcans
1074 4936 1249 4990 neque
1304 4917 1829 4989 purgans?Prorsus
1877 4916 2014 4971 aude

2135 4914 2350 4986 ἐχθροῖς
2378 4912 2799 4984 λογισθήσεται;
2853 4913 3104 4982 Ἀγιάζον
3146 4913 3246 4984 μὲν
3283 4913 3540 4982 οὐδαμῶς
3571 4913 3604 4983 ἢ
3635 4929 3718 4964 ata-

475 5021 605 5071 hunt
637 5018 819 5071 dicere
857 5015 910 5068 hi
941 5015 1206 5082 impuram
1239 5011 1625 5067 conscientiam
1675 5022 1946 5079 gerentes,
1987 5024 2014 5064 e

2139 5005 2352 5076 θαῖρον;
2389 5004 2718 5074 τολμήσουσι
2742 5004 2799 5058 δὲ
2824 5005 3041 5068 πάντως
3076 5021 3178 5058 που
3204 5003 3382 5074 φάναι
3427 4999 3717 5072 ἀκάθαρτοί

475 5109 528 5160 in
569 5106 760 5161 mortis
789 5103 1042 5174 operibus
1089 5111 1372 5158 versantes
1411 5119 1425 5154 :
1459 5099 1690 5168 Sanguis
1723 5098 1840 5168 ejus
1880 5112 2012 5166 snpe

2146 5113 2210 5166 γε
2240 5098 2390 5160 ὄντες
2427 5096 2528 5167 τὴν
2567 5096 2892 5166 συνείδησιν,
2927 5096 3021 5150 καὶ
3053 5095 3456 5166 νενεκρωμένοι
3489 5096 3604 5156 :02;
3637 5091 3715 5162 ἕρ·

477 5214 575 5252 nos
627 5206 682 5250 et
733 5211 894 5268 super
949 5194 1083 5250 filios
1144 5202 1385 5248 nostros.
1444 5189 1568 5244 Haec
1613 5189 1702 5242 isti
1744 5189 1927 5244 dicant
1990 5205 2014 5243 e

2150 5205 2268 5257 γοις
2305 5187 2687 5256 τυγχάνοντες.
2727 5186 2802 5241 Τὸ
2828 5180 2968 5256 αἷμα
3005 5185 3167 5240 αὑτοῦ
3199 5187 3284 5254 ἐρ’
3320 5187 3474 5256 ημᾶς
3517 5186 3612 5238 καὶ
3636 5181 3714 5234 ἐπὶ

480 5297 679 5360 agunt;
715 5303 812 5342 nos
855 5295 1032 5342 autent
1081 5285 1149 5342 ad
1205 5284 1466 5354 reliquam
1519 5281 1788 5337 sermonis
1838 5287 2014 5350 parter

2151 5278 2220 5330 τὰ
2248 5278 2414 5331 τέκνα
2459 5277 2645 5348 ἡμῶν·
2691 5275 2864 5330 ταῦτα
2897 5275 2996 5346 μὲν
3039 5275 3132 5330 οὖν
3165 5276 3368 5329 ἐκεῖνοι
3399 5275 3496 5328 καὶ
3537 5270 3714 5346 φραζέ-

479 5393 786 5452 pergamus.

2152 5387 2331 5422 τωσαν
2363 5367 2458 5421 καὶ
2492 5368 2907 5440 πρασσέτωσαν,
2936 5369 3097 5438 ἡμεῖς
3131 5367 3192 5422 δέ
3215 5367 3354 5436 πρὸς
3384 5367 3456 5420 τά
3487 5367 3612 5436 ἑξῆς
3633 5359 3712 5412 τοῦ

2155 5459 2312 5528 λόγου
2343 5459 2532 5530 ἴωμεν.

553 5577 600 5608 ⁷³
635 5575 794 5632 llebr.
819 5593 918 5640 vn,
948 5578 1134 5631 23-25.
1209 5577 1254 5612 "
1285 5577 1448 5634 ilebr.
1481 5591 1598 5644 vm,
1639 5577 1689 5643 5,
1719 5577 1772 5631 6.
1851 5579 1894 5611 ⁷⁵
1931 5579 2009 5633 Hc

504 5642 552 5674 ’δ
585 5643 740 5696 Hebr.
779 5662 853 5710 ιιι,
901 5647 1075 5710 ὶῦ,ίιί.

2125 5591 2198 5641 tx,
2236 5575 2321 5642 il,
2360 5575 2444 5629 12.
2523 5575 2568 5608 ⁷⁸
2599 5573 2760 5630 Rom.
2793 5589 2914 5643 vm,
2956 5573 3044 5628 l5.
3119 5573 3164 5605 "
3196 5573 3366 5629 Hebr.
3404 5586 3500 5638 vn,
3525 5568 3606 5636 Η,
3637 5561 3708 5616 i9-
