3928 6166
335 367 448 433 765

1201 371 1766 438 APOLOG—ETICUS
1803 378 1952 438 PRO
1993 381 2261 442 SACRIS
2300 383 2784 446 IMAGINIBUS.

3487 385 3596 448 766

416 479 514 545 50'.
547 475 675 549 Εἶχε
717 478 822 551 μὲν
855 473 970 546 οὖν,
1006 479 1170 554 φησὶ,
1193 485 1289 538 καὶ
1321 487 1356 555 ἡ
1401 487 1592 556 πρώτη
1636 489 1811 558 σκηνὴ
1839 489 1918 541 δι-

2093 491 2183 546 69.
2233 491 2474 547 Habebat
2513 495 2718 562 itaque,
2744 493 2934 562 inquit,
2966 493 3113 562 prius
3171 508 3388 564 quoque
3430 506 3594 550 teSta-

341 567 640 640 καιὼματα
667 569 928 642 λατρείας
951 587 965 603 ·
1005 571 1128 628 τίνα
1156 573 1330 629 ταῦτα
1359 579 1452 630 καὶ
1476 579 1667 646 ὁποῖα;
1689 579 1923 649 Λυχνίαν

335 658 458 732 εἷχε
497 661 590 714 καὶ
636 661 939 732 τράπεζαν,
983 663 1221 718 καὶτῶν
1265 667 1446 738 ἄρτων
1484 669 1584 739 τὴν
1625 670 1918 741 πρόθεσιν·

338 751 398 805 τί
441 751 772 821 δὲὲλέγετο;
833 753 1010 824 Ἃγία.
1055 755 1120 810 Ἦ
1163 756 1221 812 δὲ
1270 760 1392 812 καθ’
1440 761 1588 828 ἡμᾶς
1626 761 1798 832 σκηνὴ
1842 761 1926 826 τίς

340 837 512 908 οὖσα;
539 843 592 896 τί
634 843 782 915 παρὰ
807 847 920 908 τοῖς
961 846 1176 919 ἐχθροῖς
1217 848 1318 920 τῆς
1346 851 1405 903 ὲν
1446 851 1667 923 Χριστῷ
1703 851 1926 922 χάριτος

343 933 600 1000 λέγεται;
635 933 723 1000 Ὠς
747 937 847 1006 μὲν
871 931 965 992 οὖν
985 938 1227 1009 ἀμείνων
1249 939 1430 1010 πολλῷ
1451 941 1666 1014 ἐκείνης
1690 943 1806 996 ἐστὶ
1832 944 1925 996 καὶ

345 1023 640 1098 ἱερωτέρα.
685 1026 750 1080 Τί
789 1027 922 1083 ἄλλο
954 1046 1020 1098 γε
1063 1032 1240 1083 εἰπεῖν
1276 1030 1403 1103 χρὴ,
1438 1031 1470 1103 ἢ
1509 1033 1630 1088 καθ’
1657 1035 1780 1089 ὅσον
1819 1037 1926 1091 τῶν

343 1114 536 1169 τύπων
561 1115 776 1188 καὶτῆς
801 1119 964 1183 σκιᾶς
989 1119 1022 1186 ἡ
1049 1119 1297 1190 ἀλήθεια,
1328 1125 1423 1176 καὶ
1439 1123 1550 1176 τῶν
1575 1129 1926 1194 μεσιτευσάν-

343 1221 460 1258 των
491 1205 550 1258 τὸ
582 1205 780 1264 διοῖσον
809 1209 866 1261 ὲν
897 1207 1205 1278 ἀξιώματις
1241 1210 1294 1264 τί
1321 1210 1398 1270 δὲ,
1424 1211 1555 1283 παρ’
1589 1213 1772 1276 αὐτοῖς
1809 1215 1928 1268 ὀνο-

349 1295 586 1366 μάζεται
601 1313 615 1360 ;
633 1299 742 1368 Οὐχ
763 1299 1034 1368 ἁγία,φεῦ
1052 1300 1152 1372 τῆς
1177 1300 1528 1373 βλασφημίας
1559 1306 1570 1359 l
1592 1305 1706 1358 ἀλλ’
1727 1305 1926 1378 ἐναγὴς

344 1389 447 1438 καὶ
477 1388 812 1458 ἀκάθαρτοςο
847 1391 965 1445 οὐδὲ
1015 1391 1364 1463 δικαιώματα
1409 1394 1668 1466 λατρείας
1701 1396 1923 1466 ἔχουσα,

345 1478 490 1530 ἀλλὰ
529 1479 788 1550 φάσματα
816 1481 1234 1556 εἰδωλολατρίας
1257 1503 1270 1516 ·
1299 1486 1522 1540 τοιαῦτα
1549 1487 1656 1557 γὰρ
1681 1487 1789 1540 τῶν
1817 1488 1926 1540 θεο-

349 1569 545 1639 μάχων
579 1571 838 1638 γλωσσῶν
865 1572 934 1628 τὰ
962 1573 1310 1644 τολμήματα,
1345 1575 1398 1628 οἵ
1419 1593 1480 1644 γε
1514 1577 1632 1629 οὐδὲ
1657 1577 1764 1628 τῶν
1797 1578 1925 1630 ἴσων

345 1661 533 1734 γερῶν
561 1662 637 1733 τῷ
659 1657 808 1732 νόμῳ
837 1663 937 1734 τὴν
961 1665 1118 1734 χάριν
1144 1665 1210 1719 ἂν
1240 1669 1584 1738 τιμήσαιντο,
1613 1667 1720 1720 τῶν
1751 1668 1928 1737 αίσχί-

347 1769 496 1806 στων
522 1751 580 1806 δὲ
609 1754 826 1808 πάντων
852 1755 947 1808 καὶ
982 1754 1397 1829 βδελυρωτέρων
1421 1775 1434 1790 ο
1467 1760 1644 1812 καίτοι
1675 1760 1794 1811 ἐκεῖ
1829 1761 1926 1828 μὲν

2023 595 2265 639 mentum
2305 583 2480 640 cultus
2505 585 2939 652 justillcationes.
2965 584 3222 650 Quaenam
3258 599 3385 638 vero
3424 587 3509 638 hae
3543 593 3596 638 et

2018 673 2248 744 quales?
2275 673 2574 728 Lucernam
2627 673 2882 737 habebat,
2917 683 2974 726 et
3025 687 3285 738 mensam,
3311 683 3364 726 et
3403 687 3593 742 panem

2020 765 2476 834 propositionum.
2538 764 2818 828 Quomodo
2883 771 3064 814 autem
3143 758 3596 830 appellabantur?

2026 851 2288 906 Nimirum
2309 861 2519 906 sancta.
2549 849 2806 905 Nostrum
2828 865 2958 904 vero
2991 851 3390 904 tabernaculum
3423 848 3596 914 quod-
3687 911 3690 915 ,

2027 959 2150 998 nam
2217 941 2338 998 est?
2389 943 2659 1012 quomodo
2735 941 2801 993 ab
2850 941 3085 995 inimicis
3140 941 3328 1010 gratia:
3395 938 3594 994 Christi

2026 1034 2404 1098 denominatur
2430 1034 2450 1086 ί
2486 1032 2686 1102 Nempe
2704 1033 2859 1104 longe
2883 1033 3074 1086 melius
3113 1032 3202 1086 illo
3229 1042 3280 1086 et
3301 1031 3593 1087 sacratius.

2027 1123 2165 1192 Quid
2192 1123 2334 1178 enim
2390 1123 2534 1178 aliud
2573 1124 2752 1178 dicere
2796 1131 3026 1190 oportet,
3053 1123 3152 1176 nisi
3185 1131 3442 1192 quantum
3471 1121 3597 1190 ﬁgu-
3688 1160 3693 1166 .

2027 1216 2102 1270 ris
2118 1223 2178 1270 et
2210 1213 2417 1269 umbris
2447 1213 2666 1277 veritas,
2691 1222 2745 1266 et
2768 1212 2876 1265 illis
2901 1214 2992 1282 qui
3017 1224 3140 1266 sunt
3175 1213 3477 1266 intermedii
3507 1213 3595 1266 ille

2027 1307 2118 1377 qui
2155 1306 2372 1369 dividit,
2414 1306 2676 1374 dignitate
2706 1304 3143 1372 praestat?Atqui
3187 1306 3253 1358 ah
3283 1305 3366 1358 his
3407 1305 3590 1359 taber-

2026 1397 2277 1453 naculum
2321 1403 2565 1450 nostrum
2633 1395 2901 1464 quomodo
2963 1393 3298 1462 appellatur?
3339 1394 3587 1448 Profecto

2029 1489 2170 1543 haud
2231 1497 2498 1553 sanctum,
2552 1489 2684 1555 proh
2747 1485 3121 1553 blasphemia!
3183 1487 3275 1539 sed
3326 1486 3596 1554 piaculare

2029 1589 2192 1647 atque
2249 1579 2520 1647 impnrttm
2553 1592 2567 1639 ;
2603 1591 2776 1644 neque
2824 1575 3237 1642 justiiicationes
3286 1576 3460 1628 cultus
3503 1577 3596 1628 Ita-

2026 1670 2178 1734 bere,
2208 1669 2302 1722 sed
2353 1667 2670 1722 idololatriae
2723 1666 2981 1735 speciem.
3011 1663 3070 1718 Hi
3106 1675 3229 1718 sunt
3281 1665 3388 1720 Deo
3423 1665 3594 1719 hosti-

2029 1758 2158 1812 lium
2213 1758 2748 1827 linguarum‘ausus.
2791 1771 2908 1824 qua:
2953 1771 3018 1809 ne
3074 1756 3186 1823 pari
3225 1757 3440 1824 quidem
3471 1770 3594 1810 cum

346 1843 584 1916 μεσίτης
615 1845 712 1898 καὶ
735 1845 1012 1918 ὑπηρέτης
1039 1850 1067 1902 ὀ
1091 1848 1274 1911 δοῦλος
1304 1849 1397 1902 καὶ
1425 1849 1677 1921 θεράπων
1697 1850 1918 1919 Μωσῆς,

2029 1849 2142 1918 lege
2168 1851 2372 1905 honore
2405 1851 2636 1919 gratiam
2673 1847 2933 1913 alliciunt,
2967 1850 3060 1901 sed
3092 1849 3233 1902 inter
3289 1849 3596 1918 turpissima

345 1932 587 1986 ἐνταῦθα
623 1933 678 1987 δὲ
707 1935 736 1986 6
765 1935 1010 2000 Μωσέως
1057 1936 1324 2007 δεσπότης
1367 1939 1459 1992 καὶ
1497 1938 1607 1992 τῶν
1651 1938 1788 1992 ὅλων
1813 1938 1928 1990 Κύ-

349 2040 493 2094 ριος,
537 2027 566 2077 6
601 2024 710 2077 τῶν
759 2026 928 2093 ἁγίων
972 2027 1287 2099 λειτουργὸς
1325 2029 1546 2099 καὶτῆς
1591 2029 1794 2100 σκηνῆς
1829 2029 1930 2099 τῆς

345 2112 635 2183 ἀληθινῆς,
667 2117 732 2186 ἢν
757 2116 1000 2187 ἔπηξενό
1031 2119 1258 2188 Κύριος,
1291 2122 1386 2174 καὶ
1421 2121 1524 2174 οὐκ
1549 2121 1835 2192 ἄνθρωπος
1855 2136 1871 2152 ⁸
1900 2123 1930 2178 ό

345 2205 584 2260 κάκεῖνα
615 2209 984 2279 νομοθετήσας
1015 2209 1090 2273 ὡς
1120 2209 1272 2276 Θεὸς,
1307 2211 1404 2265 καὶ
1433 2213 1490 2265 ὲν
1529 2211 1740 2276 τούτοις
1777 2228 1933 2281 μεσι-

347 2295 550 2362 τεύσας
579 2299 608 2350 6
645 2299 804 2364 αὐτὸς
843 2301 919 2366 ῶς
965 2301 1248 2372 ἄνθρωπος
1293 2303 1389 2356 καὶ
1429 2304 1550 2357 καθ’
1598 2305 1747 2374 ἡμᾶς
1779 2305 1932 2372 γενό-

350 2403 548 2456 μενος·
579 2391 740 2442 κακεῖ
775 2391 872 2460 μὲν
919 2393 1210 2463 ἀρχιερεὺς
1254 2393 1461 2464 Ἀαρών
1489 2411 1548 2447 τε
1593 2395 1690 2448 καὶ
1721 2396 1770 2447 οἱ
1799 2395 1929 2466 περὶ

361 2477 603 2550 Ἀαρὼν,
650 2480 888 2537 ἐνταῦθα
925 2483 983 2536 δὲ
1029 2483 1192 2547 αὐτὸς
1219 2484 1248 2536 6
1279 2485 1485 2555 Κύριος
1528 2487 1682 2556 ἡμῶν
1719 2487 1928 2557 Ἰησοῦς

347 2569 609 2641 Χριστὸς,
637 2573 666 2625 6
696 2573 913 2644 πρῶτος
943 2574 1035 2628 καὶ
1080 2575 1254 2646 μέγας
1297 2577 1586 2649 ἀρχιερεὺς
1629 2579 1758 2648 παρ’
1797 2580 1929 2648 ἡμῖν

347 2661 782 2733 ὁμολογούμενός
809 2681 870 2717 τε
899 2665 990 2718 καὶ
1023 2666 1415 2736 πιστευόμενος
1435 2684 1450 2699 ο
1487 2669 1582 2722 καὶ
1609 2668 1798 2739 λυχνία
1829 2671 1929 2739 μὲν

345 2755 476 2806 ἐκεῖ
499 2755 564 2806 ἐκ
587 2754 788 2825 χρυσοῦ
821 2758 1328 2830 κατεσκευασμένη,
1359 2761 1472 2822 τοῖς
1498 2759 1576 2812 ἔτι
1595 2761 1654 2812 ὲν
1687 2762 1815 2831 σκιᾷ
1836 2761 1930 2814 καὶ

346 2842 506 2916 νόμῳ
529 2846 936 2916 προφαίνουσα·
977 2847 1209 2902 ἐνταῦθα
1237 2849 1292 2900 δὲ
1337 2848 1398 2900 τὸ
1427 2850 1542 2918 φῶς
1581 2850 1642 2902 τὸ
1675 2849 1928 2918 ἀληθινὸν

347 2937 414 2990 τὸ
461 2937 544 3000 είς
592 2939 686 2993 τὸν
735 2939 940 3008 κόσμον
980 2939 1292 3010 ἐρχόμενον,
1341 2939 1369 2992 ὃ
1414 2940 1519 2993 ὑπὸ
1563 2941 1663 3011 τῆς
1711 2940 1926 3004 σκοτίας

346 3026 610 3082 διώκεται
643 3029 767 3099 μὲν,
807 3030 869 3084 οὐ
915 3030 1389 3099 καταλαμὸἁνεται
1415 3029 1472 3083 δέ
1499 3047 1511 3060 ο
1535 3031 1670 3082 ἀλλὰ
1705 3029 1927 3097 φωτίζει

347 3121 532 3175 πάντα
553 3119 836 3192 ἄνθρωπον
863 3122 945 3184 είς
971 3122 1060 3174 τὸν
1093 3121 1296 3191 κόσμον
1330 3121 1646 3191 ἐρχόμενον,
1669 3123 1762 3176 καὶ
1793 3139 1924 3174 κατ-

347 3209 580 3279 αυγάζει
629 3211 755 3274 τοὺς
805 3212 864 3264 ἒν
909 3210 988 3282 τῷ
1045 3211 1186 3280 φωτὶ
1250 3211 1667 3281 πορευομένους,
1726 3215 1819 3264 καὶ
1859 3215 1925 3281 τῇ

347 3301 559 3373 λάμψει
597 3301 700 3372 τῆς
745 3301 1007 3373 χάριτος·
1036 3301 1286 3372 τράπεζα
1341 3303 1460 3354 ἐκεῖ
1509 3302 1606 3370 μὲν
1651 3304 1714 3354 ἐκ
1759 3301 1928 3365 ξύλων

347 3393 616 3464 ἀσήπτων
643 3388 1052 3460 διειργασμένη,
1082 3391 1174 3442 καὶ
1203 3387 1406 3460 χρυσίῳ
1425 3388 1648 3459 καθαρῷ
1674 3388 1930 3458 περιαλη-

347 3483 616 3554 λιμμένη,
656 3479 888 3536 ἐνταῦθα
943 3481 999 3533 δὲ
1045 3480 1107 3546 ἐξ
1161 3479 1294 3550 ὕλης
1333 3480 1429 3550 μὲν
1479 3480 1577 3548 τῆς
1634 3481 1762 3550 παρ’
1799 3481 1929 3548 ἡμῖν

349 3573 710 3644 τιμιωτέρας,
752 3571 845 3624 ὑπ’
881 3568 1045 3623 αὐτοῦ
1076 3570 1132 3622 δὲ
1169 3569 1262 3622 τοῦ
1302 3569 1446 3620 θείου
1487 3568 1728 3637 θύματος
1792 3567 1926 3620 καθ-

351 3663 716 3732 αγιαζομένη,
744 3661 838 3714 καὶ
867 3659 946 3730 τῷ
977 3660 1116 3730 ἁγίῳ
1143 3657 1574 3728 λαμπρυνομὲνη
1621 3657 1926 3727 Πνεύματι,

352 3757 411 3810 ὲν
502 3753 572 3808 τὰ
601 3753 700 3823 τῆς
724 3754 782 3806 ὲν
809 3751 1078 3822 πνεύματι
1102 3751 1195 3802 καὶ
1217 3749 1444 3819 ἀληθείᾳ
1469 3747 1726 3816 λατρείας
1753 3749 1930 3800 ἐπιτε-

351 3845 528 3898 λεῖται
575 3844 884 3914 μυστήρια·
915 3843 1121 3895 ποιοῖτο
1153 3841 1196 3894 δ’
1220 3840 1284 3894 ἂν
1320 3839 1426 3892 τῶν
1458 3839 1663 3893 πιστῶν
1701 3839 1930 3902 ἕκαστος

351 3938 454 4006 τὴν
483 3935 676 3989 ἑαυτοῦ
706 3933 936 4006 καρδίαν
968 3935 1051 3987 ὅτι
1081 3933 1318 4003 μάλιστα
1343 3930 1598 3998 σαρὼσας
1618 3931 1711 3984 καὶ
1741 3930 1929 3984 διακα-

354 4025 942 4098 θάρας,πνευματικὴν
966 4021 1274 4096 τράπεζαν
1299 4022 1386 4075 ἵνα
1411 4021 1616 4092 ἦκοντα
1647 4021 1736 4074 τὸν
1759 4019 1930 4087 Λόγον

351 4117 612 4189 καθαρῶς
645 4115 998 4185 ὑποδέχηται,
1037 4113 1236 4184 νοερῶς
1275 4113 1409 4183 αὐτῇ
1455 4111 1929 4182 ἐναναπαυόμενον

352 4209 454 4265 καὶ
506 4209 785 4280 μυστικῶς
839 4208 1184 4276 ἐσθιόμενονσ
1235 4205 1328 4258 καὶ
1370 4203 1532 4276 ἄρτος
1575 4204 1710 4256 ὅπου
1753 4201 1850 4272 μὲν
1898 4203 1929 4254 6

351 4301 566 4372 ἄζυμος
597 4301 690 4354 ἐπὶ
734 4299 998 4372 πικρίδων
1036 4295 1542 4368 παραλαμϐάνεται,
1574 4297 1688 4358 τοῖς
1717 4310 1929 4364 ποηφα-

349 4395 471 4462 γεῖν
497 4391 641 4444 κατὰ
660 4391 720 4444 τὸ
757 4391 951 4460 Πάσχα
981 4388 1042 4442 τὸ
1070 4386 1295 4440 τυπικὸν
1315 4385 1733 4456 προσταχθεῖσιν
1753 4422 1769 4446 ,
1805 4377 1926 4438 οἷά-

2031 1949 2191 2009 atque
2235 1939 2596 1993 abominanda
2663 1944 2943 2007 reputant.
2989 1937 3148 2006 Atqui
3209 1937 3314 1990 illic
3375 1938 3593 2006 quidem

2030 2031 2292 2086 mediator
2339 2041 2394 2087 et
2445 2031 2688 2084 minister
2741 2039 2862 2084 erat
2921 2029 3258 2098 famulusque
3305 2036 3358 2081 et
3405 2043 3594 2081 servus

2030 2121 2262 2193 Moyses,
2297 2122 2386 2176 hic
2433 2131 2611 2178 autem
2663 2121 2864 2192 Moysis
2915 2122 3096 2186 herus,
3123 2130 3176 2174 et
3204 2121 3444 2175 omnium
3483 2119 3589 2172 Do-

2030 2215 2234 2281 minus,
2285 2226 2338 2270 ct
2398 2224 2708 2268 sanctarum
2743 2228 2924 2268 rerum
2979 2213 3223 2266 minister
3254 2211 3473 2278 verique
3515 2217 3596 2261 ta-

2029 2307 2326 2372 bernaculi,
2359 2307 2500 2376 quod
2537 2305 2816 2369 Dominus,
2858 2319 2962 2358 non
3020 2303 3202 2366 homo,
3241 2302 3469 2363 statuit;
3503 2299 3594 2368 qui

2029 2412 2082 2456 et
2115 2398 2223 2453 illic
2249 2399 2418 2468 legem
2445 2380 2592 2462 tulit,
2625 2407 2679 2451 ct
2713 2397 2801 2450 hic
2818 2395 3084 2450 mediator
3117 2400 3198 2446 est
3241 2391 3383 2445 idem
3421 2391 3596 2444 factus

2029 2487 2198 2547 nostri
2245 2491 2440 2544 similis
2497 2489 2678 2542 homo.
2711 2488 2776 2542 Et
2835 2487 2946 2541 illic
3005 2483 3246 2555 pontifex
3301 2482 3480 2536 Aaron
3542 2489 3596 2532 et

2025 2583 2260 2638 Aaronis
2288 2582 2600 2650 Stipatores,
2634 2580 2722 2634 hic
2777 2588 2955 2632 autem
2989 2579 3102 2648 ipse
3135 2575 3396 2630 Dominus
3441 2572 3596 2628 Jesus

2027 2675 2299 2739 Christus,
2361 2673 2568 2741 primus
2622 2685 2952 2738 magnusque
3005 2665 3240 2737 pontifex
3300 2673 3459 2733 prout
3502 2678 3596 2716 nos

2029 2763 2350 2816 confitemur
2373 2769 2424 2814 et
2452 2761 2743 2814 credimus.
2777 2757 2840 2812 Et
2871 2759 2980 2811 illic
3010 2757 3226 2826 quidem
3261 2756 3476 2808 lurerna
3530 2770 3595 2806 ex

2029 2865 2162 2904 auro
2211 2849 2454 2903 confecta
2501 2849 2808 2902 hominibus
2871 2849 2924 2901 in
2957 2846 3143 2901 umbra
3212 2859 3274 2899 ac
3325 2845 3438 2914 lege
3473 2858 3592 2897 ver-

2028 2940 2274 2994 santibus
2329 2937 2665 3008 prmlucens;
2709 2937 2796 2990 hic
2855 2949 3037 2991 autem
3077 2935 3167 2988 lux
3206 2949 3332 2988 vera
3380 2947 3496 3000 quae
3542 2932 3595 2986 in

2030 3033 2284 3084 nmttdum
2337 3031 2570 3091 advenit,
2637 3044 2798 3096 quam
2862 3027 3099 3082 tenebrae
3148 3026 3362 3096 quidem
3414 3038 3597 3093 perse-

2029 3131 2288 3189 quuntur,
2319 3135 2422 3172 non
2463 3129 2640 3172 tamen
2687 3120 3169 3188 comprehendunt,
3205 3119 3298 3172 sed
3331 3115 3596 3169 illuminat

2031 3229 2241 3264 onmem
2272 3211 2538 3265 hominem
2589 3211 2893 3264 venientem
2928 3209 2978 3262 in
3011 3209 3289 3270 mundum,
3320 3207 3594 3277 splendet-

2031 3317 2135 3368 que
2191 3300 2589 3354 ambulantibus
2645 3301 2695 3352 in
2747 3300 2864 3352 luce
2919 3313 2982 3353 ac
3043 3297 3330 3368 Splendore
3385 3295 3592 3364 gratiae.

2031 3393 2210 3446 Mensa
2232 3392 2337 3445 illic
2350 3406 2413 3445 ex
2441 3391 2598 3462 lignis
2621 3391 3042 3460 imputribiiibus
3061 3389 3303 3443 confecta
3319 3427 3334 3450 ,
3354 3399 3594 3452 auroque

2032 3500 2160 3551 puro
2181 3482 2348 3548 illita;
2379 3483 2465 3535 hic
2487 3498 2550 3536 ex
2595 3483 2822 3535 materia
2852 3481 3066 3550 quidem
3092 3481 3230 3549 apud
3256 3495 3352 3532 nos
3380 3479 3588 3548 pretio-

2029 3576 2190 3635 siore,
2227 3573 2316 3627 sed
2341 3589 2456 3642 quae
2484 3576 2550 3628 ab
2591 3573 2704 3641 ipsa
2736 3574 2914 3626 divina
2945 3574 3160 3625 victima
3187 3571 3588 3633 sanctilicatur,

2029 3664 2598 3718 ctsanctoirradiatur
2623 3663 2847 3732 Spiritu,
2877 3664 2928 3715 in
2977 3679 3080 3730 qua
3115 3664 3366 3734 mysteria
3405 3660 3596 3714 adora-

2033 3753 2193 3806 tionis
2218 3751 2268 3804 in
2291 3752 2478 3818 spiritu
2507 3751 2670 3820 239
2692 3767 2754 3804 ac
2784 3753 3008 3806 veritate
3037 3751 3296 3805 conﬁunt.
3337 3749 3503 3806 Porro
3540 3759 3595 3804 et

2031 3841 2401 3908 unusquisque
2433 3839 2664 3894 fidelium
2701 3838 2880 3892 facere
2915 3851 3088 3908 potest
3119 3839 3417 3908 spiritalem
3443 3857 3594 3894 men-

2028 3947 2143 3986 sam
2197 3946 2288 3983 cor
2340 3945 2520 3994 suum,
2556 3930 2600 3983 si
2652 3929 2810 3982 modo
2845 3930 3253 3984 accuratissime
3285 3942 3498 3985 everrat
3530 3947 3595 3986 ae

2030 4031 2242 4092 purget,
2303 4030 2359 4074 ut
2415 4019 2800 4089 superveniens
2853 4020 3085 4074 Verbum
3147 4036 3279 4090 pure
3335 4022 3594 4092 recipiat;

2031 4113 2168 4182 quod
2203 4111 2638 4166 intellectualitcr
2677 4113 2728 4165 in
2780 4111 3252 4182 ipsa'requicscat,
3277 4122 3332 4166 et
3362 4114 3592 4184 mystice

2029 4203 2402 4257 manducetur.
2458 4201 2522 4256 Et
2561 4204 2714 4272 panis
2755 4204 2973 4271 quidem
3021 4203 3128 4258 illic
3183 4219 3410 4274 azymus
3470 4221 3594 4260 cum

2029 4293 2254 4348 lactucis
2306 4297 2618 4347 sumebatur
2673 4301 2742 4348 ab
2797 4295 2860 4348 iis
2909 4297 3000 4364 qui
3055 4296 3275 4350 herbam
3335 4298 3498 4352 edere
3537 4299 3593 4352 in

2033 4387 2212 4456 typico
2259 4383 2525 4440 Paschatc
2567 4384 2916 4452 jubebantur,
2961 4401 3056 4441 ceu
3101 4387 3324 4444 obsonio
3361 4388 3596 4459 quodam

351 4501 462 4556 περ
485 4483 600 4554 ὄψῳ
628 4482 739 4536 τινὶ¹
766 4485 832 4554 τῇ
871 4481 980 4552 πόᾳ
1007 4479 1338 4551 ἡδυσμένοςο
1374 4479 1506 4531 ὅπου
1547 4476 1658 4530 δὲ-ό
1679 4475 1737 4543 ἐξ
1766 4475 1926 4547 ούρα-

2034 4479 2196 4532 lterba
2223 4477 2494 4531 conditus.
2525 4476 2620 4531 llic
2655 4485 2834 4530 autem
2873 4480 3204 4534 descendens
3232 4495 3262 4535 e
3283 4479 3422 4535 cmlo
3455 4478 3592 4536 Ver-

352 4574 449 4629 νοῦ
475 4574 718 4638 καταϐὰς
746 4574 939 4641 Λόγος,
979 4572 1074 4625 καὶ
1106 4569 1312 4642 τροφὴν
1347 4568 1644 4630 ἀθανασίας
1676 4565 1932 4637 πρόξενον

351 4663 470 4725 τοῖς
499 4659 806 4731 ἀνθρώποις
834 4659 1195 4730 δωρούμενος,
1231 4659 1302 4710 δι’
1324 4650 1385 4711 οὗ
1414 4656 1561 4726 ζωῆς
1593 4655 1690 4725 τῆς
1711 4655 1931 4709 αἰωνίου

358 4752 718 4821 μετέχουσιν·
747 4748 804 4812 ὃς
837 4749 898 4802 τὸ
947 4747 1070 4802 καθ’
1121 4749 1266 4817 ἡμᾶς
1303 4748 1360 4801 ὲν
1398 4745 1576 4817 ἑαυτῷ
1615 4744 1931 4816 ἀνεζύμωσε

356 4843 613 4915 φύραμα,
638 4841 733 4896 καὶ
764 4847 898 4910 πρὸς
932 4841 1030 4911 τὴν
1058 4839 1192 4893 ίδίαν
1225 4839 1584 4909 λαμπρότητα
1615 4838 1711 4907 τῆς
1743 4837 1933 4906 θεότη-

353 4953 448 4999 τος
486 4934 776 5005 ἀτρέπτως
818 4933 1254 5004 μετεκερᾶσατο·
1291 4931 1453 4983 κάκεῖ
1492 4930 1594 5000 μὲν
1623 4928 1777 4994 ζώων
1809 4929 1933 4982 ἁλό-

353 5041 469 5094 γων
515 5023 676 5076 θυσία
707 5023 774 5076 τὰ
806 5023 1035 5092 σφάγια,
1069 5016 1142 5075 ὧν
1170 5021 1230 5075 τὺ
1272 5017 1410 5090 αἷμα
1447 5021 1792 5090 περιερρεῖτο
1820 5022 1934 5082 τοῖς

355 5111 626 5182 παροῦσιν
662 5113 787 5184 ἤδη,
825 5114 918 5166 καὶ
963 5112 1098 5186 πρὸς
1137 5112 1384 5182 σώματος
1412 5108 1678 5179 ἁγνισμὸν
1709 5109 1800 5162 καὶ
1833 5109 1932 5162 κά-

355 5203 554 5274 θαρσιν
584 5205 989 5266 κατεσκίδνατο,
1015 5204 1110 5257 καὶ
1153 5207 1262 5266 τοῖς
1299 5201 1649 5273 βουθυτοῢσιν
1705 5201 1737 5273 ἦ
1777 5201 1934 5272 μηλο-

363 5293 695 5362 σφαγοῦσιν,
716 5294 914 5365 ἀφαιρέ
922 5311 1066 5362 ματα
1087 5294 1166 5356 εἰς
1191 5292 1536 5364 δικαιώματα
1561 5294 1896 5348 ἀπετέτακτο
1915 5312 1928 5326 ’

355 5383 592 5439 ἐνταῦθα
610 5385 666 5437 δὲ
691 5385 751 5438 τὸ
767 5377 906 5455 ὑπὲρ
923 5385 1078 5454 ἡμῶν
1105 5384 1374 5452 σφαγιαζό
1383 5401 1542 5454 μενον
1563 5384 1748 5438 καλλιέ
1757 5403 1822 5456 ρη
1832 5403 1928 5454 μα,

356 5465 425 5529 οὗ
454 5473 530 5544 τῷ
558 5475 811 5544 ἁχράντῳ
840 5476 932 5527 καὶ
953 5473 1118 5545 τιμίῳ
1150 5474 1342 5545 αἵματι
1371 5474 1807 5546 σφραγιξόμεθα,
1839 5475 1932 5527 καὶ

358 5565 544 5635 πάσης
574 5565 789 5634 κηλῖδος
818 5567 913 5618 καὶ
947 5567 1119 5636 ῥύπου
1161 5566 1360 5629 παντὸς
1405 5567 1583 5637 ψυχῆς
1608 5584 1665 5619 τε
1700 5567 1794 5622 καὶ
1827 5565 1932 5618 σῶ-

360 5672 533 5724 ματος
573 5656 981 5726 καθαιρόμεθας
1028 5659 1092 5710 Ei
1128 5659 1306 5710 τοίνυν
1352 5657 1420 5721 τὰ
1474 5657 1717 5728 σύμϐολα
1763 5658 1926 5725 ἅγια,

364 5747 482 5810 πῶς
514 5747 650 5802 αύτᾶ
679 5747 748 5800 τὰ
787 5748 1103 5819 πράγματα,
1135 5745 1206 5806 ὧν
1236 5752 1417 5802 ἐκεῖνα
1448 5748 1710 5818 σύμϐολα,
1737 5749 1836 5802 οὐκ
1868 5752 1930 5802 ἐκ

2033 4569 2159 4624 bum
2184 4568 2358 4623 cibum
2394 4569 2816 4624 immortalitatis
2845 4570 3082 4635 datorem
3117 4571 3425 4626 hominibus
3465 4587 3596 4642 sup‘

2032 4660 2304 4730 peditans,
2356 4675 2452 4733 per
2495 4673 2652 4728 quem
2711 4661 2876 4715 vitam
2941 4674 3202 4715 aeternam
3246 4663 3594 4733 participant.

2033 4749 2178 4804 Idem
2210 4731 2456 4802 massam’
2476 4759 2714 4803 nostram
2759 4749 3122 4816 fermentavit,
3148 4761 3201 4805 et
3221 4752 3287 4804 ad
3319 4731 3598 4820 proprium

2033 4839 2332 4894 divinitatis
2365 4839 2703 4908 splendorem
2751 4841 3160 4896 immutabiliter
3199 4842 3496 4897 transtulit.
3534 4841 3602 4896 Et

2035 4933 2142 4986 illic
2194 4932 2414 5001 quidem
2463 4931 2742 4987 brutorum
2790 4934 3110 4987 animalium
3165 4933 3466 4988 immolatio
3544 4942 3600 4990 et

2033 5023 2247 5088 credes,
2310 5039 2540 5094 quorum
2591 5025 2809 5094 sanguis
2859 5023 3162 5077 astantibus
3219 5023 3596 5088 irrorabatur,

2033 5124 2194 5184 atque
2229 5112 2294 5168 ad
2327 5115 2568 5184 corporis
2599 5115 3029 5182 puriﬁcationem
3067 5123 3124 5168 et
3157 5115 3596 5170 emundationem

2033 5205 2244 5274 aspergi
2284 5205 2508 5270 solebat,
2555 5214 2608 5256 et
2663 5205 3092 5270 sacriﬁcantibus
3130 5203 3292 5258 boves
3325 5213 3418 5258 aut
3443 5221 3596 5272 oves,

2031 5307 2214 5366 partes
2249 5312 2370 5366 quae
2391 5295 2843 5364 justiticationum
2870 5295 3042 5351 oflicio
3065 5295 3441 5365 fungerentur,
3483 5299 3598 5353 dari

2026 5385 2334 5454 jubebatur.
2374 5389 2472 5442 llic
2505 5397 2687 5444 autem
2713 5387 3000 5442 immolata
3023 5387 3163 5458 apud
3203 5403 3301 5444 nos
3335 5389 3596 5458 praeclara

2031 5477 2250 5531 victima
2285 5477 2436 5545 cujus
2459 5479 2744 5547 purissimo
2770 5478 3113 5549 pretiosoque
3135 5481 3396 5548 sanguine
3427 5482 3601 5534 consi-

2033 5584 2280 5637 gnantur,
2301 5578 2355 5622 et
2387 5570 2530 5622 omni
2562 5584 2690 5640 ruga
2717 5586 2777 5624 ac
2799 5570 3004 5624 macula
3031 5574 3222 5626 animae
3248 5575 3618 5640 corporisque

2035 5673 2342 5727 purgamur.
2376 5660 2430 5712 Si
2465 5675 2592 5730 ergo
2613 5663 2851 5730 symhola
2877 5675 3082 5728 sancta,
3108 5665 3294 5733 quidni
3322 5680 3407 5718 res
3447 5665 3603 5731 ipsm,

2032 5763 2258 5818 quarunt
2287 5749 2376 5804 illa
2413 5762 2536 5806 sunt
2565 5753 2830 5822 symbola,
2884 5770 2986 5808 non
3017 5755 3124 5810 sint
3155 5756 3374 5810 omnino
3405 5765 3594 5808 sacrar
