3900 6148
119 7 860 26 -κᾉ--ᾖ
875 0 1772 59 ς--πες-ἚΤ-ῙΡΞΕὟ

251 219 350 282 769

1072 217 1636 278 APOLOGETICUS
1673 215 1822 276 PRO
1861 215 2126 276 SACRIS
2166 214 2650 276 IMAGINIBUS.

3398 216 3504 280 770

249 329 331 385 ἄν.
371 327 435 380 Τί
470 328 512 379 δ’
545 327 609 380 ἂν
633 321 772 392 eis»);
803 325 854 380 εἴ
877 343 961 380 σοι
1005 327 1316 399 βουλομένῳ
1351 346 1412 397 γε
1455 325 1617 393 εἶναι,
1649 328 1824 400 φράζε

1930 335 2244 381 accuratam
2269 326 2688 394 expositionem,
2723 340 2963 380 crassam
2990 335 3232 382 uostratn
3264 339 3496 384 mentem

251 417 456 488 σαφῶς,
488 417 584 470 καὶ
614 418 704 470 τόν
743 433 806 486 γε
836 419 1195 488 περὶτούτων
1222 422 1352 490 ἡμῖν
1377 421 1452 482 ὡς
1477 421 1678 492 ἄριστα
1708 421 1822 474 δια-

247 512 382 562 τίθει
421 508 602 576 λόγον,
632 507 694 560 τὺ
727 511 874 580 παχὺ
912 511 1010 580 τῆς
1030 511 1268 574 διανοίας
1293 511 1394 581 τῆς
1433 513 1708 584 ἡμετέρας
1733 515 1827 566 καὶ

249 599 434 654 ὑλικὸν
475 601 568 652 καί⁸
611 599 762 653 κάτω
798 599 1006 670 βρῖθον,
1045 603 1140 656 ἐπὶ
1177 603 1248 656 τά
1293 603 1442 658 ἁπλᾶ
1474 605 1568 658 καὶ
1609 604 1726 658 θεῖα
1751 605 1826 668 ὼς

247 692 470 761 ἐφικτὸν
495 692 630 760 ἡμῖν
659 690 880 758 ἀνάγων
929 687 1202 763 θεάματα,
1233 693 1329 762 ἀφ’
1357 689 1432 746 ὧν
1473 711 1554 746 σοι
1591 695 1623 764 ἡ
1663 695 1826 764 μέχρι

245 783 336 838 τοῦ
380 782 568 854 τρίτου
603 781 837 854 ούρανοῦ
873 782 1098 854 ἁρπαγὴ
1138 786 1234 838 καὶ
1275 784 1539 848 ἀνάϐασις
1572 785 1826 856 μυὴσασα

245 875 588 946 παρέσχετοο
631 874 664 944 ἢ
703 873 849 944 τάχα
886 875 982 928 καὶ
1031 874 1304 947 θειότερόν
1353 895 1405 930 τι
1448 877 1693 941 Μωσέως
1735 877 1826 930 καὶ⁵

246 966 576 1038 ὑψηλότερον
609 966 1014 1037 παραδέδειχεν,
1047 966 1212 1026 ἀ,καὶ
1249 971 1363 1032 τοῖς
1401 971 1513 1032 σοῖς
1544 968 1826 1037 θεοσόφοις

243 1061 524 1130 φοιτηταῖς
545 1059 852 1126 ἐναυγάσας
881 1059 1278 1125 καταλέλοιπας
1301 1061 1439 1131 πρὸς
1469 1061 1825 1133 ὲνθεεστέραν

240 1148 606 1212 διδασκαλίαν,
636 1149 742 1204 τῶν
778 1150 878 1220 τὴν
905 1151 1108 1219 γνῶσιν
1139 1151 1248 1206 τῶν
1275 1151 1607 1222 τηλικούτων
1629 1155 1825 1224 χωρεῖν

240 1242 634 1312 ἑξισχυόντων;
675 1240 858 1308 λέξαις
883 1243 992 1316 γὰρ
1033 1237 1136 1298 ὧδε-Ξ
1179 1263 1276 1316 πη,
1331 1239 1392 1298 εὗ
1443 1246 1626 1316 ἴσμεν,
1671 1245 1744 1310 ὡς
1776 1247 1825 1299 οἱ

241 1337 372 1388 θεῖοι
416 1334 721 1405 Χερουϐὶμ,
757 1335 890 1388 αὐτὸ
947 1338 1048 1406 μὲν
1095 1337 1176 1390 ὅτι
1209 1336 1341 1391 ποτέ
1387 1339 1493 1390 είσι
1527 1337 1628 1408 τὴν
1661 1337 1826 1406 φύσιν

237 1425 471 1480 ἀνείδεοί
531 1443 590 1477 τε
623 1426 949 1496 ὑπάρχουσι,
983 1427 1076 1480 καὶ
1117 1427 1432 1500 ἀνθρωπεία
1456 1428 1657 1498 ἥκιστα
1687 1427 1825 1482 καθ-

243 1515 476 1588 ορᾶσθαι
521 1515 681 1582 φύσει
712 1517 1018 1586 πεφύκασιο
1071 1518 1328 1589 δυνάμεις
1374 1518 1436 1572 δὲ
1492 1519 1642 1588 ὅμως
1689 1519 1826 1572 εἰσὶν

234 1605 514 1675 ἀσώματοι
545 1607 640 1660 καὶ
665 1607 931 1674 πανάγιαι
957 1648 971 1673 ,
996 1607 1125 1678 περὶ
1151 1607 1282 1661 Θεόν
1325 1625 1385 1661 τε
1415 1607 1703 1678 ἱδρυμέναι
1732 1609 1826 1662 καὶ

1928 432 1992 472 ac
2022 417 2357 472 materialem
2389 433 2450 471 ac
2475 417 2732 472 deorsum
2759 427 3096 488 vergentem,
3123 419 3188 474 ad
3219 419 3496 489 simplices

1928 511 2270 578 divitiasque,
2295 520 2555 580 quantum
2588 511 2746 565 nobis
2782 510 2926 576 licet,
2961 511 3234 565 deducens
3260 524 3502 566 contem-

1928 601 2198 670 plationes
2221 642 2235 668 ,
2269 617 2295 654 a
2325 603 2524 672 quibus
2571 601 2664 654 tibi
2716 617 2890 670 usque
2923 603 2988 655 ad
3027 601 3241 656 tertium
3303 603 3500 657 caelum

1925 701 2112 759 raptus
2166 702 2218 746 et
2262 692 2510 746 ascensio
2560 691 2777 748 initiato
2839 691 3087 762 contigit.
3135 692 3217 746 An
3273 693 3503 748 fortasse

1926 787 2091 840 etiam
2139 785 2379 838 divinius
2431 785 2637 852 aliquid
2689 800 2850 854 quam
2901 785 3002 854 ipsi
3040 785 3206 856 Moysi
3243 801 3306 839 ac
3337 785 3505 839 subli-

1929 879 2068 933 mius
2106 888 2382 932 ostensum
2425 877 2545 942 fuit,
2596 879 2736 946 quod
2770 887 2823 932 et
2857 878 3128 932 divinitus
3168 877 3376 933 edoctis
3422 877 3504 932 di-

1929 970 2151 1040 scipulis
2176 971 2282 1025 tuis
2307 970 2578 1024 irradians
2610 971 2872 1038 reliquisti
2907 971 2972 1024 ad
3004 970 3359 1026 excellentius
3383 985 3503 1024 ma-

1927 1063 2206 1133 gisterium
2235 1063 2470 1127 illorum,
2498 1065 2586 1133 qui
2616 1073 2886 1118 tantarum
2918 1078 3098 1118 rerum
3137 1064 3501 1133 cognitionem

1928 1167 2123 1220 capere
2161 1153 2374 1209 valent?
2406 1153 2563 1208 Dices
2583 1155 2726 1208 enim
2761 1153 2863 1208 hoc
2897 1153 3066 1208 ferme
3097 1154 3276 1219 modo,
3309 1152 3362 1206 ut
3394 1169 3500 1206 non

1927 1242 2262 1307 dubitamus,
2311 1257 2503 1311 nempe
2552 1259 2737 1298 sacros
2783 1243 3144 1307 Cherubinos,
3194 1244 3313 1298 ideo
3353 1244 3502 1314 quod

1927 1333 2046 1388 sine
2091 1335 2272 1403 specie
2334 1343 2494 1399 sunt,
2543 1335 2793 1388 humana}
2851 1335 3075 1390 minime
3130 1345 3336 1390 naturae
3379 1349 3503 1389 esse

1933 1425 2358 1493 conspicabiles.
2391 1425 2457 1479 Et
2495 1436 2674 1479 tamen
2715 1426 2968 1496 potentiae
2989 1436 3112 1480 sunt
3147 1427 3501 1494 incorporeze,

1927 1516 2304 1580 sanctissimae,
2346 1515 2511 1571 Deum
2567 1518 3008 1581 circumstantes,
3049 1525 3102 1572 et
3155 1519 3408 1587 primitus
3435 1533 3502 1574 ex

1928 1607 2039 1662 Deo
2067 1606 2405 1677 effulgentes,
2437 1611 2626 1678 primae
2657 1609 2796 1665 lucis
2821 1611 3081 1675 ministri,
3109 1610 3504 1666 intellectuales

233 1697 300 1750 τά
322 1697 518 1767 πρῶτα
557 1700 621 1751 ὲκ
643 1696 779 1751 Θεοῦ
807 1697 1240 1768 ὲλλαμπόμεναι,
1271 1699 1364 1752 καὶ
1387 1698 1693 1770 λειτουργοὶ
1720 1699 1819 1766 τῆς

1922 1701 2176 1770 Spiritus,
2227 1699 2311 1754 vel
2355 1700 2494 1770 ignis
2542 1702 2705 1755 veluti
2762 1701 3140 1757 immaterialis
3169 1711 3223 1755 et
3253 1703 3506 1772 incorpo-

235 1787 461 1857 πρώτης
493 1787 898 1858 λαμπρότητος,
931 1787 1094 1858 νοερά
1139 1788 1512 1862 πνεύματα,ἦ
1559 1790 1670 1859 πῦρ
1713 1785 1825 1843 οἷον

232 1875 397 1930 ἄῠλον
432 1876 525 1930 καὶ
568 1874 898 1945 ἀσώματον·
952 1875 1016 1928 '0
1049 1875 1238 1931 ποιῶν
1287 1877 1418 1946 γὰρ,
1474 1877 1628 1948 φησι,
1681 1877 1824 1944 τοὺς

233 1969 530 2038 ἀγγέλους
565 1968 753 2024 αὐτοῦ
793 1970 1123 2038 πνεύματα,
1143 1969 1243 2023 καὶ
1272 1971 1415 2038 τοὺς
1437 1971 1824 2041 λειτουργοὺς

232 2061 420 2115 αὐτοῦ
457 2061 578 2129 πῦρ
621 2061 868 2132 φλέγον.
897 2062 1106 2125 Κοινῶς
1132 2063 1239 2132 γὰρ
1266 2063 1441 2118 ταῦτα
1471 2065 1566 2117 καὶ
1611 2065 1816 2134 ὁμοίως

233 2153 425 2206 πασῶν
450 2153 560 2206 τῶν
579 2153 849 2224 οὐρανίων
883 2153 1295 2222 καταφάσκεται
1327 2153 1608 2226 δυνάμεων
1625 2174 1639 2187 ·
1666 2157 1721 2210 αἳ
1746 2159 1813 2228 τῇ

232 2247 394 2314 φύσει
425 2248 491 2316 τῇ
520 2245 751 2309 ἑαυτῶν,
781 2245 842 2298 τὸ
876 2243 1182 2316 ἀνώλεθρον
1209 2247 1303 2298 καὶ
1332 2246 1600 2301 ἀθάνατον
1627 2251 1692 2320 τῇ
1721 2248 1814 2302 τοῦ

229 2337 735 2408 δημιουργήσαντος
784 2335 1074 2406 κέκτηνται
1106 2336 1326 2406 χάριτιτ
1369 2336 1437 2396 τὰ
1475 2336 1816 2408 καθύπερθεν

229 2429 284 2484 δὲ
304 2431 410 2501 τῆς
438 2427 672 2483 κιϐωτοῦ
701 2427 1148 2498 ύπεριπτάμενα,
1172 2425 1208 2482 ἀ
1233 2431 1346 2492 τοῖς
1370 2429 1673 2500 σκιάσμασι
1707 2429 1816 2482 τῶν

228 2521 525 2592 πτερύγων
559 2519 938 2583 καταπυκάζει
959 2520 1020 2574 τὸ
1043 2519 1374 2590 ἱλαστήριον,
1400 2520 1563 2574 ὑλικά
1591 2519 1692 2589 μέν
1711 2521 1817 2573 εἰσι

226 2611 326 2681 τὴν
357 2609 546 2664 οὐσίαν
580 2611 674 2664 καὶ
707 2607 935 2681 σώματα
955 2626 968 2638 ·
997 2611 1060 2662 ὲκ
1089 2609 1290 2680 χρυσοῦ
1315 2609 1424 2680 γὰρ
1447 2607 1540 2662 τοῦ
1571 2608 1819 2676 καθαρω-

227 2703 398 2756 τάτου
443 2701 848 2768 διεσκεύασται,
899 2700 1220 2772 σφυρήλατα
1247 2701 1305 2754 δὲ
1348 2701 1442 2754 καὶ
1467 2701 1818 2770 ὲκτετορνευ-

231 2795 396 2866 μένα,
430 2793 524 2846 καὶ
566 2791 754 2863 χερσὶν
793 2791 1164 2862 ἀνθρωπείαις
1193 2791 1356 2862 σοφίᾳ
1381 2794 1446 2862 τῇ
1489 2789 1696 2846 ἄνωθεν
1725 2789 1820 2844 καὶ

227 2886 515 2956 ἐπιστήμῃ
541 2883 635 2938 τοῦ
681 2882 1112 2953 τεκτηναμένου,
1144 2878 1204 2936 εὖ
1253 2883 1400 2952 μάλα
1427 2883 1820 2952 ὲκμεμηχανη-

1927 1803 2052 1842 reus
2081 1806 2094 1842 :
2123 1788 2228 1854 Qui
2279 1789 2416 1858 facis
2443 1831 2458 1856 ,
2511 1791 2688 1860 inquit
2734 1791 3048 1856 Psalmista,
3105 1792 3314 1862 angelos
3361 1801 3500 1856 tuor,

1924 1877 2182 1946 spiritus;
2211 1889 2260 1933 et
2290 1881 2564 1934 ministros
2591 1890 2730 1948 tuas,
2760 1883 2930 1952 ignem
2963 1893 3201 1938 urentem
3221 1883 3313 1938 ⁷⁸⁸.
3340 1883 3502 1939 Com-

1925 1971 2165 2024 muniter
2220 1971 2362 2024 enim
2413 1971 2514 2024 hoc
2581 1973 2810 2041 parique
2863 1975 3024 2027 modo
3075 1975 3140 2028 de
3187 1974 3502 2030 coelestibus

1923 2061 2134 2114 cunctis
2183 2061 2451 2128 potentiis
2492 2061 2716 2126 dicitur,
2777 2077 2898 2132 qua:
2951 2071 3144 2117 natura
3185 2065 3403 2134 propria
3443 2071 3502 2116 ut

1923 2152 2256 2208 immortales
2296 2153 2408 2208 sint
2454 2161 2509 2209 et
2544 2154 2786 2210 interitui
2819 2170 2926 2210 non
2961 2156 3234 2223 obnoxiae,
3267 2175 3294 2208 a
3325 2155 3498 2210 Crea-

1925 2244 2056 2298 toris
2097 2243 2365 2300 beneftcio
2399 2245 2620 2300 habent.
2655 2245 2736 2300 illi
2782 2256 2965 2302 autem
2997 2262 3118 2317 quae
3146 2262 3286 2301 arcas
3308 2262 3502 2314 super-

1923 2334 2144 2400 volant,
2191 2347 2246 2391 et
2296 2337 2506 2390 alarum
2543 2353 2766 2393 suarum
2811 2341 3001 2394 umbra
3063 2339 3498 2409 propitiatorium

1923 2425 2200 2490 obvelant,
2229 2415 2530 2484 materialis
2566 2430 2757 2500 utique
2781 2440 2908 2486 sunt
2932 2431 3253 2486 substantiae
3294 2439 3348 2485 et
3375 2443 3500 2484 cor-

1923 2519 2093 2588 poris.
2155 2518 2411 2590 Namque
2465 2537 2601 2578 auro
2645 2524 2939 2592 purissimo
2983 2531 3257 2588 constant,
3305 2521 3500 2576 malleo

1926 2617 2194 2680 toruoque
2221 2620 2278 2665 et
2317 2612 2573 2668 humanis
2617 2615 2892 2676 manibus.
2943 2630 3180 2681 superna
3227 2614 3497 2684 sapientia

1927 2709 2091 2768 atque
2115 2711 2232 2756 arte
2261 2701 2577 2770 adiuvante,
2615 2705 2822 2772 optime
2865 2705 3149 2769 elaborati,
3182 2705 3416 2774 egregiis
3445 2714 3500 2757 et

1925 2791 2065 2845 bene
2099 2791 2341 2846 deductis
2370 2793 2587 2848 laminis
2619 2794 2891 2851 fabricati.
2934 2795 3063 2851 Ideo
3085 2795 3251 2849 variis
3285 2808 3500 2864 quoque

1930 2877 2116 2933 formis
2149 2881 2360 2950 praediti
2394 2885 2718 2938 creduntur.

231 2981 394 3050 μένα,
427 2979 486 3045 ἐξ
518 2978 734 3048 εὐφυῶν
769 2995 827 3032 τε
879 2981 975 3032 καὶ
1037 2976 1308 3048 εύτέχνων
1338 2975 1678 3050 διησκημένα
1709 2973 1816 3028 τῶν
1881 2972 2242 3044 ἑλασμάτων·
2281 2974 2360 3028 διὸ
2403 2976 2614 3030 πλείοσι
2683 2976 2970 3047 διαφοραῖς
3013 2977 3344 3047 τετυχήκασι
3390 2977 3502 3032 τῶν

227 3073 604 3144 δοξασμάτων.

297 3167 608 3238 Προσθείης
643 3166 688 3220 δ’
745 3166 812 3220 ἂν
856 3167 1120 3222 λιπαίνων
1171 3166 1264 3220 τὸν
1324 3165 1484 3232 λόγον
1531 3165 1817 3236 εὐμούσως

1926 3220 1937 3231 ,
1993 3163 2172 3219 Addes
2211 3165 2412 3227 etiam,
2462 3172 2522 3218 ut
2569 3163 2876 3219 orationem
2928 3163 3206 3234 eleganter
3257 3163 3500 3224 farcias.

225 3257 394 3328 ἄγαν,
423 3259 506 3313 ὅτι
533 3261 732 3313 ἐκεῖνοι
783 3259 884 3330 μὲν
903 3300 918 3324 ,
945 3253 1028 3321 οἷς
1061 3258 1264 3328 κυρίως
1295 3256 1536 3328 τοῦνομα
1565 3257 1824 3328 πρόσκει-

225 3367 342 3416 ται,
375 3349 558 3404 οὐσίαι
589 3350 698 3402 είσὶ
725 3349 912 3421 νοεραί
935 3365 996 3402 τε
1022 3349 1117 3403 καὶ
1144 3348 1357 3418 νοηταὶ,
1385 3349 1449 3402 ἐκ
1467 3349 1565 3419 τῆς
1591 3348 1824 3426 ὑπερου-

229 3441 348 3492 σίου
401 3439 494 3494 καὶ
531 3439 640 3494 τῶν
685 3440 822 3494 ὅλων
869 3439 1219 3510 παρακτικῆς
1277 3439 1458 3502 αἰτίας
1501 3439 1674 3493 ἀΐδιον
1727 3438 1822 3493 καὶ

227 3529 429 3600 νοεράν
460 3529 562 3598 τὴν
595 3529 743 3599 ζωὴν
787 3529 1140 3600 κεκτημένοι,
1185 3527 1460 3592 ούσιωδῶς
1501 3527 1708 3598 ταύτης
1763 3529 1824 3583 ἐν

223 3619 306 3690 τῷ
334 3621 482 3673 νοεῖν
514 3620 936 3691 μεταλαχόντες,
961 3619 1056 3674 acati.
1077 3619 1341 3690 δυνάμεις
1357 3618 1542 3690 νοεραὶ
1569 3619 1660 3673 καὶ
1677 3617 1822 3690 ἐνέρ-

225 3727 383 3779 γειαι
411 3713 788 3779 ὲνυπόστατοι,
819 3711 914 3765 καὶ
941 3710 1061 3774 νόες
1093 3712 1232 3766 είσὶν
1259 3711 1642 3783 ὑπερκόσμιοι,
1661 3711 1822 3782 άῡλίᾳ

225 3805 324 3858 καὶ
359 3803 601 3876 ἀπαθείᾳ
632 3804 727 3857 καὶ
763 3804 1152 3874 ἀσωματότητι
1178 3802 1481 3873 νοούμενοι,
1511 3802 1606 3856 καὶ
1633 3801 1818 3856 νοοῦν-

223 3912 319 3960 τες
349 3895 742 3968 ὐπερκοσμίως
767 3896 945 3950 πάντα
973 3895 1160 3958 ἁπλῶς
1183 3895 1280 3952 καὶ
1309 3895 1555 3959 ὲνοειδῶς
1577 3895 1648 3948 τὰ
1669 3894 1820 3966 παρὰ

223 3988 364 4042 Θεοῦ
401 3987 820 4060 ἐλλαμπόμενα,
851 3987 986 4058 ὁμοῦ
1011 4005 1072 4042 τε
1107 3988 1202 4042 καὶ
1234 3987 1374 4042 κατὰ
1399 3987 1602 4059 ἀθρόαν
1630 3985 1818 4040 ἐπιϐο-

221 4079 328 4151 λήν
352 4095 368 4111 ο
405 4079 542 4132 ἀλλά
576 4079 672 4132 καὶ
702 4078 1126 4149 πολυομμάτους
1157 4079 1358 4143 αὐτοὺς
1395 4073 1537 4132 εῖναι
1576 4075 1817 4149 παραδέ-

217 4171 400 4238 δοται,
432 4170 510 4240 τῷ
555 4170 693 4241 πρὸς
727 4169 864 4223 Θεὸν
911 4168 1235 4239 ὲστράφθαι,
1281 4167 1378 4223 καὶ
1421 4166 1492 4220 τά
1535 4166 1816 4238 προσεχῶς

219 4261 416 4323 αὐτοῖς
445 4259 658 4314 ἐκεῖθεν
687 4259 1144 4330 ὲκκαλυπτόμενα
1169 4259 1392 4330 ἀμέσως
1424 4257 1810 4312 κατοπτεύειν·

217 4351 394 4405 ἁπλοῖ
435 4351 494 4404 δὲ
537 4350 691 4416 ὄντες
725 4353 822 4405 καὶ
861 4352 1116 4418 ἀνείδεοι,
1156 4351 1368 4422 μορφῆς
1400 4350 1496 4405 καὶ
1541 4349 1816 4420 σχήματός

217 4445 366 4496 εἰσιν
399 4443 736 4514 ὑπερέκεινα
767 4443 865 4497 καὶ
891 4443 1217 4514 άμέθεκτοιο
1247 4437 1337 4496 οἷα
1357 4443 1413 4496 δὲ
1449 4440 1514 4514 δὴ
1540 4441 1694 4497 ἀῦλοι
1719 4442 1814 4495 καὶ

1925 3254 2264 3310 Cberubinos
2295 3254 2437 3318 illos,
2471 3254 2670 3323 quibus
2708 3255 2930 3324 preprie
2958 3256 3060 3310 hoc
3093 3268 3290 3310 nomen
3325 3255 3501 3310 iuba:-

1925 3354 2028 3410 ret,
2065 3343 2404 3398 substantias
2438 3358 2562 3399 esse
2597 3343 2992 3400 intellectuales
3017 3355 3072 3400 et
3101 3343 3490 3416 intelligibiles,

1921 3451 2042 3506 quae
2081 3450 2150 3490 ex
2187 3450 2442 3505 suprema
2475 3444 2530 3490 et
2560 3436 2802 3490 omnium
2839 3435 3080 3490 auctrice
3131 3451 3318 3502 causa,
3354 3450 3499 3490 sem-

1923 3528 2189 3597 piternam
2216 3535 2269 3582 et
2297 3526 2720 3582 intellectualem
2757 3527 2920 3581 vitam
2960 3527 3182 3593 habent,
3233 3527 3498 3582 substan-

1924 3617 2124 3671 tialitcr
2191 3617 2333 3672 hanc
2396 3617 2512 3686 ipso
2562 3617 2898 3688 intelligendi
2952 3627 3076 3694 actu
3125 3618 3496 3688 accipientes,

1923 3709 2158 3762 virtutes
2193 3709 2612 3774 intellectuales,
2660 3711 2805 3764 vires
2840 3711 3310 3782 enhypostaticas,
3343 3727 3500 3766 men-

1923 3807 2003 3853 tes
2026 3800 2519 3867 supramundanas,
2538 3815 2658 3868 qua:
2675 3801 3087 3864 immateriales,
3135 3801 3499 3869 impassibiles

1919 3898 1974 3943 et
2021 3890 2358 3958 incorporea:
2403 3903 2526 3946 esse
2581 3889 2997 3958 intelliguntur,
3071 3905 3298 3962 qumque
3358 3893 3497 3962 tium

1919 3981 2222 4034 mundauos
2250 3981 2386 4035 fines
2417 3981 2722 4052 intelligunt
2741 3981 2926 4035 omnia
2963 3982 3286 4050 simpliciter
3308 3991 3365 4038 et
3389 3985 3494 4039 sub

1919 4089 2024 4127 una
2057 4073 2235 4141 specie
2285 4083 2505 4136 cuncta.
2546 4089 2664 4143 quae
2692 4090 2760 4130 ex
2804 4075 2912 4131 Deo
2960 4075 3252 4144 effulgent,
3299 4079 3492 4132 eodem

1921 4174 2162 4240 tempore
2192 4179 2408 4233 unoque
2437 4164 2634 4219 mentis
2667 4165 2885 4221 intuitu.
2925 4165 3031 4222 Sed
3055 4177 3107 4222 et
3143 4167 3329 4222 multis
3363 4181 3494 4221 ocu-

1918 4257 1984 4310 lis
2022 4257 2273 4310 instructi
2309 4259 2616 4322 traduntur,
2647 4257 2773 4325 quia
2802 4271 2994 4327 nempe
3023 4259 3089 4312 ad
3125 4258 3289 4314 Deum
3322 4259 3495 4328 respi-

1919 4349 2090 4408 ciunt.
2139 4357 2190 4402 et
2232 4362 2350 4416 qua:
2400 4346 2533 4415 ipsis
2583 4346 2928 4402 continenter
2981 4347 3106 4402 inde
3157 4348 3488 4415 revelantur,

1918 4435 2228 4490 immediate
2287 4433 2741 4504 contemplantur.
2802 4435 2938 4490 Cum
2989 4445 3170 4492 autem
3219 4437 3492 4504 simplices

126 4579 132 4586 .
221 4503 528 4603 ἀσώματοι.
553 4533 858 4601 νοούμενοι,
893 4503 955 4587 sb
1003 4532 1326 4587 ἀδιάστατον
1369 4503 1555 4601 ἔχουσι
1581 4530 1679 4584 καὶ
1716 4531 1810 4585 ἀν-

1922 4527 2034 4580 sint
2067 4535 2119 4581 et
2157 4528 2364 4595 absque
2419 4503 2635 4596 specie,
2699 4528 2922 4583 cuilibet
2963 4529 3156 4585 forma)
3203 4545 3269 4585 ac
3304 4532 3488 4602 ﬁgurae

215 4625 385 4694 αφὲς,
425 4624 630 4678 ἄποσὸν
651 4643 711 4678 τε
736 4625 832 4678 καὶ
869 4624 1141 4694 ἀμέγεθες
1167 4625 1259 4678 καὶ
1284 4623 1571 4694 ἀπήλικον,
1599 4623 1694 4677 καὶ
1723 4623 1812 4677 διὰ

213 4715 398 4768 ταῦτα
429 4715 638 4786 φθορᾶς
685 4719 824 4770 εἰσιν
850 4716 1279 4786 ἀπηλλαγμένοι,
1313 4715 1408 4768 καὶ
1448 4713 1542 4766 τοῦ
1586 4713 1813 4782 ἠλλοιῶ-

214 4808 352 4860 σθαι
382 4807 524 4861 κατά
549 4825 603 4861 τι
625 4807 756 4876 γοῦν
773 4808 1004 4877 πάμπαν
1034 4807 1431 4878 καθαρεύοντες
1450 4821 1466 4834 ·
1497 4805 1564 4858 τά
1588 4805 1643 4858 δὲ
1666 4807 1810 4861 κατά

211 4899 320 4968 τὴν
379 4897 583 4970 σκηνὴν
627 4899 1001 4970 καθιστάμενα
1055 4890 1464 4972 χρυσότευκτα,
1512 4894 1638 4949 οὔτε
1687 4897 1808 4960 νόες

211 4992 387 5054 εἰσὶν,
421 4989 544 5044 οὔτε
572 4991 755 5062 νοερὰ,
783 4989 909 5044 οὔτε
933 4991 1165 5056 νοοῦσιν,
1204 4991 1305 5045 οὐκ
1335 4989 1642 5060 αἰσθήσεως
1683 5005 1814 5058 μετ-

211 5084 466 5154 έχουσιν,
493 5081 618 5136 οὗτε
662 5082 816 5136 οὐδὲν
843 5082 1050 5136 τούτων
1083 5083 1220 5136 εἰσί·
1261 5081 1409 5150 ζωῆς
1439 5081 1494 5134 δὲ
1534 5081 1632 5150 τῆς
1663 5081 1812 5132 ὁπω-

209 5172 357 5228 σοῦν
371 5173 652 5244 δυνάμεώς
673 5191 730 5228 τε
761 5173 854 5227 καὶ
881 5174 1163 5242 ἐνεργείας
1192 5174 1554 5244 ὴμοιρήκασι,
1585 5169 1812 5242 σώματα

205 5265 272 5321 δέ
331 5268 441 5319 εἰσι
493 5269 590 5320 καὶ
637 5267 820 5333 ἕνυλα,
875 5269 924 5320 εί
982 5267 1076 5320 καὶ
1129 5266 1230 5336 τῆς
1276 5265 1668 5334 καθαρωτάτης
1717 5264 1810 5317 καὶ

202 5358 482 5426 διαυγοῦς
511 5358 643 5428 ὕλης
669 5359 927 5431 τυγχάνει
952 5359 1012 5412 τὸ
1047 5358 1290 5429 ἐλασμα’
1322 5355 1548 5426 σώματα
1587 5355 1646 5407 δὲ
1678 5354 1808 5407 ὄντα

207 5449 276 5517 ἒξ
311 5449 454 5521 ὕλης
497 5451 593 5504 καὶ
623 5450 798 5516 εἴδους
833 5451 1204 5522 πεποιημένα,
1231 5447 1456 5512 εἰκότως
1480 5447 1573 5500 καὶ
1604 5446 1806 5516 μεμόρ-

317 5607 390 5642 τ⁹⁴
427 5605 568 5662 Psal.
596 5623 711 5672 cm,
748 5609 806 5663 4.

1917 4621 2226 4690 superiores
2255 4628 2382 4674 sunt
2405 4619 2631 4688 ejusque
2662 4621 2974 4690 iucapaces.
3003 4622 3280 4688 Quatenus
3309 4628 3487 4678 autem

1917 4711 2307 4767 immateriales
2361 4713 2774 4782 incorporeique
2836 4714 3231 4786 intelliguntur,
3283 4718 3490 4774 dimen-

1917 4805 2070 4858 sione
2117 4811 2306 4858 carent
2349 4811 2404 4858 et
2443 4814 2567 4858 sunt
2614 4805 3016 4875 impalpabiles,
3089 4811 3484 4879 quantitatem,

1920 4895 2372 4963 magnitudinem,
2403 4895 2724 4963 qualitatem
2755 4897 2956 4952 nullam
3001 4899 3224 4964 habent,
3263 4902 3488 4968 ideoque

1913 4987 2380 5054 corruptibilitatis
2443 4996 2744 5058 expertes,
2801 4999 2858 5044 et
2911 4991 3058 5045 omni
3127 4991 3490 5046 nmtabilitate

1911 5077 2203 5132 immunes.
2238 5079 2307 5131 At
2337 5077 2410 5132 illi
2441 5081 2533 5148 qui
2567 5081 2846 5136 constituti
2895 5090 3022 5135 sunt
3049 5084 3101 5134 in
3133 5081 3488 5135 tabernaculo

1919 5169 2214 5224 Cherubini
2247 5183 2380 5225 auro
2413 5171 2696 5236 elaborati,
2745 5186 2921 5241 neque
2964 5179 3174 5225 mentes
3208 5183 3353 5231 sunt.
3395 5187 3490 5227 ne-
3522 5162 3529 5172 ’

1916 5277 2022 5334 que
2057 5262 2470 5328 intellectuales,
2521 5278 2696 5334 neque
2733 5263 3002 5332 cogitant,
3043 5278 3221 5331 neque
3261 5277 3484 5318 sensum

1917 5354 2228 5421 habebant,
2284 5354 2528 5422 nihilque
2587 5354 2780 5410 horum
2831 5365 2978 5408 sunt.
3022 5353 3153 5409 Item
3191 5355 3300 5410 vita
3341 5364 3394 5412 et
3436 5359 3487 5410 vi

1915 5445 2108 5513 quavis
2156 5453 2320 5514 atque
2364 5443 2606 5500 eﬂicacia
2663 5454 2896 5512 carent;
2942 5446 3036 5502 sed
3089 5460 3315 5517 corpora
3363 5457 3490 5501 sunt
