3882 6162
409 149 513 216 ¹ῖ71

1397 151 1460 210 S.
1502 149 1924 211 NICEPHORI
1965 151 2470 212 PATRIARCHJE
2509 151 2618 211 CP.

3630 152 3699 196 T3

3640 184 3698 212 Ιέ-

417 259 754 326 materialia,
809 258 1022 314 etiamsi
1077 258 1289 312 illorum
1343 256 1542 311 lamina
1588 257 1653 312 de
1685 255 1976 326 purissima

2087 273 2256 324 φωται
2292 257 2386 309 καὶ
2426 255 2846 326 ἐσχημάτισται,
2884 254 3006 308 ὅθεν
3043 255 3256 326 φθορᾶς
3305 257 3410 310 καὶ
3454 255 3698 312 ἀλλοιὼ-

404 353 810 424 splendidaque
855 348 1084 404 materia
1123 359 1226 403 est.
1276 347 1338 402 lli
1365 361 1494 416 ergo
1542 362 1662 400 cum
1713 347 1822 400 sint
1852 361 1976 400 cor-

412 461 566 516 pora,
623 442 956 510 materiaque
1009 450 1062 496 et
1113 439 1286 494 forma
1345 447 1616 502 constent,
1689 438 1880 492 merito
1927 447 1983 491 et

413 537 822 593 conformantur
881 542 936 587 ct
1003 533 1340 603 ﬁgurantur,
1395 532 1538 584 unde
1600 529 1658 583 lit
1705 540 1764 583 ut
1813 543 1985 598 neque

2087 363 2222 410 σεως
2245 345 2743 415 οὐκήλευθὲρωται
2766 363 2778 374 ·
2799 345 2934 398 τὸδὲ
2957 347 3438 416 τριχῆ’διαστατὸν
3472 348 3698 418 ἔχοντα,

2088 435 2460 505 πεποσωμένα
2487 434 2594 486 εἰσὶ
2616 433 2710 486 κα)⁸
2739 433 2924 502 ὄγκοις
2954 436 3052 488 καὶ
3075 435 3409 506 πηλικότησι
3444 435 3700 508 διειλημ-

2093 527 2228 596 μένα
2245 524 2620 592 τυγχάνουσιν.

415 629 619 696 absque
661 624 1123 694 corruptibil’itate
1191 633 1248 676 et
1311 621 1674 676 mutabilitate
1721 621 1849 674 sint.
1920 617 2171 685 Cumque
2234 615 2496 682 triplicem
2557 612 2794 667 habeant
2873 614 3311 681 dimensionem,
3373 619 3696 688 quantitate

409 719 637 790 praedita
703 729 864 782 sunt,
913 725 968 770 et
1019 715 1160 769 mole
1204 729 1268 768 ac
1313 713 1575 782 qualitate
1627 711 2184 781 comprehenduntur.

488 808 758 862 Praeterea
785 807 835 859 in
869 803 1236 874 sanctissimis
1266 803 1590 858 Cherubinis
1617 803 1782 854 etiam
1821 808 1998 854 motus

405 911 533 964 est;
572 907 863 952 moventur
903 901 1045 949 enim
1094 896 1218 948 dum
1253 894 1409 966 241
1469 893 1798 948 intellectum
1831 908 1997 969 exer-

414 1000 564 1055 cent,
595 998 647 1045 et
681 989 732 1042 in
763 987 995 1042 amando
1032 986 1142 1041 Deo
1175 988 1522 1040 continenter
1561 995 1984 1050 constanterque

415 1082 534 1138 sine
584 1093 747 1148 pausa
797 1078 1094 1147 agitantur,
1127 1085 1180 1131 ct
1209 1076 1276 1128 ad
1320 1076 1484 1128 Deum
1531 1075 1986 1128 indeclinabiliter

414 1171 658 1232 tendunt,
693 1177 746 1221 et
778 1167 948 1220 divini
983 1167 1120 1218 radii
1148 1165 1464 1234 splendores
1499 1167 1703 1232 absque
1729 1165 1986 1216 interme-

415 1265 504 1319 dio
537 1273 590 1316 et
621 1278 685 1315 ex
720 1259 1042 1329 primigenio
1090 1257 1237 1312 ferite
1289 1257 1588 1326 suscipiunt
1625 1245 1780 1310 {tum
1822 1257 1982 1308 etiam

413 1357 538 1428 quia
575 1353 804 1408 invicem
834 1359 1169 1405 concurrunt
1202 1357 1255 1402 et
1286 1352 1562 1410 recedunt,
1598 1361 1760 1416 atque
1790 1349 1854 1400 ad
1899 1361 1985 1399 res

416 1450 518 1502 sibi
549 1446 826 1516 subiectas
855 1444 1148 1513 prodeunt,
1184 1441 1501 1508 providendi
1547 1455 1706 1493 causa
1741 1447 1793 1491 et
1822 1439 1984 1491 bene-

419 1537 670 1591 l'ariendi.
733 1533 976 1603 Namque
1025 1543 1080 1585 et
1135 1541 1354 1599 egentes
1409 1529 1489 1582 Mli
1550 1529 1877 1596 respiciunt,
1928 1539 1982 1581 et

420 1627 790 1682 manudncunt
835 1624 1182 1693 diriguutque
1225 1622 1290 1673 ad
1325 1621 1502 1674 divina
1537 1635 1600 1672 ac
1641 1618 1977 1674 sublimiora.

416 1718 758 1785 Caeteroquin
781 1725 833 1769 et
857 1715 1083 1770 stabiles
1111 1713 1162 1766 in
1197 1712 1504 1780 semetipsis
1534 1721 1678 1768 sunt.
1709 1720 1981 1778 quatenus

417 1806 698 1861 constituti
745 1812 872 1859 sunt
903 1804 958 1857 in
991 1801 1252 1857 immobili
1297 1802 1365 1854 ad
1411 1800 1578 1854 Deum
1633 1809 1899 1868 respectu,
1928 1809 1982 1855 et

421 1911 450 1948 a
487 1911 585 1950 suo
625 1895 826 1948 eximio
862 1893 1050 1948 habitu
1090 1891 1502 1959 constantiaque
1540 1906 1642 1943 non
1676 1891 1978 1956 discedunt,

417 1987 510 2040 sed
563 1985 618 2038 in
664 1987 854 2040 eodem
905 1998 1122 2053 semper
1193 1991 1413 2036 manent
1479 1981 1784 2035 invariabili
1840 1982 1982 2035 bono

419 2085 583 2144 atque
620 2083 924 2129 versantur.
963 2073 1032 2125 At
1077 2071 1340 2126 verobis
1377 2072 1749 2124 malerialibus
1809 2085 1982 2138 neque

418 2176 598 2220 motus
650 2165 814 2228 inest,
869 2176 1045 2232 neque
1095 2176 1382 2232 processus
1432 2162 1546 2214 sive
1605 2161 1982 2214 intellectualis

419 2255 534 2309 sive
581 2253 875 2316 sensibilis,
923 2266 1102 2320 neque
1158 2250 1442 2302 inclinatio
1497 2253 1563 2300 ad
1615 2251 1839 2316 aliquid,
1900 2248 1981 2302 vel

419 2345 653 2412 impetus
687 2350 779 2393 aut
820 2339 1100 2402 voluntas;
1135 2338 1226 2390 sed
1279 2338 1602 2390 iltlt'attsilivi
1638 2348 1760 2390 Sunt
1797 2349 1848 2388 et
1881 2339 1980 2388 im-

421 2433 684 2495 mobiles;
726 2441 887 2498 atque
919 2435 977 2480 ut
1006 2435 1342 2488 moveantur,
1392 2427 1580 2478 alienis
1613 2428 1814 2478 viribus
1847 2425 1986 2478 indi-

427 2533 568 2577 Ἔπη.
600 2521 755 2575 Stant
777 2519 942 2588 igitur
967 2518 1058 2572 ubi
1083 2515 1362 2570 c0nstituti
1389 2515 1677 2568 fueruntet
1703 2516 1979 2568 Cullm'ail:

420 2625 596 2678 neque
639 2609 780 2662 hanc
833 2607 1002 2677 ipsam
1043 2605 1331 2661 stationem
1386 2604 1484 2672 ipsi
1537 2604 1636 2656 sibi
1683 2617 1980 2668 curarunt;

421 2710 550 2755 sunt
586 2698 730 2752 enim
761 2690 1118 2750 ii‘tanimeset.
1143 2695 1260 2749 sine
1294 2709 1477 2758 sensu,
1511 2705 1565 2747 et
1599 2695 1814 2748 nomine
1845 2697 1984 2749 indi-

421 2801 547 2860 gent
573 2791 662 2857 qui
697 2802 755 2842 se
803 2797 1006 2842 statuat
1035 2797 1090 2840 et
1121 2788 1320 2848 lirmet,
1353 2785 1658 2852 ubicunque
1691 2785 1735 2838 is
1765 2785 1980 2838 demum

421 2883 582 2936 volet.
617 2879 733 2935 Jam
777 2877 923 2932 veris
951 2876 1277 2930 Cherubiuis
1329 2889 1508 2928 sermo
1545 2889 1756 2942 quoque
1789 2876 1928 2929 inest
1964 2892 1977 2927 :

420 2985 540 3024 nam
573 2983 765 3038 reapse
795 2976 921 3022 sunt
968 2963 1325 3024 sermonales,
1363 2978 1466 3016 non
1497 2963 1766 3030 quomodo
1803 2975 1983 3017 noster

417 3075 600 3117 sermo
631 3067 737 3122 est,
773 3057 1000 3127 physico
1038 3055 1185 3107 vitali
1233 3053 1448 3119 spiritu.
1479 3067 1576 3120 per
1605 3054 1752 3106 vocis
1775 3068 1979 3122 organa

421 3151 677 3222 prodiens
699 3147 1040 3208 articulatus,
1071 3156 1124 3199 et
1147 3146 1292 3198 aeris
1322 3145 1670 3212 percussione
1693 3143 1978 3208 formatus,

415 3251 584 3310 atque
612 3240 682 3292 ad
715 3237 1047 3292 audientium
1097 3249 1314 3288 sensum
1367 3249 1428 3286 ac
1461 3233 1856 3300 susceptionem
1891 3237 1986 3288 de-

417 3333 596 3396 latus;
644 3327 739 3383 sed
799 3327 926 3396 quia
975 3325 1080 3394 ipsi
1133 3323 1548 3386 immuteriales,
1613 3325 1979 3392 incompositi,

418 3419 710 3491 simplices,
742 3415 1069 3485 incorporei,
1101 3413 1242 3467 inter
1263 3428 1320 3467 se
1351 3413 1983 3484 invicenmircumagun-

419 3522 531 3575 tur,
557 3520 609 3565 et
640 3517 822 3563 mutuo
869 3505 1225 3575 cogitationes
1274 3513 1592 3574 agnoscunt,
1644 3514 1698 3558 et
1730 3520 1984 3562 sermone

421 3603 586 3658 tacito
640 3599 781 3654 inter
828 3611 888 3653 se
927 3594 1318 3664 intelligibilius
1375 3595 1781 3651 communicant
1814 3610 1978 3664 quam

419 3695 530 3748 alio
557 3705 772 3763 quoque
800 3688 1074 3745 exteriore
1102 3702 1350 3742 sermone
1377 3689 1453 3740 lit.

483 3956 555 4010 At
577 3955 666 4010 isti
704 3954 872 4009 nostri
903 3953 1028 4022 quia
1064 3963 1194 4008 sunt
1217 3966 1281 4006 ex
1310 3967 1469 4008 aurea
1509 3954 1728 4018 lamina,
1761 3964 1816 4010 et
1847 3971 1977 4009 exa-

418 4047 548 4104 nimi
579 4045 802 4101 materia
848 4043 1268 4110 irrationalique
1323 4052 1598 4108 constant,
1637 4045 1980 4102 irrationales

417 4147 580 4204 sunt;
615 4147 667 4191 et
699 4137 748 4191 si
783 4137 850 4190 de
882 4135 968 4190 bis
1011 4133 1323 4188 ratiocinari
1355 4135 1601 4199 velimus,
1637 4136 1980 4192 irrationabi-

418 4229 494 4283 les
545 4243 642 4282 nns
696 4225 994 4279 videamur.
1050 4223 1130 4276 Illi
1180 4223 1418 4277 divinam
1466 4225 1640 4278 lucem
1699 4227 1978 4283 aliluenter

2087 4245 2380 4318 θεαρχικῆς
2422 4249 2754 4316 φωτοδοσιας
2783 4249 3030 4318 ἀφθόνως

415 4317 842 4387 participantes,
878 4312 944 4367 ad
991 4312 1226 4366 divinam
1275 4314 1508 4380 speciem
1540 4323 1592 4368 et
1625 4315 1978 4373 imitationem

417 4417 678 4474 quantum
725 4405 854 4459 licet
899 4401 1334 4467 conformantur,
1385 4412 1548 4473 atque
1575 4407 1642 4459 ad
1669 4407 1979 4466 similitudi-

417 4509 538 4549 nem
593 4493 759 4546 divini
801 4491 1086 4562 archetypi
1157 4491 1596 4547 iutellectualiter
1651 4496 1980 4568 sublimique

419 4585 581 4638 modo
608 4599 664 4638 se
689 4583 996 4637 intendunt.
1035 4582 1128 4637 Isti
1158 4598 1286 4636 vero
1312 4583 1650 4651 splendorem
1677 4585 1826 4641 ἰΙΙιιιη
1858 4597 1980 4645 tan-

419 4676 698 4731 tummodo
725 4675 1069 4744 participant,
1097 4689 1256 4744 quem
1283 4676 1519 4743 ipsorum
1545 4677 1706 4733 habet
1729 4682 1976 4746 materia,

413 4764 730 4822 dissimilem
758 4776 936 4820 tamen
979 4765 1182 4820 habent
1213 4766 1280 4820 ab
1308 4767 1603 4837 archetypo
1632 4769 1884 4826 formam.
1913 4773 1979 4828 Et

413 4855 468 4910 in
510 4855 616 4910 illis
665 4869 859 4909 nomen
917 4855 1114 4924 ipsum,
1169 4854 1520 4910 eminentiam
1568 4857 1809 4914 scientiae
1848 4860 1978 4916 nulli

412 4955 608 5000 creatae
673 4945 965 5000 secundam
1016 4945 1372 5009 demonstrat,
1424 4961 1630 5002 necnon
1666 4951 1978 5004 redundan-

412 5047 518 5089 tem
546 5037 868 5106 sapientiam
895 5036 1032 5108 (75),
1059 5043 1278 5115 propter
1301 5036 1518 5092 uberem
1540 5053 1605 5091 ex
1625 5039 1806 5094 divino
1833 5041 1978 5098 lente

483 5148 596 5223 (75)
636 5148 694 5202 S.
724 5150 1162 5223 AugustijsDe
1194 5147 1410 5223 (iit-erat":
1459 5160 1647 5223 quiest.
1690 5153 1780 5209 lib.
1817 5171 1876 5222 ll,
1908 5159 1972 5223 5,

409 5218 709 5286 explanatis
752 5218 878 5272 illud
920 5219 1069 5272 Pauli
1131 5218 1150 5272 Ι
1199 5219 1326 5272 Cor.
1386 5237 1484 5284 xu,
1539 5219 1617 5272 8:
1653 5223 1757 5273 Alii
1813 5218 1972 5281 dam

409 5304 576 5340 sermo
603 5290 896 5355 sapientiae.
927 5289 1019 5342 alii
1062 5305 1230 5343 sermo
1275 5291 1527 5351 scienlia’,
1565 5293 1682 5344 ait:
1720 5309 1738 5340 ι
1779 5293 1832 5347 ln
1871 5297 1968 5348 lm-

413 5358 642 5410 Ininibus
673 5360 810 5411 solet
841 5357 1075 5412 discerni
1118 5374 1144 5410 a
1179 5361 1441 5425 sapientia
1477 5361 1731 5426 scientia;
1769 5365 1819 5415 in
1861 5364 1968 5420 Ι).το

413 5436 588 5476 autem
619 5441 720 5479 non
760 5435 886 5479 sunt
916 5427 1029 5480 inec
1058 5427 1182 5490 duo,
1211 5431 1306 5480 sed
1337 5444 1520 5480 unum.
1557 5429 1620 5481 Et
1654 5432 1703 5481 in
1739 5434 1969 5488 homini-

413 5494 512 5546 bus
542 5495 752 5561 quidem
783 5497 896 5551 [nec
929 5496 1001 5549 ita
1048 5496 1278 5552 discerni
1309 5499 1661 5566 probabiliter
1681 5509 1876 5568 solent,
1912 5516 1968 5558 ut

2019 1577 2056 1632 Il

2161 797 2284 848 Ἔτι
2335 797 2394 848 ὲν
2443 797 2558 858 τοῖς
2607 794 2934 862 ἁγιωτάτοις
2986 793 3272 867 Χερουϐὶμ
3317 798 3416 850 καὶ
3471 799 3690 868 triensi;

2087 891 2228 941 ἐστι·
2267 887 2543 940 κινοῦνται
2583 887 2692 957 γὰρ
2733 885 2862 956 περὶ
2901 886 2997 949 τὰς
3041 889 3260 956 νοήσεις
3302 889 3688 956 ἐνεργοῦντες,

2091 981 2184 1033 καὶ
2209 981 2337 1050 περὶ
2363 979 2452 1032 τὸν
2479 979 2621 1031 Θεῖον
2647 977 2826 1050 ἔρωτα
2853 978 3273 1048 συντεταμένως
3293 981 3390 1032 καὶ
3420 983 3688 1052 άῤῥετῶς

2087 1069 2146 1121 τὸ
2175 1068 2484 1135 ἀεικίνητον
2515 1067 2696 1136 ἔχουσι
2721 1069 2816 1120 καὶ
2843 1068 3245 1138 άκατάληκτον,
3271 1071 3367 1122 καὶ
3410 1071 3516 1140 τὴν
3551 1074 3687 1141 πρὸς

2089 1161 2222 1212 Θεὸν
2261 1159 2447 1226 ἔφεσιν
2477 1159 2882 1229 άπαρέγκλιτον
2917 1161 3232 1229 κέκτηνται,
3274 1163 3370 1215 καὶ
3411 1163 3516 1224 τὰς
3543 1181 3686 1232 μαρ-

2091 1253 2344 1320 μαρυγὰς
2369 1251 2468 1318 τῆς
2493 1249 2791 1321 οεαρχικῆς
2829 1252 3047 1314 ἀκτῖνος
3093 1252 3311 1320 ἁμέσως
3341 1253 3439 1304 καὶ
3467 1271 3686 1322 πρωτο·

2089 1343 2272 1411 φανῶς
2293 1341 2642 1410 ὑποδέχονται
2665 1360 2676 1371 ’
2702 1341 2780 1411 τῷ
2809 1358 2866 1395 τε
2890 1343 2968 1405 εἰς
2995 1342 3262 1412 ἀλλήλους
3285 1347 3491 1415 χωρεῖν
3519 1346 3686 1412 ἀσυγ-

2087 1433 2266 1502 χύτως
2297 1432 2392 1484 καὶ
2437 1434 2768 1502 ἀποχωρεῖν,
2798 1433 3048 1500 προϊέναι
3081 1433 3140 1484 δὲ
3169 1435 3260 1486 καὶ
3296 1437 3391 1486 ἐπὶ
3433 1437 3506 1487 τὰ
3530 1438 3683 1504 ﬁget-

2089 1527 2266 1594 μένα,
2323 1524 2580 1592 προνοίας
2629 1539 2687 1576 τε
2743 1524 2839 1576 καὶ
2894 1523 2988 1576 τοῦ
3050 1525 3363 1594 εὐεργετεῖν
3427 1529 3678 1580 εἵνεκεν·

2087 1617 2507 1686 ὲπιστρεπτικοὶ
2558 1617 2667 1686 γάρ
2718 1616 2826 1666 εἱσι
2882 1617 2990 1668 τῶν
3046 1618 3531 1687 καταδεεστέρων,
3588 1620 3685 1674 καὶ

2085 1709 2478 1777 χειραγωγικοὶ
2509 1707 2604 1760 καὶ
2649 1706 2971 1760 ἀνατατικοὶ
3015 1707 3154 1778 πρὸς
3187 1709 3257 1762 τὰ
3299 1707 3559 1778 θειότερα
3590 1713 3686 1763 καὶ

2085 1801 2391 1871 ὑψηλότερα
2409 1816 2423 1830 ⁸
2456 1798 2591 1852 ἀλλά
2621 1800 2714 1851 καὶ
2739 1800 2932 1860 στάσις
2961 1800 3018 1850 ἐν
3039 1799 3221 1860 αὐτοῖς
3244 1801 3383 1860 ἐστι,
3412 1801 3496 1870 τῷ
3535 1801 3682 1871 ἱδρύ-

2085 1894 2208 1946 σθαι
2257 1895 2349 1946 καὶ
2394 1891 2694 1961 ὲστρὰφθαι
2739 1891 2874 1961 πρὸς
2907 1890 3038 1943 Θεὸν
3084 1891 3538 1960 ἀπαρεγκλίτως,
3591 1895 3684 1944 καὶ

2081 1987 2181 2053 τῆς
2230 1983 2438 2036 ἑαυτῶν
2491 1981 2757 2044 θεοειδοῠς
2813 1981 2982 2044 ἕξεως
3023 1983 3118 2033 καὶ
3179 1984 3549 2052 μονιμότητος
3607 1985 3683 2053 μὴ

2084 2073 2420 2140 ὲξίστασθαι,
2445 2075 2500 2125 ἐν
2529 2073 2816 2142 ταυτότητι
2836 2073 2891 2124 δὲ
2920 2073 3100 2142 μένειν
3128 2074 3254 2143 περὶ
3278 2073 3341 2126 τὸ
3368 2078 3570 2128 τσυτῦν
3593 2077 3681 2126 mi

2084 2167 2168 2218 ἀεὶ
2198 2165 2454 2226 ὡσαύτως
2499 2164 2621 2233 ἕχον
2668 2163 2870 2230 ἀγαθὸν
2919 2163 3416 2234 περιχορεύονταςο
3471 2170 3588 2229 τοῖς
3625 2168 3680 2219 δὲ

2083 2255 2192 2308 οὐδ’
2215 2254 2516 2308 ὁπωστιοῦν
2545 2255 2770 2324 μέτεστι
2798 2255 3086 2324 κινήσεως,
3119 2253 3242 2306 οὔτε
3305 2257 3400 2307 ἐπί
3445 2274 3500 2308 τι
3547 2260 3680 2328 πρό-

2085 2340 2222 2406 οδος,
2249 2339 2373 2392 οὔτε
2402 2341 2584 2409 νοητὴ,
2621 2339 2741 2391 οὔτε
2776 2339 3007 2411 αἰσθητὴ
3037 2341 3096 2393 ἐν
3127 2343 3311 2404 αὐτοῖς
3347 2344 3530 2405 ἐστιν,
3557 2346 3680 2398 οὐδὲ

2085 2432 2289 2498 ἔφεσις,
2319 2432 2438 2484 οὐδὲ
2467 2434 2634 2502 ὁρμὴ,
2661 2433 2780 2485 οὐδὲ
2805 2431 3080 2503 βούλησις
3110 2435 3438 2502 ἀρετάὗατα
3455 2437 3514 2490 δὲ
3541 2439 3678 2508 tui).-

2083 2522 2172 2575 λον
2204 2525 2296 2575 καὶ
2333 2523 2586 2592 ἀκίνητα,
2633 2525 2728 2575 καὶ
2761 2523 2858 2594 τῆς
2901 2525 3106 2594 ἑτέρων
3151 2526 3386 2595 δεόμενα
3437 2531 3582 2599 πρὸς
3617 2531 3678 2584 τὸ

2083 2613 2348 2666 κινεῖσθαι
2396 2613 2708 2684 δυνάμεως
2743 2617 2930 2668 ἑστᾶσι
2963 2615 3092 2681 γοῦν
3123 2618 3220 2686 ’ἐφ’
3254 2610 3428 2688 οὗπερ
3465 2620 3674 2689 ἵδρυταὲ

2083 2719 2142 2754 τε
2167 2705 2260 2754 καὶ
2288 2705 2678 2767 ἀποτέτακται,
2710 2705 2845 2780 μηδὲ
2885 2709 3011 2774 παρ’
3035 2707 3220 2769 αὐτοῖς
3258 2710 3360 2776 τὴν
3413 2710 3674 2778 τοιαύτην

2084 2793 2276 2862 ἔχοντα
2315 2795 2530 2847 στάσιν·
2561 2795 2741 2864 άᾷυχά
2773 2813 2836 2863 γε
2870 2795 2998 2849 ὄντα
3022 2797 3116 2850 καὶ
3141 2797 3472 2868 ἀναίσθητα,
3499 2799 3596 2852 τοῦ
3617 2800 3674 2854 δὲ

2090 2889 2338 2950 ἱστάντος
2365 2891 2460 2944 καὶ
2506 2892 2883 2962 ἀπερείδοντος
2926 2891 3011 2960 ἐφ’
3054 2891 3191 2959 ὅπερ
3237 2890 3302 2942 ἂν
3334 2891 3485 2943 νεύοι
3524 2889 3673 2958 αὖτῷ

2085 2977 2154 3028 τὰ
2190 2976 2289 3046 τῆς
2315 2975 2620 3048 βουλήσεως
2647 2979 2968 3046 δεήσονταιο
3002 2978 3095 3030 καὶ
3137 2978 3246 3045 μὴν
3289 2979 3388 3030 καὶ
3423 2978 3588 3045 λόγος
3617 2982 3672 3030 ὲν

2085 3069 2314 3130 ἐκείνοις
2345 3071 2513 3134 ἐστὶν,
2565 3071 2793 3140 ἐπείπερ
2853 3067 3064 3136 λογικοὶ
3107 3069 3268 3130 εἰσιν,
3304 3070 3408 3138 οὐχ
3444 3064 3670 3139 οἷόσπερ

2085 3161 2114 3211 ὀ
2155 3158 2447 3230 ἡμέτερος,
2501 3161 2565 3212 ὲκ
2607 3159 2701 3212 τοῦ
2751 3162 2807 3212 ὲν
2845 3161 2978 3229 ἡμῖν
3018 3159 3251 3227 φυσικοῦ
3295 3162 3394 3211 καὶ
3437 3160 3669 3223 ger-.1205

2085 3253 2415 3321 πνεύματος,
2444 3253 2530 3306 διὰ
2561 3253 2666 3330 τῶν
2701 3252 3022 3324 φωνητικῶν
3057 3252 3306 3322 ὀργάνων
3343 3255 3556 3324 προῖὼν
3578 3257 3669 3308 καὶ

2084 3341 2524 3413 διαρθρούμενος,
2555 3346 2618 3412 τῇ
2647 3343 2828 3412 πληγῇ
2873 3359 2931 3394 τε
2969 3342 3064 3394 τοῦ
3093 3343 3255 3412 ἀέρος
3299 3343 3666 3412 τυπούμενος,

2085 3434 2180 3486 καὶ
2211 3427 2660 3502 διαϐιϐαζόμενος
2686 3433 2823 3502 πρὸς
2853 3432 3140 3501 ἀντίληψιν
3171 3433 3270 3500 τῆς
3299 3433 3414 3484 τῶν
3445 3434 3668 3486 dnuo-1.

2083 3540 2190 3576 των
2211 3524 2536 3593 αἰσθήσεως,
2558 3523 2690 3575 ἀλλὰ
2711 3522 2790 3592 τῷ
2805 3523 3001 3585 άΰλους
3020 3519 3181 3586 εἶναι,
3203 3524 3299 3575 καὶ
3315 3524 3662 3587 ἀσυνθέτπ,

2084 3615 2178 3667 καὶ
2208 3613 2410 3676 ἁπλοῦς
2440 3631 2499 3666 τε
2533 3615 2630 3666 καὶ
2667 3613 2992 3683 ἀσωμάτους
3033 3617 3367 3683 περιχωρεῖν
3405 3617 3466 3666 ἐν
3511 3615 3667 3685 ἀλλή-

2082 3705 2216 3770 λοις,
2257 3705 2352 3756 καὶ
2394 3705 2496 3768 τὰς
2529 3705 2774 3774 ἀλλήλων
2815 3705 3242 3778 ὲγκατοπτεύειν
3277 3707 3532 3776 νοήσεις,
3575 3709 3664 3757 καὶ.

2082 3795 2358 3846 κοινωνεῖν
2399 3793 2476 3864 τῷ
2505 3793 2650 3863 λόγῳ
2679 3792 2769 3846 διὰ
2813 3796 2972 3864 σιγῆς
3008 3793 3406 3864 ἐναργέστερον
3435 3795 3470 3865 ἢ
3502 3798 3531 3848 ὀ
3564 3797 3664 3858 πᾶς

2082 3881 2289 3950 προῖὼν
2314 3881 2494 3948 λόγος.

2152 3973 2234 4026 Τά
2262 3973 2316 4027 δὲ
2343 3975 2532 4042 ἐπειδὴ
2561 3974 2882 4047 χμρυσήλατά
2907 3977 3044 4042 ἐστι,
3069 3977 3161 4030 καὶ
3190 3976 3321 4047 ὕλης
3345 3977 3558 4048 ἀψύχου
3576 3981 3660 4031 καὶ

2081 4063 2280 4134 ἀλόγου
2307 4067 2664 4136 μετέσχηκεν,
2693 4066 2862 4134 ἅλογά
2886 4069 2945 4121 τὲ
2972 4068 3099 4132 εισι,
3129 4069 3330 4122 καὶτὸν
3359 4071 3491 4139 περὶ
3510 4071 3659 4138 λόγου

2083 4155 2235 4222 λόγον
2281 4158 2368 4208 ἐπ’
2415 4158 2598 4218 αὐτοῖς
2641 4158 2944 4223 ποιεῖσθαι,
2990 4159 3223 4226 ἄλογον·
3270 4162 3517 4214 κάκεῖνοι
3568 4164 3659 4230 τῆς

3057 4253 3115 4304 ὲν
3156 4257 3421 4323 μετιυσξᾳ
3449 4255 3657 4322 γινόμε-

2083 4339 2338 4408 νοι,ῒτρὸς
2365 4340 2425 4392 τὸ
2449 4339 2681 4403 θεοειδές
2711 4341 2806 4392 καὶ
2836 4342 3166 4411 θεομίμητον
3188 4342 3262 4406 ὡς
3281 4345 3505 4411 ἐφικτὸν
3529 4349 3658 4397 ἁπο-

2080 4429 2400 4492 τυποῦνται,
2433 4431 2527 4482 καὶ
2578 4431 2714 4500 πρὸς
2739 4432 2801 4482 τὸ
2835 4434 3073 4502 ἐμφερὲς
3120 4435 3221 4503 τῆς
3253 4435 3409 4498 Θείας
3435 4439 3658 4506 ἀρχετυ·

2083 4521 2214 4582 πίας
2235 4519 2440 4589 νοητῶς
2479 4521 2570 4573 καὶ
2615 4522 3002 4591 ὑπερκοσμέως
3035 4525 3260 4588 ἑαυτοὺς
3291 4527 3654 4578 ἀνατείνουσι·

2081 4611 2257 4665 ταῦτα
2285 4613 2340 4664 δὲ
2377 4613 2758 4682 λαμπρότητος
2799 4603 2966 4684 μόνης
2996 4618 3094 4683 τῆς
3122 4619 3185 4668 ὲκ
3219 4617 3322 4686 τῆς
3347 4617 3481 4688 ὕλης
3511 4619 3656 4672 ἑνού-

2088 4718 2188 4772 σης
2219 4703 2404 4764 αὐτοῖς
2452 4701 2870 4773 μετειλήφασιν
2921 4704 3172 4773 ἀνόμοιον
3221 4705 3280 4758 δὲ
3328 4705 3515 4776 έχουσι
3566 4709 3656 4775 τὴν

2086 4787 2222 4858 πρὸς
2249 4787 2310 4840 τὸ
2349 4789 2656 4858 ἀρχέτυπον
2697 4791 3017 4860 ὁμοιότητα·
3048 4794 3325 4856 κάκείνοις
3359 4796 3516 4864 δηλοί
3548 4794 3657 4848 τοῦ-

2085 4892 2224 4946 νομα
2253 4876 2314 4929 τὸ
2342 4877 2692 4950 ὑπερπλῆρες
2719 4881 2818 4948 τῆς
2847 4883 3102 4949 γνώσεως
3126 4884 3218 4936 καὶ
3253 4885 3650 4938 ἀνελάττωτονο

2084 4967 2178 5019 καὶ
2201 4967 2262 5019 τὸ
2287 4968 2627 5039 ὑπερϐλύζον
2656 4973 2714 5022 ὲν
2746 4971 2933 5035 αὐτοῖς
2959 4974 3014 5023 ἐν
3055 4973 3250 5043 σοφίᾳ,
3286 4975 3354 5026 ἐκ
3375 4977 3476 5044 τῆς
3501 4974 3653 5028 πολυ-

2083 5057 2246 5126 κύτου
2279 5062 2372 5114 καὶ
2410 5061 2652 5130 πηγαίαις
2683 5063 3052 5132 φωτοκυσίαςν·
3071 5061 3130 5128 ἐξ
3151 5058 3230 5117 ὧν
3250 5065 3344 5119 καὶ
3368 5065 3434 5118 τὺ
3457 5066 3651 5135 θεωρη-

2084 5169 2348 5238 sapientia
2435 5173 2708 5241 pertineat
2761 5174 2827 5226 ad
2889 5173 3216 5226 intellectum
3289 5185 3644 5241 :eternorum,

2078 5241 2301 5312 scientia
2349 5255 2478 5312 vero
2513 5243 2578 5294 ad
2611 5258 2674 5312 ea
2701 5258 2820 5309 qua;
2863 5243 3110 5312 sensibus
3158 5244 3413 5312 corporis
3448 5246 3644 5312 οςιιμτίο

2079 5324 2218 5381 mur.
2270 5308 2377 5363 Sed
2421 5310 2547 5364 licet
2579 5308 2730 5365 alius
2771 5311 2932 5364 aliam
2980 5308 3341 5365 diﬂ'erentia-in
3397 5308 3640 5381 proferat,

2077 5379 2178 5457 ιιἰεί
2215 5389 2391 5431 tamen
2432 5381 2642 5434 diversa
2673 5393 2875 5446 essent,
2909 5396 3011 5434 non
3047 5381 3125 5435 sic
3160 5384 3230 5435 ab
3262 5379 3516 5452 ΑροειοΙυ
3543 5388 3641 5437 ὼε-

2079 5457 2471 5516 tinguerentur.
2510 5467 2529 5500 ι
