3882 6162
233 271 348 336 ’Πὲ

1098 259 1658 323 APOLOGETICUS
1693 258 1840 320 PRO
1881 257 2143 317 SACRIS
2175 253 2660 316 IMAGINIBUS.

3391 254 3497 318 774

235 382 396 437 τικδν
430 359 612 440 αὐτοῖς
639 373 947 445 πρόσεστιν,
984 372 1079 426 ἐπὶ
1102 373 1163 426 τὺ
1196 373 1376 444 πάσης
1409 372 1666 426 ἐπέκεινα
1695 373 1828 424 θεω-

1937 369 2150 425 luminis
2180 367 2553 434 difl‘usionem;
2587 365 2732 421 unde
2763 365 2844 421 vis
2871 365 3274 434 contemplandi
3299 369 3492 434 coniit,

241 473 370 544 ρίας
421 469 517 524 καὶ
557 465 810 536 γνώσεως
851 463 1006 533 ὕψος,
1057 463 1304 528 θεοειδῶς
1345 462 1782 534 ἀνατεινομένοις
1809 502 1823 525 ,

239 560 461 618 καὶτοῦ
487 557 634 612 θείου
689 555 784 609 καὶ
824 554 1167 627 ύπερκάλλου
1211 554 1385 624 φωτὸς
1427 554 1513 607 ἀεὶ
1543 553 1824 623 καταπίμ-

237 655 479 708 ιτλανται
505 665 518 680 ·
552 647 802 702 ἐντεῦθεν
831 645 926 700 καὶ
965 646 1164 716 μύησις
1190 645 1375 708 αὐτοῖς
1406 643 1636 715 πρώτως
1669 644 1827 698 ἐναυ-

237 744 475 814 γάζεται
509 738 616 792 τῶν
648 736 800 807 παρὰ
822 736 921 807 τῆς
957 734 1216 804 θεαρχίας
1247 733 1338 786 ἐπὶ
1359 733 1428 786 τὰ
1455 731 1828 803 προνοούμενα

239 829 546 901 προϊόντων
574 823 1020 894 ἐπιστημονικῶν
1063 822 1257 890 λόγων,
1301 823 1360 874 ἐν
1387 820 1605 892 μεθέξει
1640 837 1699 872 τε
1728 820 1827 888 τῆς

241 915 570 986 θεουργικῆς
619 915 874 982 γνώσεως
923 911 1000 976 ὡς
1045 911 1267 982 θεμιτὸν
1308 911 1606 982 γινόμενοι,
1658 909 1828 964 πολλὰ

239 1007 356 1060 τῶν
387 1007 549 1059 θείων
597 1003 693 1057 καὶ
737 1003 1058 1076 ὑπερτάτων
1099 1002 1461 1070 γινώσκουσιν
1499 1003 1828 1072 ὑπερκειμέο

243 1114 374 1161 νως,
403 1097 498 1150 καὶ
531 1094 706 1166 τροφὴ
748 1094 934 1156 αὐτοῖς
980 1094 1187 1164 ἐστινὴ
1217 1092 1326 1146 τῶν
1368 1094 1553 1148 ἁπλῶν
1588 1097 1684 1148 καὶ
1726 1112 1830 1166 μα-

243 1189 455 1261 καρίων
483 1183 870 1256 φωτοφανειῶν
893 1183 1180 1254 ἐλλαμψις,
1209 1183 1495 1254 προσεχῶς
1518 1185 1702 1248 αὐτοῖς
1735 1185 1826 1238 καὶ

241 1277 481 1348 πρώτως
511 1279 574 1329 ἐκ
601 1279 698 1346 τῆς
722 1275 1050 1346 ὑπερφώτου
1085 1277 1302 1337 ἀκτῖνος
1323 1275 1824 1348 ἐναστραπτούσης·

241 1369 347 1439 ἤδη
375 1367 430 1421 δέ
455 1365 554 1438 τὴν
575 1365 764 1420 πασῶν
793 1363 1111 1436 ὑπερτάτην
1127 1365 1236 1418 τῶν
1258 1365 1642 1437 ὑπερκοσμίων
1673 1367 1826 1432 νόων,

241 1459 354 1514 ἅτε
431 1457 838 1521 θεοειδέστατοι,
875 1453 1291 1525 διακληροῦνται
1329 1455 1678 1528 ταξιαρχίαν·
1707 1456 1828 1511 ὅθεν

243 1549 344 1603 καὶ
365 1546 680 1618 θεολογικῆς
702 1545 1015 1616 ἐπιστήμης
1034 1544 1188 1616 παρὰ
1207 1545 1306 1615 τῆς
1333 1544 1633 1617 θεαρχικῆς
1661 1548 1830 1618 ὑπερ-

242 1638 559 1709 ουσιότητος
614 1638 674 1690 ἐν
700 1635 961 1707 μετουσίᾳ
991 1635 1222 1705 πρώτως
1252 1635 1547 1707 γινόμενοι,
1575 1637 1669 1690 ἐπὶ
1703 1637 1828 1700 τοὺς

1929 475 2048 528 qute
2077 459 2142 512 ad
2171 458 2496 514 omnimodae
2527 456 2752 512 tbeoriat
2783 469 2848 512 ac
2873 455 3120 512 scientiae
3148 456 3492 512 altitudinem

1930 549 2160 604 mirifice
2207 549 2542 616 extenditur,
2602 547 2892 617 divinaque
2943 547 3313 616 pulcherrima
3372 549 3493 604 luce

1927 640 2254 710 completur.
2290 639 2428 693 llinc
2459 639 2587 708 ipsis
2619 641 2784 693 etiam
2811 639 2994 695 illucet
3025 641 3284 710 primitus
3312 641 3496 696 initia-

1931 738 2006 791 tio
2027 751 2056 789 a
2088 735 2266 789 divina
2295 736 2558 804 potentia,
2593 735 2662 788 ad
2689 735 3165 805 praecognitionem
3197 736 3498 805 proceden-

1933 829 2064 881 tium
2111 827 2260 882 illinc
2312 825 2638 895 sapientium
2689 826 3080 893 doctrinarum,
3113 826 3496 896 actheuigieze

1927 917 2166 972 scientia:
2232 917 2521 986 participes
2578 925 2737 984 prout
2797 915 2878 970 fas
2929 922 3012 969 est
3055 913 3253 980 ell'ecti,
3311 915 3492 969 divina

1927 1007 2091 1062 multa
2129 1018 2183 1061 et
2211 1007 2430 1062 excelsa
2471 1005 2777 1060 sublimiter
2822 1014 3196 1076 cognoscunt;
3233 1006 3494 1074 cibosque

1928 1100 2033 1153 illis
2084 1107 2169 1154 est
2201 1099 2524 1168 simplicium
2587 1099 2975 1168 beatarnntqne
3032 1096 3488 1151 illuminationum

1927 1189 2198 1258 splendor,
2230 1190 2319 1258 qui
2349 1189 2596 1258 proxime
2637 1189 2767 1258 ipsis
2795 1198 2850 1242 et
2883 1189 3130 1258 primitus
3157 1203 3221 1241 ex
3256 1199 3490 1256 superno

1929 1281 2080 1335 radio
2111 1280 2372 1335 illucescit
2398 1297 2414 1334 :
2445 1291 2607 1347 atque
2637 1281 2708 1332 ita
2738 1280 3011 1333 excelsum
3060 1277 3492 1344 supermundia-

1927 1368 2058 1423 lium
2087 1369 2368 1431 mentium,
2405 1384 2500 1423 ceu
2539 1369 2646 1422 Deo
2679 1369 2969 1438 plurimum
3005 1369 3234 1430 similes,
3267 1370 3492 1438 gradum

1930 1469 2132 1515 tenent.
2180 1459 2337 1515 Unde
2363 1469 2415 1512 et
2447 1460 2762 1530 theologicae
2807 1460 3050 1513 scientia:
3078 1475 3104 1510 a
3139 1458 3354 1512 sublimi
3391 1457 3485 1510 Dei

1927 1551 2162 1607 essentia
2197 1551 2488 1622 participes
2519 1551 2571 1604 in
2600 1551 2788 1620 primis
2810 1551 2960 1615 facti,
2991 1549 3238 1604 eamdem
3261 1549 3324 1600 ad
3354 1548 3494 1601 infra

1927 1654 1988 1694 se
2013 1640 2220 1709 positos
2252 1639 2524 1694 deferunt.
2562 1638 2698 1693 Sunt
2721 1653 2853 1709 ergo
2885 1639 3052 1692 divini
3088 1637 3288 1692 silentii
3321 1636 3495 1690 maui-

245 1730 373 1802 μετ’
432 1703 630 1792 αὐτοὺς
689 1703 818 1796 ἐξῆς
871 1703 1392 1796 διαπορθμεύουσιν·
1449 1727 1826 1797 ἐξαγγελτικοί

1937 1728 2236 1794 lestatores,
2289 1730 2416 1783 dum
2463 1731 2514 1782 in
2568 1743 2630 1783 se
2682 1728 2813 1796 ipsis
2863 1727 3197 1794 patefaciunt
3255 1724 3494 1794 supremi

242 1817 381 1887 γοῦν
418 1818 523 1870 εἰσι
572 1817 670 1884 τῆς
711 1815 858 1878 θείας
904 1818 1084 1886 σιγῆς,
1124 1815 1478 1882 ἐκφαίνοντες
1513 1818 1572 1869 ἐν
1614 1818 1825 1882 ἑαυτοῖς

243 1911 348 1980 τῆς
374 1907 703 1978 ύπερουσίου
728 1906 1090 1978 κρυφιότητος
1116 1906 1215 1977 τὴν
1236 1907 1536 1976 ἀφθεγξίαν
1557 1924 1570 1938 ·
1597 1909 1825 1979 ὑμνοῦσι

241 2017 310 2054 τε
333 1998 726 2067 ἀκαταλήκτως
755 1997 850 2051 καὶ
881 1991 1157 2066 ἁσιγῆτως
1189 1996 1284 2066 τὴν
1319 1996 1467 2050 Θείαν
1493 1998 1824 2066 ἀγαθότητα,

242 2091 312 2143 τὸ
359 2089 654 2158 σεϐάσμιον
693 2087 871 2140 ἐκεῖνο
921 2086 1016 2138 καὶ
1061 2085 1390 2156 τρισσοφαές
1413 2087 1510 2157 τῆς
1553 2086 1826 2155 θεολογίας

250 2177 570 2251 μελῴδημα.
611 2176 691 2229 Τὰ
727 2175 783 2228 δὲ
819 2215 834 2241 ,
893 2175 1083 2246 ὃτιπέρ
1117 2177 1222 2228 εἰσι
1265 2177 1622 2247 χειρόκμητα,
1664 2177 1828 2247 ψιλῆς

248 2269 357 2340 μὲν
381 2267 545 2338 μόνης
575 2265 871 2336 μετείληφε
902 2265 1001 2334 τῆς
1033 2265 1426 2337 προσηγορίας,
1479 2267 1735 2336 μυήσεως
1771 2266 1828 2320 δέ

247 2360 348 2414 καὶ
392 2355 645 2427 γνώσεως
704 2358 797 2410 καὶ
843 2356 953 2410 τῶν
985 2356 1162 2412 ἄλλων
1203 2357 1484 2422 ἁπάντων,
1509 2357 1544 2412 δι
1588 2359 1824 2429 εἴρηται,

245 2448 316 2504 ού
373 2448 426 2502 τί
477 2465 581 2502 που
621 2447 953 2518 μετέσχηκε·
1001 2447 1136 2518 πρὸς
1175 2447 1257 2513 δέ,
1305 2448 1400 2502 καὶ
1441 2450 1650 2512 εἰκόνες
1692 2450 1830 2504 εἰσὶν

247 2535 452 2588 ἐκεῖνοι
480 2535 577 2602 τῆς
610 2532 890 2604 θεαρχίας,
912 2531 974 2586 τὸ
997 2533 1228 2603 κρύφιον
1259 2538 1352 2604 καὶ
1378 2537 1582 2604 ἀφανὲς
1610 2537 1726 2607 φῶς
1760 2539 1820 2592 ἐν

250 2626 469 2688 ἑαυτοῖς
487 2622 889 2694 ἐμφανίζοντες,
911 2623 1160 2696 καὶπρὸς
1176 2625 1237 2678 τὸ
1257 2626 1486 2690 θεοειδές
1507 2627 1585 2692 ώς
1610 2628 1828 2699 θεμιτὸν

249 2713 704 2784 ἁφομοιούμενοι,
731 2716 827 2768 καὶ
854 2715 954 2784 τὴν
979 2715 1106 2784 ὅλην
1129 2714 1222 2768 τοῦ
1253 2715 1397 2768 θείου
1429 2717 1606 2785 φωτὸς
1635 2718 1829 2771 ἀκτῖνα

251 2805 509 2869 θεοειδῶς
536 2805 902 2876 είσδεχόμενοι
925 2821 939 2836 ·
964 2805 1123 2860 τοῦτο
1151 2808 1208 2859 ἐν
1244 2807 1459 2876 μεθέξει
1491 2808 1832 2878 ὑπάρχοντες

249 2897 558 2967 ἑπομένως,
587 2897 723 2966 ὅπερ
751 2897 870 2950 κατ’
889 2896 1076 2952 οὐσίαν
1096 2898 1211 2950 ἐστὶ
1231 2897 1293 2951 τὸ
1319 2897 1675 2970 μετεχόμενον
1699 2915 1830 2969 προ-

250 2985 604 3056 ηγουμένως·
625 2985 778 3053 φῶτα
807 2985 1035 3057 δεύτερα
1065 2985 1550 3056 φιλανθρωπότατα
1573 2989 1669 3040 καὶ
1697 2989 1832 3056 ἀγα-

1925 1823 2165 1874 omnium
2217 1822 2402 1874 arcani
2445 1818 2770 1874 ineﬂabilem
2812 1829 3095 1884 naturam;
3152 1817 3496 1886 divinumque

1925 1911 2222 1966 bonitatem
2283 1911 2622 1965 incessanter
2697 1921 3123 1977 resonanterque
3193 1923 3350 1963 sacro
3404 1907 3492 1960 illo

1926 2002 2202 2056 celebrant
2263 1999 2548 2070 theologia
2603 2000 2822 2070 trisagio
2887 2000 3110 2070 hymno.
3148 1997 3215 2050 At
3261 1997 3402 2051 enim
3438 1995 3490 2049 hi

1927 2094 2092 2146 nostri
2150 2106 2246 2146 ceu
2297 2105 2458 2143 manu
2507 2089 2676 2154 facti,
2732 2089 2928 2142 nudam
2997 2086 3287 2155 solamque
3329 2083 3491 2154 242

1927 2181 2128 2236 habent
2164 2180 2597 2250 appellationem,
2649 2178 2901 2246 nullaque
2943 2176 3356 2232 consecratione
3399 2183 3494 2228 aut

1927 2273 2158 2327 scientia
2190 2271 2399 2333 aliisve,
2449 2284 2568 2339 qua:
2617 2270 2774 2323 dictae
2819 2279 2964 2332 sunt,
3019 2270 3236 2322 dotibus
3269 2266 3489 2335 pollent.

1927 2361 2157 2428 Insuper
2205 2359 2300 2422 illi,
2354 2372 2621 2424 supremae
2680 2357 2967 2426 potestatis
3026 2357 3288 2422 imagines
3343 2367 3492 2418 sunt,

1929 2464 2182 2504 arcanam
2219 2458 2274 2501 et
2303 2445 2632 2500 invisibilem
2660 2447 2832 2500 lucem
2863 2447 2915 2498 in
2949 2459 3008 2498 se
3028 2445 3492 2508 demonstrantes,

1927 2549 1983 2595 et
2012 2539 2206 2594 divina:
2239 2537 2312 2590 illi
2331 2537 2508 2606 quoad
2537 2537 2652 2590 ﬁeri
2681 2545 2856 2606 potest
2879 2537 3186 2602 assimilati,
3219 2545 3496 2604 totumque

1928 2627 2091 2682 divini
2151 2625 2376 2696 fulgoris
2429 2625 2642 2678 radium
2700 2625 2838 2679 inire
2897 2625 2950 2678 in
3002 2639 3062 2679 se
3119 2624 3492 2691 recipientes:

1928 2719 2092 2786 idque
2140 2717 2272 2770 [lunt
2323 2727 2726 2784 consequenter
2779 2731 2876 2785 per
2923 2716 3302 2779 imitationem,
3355 2719 3496 2784 quod

1929 2807 2022 2861 ille
2070 2815 2152 2862 est
2205 2805 2582 2874 principaliter
2627 2811 2791 2874 atque
2823 2805 3192 2860 essentiuliter
3223 2807 3312 2874 qui
3351 2821 3498 2861 com-

1933 2898 2169 2951 municat
2202 2913 2215 2949 :
2254 2896 2504 2950 nimirum
2535 2907 2660 2952 sunt
2691 2896 2892 2950 lumina
2923 2898 3182 2962 secunda,
3215 2899 3494 2952 hominum

1934 2986 2326 3050 amantissima,
2359 2986 2559 3055 speciei
2588 2987 2824 3054 optimm,
2857 2987 3132 3055 primaria:
3159 2989 3295 3042 lucis
3321 2991 3492 3057 splen-

253 3077 458 3146 θοειδῆ,
489 3075 582 3132 τοῖο
613 3077 832 3148 πρώτου
866 3077 1045 3148 φωτὸς
1071 3078 1447 3149 ἀμαρύγματα
1473 3079 1718 3152 άχραντα
1740 3082 1833 3134 καὶ

1937 3078 2092 3132 dores
2141 3077 2259 3144 puri
2297 3077 2650 3137 immaculati,
2703 3078 3116 3134 similitudinem
3165 3094 3288 3133 cum
3323 3083 3496 3150 prima

252 3169 589 3239 ἀκηλωωτα,
623 3169 684 3222 τὸ
712 3170 949 3239 ἐμφερὲς
981 3172 1081 3241 τῆς
1125 3171 1516 3241 πρωτοφανοῦς
1545 3172 1834 3236 θεοειδείας

255 3258 660 3330 ἀγαθοπρεπῶς
691 3260 1124 3332 ἀποφερόμενοι·
1161 3261 1254 3314 καὶ
1279 3261 1344 3331 δὴ
1367 3263 1457 3314 καὶ
1483 3261 1831 3339 γινώσκουσι,

253 3350 348 3404 ὅτι
380 3349 454 3420 μὴ
482 3351 549 3404 τὰ
578 3351 699 3404 καθ’
725 3353 954 3414 ἑαυτοὺς
989 3353 1154 3422 νοητὰ
1206 3355 1384 3424 μόνον,
1427 3357 1528 3428 ἥδη
1562 3356 1620 3410 δὲ
1646 3359 1740 3410 καὶ
1767 3357 1835 3411 τὰ

255 3443 322 3496 ἐν
367 3442 619 3512 αἰσθήσει
644 3443 745 3496 οὐκ
787 3445 1058 3513 αἰσθητῶς
1107 3445 1243 3500 ἀλλὰ
1287 3447 1513 3518 νοητῶς,
1555 3448 1696 3500 κατά
1737 3450 1834 3517 τὴν

255 3532 468 3588 οἰκείαν
501 3536 601 3604 τῆς
632 3533 857 3602 ἐνούσης
883 3536 1065 3598 αὐτοῖς
1103 3535 1198 3588 τοῦ
1238 3537 1504 3601 θεοειδοῦς
1553 3537 1834 3608 δυνάμεως

257 3624 594 3694 ἐπιστήμην,
619 3623 798 3688 ἀΰλως
824 3625 917 3677 καὶ
931 3625 1186 3692 γνωστῶς
1214 3627 1399 3690 αὐτοῖς
1432 3627 1834 3691 ἐπιϐάλλοντες·

255 3714 332 3768 τὰ
365 3713 423 3766 δέ
454 3713 831 3784 χρυσόκμητα,
858 3714 1080 3768 εἰκόνων
1115 3716 1324 3780 εἰκόνες
1359 3717 1498 3772 εἰσὶν
1537 3717 1836 3789 ἀμυδρότε-

262 3824 358 3880 ραι
389 3807 482 3860 καὶ
509 3806 912 3879 ἁνομοιότεραι,
937 3807 1032 3860 καὶ
1063 3807 1214 3878 παρά
1255 3808 1388 3862 πολὺ
1438 3807 1532 3862 τοῦ
1579 3811 1838 3881 παραδει-

259 3895 539 3967 γματικοῦ
561 3896 737 3950 αἰτίου
761 3897 1172 3966 ἀπολειπόμενα
1188 3913 1202 3928 ·
1224 3898 1372 3953 ῐσασι
1395 3899 1452 3952 ὃέ
1469 3899 1618 3953 οὐδὲν
1636 3900 1834 3953 ὁτιοῦν·

261 3991 386 4052 πῶς
413 3989 522 4058 γὰρ
564 3987 792 4042 τοιαῦτά
837 4004 900 4055 γε
938 3989 1088 4053 ὄντα,
1115 3991 1210 4042 καὶ
1257 3988 1431 4053 οὓτως
1473 3989 1698 4060 ἔχοντας
1735 3991 1838 4044 κᾶν

263 4079 474 4151 σφόδρα
567 4078 914 4150 ἀπεξεσμένα
937 4081 1030 4134 καὶ
1065 4081 1541 4151 ἐκτετορνευμένα,
1575 4083 1669 4136 καὶ
1699 4099 1840 4153 μαρ-

269 4169 532 4240 μαρυγὰς
562 4171 845 4240 διαφανεῖς
876 4171 969 4224 καὶ
995 4171 1344 4242 λαμπηδόνας
1370 4175 1486 4233 ταῖς
1511 4189 1842 4244 περιαστρα-

263 4258 534 4322 πτούσαις
599 4259 876 4328 στὶλψεσιν
933 4261 1336 4330 ἀποπέμπωσι·
1390 4263 1552 4316 πόθεν
1617 4257 1710 4316 οὖν
1759 4279 1841 4316 σοι

1934 3170 2409 3237 splendentissima
2447 3171 2626 3237 specie
2655 3171 2872 3239 egregie
2905 3185 3017 3239 prae
3043 3185 3102 3225 se
3135 3170 3391 3228 ferentes.
3428 3171 3498 3228 Et

1934 3260 2150 3329 quidem
2185 3260 2348 3312 etiam
2391 3271 2690 3327 agnoscunt
2750 3275 2809 3313 se
2846 3276 2950 3314 non
2997 3275 3094 3315 sua
3137 3261 3308 3315 solum
3338 3263 3500 3318 intel-

1937 3349 2210 3412 lectualis,
2243 3364 2434 3402 verum
2467 3349 2631 3402 etiam
2670 3350 2946 3406 sensibilia
2981 3351 3084 3405 etsi
3127 3367 3232 3405 non
3268 3353 3500 3408 sensibi-

1937 3441 2059 3495 liter
2097 3441 2580 3508 comprehendere,
2609 3455 2706 3508 pro
2735 3441 2973 3495 hzerente
3013 3442 3114 3497 sibi
3161 3441 3357 3498 divina:
3391 3445 3502 3497 viro

1937 3531 2068 3586 tutis
2134 3530 2397 3595 scientia,
2467 3531 2898 3584 immaterialiter
2941 3543 2993 3585 et
3058 3532 3502 3587 intellectualiter

1938 3623 2100 3676 rebus
2141 3621 2356 3684 agnitis.
2391 3621 2461 3673 At
2500 3621 2552 3674 hi
2584 3636 2648 3675 ex
2681 3635 2816 3675 auro
2847 3620 3006 3686 facti,
3059 3623 3325 3692 imagines
3373 3633 3500 3677 sunt

1939 3711 2234 3781 imaginum
2271 3712 2512 3765 evanida:
2544 3725 2768 3775 prorsus
2807 3721 2860 3764 et
2895 3713 3208 3775 dissimiles,
3242 3713 3502 3767 multum-

1937 3817 2042 3870 que
2070 3801 2138 3856 ab
2166 3802 2461 3868 exemplari
2513 3816 2682 3855 causa
2717 3801 3064 3855 dissidentes.
3124 3801 3267 3856 Nihil
3317 3803 3506 3872 itaque

1939 3893 2136 3947 sciunt.
2181 3893 2280 3958 Qui
2323 3893 2466 3946 enim
2521 3903 2760 3960 possent,
2818 3907 2940 3946 cum
2990 3894 3120 3948 tales
3169 3894 3299 3958 sint,
3343 3904 3506 3963 atque

1940 3985 2012 4038 ita
2042 4000 2100 4038 se
2130 3983 2398 4038 habeant?
2446 3983 2670 4038 Etiamsi
2705 3983 2860 4037 valde
2890 3993 3018 4036 sunt
3050 3983 3311 4037 elaborati
3345 3993 3507 4052 atque

1941 4072 2115 4140 politi,
2139 4073 2454 4141 lucidosque
2489 4071 2810 4140 splendores
2855 4079 2910 4123 et
2941 4069 3178 4140 fulgores
3206 4071 3508 4124 scintillan-

1943 4164 2086 4217 tibus
2119 4162 2286 4217 radiis
2318 4161 2600 4215 etnittunt.
2633 4159 2790 4214 Unde
2822 4161 2986 4227 igitur
3019 4169 3074 4213 et
3103 4174 3264 4230 quam
3292 4159 3362 4214 ob
3393 4174 3506 4212 rem

1941 4253 1998 4307 hi
2057 4254 2187 4307 dicti
2242 4262 2370 4308 sunt
2418 4268 2448 4307 a
2497 4260 2550 4307 te
2611 4251 2942 4316 Cherubiui,
3027 4252 3292 4320 siquidem
3362 4251 3508 4304 nullo

263 4350 444 4404 ταῦτα
482 4351 576 4404 καὶ
615 4349 761 4414 τίνος
805 4349 992 4404 ἕνεκεν
1018 4352 1234 4421 εἴρηται
1275 4351 1573 4423 Χερουῦἰμ,
1609 4353 1728 4406 κατ’
1754 4353 1843 4406 ού⁴

1946 4347 2284 4401 substantiali
2337 4347 2496 4400 modo
2549 4343 3020 4414 supermnndiales
3067 4343 3190 4398 illas
3241 4343 3510 4412 potentias

265 4443 400 4498 δὲνα
425 4443 625 4512 τρόπον
660 4442 770 4495 τῶν
795 4442 1068 4505 οὐσιωδῶς
1103 4443 1513 4514 ἐνυπαρχόντων
1535 4447 1654 4508 ταῖς
1678 4445 1844 4516 ὑπερ-

266 4530 522 4602 κοσμίοις
558 4531 930 4602 μετεσχηκότα
961 4531 1281 4610 δυνάμεσιν;

348 4707 463 4762 οὐκ
485 4705 638 4776 ἐμὸς,
659 4706 822 4775 φημὶ,
852 4708 880 4760 ό
906 4706 1082 4774 λόγος,
1120 4705 1237 4758 ούδέ
1267 4707 1394 4776 παρ’
1426 4707 1547 4776 ἐμοὶ
1581 4705 1778 4775 πρώτῳ
1810 4707 1844 4775 ὴ

267 4797 497 4865 τοιαύτη
515 4796 856 4866 προσηγορία
879 4797 1086 4858 τούτοις
1109 4796 1394 4866 ἐξεύρηται
1415 4795 1445 4862 ἥ
1480 4795 1844 4848 ἐπιτέθειται·

269 4887 519 4950 Μωσέως
551 4888 668 4939 ἐστὶ
697 4888 791 4940 τοῦ
840 4887 1068 4940 θεόπτου
1099 4889 1193 4940 καὶ
1247 4886 1537 4958 νομοθέτου
1588 4888 1622 4956 ἡ
1675 4886 1848 4955 φωνὴ,

271 4979 372 5032 καὶ
389 4977 558 5032 πάλαι
588 4981 1070 5049 προανιστόρηται,
1101 4979 1196 5032 καὶ
1254 4978 1708 5049 μαρτυρουμένην
1739 4977 1850 5048 ἔχει

270 5066 368 5122 διὰ
397 5068 504 5120 τῶν
537 5069 697 5138 ἱερῶν
741 5069 1091 5139 Γραμμάτων
1127 5069 1226 5137 τὴν
1274 5068 1722 5138 πρεσϐυγένειαν,
1759 5068 1852 5120 καὶ

273 5159 341 5214 τὸ
375 5159 512 5229 πρὸς
568 5159 915 5226 ἀξιοπιστίαν
968 5159 1402 5230 εὐπαράδεκτον·
1435 5159 1482 5210 εἰ
1533 5158 1590 5210 δέ
1623 5158 1728 5228 χρὴ
1758 5157 1852 5210 τά-

1949 4437 2313 4508 participant?

2019 4703 2134 4758 Non
2162 4711 2246 4757 est
2273 4715 2426 4756 meus
2453 4701 2542 4754 hic
2575 4713 2778 4764 sermo,
2808 4711 2983 4768 neque
3010 4712 3038 4751 a
3071 4710 3159 4751 me
3184 4696 3357 4765 primo
3395 4695 3516 4752 talis

1951 4793 2243 4864 appellatio
2265 4792 2350 4845 his
2377 4791 2679 4860 excogitata
2713 4789 2816 4842 fuit
2841 4796 3003 4855 atque
3027 4787 3301 4856 imposita.
3321 4783 3519 4855 Moysis

1951 4895 2035 4938 est
2082 4883 2248 4936 Deum
2294 4881 2524 4935 videntis
2558 4890 2612 4935 et
2657 4879 2988 4950 legislatoris
3038 4877 3153 4938 haec
3207 4890 3347 4938 vox,
3388 4875 3516 4927 olim

1953 4976 2194 5037 inventa,
2217 4981 2269 5028 et
2291 4987 2322 5027 a
2347 4972 2518 5026 sacris
2545 4970 2766 5025 Litteris
2787 4969 3156 5024 testimonium
3179 4965 3522 5033 antiquitatis

1956 5066 2184 5129 habens,
2213 5080 2332 5134 quae
2357 5065 2515 5119 ﬁdem
2547 5067 2596 5119 ei
2630 5066 2786 5118 facile
2818 5064 3045 5118 faciunt.
3085 5061 3236 5125 Quod
3264 5057 3308 5111 si
3339 5059 3521 5110 verius

1957 5157 2241 5211 dicendum
2262 5165 2366 5221 est,
2383 5155 2476 5210 Dei
2498 5169 2596 5210 vox
2615 5164 2698 5210 est
2724 5154 2950 5223 proprio
2971 5151 3171 5205 famulo
3193 5148 3520 5208 mandantis,
3549 5162 3570 5227 εὶ

272 5248 608 5320 ληοέστερον
685 5251 872 5317 φάναι,
928 5249 1064 5302 Θεοῦ
1131 5249 1222 5302 τοῦ
1291 5251 1723 5321 προστεταχότος
1777 5246 1849 5317 τῷ

1958 5264 2066 5318 quo
2097 5257 2342 5317 tempore
2379 5245 2543 5315 prisci
2577 5246 2720 5300 illius
2761 5241 3099 5299 tabernaculi
3129 5237 3440 5294 delinenbatl
3472 5236 3523 5290 ei

273 5339 469 5410 οἰκείῳ
500 5340 816 5410 θεράποντι,
841 5341 1004 5412 ἡνίκα
1054 5341 1151 5410 τῆς
1187 5340 1393 5410 σκηνῆς
1421 5339 1570 5409 αὐτῷ
1622 5342 1720 5408 τῆς
1746 5356 1853 5391 πα-

276 5432 438 5495 λαιᾶς
461 5433 678 5502 ἐκείνης
694 5434 947 5486 διετύπου
971 5434 1066 5486 καὶ
1088 5449 1160 5484 πα
1172 5431 1411 5502 ρεδείκνυ
1429 5430 1527 5500 τὴν
1544 5429 1820 5499 σύμπηξιν
1838 5447 1850 5460 ·

276 5521 475 5592 ἐπειδὴ
508 5523 617 5592 γὰρ
669 5523 779 5575 τῶν
813 5524 934 5577 κατ’
997 5521 1259 5592 οὐρανοὺς
1319 5520 1411 5572 καὶ
1447 5519 1555 5570 τῶν
1604 5517 1854 5571 ἄνωδια-

279 5614 528 5680 κόσμων,
559 5615 778 5684 ἀμυδρά
819 5631 935 5666 τινα
975 5615 1270 5683 μιμήματα
1323 5609 1414 5660 καὶ
1465 5609 1852 5677 ἀπεικάσματα

1961 5347 2124 5404 atque
2141 5335 2552 5391 demonstrabat
2577 5333 2895 5388 aediﬁcium.
2919 5331 3049 5384 Nam
3067 5330 3190 5397 quin
3217 5327 3525 5380 caelestium

1961 5427 2167 5497 aliquot
2223 5429 2472 5480 ordinum
2509 5424 2769 5477 evanidus
2803 5425 3064 5492 quasdam
3100 5419 3431 5472 iinitatioues
3465 5431 3530 5469 ac

1963 5518 2282 5570 uinhratiles
2321 5515 2702 5569 similitudines
2731 5513 2914 5583 ﬁguris
2953 5524 3243 5578 expressas
3274 5509 3523 5560 taberna-

1964 5610 2138 5664 culum
2169 5609 2400 5663 habebut
2433 5623 2443 5658 :
2475 5607 2615 5660 Cum
2649 5607 2810 5670 enim,
2845 5604 3042 5672 inquit,
3070 5613 3120 5654 ut
3153 5600 3328 5654 omnia
3359 5600 3526 5668 [arias
