3882 6162
428 262 524 330 Τνὸ

1445 268 1504 328 S.
1548 269 1966 331 NICEPHORI
2002 266 2505 329 ΡΑΤΚΙΑΚΟΗΑΕ
2544 266 2653 328 CP.

3576 260 3685 323 795

422 394 479 433 re
511 378 749 449 proderit
782 376 1065 446 producto,
1096 379 1196 435 nisi
1226 380 1430 434 salvat?
1460 380 1613 448 Quod
1649 382 1695 436 si
1748 398 1854 437 non
1906 392 1991 436 est

2108 378 2381 451 ςεήσεται·
2450 379 2509 430 ἐν
2565 377 2666 430 τίνι
2707 373 2818 446 γάρ
2872 375 3056 445 ὀνήσει
3112 371 3174 427 ab
3239 371 3685 444 παραγόμενον,

422 468 615 531 bonus,
647 482 721 523 ne
747 466 885 522 Deus
941 468 1178 537 quidem,
1212 486 1384 540 neque
1426 471 1572 526 aliud
1599 474 1814 541 quidvis
1863 475 1991 529 crit.

421 558 558 613 Nam
590 558 911 628 producere,
946 560 1072 615 boni
1098 560 1330 615 oliicium
1363 572 1467 617 est.
1499 564 1780 630 Quomodo
1810 576 1991 618 autem

423 654 512 715 qui
537 652 750 707 salvarc
772 652 965 716 nescit,
1002 653 1319 718 ignorantiae
1354 655 1724 709 inﬁrmitatem
1767 656 1999 710 vitabit?

424 746 528 797 Aut
576 745 627 797 in
657 758 765 813 quo
794 743 1004 797 dill‘eret
1031 759 1059 797 a
1089 747 1375 809 creaturis,
1403 748 1451 801 si
1495 746 1698 817 aliquid
1740 748 1999 818 ignorat?

425 835 634 890 Ezenim
656 852 759 889 non
779 837 950 890 solum
973 836 1113 889 Deus
1129 852 1232 890 non
1250 840 1327 891 eri
1337 850 1376 903 ι,
1396 839 1488 893 sed
1512 853 1565 892 et
1582 841 1846 894 creaturis
1862 839 1997 895 infe-

424 931 539 979 rior
560 927 850 990 videbitur,
870 925 1139 996 siquidem
1158 931 1437 999 propheta:
1453 942 1506 985 et
1530 930 1621 984 alii
1655 931 1753 984 viri
1789 931 1998 1002 inclyti,

426 1016 589 1070 multa
615 1019 895 1084 praesentia
927 1029 983 1073 et
1015 1018 1192 1072 futura
1222 1035 1457 1084 superno
1482 1020 1685 1075 lumine
1729 1036 1998 1090 cognove-

382 1107 394 1187 ,ἓ
432 1120 585 1176 runt;
619 1110 813 1178 quibus
838 1111 1171 1178 hominibus,
1192 1111 1236 1165 si
1269 1125 1417 1167 certe
1445 1113 1738 1182 ignoravit,
1770 1128 1997 1181 prorsus

382 1200 390 1273 ξ
429 1202 605 1255 minor
625 1204 745 1255 erit.
783 1202 848 1256 Et
885 1205 927 1257 si
966 1220 1088 1258 cum
1122 1204 1228 1258 Deo
1252 1202 1399 1256 Patri
1431 1203 1602 1258 Filius
1629 1203 1771 1258 Dens
1807 1206 1952 1259 dicat
1981 1225 1997 1261 :

379 1278 388 1347 ί
429 1292 549 1347 Mea
568 1295 762 1359 omnia,
794 1307 883 1348 tua
913 1307 1030 1348 sunt
1063 1307 1110 1348 et
1145 1305 1236 1348 tua
1268 1310 1422 1359 mea;
1459 1305 1510 1349 et
1540 1295 1866 1362 clariﬁcatus
1883 1312 1999 1350 sum

427 1386 483 1439 in
500 1387 573 1438 eis
590 1386 634 1418 "
655 1402 669 1449 ;
687 1388 729 1439 si
760 1386 896 1439 forte
921 1386 1117 1455 aliquid
1138 1386 1202 1439 de
1229 1401 1407 1439 rerum
1422 1401 1628 1440 sunnua
1656 1387 1885 1456 ignoret,
1905 1405 2000 1440 tte-

426 1492 578 1531 cesse
599 1487 679 1531 est
714 1477 764 1530 id
797 1493 823 1529 a
860 1475 1021 1531 Patre
1052 1491 1264 1545 quoque
1299 1477 1568 1545 ignorari;
1608 1478 1748 1547 quod
1778 1479 1997 1545 quidem

430 1584 537 1636 ιπιε
561 1568 774 1623 caeteris
805 1570 1095 1623 absurdum
1144 1580 1229 1623 est
1256 1580 1310 1624 et
1360 1571 1745 1641 irreligiosum.
1776 1572 1996 1637 Deinde,

431 1659 511 1711 vel
545 1660 859 1713 naturaliter
889 1661 1110 1714 scientia
1132 1670 1302 1725 caret,
1336 1663 1418 1716 vel
1453 1663 1522 1716 ab
1551 1664 1656 1717 alio
1684 1666 1877 1732 quovis
1903 1680 2001 1734 per

428 1754 538 1801 vim
578 1748 677 1802 fuit
709 1749 794 1802 illa
831 1751 1115 1816 Spoliatus.
1144 1750 1199 1805 Si
1227 1753 1295 1805 ab
1340 1752 1446 1805 alio
1472 1753 1690 1820 quidem
1734 1754 2002 1808 violenter
2032 1739 2075 1794 Β

431 1839 657 1893 ιείοιιιὶιι
688 1840 932 1909 privatus
960 1840 1081 1907 l'uit,
1106 1842 1209 1896 erit
1232 1841 1322 1896 ille
1340 1843 1482 1897 alius
1504 1844 1802 1898 animosior
1822 1855 1878 1899 et
1893 1846 2003 1900 τοι·-

433 1929 556 1982 tior.
579 1927 673 1982 Sin
706 1931 1035 1985 naturaliter
1070 1932 1303 2003 ignorat,
1326 1947 1602 2002 nunquam
1631 1945 1816 2003 postea
1843 1936 1998 1991 sciet.

427 2017 562 2073 Nam
607 2036 728 2088 quae
774 2023 1094 2078 naturaliter
1145 2023 1305 2077 alicui
1331 2025 1539 2089 insunt,
1568 2040 1663 2094 per
1695 2041 1757 2080 se
1782 2027 2003 2097 quidem

428 2111 771 2176 etsistentia,
816 2129 924 2167 non
958 2114 1203 2168 exterius
1235 2114 1471 2181 invecta,
1504 2131 1609 2168 non
1638 2124 1851 2171 mutant
1875 2133 2006 2171 con-

428 2202 629 2270 genita.
662 2202 755 2257 Est
788 2205 987 2274 quippe
1027 2214 1233 2259 natura:
1267 2206 1571 2274 prolirium,
1597 2216 1655 2259 ut
1684 2207 1735 2261 in
1765 2208 2006 2278 physicis

428 2293 780 2363 qualitatibus
818 2295 890 2349 sit
918 2296 1292 2351 immutabilis.
1332 2296 1505 2367 Igitur
1557 2314 1832 2368 nunquam
1873 2302 2007 2369 ipsis

428 2401 554 2453 ipes
583 2385 773 2440 salutis
799 2386 927 2451 erit,
968 2386 1070 2441 nisi
1105 2387 1157 2441 in
1211 2388 1317 2442 alio
1344 2387 1510 2442 fuerit
1569 2391 1826 2458 reposita.
1870 2390 2006 2445 Nam

429 2473 524 2540 qui
548 2487 692 2528 nunc
750 2473 964 2530 salvare
1020 2476 1217 2543 nescit,
1255 2492 1429 2547 neque
1460 2480 1513 2533 in
1543 2488 1820 2548 posterum
1845 2481 2007 2536 sciet.

425 2561 714 2629 Quomodo
741 2579 870 2636 ergo
918 2569 1241 2623 innocentes
1266 2578 1429 2624 erunt
1477 2579 1532 2625 et
1563 2573 1836 2642 impunes,
1876 2573 2004 2628 dum

432 2660 484 2713 iu
499 2658 834 2729 Agnetarum
855 2661 1073 2732 impiam
1098 2662 1348 2741 haeresim
1370 2665 1795 2738 inciderunt,qui
1813 2678 2008 2738 putant

426 2751 674 2807 nescisse
721 2750 999 2807 Christum
1062 2754 1250 2810 horam
1303 2770 1367 2810 ac
1417 2756 1581 2825 diem,
1614 2773 1725 2826 quo
1769 2759 2007 2814 universi

429 2841 597 2912 hujus
618 2843 769 2899 orbis
793 2843 917 2900 llnis
938 2847 1045 2900 erit
1070 2846 1156 2901 “2
1187 2849 1331 2918 quod
1359 2849 1576 2918 quidem
1624 2850 1694 2905 ob
1718 2866 1872 2905 suam
1912 2852 2007 2905 hu-

432 2936 749 2989 manitatent
774 2938 1075 2991 testaudam
1109 2938 1368 2993 Servator
1399 2940 1543 2995 divis
1572 2942 1855 3011 discipulis
1890 2944 2005 2997 aie-

2099 474 2149 525 εί
2210 472 2283 542 μὴ
2338 469 2622 536 σώζεταις
2677 470 2727 521 εί
2781 467 2837 521 δὲ
2895 465 3100 536 ἀγαθὸς
3166 465 3270 519 οὐκ
3326 463 3528 529 εστιν,
3595 465 3693 518 οὺ-

2097 565 2153 618 δὲ
2201 564 2367 627 Θεόςο
2424 562 2534 617 οὐδ’
2585 563 2652 617 ἀν
2707 578 2761 614 τι
2820 559 2931 613 τῶν
2993 558 3171 613 ἄλλων
3223 556 3381 626 γνοίη
3409 572 3425 588 ·
3465 557 3529 610 τὸ
3579 556 3692 627 γὰρ

2101 658 2405 726 παράγειν,
2468 655 2742 731 ἀγαθοῦο.
2777 653 2897 717 πῶς
2963 653 3023 706 δὲ
3068 651 3281 718 ἀγνοῶν
3343 649 3568 714 σώζειν,
3632 650 3694 705 τὸ

2099 751 2198 821 τῆς
2225 751 2448 818 ἀγνοίας
2471 747 2818 818 διαφεύξεται
2849 746 3021 809 πάθος
3046 762 3062 812 ;
3098 744 3151 797 τί
3178 744 3236 796 δι
3266 742 3461 796 διοίσει
3492 741 3608 796 τῶν
3634 742 3693 795 ιν
3774 772 3780 776 ·

2104 843 2414 913 κτίσμασιν,
2448 844 2497 894 εί
2558 842 2747 907 ἀγνοεῖ
2774 838 2951 903 τιςοῠ
3003 836 3116 905 γὰρ
3183 835 3349 905 μόνον
3405 835 3471 887 οὐ
3530 834 3691 897 Θεὸς,

2101 934 2237 989 ἀλλά
2284 936 2380 987 καὶ
2409 932 2522 986 τῶν
2569 932 2888 1000 κτισμάτων
2919 930 3174 997 φανεῖται
3208 926 3651 997 καταδεέστερος
3675 944 3691 958 ο

2101 1009 2274 1093 εἰπερ
2308 1022 2586 1092 προφῆται
2640 1020 2738 1073 καὶ
2784 1018 2979 1088 ἄνδρες
3020 1018 3136 1072 ὅσοι
3188 1016 3695 1087 θεοκλυτήσαντες,

2103 1113 2277 1167 πολλά
2299 1112 2407 1165 τῶν
2435 1111 2605 1165 όντων
2640 1110 2736 1165 καὶ
2760 1111 3038 1180 ἐσομένων
3069 1107 3278 1163 ἄνωθεν
3327 1106 3695 1177 ὲνελάμφθηο

2103 1222 2204 1261 σαν
2237 1222 2252 1237 ο
2281 1199 2377 1268 ὧν,
2412 1206 2462 1258 εἰ
2491 1206 2592 1258 οὐκ
2618 1200 2783 1265 οἶδεν,
2811 1201 3250 1270 ἐλαττωθήσεται
3277 1200 3511 1262 πάντως
3537 1216 3553 1231 ο
3600 1200 3696 1251 καὶ

2103 1298 2153 1350 εί
2179 1296 2317 1366 πρὸς
2340 1295 2432 1348 τὸν
2463 1294 2597 1347 Θεὸν
2619 1295 2712 1347 καὶ
2743 1294 2975 1364 Πατέρα
2991 1296 3019 1347 ό
3045 1293 3176 1356 Υἱὸς
3207 1293 3304 1345 καὶ
3332 1291 3470 1353 Θεὸς
3495 1290 3656 1357 λέγει
3679 1331 3694 1352 ,

2109 1388 2184 1442 Τὰ
2203 1386 2315 1457 ἐμὰ
2334 1386 2531 1440 πάντα
2552 1384 2637 1439 σά
2658 1386 2809 1446 ἐστι.
2833 1385 2933 1439 καὶ
2958 1385 3031 1438 τὰ
3053 1384 3135 1439 σὰ
3155 1383 3290 1451 ἐμὰ,
3317 1382 3419 1438 καὶ
3449 1381 3701 1445 δεδόξα-

2101 1495 2248 1547 σμαι
2276 1478 2348 1532 ἐν
2384 1475 2591 1542 αὐτοῖς
2613 1493 2628 1509 ο
2666 1476 2926 1545 ἀγνοήσει
2957 1475 3015 1529 δέ
3042 1492 3097 1529 τι
3136 1475 3244 1527 τῶν
3273 1472 3437 1536 ὅλων,
3470 1474 3694 1542 ἀνάγκη

2100 1573 2197 1625 καὶ
2221 1571 2315 1626 τὸν
2348 1570 2569 1642 Πατέρα
2600 1568 2955 1639 ἠγνοηκέναι,
2972 1568 3001 1622 δ
3029 1567 3142 1620 τῶν
3172 1566 3352 1621 ἄλλων
3378 1567 3538 1629 ἐστὶν
3565 1568 3699 1619 ἀτο-

2101 1660 2350 1731 πώτερόν
2397 1679 2456 1716 τε
2487 1663 2583 1717 καὶ⁸
2616 1660 2922 1730 ἀθεώτερον
2953 1675 2966 1687 ·
2998 1659 3193 1712 ἔπειτα
3233 1658 3493 1728 φυσικῶς
3539 1658 3697 1711 ἐστέ-

2107 1768 2274 1822 ρηται
2301 1752 2402 1822 τῆς
2431 1750 2706 1821 γνώσεως,
2730 1750 2763 1821 ἢ
2790 1750 2922 1821 παρ’
2947 1750 3139 1819 ἑτέρου
3167 1749 3269 1819 τὴν
3295 1749 3564 1818 στέρησιν
3594 1763 3702 1801 πα-

2106 1841 2214 1896 θὼν
2239 1843 2397 1912 ἔσχεν
2428 1859 2444 1910 ;
2484 1845 2534 1895 εί
2560 1842 2660 1911 μὲν
2689 1843 2817 1909 παρ’
2848 1839 3012 1896 ἀλλον
3060 1838 3352 1910 βεϐίασται
3397 1839 3703 1910 ἡρπασμέο

2105 1948 2195 1995 νος
2224 1935 2323 2003 τὴν
2359 1934 2582 2003 γνῶσιν,
2611 1933 2705 1985 καὶ
2734 1931 2887 1986 ἔσται
2914 1934 2942 1986 ό
2970 1929 3279 2002 ἀφῃρηκὼς
3301 1929 3703 1999 ἀλκιμώτερὸς

2105 2042 2166 2078 τε
2224 2027 2319 2078 καὶ
2378 2025 2837 2092 εὐσθενέστεροςο
2876 2023 2927 2075 εί
2977 2021 3036 2075 δὲ
3091 2018 3257 2089 φύσει
3307 2021 3537 2087 ἀγνοεῖ,
3576 2020 3699 2072 σῦδὲ

2107 2115 2316 2169 εἴσεταί
2341 2131 2473 2168 ποτε
2505 2130 2517 2142 ·
2548 2113 2621 2167 τὰ
2657 2114 2767 2184 γάρ
2799 2113 2963 2183 φύσει
2987 2113 3096 2165 τινὶ
3124 2109 3354 2165 αὐτόθεν
3383 2110 3698 2180 προσόντα.

2108 2208 2230 2264 καθ’
2261 2206 2433 2262 ἑαυτά
2463 2224 2528 2276 γε
2559 2207 2709 2272 δντα,
2749 2206 2851 2260 οὐκ
2873 2203 3080 2269 ἔξωθεν
3112 2202 3457 2266 ἐπεισιόντα,
3485 2200 3553 2253 οὐ
3602 2217 3699 2270 με·

2106 2301 2364 2356 τασάλλει
2382 2297 2777 2370 συμπεφυκότα
2797 2313 2811 2327 ·
2840 2296 3059 2367 φύσεως
3078 2294 3184 2367 γὰρ
3213 2294 3347 2348 ἴδιον
3370 2292 3703 2363 ἀμεταπτώ⁹

2109 2410 2214 2457 τως
2274 2393 2418 2463 ἔχειν
2470 2394 2530 2446 ὲν
2579 2394 2691 2454 τοῖς
2740 2391 2993 2459 φυσικοῖς
3039 2387 3368 2455 ίδιώμασινο
3398 2384 3699 2439 οὐκοῦνοῦ

2111 2501 2241 2538 ποτε
2276 2485 2460 2546 αὐτοῖς
2509 2481 2579 2535 τά
2605 2484 2704 2549 τῆς
2744 2480 3022 2549 σωτηρίας
3064 2476 3489 2547 ὲλπισθήσεται,
3516 2477 3569 2528 εί
3625 2477 3700 2546 μὴ

2109 2575 2168 2628 ἂν
2200 2573 2372 2645 ἑτέρῳ
2426 2572 2708 2626 κείσεται·
2742 2573 2771 2625 ό
2799 2571 2907 2641 γὰρ
2967 2568 3062 2623 νῦν
3121 2568 3223 2621 οὒκ
3263 2565 3427 2630 εἰδὼς
3479 2565 3698 2631 σώζειν,

2068 2684 2075 2692 ·
2110 2664 2231 2718 οὐδὲ
2279 2665 2337 2716 ὲν
2386 2666 2499 2726 τοῖς
2559 2662 2749 2716 ἔπειτα
2795 2662 3004 2714 εἴσεται
3043 2675 3058 2689 ο
3091 2658 3209 2721 πῶς
3231 2657 3276 2709 δ’
3302 2653 3398 2711 οὖν
3425 2656 3620 2721 ἕξουσι
3642 2656 3701 2709 τδ

2110 2754 2496 2810 ἀκαταιτίατον
2545 2754 2639 2807 καὶ
2695 2750 2987 2807 ἀνεύθυνον
3021 2792 3038 2815 ,
3093 2751 3162 2821 τῇ
3220 2747 3333 2802 τῶν
3384 2748 3702 2819 λεγομένων

2110 2846 2419 2917 ’Δγνοητών
2452 2844 2641 2915 ἀνοσία
2670 2842 3156 2915 περιπεπτωκότες
3200 2840 3440 2911 αἱρέσει,
3470 2841 3522 2893 οἳ
3550 2838 3706 2906 δοξά-

2113 2938 2295 3001 ζουσιν
2325 2939 2537 3004 ἀγνοεῖν
2558 2936 2647 2989 τὸν
2670 2934 2905 3004 Χριστὸν
2932 2934 3031 3003 τὴν
3053 2932 3202 3003 ὥραν
3233 2949 3294 2985 τε
3318 2933 3417 2985 καὶ
3460 2932 3703 3002 ἡμέραν,

430 3025 551 3092 bat;
583 3026 662 3079 vel
697 3027 924 3094 prodere
948 3028 1180 3092 distulit,
1209 3032 1339 3098 quia
1371 3035 1511 3085 haud
1541 3034 1673 3087 utile
1716 3034 1849 3102 ipsis
1890 3045 2005 3088 crat

2113 3030 2235 3084 καθ’
2272 3030 2337 3099 ἢν
2388 3028 2543 3080 τοῦδε
2580 3027 2674 3080 τοῦ
2713 3027 2915 3090 παντὸς
2944 3026 3065 3096 ἣξει
3100 3026 3171 3078 τὸ
3208 3025 3433 3093 πέρας;
3476 3026 3619 3096 ὅπερ
3645 3021 3705 3077 τι

433 3117 697 3171 idaudire
736 3132 800 3171 ac
826 3119 1063 3183 rescire;
1094 3123 1352 3188 quoniam
1394 3122 1537 3176 haud
1561 3138 1710 3192 requa
1740 3124 2004 3177 sciscitati

432 3210 669 3271 fuerant,
698 3216 754 3260 et
782 3207 984 3276 majora
1013 3212 1316 3277 capacitate
1348 3227 1445 3265 sua
1475 3214 1687 3268 discere
1713 3214 2004 3283 volebant;

432 3300 516 3353 vel
538 3301 663 3369 quia
687 3302 986 3367 prudenter
1013 3302 1203 3355 maluit
1231 3303 1491 3358 simulare
1507 3319 1566 3359 se
1586 3307 1818 3371 nescire,
1845 3323 2006 3376 quam

433 3389 718 3445 scientiam
753 3389 933 3445 fassus
958 3400 1012 3445 et
1047 3401 1229 3445 tamen
1274 3392 1479 3457 celans,
1509 3408 1604 3449 eos
1638 3396 2004 3466 contristare;

433 3482 518 3536 vel
540 3482 772 3552 denique
799 3483 942 3538 aliud
973 3484 1102 3554 quid
1133 3483 1340 3538 utiliter
1363 3494 1417 3539 et
1459 3496 1619 3554 prout
1654 3488 1819 3542 Deum
1852 3493 2008 3545 dece-

432 3578 526 3630 bat
555 3574 739 3629 animo
785 3588 1027 3628 versans.
1055 3572 1190 3627 Nam
1214 3587 1361 3628 certe
1388 3576 1503 3644 ipse
1537 3592 1659 3631 cum
1694 3577 1840 3632 Dens
1865 3590 2010 3633 esset

432 3680 488 3721 ct
519 3666 758 3721 Verbum
792 3676 953 3737 atque
993 3666 1293 3736 Sapientia,
1337 3684 1516 3721 rerum
1551 3671 1795 3723 omnium
1822 3672 2011 3739 exiilu.

434 3760 609 3811 ratam
666 3757 897 3812 habebat
956 3758 1231 3812 notitiam.
1275 3757 1359 3812 Nil
1402 3772 1581 3814 autem
1636 3763 1855 3825 mirum,
1884 3763 2007 3816 sibi

431 3850 730 3920 magistros
747 3864 877 3904 suos
906 3850 1139 3905 Arianos
1164 3851 1219 3904 in
1250 3852 1459 3905 cunctis
1483 3864 1795 3921 sequentes,
1824 3855 1874 3907 in
1910 3855 2011 3909 hac

428 3956 650 4009 quoque
698 3942 976 4010 impietate
1027 3950 1394 3996 assectantur.
1457 3941 1591 3994 Nam
1648 3954 1846 4012 praeter
1874 3946 2010 4000 alias

427 4033 763 4103 impietates,
818 4036 941 4088 haec
974 4049 1188 4103 quoque
1216 4034 1438 4102 grandis
1480 4033 1691 4088 illorum
1746 4036 2012 4107 irreligio-

428 4126 567 4179 sitas
593 4125 852 4193 est,quod
878 4125 942 4179 de
968 4123 1272 4192 ignorantia
1296 4122 1570 4178 Christum
1601 4134 1880 4180 accusant.

2116 3123 2235 3176 κατ’
2258 3121 2422 3175 αὑτὸν
2471 3119 2812 3187 ἀνθρώπινον
2870 3116 3228 3188 πιστούμενος
3274 3117 3304 3167 ὁ
3340 3118 3563 3187 Σωτὴρ.
3593 3121 3704 3181 τοῖς

2111 3212 2417 3274 θεσπεσίοις
2487 3211 2756 3281 μαθηταῖς
2813 3209 3019 3276 ἔλεγεν,
3056 3210 3089 3280 ἢ
3130 3208 3210 3277 τῷ
3263 3209 3343 3280 μὴ
3391 3210 3703 3281 συμφέρειν

2110 3304 2294 3366 αὐτοῖς
2319 3301 2551 3356 ἀκοῦσαι
2585 3302 2679 3356 καὶ
2699 3303 2800 3354 ἀνα
2809 3300 3000 3371 μαθεῖν
3027 3300 3498 3370 ἀναϐαλλόμενος,
3538 3302 3619 3364 ὡς
3641 3302 3704 3354 οὐ

2108 3393 2335 3456 δεόντως
2382 3391 2920 3460 διαπυνθανομένοις,
2953 3392 3050 3443 καὶ
3081 3392 3308 3461 μείζονα
3344 3391 3379 3461 ἢ
3413 3390 3543 3443 καθ’
3570 3392 3700 3442 ἑαυ-

2110 3486 2235 3546 τοὺς
2264 3482 2620 3554 μάθῃ-διῶσιν,
2654 3482 2688 3551 ἦ
2712 3483 3071 3553 οἰκονομικῶς
3098 3481 3594 3552 σχηματισάμενος
3625 3482 3703 3550 μὴ

2112 3574 2310 3626 εἰδέναι
2341 3571 2491 3637 δόξαι
2548 3572 2832 3643 μᾶλλον,ἢ
2872 3572 3052 3625 εἰδότα
3101 3572 3196 3624 καὶ
3227 3572 3703 3642 ἀποκρυψάμενον

2112 3670 2322 3727 λυπεῖν,
2356 3666 2389 3737 ἢ
2420 3665 2607 3735 ἕτερόν
2632 3682 2684 3718 τι
2716 3663 3006 3737 χρησίμως
3042 3664 3142 3717 καὶ
3169 3663 3504 3735 θεοπρεπῶς
3550 3666 3705 3717 οἱκο-

2113 3759 2295 3828 νομῶν
2324 3777 2337 3788 ·
2369 3758 2493 3811 ἐπεὶ
2524 3759 2657 3822 Θεὸς
2686 3757 2761 3810 ὢν
2789 3760 2819 3811 ὁ
2847 3757 3013 3821 αὐτὸς
3042 3757 3139 3811 καὶ
3168 3757 3346 3825 Λόγος
3379 3758 3479 3809 καὶ
3509 3757 3702 3825 Σοφία,

2115 3856 2333 3908 πάντων
2357 3849 2468 3922 εἶχε
2492 3853 2590 3923 τὴν
2620 3852 2824 3920 γνῶσιν
2849 3867 2860 3878 ·
2893 3850 3047 3903 οὐδὲν
3075 3849 3133 3902 δὲ
3185 3850 3531 3919 θαυμαστὸν,
3564 3850 3616 3900 εἰ
3647 3849 3701 3899 ἐν

2114 3947 2250 3999 πᾶσι
2274 3948 2387 4007 τοῖς
2408 3944 2746 4004 διδασκάλοις
2777 3940 2952 3995 αὐτῶν
2976 3943 3088 4001 τοῖς
3105 3940 3554 4010 Ἀρειομανίταις
3581 3938 3705 3990 ἑπό-

2119 4056 2290 4109 μενοι,
2322 4039 2423 4090 κάν
2471 4036 2645 4106 τούτῳ
2677 4034 2754 4105 τῷ
2801 4033 3111 4103 ἀσεϐήματι
3154 4030 3654 4100 ὲπακολουθὴσωσι
3685 4041 3701 4057 ’

2119 4131 2257 4200 μετά
2284 4130 2387 4199 γάρ
2422 4145 2504 4182 τοι
2533 4127 2641 4180 τῶν
2671 4125 2846 4180 ἄλλων
2889 4123 3069 4177 αὐτῶν
3098 4120 3541 4192 δυσσεϐημάτων
3562 4162 3582 4185 ,
3612 4122 3705 4175 καὶ

2115 4224 2213 4293 τὴν
2242 4221 2465 4288 ἄγνοιαν
2498 4218 2587 4270 ἐπὶ
2625 4216 2861 4288 Χριστοῦ
2894 4213 3380 4286 καταγορεὺουσιν.

505 4382 595 4437 Π.
630 4382 783 4449 Quod
818 4383 861 4436 si
900 4382 1114 4438 salvare
1177 4385 1376 4450 sciens,
1409 4395 1587 4442 tamen
1644 4388 1840 4458 noluit,
1877 4391 2005 4446 invi-

2187 4402 2283 4466 οζ’.
2318 4402 2379 4456 ΕΞ
2401 4400 2459 4454 δὲ
2489 4397 2646 4462 εἰδὼς
2677 4397 2875 4461 σώζειν
2914 4398 3014 4450 οὐκ
3054 4394 3360 4466 ἠϐουλήθη,
3393 4393 3701 4465 βασκανίας

431 4474 538 4527 diae
568 4473 667 4542 ipsi
731 4474 1038 4544 passionem
1070 4486 1383 4545 aspergunt,
1412 4478 1552 4547 quod
1595 4479 1777 4548 priore
1824 4483 2009 4537 vitium

436 4564 606 4619 multo
636 4568 995 4620 estatrocius.
1020 4566 1302 4634 Quoiuodo
1326 4569 1452 4624 item
1494 4570 1636 4625 Deus
1666 4583 1775 4639 est,
1807 4575 1852 4628 si
1885 4577 2013 4645 quid

431 4655 711 4723 patiatur?
737 4656 896 4728 251
919 4656 1050 4712 Nam
1080 4660 1313 4728 passioni
1337 4672 1701 4720 consectanea
1725 4673 1809 4720 est
1840 4674 2001 4719 muta-

430 4747 513 4801 tio
544 4763 559 4801 :
585 4748 674 4816 qui
695 4763 821 4802 vero
845 4759 1107 4812 mutatur,
1134 4750 1270 4803 idem
1299 4760 1353 4805 ct
1410 4762 1584 4806 status
1643 4753 2010 4807 όίνοι-δίιςιιοηι

426 4842 765 4909 mperictur.
791 4841 1071 4905 Quomodo
1098 4853 1278 4895 autem
1305 4841 1469 4908 Deus,
1503 4843 1593 4912 qui
1648 4845 1890 4898 diversus
1920 4845 2013 4899 lit?

428 4932 586 4998 Quod
619 4934 664 4987 si
698 4934 865 4988 noluit
914 4934 1149 5001 salvare,
1183 4948 1279 4988 cur
1311 4950 1375 4990 ex
1407 4951 1512 4990 non
1548 4937 1842 4990 exsistcnte
1888 4952 2012 5005 pro-

432 5025 626 5079 duxit?
647 5042 770 5080 nam
802 5042 939 5096 quos
962 5026 1172 5082 salvarc
1206 5027 1399 5092 uoluit,
1431 5043 1497 5082 ne
1544 5028 1846 5095 producere
1893 5030 2013 5097 qui.

431 5123 555 5172 dem
588 5119 791 5173 debuit.
820 5116 955 5172 Nam
990 5120 1034 5173 si
1064 5119 1311 5188 producit
1346 5121 1587 5188 quidem,
1619 5121 1712 5172 sed
1757 5137 1862 5172 nun
1895 5120 2003 5172 sal-

434 5221 543 5276 mt,
577 5213 730 5279 quasi
754 5210 879 5268 facti
902 5214 1220 5283 pmnitentia
1247 5213 1319 5267 ita
1368 5227 1427 5267 se
1459 5226 1674 5282 gerens,
1708 5215 2013 5267 contrarius

435 5307 547 5373 ipse
590 5305 690 5358 sibi
749 5305 1037 5359 videbitur.
1069 5305 1350 5372 Quomodo
1390 5305 1466 5368 id,
1499 5306 1757 5373 inquam?
1782 5304 1912 5357 Nam
1964 5305 2010 5361 si

435 5397 757 5459 producere,
788 5396 913 5449 boui
956 5398 1232 5465 proprium
1268 5407 1373 5460 est,
1404 5398 1453 5449 id
1485 5396 1661 5465 ipsum
1698 5406 1751 5451 et
1775 5398 2010 5451 salvare.

436 5486 569 5541 l‘luu
626 5503 978 5555 corrumpere
1029 5501 1082 5543 et
1143 5490 1389 5557 perdere.
1431 5489 1719 5543 haudhoni
1774 5488 2010 5545 ollit'ium

436 5589 537 5634 est,
563 5576 654 5627 sed
686 5579 834 5629 ntali.
867 5579 1117 5631 Cuntrari
1145 5596 1212 5632 nu
1266 5592 1443 5633 autent
1495 5582 1633 5634 bmio
1670 5578 1865 5634 malum
1907 5591 2009 5635 est.

505 5685 727 5744 "Joan.
768 5708 897 5759 uti,
934 5695 1015 5749 l0.
1042 5697 1295 5750 "Matth.
1337 5699 1595 5766 wv,5‘3.

2110 4495 2274 4550 πάλιν
2327 4493 2479 4562 αὐτῷ
2530 4490 2704 4555 πάθος
2755 4490 3221 4562 προστρίψονται,
3259 4489 3355 4541 τοῦ
3429 4489 3697 4559 προτέρου

2109 4584 2293 4654 πολλῷ
2326 4580 2709 4654 χαλεπώτερον
2731 4598 2744 4610 ·
2778 4580 2875 4632 καὶ
2922 4580 3042 4643 πῶς
3075 4578 3235 4641 Θεὸς,
3283 4580 3593 4647 εί-πάτχει
3618 4595 3696 4639 τις

2107 4675 2188 4747 τῷ
2215 4675 2325 4745 γὰρ
2352 4674 2605 4743 πάσχειν,
2634 4672 2730 4723 καὶ
2747 4670 2924 4742 τροπὴ
2950 4670 3261 4741 παρέπεται
3286 4685 3301 4699 ·
3336 4671 3406 4739 τῇ
3439 4671 3502 4723 δὲ
3530 4670 3696 4737 τροπῇ

2112 4767 2331 4827 πάντως
2377 4764 2473 4817 καὶ
2505 4760 2795 4814 ἀλλοίωσιν
2832 4761 3087 4813 πείσεται
3118 4777 3132 4789 ο
3166 4760 3263 4812 καὶ
3302 4759 3424 4821 πῶς
3465 4759 3603 4823 Θεὸς
3643 4757 3697 4810 τὸ

2112 4853 2530 4923 ἀλλοιούμενονς
2590 4853 2638 4903 εί
2691 4851 2749 4903 δὲ
2804 4852 2906 4902 οὐκ
2955 4848 3232 4920 ἠϐουλήθη
3296 4848 3526 4912 σώζειν,
3589 4846 3696 4909 πῶς

2114 4946 2354 5015 παράγει
2402 4944 2466 4995 ὲκ
2500 4942 2595 4994 τοῦ
2636 4941 2710 5011 μὴ
2742 4941 2939 5007 δντος;
2974 4939 3009 4994 ἀ
3044 4941 3163 5008 γὰρ·
3185 4941 3248 4993 οὐ
3289 4937 3555 5009 βούλεται
3602 4936 3695 4991 otii-

2111 5033 2399 5099 ζειν,οὑδὲ
2460 5032 2733 5101 παράγειν
2767 5032 2912 5085 ἔδει·
2972 5033 3021 5084 εἰ
3071 5032 3127 5084 δὲ
3177 5034 3431 5103 παράγει
3486 5029 3689 5101 μὲν,οΰ

2113 5126 2275 5192 σώζει
2301 5126 2378 5186 δὲ,
2410 5125 2486 5187 ὡς
2509 5126 2573 5177 ἐκ
2605 5122 2975 5193 μεταμελείας
3003 5123 3082 5185 είς
3111 5122 3280 5175 τοῦτο
3313 5122 3518 5187 ἐλθὼν,
3550 5125 3689 5176 ὲναν·

2119 5218 2231 5281 cio;
2260 5216 2420 5279 αὐτὸς
2456 5213 2637 5284 ἐαυτῷ
2685 5217 2941 5282 φανεῖται
2966 5230 2979 5241 ·
3035 5215 3132 5266 καὶ
3187 5213 3309 5275 πῶς
3359 5213 3483 5267 ἔστι
3516 5211 3688 5271 reita;

2117 5309 2165 5361 εἰ
2199 5308 2309 5378 γὰρ
2341 5306 2402 5358 τὸ
2430 5309 2698 5375 παράγειν
2723 5302 2955 5372 ἀγαθοῦ,
3005 5306 3100 5357 καὶ
3132 5302 3195 5357 τὸ
3236 5303 3442 5369 σώζειν
3490 5303 3683 5373 δήπου·

2114 5398 2176 5451 τὸ
2212 5396 2456 5467 φθείρειν
2482 5397 2590 5466 γάρ
2633 5394 2731 5448 καὶ
2761 5393 3054 5447 ἀπολλύειν
3080 5433 3096 5458 ,
3152 5394 3259 5448 οὐκ
3312 5393 3547 5463 ἀγαθοῦ,
3568 5388 3687 5444 ἀλλ-ἱ

2113 5487 2320 5544 κακοῦ⁹
2360 5485 2663 5541 ἀντίκειται
2692 5486 2747 5538 δὲ
2776 5484 2851 5553 τῷ
2885 5484 3076 5554 ἀγαθῷ
3120 5484 3180 5536 τὸ
3228 5485 3405 5539 κακόν
3433 5502 3448 5517 ·
3490 5482 3610 5552 περὶ
3638 5478 3683 5531 ἂν

2115 5578 2170 5631 δὶ
2210 5579 2303 5631 καὶ
2334 5578 2394 5629 τὸ
2425 5577 2555 5631 αὐτὸ
2581 5578 2670 5629 καὶ
2707 5577 2844 5629 κατὰ
2878 5576 3071 5627 ταυτὸν
3103 5575 3170 5628 τᾶ
3203 5574 3561 5645 ἀντικείμενα
3586 5572 3688 5640 ἄρα
