3882 6162
1564 4 1587 15 _—
1632 0 2031 13 ζρν--μυ--ην
2106 0 2185 7 η..-
2216 0 2291 3 ἡκ

211 387 321 450 791
1093 380 1656 459 APOLOGETICUS
1692 398 1842 460 PRO
1881 400 2146 462 SACRIS
2190 402 2663 464 lMAGINlBUS.
3367 404 3505 466 τοι

215 498 582 569 συνυπάρξαι,
605 499 873 554 ἀδύνατον
894 517 907 530 ⁸
956 502 1073 564 πῶς
1108 498 1204 558 οὖν
1251 504 1405 558 ἔσται
1465 504 1619 575 παρά
1649 504 1777 574 Θεῷ,

1899 505 2068 561 Porro
2112 508 2259 575 circa
2318 523 2479 562 unam
2545 506 2899 576 eamdemque
2956 522 3120 572 rem,
3179 505 3472 575 eodemque

209 589 347 642 ὅπου
386 605 449 657 γε
485 589 592 642 οὐδ’
617 592 677 643 ὲν
708 593 821 655 τοῖς
866 595 1115 662 γενητοῖς
1167 593 1314 647 τοῦτ’
1360 593 1427 648 ἀν
1476 593 1627 665 εὖροι
1660 610 1783 658 τις;

211 680 430 742 πολλοῖς
458 680 567 751 γὰρ
600 680 661 733 τὸ
705 682 997 753 εὑδὸκιμον
1054 685 1113 736 ἐν
1156 684 1493 756 ἀμφοτέροις
1528 685 1784 754 πάρεστι,

207 771 305 824 καὶ
336 770 733 840 ἐργαζομένοις
764 772 889 825 τινὰ
939 775 1033 827 καὶ
1085 774 1531 844 ὲπιμε).ομὲνοις.,
1574 774 1670 827 καὶ
1704 775 1786 837 εἰς

207 863 270 917 τὸ
306 860 504 926 σώζειν
536 862 632 937 καὶ
657 863 934 931 διαμένειν
953 863 1150 927 ταῦτα,
1196 867 1319 928 ταῖς
1351 864 1609 928 σπουδαῖς
1638 881 1787 935 χρω-

211 953 395 1022 μένοις
426 954 522 1007 καὶ
545 956 667 1018 ταῖς
704 953 1071 1018 εὐσθενείαις³
1117 957 1165 1008 εί
1204 955 1278 1027 μὴ
1318 956 1415 1009 καὶ
1451 955 1659 1009 τούτων
1694 955 1788 1009 τὸν

208 1045 337 1098 Ti?”
369 1043 736 1099 ἐλαττώσουσι
768 1062 782 1075 ·
810 1044 926 1108 πῶς
950 1046 1009 1098 δὲ
1063 1050 1159 1099 καὶ
1188 1047 1361 1109 αἴτιος
1401 1046 1514 1100 τῶν
1563 1045 1788 1109 ἀγαθῶν

209 1138 404 1208 ῥηθείη
432 1137 521 1197 ἂν.
558 1138 605 1189 εί
637 1138 696 1189 τὸ
735 1136 1042 1208 πρώτιστον
1073 1137 1184 1192 τῶν
1216 1138 1436 1207 ἀγαθῶν
1479 1138 1541 1190 τὸ
1588 1137 1788 1201 σώζειν

205 1230 272 1282 οὐ
301 1228 558 1297 βούλεται
584 1245 598 1293 ;
627 1227 708 1280 ἔτι
740 1232 789 1281 εί
831 1229 890 1280 οὐ
934 1227 1184 1297 βούλεται
1220 1229 1438 1294 σώζειν,
1472 1228 1594 1282 οὐδὲ
1646 1245 1786 1298 προ·

206 1322 356 1372 νοεῖ·
380 1319 543 1371 τίνων
574 1319 684 1387 γάρ
721 1318 787 1371 ἂν
825 1320 912 1388 εἴη
946 1319 1195 1387 πρόνοια,
1224 1320 1324 1372 οὐκ
1348 1320 1501 1383 ὄντος
1533 1320 1627 1373 τοῦ
1678 1337 1785 1373 σω-

204 1407 473 1475 ζομένου;
512 1407 620 1460 τῶν
651 1408 758 1478 γὰρ
790 1406 955 1460 ἓνεκά
1000 1424 1115 1472 του,
1169 1410 1201 1477 ἠ
1262 1408 1490 1476 πρόνοια
1518 1424 1532 1439 ·
1576 1410 1624 1460 εἰ
1676 1409 1787 1479 γὰρ

204 1498 446 1563 «paveat,
485 1493 680 1555 σώζειν
704 1495 764 1547 οὐ
791 1493 1139 1564 βουλόμενος,
1170 1493 1349 1563 ἑαυτῷ
1377 1492 1745 1546 ἀντικείσεται
1764 1508 1779 1525 ’

200 1586 362 1639 τοῦτο
396 1586 453 1637 δὲ
486 1584 639 1638 οὐδὲν
665 1584 853 1654 ἔτερόν
882 1587 997 1637 ἐστι
1027 1584 1229 1651 λέγειν,
1275 1583 1308 1653 ἢ
1338 1585 1418 1635 ὅτι
1457 1582 1492 1637 ἀ
1520 1582 1774 1651 βούλεται

200 1679 266 1729 οὗ
299 1676 551 1745 βούλεται
574 1691 587 1703 ·
624 1673 743 1730 εἶτα
773 1678 821 1728 εί
852 1677 913 1729 οὐ
942 1678 1181 1747 προνοεῖ,
1225 1675 1347 1727 οὐδὲ
1390 1660 1592 1742 ἀγαθός
1638 1675 1782 1725 ἐστι·

202 1769 300 1820 καὶ
328 1769 377 1819 εί
401 1768 502 1819 οὐκ
520 1765 739 1833 ἀγαθὸς.
778 1764 993 1835 μεθέξει
1021 1782 1073 1817 τι
1104 1764 1213 1816 τῶν
1262 1764 1433 1815 ὄντων
1464 1763 1651 1825 αὑτοῦ,
1689 1763 1785 1815 καὶ

1894 606 2173 653 momento
2228 600 2499 653 contraria
2542 598 2706 653 simul
2735 601 3087 665 coexsistere,
3136 596 3475 669 impossibile

1889 697 1993 742 est.
2027 687 2309 753 Quomodo
2357 699 2536 745 autem
2575 690 2627 744 in
2673 689 2784 745 Deo
2811 692 2919 753 fiet,
2949 689 3095 759 quod
3123 704 3192 744 ne
3230 690 3281 743 in
3318 683 3470 744 erea-

1889 780 2025 833 turis
2078 779 2296 847 quidem
2355 782 2657 852 comperire
2706 782 2832 836 est?
2874 782 3059 836 Multis
3095 781 3240 836 enim
3292 780 3470 848 placet

1891 880 2209 942 utrumque,
2241 880 2295 926 et
2327 871 2511 927 facere
2545 872 2755 928 scilicet
2792 882 2847 927 et
2884 888 3067 927 curam
3103 872 3227 926 facti
3256 885 3466 941 gerere,

1888 968 1944 1015 et
1966 961 2210 1016 salvandi
2235 964 2703 1031 conservandique
2724 977 2887 1018 causa
2922 961 3100 1015 studia
3143 970 3470 1028 expromunt

1889 1059 1944 1105 et
1973 1052 2136 1108 vires.
2167 1053 2278 1108 Nisi
2320 1054 2458 1108 forte
2484 1054 2567 1109 his
2589 1055 2752 1108 etiam
2780 1052 3094 1108 inferiorem
3149 1051 3345 1105 Filium
3383 1049 3468 1102 di-

1889 1152 2039 1198 cunt.
2066 1142 2347 1209 Quomodo
2382 1145 2590 1199 demum
2633 1160 2797 1200 causa
2848 1144 3112 1198 bonorum
3163 1143 3394 1203 dicetur,
3420 1141 3465 1195 si

1889 1231 2219 1299 priecipuum
2243 1232 2529 1295 honorum,
2553 1234 2604 1287 id
2627 1246 2711 1287 est
2741 1234 2971 1297 salvare,
2991 1231 3169 1286 nolit?
3190 1231 3462 1284 Praaterea

1888 1307 1932 1376 si
1970 1338 2072 1376 non
2101 1322 2216 1376 vult
2248 1324 2482 1389 salvare,
2515 1340 2583 1378 ne
2620 1324 2878 1392 providus
2932 1324 3148 1392 quidem
3178 1330 3294 1386 est;
3332 1336 3456 1373 nam

1890 1413 2088 1482 quibus
2123 1414 2449 1482 providebit,
2482 1415 2526 1468 si
2572 1415 2861 1468 salvandus
2897 1414 3076 1468 desit?
3106 1411 3238 1465 Nam
3281 1413 3463 1480 previ-

1890 1503 2098 1567 denlia,
2130 1504 2183 1557 in
2221 1504 2451 1572 aliquem
2483 1504 2792 1559 necessario
2823 1504 3011 1557 tendit.
3047 1503 3218 1557 Porro
3248 1503 3292 1556 si
3323 1517 3463 1571 pro-

1887 1593 2035 1646 videt
2066 1595 2252 1647 nolens
2303 1595 2541 1657 salvare,
2594 1594 2707 1662 ipse
2751 1592 2853 1647 sibi
2895 1591 3296 1644 adversabitur.
3335 1588 3450 1643 Hoc

1888 1692 2063 1737 autem
2108 1685 2241 1738 nihil
2273 1683 2421 1739 aliud
2480 1686 2608 1749 erit,
2649 1685 2754 1739 nisi
2791 1684 2935 1753 quod
2974 1681 3105 1746 vult,
3141 1681 3299 1734 nolle.
3326 1680 3463 1733 Tum

1891 1774 1994 1828 nisi
2056 1775 2322 1843 providet,
2342 1775 2515 1828 bonus
2540 1790 2644 1827 non
2675 1782 2780 1839 est,
2818 1787 2993 1841 neque
3034 1787 3154 1825 cum
3221 1785 3279 1824 re
3329 1785 3463 1839 qua-

200 1857 375 1927 ταύτῃ
410 1857 530 1909 οὐδὲ
559 1856 735 1918 αἴτιος
771 1856 926 1908 ἔσται
958 1856 1066 1909 τῶν
1092 1855 1261 1908 ὄντων
1289 1870 1302 1883 ·
1335 1853 1583 1906 ἐκποδὼν
1622 1849 1715 1905 οὖν
1747 1855 1777 1922 ὴ

1890 1865 2020 1920 libet
2057 1841 2172 1921 sua
2215 1866 2664 1930 communicabit,
2687 1866 2931 1932 adeoque
2969 1879 3034 1918 ne
3056 1878 3215 1918 causa
3241 1861 3458 1930 quidem

201 1950 464 2018 πρόνοιατ
505 1947 763 2018 προνοίας
791 1947 847 1999 δὲ
874 1947 1251 2018 ἀνῃρημένης,
1286 1947 1402 2009 πῶς
1450 1943 1517 1997 ἂν
1548 1944 1783 2012 συσταίη

200 2042 271 2092 τὰ
309 2037 656 2109 ἀνθρώπεια;
685 2040 777 2091 καὶ¹
813 2037 867 2090 εἴ
911 2055 997 2101 τις
1049 2038 1224 2100 κτίσις
1261 2037 1424 2105 ἑτέρα
1460 2036 1612 2089 ἐστὶν
1642 2035 1785 2105 (οὐδὲ

199 2132 313 2201 γὶρ
336 2131 492 2195 τάξις
528 2132 587 2182 ἐν
619 2133 732 2192 τοῖς
758 2124 911 2183 οὖσιν
942 2127 1121 2193 ἔσται,
1153 2128 1187 2199 ἢ
1220 2128 1465 2198 ἁρμονία
1500 2128 1532 2197 ἦ
1572 2144 1785 2198 συμμε-

198 2225 331 2292 τρία
355 2221 786 2293 ὲπιτεθήσεται),
810 2221 975 2277 πόθεν
1002 2220 1111 2273 τῶν
1138 2221 1439 2290 γινομένων
1468 2221 1502 2289 η
1521 2218 1783 2282 εὔτακτος

199 2313 299 2365 καὶ
320 2311 580 2378 ἀνάλογος
608 2311 852 2381 διαδοχὴ,
897 2310 1155 2381 προνοίας
1179 2310 1281 2363 οὐκ
1325 2307 1528 2377 οὕσης;
1560 2308 1677 2371 πῶς
1720 2308 1777 2360 δὲ

197 2408 249 2457 οἱ
291 2403 572 2457 σπουδαῖοι
607 2405 708 2472 μὲν
745 2402 1193 2472 δοξασθὴσονται,
1229 2402 1279 2453 oi
1312 2401 1507 2469 φαῦλοι
1538 2400 1594 2452 δὲ
1625 2400 1784 2452 κολαο

200 2494 518 2563 σθήσονται;
545 2496 641 2546 καὶ
669 2493 786 2557 πῶς
808 2493 876 2546 τὰ
898 2493 1333 2564 ἁμαρτανόμενα
1357 2491 1772 2561 ἐλεγχθήσεται,

197 2584 709 2654 ἀποδεχθήσεταιδὲ
743 2584 810 2638 τά
849 2584 1301 2657 κατορθούμενα;
1354 2582 1587 2654 ἀργοῦσι
1624 2581 1780 2650 νόμοι

197 2677 295 2729 καὶ
326 2675 395 2728 τά
437 2674 988 2743 θεῖα.δικαιωτήρια’
1050 2672 1259 2743 οἴχεται
1299 2672 1355 2724 δὲ
1400 2669 1647 2740 βασιλεία
1687 2670 1781 2723 καὶ

196 2767 415 2836 γέεννα,
432 2767 466 2836 ἡ
501 2765 703 2836 μὲνδιά
722 2767 848 2827 τοὺς
874 2767 1169 2834 χρηστοὺς,
1196 2766 1229 2833 η
1253 2762 1309 2816 δὲ
1338 2762 1426 2815 διὰ
1448 2761 1575 2826 τοὺς
1608 2778 1777 2830 πονη-

206 2858 339 2928 ροὺς
368 2856 818 2929 εὐτρεπισθεῖσα·
852 2857 886 2928 ἢ
915 2854 1060 2911 οὕτω
1087 2871 1151 2924 γε
1184 2853 1309 2908 οὔτε
1356 2852 1561 2922 ἀγαθὸν
1608 2852 1780 2923 ὀφθή-

200 2965 355 3002 σεται
373 2948 464 3003 καὶ
483 2947 923 3016 ἐπαινεθήσεται,
950 2945 1072 3001 οὕτε
1090 2945 1259 2999 κακὸν
1286 2943 1664 3014 γνωσθήσεται
1683 2943 1780 2996 καὶ

197 3040 742 3110 καταγνωσθήσεται·
769 3038 1028 3107 σύγχυσις
1044 3034 1135 3090 οὖν
1154 3038 1247 3090 καὶ
1273 3035 1469 3099 ἀταξία
1487 3034 1565 3104 τῷ
1589 3032 1774 3087 παντί·

1886 1972 2069 2011 rerum
2123 1957 2249 2011 erit.
2292 1956 2512 2011 Sublata
2579 1956 2743 2024 igitur
2792 1954 3135 2024 providentia
3183 1960 3286 2008 est.
3329 1950 3464 2004 Pro-

1886 2045 2121 2099 videntia
2145 2061 2275 2100 vero
2327 2045 2560 2111 sublata,
2606 2045 2878 2113 quomodo
2918 2059 3004 2096 res
3036 2043 3286 2094 humanae
3331 2056 3463 2094 con-

1886 2136 2111 2191 sistent?
2146 2135 2214 2190 Et
2258 2136 2303 2189 si
2340 2135 2480 2189 forte
2531 2135 2634 2188 alia
2700 2142 2952 2188 creatura
2988 2134 3101 2196 sit,
3137 2146 3311 2200 neque
3372 2146 3461 2183 re-

1886 2243 2006 2282 rum
2064 2227 2441 2282 exsistentium
2512 2226 2665 2288 ordo,
2703 2240 2876 2293 neque
2936 2223 3218 2278 harmonia
3286 2235 3460 2290 neque

1886 2316 2202 2387 symmetria
2264 2316 2523 2380 accedet;
2557 2315 2823 2367 undenam
2869 2328 3050 2366 rerum
3104 2311 3355 2365 ordinata
3408 2318 3463 2365 et

1888 2406 2115 2476 analoga
2160 2406 2456 2470 successio,
2506 2403 2845 2472 providentia
2898 2402 3146 2458 sublata?
3174 2401 3460 2467 Quomodo

1886 2495 2024 2571 frugi
2062 2496 2306 2550 homines
2329 2494 2498 2564 gloria
2526 2494 2892 2554 donabuutur,
2930 2492 3055 2545 ntali
3079 2501 3258 2544 autem
3305 2503 3459 2557 paena

1884 2584 2297 2639 allicientur‘let
2347 2594 2568 2653 peccata
2648 2584 3061 2654 redarguentur,
3122 2591 3267 2635 recte
3321 2579 3460 2633 facta

1883 2674 2450 2731 commendabuntur?
2488 2672 2652 2728 Vana;
2712 2673 2845 2728 fient
2893 2671 3039 2743 leges
3103 2681 3158 2726 et
3217 2671 3459 2725 divinum

1885 2765 2154 2831 tribunal;
2210 2765 2349 2833 perit
2403 2779 2626 2834 regnum
2692 2773 2749 2817 et
2799 2763 3068 2834 gehenna,
3096 2761 3227 2816 illud
3282 2760 3457 2824 bonis,

1883 2856 2001 2910 haec
2027 2865 2208 2911 autem
2235 2855 2396 2910 malis
2432 2864 2623 2924 parata
2656 2853 2994 2924 :nequejam
3025 2853 3224 2908 bonum
3253 2849 3458 2920 aliquid

1879 2944 2152 3001 videbitur
2208 2960 2275 3001 ac
2302 2944 2631 3010 laudabitur,
2665 2957 2841 3014 neque
2897 2943 3097 2998 malum
3165 2942 3460 3013 quidquam

1883 3037 2193 3090 censebitur
2243 3044 2338 3089 aut
2410 3034 2779 3088 damnabitur.
2841 3031 3103 3086 Confusio
3154 3031 3356 3101 itaque,
3404 3038 3461 3085 et

196 3131 249 3182 εἰ
275 3129 331 3182 δὲ
359 3132 516 3197 φαῖεν
541 3130 798 3199 πρόνοιαν
823 3124 985 3192 εἶναι,
1010 3129 1059 3181 εί
1085 3126 1158 3197 μὴ
1178 3128 1207 3178 ὁ
1234 3126 1496 3196 παράγων
1531 3126 1774 3193 προνοεῖ.

1883 3125 2121 3179 omnium
2152 3141 2332 3180 rerum
2362 3125 2575 3179 cinnus.
2610 3124 2766 3190 Quod
2807 3124 2852 3179 si
2902 3126 3085 3178 dicant
3125 3138 3247 3178 esse
3280 3123 3462 3192 provi-

195 3220 411 3289 ἀνάγκη
444 3219 638 3289 ἑτέραν
660 3219 839 3273 αἰτίαν
857 3218 1026 3288 αὐτῆς
1055 3217 1276 3282 διδόναι,
1302 3215 1426 3269 καθ’
1447 3216 1515 3286 ἣν
1546 3217 1615 3267 τα
1640 3214 1769 3268 ὄντα

195 3307 574 3379 προνοούμενα
630 3306 972 3376 διεξάγεται·
1048 3306 1145 3359 καὶ
1214 3306 1417 3377 ταύτην
1466 3304 1500 3373 ἢ
1576 3302 1775 3374 ὁμοίαν

195 3400 395 3469 ἐκείνῳ
416 3399 449 3469 ἢ
473 3397 889 3468 ἀντικειμένην·
916 3398 1012 3450 καὶ
1034 3396 1082 3449 εἰ
1109 3397 1293 3466 ὁμοία,
1326 3397 1447 3449 οὐδὲ
1470 3394 1636 3464 ἄλλης
1658 3395 1738 3448 δεῖ
1759 3412 1773 3425 ·

194 3492 247 3547 εί
280 3489 337 3541 δὲ
372 3488 746 3559 ἀντικειμένη,
782 3488 1106 3557 ἀναιρετικά
1142 3487 1202 3540 δὲ
1233 3486 1478 3556 ἀλλήλων
1510 3486 1578 3538 τὰ
1616 3486 1770 3537 ἀντι-

196 3579 453 3649 κείμενα,
500 3579 595 3631 καὶ
622 3577 872 3647 ἀλλήλοις
905 3576 1219 3646 μαχόμενα,
1263 3575 1379 3638 πῶς,
1430 3574 1539 3628 τῶν
1602 3575 1775 3627 ὄντων

196 3668 459 3737 στήσεταί
490 3684 543 3720 τι
578 3666 611 3737 ἢ
644 3666 955 3735 σωθήσεται
981 3683 996 3725 ;
1020 3667 1116 3718 καὶ
1145 3666 1195 3717 τί
1232 3665 1424 3718 διοίσει
1475 3664 1647 3716 ταῦτα
1676 3663 1775 3730 τῆς

194 3759 517 3828 Μανιχαίων
590 3757 904 3828 ἀθεότητος,
976 3756 1068 3811 δύο
1140 3756 1317 3818 ἀθέως
1372 3755 1775 3824 εἰσηγουμένων

194 3848 407 3918 ἀρχάς;
440 3847 569 3900 εἰδὲ
595 3849 688 3901 καὶ
719 3847 873 3911 εἰδὼς
902 3847 996 3900 καὶ
1042 3845 1327 3917 βουληθεὶς
1380 3846 1481 3898 οὐκ
1527 3844 1771 3914 ἠδυνήθη

195 3943 394 4006 σῶσαι,
423 3942 456 4010 ἢ
480 3941 587 3995 τῶν
618 3941 863 4009 φυσικῶν
887 3941 1054 4007 ’ἐξεων
1080 3940 1177 3993 καὶ
1203 3938 1497 4009 ἐνεργειῶν
1541 3939 1771 3991 ἀτονου-

196 4035 310 4087 σῶν
360 4032 519 4086 τοῦτο
564 4031 826 4094 πέπονθε,
876 4035 970 4084 καὶ
1008 4031 1163 4083 ἔσται
1204 4029 1311 4082 τῶν
1361 4028 1538 4084 ἄλλων
1584 4028 1775 4084 παθῶν

195 4124 613 4194 ἐμπαθέστερον
639 4140 653 4154 ·
678 4125 711 4195 ἢ
737 4123 827 4192 ὑφ’
851 4123 1038 4194 ἐτέρου
1058 4139 1151 4176 του
1181 4123 1402 4185 πάντως
1431 4122 1772 4192 ἀπείργοιτο,

191 4218 292 4269 καὶ
326 4217 742 4285 τετυράννηται,
783 4216 879 4267 καὶ⁹
908 4212 1279 4285 ἡττηθήσεται
1333 4214 1432 4284 τὴν
1471 4215 1645 4284 ἰσχὺν,
1679 4214 1775 4267 καὶ

188 4305 398 4360 ἔσταιὸ
438 4306 663 4359 κωλύων
700 4305 1116 4375 εὐσθενέστερός
1152 4321 1212 4356 τε
1256 4306 1351 4358 κα)⁸
1386 4305 1775 4374 περικλεέστε-

192 4416 288 4469 ρος
312 4411 328 4425 ⁹
365 4400 616 4460 κάκεῖνος
646 4397 844 4467 μᾶλλον
877 4397 1251 4467 ὁμολογείσθω
1306 4398 1403 4469 τὴν
1431 4396 1582 4449 θείαν
1639 4397 1776 4449 ἀπο-

1880 3216 2143 3280 tlentiam,
2168 3216 2357 3284 utique
2384 3216 2431 3271 si
2455 3215 2683 3271 Creator
2704 3229 2807 3269 non
2833 3216 3099 3284 providet,
3128 3230 3351 3269 necesse
3374 3227 3458 3269 eSt

1879 3306 2038 3360 aliam
2071 3321 2295 3361 causam
2355 3306 2474 3377 ejus
2535 3306 2889 3374 providentia:
2942 3307 3242 3375 assignare,
3273 3320 3302 3358 a
3352 3320 3458 3375 qua

1878 3398 2327 3467 respmvidenter
2344 3398 2814 3453 administrentur.
2840 3398 3015 3467 Atque
3044 3398 3188 3453 hanc
3211 3413 3456 3455 causam.

1878 3490 1960 3543 vel
1991 3490 2223 3545 similem
2261 3507 2384 3545 esse
2414 3490 2681 3555 Creatori,
2708 3490 2790 3544 vel
2821 3490 3175 3544 contrariam.
3216 3490 3269 3542 Si
3306 3489 3455 3542 simi-

1879 3580 1943 3633 lis
1966 3588 2070 3642 est,
2094 3579 2207 3647 jam
2232 3580 2404 3634 altera
2430 3594 2536 3633 non
2567 3595 2650 3633 est
2670 3594 2804 3648 opus
2836 3597 2850 3632 :
2882 3579 2964 3633 sin
3000 3577 3295 3640 contraria,
3323 3591 3456 3631 con-

1880 3670 2252 3728 trariaautem
2278 3671 2512 3725 invicem
2544 3672 2817 3739 perimunt
2869 3678 2924 3724 et
2958 3678 3284 3738 repugnant,
3317 3682 3458 3736 quo-

1877 3761 2037 3814 modo
2057 3761 2350 3829 quidquam
2382 3760 2435 3814 in
2474 3775 2654 3815 rerum
2688 3770 2882 3813 natura
2921 3761 3190 3814 subsistet
3221 3765 3317 3811 aut
3349 3757 3455 3810 sal-

1880 3851 2129 3903 vahitur?
2158 3849 2294 3916 Quid
2318 3865 2479 3919 porro
2515 3851 2628 3904 hrec
2649 3849 2902 3904 different
2955 3864 2985 3902 a
3038 3848 3453 3902 .‘lianiclueurutn

1878 3940 2164 4004 atheismo,
2190 3939 2280 4005 qui
2320 3943 2425 3993 duo
2449 3940 2612 4007 impie
2663 3940 2935 3993 invehunt
2965 3936 3271 4007 principia?
3303 3935 3455 4002 Quod

1878 4031 1923 4085 si
1952 4029 2093 4084 Deus
2122 4030 2304 4085 sciens
2345 4039 2401 4084 et
2446 4029 2630 4083 volens
2691 4045 2794 4082 non
2845 4028 3019 4098 potuit
3074 4028 3314 4090 salvare,
3355 4028 3457 4081 hoc

1876 4125 2091 4193 quidem
2121 4124 2171 4178 ei
2206 4122 2406 4176 accidit
2443 4120 2526 4175 vel
2559 4120 2904 4192 physicarnm
2954 4119 3147 4172 virium
3188 4127 3244 4171 et
3278 4115 3457 4171 emt-a-

1876 4217 1973 4270 ciae
2027 4209 2368 4281 impotentia,
2427 4221 2590 4280 atque
2627 4210 2703 4265 ita
2769 4224 2880 4278 pra:
2937 4209 3152 4263 caneris
3210 4208 3457 4261 inﬁrmus

1875 4308 1997 4361 crit.
2027 4304 2126 4359 Vel
2154 4306 2220 4360 ab
2268 4286 2390 4358 alio.
2427 4317 2652 4373 prorsus
2692 4301 3032 4371 prohibetur,
3065 4314 3127 4355 ac
3169 4298 3456 4370 tyrannide

1877 4403 2119 4461 urgetur,
2141 4402 2303 4461 atque
2334 4396 2405 4446 ita
2441 4392 2617 4445 minor
2639 4391 2850 4445 viribus
2871 4391 3000 4455 erit,
3045 4399 3241 4444 etcum
3293 4406 3321 4440 a
3349 4403 3456 4457 quo

186 4488 495 4559 φερόμενος
522 4488 702 4552 δόξαν,
727 4492 822 4543 καὶ
855 4489 915 4541 τὸ
951 4488 1163 4559 βλάσσρη
1175 4505 1275 4558 μον
1304 4487 1630 4558 ἀπερῤίφθω
1690 4490 1770 4551 εἰς

1883 4483 2196 4553 prohibetur
2219 4482 2494 4535 fortiorem
2525 4490 2689 4550 atque
2716 4479 3067 4534 illustriorem
3090 4494 3209 4534 esse
3235 4489 3454 4534 consta-

187 4580 438 4648 κεφαλάς
472 4580 581 4632 τῶν
612 4582 1049 4651 Χριστομάχων·
1082 4581 1141 4633 τὸ
1184 4580 1292 4651 γὰρ
1347 4579 1422 4650 μὴ
1471 4579 1764 4645 δύνασθαι,

183 4674 248 4725 οὔ
286 4670 457 4724 Θεοῦ·
493 4674 587 4725 καὶ
626 4672 896 4742 εἰργέσθω
938 4673 1013 4743 μὴ
1058 4671 1154 4727 τοῦ
1192 4671 1388 4735 σώζειν
1420 4671 1603 4741 μόνον,
1632 4671 1770 4726 ἀλλά

184 4779 251 4828 γε
287 4762 382 4814 καὶ
424 4761 520 4831 τῆς
564 4761 731 4830 ἄλλης
770 4762 1114 4833 θεοπρεποῦς
1161 4762 1343 4831 δόξης,
1399 4761 1536 4830 ὅπερ
1584 4763 1773 4826 αὐτοῖς

178 4852 470 4917 δυσσεϐῶς
505 4853 894 4909 ὲσπούδασται.

258 5111 366 5180 οη’.
395 5111 474 5165 Τά
516 5113 615 5183 μὲν
640 5112 736 5166 οὖν
776 5116 840 5167 ὲκ
891 5115 1000 5169 τῶν
1052 5118 1310 5187 ἀθέσμων
1361 5118 1536 5186 λόγων
1585 5118 1766 5172 αὐτῶν

177 5203 461 5272 φυόμενα,
487 5204 833 5273 παρανομίας
855 5206 951 5259 καὶ
977 5206 1165 5270 ἀθετας
1203 5208 1408 5279 πλήρη,
1444 5210 1519 5272 ὡς
1545 5211 1601 5263 ἐν
1645 5226 1770 5262 συν-

172 5294 346 5362 τόμῳ
377 5294 571 5357 εἰπεῖν,
600 5293 823 5348 τοιαῦτα
845 5312 861 5328 ·
902 5297 990 5351 ἵνα
1049 5300 1123 5369 μὴ
1153 5301 1262 5362 τοῖς
1295 5301 1537 5354 πλείοσιν
1589 5302 1770 5355 ἐνδια-

168 5382 488 5453 τρίϐοντες,
521 5386 614 5438 καὶ⁸
638 5386 791 5439 αὐτοὶ
818 5391 1378 5460 συμπαρανομοῦντες
1397 5392 1727 5462 φαινοίμεθα
1750 5409 1764 5422 ο

169 5475 364 5530 ταῦτα
391 5476 522 5542 γοῦν
554 5478 846 5549 παρέντες,
873 5480 965 5533 καὶ
991 5481 1125 5549 πρὸς
1148 5481 1208 5533 τὸ
1224 5482 1330 5535 τῶν
1356 5483 1565 5550 ἐμέτων
1589 5482 1770 5536 αὐτῶν

170 5565 357 5636 ἀηδὲς
388 5568 480 5618 καὶ
495 5566 763 5639 δύσφορον
781 5569 1249 5640 δυσχεραίνοντες,
1267 5572 1361 5624 ἐπὶ
1383 5572 1476 5642 τὴν
1500 5573 1610 5625 τῶν
1637 5573 1770 5644 ἀλη-

172 5659 304 5711 Θῶν
348 5657 636 5725 δογμάτων
668 5659 961 5730 εὐθύτητα,
1001 5663 1095 5716 καὶ
1119 5664 1297 5733 τὸτῆς
1351 5663 1611 5732 ἀληθείας
1650 5664 1770 5731 φῶς

170 5747 542 5816 ὰνανεύωμεν
568 5764 580 5779 ·
605 5750 975 5821 ὁμολογοῦμεν
1008 5753 1100 5805 οὖν
1121 5754 1215 5806 καὶ
1241 5751 1635 5822 μεγαλοᾳώνως
1670 5772 1770 5824 κη,

1876 4576 1974 4631 bit.
2000 4575 2104 4628 Sed
2137 4574 2279 4627 enim
2305 4573 2452 4626 illum
2485 4573 2663 4640 potius
2699 4572 2936 4651 divinam
2991 4571 3237 4625 obtinere
3291 4569 3457 4637 maje-

1875 4676 2067 4722 staletn
2097 4665 2469 4730 confiteatnnr,
2523 4663 2855 4730 blasphemia
2895 4672 3071 4716 autem
3091 4662 3144 4716 in
3174 4672 3331 4730 caput
3356 4661 3454 4716 ho-

1875 4757 2035 4810 stium
2086 4755 2287 4809 Christi
2322 4755 2566 4809 recidat.
2606 4751 2852 4821 Namque
2896 4752 3206 4821 impotentia
3243 4753 3294 4806 in
3347 4750 3459 4810 Deo

1876 4864 1980 4902 non
2004 4858 2108 4902 est.
2143 4847 2395 4915 Alioquin
2430 4862 2536 4900 non
2581 4861 2610 4899 a
2643 4845 2902 4900 salvando
2946 4845 3118 4900 solum
3141 4845 3454 4917 prohibebi-

1877 4949 1983 5005 tur,
2015 4940 2111 4993 sed
2140 4947 2195 4992 et
2228 4939 2435 5007 reliqua
2484 4938 2591 4993 Deo
2628 4953 2868 5006 congrua
2906 4937 3099 5008 gloria,
3163 4936 3305 5007 quod
3364 4936 3457 4990 isti

1875 5028 2037 5095 impie
2059 5028 2421 5082 contendunt.

1944 5118 2033 5172 78.
2064 5117 2195 5181 Quae
2222 5118 2403 5186 itaque
2430 5132 2493 5172 ex
2523 5117 2706 5187 impiis
2735 5118 2926 5173 horum
2956 5116 3303 5172 sermonibus
3325 5129 3455 5167 con-

1873 5218 2196 5279 sequuntur,
2233 5209 2492 5278 nequitiae
2527 5218 2583 5263 et
2611 5208 3047 5278 irrcligiositatis
3082 5206 3259 5274 plena,
3297 5220 3452 5259 com-

1874 5302 2073 5373 pendio
2114 5301 2278 5356 veluti
2320 5302 2492 5367 “dicta,
2548 5301 2662 5355 haec
2712 5311 2874 5363 sunt;
2936 5316 3002 5354 ne
3049 5300 3094 5354 si
3140 5298 3341 5354 diutius
3384 5299 3450 5352 iis

1874 5395 2249 5456 itnmoremur,
2278 5409 2376 5447 nos
2406 5407 2622 5461 quoque
2662 5407 2781 5446 cum
2828 5393 2960 5462 ipsis
2992 5407 3218 5463 peccare
3259 5392 3445 5444 videa-

1875 5499 2014 5537 mur.
2044 5480 2472 5552 llmcigiturjaut
2498 5482 2835 5547 omittentes,
2863 5492 2918 5537 et
2949 5481 3178 5535 vomitus
3210 5483 3448 5549 ipsorum

1875 5572 2255 5627 insuavitatem
2297 5570 2712 5640 molestiamque
2758 5572 3160 5639 abominantes,
3189 5573 3255 5627 ad
3290 5584 3453 5628 vero-

1874 5677 1993 5716 rum
2047 5664 2351 5732 dogtnatutn
2410 5662 2790 5717 rectitudinetn
2860 5664 3212 5735 veritatisque
3261 5666 3443 5721 lumen

1876 5762 2272 5806 convertamur.
2327 5750 2668 5807 Confiteumr
2721 5753 2921 5825 itaque,
2972 5763 3025 5809 et
3071 5771 3260 5826 magna
3318 5773 3453 5811 voco,
