3928 6166
404 299 506 365 815

1427 296 1488 355 S.
1531 291 1950 356 NICEPIIORI
1991 291 2496 363 PATIiIARCI—Id‘}
2534 291 2642 351 (ΖΡ,
2748 315 2752 322 ·

3570 293 3665 357 816

478 410 562 465 Ex
596 409 777 464 eodem
803 411 867 462 δ’.
913 439 980 447 -
1003 408 1297 477 Propterea
1325 421 1431 461 non
1463 415 1714 474 poterant
1743 407 1984 469 credere,

2169 403 2283 459 Τοῦ
2313 403 2522 458 αὐτοῦ.
2552 432 2620 443 ——
2642 401 2740 455 Διά
2767 401 2926 456 τοῦτο
2954 403 3054 457 οὐκ
3081 404 3346 474 ἠδύναντο
3370 407 3661 472 πιστεύειν,

405 504 530 570 quia
554 501 684 556 oliui
711 502 849 556 dixit
878 497 1052 555 Isaias
1087 517 1100 554 :
1135 497 1441 553 Excmcavit
1468 497 1654 552 oculos
1686 512 1900 560 eorum,
1929 506 1984 550 et

408 594 683 649 induravit
711 607 808 648 cor
834 607 1046 657 eorum,
1076 601 1133 644 ut
1166 607 1270 644 non
1305 590 1522 645 videant
1547 590 1749 655 oculis,
1790 601 1844 644 et
1874 605 1980 644 non

405 687 708 755 intelligant
753 685 941 749 corde,
967 692 1021 738 et
1067 693 1489 746 convertantur,
1524 691 1580 737 et
1633 697 1818 736 sanem
1865 699 1978 736 eos.

404 780 531 835 "83¢
559 778 696 833 dixit
755 778 948 843 Isaias,
972 776 1190 844 quando
1221 775 1354 828 \‘ltlil
1388 774 1613 845 gloriam
1639 775 1775 843 ejus,
1804 783 1859 830 et
1907 775 1984 828 lo-

408 881 568 926 cutus
604 878 690 924 est
742 869 809 922 de
855 882 938 920 eo.
989 865 1379 926 Verumtamen
1421 874 1475 919 et
1525 881 1590 919 ex
1647 867 1982 935 principibus

405 965 555 1017 inulti
605 961 954 1016 crediderunt
1006 949 1058 1016 in
1098 973 1259 1023 eum;
1304 959 1397 1011 sed
1438 967 1658 1036 propter
1682 941 1984 1014 Pliariswos

403 1073 508 1110 non
542 1051 963 1114 conﬁtebantur,
984 1065 1051 1104 ne
1078 1062 1227 1104 extra
1258 1049 1600 1120 Synagogam
1642 1048 1853 1106 ﬁerent.
1889 1050 1983 1105 Di-

402 1148 650 1202 lexerinit
681 1145 825 1200 enim
851 1143 1079 1216 gloriam
1117 1127 1397 1197 hominum
1431 1140 1607 1211 magis
1653 1156 1814 1216 quam
1864 1141 1984 1212 glo-

403 1243 536 1296 riam
565 1241 680 1296 Dei.

475 1422 558 1476 151:
584 1421 762 1475 eodem
793 1420 861 1473 ι’.
892 1447 961 1459 -
983 1415 1222 1471 Creditis
1253 1415 1306 1468 in
1337 1414 1531 1486 Deum,
1555 1421 1611 1467 et
1640 1413 1694 1468 iu
1733 1429 1817 1469 me
1857 1431 1982 1471 cre-

403 1517 534 1568 tlitc.

477 1603 661 1658 Sancti
687 1600 922 1670 apostoli
953 1599 1110 1652 Pauli
1142 1615 1206 1652 ea:
1235 1597 1474 1667 Epistola
1510 1601 1579 1654 ad
1597 1601 1892 1660 Romanos.
1917 1631 1986 1642 —

402 1695 645 1748 Credidit
666 1693 939 1746 Abraham
961 1691 1091 1757 Deo,
1112 1699 1164 1745 et
1189 1702 1496 1760 reputatuin
1521 1704 1603 1749 est
1620 1695 1718 1764 ipsi
1741 1694 1806 1748 ad
1822 1693 1984 1763 justi.

2093 496 2176 548 ὅτι
2209 494 2381 549 πάλαι
2434 490 2590 548 εἶπεν
2641 493 2900 557 Ἡσαΐας·
2933 494 3297 563 Τετύφλωκεν
3329 496 3516 550 αὐτῶν
3545 499 3666 562 τοὺς

2091 587 2430 660 ὀφθαλμοὺς,
2483 586 2580 640 καὶ
2637 585 2982 659 πεπώρωκεν
3032 587 3216 640 αὐτῶν
3261 588 3364 660 τὴν
3415 589 3664 661 καρδίαν,

2092 681 2182 736 ἵνα
2209 681 2284 752 μὴ
2309 681 2462 734 ἴδωσι
2486 681 2601 744 τοῖς
2627 678 2948 749 ὀφθαλμοῖς,
2969 679 3064 732 καὶ
3086 681 3326 750 νοήσωσι
3356 683 3422 751 τῇ
3448 681 3664 754 καρδίᾳ,

2090 775 2186 828 καὶ
2219 773 2604 844 ἐπιστραφῶσι
2640 773 2737 826 καὶ
2765 773 3009 843 ίάσωμαι
3039 773 3261 836 αὐτούς.
3301 773 3488 827 Ταῦτα
3517 771 3668 829 εἶπεν

2102 866 2359 933 Ἡσαΐας,
2383 867 2476 930 ὅτε
2507 859 2620 919 εἶδε
2645 864 2746 936 τὴν
2772 863 2934 929 δόξαν
2967 864 3134 918 αὑτοῦ
3159 865 3255 918 καὶ
3272 865 3508 935 ἐλάλησε
3545 865 3669 936 περὶ

2090 957 2262 1012 αὐτοῦ
2284 973 2299 988 ·
2332 959 2484 1027 ὅμως
2524 957 2741 1036 ,μέντοι
2785 957 2884 1010 καὶ
2922 957 2987 1009 ἐκ
3017 955 3129 1010 τῶν
3160 955 3443 1027 ἀρχόντων
3484 956 3668 1011 πολλοὶ

2090 1051 2422 1104 ἐπίστευσαν
2473 1051 2556 1113 είς
2607 1048 2793 1113 αὐτὸν,
2842 1048 2980 1103 ἀλλὰ
3009 1049 3098 1105 διὰ
3161 1051 3289 1113 τοὺς
3337 1050 3668 1120 Φαρισαίους

2089 1144 2189 1214 οὐχ
2233 1143 2575 1214 ὡμολόγουν,
2623 1143 2711 1196 ἵνα
2776 1141 2854 1214 μὴ
2889 1143 3312 1210 ἀποσυνάγωγοι
3361 1141 3665 1210 γένωνται·

2091 1233 2392 1304 ἠγάπησαν
2437 1235 2546 1304 γὰρ
2583 1231 2681 1303 τὴν
2714 1231 2874 1296 δόξαν
2921 1231 3033 1286 τῶν
3079 1231 3392 1303 ἀνθρώπων
3441 1231 3665 1302 μᾶλλον,

2091 1329 2239 1398 ἥπερ
2265 1329 2363 1396 τὴν
2389 1327 2548 1391 δόξαν
2580 1326 2675 1380 τοῦ
2715 1326 2878 1380 Θεοῦ.

2166 1418 2284 1472 Τοῦ
2325 1417 2535 1474 αὐτοῦ.
2574 1448 2644 1458 -
2681 1419 2976 1472 Πιστεύετε
3027 1421 3108 1483 είς
3151 1419 3245 1472 τὸν
3276 1418 3429 1482 Θεὸν,
3468 1419 3565 1474 καὶ
3591 1423 3669 1485 εἰς

2090 1510 2192 1579 ἐμὲ
2243 1508 2555 1563 πιστεύετε.

2165 1599 2282 1654 Τοῦ
2329 1602 2502 1670 ἁγίου
2547 1602 2898 1657 ἀποστόλου
2947 1600 3195 1656 Παύλου
3249 1600 3318 1654 ἐκ
3349 1599 3464 1670 τῆς
3517 1601 3668 1669 πρὸς

2106 1692 2427 1762 Ῥωμαίους
2468 1693 2936 1761 Ἐπιστολῆς.-
2969 1693 3293 1746 Ἐπίστευσε
3325 1692 3383 1745 δέ
3415 1693 3670 1764 ’Δὸραάμ

405 1791 556 1841 tiam.
581 1785 840 1857 ()peranti
871 1793 1050 1838 autem
1083 1799 1294 1839 merces
1337 1767 1442 1840 non
1469 1787 1768 1856 imputatur
1791 1799 1986 1841 secun-

2099 1784 2167 1856 τῷ
2220 1784 2362 1856 Θεῷ,
2405 1785 2503 1840 καὶ
2541 1785 2796 1858 ἐλογίσθη
2845 1785 2994 1856 αὐτῷ
3045 1787 3127 1849 είς
3164 1786 3557 1856 δικαιοσύνην·
3595 1785 3670 1856 τῷ

405 1882 532 1934 dum
565 1879 816 1948 gratiam,
854 1877 948 1931 sed
980 1879 1274 1931 secundum
1309 1879 1572 1934 debitum.
1601 1877 1714 1934 Non
1736 1880 1980 1950 cperanti

405 1982 621 2036 autem,
657 1959 754 2025 sed
801 1968 1046 2023 credenti
1083 1969 1138 2022 in
1176 1984 1297 2036 eum
1335 1969 1712 2039 quijustiﬁcat
1736 1970 1982 2039 impium,

405 2073 690 2134 reputatur
712 2062 842 2116 ﬁdes
864 2063 984 2131 ejus
1001 2064 1062 2114 ad
1081 2061 1376 2131 justitiam.
1405 2064 1560 2118 Sicut
1582 2075 1636 2119 et
1657 2063 1822 2120 David
1851 2064 1987 2118 dicit

404 2157 789 2212 beatitudinem
809 2153 1064 2219 hominis,
1081 2156 1166 2210 cui
1196 2154 1334 2209 Deus
1350 2137 1573 2226 accepto
1592 2155 1695 2212 fert
1711 2156 1984 2226 justitiam

407 2252 526 2306 sine
543 2250 816 2320 oneribus.
846 2247 996 2302 Beati
1033 2265 1262 2319 quorum
1301 2250 1542 2304 remissa:
1569 2251 1976 2322 suntiiiiquita-

410 2356 514 2408 tes,
540 2353 594 2397 et
614 2359 845 2413 quorum
871 2355 1012 2399 tecta
1033 2353 1418 2413 suntpeccata.
1441 2342 1641 2400 Beatus
1663 2342 1744 2397 vir
1759 2344 1848 2398 cui
1879 2359 1983 2396 nou

409 2437 760 2507 imputavcrit
791 2437 1054 2492 Dominus
1085 2444 1374 2506 peccatum
1396 2435 1460 2490 "’.
1499 2435 1564 2492 Et
1597 2451 1821 2490 rursus:
1855 2434 1988 2501 Quae

414 2543 588 2586 autem
623 2545 692 2584 ex
741 2529 844 2598 ﬁde
876 2539 959 2584 est
1003 2528 1338 2597 justitia,sic
1373 2528 1497 2583 dicit
1537 2547 1551 2583 :
1589 2527 1668 2582 Ne
1698 2529 1901 2584 dixeris
1934 2528 1986 2582 iii

409 2625 572 2678 corde
597 2636 704 2684 tuo,
738 2622 869 2689 Quis
895 2621 1148 2676 ascendet
1189 2620 1240 2674 in
1272 2621 1502 2676 cadum?
1526 2620 1576 2676 id
1609 2630 1694 2676 est
1715 2618 1987 2674 Christum

411 2718 695 2770 deducere.
727 2715 832 2768 Aut
865 2715 986 2784 quis
1016 2713 1388 2768 descendet-in
1439 2711 1740 2783 abyssum?
1772 2713 1872 2776 hoc
1904 2721 1989 2766 est

409 2809 682 2862 Christum
713 2825 740 2860 a
773 2807 1002 2860 mortuis
1029 2820 1290 2860 revocare
1322 2804 1390 2860 ”.
1427 2801 1493 2858 Et
1541 2822 1723 2859 rursus
1755 2819 1773 2857 .'
1812 2804 1989 2859 Corde

411 2900 624 2967 quidem
660 2898 903 2952 creditur
931 2898 994 2950 ad
1024 2895 1319 2964 justitiam,
1353 2911 1450 2952 ore
1487 2907 1669 2950 autem
1714 2895 1988 2958 confessio

419 2992 476 3042 tit
506 2991 572 3043 ad
605 2990 833 3043 salutem
855 2987 934 3040 “.
973 2987 1039 3041 Et
1068 3004 1272 3051 rursus,
1310 2991 1373 3046 de
1419 2988 1550 3041 cibis
1576 2988 1834 3056 disserens
1869 2988 1945 3040 ‘ait
1969 3003 1989 3039 :

413 3081 548 3146 Quia
569 3080 656 3147 qui
694 3077 974 3142 discernit,
1009 3077 1052 3131 si
1095 3078 1538 3148 iiiandiicaverit,
1561 3077 1848 3132 damnatus
1880 3085 1984 3147 est,

2083 1879 2141 1932 δὲ
2175 1879 2539 1951 ἐργαζομένῳ
2575 1882 2614 1934 ό
2649 1879 2842 1952 μισθὸς
2881 1881 2941 1933 οὐ
2973 1879 3252 1949 λογίζεται
3283 1880 3429 1933 κατά
3482 1880 3667 1951 χάριν,

2083 1972 2224 2028 ἀλλά
2277 1972 2422 2026 κατὰ
2450 1971 2759 2044 ὀφείλημα·
2811 1971 2891 2042 τῷ
2936 1971 3101 2042 δὲμὴ
3149 1971 3534 2042 ἐργαζομένῳ,
3580 1989 3668 2023 mo

2085 2063 2332 2118 στεύοντι
2360 2063 2418 2118 δὲ
2449 2063 2541 2116 ἐπὶ
2566 2063 2660 2117 τὸν
2690 2062 3011 2117 δικαιοῦντα
3037 2061 3129 2115 τὸν
3155 2060 3668 2131 ἀσεϐῆ,λογίζεται

2083 2156 2118 2225 ἡ
2152 2154 2338 2218 πίστις
2368 2150 2535 2208 αὐτοῦ
2578 2154 2658 2217 εἰς
2678 2153 3033 2225 δικαιοσύνην
3057 2169 3070 2183 ’
3094 2152 3350 2227 καθάπερ
3383 2155 3478 2206 καὶ
3504 2154 3670 2209 Δασιδ

2084 2247 2234 2316 λέγει
2265 2247 2360 2301 τὸν
2405 2245 2762 2318 μακαρισμὸν
2783 2245 2880 2299 τοῦ
2911 2245 3227 2317 ἀνθρώπου,
3264 2239 3309 2313 ᾧ
3341 2247 3372 2297 ὁ
3401 2247 3544 2310 Θεὸς
3589 2248 3672 2302 λο-

2085 2339 2302 2407 γίζεται
2353 2337 2704 2408 δικαιοσύνην
2781 2336 2954 2409 χωρὶς
3010 2337 3228 2408 ἔργων’
3258 2338 3546 2409 Μακάριοι
3599 2331 3672 2392 ὧν

2086 2431 2372 2502 ἀφέθησαν
2435 2432 2490 2484 αἱ
2541 2429 2786 2500 ἀνομίαι,
2838 2429 2936 2482 καὶ
2981 2422 3057 2482 ὧν
3104 2428 3579 2497 ἐπεκαλύφθησαν
3617 2432 3670 2481 αἱ

2088 2523 2392 2594 ἁμαρτίαι·
2422 2522 2692 2593 μακάριος
2735 2521 2876 2591 ἀνὴρ
2896 2513 3026 2596 ᾧιού
3053 2520 3129 2591 μὴ
3151 2519 3439 2588 λογίσηται
3465 2521 3674 2591 Κύριος

2086 2614 2388 2684 ἁμαρτίαν.
2415 2614 2519 2668 Καὶ
2539 2612 2722 2667 πάλιν
2744 2628 2758 2642 ·
2799 2612 2862 2667 Ἢ
2887 2612 2942 2666 δὲ
2972 2612 3036 2665 ἐκ
3065 2612 3303 2675 πίστεως
3327 2611 3669 2684 δικαιοσύνη,

2086 2706 2260 2770 οὕτως
2293 2705 2468 2774 λέγει·
2505 2705 2596 2776 Μὴ
2627 2706 2788 2776 είπῃς
2824 2707 2881 2758 ἐν
2907 2707 2975 2776 τῇ
3006 2704 3204 2776 καρδίᾳ
3234 2722 3351 2770 σου,
3396 2704 3496 2767 Τίς
3541 2707 3667 2758 ἀνα·

2089 2799 2156 2870 6η
2169 2815 2324 2852 σεται
2343 2799 2436 2858 είς
2468 2797 2558 2851 τὸν
2580 2798 2811 2867 οὐρανόν
2835 2815 2851 2859 ;
2881 2796 3131 2850 τουτέστι
3160 2797 3396 2868 Χριστὸν
3421 2811 3673 2865 καταγα-

2089 2892 2211 2958 γεῖν
2230 2907 2242 2920 ·
2264 2889 2320 2960 ἢ,
2355 2887 2450 2951 Τίς
2478 2887 2851 2957 καταϐήσεται
2873 2889 2954 2951 εἰς
2983 2887 3083 2959 τὴν
3117 2889 3357 2942 ἄϐυσσον
3380 2905 3396 2955 ;
3423 2888 3674 2943 τουτέστι

2090 2980 2329 3052 Χριστὸν
2364 2981 2428 3032 ἐκ
2451 2979 2660 3051 νεκρῶν
2688 2981 3009 3050 ἀναγαγεῖν.
3060 2980 3169 3034 Kal
3195 2979 3384 3034 πόλιν
3407 2999 3421 3013 ι
3456 2981 3679 3053 Καρδίᾳ

2095 3072 2195 3142 μὲν
2230 3071 2552 3142 πιστεύεται
2584 3073 2666 3135 εἰς
2708 3071 3083 3141 δικαιοσύνην,
3127 3072 3441 3142 στόματιδέ
3480 3073 3677 3142 όμολο-

413 3173 538 3242 quia
581 3186 686 3224 non
740 3185 805 3223 ex
851 3168 955 3224 ﬁde
1009 3188 1024 3223 :
1065 3173 1224 3224 omne
1277 3179 1456 3224 autem
1495 3170 1770 3246 quod-non
1805 3179 1984 3223 estex

2099 3166 2268 3233 γεῖται
2297 3164 2378 3224 εἰς
2417 3164 2720 3235 σωτηρίαν.
2766 3163 2876 3222 Καὶ
2915 3164 3106 3218 πάλιν
3129 3203 3144 3228 ,
3176 3163 3313 3232 περὶ
3337 3163 3679 3232 ,βρωμάτων

417 3264 539 3329 (ide,
569 3271 852 3332 peccatum
873 3267 958 3314 est
989 3257 1055 3308 “.

489 3529 743 3602 Ejusdem
783 3543 847 3582 ea:
896 3525 1140 3595 Epistola
1175 3524 1240 3576 ad
1274 3521 1596 3577 Corinthios.
1641 3550 1711 3560 ——
1741 3520 1814 3577 Ut
1858 3519 1988 3574 ﬁdes

418 3633 602 3677 nostra
637 3635 741 3674 non
773 3619 843 3674 sit
871 3619 922 3672 iii
958 3615 1221 3687 sapientia
1249 3613 1560 3681 hominum,
1598 3612 1688 3667 sed
1722 3613 1773 3667 in
1795 3611 1990 3666 virtute

415 3715 509 3771 Dci
544 3715 612 3768 ".

487 3803 746 3874 Ejusdem
767 3818 831 3858 ea:
853 3799 1101 3872 Epistula
1136 3801 1204 3853 ad
1241 3797 1516 3853 Hebrazos.
1549 3827 1616 3836 —
1651 3795 1768 3851 Non
1806 3805 2004 3854 autem.

415 3911 519 3950 non
555 3911 741 3950 sumus
771 3892 1157 3949 subtractiouis
1192 3890 1336 3962 (lilii)
1373 3890 1425 3944 in
1463 3887 1841 3959 perditionem,
1895 3888 1990 3943 sed

416 3988 535 4043 ﬁdei
562 3989 612 4042 in
641 3986 1052 4056 acquisitionem
1087 3984 1283 4060 animae
1305 3979 1409 4044 ‘7‘.
1429 4010 1499 4021 —
1523 3980 1620 4036 Est
1647 3987 1830 4035 autem
1856 3979 1990 4034 ﬁdes

416 4079 750 4149 sperantium
782 4076 1110 4142 substantia,
1145 4071 1418 4131 convictio
1455 4087 1632 4128 rerum
1670 4087 1775 4127 non
1824 4088 1991 4142 appa-

414 4173 647 4227 rentium
680 4171 818 4241 (εἰ).
861 4171 922 4226 1η
969 4169 1072 4224 hac
1101 4169 1246 4223 enim
1300 4165 1676 4222 teStimonium
1713 4165 1990 4221 consecuti

414 4273 542 4318 sunt
570 4263 837 4317 seniores.
861 4259 996 4317 Fide
1035 4259 1386 4327 intelligimus
1426 4270 1610 4330 aptata
1638 4276 1759 4318 esse
1785 4259 1990 4341 saecula

415 4358 582 4411 verbo
614 4355 733 4420 Dei,
765 4364 824 4408 ut
844 4368 910 4409 ex
937 4351 1304 4407 invisibilibus
1333 4353 1565 4408 visibilia
1589 4355 1811 4424 ﬁerent.
1859 4354 1992 4410 Fide

415 4447 775 4517 copiosiorem
809 4443 1047 4500 hostiam
1080 4443 1236 4509 Abel,
1269 4458 1431 4512 quam
1456 4443 1612 4512 Cain,
1633 4444 1987 4514 obtulitDeo;

2093 3255 2538 3326 διαλεγόμενος,
2589 3256 2780 3324 φησιν
2811 3271 2828 3288 ⁶
2863 3256 2990 3310 Ὅτι
3033 3257 3062 3308 ό
3109 3255 3554 3326 διακρινόμενος,
3587 3257 3682 3310 ἐὰν

2095 3350 2267 3422 φάγῃ,
2299 3349 2722 3420 κατακέκριται,
2754 3349 2836 3403 δτι
2865 3350 2970 3403 οὐκ
3008 3349 3074 3404 ἐκ
3111 3348 3380 3413 πίστεως·
3424 3351 3541 3403 πᾶν
3567 3349 3624 3403 δὲ
3651 3348 3680 3402 δ

2095 3440 2196 3494 οὐκ
2219 3441 2288 3493 ἐκ.
2317 3441 2582 3506 πίστεως,
2617 3441 2869 3512 ἁμαρτία
2895 3440 3066 3496 ἐστίν.

2171 3529 2281 3584 Τοῦ
2308 3530 2494 3585 αὑτοῦ
2520 3531 2590 3584 ἐκ
2611 3529 2721 3600 τῆς
2739 3530 2888 3598 πρὸς
2906 3532 3253 3601 Κορινθίως
3287 3531 3679 3602 Ἐπιστολῆς.

2094 3650 2162 3662 --
2192 3620 2311 3675 Ἵνα
2362 3623 2397 3692 ἡ
2439 3622 2621 3685 πίστις
2655 3623 2816 3692 ἡμῶν
2849 3623 2924 3694 μὴ
3027 3623 3087 3676 ἐν
3133 3624 3296 3695 σοφία
3335 3623 3680 3694 ἀνθρώπων,

2095 3715 2210 3768 ἀλλ’
2239 3716 2298 3768 ἐν
2330 3715 2558 3785 δυνάμει
2589 3715 2756 3770 Θεοῦ.
2823 3740 2830 3748 ·
2967 3719 2972 3726 ’
3274 3754 3278 3760 .

2172 3805 2282 3861 Τοῦ
2307 3806 2492 3861 αὑτοῦ
2513 3807 2581 3860 ἐκ
2610 3806 2719 3876 τῆς
2749 3808 2895 3876 πρὸς
2940 3808 3250 3876 Ἐϐραίους
3285 3808 3683 3878 Ἐπιστολῆς.

2095 3928 2165 3938 -
2208 3899 2401 3968 Ἡμεῖς
2453 3898 2509 3952 δέ
2543 3899 2644 3953 οὐκ
2684 3900 2852 3970 ἐσμὲν
2903 3899 3205 3969 ὑποστολῆς
3246 3901 3328 3964 είς
3376 3901 3685 3964 ἀπώλειαν,

2096 3987 2229 4042 ἀλλά
2258 3987 2494 4053 πίστεως
2520 3990 2599 4053 είς
2632 3975 2984 4061 περιποίησιν
3013 3990 3191 4060 ψυχῆς
3211 4005 3226 4020 ·
3259 3989 3375 4044 ἐστι
3404 3989 3462 4044 δέ
3498 3992 3687 4055 πίστις

2097 4079 2467 4152 ἐλπιζομένων
2497 4083 2820 4148 ὑπόστασις,
2845 4081 3188 4153 πραγμάτων
3221 4082 3442 4153 ἐλεγχος
3463 4084 3535 4136 οὐ
3569 4084 3690 4153 βλε-

2099 4173 2382 4243 πομένων·
2429 4175 2488 4228 ἐν
2517 4173 2690 4245 ταύτῃ
2719 4172 2828 4245 γάρ
2855 4173 3322 4246 ἐμαρτυρήθησαν
3349 4177 3408 4245 ,οἱ
3439 4175 3692 4247 πρεσϐύ-

2097 4278 2280 4336 τεροι·
2311 4263 2495 4320 πίστει
2527 4263 2754 4336 νοοῦμεν
2795 4260 3157 4335 κατηρτίσθαι
3197 4267 3321 4328 τοὺς
3350 4265 3563 4329 αἰῶνας
3590 4268 3690 4338 ῥή-

2102 4375 2234 4428 ματι
2261 4358 2419 4426 Θεοῦ,
2451 4360 2530 4422 είς
2575 4359 2636 4412 τὸ
2663 4358 2738 4430 μη
2779 4360 2846 4413 ἐκ
2883 4357 3224 4429 φαινομένων
3261 4357 3332 4411 τὰ
3368 4357 3691 4430 βλεπόμενα

2099 4449 2418 4520 γεγονέναι·
2446 4450 2628 4504 πίστει
2669 4449 2893 4504 πλείονα
2935 4449 3127 4503 θυσίαν
3162 4448 3330 4504 Ἀσελ
3356 4449 3518 4520 παρά
3545 4451 3694 4504 Κάῖν

416 4554 514 4610 per
547 4553 708 4607 quam
739 4537 1110 4592 testimonium
1141 4548 1472 4604 consecutus
1509 4547 1594 4593 est
1636 4551 1756 4594 esse
1788 4539 1986 4608 justus,

2099 4543 2449 4612 προσήνεγκε
2467 4541 2548 4612 τῷ
2567 4541 2710 4612 Θεῷ,
2725 4541 2794 4596 δι’
2813 4537 2882 4614 ἦς
2903 4538 3262 4612 ἐμαρτυρήθη
3291 4533 3433 4592 εἶναι
3451 4539 3691 4602 δίκαιος.

421 4629 787 4686 testimonium
819 4631 1138 4700 perliibente
1161 4630 1477 4686 muneribus
1507 4631 1624 4700 ejus
1655 4629 1798 4700 Deo;
1823 4641 1877 4685 et
1899 4647 1986 4703 per

2099 4634 2505 4707 μαρτυροῦντος
2549 4636 2644 4688 ἐπὶ
2677 4637 2790 4698 τοῖς
2825 4632 3020 4706 δώροις
3048 4631 3216 4688 αὐτοῦ
3248 4631 3346 4685 τοῦ
3383 4631 3528 4686 Θεοῦ
3557 4649 3573 4663 ·
3601 4635 3692 4686 κάκ’δ

419 4724 565 4777 illam
590 4721 880 4778 defunctus
907 4723 1080 4778 adhuc
1113 4721 1372 4793 loquitur.
1403 4723 1534 4778 Fide
1557 4722 1778 4780 Ileiiocli
1814 4735 1986 4780 trans-

2099 4727 2158 4779 δι’
2181 4727 2351 4798 αὐτῆς
2372 4725 2684 4791 ἀποθανὼν,
2717 4725 2797 4780 ἔτι
2827 4726 3070 4780 λαλεῖται
3089 4742 3102 4758 ·
3136 4724 3318 4778 πίστει
3348 4723 3524 4794 Ἑνὼχ
3561 4742 3695 4796 μετα

369 4863 375 4873 ,
424 4816 560 4868 latus
589 4822 672 4868 est
713 4822 775 4866 ut
811 4828 919 4867 non
943 4813 1152 4869 videret
1192 4825 1464 4880 mortem;
1499 4824 1551 4870 et
1609 4831 1715 4870 non
1763 4816 1986 4872 invenie-

2099 4815 2257 4888 ετέθη
2293 4819 2388 4872 τοῦ
2425 4819 2514 4890 ,μὴ
2563 4819 2692 4873 ίδεῖν
2743 4818 3008 4884 θάνατον,
3066 4817 3164 4872 καὶ
3199 4817 3300 4888 οὐχ
3360 4816 3697 4886 εὑρίσκετο·

487 4989 709 5049 “Joan.
743 5009 843 5056 xu,
874 4990 1060 5046 59-43.
1135 4989 1180 5022 δ’
1209 4987 1365 5044 .Ioan.
1434 5007 1548 5061 inv,
1588 4994 1640 5045 Ι.
1720 4993 1764 5025 ⁸³
1799 4994 1956 5050 Rom.

2109 4995 2226 5049 αδ.
2305 4996 2350 5027 ιι
2390 4996 2548 5050 Rom.
2591 5013 2646 5061 ιι,
2676 4998 2726 5058 6.
2767 4997 2820 5054 7.
2895 4997 2942 5029 ιι
2973 4995 3103 5055 illiti.
3135 4997 3222 5051 io.
3298 4997 3346 5028 δ·
3375 4997 3540 5052 ιιωιι.
3585 5012 3696 5056 ιη.
3729 4955 3755 4998 ’”

418 5063 512 5118 25.
610 5062 700 5116 ⁵⁷1
736 5063 864 5118 Cor.
900 5079 957 5127 ii,
986 5064 1039 5116 5.
1118 5061 1186 5092 "‘
1219 5061 1384 5115 Ilebr.
1420 5077 1451 5115 ιι
1481 5103 1494 5126 ,
1534 5059 1624 5115 59.

2101 5212 2422 5270 S.iliaterius
2457 5218 2691 5285 denique
2738 5218 2944 5286 pariter
2988 5219 3239 5286 allirmat,
3273 5220 3328 5274 in
3362 5219 3515 5276 Pauli
3547 5224 3700 5278 codi-
3729 5177 3742 5214 .

422 5286 694 5361 gustii'nis,
732 5309 896 5347 serui.
939 5290 1136 5361 126m.
1161 5286 1252 5361 ἴιῇ
1275 5291 1511 5361 itemque
1529 5286 1621 5361 ADe
1646 5303 1786 5361 perc.
1818 5289 1990 5361 merit.
2101 5289 2255 5339 cibus
2285 5286 2573 5361 Sangerm.
2608 5295 2664 5340 et
2689 5287 3024 5361 Blaromont.
3053 5290 3155 5358 legi
3189 5293 3545 5354 operantium.
3587 5292 3700 5361 Εκο

421 5356 470 5418 ct
503 5356 710 5418 remisit.
742 5364 835 5416 liti.
871 5378 932 5425 ii,
958 5359 1049 5425 50,
1083 5359 1170 5414 tibi
1203 5356 1693 5431 Maiiriiiieditores
1724 5356 1995 5431 sic_adiin-
2106 5373 2232 5409 vero
2267 5366 2323 5406 ut
2359 5357 2647 5431 αιιιῃιιειιιι
2693 5357 2881 5412 Italam
2908 5359 3030 5431 iliuc
3081 5356 3199 5415 loco
3231 5376 3357 5416 cum
3386 5356 3701 5431 Augustino

424 5447 540 5489 iant
567 5455 579 5488 :
610 5433 828 5488 «Nustri
863 5424 993 5485 mss.
1029 5424 1346 5484 constanter
1375 5429 1576 5498 habent
1603 5427 1921 5496 spei-nntium
1974 5447 1993 5478 ι
2100 5441 2382 5498 sequerer,
2419 5424 2595 5498 olIicio
2637 5429 2950 5496 interpretis
3001 5442 3228 5483 coactus
3276 5446 3439 5498 sum;
3473 5424 3698 5486 Etenim

424 5505 517 5559 Sic
539 5505 606 5557 ab
631 5503 936 5574 Augusriiio
963 5501 1186 5574 οἱιιιιιιι·⁸
1215 5498 1458 5574 ιτα-(ειηὶιι
1492 5494 1647 5551 Ιοαιι.
1698 5513 1864 5574 tuis
1885 5537 1900 5562 ,
1936 5498 1954 5548 l
1981 5516 1995 5562 ;
2098 5498 2238 5574 apud
2259 5494 2639 5574 _l‘ficepliorum
2666 5498 2718 5574 i_n
2737 5494 2938 5574 codice
3035 5499 3160 5566 142,
3187 5494 3524 5574 Pa_u_li_islioc
3550 5504 3698 5567 loco,

425 5584 479 5626 ιιι
509 5588 632 5635 xcv,
675 5563 748 5628 (Ξῖ
777 5574 964 5628 Grznce
1012 5567 1710 5640 CSlAélﬂtCOpéquthﬂ-ltl
1768 5583 1888 5640 cum
1929 5580 1986 5618 sil

2099 5579 2150 5618 ct
2187 5566 2224 5618 Γ.
2255 5565 2376 5628 146,
2407 5563 2640 5621 Basilius
2672 5567 2811 5622 infra
2837 5570 2980 5640 apud
3014 5585 3112 5624 nos
3145 5563 3197 5639 β.
3245 5570 3372 5635 262,
3408 5563 3699 5640 interponi;

428 5645 648 5695 verbum
691 5644 946 5701 medium,
976 5642 1044 5693 ab
1083 5638 1206 5711 aliis
1237 5641 1412 5692 aetive
1442 5637 1822 5711 a_ccipiebatu_r_
1844 5638 1996 5711 (spe-
2094 5647 2225 5704 giiiit
2249 5646 2394 5711 ante,
2421 5651 2524 5690 non
2555 5647 2698 5706 post,
2724 5639 3096 5711 πραγμάτων,
3147 5637 3349 5711 nempe
3368 5637 3700 5697 vocabulum

426 5711 720 5782 rantiuni),
747 5712 813 5766 :ib
843 5712 962 5764 aliis
989 5710 1199 5778 passive
1223 5709 1640 5778 (sperandarum
1684 5716 1740 5762 ut
1780 5705 1985 5777 ναίω.
2097 5721 2266 5761 rerum
2301 5706 2366 5761 ad
2399 5705 2633 5776 sequens
2656 5705 2868 5765 catilina
2887 5705 3163 5766 referunt.

491 5225 602 5296 (8‘2)
648 5225 738 5279 Sic
770 5225 838 5277 ad
891 5221 1126 5296 litteram
1172 5217 1386 5296 legebat
1417 5219 1470 5271 iii
1502 5217 1629 5296 Itala
1675 5227 1860 5272 vetere
1890 5219 1992 5296 An-
