3928 6166
476 321 582 386 839

1510 317 1569 377 S.
1611 316 2031 408 NIC'EPHORI
2071 315 2578 377 PATRIABCII/E
2618 316 2729 375 CP.
3643 313 3751 377 840

478 438 588 489 imo
618 441 672 488 et
698 428 1133 486 anathematibus
1167 436 1221 483 et
1268 428 1608 498 depositione
1651 428 2042 490 adversantesl

2154 427 2249 480 καὶ
2293 425 2404 480 τῶν
2435 426 2637 480 λοιπῶν
2673 426 2881 497 θρόνων
2930 424 3327 495 ἀπεσχισμένοι
3371 419 3514 496 ἦσαν
3555 427 3618 478 ἐκ
3653 427 3749 494 τῆς

476 522 847 595 pontiﬁcatum
867 522 1169 578 abdicavit:
1195 531 1359 590 atque
1383 522 1434 574 in
1458 520 1650 590 primis
1671 521 2052 588 imperatores,
2086 585 2094 594 _

477 616 714 688 seposito
751 625 896 670 metu
916 655 931 680 ,
961 613 1309 677 conveniens,
1346 620 1405 665 ut
1435 611 1587 665 multi
1620 611 1668 666 ei
1709 611 1784 665 rei
1816 625 2052 680 praesen-

480 718 559 763 tes
584 716 638 761 et
659 705 834 760 adhuc
867 705 918 758 in
945 704 1080 758 vivis
1110 711 1331 773 agentes
1365 709 1671 756 testantur:
1697 698 1828 770 Ego,
1856 699 2051 768 inquit,

479 814 578 854 nec
610 813 780 867 usque
811 797 876 851 ad
914 797 1018 851 hoc
1066 805 1278 864 tempus
1315 802 1460 848 recta
1492 791 1826 847 conscientia
1860 791 1968 858 fui;
1995 798 2054 844 et

479 900 621 940 nunc
654 885 808 939 vobis
841 883 1093 938 omnibus
1125 882 1408 942 denuntio.
1441 895 1548 945 me,
1591 881 1903 936 dominante
1938 881 2048 934 har-

476 977 583 1031 resi
611 1017 627 1043 ,
673 984 726 1030 et
764 992 791 1030 a
825 975 1049 1043 reliquis
1097 973 1314 1028 sedibus
1343 973 1872 1028 excommunicatum
1903 1010 1918 1035 ,
1953 986 2048 1026 ve-

475 1074 650 1121 strum
696 1066 837 1121 haud
872 1065 1093 1120 diutius-
1124 1065 1434 1134 episcopum
1462 1078 1583 1118 esse
1624 1060 1805 1133 posse.
1843 1063 2049 1129 Quibus

473 1156 655 1223 dictis,
688 1159 847 1224 paulo
869 1165 992 1227 post
1021 1157 1210 1211 morbo
1251 1163 1557 1224 correptus,
1595 1167 1824 1208 mortem
1858 1154 2013 1208 obiit.

2161 517 2284 571 κατ’
2343 517 2507 572 αὐτὸν
2558 516 3010 588 ἀρχιερωσύνης,
3052 516 3360 586 ἁναθέμασι
3411 516 3522 584 καὶ,
3555 517 3753 570 καθαι-

2162 610 2347 680 ρέσεσι
2375 608 2918 676 καθυποϐἀλλοντες,
2950 608 3308 679 παρῃτήσατο
3351 606 3413 660 τὸ
3443 591 3543 678 τῆς
3587 609 3751 679 ἱερω-

2161 701 2329 771 σύνης
2377 700 2617 771 ἀξίωμα·
2667 700 2762 753 καὶ
2813 701 3031 771 πρῶτον
3083 700 3184 771 μὲν
3216 702 3328 764 τοῖς
3361 717 3422 753 τε
3463 699 3749 770 βασιλεῦσι

2159 792 2445 864 παρρησίᾳ
2467 791 2706 862 ἐντυχὼν
2725 793 2979 862 ὲλάλησε,
2998 791 3073 855 ὡς
3095 791 3281 844 πολλοὶ
3298 792 3405 845 τῶν
3429 792 3508 845 ἔτι
3533 809 3603 845 πε
3615 795 3752 858 ριόν-

2155 901 2263 937 των
2305 885 2572 938 αὐτόπται
2605 883 2890 955 γενόμενοι
2933 884 3339 955 μαρτυροῦσιν,
3375 885 3457 938 ὅτι
3502 886 3616 938 Καὶ
3643 886 3750 948 ἕως

2155 972 2250 1026 τοῦ
2278 973 2372 1026 νῦν
2391 974 2491 1026 οὐκ
2519 973 2686 1044 ὀρθὴν
2716 973 3023 1044 συνείδησιν
3051 972 3192 1043 ἔχων
3221 974 3513 1028 διετέλουψ
3539 975 3670 1044 ἄρτι
3692 975 3750 1026 δὲ

2156 1066 2324 1118 πᾶσιν
2354 1067 2482 1134 ὑμῖν
2524 1065 2830 1136 διαγορεύω
2869 1068 2968 1136 τῆς
2999 1065 3264 1136 αἱρέσεως
3297 1066 3740 1138 ἐπικρατούσης,

2156 1155 2692 1227 ἀναθεματιζόμενος
2734 1156 2839 1209 ὑπὸ
2875 1156 2985 1209 τῶν
3013 1157 3219 1209 λοιπῶν
3253 1157 3482 1225 θρόνων,
3515 1157 3750 1210 ἐπίσκο-

473 1271 576 1318 πος
601 1253 757 1325 ὑμῶν
785 1250 926 1307 εἶναι
951 1253 1011 1306 οὐ
1039 1250 1298 1323 δύναμαι·
1324 1248 1532 1304 τούτων
1556 1247 1902 1321 λαληθέντων
1960 1251 2089 1322 ,μετ’
2129 1251 2309 1321 ὀλίγον
2340 1254 2404 1324 τῇ
2446 1251 2588 1323 νόσῳ
2634 1252 3016 1324 συνεχόμενος,
3086 1253 3486 1324 ἐπιλαϐόμενος
3520 1253 3617 1307 τοῦ
3655 1255 3752 1308 θα-

471 1344 633 1400 νάτου
663 1344 756 1400 (ki.

543 1363 633 1398 του
685 1345 714 1397 k
742 1385 756 1398 .

543 1439 598 1498 5.
640 1343 771 1492 lgo)st
802 1438 946 1492 hunc
980 1436 1164 1506 itaque
1209 1445 1411 1510 sanctae
1465 1437 1742 1492 memoriae
1791 1435 2052 1492 Tarasius

475 1529 542 1585 ad
608 1529 1002 1585 sacerdotalem
1041 1530 1293 1583 thronum
1341 1540 1654 1599 promotus,
1684 1539 1737 1584 et
1773 1529 1893 1598 ejus
1927 1538 2056 1583 arta-

475 1623 542 1678 tis
593 1621 1011 1692 imperatoribus
1066 1623 1261 1676 restitit
1315 1633 1372 1678 et
1426 1623 1637 1678 senatui
1685 1623 2047 1691 universoqne

2235 1436 2295 1491 e'.
2333 1437 2490 1521 Μετᾲ
2518 1438 2709 1491 τοῦτον
2732 1433 2826 1491 οὖν
2855 1440 2883 1492 ό
2901 1439 2962 1492 ὲν
2985 1439 3118 1510 ἁγίᾳ
3148 1439 3213 1510 τῇ
3243 1440 3432 1510 μνήμῃ
3466 1439 3749 1512 Ταράσιος

2163 1531 2506 1601 προτραπεὶς
2544 1532 2626 1594 είς
2652 1529 2745 1584 τὸν
2775 1530 3051 1602 ἱερατικὸν
3075 1530 3268 1604 θρόνον
3286 1531 3511 1602 ἐνέστη,
3548 1535 3667 1596 τοῖς
3687 1551 3746 1586 τε

2164 1621 2448 1692 βασιλεῦσι
2486 1621 2609 1692 τότε
2634 1621 2728 1675 καὶ
2750 1624 2817 1692 τῇ
2853 1621 3143 1692 συγκλήτῳ
3173 1619 3271 1676 καὶ
3307 1621 3474 1674 παντὶ
3506 1621 3591 1691 τῷ
3633 1623 3748 1691 ut;

471 1715 623 1770 urbis
688 1715 886 1785 populo
941 1723 1272 1784 protestatus
1325 1725 1447 1780 est,
1491 1715 1589 1769 nisi
1641 1715 1854 1784 publca
1916 1714 2042 1768 ﬁdes

2150 1715 2248 1784 τῆς
2283 1712 2494 1774 πόλεως
2515 1712 2710 1781 λέγων,
2741 1712 2822 1764 ὅτι
2848 1712 2910 1764 Ei
2943 1711 3019 1783 μὴ
3050 1710 3430 1784 πληροφορίαν
3455 1711 3620 1793 ,λάεω
3651 1713 3744 1766 τοῦ

470 1807 573 1862 sibi
621 1806 795 1872 ﬁeret,
837 1806 953 1862 fore
981 1816 1038 1862 ut
1087 1808 1418 1862 mcumeuica
1455 1806 1619 1880 239
1642 1808 1883 1878 synodus
1913 1822 2044 1862 cun-

471 1901 781 1954 traheretur
835 1908 947 1954 tum
980 1901 1323 1969 praesentium
1357 1899 1409 1953 in
1458 1901 1670 1964 urbem,
1706 1909 1817 1952 tum
1872 1899 2039 1953 etiam

469 1993 801 2062 reliquarum
838 1992 1046 2048 sedium
1074 1995 1482 2062 episcOporum,
1552 1993 1621 2047 ob
1675 2007 1870 2047 nevum
1901 1993 2044 2046 hunc

467 2100 708 2140 errorem
741 2084 796 2138 in
851 2083 1093 2140 Ecclesia
1140 2084 1518 2153 corrigendum
1545 2122 1562 2149 ,
1599 2099 1627 2136 a
1669 2099 1728 2138 se
1769 2098 2042 2148 nunquam

467 2176 842 2244 pontiﬁcatum
902 2175 1200 2251 admissum
1265 2175 1352 2229 iri.
1428 2173 1661 2242 Accepta
1721 2188 1849 2228 vero
1929 2171 2046 2239 ejus

468 2268 547 2321 rei
577 2283 605 2320 a
638 2268 851 2322 cunctis
884 2267 1009 2329 ﬁde,
1033 2267 1115 2322 sic
1148 2269 1360 2322 demum
1384 2267 1689 2337 patriarcha
1732 2265 1906 2319 factus
1938 2275 2040 2319 est.

469 2354 605 2410 Tum
639 2355 748 2411 Deo
782 2357 1072 2424 adjuvante
1101 2371 1322 2426 scopum
1357 2366 1438 2410 cst
1464 2365 1808 2420 consecutus,
1840 2365 1894 2409 et
1917 2370 2044 2424 syn-

466 2447 605 2503 odus
643 2447 878 2517 legitime
906 2460 960 2502 et
993 2447 1287 2501 secundant
1320 2462 1558 2502 canones
1599 2447 1703 2500 fuit
1748 2446 2040 2521 celebrata,

468 2538 828 2606 praesentibus
871 2539 1035 2592 etiam
1093 2537 1310 2606 legatis,
1352 2536 1656 2606 litterisque
1701 2534 1976 2603 synodicis
2011 2551 2041 2589 a

467 2627 796 2696 reliquarum
833 2629 1042 2682 sedium
1083 2628 1403 2697 primatibus
1435 2629 1690 2695 acceptis.
1725 2627 2041 2681 Decretum-

467 2735 574 2790 que
609 2720 677 2774 ab
724 2721 974 2774 universa
1009 2722 1216 2792 synodo
1269 2721 1542 2775 conditum
1593 2719 1730 2784 fuit,
1765 2729 1926 2788 atque
1974 2717 2042 2771 ab

467 2810 720 2866 universo
765 2811 896 2866 orbe
950 2823 1270 2880 receptum,
1323 2812 1406 2866 cui
1461 2813 1625 2867 etiam
1681 2812 2042 2881 imperatores

467 2900 922 2968 subscripserunt.
965 2900 1038 2956 De
1091 2916 1195 2969 qua
1249 2902 1560 2956 deﬁnitione
1613 2902 1751 2953 haud
1781 2899 1905 2967 jam
1946 2915 2041 2954 cu-

2151 1804 2410 1878 γενέσθαι
2433 1803 2651 1858 σύνοδον
2671 1804 3059 1875 οίκουμενικην
3089 1803 3490 1876 συνευρισκομέ
3503 1822 3615 1858 νων
3635 1805 3739 1875 ἤδη

2148 1898 2372 1957 καὶτῶν
2393 1896 2598 1950 λοιπῶν
2622 1895 2850 1967 θρόνων,
2876 1895 2963 1952 ἵνα
2992 1895 3053 1949 τὸ
3079 1895 3477 1966 καινοτομηθέν
3511 1897 3742 1966 σφάλμα

2146 1991 2203 2046 ἐν
2233 1992 2301 2060 τῇ
2353 1987 2652 2058 Ἐκκλησία¹
2671 1987 2965 2059 διορθωθῇ,
2990 1989 3070 2051 είς
3100 1986 3200 2059 τὴν
3229 1986 3536 2058 ἱερωσύνην
3567 1990 3742 2058 ἐμαυ-

2145 2079 2238 2132 τὸν
2257 2080 2365 2132 οὐκ
2385 2078 2698 2147 ἐπιδίδωμι·
2723 2077 2818 2131 καὶ
2834 2077 2986 2148 παρὰ
3016 2076 3235 2131 πάντων
3252 2077 3321 2131 τὰ
3345 2076 3444 2148 τῆς
3464 2079 3739 2148 πληροςοο

2147 2169 2270 2240 ρίας
2304 2169 2597 2239 δεξάμενος
2645 2167 2790 2221 οὕτω
2841 2168 3232 2240 προεχειρίσθη
3289 2171 3589 2240 ἀρχιερεύς
3625 2170 3688 2242 (ι)
3719 2186 3732 2200 ⁸

2145 2264 2242 2315 καὶ
2272 2261 2408 2316 Θεοῦ
2436 2261 2730 2333 συνεργείᾳ
2754 2263 2834 2325 είς
2856 2260 3030 2331 πέρας
3060 2261 3354 2332 ἐκόέεηκε,
3384 2262 3482 2315 καὶ
3513 2265 3732 2325 σύνοδος

2145 2355 2388 2423 ἐννόμως
2413 2354 2511 2407 καὶ
2534 2353 2837 2415 κανονικῶς
2861 2352 3142 2423 ἐτελέσθη,
3175 2353 3616 2423 συνευρεθέντω)
3643 2358 3734 2408 καὶ

2142 2445 2561 2516 τοποτηρητῶν.
2591 2443 2686 2498 καὶ
2713 2445 3060 2516 γραμμάτων
3085 2445 3380 2499 συναδικῶν
3403 2446 3513 2498 τῶν
3539 2450 3598 2502 ἐν
3620 2450 3730 2508 τοῖς

2144 2536 2351 2599 λοιποῖς
2382 2535 2593 2606 θρόνοις
2621 2533 2722 2606 τὴν
2752 2535 3171 2606 ἀρχιερωσύνην
3198 2542 3557 2608 κεκτημένων
3585 2556 3598 2569 ·
3628 2538 3721 2590 καί

2141 2628 2267 2698 ὄρος
2291 2627 2400 2681 ἀπὸ
2417 2627 2638 2681 συνόδου
2656 2625 2848 2696 ἐδέχθη
2871 2627 2954 2697 (ι’)
2981 2627 3132 2698 παρά
3150 2644 3210 2679 τε
3232 2628 3529 2698 οἰκουμένῃ
3560 2630 3728 2697 πάσῃ,

2143 2710 2267 2785 ἐνῷ
2289 2717 2386 2774 καὶ
2420 2719 2471 2771 oi
2499 2713 2873 2789 βασιλεύοντες
2891 2717 3181 2788 ,σύμψηφοι
3207 2719 3491 2786 γεγόνασι·
3517 2718 3612 2772 καὶ
3638 2722 3727 2769 rev

2144 2808 2390 2870 τοιοῦτον
2420 2810 2546 2880 ὅρον
2573 2811 2634 2862 οὐ
2674 2809 2781 2880 χρὴ
2812 2810 3306 2881 περιεργάζεσθαιο
3341 2810 3594 2880 καθάπερ
3617 2811 3728 2881 γὰρ

2139 2900 2199 2954 ai
2231 2899 2420 2954 λοιπαὶ
2449 2897 2832 2971 οίκουμενικαὶ
2877 2885 2937 2966 ἐξ
2969 2901 3124 2970 ἆγιαι
3205 2901 3415 2954 σύνοδοι
3446 2902 3603 2972 ὄρους
3645 2903 3726 2954 oi-

467 2989 611 3046 riose
649 2991 1002 3060 quatrendum
1049 3001 1150 3046 est.
1198 2990 1332 3045 Nam
1381 2994 1524 3047 sicut
1572 2993 1792 3060 reliqua:
1842 3003 2042 3046 sanctae

2150 2993 2327 3056 κείους
2353 2991 2620 3064 ἐξέθεντο,
2665 2993 2760 3044 καί
2803 2991 2981 3055 οὐδεὶς
3012 2992 3142 3063 περὶ
3169 2992 3373 3049 τούτων
3407 2993 3683 3046 ἀντέπεσε
3709 3010 3723 3024 ο

465 3095 563 3136 sex
599 3083 791 3152 synodi
839 3082 1181 3148 deﬁnitiones
1222 3097 1350 3138 suas
1395 3084 1722 3149 ediderunt,
1771 3084 1899 3152 quin
1944 3082 2042 3136 ali-

2150 3083 2241 3135 καὶ
2280 3083 2336 3156 ὀί
2369 3063 2512 3134 κατὰ
2562 3080 2788 3151 καιροὺς
2816 3080 2925 3150 γὰρ
2954 3079 3339 3149 βασιλεύοντες
3368 3085 3488 3145 ταῖς
3513 3081 3722 3152 ψήφοις

467 3173 593 3242 quis
644 3172 713 3227 iis
769 3173 1212 3240 contradiceret;
1267 3183 1322 3227 et
1378 3175 1496 3244 ejus
1554 3173 1814 3243 temporis
1875 3173 2046 3242 impe-

468 3265 666 3320 ratoris
689 3304 705 3331 ,
741 3264 1165 3320 sacerdotalibus
1197 3266 1479 3319 sententiis
1516 3265 1876 3332 obsequentes
1897 3305 1912 3329 ,
1950 3278 2045 3316 eas

470 3357 812 3412 admiserunt
889 3367 1054 3426 atque
1141 3357 1468 3423 ﬁrmarunt,
1531 3369 1794 3426 nemoque
1864 3357 2046 3410 ortho-

470 3448 642 3502 doxus
695 3457 814 3515 post
849 3443 1339 3518 promulgationem
1390 3447 1612 3501 dubium
1650 3447 1866 3515 aliquod
1900 3462 2045 3500 com-

470 3539 664 3601 movit,
709 3537 803 3592 sed
851 3547 1106 3608 tanquam
1151 3552 1181 3592 a
1233 3540 1404 3593 sancti
1441 3538 1675 3619 Spiritus
1722 3538 1897 3607 sigillo
1928 3553 2044 3590 mu-

472 3632 584 3685 nita
636 3629 932 3686 Christiani
999 3645 1205 3696 omnes
1244 3645 1363 3700 qua:
1400 3630 1735 3700 promulgata
1784 3638 1909 3682 sunt
1965 3644 2047 3682 re-

470 3734 756 3790 ceperunt;
787 3723 866 3776 sic
897 3722 1060 3776 etiam
1093 3723 1363 3792 praedicta:
1400 3724 1604 3793 synodo
1639 3722 1881 3792 septima:
1915 3736 2046 3775 con-

473 3814 611 3881 tigit,
646 3813 798 3882 cujus
828 3814 1100 3869 decretum
1144 3821 1398 3881 tauquam
1435 3812 1628 3867 divinae
1657 3814 1847 3883 gratiae
1897 3812 2045 3868 fonte

466 3905 706 3970 editum,
759 3905 810 3957 itt
858 3905 1071 3958 cunctis
1118 3904 1265 3965 orbis
1332 3904 1528 3958 ﬁnibus
1577 3905 1879 3959 admissum
1935 3916 2039 3958 est.

467 3993 682 4063 Alioqui
721 4006 962 4049 veterem
992 4004 1046 4048 et
1073 3994 1531 4063 prazexsistentem
1566 3994 1618 4046 in
1649 3993 1890 4048 Ecclesia
1930 4004 2042 4046 tra-

463 4085 723 4140 ditionem
750 4104 812 4142 ea
837 4087 1078 4141 delinitio
1101 4086 1478 4153 conﬁrmabat,
1505 4087 1750 4156 nihilque
1773 4088 2042 4156 peculiare

463 4176 548 4230 vel
581 4193 775 4230 novum
809 4178 1099 4231 statuebat.
1137 4177 1432 4244 Pronterea
1461 4188 1613 4230 extra
1639 4193 1852 4230 omnem
1884 4178 2043 4231 dubi-

464 4269 721 4322 tationem
745 4265 1120 4338 synodioailla
1152 4267 1693 4322 demntia-observari
1724 4282 1753 4320 a
1777 4266 2042 4323 Christia»

464 4358 548 4412 nis
576 4357 836 4410 omnibus
855 4355 978 4424 jure
1013 4355 1526 4423 meritoque-debet.

533 4450 587 4504 6.
632 4448 743 4502 Hac
775 4450 956 4515 itaque
1003 4445 1270 4499 fausteae
1319 4445 1575 4498 divinitus
1617 4445 1866 4501 absoluta
1909 4461 2039 4516 syn-

463 4542 568 4594 odo
591 4579 607 4605 ,
639 4541 727 4609 qui
765 4540 1020 4608 deinceps
1055 4540 1121 4591 ad
1156 4539 1496 4607 episcopatus
1547 4539 1863 4609 dignitatem
1899 4555 2039 4608 pro-

465 4633 595 4687 moti
634 4632 892 4695 fuerunt,
927 4638 1145 4687 «locreto
1189 4631 1264 4686 illi
1317 4631 1807 4703 libenterpmpria
1843 4649 2036 4700 manu,

463 4726 759 4780 secundum
795 4723 1092 4791 antiquitus
1143 4724 1394 4778 traditam
1435 4723 1696 4781 Ecclesia:
1744 4734 2036 4782 consuetu-

461 4821 675 4881 dinem,
728 4833 821 4870 sua
852 4818 1082 4887 quisque
1140 4819 1423 4887 praeposita
1456 4833 1650 4881 cruce,
1703 4819 2041 4888 subscripse-

462 4919 589 4967 runt
629 4928 644 4965 :
683 4925 818 4979 quos
870 4911 1009 4964 inter
1057 4910 1300 4964 nonnulli
1330 4919 1491 4976 sunt,
1542 4910 1633 4978 qui
1682 4910 1841 4964 hodie
1870 4925 1928 4965 se
1974 4910 2039 4964 de

462 5019 692 5073 corpore
722 5003 974 5058 Ecclesiae
1008 5003 1324 5058 avulscrunt
1349 5012 1404 5057 et
1434 5003 1838 5066 abalienarunt,
1870 5013 2034 5071 atque

463 5097 534 5150 ita
564 5095 688 5150 latis
715 5096 766 5149 in
801 5094 888 5150 illa
920 5096 1128 5165 synodo
1160 5094 1598 5149 anathematihus
1648 5107 1819 5152 semet
1849 5099 2027 5166 subje-

531 5247 603 5318 (ιι)
635 5247 862 5317 Copiosc
893 5247 1010 5302 haec
1038 5262 1102 5300 ex
1144 5247 1472 5317 Theophane
1502 5249 1744 5319 Cuperus
1784 5254 1834 5307 in
1875 5254 2022 5310 Patr.

457 5319 1101 5397 C_onstantirtopohtanis,
1153 5319 1278 5372 item
1319 5319 1656 5389 Ephrazmius
1693 5323 2022 5397 chronogra-

457 5391 598 5480 W11?
707 5389 1048 5480 Phili-9973:

530 5458 788 5534 (ιλινιιιιιτ
821 5461 1065 5534 (lupcrus
1105 5459 1170 5512 de
1219 5460 1319 5513 hac
1361 5461 1575 5534 egregia
1621 5461 1830 5516 Tarasii
1897 5468 2034 5534 apud

458 5529 709 5597 pupulum
759 5529 1167 5598 protestatione,
1198 5541 1322 5584 ante
1379 5529 1780 5600 suscipiendum
1827 5529 2038 5606 episco.

481 5609 660 5652 ratum.

459 5613 660 5666 patum.

534 5668 614 5736 (ι’)
646 5667 776 5743 God.
808 5669 1038 5743 secunda
1073 5686 1238 5743 manu
1282 5671 1466 5743 ἐτέθη.

528 5743 623 5805 (ιη)
671 5737 1033 5793 Considerent
1071 5741 1184 5796 haec
1243 5737 1548 5798 nostrorum
1581 5758 1795 5813 quoque
1824 5755 2036 5817 tempo~

2145 3172 2254 3226 τῶν
2272 3173 2466 3244 ἱερέων
2489 3173 2767 3244 ἑπόμενοι,
2791 3173 2889 3227 καὶ
2911 3172 3245 3247 ἀπεδέξαντο
3265 3173 3359 3226 καὶ
3379 3174 3691 3244 ἐκράτυναν
3709 3189 3725 3204 '

2146 3266 2238 3319 mi.
2274 3267 2453 3328 οὐδεὶς
2499 3266 2610 3320 τῶν
2652 3265 3083 3336 όρθοδοξούντων
3121 3266 3262 3336 μετὰ
3286 3266 3383 3335 τὴν
3413 3265 3732 3337 ἐκφὼνησιν

2147 3355 2721 3428 [είςιάμφισὸήτησιν
2753 3357 3016 3426 κατέστη,
3051 3357 3168 3410 ἀλλ’
3188 3357 3264 3430 ὡς
3308 3358 3374 3409 ἐκ
3406 3359 3733 3425 Πνεύματος

2147 3447 2303 3516 ἁγίου
2332 3447 2782 3519 σφραγισθέντων
2818 3447 2928 3500 τῶν
2967 3447 3400 3519 ἐκφωνηθέντων
3440 3449 3644 3509 πάντες
3679 3451 3732 3502 oi

2144 3539 2460 3612 Χριστιανοὶ
2492 3537 2765 3602 ἐδέξαντο,
2799 3537 2952 3592 οὕτω
2985 3539 3079 3593 καὶ
3109 3540 3201 3592 ἐπὶ
3231 3540 3331 3610 τῆς
3355 3541 3656 3612 εἰρημένης
3682 3542 3731 3608 ζ’

2147 3632 2370 3686 συνόδου
2395 3632 2857 3703 ἐπηκολούθησεν,
2900 3633 2995 3687 καὶ
3040 3632 3115 3696 ὡς
3159 3637 3224 3688 ἐκ
3257 3634 3410 3698 θείας
3447 3635 3675 3705 χάριτος
3703 3639 3733 3688 ὁ

2145 3725 2269 3797 ὄρος
2298 3727 2471 3795 αὐτῆς
2493 3727 2731 3790 ἐκδοθεὶς
2762 3726 3062 3791 ἀπόδεκτος
3085 3726 3306 3796 γέγονεν
3330 3728 3389 3779 ἐν
3415 3730 3584 3781 πᾶσιν
3609 3732 3734 3792 τοῖς

2146 3817 2398 3888 πέρασιντ
2415 3817 2590 3881 ἄλλως
2615 3835 2676 3871 τε
2697 3819 2752 3871 δέ
2771 3818 2866 3872 κα)⁵
2893 3816 3125 3890 ἀρχαίαν
3144 3821 3238 3872 καὶ
3251 3821 3732 3892 προϋπάρχουσαν

2145 3909 2202 3962 ἐν
2225 3911 2290 3977 τῇ
2320 3908 2618 3980 Ἐκκλησία
2648 3910 2947 3980 παράδοσιν
2971 3911 3279 3965 ἀνεκαίνισε
3307 3915 3402 3967 καὶ
3430 3915 3729 3984 ἐκράτυνε,

2143 3999 2234 4052 καὶ
2263 3998 2401 4079 τδιον.
2420 3999 2570 4051 οὐδὲν
2605 4001 3032 4070 ἐκαινοτόμησεν
3057 4017 3071 4030 ·
3109 4001 3296 4056 ἕνεκεν
3317 4006 3509 4057 τούτου
3529 4003 3732 4076 ’ἀναμ-

2144 4089 2476 4159 φισϐήτητος
2502 4089 2646 4144 κατὰ
2664 4091 2840 4145 πάντα
2857 4093 3056 4163 τρόπον
3084 4094 3112 4145 ό
3127 4094 3248 4147 κατ’
3279 4095 3448 4166 αὐτὴν
3474 4097 3596 4165 ὅρος
3616 4115 3733 4167 φυ-

2141 4178 2434 4233 λάττεσθαι
2467 4181 2620 4254 παρὰ
2668 4181 2780 4234 τῶν
2822 4183 3168 4249 Χριστιανῶν
3217 4185 3442 4250 δικαίως
3503 4187 3734 4255 ὀφείλε-

2140 4289 2231 4323 ται
2272 4268 2393 4341 (m).

2218 4473 2293 4532 ς’.
2335 4467 2553 4539 Ταύτης
2573 4463 2667 4523 οὖν
2694 4467 2794 4538 τῆς
2827 4471 2988 4541 ίερᾶςι
3007 4472 3226 4526 συνόδου
3257 4472 3447 4536 αἰσίως
3477 4475 3574 4528 καὶ
3604 4475 3737 4532 Oeo-

2146 4564 2375 4633 πρεπῶς
2403 4562 2776 4635 τελεσθείσης,
2817 4567 2866 4618 oi
2913 4566 3053 4632 μετά
3085 4567 3262 4621 ταῦτα
3295 4569 3376 4633 είς
3419 4569 3738 4645 ἱερωσύνης

2136 4654 2356 4725 ἀξίωμα
2418 4655 2933 4727 προχειρισθέντες,
2973 4657 3053 4727 τῷ
3096 4659 3188 4712 ὑπ’
3233 4661 3405 4730 αὐτὴν
3438 4661 3736 4724 ἑκτεθὲντι

2135 4745 2247 4814 ὅρῳ
2277 4746 2602 4815 στέργοντες
2641 4745 2942 4815 ίδιοχείρως
2980 4747 3122 4800 κατὰ
3145 4748 3243 4819 τὴν
3275 4750 3738 4823 παραδεδομένην

2136 4834 2380 4905 ἀρχῆθεν
2405 4836 2698 4905 συνήθειαν
2722 4839 2786 4907 τῇ
2817 4838 3138 4910 Ἐκκλησία,
3159 4842 3287 4904 τοὺς
3303 4842 3540 4905 οἰκείους
3555 4860 3742 4899 mu-

2140 4926 2267 4995 ροὺς
2290 4928 2662 4998 προτάξαντες
2702 4928 2778 4999 (η)
2812 4929 3138 5001 ὑπέγραψαν
3161 4945 3175 4960 ·
3226 4927 3302 4988 ὧν
3330 4937 3435 4989 είσι
3472 4936 3569 4988 καὶ
3613 4939 3727 4993 νῦν

2134 5019 2453 5081 οί-ἐαυτοὺς
2483 5017 2579 5071 τοῦ
2620 5017 2724 5087 τῆς
2770 5017 3103 5092 Ἐκκλησίας
3139 5026 3512 5098 πληρώματος
3542 5029 3734 5104 ἀπορο

2138 5106 2406 5178 ῥήξαντες
2446 5108 2541 5160 καὶ
2567 5108 3114 5182 ἀπαλλοτριῶσαντες
3144 5117 3366 5180 καὶτοῖς
3390 5119 3448 5170 ἐν
3480 5122 3549 5190 τῇ
3577 5121 3734 5193 αὐτῇ

2135 5275 2256 5348 τιιιη
2287 5261 2668 5348 iconnmachi;
2701 5266 2946 5348 videant,
2979 5274 3247 5338 quomodo
3289 5275 3557 5345 generalis
3587 5292 3734 5348 syn-

2136 5329 2225 5384 odi
2277 5334 2674 5412 auctoritatem
2711 5329 3259 5410 despicere-queant,
3289 5329 3420 5412 quin
3471 5329 3738 5407 sanati};

2139 5411 2367 5492 caeteras
2391 5407 2774 5492 Imcgnen‘icas
2817 5423 2996 5492 a‘que'
3026 5407 3268 5469 inﬁrmas
3298 5407 3578 5484 judicent;
3619 5439 3735 5492 quo

2137 5471 2302 5552 facto,
2321 5471 2466 5552 _ﬁdes
2490 5472 2797 5552 Christiana
2821 5471 3042 5534 corruit.

2210 5542 2285 5622 (η)
2321 5541 2400 5627 En
2429 5558 2632 5627 morem
2663 5547 2799 5627 apud
2843 5563 2938 5627 nos
2974 5552 3149 5606 adhuc
3188 5565 3482 5625 vrgentem.
3519 5570 3580 5612 ut
3611 5565 3735 5627 epi-

2139 5613 2287 5695 scopi
2320 5613 2808 5695 subscriptionibus
2834 5619 2955 5695 suis
2989 5635 3204 5695 crnrem
3238 5613 3582 5695 praeponam.

2139 5688 2281 5761 5'3,“
2313 5692 2488 5761 “fu?”
2514 5686 2720 5761 Cm“:in
2752 5695 2792 5740 ιο
2834 5685 2939 5752 VU,
2967 5692 3068 5743 Col.
3097 5692 3186 5759 55,
3215 5685 3490 5750 confessio
3523 5685 3733 5760 itrecrct

2138 5752 2566 5820 Subscriptiones
2617 5757 2992 5827 episc0porum
3019 5764 3088 5817 ab
3121 5752 3310 5822 haeresi
3345 5752 3730 5834 reversarum;
