3928 6166
240 287 344 353 841

973 279 1540 342 APOLOGETICUS
1573 278 1826 342 MINOR
1861 277 2013 338 PRO
2051 277 2319 338 SACRIS
2355 273 2834 336 IMAGINIBUS.

3395 229 3594 330 842.

240 397 454 468 συνόδῳ
486 391 960 464 ἀναθεματισμοῖς
998 389 1225 452 ἑαυτοὺς
1264 387 1816 450 καθυποϐάλλοντες·

1952 395 2141 440 rernnt.
2176 385 2271 440 Est
2295 393 2475 440 autem
2495 381 2827 438 definitionis
2846 386 3004 434 tenor
3029 378 3134 433 hic.
3163 395 3182 429 ι
3205 376 3503 434 Credeutcs

241 491 360 562 ἔχει
394 488 454 542 δέ
501 487 570 541 τὰ
609 482 902 538 ἐκτεθέντα
939 479 1134 542 οὕτως·
1169 499 1188 531 ι
1228 479 1587 544 Πιστεύοντες
1616 481 1696 542 εἰς
1725 477 1823 533 Eva.

239 582 384 636 Θεὸν
419 577 516 632 τὸν
544 577 603 630 ἐν
627 573 818 646 Τριάδι
863 569 1234 642 ὑμνούμενον,
1269 571 1369 634 τὰς
1410 569 1572 639 ἁγίας
1608 567 1826 632 εἰκόνας

240 667 647 740 ἀσπαζόμεθα·
682 664 858 720 καὶιοί
913 661 990 734 μὴ
1043 659 1220 726 οὓτως
1275 661 1516 730 ἔχοντες,
1570 659 1826 726 ἀνάθεμα

243 761 490 815 ἔστωσαν
515 777 528 790 ·
561 755 658 811 καὶ
686 757 738 809 οἰ
790 751 865 824 μὴ
893 751 1066 813 οὕτως
1109 749 1462 822 φρονοῦντες,
1505 749 1696 820 πόρρω
1723 747 1826 816 τῆς

259 845 590 916 Ἐκκλησίας
623 841 1096 914 ἐκδιωχθήτωσαψ
1119 840 1281 910 ἡμεῖς
1307 842 1374 912 τῇ
1401 839 1608 910 ἀρχαίᾳ
1628 839 1830 908 θεσμοη

244 939 408 1011 θεσίᾳ
420 933 790 992 ἐπακολουθοῦ
798 946 920 1004 μεψ
945 932 1108 1002 ἡμεῖς
1122 931 1249 995 τοὺς
1267 931 1506 1002 θεσμοὺς
1524 929 1634 984 τῶν
1649 928 1828 984 Πατέ-

249 1047 364 1102 ρων
396 1023 780 1097 φυλαττόμεθα
797 1041 810 1054 ·
829 1024 991 1094 ἡμεῖς
1017 1023 1145 1084 τοὺς
1165 1020 1576 1092 παρατιθέντας
1605 1019 1638 1091 ἢ
1665 1021 1832 1088 ἀφαι-

250 1117 506 1190 ροῦντας,
540 1117 604 1168 ἐκ
629 1115 728 1183 τῆς
755 1111 1052 1182 καθολικῆς
1082 1111 1414 1182 Ἑκκλησίας
1435 1109 1832 1182 ἀναθεματίζο-

251 1227 375 1280 μενο
399 1208 561 1278 ἡμεῖς
581 1205 706 1266 τοὺς
733 1204 810 1275 μὴ
830 1203 1004 1262 οὕτως
1043 1201 1266 1273 ἔχοντας
1285 1201 1365 1272 τῷ
1391 1203 1694 1272 ἀναθέματι
1733 1218 1834 1254 κα-

249 1297 691 1366 θυποϐάλλομεν·
707 1296 819 1356 τοῖς
838 1292 1242 1362 ἐκλαμϐάνουσι
1264 1293 1362 1356 τὰς
1384 1293 1536 1362 παρά
1553 1291 1653 1355 τάς
1674 1290 1824 1354 θείας

247 1391 478 1462 Γραφάς
505 1390 691 1460 ῥήσεις
710 1386 812 1450 τὰς
835 1386 978 1441 κατά
997 1385 1106 1440 τῶν
1127 1385 1361 1440 εἰδώλων
1385 1385 1468 1448 εἰς
1491 1385 1594 1448 τὰς
1627 1383 1835 1447 σεπτάς

246 1482 490 1546 εἰκόνας,
516 1477 768 1548 ἀνάθεμα
783 1492 796 1506 ·
820 1479 935 1541 τοῖς
959 1474 1299 1530 ἀποκαλοῦσι
1319 1475 1420 1538 τὰς
1445 1475 1600 1547 ίεράς
1619 1475 1835 1538 εἰκόνας

247 1571 472 1636 εἴδωλα,
492 1568 764 1640 ἀνάθεμα,
783 1567 1034 1638 ἀνάθεμα
1051 1567 1149 1639 (ο).
1163 1585 1182 1620 ι
1207 1565 1395 1622 Ταῦτα
1415 1567 1463 1620 οί
1489 1565 1694 1638 ἀρτίως
1711 1567 1838 1620 ἐαυ-

247 1665 381 1728 τοὺς
416 1663 520 1734 τῆς
549 1661 878 1733 Ἐκκλησίας
921 1659 1322 1730 ἀποσχίσαντες
1361 1657 1836 1730 καθωμολόγησαν

1932 473 2096 529 nnurn
2127 474 2292 544 27o
2325 473 2494 528 Deum
2519 472 2572 526 in
2595 469 2864 526 Trinitate
2894 467 3252 534 celebratum,
3282 481 3500 524 sanctas

1928 567 2190 636 imagines
2247 563 2624 628 admittimus;
2677 571 2736 618 et
2783 561 2873 632 qui
2935 561 3095 616 aliter
3151 574 3213 616 se
3263 561 3502 629 habent,
3582 598 3631 642 δ

1928 661 2219 715 anathema
2235 659 2374 723 sint;
2399 667 2456 713 et
2478 659 2567 728 qui
2589 657 2749 712 aliter
2770 657 3035 724 sentiunt,
3053 655 3238 726 procul
3260 656 3507 712 Ecclesia

1929 760 2360 822 proterreantur.
2373 749 2484 806 Nos
2502 749 2718 820 quidem
2734 756 2947 804 veteres
2967 747 3180 817 regulas
3196 749 3508 817 sequimur;

1932 857 2029 897 nos
2063 839 2285 898 Patrum
2315 841 2533 897 decreta
2563 841 2934 904 custodimus;
2962 853 3084 902 nos,
3119 851 3214 894 eos
3239 839 3330 908 qui
3361 837 3513 904 quid-

1930 949 2094 1004 quam
2122 933 2430 990 addiderint
2453 942 2548 988 aut
2571 931 2922 996 abstulerint,
2952 932 3020 986 de
3039 930 3306 986 catholica
3334 931 3512 987 Eccleo

1931 1025 2011 1079 sia
2041 1026 2617 1088 excommunicamus;
2667 1037 2790 1088 nos,
2838 1023 2930 1092 qui
2973 1021 3082 1076 alio
3117 1021 3303 1076 animo
3344 1033 3472 1077 sunt
3497 1062 3511 1088 ,

1933 1105 2263 1170 anathemati
2299 1114 2640 1184 subiicimus.
2694 1114 2996 1169 Anathema
3051 1113 3158 1169 illis
3209 1114 3302 1184 qui
3355 1113 3513 1170 locu-

1933 1206 2112 1263 tiones
2143 1206 2198 1262 in
2227 1207 2428 1263 divinis
2455 1207 2756 1276 Scripturis
2791 1215 2978 1262 contra
3012 1207 3155 1261 idola
3188 1207 3361 1262 dictas
3381 1247 3398 1272 ,
3445 1208 3517 1262 de

1933 1297 2141 1354 sanctis
2187 1297 2516 1369 imaginibus
2547 1298 2736 1354 volunt
2783 1297 3104 1368 intelligere.
3142 1296 3254 1352 illis
3285 1299 3378 1368 qui
3425 1315 3516 1354 sa-

1935 1401 2060 1443 cras
2109 1387 2380 1458 imagines
2437 1387 2579 1443 idola
2635 1387 2950 1459 appellant,
3001 1387 3332 1452 anathema,
3385 1405 3520 1442 ana-

1936 1483 2140 1538 thema.
2181 1501 2202 1535 »
2237 1481 2380 1549 Has,
2419 1483 2676 1552 inquam,
2716 1479 2978 1536 formulas
3007 1479 3062 1534 hi
3087 1518 3104 1544 ,
3135 1481 3226 1550 qui
3258 1483 3520 1536 adversus

1937 1571 2236 1628 Ecclesiam
2266 1587 2440 1642 nuper
2466 1573 2703 1628 schisma
2729 1571 2999 1638 iecerunt,
3043 1571 3274 1641 professi
3304 1571 3522 1626 fuerant

1937 1680 2036 1736 per
2059 1679 2188 1721 suas
2212 1665 2662 1734 subscriptiones.
2698 1663 2853 1730 Quod
2881 1665 2924 1720 si
2953 1679 3097 1719 nunc
3125 1664 3519 1720 confessionem

247 1755 345 1810 διὰ
359 1755 472 1810 τῶν
491 1754 710 1810 οἰκείων
730 1751 1088 1821 ὑπογραφῶν·
1111 1752 1208 1804 καὶ
1222 1752 1271 1805 εἰ
1288 1749 1579 1824 ἀρνοῦνται
1597 1749 1698 1819 τὴν
1717 1752 1842 1822 όμο-

1952 1770 2092 1810 suam
2127 1764 2367 1826 negant,
2399 1755 2435 1810 ii
2461 1756 2696 1840 scriptas
2723 1771 2884 1810 manu
2921 1755 3138 1826 propria
3175 1769 3367 1810 cruces
3399 1769 3523 1809 ron-

246 1849 446 1916 λογίαν
465 1846 667 1909 αὐτῶν,
699 1845 828 1908 τοὺς
855 1843 1173 1914 ίδιοχείρους
1207 1843 1387 1896 αὐτῶν
1412 1843 1682 1914 σταυροὺς
1727 1859 1835 1897 πα-

217 1929 228 1938 ’
249 1939 348 1996 τοῦ
358 1957 432 2005 σι,
451 1940 549 1993 καὶ
562 1939 676 2002 τοῖς
697 1935 1080 2008 προκειμένοις
1101 1933 1438 2004 ἀναθέμασιν
1454 1934 1684 1998 ἑαυτοὺς
1706 1933 1838 1988 καθ-

252 2031 649 2091 υποϐἀλλουσι,
668 2026 1026 2098 καὶσὺδαμῶς
1049 2027 1110 2078 ἐν
1137 2029 1206 2096 τῇ
1233 2024 1530 2096 Ἐκκλησία
1556 2025 1803 2080 ἵστανται
1821 2041 1834 2054 ·

253 2124 383 2178 ἐπεὶ
421 2123 480 2176 δὲ
533 2121 631 2175 καὶ
668 2119 728 2174 τδ
784 2118 966 2188 δόγμα
1008 2118 1110 2187 τῆς
1162 2119 1401 2181 πίστεως
1446 2120 1506 2170 ἐν
1542 2110 1587 2186 ᾧ
1625 2117 1836 2187 ἐχειρο-

251 2216 566 2287 τονήθησαν
583 2213 915 2284 ἠρνήσαντο,
935 2209 1150 2280 ἀνάγκη
1183 2209 1381 2273 αὐτοὺς
1410 2211 1506 2262 καὶ
1533 2212 1633 2280 τὴν
1659 2226 1842 2280 χειρορ

255 2308 442 2362 τονίαν
479 2301 854 2376 ἀρνήσασθαι,
908 2301 1005 2354 καὶ
1063 2296 1206 2354 εἶναι
1250 2300 1705 2372 καθῃρημένους,
1763 2300 1840 2362 ὡς

255 2393 898 2469 ἐτεροδιδασκαλοῦντας·
922 2393 1019 2446 καὶ
1039 2391 1130 2446 eis
1152 2391 1312 2446 τοῦτο
1332 2394 1392 2444 οὐ
1406 2391 1514 2463 χρὴ
1531 2392 1735 2455 αὐτοὺς
1761 2393 1840 2455 εἰς

255 2491 528 2556 διαλέξεις
566 2489 600 2558 ἢ
658 2488 740 2550 εἰς
784 2484 1093 2553 ἀντιλογίας
1150 2485 1288 2555 πρὸς
1341 2483 1619 2555 ἱερατικὸν
1671 2483 1843 2554 ἄνδρα

257 2581 520 2653 ἔρχεσθαι
549 2581 658 2648 (ρ)·
687 2579 722 2650 ἢ
773 2578 880 2648 γὰρ
926 2575 1176 2646 συζητῶν
1212 2577 1331 2647 μετ’
1369 2575 1549 2628 αὐτῶν
1587 2574 1720 2646 περὶ
1751 2575 1843 2628 δο-

258 2674 492 2742 γμάτων
512 2669 1006 2742 ἐκκλησιαστικῶν,
1040 2670 1155 2731 τοῖς
1178 2669 1362 2730 αὐτοῖς
1390 2668 1695 2738 ἀναθέμασι
1715 2667 1846 2722 ἰαυ-

259 2769 358 2820 τδν
412 2763 756 2836 περιϐάλλει.
803 2761 970 2829 Αὔξει
1023 2761 1080 2815 δὲ
1117 2759 1300 2814 αὐτῶν
1337 2760 1400 2813 τὸ
1439 2761 1717 2832 ἔγκλημα,
1749 2762 1846 2816 καὶ

267 2857 477 2928 μείζων
507 2859 540 2928 ἡ
571 2859 899 2928 κατάκρισις
920 2855 1154 2924 γίνεται,
1177 2855 1260 2908 ὅτι
1289 2855 1352 2906 οὒ
1373 2854 1570 2906 νεωστί
1592 2854 1844 2919 ἐπιγνόν-

260 2967 360 3014 τες
387 2952 456 3004 τὰ
475 2949 808 3018 ζητούμενα,
838 2947 953 3000 ἀλλ’
974 2949 1038 3000 ἐκ
1059 2945 1302 3008 πλείονος
1322 2945 1514 3015 χρόνον
1533 2946 1767 3016 πρᾶγμα
1787 2945 1846 2995 ἐν

261 3046 333 3114 τῇ
371 3041 674 3112 Ἐκκλησία
702 3038 1089 3110 κεκυρωμένον
1128 3036 1331 3098 ἰδόντες
1359 3038 1454 3088 καὶ
1483 3035 1846 3106 ὑπογράψαν-

1936 1847 2180 1912 culcant,
2215 1841 2398 1916 isequ'e
2453 1848 2782 1918 supradictis
2832 1847 3270 1902 anathematibus
3319 1863 3522 1917 suppo-

1938 1949 2094 2002 nunt,
2127 1945 2292 2007 atque
2312 1937 2536 1992 omnino
2559 1938 2611 1991 in
2639 1937 2881 1992 Ecclesia
2911 1953 3014 1990 non
3049 1945 3195 1992 sunt.
3222 1921 3365 2003 Quia‘
3391 1951 3522 1991 vero

1938 2037 1994 2082 et
2027 2027 2153 2082 fidei
2207 2029 2404 2098 dogma
2453 2029 2508 2082 in
2545 2043 2653 2096 quo
2703 2027 2937 2082 ordinati
2986 2026 3174 2092 fuere,
3212 2037 3520 2099 negarunt,

1938 2120 2188 2190 sequitur
2213 2129 2272 2174 ιιι
2303 2135 2455 2174 suam
2483 2133 2701 2190 quoque
2731 2118 3132 2173 ordinationem
3165 2118 3484 2188 negaverint
3504 2159 3520 2180 ,

1939 2211 2158 2280 sintque
2217 2211 2475 2280 depositi,
2521 2225 2618 2266 ceu
2669 2211 2865 2265 aliena:
2908 2211 3172 2264 doctrinae
3227 2208 3521 2279 magistri;

1941 2301 2170 2372 ideoque
2205 2316 2310 2355 non
2342 2301 2470 2356 licet
2496 2315 2589 2358 eos
2610 2301 2677 2356 ad
2699 2301 3030 2371 colloquium
3065 2301 3153 2354 vel
3177 2301 3526 2370 disceptatio-

1943 2407 2066 2448 nem
2097 2407 2218 2448 cum
2241 2394 2358 2448 viro
2382 2393 2623 2463 quolibet
2649 2393 2972 2448 sacerdotali
2997 2391 3288 2447 admittere
3314 2409 3330 2446 :
3369 2405 3527 2446 secus

1941 2485 2116 2549 enim,
2145 2478 2390 2555 qui‘cum
2425 2485 2508 2539 his
2537 2484 2604 2540 de
2627 2485 3016 2540 ecclesiasticis
3045 2485 3388 2556 dogmatibus
3415 2485 3528 2540 dis-

1945 2578 2236 2646 putaverit,
2271 2578 2461 2633 iisdem
2493 2591 2554 2631 se
2581 2579 3024 2634 auathematibus
3063 2577 3324 2646 implicat.
3355 2575 3524 2632 Porro

1945 2673 2150 2728 crimen
2180 2673 2396 2728 illorum
2427 2673 2684 2746 augebit,
2716 2675 3040 2742 graviorque
3079 2671 3362 2726 damnatio
3402 2670 3522 2735 ﬁet,

1946 2767 2071 2833 quia
2119 2781 2224 2818 non
2278 2781 2450 2834 nuper
2496 2769 2849 2836 quaestionem
2899 2765 3042 2818 hanc
3090 2774 3384 2838 noverunt,
3428 2763 3526 2820 sed

1950 2871 2060 2910 rem
2099 2857 2268 2909 multo
2300 2865 2426 2910 ante
2469 2867 2709 2926 tempore
2745 2857 2798 2911 in
2829 2857 3067 2912 Ecclesia
3097 2857 3398 2921 definitam,
3435 2857 3527 2912 cui

1947 2950 2111 3004 etiam
2161 2949 2575 3020 subscripsere,
2611 2958 3036 3024 cognoscentes,
3085 2961 3279 3020 sponte
3329 2952 3532 3006 sceleri

1949 3050 2374 3108 consenserunt;
2393 3027 2447 3096 et
2469 3043 2685 3111 quidem
2712 3043 3090 3112 magistrorum
3114 3043 3274 3113 271
3305 3042 3534 3112 dogma-

261 3105 385 3198 τές,
431 3105 695 3194 ἑκουσίως
745 3105 976 3194 ἐαυτοίλς
1021 3131 1090 3201 τῇ
1141 3129 1462 3198 παρανομίᾳ
1489 3105 1800 3200 ἐπέρριψαν
1830 3142 1844 3156 ’

1957 3133 2186 3187 ticorum
2203 3133 2382 3189 locum
2408 3135 2460 3188 in
2487 3133 2726 3188 Ecclesia
2752 3141 3019 3197 tenentes,
3038 3143 3092 3186 et
3123 3135 3176 3187 in
3198 3134 3300 3186 hoc
3323 3132 3532 3202 magis-

264 3227 374 3281 καὶ
391 3225 565 3288 ταῦτα
591 3224 908 3278 διδάσκαλοι
927 3223 1038 3276 τῶν
1072 3223 1172 3292 τῆς
1204 3221 1534 3292 Ἐκκλησίας
1561 3221 1852 3292 δογμάτων

265 3316 740 3390 χρηματίσαντες,
781 3315 876 3368 καὶ
903 3315 960 3366 ἐν
997 3316 1064 3385 τῇ
1088 3312 1316 3384 τοιαύτῃ
1339 3311 1527 3382 διδαχῇ
1563 3311 1854 3381 χρονίσαν-

266 3425 388 3474 τες·
407 3409 503 3462 καὶ
517 3408 718 3480 ἑτέρως
743 3407 800 3460 δὲ
818 3405 1199 3478 καθῃρημένοι
1219 3404 1550 3474 τυγχάνουσι
1569 3405 1722 3474 παρὰ
1741 3402 1853 3456 τῶν

270 3501 442 3556 Θιίων
469 3501 730 3562 κανόνων,
763 3499 842 3564 ὼς
879 3497 1361 3569 παρασυναγωγὰς
1405 3495 1694 3558 ποιοῦντες
1713 3535 1728 3560 ,
1759 3494 1854 3548 καὶ

269 3593 379 3656 τὰς
407 3593 688 3664 βασιλικὰς
717 3593 888 3655 ἀκοὰς
933 3590 1270 3660 διοχλοῦντες
1298 3588 1374 3658 (q)
1397 3604 1412 3619 ο
1448 3587 1632 3641 τέλεον
1665 3587 1722 3638 δέ
1751 3587 1854 3640 αὐ-

270 3687 406 3749 τοὺς
442 3683 724 3738 ἀποκλείει
765 3684 866 3753 τῆς
927 3682 1066 3753 πρὸς
1112 3679 1608 3750 ἐκκλησιαστικοὺς
1655 3677 1857 3748 ἄνδρας

271 3777 518 3850 ὁμιλίας,
552 3777 648 3830 καὶ
683 3773 782 3828 τοῦ
833 3773 1112 3844 ἱερατικοῦ
1153 3770 1412 3837 συλλόγου
1455 3768 1727 3833 ἐκϐάλλει,
1763 3769 1857 3823 καί

271 3873 445 3941 ἓτερα
483 3872 582 3939 μέν
615 3884 758 3931 τινα,
801 3865 1096 3935 ἐξαιρέτως
1133 3863 1190 3916 δὲ
1221 3863 1291 3917 τά
1324 3865 1382 3916 ἐν
1420 3866 1486 3932 τῇ
1517 3861 1650 3932 ἁγίᾳ
1676 3862 1860 3916 οἰκου-

275 3963 480 4034 μενικῇ
500 3967 552 4025 ς’
571 3959 774 4029 συνόδῳ
793 3957 1114 4026 ἐγκείμενα,
1135 3952 1321 4016 καθὼς
1355 3952 1676 4023 ἐμφαίνεται
1709 3953 1768 4004 ἐν
1788 3957 1856 4023 τῇ

274 4053 530 4122 συνοδικῇ
557 4049 813 4120 ἐπιστολῇ
845 4045 1154 4115 Ἀγάθωνος
1177 4044 1335 4098 πάπα
1360 4044 1460 4114 τῆς
1477 4041 1857 4114 πρεσϐυτέρας

284 4142 511 4213 Ῥώμης
532 4142 622 4211 (1)·
657 4139 769 4211 ἔχει
797 4137 906 4208 γὰρ
935 4129 1060 4191 ὧδε·
1096 4152 1116 4186 ι
1153 4133 1344 4196 Ὅστις
1374 4131 1643 4196 ποτὲ-τῶν
1669 4131 1858 4202 ἱερέων

267 4236 346 4288 τὰ
367 4237 425 4287 ἐν
440 4237 507 4304 τῇ
527 4231 790 4303 ὁμολογίᾳ
806 4228 904 4296 τῆς
920 4229 1198 4298 ἡμετέρας
1223 4223 1575 4295 μετριότητος
1604 4222 1858 4292 περιεχόσι

271 4341 421 4396 μενα
475 4323 592 4392 ἃμα
631 4325 766 4392 ἡμῖν
813 4317 1128 4388 εἰλικρινῶς
1162 4315 1466 4385 κηρύσσειν
1495 4311 1856 4382 ἐπιθυμήσει,

269 4415 409 4486 περὶ
437 4417 502 4484 τῇ
531 4411 776 4483 ἡμετέρᾳ
805 4398 1139 4477 ἆποστολικῇ
1172 4405 1377 4469 πίστει,
1412 4405 1488 4466 ὡς
1521 4405 1855 4474 ὁμόφρονας,

269 4508 354 4569 ὡς
387 4505 679 4574 συνωρεῖς,
701 4503 788 4562 1b;
821 4496 1298 4566 συλλειτουργοὺς,
1338 4495 1412 4557 ὥς
1437 4495 1536 4563 τῆς
1567 4494 1742 4563 αὐτῆς
1767 4493 1858 4546 πί-
1891 4466 1936 4522 D

271 4612 472 4662 στεως,
524 4595 622 4648 καὶ
666 4593 754 4646 ἴνα
787 4590 974 4654 ἁπλῶς
1028 4591 1298 4656 εἴπωμεν,
1344 4584 1418 4647 ὡς
1455 4586 1858 4654 πνευματικοὺς

269 4689 542 4757 ἀδελφοὺς
573 4685 668 4738 καὶ
717 4679 1154 4740 συνεπισκόπους
1187 4675 1348 4748 ἡμῶν
1388 4671 1661 4744 δεχόμεθα
1681 4689 1696 4704 ο
1733 4672 1861 4736 τοὺς

269 4783 332 4837 δὲ
359 4779 535 4834 ταῦτα
564 4775 952 4846 συνομολογεῖν
979 4771 1055 4842 μὴ
1074 4768 1356 4833 θέλοντας,
1401 4767 1478 4830 ὡς
1505 4763 1737 4836 ἐχθροὺς
1759 4764 1861 4834 τῆς

268 4872 576 4942 καθολικῆς
602 4871 699 4923 καὶ
729 4865 1101 4936 ἀωστολικῆς
1134 4861 1452 4934 ὁμολογίας,
1472 4858 1693 4930 ἐνόχους
1719 4852 1860 4911 εἶναι

271 4964 542 5038 κρίνομεν
577 4962 677 5031 τῆς
731 4957 958 5022 αίωνίας
1010 4955 1427 5026 κατακρίσεωςο
1461 4949 1586 5004 οὔτε
1632 4949 1688 5002 δὲ
1733 4951 1863 5012 τοὺς

271 5053 556 5116 τοιούτους
590 5052 724 5106 ποτὲ
756 5053 816 5104 ἐν
869 5049 948 5120 τῷ
1013 5046 1255 5117 συλλόγῳ
1282 5047 1382 5116 τῆς
1429 5041 1710 5114 ἡμετέρας
1761 5059 1858 5126 με·

270 5148 586 5221 τριότητος,
615 5149 663 5200 εἰ
704 5143 780 5216 μὴ
802 5141 1219 5214 διορθωθέντας,
1249 5137 1640 5207 ἀναδεξόμεθαθ

272 5241 554 5310 ελαϐομεν
586 5239 740 5309 παρά
767 5237 878 5290 τῶν
902 5233 1382 5306 προηγησαμένων
1420 5230 1591 5301 ἡμᾶς.
1626 5247 1645 5280 ι

357 5354 434 5424 (ο)
469 5352 659 5424 Exstat
685 5353 800 5424 hare
831 5350 1060 5424 formula
1098 5349 1288 5424 iisdem
1323 5347 1642 5417 plerumque
1685 5347 1870 5402 verbis

274 5429 338 5483 in
357 5419 564 5494 synodo
598 5423 716 5476 Nic.
736 5423 823 5477 ed.
855 5422 997 5494 μοι),
1022 5437 1083 5494 p_.‘
1106 5419 1232 5474 575.

360 5483 553 5563 (inita
579 5505 635 5546 et
675 5508 798 5546 tttox
820 5505 941 5560 cap.
971 5483 1262 5563 9.'l{eapse
1287 5485 1561 5563 recusavit
1595 5483 1871 5563 Nicepho-

277 5554 393 5619 rus'
413 5554 703 5632 disputare
717 5577 840 5616 cum
869 5554 1263 5632 Ιίξοιιοᾲιιιιι-οίιίε-ἶ
1279 5555 1478 5632 (Ιειι-ίιι.
1497 5556 1638 5632 diae.
1664 5557 1719 5609 iu
1752 5554 1868 5632 Vita

281 5644 403 5702 ejus
443 5625 564 5700 ca'p.
591 5630 646 5694 6,
678 5630 778 5694 M;
813 5629 1076 5702 et79._54;
1108 5629 1198 5702 lO_,
1233 5625 1351 5702 iit}
1391 5625 1468 5680 De
1520 5627 1770 5694 dogmate
1815 5629 1866 5680 in

280 5698 641 5759 deuinctticis
665 5700 910 5755 conciliis
949 5699 1058 5767 jam
1087 5698 1326 5752 definito.

677 5793 944 5856 PuamL.
981 5795 1097 5857 Gn.
1130 5792 1200 5853 C.

1962 3225 2101 3278 terio
2133 3224 2220 3277 diu
2256 3223 2616 3279 versati.Alio
2643 3223 2807 3276 etiam
2839 3222 2994 3278 titulo
3027 3239 3054 3276 a
3087 3223 3284 3278 divinis
3309 3221 3536 3277 canoni-

1957 3312 2055 3367 bus
2083 3321 2539 3378 exauctorantur,
2588 3327 2688 3367 ceu
2733 3313 2825 3381 qui
2873 3313 3228 3366 conciliabula
3279 3311 3533 3379 fecerint,

1955 3415 2012 3460 et
2038 3404 2202 3472 regiis
2238 3403 2463 3459 auribus
2506 3405 2722 3460 molesti
2762 3404 2990 3460 fuerint.
3027 3405 3308 3462 Postremo
3339 3419 3433 3458 eos
3465 3407 3535 3458 ab

1957 3491 2452 3546 ecclesiasticorum
2478 3495 2762 3547 consortio
2793 3494 3108 3558 excludunt,
3125 3505 3182 3548 et
3208 3494 3536 3550 sacerdotali

1957 3593 2100 3637 coetu
2133 3581 2377 3650 ejiciuut,
2407 3583 2511 3637 alia
2547 3588 2815 3654 quadam,
2850 3586 3280 3656 nominatimque
3317 3600 3382 3640 ea
3413 3600 3536 3656 qua:

1959 3675 2011 3728 in
2053 3683 2205 3728 sexta
2243 3666 2582 3730 meumenica
2626 3679 2835 3747 synodo
2875 3675 3146 3741 feruntur,
3183 3679 3344 3733 sicuti
3378 3693 3538 3748 appa-

1959 3773 2041 3818 ret
2071 3777 2134 3818 ex
2168 3765 2424 3834 synodica
2452 3763 2682 3833 epistola
2724 3764 3029 3835 Agathonis
3075 3764 3260 3821 ltomte
3305 3768 3537 3822 senioris

1958 3869 2142 3926 papae,
2189 3870 2309 3924 qua:
2358 3855 2433 3909 ita
2464 3855 2650 3910 habet.
2703 3875 2722 3908 ι
2759 3856 3034 3924 Quotquot
3079 3859 3424 3924 sacerdotes,
3473 3873 3539 3914 ea

1959 3960 2077 4014 quae
2105 3946 2158 3999 in
2189 3955 2392 4001 nostrae
2423 3945 2743 4000 humilitatis
2787 3946 3130 4001 confessione
3159 3949 3534 4013 continentur,

1959 4040 2242 4095 nobiscum
2267 4037 2479 4095 sincere
2508 4039 2804 4109 praedicare
2825 4039 3093 4094 voluerint
3117 4037 3262 4095 circa
3289 4049 3538 4096 nostram

1959 4129 2309 4198 apostolicam
2335 4129 2496 4186 ﬁdem
2521 4145 2538 4196 ;
2566 4131 2664 4185 hos
2686 4141 2744 4184 ut
2774 4144 2962 4201 parem
2990 4139 3188 4186 nostra:
3213 4130 3538 4186 sententiam

1959 4229 2210 4290 gerentes
2229 4261 2247 4286 ,
2273 4221 2694 4276 consacerdotes
2715 4263 2730 4288 ,
2759 4229 2812 4276 et
2837 4219 3241 4275 comministros
3261 4261 3276 4285 ,
3308 4231 3363 4276 et
3390 4219 3512 4290 ejus
3535 4250 3545 4265 π

1961 4310 2082 4366 dem
2119 4311 2244 4366 fidei
2272 4321 2591 4380 consortes;
2635 4320 2797 4383 atque
2829 4321 2888 4366 ut
2917 4311 3241 4380 simpliciter
3271 4315 3537 4378 dicamus,

1962 4413 2020 4458 ut
2045 4403 2321 4474 spiritales
2341 4405 2537 4459 fratres
2551 4415 2604 4460 et
2625 4404 2975 4474 coepiscopos
2991 4415 3208 4460 nostros
3228 4406 3540 4475 recipimus.

1969 4494 2074 4550 Eos
2107 4509 2236 4551 vero
2271 4497 2360 4561 qui
2397 4497 2470 4551 ita
2509 4496 2757 4553 confiteri
2791 4497 3014 4562 nolunt,
3045 4512 3141 4553 ceu
3175 4498 3459 4554 catholicae
3489 4509 3546 4554 et

1969 4588 2274 4656 apostolicae
2297 4589 2662 4646 confessionis
2692 4592 2872 4647 hostes
2897 4629 2913 4658 ,
2939 4601 3158 4648 aeternae
3178 4593 3546 4648 damnationis

1970 4695 2093 4737 reos
2119 4681 2588 4752 essejudicamus.
2635 4683 2821 4754 Neque
2851 4686 2947 4739 hos
2975 4701 3212 4756 unquam
3242 4687 3310 4741 ad
3348 4695 3548 4742 nostra:
3653 4717 3664 4735 .~

1970 4773 2292 4829 humilitatis
2333 4775 2710 4839 consortium,
2765 4778 2866 4832 nisi
2908 4778 3258 4843 emendatos,
3291 4779 3548 4832 admitte-

1971 4878 2110 4920 mus.
2146 4863 2337 4936 Neque
2381 4882 2512 4923 vero
2560 4869 2834 4939 quispiam
2886 4878 3068 4939 putet,
3109 4885 3208 4925 nos
3249 4869 3545 4940 quidquam

1971 4967 2157 5009 eorum
2209 4959 2556 5028 transgredi,
2587 4976 2706 5030 quae
2747 4976 2776 5014 a
2813 4961 3112 5030 majoribus
3161 4960 3360 5014 tradita
3392 4973 3548 5014 act-e-

1969 5057 2170 5112 pimus.
2207 5064 2226 5096 ι

1740 5136 1876 5207 μηδέ
1917 5138 2234 5210 παραϐῆναι
2271 5143 2421 5213 ἡμᾶς
2450 5161 2534 5206 τις
2599 5145 2658 5209 ἐξ
2690 5145 2869 5198 αὐτῶν
2930 5144 3224 5206 ὑπολάϐοι,
3256 5145 3393 5214 ὅπερ
3413 5159 3550 5216 προ-

2029 5351 2585 5425 ’(ᾳ)-Ει*οειιιοιιὶίιυιι
2639 5354 2727 5416 il,
2763 5362 2820 5407 et
2886 5353 2974 5408 12.
3021 5353 3406 5425 Antiochenis,
3454 5357 3549 5425 qui

1976 5420 2189 5492 suntin
2246 5422 2422 5476 letii
2477 5423 2827 5492 Syntagtnate
2866 5425 3008 5492 apttd
3053 5440 3152 5478 nos
3195 5420 3553 5492 δρὶσιίζτοὶη.

1977 5500 2014 5544 t.
2051 5488 2238 5564 Vlle.
2270 5492 2401 5564 200,
2423 5488 2550 5545 20f.
2581 5488 2780 5564 confer
2813 5488 3036 5556 ibidem,
3067 5510 3120 5564 p.
3146 5488 3268 5547 1‘24.

2049 5560 2118 5680 vi)
2152 5561 2444 5680 Ecﬁtaégén
2473 5563 2702 5618 concilio
2738 5573 2896 5618 sexto
2930 5560 3269 5621 mcuineuico
3301 5565 3388 5674 ed.
3421 5564 3554 5624 Lab.

1977 5638 2016 5686 t.
2049 5630 2146 5698 Vl,
2175 5631 2277 5688 col.
2309 5630 2432 5686 690.
3317 5670 3322 5674 -

3113 5795 3188 5856 27
