3928 6166
467 273 571 337 843

1483 269 1541 327 S.
1584 266 1997 330 NICEPHORI
2038 264 2543 324 PATRIARCHJE
2581 263 2688 323 (ΣΡ.

3602 256 3703 321 8H

536 389 589 442 7.
628 383 813 454 Majori
844 392 1022 439 autem
1059 385 1181 439 illos
1225 383 1556 439 damnationi
1601 382 1903 447 obnoxios,
1947 383 2029 436 di-

2206 379 2270 443 ζ’.
2313 379 2536 440 Μείζονι
2574 378 2628 431 δὲ
2682 376 2878 439 αὐτοὺς
2932 374 3198 446 καταδίκῃ
3258 341 3555 443 δεσμίους,
3612 375 3705 427 καὶ

467 479 709 545 vinaeque
750 476 843 530 ira:
896 485 1163 530 merentes
1203 477 1560 540 constituunt,
1595 484 1651 529 et
1700 491 1768 528 ne
1806 474 2031 529 salutari

359 632 371 647 τ
465 568 679 637 quidem
704 565 1023 640 pwnitentia
1054 567 1243 635 dignos
1265 565 1575 632 ostendunt,
1602 580 1667 619 ea
1696 579 1816 634 quae
1849 564 2033 617 mundi

467 659 651 712 lumen
705 657 976 721 Joannes,
1022 656 1111 724 qui
1168 654 1335 725 regiae
1386 654 1536 708 urbis
1566 654 1748 708 sedem
1782 652 2030 718 ornavit,

467 750 923 818 CIn-ysostomus,
958 749 1174 815 inquam
1205 785 1220 811 ,
1255 746 1307 798 in
1358 744 1609 814 Epistolze
1645 744 1752 799 divi
1806 742 2034 812 apostoli

468 840 620 894 Pauli
667 840 735 894 ad
770 839 1029 907 Ephesios
1077 837 1459 904 explanatione
1499 834 1823 904 jampridem
1862 832 2029 896 dixit,

468 948 586 999 quae
618 932 689 983 ita
738 944 796 984 se
826 930 1060 983 habent:
1096 946 1115 979 ι
1151 926 1296 982 Nihil
1330 928 1465 981 adeo
1497 927 1695 994 poterit
1734 924 2032 980 Ecclesiam

467 1023 747 1083 scindere,
784 1031 841 1072 ut
870 1020 1178 1072 dominandi
1213 1033 1385 1072 amor.
1418 1017 1562 1072 Nihil
1602 1018 1672 1070 ita
1706 1015 1869 1070 Deum
1906 1029 2033 1070 exa-

471 1119 672 1178 sperat,
705 1122 866 1178 quam
900 1107 943 1161 si
998 1107 1051 1160 in
1099 1105 1394 1160 Ecclesium
1446 1105 1681 1160 schisma
1725 1103 2030 1158 invehatur.

468 1199 692 1271 Etiamsi
726 1214 821 1253 nos
852 1198 1268 1252 innumerabilia
1299 1197 1441 1252 bona
1475 1195 1800 1257 fecerimus,
1832 1193 2033 1247 nihilo-

468 1294 680 1359 minus,
738 1292 782 1345 si
832 1290 1195 1359 integritatem
1243 1288 1669 1342 ecclesiasticam
1708 1285 2035 1341 mutilaveri-

467 1399 589 1440 mus
613 1425 627 1448 ,
678 1382 819 1436 haud
864 1381 1099 1435 leviores
1146 1393 1337 1449 pmuas
1377 1378 1624 1432 dabimus
1658 1390 1819 1444 quam
1857 1375 1892 1429 ii
1928 1374 2032 1442 .qui

469 1480 644 1542 ipsum
675 1472 878 1527 Christi
913 1484 1110 1539 corpus
1138 1468 1320 1522 caesim
1371 1466 1677 1520 violarunt:
1729 1467 1844 1519 haec
1886 1465 2029 1518 enim

466 1563 643 1617 czedes
695 1560 852 1615 saluti
899 1558 1096 1611 mundo
1146 1555 1266 1620 fuit,
1316 1553 1417 1607 etsi
1470 1561 1665 1620 praeter
1709 1550 2030 1605 caedentium

468 1652 825 1708 voluntatem.
860 1646 1107 1701 Schisma
1145 1654 1324 1719 autem
1356 1642 1645 1697 utilitatem
1679 1640 1904 1704 nullam,
1942 1638 2033 1691 de-

470 1742 781 1798 trimentum
812 1737 1101 1807 plurimum
1134 1716 1310 1789 θίγω.
1365 1734 1495 1787 [huc
1530 1749 1558 1785 a
1597 1748 1681 1786 me
1711 1732 1855 1785 dicta
1906 1738 2034 1784 sunt
2063 1715 2108 1772 Β

467 1846 573 1886 non
618 1829 935 1901 prmsulibus
979 1836 1207 1889 tantum,
1243 1818 1428 1879 νει·υηῖ
1458 1825 1620 1878 etiam
1653 1821 1905 1876 subditis.
1940 1820 2035 1875 Vir

466 1936 646 1981 autem
676 1922 896 1992 quidam
928 1926 1181 1983 sanctus,
1214 1915 1432 1981 ell'atum
1473 1915 1691 1985 protulit
1720 1914 1899 1982 specie
1946 1928 2035 1966 au-

464 2018 592 2079 dax,
618 2014 711 2068 sed
741 2022 916 2066 tamen
946 2008 1203 2078 protulit;
1239 2019 1428 2075 nempe
1457 2004 1783 2075 nemartyrii
1813 2003 2032 2072 quidem

465 2105 727 2173 sanguine
759 2105 863 2156 hoc
904 2108 1187 2168 peccatum
1225 2098 1351 2153 elui.
1397 2097 1492 2152 Dic
1534 2098 1679 2150 enim
1730 2095 1894 2163 mihif,
1937 2108 2035 2148 cur

468 2195 785 2267 martyrium
819 2203 872 2249 tu
900 2191 1073 2248 facis?
1098 2203 1277 2245 nonne
1301 2192 1371 2243 ob
1397 2188 1625 2257 gloriam
1653 2186 1855 2240 Christi
1879 2185 1902 2236 ?
1924 2184 2034 2239 Cur

463 2302 598 2356 ergo
616 2285 908 2340 Ecclesiam
931 2282 1168 2346 subruis,
1181 2294 1281 2350 pro
1302 2293 1405 2348 qua
1422 2278 1587 2331 vitam
1613 2291 1766 2331 suam
1783 2274 2034 2330 Christus

464 2363 735 2448 proiecit?
781 2372 919 2445 Audi
962 2372 1041 2426 sic
1084 2370 1307 2424 Paulum
1352 2367 1703 2436 loquentem:
1741 2362 1864 2418 Non
1917 2381 2033 2418 sum

466 2469 657 2537 dignus
698 2465 874 2519 vocari
924 2461 1222 2531 apostolus,
1281 2460 1532 2529 quoniam
1568 2465 1868 2525 persecutus
1918 2470 2033 2508 sum

467 2553 761 2613 Ecclesium
794 2553 912 2617 Dei,
947 2566 1163 2622 eamque
1200 2548 1546 2619 depOpulatus
1580 2548 1618 2603 ί.
1661 2546 1777 2601 Non
1808 2556 1890 2601 est
1921 2546 2035 2599 haec

470 2650 647 2704 minor
681 2647 831 2702 labes
855 2685 871 2711 ,
910 2659 1074 2714 quam
1103 2656 1224 2711 quae
1252 2642 1320 2696 ab
1352 2640 1585 2695 inimicis
1629 2638 1892 2703 infertur;
1928 2638 2034 2688 imo

468 2739 637 2794 umlto
678 2737 871 2805 major.
908 2735 1033 2789 Haec
1061 2733 1213 2787 enim
1239 2731 1658 2802 Splendidiorem
1689 2729 1821 2783 l‘acit
1851 2728 2036 2782 Eccle-

466 2831 626 2893 siam,
656 2828 745 2882 illa
778 2841 904 2881 vero
931 2826 1097 2882 etiam
1131 2840 1314 2880 coram
1349 2822 1585 2879 inimicis
1612 2818 1884 2887 perfundit
1915 2832 2032 2871 eam

468 2922 706 2991 pudore,
743 2934 866 2973 cum
906 2932 938 2972 a
970 2917 1202 2986 propriis
1242 2913 1368 2969 liliis
1414 2918 1777 2983 oppugnatur.
1816 2909 2034 2964 Grande

468 3011 612 3065 enim
641 3009 846 3062 erroris
881 3007 1137 3061 indicium
1167 3020 1278 3073 pra:
1320 3018 1378 3058 se
1406 3002 1605 3066 ferunt,
1641 3003 1732 3071 qui
1769 3001 1822 3053 in
1851 3014 1913 3055 ea
1940 3013 2034 3068 ge-

2136 468 2287 531 θείας
2313 468 2482 539 ὀργῆς
2520 470 2739 537 ἐνόχους
2773 466 3088 536 καθίστησι,
3133 466 3229 520 καὶ
3253 467 3375 519 οὐδὲ
3413 466 3703 536 μετανοίας

2134 561 2166 630 ἢ
2202 561 2477 630 σωτηρίας
2506 558 2689 624 ἀξίους
2726 559 2980 627 γενέσθαι
3009 558 3300 627 ἀποφαίνει
3332 559 3428 611 καὶ
3454 559 3523 611 τά
3557 559 3705 626 παρά

2134 649 2227 703 τοῦ
2267 649 2513 703 Ἰωάννου
2550 648 2644 702 τοῦ
2698 648 2799 717 τῆς
2843 647 3169 717 οἰκουμένης
3221 646 3581 717 λαμπτῆρος,
3616 646 3706 698 καὶ

2134 741 2226 795 τὸν
2262 742 2361 810 τῆς
2387 740 2660 811 βασιλίδος
2689 740 3069 809 κοσμήσαντος
3114 738 3445 809 θρόνον-ητοῦ
3490 739 3705 808 Χρυσοο

2136 832 2336 900 στόμου
2366 834 2423 884 ἐν
2451 834 2516 902 τῇ
2542 829 2810 901 ἑρμηνείᾳ
2840 829 2941 899 τῆς
2974 828 3110 898 πρὸς
3137 827 3422 896 Ἐφεσίους
3458 828 3706 881 Ἐπιστο-

2133 926 2233 995 λῆς
2264 925 2356 978 τοῦ
2381 924 2528 977 θείου
2568 923 2867 977 ἀποστόλου
2916 920 3130 974 Παύλου
3185 919 3377 991 πρώην
3412 919 3705 987 λεγόμενα,

2135 1016 2457 1086 περιέχοντα
2488 1004 2667 1078 οὕτως
2729 1013 2829 1084 (s)'
2869 1031 2887 1064 ι
2934 1011 3100 1066 Οὐδὲν
3150 1010 3323 1074 οὕτως
3377 1011 3708 1081 Ἐκκλησίαν

2132 1107 2416 1178 δυνήσεται
2445 1108 2694 1175 διαιρεῖν,
2727 1105 2802 1168 ὡς
2838 1102 3133 1172 φιλαρχία⁹
3172 1102 3327 1155 οὐδὲν
3354 1101 3529 1164 οὕτως
3565 1118 3703 1172 παρ-

2133 1196 2310 1261 οξύνει
2354 1197 2448 1250 τὸν
2503 1196 2661 1259 Θεὸν,
2705 1194 2780 1256 ὼς
2833 1194 2894 1246 τὸ
2935 1191 3266 1260 Ἐκκλησίαν
3318 1190 3663 1260 διαιρεθῆναι
3690 1208 3703 1221 ·

2134 1288 2238 1341 κᾶν
2271 1288 2440 1358 μυρία
2467 1282 2620 1356 ὦμεν
2664 1285 3036 1356 ἐργασάμενοι
3077 1283 3218 1337 καλά
3239 1324 3279 1348 ,μ
3305 1282 3414 1335 τῶν
3452 1283 3516 1333 τὸ
3550 1282 3710 1351 σῶμα

2132 1382 2298 1435 αὐτοῦ
2331 1380 2696 1451 διατεμόντων
2719 1381 2817 1432 οὐκ
2834 1379 3097 1432 ἐλάττονα
3118 1376 3364 1446 δώσομεν
3384 1375 3548 1444 δίκην
3571 1377 3619 1427 οἱ
3646 1375 3706 1425 τὸ

2135 1472 2410 1543 πλήρωμα
2454 1471 2855 1541 κατατεμόντες
2894 1470 2957 1522 τὸ
3000 1467 3455 1539 ἐκκλησιαστικόν
3479 1483 3492 1495 ·
3533 1468 3711 1519 ἐκεῖνο

2137 1561 2237 1632 μὲν
2263 1563 2374 1630 γὰρ
2413 1561 2506 1612 ἐπὶ
2550 1560 2731 1630 κέρδει
2773 1559 2874 1628 τῆς
2915 1557 3245 1626 οἰκουμένης
3273 1556 3514 1622 ἐγένετο,
3539 1557 3634 1609 καὶ
3664 1559 3709 1608 εί

2137 1653 2213 1722 μὴ
2243 1651 2350 1705 ἀπὸ
2369 1651 2609 1713 διανοίας
2637 1650 2894 1720 τοιαύτης
2917 1667 2933 1681 ·
2966 1647 3126 1702 τοῦτο
3171 1647 3227 1700 δέ
3257 1647 3408 1700 οὐδὲν
3454 1646 3710 1716 οὐδαμῶς

2133 1742 2192 1795 τὸ
2217 1742 2488 1813 χρήσιμον
2518 1741 2655 1812 ἔχει,
2705 1741 2841 1793 ἀλλὰ
2893 1738 3098 1810 βλάϐην
3146 1736 3348 1809 πολλήν
3368 1755 3383 1771 ·
3413 1736 3593 1790 ταῦτά
3620 1750 3709 1803 μοι

2131 1832 2251 1902 οὐχὶ
2300 1832 2437 1900 πρὸς
2490 1834 2617 1893 τοὺς
2670 1831 2936 1901 ἄρχοντας
2964 1829 3178 1899 εἴρηται
3239 1828 3423 1898 μόνον,
3454 1827 3591 1880 ἀλλά
3619 1830 3710 1879 καὶ

2132 1921 2269 1992 πρὸς
2300 1922 2425 1982 τοὺς
2461 1920 2823 1993 ἀρχομένους.
2880 1918 3045 1988 Ἀνὴρ
3074 1917 3131 1970 δέ
3178 1936 3264 1981 τις
3304 1919 3459 1986 ἅγιος
3502 1914 3626 1971 εἶπέ
3657 1935 3707 1968 τι

2130 2010 2321 2063 δοκοῦν
2356 2006 2497 2063 εῖναι
2525 2010 2819 2080 τολμηρὸν,
2849 2008 2989 2081 πλὴν
3020 2009 3136 2062 ἀλλ’
3176 2011 3324 2079 ὅμως
3362 2009 3667 2078 ἐφθέγξατο
3691 2021 3705 2035 ⁸

2129 2100 2250 2153 οὐδὲ
2286 2100 2585 2171 μαρτυρίου
2609 2094 2749 2169 αἷμα
2770 2096 2974 2170 ταύτην
3021 2101 3155 2170 φησὶ
3193 2100 3290 2170 τὴν
3322 2101 3600 2171 ἁμαρτίαν
3626 2098 3709 2161 ἐξ-

2130 2191 2372 2261 αιλείφειν
2399 2206 2413 2220 ⁸
2449 2191 2571 2244 είπέ
2596 2190 2705 2261 γάρ
2740 2208 2852 2260 μοι,
2889 2191 3034 2255 τίνος
3063 2193 3247 2245 ἕνεκεν
3282 2192 3619 2261 μαρτυρεῖςς
3647 2191 3707 2241 οὐ

2130 2283 2217 2336 διὰ
2264 2282 2361 2351 τὴν
2412 2280 2572 2345 δόξαν
2599 2281 2696 2335 τοῦ
2740 2282 3017 2352 Χριστοῦ;
3068 2282 3186 2345 πῶς
3235 2281 3336 2350 τὴν
3377 2279 3737 2350 Ἐκκλησίαν.

2133 2373 2375 2445 πορθείς,
2403 2373 2543 2443 ὑπὲρ
2575 2367 2643 2443 ἧς
2673 2372 2769 2443 τὴν
2791 2373 2969 2444 ψυχὴν
3000 2373 3167 2427 αὐτοῦ
3213 2372 3497 2443 προήκατο
3523 2372 3552 2424 ὁ
3579 2372 3707 2439 Χρι-

2134 2465 2288 2531 στός;
2311 2465 2510 2517 Ἄκουε
2544 2464 2718 2517 ταῦτα
2756 2463 2970 2518 Παύλου
3024 2465 3273 2533 λέγοντος
3304 2466 3386 2518 ὅτι
3435 2467 3561 2517 Οὐκ
3592 2462 3705 2531 εἰμί

2131 2556 2299 2620 ἄξιος
2351 2556 2666 2611 καλεῖσθαι
2701 2557 3069 2623 ἀπόστολος,
3125 2557 3277 2610 διότι
3329 2556 3549 2621 ἐδίωξα
3596 2555 3706 2622 τὴν

2145 2632 2518 2711 Ἐκκλησίαν
2547 2645 2653 2699 τοῦ
2698 2645 2848 2699 Θεοῦ
2877 2647 2978 2699 καὶ
3015 2646 3319 2715 ἐπόρθουν
3343 2643 3565 2710 αὐτήν.
3593 2643 3704 2695 Οὐκ

2132 2734 2279 2788 ἐστιν
2327 2735 2466 2806 αὕτη
2529 2735 2772 2789 ἐλάσσων
2828 2738 2861 2805 ἡ
2908 2736 3078 2806 βλάϐη
3138 2736 3242 2806 τῆς
3295 2736 3430 2807 παρ’
3468 2733 3700 2805 ἐχθρῶν.

2134 2828 2269 2883 ἀλλὰ
2294 2829 2427 2882 πολὺ
2462 2828 2664 2898 μείζων
2685 2845 2698 2859 ο
2730 2829 2916 2898 ἐκείνη
2943 2830 3039 2900 μὲν
3064 2830 3173 2900 γὰρ
3199 2830 3297 2882 καὶ
3316 2827 3703 2899 λαμπροτέραν

2137 2921 2456 2991 ἐργάζεται,
2491 2920 2631 2992 αὕτη
2653 2921 2712 2974 δὲ
2761 2921 2966 2991 ταύτην
3000 2923 3091 2975 καὶ
3132 2922 3285 2990 παρά
3338 2922 3456 2983 τοῖς
3495 2920 3704 2990 ἐχθροῖς

2138 3011 2517 3080 καταισχύνει,
2551 3013 2679 3065 ὅταν
2702 3013 2805 3065 ὑπὸ
2837 3012 2944 3065 τῶν
2969 3013 3112 3066 ἰδίων
3132 3015 3340 3067 τέκνων
3362 3012 3490 3065 πολε
3499 3012 3700 3081 μάται’

471 3100 566 3154 niti
601 3110 762 3168 atque
787 3098 998 3161 nutriti,
1028 3096 1254 3165 ejusque
1291 3109 1489 3150 arcana
1533 3092 1745 3155 edocti,
1779 3106 2034 3160 perverso

2142 3103 2282 3172 μέγα
2313 3103 2419 3172 γὰρ
2457 3103 2656 3173 δεῖγμα
2701 3104 2917 3173 ἀπάτης
2942 3101 3081 3157 εἶναι
3111 3104 3240 3175 παρ’
3272 3105 3458 3165 αὐτοῖς
3500 3103 3564 3155 τὸ
3586 3101 3706 3164 τοὺς

471 3204 596 3244 mox
628 3187 831 3258 judicio
867 3188 1091 3249 mutati,
1137 3193 1354 3254 repente
1380 3198 1440 3238 se
1479 3183 1530 3236 in
1569 3183 1804 3236 hostium
1845 3195 2037 3248 agmen

468 3281 781 3347 conjiciunt.
828 3277 952 3332 Haec
1007 3292 1036 3330 a
1096 3291 1183 3330 me
1235 3277 1377 3329 dicta
1445 3275 1555 3329 sint
1622 3273 1879 3326 adversus
1945 3284 2039 3325 eos

470 3371 560 3442 qui
601 3370 770 3424 Tacile
815 3384 874 3422 se
922 3366 1245 3421 consociant
1304 3364 1633 3420 facientibus
1690 3362 1743 3416 in
1798 3358 2037 3417 Ecclesia

466 3461 728 3519 schisma.
762 3477 780 3509 ι
816 3454 1087 3512 Hactenus
1114 3457 1387 3526 magister.

540 3746 707 3816 272
745 3744 798 3800 8.
841 3743 991 3810 Quod
1030 3744 1075 3799 si
1112 3742 1249 3798 forte
1284 3743 1338 3798 lti
1390 3741 1720 3799 schismatici
1755 3742 1937 3796 dicunt
1979 3756 2039 3796 se

476 3839 741 3894 hactenus
777 3835 1132 3890 idololatriam
1150 3828 1505 3900 commisisse,
1539 3834 1835 3888 idololatrze
1856 3835 2040 3902 utique

470 3928 867 3992 existimentur,
886 3934 942 3980 et
968 3925 1075 3980 sint
1100 3925 1496 3989 catechumeni,
1531 3939 1870 3993 nequaquam
1899 3937 2026 3976 vero

470 4035 591 4074 cum
622 4016 946 4073 Christianis
996 4016 1346 4070 misceantur.
1378 4014 1513 4068 Nam
1557 4026 1707 4069 certe
1758 4015 1860 4069 hoc
1909 4015 2038 4083 ipsis

471 4111 729 4181 proderit,
753 4109 799 4164 si
822 4107 1169 4163 consiliorum
1194 4121 1411 4162 suorum
1446 4118 1774 4175 actuumque
1800 4106 2038 4160 stultitiae

469 4216 564 4256 eos
601 4202 891 4268 ptrniteat;
932 4199 1005 4252 ita
1044 4197 1258 4252 etiamsi
1283 4211 1395 4251 rem
1423 4212 1577 4250 suam
1618 4212 1721 4251 non
1753 4196 1889 4251 bene
1911 4210 2035 4264 ges-

468 4294 660 4357 serint,
707 4292 899 4345 saltem
931 4290 1167 4356 ipsorum
1221 4286 1596 4355 paenitentiam
1644 4288 1881 4341 Ecclesia
1915 4302 2037 4341 sus-

2138 3193 2499 3263 γεννηθέντας
2528 3195 2587 3247 ἐν
2608 3194 2744 3265 αὐτῇ
2775 3196 2867 3248 καὶ
2887 3196 3196 3265 τραφέντας
3215 3196 3309 3248 καὶ
3332 3195 3401 3247 τά
3423 3194 3708 3264 ἀπόρρητα

2139 3286 2310 3356 αὐτῆς
2346 3286 2757 3357 μεμαθηκότας,
2791 3286 3055 3357 ἀκρίτους
3077 3287 3103 3326 ιι
3124 3285 3347 3348 τούτους
3375 3283 3709 3354 μεταϐαλλο-

2142 3378 2357 3448 μένους,
2385 3376 2646 3446 ἐξαίφνης
2671 3377 2741 3430 τὰ
2769 3377 2876 3429 τῶν
2908 3375 3120 3449 ἐχθρῶν
3150 3376 3323 3446 αὐτὴν
3349 3373 3704 3429 διατίθεσθαι·

2139 3468 2314 3525 ταῦτά
2345 3486 2438 3537 μοι
2485 3469 2622 3538 πρὸς
2671 3469 2800 3529 τοὺς
2841 3467 3149 3538 ἀδιαφόρως
3197 3467 3442 3528 διδόντας
3485 3464 3710 3524 ἑαυτοὺς

2139 3562 2252 3624 τοῖς
2286 3560 2530 3628 σχίζουσι
2580 3558 2678 3630 τὴν
2732 3558 3079 3630 Ἐκκλησίαν.
3121 3575 3140 3608 ι
3172 3557 3283 3610 Καὶ
3315 3553 3495 3610 ταῦτα
3553 3553 3653 3625 μὲν
3681 3552 3711 3605 ό

2139 3652 2479 3715 διδάσκαλος.

2209 3771 2280 3835 η’.
2316 3765 2376 3817 Εἰ
2401 3764 2457 3816 δὲ
2475 3762 2827 3833 ὁμολογοῦσιν
2848 3760 3304 3832 είδωλολατρῆσαι
3326 3759 3436 3829 πρὸ
3454 3759 3550 3813 τοῦ
3574 3774 3712 3828 παρ-

2139 3851 2293 3915 όντος
2340 3852 2557 3920 καιροῦ,
2610 3852 2685 3915 ὡς
2736 3850 3117 3922 είδωλολάτραι
3180 3848 3579 3919 κρινέσθωσαν,
3622 3848 3711 3899 καὶ

2139 3940 2383 3993 ἔστωσαν
2426 3940 2859 4011 κατηχούμενοι,
2900 3941 2995 3993 καὶ
3047 3938 3183 4010 μετὰ
3236 3935 3587 4008 Χριστιανῶν
3638 3934 3708 4005 μὴ

2143 4027 2527 4099 μιγνύσθωσαν
2547 4046 2562 4060 ·
2605 4028 2829 4099 ἀρκέσει
2860 4027 2967 4097 γὰρ
3000 4028 3182 4090 αὐτοῖς
3210 4027 3304 4080 καὶ
3329 4023 3492 4077 τοῦτο
3522 4026 3571 4076 εί
3615 4039 3709 4093 με·

2116 4113 2495 4188 ¹ἰταμεληθεΐεν
2535 4115 2621 4184 ἐφ’
2680 4110 2762 4179 οἷς
2822 4115 3065 4179 ἀϐούλως
3124 4115 3461 4186 ἐμελέτησαν
3506 4131 3568 4165 τε
3619 4113 3710 4166 καὶ

2140 4203 2380 4276 ἔπραξαν
2406 4219 2421 4235 ·
2449 4203 2640 4274 ὥσπερ
2677 4204 2725 4255 εί
2760 4204 2835 4274 μὴ
2866 4205 2936 4256 τὰ
2961 4204 3080 4257 κατ’
3121 4204 3315 4265 αὐτοὺς
3342 4200 3709 4272 οἰκονομηθῆ-

2141 4314 2248 4360 ναι,
2280 4296 2373 4348 καὶ
2399 4296 2497 4366 τὴν
2530 4294 2820 4366 μετάνοιαν
2858 4296 3037 4348 αὐτῶν
3088 4294 3240 4364 παρά
3287 4297 3356 4365 τῇ
3415 4293 3710 4364 Ἐκκλησία

472 4382 658 4451 cipiat.
688 4380 838 4445 Quod
865 4379 908 4433 si
932 4379 986 4432 in
1016 4376 1203 4430 eadem
1228 4377 1419 4430 haeresi
1446 4386 1708 4445 perstant,
1730 4387 1786 4432 et
1832 4376 2034 4446 aliquot

2139 4388 2393 4459 δεχθῆναι
2413 4403 2426 4417 ο
2452 4388 2500 4439 εἰ
2529 4387 2586 4440 δὲ
2616 4387 2960 4457 διαμένουσιν
2985 4389 3043 4440 ἐν
3069 4390 3136 4459 τῇ
3174 4387 3311 4457 αὐτῇ
3348 4386 3587 4456 αἱρέσει,
3614 4385 3707 4437 καὶ

471 4471 703 4525 fortasse
750 4470 886 4522 alios
927 4467 1175 4521 rudiores
1228 4481 1293 4520 ac
1351 4465 1709 4536 simpliciores
1768 4465 2036 4520 abducere

480 4561 775 4632 potuerint,
796 4560 839 4613 si
853 4559 1171 4614 seditionem
1192 4556 1438 4622 fecerint,
1463 4558 1752 4627 turbasque
1769 4556 2043 4614 conﬂave-

473 4655 609 4719 rint;
657 4653 707 4706 hi
763 4652 920 4721 plane
969 4661 1122 4707 extra
1174 4665 1328 4707 sacra
1382 4650 1638 4707 Ecclesia:
1691 4659 1841 4721 septa
1893 4660 2041 4705 sunt.

474 4742 627 4810 Quod
662 4743 707 4797 si
751 4752 807 4798 et
851 4742 1047 4812 oppido
1107 4743 1262 4813 pauci
1305 4744 1356 4795 in
1416 4743 1735 4797 ortltodoxia
1792 4749 2045 4809 rectaque

473 4838 674 4907 pietate
711 4840 1052 4905 permaneat,
1104 4834 1158 4888 hi
1216 4842 1341 4889 sunt
1380 4833 1640 4899 Ecclesia,
1701 4842 1758 4889 et
1804 4833 2045 4888 auctori-

476 4937 558 4978 tas
615 4934 772 4993 atque
829 4933 1068 4992 potestas
1135 4922 1628 4979 ecclesiasticorum
1694 4921 2036 4985 decretorum

478 5014 531 5069 in
583 5015 664 5070 his
695 5023 969 5081 remanet;
1000 5014 1215 5071 etiamsi
1269 5014 1404 5068 mala
1456 5013 1569 5082 pati
1609 5022 1824 5083 propter
1854 5028 2036 5069 veram

552 5191 570 5222 ¹
608 5190 623 5242 l
657 5193 778 5246 Cor.
810 5207 898 5257 xv,
927 5193 982 5246 9.

548 5375 577 5415 δ
599 5377 684 5429 ed.
718 5376 910 5445 Chrys.
942 5373 1209 5443 ἀκριϐῶς.

2144 4476 2272 4540 ἴσως
2312 4476 2405 4530 καὶ
2431 4476 2649 4546 ἐτέρους
2679 4476 2830 4540 τινὰς
2858 4477 3266 4547 ἀμαθεστέρους
3285 4475 3385 4529 καὶ
3414 4470 3709 4528 ἁπλουστέ-

2144 4586 2272 4640 ρους
2302 4567 2603 4638 δυνηθῶσιν
2633 4568 3092 4638 ἀποϐουκολῆσαι,
3132 4568 3236 4620 κᾶν
3277 4565 3705 4636 ὀχλαγωγήσωσι

2143 4659 2235 4711 καὶ
2266 4656 2471 4726 πλῆθος
2498 4656 2825 4725 συνάγωσιν,
2854 4656 2961 4723 ἔξω
2997 4658 3103 4710 τῶν
3136 4655 3296 4724 ἱερῶν
3327 4657 3431 4725 τῆς
3482 4654 3705 4722 Ἐκκλη-

2144 4749 2265 4812 σίας
2294 4748 2597 4819 περιϐόλων
2638 4749 2807 4802 εἰσίν*
2841 4751 2892 4802 εί
2925 4750 2984 4804 δὲ
3011 4750 3105 4804 καί¹
3135 4751 3275 4819 πάνυ
3321 4749 3493 4817 ὀλίγοι
3542 4749 3599 4801 ἐν
3636 4746 3699 4813 τῇ

2142 4816 2421 4910 ὀρθοδοξίᾳ
2485 4841 2581 4893 καὶ
2638 4839 2888 4911 εὐσεϐείᾳ
2944 4816 3315 4910 διαμείνωσίν,
3372 4816 3520 4892 οὗτοί
3570 4837 3699 4888 εἰσιν

2155 4929 2473 5000 Ἐκκλησία,
2526 4932 2619 4983 καὶ
2664 4930 2726 4983 τὸ
2777 4930 2943 5001 κῦρος
2995 4931 3088 4983 καὶ
3146 4930 3180 4999 ἡ
3248 4925 3551 4999 προστασία
3598 4920 3694 4974 τῶν

2144 5016 2615 5087 ἐκκλησιαστικῶν
2648 5016 2864 5086 θεσμῶν
2894 5018 2952 5069 ἐν
2982 5016 3164 5078 αὐτοῖς
3186 5018 3388 5069 κεῖται·
3419 5016 3521 5068 κᾶν
3543 5025 3694 5066 κακο-

1728 5281 1961 5336 VARl/E
1987 5281 2279 5338 LECTION
2287 5283 2387 5338 ES.

1947 5466 2175 5524 NOTAE.

550 5622 619 5693 (α)
671 5621 866 5677 llontil.
925 5626 1011 5690 ll,
1056 5624 1110 5678 in
1159 5625 1390 5680 editione
1436 5624 1835 5690 Montfauconii,
1881 5637 1918 5680 ι.
1959 5623 2051 5691 XI,
2090 5639 2141 5693 ρ.
2174 5624 2262 5678 86.
