3882 6162
163 289 258 354 845

851 282 1420 346 APOLOGETICUS
1455 281 1713 342 MINOR
1748 281 1898 341 PRO
1933 255 2200 341 SACRIS
2239 255 2743 341 IMAGINIBUS.

3317 250 3424 338 an

165 400 403 472 παθῆσαι
448 395 627 460 αὐτοῖς
679 393 822 465 ὑπὲρ
867 393 970 464 τῆς
1019 391 1302 454 εὐσεϐείας
1342 390 1524 458 δεήσοι
1551 407 1564 420 ·
1605 391 1740 460 ὅπερ

1881 387 2160 458 eligione'm
2219 389 2368 459 ipsos
2417 387 2748 459 oportuerit;
2808 387 2952 458 quod
3005 389 3221 456 quidem
3274 399 3430 442 anter-

171 493 311 547 ὲστὶν
353 489 433 552 εἰς
461 485 729 556 καύχημα
777 481 1022 546 αἰώνιον,
1057 483 1156 536 καὶ
1189 481 1432 552 ψυχικῆς
1465 481 1742 550 σωτηρίας

167 581 418 656 πρόξενον
437 595 448 611 ·
492 579 574 632 ὅτι
599 576 722 630 οὐδὲ
755 573 1086 646 συζητήσεις
1117 572 1246 642 περὶ
1269 570 1378 624 τῶν
1407 570 1570 641 ἱερῶν
1601 571 1745 624 εἰκός

169 693 270 729 νων
322 670 594 725 ποιεῖσθαι
624 669 734 722 δεῖ·
780 667 842 720 οὐ
874 667 988 736 γὰρ
1040 665 1374 734 προσφάτως
1421 661 1630 734 ἀνεφύη
1683 662 1746 714 τὸ

170 767 298 837 περὶ
334 762 517 817 αὐτῶν
567 761 768 832 δόγμα,
807 758 924 812 ἀλλ’
975 759 1041 810 ὲκ
1072 756 1317 818 πλείονος
1350 754 1546 824 χρόνου
1577 754 1746 823 ζητη-

171 862 283 922 θὲν,
315 859 414 928 τὴν
443 856 684 926 κύρωσιν
715 851 868 924 παρὰ
897 853 998 920 τῆς
1024 849 1244 904 συνόδου
1277 848 1438 902 ἔλαϐε
1459 865 1472 880 '
1507 850 1602 902 καὶ
1636 849 1748 902 πᾶν

169 953 277 1022 γὰρ
303 951 438 1020 ζήτη
449 966 524 1020 μα
548 943 902 1016 ’δογματικδν
933 946 991 997 ὲν
1021 945 1089 1014 τῇ
1151 941 1452 1012 Ἐκκλησία
1475 940 1571 994 τοῦ
1611 937 1748 993 Θεοῦ

171 1042 428 1109 ἁναφυὲν,
485 1039 622 1110 μετά
679 1035 908 1106 ζήτησιν
960 1032 1246 1103 συνοδικὴν
1290 1031 1386 1084 καὶ
1437 1029 1750 1101 ὲκφώνησιν

173 1131 474 1189 πέπαυται,
498 1125 830 1199 ἀμφιϐολίαν
859 1125 916 1177 δὲ
937 1123 1036 1192 τὴν
1061 1119 1275 1175 οἱανοῦν
1292 1121 1395 1174 οὐκ
1409 1119 1718 1190 ἐπιδέχεται
1733 1135 1750 1150 ο

171 1218 347 1283 οὕτως
374 1218 485 1288 γὰρ
515 1219 612 1270 ἐπὶ
641 1215 752 1268 τῶν
794 1213 1001 1268 λοιπῶν
1029 1212 1200 1282 ἁγίων
1231 1212 1326 1264 καὶ
1355 1211 1752 1280 οἱκουμενικῶν

177 1310 408 1363 συνόδων
437 1309 628 1378 γέγονε
639 1346 652 1362 .
1589 1293 1596 1300 ’

247 1400 313 1455 θ’.
353 1402 492 1473 Περί
515 1399 572 1454 δὲ
599 1400 710 1453 τῶν
733 1399 948 1463 ἀσεϐῶς
973 1397 1450 1471 δογματισθέντων
1483 1396 1635 1468 παρά
1660 1393 1756 1448 τοῦ

175 1491 622 1556 Κωνσταντίνου,
648 1491 832 1556 καλῶς
856 1491 1002 1562 ἔχειν
1033 1491 1183 1545 δοκεῖ
1217 1489 1295 1560 μὴ
1327 1489 1527 1554 ἐξεῖναι
1557 1487 1766 1568 ὲκκληέ

174 1580 447 1654 σιαστικῷ
470 1582 746 1655 ἀνθρώπῳ
773 1585 854 1646 εἰς
885 1583 1133 1650 ἐξέτασιν
1169 1583 1264 1636 καὶ
1295 1581 1623 1652 δοκιμασίαν
1655 1579 1756 1634 αὐ-

172 1677 268 1731 τοῦ
292 1675 559 1752 ἔρχεσθαι
577 1693 592 1709 ο
615 1675 725 1729 τῶν
747 1677 857 1746 γὰρ
891 1677 949 1730 ὲν
977 1677 1090 1738 τοῖς
1117 1674 1356 1736 ἀνοσίοις
1386 1671 1760 1741 συγγράμμα-

1850 495 1969 533 nam
2044 479 2269 550 gloriam
2333 481 2635 550 animaeque
2695 477 2924 534 salutem
2978 477 3112 547 ipsis
3194 476 3426 534 confert.

1849 572 2061 643 Reapse
2092 587 2160 628 ne
2189 573 2566 628 controversia
2595 571 2814 642 quidem
2868 565 3126 640 deinceps
3181 573 3248 625 de
3301 587 3430 644 sane

1851 664 1952 718 etis
2003 663 2330 732 imaginibus
2385 661 2501 718 lieri
2544 662 2724 717 debet.
2769 657 2888 716 Non
2932 661 3077 716 enim
3125 661 3320 730 dogma
3369 660 3437 714 de

1852 755 2004 823 ipsis,
2059 769 2230 825 nuper
2282 763 2468 809 natum
2523 763 2646 818 est,
2701 755 2796 810 sed
2854 753 3059 822 jamdiu
3113 753 3439 824 disputando

1853 845 2130 910 libratum,
2157 855 2460 914 ,ratumque
2501 861 2531 899 a
2581 845 2791 914 synodo
2845 843 3088 899 habitum
3128 853 3233 898 est.
3271 843 3440 897 Porro

1855 938 2032 992 omnis
2061 937 2292 1008 quaestio
2329 937 2631 1008 dogmatica
2659 951 2781 1006 quae
2811 936 2862 991 in
2900 936 3138 991 Ecclesia
3183 937 3276 992 Dei
3319 945 3472 990 orta.

1858 1027 2041 1096 fuerit,
2074 1038 2196 1098 post
2237 1043 2466 1084 examen
2517 1029 2840 1100 synodicum
2889 1027 3166 1098 latamque
3225 1027 3444 1098 publica

1856 1119 2206 1180 sententiam,
2233 1117 2470 1184 desinit;
2504 1132 2682 1188 neque
2721 1126 2908 1186 postea
2953 1117 3253 1186 quamlibet
3283 1118 3444 1172 dubi-

1859 1210 2118 1264 tationem
2155 1211 2386 1280 patitur.
2429 1209 2522 1266 Sic
2581 1211 2726 1264 enim
2775 1219 2830 1265 et
2888 1211 2939 1264 in
2977 1211 3192 1265 caeteris
3241 1213 3446 1265 sanctis

1859 1309 2022 1369 atque
2052 1301 2408 1357 oecumenicis
2441 1301 2664 1371 synodis
2691 1311 2875 1356 actum
2909 1309 3016 1356 est.

1931 1392 1986 1449 9.
2023 1392 2138 1464 Age
2180 1408 2308 1449 vero
2342 1394 2408 1450 de
2455 1393 2636 1462 impiis
2684 1391 3029 1449 Constantini
3073 1393 3446 1467 (Copronymi)

1855 1484 2196 1551 constitutis,
2233 1493 2388 1540 recte
2428 1484 2538 1540 dici
2565 1485 2780 1540 videtur
2812 1499 2918 1539 non
2955 1483 3122 1540 licere
3185 1487 3452 1541 ecclesia-

1865 1577 2003 1632 stico
2042 1576 2250 1632 homini
2315 1591 2545 1634 examen
2589 1587 2644 1633 et
2703 1577 3233 1633 animadversionem
3277 1581 3344 1633 de
3388 1579 3454 1633 iis
3541 1629 3548 1637 .

1865 1668 2174 1726 instituere.
2204 1667 2338 1723 Nam
2369 1668 2666 1724 relatarum
2688 1669 2740 1723 in
2767 1667 3011 1740 profanis
3035 1670 3204 1740 ipsius
3232 1670 3454 1740 scriptis

174 1785 261 1822 σιν
287 1740 460 1822 αῦτοῦ
490 1740 889 1837 ἐμφερομένων
913 1765 1186 1836 χρήσεων,
1219 1761 1316 1824 τὰς
1353 1760 1452 1830 μὲν
1474 1740 1582 1810 τῶν
1609 1759 1761 1828 αἱρε-

1881 1759 2278 1826 luctoritatum,
2311 1759 2430 1815 alia:
2457 1759 2582 1829 quia
2619 1761 2906 1816 haereticos
2937 1769 3188 1816 auctores
3227 1762 3453 1828 habent,

171 1859 348 1913 τικῶν
384 1856 572 1921 οὔσας,
630 1855 910 1920 παντελῶς
945 1853 1402 1924 ἀποπέμπεσθαι·
1433 1851 1531 1913 τὰς
1563 1849 1621 1902 δὲ
1660 1849 1762 1902 οὐκ

1881 1863 2093 1919 prorsus
2125 1858 2256 1905 sunt
2297 1849 2654 1918 abiiciendaa;
2687 1851 2808 1906 alia:
2857 1867 2988 1906 vero
3016 1867 3115 1908 ceu
3169 1869 3275 1907 non
3307 1852 3456 1908 bono

171 1949 400 2018 εὐαγῶς
434 1949 527 2004 ὑπ’
556 1947 727 2004 αὐτοῦ
755 1947 1068 2018 νοηθείσας,
1095 1945 1411 2016 ἀπράκτους
1438 1941 1533 1996 καὶ
1585 1940 1762 2011 ἀργὰς

1881 1957 2028 1998 sensu
2060 1943 2129 1998 ab
2157 1941 2250 1997 illo
2280 1942 2588 2007 intellectae,
2621 1942 2835 1999 inutiles
2861 1943 3023 2015 273
3057 1953 3112 1998 et
3145 1945 3334 2000 otiosa:
3364 1961 3456 1999 re-

172 2041 547 2108 ἀποφαίνειν·
582 2039 682 2092 ἑὰν
711 2038 768 2092 δὲ
819 2039 884 2091 ἐκ
933 2023 1143 2090 τούτων
1192 2035 1300 2088 τῶν
1329 2033 1603 2104 χρήσεων,
1643 2030 1762 2084 τινὰ

1881 2034 2119 2103 putandae
2135 2043 2284 2090 sunt.
2305 2034 2459 2102 Quod
2478 2035 2524 2089 si
2549 2035 2764 2090 demum
2783 2035 2838 2090 in
2862 2037 3052 2090 harum
3073 2037 3458 2090 auctoritatum

173 2130 375 2202 βιϐλία
423 2129 712 2202 πρακτικά
740 2127 1052 2200 εὑρέθησαν
1077 2127 1212 2194 περὶ
1248 2124 1472 2177 εἰκόνων
1501 2140 1554 2174 τι
1581 2121 1766 2189 διαγο-

175 2221 444 2293 ρεύοντα,
475 2220 564 2274 διὰ
593 2219 692 2290 τὴν
709 2221 788 2282 εἰς
815 2217 908 2272 τὸν
937 2216 1328 2270 εὐσεϐέστατον
1357 2212 1581 2282 βασιλέα
1611 2203 1769 2280 ἡμῶν

171 2314 591 2386 πληροφορίαν,
621 2311 880 2383 δέχεσθαι
911 2309 1084 2364 ταῦτα
1117 2307 1144 2347 ἀ
1171 2309 1270 2377 τὴν
1304 2305 1635 2376 Ἐκκλησίαν
1673 2304 1772 2358 καί.

173 2405 516 2460 ἐπιλύεσθαι
537 2422 552 2436 ο
580 2405 710 2458 εἰδὲ
737 2407 837 2458 οὐκ
859 2401 1146 2474 ἐξαρκέσει
1172 2401 1242 2452 τὰ
1267 2399 1368 2468 τῆς
1396 2397 1771 2469 πληροφορίας

172 2493 269 2549 διά
298 2495 423 2548 τῶν
457 2495 516 2547 ὲν
545 2497 612 2566 τῇ
656 2492 964 2562 Ἐκκλησία
1015 2489 1308 2562 ἱερατικῶν
1359 2487 1593 2566 ἀνδρῶν,
1623 2479 1772 2540 οὗτοι

170 2586 255 2656 τῷ
307 2582 762 2655 ἐκκλησιαστικῷ
817 2582 934 2636 ἔθει
963 2584 1059 2636 καὶ
1103 2582 1292 2636 κανόνι
1339 2583 1365 2632 ὲ
1415 2580 1774 2652 ερειδόμενοι,

175 2677 416 2732 σύνοδον
440 2675 830 2747 οἰκουμενικὴν
865 2575 1489 2757 ἀποκαλοῦνταήζτε
1517 2669 1645 2732 τοὺς
1669 2668 1774 2720 τῶν

175 2677 416 2732 σύνοδον
440 2675 830 2747 οἰκουμενικὴν
865 2668 1489 2747 ἀποκαλοῦντανίῶστε
1517 2669 1645 2732 τοὺς
1669 2668 1774 2720 τῶν
1818 2710 1822 2716 .

171 2768 402 2822 λοιπῶν
419 2766 625 2838 θρόνων
652 2767 930 2839 ἀρχιερεῖς
946 2765 1042 2819 καὶ
1067 2765 1232 2836 ἱερεῖς
1254 2763 1348 2815 ἐπὶ
1369 2763 1437 2832 τῇ
1470 2761 1578 2814 τῶν
1599 2759 1776 2813 τοιού-

172 2875 288 2912 των
312 2857 550 2928 βιϐλίων
574 2855 822 2920 ἐξετάσει
847 2856 944 2910 καί
961 2853 1281 2926 δοκιμασίᾳ,
1301 2852 1398 2906 καί
1422 2851 1490 2904 τά
1513 2849 1777 2904 δοκοῦντα

172 2950 480 3014 ἐπινεύσει
502 2949 598 3003 τοῦ
629 2948 776 3002 θείου
804 2942 1128 3019 Πνεύματος
1149 2945 1282 3016 περὶ
1311 2941 1493 2998 αὐτῶν
1523 2945 1778 3012 ἐκφωνη-

1871 2137 2100 2178 numero
2117 2123 2406 2194 synodales
2425 2123 2630 2194 aliquot
2657 2124 2780 2180 libri
2798 2127 3064 2196 comperti
3088 2125 3368 2198 fuere,qui
3388 2129 3458 2183 de

1874 2214 2202 2283 imaginibus
2231 2215 2434 2286 aliquid
2452 2216 2720 2281 dicerent,
2743 2217 2844 2272 hos
2872 2226 2930 2271 ut
2957 2217 3202 2286 piissimo
3221 2219 3460 2287 impera-

1877 2307 1977 2359 tori
2011 2314 2199 2361 nostro
2229 2307 2619 2378 (Constantino
2648 2307 2856 2382 lrenes)
2883 2310 3021 2365 satis
3050 2309 3225 2374 ﬁeret,
3258 2311 3457 2366 Eccle-

1877 2398 1957 2451 sia
1981 2397 2201 2452 admisit
2223 2407 2279 2454 et
2299 2387 2611 2468 explicavit.
2635 2399 2789 2467 Quod
2813 2401 2858 2456 si
2882 2401 3142 2457 suasoriae
3162 2402 3462 2459 solutiones

1879 2504 1984 2544 non
2035 2488 2396 2558 suiliciebant,
2433 2507 2532 2562 per
2565 2493 2978 2550 ecclesiasticos
3006 2495 3155 2552 viros
3207 2496 3384 2561 factae,
3408 2495 3464 2549 hi

1879 2581 2096 2650 quidem
2123 2583 2496 2638 ecclesiastica
2529 2586 2928 2642 consuetudine
2978 2587 3274 2656 regulaque
3308 2585 3458 2653 freti,

1881 2675 2276 2732 oecumenicam
2319 2677 2584 2747 synodum
2611 2667 3020 2746 convocarunt;
3056 2679 3130 2734 ita
3159 2688 3220 2734 ut
3249 2688 3306 2735 et
3336 2680 3466 2736 reli-

1881 2779 2110 2832 quarum
2166 2767 2375 2822 aedium
2439 2767 2724 2837 pontiﬁces
2776 2783 2842 2825 ac
2894 2772 3212 2827 sacerdotes
3268 2773 3466 2828 horum

1885 2856 2146 2912 librorum
2201 2871 2429 2914 examen
2479 2869 2533 2913 et
2565 2859 2976 2929 inquisitionem
3033 2871 3374 2932 peragerent,
3409 2874 3468 2920 et

1883 2946 2026 3014 quod
2078 2946 2255 3002 visum
2310 2947 2524 3014 fuisset,
2551 2949 2791 3018 Spiritus
2843 2950 3018 3006 sancti
3045 2960 3176 3006 nutu
3203 2952 3274 3008 'de
3330 2953 3466 3024 ipsis

173 3041 390 3112 θῆναι·
451 3040 534 3094 ὅτι
583 3039 902 3108 ἀναγκαίως
961 3039 1058 3092 καὶ
1110 3036 1209 3091 νῦν
1260 3034 1629 3106 φυλάττονται
1685 3033 1762 3087 κα⁴

1887 3037 2102 3106 publice
2169 3039 2598 3108 pronuntiarent.
2671 3039 2884 3095 Etenim
2954 3043 3267 3112 necessario
3321 3061 3468 3100 nunc

168 3132 534 3204 κρατοῦνται
561 3133 611 3184 οἱ
635 3131 739 3200 τῆς
766 3129 928 3199 ἁγίας
957 3129 1012 3194 ς’
1043 3128 1261 3182 συνόδου
1285 3125 1536 3189 κανόνες,
1568 3124 1662 3188 οὓς
1686 3125 1780 3194 ἀφ’

169 3219 240 3280 οῦ
285 3226 492 3297 χάριτι
546 3221 643 3276 τοῦ
679 3222 825 3276 θείου
869 3221 1191 3291 Πνεύματος
1250 3217 1694 3290 ἐξεφωνήθησαν,
1747 3219 1782 3288 ἡ

185 3314 518 3386 Ἐκκλησία
572 3311 972 3383 παραλαϐοῦσα
1013 3311 1082 3366 δι’
1128 3311 1310 3366 αὐτῶν
1347 3309 1417 3363 τά
1447 3309 1560 3362 τῶν
1593 3309 1784 3379 ἱερέων

173 3408 537 3478 μετέρχεται
587 3405 870 3476 κρίματα⁶
925 3403 1068 3474 ὑπὲρ
1115 3401 1226 3474 γὰρ
1257 3403 1326 3456 τὰ
1372 3402 1566 3455 ἑκατὸν
1611 3402 1785 3456 εἴκοσι

1886 3129 2050 3184 etiam
2101 3129 2459 3186 observantur
2498 3141 2553 3187 et
2581 3133 2765 3203 vigent
2815 3141 3019 3188 sanctae
3065 3135 3255 3206 synodi
3301 3145 3470 3192 sextae

1887 3234 2158 3288 canones;
2192 3237 2351 3290 quos,
2387 3237 2452 3278 ex
2486 3239 2596 3292 quo
2625 3238 2747 3278 cum
2796 3224 2966 3278 divini
3001 3224 3241 3292 Spiritus
3289 3228 3467 3294 gratia

1886 3314 2212 3383 promulgati
2261 3313 2503 3382 fuerunt,
2539 3315 2783 3372 Ecclesia
2843 3317 3084 3384 admisit,
3130 3333 3336 3388 perque
3372 3335 3470 3376 eos

1888 3404 2245 3459 sacerdotalia
2273 3405 2476 3474 judicia
2525 3417 2766 3463 exercet.
2797 3406 2942 3463 Nam
2988 3408 3110 3479 plus
3144 3418 3360 3465 centum
3413 3420 3472 3467 et

166 3500 276 3571 ἔτη
305 3498 377 3570 (ι)
421 3500 481 3551 ὲν
507 3496 646 3566 αὐτῇ
670 3495 1068 3565 διαπρέπουσιν
1101 3495 1148 3547 οἱ
1168 3493 1404 3548 τοιοῦτοι
1433 3494 1682 3559 κανόνες,
1711 3494 1786 3558 ὡς

167 3592 224 3644 εἰ
263 3591 352 3661 μὴ
387 3591 458 3644 ὲν
486 3590 554 3658 τῇ
606 3587 908 3658 Ἐκκλησία
937 3585 1336 3658 ἐχρημάτιζον,
1374 3585 1636 3655 πλείστην
1654 3586 1788 3654 ὅσην

1887 3494 2077 3563 viginti
2104 3495 2219 3564 jam
2249 3495 2408 3550 annis
2461 3496 2514 3550 hi
2551 3497 2819 3552 habentur
2853 3497 2908 3550 in
2951 3497 3156 3554 honore
3208 3514 3471 3564 canones,

1889 3587 1980 3654 qni
2041 3586 2142 3641 nisi
2197 3586 2259 3654 in,
2305 3586 2548 3642 Ecclesia
2600 3589 2986 3654 exstitissent,
3054 3590 3344 3660 plurimum
3405 3607 3470 3648 ea

1891 3691 2048 3748 passa
2095 3689 2243 3733 esset
2283 3679 2697 3745 detrimentum,
2749 3681 2877 3749 quia
2913 3680 3106 3748 culpae
3169 3683 3353 3738 multa:
3417 3685 3474 3738 iu

1890 3777 2034 3823 cmtu
2075 3768 2398 3822 sacerdotali
2429 3769 2547 3822 sine
2578 3769 2818 3824 remedio
2851 3781 3078 3837 poenave
3115 3772 3471 3832 mansissent.

1889 3857 2008 3913 Jam
2051 3868 2107 3914 et
2153 3860 2388 3929 dignitas
2439 3859 2657 3915 illorum
2703 3859 2796 3928 qui
2850 3876 2944 3916 eos
2993 3862 3376 3928 condiderunt,
3418 3875 3476 3919 et

1891 3948 2181 4004 multitudo
2217 3956 2380 4018 atque
2401 3949 2702 4004 auctoritas
2739 3965 3120 4020 personarum,
3149 3951 3476 4007 Christianis

1892 4041 2146 4096 omnibus
2177 4041 2458 4110 explorata
2485 4049 2592 4096 est.
2632 4042 2768 4096 Nam
2813 4051 2870 4096 et
2894 4044 2988 4113 qui
3021 4053 3151 4099 tunc
3190 4053 3349 4100 erant
3386 4061 3477 4100 sa-

1895 4131 2186 4188 cratissimi
2211 4132 2384 4200 patria
2395 4131 2561 4198 rchaa,
2585 4141 2642 4187 et
2659 4132 2748 4186 alii
2771 4147 2941 4202 usque
2965 4133 3033 4187 ad
3051 4147 3185 4188 ccxx.
3207 4135 3473 4204 episcopi,

169 3679 412 3753 ζημίαν
479 3677 790 3750 ὑπέμενεν,
831 3679 932 3733 οὐκ
986 3677 1185 3747 ὀλίγων
1235 3675 1568 3748 σφαλμάτων
1616 3678 1673 3728 ὲν
1717 3677 1786 3746 τῇ

167 3773 485 3845 ἱερωσύνῃ
514 3771 826 3826 ἀνευθύνων
857 3770 1226 3842 διαμενόντων
1245 3785 1259 3799 ⁸
1289 3769 1385 3823 καὶ
1408 3768 1470 3822 τὸ
1493 3768 1788 3840 ἀξιόχρεων

163 3867 290 3920 τῶν
331 3863 666 3934 ὲκθεμένων
695 3863 896 3926 αὐτοὺς
921 3863 982 3916 τό
1015 3879 1077 3915 τε
1111 3861 1318 3932 πλῆθος
1353 3861 1450 3914 καὶ
1487 3861 1549 3913 τὸ
1577 3858 1791 3924 ἀξιόπι-

165 3974 309 4012 στον
335 3955 466 4008 τῶν
489 3953 804 4024 προσώπων
833 3955 968 4008 πᾶσι
993 3954 1040 4008 Χ
1051 3955 1350 4026 ριστιανοῖς
1381 3951 1627 4023 ἐμφανὲς
1655 3953 1792 4034 καθ-

165 4051 420 4104 ίσταται
449 4063 462 4078 ·
509 4049 652 4102 οἵτε
705 4049 818 4120 γάρ
845 4045 990 4101 κατά
1017 4046 1109 4100 τὸν
1139 4045 1332 4118 χρόνον
1387 4046 1596 4099 ἐκεῖνον
1631 4043 1792 4114 ἱερώ-

156 4160 340 4197 τατοι
402 4141 774 4214 πατριάρχαι,
829 4139 926 4194 καὶ
970 4138 1149 4208 ἕτεροι
1179 4137 1286 4201 ἕως
1337 4136 1448 4190 τῶν
1500 4136 1792 4190 διακοσίων

158 4232 272 4287 καὶ
335 4230 773 4302 τεσσαράκοντα
829 4229 1178 4294 ἐπισκόπων,
1251 4227 1490 4290 οἰκείους
1561 4227 1762 4280 κανόνα

1897 4233 2155 4292 tanquam
2193 4235 2323 4276 suos
2366 4223 2465 4276 hos
2511 4234 2750 4276 canones
2795 4222 3202 4290 pronuntiasse,
3243 4221 3478 4290 propriis

155 4322 634 4394 ὲκφωνήσαντες
666 4321 758 4374 διά
795 4319 908 4373 τῶν
945 4319 1166 4372 οἰκείων
1196 4314 1538 4388 ὑπογραφῶν
1569 4315 1762 4386 δηλοῦν

1895 4313 2381 4384 subscriptionibus
2425 4313 2826 4368 demonstrant.
2868 4311 3079 4380 Quibus
3119 4313 3478 4367 consentiens

151 4431 263 4469 ται
281 4431 299 4446 ο
319 4408 423 4475 οἷς
453 4410 748 4482 σύμψηφος
773 4411 866 4466 καὶ
893 4409 1156 4480 συνεργὸς
1177 4407 1418 4478 γεγονὼς
1436 4411 1464 4462 ὁ
1489 4409 1762 4478 τηνικαῦτι

1897 4419 1952 4465 et
1975 4424 2278 4480 cooperans
2330 4409 2506 4466 factus
2556 4410 2622 4473 is,
2671 4410 2765 4479 qui
2831 4419 2955 4464 tunc
3007 4419 3125 4464 erat
3183 4411 3481 4478 imperator

153 4504 470 4579 βασιλεὺς
515 4501 892 4566 ἰουστινιανὸς
921 4513 966 4567 ο,
1000 4501 1096 4555 καὶ
1115 4500 1277 4564 αὐτὸς
1307 4499 1438 4569 περί
1463 4499 1563 4570 τὴν
1589 4499 1762 4552 εὐκλει

1899 4501 2256 4566 Justinianus,
2292 4511 2345 4558 et
2373 4502 2488 4572 ipse
2518 4516 2733 4570 quoque
2767 4501 2835 4556 de
2864 4500 3058 4555 illustri
3089 4501 3482 4570 irrepreliensi-

151 4598 267 4650 καὶ
328 4591 662 4665 ἀμώμητον
689 4593 850 4664 ἡμῶν
899 4592 1199 4664 θρησκείαν
1247 4592 1510 4657 εὐσεϐῶν,
1555 4592 1642 4646 διὰ
1694 4594 1760 4664 τῆ

1900 4595 2104 4664 bilique
2153 4594 2258 4648 (ide
2291 4605 2480 4648 nostra
2515 4609 2575 4650 se
2607 4595 2694 4664 pie
2721 4593 2958 4650 sensisse
2990 4595 3209 4664 propria
3237 4595 3480 4652 subscri-

153 4687 326 4752 ἰδίας
367 4684 718 4756 ὑπογραφῆς
740 4685 1042 4740 δείκνυται.

1887 4687 2074 4758 ptione
2105 4685 2388 4751 Ideclarat.
2846 4727 2852 4734 .

238 4786 307 4833 t'.
345 4775 498 4839 Πῶς
522 4771 618 4829 οῦν
660 4775 769 4848 [οὐ]
813 4776 1156 4847 βλάσφημον,
1191 4777 1288 4830 καὶ
1320 4776 1659 4848 παράνομον,
1696 4777 1762 4848 τὴ

1972 4779 2139 4850 274
2163 4778 2252 4834 10.
2281 4777 2487 4846 Quidni
2510 4795 2640 4850 ergo
2662 4782 3040 4850 hlasphemum
3065 4793 3231 4852 atque
3256 4781 3481 4850 impium

144 4869 485 4938 τοσαύτην
506 4867 616 4920 τῶν
657 4869 850 4938 ἱερέων
897 4868 1112 4939 πληθὺν
1155 4869 1231 4940 μὴ
1265 4869 1654 4940 ἀποδέχεσθαι,
1701 4888 1762 4924 κα

1905 4871 1994 4934 sit,
2031 4872 2192 4924 talem
2239 4878 2560 4938 tantumque
2602 4871 2986 4942 episcoporum
3046 4885 3331 4925 numerum
3373 4883 3480 4922 non

147 4965 299 5018 ἀντὶ
329 4959 481 5020 ἑνὸς
513 4957 790 5028 ἱστορικοῦ
825 4959 1182 5027 λογίζεσθαι;
1234 4959 1304 5014 τά
1334 4959 1443 5031 γὰρ
1477 4960 1600 5028 πρὸ
1624 4961 1762 5030 αὐτῆ

1907 4962 2202 5028 suscipere,
2229 4970 2282 5014 et
2343 4961 2568 5028 alicujus
2623 4963 2796 5017 instar
2870 4963 3113 5017 historici
3157 4975 3260 5014 non
3321 4973 3483 5027 repu-

1905 5054 2055 5108 tare?
2077 5052 2212 5106 Dum
2243 5054 2386 5108 enim
2415 5069 2534 5122 qua:
2549 5065 2675 5110 ante
2699 5056 2962 5126 synodum
2995 5053 3324 5108 exstiterunt
3351 5067 3482 5104 nar-

1907 5155 2050 5208 rant,
2105 5133 2444 5200 venerabiles
2490 5144 2658 5200 fuisse
2735 5147 3000 5216 imagines
3062 5143 3370 5206 allirmant,
3426 5153 3482 5196 et

1907 5237 2045 5304 apud
2101 5234 2446 5292 Christianos
2501 5238 2556 5291 in
2615 5235 2822 5293 honore
2884 5237 3117 5291 habitas.
3173 5235 3289 5288 Non
3337 5234 3480 5288 enim

148 5052 486 5126 γεγονότα
511 5051 856 5122 ἱστοροῦντες
886 5051 1164 5119 λέγουσιν,
1195 5053 1277 5105 ὅτι
1311 5053 1506 5104 σεπταὶ
1547 5052 1795 5122 ὑπῆρχον

143 5147 218 5201 αἱ
260 5142 543 5202 εἰκόνες,
564 5142 658 5195 καὶ
691 5141 774 5194 ὅτι
797 5142 1116 5212 Χριστιανοὶ
1149 5141 1564 5210 κατησπάζοντο
1591 5142 1794 5206 αὐτὰςο

143 5238 224 5293 οὐ
266 5237 412 5308 γὰρ
459 5232 593 5286 ἴδιον
639 5233 760 5286 τότε
801 5233 971 5287 τύπον
998 5232 1344 5300 παρέδωκαν,
1382 5233 1520 5286 ἀλλά
1551 5231 1622 5285 τὰ
1654 5235 1799 5286 ἱστο-

235 5401 268 5432 ο
313 5384 480 5445 cod.
527 5384 786 5448 εὐσεϐῶς,
865 5383 894 5425 (ι
926 5384 1049 5441 cod.
1077 5385 1305 5456 ταύτην.
1382 5395 1402 5418 ⁸
1457 5385 1863 5444 Rhinotmetus.

231 5541 316 5615 (ι)
343 5535 521 5614 Hinc
541 5535 914 5618 (ignoscimus
933 5536 1166 5592 natalem
1186 5535 1350 5618 huius
1366 5536 1550 5618 scripti
1566 5551 1804 5618 “annum.

141 5603 321 5686 Na'n)
344 5604 524 5686 _quia
551 5603 792 5686 Trullani
827 5621 1075 5686 canones
1089 5620 1228 5661 anno
1247 5603 1379 5686 69-1.
1404 5603 1534 5660 editi
1565 5607 1801 5686 fuerim},

139 5677 404 5744 additis
441 5687 596 5730 nunc
635 5675 776 5730 haud
814 5675 933 5745 plus
975 5676 1097 5743 122,
1129 5675 1408 5746 consurgit
1467 5691 1642 5731 annus
1676 5675 1802 5742 8-13,

1913 5553 2019 5618 quo
2044 5537 2328 5618 imperium
2358 5539 2479 5594 iniit
2511 5540 2622 5596 Leo
2657 5541 2946 5618 Armenius
2976 5560 3130 5600 novae
3160 5549 3485 5618 persecutio.

1915 5610 1998 5686 uis
2044 5621 2250 5686 auctor.
2283 5610 2412 5686 Erat
2457 5623 2637 5665 autem
2669 5614 2713 5668 is
2744 5629 2918 5670 annus
2945 5610 3289 5686 episcopatus
3325 5617 3485 5673 Nice-

1908 5679 2067 5743 phori
2107 5690 2330 5735 octavus
2371 5679 2635 5744 inceptus.
