3928 6166
489 306 593 373 ΒΗ

1512 304 1571 361 S.
1615 300 2036 362 NICEPHORI
2078 296 2587 358 PATRIARCHE
2626 295 2736 356 (ΣΡ.

3614 291 3699 357 818

489 414 768 495 proprium
807 410 1111 481 exemplum
1153 409 1701 480 proposuerunt,sed
1751 416 1970 461 narrata
2015 414 2069 460 et

2185 404 2416 475 οούμενα
2450 403 2546 456 καὶ
2598 397 3044 472 ἐζωγραφημένα
3092 394 3430 467 καθορῶντες
3456 396 3551 465 (τι),
3601 400 3700 467 περὶ

492 510 634 575 picta
691 512 1001 572 spectantes
1032 542 1048 565 ,
1095 502 1163 556 de
1213 502 1348 571 ipsis
1400 500 1726 557 sententiam
1778 498 2064 562 tulerunt,

495 597 561 647 ad
611 592 869 646 Ecclesia:
911 589 1325 645 aediﬁcationem
1359 630 1374 657 ,
1432 587 1619 659 gratiae
1685 584 2067 656 ampliﬁcatio-

495 700 619 737 nem
681 693 737 738 et
804 683 1212 738 exaltationem.
1273 681 1329 736 Id
1368 682 1745 736 demonstrant
1800 677 2070 748 primariae

495 775 675 842 sedes,
738 785 794 829 et
847 777 939 845 qui
992 788 1085 844 per
1136 787 1199 829 ea
1245 781 1491 841 tempora
1549 768 1771 825 fuerunt
1832 768 2064 836 impera-

496 879 642 924 tores
670 883 733 923 ac
785 868 1097 922 sacerdotes
1144 865 1471 935 imaginibus
1513 864 1767 918 certatim
1808 862 2069 915 honorem

497 961 825 1017 deterentes.
851 959 1004 1027 Quod
1025 960 1070 1013 si
1100 957 1342 1013 nonnulli
1366 955 1640 1025 vaniloqui
1675 954 1847 1015 aiunt,
1868 952 2075 1020 aliquot

496 1063 619 1123 post
652 1065 860 1109 sextam
921 1051 1187 1122 synodum
1242 1049 1400 1105 annis
1458 1061 1699 1103 canones
1735 1044 1856 1099 illos
1903 1044 2074 1098 fuisse

496 1147 692 1209 editos,
738 1144 871 1199 nihil
920 1144 1047 1198 hinc
1093 1140 1480 1196 ecclesiasticae
1530 1137 1795 1192 doctrinae
1840 1134 2072 1204 deperit.

496 1238 615 1292 Non
645 1237 789 1291 enim
849 1233 1195 1302 interiectum
1244 1242 1460 1299 tempus
1485 1238 1656 1289 vetat,
1689 1225 1983 1297 quominus
2020 1223 2072 1277 hi

498 1331 748 1384 dicantur
778 1336 944 1384 sexta:
969 1325 1160 1396 synodi
1208 1337 1465 1380 canones.
1493 1321 1672 1376 Causa
1704 1320 1848 1373 enim
1883 1319 2073 1372 horum

499 1420 987 1478 construendorum
1049 1417 1171 1481 fuit,
1222 1415 1367 1484 quod
1417 1427 1515 1468 nec
1558 1411 1746 1481 quinta
1801 1423 1900 1463 nec
1958 1408 2075 1473 ipsa

500 1521 649 1568 sexta
681 1510 920 1582 synodus
949 1520 1182 1563 canones
1206 1505 1513 1560 ediderant.
1548 1501 1841 1570 Propterea
1874 1496 2078 1551 utiliter

503 1608 610 1659 imo
644 1602 952 1659 necessario
983 1601 1083 1655 hos
1113 1605 1522 1667 compegerunt,
1554 1603 1718 1659 atque
1748 1590 1815 1645 ad
1839 1602 2079 1643 commu-

504 1712 624 1752 nem
687 1694 945 1751 Ecclesiae
983 1691 1272 1746 utilitatem
1330 1680 1865 1757 promulgarunt..Hi
1925 1691 2073 1743 vero,

2173 498 2355 551 αὐτῶν
2384 495 2756 565 ἐξεφώνησαν,
2794 490 3089 562 οἰκοδομήν
3131 489 3232 559 τῆς
3290 487 3595 556 Ἐκκλησίας
3627 489 3702 541 καὶ

2172 590 2275 659 τῆς
2295 589 2522 661 χάριτος
2555 585 2873 657 πλατυσμὸν
2919 585 3015 639 καὶ
3052 582 3379 655 προτιμησιν
3398 596 3412 612 ·
3443 581 3530 634 καὶ
3556 582 3702 650 ἐμφα-

2175 683 2382 748 νίζουσι
2406 680 2565 734 τοῦτο
2591 681 2641 732 oi
2673 677 3013 750 προάγοντες
3048 674 3252 746 θρόνοι,
3287 672 3380 726 καὶ
3415 674 3462 724 et
3498 674 3605 724 κατ’
3627 671 3701 723 a6-

2175 776 2302 837 τοὺς
2349 772 2590 843 βασιλεῖς
2621 770 2719 823 καὶ
2755 770 2925 839 ἱερεῖς
2952 767 3155 837 ὁμοίως
3213 762 3548 830 δοξάζοντες·
3579 763 3622 815 εἰ
3657 753 3702 814 δὲ

2175 863 2394 932 λέγουσί
2419 878 2567 923 τινες
2598 856 3054 928 κενοφωνοῦντες,
3076 857 3157 910 ὄτι
3184 855 3326 927 μετά
3347 853 3560 924 χρόνους
3579 851 3703 914 τινὰς

2177 955 2278 1025 τῆς
2321 953 2486 1022 ἕκτης
2531 951 2754 1005 συνόδου
2803 950 3024 1017 γέγονεν
3057 950 3093 1018 ή
3131 947 3243 1001 τῶν
3271 947 3505 1000 κανόνων
3535 943 3702 996 τούτων

2179 1045 2508 1114 ἐκφώνησις,
2539 1042 2713 1104 οὐδεὶς
2759 1043 2882 1111 περὶ
2918 1039 3081 1093 τοῦτο
3101 1038 3201 1107 τῆς
3241 1037 3551 1107 Ἐκκλησίας
3576 1034 3702 1103 λόγος

2178 1140 2464 1192 διαπίπτει
2484 1152 2498 1167 ·
2535 1135 2657 1188 οὐδὲ
2684 1133 2793 1204 γάρ
2814 1136 2843 1186 ό
2875 1134 2934 1186 ἐν
2971 1131 3051 1201 τῷ
3082 1129 3288 1200 μεταξὺ
3320 1130 3503 1201 χρόνος
3539 1126 3703 1181 κωλύει

2181 1229 2379 1292 αὐτοὺς
2409 1224 2695 1279 καλεῖσθαι
2716 1223 2949 1285 κανόνας
2974 1223 3072 1293 τῆς
3087 1221 3257 1291 ’ἐκτης
3282 1219 3492 1272 συνόδου
3509 1234 3525 1251 ο
3546 1217 3601 1271 ab
3620 1218 3705 1286 γὰρ

2181 1322 2355 1372 αἴτιον
2381 1320 2480 1388 τῆς
2508 1315 2716 1369 τούτων
2744 1312 3049 1383 ἀθροίσεως
3078 1311 3327 1378 γέγονεν,
3358 1307 3535 1377 ἐπειδὴ
3557 1305 3706 1375 οῦτεή

2182 1407 2316 1476 ἁγία
2348 1413 2389 1459 ε’
2422 1405 2663 1468 σύνοδος,
2711 1402 2837 1456 οὗτε
2884 1401 3025 1471 αὑτὴ
3051 1403 3086 1471 ή
3119 1407 3175 1465 ς’
3203 1399 3430 1461 κανόνας
3471 1398 3728 1466 ἐξέθεντο·Ι

2182 1500 2269 1553 διά
2294 1497 2454 1552 τοῦτο
2493 1496 2783 1567 χρησίμως
2806 1494 2902 1548 καὶ
2926 1492 3243 1561 ἀναγκαίως
3269 1487 3614 1559 συνήχθησαν,
3634 1486 3707 1537 καὶ

2183 1591 2405 1654 τούτους
2454 1587 2829 1658 ἐξεφώνησαν,
2873 1585 3014 1655 πρὸς
3057 1584 3238 1638 κοινὸν
3285 1581 3387 1651 τῆς
3426 1577 3705 1647 Ἐκκλησίας

2184 1683 2376 1754 ὄφελος
2395 1701 2407 1715 ·
2439 1683 2591 1736 οὐδὲν
2613 1681 2671 1735 δέ
2691 1678 2815 1734 οὗτε
2843 1678 2920 1750 τῷ
2943 1675 3167 1749 ἀριθμῷ
3195 1674 3322 1728 οὕτε
3347 1676 3413 1744 τῇ
3433 1672 3551 1741 ἀξίᾳ
3571 1668 3706 1723 ἐλλεί-

504 1791 619 1845 sive
644 1785 989 1844 condentium
1025 1795 1310 1838 nmucrum
1338 1789 1574 1846 spectes,
1597 1777 1710 1831 sive
1738 1772 2076 1842 dignitatem,

2192 1794 2378 1841 πουσι,
2409 1775 2547 1830 ἀλλά
2562 1769 2951 1838 πλεονάζουσιν
2967 1789 2982 1804 ο
3011 1773 3070 1825 ἐν
3087 1770 3201 1840 γὰρ
3225 1772 3293 1837 τῇ
3329 1765 3382 1831 ς’
3399 1766 3522 1835 ἁγίᾳ
3541 1761 3705 1829 συνόδῳ

506 1893 845 1949 nequaquam
888 1875 1172 1931 inferiores
1230 1880 1380 1934 sunt,
1410 1869 1520 1923 imo
1571 1866 1752 1937 potius
1793 1870 2078 1931 superant.

506 1970 639 2024 Nam
688 1976 852 2023 sextae
889 1965 1080 2038 synodi
1129 1972 1312 2032 patres
1352 1974 1490 2014 ccxx
1546 1956 1766 2011 circiter
1832 1952 2083 2014 luerunt;

507 2076 771 2117 canonum
804 2069 985 2114 autem
1037 2055 1330 2112 editionem
1363 2049 1582 2106 ducenti
1632 2056 1687 2102 et
1718 2042 2084 2116 quadraginta

509 2153 745 2220 episcopi
787 2150 1056 2206 fecerunt.

580 2291 670 2342 Η.
735 2285 850 2341 iam
912 2286 980 2341 de
1042 2286 1324 2339 sacrarum
1385 2279 1679 2348 imaginum
1734 2270 2087 2328 veneratione

504 2378 864 2434 auctoritates
904 2373 1087 2429 multa:
1124 2379 1439 2427 sanctorum
1482 2367 1705 2421 Patrum
1755 2363 1846 2432 pio
1902 2370 2088 2416 nostro

514 2469 823 2541 imperatori
853 2467 1050 2522 oblata:
1092 2463 1332 2527 fuerunt,
1370 2476 1489 2530 quas
1521 2457 1882 2538 indubitatam
1929 2454 2086 2506 tidem

512 2562 817 2634 legentibus
874 2558 1183 2620 faciebant;
1250 2567 1481 2623 quarum
1542 2550 1753 2617 integra
1808 2530 2086 2600 volumina

510 2633 749 2728 synodus
785 2651 994 2715 ltahuit,
1032 2657 1192 2719 prout
1237 2647 1271 2700 ii
1304 2647 1394 2715 qui
1425 2646 1473 2697 ei
1512 2641 1898 2700 interfuerunt,
1925 2633 2087 2704 275

516 2759 678 2818 atque
704 2748 879 2802 adhuc
903 2738 1217 2812 supersunt,
1251 2752 1377 2792 vere
1406 2743 1694 2790 testantur.
1729 2732 1895 2785 Porro
1929 2729 2090 2782 Euse-

514 2844 634 2897 hius
666 2839 932 2907 Pamphili
972 2838 1024 2889 in
1055 2835 1238 2889 multis
1266 2831 1487 2900 scriptis
1512 2829 1626 2884 suis
1657 2835 1883 2896 apparet
1920 2833 2087 2893 putus

513 2934 768 2995 Arianus,
811 2941 920 2984 tum
974 2926 1289 2981 nominatim
1345 2923 1397 2975 in
1462 2920 1553 2973 illa
1594 2917 1843 2988 epistola,
1871 2916 1923 2969 in
1981 2928 2087 2983 qua

515 3039 700 3094 sacras
755 3019 1018 3089 imagines
1075 3024 1263 3079 vetat,
1323 3010 1613 3067 manifeste
1666 3006 2090 3077 deprehenditur

2186 1872 2316 1942 περὶ
2368 1870 2495 1931 τοὺς
2532 1868 2728 1921 ἑκατὸν
2774 1852 3445 1937 ἐϐδομήκονταύπῆρχον
3486 1855 3703 1926 Πατὲρες,

2187 1964 2245 2016 ἐν
2287 1961 2345 2014 δὲ
2388 1962 2456 2031 τῇ
2486 1959 2594 2014 σιῶν
2640 1959 2882 2013 κανόνων
2910 1955 3154 2020 ἐκθέσει,
3182 1952 3451 2007 διακόσιοι
3477 1944 3705 2015 τεσσαρά-

2186 2067 2349 2104 κοντα
2361 2091 2372 2102 .

2265 2279 2356 2325 ια’.
2386 2268 2510 2324 Ὅτι
2557 2268 2656 2324 καὶ
2699 2268 2828 2338 περὶ
2867 2267 2967 2338 τῆς
2996 2266 3427 2339 προσκυνήσεως
3453 2260 3551 2315 τῶν
3579 2257 3705 2329 ἱερῶν

2188 2364 2412 2417 εἰκόνιον
2455 2364 2680 2433 χρήσεις
2712 2361 2905 2414 πολλαὶ⁸
2946 2360 3402 2430 προσηνέχθησαν
3429 2354 3501 2424 τῷ
3536 2350 3706 2407 εὐσεϐεῖ

2189 2456 2346 2526 ἡμῶν
2375 2455 2588 2526 βασιλεῖ
2625 2454 2736 2507 τῶν
2769 2453 2940 2521 ἁγίων
2984 2452 3271 2523 ίΙατέρων,
3299 2451 3365 2504 δι’
3391 2442 3461 2503 ὧν
3502 2446 3594 2500 ἔδει
3632 2443 3707 2509 τὴν

2190 2548 2569 2618 πληροφορίαν
2610 2548 2746 2601 πᾶσι
2774 2549 2887 2610 τοῖς
2937 2546 3363 2615 ἐντυγχάνουσιν
3390 2541 3705 2596 ἀνενδοίαστον

2189 2639 2467 2708 γενέσθαι,
2498 2630 2574 2692 ὧν
2619 2637 2688 2690 τά
2725 2636 2998 2708 ὁλόκληρα
3043 2635 3231 2705 βιϐλία
3270 2637 3305 2705 ή
3344 2632 3543 2696 σύνοδος
3570 2625 3703 2698 εἶχεν.

2188 2732 2263 2795 ὼς
2311 2732 2358 2783 οἱ
2388 2730 2498 2783 τῶν
2556 2727 2891 2801 εὑρεθέντων
2922 2730 2982 2781 ὲν
3015 2730 3155 2799 αὐτῇ
3198 2728 3472 2799 περιόντες
3522 2724 3602 2776 σὺν
3654 2721 3705 2787 τῇ

2190 2824 2422 2895 ἀληθείᾳ
2458 2821 2849 2894 μαρτυροῦσιν.
2878 2822 3003 2875 Ὅτι
3036 2821 3091 2873 δὲ
3122 2824 3152 2873 ὁ
3192 2818 3472 2889 Παμφίλου
3497 2810 3708 2871 Εὐσέϐιος

2190 2919 2249 2972 ἐν
2282 2917 2497 2978 πολλοῖς
2522 2914 2953 2987 συγγράμμασιν
2979 2913 3149 2968 αθτοῦ
3175 2913 3447 2967 δείκνυται
3484 2904 3708 2978 Ἀρειανὸς

2188 3009 2434 3080 γνήσιος,
2492 3007 2630 3060 ἀλλὰ
2669 3007 2766 3060 καὶ
2799 3008 2857 3059 ἐν
2890 3007 3026 3076 αὐτῇ
3067 3007 3137 3076 τῇ
3169 3004 3427 3072 ἐπιστολῇ
3458 2996 3605 3054 αὑτοῦ
3634 2994 3706 3063 (ι),

517 3091 713 3169 Filium
744 3112 840 3165 Dei
871 3110 1055 3164 dicere
1090 3106 1311 3161 secttndi
1334 3104 1541 3159 ordinis
1572 3102 1763 3162 Deum,
1791 3107 1845 3154 et
1874 3106 2084 3152 creatu-

2193 3094 2311 3173 ἐνῇ
2343 3100 2440 3168 τὴν
2489 3099 2601 3152 τῶν
2630 3098 2794 3167 ίερῶν
2826 3097 3052 3161 εἰκόνων
3092 3097 3465 3167 ἀπαγόρευσιν
3497 3090 3707 3143 ποιεῖται,

514 3222 658 3270 ram,
694 3204 980 3270 Patrisque
1026 3212 1263 3254 servum.
1288 3197 1615 3263 Pariterquc
1647 3194 1940 3246 humanam
1981 3186 2091 3240 l'or-

516 3313 685 3360 tnam,
720 3309 882 3363 quam
916 3291 1178 3344 Dominus
1220 3302 1283 3341 ac
1328 3288 1470 3341 Deus
1500 3292 1684 3338 noster
1713 3281 1889 3336 nostri
1927 3292 2093 3333 causa

517 3387 834 3453 assumpsit,
874 3391 1186 3437 concretam
1234 3391 1357 3433 esse
1390 3391 1513 3430 cum
1565 3374 1735 3443 ipsius
1785 3371 2088 3435 divinitate,

514 3487 797 3543 totamque
820 3473 1160 3525 immutatam
1210 3477 1433 3534 censet;
1466 3479 1588 3534 quae
1645 3476 1871 3532 prorsus
1899 3460 2093 3515 catho-

521 3568 638 3621 licae
659 3563 913 3619 Ecclesiae
941 3559 1223 3616 sententia:
1245 3559 1626 3613 adversantur.
1653 3552 1881 3609 Constat
1912 3557 2091 3605 autem

519 3670 575 3713 et
611 3658 819 3725 aliquot
869 3662 994 3723 post
1037 3651 1154 3720 ejus
1187 3651 1390 3703 obitum
1426 3648 1587 3702 annis
1622 3661 1651 3700 a
1686 3643 1962 3700 nonnullis
1990 3642 2092 3696 Pa-

522 3750 696 3805 tribus
747 3747 1004 3819 synodico
1061 3745 1282 3799 decreto
1359 3754 1459 3796 ceu
1522 3738 1785 3792 Arianum
1852 3732 2089 3789 Ecclesia

518 3839 772 3905 ejectum,
799 3850 951 3905 teque
983 3848 1049 3889 ac
1092 3834 1227 3887 alios
1262 3831 1583 3896 hereticos;
1619 3826 1899 3896 increpitis
1927 3826 2089 3878 etiam

520 3933 626 3986 illis
652 3931 745 3999 qui
772 3930 963 3983 horum
995 3926 1267 3981 faciebant
1300 3918 1905 3979 commemorationem.
1948 3915 2091 3985 Ergo

520 4023 702 4092 quivis
729 4020 1084 4077 Christianus
1138 4017 1476 4073 orthodoxus
1504 4013 1732 4083 iudicet,
1763 4025 1892 4064 num
1925 4010 1996 4064 sit
2035 4009 2089 4062 in

518 4116 818 4170 Ecclesiam
876 4110 1247 4167 admittendus
1301 4108 1437 4171 hic,
1480 4105 1574 4175 qui
1631 4103 1766 4159 tales
1830 4100 2090 4153 adversus

521 4206 866 4263 Servatorem
920 4214 1169 4258 nostrum
1231 4200 1508 4254 Christum
1559 4195 1728 4249 Deum
1786 4191 2020 4247 eﬂ’utivit
2071 4207 2085 4244 :

518 4312 824 4367 quanquam
864 4294 1002 4348 idem
1033 4292 1235 4361 partim
1260 4289 1424 4343 etiam
1470 4288 1740 4349 laudatur,
1771 4284 1915 4339 velut
1966 4280 2091 4336 Ori-

518 4404 683 4457 genes
739 4384 940 4454 aliique
994 4382 1148 4436 multi
1203 4389 1356 4435 extra
1391 4376 1695 4431 Ecclesiam
1748 4373 1928 4443 positi.
1958 4371 2088 4439 Quae

2142 3230 2159 3239 -
2195 3191 2514 3261 εὑρίσκεται
2543 3188 2731 3258 σαφῶς
2782 3188 2875 3241 τὸν
2912 3189 3040 3240 Υἱὸν
3086 3186 3186 3240 τοῦ
3218 3186 3353 3241 Θεοῦ
3394 3184 3615 3252 δεύτερον
3640 3180 3708 3231 λέ-

2194 3298 2311 3349 γειν
2346 3279 2480 3332 Θεὸν
2516 3279 2612 3333 καί⁵
2658 3279 2863 3350 κτίσμα
2917 3279 3012 3332 καὶ
3057 3278 3344 3350 ὑπηρέτην
3375 3276 3462 3331 τοῦ
3504 3271 3705 3340 Πατρός·

2191 3372 2453 3434 ὡσαύτως
2484 3371 2539 3423 δέ
2569 3370 2665 3424 καὶ
2687 3370 2787 3438 τὴν
2827 3368 3183 3440 ἀνθρωπίνην
3215 3367 3446 3441 μορφὴν,
3473 3365 3534 3437 ήν
3558 3361 3708 3416 ἐλαϐεν

2193 3467 2222 3519 ό
2251 3464 2455 3535 Κύριος
2484 3463 2579 3517 καὶ
2608 3463 2742 3526 Θεὸς
2775 3461 2932 3533 ἡμῶν
2977 3463 3119 3532 ὑπὲρ
3167 3462 3328 3534 ἡμῶν
3353 3453 3706 3527 ἀνακεκρᾶσθαι

2192 3560 2259 3628 τῇ
2288 3558 2407 3610 κατ’
2447 3554 2608 3609 αὐτὸν
2653 3553 2890 3624 θεότητι,
2922 3554 3019 3607 καὶ
3057 3552 3502 3625 μεταϐεϐλῆσθαι
3527 3548 3634 3616 ὅλην
3656 3540 3706 3594 δι’

2192 3646 2316 3699 ὅλου
2368 3643 2582 3708 δοξάζει
2607 3658 2622 3673 ⁸
2671 3644 2817 3712 ἅπερ
2864 3643 3004 3695 είσὶν
3050 3643 3277 3696 ἐναντία
3308 3641 3622 3696 παντάπασιν
3650 3629 3709 3699 τῷ

2194 3738 2294 3806 τῆς
2326 3735 2618 3804 καθολικῆς
2663 3732 2992 3804 Ἐκκλησίας
3034 3736 3347 3805 φρονήματι
3378 3749 3392 3763 ⁸
3421 3728 3641 3801 φαίνεται
3666 3721 3708 3771 δὲ

2196 3826 2292 3880 καί
2340 3824 2479 3892 μετὰ
2511 3826 2733 3895 χρόνους
2777 3823 2929 3899 τινὰς
2970 3822 3066 3876 τοῦ
3100 3822 3339 3877 θανάτου
3385 3818 3537 3875 αὐτοῦ
3593 3811 3709 3881 παρὰ

2190 3935 2355 3972 τινων
2404 3918 2668 3986 Πατέρων
2709 3914 3007 3979 συνοδικῶς
3054 3915 3134 3986 (rc)
3196 3916 3275 3978 ὡς
3329 3910 3585 3987 ’Λρειανδς
3631 3904 3707 3973 τῆς

2204 4006 2531 4077 Ἐκκλησίας
2569 4005 2985 4077 ἐκϐαλλόμενος,
3022 4005 3165 4076 μετά
3208 4005 3421 4077 ἐτέρων
3444 4001 3619 4071 ὁμοίως
3645 3998 3710 4048 αἱ·

2195 4100 2444 4171 ρετικῶν,
2481 4097 2914 4167 ἐπιτιμηθέντων
2941 4098 3035 4151 καὶ
3067 4099 3178 4151 τῶν
3207 4099 3307 4161 τὰς
3332 4098 3541 4168 μνήμας
3565 4086 3707 4144 αὐτῶν

2189 4189 2604 4244 ἐπιτελούντων.
2657 4189 2914 4258 Κρινάτω
2965 4184 3059 4242 οῦν
3099 4190 3210 4253 πᾶς
3277 4184 3579 4258 Χριστιανὸς
3624 4177 3708 4230 τῶν

2188 4280 2610 4353 ὀρθοδοξούντων
2676 4283 2723 4332 εί
2758 4280 2949 4343 δεκτός
3009 4281 3159 4333 ἐστιν
3226 4283 3283 4333 ἐν
3338 4282 3401 4353 τῇ
3462 4270 3708 4341 Ἐκκλησίᾳ

2188 4368 2342 4437 οὗτος
2375 4373 2474 4436 τὰς
2522 4371 2777 4435 τοιαύτας
2810 4370 3159 4441 βλασφημίας
3194 4373 3336 4427 κατὰ
3378 4370 3466 4424 τοῦ
3502 4367 3708 4433 Σωτῆρος

518 4493 643 4532 cum
680 4478 750 4530 ita
780 4488 840 4529 se
896 4472 1151 4533 habeant,
1188 4484 1347 4522 nemo
1377 4481 1515 4521 sano
1541 4465 1766 4521 consilio
1809 4463 2084 4533 praeditus,

2193 4455 2348 4536 ήμῶν
2376 4462 2614 4535 Χριστοῦ
2649 4461 2744 4516 τοῦ
2783 4462 2919 4516 Θεοῦ
2954 4463 3165 4533 ἐκχέων
3192 4482 3206 4495 ’
3240 4465 3291 4517 εἰ
3316 4463 3372 4517 δέ
3395 4480 3444 4515 τι
3472 4460 3557 4513 καὶ
3580 4458 3707 4509 ἔπαι-

522 4570 603 4622 vel
629 4565 883 4621 Ecclesia:
916 4562 1245 4618 anxietatem
1275 4561 1516 4622 damnet,
1541 4557 1623 4612 vel
1654 4555 2088 4611 criminationem

522 4657 846 4725 culpamque
888 4653 941 4706 in
971 4657 1133 4720 caput
1154 4664 1343 4705 eorum
1372 4646 1625 4715 reiectam
1661 4648 1753 4715 qui
1808 4660 1868 4700 se
1900 4651 2092 4713 sponte

523 4752 590 4803 ab
608 4746 843 4802 Ecclesia
868 4752 1191 4813 separarum
1211 4758 1227 4809 ;
1250 4739 1505 4810 quamdiu
1539 4748 1705 4801 certe,
1738 4735 1847 4789 Deo
1865 4734 2093 4805 permit-

526 4850 692 4906 tente,
725 4840 841 4894 haec
900 4837 1160 4891 adversus
1218 4832 1336 4900 ejus
1378 4832 1669 4886 constituta
1722 4839 2095 4894 cauonemque

515 4935 718 4991 seditio
747 4938 1079 5003 perseverat.
1116 4926 1189 4982 Ut
1228 4934 1405 4979 autem
1461 4922 1709 4991 superius
1750 4919 1951 4975 dictum
1983 4925 2090 4981 est,

523 5025 790 5096 synodum
828 5019 1222 5077 mcumenicam
1255 5014 1494 5070 Ecclesia
1522 5023 1823 5068 convocare
1854 5006 1996 5063 solet
2024 5006 2094 5061 ob

520 5115 820 5186 quamlibet
853 5111 1255 5168 contentionem
1289 5108 1357 5162 de
1409 5106 1589 5161 medio
1640 5103 1953 5168 tollendam,
1995 5114 2093 5168 pa-

524 5221 751 5277 cemque
783 5219 903 5258 cum
938 5203 1032 5258 Dei
1085 5201 1282 5271 placito
1326 5194 1709 5253 stabiliendam
1753 5209 1849 5265 per
1895 5192 2095 5248 saecula

524 5298 868 5352 saeculorum.
901 5295 1092 5347 Amen.

592 5496 672 5568 (ιι)
704 5494 924 5568 scilicet
948 5492 1001 5546 in
1026 5489 1281 5568 Trullano
1302 5498 1513 5568 canone
1526 5482 1600 5568 8?.
1621 5482 1943 5568 imperatum
1968 5479 2092 5543 fuit,

525 5551 830 5621 nt‘C’bristi
869 5566 1101 5617 humana
1161 5561 1328 5629 ligura
1380 5551 2088 5629 symboli’catagnilormze

524 5633 973 5694 substitueretur,
1026 5620 1225 5699 quam-
1245 5620 1559 5699 superiores
1597 5620 1935 5687 Christiani,
1989 5634 2086 5676 ccu

524 5701 723 5759 Christi
760 5691 968 5771 typum,
996 5691 1234 5769 eatenus.
1256 5691 1490 5751 venerati
1535 5691 1766 5747 fuerant.

2185 4560 2376 4620 νεῖται,
2406 4553 2659 4625 καθάπερ
2704 4555 2987 4626 Ὤριγένης
3013 4556 3110 4608 καὶ
3138 4554 3293 4608 ἄλλοι
3320 4552 3498 4608 πολλοὶ
3516 4548 3610 4604 τῶν
3627 4543 3708 4609 ἔξω

2186 4647 2287 4715 τῆς
2325 4645 2656 4716 Ἐκκλησίας
2679 4644 2850 4700 ὄντων
2876 4661 2889 4676 ·
2923 4645 3129 4699 τούτων
3179 4645 3354 4708 οὕτως
3379 4643 3610 4715 ἐχόντων,
3634 4633 3707 4687 ού-

2186 4738 2296 4800 δεὶς
2326 4736 2435 4790 τῶν
2460 4734 2520 4790 εὖ
2543 4736 2890 4807 φρονούντων
2918 4735 3041 4789 οὗτε
3065 4737 3303 4809 ἀπορίαν
3334 4727 3706 4801 καταψηφιεῖται

2187 4827 2289 4895 τῆς
2335 4825 2686 4895 Ἐκκλησίας,
2720 4825 2843 4879 οὕτε
2890 4825 3145 4897 ἔγκλημα
3184 4827 3282 4880 καὶ
3328 4825 3611 4896 ἁμάρτημα
3637 4813 3707 4866 ἐπὶ

2188 4917 2288 4979 τὰς
2318 4916 2567 4985 κεφαλὰς
2594 4915 2708 4970 τῶν
2741 4917 2969 4981 ἑαυτοὺς
3003 4917 3266 4981 ἑκουσίως
3294 4917 3395 4986 τῆς
3432 4905 3706 4978 Ἐκκλησίας

2189 5008 2599 5078 ἁποσχιζόντων
2620 5025 2633 5039 ·
2665 5009 2714 5061 εί
2739 5008 2875 5062 Θεοῦ
2908 5010 3257 5080 συγχωρήσει
3295 5007 3533 5078 ἐπιμένοι
3557 5001 3615 5054 τὰ
3630 4995 3707 5062 τῆς

2190 5099 2529 5162 διαστάσεως
2563 5099 2706 5153 κατὰ
2728 5100 2817 5154 τὸν
2838 5102 3035 5155 ἐαυτοῦ
3068 5102 3268 5171 θεσμὸν
3296 5100 3389 5153 καὶ
3420 5095 3627 5151 κανόνα·
3649 5086 3706 5147 ὡς

2191 5190 2237 5242 δ’
2266 5189 2525 5261 ἀνωτέρω
2572 5189 2794 5261 ἐλέχθη,
2830 5191 3045 5246 σύνοδον
3072 5189 3450 5259 οίκουμενικὴν
3476 5178 3707 5241 ἐπικαλεῖ-

2193 5284 2335 5353 ταιή
2377 5282 2678 5354 Ἐκκλησία
2700 5290 2838 5355 πρὸς
2866 5285 2930 5339 τὸ
2956 5287 3136 5340 πᾶσαν
3158 5284 3490 5354 φιλονεικίαν
3509 5269 3706 5331 ἐκποδὼν

2272 5479 2344 5551 (υ)
2396 5477 2596 5549 Nempe
2633 5481 2717 5535 illa
2765 5483 2830 5535 ad
2875 5481 3242 5551 Constantiam
3274 5478 3460 5536 Licinii
3504 5480 3702 5551 ιιτοςεηξ.

2193 5535 2685 5632 ηιιᾲιξωεηιυὲιιιυιξ
2714 5553 2767 5605 in
2798 5535 3092 5632 concil.llr
3117 5550 3373 5632 Μοίρι-ιτ
3413 5551 3463 5610 5,
3488 5535 3701 5632 col.

2212 5608 2226 5621 ’
2263 5621 2342 5692 (a7)
2370 5617 2635 5675 Nimirum
2672 5619 2725 5675 in
2756 5621 3015 5691 synodica
3051 5620 3270 5678 concilii
3311 5608 3460 5673 Alex.
3492 5608 3701 5682 epistola.

2190 5690 2324 5748 Lab.
2354 5691 2556 5747 Concil.
2582 5700 2622 5747 ι.
2649 5690 2689 5758 Ι,
2720 5693 2825 5746 col.
2854 5689 2978 5746 ΒΗ.
