3882 6162
197 313 297 373 849
879 315 1443 380 APOLOGETICUS
1482 321 1730 381 MINOR
1770 323 1920 383 PRO
1957 325 2219 384 SACRIS
2259 325 2739 386 IMAGINIBUS.
3336 324 3452 384 850

200 418 467 482 γενέσθαι,
503 418 599 472 καὶ
627 419 725 491 τὴν
767 422 990 493 εἰρήνην
1025 427 1329 497 χάριτι,καὶ
1375 430 1595 501 εὐδοκία
1624 431 1760 484 Θεοῦ
1805 433 2173 505 βραϐευθῆναι
2220 437 2277 489 ἐν
2340 438 2479 507 αὐτῇ
2513 439 2593 499 εἰς
2653 438 2778 500 τοὺς
2831 435 3029 498 αἰῶνας
3061 436 3169 489 τῶν
3208 433 3444 488 αἰώνων.

210 515 399 584 Ἀμήν.

208 677 570 690 —-—-————_

1021 821 1246 876 ETEPA
1284 824 1642 880 ΔΠΟΔΕΙΞΙΣ
1679 823 1842 880 ΠΕΡΙ
1880 826 2018 880 ΤΩΝ
2052 826 2257 880 ΑΓΙΩΝ
2297 825 2622 880 ΕΙΚΟΝΩΝ.

691 1130 855 1202 276
895 1133 1214 1195 ALTERA
1258 1135 1902 1198 DEMONSTRATIO
1949 1133 2054 1194 DE
2097 1131 2425 1194 SANCTIS
2471 1127 2958 1191 IMAGINIBUS.

264 1295 368 1346 Τὸν
397 1295 493 1347 Eva
520 1294 756 1363 Χριστὸν
777 1294 1152 1364 ὁμολογοῦμεν
1174 1295 1406 1365 ἀόρατον
1434 1297 1527 1349 καὶ
1554 1297 1766 1366 ὁρατὸν,

1947 1295 2122 1349 Unum
2153 1292 2430 1347 Christum
2456 1289 2776 1344 confitemur
2815 1289 3139 1345 invisibilem
3172 1298 3227 1343 et
3260 1289 3446 1343 visibi-

197 1386 578 1456 ἀκατάληπτον
635 1387 730 1438 καὶ
777 1385 1160 1456 καταληπτὸν,
1209 1389 1626 1458 ἀπερίγραπτον
1673 1387 1768 1441 καὶ

198 1477 601 1546 περιγραπτὸν,
634 1477 822 1545 ἀπαθῆ
852 1494 912 1528 τε
947 1478 1042 1530 καὶ
1069 1477 1336 1548 παθητὸν,
1359 1477 1639 1546 ἀγραπτον
1673 1477 1770 1530 καὶ

195 1568 470 1638 γραπτὸν
523 1568 616 1620 καὶ
647 1568 1118 1638 ἀναθεματίζομεν
1163 1571 1290 1634 τοὺς
1345 1571 1587 1624 ἐναντίον
1639 1588 1769 1641 φρο-

194 1657 441 1722 νοῦντας,
455 1657 764 1728 ὁμόφρονας
784 1657 878 1711 καὶ
895 1658 1236 1727 συνίστορας,
1255 1661 1344 1729 ὑφ’
1361 1653 1436 1714 ὧν
1456 1662 1596 1730 ὁτῆς
1617 1661 1770 1724 Θείας

194 1745 517 1816 ἐνανθρωπή
528 1764 664 1808 σεως
688 1747 844 1815 λόγος
871 1749 1013 1801 κατὰ
1041 1751 1344 1818 φαντασίαν
1367 1753 1651 1819 γεγονέναι
1675 1751 1770 1804 καὶ

193 1836 414 1904 δόκησιν
446 1836 732 1900 ἐδοξάζετο
753 1853 768 1868 ο
798 1838 887 1891 διὰ
916 1842 1016 1909 τῆς
1047 1841 1384 1910 ἀναιρέσεως
1421 1841 1522 1912 τῆς
1559 1843 1769 1904 εἰκόνος

191 1927 284 1980 τοῦ
309 1926 554 1997 Χριστοῦ
580 1929 674 1980 καὶ
702 1929 956 1998 Σωτῆρος
977 1931 1155 2000 ἡμῶν,
1186 1933 1650 2002 ὲναναιρουμένης
1674 1933 1767 1984 καὶ

191 2014 290 2084 τῆς
332 2017 716 2088 ἀληθεστάτης
765 2019 933 2073 αὐτοῦ
979 2023 1074 2075 καὶ
1130 2021 1390 2094 θεοφόρου
1441 2023 1642 2091 σαρκὸς
1673 2025 1768 2077 καὶ

194 2107 412 2175 μορφῆς
434 2124 447 2136 ·
481 2108 643 2177 διχῶς
675 2109 784 2179 γὰρ
818 2109 1110 2180 νοούμενον
1147 2113 1254 2164 πᾶν
1285 2112 1346 2164 τὸ
1382 2112 1652 2182 μηδαμῶς
1691 2113 1766 2165 εἱ-

191 2198 501 2261 κονίζεσθαι
555 2200 888 2270 πεφυκὸς,ἢ
935 2202 1010 2265 ὡς
1066 2203 1140 2274 μὴ
1193 2202 1270 2268 ὃν,
1306 2205 1340 2272 ἢ
1393 2204 1468 2267 ὼς
1523 2203 1582 2256 ὃν
1642 2203 1765 2275 μὲν,

190 2288 390 2356 ἥκιστα
452 2289 509 2341 δὲ
554 2290 1132 2361 καταλαμϐανόμενον,
1167 2293 1246 2356 ὡς
1289 2294 1521 2364 ἀόρατόν
1567 2311 1628 2347 τε
1671 2294 1765 2348 καὶ

190 2377 448 2446 κρύφιον,
501 2378 765 2449 ὁπότερον
794 2379 860 2434 ἄν
896 2398 981 2443 τις
1025 2383 1119 2434 ἐπὶ
1149 2383 1390 2453 Χριστοῦ
1422 2385 1515 2436 τοῦ
1545 2381 1776 2439 πάντων

189 2467 343 2536 ἡμῶν
369 2469 510 2522 Θεοῦ
540 2470 634 2522 καὶ
655 2471 910 2541 Σωτῆρος
942 2471 1176 2538 δοξάσει,
1210 2475 1312 2526 οὐκ
1351 2473 1554 2545 ἀσεϐὴς
1579 2491 1765 2544 φωρα-

188 2557 414 2626 θήσεται
439 2558 869 2628 προδηλότατον;
896 2560 969 2612 Τὸ
1001 2561 1098 2629 μὲν
1127 2561 1259 2631 γὰρ,
1289 2561 1351 2614 τὸ
1378 2561 1454 2632 μὴ
1479 2563 1764 2630 γεγονέναι

1874 1389 2004 1451 lem,
2060 1379 2604 1453 incou'iprehensilen‘t
2651 1389 2707 1434 et
2754 1382 3322 1450 comprehensibilem,
3359 1383 3444 1435 in-

1870 1475 2348 1542 circumscriptum
2412 1481 2466 1526 ct
2507 1470 3006 1539 circumscriptum,
3053 1470 3443 1540 impassibilem

1871 1578 1925 1621 et
1963 1565 2297 1636 passibilem,
2329 1579 2433 1616 non
2465 1561 2840 1616 delineandnm
2891 1559 3054 1615 simul
3086 1569 3141 1617 et
3167 1561 3444 1614 detinean-

1871 1663 2020 1714 dum.
2082 1651 2628 1712 Anathematizamus
2683 1659 2865 1704 autem
2924 1660 3324 1706 consectaneus
3391 1659 3448 1703 et

1870 1747 2246 1816 conspirantes
2297 1743 2392 1810 qui
2440 1742 2774 1795 contrariam
2833 1741 3156 1796 sententiam
3208 1749 3460 1810 gerunt,,

1869 1855 1899 1894 a
1959 1838 2158 1908 quibus
2210 1835 2406 1890 divinae
2460 1833 2854 1889 incarnationis
2906 1835 3047 1888 ratio
3100 1834 3447 1892 existimatur

1868 1929 2238 2000 pltanstaStica
2295 1935 2351 1979 et
2426 1924 2697 1992 putativa;
2757 1938 2787 1976 a
2855 1925 3052 1993 quibus
3111 1925 3243 1979 item
3320 1942 3443 1981 cum

1871 2018 2120 2087 imaginis
2151 2015 2346 2072 Clu-isti
2391 2013 2696 2069 Servatoris
2742 2015 2910 2068 nostri
2945 2015 3259 2080 abolitione,
3294 2017 3442 2086 ejus-

1866 2108 1988 2162 dem
2044 2108 2246 2176 pariter
2299 2105 2580 2160 verissima
2625 2113 2679 2158 et
2732 2103 2938 2158 deifera
2988 2119 3116 2159 caro
3155 2115 3210 2160 et
3267 2106 3441 2162 forma

1868 2199 2187 2255 destruitur.
2221 2197 2354 2251 Nam
2398 2212 2518 2251 cum
2579 2196 2868 2264 dupliciter
2921 2196 3126 2264 aliquid
3185 2212 3282 2249 ceu
3339 2198 3440 2250 mi-

1869 2291 2014 2344 nime
2089 2289 2430 2357 ﬁgurandum
2483 2287 2785 2341 existimari
2841 2287 3048 2354 possit;
3110 2302 3301 2356 nempe
3357 2288 3442 2342 vel

1865 2380 1991 2450 quia
2034 2380 2238 2434 nullum
2283 2389 2402 2443 est;
2434 2378 2514 2432 vel
2542 2378 2665 2447 quia
2719 2387 2800 2432 est
2854 2379 3096 2447 quidem,
3129 2378 3222 2432 sed
3260 2387 3441 2433 tamen

1867 2469 2248 2540 comprehendi
2286 2470 2699 2538 nequit,utpote
2745 2467 3016 2523 invisibile
3045 2478 3099 2523 et
3143 2484 3436 2536 arcanum;

1867 2563 2184 2618 utrumlibet
2229 2565 2280 2618 in
2325 2563 2543 2617 Christo
2585 2564 2828 2617 omnium
2883 2573 3192 2619 nostrorum
3237 2565 3348 2619 Deo
3378 2581 3442 2620 ac

187 2647 326 2699 κατά
369 2647 640 2718 ἀλήθειαν
687 2649 976 2719 ἄνθρωπον
1027 2652 1118 2704 τὸν
1167 2653 1514 2723 Ἐμμανουὴλ
1567 2653 1796 2705 διαδείοι

1869 2654 2162 2710 Servatore
2217 2655 2482 2724 quispiam
2529 2656 2824 2718 existimet,
2860 2669 3040 2708 nonne
3106 2655 3439 2710 manifestis-

187 2755 374 2791 κνυσι·
416 2737 478 2790 τὸ
517 2739 592 2802 δὲ,
640 2741 926 2808 γεγονέναι
980 2742 1098 2812 μὲν,
1151 2742 1504 2814 ὲξεστηκέναι
1546 2744 1602 2797 δὲ
1656 2743 1764 2798 τῶν

186 2827 548 2898 ἀνθρωπίνων
613 2829 916 2902 ἰδιοτήτων,
995 2835 1092 2886 καὶ
1168 2835 1268 2904 τὴν
1324 2835 1764 2904 προσληφθεῖσαν

189 2919 564 2973 ἁποϐαλέσθαι
597 2920 796 2990 σάρκα,
848 2923 945 2974 καὶ
979 2922 1116 2994 πρὸς
1167 2921 1265 2994 τὴν
1301 2924 1452 2978 Θείαν
1494 2925 1765 2996 ἀκαταλη-

187 3010 334 3079 ψίαν,
363 3011 549 3080 πάντη
594 3029 652 3064 τε
689 3013 784 3065 καὶ
812 3009 970 3077 αὖθις
1013 3013 1348 3085 ἀναδραμεῖν
1371 3031 1387 3047 ο
1421 3017 1558 3086 ὅπερ
1607 3016 1765 3070 ἀλλό-

186 3101 334 3169 τριόν
365 3102 492 3153 ἐστι
525 3100 718 3154 πασῶν
749 3101 858 3155 τῶν
882 3103 1259 3158 θεοπνεύστων
1292 3105 1547 3176 Γραφῶν,
1582 3108 1640 3160 αἶ
1671 3108 1764 3160 καὶ

188 3191 349 3244 πάλιν
384 3191 552 3244 αὑτὸν
583 3191 906 3261 ἐληλυθέναι
935 3193 1119 3267 [φασὶ]
1165 3195 1356 3266 κριτὴν
1381 3178 1628 3267 δηλονότι
1655 3198 1763 3251 τῶν

189 3283 320 3336 ὅλων
347 3283 498 3337 κατά
527 3282 595 3336 τά
633 3283 774 3337 αύτά
807 3285 903 3337 καὶ
943 3285 1204 3350 ὡσαύτως
1243 3287 1672 3358 θεαθῆσόμενον,
1705 3291 1762 3343 ὃν

188 3375 388 3444 τρόπον
418 3373 618 3445 ἐθεάθη
652 3377 766 3438 τοῖς
802 3376 1073 3445 μαθηταῖς
1117 3379 1282 3432 αὐτοῦ
1315 3383 1408 3434 καὶ
1440 3382 1762 3445 ἀποστόλοις

191 3468 267 3527 εἰς
297 3466 569 3535 οὐρανοὺς
599 3465 1120 3538 ἀναλαμϐανόμενος
1140 3486 1153 3499 ·
1197 3473 1293 3540 τῆς
1334 3472 1391 3523 δὲ
1414 3473 1764 3546 Μανιχαϊκῆς

189 3556 342 3626 δόξης
391 3559 492 3611 καὶ
537 3559 857 3623 δυσσεϐείας
887 3561 949 3612 τὸ
989 3561 1230 3614 τοιοῦτόν
1276 3564 1424 3616 ἐστιν
1458 3565 1763 3632 ἀνάμεστον

192 3647 636 3716 φρενοϐλαϐοῦς·
695 3651 790 3703 καὶ
827 3650 957 3719 περὶ
983 3650 1147 3702 αὐτοῦ
1189 3650 1250 3702 τὸ
1283 3650 1377 3702 τοῦ
1421 3650 1565 3704 θείου
1603 3653 1765 3706 Δαϐὶδ
1798 3725 1804 3731 _

192 3738 632 3808 προσφθέγγεται
689 3740 870 3806 λόγιον
931 3741 993 3793 τὸ
1031 3741 1258 3810 φάσκον,
1332 3743 1434 3795 Ἑν
1489 3742 1568 3808 τῷ
1615 3745 1766 3808 ἡλίῳ

189 3827 352 3882 ἔθετο
382 3829 452 3882 τὸ
491 3830 782 3899 σκήνωμα
815 3832 1024 3894 αὑτοῦ,
1055 3831 1152 3901 τὴν
1187 3832 1459 3902 ἀποϐολὴν
1506 3835 1598 3887 καὶ
1632 3836 1764 3888 ἀπό-

193 3918 338 3972 θεσιν
364 3920 749 3990 αἰνιττόμενον
787 3921 878 3975 τοῦ
924 3922 1207 3992 Κυριακοῦ
1271 3923 1474 3994 δηλαδὴ
1509 3927 1602 3978 καὶ
1649 3925 1762 3979 θεο-

192 4011 354 4081 φόρου
389 4011 665 4081 σώματος.

252 4254 271 4282 ¹
309 4254 430 4309 Act.
473 4267 514 4318 ι,
547 4255 630 4308 ll.
671 4252 690 4284 ³
722 4250 865 4309 Psal.
901 4269 1055 4320 xvm,
1083 4255 1136 4311 6.

1867 2741 2005 2796 sime
2055 2742 2254 2813 impius
2305 2741 2604 2797 eritham
2655 2743 2826 2812 prima
2862 2743 3078 2811 quidem
3119 2744 3302 2810 opinio
3346 2745 3441 2800 de-

1869 2842 2191 2887 monstraret
2220 2831 2627 2888 Emmanuelem
2657 2833 2796 2886 haud
2832 2848 2960 2887 vere
3002 2831 3206 2886 factum
3263 2834 3440 2888 homi-

1867 2939 2024 2989 nem;
2057 2923 2226 2978 altera
2248 2923 2448 2978 factum
2469 2939 2600 2979 sane
2633 2925 3042 2987 hominem,sed
3071 2934 3252 2979 tamen
3283 2935 3438 2980 extra

1869 3014 2132 3069 humanas
2154 3015 2518 3084 proprietates
2541 3013 2730 3082 fuisse,
2760 3018 2831 3085 et}
2851 3023 3186 3082 assumptam
3217 3030 3440 3070 carnem

1867 3103 2151 3172 abiecisse,
2182 3115 2346 3174 atque
2375 3106 2442 3159 ad
2465 3104 2702 3160 divinam
2735 3105 3436 3174 inconnprebensibilitatem

1869 3211 2056 3250 rursus
2087 3197 2309 3251 omnino
2334 3196 2576 3250 rediisse.
2609 3195 2762 3261 Quod
2810 3196 3020 3250 cunctis
3070 3197 3293 3251 omnino
3355 3196 3440 3251 in-

1869 3285 2090 3355 spiratis
2137 3283 2433 3353 Seriptnris
2464 3285 2697 3340 alienum
2725 3296 2831 3349 est,
2876 3300 2997 3353 qua:
3050 3295 3213 3340 etiam
3263 3286 3437 3340 denuo

1868 3392 1990 3432 eum
2034 3367 2382 3432 reversurum
2423 3377 2618 3444 aiunt,
2665 3375 2904 3444 judicem
2981 3375 3192 3430 scilicet
3250 3375 3437 3430 eodem

1867 3469 2026 3523 modo
2056 3469 2430 3538 conspicuum,
2456 3483 2564 3538 quo
2601 3469 2747 3523 visus
2796 3467 2899 3521 fuit
2941 3467 3224 3536 discipulis
3277 3479 3440 3536 atque

1867 3559 2126 3629 apostolis
2191 3575 2313 3613 cum
2353 3560 2406 3612 in
2453 3560 2650 3613 emtum
2704 3566 3076 3613 assumeretur
3125 3559 3169 3610 ’.
3203 3554 3436 3612 Contra-

1868 3649 2004 3701 rium
2024 3647 2220 3716 quippe
2250 3658 2613 3701 commentum
2647 3647 2944 3702 manicbaza
2985 3647 3230 3701 doctrina
3255 3655 3311 3699 et
3351 3647 3432 3699 in-

1867 3755 1994 3794 sana
2027 3739 2302 3806 impietate
2321 3745 2531 3792 scatet:
2566 3741 2633 3791 de
2654 3752 2761 3804 quo
2795 3737 2901 3790 divi
2938 3736 3156 3790 Davidis
3179 3737 3438 3791 recitatur

1869 3831 1936 3884 ab
1972 3830 2241 3884 ltzereticis
2273 3829 2472 3883 dictum
2503 3828 2630 3881 illud
2665 3846 2678 3881 :
2727 3827 2790 3880 In
2817 3830 2925 3881 sole
2965 3831 3136 3896 posuit
3188 3830 3436 3880 taberna-

1870 3921 2041 3975 culum
2088 3937 2238 3973 suum
2279 3920 2333 3984 ³;
2365 3917 2559 3986 quibus
2596 3918 2776 3972 verbis
2815 3918 3216 3996 depositionem
3274 3927 3436 3984 atque

1871 4009 2228 4076 abjemionem
2299 4007 2560 4064 Dominici
2611 4006 2909 4077 deit'erique
2979 4006 3226 4074 corporis
3285 4005 3433 4058 innui

1871 4103 2080 4157 dicunt.
