3928 6166
260 337 368 397 853

1723 334 1884 393 CANI

1984 335 2089 394 ES.
3416 332 3522 394 854

333 443 445 494 ΙΒ..
501 440 561 493 '0
623 440 1008 510 χειορισάμενος
1056 440 1150 494 τὸν
1197 443 1393 495 ἑαυτοῦ
1447 443 1695 513 πατέρα,
1753 444 1884 503 καὶ,

2029 442 2143 496 XII.
2187 442 2288 508 Qui
2326 442 2617 512 pulsaverit
2649 451 2858 510 patrem
2889 456 3044 494 suum
3072 449 3122 495 et
3159 451 3347 511 sponte
3372 444 3521 494 occi-

260 533 590 595 ἀποκτείνας
641 532 925 593 ἑκουσίως,
962 532 1030 584 τὰ
1066 531 1160 584 τοῦ
1193 532 1356 601 φόνου
1403 533 1658 602 ἐπιτίμια
1693 534 1842 585 τελέ-

261 643 347 676 σει
377 625 470 693 ἐτη
506 623 797 694 τριάκοντα
825 623 1006 676 πέντε.

334 717 434 770 II".
466 715 622 767 Κατὰ
660 715 986 785 περίστασιν
1014 718 1108 768 καὶ
1139 716 1368 786 μοναχὸς
1391 716 1537 780 λιτὸς
1565 716 1840 786 βαπτίζει,

259 805 524 869 ὡσαύτως
555 807 649 860 καὶ
672 807 920 870 διάκονος
945 808 1084 861 κατὰ
1111 808 1433 878 περίστασιν
1465 808 1740 876 βαπτίζει.

334 900 432 953 IA'.
493 897 615 950 Ἐὰν
655 898 798 951 κατὰ
856 898 1079 965 ἄγνοιαν
1129 899 1410 969 πληθυνθῇ
1469 902 1843 970 ἁντιμίνσιον,

259 991 322 1042 οὐ
367 989 678 1058 μολύνεται.
745 991 802 1042 '0
837 990 944 1061 γὰρ
982 991 1252 1061 ἁγιασμὸς
1306 993 1366 1043 ὲν
1416 990 1566 1060 αὑτῷ
1605 993 1741 1043 ἐστι.
1773 992 1846 1044 Τὸ

261 1080 371 1148 γὰρ
404 1079 548 1149 ἱερὸν
569 1119 583 1140 ,
616 1081 814 1149 μιαρὸν
841 1082 902 1134 οὐ
933 1081 1161 1148 γίνεται.

335 1171 438 1224 ιε’.
485 1172 546 1223 Οἱ
582 1171 692 1224 ἀπὸ
716 1172 1044 1234 παλλακίδος
1080 1173 1175 1226 καὶ
1219 1174 1476 1243 πορνείας
1501 1177 1594 1228 καὶ
1628 1175 1735 1228 ἀπὸ
1770 1177 1845 1228 δι-

261 1264 462 1328 γάμων
509 1263 604 1316 καὶ
648 1263 758 1315 ἀπὸ
786 1263 1092 1332 τριγαμίας
1137 1265 1446 1332 τικτόμενοι
1484 1266 1704 1328 παῖδες,
1754 1265 1846 1318 ἐὰν

263 1352 513 1422 φανῶσιν
554 1353 758 1421 ἀρετὰς
786 1352 1002 1423 ἔχοντες
1021 1397 1036 1417 ,
1058 1355 1152 1408 καὶ
1180 1354 1317 1407 εἰσὶν
1350 1355 1489 1420 ἄξιοι
1523 1355 1845 1426 ἱερωσύνης,

262 1462 351 1514 χει
360 1443 806 1513 ροτονείσθωσαν.

344 1533 460 1602 ις’.
492 1536 614 1606 Χρὴ
638 1535 707 1588 τὰ
737 1536 1050 1590 ἀϐάπτιστα
1080 1537 1272 1608 νήπια,
1302 1538 1397 1591 ἐὰν
1427 1537 1628 1608 εὑρεθῇ
1662 1555 1746 1600 τις
1770 1538 1852 1600 εἰς

265 1629 436 1680 τόπον
472 1628 548 1698 μὴ
565 1630 719 1692 ὄντος
755 1631 968 1698 ἱερέως,
993 1630 1380 1700 βαπτισθῆναι.
1421 1633 1483 1684 Et
1513 1632 1767 1701 βαπτίσει
1793 1631 1850 1684 δὲ

266 1721 365 1774 καὶ
414 1720 443 1770 ὀ
474 1719 604 1782 ἴδιος
637 1720 820 1791 πατὴρ
844 1761 857 1784 ,
888 1720 922 1791 ἢ
956 1721 1277 1791 οἱοσδήποτε
1307 1722 1632 1793 ἅνθρωπος,
1689 1722 1850 1794 μόνον

258 1811 360 1863 ἵνα
393 1809 511 1862 ἐστὶ⁸
539 1810 866 1880 Χριστιανὸς
887 1849 902 1875 ,
934 1812 1035 1866 οὐκ
1063 1812 1209 1866 ἔστιν
1237 1813 1504 1884 ἁμαρτία.

342 1903 440 1956 ΙΖ’.
495 1902 625 1957 ,“Οτι
678 1905 740 1955 οὐ
785 1905 893 1974 χρὴ
949 1905 1292 1975 μεταδιδόναι
1342 1908 1456 1968 τοῖς
1511 1906 1850 1976 λαμϐάνουσι

265 1996 465 2058 τόκον,
515 1994 549 2063 ἢ
609 1996 911 2050 συνεσθίειν
960 1998 1175 2065 αὐτοῖς,
1213 1998 1534 2069 ἐπιμένουσι
1571 2003 1642 2072 τῇ
1669 2017 1851 2072 παρα,-

265 2086 456 2156 νομίᾳ.

292 2246 3409 2274 W

1945 533 2110 594 derit,
2159 533 2317 586 annis
2363 533 2582 602 triginta
2625 531 2863 600 quinque
2915 534 3074 601 deget
3106 531 3158 586 in
3215 531 3388 600 pmnis
3423 533 3522 584 bo-

1948 623 2174 675 micidm.

2027 712 2164 766 XIII.
2193 713 2366 766 Etiam
2393 712 2622 781 simplex
2653 715 2956 768 monachus
2978 731 3040 768 ex
3066 730 3228 769 causa
3259 717 3522 786 baptizat.

1948 815 2006 857 ut
2045 813 2098 857 et
2131 805 2415 859 diaconus.
3204 811 3210 815 ’

2022 893 2164 950 χεν.
2203 896 2261 950 Si
2305 897 2683 950 antiminsium
2722 912 2818 965 per
2849 897 3211 967 ignorantiam
3247 897 3526 967 impletum

1948 987 2040 1052 sit,
2093 1001 2197 1040 non
2246 986 2525 1055 polluitur.
2574 986 2946 1041 Sanctiticatio
2996 988 3139 1041 enim
3189 988 3241 1042 in
3305 1004 3369 1042 eo
3421 999 3524 1043 est.

1951 1077 2177 1132 Sacrum
2225 1080 2394 1145 enim,
2424 1079 2694 1148 impurum
2723 1096 2828 1134 non
2862 1079 3110 1134 edicitur.

2025 1169 2139 1224 XV.
2184 1170 2284 1236 Qui
2322 1186 2388 1225 ex
2428 1173 2732 1226 concubina
2766 1182 2820 1226 et
2848 1182 3052 1238 scorto,
3100 1182 3154 1227 et
3187 1188 3251 1227 ex
3296 1173 3526 1242 bigamis

1949 1274 2004 1319 et
2037 1264 2282 1334 lrigarnis
2335 1263 2445 1317 nati
2481 1273 2629 1328 sunt,
2685 1264 2732 1317 si
2772 1265 3066 1320 virtutibus
3119 1266 3327 1334 praaditi
3360 1281 3526 1336 appa-
3567 1327 3575 1335 ,

1953 1367 2127 1420 reant,
2167 1365 2223 1410 et
2248 1357 2357 1410 sint
2388 1357 2697 1410 sacerdotio
2726 1357 2893 1426 digni,
2924 1358 3264 1412 ordinentur.

2025 1536 2164 1591 XVI.
2208 1536 2448 1592 Infantes
2481 1553 2586 1592 non
2614 1537 2918 1608 baptizatos
2949 1541 3245 1609 oportet,si
3275 1555 3380 1609 quo
3410 1541 3532 1595 loco

1955 1630 2263 1698 reperiatur
2314 1630 2460 1698 quis.
2502 1631 2592 1685 ubi
2634 1646 2740 1684 non
2786 1631 2856 1684 sit
2916 1633 3193 1699 sacerdos,
3245 1632 3529 1702 baptizars.

1954 1722 2108 1787 Quod
2160 1723 2204 1776 si
2250 1722 2333 1776 vel
2387 1730 2574 1790 pater,
2610 1733 2703 1776 aut
2746 1723 2975 1792 quilibet
3027 1724 3184 1791 alius,
3243 1726 3401 1778 modo
3465 1727 3532 1779 sit

1959 1813 2325 1877 Christianus,
2361 1813 2618 1882 baptizet,
2651 1823 2932 1882 peccatqu
2969 1831 3074 1868 non
3111 1817 3423 1869 committit.

2036 1901 2197 1957 XVII.
2239 1902 2470 1957 Usuram
2504 1903 2895 1972 accipientibus
2937 1920 3042 1958 non
3077 1914 3203 1959 sunt
3225 1905 3530 1974 elargienda

1960 2001 2298 2050 sacramenta
2331 2010 2343 2045 :
2381 2006 2479 2046 nec
2499 2007 2623 2046 cum
2659 1995 3132 2059 perseverantibus
3159 1995 3210 2050 in
3250 1995 3534 2064 iniquitate

1963 2083 2330 2143 communiter
2366 2083 2521 2136 cibus
2560 2085 2876 2139 sumendus.

3411 2247 3460 2264 .-

2295 2290 2361 2352 /

1598 2353 2295 2456 APP-ENDIX"

1110 2543 1219 2607 AD
1256 2541 1625 2606 CANONES
1671 2539 2108 2602 NICEPHORI
2145 2540 2711 2603 PATRIARCHIE.

1390 2695 1482 2756 (Ex
1512 2693 1687 2757 Suppl.
1726 2689 1900 2752 Mansi,
1931 2696 2052 2744 tom.
2086 2692 2124 2752 Ι,
2150 2704 2262 2754 pag.
2298 2690 2432 2752 805.)

353 2929 540 2985 Sancti
571 2927 863 2998 Nicephori
889 2929 1478 3001 Constantinopolitani
1509 2931 1859 3003 patriarchae,

275 3028 336 3073 et
356 3021 675 3074 orthodoxa:
696 3021 761 3074 de
779 3021 1131 3077 veneratione
1147 3033 1457 3077 sanctarum
1479 3023 1775 3092 imaginum
1802 3021 1864 3076 [l-

1975 2940 2215 2984 canones
2245 2924 2320 2979 illi
2348 2922 2582 2979 extracti
2618 2929 2766 2986 sunt,
2817 2930 2870 2975 ct
2897 2921 3120 2992 quinam
3167 2927 3380 2974 exstent
3414 2919 3544 2972 editi

1972 3020 2026 3073 in
2049 3018 2180 3072 .Iure
2209 3016 2399 3072 Graeco
2425 3015 2669 3069 Romano
2690 3022 2744 3067 et
2772 3011 2936 3080 alibi;
2963 3013 3054 3082 qui
3084 3026 3212 3065 vero
3235 3026 3291 3065 se
3314 3012 3546 3079 primum

277 3109 369 3164 dei
391 3109 719 3164 confessoris
737 3110 1441 3180 egregii,canones,quosin
1458 3113 1628 3166 variis
1646 3111 1865 3183 synodis
1893 3140 1936 3197 ρ
1972 3120 2196 3164 eruente
2221 3107 2473 3175 prodant.
2508 3106 2777 3161 Caeterum
2813 3104 3074 3158 obscuros
3113 3101 3232 3156 illos
3267 3104 3423 3166 ritus,
3457 3099 3548 3169 qui

278 3203 397 3254 suis
427 3201 667 3254 condidit
700 3216 764 3255 ex
795 3203 920 3271 jure
946 3202 1136 3257 Graaco
1171 3201 1422 3256 Romano
1447 3213 1737 3271 excerptos
1764 3203 1862 3258 de-

281 3291 365 3342 dit
403 3289 655 3344 Labbeus
695 3301 825 3346 tom.
868 3289 964 3356 IX,
1015 3308 1138 3361 pag.
1170 3292 1300 3359 387,
1333 3291 1556 3348 Veneta:
1584 3294 1859 3350 editionis.

282 3381 394 3434 Sed
426 3397 546 3434 cum
591 3380 662 3435 ibi
710 3381 882 3436 mutili
915 3390 970 3437 et
1022 3383 1151 3437 hinc
1199 3383 1326 3456 inde
1366 3385 1606 3454 excerpti
1647 3400 1868 3455 compa-

285 3481 486 3537 reant;
529 3472 648 3526 ideo
673 3472 996 3542 iutegriores
1031 3473 1153 3529 illos
1185 3475 1238 3528 in
1283 3491 1442 3542 nova,
1479 3476 1525 3530 si
1558 3490 1678 3543 quae
1699 3477 1866 3529 ador-

284 3576 536 3630 naretur,
600 3564 931 3621 Collectione
993 3567 1361 3622 Conciliorum
1399 3575 1662 3637 optarunt
1730 3568 1866 3622 buc-

288 3672 464 3725 usque
503 3656 706 3710 habere
756 3657 952 3711 eruditi
987 3676 1002 3712 :
1037 3673 1215 3727 neque
1261 3671 1350 3712 res
1380 3669 1497 3711 erat
1542 3656 1821 3726 deplorata
1849 3698 1863 3722 ,

287 3763 416 3800 eum
466 3746 619 3815 plura
662 3755 850 3800 essent
890 3748 1162 3800 volumina
1219 3761 1445 3811 excusa,
1499 3748 1642 3800 unde
1691 3747 1871 3816 colligi

288 3835 619 3902 potuissent,
651 3846 706 3888 et
739 3835 791 3888 in
842 3836 1059 3889 easdem
1107 3833 1470 3889 Collectiones
1508 3834 1725 3889 referri.
1763 3834 1872 3889 Sed

291 3927 441 3980 hunc
486 3925 726 3980 laborem
783 3923 1016 3980 Venetus
1067 3924 1268 3979 Labbei
1324 3927 1502 3980 editor
1543 3934 1598 3979 et
1651 3929 1870 3995 suppleo

290 4026 602 4071 mentorum
635 4025 826 4070 auctor
855 4015 1073 4085 refugit.
1108 4015 1264 4071 IIunc
1305 4014 1421 4084 ejus
1473 4017 1742 4071 delectum
1788 4017 1877 4072 hic

305 4108 670 4177 supplendum
696 4108 850 4174 duxi,
883 4121 1120 4162 canones
1148 4106 1270 4162 illo's
1293 4109 1562 4164 exhibens
1612 4110 1881 4180 integrio-

297 4216 387 4254 res
419 4211 474 4253 et
513 4215 740 4255 numero
781 4201 1038 4269 majores,
1069 4199 1260 4267 quales
1289 4215 1356 4254 ex
1399 4216 1502 4254 ins.
1539 4201 1728 4256 codice
1762 4200 1880 4254 vqu

293 4289 443 4357 gavit
477 4287 780 4344 Cotelerius
805 4287 1132 4342 Monument.
1162 4297 1294 4343 tom.
1326 4287 1392 4341 ΙΙΙ
1413 4328 1429 4354 ,
1469 4303 1592 4358 pag.
1619 4287 1748 4342 M5.
1779 4287 1876 4344 His

299 4395 433 4432 vero
486 4378 730 4448 adjicere
766 4380 940 4434 visum
973 4374 1058 4435 est
1091 4393 1332 4434 canones
1377 4378 1689 4445 nonnullos,
1742 4395 1880 4450 quos

1973 3200 2026 3254 in
2059 3200 2144 3254 his
2176 3200 2474 3254 canonibus
2502 3207 2825 3268 tanguntur,
2863 3195 2906 3250 si
2943 3194 3063 3263 quis
3098 3207 3259 3246 nosse
3297 3192 3547 3255 voluerit,

1973 3290 2133 3344 adeat
2163 3289 2423 3344 Goarium
2457 3289 2510 3342 in
2539 3287 2892 3355 Eucbologio,
2927 3296 2990 3340 et
3019 3284 3284 3354 Cauginm
3317 3284 3366 3337 in
3391 3283 3549 3337 Glos-

1971 3383 2118 3439 sario
2181 3382 2507 3438 Graecitatis.
2574 3381 2668 3436 llis
2722 3395 2853 3435 vero
2921 3377 3221 3433 canonibus
3275 3374 3552 3446 suhjnngit

1969 3473 2276 3530 Cotelerius
2330 3473 2616 3543 epistolam
2674 3470 2735 3526 S.
2791 3469 3081 3540 Nicephori
3128 3469 3449 3539 patriarcha:
3501 3476 3551 3522 et

1973 3562 2317 3640 confessoris,
2363 3581 2524 3634 quam
2557 3563 2965 3632 inscriptionem
3018 3563 3071 3616 in
3105 3577 3206 3616 rus.
3241 3561 3428 3616 codice
3470 3574 3555 3612 re—

1974 3665 2151 3735 perit;
2185 3675 2304 3732 quae
2353 3673 2486 3714 sane
2534 3656 2760 3726 epistola
2813 3655 3108 3710 canonicas
3168 3653 3554 3724 responsiones

1976 3757 2042 3810 ad
2078 3750 2537 3822 interrogationes
2576 3747 2860 3815 cujusdam
2891 3747 3136 3801 exhibet.
3166 3747 3265 3799 Diu
3302 3745 3555 3798 multum-

1977 3859 2086 3916 que
2114 3842 2246 3897 htesi
2287 3853 2510 3906 anceps,
2543 3852 2668 3889 num
2697 3836 2836 3888 hanc
2877 3835 3082 3903 pariter
3116 3834 3170 3887 in
3210 3849 3381 3886 meam
3416 3833 3554 3885 hanc

1979 3933 2359 3991 collectionem
2394 3927 2678 3989 referrem,
2724 3925 2932 3978 veritus
2970 3937 3036 3978 ne
3077 3924 3219 3976 forte
3255 3939 3361 3975 non
3395 3921 3555 3976 Nice-

1978 4023 2134 4094 phori
2196 4014 2777 4084 Constantinopolitani
2840 4014 3184 4083 patriarcbm,
3232 4014 3325 4067 sed
3379 4014 3578 4078 potius.

1984 4115 2226 4170 doctoris
2283 4110 2564 4180 cujusdam
2625 4107 2858 4177 privati,
2916 4118 3110 4173 nempe
3161 4103 3220 4158 S.
3286 4103 3554 4157 Theodori

1983 4206 2214 4261 Studita:
2277 4202 2488 4258 sanetio
2553 4200 2802 4254 habenda
2865 4197 2956 4260 sit,
3011 4211 3132 4250 cum
3188 4196 3364 4264 reipsa
3419 4195 3560 4248 inter

1982 4297 2244 4369 epistolas
2295 4295 2355 4349 S.
2401 4290 2671 4347 Theodori
2723 4304 2754 4342 a
2805 4287 3099 4342 Sirmoudo
3159 4287 3333 4339 editas
3385 4286 3559 4339 locum

1983 4403 2140 4444 suum
2179 4385 2436 4440 vindicet.
2490 4383 2686 4438 Verum
2735 4380 2918 4436 omnia
2972 4377 3160 4433 sedulo
3202 4378 3563 4446 perquircndo

300 4472 739 4540 Ilsrmenopulus
775 4473 828 4526 in
862 4487 961 4527 sua
1014 4488 1286 4528 canonum
1323 4472 1562 4542 epitome
1615 4475 1877 4540 servavit,
1911 4466 1957 4521 Ι)
1979 4481 2092 4550 jam
2123 4477 2342 4533 tandem
2371 4475 2704 4545 comperisse
2739 4487 2825 4526 me
2848 4470 3084 4524 arbitror
3105 4468 3390 4537 epistolam
3425 4468 3574 4521 bane

297 4563 366 4616 iis
415 4573 599 4616 tamen
649 4562 931 4632 detractis,
963 4579 1100 4635 quos
1129 4563 1241 4633 jam
1284 4564 1538 4620 Labbeus
1594 4565 1774 4631 dedit;
1813 4581 1876 4619 ex

297 4655 496 4720 quibus
539 4656 792 4709 omnibus
841 4656 1184 4726 ueterisque,
1232 4671 1370 4725 quos
1409 4671 1474 4711 ex
1525 4655 1656 4710 Jure
1691 4655 1880 4712 Graeco

298 4747 549 4800 Romano
591 4744 840 4801 Labbeus
887 4748 1150 4812 corrasit,
1193 4749 1432 4818 integra,
1459 4759 1722 4818 quantum
1766 4749 1881 4804 ﬁeri

324 4839 522 4905 potuit,
547 4836 796 4890 collectio
825 4851 1091 4892 canonum
1124 4836 1417 4906 Nicephori
1473 4841 1799 4910 patriarcha:
1831 4841 1884 4895 in

309 4926 649 4981 Collectione
678 4926 1045 4982 Conciliorum
1075 4929 1359 4984 habeatur.
1388 4928 1709 5000 Quanquam
1752 4945 1882 4986 vero

305 5020 360 5073 in
400 5021 487 5084 iis,
529 5034 666 5088 quos
700 5036 766 5073 ex
795 5020 1066 5075 Cotele‘rio
1101 5020 1339 5077 inferius
1368 5023 1622 5088 exhibeo,
1649 5038 1885 5078 canones

306 5115 525 5180 quidam
559 5122 881 5177 occurrunt,
913 5127 1051 5182 quos
1104 5113 1312 5183 pariter
1342 5116 1511 5170 habes
1556 5115 1697 5184 apud
1739 5113 1878 5169 Lah-

305 5203 470 5257 beum
535 5203 820 5270 repetitos,
884 5203 1215 5258 omittendos
1283 5215 1460 5258 tamen
1515 5222 1621 5260 non
1679 5208 1886 5272 censui,

314 5302 427 5343 tum
461 5305 529 5344 ne
557 5289 950 5345 Collectionem
977 5306 1246 5346 canonum
1281 5291 1597 5364 Nicephori,
1632 5311 1793 5364 quam
1835 5297 1888 5349 in

307 5383 485 5436 veteri
537 5383 725 5437 codice
783 5381 1092 5438 Cotelerius
1140 5383 1405 5452 oﬂ'endit,
1449 5386 1500 5440 in
1557 5387 1738 5456 aliquo
1790 5387 1890 5441 rui-

308 5490 564 5536 nuerem,
603 5490 730 5528 cum
767 5476 928 5528 etiam
963 5477 1014 5528 in
1044 5477 1273 5545 gratiam
1313 5479 1670 5532 accuratioris
1693 5482 1892 5533 versio-

309 5567 404 5620 nis
455 5582 484 5619 a
548 5566 822 5622 Cotelerio
871 5571 1173 5637 adornatas.
1231 5568 1486 5623 Cotelcrii
1549 5586 1676 5624 vero
1736 5581 1890 5626 notas

310 5658 650 5724 atljicicudas
699 5659 922 5714 minime
955 5662 1165 5726 censui,
1200 5664 1344 5731 quod
1400 5663 1532 5716 nihil
1577 5664 1892 5732 plerumque

321 5752 470 5809 aliud
514 5751 712 5816 ferant,
757 5769 915 5820 quant
941 5751 1201 5809 indicium
1235 5756 1562 5824 pluteorum,
1597 5772 1657 5809 ex
1697 5755 1892 5825 quibus

1985 4572 2148 4642 plane
2181 4568 2553 4638 ahnegandam
2614 4577 2735 4618 esse
2770 4562 3100 4631 Nicephoro,
3171 4571 3226 4614 et
3277 4559 3566 4615 Theodoro

1987 4669 2216 4725 Studitze
2258 4663 2628 4720 asserendam.
2665 4661 2719 4714 Id
2753 4658 2886 4713 mihi
2939 4658 3180 4712 indicare
3209 4659 3323 4710 visa
3353 4663 3437 4708 est
3469 4669 3565 4723 pe-

1991 4760 2176 4814 riocha
2239 4757 2325 4810 illa
2357 4769 2464 4824 qua
2514 4749 2747 4820 epistola
2800 4748 3072 4802 clauditur
3128 4764 3140 4799 :
3185 4745 3312 4800 lla’c
3356 4745 3566 4813 quidem

1988 4849 2106 4913 tibi,
2136 4857 2389 4916 tanquam
2419 4842 2684 4908 unanimi,
2720 4850 2767 4895 et
2808 4839 3193 4894 collaboratori
3247 4853 3337 4890 nos
3371 4852 3465 4905 pro
3499 4836 3568 4888 vi-

1993 4940 2138 4993 ribus
2193 4936 2561 5006 explicuimus.
2622 4932 2699 4986 Tu
2732 4949 2850 4987 vero
2896 4941 3005 4985 tute
3059 4929 3337 4997 fratribus,
3374 4928 3463 4996 qui
3521 4937 3568 4978 te

1989 5031 2471 5097 interrogaverunt,
2507 5026 2727 5086 tradita,
2772 5033 2879 5078 etc.
2919 5024 3024 5076 Ista
3069 5020 3285 5087 quidem
3343 5016 3568 5085 mqualis

1997 5130 2127 5177 sunt
2166 5120 2234 5174 ad
2264 5121 2545 5188 aequalem,
2576 5117 2754 5187 qualis
2793 5117 3038 5185 profecto
3079 5121 3197 5163 erat
3250 5108 3560 5164 Methodius

1995 5195 2295 5266 monachus
2355 5209 2460 5279 (cui
2498 5208 2758 5274 inscripta
2816 5206 2932 5258 hazc
2962 5199 3192 5270 cpistola
3227 5200 3368 5262 inter
3398 5211 3563 5266 Opera

1996 5303 2270 5357 Theodori
2309 5301 2533 5354 Studin
2569 5297 2810 5367 legitur),
2857 5310 2983 5363 crga
3016 5293 3262 5347 cmndem
3317 5290 3568 5344 'I‘heodo-

1998 5410 2114 5448 rum
2145 5389 2452 5454 Stutlitdm,
2486 5387 2633 5440 nulla
2667 5400 2794 5438 vero
2827 5383 3105 5454 dignitatis
3141 5381 3376 5451 aequatio
3405 5382 3573 5435 inter-

1997 5485 2193 5538 cedere
2237 5485 2380 5536 inter
2432 5475 2763 5532 Methodium
2817 5485 2871 5528 ct
2911 5475 3280 5542 Nicephorum
3322 5482 3568 5542 poterat;

2001 5548 2170 5642 quare
2193 5590 2254 5627 ca
2279 5573 2521 5640 neglecta
2551 5578 2734 5637 utpote
2754 5566 2998 5621 hominis
3024 5564 3221 5634 privati
3254 5565 3572 5622 monitione.

1998 5682 2102 5718 non
2134 5664 2396 5719 canonica
2423 5663 2660 5732 episcopi
2691 5661 3001 5730 sanctione,
3030 5658 3239 5728 reliqua
3270 5672 3336 5714 cx
3359 5656 3576 5715 Cotele-

2001 5757 2078 5812 rio
2107 5757 2317 5811 damus.
