3882 6162
431 284 539 346 855

1414 242 1418 246 ’
1468 290 1529 349 s.
1569 288 1991 351 NICEPHORI
2027 292 2535 355 PATRIABCHIE
2568 292 2675 352 CP.

3593 289 3690 353 856

434 393 493 447 S.
546 392 915 449 NICEPHORI
962 394 1800 464 CONSTANTINOPOLITANI,
1843 397 2010 454 CON-

2153 402 2253 457 ὈΥ
2294 402 2383 454 ΕΝ
2421 401 2643 454 ΑΓιοιΣ
2679 398 3079 452 ΝΙΚΗΦΟΡΟΥ
3113 394 3691 451 ΚΩΝΣΤΑΝΤΙΝΟΥ-

869 462 1223 533 FESSORIS,
1252 464 1573 522 CANONES

433 572 521 626 Ea:
537 576 908 647 ecclesiasticis
940 576 1414 632 Constitutionibus
1440 580 1607 647 ipsius
1624 589 1674 634 et
1703 590 2009 636 sanctorum

629 644 847 698 Patrum
879 663 998 700 cum
1029 664 1089 701 eo
1113 644 1547 718 congregatarum
1579 649 1805 704 collecti.

2225 472 2514 535 ΠΟΛΕΩΣ,
2552 470 2689 524 ΤΟΥ
2724 467 3216 534 υΜΟΛΟΙἨΤΟΥ,
3257 469 3595 521 ΚΔΝΟΝΕΣ

2124 581 2218 635 Ἐκ
2268 582 2390 638 τῶν
2433 578 2962 645 ἐκκλησιωτικῶν
3001 579 3189 633 αὐτοῦ
3235 578 3569 643 διατάξεων
3600 581 3692 634 καί

2384 650 2505 704 τῶν
2532 650 2656 705 σὺν
2702 648 2864 715 αὐτῷ
2906 650 3091 718 ἁγίων
3117 652 3417 719 Πατέρων.

1629 766 1829 827 (Manet,
1857 763 2039 818 Concil.
2063 768 2100 814 ι.
2128 764 2253 825 XIV,
2285 779 2338 828 p.
2364 763 2498 826 525.)

504 870 545 926 l.
582 872 640 926 Si
674 888 770 942 per
797 873 1160 944 ignorantiam
1208 872 1583 928 antitninsium
1610 874 1782 929 lotum
1816 875 2004 938 fuerit,

432 973 540 1014 non
577 960 780 1015 amittit
805 960 1317 1027 sanctiﬁcationem,
1354 976 1533 1031 neque
1560 962 1844 1031 profanum
1872 962 1954 1017 ﬁt.

502 1048 568 1103 II.
619 1047 875 1118 Bigamus
910 1063 1017 1104 non
1048 1057 1380 1112 coronatur;
1419 1049 1549 1118 quin
1596 1048 1777 1117 potius
1816 1062 2011 1102 censu-

435 1152 553 1190 ram
590 1137 751 1194 habet
788 1154 895 1194 non
927 1138 1263 1209 percipiendi
1284 1137 1632 1192 immaculata
1670 1146 2011 1193 sacramenta

435 1229 647 1285 duobus
675 1229 866 1296 annis;
893 1230 1160 1300 trigamus
1176 1244 1307 1285 vero
1333 1229 1491 1284 annis
1512 1231 1776 1299 quinque.

508 1319 600 1377 III.
634 1322 737 1385 Qui
766 1338 834 1376 ex
875 1322 1203 1378 necessitate
1229 1324 1295 1375 ad
1351 1321 1519 1377 breve
1557 1314 1766 1390 tempus
1810 1322 1862 1374 in
1910 1320 2013 1375 Ec-

439 1415 625 1470 clesiae
650 1413 925 1469 Narthece
950 1415 1287 1467 mansionem
1318 1410 1531 1475 fecerit,
1549 1426 1658 1466 non
1682 1411 2015 1466 condemna-

439 1518 533 1561 tur
566 1522 581 1559 :
613 1507 756 1574 quod
785 1506 829 1560 si
854 1505 1126 1560 manserit
1154 1504 1270 1570 diu,
1305 1504 1422 1573 ipse
1441 1504 1659 1573 quidem
1689 1518 1809 1557 cum
1841 1502 2016 1571 poenis

437 1594 910 1664 peenitentialibus
962 1595 1234 1664 ejicietur,
1275 1593 1536 1664 templum
1588 1607 1720 1648 vero
1758 1608 1880 1664 quae
1913 1607 2014 1648 sua

440 1694 568 1739 sunt
595 1686 841 1755 recipiet.

2184 873 2263 926 A'.
2308 872 2435 926 Ἐὰν
2482 871 2625 926 κατὰ
2661 871 2886 940 ἄγνοιαν
2932 869 3109 939 πλυθῇ
3142 869 3491 938 ἀντιμίνσιον
3523 880 3571 934 ε,
3601 867 3696 921 οὐκ

2115 963 2439 1018 ἀποτίθεται
2468 963 2561 1016 τὸν
2588 962 2866 1032 ἀγιασμὸν
2885 1001 2901 1027 ,
2928 960 3052 1014 οὐδὲ
3079 958 3311 1029 βέϐηλον
3339 957 3580 1026 γίνεται.

2186 1057 2263 1109 B’.
2307 1055 2366 1109 '0
2411 1055 2644 1124 δίγαμος
2687 1056 2751 1108 οὑ
2784 1051 3148 1121 στεφανοῦται
3174 1069 3187 1082 ·
3222 1050 3366 1105 ἀλλὰ
3393 1051 3492 1104 καὶ
3530 1051 3697 1103 issu-to

2124 1147 2290 1215 μᾶται
2331 1144 2409 1216 μὴ
2439 1144 2762 1215 μεταλαϐεῖν
2786 1143 2896 1197 τῶν
2920 1144 3211 1214 ἀχράντων
3253 1141 3581 1213 μυστηρίων
3607 1143 3695 1211 ἐτη

2116 1236 2211 1289 δύο
2234 1254 2248 1268 ο
2275 1239 2304 1290 ὁ
2326 1236 2381 1289 δὲ
2402 1237 2675 1307 τρίγαμος
2712 1234 2810 1305 ἐτη
2841 1237 3030 1289 πέντε.

2190 1326 2229 1377 Γ
2230 1332 2264 1379 ’.
2315 1327 2376 1379 '0
2414 1325 2475 1391 ἐξ
2509 1326 2758 1397 ἀνάγκης
2794 1327 2881 1379 ἐπ’
2913 1325 3096 1394 ὀλίγον
3127 1326 3321 1396 χρόνον
3365 1327 3426 1378 ὲν
3464 1325 3546 1396 τῷ
3576 1326 3696 1396 νάρ-

2117 1416 2246 1487 θηκι
2307 1421 2409 1485 τῆς
2452 1417 2784 1485 Ἐκκλησίας
2834 1417 3155 1488 καταμονὴν
3198 1417 3599 1488 ποιησάμενος,
3641 1420 3697 1472 οὐ

2116 1509 2506 1579 κατακρίνεται
2532 1527 2547 1541 θ
2577 1510 2674 1564 say
2705 1509 2762 1563 δὲ
2799 1510 3056 1580 χρονίσῃ,
3087 1510 3253 1573 αὐτὸς
3285 1510 3391 1579 μὲν
3419 1512 3547 1578 μετ’
3584 1512 3700 1562 ἐπι-

2115 1601 2314 1670 τιμίων
2365 1600 2765 1670 ὲκϐληθήσεται
2790 1641 2804 1667 ,
2856 1600 2885 1652 ὁ
2937 1598 2996 1652 δὲ
3048 1600 3180 1663 ναὸς
3241 1598 3589 1671 ἀπολήψεται
3637 1602 3699 1652 τὰ

2114 1694 2315 1746 οἰκεῖα.

515 1775 605 1830 IV.
642 1775 926 1830 'Intestato
986 1775 1369 1841 morientium,
1425 1775 1526 1844 pia:
1586 1774 1905 1845 largitiones
1963 1783 2018 1828 et

2189 1786 2263 1837 A'.
2310 1782 2432 1836 Τῶν
2483 1782 2783 1846 ἀδιαθέτως
2822 1782 3238 1845 τελευτώντων,
3288 1783 3401 1853 χρὴ
3450 1782 3703 1852 δέχεσθαι

338 1860 341 1863 ⁷
441 1865 745 1920 oblationes
792 1880 892 1935 pro
938 1865 1077 1934 ipsis
1122 1864 1281 1920 factae
1335 1866 1700 1935 suscipiendae
1749 1875 1912 1932 sunt;
1970 1864 2016 1920 si

441 1957 660 2024 quidem
697 1956 750 2011 in
802 1956 913 2010 vita
963 1956 1307 2027 propositum
1359 1955 1675 2024 habuerint,
1706 1966 1766 2012 ut
1814 1956 1888 2011 ita
1939 1968 2020 2011 ea:

442 2056 637 2115 prmsta
647 2057 799 2103 rentu
809 2065 854 2104 r.

519 2137 582 2192 V.
622 2138 679 2194 Si
710 2141 1072 2198 Annuntiatio
1102 2141 1358 2197 inciderit
1382 2141 1438 2195 in
1464 2155 1714 2211 magnam
1736 2139 2017 2207 Quintam,

443 2232 527 2286 vel
560 2247 810 2303 magnam
838 2232 1211 2300 Parasceven,
1243 2248 1350 2287 non
1385 2224 1781 2301 delinquimus,
1819 2231 1862 2286 si
1888 2240 2019 2285 tunc

443 2325 628 2377 vinum
655 2332 711 2377 et
750 2324 929 2393 pisces
957 2324 1376 2394 sumpserimus.

523 2415 609 2470 VI.
641 2415 742 2482 Qui
791 2416 846 2471 in
891 2416 1284 2471 monachorum
1315 2415 1664 2485 praepositum
1700 2415 2019 2471 benedictus

445 2517 499 2561 et
529 2515 883 2562 consecratus
927 2506 1050 2569 fuit,
1080 2516 1273 2576 estque
1300 2506 1613 2576 presbyter,
1651 2507 1911 2561 lectorem
1953 2519 2021 2560 ac

443 2599 840 2653 subdiaconum
873 2598 926 2652 in
961 2598 1186 2667 proprio
1216 2597 1552 2651 monasterio
1576 2596 1814 2651 ordinat.

523 2689 636 2745 VII.
675 2693 732 2746 Si
769 2693 892 2760 quis
936 2706 1106 2760 usque
1140 2691 1208 2746 ad
1242 2706 1414 2745 annos
1443 2691 1630 2762 viginti
1659 2700 1715 2746 et
1766 2690 1935 2754 ultra,
1966 2691 2019 2745 in

445 2783 576 2836 luxu
606 2794 661 2838 et
689 2783 907 2837 luxuria
940 2783 1160 2850 vixerit,
1212 2784 1408 2837 deinde
1439 2798 1567 2836 vero
1608 2783 1826 2838 virtutis
1855 2796 2020 2853 opera

446 2874 630 2929 facere
663 2876 916 2944 cognitus
944 2874 1133 2937 fuerit,
1164 2890 1269 2928 non
1318 2882 1536 2941 oportet
1581 2888 1704 2928 eum
1746 2873 2019 2930 ordinari.

444 2966 600 3034 Quod
619 2969 766 3033 enim
796 2980 1016 3021 sacrum
1039 2974 1147 3027 est,
1180 2965 1521 3034 impollutum
1550 2980 1673 3020 esse
1695 2967 1877 3021 debet.

516 3054 652 3110 VIII.
689 3054 790 3121 Qui
823 3070 888 3109 cx
915 3055 1240 3119 concubina,
1274 3064 1368 3109 aut
1393 3054 1631 3139 digatnis
1662 3055 1746 3109 vel
1775 3056 2022 3125 trigamis

2121 1874 2221 1938 τὰς
2244 1873 2386 1944 ὑπὲρ
2406 1875 2474 1928 αὐ
2485 1873 2587 1928 τῶν
2610 1874 2904 1945 γινομένας
2930 1873 3180 1946 εὐποιίας
3197 1891 3212 1905 ο
3238 1874 3358 1939 εἴγε
3385 1876 3483 1927 καὶ
3511 1874 3703 1938 ζῶντες

2120 1964 2382 2037 πρόθεσιν
2415 1960 2561 2035 εἶχον
2594 1964 2688 2018 τοῦ
2713 1965 2858 2018 οὓτω
2884 1964 3087 2028 ταύτας
3112 1964 3463 2036 τελεσθῆναι.

2191 2147 2267 2200 E'.
2336 2147 2465 2200 Ἐὰν
2532 2146 2715 2217 φθάσῃ
2788 2149 2816 2200 ὀ
2870 2146 3292 2215 Εὑαγγελισμὺς
3345 2148 3416 2216 τῇ
3499 2147 3698 2215 μεγάλῃ

2122 2234 2379 2305 Πέμπτῃ,
2418 2236 2452 2304 ἢ
2511 2238 2579 2305 τῇ
2628 2235 2841 2306 μεγάλῃ
2886 2236 3247 2305 Παρασκευῇ,
3300 2235 3404 2304 οὐχ
3456 2235 3700 2304 ἁμαρτά·

2122 2342 2283 2396 νομεν
2303 2325 2447 2378 οῐνου
2473 2326 2779 2395 τηνικαῦτα
2801 2326 3321 2396 μεταλαμϐάνοντες
3348 2327 3449 2378 καὶ
3479 2325 3693 2395 ἰχθύων.

2192 2414 2285 2484 (τ’.
2342 2417 2400 2469 '0
2441 2415 2583 2486 ἔχων
2616 2417 2785 2487 εὐχὴν
2835 2416 3139 2487 ἡγουμένου
3172 2414 3561 2485 πρεσϐΰτερος
3601 2414 3697 2475 ὢν,

2120 2510 2422 2578 χειροτονεῖ
2462 2509 2818 2577 ἀναγνώστην
2858 2509 2954 2563 καὶ
2996 2506 3363 2560 ὑποδιάκονον
3404 2509 3463 2560 ὲν
3495 2510 3564 2576 τῇ
3607 2506 3700 2577 ibi;

2123 2602 2281 2669 μονῇ.
3368 2605 3373 2609 ⁴

2193 2692 2268 2744 Ζ’.
2316 2689 2442 2742 Ἐάν
2465 2707 2552 2753 τις
2568 2691 2625 2743 ὲν
2662 2690 2870 2762 ἀσωτίᾳ
2900 2690 3066 2760 ἔζησε
3103 2690 3302 2759 μέχρις
3325 2690 3476 2741 ἐτῶν
3509 2690 3699 2751 εἰκοσι,

2120 2782 2154 2852 ἦ
2192 2782 2298 2841 ’καὶ
2341 2781 2620 2847 ἐπέκεινα,
2654 2778 2773 2834 εἶτα
2806 2786 2948 2853 φανῇ
2998 2781 3169 2834 ποιῶν
3202 2781 3342 2849 ἔργα
3390 2782 3621 2850 ἀρετῆς,
3648 2783 3701 2833 οὐ

2119 2873 2228 2943 χρὴ
2258 2872 2421 2925 αὑτὸν
2469 2872 2920 2944 χειροτονεῖσθαι.
2955 2873 3030 2925 Τὸ
3075 2872 3186 2942 γὰρ
3220 2871 3377 2942 ἱερὸν
3411 2873 3706 2941 ἁμόλυντον

2120 2958 2264 3039 εἶναι
2286 2965 2387 3019 δεῖ.

2196 3056 2278 3109 H'.
2309 3056 2375 3109 Οί
2426 3055 2538 3109 ἀπὸ
2587 3054 2917 3118 παλλακίδος
2954 3055 2989 3125 ἢ
3020 3055 3271 3124 διγάμων
3321 3053 3357 3125 ἦ
3424 3056 3706 3124 spiritum

446 3147 562 3201 nati
617 3158 776 3208 sunt,
842 3147 1003 3201 modo
1076 3147 1242 3200 vitam
1299 3130 1652 3202 exhibuerint
1716 3147 2018 3205 sacerdotio

2153 3147 2437 3218 ἰκτόμενοι
2478 3149 2691 3214 παῖδες,
2724 3149 2823 3203 ἐὰν
2855 3148 3007 3214 ἄξιον
3037 3147 3345 3219 ἱερωσύνης
3396 3149 3705 3212 ἐπιδείξων-

446 3236 692 3304 dignam,
723 3238 1073 3291 ordinantur.

518 3327 611 3380 IX.
661 3328 851 3382 Divina
884 3326 1200 3382 communio
1232 3326 1491 3381 tradenda
1523 3337 1608 3382 est
1650 3329 1937 3397 aegrotanti
1966 3330 2023 3386 in

444 3419 693 3490 pericqu
725 3421 939 3487 mortis,
971 3419 1186 3475 etiamsi
1216 3418 1398 3474 cibum
1430 3421 1746 3490 sumpserit.

519 3598 587 3653 Χ.
633 3597 862 3664 Oportet
911 3597 1260 3654 salutationis
1286 3612 1449 3653 causa
1503 3612 1641 3667 genu
1680 3597 1897 3653 ﬂectere
1937 3599 2025 3654 die

452 3695 752 3754 Dominico,
802 3701 856 3747 et
899 3709 998 3761 per
1034 3701 1204 3746 totam
1250 3691 1649 3757 Pentecosten;
1704 3706 1811 3745 non
1847 3702 2023 3746 tamen

443 3796 740 3842 Consuetas
770 3785 1179 3855 genuﬂexiones
1204 3783 1404 3839 facere.

517 3877 610 3933 XI.
642 3877 757 3932 Non
802 3890 1014 3948 peccat,
1050 3878 1144 3946 qui
1189 3892 1285 3947 pro
1323 3877 1496 3931 tribus
1523 3876 1840 3931 hominibus
1864 3891 2025 3930 unam

445 3970 1101 4032 consecratoblationem,
1125 3979 1221 4023 aut
1247 3983 1409 4023 unam
1437 3968 1689 4024 accendit
1717 3968 2023 4023 candelam.

512 4060 634 4118 XII.
667 4061 823 4127 Quod
871 4076 977 4114 non
1014 4071 1265 4130 oporteat
1312 4062 1366 4114 in
1398 4074 1560 4127 prece
1612 4059 2026 4130 Scevophylacii

445 4168 538 4205 seu
583 4151 812 4206 sacrarii
871 4151 1053 4206 lacere
1093 4150 1564 4218 consignationem
1620 4166 1784 4220 super
1811 4165 2028 4206 sacrum

446 4243 695 4297 calicem.

516 4331 657 4386 XIII.
692 4331 811 4386 Non
859 4340 1074 4400 oportet
1102 4330 1224 4385 sine
1254 4346 1396 4399 aqua
1426 4330 1603 4385 calida
1647 4331 2025 4402 presbyterum

449 4423 672 4475 missam
706 4421 1013 4486 celebrare,
1044 4420 1145 4474 nisi
1185 4420 1239 4474 in
1272 4434 1468 4490 magna
1514 4421 1865 4489 necessitate,
1895 4432 1952 4480 et
1978 4425 2024 4479 si

448 4512 762 4566 tmllatenus
789 4511 1059 4581 ejusmodi
1104 4526 1242 4580 aqua
1273 4511 1599 4581 reperiatur.

524 4600 665 4656 XIV.
697 4601 1023 4657 Monachum
1048 4603 1139 4672 qui
1187 4602 1737 4672 habitumabjecerit,
1757 4611 1814 4657 et
1841 4614 2028 4674 postea

444 4709 744 4749 conversus
774 4704 879 4760 est,
930 4703 1149 4763 oportet
1199 4695 1398 4751 iterum
1459 4695 1791 4749 vestimento
1836 4711 2030 4750 mona-

445 4787 610 4850 cbali,
650 4788 793 4856 quod
841 4787 1013 4852 exuit,
1071 4787 1318 4855 induere,
1374 4787 1581 4857 absque
1613 4789 1866 4857 precibus
1893 4802 2029 4844 con-

443 4876 675 4957 slitoutis.

518 4967 637 5025 XV.
673 4969 899 5038 Oportet
920 4980 976 5025 ut
1005 4970 1449 5026 sanctimoniales
1481 4974 1534 5025 in
1561 4983 1813 5027 sanctum
1847 4972 2023 5028 altare

442 5062 823 5132 ingrediantur
874 5068 930 5116 et
976 5060 1278 5116 accendant
1330 5075 1556 5116 cereum
1604 5070 1661 5116 et
1711 5061 2022 5130 candelam,

443 5152 684 5219 illudque
717 5160 913 5206 ornent
940 5166 1007 5206 ac
1038 5159 1279 5206 verrunt.

513 5241 654 5296 XVI.
685 5241 805 5297 Non
833 5242 1035 5296 debent
1062 5243 1316 5297 monachi
1347 5256 1544 5312 magna
1583 5242 1887 5298 Parasceve
1919 5242 2019 5313 (al.

444 5334 893 5405 Quadragesima)
922 5350 1085 5402 opera
1112 5334 1459 5404 agricultura:
1486 5348 1767 5401 exercere,
1796 5349 2021 5388 eorum-

444 5440 548 5491 que
580 5434 844 5495 praatextu
886 5425 1099 5480 solvere
1120 5425 1412 5494 jejunium,
1443 5427 1712 5479 sumendo
1744 5426 1926 5480 vinum
1965 5438 2020 5481 et

445 5516 643 5569 oleum.
682 5516 809 5571 Haec
844 5516 989 5570 ollim
1022 5526 1148 5571 sunt
1178 5516 1318 5584 gula:
1347 5517 1619 5572 instituta.

522 5661 544 5689 ο
580 5652 651 5703 aI.
696 5650 902 5722 πλυνθῇ
926 5654 1265 5722 ἀντιμήσιον.

2124 3256 2215 3292 ται
2240 3239 2375 3309 βίον,
2405 3240 2856 3311 χειροτονοῦνται.

2194 3330 2276 3384 θ’.
2310 3332 2406 3384 Δεῖ
2438 3330 2788 3401 μεταδιδόναι
2812 3331 2910 3400 τῆς
2946 3330 3100 3392 θείας
3128 3330 3427 3391 κοινωνίας
3452 3331 3535 3399 τῷ
3558 3331 3706 3383 ἀσθε-

2127 3420 2331 3488 νοῦντι,
2388 3422 2690 3476 ἀποθανεῖν
2735 3420 3137 3482 κινδυνεύοντι.
3179 3420 3286 3473 κᾶν
3338 3421 3485 3490 μετά
3506 3423 3569 3473 τὸ
3595 3420 3707 3489 γεύ-

2127 3512 2327 3567 σασθαι
2352 3512 2633 3583 βρώσεως.

2200 3602 2257 3655 ι’.
2284 3602 2406 3672 Χρὴ
2443 3601 2605 3671 χάριν
2626 3599 2923 3670 ἀσπασμοῦ
2948 3598 3156 3653 κλίνειν
3183 3600 3318 3667 γόνυ
3342 3602 3407 3652 ὲν
3439 3601 3704 3671 κυριακῇ,

2126 3695 2221 3746 καὶ
2253 3694 2313 3745 ὲν
2336 3693 2436 3763 ὅλῃ
2468 3694 2536 3763 τῇ
2571 3693 2921 3762 Πεντηκοστῇ
2941 3706 2955 3720 ·
2988 3693 3048 3744 οὐ
3087 3693 3197 3761 μὴν
3217 3691 3321 3755 τάς
3347 3691 3415 3757 eg
3443 3691 3604 3755 ἐθους
3626 3708 3709 3761 γο-

2125 3785 2406 3848 νυκλισίας
2435 3786 2633 3837 ποιεῖν.

2198 3878 2301 3930 IA'.
2318 3876 2429 3944 υὺχ
2456 3875 2765 3945 ἁμαρτάνει
2784 3891 2869 3938 τις
2896 3873 3038 3945 ὑπὲρ
3058 3873 3229 3945 τριῶν
3247 3874 3569 3944 ἀνθρώπων
3592 3875 3708 3946 μίαν

2128 3964 2517 4037 προσκομίζων
2550 3965 2893 4035 προσφορὰν,
2921 3965 2955 4034 ἢ
3013 3964 3145 4035 μίαν
3178 3965 3373 4019 ἄπτων
3419 3967 3704 4038 κανδήλαν.

2200 4053 2298 4107 IB'.
2344 4052 2471 4106 Ὀτι
2500 4053 2560 4104 οὐ
2591 4054 2697 4122 χρὴ
2720 4053 2997 4123 σφραγῖδα
3027 4056 3207 4105 ποιεῖν
3234 4057 3295 4108 ὲν
3338 4057 3409 4127 τῇ
3454 4057 3593 4127 εὐχῇ
3622 4055 3707 4108 τοῦ

2126 4143 2579 4213 Σκευοφυλακίου
2608 4156 2655 4210 θ,
2687 4144 2783 4198 ἐπὶ
2807 4145 2870 4198 τὺ
2897 4144 3054 4213 ἆγιον
3075 4147 3362 4217 ποτήριον.

2200 4326 2301 4381 ll".
2341 4325 2464 4379 Ὀτι
2492 4325 2554 4379 οὐ
2585 4324 2693 4396 χρὴ
2737 4325 2868 4378 ἄνευ
2900 4313 3110 4396 θερμοῦ
3146 4325 3546 4396 λειτουργῆσαι
3587 4344 3709 4398 πρε-

2133 4417 2417 4486 σϐύτερον,
2441 4420 2489 4471 εἰ
2523 4417 2598 4488 μὴ
2632 4417 2781 4472 κατὰ
2813 4417 3017 4487 πολλὴν
3041 4417 3394 4487 περίστασιν,
3415 4420 3513 4471 καὶ
3545 4422 3598 4472 εἱ
3626 4419 3710 4471 οὓς

2132 4508 2323 4579 δαμῶς
2352 4510 2676 4580 εὑρίσκεται
2705 4508 2930 4580 Θερμόν.
3575 4566 3585 4579 ,

2201 4605 2304 4658 IA'.
2348 4590 2455 4656 Τὸν
2485 4603 2836 4668 ἀθετήσαντα
2871 4604 3110 4673 μοναχὸν
3151 4603 3214 4657 τὸ
3244 4605 3458 4673 σχῆμα.
3494 4609 3596 4658 καὶ
3621 4604 3707 4658 rd-

2132 4694 2216 4749 λιν
2247 4695 2679 4766 ἐπιστρέψαντα,
2708 4696 2792 4749 δεῖ
2839 4696 3007 4749 πάλιν
3054 4695 3270 4748 ὲνδύειν
3322 4696 3492 4750 αὐτὸν
3522 4699 3589 4766 ἠν
3616 4699 3707 4749 ἀπ-

2128 4787 2358 4841 εδύσατο
2390 4787 2694 4857 μοναχικὴν
2735 4784 2953 4856 στολὴν,
2996 4785 3173 4856 χωρὶς
3216 4785 3331 4840 τῶν
3361 4785 3706 4855 τεταγμένων

2127 4878 2328 4950 εὐχῶν.
2360 4888 2363 4891 ⁷

2200 4969 2301 5024 lE'.
2339 4972 2432 5022 Δεῖ
2457 4968 2559 5032 τὰς
2589 4968 2933 5038 μοναζοιὶσας
2958 4968 3192 5024 εἰσιέναι
3214 4971 3297 5032 είς
3333 4968 3397 5022 τὸ
3418 4969 3583 5037 ἅγιον
3621 4966 3704 5018 θν-

2135 5063 2477 5132 σιαστήριον,
2510 5062 2607 5114 καὶ
2668 5059 2863 5113 ἀπτειν
2912 5060 3083 5130 κηρὸν
3121 5060 3220 5114 καὶ
3275 5060 3575 5132 κανδήλαν,
3624 5058 3704 5110 καὶ

2129 5158 2358 5224 κοσμεῖν
2383 5154 2520 5207 αὐτὸ
2549 5154 2643 5206 καὶ
2670 5152 2893 5225 σαροῦν.

2197 5246 2315 5311 ις’.
2347 5246 2423 5298 Οὐ
2476 5245 2584 5316 χρὴ
2643 5245 2773 5308 τοὺς
2840 5245 3111 5314 μοναχοὺς
3142 5247 3209 5315 τῇ
3272 5243 3490 5315 μεγάλῃ
3534 5242 3701 5311 Παρσ-

2133 5340 2303 5406 σκευῇ
2338 5337 2356 5375 ί
2385 5336 2521 5404 ἔργα
2553 5336 2838 5405 γεωργικὰ
2866 5336 3134 5406 μετιέναι,
3168 5338 3263 5389 καὶ
3286 5334 3563 5405 προφάσει
3590 5329 3697 5384 τοὺο

2128 5446 2236 5482 των
2272 5431 2350 5490 είς
2384 5424 2526 5481 οἶνον
2567 5426 2859 5480 καταλύειν
2887 5427 2985 5479 καὶ
3013 5426 3218 5480 ἔλαιον.
3244 5424 3437 5480 Ταῦτα
3472 5424 3577 5493 γὰρ
3608 5437 3696 5491 γα·

2137 5522 2501 5591 στριμαργίας
2538 5521 2677 5572 εἰσὶν
2711 5517 3143 5588 ἐπιτηδεύματα.

1348 5657 1392 5694 ι’·
1433 5653 1506 5707 αἰ.
1538 5655 2019 5723 σκευοςυλακεῗου.
2103 5653 2119 5690 ί
2173 5655 2243 5707 al.
2272 5656 2704 5724 τεσσαρακοστῇ.
