3882 6162
213 394 327 457 857

1683 399 1928 459 CANON
1936 401 2048 460 ES.

3371 391 3475 453 858

293 510 393 562 IZ'.
446 507 545 560 Διά
590 507 742 577 τρεῖς
800 507 979 569 αἰτίας
1034 508 1247 575 ἐφεῖται
1294 507 1372 578 τῷ
1435 511 1657 581 μοναχῷ
1702 515 1796 583 τῆς

1975 512 2136 567 XVII.
2168 511 2367 566 Tribus
2390 512 2456 564 de
2478 508 2659 565 causis
2693 505 2958 561 monacho
2985 504 3113 558 licet
3145 518 3172 555 ιι
3205 517 3301 556 suo
3332 519 3477 559 rece.

213 600 359 662 ιδίας
387 592 693 668 ἀναχωρεῖν
734 599 903 667 μονῆς
927 614 941 630 ·
971 598 1066 650 ἐὰν
1095 592 1127 672 ᾖ
1155 601 1183 652 ὁ
1227 601 1538 671 ἡγούμενος
1592 607 1799 673 αἱρετι-

208 689 346 752 κό;’
387 690 483 742 ἐὰν
509 688 712 751 εἴσοδος
733 688 1009 755 γυναικῶν
1059 692 1140 750 είς
1189 689 1287 760 τὴν
1337 690 1505 763 μονὴν
1537 695 1795 764 γίνηται⁸

210 782 314 834 καὶ
343 782 440 833 ἐὰν
467 780 656 834 παιδία
676 779 937 850 -κοσμικά
958 782 1015 832 ἐν
1037 780 1115 849 τῷ
1141 782 1392 853 κοινοϐίῳ
1427 786 1796 853 μανθάνωσιν.

288 871 398 923 ΠΡ.
434 871 676 924 Ἄτοπον
704 870 817 942 γὰρ
841 872 911 924 τά
952 872 1012 924 ἐν
1048 873 1113 942 τῇ
1138 874 1277 944 μονῇ
1315 878 1693 946 πραττόμενα,
1725 879 1795 931 δι’

208 961 398 1017 αὐτῶν
430 962 493 1029 δη
502 961 877 1030 μοσιεύεσθαι.
1088 948 1109 978 ⁸

289 1056 391 1108 ιοι.
460 1056 598 1118 Τοὺς
643 1053 807 1118 ὄντας
860 1056 920 1107 ἐν
960 1054 1260 1125 ἐπιτιμίοις
1319 1058 1629 1128 μοναχοὺς,
1689 1057 1797 1129 χρὴ

210 1145 523 1199 συνεσθίειν
561 1147 675 1209 τοῖς
714 1145 926 1208 λοιποῖς
967 1146 1064 1199 καὶ
1114 1145 1510 1216 συνεύχεσθαι⁹
1545 1150 1796 1219 μετέχειν

204 1239 269 1290 δὲ
309 1238 404 1291 καὶ
440 1237 718 1304 εὐλογίας,
758 1238 877 1307 ἤτοι
925 1238 1331 1305 κατακλαστοῦ,
1364 1238 1483 1308 ἅμα
1515 1242 1581 1310 τῇ
1614 1239 1796 1292 αὐτῶν

202 1323 624 1397 ἐξομολογήσει.

285 1506 369 1558 Κ’.
400 1504 476 1574 Τῇ
510 1503 616 1557 τῶν
636 1504 812 1573 ἁγίων
842 1505 1161 1559 ἀποστόλων
1199 1507 1448 1577 νηστείᾳ,
1481 1509 1578 1561 καὶ
1607 1512 1672 1579 τῇ
1698 1510 1792 1563 τοῦ

203 1597 372 1663 ἁγίου
410 1596 704 1661 Φιλίππου,
748 1595 855 1666 χρὴ
895 1598 1022 1659 τοὺς
1050 1599 1111 1649 ἐν
1158 1600 1223 1667 τῇ
1262 1601 1399 1668 μονῇ
1442 1600 1795 1668 καθημένους

208 1687 527 1756 μοναχοὺς,
584 1688 841 1758 τετράδος
893 1689 988 1741 καὶ
1048 1689 1412 1758 παρασκευῆς
1454 1689 1600 1753 ἅπαξ
1658 1692 1795 1761 πρὸς

205 1777 455 1847 ἑσπέραν
488 1778 757 1830 σιτεῖσθαι
784 1795 798 1809 ·
823 1781 948 1841 τοὺς
977 1780 1035 1832 δὲ
1060 1778 1485 1849 ἐργαζομένους,
1525 1782 1664 1849 μετὰ
1695 1782 1793 1853 τὴν

205 1866 380 1932 ἕκτην
407 1868 669 1935 γεύεσθαι
694 1866 868 1937 ὥραν,
900 1870 994 1921 καὶ
1024 1869 1269 1937 ἑσπέρας
1295 1869 1556 1922 δειπνεῖν.

282 1960 415 2012 KA'.
480 1958 605 2010 Ἐὰν
664 1959 849 2029 φθαρῇ
914 1960 1217 2031 μονάστρια
1270 1960 1376 2013 ὑπὸ
1416 1961 1711 2032 βαρϐάρων
1757 1962 1790 2032 ἢ

206 2049 462 2102 ἀτάκτων
502 2049 732 2118 ἀνδρῶν,
758 2050 855 2102 καὶ
876 2046 944 2119 ἦν
970 2052 998 2103 ὁ
1030 2051 1231 2119 προτοῦ
1260 2051 1374 2121 βίος
1403 2053 1576 2121 αὐτῆς
1610 2054 1639 2103 ἆ
1650 2069 1716 2122 με
1726 2072 1794 2122 μ-

209 2156 371 2201 πτος,
401 2141 480 2200 είς
508 2145 921 2208 τεσσαράκοντα
948 2142 1167 2211 ἡμέρας
1194 2145 1519 2211 ἐπιτιμᾶται
1554 2159 1569 2172 ο
1602 2143 1650 2194 εὶ
1676 2143 1734 2195 δὲ
1766 2146 1795 2196 ό

208 2229 410 2301 πρώην
446 2230 616 2300 αὐτῆς
662 2230 777 2300 βίος
832 2231 1248 2300 μεμολυσμένος
1288 2228 1379 2302 ἦν,
1419 2234 1482 2285 τὸ
1517 2233 1617 2303 τῆς
1676 2248 1795 2303 μοι·

208 2302 367 2389 χείας
401 2319 677 2388 ἐπιτίμιον
709 2320 1000 2390 ἐκπληροῖ.

287 2413 417 2466 KB’.
463 2412 522 2465 Ὁ
557 2412 618 2465 τὺ
654 2406 950 2482 μοναχικὸν
990 2412 1145 2475 ἐνδὺς
1175 2413 1385 2482 σχῆμα,
1424 2415 1578 2483 φόϐῳ
1630 2431 1795 2484 στρα-

209 2504 371 2564 τείας
433 2503 464 2572 ἢ
525 2503 658 2574 ἄλλῃ
724 2504 832 2556 τινὶ
878 2503 1206 2573 πανουργίᾳ,
1257 2503 1331 2566 ὡς
1376 2504 1537 2572 δῆθεν
1601 2507 1794 2560 τούτου

213 2594 564 2661 καταγελῶν,
592 2594 688 2647 καὶ
715 2592 875 2648 τοῦτο
911 2593 1052 2663 μετὰ
1078 2595 1176 2663 τὴν
1197 2594 1443 2665 ἀνάγκην
1466 2596 1499 2666 ἢ
1522 2598 1621 2667 τὴν
1661 2598 1795 2650 ὑπό-

210 2702 405 2756 κρισιν
438 2684 799 2750 ἀποθέμενος,
856 2685 939 2747 είς
991 2684 1440 2752 τεσσαρακοστὰς
1481 2688 1631 2755 τρεῖς
1659 2689 1796 2758 ἠμε-

213 2777 332 2848 ρῶν
389 2778 731 2847 ἐπιτιμᾶται,
772 2776 869 2830 καὶ
922 2774 1065 2829 οὕτω
1095 2778 1162 2846 τῇ
1215 2777 1347 2846 ἁγία
1386 2776 1640 2846 πρόσεισι
1679 2795 1795 2832 κοι-

211 2868 409 2937 νωνία.

286 2959 419 3014 Kl".
443 2957 695 3028 Μοναχοῦ
721 2957 1094 3029 πρεσϐυτέρου
1123 2958 1247 3010 νέου
1293 2958 1652 3028 μοναστρίαις
1686 2962 1794 3013 ὑπ-

209 3045 558 3118 ηρετοῦντος,
591 3048 686 3100 καὶ
719 3047 1091 3118 μεταδιδόντος
1111 3049 1322 3113 αὑταῖς,
1360 3049 1423 3101 οὐ
1455 3051 1563 3121 χρὴ
1589 3068 1791 3105 κοινω-

209 3138 330 3191 νεῖν
352 3136 414 3201 ἐξ
444 3135 633 3189 αὑτοῦ.
1250 3133 1255 3137 ’

285 3230 416 3282 KA'.
459 3229 580 3282 ’Ὀτι
608 3229 669 3281 οὐ
727 3228 835 3299 χρὴ
874 3230 965 3282 τὸν
1001 3228 1312 3301 ἡγούμενον
1359 3232 1420 3284 τὸ
1471 3233 1792 3287 κουκούλιον

206 3319 314 3374 τοῦ
340 3319 583 3388 μαθητυῦ
622 3319 930 3384 ἐκϐάλλειν,
954 3323 1051 3373 καὶ
1067 3321 1286 3375 διώκειν
1316 3323 1502 3376 αὐτόν.
1642 3389 1655 3401 .

288 3410 420 3462 KE’.
460 3411 563 3462 Τὸν
603 3410 949 3479 ἁθετήσαντα
987 3411 1050 3464 τὸ
1082 3412 1239 3479 ἅγιον
1290 3412 1504 3483 σχῆμα,
1560 3416 1657 3467 καὶ
1716 3416 1791 3485 μὴ

208 3500 621 3572 διορθούμενον,
657 3503 719 3553 οὐ
768 3502 873 3572 χρὴ
911 3502 1018 3555 ὑπὸ
1050 3504 1250 3575 στέγην
1297 3505 1477 3572 ἄγειν,
1518 3505 1552 3574 ἢ
1580 3505 1792 3575 χαίρειν

207 3592 398 3659 λέγειν
431 3591 599 3661 αὐτῷ.

287 3684 434 3753 KG".
482 3687 605 3740 Ἐάν
644 3704 729 3750 τις
760 3686 991 3756 ἀσθενὴς
1023 3683 1076 3759 ᾖ,
1124 3688 1219 3739 καὶ
1269 3687 1500 3758 ἐπιζητῇ
1549 3688 1612 3740 τὸ
1639 3689 1797 3757 ἅγιον

212 3779 526 3848 βάπτισμα,
560 3780 592 3848 ἢ
624 3779 686 3831 τὸ
717 3778 873 3843 ἅγιον
904 3780 1109 3848 σχῆμα,
1153 3780 1259 3847 χρὴ
1296 3779 1499 3834 διδόναι
1539 3781 1788 3852 ἀνυπερ-

211 3870 412 3934 θέτως,
447 3869 542 3921 καὶ
578 3869 654 3939 μὴ
684 3868 915 3923 κωλύειν
946 3871 1045 3938 την
1082 3874 1261 3939 χάριν.

287 3960 417 4014 KZ'.
448 3960 572 4013 ’Ότι
601 3962 661 4012 οὐ
723 3960 828 4029 χρὴ
862 3959 1255 4029 λειτουργῆσαι
1284 3962 1659 4031 πρεσϐύτερον
1696 3980 1795 4032 μο-

181 4122 185 4125 Δ
210 4054 385 4124 ναχὸν
418 4053 547 4106 ἄνευ
580 4053 839 4122 μανδύου.

296 4146 437 4198 KH'.
471 4145 611 4207 Τοὺς
652 4144 823 4214 ἄδηλα
879 4144 1202 4212 πταίσματα
1242 4144 1795 4215 ἐξομολογουμένους,

209 4236 323 4306 τῆς
356 4235 453 4304 μὲν
493 4236 780 4298 κοινωνίας
812 4235 1103 4305 ἀπείργειν
1138 4235 1221 4287 δεῖ
1248 4237 1340 4288 τὸν
1370 4237 1658 4307 δεχόμενον
1695 4241 1798 4308 τὴν

209 4325 445 4380 ἐκείνων
474 4324 862 4395 ἐξομολόγησιν
890 4342 903 4355 ·
936 4327 1017 4388 είς
1052 4326 1110 4378 δὲ
1140 4324 1240 4394 τὴν
1273 4326 1570 4396 ἐκκλησίαν
1599 4328 1799 4392 αὐτοὺς

208 4414 570 4485 είσέρχεσθαι
622 4415 698 4484 μὴ
731 4414 985 4481 κωλύειν,
1025 4415 1160 4485 μηδὲ
1186 4416 1541 4488 θριαμϐεύειν
1575 4421 1643 4471 τὰ
1678 4420 1799 4472 κατ’
1848 4450 1852 4453 Α

1903 608 2027 658 dere
2060 590 2432 665 monasterio;
2485 602 2528 655 si
2581 599 2904 669 praepositus
2945 596 3235 679 haereticus
3285 595 3391 656 sit;
3425 597 3474 649 si

1903 696 2157 747 mulieres
2180 692 2232 745 in
2260 690 2653 745 monasterium
2681 691 2992 749 introeunt;
3029 694 3084 737 et
3114 683 3158 737 si
3187 683 3339 753 pueri
3373 699 3476 739 sa:-

1900 786 2110 837 cularcs
2140 783 2193 836 in
2226 782 2481 838 ctenobio
2506 781 2825 835 edoceutur.

1967 872 2156 927 XVIII.
2194 873 2504 928 Absurdum
2539 872 2685 925 enim
2725 880 2809 924 est
2862 877 2917 924 et
2950 868 3212 937 alienum,
3252 884 3371 938 quae
3419 867 3472 921 in

1901 967 2230 1019 tuonasterio
2257 974 2544 1034 geruntur,
2580 977 2678 1032 per
2711 962 2850 1015 tales
2888 960 3175 1028 publicari.

1969 1053 2111 1110 XIX.
2146 1056 2423 1115 Monachi‘
2446 1054 2623 1123 pomis
2673 1053 3033 1120 censurisque
3077 1051 3328 1119 subjecti,
3366 1065 3471 1101 una

1898 1166 2021 1203 cum
2076 1149 2298 1217 reliquis
2357 1148 2540 1202 cibum
2586 1158 2824 1205 sumere,
2870 1158 2938 1197 ac
2971 1142 3181 1209 precari
3236 1143 3472 1206 debent;

1898 1251 2062 1308 atque
2088 1239 2251 1293 etiam
2285 1237 2582 1307 participes
2606 1248 2730 1289 esse
2769 1233 3011 1300 Eulogiae
3051 1244 3107 1287 et
3146 1229 3472 1291 Cnlnt'ldsli,

1900 1331 2002 1384 hoc
2032 1342 2112 1383 est
2145 1330 2299 1397 panis
2336 1328 2491 1381 fracti
2528 1336 2583 1381 et
2611 1325 2905 1389 benedicti,
2932 1326 3093 1378 simul
3123 1340 3246 1377 eum
3284 1337 3473 1377 eorum

1897 1422 2265 1475 confessione.

1967 1511 2085 1566 XX.
2114 1514 2168 1567 In
2196 1510 2407 1580 jejunio
2435 1516 2753 1565 sanctorum
2780 1507 3168 1575 apostolorum,
3193 1517 3243 1559 et
3266 1502 3476 1573 jejunio

1897 1604 2070 1657 sancti
2114 1602 2342 1671 Philippi
2377 1608 2592 1670 oportet
2625 1608 2684 1651 ut
2716 1612 2879 1652 mona
2905 1598 2993 1651 chi
3025 1599 3133 1664 qui
3176 1596 3229 1649 in
3262 1610 3478 1649 mutuas-

1897 1693 2038 1747 terio
2065 1692 2328 1755 resident,
2361 1705 2455 1758 per
2475 1686 2646 1742 ferias
2664 1696 2887 1756 quartas
2919 1696 2973 1740 et
2996 1694 3181 1740 sextus
3206 1684 3371 1738 semel
3407 1687 3474 1736 ad

1895 1797 2179 1850 vesperam
2197 1782 2375 1835 cibum
2394 1787 2643 1843 sumant;
2664 1778 2756 1845 qui
2776 1792 2906 1831 vero
2925 1790 3085 1845 opera
3108 1775 3336 1839 faciunt,
3358 1784 3478 1843 post

1902 1874 2091 1926 horam
2115 1881 2323 1924 sextam
2346 1870 2533 1933 edant,
2558 1879 2611 1923 et
2630 1877 2867 1936 gusteul,
2897 1883 2962 1920 ac
2982 1882 3209 1933 vestiere
3232 1876 3473 1921 cantent.

1970 1958 2113 2014 XXI.
2169 1960 2226 2013 Si
2287 1958 2539 2013 mouialis
2593 1972 2623 2008 a
2684 1955 2930 2009 barbaris
2980 1954 3062 2007 vel
3111 1953 3476 2021 petulantibus

1901 2055 2035 2107 viris
2082 2052 2268 2104 \itiata
2327 2048 2512 2111 luerit,
2557 2057 2751 2115 estque
2790 2046 2899 2098 vita
2955 2043 3124 2113 ipsius
3156 2041 3473 2111 praecedens

1900 2143 2204 2210 inculpata,
2257 2138 2620 2207 quadraginta
2656 2138 2865 2190 dierum
2903 2149 3119 2202 poenam
3158 2133 3353 2198 habet;
3388 2133 3471 2186 siu

1899 2250 2032 2290 vero
2065 2234 2214 2303 prior
2248 2233 2359 2285 vita
2397 2232 2607 2299 impura
2645 2227 2774 2292 fuit,
2808 2225 3059 2281 adulterii
3094 2238 3387 2279 censuram
3414 2231 3468 2276 ct

1899 2325 2274 2397 paenitentiam
2307 2323 2514 2391 explet.

1970 2415 2136 2470 XXII.
2193 2414 2296 2480 Qui
2345 2413 2721 2468 monacltalem
2788 2410 3033 2465 habitum
3089 2406 3265 2460 induit
3326 2413 3476 2457 metu

1904 2510 2130 2573 militize,
2167 2518 2260 2562 aut
2285 2523 2379 2576 per
2411 2507 2575 2560 aliam
2597 2505 2898 2575 quamlibet
2921 2503 3200 2561 astutiam,
3228 2496 3474 2569 ut.sciIiL

1901 2611 1991 2655 cet
2027 2599 2172 2653 illum
2223 2597 2502 2660 deridens,
2531 2597 2891 2662 eamdemque
2930 2601 3051 2662 post
3094 2590 3474 2644 necessitatem

1902 2703 1998 2746 aut
2030 2689 2436 2745 simulationem
2483 2688 2730 2757 deponit,
2773 2687 2948 2740 tribus
2985 2683 3195 2738 dierum
3242 2678 3478 2747 quadra-

1902 2781 2120 2850 gesimis
2153 2782 2393 2846 punitur,
2426 2787 2602 2845 atque
2656 2777 2737 2830 sic
2771 2775 2840 2829 ad
2890 2787 3106 2827 sacram
3142 2768 3476 2824 communio-

1902 2885 2023 2923 nem
2062 2870 2290 2922 accedit.

1972 2955 2163 3010 XXIII.
2198 2955 2314 3010 Non
2357 2956 2679 3023 accipienda
2732 2963 2822 3010 est
2844 2954 3157 3008 communio
3185 2967 3253 3007 ex
3289 2966 3478 3005 mona-

1901 3052 2006 3105 clio
2038 3050 2355 3119 presbytero
2405 3048 2628 3114 juvene,
2672 3048 2765 3117 qui
2801 3048 3133 3101 monialibus
3183 3046 3476 3108 ministrat,

1905 3155 2103 3209 easque
2135 3141 2518 3194 communione
2548 3139 2884 3207 impcrtitur.

1971 3232 2163 3286 XXIV.
2198 3231 2519 3286 Mouasterii
2574 3232 2899 3300 praepositus
2941 3229 3207 3283 cucullatn
3242 3244 3273 3282 a
3315 3228 3480 3283 disci-

1900 3324 2028 3392 pqu
2068 3340 2173 3378 non
2201 3322 2435 3384 auferat,
2464 3335 2640 3389 neque
2668 3336 2791 3374 eum
2824 3320 3086 3388 expellat.

1970 3413 2135 3469 XXV.
2181 3414 2235 3469 Si
2283 3415 2406 3482 quis
2446 3428 2662 3466 sacrum
2719 3412 2964 3467 habitum
3001 3413 3317 3483 proiecerit,
3378 3431 3479 3470 nec

1900 3502 2268 3562 emendaverit
2288 3521 2368 3570 se,
2404 3521 2510 3559 non
2537 3512 2754 3572 oportet
2783 3520 2911 3559 eum
2945 3508 3011 3561 ad
3045 3517 3248 3561 tectum
3279 3509 3478 3563 admit-

1900 3608 2032 3662 tere,
2069 3613 2241 3667 neque
2275 3599 2389 3652 Ave
2414 3598 2462 3651 ei
2497 3599 2679 3653 dicere
2714 3598 2754 3649 ί.

1972 3688 2161 3743 XXVI.
2190 3688 2247 3743 Si
2272 3690 2396 3756 quis
2424 3691 2677 3743 inlirmus
2697 3687 2790 3751 sit,
2813 3697 2870 3741 ct
2897 3682 3148 3742 sanctum
3183 3689 3473 3758 baptisma,

1899 3780 1986 3831 vel
2013 3793 2226 3833 sacrum
2260 3779 2500 3832 habitum
2529 3779 2794 3847 requirat,
2829 3780 2963 3832 dare
2984 3778 3101 3831 sine
3135 3795 3283 3833 mora
3315 3796 3478 3851 opor-

1901 3878 1996 3933 tet,
2036 3884 2132 3921 nec
2151 3867 2323 3935 gratia
2351 3877 2435 3921 est
2473 3867 2837 3936 impedienda.

1970 3957 2184 4016 XXVII.
2224 3958 2377 4023 Quod
2413 3973 2518 4012 non
2555 3968 2807 4028 oporteat
2848 3959 3230 4028 presbyterum
3287 3976 3476 4016 mona—

1900 4053 2058 4105 clmm
2093 4051 2209 4104 sine
2243 4052 2472 4119 mandya
2507 4049 2622 4106 sive
2647 4049 2813 4116 pallio
2843 4065 3064 4104 sacrum
3099 4051 3300 4105 facere.

1974 4140 2206 4195 XXVIII.
2258 4141 2363 4194 Eos
2416 4140 2505 4208 qui
2577 4140 2788 4193 occulta
2848 4140 3044 4193 delicta
3105 4143 3460 4208 confitentur,

1901 4234 2061 4286 debet
2107 4233 2320 4301 quidem
2378 4247 2408 4285 a
2462 4231 2847 4285 communione
2898 4246 3093 4286 arcere
3143 4234 3233 4301 qui
3281 4249 3471 4287 eorum

1901 4323 2126 4391 suscipit
2159 4323 2583 4387 confessionem;
2633 4339 2741 4377 nou
2789 4334 2970 4380 tamen
3021 4324 3283 4395 impedire
3340 4328 3473 4396 quin

1902 4414 2644 4486 ecelesiam‘ingrediantur,
2703 4432 2877 4486 neque
2925 4417 3077 4485 ipsos
3127 4419 3479 4490 ipsorumque

211 4507 450 4568 αὐτούς’
481 4506 596 4559 ἀλλ’
628 4505 893 4568 ἐπιεικῶς
926 4505 1152 4569 τούτους
1197 4506 1491 4571 νουθετεῖν,
1526 4511 1594 4578 τῇ
1631 4526 1796 4577 μετα-

1922 4522 1992 4561 'es
2036 4508 2358 4575 traducere;
2406 4506 2498 4560 sed
2548 4505 2745 4561 leniter
2790 4509 3010 4562 eosdem
3063 4511 3380 4575 admouere,
3423 4521 3484 4565 ut

212 4597 345 4666 νοίᾳ
376 4596 734 4674 προσανέχειν
778 4597 875 4648 καὶ
918 4598 1230 4667 προσευχῇ’
1273 4597 1370 4650 καὶ
1399 4600 1706 4667 οἰκονομεῖν
1732 4601 1801 4654 τὰ

213 4687 573 4757 προσήκοντα
616 4684 829 4748 τούτοις
880 4685 1137 4755 ἐπιτίμια
1165 4726 1180 4751 ,
1231 4686 1374 4739 κατὰ
1426 4686 1526 4758 τὴν
1567 4688 1800 4742 ἑκάστου

162 4768 173 4781 ’
212 4779 570 4850 προαίρεσιν.

291 4868 428 4923 KB'.
480 4869 679 4938 Μοιχοὶ
709 4869 806 4921 καὶ
830 4869 1162 4937 κτηνοϐάται
1195 4871 1291 4922 καὶ
1335 4870 1675 4941 ἀνδροφόνοι,
1709 4874 1804 4926 καὶ

210 4962 269 5014 oi
289 4958 544 5023 τοιοῦτοι,
580 4959 677 5012 ἐὰν
709 4958 924 5012 οἴκοθεν
962 4959 1062 5029 τὴν
1105 4954 1241 5012 ἰδίαν
1288 4958 1798 5029 ἐξομολογήσωνται

210 5049 475 5119 ἀνομίαν,
513 5048 709 5118 ἄδηλον
756 5051 870 5110 τοῖς
918 5048 1134 5111 πολλοῖς
1168 5047 1249 5102 ἐτι
1282 5050 1678 5120 τυγχάνουσαν,
1705 5053 1803 5122 τῆς

211 5138 513 5202 κοινωνίας
538 5140 636 5209 μὲν
677 5138 1015 5193 κεκώλυνται
1043 5141 1090 5203 ⁸,
1117 5142 1212 5193 καὶ
1238 5139 1307 5194 τὰ
1336 5142 1591 5210 ἐπιτίμια
1623 5143 1803 5213 δέχον-

208 5249 315 5286 ται
343 5249 358 5262 ·
410 5233 491 5294 εἰς
536 5231 635 5301 τὴν
672 5231 973 5301 ἐκκλησίαν
1007 5231 1065 5284 δὲ
1109 5232 1504 5301 εἰσερχόμενοι,
1559 5233 1802 5288 ἵστανται

215 5322 392 5391 μέχρι
415 5321 515 5391 τῆς
537 5321 647 5374 τῶν
674 5321 1097 5391 κατηχουμένων
1123 5321 1289 5390 εὐχῆς
1308 5339 1321 5351 ·
1357 5322 1452 5375 ἐὰν
1480 5324 1539 5377 δὲ
1569 5325 1707 5395 δῆλα
1729 5326 1800 5380 τὰ

207 5409 431 5465 τούτων
453 5403 557 5465 ὦσι
587 5410 929 5479 πταίσματα,
959 5411 1080 5462 τότε
1111 5408 1296 5461 λοιπὸν
1326 5411 1468 5463 κατὰ
1488 5412 1580 5465 τὸν
1603 5412 1805 5483 ἐκκλη-

211 5503 507 5558 σιαστικὸν
527 5502 729 5572 θεσμὸν
759 5501 1096 5572 ἐκπληροῦσι
1129 5501 1497 5572 τὰοέπιτίμια.

301 5644 321 5673 ι
388 5634 435 5687 ιι
457 5635 609 5690 Joan.
638 5636 725 5690 10.

297 5754 329 5791 l'
355 5751 427 5801 (τί.
466 5750 778 5804 κωλύονται.

1910 4598 2242 4667 ptenitentia:
2271 4608 2326 4651 ct
2353 4598 2589 4651 orationi
2623 4599 2933 4665 intendant,
2965 4614 3175 4654 necnon
3207 4600 3481 4668 paeniten-

1912 4690 2039 4742 tiam
2076 4688 2182 4741 illis
2207 4688 2616 4742 convenientem
2637 4687 2793 4756 juxta
2826 4691 3252 4761 uniuscujusque
3280 4708 3481 4762 prapo-

1915 4779 2078 4834 situm
2117 4778 2407 4831 moderari.

1986 4866 2176 4923 XXIX.
2230 4870 2499 4935 Adulteri,
2534 4869 2830 4925 bestiarum
2879 4871 3131 4935 initores,
3174 4873 3478 4939 homicidae,

1910 4967 1965 5013 et
2002 4958 2211 5012 similes
2253 4969 2594 5026 peccatores,
2648 4975 2769 5013 cum
2820 4960 2996 5015 scelus
3038 4976 3195 5015 suum
3256 4962 3479 5030 proprio

1913 5060 2060 5102 motu
2085 5048 2318 5103 confessi
2345 5048 2566 5114 fuerint,
2604 5068 2633 5103 a
2669 5053 3051 5107 connuuuione
3085 5051 3302 5120 quidem
3325 5066 3482 5106 arceo

1912 5141 2154 5207 buntur,
2195 5157 2261 5196 ac
2306 5143 2641 5211 pmnitentiaa
2688 5144 2910 5196 multam
2961 5144 3251 5212 accipient.
3301 5143 3359 5197 In
3391 5158 3482 5199 cc-

1912 5233 2134 5286 elcsiam
2177 5244 2355 5286 autem
2402 5233 2634 5302 ingressi
2673 5244 2821 5286 stant
2871 5248 3042 5300 usque
3074 5234 3141 5286 ad
3175 5233 3477 5288 orationem

1911 5324 2461 5379 Catccliumenorum.
2507 5323 2660 5390 Quod
2688 5323 2736 5378 si
2768 5323 2980 5393 publica
3010 5324 3120 5376 sint
3165 5336 3354 5377 eorum
3381 5324 3480 5377 de-

1915 5417 2064 5481 licta,
2126 5429 2255 5471 tunc
2308 5417 2563 5485 deinceps
2614 5415 2770 5483 juxta
2825 5414 3251 5469 ecclesiasticam
3306 5413 3481 5483 legem

1856 5583 1875 5598 .
1917 5507 2295 5574 paenitentiam
2322 5518 2610 5575 peragunt.
