3928 6166
434 278 539 341 859

1478 271 1536 329 S.
1576 268 1991 329 NICEPHORI
2030 266 2535 329 PATRIARCHIE
2572 271 2677 332 CP.

3564 279 3673 339 8ϋιι

504 384 674 439 XXX.
707 384 762 439 Si
790 383 955 439 laicus
982 388 1163 453 lapsus
1186 398 1313 439 suos
1341 393 1532 452 sponte
1560 383 1840 437 confessus
1875 382 1993 434 fue-

2164 381 2242 432 A'.
2316 379 2440 432 Ἐἀν
2506 381 2969 453 ἐξομολογήσηται
3022 384 3208 449 λαῖκδς
3248 387 3278 426 ιι
3349 386 3418 438 τὰ
3474 386 3669 439 ἑαυτοῦ

431 478 525 540 rit,
560 476 1018 543 dispensationem
1067 474 1326 529 adhibere
1360 484 1533 542 potest
1567 475 1658 544 qui
1687 472 1988 529 confessio-

432 550 556 621 nem
598 552 811 633 recipit.

503 657 700 712 XXXI.
726 656 805 710 Ex
833 656 1070 726 episcopi
1094 657 1471 726 permissione,
1508 654 1670 710 etiam
1701 654 1985 724 presbyter

432 748 834 816 staurOpegium
856 748 1002 812 facit,
1023 762 1118 801 seu
1141 748 1435 801 solemnem
1459 747 1638 802 crucis
1660 746 1993 800 inlixionem.

503 838 716 892 XXXII.
764 839 998 895 Usurain
1050 838 1439 907 accipientibus
1495 852 1602 891 non
1644 845 1771 890 sunt
1822 836 1996 889 danda

431 938 796 993 sacramenta,
821 944 992 998 neque
1022 944 1145 984 cum
1181 930 1248 982 iis
1279 937 1494 998 oportet
1513 927 1799 981 convivere
1827 940 1995 994 quan-

432 1022 523 1073 din
559 1020 609 1072 in
640 1020 925 1089 iniquitate
957 1020 1459 1089 perseveraverint.

502 1110 744 1166 XXXIII.
781 1109 1006 1179 Oportet
1031 1111 1327 1166 monachos
1352 1108 1607 1178 jejunare
1634 1116 1826 1176 quarta
1860 1102 1996 1158 feria

433 1202 784 1256 hebdomadas
835 1200 1087 1256 lacticinii
1136 1215 1202 1254 ac
1246 1200 1572 1267 Parasceve,
1605 1208 1662 1256 et
1697 1206 1819 1267 post
1852 1194 1997 1250 Pras-

430 1293 894 1348 sanctilicatorum
942 1293 1107 1348 linem
1138 1294 1622 1361 dimissionemque
1650 1303 1871 1345 caseum
1894 1282 1997 1341 ὀο-

432 1383 684 1446 medere,
717 1384 933 1438 ubicum
969 1383 1361 1449 habitaverint;
1408 1384 1477 1437 ad
1520 1380 1860 1435 eversionem
1895 1378 1993 1432 do-

430 1476 628 1542 gmatis
656 1472 864 1539 Jacobi,
889 1485 1049 1543 atque
1074 1476 1344 1530 hazreseos
1377 1475 1801 1530 Tetraditarum.

502 1563 742 1618 XXXIV.
778 1564 836 1618 Si
872 1567 993 1633 quis
1040 1567 1340 1620 concubina
1390 1576 1572 1631 utens,
1603 1579 1710 1619 non
1758 1562 1875 1616 vult
1903 1569 1996 1616 aut

431 1655 581 1707 illam
618 1656 948 1722 relinquere,
982 1666 1074 1709 aut
1106 1655 1483 1710 benedictione
1512 1654 1728 1718 donari,
1765 1661 1829 1715 ,et
1872 1665 1994 1706 cum

433 1747 759 1799 sacramenti
803 1746 906 1800 ritu
943 1760 1061 1800 eam
1102 1747 1324 1813 habere,
1359 1761 1464 1800 non
1495 1755 1710 1815 oportet
1752 1744 1996 1811 recipere

2125 1742 2224 1806 νίας
2256 1743 2420 1813 ἔχειν,
2452 1744 2512 1796 ού
2538 1723 2642 1814 χρὴ
2667 1723 2913 1813 δέχεσθαι
2942 1723 3027 1796 ήτά
3050 1744 3182 1813 παρ’
3228 1723 3392 1796 αύτοῦ
3432 1723 3679 1814 προσφε-
3773 1786 3783 1796 .

435 1852 554 1905 ιιιιω
577 1838 644 1890 ab
673 1837 786 1906 ipso
816 1837 1063 1892 ecclesiae
1094 1836 1416 1901 oﬂerentur,
1447 1838 1605 1906 cujus
1634 1837 1846 1892 divinas
1876 1851 2000 1890 san-

433 1927 648 1980 ctiones
675 1927 929 1993 operibus
960 1928 1267 1982 contemnit
1300 1928 1742 1997 contumeliaque
1767 1926 1951 1983 allicit.

507 2015 722 2070 XXXV.
785 2018 841 2071 Si
888 2019 1209 2083 monachus,
1242 2029 1430 2073 sancto
1498 2019 1682 2074 habitu
1732 2019 1995 2088 deposito,

432 2124 650 2163 carnem
721 2110 1038 2176 comederit,
1103 2126 1436 2179 uxoremque
1488 2111 1726 2176 duxerit,
1787 2120 2001 2180 oportet

432 2214 579 2261 eum,
625 2201 867 2253 converti
925 2200 1229 2266 nolentem,
1275 2202 1607 2255 anathemati
1640 2203 1909 2268 submitti,
1946 2212 1999 2256 et

431 2292 660 2346 invitum
697 2292 1012 2347 monasticis
1046 2292 1290 2347 vestibus
1321 2292 1492 2358 indui,
1528 2300 1691 2361 atque
1729 2293 1780 2346 in
1815 2307 2001 2348 mona-

431 2384 601 2438 sterio
622 2382 887 2437 concludi.

503 2473 748 2529 XXXVI.
781 2474 881 2541 Qui
913 2475 998 2529 vel
1025 2480 1192 2531 semel
1219 2476 1513 2532 fornicatus
1531 2485 1634 2540 est,
1659 2488 1998 2544 nequaquam

432 2567 734 2630 ordinetur,
780 2568 997 2620 tametsi
1027 2582 1056 2621 a
1092 2567 1220 2622 vitio
1272 2568 1620 2624 abscesserit.
1676 2567 1764 2620 Ait
1802 2566 1999 2635 quippe

436 2671 665 2725 magnus
699 2654 963 2710 Basilius:
999 2676 1018 2707 ι
1053 2655 1204 2712 Licet
1231 2658 1392 2712 homo
1425 2656 1734 2727 huiusmodi
1754 2666 1996 2709 mortuos

434 2744 798 2806 suscitaverit,
827 2734 1080 2800 sacerdos
1108 2761 1215 2800 non
1242 2745 1355 2801 liet.
1396 2764 1415 2796 ι

503 2833 768 2889 XXXVII.
811 2836 1037 2900 Quando
1067 2837 1360 2906 Apostolus
1383 2837 1514 2893 dicit
1540 2853 1556 2891 :
1588 2835 1646 2891 Si
1683 2837 1799 2905 quis
1826 2835 1996 2903 frater

2103 469 2394 538 σφάλματα
2434 473 2499 524 ἐκ
2529 473 2917 544 προαιρέσεως,
2948 475 3172 530 δύναται
3208 475 3434 546 ποιῆσαι
3468 477 3672 529 οἰκονο-

2105 560 2234 629 μίαν
2255 561 2283 612 ό
2303 561 2611 631 δεχόμενος.

2170 653 2296 706 ΛΑ’.
2334 654 2470 706 Κατ’
2494 655 2794 725 ἐπιτροπὴν
2822 655 2916 709 τοῦ
2948 656 3249 709 ἐπισκόπου
3276 659 3423 710 ποιεῖ
3448 674 3676 726 σταυρο-

2103 742 2297 812 πήγιον
2320 744 2414 796 καὶ
2445 744 2834 816 πρεσϐύτερος.
3137 735 3141 738 ’

2171 834 2293 886 AB'.
2345 836 2472 913 Ὅτι
2521 837 2583 889 ού
2628 838 2734 907 χρὴ
2784 839 3123 908 μεταδιδόναι
3172 843 3286 904 τοῖς
3334 839 3677 910 λαμϐάνουσι

2100 924 2281 990 τόκον,
2317 926 2350 994 ἢ
2383 926 2688 981 συνεσθίειν
2718 928 2921 995 αὐτοῖς,
2970 930 3289 998 ἐπιμένουσι
3333 932 3402 999 τῇ
3437 946 3685 998 παρανο-

2106 1017 2223 1087 μία.

2171 1106 2292 1161 AI".
2332 1110 2425 1161 Δεῖ
2454 1108 2735 1178 νηστεύειν
2762 1110 2889 1172 τοὺς
2922 1110 3192 1179 μοναχοὺς
3221 1112 3285 1181 τῇ
3318 1109 3553 1179 Τετράδι
3577 1110 3680 1176 τῆς

2101 1199 2432 1268 τυροφάγου,
2472 1198 2563 1251 καὶ
2586 1200 2653 1269 τῇ
2675 1198 3009 1270 Παρασκευῇ
3035 1215 3050 1230 ο
3076 1200 3171 1252 καὶ
3235 1199 3373 1270 μετά
3398 1198 3500 1270 τὴν
3532 1199 3678 1267 Προ-

2104 1287 2453 1357 ηγιασμένων
2474 1288 2742 1341 ἀπόλυσιν
2763 1288 2972 1342 ἐσθίειν
2997 1290 3163 1360 τυρὸν
3191 1291 3235 1355 ί,
3258 1291 3366 1359 ὅπη
3400 1288 3415 1338 i
3452 1288 3520 1341 ἂν
3553 1291 3651 1341 ἐπι

2103 1379 2450 1450 χωριάζωσιν
2470 1395 2485 1409 ο
2526 1381 2606 1442 είς
2648 1373 2964 1450 ἀνατροπὴν
2997 1379 3091 1433 τοῦ
3138 1379 3406 1449 δόγματος
3440 1378 3537 1432 τοῦ
3570 1378 3680 1432 Ἰα-

2103 1470 2305 1537 κώϐου,
2343 1470 2439 1523 καὶ
2469 1471 2569 1541 τῆς
2600 1469 2711 1523 τῶν
2740 1470 3080 1540 Τετραδιτῶν
3107 1471 3390 1541 αἱρέσεως.

2172 1564 2291 1615 ΛΔ⁹.
2334 1561 2403 1616 El
2423 1579 2506 1623 τις
2544 1561 2823 1632 παλλακὴν
2869 1564 3229 1632 κεκτημένος,
3258 1563 3319 1615 οὐ
3355 1562 3612 1631 βούλεται
3642 1567 3675 1636 ἢ

2105 1655 2424 1709 καταλιπεῖν
2454 1654 2643 1724 αὐτὴν,
2680 1654 2713 1725 ἢ
2755 1653 3117 1725 εύλογηθῆναι
3148 1656 3242 1707 καὶ
3280 1656 3424 1724 μετά
3472 1656 3678 1726 ίερολο-

2105 1834 2306 1905 ρόμενα
2333 1837 2398 1904 τῇ
2445 1833 2729 1904 ἐκκλησίᾳ,
2765 1827 2832 1904 ἦς
2883 1835 3010 1896 τοὺς
3060 1832 3239 1897 θείους
3302 1833 3545 1903 θεσμοὺς
3592 1834 3681 1888 διὰ

2100 1925 2208 1977 τῶν
2236 1924 2413 1995 ἔργων
2447 1924 2799 1995 καταφρονῶν
2832 1923 3122 1993 ἐνυϐρίζει.

2171 2019 2294 2071 ΛΕ’.
2341 2017 2464 2070 Ἐὰν
2520 2018 2749 2088 μοναχὺς
2782 2017 2843 2070 τὸ
2891 2018 3047 2086 ἆγιον
3092 2017 3433 2087 ἀποθέμενος
3492 2018 3679 2088 σχῆμα

2103 2111 2470 2181 κρεωφαγήσῃ
2498 2111 2590 2162 καὶ
2612 2112 2844 2177 γυναῖκα
2876 2110 3036 2182 λάϐῃ,
3069 2111 3151 2162 δεῖ
3174 2110 3249 2181 μὴ
3277 2111 3679 2181 ἐπιστρέφοντα

2100 2201 2310 2264 τοῦτον,
2355 2201 2660 2270 ἀναθέματι
2691 2200 3201 2279 καθυποϐληθῆναηρ
3241 2202 3336 2254 καὶ
3372 2200 3581 2254 ἄκοντα
3609 2202 3678 2255 τά

2105 2290 2374 2362 μοναχικά
2415 2290 2731 2361 ἐνδυθῆναι,
2795 2290 2892 2343 καὶ
2923 2292 3270 2362 μοναστηρίῳ
3319 2294 3681 2361 ἐγκατακλει-

2103 2382 2315 2453 σθῆναι.
2904 2371 2910 2377 ’

2171 2463 2311 2540 AC'.
2344 2475 2419 2528 Ού
2435 2475 2527 2536 ,δεῖ
2543 2474 2634 2527 τὸν
2657 2473 2804 2540 suae
2823 2474 3196 2545 πορνεύσαντα
3223 2473 3674 2543 χειροτονεῖσθαι.

2101 2564 2150 2617 εί
2179 2564 2275 2617 καὶ⁸
2305 2564 2396 2617 τοῦ
2447 2563 2654 2626 πάθους
2686 2562 2898 2634 ἀπέστη
2923 2578 2937 2593 °
2997 2564 3131 2632 φησι
3162 2562 3269 2633 γὰρ
3297 2563 3327 2613 ὁ
3356 2561 3539 2632 μέγας
3570 2550 3679 2615 Βα-

2104 2654 2323 2717 σίλειος,
2364 2673 2382 2705 ι
2420 2653 2482 2707 Et
2509 2655 2604 2708 καὶ
2629 2654 2856 2725 νεκροὺς
2900 2655 3097 2724 ἀνιστᾷ
3139 2656 3168 2706 ὁ
3196 2653 3462 2718 τοιοῦτος,
3501 2653 3677 2723 ἱερεὺς

2099 2745 2160 2797 ού
2192 2746 2479 2815 γενήσεται
2509 2745 2556 2797 ι.
2573 2764 2591 2797 ι

2168 2834 2290 2890 ΛΖ’.
2344 2837 2404 2889 Ὀ
2465 2836 2790 2899 Ἀπόστολος
2811 2836 3008 2904 λέγων,
3035 2835 3108 2889 El
3135 2851 3225 2897 τις
3250 2834 3525 2902 ἀδελφὸς
3547 2833 3678 2886 ὀνο-

434 2927 732 2980 nominatus
779 2927 848 2980 sit
887 2926 1216 2995 fornicator,
1253 2944 1371 2982 cum
1413 2928 1672 2998 ejusmodi
1702 2943 1794 2980 nec
1826 2924 1996 2979 cibum

2125 2924 2423 2996 ιαζόμενος
2434 2921 2477 2997 ᾖ
2490 2925 2738 2994 πόρνοςὶ
2749 2967 2763 2992 ,
2781 2925 2862 2991 τῷ
2875 2927 3122 2989 τοιούτῳ
3129 2923 3285 2993 μηδὲ
3302 2923 3677 2986 συνεσθίειν,

431 3031 634 3070 sumere
657 3017 709 3083 ’ς
741 3031 846 3071 non
882 3030 1042 3086 quem
1086 3017 1177 3072 ille
1206 3028 1263 3073 et
1303 3018 1393 3073 ille
1434 3016 1793 3072 fornicantem
1824 3014 1995 3078 novit,

2125 3019 2199 3088 ιύχ
2226 3018 2285 3072 ὃν
2317 3020 2345 3071 ὀ
2374 3019 2521 3071 δεῖνα
2553 3018 2649 3072 καὶ
2669 3020 2697 3071 ὁ
2718 3018 2866 3071 δεῖνα
2910 3012 3017 3070 εἶδε
3048 3028 3089 3056 ω
3135 3014 3472 3085 πορνεύοντα
3500 3012 3681 3103 λέγειν

433 3107 653 3159 videtur
682 3106 888 3172 dicere,
913 3109 1011 3162 sed
1033 3109 1387 3175 nominatum,
1418 3108 1536 3162 sive
1567 3107 1783 3162 cunctis
1815 3106 2000 3172 cogni-

436 3205 571 3246 tum.
602 3192 737 3247 Nam
786 3209 906 3262 quae
946 3195 1289 3264 impudenter
1322 3196 1735 3251 committuntur
1767 3195 1994 3259 delicta,

436 3285 668 3355 majores
695 3298 881 3355 ptenas
911 3286 1215 3341 attrahunt.

745 3394 837 3448 EX
884 3393 1273 3451 CANONIBUS
1318 3395 1689 3453 NICEPHORI

434 3502 765 3558 Sanctissimi
800 3504 1123 3578 Patriarclue
1149 3506 1261 3560 ΟΡ.
1293 3519 1340 3561 et
1382 3510 1707 3576 tecmnenici,
1750 3526 1824 3564 ex-
1839 3511 1998 3578 ipsius

771 3575 1131 3629 ecclesiasticis
1157 3579 1643 3634 constitutionibus.

503 3725 639 3781 Can.
674 3725 714 3781 1.
751 3727 807 3781 In
834 3729 1098 3785 ecclesias
1124 3731 1191 3786 ab
1225 3731 1500 3787 haereticis
1530 3732 1993 3788 intbronizatione

435 3812 730 3878 dedicatas,
763 3815 968 3885 ingredi
1005 3833 1070 3872 ex
1105 3821 1450 3884 necessitate,
1485 3820 1629 3873 velut
1661 3822 1713 3874 in
1748 3837 1997 3875 comatu-

434 3918 534 3957 nes
558 3905 723 3969 aides,
769 3914 824 3961 et
874 3907 928 3961 in
969 3908 1036 3963 iis
1076 3909 1180 3964 lira
1232 3911 1284 3965 in
1337 3912 1516 3965 medio
1569 3927 1731 3967 cruce
1770 3914 2004 3981 psallere

408 3990 834 4064 ‘permittimus;
893 4014 998 4053 non
1043 4009 1220 4055 tamen
1274 4002 1325 4056 in
1372 4003 1543 4058 altare
1590 4005 1820 4074 ingredi,
1878 4004 2001 4059 thus

434 4084 675 4153 adolere,
704 4103 919 4157 precem
949 4105 1234 4163 peragere,
1269 4108 1368 4150 nec
1392 4096 1670 4150 candelam
1700 4106 1794 4150 aut
1825 4095 2003 4150 lucer-

435 4189 561 4228 nam
588 4180 912 4234 accendere.

512 4266 596 4322 VI.
624 4267 946 4323 Monachum
977 4273 1067 4338 qui
1117 4283 1368 4328 sanctum
1426 4276 1672 4332 habitum
1728 4279 1999 4347 deposuit,

2101 3110 2268 3173 δοκεῖ,
2296 3108 2432 3161 ἀλλά
2456 3108 2547 3160 τὸν
2584 3106 3006 3177 ὀνομαζόμενον,
3062 3105 3182 3170 ἦτοι
3233 3106 3373 3156 πᾶσι
3408 3102 3677 3170 γινωσκό-

2104 3216 2263 3277 μενον
2286 3214 2299 3228 ·
2328 3199 2397 3251 τὰ
2419 3197 2527 3268 γὰρ
2545 3196 2920 3268 ἀναισχύντως
2938 3193 3434 3266 πλημμελούμενα,
3457 3192 3679 3245 πλείονα

2100 3289 2200 3359 τὴν
2229 3287 2499 3359 τιμωρίαν
2530 3288 2842 3357 ἐφέλκεται.

2549 3403 2644 3455 ΕΚ
2683 3401 2819 3454 ΤΩΝ
2875 3399 3210 3454 ΚΔΝΟΝΩΝ

2108 3515 2218 3569 Τοῦ
2252 3513 2701 3589 παγατιωτᾴτου
2728 3515 3070 3589 Νικηφόρον
3103 3508 3506 3589 πατρεὰρχου-
3520 3510 3676 3589 Κων-

2171 3579 2729 3648 σταντινουπόλεως
2758 3579 3321 3649 καίοίιιουμενικοῦ,
3344 3581 3415 3633 ὲκ
3432 3579 3557 3631 τῶν
3583 3579 3675 3627 ἑκ-

2171 3652 2618 3720 κλησιαστικῶν
2653 3654 2868 3706 τούτου
2907 3650 3283 3714 συντάξεων.

2173 3743 2312 3798 Καν.
2349 3744 2429 3797 A’.
2464 3743 2575 3805 Τὰς
2615 3742 2917 3813 ἐκκλησίας
2967 3741 3068 3804 τὰς
3102 3741 3207 3793 ὑπὸ
3235 3738 3541 3811 αίρετικῶν
3588 3738 3676 3787 ἐν-

2104 3833 2532 3904 θρονιασθείσας,
2562 3834 3052 3906 παρακελευόμεθα
3083 3834 3159 3896 ὡς
3190 3833 3270 3895 είς
3300 3835 3485 3887 κοινὸν
3532 3829 3676 3886 οἶκον

2104 3926 2243 3979 κατά
2306 3926 2550 3995 ἀνάγκην
2602 3926 2824 3979 εἰσιέναι
2879 3925 2974 3977 καὶ
3023 3924 3263 3993 ψάλλειν,
3297 3924 3584 3994 πήξαντας
3622 3926 3678 3976 ἐν

2108 4016 2260 4085 μέσῳ
2297 4014 2559 4086 σταυρόν
2585 4017 2643 4068 ἐν
2685 4016 2743 4068 δὲ
2793 4013 2869 4085 τῷ
2899 4014 3290 4085 θυσιαστηρίῳ,
3326 4015 3465 4083 μήτε
3504 4015 3677 4084 εἰσέρ-

2105 4104 2315 4175 χεσθαι,
2352 4107 2491 4176 μήτε
2539 4106 2759 4176 θυμιᾷν,
2814 4107 2951 4176 μήτε
3004 4106 3171 4177 εὐχὴν
3221 4106 3517 4171 ἐπιτελεῖν,
3546 4107 3678 4175 μήτε

2106 4197 2431 4269 κανδήλαν-εῆ
2474 4198 2664 4267 λύχνον
2691 4198 2904 4255 ἀπτειν.

2179 4290 2270 4354 ς’.
2311 4289 2433 4342 Ὀτι
2487 4288 2568 4340 δεῖ
2622 4288 2714 4342 τὸν
2760 4288 3057 4343 ἀθετοῦντα
3115 4288 3344 4359 μοναχὸν
3399 4288 3461 4340 τὸ
3526 4287 3680 4355 ἅγιον

438 4370 736 4425 rursusque
754 4359 1117 4424 convertitur,
1154 4371 1370 4430 oportet
1398 4377 1428 4417 a
1462 4363 1722 4422 fratribus
1743 4365 1797 4420 in
1825 4366 1996 4422 ollicio

2125 4381 2319 4449 rxmtw,
2368 4379 2462 4432 καὶ
2507 4379 2668 4433 πάλιν
2711 4379 3131 4450 ἐπιστρέφοντα,
3164 4377 3528 4449 κατηχεῖσθαι
3579 4376 3679 4429 ὑπο

339 4520 345 4527 1
438 4443 676 4510 institui,
732 4462 843 4501 non
905 4457 1084 4503 tamen
1140 4465 1236 4520 per
1288 4451 1637 4520 Catecbeses,
1694 4457 1789 4512 sed
1843 4448 2003 4526 prout

438 4536 734 4606 unicuique
783 4541 1160 4607 suppeditatur
1207 4559 1275 4598 ex
1311 4544 1494 4600 verbis
1535 4546 1768 4603 Domini.
1806 4550 1913 4603 Sed
1946 4561 2000 4606 et

437 4628 667 4698 psallere
715 4639 929 4699 Oportet
982 4636 1422 4703 compunctivuin
1476 4652 1741 4693 canoncm
1797 4641 2000 4711 obliqui

442 4718 574 4780 toni,
612 4732 678 4773 ac
732 4734 932 4789 ponere
966 4723 1134 4792 ipsius
1169 4735 1349 4780 vestes
1401 4729 1453 4781 in
1505 4730 1667 4784 altari
1716 4734 1815 4786 sub
1846 4748 2002 4786 sacra

440 4825 647 4878 mensa,
678 4822 734 4865 ut
763 4828 887 4867 cum
935 4814 1155 4871 habitus
1186 4818 1456 4885 sumitur;
1489 4830 1651 4891 atque
1675 4833 1796 4892 post
1829 4823 2007 4878 Evan-

438 4902 635 4972 gelium
692 4905 870 4959 missa:
919 4909 1234 4963 monasterii
1281 4913 1605 4980 prmpositus
1670 4914 1830 4969 debet
1880 4930 2004 4969 eum

358 5051 363 5056 ,
441 4992 687 5055 tondere,
724 5001 779 5046 et
844 4994 1036 5048 habitu
1089 4996 1339 5062 Induere,
1392 4999 1598 5070 absque
1654 5001 1763 5057 ulla
1817 5004 2006 5058 excla-

439 5081 701 5135 matione.

510 5169 600 5225 IX.
639 5171 716 5225 Ex
748 5178 1029 5230 sacerdote
1051 5179 1144 5249 qui
1172 5180 1383 5247 quartis
1413 5182 1689 5250 sextisque
1714 5183 1870 5239 feriis
1900 5201 2005 5239 non

433 5263 666 5336 jejunat,
698 5273 1210 5327 communicandum
1232 5278 1353 5329 'nou
1387 5287 1503 5339 est,
1534 5279 1783 5345 quamvis
1812 5281 2000 5336 ortho-

440 5364 614 5411 doxus
636 5373 757 5413 esse
787 5361 1055 5419 videatur.
1093 5364 1303 5419 Etenim
1336 5382 1401 5420 ex
1437 5377 1593 5436 parte
1625 5370 1708 5437 pie
1739 5386 1919 5440 agere,
1954 5380 2007 5426 ct

439 5461 503 5501 ex
540 5458 693 5517 parte
743 5452 1038 5524 inquinari,
1076 5458 1366 5526 profanum
1402 5459 1779 5531 iinpurumque
1811 5474 1908 5518 est.

509 5562 527 5589 ²
572 5561 585 5613 Ι
619 5560 744 5615 Cor.
781 5579 828 5625 ν,
869 5567 953 5619 Il.

508 5671 535 5709 *-
574 5672 645 5726 al.
675 5674 955 5743 κοσμικὸέ.

2109 4471 2216 4524 τῶν
2247 4470 2492 4541 ἀδελφῶν
2518 4471 2586 4524 τά
2613 4471 2824 4534 δέοντα,
2865 4471 2979 4524 ἀλλ’
3010 4470 3128 4541 οὐχὶ
3175 4472 3240 4523 ἐκ
3278 4469 3678 4539 τῶνκΚατηχή-

2114 4579 2284 4626 σεων,
2338 4563 2454 4615 ἀλλ’
2495 4563 2725 4625 ἕκαστος
2768 4562 2828 4626 ἐξ
2857 4555 2933 4616 ὧν
2972 4563 3389 4632 ἐπιχορηγεῖται
3414 4559 3524 4613 ὑπὸ
3590 4556 3677 4611 τοῦ

2113 4652 2321 4722 Κυρίου
2351 4652 2552 4719 λόγων
2578 4651 2670 4704 καὶ
2693 4650 2915 4721 ψάλλειν
2947 4650 3038 4703 τὸν
3065 4648 3455 4703 κατανυκτικδν
3478 4647 3678 4700 κανόνα

2111 4742 2206 4795 τοῦ
2242 4742 2470 4809 πλαγίου
2498 4743 2630 4812 ἡχου
2664 4758 2678 4773 ⁸
2706 4743 2801 4795 καὶ
2833 4740 3040 4794 τιθέναι
3080 4740 3149 4794 τά
3204 4740 3398 4809 ἱμάτια
3426 4737 3595 4791 αὑτοῦ
3622 4738 3676 4789 ἐν

2110 4830 2187 4899 τῷ
2239 4830 2611 4902 θυσιαστηρίῳ
2654 4830 2913 4883 ὑποκάτω
2941 4831 3040 4900 τῆς
3078 4828 3239 4895 ἁγίας
3276 4827 3583 4898 τραπέζης,
3608 4827 3677 4885 ὡς

2111 4923 2204 4974 ἐπὶ
2251 4922 2344 4975 τοῦ
2387 4923 2666 4994 σχήματος
2699 4938 2713 4953 ·
2746 4922 2839 4975 καὶ
2888 4921 2994 4975 ἀπὸ
3033 4920 3128 4974 τοῦ
3193 4919 3534 4986 Εὐαγγελίου
3588 4917 3679 4983 τῆς

2110 5011 2454 5087 λειτουργίας
2501 5011 2783 5082 κουρεύειν
2827 5011 2989 5064 αὐτὸν
3043 5009 3135 5062 τὸν
3179 5007 3485 5078 ἡγούμενον
3519 5023 3534 5037 ·
3592 5005 3678 5057 καὶ
3768 5034 3773 5039 -

2112 5101 2318 5155 ἐνδύειν
2346 5103 2407 5153 τὸ
2434 5102 2618 5171 σχῆμα
2644 5101 2810 5171 μηδὲν
2833 5098 3203 5169 ἐκφωνοῦντα.

2181 5192 2259 5247 8'.
2296 5193 2400 5244 Τὸν
2429 5192 2502 5261 μὴ
2527 5190 2857 5261 νηστεύοντα
2903 5189 3149 5261 Τετράὁα
3191 5190 3286 5242 καὶ
3321 5186 3677 5260 Παρασκευὴν

2114 5283 2283 5352 ἱερέα,
2311 5283 2369 5333 οὐ
2404 5282 2509 5353 χρὴ
2544 5284 2819 5335 κοινωνεῖν
2859 5280 2918 5345 ἐξ
2965 5280 3152 5341 αὑτοῦ,
3182 5279 3286 5332 κᾶν
3337 5279 3469 5349 δοκῇ
3526 5276 3675 5345 ὀρθό-

2108 5376 2256 5441 δοξος
2309 5368 2449 5426 εἷναι
2484 5385 2498 5400 ·
2551 5373 2612 5427 τὸ
2668 5373 2776 5441 γὰρ
2814 5376 2877 5426 ἐκ
2936 5373 3135 5443 μέρους
3174 5370 3446 5435 εὐσεϐεῖν,
3483 5369 3577 5423 καὶ
3616 5368 3673 5418 ἐκ

2041 5466 2057 5478 ’
2116 5468 2313 5537 μέρους
2350 5464 2675 5529 κοινοῦσθαι,
2711 5463 2956 5534 βέϐηλον.

1040 5682 1051 5716 ι
1082 5679 1153 5732 al.
1180 5681 1338 5749 τυρὸν
1368 5684 1455 5736 καὶ
1481 5682 1582 5738 ὠά.
1666 5683 1679 5736 i
1731 5686 1803 5741 al.
1836 5689 1993 5745 ὅπου.

2139 5693 2213 5746 al.
2244 5690 2454 5760 γίνεται
2485 5699 2539 5747 ct
2559 5688 2804 5761 γένηται.
2887 5684 2904 5727 ι
2941 5685 3005 5741 ab
3034 5696 3106 5742 cst
3139 5688 3200 5741 ab
3232 5688 3305 5741 al.
3380 5696 3419 5719 ¹¹¹
3456 5687 3526 5741 al.
3547 5680 3667 5741 οἶδε.
