3928 6166
280 321 384 386 861

1747 329 2107 392 CANONES.

3449 329 3554 391 862

353 433 474 502 ις’.
526 433 650 486 Ὅτι
703 434 784 487 δεῖ
843 435 969 498 τοὺς
1024 435 1430 506 ἐργαζομένους
1495 441 1764 509 μοναχοὺς
1802 443 1867 508 τῇ

2049 440 2188 496 XVI.
2228 441 2380 508 Quod
2413 447 2666 511 oporteat
2711 427 3010 496 monachos
3046 438 3136 508 qui
3171 453 3268 509 per
3307 452 3549 494 sanctam

280 527 419 600 ἁγίᾳ
453 528 877 598 Τεσσαρακοστῇ
917 528 1016 599 τὴν
1072 527 1288 598 θ”ὥραν
1342 531 1642 596 γεύσασθαι
1699 532 1868 598 ἄρτου

280 620 540 691 βραχέος.
581 619 678 674 καὶ
699 623 766 691 τῇ
792 621 1006 691 ἑσπέρᾳ
1027 620 1283 678 δειπνεῖν.

351 713 456 766 ῙΖ’.
493 713 616 766 Ὀτι
659 713 720 766 οὐ
756 712 862 782 χρὴ
891 713 948 764 ὲν
992 715 1058 783 τῇ
1105 713 1238 784 ἁγίᾳ
1280 713 1704 786 Τεσσαρακοστῇ
1744 715 1870 778 τοὺς

283 803 561 872 μοναχοὺς
589 801 855 872 ἐργασίαν
897 804 1088 866 ποιεῖν,
1119 802 1214 854 καὶ
1243 803 1518 873 προφάσει
1545 803 1640 856 τοῦ
1681 802 1868 872 ἔργου,

280 889 580 944 καταλύειν
605 891 682 953 εἰς
708 886 850 943 οἶνον
878 889 974 944 καὶ
1011 889 1190 944 ἔλαιον
1225 907 1238 921 ο
1269 889 1445 944 ταῦτα
1487 891 1598 960 γὰρ
1644 909 1870 962 γαστρι-

284 999 436 1053 μαργ
447 983 528 1045 ta;
553 981 983 1052 ἐπιτηδεύματα.

358 1073 464 1126 ιθπ
496 1073 644 1126 Πόσα
674 1073 952 1140 κεφάλαια
998 1071 1318 1126 ἐκϐάλλουσι
1358 1073 1451 1125 τὸν
1493 1073 1728 1142 μοναχὸν
1763 1073 1870 1126 ἀπὸ

282 1167 387 1237 τῆς
414 1166 622 1236 μονῆς;
653 1164 878 1234 Πρῶτον
911 1165 1032 1235 μὲν,
1071 1167 1120 1216 εἰ
1148 1165 1296 1218 ἐστιν
1321 1166 1352 1218 ὁ
1383 1165 1686 1235 ἡγούμενος
1716 1168 1868 1230 αἱρε-

281 1255 440 1318 τικός
471 1272 486 1288 ο
536 1256 885 1328 δεύτερον,εί
933 1255 1082 1309 ἐστιν
1137 1256 1340 1319 εἴσοδος
1369 1254 1647 1324 γυναικῶν
1699 1259 1756 1308 ἐν
1801 1260 1868 1326 τῇ

286 1349 426 1420 μονῇ
455 1363 471 1380 ·
499 1347 562 1401 τὸ
589 1348 646 1401 δὲ
677 1348 884 1419 τρίτον,
915 1345 1012 1400 ἐὰν
1045 1347 1234 1400 παιδία
1271 1347 1588 1418 μανθάνωσι
1631 1347 1871 1416 κοσμικὰ

282 1443 346 1494 ἐν
371 1439 446 1511 τῷ
473 1439 726 1511 κοινοὸίῳ
759 1457 773 1471 ι
801 1439 1002 1494 ἄτοπον
1035 1438 1146 1510 γὰρ
1171 1438 1350 1504 τοῦτο,
1369 1439 1431 1492 τὸ
1450 1439 1514 1509 δη
1523 1438 1869 1509 μοσιεύεσθαι

281 1534 356 1586 τὰ
401 1535 460 1586 ὲν
511 1535 578 1605 τῇ
624 1534 758 1604 μονῇ
813 1531 997 1594 καλῶς
1054 1531 1407 1602 πραττόμενα
1443 1547 1457 1561 °
1497 1531 1573 1594 ὥς
1621 1549 1759 1604 φησι
1809 1534 1870 1584 τὸ

281 1623 623 1692 Εὐαγγέλιον
655 1639 670 1654 ο
727 1622 825 1692 Μὴ
861 1623 1209 1692 σαλπίσητε
1254 1623 1598 1691 ἔμπροσθεν
1647 1622 1815 1692 ὑμῶν
1850 1664 1866 1690 ,

281 1713 433 1768 ὅταν
447 1708 518 1768 εὖ
541 1711 772 1781 ποιῆτε.

1977 529 2464 599 Quadragesimam
2521 545 2686 598 opera
2727 529 2958 595 iaciunt,
2991 529 3123 583 hora
3180 546 3321 584 nona
3358 545 3550 600 parum

1975 622 2134 688 panis
2163 637 2402 688 sumere,
2442 635 2668 690 vespere
2703 631 2884 674 autem
2913 633 3154 674 camare.

2042 705 2204 762 XVII.
2246 708 2357 762 Non
2383 710 2579 762 debent
2603 709 2852 762 monachi
2893 724 3086 778 magna
3123 708 3577 779 Quadragesimr

1973 813 2150 864 operae
2190 799 2524 865 incumbere,
2566 814 2628 853 ac
2655 799 2837 869 operis
2867 808 3128 866 praetextu
3163 801 3373 854 solvere
3403 801 3552 870 jeju~

1972 889 2120 941 nimn
2153 905 2248 957 per
2301 891 2486 944 vinum
2531 901 2586 944 et
2616 890 2819 944 oleum.
2861 887 2987 944 [late
3036 890 3178 945 enim
3235 891 3370 962 gulae
3423 902 3552 947 sunt

1973 978 2194 1031 inventa
2219 977 2260 1032 ³.

2044 1063 2188 1120 XIX.
2218 1067 2360 1132 Quot
2393 1083 2571 1122 causa:
2602 1069 2928 1124 mouaclmm
2972 1082 3002 1122 e
3036 1069 3365 1124 monasterio
3397 1070 3549 1124 exire

1973 1158 2343 1224 compellunt?
2373 1159 2557 1212 Primo
2579 1159 2796 1227 quidem
2823 1161 2867 1214 si
2901 1160 3224 1228 praepositus
3255 1161 3548 1216 haereticus

1970 1249 2040 1300 sit
2081 1266 2093 1300 :
2144 1249 2385 1302 secundo
2434 1250 2477 1302 si
2529 1251 2848 1304 monasterii
2913 1237 3170 1306 introitus
3229 1251 3549 1306 mulieribus

1970 1338 2319 1407 permittatur
2361 1358 2373 1392 :
2407 1341 2573 1394 tertio
2603 1341 2840 1410 denique
2869 1342 3087 1411 quando
3131 1341 3294 1396 ludus
3339 1343 3549 1398 littera-

1973 1431 2086 1485 rius
2117 1433 2172 1486 iu
2209 1430 2467 1489 cten‘obio
2517 1435 2701 1503 pueris
2728 1431 3084 1488 saecularibus
3115 1433 3395 1499 aperitur;
3445 1435 3548 1488 hoc

1969 1520 2114 1574 enim
2165 1523 2464 1578 absurdum
2505 1533 2610 1589 est,
2641 1538 2762 1592 quae
2813 1523 2866 1574 in
2904 1520 3238 1576 monasterio
3290 1522 3548 1590 praeclare

1971 1623 2202 1681 aguntur
2228 1614 2510 1681 evulgari;
2547 1615 2690 1668 sicut
2730 1612 3085 1680 Evangelitnn
3139 1612 3270 1666 dicit
3311 1629 3324 1665 :
3372 1610 3547 1665 Nolite

1969 1704 2094 1756 tuba
2133 1718 2319 1756 canere
2347 1712 2470 1758 ante
2505 1720 2614 1768 vos,
2646 1717 2761 1754 cum
2794 1701 2918 1754 bene
2950 1699 3128 1768 facilis
3152 1700 3194 1756 ⁸.

355 1803 488 1858 ΚΘ.
512 1803 622 1874 Τὴν
664 1769 1124 1875 ἲεσσαρακοστὴν
1162 1803 1273 1857 τῶν
1300 1803 1474 1872 ἁγίων
1507 1802 1865 1866 Ἀποστόλων,

2042 1787 2236 1844 XXIX.
2299 1790 2728 1860 Quadragesima
2811 1802 2908 1842 seu
2969 1787 3178 1856 jejunio
3235 1796 3544 1841 sanctorum

279 1892 514 1964 ἡτοιτὴν
541 1895 804 1964 νήστιμον
828 1893 1030 1957 αὐτῶν,
1062 1893 1170 1964 χρὴ
1191 1894 1496 1964 νηστεύειν,
1520 1893 1750 1963 Τετράδι
1774 1893 1867 1946 καὶ

279 1983 639 2054 Παρασκευῇ,
693 1985 821 2046 τοὺς
858 1983 1280 2053 ἐργαζομένους,
1329 1983 1432 2046 ἕως
1479 1983 1626 2054 ὥρας
1677 1983 1863 2053 ἕκτης.

279 2073 382 2127 καὶ
428 2071 600 2136 οὕτως
653 2071 934 2140 γεύεσθαι,
963 2072 1058 2126 καὶ¹
1121 2074 1224 2143 τὴν
1280 2073 1325 2126 θ’
1373 2073 1523 2146 ῶραν
1587 2075 1820 2146 ἀριστᾷν
1851 2090 1867 2106 ο

279 2160 547 2225 ὡσαύτως
589 2161 646 2214 δὲ
691 2162 786 2216 καὶ
827 2161 923 2215 τοῦ
972 2161 1129 2230 ἁγίου
1175 2161 1466 2226 Φιλίππου,
1507 2161 1656 2234 ῶραν
1699 2161 1868 2232 ἕκτην

279 2251 565 2321 γεύεσθαι,
597 2253 692 2306 καὶ
708 2252 948 2342 ἑσπέρας
977 2253 1216 2306 δειπνεῖν
1237 2271 1251 2284 ·
1279 2254 1404 2316 τοὺς
1436 2253 1493 2307 δὲ
1513 2254 1572 2306 ὲν
1594 2256 1662 2324 τῇ
1705 2257 1864 2324 μονῇ,

280 2344 435 2410 ἅπαξ
465 2345 566 2409 ἕως
588 2346 848 2416 ἑσπέρας.

355 2513 500 2582 NG".
531 2515 656 2569 Ἐὰν
685 2513 1056 2586 πρεσϐύτερός
1091 2515 1261 2582 ἔστιν,
1289 2515 1321 2586 ἢ
1353 2514 1623 2582 διάκονος,
1653 2515 1686 2585 ἢ
1734 2515 1866 2570 ἀνα-

277 2605 533 2676 γνώστης
564 2605 964 2680 καθῃρημένος,
1001 2607 1096 2661 καὶ
1115 2608 1316 2678 εὑρεθῇ
1367 2607 1624 2678 μοναχδς,
1650 2606 1867 2676 εύλογεῖ

278 2698 384 2767 τὴν
409 2697 706 2766 τράπεζαν.

355 2787 494 2857 EG’.
539 2789 664 2844 Ἐάν
709 2805 794 2852 τις
853 2787 1098 2860 ἀθετήσῃ
1141 2788 1204 2841 τὸ
1228 2787 1386 2856 ἅγιον
1430 2789 1637 2858 σχῆμα,
1668 2787 1764 2840 καὶ
1802 2787 1862 2840 οὐ

279 2877 614 2950 διορθοῦται,
656 2877 756 2949 τὴν
808 2875 866 2932 δὲ
916 2875 1228 2948 ὁρθοδοξίαν
1277 2879 1479 2948 κρατῇ,
1507 2876 1569 2930 ού
1627 2875 1734 2946 χρὴ
1773 2876 1864 2928 τὸν

278 2968 525 3023 τοιοῦτον
555 2967 676 3022 ὑπὸ·
702 2969 901 3038 στέγην
957 2968 1134 3037 ἄγειν,
1159 2966 1283 3020 οὔτε
1315 2967 1614 3022 συνεσθίειν
1633 3006 1650 3032 ,
1683 2966 1717 3038 ἢ
1741 2967 1864 3037 χαί-

287 3075 410 3135 ρειν
441 3058 642 3128 λέγειν.

612 3172 724 3229 Τοῦ
779 3171 1148 3242 πατριάρχου
1176 3174 1542 3242 Νικηφόρον.

373 3286 434 3342 Ὁ
457 3286 715 3358 δημοσίου
750 3285 960 3356 κλοπῆς
993 3285 1250 3349 ἑαλωκὼς
1283 3287 1414 3356 περὶ
1433 3287 1504 3340 τὰ
1547 3287 1869 3357 καφαλαιῶ-

281 3379 356 3448 δη
373 3376 686 3447 κλέμματα,
723 3376 823 3446 οὐχ
861 3377 1074 3446 ἱερᾶται
1097 3392 1110 3405 ο
1137 3375 1277 3429 ἀλλὰ
1299 3375 1393 3429 καὶ
1413 3379 1441 3430 ὁ
1471 3377 1742 3446 ἱερωθεὶς,
1772 3378 1869 3431 καὶ

282 3468 368 3538 τῷ
393 3467 620 3536 τοιούτῳ
663 3465 1000 3538 περιπεσὼν,
1034 3465 1400 3536 καθαιρεῖται.

895 3643 1006 3699 Τοῦ
1040 3635 1249 3701 αὑτοῦ.
1336 3672 1348 3689 ι

361 3737 445 3792 Τὰ
485 3739 822 3808 ἀντιμίνσια,
852 3737 980 3792 ἔνθα
1024 3737 1092 3790 ἂν
1149 3737 1310 3808 χρεία
1364 3737 1586 3808 γένηται
1639 3739 1865 3808 τούτων,

284 3828 585 3894 ἀκωλύτως
619 3828 1108 3899 παραπέμπονται,
1133 3829 1228 3882 καὶ
1249 3829 1311 3881 ού
1344 3829 1780 3900 περιγράφονται
1809 3832 1869 3884 ὲν

283 3922 419 3990 τῇδε
443 3925 509 3994 τῇ
533 3922 767 3996 ὲνορίᾳῆ
797 3921 1010 3994 ἐκείνῃ,
1043 3921 1178 3975 ἀλλὰ
1195 3922 1289 3975 καὶ
1321 3921 1590 3993 ὑπερόρια
1605 3922 1866 3990 γίνονται,

175 4007 194 4012 ’
284 4014 436 4068 καθὰ
461 4014 555 4068 καὶ
583 4013 645 4066 τὺ
683 4014 827 4067 θεῖον
856 4013 1052 4085 μύρον.
1114 4013 1422 4068 Καλοῦνται
1471 4013 1528 4068 δὲ
1577 4013 1771 4079 οὕτως,
1793 4014 1868 4078 ὡς

284 4101 682 4170 ἁντιπρόσωπα
742 4101 840 4154 καὶ
890 4101 1159 4154 ἀντίτυπα
1207 4101 1317 4155 τῶν
1361 4101 1571 4155 πολλῶν
1641 4104 1868 4174 μίνσων,

283 4193 397 4246 τῶν
422 4192 860 4264 καταρτιζόντων
883 4193 984 4265 τὴν
1007 4193 1169 4261 ἁγίαν
1196 4193 1293 4248 καὶ
1309 4194 1646 4266 Δεσποτικὴν
1663 4195 1869 4266 τράπε-

285 4285 411 4349 ζαν.
479 4286 698 4356 κυρίως
723 4285 781 4338 δὲ
840 4285 928 4340 ἐπ’
955 4287 1195 4350 ἐκείναις
1225 4287 1334 4340 τῶν
1361 4288 1652 4360 τραπεζῶν
1696 4289 1870 4342 τίθεν-

283 4393 399 4438 ται,
438 4375 505 4440 ἃς
531 4376 860 4449 καθιέρωσις
890 4377 989 4450 οὐχ
1013 4377 1262 4448 ἡγίασεν.

535 4575 599 4627 '0
620 4575 693 4630 ιδ’
720 4575 827 4630 τοῦ
843 4576 1213 4648 πατριάρχου
1249 4578 1612 4647 Νικηφόρον.

356 4687 452 4738 Δεῖ
473 4685 573 4749 τὰς
599 4687 940 4757 μοναζούσας
961 4689 1192 4742 εἰσιέναι
1209 4690 1288 4752 εἰς
1313 4687 1376 4742 τὸ
1395 4689 1552 4756 ἅγιον
1576 4688 1868 4762 θυσιαστή-

289 4795 426 4848 ριον,
459 4778 556 4832 καὶ
589 4777 782 4832 ἅπτειν
826 4779 996 4850 κηρὸν
1024 4780 1122 4833 καὶ
1165 4779 1461 4852 κανδήλας,
1497 4781 1593 4834 καὶ
1641 4785 1867 4852 κοσμεῖν

282 4868 378 4922 τὸν
400 4867 529 4921 ναόν
564 4883 581 4899 ο
615 4869 756 4924 κατὰ
776 4869 1096 4940 περίστασιν
1123 4869 1220 4922 καὶ
1245 4869 1476 4940 μοναχὸς
1508 4870 1652 4934 λιτὸς
1675 4871 1867 4941 βαπτί-

283 4960 392 5024 ζει.
443 4959 718 5022 Ὡσαύτως
760 4960 858 5014 καὶ
895 4959 1161 5023 διάκονος.
1223 4961 1345 5014 Καὶ·
1394 4958 1580 5023 λαῖκδς
1631 4961 1709 5026 δὲ,
1771 4961 1866 5030 ἐὰν

282 5053 488 5124 εὑρεθῇ
506 5054 586 5117 είς
612 5053 801 5119 τόπον,
821 5053 898 5124 μὴ
927 5053 1080 5116 ὖντος
1111 5052 1323 5123 ἱερέως.

895 5165 1004 5220 Τοῦ
1047 5166 1256 5221 αὐτοῦ.

367 5274 497 5329 Ἐὰν
529 5276 668 5348 γυνὴ
693 5278 950 5350 γεννήσῃ,
985 5279 1078 5331 καὶ
1099 5277 1248 5332 ἔστιν
1301 5281 1360 5334 ὲν
1388 5280 1616 5352 κινδύνῳ
1646 5283 1707 5336 τὸ
1732 5299 1864 5336 παι-

277 5367 418 5432 δίον,
472 5367 582 5420 ἀπὸ
626 5369 849 5439 ἡμερῶν
899 5369 1067 5442 τριῶν
1109 5371 1144 5443 ἢ
1175 5372 1380 5426 πέντε·
1415 5374 1478 5428 τὸ
1509 5377 1608 5445 μὲν
1654 5376 1863 5430 παιδίον

278 5455 635 5528 φωτισθήτω,
667 5457 806 5527 ἄλλη
825 5459 882 5512 δὲ
915 5460 1052 5531 γυνὴ
1080 5459 1489 5534 βεϐαπτισμένη
1527 5464 1621 5516 καὶ
1647 5463 1864 5534 καθαρὰ

1971 1884 2338 1952 apostolorum
2364 1889 2580 1951 oportet
2605 1879 2886 1948 operarios
2907 1880 3206 1932 monachos
3238 1878 3288 1931 iu
3313 1877 3548 1932 Tetrade

1970 1988 2036 2029 ae
2082 1973 2387 2030 Paraseeve
2439 1971 2690 2042 jejunare
2737 1983 2910 2039 usque
2951 1969 3018 2022 ad
3074 1971 3262 2022 horam
3311 1977 3544 2032 sextam,

1968 2070 2264 2130 posteaque
2309 2060 2508 2125 edere,
2564 2059 2698 2114 hora
2747 2073 2878 2111 vero
2931 2072 3074 2110 nona
3136 2057 3436 2125 prandere;
3491 2069 3547 2112 et

1967 2151 2242 2206 consimili
2287 2152 2446 2206 modo
2507 2147 2935 2218 Quadragesima
2992 2155 3048 2201 et
3093 2145 3309 2215 'jejunio
3368 2148 3546 2202 sancti

1967 2239 2226 2310 Philippi,
2282 2241 2416 2295 hora
2469 2248 2622 2294 sexta
2653 2246 2899 2308 gustare,
2955 2249 3018 2291 ac
3049 2236 3258 2304 vesperi
3293 2251 3545 2304 caenare;

1968 2345 2064 2387 eos
2095 2341 2277 2386 autem
2309 2331 2402 2402 qui
2435 2331 2490 2385 in
2541 2328 2879 2384 monasterio
2913 2335 3256 2392 manserunt,
3284 2327 3451 2382 semel
3478 2329 3546 2382 ad

1967 2438 2250 2492 vesperam
2293 2422 2606 2478 comedere.

2039 2511 2175 2567 LVI.
2219 2513 2276 2568 Si
2307 2512 2586 2584 depositus
2611 2511 2901 2582 presbyter
2937 2509 3102 2574 adsit,
3133 2517 3226 2564 aut
3257 2509 3543 2574 diaconus,

1969 2618 2060 2663 aut
2089 2608 2281 2673 lector,
2316 2617 2373 2662 et
2408 2606 2714 2661 monachus
2743 2603 3000 2658 inventus
3036 2603 3222 2668 fuerit,
3258 2601 3348 2657 hic
3377 2603 3545 2659 bene-

1967 2700 2260 2756 dictionem
2293 2713 2495 2754 mensa:
2519 2696 2673 2752 facit.

2039 2789 2174 2845 LXI.
2239 2789 2451 2860 Siquis
2501 2787 2763 2856 abiecerit
2817 2794 3063 2842 sanctum
3129 2785 3394 2852 habitum,
3445 2800 3545 2841 nec

1968 2883 2306 2946 emendatur,
2347 2889 2546 2934 rectam
2579 2893 2706 2932 vero
2753 2878 2913 2932 tidem
2969 2887 3135 2941 tenet,
3192 2893 3297 2934 non
3331 2887 3546 2948 oportet

1971 2971 2284 3042 hujusmodi
2339 2969 2611 3024 hominem
2651 2978 2798 3022 tecto
2820 2967 3045 3034 donare,
3082 2983 3258 3038 neque
3302 2983 3422 3023 cum
3456 2967 3546 3022 illo

1897 3100 1940 3158 ο
1974 3065 2143 3130 vesci,
2179 3073 2272 3117 aut
2296 3063 2413 3118 Ave
2442 3061 2492 3116 ei
2532 3061 2740 3115 dicere.

2417 3168 2704 3240 Nicepltori
2760 3167 3100 3238 patriarcltw.

2042 3286 2144 3354 Qui
2177 3283 2379 3355 publici
2411 3281 2542 3336 furti
2579 3281 2863 3336 convictus
2895 3289 2979 3334 est
3020 3279 3076 3333 iu
3107 3280 3268 3335 furtis
3295 3279 3546 3350 capitali-

1969 3380 2094 3442 bus,
2144 3378 2211 3432 ad
2251 3375 2620 3432 sacerdotium
2660 3388 2772 3427 non
2823 3371 3156 3426 admittitur.
3209 3371 3348 3438 Quin
3380 3371 3545 3426 etiam

1875 3473 1887 3487 ‘
1969 3469 2272 3526 sacerdotio
2304 3467 2568 3533 initiatus,
2593 3463 2638 3520 si
2665 3463 2771 3518 tale
2831 3463 3036 3518 crimen
3068 3462 3346 3527 inciderit,
3381 3464 3544 3530 depo-

1967 3563 2137 3618 nitur.

2620 3646 2893 3716 Ejusdem.

2040 3740 2367 3796 Autiminsia
2416 3739 2553 3794 citra
2585 3737 3006 3808 prohibitionem
3035 3777 3050 3802 ,
3089 3736 3398 3804 ubicunque
3433 3732 3539 3788 fue-

1973 3836 2043 3889 rit
2067 3835 2134 3890 iis
2167 3848 2331 3902 opus,
2359 3831 2672 3895 mittuntur,
2702 3842 2802 3882 nec
2830 3827 2912 3882 vel
2955 3829 3055 3882 hac
3084 3827 3168 3881 vel
3196 3827 3282 3880 illa
3325 3827 3544 3894 regione

1970 3924 2526 3986 circumscribuntur,
2551 3921 2645 3976 sed
2677 3921 2729 3975 in
2759 3921 2920 3974 aliam
2955 3933 3170 3988 quoque
3203 3917 3542 3987 provinciam

1972 4016 2400 4080 transferuntur,
2437 4012 2582 4067 sicut
2609 4023 2666 4066 et
2693 4025 2910 4066 sacrum
2939 4015 3296 4077 unguentum.
3336 4005 3428 4060 Sic
3451 4021 3546 4058 au-

1973 4121 2078 4164 tem
2125 4106 2489 4179 appellantur,
2542 4103 2691 4160 velut
2755 4101 3004 4172 opposita
3052 4109 3106 4152 et
3161 4094 3546 4167 respondentia

1971 4200 2154 4256 multis
2203 4198 2314 4254 illis
2368 4196 2574 4250 mensis
2615 4193 2780 4265 (quid
2819 4191 3150 4247 antiminsiu.
3211 4187 3408 4241 Missus
3447 4183 3545 4238 alii

1971 4292 2264 4362 reddunt),
2315 4305 2441 4364 qua:
2503 4302 2721 4343 sacram
2781 4296 2836 4342 et
2898 4282 3233 4340 Dominicam
3303 4292 3545 4343 mensam

1972 4385 2284 4440 absolvunt.
2318 4381 2548 4452 Proprie
2580 4394 2732 4445 vero,
2781 4392 2996 4432 mensas
3041 4375 3162 4430 illas
3210 4372 3543 4442 signiﬁcant,

1972 4490 2105 4542 quas
2136 4473 2484 4538 consecratio
2511 4487 2618 4527 non
2650 4467 3034 4526 sanctilicavit.

2285 4585 2426 4640 XIV.
2465 4581 3113 4654 Nicephori'patriarelta:
3145 4579 3188 4632 ⁸.

2042 4697 2344 4752 Monachas
2389 4695 2690 4752 sacrarium
2741 4691 2950 4764 ingredi
2983 4699 3219 4762 oportet,
3276 4701 3332 4744 et
3362 4702 3550 4742 cereos

1973 4801 2136 4860 atque
2167 4789 2424 4843 candelas
2455 4787 2788 4851 accendere,
2823 4785 3189 4854 templumque
3228 4797 3452 4837 ornare.
3491 4779 3547 4833 In

1974 4879 2214 4950 periculo
2245 4879 2475 4948 simplex
2508 4877 2675 4932 etiam
2712 4875 3010 4931 monachus
3049 4873 3309 4944 baptizat.
3345 4869 3550 4925 Simili-

1975 4981 2057 5026 ter
2085 4981 2140 5024 et
2189 4971 2474 5025 diaconus.
2511 4969 2652 5036 Quin
2682 4969 2850 5023 etiam
2904 4966 3096 5030 laicus,
3131 4965 3176 5019 si
3211 4972 3458 5032 repertus
3493 4961 3567 5034 in

1975 5065 2092 5119 loco
2121 5062 2307 5130 fuerit,
2344 5063 2573 5118 absente
2603 5061 2912 5118 sacerdote.

2592 5173 2869 5245 Ejusdem.

2045 5286 2102 5342 Si
2133 5286 2328 5340 mulier
2375 5285 2606 5353 peperit,
2658 5291 2715 5336 et
2765 5279 2942 5334 infans
2997 5277 3050 5332 in
3105 5274 3345 5346 periculo
3375 5282 3481 5340 est,
3515 5290 3546 5331 a

1975 5378 2152 5432 tribus
2199 5389 2294 5432 aut
2334 5376 2574 5445 quinque
2625 5371 2837 5436 diebus,
2893 5385 3026 5438 puer
3057 5370 3275 5439 quidem
3311 5383 3408 5438 per
3447 5367 3545 5424 ba-

1977 5469 2236 5538 ptismum
2267 5467 2631 5538 illuminatur,
2685 5463 2778 5516 sed
2815 5463 2921 5514 alia
2969 5461 3160 5516 mulier
3193 5461 3466 5529 baptizata
3493 5469 3542 5508 et

353 5639 378 5670 ³
408 5635 554 5709 Idem
578 5645 661 5690 est
682 5650 804 5692 cum
833 5652 1040 5694 canone
1066 5640 1132 5694 16
1160 5639 1356 5709 prioris
1389 5640 1753 5698 Collectionis.
1834 5643 1854 5673 ⁵
1879 5641 2074 5697 Matth.
2113 5659 2187 5708 vr,
2215 5643 2268 5697 9..
2347 5645 2367 5675 ⁵
2397 5641 2632 5696 (lunonis
2663 5637 2821 5708 hujus
2845 5654 2974 5707 pars
3009 5636 3155 5708 prior
3186 5647 3364 5695 exstat
3385 5652 3547 5708 supra

279 5709 336 5766 in
368 5723 388 5763 ι
417 5705 644 5763 Collect.
678 5721 799 5763 can.
831 5709 917 5764 15.
