3928 6166
537 279 641 396 e63
695 393 705 396 _
779 393 790 396 _
1002 329 1011 333 -
1555 306 2606 379 S.NICEPHORIPATR1ARCHzE
2643 321 2752 381 cp.
3216 304 3229 319 ’
3630 332 3713 396 864

539 387 742 446 immda
778 393 1000 453 lactabit
1030 414 1174 458 eum.
1206 403 1378 461 Mater
1400 419 1577 467 autem
1613 416 1783 484 ipsius
1806 421 2089 473 cubicultm

2167 433 2183 481 ι
2213 423 2438 493 θηλάς-ει
2469 427 2601 479 αὑτό
2627 443 2641 457 ⁸
2674 430 2708 497 ή
2741 427 2798 480 δὲ
2832 427 3015 497 μήτηρ
3038 427 3200 482 αὐτοῦ
3226 429 3302 500 μὴ
3328 432 3531 504 εἰσέλθῃ
3564 438 3632 499 εἰς
3650 440 3718 491 τὸν

541 499 644 596 rion
698 486 1019 557 ingreditur,
1065 494 1118 547 in
1156 512 1262 565 quo
1311 515 1446 568 puer
1471 502 1640 572 jacet,
1688 512 1946 578 usquead
1976 528 2092 581 qua

2214 486 2468 578 xottdiva,
2508 516 2588 579 εἰς
2615 515 2673 568 ὃν
2696 486 2760 568 ἰτὸ
2795 486 3007 568 παιδίαν
3041 486 3344 583 ἀνάκειται,
3376 486 3531 589 μέχρϊ
3565 486 3722 596 adivit;

540 575 904 642 iri-agesimum
958 583 1121 647 diem,
1171 586 1297 641 dum
1362 604 1585 662 purgata
1637 575 1849 654 scilicet
1903 575 2091 673 integri

540 663 699 692 I......:.
763 678 807 692 ...
847 688 909 692 _._
1302 681 1312 692 .
1437 684 1449 692 .

2211 575 2464 676 ﬂpspé‘iv,
2492 575 2601 669 ἔωξ
2631 606 2696 660 ἂν
2744 605 2993 677 καθαρθῇ
3032 606 3269 692 τελείως,
3440 575 3570 682 {don
3589 575 3718 681 εὐῇἶν

540 663 730 730 (tuerit,
758 678 812 723 et
847 688 1038 740 preces
1066 692 1094 728 a
1122 681 1405 736 sacerdote
1436 684 1830 756 impetraverit,
1863 707 1962 747 nec
1992 663 2091 747 ovur

2210 663 2358 768 σέαρᾶ
2383 663 2476 752 tot?
2510 698 2721 769 ἱερέως,
2748 663 3017 768 μήτειμέίν
3048 685 3250 769 ἅψηται
3276 663 3714 758 τοσύνολονιαῠτῖιέι.

539 771 666 810 nino
701 776 928 827 puerum
956 770 1200 839 attinget.

1184 865 1453 935 Ejusdem.

2812 875 2920 929 Τοῦ
2965 876 3173 930 αὑτοῦ.

607 940 663 992 Si
692 945 871 1000 adulta
910 952 1102 1006 mulier
1128 955 1275 1012 facta
1309 960 1618 1017 Christiana
1648 976 1772 1033 post
1801 984 1968 1023 uuttm
2018 971 2102 1025 vel

2287 964 2412 1018 Ἐὰν
2441 965 2623 1018 τελεία
2654 967 2790 1034 γυνὴ
2812 968 3075 1037 γενομένη
3094 967 3393 1039 Χριστιανὴ
3427 971 3551 1039 μετὰ
3569 973 3713 1045 μίανῆ

530 1033 661 1121 tlttns
692 1035 771 1086 vel
813 1051 1179 1112 quotcumque
1221 1047 1339 1103 dies
1372 1066 1545 1120 usque
1600 1055 1668 1109 ad
1726 1066 1958 1125 septem,
1995 1061 2077 1114 sib

2201 1055 2314 1117 δύο,
2345 1055 2376 1125 ἢ
2408 1056 2539 1131 ὅσας
2590 1033 2791 1126 δήποτε
2827 1033 3043 1127 ἡμέρας
3064 1033 3647 1133 *μέχριτῶννέπτὰίῖδη
3665 1033 3716 1115 τί

525 1136 783 1176 cutisueta
817 1127 1034 1195 viderit,
1080 1134 1132 1187 in
1161 1136 1321 1191 domo
1360 1154 1456 1193 sua
1482 1146 1929 1202 communicabit.
1992 1150 2067 1203 Ec

2201 1144 2363 1213 ἔθιμα
2397 1127 2555 1217 αὐτῇ,
2595 1148 2651 1198 ὲν
2674 1147 2750 1216 τῷ
2779 1149 2913 1218 οῐκῳ
2931 1127 3101 1217 esse;
3122 1152 3454 1219 κοινωνήσει.
3481 1152 3565 1214 Εἰς
3582 1127 3714 1224 est

524 1213 746 1267 clesiam
776 1232 904 1271 vero
937 1236 1042 1275 n0u
1069 1222 1428 1297 ingredietur,
1458 1233 1630 1288 donec
1656 1247 1885 1306 purgata
1914 1239 2072 1293 fuerit

1991 1240 2097 1295 :ril.
2199 1213 2585 1307 éxxl'qoiavvot‘i
2621 1236 2695 1307 μὴ
2723 1213 2967 1307 εἰσέλθῃ.
3006 1213 3111 1302 εὼς
3139 1232 3200 1291 οὗ
3233 1213 3542 1311 meamea.

643 1323 928 1393 Nicepltori
954 1334 1334 1403 archiepiscopi
1365 1336 1956 1451 Cattstantinoziolitani.

2196 1350 2536 1418 Νικηφόρον
2557 1349 3032 1418 ἀρχιεπισκόπου
3067 1353 3711 1418 Κωνσταντινουπόλεως.

592 1432 745 1496 Quod
777 1448 1027 1503 Oporteat
1067 1444 1315 1511 jejuuare
1360 1453 1660 1507 monachos
1690 1432 1884 1524 quarta
1918 1456 2093 1530 Tyro-

2268 1462 2389 1513 Ὀτι
2416 1460 2498 1512 δεῖ
2526 1460 2813 1531 νηστεύειν
2847 1462 2976 1525 τοὺς
3013 1463 3284 1531 μοναχοὺς
3317 1464 3382 1532 τῇ
3412 1463 3615 1533 Τετράδι
3638 1464 3710 1531 τῆς

521 1521 672 1587 pltasi
704 1526 861 1590 feria,
891 1541 945 1583 et
978 1533 1028 1585 in
1059 1532 1380 1607 l’arasceve,
1408 1557 1473 1597 ac
1502 1555 1624 1612 post
1644 1551 2072 1616 praesanctilicat:

2194 1553 2503 1622 τυροφάγου
2556 1521 2650 1605 διαὶ
2694 1554 2761 1623 τῇ
2827 1521 3186 1623 Παραακευῇϊ
3216 1521 3314 1606 καὶ
3353 1521 3483 1622 μετὰ
3504 1521 3589 1623 ’ἑὴν

519 1628 736 1668 caseum
773 1624 1064 1679 comedere
1094 1642 1423 1701 quocunque
1466 1633 1521 1689 in
1553 1635 1675 1692 loco
1722 1641 2067 1708 reperiantur

2194 1645 2664 1717 Προηγιασμένων
2713 1644 2976 1697 ἀπόὶυσιν
3026 1644 3235 1698 ἐσθιειν
3277 1645 3456 1716 τυρὸν,
3502 1646 3616 1698 ὅπου
3662 1646 3711 1698 ἂν

518 1702 618 1815 llic
659 1719 840 1763 autem
875 1727 1049 1807 canon
1106 1717 1294 1776 Jacobi
1347 1724 1540 1794 dogma
1584 1737 1638 1783 et
1684 1702 2069 1790 Tetraditaruu

2159 1767 2161 1807 ς
2192 1735 2509 1806 εὑρεθῶσιν.
2576 1735 2899 1804 Ἀνατρέπει
2940 1734 2997 1787 δὲ
3040 1735 3137 1787 καὶ
3184 1729 3339 1798 οὗτος
3378 1738 3407 1788 ὁ
3445 1734 3602 1789 κανὼν
3638 1735 3710 1788 τοῦ

517 1794 766 1852 lueresim
799 1789 1016 1857 evertit’.
1417 1789 1444 1794 _
2039 1789 2044 1790 γ

2156 1789 2161 1810 ’
2200 1789 2458 1880 Ἰακώσου
2481 1826 2540 1879 τὸ
2568 1789 2754 1896 δόγμα.
2784 1826 2881 1878 καὶ
2908 1827 3005 1897 τὴν
3026 1826 3136 1880 τῶν
3162 1789 3491 1897 Τετραδιτῶν
3523 1826 3707 1895 αἵρεσιν.

547 1972 3704 2033 MM.

1069 2134 1747 2299 SANCTI
1859 2154 2896 2337 NICEPHORI
3014 2158 3301 2340 GP.-

1028 2464 1038 2472 ι
1644 2395 1928 2458 BREVIA
1939 2398 2136 2461 RIUM
2176 2399 2645 2464 HISTORICUM

734 2557 882 2646 DE
960 2509 1336 2655 REBUS
1405 2568 2179 2670 GESTIS'POST
2251 2583 2811 2674 MAURICII
2897 2584 3538 2675 lMPERIUM.

1541 2737 1947 2795 RECOGNOVIT
1983 2745 2339 2799 EMMANUEL
2373 2749 2734 2801 BEKKERUS.

1044 2959 1504 3009 ILLUSTRISSIMO
1544 2967 1694 3016 νωο
1734 2973 2047 3024 GULIELMO
2084 2980 2295 3025 VAIRIO
2327 2979 2609 3025 FRANCIE
2642 2980 3227 3039 PBOCANCELLARIO,

1292 3067 1629 3115 DIONYSIUS
1661 3073 1967 3122 PETAVIUS
2012 3082 2050 3123 Ε
2092 3082 2429 3127 εοειΕτΑΤΕ
2471 3082 2621 3126 JESU
2669 3083 2977 3127 SALUTEM.

587 3180 707 3277 Quo
741 3183 973 3251 primum
1010 3194 1251 3256 tempore
1284 3193 1633 3262 magistratus
1670 3200 1992 3269 amplissimi
2020 3205 2337 3276 dignitatem
2370 3180 2595 3277 adeptus
2627 3223 2707 3273 es,
2744 3206 2836 3262 Vir
2872 3208 3027 3263 Illust
3049 3206 3301 3275 rissime,
3342 3205 3609 3262 conuuunis
3640 3201 3707 3258 ltic

511 3267 753 3320 Omnium
787 3284 981 3324 sensus
1028 3272 1146 3338 fuit,
1198 3291 1304 3329 non
1336 3279 1517 3333 minus
1560 3267 1864 3341 litterarum
1916 3267 2273 3347 incolimiitati
2312 3267 2715 3362 qnam-imperii
2757 3293 2917 3349 saluti
2977 3308 3098 3349 esse
3136 3297 3497 3364 prcspectum.
3542 3291 3705 3344 Etenim

512 3354 658 3419 quod
690 3353 757 3409 de
779 3356 1087 3450 civitatibus
1119 3376 1147 3412 a
1173 3359 1400 3417 Platone
1434 3367 1638 3421 dictum
1668 3382 1775 3435 est,
1820 3373 1986 3429 multo
2027 3378 2077 3430 id
2121 3381 2293 3449 magis
2325 3353 2392 3433 ad
2425 3353 2621 3433 artium
2655 3382 2835 3435 studia
2885 3353 3317 3450 discipliitasque
3360 3381 3591 3449 pertinet.
3619 3387 3703 3429 nun

512 3455 606 3494 eas
635 3443 851 3494 demum
894 3442 1081 3499 felices
1114 3444 1345 3513 futuras,
1373 3465 1496 3504 cum
1529 3464 1622 3508 aut
1651 3459 1927 3525 sapientes
1953 3442 2248 3532 praeessent
2271 3477 2362 3520 aut
2393 3467 2704 3536 sapientum
2742 3467 2819 3521 illi
2855 3468 2955 3536 ipsi
2980 3442 3071 3535 qui
3107 3442 3403 3535 praeessent
3438 3463 3706 3520 auctoritate

515 3538 857 3620 regerentur.
892 3529 967 3583 Ea
1023 3547 1187 3599 porro
1231 3541 1284 3587 te
1317 3540 1584 3605 sapientia
1657 3542 1932 3602 hominem
1953 3529 2089 3604 esse
2127 3552 2340 3620 qualem
2391 3529 2787 3608 constituendis
2827 3529 3149 3608 civitatibus
3207 3552 3552 3608 adhibendam
3586 3547 3705 3600 Plato

513 3614 745 3709 censuit,
765 3613 1081 3683 jamdudum
1103 3619 1313 3686 publica
1345 3627 1588 3691 quaedam
1613 3630 1794 3698 p0puli
1814 3648 1915 3687 vox
1940 3652 2003 3690 ac
2032 3613 2290 3693 constans
2317 3641 2483 3694 totius
2508 3641 2656 3709 regni
2683 3640 2827 3693 fama
2858 3641 3182 3696 celebravit.
3207 3642 3359 3708 Quod
3394 3643 3551 3709 ipsum
3600 3636 3705 3688 adeo

514 3699 634 3752 leve
656 3716 763 3753 non
798 3710 883 3756 est
914 3711 974 3755 ιιι
1004 3704 1055 3756 in
1082 3719 1147 3757 eo
1178 3706 1480 3764 divinitatis
1509 3712 1718 3783 aliquid
1755 3717 1930 3775 inesse
1975 3733 2162 3778 vetere
2205 3726 2278 3781 sit
2307 3699 2600 3794 proverbio
2644 3726 2968 3781 contritum.
3005 3727 3151 3781 Idem
3194 3742 3322 3782 vero
3364 3727 3519 3780 multo
3545 3722 3705 3777 certius

513 3801 636 3839 cmn
686 3797 938 3842 anteacta
982 3790 1091 3844 vita
1137 3794 1338 3860 omnis,
1391 3806 1524 3864 tum,
1574 3810 1631 3855 ut
1668 3805 1910 3859 nondum
1941 3807 2011 3862 ab
2040 3810 2221 3867 alieno
2256 3790 2514 3885 sull‘ragio
2560 3814 2891 3880 discedatur,
2942 3815 3267 3883 gravissima
3295 3816 3360 3869 de
3385 3824 3434 3868 te
3459 3811 3706 3882 princilmm

505 3872 714 3939 judicia
754 3876 1213 3946 comprobarunt,
1265 3897 1499 3952 quorum
1551 3888 1691 3944 alter
1734 3893 2054 3961 amplissimi
2096 3907 2148 3952 te
2178 3901 2389 3954 consilii
2426 3872 2742 3970 “principatu
2786 3872 2973 3965 fecit:
2999 3901 3139 3956 alter
3172 3903 3241 3957 ab
3275 3903 3428 3955 unius
3464 3896 3707 3967 provincia?

509 3975 645 4013 cura
689 3964 854 4019 totius
894 3965 961 4019 ad
1000 3967 1149 4037 regni
1203 3970 1631 4030 moderationem
1680 3980 1971 4035 convertit.
2009 3982 2113 4037 Sed
2163 3986 2251 4040 ltic
2282 3964 2560 4053 postremo
2591 3964 2855 4055 quantum
2904 3964 3191 4054 sapientia:
3247 3997 3352 4040 tuze
3401 4000 3514 4041 cum
3558 3982 3704 4051 regina

510 4060 687 4108 matre
720 4056 987 4110 tribueret
1028 4061 1294 4123 ostendit,
1338 4077 1463 4117 cum
1505 4066 1666 4120 ambo
1697 4079 1748 4122 te
1779 4070 1985 4125 ultimis
2012 4087 2043 4125 e
2067 4070 2253 4126 Gallia:
2291 4074 2486 4127 linibus
2520 4074 2864 4137 exciverunt,
2899 4090 3062 4142 quem
3098 4074 3463 4129 formidulosis
3493 4066 3706 4138 tempori-

514 4138 611 4162 Ι...,.
645 4139 696 4162 ε--
742 4156 835 4162 __--
864 4144 966 4162 1-..-
1018 4145 1097 4162 ___I
1125 4155 1155 4162 ,.
1195 4147 1206 4157 -
1376 4150 1408 4162 σο
1622 4152 1633 4162 .
1771 4154 1803 4162 ..
2131 4160 2137 4162 _
3009 4161 3034 4162 η
3487 4158 3514 4162 --
3629 4155 3638 4162 .
3673 4152 3682 4162 .

510 4138 614 4192 bus
645 4139 699 4193 iit
737 4144 971 4209 quadam
1017 4145 1164 4199 velut.
1195 4147 1408 4217 imperii
1446 4152 1669 4219 specula
1701 4154 2060 4220 collocarent,
2097 4160 2369 4228 siquidem
2394 4172 2586 4228 pacato
2617 4162 2751 4214 mari
2783 4138 3188 4230 tranquilloque
3232 4163 3371 4216 cualo
3404 4158 3547 4214 facile
3569 4152 3706 4211 cuivis

507 4231 860 4296 gubernatori
884 4233 1148 4300 creditur,
1184 4235 1269 4288 vel
1297 4237 1652 4292 mediocriter
1682 4242 1879 4308 perito,
1908 4243 1961 4297 in
1990 4244 2229 4312 periculo
2254 4262 2411 4301 nemo
2444 4257 2527 4301 est
2556 4246 2647 4316 qui
2680 4262 2784 4301 non
2817 4262 2965 4315 eum,
2998 4248 3043 4302 si
3072 4257 3277 4317 potest,
3309 4247 3550 4317 asciscat,
3578 4256 3704 4310 quem

510 4314 938 4371 scientissimum
971 4320 1574 4392 prudentissimutnque
1602 4327 1879 4394 cognorit.
2573 4314 2589 4316 ί
2622 4352 2627 4362 ’
2950 4314 2953 4315 ν
3072 4314 3087 4317 ν

580 4401 638 4455 lu
675 4419 783 4471 quo
818 4420 983 4458 unum
1014 4416 1096 4459 est
1129 4407 1354 4462 minime
1390 4416 1854 4478 praetereundum,
1897 4417 2041 4485 quod
2069 4417 2136 4471 ad
2170 4415 2274 4471 hoc
2305 4416 2580 4485 negotium
2614 4415 2844 4469 multum
2885 4415 3154 4473 interesse
3188 4420 3384 4473 sentio.
3420 4415 3543 4470 Nam
3577 4412 3706 4481 pleri-

505 4502 614 4554 que
639 4489 728 4555 qui
758 4491 1020 4558 prodesse
1045 4493 1329 4562 'sapientia
1364 4510 1458 4549 sua
1500 4498 1717 4565 publice
1746 4503 1989 4567 student,
2030 4517 2316 4571 operosam
2355 4503 2502 4556 illam
2533 4502 2799 4556 duntaxat
2824 4516 2890 4557 ac
2919 4503 3083 4559 rebus
3114 4504 3368 4574 gerendis
3404 4503 3703 4557 exercitatam

508 4573 789 4639 adhibent,
814 4590 936 4630 eam
964 4591 1093 4632 vero
1127 4594 1248 4648 qua:
1275 4579 1326 4634 in
1366 4580 1524 4637 libris
1562 4585 1938 4656 doctrinisque
1972 4591 2237 4654 cernitur,
2273 4598 2533 4658 tauquam
2566 4587 2884 4644 civitatibus
2922 4573 3171 4645 inutilem
3205 4590 3413 4644 fetialis
3445 4585 3705 4643 hominibus

506 4657 845 4727 relinquunt.
876 4660 955 4714 Tn
989 4679 1120 4717 vero
1146 4665 1225 4718 sic
1254 4675 1547 4738 utramque
1578 4672 1981 4730 admirabiliter
2010 4677 2323 4743 complexus
2349 4657 2430 4743 es,
2460 4690 2518 4732 ut
2544 4691 2665 4731 cum
2699 4690 2858 4731 nemo
2890 4678 3298 4734 tractaudarum
3330 4692 3501 4733 rerum
3534 4671 3702 4740 majore

503 4743 702 4808 peritia
735 4745 828 4809 sit,
858 4756 970 4800 tum
1004 4765 1103 4804 usu
1135 4750 1445 4808 litterarum
1484 4772 1549 4811 ac
1579 4758 1941 4830 pbilosotihiae
1974 4762 2155 4817 studio
2181 4764 2264 4819 bis
2296 4764 2633 4833 temporibus
2677 4764 2992 4819 autecellas.

578 4828 729 4887 lianc
758 4833 904 4888 enim
949 4836 1153 4903 primus
1182 4840 1324 4894 inter
1356 4841 1562 4909 Gallos,
1593 4856 1651 4900 ut
1692 4847 1781 4902 ille
1802 4828 2093 4917 quondam
2125 4850 2179 4903 in
2207 4828 2423 4906 Graecia
2471 4849 2750 4915 Socrates,
2786 4850 3131 4922 languentem
3164 4852 3220 4905 in
3249 4851 3450 4907 scholis
3469 4850 3533 4903 ab
3562 4846 3703 4938 otiosa

502 4920 963 4989 contemplatione
1003 4938 1214 4979 morum
1244 4928 1311 4981 ad
1345 4929 1635 4986 utilitatem
1673 4950 1943 5004 usumque
1971 4932 2314 4993 transtulisti.
2348 4937 2485 4992 Tum
2514 4954 2575 4993 ea
2620 4920 2970 4995 monimentis
3004 4939 3276 4994 mandasti
3319 4935 3575 5009 plurimis,
3604 4928 3701 5000 qui-

502 5003 602 5057 bus
628 5017 682 5057 et
712 5006 927 5060 dicendi
982 5009 1192 5067 civibus
1240 5014 1349 5069 tuis
1377 5026 1433 5071 et
1463 5019 1676 5073 vivendi
1722 5021 1820 5075 tibi
1845 5003 2015 5094 etiam
2047 5039 2111 5079 ac
2143 5014 2370 5094 reliquis
2413 5025 2662 5094 exempla
2712 5024 3115 5094 praescriberes.
3153 5026 3363 5093 Quibus
3396 5026 3447 5078 itt
3482 5022 3617 5076 libris
3644 5018 3699 5070 ita

502 5091 725 5146 virtutis
758 5104 865 5147 tua:
893 5094 1184 5165 imaginem
1215 5105 1560 5170 exlircssiSti,
1590 5117 1646 5160 ut
1670 5123 1763 5162 cos
1789 5091 1893 5162 una
1922 5110 2067 5165 velut
2094 5091 2319 5182 pignora
2353 5091 2679 5182 obsidesque
2710 5091 2880 5168 Gallis
2916 5112 3191 5178 traderes;
3213 5124 3273 5166 ut
3303 5127 3424 5181 qua:
3450 5123 3533 5164 tua
3555 5105 3702 5161 futura

501 5192 647 5231 esset
687 5182 763 5233 rei
798 5182 1026 5249 publica:
1065 5190 1313 5254 gerenda:
1370 5193 1511 5244 ratio
1536 5232 1551 5256 ,
1590 5204 1845 5262 tauquam
1883 5213 1951 5250 ex
1980 5202 2229 5266 praetoris
2264 5201 2444 5254 edicto
2489 5210 2884 5268 cognoscerent
2931 5215 3105 5268 neque
3134 5215 3256 5252 eam
3310 5210 3535 5267 unquam
3567 5193 3699 5245 Ιὶοθτθ

498 5267 805 5333 crederent,
841 5284 1005 5338 quam
1033 5281 1147 5327 tute
1182 5276 1277 5327 tibi
1317 5276 1696 5345 imposuisScs,
1747 5297 2034 5349 personam
2069 5285 2375 5341 detrahere.
2411 5267 2574 5353 Quod
2606 5286 2824 5356 quidem
2864 5267 3068 5355 paucis
3099 5285 3185 5341 bis
3216 5286 3508 5344 mensibus,
3536 5293 3593 5375 es
3618 5288 3702 5375 ιιιξο

502 5367 739 5420 praeesse
765 5356 812 5409 ei
845 5360 1054 5413 umueri
1101 5361 1335 5430 cwpisti,
1385 5373 1603 5435 egregie
1628 5378 1715 5421 est
1749 5383 1778 5422 a
1816 5379 1868 5423 te
1902 5369 2236 5439 perfectum;
2284 5390 2459 5441 neque
2497 5375 2788 5442 quisquam
2837 5375 3071 5440 dubitat,
3113 5374 3417 5443 cuiusmodi
3445 5372 3551 5426 bac
3578 5360 3700 5419 ἱιιίιίλ

503 5450 653 5504 stitit,
692 5446 821 5510 quin
856 5444 1003 5499 brevi
1037 5461 1134 5514 per
1169 5458 1219 5502 te
1254 5448 1410 5515 hujus
1441 5451 1652 5519 imperii
1690 5455 1839 5511 salus
1865 5459 2127 5513 constitui
2165 5476 2228 5514 ac
2255 5463 2430 5531 legunt
2461 5463 2761 5516 auctoritas
2794 5463 3100 5531 recuperari
3132 5465 3326 5530 possit.

579 5527 689 5583 llac
718 5541 771 5582 tu
801 5533 1053 5598 graviore
1082 5550 1211 5588 cura
1248 5537 1409 5591 simul
1439 5553 1502 5593 ac
1531 5540 1854 5609 perfunctus
1891 5546 2002 5600 eris
2031 5557 2086 5600 et
2117 5527 2332 5615 majora:
2367 5548 2458 5601 illa
2496 5548 2647 5616 regni
2691 5549 2907 5617 negotia
2927 5527 3225 5617 sapienter
3272 5541 3572 5613 explicaris,
3605 5543 3693 5587 tum

509 5620 561 5662 te
586 5615 651 5663 ad
682 5615 798 5668 lucc
845 5627 1025 5671 nostra
1047 5656 1063 5683 ,
1116 5635 1215 5676 nec
1252 5622 1430 5679 minus
1467 5633 1645 5681 tamen
1679 5631 1746 5681 ad
1777 5630 1912 5686 bene
1962 5631 2221 5700 beateque
2267 5615 2578 5688 vivendum
2602 5615 2910 5689 necessaria
2937 5675 2952 5700 ,
2995 5615 3311 5696 convertes,
3339 5647 3401 5685 ac
3428 5630 3691 5713 litterarii“!

503 5708 713 5752 tuarum
746 5702 861 5755 salu
890 5704 1073 5758 britati
1108 5708 1466 5779 dignitatique
1499 5714 1771 5769 consules.
1806 5712 1961 5771 Venit
1997 5720 2140 5772 cuint
2187 5719 2321 5775 mihi
2348 5720 2401 5776 in
2437 5732 2694 5786 tuentem,
2733 5721 2825 5789 qui
2860 5731 2982 5775 tuus
3013 5730 3138 5774 ante
3169 5733 3372 5787 paucos
3401 5717 3508 5771 dies
3531 5703 3697 5781 partim
