3928 6166
278 306 388 370 365
581 328 589 335 ·
822 324 833 335 ·
1198 308 1293 369 DE
1330 310 1582 372 REBUS
1617 312 1800 373 POST
1841 312 2287 373 MAURlCIUM
2326 312 2612 371 GESTIS.
2966 318 2975 327 '
3428 311 3532 373 866

278 434 308 469 ει
345 430 434 469 me
476 415 692 470 auditus
729 415 929 484 partim
964 418 1031 471 ab
1064 419 1184 475 aliis
1209 432 1475 489 exceptus
1509 439 1690 478 sermo
1725 424 1919 487 fuerit,
1952 439 2073 479 cum
2104 433 2158 477 tu
2196 424 2326 477 illud
2356 425 2706 492 proﬁtebare,
2742 422 2877 479 nihil
2909 422 3002 477 libi
3042 423 3248 488 gratius
3289 438 3529 491 unquam

276 503 558 557 exstitisse
590 504 746 556 bonis
778 504 991 558 artibus
1031 506 1340 575 artiumque
1367 511 1577 578 peritis.
1626 525 1800 580 neque
1829 512 1880 565 in
1910 521 2215 579 posterum,
2250 525 2359 580 quo
2391 508 2563 577 major
2614 509 2932 563 sublevandi
2968 518 3113 562 esset
3151 507 3397 571 facultas,
3427 511 3530 563 ulla

277 590 331 641 in
368 604 423 642 re
449 590 781 655 defuturum.
1446 633 1455 642 .
1566 598 1583 603 '

347 675 710 740 Quamobrem
748 685 806 730 ut
848 676 963 744 ejus
994 679 1143 734 vocis
1179 682 1504 751 consiliique
1539 683 1906 749 meminisses,
1967 693 2220 754 tanquam
2270 683 2672 737 admonitorem
2715 678 2944 753 al’legavi
3017 681 3382 749 Nicephorum
3430 702 3531 739 no-

274 773 483 826 strum,
530 765 621 833 qui
659 764 753 817 tibi
787 779 910 819 eum
952 768 1204 836 privatim
1250 769 1331 822 sui
1370 780 1480 822 tum
1514 771 1789 825 communi
1836 771 2053 826 nomine
2099 771 2399 825 litterarum
2430 772 2796 839 patrocinium
2846 770 3107 836 deferret,
3161 773 3320 825 simul
3364 776 3529 826 etiam

274 862 516 921 rogaret,
545 854 685 921 quod
715 853 769 907 in
807 854 872 908 iis
904 856 1204 910 tractandis
1237 857 1666 927 profitendisque
1700 868 1888 913 nostra
1922 861 2160 913 societas
2196 859 2461 920 elaboret,
2496 869 2707 928 partem
2739 869 2796 913 ut
2825 861 2891 914 ad
2918 876 3037 915 eam
3065 861 3303 930 aliquam
3329 862 3534 915 sollici-

273 939 481 993 tudinis
519 939 677 1008 hujus
709 940 1211 1011 benevolentiaeque
1262 943 1626 1011 transferres;
1659 956 1716 999 ut
1749 946 1817 1000 iis
1846 947 2043 1015 quibus
2074 962 2219 1016 saepe
2257 947 2459 1014 jactata
2509 954 2594 1001 est
2647 949 2911 1002 molestiis
2944 947 3233 1018 perfuncta
3276 963 3381 1002 non
3419 958 3530 1002 tant

273 1026 391 1095 ipsa
442 1026 833 1095 conquiescere
889 1028 1080 1097 possit,
1115 1045 1276 1098 quam
1303 1042 1356 1084 et
1385 1030 1642 1086 Ecclesia:
1696 1032 1889 1088 ciliciis
1934 1035 2185 1089 omnibus
2226 1044 2281 1088 et
2323 1036 2696 1090 doctrinarum
2734 1036 2933 1091 studiis
2970 1036 3172 1106 vigiliis
3226 1035 3533 1090 laboribus-

270 1126 383 1181 que
424 1113 537 1166 suis
595 1113 863 1167 commodi
917 1115 1121 1184 aliquid
1176 1116 1394 1174 afferre.
1430 1118 1506 1173 De
1554 1134 1642 1174 me
1673 1134 1804 1175 vero
1853 1122 1995 1190 quod
2046 1121 2313 1188 pnecipue
2361 1122 2627 1190 postulem
2679 1123 2813 1177 nihil
2867 1132 2968 1186 est,
3031 1122 3135 1177 nisi
3187 1134 3245 1176 ut
3289 1124 3530 1179 audacias

278 1199 332 1252 in
369 1208 421 1253 te
452 1199 850 1269 interpellando
881 1217 1015 1256 tuere
1044 1204 1124 1257 sic
1153 1205 1404 1274 ignoscas
1431 1215 1489 1261 ut
1521 1207 1697 1261 amori
1739 1220 1868 1276 erga
1895 1215 1947 1261 te
1974 1207 2349 1276 voluntatique
2400 1207 2605 1263 faveas.
2647 1209 2795 1263 Vale.
2850 1208 3075 1265 Lutetia:
3126 1208 3303 1263 Paris.
3336 1210 3369 1262 6
3408 1210 3526 1263 Kal.

273 1284 427 1355 Sept.
458 1300 510 1339 a.
535 1282 596 1339 D.
631 1284 792 1339 1616.

276 1478 3517 1508 —______________.__________________________________________

712 1670 831 1758 D.
908 1668 1393 1763 PETAVII
1470 1670 1617 1758 AD
1689 1669 2328 1763 LECTOREM
2404 1673 3084 1764 PRIEFATIO.

338 1881 632 1953 Nieephori
674 1883 977 1953 epitomen,
1024 1898 1186 1954 quam
1222 1886 1314 1940 hic
1356 1885 1451 1941 tibi
1482 1887 1696 1947 damus,
1733 1883 1970 1939 candide
2009 1891 2063 1937 et
2091 1884 2304 1939 erudite
2335 1883 2551 1947 Lector,
2585 1883 2894 1954 accepimus
2918 1899 2945 1936 a
2978 1883 3046 1938 R.
3076 1884 3135 1939 P.
3164 1875 3366 1939 .iac'obo
3410 1887 3528 1941 Sir.

268 1971 495 2037 moudo,
525 1972 616 2041 qui
649 1984 769 2027 eam
803 1971 993 2029 Romae
1024 1987 1089 2027 ex
1124 1974 1296 2029 veteri
1331 1972 1632 2044 exemplari
1664 1970 1976 2040 descripsit.
2003 1970 2079 2025 De
2103 1979 2327 2025 auctore
2349 1984 2513 2040 porro
2546 1971 2663 2039 ipso
2694 1980 2874 2025 exstat
2903 1969 3081 2025 Photii
3116 1973 3166 2025 in
3196 1972 3525 2028 Bibliotheca

268 2058 669 2127 perhonorifica
717 2059 947 2127 mentio,
987 2074 1093 2129 qua
1128 2068 1181 2115 et
1207 2060 1481 2129 epitomen
1520 2060 1679 2112 istam
1736 2071 2075 2128 magnopere
2122 2058 2489 2123 commendat,
2524 2068 2579 2113 et
2614 2058 2714 2113 hac
2745 2074 2851 2112 una
2901 2058 3280 2113 lucubratione
3314 2060 3528 2129 judicat

269 2161 381 2199 non
413 2128 739 2214 provocasse
789 2148 950 2202 modo
998 2128 1313 2218 superiores
1360 2146 1793 2217 quamplurimas
1851 2148 1944 2200 sed
1995 2145 2152 2214 longo
2190 2146 2354 2222 etiam
2410 2145 2698 2199 intervallo
2760 2161 3074 2215 superasse.
3112 2148 3184 2200 lie
3222 2148 3344 2201 aliis
3394 2164 3523 2202 vero

270 2233 484 2288 relictis
509 2235 577 2288 ab
611 2248 677 2288 eo
702 2233 1052 2289 monimentis
1093 2249 1161 2289 ne
1185 2235 1351 2289 verbo
1393 2233 1610 2304 quidem
1647 2232 1931 2287 meminit.
1971 2230 2046 2284 Ex
2080 2246 2188 2300 quo
2234 2231 2393 2285 dubia
2442 2233 2616 2285 videri
2654 2243 2834 2302 potest
2884 2234 3187 2288 communis
3232 2238 3521 2299 sententia,

269 2335 394 2387 qua!
422 2334 544 2373 cum
583 2320 687 2375 hoc
718 2319 1026 2390 Nieephoro
1078 2321 1401 2390 scriptorem
1444 2319 1688 2389 ejusdem
1734 2318 1975 2373 nominis
2025 2319 2255 2371 alterum
2310 2317 2614 2384 confundit,
2647 2321 2800 2390 cujus
2843 2321 3047 2375 editmn
3093 2331 3178 2374 est
3216 2323 3522 2377 Chronicon

276 2406 478 2460 Latine
509 2406 637 2461 olim
667 2423 696 2461 a
731 2407 939 2472 multis,
972 2404 1162 2463 Graece
1210 2408 1375 2463 etiam
1411 2422 1441 2461 a
1472 2407 1768 2475 Scaligero.
1803 2406 2009 2461 Etenim
2045 2421 2165 2459 cum
2205 2407 2345 2458 inter
2382 2403 2699 2474 Cpolitanos
2749 2408 3031 2475 pontiﬁces
3068 2407 3295 2463 Phatius
3335 2410 3522 2465 eodem

273 2496 327 2548 in
358 2494 629 2549 Chronico
668 2505 1001 2560 numeretur,
1035 2496 1181 2550 credi
1212 2504 1392 2564 potest
1419 2510 1527 2548 non
1564 2496 1669 2549 hoc
1690 2509 1813 2548 esse
1838 2494 1906 2547 ab
1932 2505 1997 2546 eo
2034 2491 2337 2560 Nicephoro
2372 2490 2673 2559 profectum
2700 2493 2793 2561 qui
2831 2502 2961 2559 tum,
2993 2510 3117 2548 cum
3164 2498 3265 2549 ista
3300 2497 3526 2552 Photius

279 2582 530 2650 scripsit,
560 2596 591 2635 e
619 2582 727 2636 vita
762 2582 1086 2637 discesserat
1131 2591 1293 2653 atque
1320 2583 1381 2635 ἐν
1412 2582 1614 2649 ἁγίοις,
1652 2590 1712 2635 ut
1747 2581 1834 2635 hic
1865 2580 2124 2650 loquitur.
2163 2579 2266 2633 hoc
2309 2588 2393 2633 est
2430 2589 2741 2633 sanctorum
2790 2594 3018 2635 numero
3052 2593 3171 2635 erat
3214 2583 3519 2649 adjunctus.

287 2667 492 2721 Verum
523 2668 637 2722 lieri
664 2679 843 2738 potest
869 2679 928 2723 ιιι
965 2670 1039 2738 ad
1070 2668 1381 2724 Chronicon
1427 2669 1720 2738 Nicephori
1768 2669 2039 2722 recentior
2070 2667 2160 2721 illa
2194 2682 2387 2721 manus
2417 2666 2700 2733 adjecerit.
2734 2667 3026 2737 Utcunque
3049 2684 3136 2723 res
3173 2670 3353 2731 habet,
3392 2673 3527 2725 nihil

271 2770 395 2806 esse
421 2770 601 2809 causae
643 2736 858 2810 videtur
901 2736 1040 2827 quin.
1076 2757 1413 2826 Nieephorus
1454 2736 1638 2810 noster
1688 2755 2001 2824 patriarcha
2046 2754 2139 2808 ille
2174 2754 2247 2809 sit
2292 2753 2382 2822 qui
2424 2762 2507 2807 est
2552 2756 2607 2807 in
2642 2753 2732 2807 illo
2762 2754 3038 2808 Chronico
3087 2758 3277 2812 ordine
3321 2758 3410 2811 78.
3451 2758 3525 2810 De

271 2857 382 2908 quo
416 2842 614 2895 ibidem
673 2842 790 2896 haec
828 2845 1131 2912 produntur
1160 2861 1175 2897 :
1207 2843 1521 2915 Νικηφόρος
1544 2844 1572 2895 ὁ
1601 2841 1821 2912 ἀσηκρῆ

1970 2839 2195 2910 μοναχὺς
2257 2839 2499 2908 γεγονὼς
2552 2842 2648 2911 ἔτη
2699 2840 2765 2894 0'.
2825 2843 2931 2893 Καὶ
2980 2841 3246 2912 ἐξεϐλήθη
3283 2844 3387 2896 ὑπὸ
3425 2844 3521 2897 τοῦ

271 2928 503 2992 ἁςεσοῦς
524 2930 753 2995 Λέοντος
781 2931 873 2986 τοῦ
916 2933 975 2985 Ἀ
990 2931 1212 3003 ρμένου.
1249 2932 1380 2999 Quae
1396 2932 1586 2987 Latine
1620 2932 1724 2987 hoc
1757 2931 1822 2996 sig

1974 2936 2067 2980 aut
2099 2944 2113 2980 :
2152 2925 2483 2994 Nicephorus
2517 2943 2548 2979 a
2577 2929 2792 2980 secretis
2820 2926 3119 2982 monachus
3145 2933 3278 2983 sedit
3302 2947 3353 2983 α.
3387 2931 3439 2994 9,
3472 2941 3522 2983 et

270 3017 339 3067 ab
370 3016 526 3082 impio
574 3014 745 3072 Leone
796 3020 1022 3073 Armeno
1056 3020 1113 3073 in
1146 3022 1393 3074 exsilium
1423 3020 1619 3090 ejecta:
1647 3026 1745 3071 est.
1790 3014 1922 3068 Nam
1959 3022 2012 3068 et
2039 3013 2231 3067 unicus
2266 3014 2355 3067 hic
2385 3024 2511 3068 ante
2556 3012 2809 3069 Pbotium
2854 3016 3162 3090 patriarcha
3204 3016 3524 3086 Cpolitanus

272 3103 404 3165 fuit,
440 3112 498 3157 ut
528 3102 597 3157 ab
623 3104 716 3158 illo
761 3120 921 3159 nemo
950 3105 1090 3160 alius
1139 3107 1367 3175 intelligi
1409 3105 1670 3176 potuerit,
1703 3111 1759 3159 et
1788 3103 1928 3157 inter
1975 3110 2196 3154 sanctos
2227 3115 2332 3153 non
2380 3099 2755 3154 Graeculorum
2801 3102 3176 3156 assentatione
3223 3103 3396 3156 solum
3430 3106 3525 3157 sed

269 3190 439 3244 etiam
470 3192 741 3243 communi
782 3190 1039 3247 Ecclesiae
1071 3192 1335 3263 suﬂ'ragio
1383 3200 1630 3262 receptus
1667 3200 1751 3244 est
1781 3206 1795 3243 :
1827 3187 1987 3256 hujus
2024 3187 2169 3241 enim
2212 3189 2475 3241 memoria
2530 3203 2558 3240 a
2598 3187 2808 3242 Latinis
2839 3190 2874 3243 5
2922 3190 3001 3246 ld.
3032 3188 3224 3253 Maias,
3253 3204 3282 3243 a
3318 3189 3522 3245 Gracia

272 3277 310 3330 ι
350 3273 489 3329 Non.
524 3273 714 3330 Juuias
752 3276 1142 3333 ecclesiasticis
1170 3290 1255 3333 est
1280 3286 1597 3333 consecrata
1644 3275 1862 3340 tabulis,
1892 3283 2181 3344 postquam
2208 3287 2239 3326 a
2270 3272 2453 3328 Leone
2492 3275 2735 3329 Armeuo
2782 3275 3116 3331 iconoclasta
3152 3276 3523 3346 perditissimo

271 3364 530 3418 redactus
560 3364 614 3418 in
657 3366 904 3421 ordinem
935 3383 988 3422 a.
1020 3366 1083 3423 D.
1120 3367 1246 3428 898.
1269 3368 1445 3423 exsilii
1480 3368 1569 3431 M,
1601 3366 1832 3421 feliciter
1853 3381 1884 3420 e
1922 3363 2061 3419 vivis
2091 3362 2348 3416 excessit.
2386 3362 2629 3428 Quocum
2663 3364 2935 3432 praecipua
2972 3362 3260 3419 Theodoro
3292 3363 3521 3420 Studila:

276 3451 401 3503 tiro
425 3450 782 3507 sanctissimo
812 3452 1158 3508 familiaritas
1186 3455 1516 3510 intercessit.
1551 3454 1833 3509 Postremo
1859 3464 2025 3508 unum
2056 3449 2432 3503 admonendus
2452 3464 2532 3515 es,
2557 3447 2873 3519 Nicephori,
2903 3453 3045 3519 quod
3074 3465 3240 3521 penes
3270 3466 3367 3505 nos
3396 3450 3520 3514 fuit,

272 3538 645 3608 apographum
673 3541 875 3608 passim
918 3541 1236 3597 mendosum
1268 3557 1332 3596 ac
1358 3545 1712 3611 depravatum
1758 3540 1949 3605 fuisse,
1984 3552 2210 3606 nosque,
2238 3546 2298 3591 ut
2324 3538 2665 3593 tolerabilem
2711 3554 2931 3595 sensum
2965 3540 3310 3606 eliceretnus,
3346 3540 3521 3611 pluri-

272 3639 426 3678 mum
457 3624 512 3677 in
540 3628 957 3695 interpretando
988 3629 1268 3685 laborasse
1299 3647 1311 3682 :
1343 3644 1528 3682 verum
1556 3643 1623 3683 ex
1647 3643 1709 3682 ea
1742 3627 1859 3695 lege
1891 3639 2050 3696 quam
2083 3624 2212 3677 olim
2259 3624 2417 3679 nobis
2456 3625 2838 3694 imposuimus,
2890 3627 3023 3679 nihil
3058 3641 3156 3681 nos
3184 3628 3235 3680 in
3262 3636 3517 3681 contextu

279 3712 403 3776 ipso
442 3721 703 3777 mutasse,
741 3723 937 3782 praeter
985 3714 1258 3769 levissima
1293 3715 1538 3783 quaedam
1584 3713 1915 3782 omninoque
1962 3709 2269 3772 manifesta,
2305 3720 2468 3778 atque
2500 3711 2556 3764 in
2590 3713 2843 3766 omnibus
2894 3713 3254 3782 Pythagorico
3304 3712 3523 3767 decreto

267 3796 542 3866 paruisse,
582 3800 724 3866 quod
756 3815 824 3854 ex
857 3800 1078 3873 Syuesii
1132 3801 1300 3855 Di0ue
1339 3811 1590 3867 tanquam
1620 3814 1684 3854 ex
1722 3797 1942 3853 Solonis
1986 3796 2186 3851 tabulis
2231 3797 2333 3850 hoc
2364 3796 2486 3851 loco
2536 3798 2917 3865 proferendum
2971 3810 3075 3864 est,
3127 3801 3346 3869 dignum
3387 3813 3522 3854 saue

268 3884 415 3952 quod
442 3884 615 3941 critici
647 3899 847 3940 omnes
874 3896 998 3940 ante
1027 3887 1217 3941 oculos
1256 3886 1510 3951 habeant,
1543 3884 1610 3939 ad
1657 3884 1820 3953 idque
1865 3893 2093 3938 conatus
2150 3898 2214 3938 ac
2273 3883 2677 3939 lucubrationes
2717 3892 3128 3942 accommodent
3156 3906 3172 3942 :
3200 3888 3521 3959 Πυθαγόρας

264 3971 605 4040 Μνησάρχου
653 3971 853 4042 Σάμιος
902 3973 1307 4043 ἐπιγέγραπται
1344 3971 1423 4042 τῷ
1458 3972 1627 4043 νόμῳ,
1673 3971 1823 4035 ὅστις
1851 3973 1881 4024 ὁ
1909 3971 2074 4041 νόμος
2106 3971 2207 4023 οὐκ
2244 3972 2310 4041 ἑᾷ
2342 3972 2457 4034 τοῖς
2497 3970 2726 4040 βιϐλίοις
2764 3973 3058 4040 ὲπιποιετν,
3099 3975 3238 4029 ἀλλὰ
3269 3976 3520 4047 βούλεται

268 4056 455 4127 μένειν
485 4057 625 4113 αὐτὰ
656 4058 752 4112 ἐπὶ
782 4060 882 4130 τῆς
906 4061 1129 4132 πρώτης
1162 4061 1366 4131 χειρὸς,
1398 4060 1547 4123 ὅπως
1575 4059 1708 4111 ποτὲ
1735 4057 1862 4128 ἔσχε
1892 4058 2060 4129 τύχης
2089 4058 2123 4128 ἢ
2157 4059 2375 4129 τέχνης.

284 4274 3518 4299 W

1431 4454 2338 4572 ΠΡΟΘΕΩΡΙΑ.

338 4673 416 4728 Ex
463 4674 703 4732 omnium
764 4674 1155 4742 imperatorum
1210 4688 1438 4729 numero
1489 4672 1765 4758 nemiuem
1820 4679 2060 4744 reperies
2108 4682 2199 4749 qui
2244 4692 2340 4758 aut
2386 4683 2687 4740 difﬁciliora
2737 4700 2898 4757 quam
2946 4687 3227 4744 Heraclius
3272 4698 3513 4758 tempora

266 4767 467 4812 nacltts
499 4757 569 4809 sit
597 4767 689 4809 aut
723 4757 876 4824 plura
909 4757 1403 4827 prtestantioraque
1439 4755 1586 4810 brevi
1619 4755 1754 4809 adeo
1802 4759 1977 4825 spatio
2024 4754 2334 4830 perfecerit.
2383 4765 2585 4819 Eadem
2621 4754 2771 4821 vero~
2798 4768 2882 4821 illa
2927 4778 3166 4838 tempora
3205 4787 3308 4826 non
3342 4754 3515 4843 magis

264 4839 401 4893 olim
437 4839 695 4893 bellorum
733 4839 1055 4893 ttunultibus
1102 4849 1260 4894 erant
1294 4854 1455 4909 quam
1483 4838 1643 4893 hodie
1686 4841 2002 4895 narratione
2027 4843 2139 4910 ipsa
2170 4854 2295 4898 sont
2330 4854 2511 4915 atque
2541 4864 2804 4903 annorum
2856 4852 3000 4905 serie
3031 4856 3368 4918 perturbata.
3405 4838 3516 4909 H'oc

262 4921 413 4975 enim
445 4922 581 4973 citra
633 4921 891 4977 invidiam
926 4923 1028 4975 dici
1064 4932 1262 4988 potest,
1318 4921 1522 4975 nullum
1558 4921 1664 4975 huc
1694 4936 1865 4989 usque
1892 4924 2208 4988 chronicon,
2267 4931 2493 4985 annales
2538 4932 2719 4988 nullos
2766 4935 3065 4998 exstitisse,
3099 4936 3149 4989 in
3179 4937 3373 5004 quibus
3408 4954 3514 4990 non

262 5006 361 5059 illa
398 5015 726 5073 prtepostere
750 5005 1024 5074 descripta
1056 5006 1186 5071 sint,
1225 5014 1388 5074 atque
1415 5017 1483 5058 ex
1510 5018 1774 5057 annorum
1805 5003 1883 5059 vel
1917 5006 2307 5075 anticipatione
2333 5012 2415 5065 vel
2447 5012 2768 5083 trajectioue
2815 5015 2930 5068 vitii
2964 5016 3165 5085 aliquid
3201 5003 3512 5072 adbzeserit.

262 5087 530 5155 Equidem
582 5098 846 5156 quantum
873 5089 928 5141 in
958 5087 1062 5143 illis
1112 5088 1309 5156 partim
1353 5086 1614 5145 emendis
1655 5088 1853 5154 partim
1905 5092 2260 5146 emendandis
2307 5108 2487 5160 operae
2528 5098 2825 5162 posuerim,
2873 5098 3003 5150 mihi
3052 5099 3165 5165 ipse
3212 5114 3330 5152 sum
3379 5115 3514 5155 con-

263 5170 411 5223 scius
448 5186 461 5221 :
500 5179 760 5237 quantum
811 5183 974 5239 porro
1022 5178 1349 5226 consecutus
1385 5169 1602 5235 fuerim,
1656 5170 1798 5225 malo
1844 5170 1896 5224 id
1939 5171 2167 5226 aliorum
2208 5173 2418 5243 judicio
2467 5178 2774 5248 relinquere
2827 5194 2989 5248 quam
3028 5183 3079 5232 in
3123 5181 3366 5237 oratione
3395 5199 3513 5237 inea

263 5266 489 5321 ponere.
1218 5290 1235 5305 ρ
1784 5276 1789 5277 ν

340 5334 609 5387 Auctores
653 5347 781 5390 vero
812 5348 875 5388 ae
905 5334 1072 5390 duces
1102 5334 1323 5389 adhibui
1375 5348 1496 5390 eum
1541 5333 1676 5391 alios
1728 5335 2042 5405 plerosque,
2083 5345 2195 5392 tum
2250 5337 2558 5396 Cedrenum
2586 5356 2652 5397 ac
2686 5340 3093 5412 Theophanem,
3136 5343 3292 5412 cujus
3322 5344 3511 5402 Graeca

264 5417 507 5469 nondum
536 5418 589 5470 in
618 5417 758 5471 hanc
790 5419 930 5472 diem
973 5418 1188 5489 vulgata
1218 5431 1381 5487 penes
1413 5435 1514 5475 nos
1541 5419 1854 5487 habuimus,
1896 5429 2007 5474 tum
2056 5419 2484 5478 Alexandrinum
2538 5424 2849 5480 Chronicon
2890 5428 3005 5482 sive
3037 5425 3231 5482 Fastos
3276 5428 3510 5495 Siculos,

265 5511 407 5564 quos
428 5498 537 5552 hoc
570 5514 713 5553 anno
741 5500 802 5554 P.
838 5500 1123 5555 Matthteus
1155 5500 1423 5568 Raderus,
1458 5502 1539 5556 vir
1570 5516 1695 5557 cum
1742 5502 1935 5571 primis
1966 5504 2233 5570 eruditus,
2263 5507 2315 5558 in
2345 5505 2518 5560 lucem
2548 5507 2736 5562 edidit.
2772 5507 2975 5564 Horum
3027 5514 3356 5568 auctoritate
3388 5514 3511 5569 freti

262 5591 373 5630 non
403 5582 569 5634 modo
602 5583 731 5648 quid
773 5598 1101 5653 ttroqunqtte
1141 5584 1488 5652 imperatoris
1519 5600 1660 5640 anno
1691 5597 1900 5655 gestum
1934 5586 2009 5641 sit
2038 5599 2295 5643 accurate
2325 5589 2697 5663 distinximus,
2729 5605 2917 5646 verum
2958 5594 3144 5659 etiam,
3179 5598 3326 5664 quod
3353 5608 3514 5666 caput

262 5670 366 5727 est,
399 5663 616 5717 cuinam
644 5674 786 5721 esset
809 5664 1024 5721 Juliano
1056 5680 1201 5721 anno
1232 5667 1599 5732 tribuendum,
1650 5684 1754 5739 qua
1801 5669 1926 5724 anni
1956 5669 2321 5726 modulatione
2367 5672 2592 5728 annales
2629 5675 2802 5748 nostri
2830 5691 3018 5734 omnes
3046 5694 3109 5734 ac
3139 5663 3507 5753 ehronologia:
