3882 6162
209 333 308 398 869
1139 330 1240 392 DE
1279 327 1535 393 BEBUS
1576 325 1758 392 POST
1784 327 2236 390 MAURICIUM
2275 325 2568 386 GESTIS.
2689 327 2692 331 ’
3345 320 3454 385 870

275 442 512 512 Denique
553 456 728 498 annos
757 442 846 498 ille
873 443 963 513 qui
997 459 1024 497 a
1053 444 1383 502 Cassiodoro
1430 447 1652 516 ponitur
1691 450 1758 498 ab
1795 442 2171 497 incarnatione
2221 438 2685 510 quirgentesimus
2732 427 3104 502 sexagesimts
3156 437 3447 516 secundus,

207 529 300 582 sub
346 525 634 584 consulatu
701 523 886 580 Basilii
927 527 1098 581 vicies
1141 529 1330 591 semel,
1397 514 1688 582 indictione
1741 519 1957 580 'decima
2024 532 2246 577 notatur
2295 530 2401 575 tam
2449 521 2518 573 ab
2560 521 2645 573 his
2675 519 2762 586 qui
2813 517 3138 571 indictiones
3175 514 3448 578 aMartio,

204 623 358 678 quam
395 607 468 662 ab
499 609 622 662 aliis
663 610 754 678 qui
791 609 860 662 ab
893 609 1205 664 Decembris
1241 612 1328 664 die
1356 611 1429 664 25
1464 618 1556 664 aut
1586 609 1846 663 Kalendis
1886 604 2130 660 Januarii
2174 601 2533 670 sequentibus
2577 600 2885 654 ordiuntur.
2933 595 3132 653 Verum
3184 597 3450 665 priores:

203 692 454 748 Kalendis
504 689 787 745 Januariis
820 690 887 745 ad
922 693 956 746 8
987 691 1264 746 Kalendas
1307 693 1522 762 Apriles
1579 685 1928 745 indictibnem
1965 688 2141 741 adhuc
2195 685 2412 739 tertiam
2466 684 2752 753 putabant.
2806 682 3223 735 Concurrebant
3270 688 3450 732 autem

207 777 360 832 ambo
393 775 444 828 in
489 775 738 830 eamdem
799 774 1148 830 indictionem
1198 786 1471 844 quartam,
1521 775 1636 843 ipso
1684 774 1771 827 die
1812 770 2223 834 incarnationis,
2277 766 2457 822 Martii
2509 766 2602 832 25,
2635 781 2665 818 a
2692 779 2802 834 quo
2847 766 3058 818 scilicet
3093 763 3451 818 Cassiodorus

209 873 406 913 annum
435 855 643 912 Christi
681 868 934 913 numerat
967 858 1465 928 quingentesimum
1505 857 1901 926 sexagesimum
1938 852 2257 907 secundum.

273 961 387 1016 Non
445 961 608 1030 igitur
657 962 845 1017 eodem
873 975 1017 1016 anno
1061 961 1362 1030 iisdemque
1405 960 1720 1015 consulibus
1761 957 1922 1012 ambo
1977 957 2091 1011 haec
2123 956 2280 1009 initio
2327 955 2679 1020 conveniunt,
2722 951 3114 1008 incarnationis
3161 951 3369 1008 scilicet
3400 962 3457 1007 et
3537 955 3544 966 '

204 1045 394 1101 natalis
435 1043 670 1098 Domini.
707 1045 808 1111 Qui
845 1045 986 1099 enim
1024 1060 1052 1096 a
1109 1045 1276 1097 natali
1309 1043 1592 1112 Incipiunt,
1627 1041 1728 1096 hoc
1758 1049 1842 1095 est
1873 1040 1944 1094 25
1976 1041 2307 1106 Decembris,
2355 1054 2540 1092 eorum
2590 1038 2850 1106 epocham
2888 1052 2994 1090 non
3025 1045 3328 1104 sequuntur
3361 1036 3453 1104 qui

203 1131 269 1183 ab
301 1127 693 1193 incarnatione,
741 1129 845 1182 hoc
891 1137 976 1181 est
1007 1127 1077 1181 25
1109 1125 1310 1189 Martii,
1367 1133 1675 1188 numerant,
1726 1125 1820 1178 sed
1852 1124 2024 1176 tribus
2057 1123 2336 1176 mensibus
2366 1130 2746 1186 antevertunt;
2781 1129 2838 1174 ut
2880 1130 2934 1174 et
2958 1119 3131 1175 Graeci
3173 1119 3300 1172 anni
3335 1119 3458 1187 plus

203 1208 451 1273 semisse,
497 1209 612 1274 qui,
654 1211 798 1278 quod
850 1209 932 1263 vel
973 1209 1124 1277 pueri
1173 1217 1397 1272 norunt,
1450 1207 1773 1262 indictioncs
1822 1221 1950 1262 suas
1986 1206 2114 1259 olim
2147 1221 2176 1260 a
2209 1206 2281 1278 25
2311 1205 2669 1274 Septembris,
2729 1213 2916 1272 postea
2969 1219 3100 1258 vero
3129 1219 3158 1258 a
3190 1203 3458 1258 Kalendis

203 1289 380 1345 exorsi
415 1299 560 1344 sunt.
594 1291 748 1358 Quod
781 1291 1073 1362 posterius,
1106 1301 1164 1344 ut
1192 1291 1329 1344 alios
1361 1291 1630 1354 omittam,
1667 1289 1961 1356 Gregorius
1991 1287 2286 1360 Κεραμεΰς
2317 1287 2802 1343 Taurominitanus
2834 1285 3281 1356 archiepisc0pus
3311 1286 3456 1340 indic

198 1385 286 1428 cat
327 1373 546 1428 humilia
578 1376 659 1438 εἰς
687 1374 788 1446 τὴν
817 1373 995 1445 ἀρχὴν
1020 1374 1122 1444 τῆς
1155 1372 1408 1427 ἰνδῑκτου
1444 1373 1563 1444 ἤτοι
1595 1370 1688 1425 τοῦ
1717 1371 1841 1452 véou
1877 1371 2055 1434 ἔτους.

263 1480 536 1536 Caeterum
567 1480 709 1549 quod
741 1481 807 1534 de
838 1479 1194 1534 illditllOlllllll
1230 1480 1433 1546 epocha
1471 1477 1603 1540 dixi,
1636 1476 1953 1531 meminisse
1990 1491 2113 1532 cum
2146 1475 2335 1544 primis
2366 1484 2580 1544 oportet
2608 1489 2703 1529 eos
2729 1473 2820 1541 qui
2851 1472 3164 1528 Graecorum
3201 1472 3458 1528 historias

197 1564 496 1632 attingunt,
540 1563 664 1616 dum
704 1561 1095 1632 imperatorum
1130 1575 1304 1614 annos
1353 1559 1514 1614 simul
1541 1568 1598 1614 et
1629 1574 1753 1612 cum
1806 1559 2195 1614 indictionibus
2227 1568 2282 1612 et
2312 1573 2436 1610 cum
2483 1557 2644 1611 annis
2672 1555 2902 1610 Julianis
2940 1564 3280 1624 comparant.
3321 1555 3458 1608 Nam

197 1651 289 1718 qni
319 1663 349 1702 a
374 1647 634 1702 Kalendis
663 1646 910 1702 Januarii
949 1663 1152 1701 annum
1195 1646 1404 1709 ineunt,
1442 1645 1493 1698 id
1527 1644 1670 1712 quod
1709 1639 1960 1697 hodierni
2011 1639 2309 1708 scriptores
2345 1638 2573 1703 faciunt,
2619 1653 2819 1692 annum
2879 1637 3186 1706 quemlibet
3214 1651 3277 1690 ea
3311 1635 3459 1690 indi-

197 1730 382 1784 ctione
421 1739 613 1782 nutare
644 1727 842 1782 debent
869 1744 990 1796 qua:
1011 1745 1075 1783 ex
1099 1727 1385 1795 Cpolitana
1413 1725 1671 1780 methodo
1696 1739 1726 1777 a
1749 1722 2008 1777 Kalendis
2048 1721 2384 1790 Septembris
2416 1721 2543 1775 anni
2579 1721 2870 1775 anterioris
2906 1720 3122 1774 initium
3159 1719 3365 1781 habuit,
3404 1719 3457 1772 in

191 1828 358 1880 quam
407 1810 609 1865 Juliani
665 1811 794 1866 anni
848 1811 1204 1878 primordium
1259 1809 1470 1869 incidit,
1526 1822 1633 1862 non
1665 1807 1734 1863 ab
1765 1821 1831 1861 ea
1864 1818 1984 1874 quae
2030 1803 2219 1857 eodem
2275 1817 2421 1856 anno
2476 1803 2692 1858 nonnisi
2723 1803 2756 1857 8
2791 1803 3134 1856 vertentibus
3183 1801 3460 1856 mensibus

194 1894 511 1948 inchoatur.
545 1891 682 1946 Tum
727 1907 856 1948 vero
887 1895 933 1948 si
963 1893 1055 1961 qui
1089 1894 1447 1962 imperatores
1478 1895 1712 1946 exeunte
1743 1888 1928 1956 aliquo
1976 1901 2122 1941 anno
2163 1886 2380 1940 Juliann
2429 1886 2716 1956 imperium
2769 1885 3035 1954 auspicati
3069 1893 3216 1948 sunt,
3250 1899 3357 1938 non
3389 1884 3459 1938 ab

191 1978 260 2029 iis
293 1975 678 2044 cognominati
712 1975 857 2031 hunc
887 1989 1113 2041 annum,
1145 1975 1240 2030 sed
1273 1976 1342 2029 ab
1371 1973 1821 2028 antecedentibus
1855 1986 1953 2040 par
1979 1980 2087 2037 est,
2130 1969 2222 2038 qui
2254 1969 2618 2040 majoreanni
2650 1979 2806 2039 parte
2840 1970 3020 2024 adhuc
3053 1969 3281 2039 imperio
3321 1983 3460 2038 prae-

190 2059 444 2114 fuerunt.
1292 2087 1295 2090 -

256 2164 393 2219 Ilaec
419 2164 694 2220 levissima
727 2164 944 2232 quidem
979 2173 1127 2228 sunt,
1171 2161 1266 2218 sed
1299 2176 1326 2215 a
1360 2161 1684 2230 quibusdam
1727 2162 1910 2216 minus
1955 2159 2369 2222 animadversa;
2401 2170 2465 2212 ex
2497 2171 2604 2226 quo
2635 2157 2896 2220 Heraclii,
2931 2166 2988 2212 ut
3017 2157 3170 2212 initio
3201 2155 3458 2227 praefatus

183 2263 331 2312 sum,
368 2237 642 2300 annorum
687 2246 822 2300 ordo
857 2244 1212 2299 labefactatus
1259 2251 1364 2307 est,
1415 2242 1684 2312 siquidem
1738 2244 1945 2312 primus
1993 2244 2137 2298 illius
2183 2257 2356 2296 annus
2405 2241 2703 2295 indictione
2753 2240 3033 2310 Cpolitana
3075 2242 3240 2308 erepit
3283 2239 3371 2302 14,
3403 2255 3455 2292 a.

183 2331 243 2384 C.
279 2328 418 2390 610,
450 2327 673 2383 Octobri
707 2341 914 2390 mense,
953 2336 1011 2380 ut
1039 2341 1108 2380 ex
1143 2326 1496 2393 Theophane,
1524 2322 1772 2378 Cedreno
1815 2317 2047 2395 aliisque
2075 2334 2330 2380 constare
2359 2323 2754 2392 potuit.Quare
2785 2338 2926 2376 anno
2953 2331 3236 2391 sequente,
3267 2323 3457 2376 eadem

131 2409 140 2417 ’
184 2411 495 2466 indictione
529 2410 748 2464 labente
782 2419 874 2463 aut
899 2409 1122 2463 ineunte
1151 2407 1422 2471 Romana,
1455 2408 1730 2461 numerati
1772 2412 1978 2476 primus
2011 2409 2248 2463 Heraclii
2279 2407 2487 2470 debuit,
2536 2421 2659 2460 cum
2695 2407 3107 2460 antecedentem
3159 2403 3353 2474 majori
3389 2419 3460 2458 ex

180 2506 339 2564 parte
369 2493 577 2549 Phoce
610 2494 644 2548 8
673 2503 1020 2562 occupasset.
1049 2491 1122 2546 At
1149 2491 1222 2545 illi
1256 2490 1492 2545 Heraclii
1541 2495 1836 2545 secundum
1863 2491 2070 2545 Christi
2100 2490 2197 2544 6H
2237 2490 2542 2560 signarunt.
2575 2489 2648 2541 Ita
2689 2488 2898 2558 primus
2930 2488 3172 2556 ejusdem
3221 2490 3461 2556 impera-
3518 2502 3526 2509 ·

180 2577 317 2630 toris
349 2590 540 2630 annus
568 2573 825 2630 trimestri
858 2575 1036 2644 spatio
1065 2573 1518 2640 circumscriptus
1544 2582 1646 2628 est.
1675 2573 1846 2638 Quam
1881 2572 2056 2628 labem
2087 2588 2209 2627 cum
2236 2574 2487 2632 homines
2515 2572 2716 2628 eruditi
2752 2572 2909 2626 facile
2946 2572 3454 2640 deprehendisscut,

179 2659 251 2712 ita
279 2659 591 2714 emendare
637 2666 766 2713 sunt
812 2658 1048 2727 aggressi
1080 2667 1138 2710 ut
1165 2657 1323 2710 annis
1357 2655 1552 2710 Phocae
1600 2655 1814 2710 nonnisi
1847 2657 1878 2708 7
1910 2657 2198 2710 attributis
2246 2671 2344 2726 pro
2393 2665 2615 2720 octavo,
2659 2656 2750 2724 qui
2779 2657 2830 2710 in
2857 2655 3064 2711 Christi
3104 2654 3211 2708 610
3243 2655 3454 2715 incidit,

177 2741 429 2797 Heraclii
460 2743 488 2797 1
520 2738 916 2810 inscripserint.
949 2741 1057 2796 Sed
1093 2741 1224 2796 illud
1252 2744 1386 2797 ‘erat
1413 2755 1654 2794 errorem
1687 2738 1960 2807 corrigere
1987 2738 2068 2792 vel
2101 2736 2268 2792 veteri
2289 2737 2466 2806 potius
2493 2752 2691 2790 novum
2719 2747 2968 2791 astruere
2994 2753 3008 2789 :
3031 2751 3154 2789 nam
3181 2745 3237 2789 et
3269 2735 3460 2788 Phocae

173 2825 207 2878 8
242 2825 506 2879 adimere
533 2833 723 2878 contra
760 2825 1002 2878 historiae
1053 2824 1213 2877 tidem
1265 2832 1371 2886 est,
1415 2839 1577 2892 quem
1607 2830 1819 2876 constat
1845 2822 1880 2876 8
1909 2820 2111 2875 solidos
2151 2833 2344 2884 annos,
2377 2818 2522 2873 binis
2567 2819 2808 2888 exceptis
2839 2817 3141 2882 mensibus,
3175 2815 3454 2887 implesse,

175 2907 251 2961 uti
282 2907 550 2976 pluribus
578 2915 765 2975 postea
792 2908 1322 2965 demonstrabimus.
1361 2907 1470 2960 Sed
1496 2916 1552 2960 et
1587 2904 1930 2959 Constantini
1958 2903 2228 2960 Manassis
2257 2903 2312 2958 id
2335 2917 2524 2959 versus
2550 2901 2780 2967 indicat,

896 3033 984 3102 ἐφ’
1025 3033 1168 3096 ὅλοις
1199 3033 1377 3087 ἐτεσιν
1406 3033 1552 3088 ὀκτὼ
1579 3031 1806 3104 βιώσας,
1840 3035 2210 3106 τυραννήσας.

168 3169 223 3215 et
251 3177 320 3217 ne
359 3162 460 3216 sic
495 3163 715 3232 quidem
751 3163 1154 3234 insequentium
1187 3180 1452 3218 annorum
1487 3165 1618 3219 vitia
1651 3165 1862 3220 sublata
1897 3174 2045 3220 sunt.
2079 3163 2213 3218 Nam
2251 3163 2486 3220 Heraclii
2521 3163 2754 3234 primus,
2789 3165 2834 3218 si
2864 3163 3166 3219 Romanam
3200 3163 3456 3218 indictio-

169 3258 296 3296 nem
341 3259 616 3312 sequare,
666 3247 730 3298 ad
772 3245 840 3299 Η
893 3247 1086 3316 majori
1128 3261 1195 3300 ex
1229 3258 1384 3315 parte
1419 3246 1738 3302 referendus
1780 3255 1885 3301 est.
1923 3246 2211 3304 Secundus
2245 3249 2374 3302 item
2407 3261 2529 3301 cum
2581 3246 2650 3300 14
2681 3246 3044 3316 eopulandus,
3084 3263 3206 3301 cum
3263 3260 3328 3299 ex
3365 3246 3458 3298 illa

175 3344 405 3382 menses
447 3331 698 3396 integros
731 3328 786 3395 9,
820 3343 886 3383 ex
919 3330 1022 3384 hac
1052 3337 1165 3384 tres
1196 3330 1297 3384 sibi
1325 3329 1666 3384 solummodo
1709 3330 1965 3386 vindicet.
2009 3332 2222 3400 Alioqui
2254 3340 2311 3385 et
2345 3330 2540 3386 Phocae
2571 3329 2624 3393 Ι,
2661 3331 2752 3400 qui
2789 3331 3170 3399 sesquimeuse
3201 3330 3314 3384 lere
3353 3329 3459 3382 lle-

177 3411 490 3465 raclianam
528 3413 787 3480 epocham
817 3413 1084 3484 sequitur,
1133 3427 1282 3468 anno
1326 3427 1436 3483 quo
1469 3412 1637 3482 coepit
1671 3411 1777 3468 602
1805 3407 2130 3470 tribuendus
2160 3413 2306 3481 fuit,
2339 3428 2502 3485 quem
2543 3413 2707 3469 iidem
2762 3413 2840 3468 illi
2869 3411 3119 3468 Mauricii
3156 3413 3227 3468 20
3267 3414 3461 3468 merito

175 3503 601 3562 nuncuparunL

245 3597 362 3653 Par
419 3597 555 3652 huic
606 3606 663 3653 et
697 3597 874 3659 amnis
914 3613 1071 3654 error
1115 3600 1171 3656 in
1204 3599 1502 3657 Justiuiani
1545 3615 1718 3656 annos
1749 3599 1940 3656 iisdem
1977 3600 2045 3656 de
2087 3601 2271 3658 causis
2305 3601 2566 3670 irrepsit,
2593 3585 2934 3668 quodannis
2961 3601 3170 3657 Christi
3202 3603 3320 3658 sive
3361 3599 3462 3655 Ja-

174 3683 348 3738 lianis
381 3692 505 3737 tam
537 3682 896 3738 indictionum
925 3683 1082 3738 initia
1112 3699 1274 3754 quam
1311 3685 1527 3754 imperii
1557 3698 1826 3739 annorum
1855 3684 2074 3753 epocbae
2103 3698 2385 3754 perperam
2419 3683 2716 3753 illigantur.
2753 3685 2982 3740 Creatus
3007 3694 3092 3740 est
3119 3682 3462 3740 .lnstinianus

175 3765 500 3837 imperator
549 3763 822 3820 Kalendas
866 3767 1070 3836 Aprilis
1099 3767 1398 3823 indictione
1443 3766 1497 3832 5,
1527 3781 1557 3821 a
1603 3781 1710 3836 quo
1741 3765 1829 3822 die
1861 3776 2072 3836 tempus
2117 3768 2348 3836 imperiii
2391 3778 2749 3828 numeratur,
2782 3778 2840 3821 ut
2875 3777 2958 3823 est
2996 3768 3048 3822 in
3090 3769 3463 3823 Alexandrino

170 3849 467 3906 Chronico
520 3869 534 3905 :
569 3849 937 3918 astipulantur
962 3858 1018 3904 et
1041 3850 1404 3920 Theophanes
1439 3867 1504 3906 ac
1535 3850 1880 3905 Marcellinus
1909 3848 1961 3902 in
1997 3848 2288 3902 Chronico.
2326 3849 2516 3902 Annus
2539 3859 2660 3902 erat
2689 3848 2895 3904 Christi
2931 3851 3060 3914 5'27,
3093 3866 3200 3918 quo
3235 3852 3460 3905 indictio

169 3931 206 3986 5
247 3931 614 4001 Septembris
653 3933 1028 3988 antecedentis
1071 3934 1200 3986 anni
1247 3934 1500 3988 inchoata
1545 3933 1812 3987 decurrit.
1858 3929 2026 3998 Hujus
2071 3930 2416 3999 imperatoris
2463 3945 2517 3984 a.
2554 3931 2606 3997 5,
2649 3939 2709 3985 ut
2763 3941 2848 3986 est
2894 3933 3033 4000 apud
3067 3933 3462 4002 Theophanem

168 4014 497 4070 Alexandr.
538 4013 746 4087 Chron.
782 4025 837 4070 et
869 4015 1036 4080 alios,
1068 4015 1368 4070 indictione
1409 4017 1476 4072 10
1514 4016 1702 4087 ingens
1729 4014 1881 4085 Cpoli
1916 4013 2177 4067 tumultus
2223 4013 2289 4068 ab
2327 4014 2604 4068 Anastasii
2642 4015 2931 4084 nepotibus
2961 4014 3253 4080 excitatur,
3301 4030 3463 4084 quem

172 4095 347 4152 iidem
400 4098 484 4152 illi
529 4085 812 4154 fusissime
843 4099 1176 4154 describunt.
1205 4099 1396 4154 Aunus
1436 4099 1526 4153 hic
1557 4085 1610 4152 in
1640 4098 1930 4152 annalibus
1960 4104 2045 4150 est
2072 4095 2272 4150 Christi
2300 4096 2440 4162 551;
2476 4097 2528 4150 id
2565 4097 2898 4166 quodetiam
2933 4096 3204 4153 Calvisius
3244 4108 3465 4152 secutus

168 4189 282 4234 est.
313 4181 395 4234 At
423 4179 578 4234 enim
609 4195 731 4233 cum
761 4181 988 4236 indictio
1024 4181 1090 4236 i0
1127 4183 1340 4236 nonnisi
1374 4197 1426 4235 a.
1461 4182 1556 4237 55l
1593 4179 1896 4251 Septembri
1927 4193 2113 4233 mense
2141 4179 2326 4233 inierit
2367 4180 2666 4248 eademque
2695 4195 2748 4232 a.
2780 4179 2887 4234 582
2917 4188 3210 4251 propagata
3242 4180 3336 4241 sit.
3367 4196 3464 4235 ne-

168 4276 336 4318 cesse
363 4273 462 4316 est
492 4261 816 4316 seditionem
849 4262 996 4317 illam
1028 4265 1134 4318 hoc
1175 4266 1476 4332 posteriore
1509 4279 1676 4330 anno,
1728 4263 1774 4318 si
1811 4263 2027 4330 quidem
2055 4262 2301 4318 Julianus
2331 4265 2632 4332 sequimur,
2665 4263 2984 4334 contigisse.
3031 4263 3184 4330 Quod
3214 4274 3266 4319 et
3297 4263 3468 4319 feria-

167 4360 297 4399 tum
329 4345 698 4398 characteres
729 4344 1057 4400 conﬁrmant
1087 4346 1140 4400 in
1164 4346 1324 4402 Alex.
1351 4346 1629 4402 Chronico
1660 4347 1752 4400 ubi
1777 4345 1883 4400 778
1913 4347 2015 4400 hoc
2041 4359 2184 4400 anno
2207 4343 2454 4400 Januarii
2487 4346 2553 4400 16
2583 4345 2881 4402 Parasceve
2909 4347 3076 4402 fuisse
3103 4347 3380 4412 scribitur,
3411 4358 3467 4402 et

159 4428 450 4495 sequenti
490 4427 582 4482 die
613 4427 936 4492 Sabbatum,
974 4429 1102 4484 inde
1129 4429 1198 4483 18
1223 4429 1310 4484 die
1331 4415 1686 4485 Dominicani.
1725 4427 1839 4486 Hoc
1862 4443 1994 4484 vero
2022 4443 2128 4484 non
2157 4429 2311 4484 alteri
2343 4429 2577 4500 quadrat
2617 4445 2780 4500 quam
2812 4429 2919 4484 532
2958 4445 3124 4497 anno,
3158 4431 3312 4502 cyclo
3335 4433 3466 4488 solis

165 4511 202 4566 9
229 4509 559 4578 bissextili,
588 4511 773 4568 littera
802 4511 959 4568 Dom.
998 4513 1062 4568 ι).
1969 4511 1977 4518 ’

233 4619 328 4674 Ab
370 4622 493 4673 hoc
531 4615 682 4672 fonte
713 4617 768 4674 in
796 4618 936 4674 alios
975 4618 1218 4687 ejusdem
1253 4620 1598 4690 imperatoris
1635 4635 1806 4676 annos
1839 4620 2085 4676 derivata
2119 4631 2244 4676 sunt
2273 4622 2428 4676 vitia.
2463 4620 2570 4676 Sed
2601 4621 2812 4692 insigne
2842 4621 2949 4676 hoc
2971 4630 3054 4677 est
3091 4637 3201 4690 prae
3235 4625 3467 4679 caeteris.

159 4698 334 4752 Anno
401 4697 710 4754 Justiniani
782 4700 874 4765 i9,
930 4701 1122 4757 indict.
1182 4702 1216 4757 9
1279 4703 1458 4756 adhuc
1522 4701 1760 4772 labente,
1822 4703 2020 4756 accidit
2081 4702 2369 4758 Paschalis
2433 4703 2757 4773 διαστροφή,
2814 4713 2874 4757 ιιι
2939 4703 3132 4759 scribit
3189 4705 3470 4760 Cedrenus

152 4798 227 4838 ac
305 4781 722 4848 Theophanes.
788 4783 956 4854 llujns
1027 4785 1192 4840 verba
1251 4785 1535 4852 subjiciam
1589 4801 1604 4840 :
1663 4783 1729 4838 Et
1782 4784 1954 4854 factus
2004 4796 2081 4839 est
2138 4795 2467 4839 teri-armatus
2527 4801 2749 4855 magnus
2799 4784 2952 4852 Cpoli
3013 4795 3062 4840 et
3129 4789 3328 4842 eversio
3385 4791 3472 4844 die

151 4875 362 4920 sancto
435 4863 687 4928 Paschw,
728 4874 777 4919 et
807 4867 958 4934 coepit
1019 4869 1205 4938 vulgus
1267 4869 1528 4922 abstinere
1585 4885 1617 4921 a
1660 4868 1907 4920 carnibus
1945 4883 2118 4920 mense
2172 4864 2465 4921 Februario
2511 4867 2598 4921 die
2636 4867 2692 4922 4.
2749 4865 3052 4933 Imperator
3103 4879 3280 4923 autem
3331 4885 3470 4934 prte-

151 4955 305 5016 cepn
367 4945 504 5000 alia
556 4945 886 5002 hebdomade
923 4965 1136 5003 carnem
1181 4953 1412 5018 apponi;
1452 4961 1500 5004 et
1539 4965 1718 5005 omnes
1763 4951 2004 5004 carnium
2045 4949 2337 5004 venditores
2385 4951 2688 5004 ocriderunt
2731 4959 2779 5004 et
2825 4962 3203 5020 opposuerunt,
3237 4964 3284 5005 et
3317 4967 3470 5004 nemo

147 5032 358 5085 edebat
391 5038 505 5084 aut
540 5031 765 5084 emebat.
798 5029 968 5084 Porro
993 5031 1197 5086 Pascha
1223 5033 1424 5102 factum
1455 5041 1530 5086 est
1559 5041 1617 5086 ut
1649 5034 1940 5100 imperator
1957 5033 2144 5101 jussit,
2167 5042 2214 5086 et
2246 5034 2485 5087 inventus
2516 5043 2591 5089 est
2623 5034 2849 5104 populus
2865 5035 3120 5104 jejunans
3146 5035 3471 5088 hebdomade

147 5114 494 5183 superﬂua.
534 5111 609 5166 Ex
635 5114 830 5181 quibus
863 5114 1137 5183 colligitur
1166 5115 1420 5184 populum
1452 5116 1729 5184 praeﬁxum
1753 5119 1821 5170 ab
1846 5117 2184 5183 imperatore
2215 5117 2507 5171 terminum
2538 5118 2877 5172 hebdomada
2909 5119 3080 5172 solida
3113 5117 3464 5186 prmvcniSse.

145 5196 213 5251 In
245 5194 584 5250 annalibus
612 5194 890 5249 confertur
920 5197 1020 5250 hoc
1057 5196 1111 5250 in
1144 5213 1193 5249 a.
1223 5198 1284 5251 (Σ.
1311 5196 1438 5250 545.
1477 5197 1674 5251 Verum
1703 5198 1948 5266 sequenti
1975 5197 2133 5264 plane
2159 5199 2383 5268 contigit
2411 5199 2847 5263 546,.lustiniani
2889 5201 2952 5256 l9
2979 5201 3216 5252 nondum
3248 5197 3468 5252 evoluto

147 5278 367 5348 (quod
416 5278 611 5346 ipsum
653 5279 1014 5348 scriptoribus
1052 5279 1373 5348 imposuit),
1411 5279 1660 5334 inchoata
1683 5280 1792 5350 jam
1829 5280 2017 5335 indict.
2055 5280 2108 5336 9.
2143 5281 2200 5334 ln
2233 5297 2341 5350 quo
2383 5283 2736 5337 vehementer
2775 5283 3183 5336 hallucinantur
3225 5282 3313 5349 qni
3373 5291 3467 5335 ant

141 5375 434 5416 errorem
469 5357 626 5412 illum
650 5359 960 5415 Justiuiano
987 5362 1248 5427 tribuunt,
1274 5372 1367 5416 aut
1392 5363 1553 5416 ullam
1580 5365 1799 5416 omnino
1822 5363 2106 5418 Paschalis
2127 5365 2457 5435 διαστροφήν
2485 5365 2746 5418 accidisse
2766 5367 3033 5430 scribunt,
3064 5365 3140 5418 uti
3166 5364 3467 5430 Cedrenns,

144 5442 569 5513 Theophanes
616 5453 669 5495 et
703 5442 828 5508 alii,
863 5445 957 5512 qui
987 5460 1169 5498 secum
1217 5443 1317 5514 ipsi
1347 5445 1634 5514 perspicue
1681 5455 1936 5514 pugnant.
1974 5445 2185 5500 Etenim
2235 5448 2278 5500 si
2313 5462 2376 5502 cx
2428 5447 2770 5514 imperatoris
2818 5449 3168 5516 praescripto,
3203 5450 3343 5516 quod
3377 5465 3468 5502 ca-

144 5527 290 5581 noni
330 5534 799 5580 consentaneum
856 5526 1024 5582 fuisse
1057 5543 1178 5581 mox
1216 5529 1592 5594 ostendemus,
1627 5527 1834 5582 Pasrha
1864 5528 2196 5584 celebratum
2235 5537 2354 5594 est,
2385 5528 2530 5580 nulla
2563 5528 2680 5597 ejus
2724 5527 2968 5597 profecto
2999 5529 3296 5600 διαστροφή
3326 5522 3464 5596 fuit,

147 5611 258 5664 sed
293 5609 415 5678 τῆς
467 5606 908 5678 ἀποκρεωσίμου
943 5611 1139 5682 ἑορτῆς
1171 5611 1454 5672 duntaxat,
1490 5625 1650 5679 quam

1931 5609 2235 5678 imperitum
2277 5625 2400 5664 cum
2437 5610 2934 5677 quartadecimanis
2963 5622 3151 5666 contra
3202 5627 3464 5666 canoncm

145 5691 381 5744 inierat
417 5685 720 5743 Februarii
747 5689 798 5744 4.
825 5691 937 5746 lloc
964 5695 1108 5765 enim
1139 5705 1282 5745 anno
1303 5692 1493 5766 cyrjus
1524 5692 1659 5747 luna:
1684 5692 1787 5748 fuit
1809 5693 1895 5759 15,
1919 5693 2102 5762 cyclus
2129 5694 2259 5751 solis
2287 5693 2564 5748 Romanus
2580 5693 2673 5761 25,
2700 5692 2780 5748 Iit.
2809 5691 2964 5748 Dom.
2989 5694 3052 5762 G,
3080 5707 3467 5752 concurrentes
