3882 6162
407 188 508 254 871
1438 181 1499 240 S.
1539 176 1962 240 NICEPIIORI
2003 178 2004 183 “

2154 170 2512 235 ΗίΑῐῖεΗΕ
2550 173 2660 233 CP.
3053 207 3066 222 ι
3593 161 3686 230 8ῖὲ

413 305 530 358 sive
561 299 777 367 Epactm
808 297 936 350 solis
981 295 1034 364 7,
1075 295 1412 350 nevilunium
1451 295 1710 362 paschale
1739 293 1806 348 19
1849 291 2054 354 Martii,
2087 290 2352 343 terminus
2379 303 2508 341 vero
2555 286 2674 340 Kal.
2710 288 2836 354 Apr.
2867 300 2881 349 ;
2915 301 3034 353 qua!
3069 299 3198 339 cum
3229 283 3684 367 concurrentibus

419 387 552 439 dant
583 363 773 435 loriam
810 381 863 434 1.
897 363 1080 446 Quare
1111 367 1515 448 prorogandum
1549 389 1760 446 tempus
1798 390 1862 429 ex
1899 387 2126 431 canone,
2158 383 2211 424 et
2244 371 2447 438 Aprilis
2478 371 2510 424 8
2537 369 2745 422 Pascha
2781 367 3194 429 celebrandum,
3227 373 3289 418 ut
3324 363 3684 420 scivitJusti-

415 469 632 520 uiantis.
669 463 880 518 Rursus
907 479 971 516 ex
1003 463 1193 516 eodem
1222 460 1442 516 Maximi
1473 469 1730 528 computo
1755 457 2004 512 terminus

2177 455 2598 524 παρεισϐἁσεως
2631 453 2740 506 τῶν
2769 453 2941 521 ἁγίων
2976 449 3245 522 νηστειῶν
3263 451 3394 503 (sive
3425 449 3532 518 τῆς
3559 450 3684 501 ἀπο-

413 548 734 621 κρεωσίμου
769 547 962 616 ἑορτῆς
1000 545 1279 600 Februarii
1309 544 1362 606 ι,
1394 557 1515 612 quae
1543 556 1666 596 cum
1691 541 2004 621 προσθεταῆ

2154 538 2270 592 ilcm
2298 549 2354 591 et
2378 537 2832 591 concurrentibus
2864 534 3026 588 nullis
3051 535 3140 586 dat
3170 531 3375 587 feriam
3415 531 3480 598 1;
3511 531 3686 600 proin-

415 615 591 698 deqnc
632 615 1020 684 diﬂ'undendns
1063 629 1182 682 dies
1227 629 1281 682 in
1309 628 1344 684 9
1381 625 1688 682 Februarii.
1723 615 1859 681 Cum
1889 624 2055 694 igitur
2076 619 2308 689 populus
2338 629 2466 675 ante
2504 620 2804 689 legitimum
2837 629 3051 686 tempus
3083 617 3140 669 in
3185 617 3426 698 ipsumet
3464 615 3684 698 termino

411 697 680 783 jejunium
715 715 834 766 sive
877 709 1357 780 quadragesimam
1393 708 1474 762 vel
1513 707 1694 778 potius
1723 703 2234 776 πεντηκονταεκτὴν
2267 702 2582 756 inclinasset
2613 702 2770 756 Febr.
2817 701 2872 765 4,
2908 701 3290 783 celebraturus
3315 697 3532 783 Pascha
3574 697 3682 783 list.

413 781 640 865 Aprilis,
669 793 1016 848 Justinianus
1061 793 1234 846 edixit
1259 806 1324 844 ne
1357 800 1483 845 ante
1517 791 1551 846 8
1579 789 1780 858 Aprilis
1822 799 2093 858 ageretur.
2126 789 2314 855 Itaque
2350 787 2743 840 bebdomadem
2771 798 2933 836 unam
2969 783 3037 836 ad
3065 783 3101 837 8
3135 781 3418 865 solemnes
3454 781 3681 865 addidit;

417 861 524 950 qua
559 877 966 946 religiosissima
997 875 1152 942 plebs
1179 876 1583 941 interrumpere
1613 871 1879 941 jejunium
1911 870 2084 924 noluit
2111 880 2166 925 et
2195 869 2621 936 oblatasgzarnes
2651 868 2878 936 respuit.
2906 866 3182 920 Czeterum
3219 865 3274 916 in
3310 861 3478 930 hujus
3519 863 3682 931 cxph—

415 947 630 1016 catioue
667 959 770 1012 loci
801 957 1030 1012 miriﬁce
1057 957 1276 1012 aberrat
1302 955 1570 1022 Joscphus
1606 953 1848 1022 Scaliger
1887 951 1968 1023 (Ι.
1999 951 2032 1006 4
2077 951 2146 1006 de
2186 953 2470 1006 Emendat.
2504 950 2755 1022 Temp),
2789 965 2912 1004 cum
2947 949 3092 1018 apud
3137 947 3458 1002 Cedrcnum
3495 961 3595 1013 pro
3627 949 3680 1008 Δ,

416 1045 520 1099 hoc
551 1051 637 1098 est
663 1045 698 1098 4
734 1043 1040 1106 Februarii,
1076 1041 1162 1100 ΙΔ,
1202 1042 1304 1095 hoc
1331 1049 1418 1094 est
1447 1041 1537 1102 14,
1571 1038 1847 1098 rescribit,
1875 1049 1927 1090 et
1955 1036 2025 1090 55
2053 1035 2170 1089 dies
2190 1035 2467 1104 jejunasse
2500 1035 2756 1105 pupulum
2789 1043 2954 1100 atque
2991 1031 3058 1084 ab
3085 1045 3184 1084 esu
3226 1031 3484 1084 carnium
3515 1028 3680 1081 absti-

417 1128 602 1181 nuisse
645 1125 859 1191 scribit,
895 1139 1020 1178 cum
1056 1139 1120 1176 cx
1157 1123 1550 1176 consuetudine
1576 1120 1644 1176 46
1669 1127 1879 1172 tantum
1921 1119 2036 1170 dies
2073 1117 2283 1186 jejunio
2324 1119 2436 1172 sint
2481 1117 2752 1172 attributi.
2789 1117 2988 1170 Verum
3029 1131 3096 1169 ex
3143 1113 3363 1168 Maximi
3410 1121 3681 1179 computo,

417 1225 576 1276 quem
605 1208 721 1278 ipse
749 1211 802 1262 in
847 1207 1054 1261 calcem
1083 1204 1206 1258 libri
1231 1204 1314 1257 sui
1341 1203 1594 1274 conjecit,
1624 1200 1912 1255 manifeste
1933 1201 2296 1256 convincitur.
2325 1200 2595 1254 Maximus
2617 1201 2766 1254 enim
2793 1201 2859 1252 ad
2888 1199 3184 1254 eruendam
3207 1197 3310 1266 τὴν
3335 1193 3682 1278 ἀτξοιρεὼσι-

421 1307 520 1362 μον
551 1277 746 1362 ἑορτήν
779 1287 1025 1355 indagari
1073 1286 1252 1354 primo
1285 1283 1439 1350 jubet
1493 1285 1677 1356 cyclos
1722 1282 1861 1362 solis
1901 1295 1964 1334 ac
1998 1281 2140 1336 lunae
2179 1298 2246 1336 ex
2283 1283 2456 1338 lunari
2501 1283 2745 1351 periodo,
2781 1291 2897 1334 tum
2928 1289 3347 1362 concurrentes.
3401 1277 3533 1332 llaec
3566 1291 3678 1330 cum

418 1361 773 1440 ἐπροσθεταῒς,
801 1371 844 1424 si
880 1369 1004 1423 ulla:
1033 1376 1180 1429 sunt,
1210 1376 1264 1420 et
1285 1369 1352 1436 τῇ
1385 1367 1648 1436 ποστιαια
1676 1365 1808 1418 dant
1843 1361 2004 1416 feriat

2154 1367 2238 1419 md
2260 1366 2303 1420 si
2335 1365 2388 1420 in
2427 1367 2717 1420 terminum
2744 1365 2914 1434 ipsum
2941 1361 3221 1416 Dominica
3254 1361 3377 1415 dies
3415 1363 3676 1416 incurrat,

418 1454 828 1507 dill'nndeudnm
866 1466 990 1505 esse
1021 1451 1162 1504 diem
1195 1449 1250 1502 in
1283 1461 1597 1516 sequentem
1627 1445 1984 1508 Dominicam,
2022 1453 2082 1499 ut
2121 1451 2173 1502 in
2201 1449 2461 1504 Paschate
2497 1450 2612 1504 ﬁeri
2643 1450 2800 1504 solet.
2835 1447 2998 1500 Addit
3031 1459 3190 1499 usum
3216 1441 3517 1514 ψηφισμοῦ
3547 1441 3601 1494 in
3633 1458 3679 1494 a.

424 1534 660 1590 lleraclii
699 1533 787 1596 51,
829 1533 919 1602 qui
962 1543 1046 1586 est
1073 1531 1272 1586 Christi
1305 1531 1428 1584 641.

469 1666 609 1722 'lioc
649 1678 711 1720 ut
749 1666 962 1736 planius
993 1665 1298 1734 intelligas,
1335 1665 1476 1720 scito
1511 1665 1730 1721 Graecos
1756 1667 2191 1740 Quadragesima:
2225 1669 2492 1740 jejunium
2535 1683 2564 1720 a
2617 1667 2916 1728 Dominica,
2953 1678 3117 1732 quam
3161 1677 3264 1717 nos
3319 1659 3684 1730 Sexagesima

420 1750 583 1820 vulgo
611 1750 866 1812 dicimus,
894 1749 1154 1802 inchoare
1182 1747 1402 1813 solitos;
1435 1749 1578 1818 quod
1605 1749 1828 1820 quidem
1867 1765 1932 1804 ex
1971 1751 2004 1804 bl

2154 1753 2185 1804 ti
2217 1761 2474 1824 computo
2505 1749 2834 1819 colligimus,
2872 1749 2960 1802 ubi
2991 1749 3025 1816 ἡ
3056 1743 3496 1816 ἀποκρεώσιμος
3529 1743 3681 1812 ἑορτή

422 1833 492 1888 56
525 1835 717 1887 diebus
766 1842 893 1886 ante
935 1830 1143 1884 Pascha
1185 1830 1517 1885 celebratur.
1562 1832 1738 1898 Atque
1769 1832 1908 1885 idem
1946 1835 2086 1902 apud
2115 1833 2370 1888 Albinum
2416 1831 2668 1886 Flaccum
2697 1832 2896 1899 legitur
2924 1830 3022 1884 lib.
3054 1831 3124 1882 de
3155 1827 3368 1882 Divinis
3393 1825 3506 1880 Oﬂ'.
3540 1841 3593 1881 c.
3627 1827 3686 1878 de

422 1917 681 1982 Septuag.
711 1914 796 1968 his
825 1911 1004 1966 verbis
1026 1930 1038 1966 :
1064 1909 1238 1964 Graeci
1257 1915 1552 1979 proximam
1576 1912 1979 1977 hebdomadam,
1997 1918 2051 1969 id
2070 1927 2146 1970 est
2167 1917 2567 1984 sexagesimum,
2595 1915 2926 1982 sancti/icturi
2944 1931 3040 1967 suo
3058 1912 3294 1982 jejunio,
3318 1911 3508 1964 clerici
3529 1911 3686 1964 nostri

421 2007 638 2051 auctore
666 1995 980 2060 Telesphore
1017 2011 1155 2062 papa
1185 2005 1504 2064 sequentem,
1526 1997 1583 2048 id
1610 2007 1684 2048 est
1711 1998 2220 2066 quinquagesimum,
2261 2000 2352 2068 qui
2395 1999 2666 2052 constituit
2714 1996 2745 2047 7
2773 1996 3227 2050 hebdomadarum
3264 1993 3539 2062 jejunium
3574 2000 3685 2045 ante

423 2077 656 2134 Pascha.
688 2079 858 2149 Cujus
885 2079 1117 2131 instituti
1149 2091 1213 2132 ea
1247 2080 1384 2132 ratio
1409 2089 1511 2130 est.
1537 2077 1712 2132 Graeci
1737 2079 1824 2131 die
1850 2079 2126 2135 Dominico
2157 2091 2214 2133 et
2238 2080 2480 2135 Sabhato
2509 2095 2614 2133 non
2638 2079 2909 2149 jejunant,
2935 2089 3164 2146 excepto
3193 2077 3446 2132 Sahbato
3474 2091 3683 2146 Inagno,

425 2177 488 2215 ex
525 2162 845 2231 praescripto
877 2161 1078 2214 veteris
1118 2161 1374 2222 eanonis,
1406 2160 1496 2227 qui
1527 2171 1610 2214 est
1637 2161 1780 2216 inter
1808 2163 2138 2228 apostolicos
2169 2162 2272 2228 65;
2305 2165 2392 2218 cui
2425 2162 2646 2230 quidem
2687 2177 2817 2216 usus
2847 2161 3206 2215 occidentalis
3233 2159 3506 2212 Ecclesiae
3533 2160 3684 2210 dero-

423 2247 590 2312 gavit.
629 2244 797 2312 Igitur
823 2244 1277 2313 quemadmodum
1309 2253 1497 2296 sancta
1534 2242 1778 2297 Romana
1803 2241 2078 2316 Ecclesia,
2101 2260 2222 2312 quae
2247 2245 2344 2315 τὴν
2374 2244 2822 2314 τεσσαρακοστήν
2859 2244 2958 2298 init
2987 2258 3016 2296 a
3052 2243 3338 2298 Dominica
3367 2254 3499 2308 quae
3525 2239 3688 2305 Quiu-

423 2327 797 2396 quagesimam
846 2328 1112 2394 sequitur,
1149 2335 1444 2392 quaternos
1478 2323 1594 2378 dies
1625 2324 1825 2392 adjecit
1848 2336 1901 2378 et
1934 2335 2079 2381 retro
2104 2326 2368 2395 jejunium
2397 2327 2666 2395 promovit
2689 2328 2755 2382 ad
2785 2325 2979 2381 feriam
3019 2327 3073 2389 4,
3109 2341 3272 2394 quam
3299 2335 3480 2394 caput
3507 2322 3685 2390 jejuuii

431 2409 650 2461 rituales
684 2407 805 2462 libri
849 2419 1062 2462 veteres
1089 2406 1398 2476 appellant,
1425 2416 1482 2459 ut
1510 2406 1807 2461 Christiani
1833 2409 1902 2464 40
1931 2408 2004 2464 die

2154 2411 2290 2465 lidos
2329 2412 2433 2482 τὴν
2462 2411 2860 2481 νενομισμένην
2904 2411 3122 2480 ἀποχὴν
3165 2425 3274 2465 nou
3317 2409 3492 2464 modo
3520 2407 3687 2477 κρεῶν

427 2505 612 2545 verum
649 2493 812 2546 etiam
859 2491 965 2545 cibi
1008 2489 1188 2544 onmis
1217 2489 1544 2553 observent,
1574 2499 1859 2560 prepterea
1900 2491 2042 2560 quod
2073 2507 2104 2545 a
2142 2491 2421 2547 Dominica
2454 2495 2524 2549 10
2559 2494 2628 2548 ad
2659 2491 2953 2546 Sabbatum
2991 2501 3246 2547 sanctum
3291 2491 3417 2544 dies
3455 2503 3583 2544 sunt
3609 2491 3687 2546 Β.

427 2573 494 2624 de
528 2573 724 2640 quibus
757 2571 792 2626 6
827 2573 1124 2626 Dominicis
1153 2571 1507 2642 dtv-qsssticmg
1545 2574 1816 2640 exemptis
1843 2574 1912 2627 56
1947 2575 2211 2629 duntaxat
2243 2578 2442 2631 residui
2467 2589 2596 2632 sunt
2622 2577 2640 2648 (
2669 2579 2789 2632 ideo
2817 2577 3066 2646 quaterni
3098 2575 3173 2630 illi
3216 2575 3338 2628 dies
3364 2584 3527 2627 extra
3555 2571 3689 2627 ordi-

429 2671 552 2709 nem
586 2656 926 2728 arrogandi),
959 2658 1032 2710 ita
1066 2654 1242 2711 Graeci
1267 2695 1283 2720 ,
1317 2656 1410 2724 qui
1445 2654 1696 2709 Sabbatis
1725 2670 1975 2726 peraeque
2005 2672 2070 2714 ac
2104 2657 2398 2714 Dominicis
2425 2676 2528 2714 non
2555 2661 2796 2731 jejuuant
2821 2702 2836 2724 ,
2870 2660 3204 2727 proindeque
3232 2657 3304 2711 de
3337 2655 3412 2710 36
3442 2655 3636 2709 diebus
3661 2654 3690 2705 6

429 2737 566 2792 alios
597 2749 688 2792 aut
715 2739 904 2794 saltem
934 2738 968 2793 5
994 2739 1314 2808 decerpunt,
1346 2737 1412 2792 10
1440 2737 1558 2792 dies
1589 2752 1654 2790 ex
1682 2740 2132 2796 antecedentibus
2158 2751 2409 2812 repetunt
2435 2752 2490 2797 et
2522 2745 2824 2799 anteriores
2853 2741 3216 2796 hebdomadas
3240 2738 3390 2792 duas
3411 2737 3691 2804 adjiciunt,

429 2835 498 2875 ex
536 2823 738 2888 quibus
769 2821 1072 2876 Dominicis
1099 2821 1310 2874 duabus
1340 2821 1673 2889 totidemque
1704 2819 1957 2876 Sabbatis
1983 2825 2268 2892 expunctis
2297 2825 2364 2879 10
2395 2835 2522 2879 sunt
2555 2827 2808 2880 ἀπόσιτοι
2841 2828 2974 2889 dies,
3002 2821 3138 2876 adeo
3165 2831 3226 2876 ut
3252 2821 3540 2875 universa
3563 2821 3692 2872 ἀπο-

427 2904 732 2975 κρεώσιμοι
763 2905 882 2960 dies
911 2903 1140 2964 sin156,
1181 2904 1433 2957 ἀπόσιτοι
1474 2919 1602 2957 vero
1637 2902 1708 2956 40
1741 2905 1822 2956 vel
1865 2905 1956 2958 41.
1994 2903 2004 2956 1

2154 2911 2190 2959 με
2221 2917 2370 2972 patet
2398 2907 2739 2974 Cpolitanum
2770 2907 3026 2976 populum
3060 2917 3165 2956 non
3212 2901 3284 2956 55
3327 2903 3448 2955 dies
3477 2917 3576 2970 pro
3607 2900 3692 2964 ιε,

429 2993 489 3040 ιιι
516 2997 668 3054 putat
711 2987 973 3056 Scaliger,
1009 2986 1104 3040 sed
1139 3001 1236 3055 pro
1271 2986 1338 3040 56
1365 2985 1619 3052 legitimis
1647 2985 1716 3038 63
1743 3001 1772 3039 a
1803 2988 2060 3041 carnibus
2095 2987 2440 3044 abstinuisse.
2471 2990 2526 3042 Id
2557 2991 2729 3056 ipsum
2761 3001 2814 3042 et
2856 3004 2924 3042 cx
2948 2985 3266 3039 Grmcorum
3303 2983 3604 3054 horologia
3621 2981 3696 3034 di-

427 3068 698 3134 dicimus;
735 3069 896 3138 idque
926 3067 1164 3136 insuper,
1196 3066 1533 3122 Dominicant
1571 3067 2004 3136 Quinquagesim:

2154 3071 2270 3123 Icari
2299 3073 2365 3123 ab
2407 3074 2475 3126 iis
2502 3071 2600 3143 τὴν
2628 3072 2919 3141 Κυριακὴν
2960 3069 3063 3136 τῆς
3086 3067 3435 3138 τυροφάγου.
3471 3068 3695 3120 Causam

431 3152 637 3204 addunt
670 3153 770 3204 hoc
796 3151 1006 3204 scbolio
1039 3165 1054 3204 :
1089 3151 1302 3204 Εἰδέναι
1323 3150 1429 3220 χρὴ
1451 3151 1532 3202 ὄτι
1561 3152 1627 3219 τῇ
1659 3150 1891 3220 Τετράδι
1919 3153 2004 3204 xui

2154 3156 2376 3222 ιασκενῇ
2409 3153 2510 3222 τῆς
2537 3155 2850 3224 τυροφὰγου
2883 3152 3018 3224 μετὰ
3049 3153 3147 3220 τὴν
3177 3149 3226 3200 6'
3255 3149 3527 3218 ἐσθίομεν
3546 3149 3696 3220 τυρὸν

429 3231 527 3284 καὶ
556 3231 640 3284 ea:
661 3233 750 3284 διὰ
771 3231 899 3294 τοὺς
939 3232 1256 3294 Ἰακωὸίτας
1288 3232 1385 3284 καὶ
1413 3231 1764 3301 Τετραδίτας,
1801 3232 1944 3285 κατὰ
1975 3234 2068 3286 τὸν
2097 3236 2299 3290 κανόνα
2324 3234 2418 3288 τοῦ
2455 3239 2513 3288 ὲν
2545 3237 2722 3304 ἁγίοις
2760 3234 2972 3306 Harpe;
2995 3233 3156 3304 ἡμῶν
3180 3232 3520 3303 Νικηφόρον
3551 3234 3697 3286 Κων-

439 3313 960 3376 σταντινουπόλεως.
999 3315 1363 3380 Quamobrem
1391 3322 1516 3368 aute
1556 3327 1804 3382 magnam
1834 3315 2304 3383 quadragesimam
2335 3319 2547 3372 mollius
2579 3320 2860 3388 laxiusque
2900 3315 3164 3387 jejunium
3197 3325 3309 3370 est.
3344 3314 3564 3368 Idcirco
3603 3314 3698 3369 Do-

431 3397 690 3450 tninitam
731 3395 1160 3464 quadragesimae
1205 3407 1404 3449 vocant
1439 3394 1664 3466 πρώτην
1691 3395 1800 3448 τῶν
1835 3414 1998 3467 νηστε

2154 3401 2258 3470 ἡτοι
2302 3401 2402 3470 τῆς
2431 3401 2765 3470 opiﬁci-05in.
2809 3403 2986 3471 Atque
3037 3401 3141 3453 hoc
3182 3413 3358 3471 unum
3398 3400 3694 3468 exemplum

431 3479 681 3532 scctariis
725 3494 786 3530 ac
827 3478 924 3547 τῆς
960 3477 1414 3548 τεσσαρακοστῆς
1441 3479 1716 3542 osoribus,
1750 3480 1794 3534 si
1835 3493 1898 3534 os
1943 3480 2112 3535 ullum
2145 3469 2448 3546 haberent,
2495 3500 2615 3552 cum
2664 3469 3182 3552 silentio—pudorem
3229 3469 3486 3534 incutere
3519 3473 3695 3550 p'otuit.

500 3557 656 3612 Nunc
683 3571 980 3628 antequam
1021 3561 1087 3614 ad
1111 3559 1405 3628 Nil-ephori
1431 3560 1761 3615 breviarium
1785 3563 2092 3631 aggrediar,
2123 3563 2255 3618 libet
2279 3567 2380 3618 hoc
2407 3565 2526 3617 loro
2551 3550 2935 3632 chronological
2959 3550 3186 3634 synopsi
3215 3563 3440 3631 priores
3477 3563 3695 3619 lleraclii

429 3644 692 3695 duntaxat
720 3657 890 3694 annos
921 3643 1386 3711 comprehendere
1411 3683 1424 3706 ,
1472 3644 1524 3698 in
1556 3645 1753 3712 quibus
1801 3646 2140 3714 potissimum
2186 3647 2522 3701 illustrandis
2555 3663 2776 3718 operam
2818 3649 3097 3717 posuimus
3119 3685 3135 3710 ,
3171 3655 3231 3698 ut
3265 3646 3543 3701 historica
3567 3647 3698 3701 s-rrie

429 3733 706 3792 perspecta
737 3723 952 3780 facilius
987 3741 1108 3794 qua:
1136 3741 1166 3778 a
1196 3726 1352 3780 nobis
1379 3726 1700 3795 disputanda
1729 3737 1854 3782 sunt
1893 3727 2066 3782 lector
2091 3728 2382 3798 intelligat.

1008 3904 1390 4008 SYNOPSlS.
1431 3947 2072 4010 CHRO‘NOLOGICA
2114 3949 2501 4010 HERACLII
2545 3951 2938 4012 ANNORUM
2997 3954 3094 4012 ts.

425 4156 580 4212 Anno
613 4156 827 4211 Domini
857 4157 986 4224 610,
1026 4157 1343 4237 Indian-i3;
1372 4156 1564 4212 Phoco:
1595 4157 1649 4220 8,
1684 4157 1830 4227 cyrlo
1864 4157 2005 4213 luna:
2033 4169 2080 4226 Α
2181 4161 2478 4230 Epiphania
2511 4161 2744 4218 lleraclii
2773 4162 2886 4216 tilia
2923 4167 3166 4222 nascitur
3211 4165 3342 4222 Julii
3380 4170 3434 4234 7,
3479 4170 3574 4224 fer.
3621 4173 3690 4237 λς

1065 4227 1118 4291 5,
1153 4227 1278 4278 solis
1313 4227 1365 4279 5.

2154 4227 2241 4306 nae-
2259 4227 2446 4307 eadem
2481 4253 2716 4310 Eudocia
2743 4258 2908 4310 dicta.

501 4336 612 4440 “2f:
641 4353 808 4440 agnon
823 4335 1046 4440 S_e_rgius
1077 4337 1385 4404 patriarclm
1425 4337 1742 4406 Cpoma'ms
1789 4351 2007 4395 crea'ur
2108 4371 2172 4420 Α.
2207 4366 2272 4423 D.
2306 4368 2432 4434 612,
2459 4368 2654 4424 Indict.
2694 4371 3043 4432 15,11ρηιί·ιίἱ
3072 4371 3126 4435 2,
3153 4387 3270 4440 post
3305 4373 3551 4430 "cr-adii
3575 4393 3687 4430 cos:-

426 4429 628 4498 Aprilis
661 4429 750 4494 18,
775 4428 1015 4483 Sabbato
1047 4444 1264 4496 magno.
1950 4472 1968 4498 κ

2420 4428 2430 4434 ’
2479 4442 2734 4504 sulatum,
2771 4428 2919 4510 cyclo
2952 4428 3227 4512 utrobique
3256 4439 3310 4500 5.

503 4518 786 4574 lleraclius
815 4537 844 4572 ιι
872 4519 1063 4588 Crispo
1107 4519 1304 4572 Phocac
1333 4533 1536 4589 genero
1567 4531 1621 4574 et
1649 4531 1840 4576 senatu
1868 4523 2007 4593 Cpo-

429 4613 600 4667 litano
629 4612 830 4667 litteris
859 4621 1120 4668 evocatus
1150 4627 1216 4667 ex
1243 4612 1426 4666 Africa
1465 4611 1696 4668 Plu-cam
1715 4616 2004 4686 opprimit,

427 4716 485 4760 et
512 4721 580 4760 ex
607 4721 659 4758 a.
695 4706 754 4760 D.
791 4704 928 4760 Non.
961 4703 1084 4760 Oct.
1118 4705 1404 4774 imperium
1431 4707 1746 4775 auspicatus
1781 4718 1882 4771 est,
1917 4706 2002 4761 ln-

427 4795 561 4850 dict.
587 4795 741 4865 Cpoli
775 4796 974 4868 Mjam
1002 4796 1279 4852 inchoata.
1313 4795 1546 4866 Moxque
1573 4797 1866 4853 Endociam
1897 4800 2008 4852 Au-

425 4899 639 4958 gustam
674 4905 900 4944 uxorem
934 4889 1104 4946 ducit.

503 4979 735 5036 Sanctus
761 4983 997 5038 Joannes
1051 4979 1308 5037 Eleemon
1339 4980 1681 5036 Alexandria:
1715 4981 2003 5050 episcopus

427 5073 618 5128 saltem
657 5074 758 5127 hoc
787 5087 931 5126 anno
962 5082 1179 5128 creatus
1208 5081 1448 5142 putatur.

422 5185 496 5265 ΠΛ.
543 5183 612 5240 D.
664 5185 790 5249 611,
821 5183 1018 5240 Indict.
1055 5181 1436 5308 14,Ifle;aclii
1490 5183 1539 5248 1,
1587 5183 1731 5253 cyclo
1775 5184 1917 5238 luna:
1948 5187 2000 5249 4,

1111 5272 1166 5308 so
1197 5271 1237 5308 is
1309 5292 1323 5308 .

1111 5271 1237 5309 satis
1267 5271 1323 5308 4.

2180 4548 2461 4606 lleraclius
2505 4551 2708 4621 iunior,
2755 4555 2846 4622 qui
2889 4565 2946 4608 et
2985 4553 3419 4622 Constantinus,
3453 4561 3686 4614 nascitur

2110 4641 2161 4694 in
2193 4643 2504 4698 suburbano
2537 4645 2936 4714 SOphianorum
2971 4646 3094 4701 Maii
3132 4649 3188 4703 3.
3219 4647 3362 4704 feria
3394 4649 3449 4705 4.

2179 4733 2414 4788 Eudocia
2439 4735 2669 4790 Heraclii
2695 4753 2834 4791 uxor
2857 4723 3086 4793 moritur
3108 4741 3246 4810 Aug.
3277 4741 3368 4804 l3,
3395 4737 3680 4795 Dominica.

2180 4820 2478 4892 Epiphania
2508 4825 2744 4880 lieraclii
2770 4829 2876 4882 lilia
2905 4829 2958 4882 in
2975 4829 3504 4896 palatio‘coroaatur
3523 4848 3552 4884 a
3569 4831 3682 4884 Scr-

2107 4915 2194 4984 gio
2224 4911 2419 4968 Octob.
2451 4912 2506 4977 4,
2544 4912 2738 4998 India.
2772 4917 2795 4969 1
2836 4915 3142 4986 Cpolitana.

2108 5030 2169 5080 Α.
2219 5025 2283 5078 D.
2311 5027 2436 5101 6l_3_,
2472 5026 2666 5101 lndict.
2697 5030 2756 5101 _i,
2806 5027 3049 5084 Hernclii
3085 5033 3140 5098 5,
3184 5043 3301 5101 post
3346 5033 3462 5101 ejus
3495 5049 3602 5086 cas.
3628 5031 3676 5091 3.

2365 5095 2494 5151 Her.
2525 5097 2648 5164 jun.
2689 5099 2740 5161 1,
2776 5101 2922 5170 cyclo
2956 5102 3086 5156 solis
3126 5095 3438 5157 'et'lnme'ti.

2178 5211 2462 5266 lleraclius
2502 5209 2692 5280 jnnior
2727 5212 2972 5271 Januarii
3003 5215 3095 5282 92,
3140 5215 3275 5272 feria
3305 5217 3341 5270 Ξ
3373 5227 3672 5271 coronatur.

2102 5305 2174 5360 Α.
2209 5304 2274 5358 υ.
2300 5303 2426 5369 614,
2461 5302 2658 5360 Indici.
2708 5305 2766 5367 2,
2818 5305 3060 5362 ﬂerat-lii
3091 5325 3205 5363 seu.
3243 5311 3303 5371 7,
3333 5319 3448 5372 post
3490 5323 3598 5360 cos.
3624 5305 3670 5370 5,

499 5367 788 5425 llcraclius
816 5369 1059 5426 Januarii
1091 5369 1160 5424 M
1189 5368 1276 5424 die
1305 5366 1644 5423 consulatum
1679 5367 1798 5422 init.
2305 5366 2544 5426 Her’actii
2567 5374 2693 5442 jun.
2734 5366 2791 5441 2,
2822 5378 2967 5444 cyclo
2997 5380 3138 5432 tuna:
3170 5366 3401 5448 solisque
3429 5381 3477 5432 7.

496 5459 678 5516 Persae
716 5461 858 5518 Maio
905 5477 1090 5517 mense
1135 5461 1348 5536 Syriam
1386 5459 1674 5526 infestant,
1711 5459 2002 5531 Apameam
2183 5461 2468 5518 l‘leraclins
2497 5463 2788 5521 Martinam
2821 5470 3032 5523 sororis
3063 5468 3232 5524 tiliam
3265 5470 3412 5524 ducit
3441 5480 3666 5524 uxorem.

427 5559 483 5606 et
507 5553 762 5608 Edessam
792 5562 1084 5624 occupant.
2041 5543 2082 5598 Β
2179 5553 2358 5610 Persae
2387 5555 2708 5612 Damascum
2741 5569 3072 5628 expugnant.
