3882 6162
229 374 337 440 873

517 555 755 609 Ileraclii
778 558 895 626 juu.
925 559 978 612 5.
1007 562 1150 628 cyclo
1179 555 1453 629 utrobique
1473 555 1530 617 9.

304 645 486 700 Persa!
513 644 753 698 Jutlzeatn
791 646 844 697 in
875 656 1198 711 potestatem
1243 648 1514 716 redigunt,
1555 645 1813 699 lllﬁl‘OSO.’

230 739 433 809 lymam
484 736 732 804 capiunt,
783 748 1025 790 sanctam
1068 753 1131 791 ac
1175 738 1444 790 VlVlllCttlﬂ
1500 753 1717 791 crucem
1759 736 1812 789 in

229 831 510 884 Persidem
531 825 863 880 transferunt
883 827 1044 880 Junio
1069 843 1271 882 mense.
1297 828 1724 881 Christianorum
1746 825 1816 880 90

229 919 397 972 millia
429 917 724 985 perimunt,
759 912 1078 968 Zachariam
1115 916 1479 983 patriarchatn
1517 915 1810 968 abducunt.

304 1007 696 1062 Constantinus
756 1005 896 1058 alter
945 1020 1009 1059 ex
1073 1005 1298 1058 Mttl‘lltttt
1360 1005 1610 1059 nascitur
1651 1015 1704 1060 et
1760 1007 1813 1059 in

232 1099 553 1151 ltlachernis
597 1113 624 1148 ιι
659 1096 850 1164 Sergio
884 1096 1214 1165 baptizatur.

227 1193 297 1244 Α.
338 1190 406 1243 D.
442 1188 568 1250 611,
605 1188 797 1242 Indiet.
827 1188 882 1245 4,
922 1186 1151 1240 Hcraclii
1183 1186 1235 1245 6.
1267 1195 1380 1254 post
1409 1201 1517 1240 eos.
1548 1185 1601 1251 5,
1643 1183 1815 1238 Hera-

586 1257 673 1312 clii
701 1259 825 1325 jun.
855 1259 908 1318 4,
936 1257 1080 1325 cyet’o
1109 1259 1382 1324 utrobique
1416 1257 1469 1310 9.

307 1350 437 1404 Saes
471 1363 500 1402 a
542 1347 780 1402 Chosroe
813 1349 1010 1400 missus
1035 1345 1326 1416 Egyptum
1357 1347 1736 1400 Alexandriam
1763 1356 1819 1402 et

226 1442 469 1494 Africam
500 1451 752 1508 Occupat.
795 1439 924 1492 lude
956 1442 1023 1492 ad-
1055 1439 1452 1492 Chalcedonem
1488 1453 1657 1506 usque
1690 1454 1814 1492 cum

228 1531 406 1599 cupiis
447 1530 722 1598 profectus
754 1541 873 1580 cum
917 1528 1169 1581 Heraclio
1223 1528 1548 1595 paciscitur,
1590 1527 1817 1597 ejusque

230 1621 441 1689 legatos
469 1634 652 1674 secum
687 1619 737 1671 in
771 1601 1046 1671 Orientem
1081 1618 1149 1671 ad
1188 1616 1470 1672 Cltosroen
1499 1617 1742 1672 deducit.
1773 1619 1816 1670 A

225 1729 341 1783 quo
373 1713 675 1765 miserrime
705 1721 951 1763 necatur.

307 1804 368 1858 S.
395 1803 632 1857 Joannes
665 1802 949 1872 Ἐλεήμων
973 1801 1096 1854 anni
1131 1799 1286 1868 hujus
1311 1800 1464 1853 initio
1495 1800 1744 1854 moritur.

308 1893 367 1947 S.
434 1894 756 1946 Anastasius
812 1894 972 1946 Persa
1032 1893 1084 1944 in
1142 1892 1264 1945 Sais
1320 1892 1516 1945 castris
1575 1893 1814 1945 militans

223 1983 600 2039 Christianam
635 1983 794 2036 fidem
833 1983 1202 2051 amplectitur,
1238 1980 1470 2049 indeque
1504 1981 1815 2051 Hierosoly-

227 2091 375 2128 tnam
405 2089 632 2143 pergens
660 2074 981 2127 monachum
1011 2072 1312 2141 profitetur.

222 2168 304 2221 Α.
336 2164 402 2218 D.
428 2165 554 2230 617,
592 2163 786 2216 ludict.
813 2161 1227 2285 5,1ileraclii57,
1268 2168 1381 2227 post
1414 2176 1524 2216 eos.
1553 2159 1608 2224 6,
1644 2158 1817 2213 [lera-

857 2249 883 2285 c
907 2249 944 2285 ιι
987 2249 1102 2285 itm.
1175 2270 1189 2285 .

857 2249 944 2285 cm
975 2249 1102 2300 Jun.
1134 2249 1189 2285 ο.

309 2324 590 2380 Her-aelios
627 2309 813 2392 junior
852 2321 968 2376 Kal.
998 2322 1123 2377 .lan.
1165 2324 1300 2376 inito
1331 2321 1615 2377 consulatu
1666 2321 1813 2374 Con-

225 2417 540 2474 Stantinum
575 2414 824 2478 fratrem,
856 2414 1104 2468 Martium
1134 2414 1219 2478 F.,
1258 2413 1526 2468 Caesarem
1575 2423 1744 2468 creat.

309 2508 486 2563 Persa:
516 2506 898 2576 Carthaginem
931 2517 1266 2575 expugnant.

228 2624 306 2677 Α.
339 2621 407 2676 D.
439 2621 562 2686 618,
593 2619 794 2674 Indict.
823 2620 876 2686 6,
911 2619 1145 2673 Heraclii
1167 2620 1220 2684 8,
1265 2631 1378 2687 post
1406 2635 1514 2673 eos.
1550 2619 1603 2681 7,
1642 2616 1823 2671 Hera-

858 2692 944 2744 clii
984 2690 1106 2758 jutt.
1149 2692 1202 2745 6.

311 2783 496 2855 Legati
532 2786 599 2837 ah
642 2783 891 2838 Heraclio
923 2798 1112 2836 rursus
1151 2781 1220 2836 ad
1259 2781 1543 2836 Cltosroen
1582 2780 1732 2835 missi
1761 2795 1821 2835 re

233 2879 445 2934 infecta
474 2879 722 2930 redeunt.

311 2969 556 3038 Augusto
575 2985 758 3023 mense
773 2967 924 3036 Cpoli
950 2967 1314 3036 sportularum
1342 2963 1661 3033 largitiones
1690 2963 1822 3018 sub-

233 3062 412 3206 lata;
461 3149 589 3216 619,
623 3148 816 3202 Indici.
851 3147 906 3208 7,
954 3145 1191 3200 Hei-aelii
1216 3145 1270 3216 9.

803 3217 1038 3271 Heraclii
1065 3218 1183 3285 jttu.
1214 3215 1266 3269 7.

315 3335 521 3388 Avares
568 3332 620 3385 in
667 3330 954 3384 Thraciam
989 3330 1294 3396 irrumpunt
1341 3337 1394 3381 et
1452 3329 1684 3382 illectum
1726 3343 1824 3396 per

231 3440 396 3495 spem
430 3423 780 3492 impetranda:
822 3422 970 3490 pacis
1013 3419 1324 3474 lleraclium
1364 3422 1818 3473 circumveniunt.

238 3517 536 3584 Chaganus
564 3529 685 3567 cum
718 3513 923 3582 ingenti
960 3513 1136 3580 praeda
1172 3513 1481 3565 revertitur.

239 3609 314 3662 A.
355 3605 420 3660 D.
449 3603 574 3668 620,
614 3602 813 3658 Indiet.
856 3605 910 3666 8,
944 3602 1177 3655 Heraclii
1205 3603 1292 3664 10,
1341 3611 1455 3668 post
1487 3601 1600 3667 ejus
1629 3616 1735 3652 eos.
1768 3599 1823 3661 9,

796 3673 1034 3727 Heraclii
1057 3672 1178 3739 juu.
1216 3673 1270 3725 8.

318 3768 454 3822 Cum
487 3764 758 3820 Avarilms
803 3777 904 3832 pax
952 3761 1271 3828 compesita.
1324 3758 1503 3814 Persae
1555 3757 1825 3826 Anryram

241 3861 490 3927 capiunt.
1360 3837 1368 3845 ’

240 3955 313 4007 Α.
361 3950 429 4004 D.
463 3949 592 4012 621,
623 3947 824 4001 Indict.
855 3945 910 4007 9,
951 3943 1184 3995 Heraclii
1229 3941 1282 4012 9,
1319 3951 1431 4004 post
1461 3940 1574 4009 ejus
1617 3955 1724 3991 cos.
1773 3937 1826 4000 9,

799 4013 1040 4069 Heraclii
1058 4014 1181 4080 jzm.
1220 4011 1274 4063 9.

318 4129 601 4184 Heraclius
625 4143 691 4182 ex
719 4127 932 4194 Europa
958 4124 1142 4192 copias
1173 4123 1222 4174 in
1258 4120 1440 4175 Asiam
1469 4127 1827 4187 transportat.

243 4246 314 4299 Α.
353 4242 418 4297 D.
448 4241 575 4305 6‘22,
613 4240 810 4295 lndict.
850 4237 930 4296 l0.
967 4235 1204 4289 Herarlii
1241 4235 1324 4296 15,
1351 4244 1464 4301 post
1493 4233 1607 4300 ejus
1631 4249 1739 4285 ros.
1773 4233 1828 4294 9,

789 4307 1026 4360 Heruclii
1049 4307 1173 4373 jtm.
1213 4305 1296 4356 10.

329 4404 566 4459 Sanctus
624 4401 949 4455 Anastasius
1009 4397 1170 4451 Persa
1234 4396 1551 4465 martyrium
1608 4395 1723 4448 obit
1777 4391 1830 4446 in

249 4496 494 4551 Perside.

326 4586 618 4641 Heraelius
649 4582 928 4638 celebrato
950 4579 1222 4633 Pascltate
1260 4577 1464 4646 Aprilis
1492 4577 1525 4629 4
1556 4577 1606 4629 in
1637 4575 1829 4629 Orien-

250 4691 363 4733 tem
411 4676 802 4745 proﬁciscitur,
841 4673 1029 4726 relicta
1085 4670 1233 4724 Bono
1278 4670 1505 4738 patricio
1544 4677 1597 4720 ct
1642 4665 1832 4734 Sergio

245 4769 553 4839 (Ipolitane
579 4768 729 4821 urbis
762 4765 1039 4841 custodia.

323 4860 455 4913 lude
487 4874 610 4911 cutn
641 4857 937 4911 Persarum
985 4853 1214 4906 ducibus
1249 4851 1304 4904 in
1334 4849 1589 4903 Armenia
1620 4861 1668 4900 ct
1702 4847 1830 4900 Per-

244 4952 372 5005 side
399 4956 616 5017 pugnat.

322 5042 629 5107 Appetente
681 5038 857 5090 hieme
918 5034 1157 5090 exercitu
1204 5047 1297 5100 per
1338 5031 1560 5083 hiberna
1613 5029 1837 5081 dimisso

243 5131 464 5200 Cpolim
505 5129 847 5183 revertitur.-

245 5225 316 5278 Α.
367 5221 435 5275 D.
484 5222 610 5284 623,
653 5220 850 5274 lndict.
908 5219 995 5280 11,
1032 5215 1267 5268 Het'aet’t‘i
1305 5214 1390 5276 l3,
1425 5221 1538 5280 post
1598 5229 1706 5264 eos.
1750 5211 1835 5273 1‘2,

788 5289 1027 5342 Ilerttclt'i
1067 5287 1191 5354 juu.
1227 5286 1308 5336 11.

329 5383 612 5439 Hert-clins
636 5381 832 5436 Martio
869 5394 1052 5433 mense
1075 5378 1344 5431 celebrato
1369 5376 1431 5426 ad
1469 5373 1838 5426 Nicomediam

248 5476 530 5530 Pascbate
575 5483 765 5526 contra
799 5471 997 5524 Persas
1032 5483 1154 5520 cum
1189 5464 1416 5518 Martina
1451 5467 1682 5530 conjuge
1711 5473 1836 5528 prr—

249 5565 425 5629 rexit,
457 5566 702 5617 remissis
734 5559 943 5630 Cp'olitn
975 5558 1186 5612 liberis.

328 5657 604 5708 Sarbarus
635 5670 664 5707 a
697 5655 941 5707 Chosroe
968 5653 1019 5702 in
1055 5645 1360 5716 Bithyniam
1394 5645 1589 5697 missus
1619 5660 1648 5698 e
1678 5644 1842 5697 vcsti-

251 5749 348 5819 gio
375 5756 683 5800 revocatur.

504 5840 775 5897 Pa'rttoL.
810 5837 897 5894 Gtt
912 5879 926 5894 .
959 5836 1020 5895 C.

1184 371 1282 436 DE
1325 373 1572 439 REBUS
1610 372 1791 438 POST
1833 371 2277 436 MAURICIUM
2317 373 2606 434 GES’I'IS.

233 492 297 542 Α.
337 488 404 541 D.
440 487 564 558 615ἶ
600 486 800 542 Iudici.
850 490 904 552 '5,
957 489 1190 545 Heraclii
1232 509 1342 545 seu.
1385 492 1438 556 5,
1473 503 1586 558 post
1615 508 1722 545 eos.
1753 491 1812 552 4,
1846 497 1885 550 Α

3383 376 3488 441 874

1988 486 2271 541 lleraclius
2313 484 2589 541 Persidem
2632 485 2774 540 ferro
2803 487 3138 557 flammisque
3178 493 3482 558 populatur,

1919 579 2321 648 fugientemque
2351 579 2629 633 Cltosrocn
2659 579 3022 646 persequitur.
3055 580 3109 634 In
3143 582 3366 636 Albania
3394 586 3486 638 de-

1919 688 2062 724 tntttn
2098 671 2319 725 hiemat.

1917 761 1980 814 Α.
2021 760 2085 815 D.
2120 761 2245 827 6'24,
2284 762 2612 832 lndict._12,
2658 761 2891 815 lleruch'i
2926 763 3012 828 H,
3069 774 3182 832 post
3233 781 3342 820 cos.
3398 766 3486 830 15,

2450 830 2684 885 Herodi:
2709 832 2832 900 juu.
2869 833 2954 886 12.

1991 940 2274 996 lleraclius
2310 940 2676 996 Sarhazanem
2709 951 2763 995 et
2805 940 3196 996 Sarablancam
3229 941 3491 998 Cltosrois

1919 1033 2102 1095 duces,
2135 1047 2342 1086 necnon
2391 1041 2442 1086 et
2487 1032 2711 1085 Sainum
2767 1031 2940 1085 tribus
3000 1033 3202 1100 praeliis
3248 1044 3486 1101 superat.

1920 1121 2048 1177 lude
2077 1124 2306 1176 hiemem
2339 1123 2390 1176 in
2424 1123 2649 1177 Albania
2684 1124 2932 1177 traducit.

1920 1235 1986 1290 Α.
2022 1235 2084 1288 ο.
2116 1235 2241 1298 625,
2263 1234 2460 1289 Indict.
2489 1237 2574 1296 15,
2605 1234 2840 1288 Heraclii
2862 1235 2949 1299 15,
2980 1245 3094 1298 post
3118 1252 3223 1290 cos.
3262 1237 3347 1300 14,
3381 1239 3489 1292 He-
3556 1253 3563 1258 '

2496 1306 2647 1358 raclii
2665 1306 2787 1373 jun.
2825 1307 2908 1360 l5.

1992 1409 2274 1465 ileraclius
2329 1411 2520 1465 Martio
2571 1427 2754 1466 mense
2805 1429 2900 1481 per
2952 1413 3162 1484 Syriam
3205 1417 3270 1467 ad
3304 1416 3490 1485 Tigrin

1923 1504 2188 1570 pervenit.
2221 1500 2350 1556 Inde
2381 1503 2518 1556 datis
2547 1505 2613 1556 ad
2643 1503 2958 1572 Cpolitanos
2988 1507 3190 1560 litteris
3210 1523 3331 1561 cum
3365 1511 3493 1563 Sar-

1921 1591 2117 1645 baraza
2164 1602 2383 1661 pugnat.
2424 1593 2582 1646 Multa
2619 1594 2673 1647 in
2713 1610 2777 1649 eo
2821 1597 3004 1664 prtelio
3033 1612 3196 1667 Supra
3229 1601 3494 1654 humanas

1856 1715 1862 1722 -
1924 1683 2066 1736 vires
2094 1692 2314 1737 strenue
2343 1700 2402 1737 ae
2424 1685 2638 1740 fortiter
2663 1687 2852 1740 edidit.
2885 1688 3309 1758 Superveniente
3337 1706 3493 1748 nocte

1924 1787 1986 1826 ae
2022 1769 2207 1840 praclio
2239 1775 2509 1845 dirempto
2542 1775 2764 1830 Barbari
2800 1777 3030 1847 fugiunt.

1922 1885 1986 1938 Α.
2024 1886 2090 1940 D.
2125 1886 2251 1950 626,
2289 1885 2507 1962 Indict._
2543 1888 2900 1962 M,7Herarlii
2959 1893 3042 1955 16,
3079 1905 3198 1962 post,
3240 1913 3346 1949 eos.
3404 1895 3491 1957 15.

2459 1958 2686 2012 Herae-lit"
2716 1961 2828 2024 itm.
2866 1961 2950 2016 H.

1994 2067 2268 2122 Chosroes
2302 2078 2380 2122 tot
2410 2069 2657 2125 cladibus
2686 2073 3043 2126 exacerbatus
3073 2077 3397 2145 conscriptis
3421 2094 3483 2132 ex

1921 2157 2068 2210 omni
2125 2158 2402 2211 hominum
2461 2160 2770 2218 conditione
2821 2163 2993 2231 copiis
3041 2179 3226 2218 earnm
3283 2177 3490 2235 partem

1923 2261 2044 2298 cum
2087 2247 2392 2301 Sarbaraza
2426 2249 2561 2303 duce
2597 2249 2807 2317 Cpolitn
2863 2253 3052 2314 mittit,
3089 2265 3297 2323 partem
3331 2257 3492 2311 aliatn

1883 2381 1885 2384 .
1925 2338 2088 2392 Saino
2121 2339 2240 2394 duci
2277 2341 2439 2394 tradit
2467 2350 2522 2394 et
2550 2341 2812 2396 adversus
2840 2342 3145 2398 llcraclinm
3178 2348 3386 2416 objicit.

1993 2429 2202 2483 Avares
2230 2444 2259 2481 a
2297 2429 2602 2483 Sarharaza
2654 2433 2925 2486 sollicitati
2967 2435 3174 2502 Cpolim
3223 2441 3491 2496 obsident.

1925 2518 2030 2572 Sed
2079 2520 2246 2573 beatae
2281 2521 2516 2589 Virginis
2547 2537 2649 2589 Ope
2679 2522 2902 2577 liberata
2937 2525 3068 2580 urbe
3101 2527 3322 2582 Barbari
3354 2545 3493 2598 pene

1923 2625 2110 2663 omnes
2145 2611 2475 2681 interempti.

1999 2700 2314 2764 lleraclius,
2369 2704 2457 2772 qui
2516 2703 2783 2758 trifariam
2839 2706 3138 2762 exercitum
3197 2710 3494 2776 diviserat,

1927 2792 2227 2847 Turcorutn
2260 2794 2462 2872 auxilia
2495 2797 2787 2849 contrahit.
2821 2795 2920 2862 Qui
2964 2800 3250 2866 eruptione
3277 2801 3328 2853 in
3362 2801 3496 2855 Per-

1927 2885 2095 2938 sidem
2129 2885 2268 2939 facta
2310 2888 2508 2941 reversi
2545 2898 2730 2957 postea
2766 2890 2834 2942 ab
2865 2887 3118 2944 Heraclio
3145 2892 3498 2959 perhumani-

1931 2990 2014 3032 ter
2035 2981 2243 3045 excepti
2271 2990 2416 3034 sunt.

2002 3067 2179 3123 Saesa
2202 3070 2505 3135 Theodore,
2528 3070 2760 3126 Heraclii
2788 3069 2978 3139 fratre,
3005 3073 3177 3128 victus
3195 3087 3260 3129 ex
3278 3079 3496 3146 aegritu-

1317 3159 1431 3216 ροσε
1463 3163 1576 3216 ejus
1622 3165 1731 3203 eos.
1763 3146 1821 3207 8.
1850 3162 1893 3219 ο
1927 3158 2050 3210 dine
2088 3158 2254 3210 animi
2295 3163 2544 3213 moritur.

1996 3246 2214 3299 Interim
2242 3248 2570 3303 Sarbarazas
2593 3249 2993 3306 Chalcedoncm
3017 3247 3272 3309 obsidere
3297 3256 3494 3324 pergit.

1925 3361 1988 3411 A.
2017 3358 2084 3414 D.
2116 3359 2462 3438 627,_I_nttict.
2495 3362 2588 3438 15,
2612 3361 2849 3438 Heraclit'
2885 3365 3239 3438 l7,postcos.
3276 3367 3361 3433 16,
3393 3367 3501 3421 He-

2134 3432 2288 3482 raclt'i
2319 3431 2440 3499 jttn.
2488 3431 2919 3512 15,‘ryclo_lttnw
2955 3431 3008 3498 1,
3037 3437 3162 3489 satis
3195 3438 3285 3490 ‘20.

1997 3542 2268 3596 Cbosroes
2314 3539 2572 3596 llazatem
2617 3545 2809 3598 ducem
2841 3545 3204 3600 fortissimum
3246 3549 3500 3604 adversus

1928 3631 2238 3686 Heraclitum
2273 3635 2456 3697 mittit,
2487 3636 2577 3701 qui
2623 3651 2744 3688 cum
2780 3635 2972 3691 Turcis
3004 3639 3056 3691 in
3089 3637 3366 3694 Persidem
3413 3644 3499 3695 in-

1927 3741 2144 3794 gressus
2175 3727 2241 3777 ah
2278 3726 2469 3780 iisdem
2503 3726 2793 3789 tleseritur,
2846 3744 2989 3781 anno
3014 3727 3125 3795 jatn
3168 3731 3378 3799 itnpet'ii
3423 3732 3504 3785 in—

1927 3818 2122 3870 cltoato
2151 3816 2215 3869 18
2246 3832 2366 3870 cum
2399 3815 2590 3871 IndiCI.
2625 3819 2675 3871 1.

2003 3905 2134 3958 llinc
2169 3906 2383 3975 regiune
2411 3910 2553 3960 omni
2582 3906 2736 3974 longe
2763 3907 2978 3974 lateque
3020 3920 3250 3974 vaStata,
3283 3911 3503 3966 Decem-

1929 3997 2040 4050 bris
2072 3999 2285 4050 demunt
2313 3997 2375 4049 1‘2.
2401 3998 2507 4062 die,
2540 3997 2799 4060 Sabhato,
2838 3998 3090 4051 Itazatem
3117 4016 3236 4054 ctttn
3262 4005 3502 4056 exercitu

1930 4104 2031 4142 suo
2089 4089 2328 4141 funditus
2382 4087 2543 4141 delet.
2599 4086 2830 4158 Moxque
2885 4089 3175 4158 fugientem
3225 4091 3503 4147 Chosrocn

1931 4179 2290 4246 persequitur.

1934 4273 1994 4322 Α.
2026 4271 2089 4324 D.
2115 4271 2237 4329 6:18.
2279 4269 2474 4323 Iutlirt.
2506 4272 2550 4332 1,
2584 4268 2817 4324 Herae-lii
2857 4271 2941 4337 l8,
2977 4281 3095 4340 post
3134 4288 3241 4325 eos.
3277 4273 3364 4334 16,
3401 4272 3505 4328 He-

2148 4363 2299 4414 raclit'
2323 4362 2446 4431 jttu.
2480 4361 2566 4426 16,
2607 4365 2753 4432 cyclo
2786 4364 2914 4416 solis
2941 4364 3034 4424 21,
3068 4364 3208 4417 litua:
3235 4365 3290 4418 2.

1861 4482 1907 4538 D
2003 4452 2273 4507 Cltoeres
2322 4454 2534 4522 fugiens
2567 4452 2847 4508 Mertlascn
2897 4454 3063 4508 filium
3113 4465 3296 4524 spreto
3351 4455 3508 4509 Siroe

1933 4565 2301 4604 successorem
2336 4551 2600 4619 designat.

2005 4642 2084 4694 0h
2117 4641 2167 4692 id
2210 4639 2368 4693 Siroe
2400 4639 2604 4707 maiore
2632 4652 2758 4693 natu
2795 4641 2902 4695 filio
2940 4658 3002 4695 ac
3036 4640 3323 4697 Persarum
3364 4648 3510 4712 prin-

1935 4732 2147 4798 cipibus
2179 4732 2616 4799 conspirantibus
2645 4741 2839 4800 captus
2860 4749 2922 4786 ac
2954 4734 3336 4789 miserabiliter
3362 4737 3508 4791 occi-

1936 4837 2031 4874 sus
2058 4832 2140 4874 est
2176 4820 2335 4875 Febr.
2364 4822 2434 4875 28
2461 4823 2569 4876 die.
2887 4883 2890 4886 _

2010 4909 2193 4964 Siroes
2223 4913 2291 4965 ab
2316 4910 2564 4966 lleraclio
2581 4927 2766 4982 pacem
2790 4915 3076 4984 impetrat;
3105 4918 3192 4982 qtti
3216 4915 3422 4968 litteras
3447 4914 3514 4966 do

1938 5006 2098 5055 rebus
2126 5005 2402 5071 asegestis
2434 5006 2499 5057 ad
2531 5004 2569 5058 S
2602 5003 2640 5058 P
2667 5005 2712 5071 Q
2739 5006 2779 5059 C
2811 5008 2998 5059 mittit.
3037 5005 3122 5059 Ea-
3151 5005 3216 5058 l5
3249 5005 3367 5058 Maii
3398 5007 3512 5072 ipsa

1941 5093 2024 5145 die
2053 5092 2402 5147 Pentecostcs
2433 5095 2482 5147 in
2521 5097 2749 5149 ecclesia
2775 5097 3048 5165 perlectze.

2015 5183 2213 5234 Eo‘lent
2256 5199 2397 5236 anno
2433 5185 2715 5239 lleraclitts
2755 5185 2966 5252 Cpolitn
2997 5185 3308 5247 revertitur,
3341 5197 3514 5252 eoque

1942 5283 2346 5326 s.tcrosattetattt
2377 5273 2588 5328 Domini
2616 5286 2832 5329 crucem
2867 5284 3216 5343 transportat.
3242 5274 3412 5340 Quam
3437 5275 3517 5326 itt-

1942 5374 2202 5427 scqnente
2232 5379 2355 5416 vere
2391 5364 2663 5440 profectus
2699 5363 3089 5433 Hierosolymis
3121 5365 3376 5418 rt-stitnit.

2016 5455 2297 5507 Postremo
2323 5469 2388 5507 ne
2419 5457 2546 5522 quid
2570 5465 2954 5523 praetereamus
2980 5457 3116 5524 quod
3147 5455 3213 5508 ad
3249 5455 3522 5508 illustrau-

1946 5548 2065 5599 dam
2123 5549 2260 5600 hanc
2314 5547 2596 5599 historiam
2656 5546 2955 5615 pertineat,
3007 5544 3244 5599 lletaelii
3299 5546 3520 5606 liberos,

1947 5655 2173 5707 qum-nat
2204 5639 2418 5707 quidem
2446 5637 2587 5706 apttd
2616 5638 2911 5705 scriptores
2939 5639 3140 5691 mentio
3172 5637 3248 5700 fit,
3279 5636 3377 5688 hoc
3407 5635 3525 5687 loco

1949 5730 2324 5797 sttl-jicictuus.

3138 5821 3216 5878 ‘28
