3928 6166
441 369 538 432 ετξι

1379 376 1385 380 ’
1427 383 1488 440 S.
1541 382 1956 443 NlCEPHORI
1994 385 2496 445 PATRIARCHAE
2533 390 2640 450 (ΣΡ.

3580 389 3678 449 892

441 490 646 544 litatcm
696 492 818 547 vitae
875 503 1034 564 atque
1067 496 1391 564 cptimarum
1420 499 1983 567 legumiustitutiouen

2109 500 2418 569 ἀνθρώποις
2468 507 2582 566 τοῖς
2635 503 2802 558 πάλαι
2855 503 2950 558 καὶ
3007 501 3100 557 νῦν
3157 505 3418 573 τυγχάνει
3452 503 3674 565 ἅπασιν,

438 577 616 642 alfett.
656 591 712 636 et
774 583 840 636 ad
890 584 943 638 id
1003 586 1143 653 quod
1175 587 1240 639 de
1285 587 1508 655 imperio
1536 589 1710 642 adhuc
1759 600 2006 659 Superest

441 669 692 723 luendum
710 686 1035 744 magnopere
1057 677 1304 744 pertinet.
1323 675 1508 747 Neque
1525 680 1666 734 enim
1692 680 1932 747 iguoram
1942 698 2004 736 us

439 758 642 812 nullum
666 777 898 831 unquam
929 763 1212 833 imperium
1253 766 1391 830 lore,
1425 769 1565 836 quod
1616 785 1740 823 cum
1795 771 2004 828 duobus

441 848 545 902 illis
603 851 838 906 conferri
884 857 1072 922 possit.
1103 857 1279 926 Atque
1313 859 1439 912 illttd
1469 861 1620 915 nefas
1676 877 1796 916 esse
1843 866 2001 930 duco,

439 939 578 991 inter
625 954 762 1009 quos
798 944 1082 1010 prudentia
1115 958 1276 1016 alque
1319 950 1545 1004 consilio
1608 966 1790 1006 mutua
1842 955 2001 1009 bene-

437 1030 665 1085 volentia
708 1043 764 1087 et
824 1035 1063 1090 amicitia
1127 1041 1440 1095 confirmari
1492 1045 1684 1110 possit,
1717 1060 1811 1099 eos
1850 1060 1997 1100 arma

435 1121 534 1175 sibi
571 1124 796 1179 invicem
829 1127 1033 1184 inferre
1069 1146 1130 1184 ac
1165 1131 1437 1201 subjectos
1477 1134 1578 1187 sibi
1620 1139 1842 1204 populos
1884 1138 2000 1193 sine

433 1228 590 1265 causa
645 1215 981 1272 detrimentis
1035 1221 1272 1278 allicere.
1330 1225 1408 1278 Ex
1457 1241 1564 1293 quo
1607 1228 1736 1295 quid
1783 1231 1996 1283 tandem

432 1305 684 1358 accidet?
719 1307 975 1362 nimirum
1002 1311 1046 1364 si
1087 1315 1431 1367 concordiam
1473 1316 1614 1370 inter
1644 1333 1737 1371 vos
1790 1335 1999 1386 pacem-

431 1408 535 1461 que
567 1397 920 1464 stabilieritis,
952 1403 1168 1470 utrique
1225 1405 1435 1458 caeteris
1485 1408 1790 1462 hominibus
1828 1412 1996 1465 multo

431 1483 702 1541 feliciores
723 1498 777 1542 et
811 1500 922 1544 toto
956 1493 1074 1546 vita:
1107 1503 1349 1563 tempore
1396 1495 1582 1564 majori
1617 1500 1666 1551 itt
1717 1501 1997 1570 splendore

2103 590 2183 654 εἷς
2213 592 2257 623 ⁸⁸
2285 609 2344 645 τε
2374 596 2474 664 τῆς
2499 594 2645 665 ζωῆς
2674 613 2734 649 τε
2763 597 2862 666 τῆς
2897 596 3130 659 εὐκτέας
3163 597 3258 649 καὶ
3285 596 3677 665 εὐγνωμουμέ-

2101 699 2199 751 νης
2231 685 2572 752 αἰτιώτατον,
2601 688 2695 741 καὶ
2726 689 2803 758 τῷ
2825 688 3068 758 περιόντι
3094 688 3193 758 τῆς
3216 687 3463 752 ἐξουσίας
3482 703 3496 716 ⁵
3541 703 3678 753 συμ-

2103 775 2442 844 παραμένειν
2481 776 2538 830 δὲ
2597 778 2658 831 τὸ
2716 780 2816 850 τῆς
2868 779 3196 849 συμϐάσεως
3256 776 3510 848 μέγεθος.
3567 773 3674 828 Καὶ

2101 866 2213 936 γὰρ
2247 868 2406 936 ῐσμεν
2435 869 2512 932 ὡς
2553 870 2758 939 ἥκιστα
2790 875 2908 935 ταῖς
2933 871 3204 936 ἐξουσίαις
3229 871 3371 942 δὴ.³³
3401 868 3515 940 (29)
3541 867 3672 920 ταὺ-

2099 947 2220 1018 ταις
2251 957 2548 1026 ἐφάμιλλος
2576 959 2823 1014 πολιτεία
2847 962 3044 1032 φανείη
3077 961 3140 1016 ἂν
3174 961 3415 1016 πώποτε.
3455 959 3532 1012 Οὐ
3565 959 3675 1029 γὰρ

2098 1044 2264 1108 ὅσιον,
2292 1047 2468 1118 παρὸν
2497 1050 2838 1122 ἐπιφροσύνῃ
2872 1053 2965 1105 καὶ
2995 1051 3251 1122 είδουλίᾳ
3268 1052 3586 1122 χρωμένους
3613 1051 3674 1102 τὸ

2098 1131 2288 1188 εὔνουν
2327 1137 2424 1190 καὶ
2469 1137 2646 1206 φίλιον
2674 1144 2755 1204 είς
2787 1140 3051 1212 ἀλλήλους
3080 1142 3496 1218 κρατύνασθαι,
3531 1141 3671 1194 ὅπλα

2096 1223 2217 1276 κατ’
2243 1223 2490 1294 ἀλλήλων
2538 1229 2790 1298 αἴρεσθαι
2833 1233 2927 1284 καὶ
2972 1232 3270 1302 πημαίνειν
3320 1231 3419 1284 οὐκ
3453 1233 3512 1284 ἐν
3543 1231 3667 1300 δίκῃ

2096 1314 2190 1365 καὶ
2233 1317 2437 1368 κακοῦν
2486 1317 2549 1370 τὸ
2581 1320 2844 1391 ὑπήκοον.
2891 1322 2981 1385 Ἐξ
3008 1315 3083 1374 ὧν
3115 1322 3169 1374 τί
3217 1321 3553 1391 συμϐαίνεις
3606 1320 3668 1372 ΕΞ

2099 1405 2198 1474 μὲν
2248 1407 2308 1458 τὸ
2355 1407 2679 1479 ὁμόγνωμον
2734 1412 2829 1465 καὶ
2861 1413 3138 1483 εἰρηνικὸν
3178 1414 3440 1484 θήσεσθε,
3483 1413 3668 1464 εὐδαί-

2098 1496 2236 1563 μονά
2266 1513 2324 1548 τε
2351 1490 2614 1570 ἑκάτερον
2646 1503 2674 1553 ὑ
2684 1502 2801 1571 μῶν
2830 1503 2941 1555 τῶν
2989 1504 3163 1558 ἄλλων
3193 1503 3498 1574 ἀνθρώπων
3533 1503 3668 1572 μᾶλ-

430 1584 487 1628 et
506 1577 746 1630 Omnium
788 1580 1148 1637 admiratione
1189 1585 1376 1650 eritis,
1423 1602 1486 1641 ac
1551 1588 1785 1643 laborem
1847 1593 1983 1647 illum

2093 1585 2478 1657 λονύπάρξαι,
2523 1591 2800 1660 ζη).ωτοῦς
2827 1610 2885 1646 τε
2925 1596 3016 1647 καὶ
3055 1594 3420 1663 ἀξιαγάστους
3453 1596 3536 1656 είς
3563 1595 3656 1645 τὸν

430 1679 721 1736 curamque
753 1685 873 1724 cum
909 1674 1090 1741 quiete
1115 1685 1169 1729 cl
1193 1678 1303 1731 otio
1326 1683 1748 1739 commutabitis.
1783 1685 1876 1738 Sin
1912 1687 1983 1741 his

2093 1676 2305 1729 ἅπαντα
2332 1679 2446 1746 βίον
2477 1680 2790 1735 δείκνυσθαι
2823 1701 2838 1716 ο
2892 1687 2971 1747 εἰς
2997 1703 3056 1738 τε
3081 1685 3143 1738 τὸ
3171 1686 3412 1756 ἄμοχθον
3447 1686 3544 1737 καὶ
3569 1684 3664 1737 εὗ-

429 1761 750 1829 contemptis
769 1776 831 1815 ac
859 1763 1073 1832 rejectis
1096 1781 1280 1834 pacem
1311 1768 1465 1839 longe
1487 1773 1983 1839 praestantissimum

2095 1765 2268 1835 θυμον
2300 1768 2327 1819 6
2365 1769 2526 1832 πόνος
2557 1770 2610 1824 δὲ
2650 1773 2778 1842 ὑμῖν
2810 1777 3034 1844 φροντὶς
3077 1776 3122 1808 ³⁸
3158 1778 3568 1846 περιστήσεται.
3603 1776 3666 1827 Εἰ

430 1849 627 1901 bonum
682 1853 961 1918 repudiare
1014 1855 1338 1925 tnalueritis,
1382 1860 1516 1913 nihil
1577 1877 1637 1914 ea
1705 1879 1809 1928 res,
1861 1866 1983 1920 mihi

2094 1857 2139 1910 δ’
2169 1833 2238 1912 αὖ
2267 1877 2329 1926 γε
2377 1861 2534 1914 ταυτὶ
2568 1833 2906 1934 μεθίεμενοι,
2949 1833 3044 1919 καλ
3088 1833 3274 1938 ἡλίκον
3312 1833 3424 1920 οἷον
3457 1867 3666 1934 ἀγαθὸν

426 1939 647 2005 credite,
679 1941 828 1996 vobis
874 1947 1122 2001 utilitatis
1158 1948 1366 2003 all'eret.
1392 1950 1495 2005 Sed
1553 1953 1654 2022 12
1702 1970 1822 2008 cum
1891 1957 1988 2010 ho-

426 2028 601 2082 stilem
653 2041 836 2088 mutuo
881 2037 932 2088 itt
987 2053 1080 2094 vos
1103 2040 1339 2094 animum
1397 2058 1463 2096 ac
1510 2045 1832 2117 discordiam
1880 2064 1994 2102 sus-

425 2121 703 2187 ceperitis,
739 2126 1134 2194 quamplurima
1199 2131 1351 2187 vobis
1398 2132 1557 2199 bella,
1605 2136 1748 2201 quod
1818 2137 1988 2205 ipsum

427 2209 662 2266 immane
710 2230 773 2268 ac
821 2217 1194 2274 detestandum
1224 2233 1328 2288 est,
1366 2227 1738 2280 consciscetis.
1768 2228 1845 2283 Ac
1877 2238 1986 2282 ttttn

423 2301 632 2357 sudoris
667 2313 721 2358 et
767 2305 987 2374 laboris,
1023 2320 1080 2363 ut
1122 2321 1366 2381 apparet,
1401 2314 1688 2383 plurimum
1740 2320 1984 2386 capietis,

429 2402 536 2443 ttttn
565 2409 853 2462 corporum
893 2415 957 2453 ac
987 2405 1335 2468 pecuniarum
1368 2405 1841 2462 innumerabilium
1898 2409 1987 2479 ja-

423 2495 628 2536 cttnaut
656 2484 887 2543 facietis.
927 2492 1075 2556 Et,ut
1111 2510 1216 2550 uno
1241 2495 1404 2550 verbo
1430 2497 1628 2563 dicam,
1654 2514 1862 2554 summa
1894 2515 1986 2556 ca-

424 2573 666 2629 lamitate
694 2577 813 2632 belli
845 2583 997 2637 nobis
1026 2584 1181 2639 istius
1232 2587 1414 2642 exitus
1447 2589 1756 2656 constabit;
1799 2591 1984 2662 cujus-

424 2667 564 2718 tnodi
603 2669 653 2721 in
710 2660 995 2739 praasentia
1042 2677 1242 2732 intueri
1299 2682 1573 2747 potestis:
1616 2697 1740 2736 nam
1791 2697 1820 2735 a
1869 2660 1984 2752 quo

423 2764 663 2824 tempore
690 2759 987 2818 Romanum
1032 2766 1316 2835 imperium
1363 2770 1638 2839 ingressus
1663 2786 1805 2837 sum,
1831 2782 1981 2828 atro-

418 2847 631 2901 cissima
651 2867 876 2922 quaeque
905 2855 1036 2910 vidit
1061 2873 1123 2912 ac
1148 2874 1462 2927 perpessum
1487 2870 1590 2917 est.
1615 2861 1980 2928 Quamobrem

421 2939 684 3006 reliquum
718 2943 818 2997 erit
842 2954 899 2997 ut
931 2960 1107 3000 rerum
1137 2951 1471 3016 publicarum
1505 2963 1810 3008 vestrarum
1846 2954 1979 3010 infe-

419 3027 706 3084 licissimus
737 3033 806 3086 sit
837 3044 1009 3090 status
1036 3052 1101 3090 ac
1121 3039 1609 3106 deploratissimus.
1644 3062 1662 3096 ι
1702 3042 1796 3098 llis
1816 3045 1976 3101 dictis

2093 1950 2315 2018 είρήνην
2346 1953 2591 2006 ἐκποδὼν
2625 1956 2952 2026 ποιήσασθαι
2976 1959 3161 2012 ἐλέσθε
3185 1959 3248 1990 ³⁷·
3286 1962 3380 2012 καὶ
3409 1959 3568 2012 οὐδὲν
3582 1959 3666 2012 ὅτι

2092 2041 2412 2112 ὀνησιφόρον
2439 2043 2754 2112 λογίσασθαι
2782 2049 2910 2118 ὑμῖν
2937 2047 3103 2111 οἴσον,
3134 2051 3459 2120 δυσμένειαν
3484 2050 3542 2102 δὲ
3564 2050 3664 2119 τὴν

2091 2132 2170 2193 είς
2202 2133 2461 2202 ἀλλήλους
2486 2136 2580 2188 καὶ
2615 2137 2674 2188 τὸ
2708 2136 2956 2207 ἔχθιστον
2977 2140 3368 2210 ἀνθῃρημένοι,
3405 2140 3663 2208 πολέμων

2093 2223 2190 2291 μὲν
2221 2223 2297 2286 ὼς
2349 2226 2643 2288 πλείστων,
2692 2229 2830 2300 ὅπερ
2875 2232 3088 2301 ἀπηχὲς
3132 2232 3175 2264 ³⁸
3210 2233 3305 2284 καὶ
3341 2231 3664 2299 ἀπώμοτον,

2090 2316 2370 2385 παραίτιοι
2404 2320 2534 2387 γενή
2550 2319 2734 2381 σεσθε,
2790 2321 2992 2391 ἱδρῶ-τά
3031 2340 3089 2376 τε
3129 2323 3225 2376 καὶ
3256 2323 3458 2384 πόνους
3490 2323 3567 2383 ὡς
3597 2321 3660 2374 τδ

2087 2405 2233 2466 είκὺς
2256 2406 2511 2459 ἁνελέσθε
2538 2408 2583 2439 ³⁸
2615 2409 2910 2478 μεγίστους
2937 2454 2952 2477 ,
2978 2412 3150 2465 πολλὰ
3173 2413 3229 2466 δὲ
3261 2412 3493 2482 σώματα
3528 2428 3670 2482 προ-

2087 2495 2292 2563 ϊέμενοι
2315 2497 2679 2566 δαπανήσετε,
2699 2499 3000 2570 χρημάτων
3027 2520 3084 2556 τε
3105 2503 3374 2557 ἀνάλωσιν
3401 2503 3477 2566 ὼς
3509 2501 3661 2556 πλεί-

2087 2601 2217 2654 στην
2240 2588 2562 2656 ποιήσεσθε,
2597 2592 2690 2643 καὶ
2713 2591 3052 2657 ἁπαξαπλῶς
3092 2597 3174 2657 εἰς
3213 2594 3359 2664 μέγα
3393 2593 3567 2647 κακοῦ
3593 2592 3658 2645 τὺ

2082 2673 2178 2725 τοῦ
2208 2675 2446 2746 πολέμου
2473 2679 2602 2747 ὑμῖν
2638 2680 2813 2749 πέρας
2841 2680 2983 2751 ἥξει.
3033 2679 3136 2736 Οἷα
3160 2683 3224 2754 δὴ
3259 2684 3353 2737 καὶ
3385 2683 3482 2736 νῦν
3522 2684 3656 2754 ὀρᾷν

2085 2761 2212 2830 ὑμῖν
2243 2763 2526 2833 πάρεστιν,
2548 2767 2640 2833 ἀφ’
2667 2761 2741 2821 ὧν
2771 2769 2948 2839 ἔγωγε
2973 2773 3050 2835 είς
3084 2773 3186 2842 τὴν
3229 2771 3520 2841 Ῥωμαίων
3540 2773 3653 2823 εισ-

2083 2848 2264 2904 6αλὼν
2295 2855 2428 2922 γῆν,
2486 2856 2554 2908 τὰ
2599 2857 2882 2914 δεινότατα
2927 2857 3040 2914 εἶδε
3072 2863 3166 2914 καὶ
3203 2861 3498 2916 πέπονθεν.
3540 2861 3655 2914 Ἕν·

2080 2939 2270 2994 τεῦθεν
2299 2938 2392 2996 οὖν
2432 2943 2735 3014 λελείψεται
2767 2949 2835 3002 τὰ
2867 2951 2975 3002 τῶν
3003 2950 3289 3004 πολιτειῶν
3327 2952 3654 3022 οίκτρότατα

2081 3030 2172 3082 καὶ
2231 3031 2541 3088 ἀθλιώτατα
2594 3037 2986 3095 διακείσεσθαι.
3063 3060 3091 3116 δ’
3139 3040 3326 3094 Ταῦτα
3378 3042 3655 3110 διώμνυτο

411 3118 788 3186 jusjurandum
818 3125 1038 3192 insuper
1067 3126 1279 3195 adjecit,
1322 3145 1644 3200 magnOpcre
1679 3135 1894 3188 studere
1917 3150 1976 3190 se

2084 3117 2251 3186 λέγων
2278 3121 2438 3184 αὐτὸς
2465 3124 2556 3176 καὶ
2578 3125 2652 3186 ὡς
2671 3127 2728 3178 ἐν
2745 3129 2946 3198 σπουδῇ
2974 3128 3221 3182 τίθεσθαι
3249 3130 3348 3192 τὰς
3374 3130 3653 3195 πολιτείας

2089 3208 2147 3228 ..ι
2207 3227 2211 3228 ν
2286 3213 2298 3228 .
2595 3217 2606 3228 .
2664 3218 2706 3228 .-
2824 3218 2847 3228 ..
2969 3221 2980 3228 .
3091 3220 3104 3228 .
3213 3222 3222 3228 .
3421 3221 3443 3228 -
3533 3224 3544 3228 -

417 3217 472 3259 ttt
523 3208 753 3264 Romani
788 3227 851 3265 ac
893 3211 1070 3268 Persae
1098 3219 1244 3285 pacis
1281 3220 1424 3273 inter
1455 3235 1513 3274 se
1549 3221 1725 3277 foedus
1753 3224 1973 3280 inirent.

415 3297 493 3349 Ad
544 3297 655 3351 lttec
705 3299 1002 3368 imperator
1036 3305 1108 3357 ita
1139 3306 1404 3361 facturum
1437 3325 1496 3364 se
1543 3311 1857 3379 pollicetur;
1884 3316 1978 3370 sed

413 3402 597 3440 eorum
643 3405 760 3456 quae
785 3391 1139 3461 jurejurando
1166 3396 1484 3453 continuata
1513 3413 1670 3456 erant
1703 3401 1858 3458 (idem
1882 3405 1979 3458 ali-

412 3491 574 3542 quam
625 3477 926 3533 faciendam
973 3497 1094 3538 esse
1146 3485 1311 3549 dixit,
1379 3488 1570 3543 iisdem
1615 3489 1722 3546 illis
1786 3504 1977 3561 Sponte

412 3568 737 3623 Chrosroem
765 3587 1138 3630 assensurum.
1165 3577 1235 3630 At
1259 3577 1440 3634 Saitus
1477 3599 1491 3635 :
1534 3600 1553 3634 ι
1605 3582 1660 3636 Si
1705 3584 1858 3648 mihi,
1889 3587 1978 3641 in-

411 3658 547 3725 quit,
582 3662 824 3728 creditis,
859 3663 1062 3730 legatos
1109 3681 1318 3720 mecum
1363 3685 1424 3722 ea
1457 3670 1523 3724 de
1563 3686 1621 3725 re
1673 3673 1738 3726 ad
1771 3673 1975 3731 Chros-

415 3763 556 3800 roetn
595 3751 856 3807 mittetis:
894 3771 994 3810 nec
1026 3756 1212 3812 dubito
1251 3759 1378 3827 quitt
1421 3762 1487 3814 ad
1525 3747 1699 3816 meant
1758 3777 1976 3820 senten-

413 3838 536 3892 tiam
589 3845 829 3909 accedat,
858 3845 927 3900 ita
986 3856 1162 3902 tamen
1185 3850 1229 3904 si
1266 3861 1319 3904 et
1366 3853 1643 3908 nobiscum
1684 3854 1858 3911 laetius
1887 3873 1973 3912 so-

407 3927 563 3981 cictis
599 3939 651 3982 et
702 3930 754 3984 itt
789 3945 1062 4000 posterum
1095 3952 1283 4005 pacem
1325 3938 1535 3995 firmam
1589 3959 1654 3998 ac
1700 3946 1968 4002 sinceram

405 4020 746 4076 custodiatis.
781 4041 801 4076 ι
1045 4039 1052 4046 ’

474 4197 751 4256 Heraclius
788 4203 980 4258 blanda
1037 4205 1138 4261 hac
1168 4208 1415 4262 oratione
1453 4209 1709 4264 delinitus
1761 4213 1968 4279 prolixe

2089 3208 2374 3279 Ῥωμαίων
2417 3229 2477 3265 τε
2523 3217 2617 3268 καὶ
2663 3218 2888 3287 Περσῶν
2935 3221 3016 3282 είς
3055 3220 3118 3274 τὸ
3168 3222 3237 3275 τὰ
3297 3221 3651 3292 συμϐατήρια

2077 3301 2252 3370 ἥκειν.
2279 3302 2467 3359 Ταῦτα
2483 3307 2706 3376 ἐπιτελῆ
2733 3310 2777 3340 ⁸ο
2803 3309 2914 3378 (50)
2935 3312 3184 3381 ποιήσειν
3198 3314 3291 3381 ὅγε
3320 3314 3653 3384 ἐπήγγελτο,

2077 3393 2172 3444 καὶ
2200 3392 2276 3456 ὡς
2299 3393 2406 3446 τῶν
2429 3395 2838 3467 ὀμωμοσμένων
2859 3399 2929 3452 τὰ
2954 3402 3122 3455 πιστὰ
3145 3403 3261 3472 δοίη
3289 3403 3645 3473 προσφέρειν,

2074 3479 2157 3533 ὅτι
2188 3498 2252 3549 γε
2280 3482 2342 3553 δὴ
2382 3483 2555 3543 ταῦτα
2577 3486 2656 3556 τῷ
2685 3488 2899 3559 Χοσρόῃ
2937 3489 3250 3561 βουλομένῳ
3282 3493 3510 3561 αἱρετέα
3532 3493 3640 3561 εἴη.

2079 3588 2098 3620 ι
2146 3571 2214 3624 Εἴ
2253 3588 2305 3625 τι
2358 3571 2453 3627 οὖν
2503 3594 2635 3645 μοι,
2673 3579 2806 3648 φησι
2832 3618 2849 3644 ,
2880 3578 3136 3634 πείθεσθε
3161 3621 3177 3647 ,
3231 3581 3409 3651 ἔχοιτε
3442 3582 3645 3636 αὐτίκα

2073 3660 2139 3730 δὴ
2184 3662 2224 3694 δι
2264 3664 2410 3734 μάλα
2460 3669 2587 3730 τοὺς
2633 3668 2709 3732 ὡς
2752 3670 3001 3741 Χοσρόην
3057 3660 3568 3743 πρεσϐεὐσομένους
3599 3674 3643 3703 ⁸³

2071 3753 2266 3806 τούτου
2318 3755 2472 3826 ἕκητι
2504 3756 2623 3828 ἅμα
2650 3760 2773 3830 ἐμοὶ
2800 3761 3162 3832 ἐκπέμποιτε.
3200 3763 3463 3834 Πεισθείη
3500 3765 3545 3817 δ’
3578 3764 3642 3817 ἄν

2075 3861 2166 3914 μοι
2201 3847 2294 3899 καὶ
2331 3849 2516 3915 αὐτὸς,
2563 3846 2623 3904 εὖ
2655 3849 2800 3920 οἶδα,
2824 3855 2906 3918 είς
2940 3853 3103 3909 τοῦτο
3133 3855 3360 3926 γνώμης
3386 3856 3643 3912 καθιστὰ-

2074 3950 2255 4003 μενος.
2300 3937 2595 3993 Σπείσεσθε
2630 3942 2752 4011 μεθ’
2801 3943 2954 4014 ὑμῶν
2980 3986 2994 4009 ,
3043 3946 3137 4000 καὶ⁵
3177 3947 3280 4018 τὴν
3322 3947 3551 4018 είρήνην
3582 3949 3640 4002 τὸ

2069 4022 2253 4078 λοιπὸν
2283 4027 2339 4088 ἐς
2361 4027 2452 4080 τὸν
2467 4028 2683 4086 ἅπαντα
2703 4033 2891 4105 χρόνον
2914 4033 3137 4104 βεϐαίαν
3163 4053 3220 4089 τε
3248 4037 3342 4090 καὶ
3363 4039 3638 4109 ἀκραιφνῆ

2068 4117 2502 4187 καταστήσεσθε.
2544 4139 2564 4172 ι

2076 4239 2084 4248 ’
2137 4226 2398 4294 Βασιλεὺς
2427 4231 2483 4284 δὲ
2519 4232 2836 4304 Ἡράκλειος
2868 4238 2992 4291 ἐπεὶ
3025 4238 3171 4293 τοῦτ’
3200 4235 3294 4294 οὖν
3321 4241 3634 4301 ἐπέπειστο.

406 4288 588 4341 omnia
629 4288 998 4358 perfecturum
1063 4309 1123 4348 se
1152 4311 1272 4350 essc
1323 4299 1588 4366 promisit.
1619 4299 1695 4353 ita
1739 4303 1965 4358 consilio

406 4377 582 4400 ι---ι.;.,.
634 4379 940 4400 ...,Ιη-----,-γ
1054 4399 1058 4400 ,
1370 4399 1377 4400 κ
1423 4389 1434 4400 υ
1538 4390 1550 4400 -
1920 4393 1932 4400 .

2084 4313 2142 4382 τῷ
2173 4288 2436 4388 προσηνεί
2465 4322 2559 4374 καὶ
2587 4288 3256 4399 θελκτηρίωτωνῠ
3273 4288 3636 4400 συνηδόμενοέ

403 4377 608 4442 ltabito,
634 4379 984 4437 vehementer
1039 4399 1101 4439 ea
1164 4400 1246 4440 res
1297 4389 1620 4456 patriarchte
1663 4404 1726 4446 ac
1793 4393 1962 4462 magi-

2065 4405 2159 4456 καὶ
2189 4407 2687 4480 κατακηλούμενος,
2718 4414 2986 4486 ὑπέσχετο
3015 4419 3094 4481 είς
3125 4419 3342 4472 ἅπαντα
3371 4420 3636 4490 πράσσειν

399 4467 663 4522 stratibus
713 4469 930 4537 placuit,
961 4473 1118 4542 eique
1139 4479 1516 4542 promovendte
1564 4493 1728 4547 opera
1781 4481 1959 4538 omnis

2389 4467 2402 4478 .
2504 4467 2517 4480 .
2642 4467 2686 4475 -.
3022 4467 3093 4481 η,
3285 4467 3342 4472 ,π
3378 4467 3628 4490 --τ----η

2084 4495 2388 4564 ,τοιμότατά
2418 4515 2476 4551 τε
2515 4502 2608 4554 καὶ
2643 4505 3038 4559 σπουδαιότατα
3059 4523 3073 4537 ’
3094 4510 3187 4561 καὶ
3215 4503 3296 4571 οἷς
3321 4509 3636 4564 ἐϐουλεύετο

400 4556 656 4632 adhibita.
717 4560 900 4625 Quare
965 4563 1066 4633 13
1135 4564 1289 4633 legati
1352 4567 1497 4624 illico
1572 4570 1955 4641 decernuntur,

398 4647 675 4719 Olympius
696 4653 944 4718 pnctorio
964 4664 1018 4708 et
1033 4655 1288 4712 Leontius
1310 4658 1430 4713 urbi
1456 4661 1765 4730 praefectus,
1813 4667 1961 4719 Ana-

398 4739 596 4794 stasius
623 4740 843 4810 majoris
869 4744 1215 4815 tentpli,quod
1243 4746 1456 4816 Sophia:
1473 4751 1790 4820 appellatur,
1810 4768 1958 4810 asco-

397 4845 608 4898 uutuus,
664 4847 788 4888 cum
847 4832 930 4891 bis
994 4834 1197 4903 Saitus,
1244 4841 1488 4897 abductis
1546 4859 1577 4897 a
1623 4843 1964 4904 Chalcedone

2065 4584 2268 4639 τούτων
2307 4589 2435 4656 πέρι
2475 4593 2846 4664 συνέπραττόν
2871 4614 2930 4651 τε
2969 4599 3206 4668 μάλιστα
3239 4601 3336 4655 καὶ
3376 4601 3634 4672 συνῄνουν

2066 4678 2096 4729 6
2139 4677 2472 4752 ίερομύστης
2501 4699 2562 4735 τε
2600 4685 2693 4738 καὶ
2722 4687 2772 4739 οἱ
2801 4690 2861 4741 ἐν
2884 4688 3112 4746 trtiost“.
3143 4692 3255 4746 Καὶ
3292 4692 3377 4746 ὅτι
3405 4692 3638 4762 τάχιστα.

2065 4767 2113 4819 οί
2192 4769 2746 4846 διαπρεσϐευσόμενοι
2804 4778 2868 4812 “"
2912 4781 3256 4850 ἐξελέγοντο,
3338 4782 3631 4852 Ὀλύμπιος

2071 4853 2171 4923 μὲν
2215 4858 2328 4926 (51)
2365 4863 2393 4913 6
2423 4863 2523 4934 τὴν
2555 4865 2664 4918 τῶν
2707 4866 2970 4939 ὑπάρχων
2997 4869 3108 4926 τῶν
3152 4873 3512 4945 πραιτωρίων
3557 4873 3636 4925 διο

1701 5020 1935 5078 VARI/IS
1969 5024 2369 5090 LECTIONES.

419 5212 422 5215 Δ
495 5152 541 5184 ιι
562 5150 642 5215 εἷς
665 5151 1098 5251 19ἒτιηΡρξεξίὲιξ
1233 5158 1774 5251 ἐξῆ-ιηξξεινιξιιεΪ
1807 5166 1948 5251 (ξαν-η
1978 5170 2137 5251 >5ng
2169 5178 2451 5251 :_correxi_t
2479 5180 2530 5232 in
2563 5183 2802 5251 margine
2834 5183 3104 5244 Petavius.

3223 5189 3270 5222 ³⁸
3299 5207 3360 5243 τε
3392 5191 3522 5246 ὑμῖν
3544 5192 3633 5246 καὶ

393 5221 711 5314 ippon-(6"!
756 5225 827 5310 "7
855 5226 1098 5314 ἐὲεῖσθεῖ
1167 5228 1216 5314 ξ’
1245 5221 1456 5314 ἀπηνές
1478 5221 1753 5314 Petavius.
1818 5221 2451 5314 ἰξάξρέῇέιςὶθεὶἻτιῗιὲὶ
2479 5221 3192 5314 Erigit";'EBFt-TEE'inus.
3231 5221 3234 5222 ν
3272 5221 3632 5314 δίκπὲίθῗσθζξ

391 5290 627 5397 Extare“
644 5290 1382 5397 :thitgfgiszﬁéjtﬁott-t
1403 5290 1674 5374 (πεισθείη
1693 5333 1762 5346 --
1799 5290 2245 5380 καθιάξάμέὗᾶςό,
2653 5290 2722 5355 ’δέ
2751 5290 3271 5397 ἦϊὲσὶδὲῖιίέἓῖὸυς
3302 5290 3630 5385 eum?

391 5375 440 5411 τ.
470 5360 510 5413 Ρ
581 5362 627 5392 ⁵⁸
651 5360 1208 5435 διαπρεσϐευσάμενοι
1238 5365 1279 5420 Ρ

1745 5469 2019 5530 PETAVII
2048 5474 2278 5534 NOTAE.

465 5588 576 5652 (‘29)
625 5590 967 5670 Ἐξουσίᾳις
995 5593 1390 5670 δελΜοηςΙρεε
1430 5601 1544 5670 hate
1577 5614 1725 5670 sunt,
1761 5617 1819 5661 ut
1855 5608 1957 5664 alia

393 5657 664 5730 plenaque.
713 5660 838 5730 l.eg.
865 5663 926 5730 δή
959 5674 1012 5716 ct
1034 5665 1264 5729 φαίνοιτ’
1286 5667 1352 5720 ἂν
1383 5657 1616 5725 πώποτε.

471 5726 581 5795 (30)
626 5726 812 5781 Taurii
839 5726 932 5784 ἐπὶ
971 5726 1144 5786 τέζιει.
1197 5735 1378 5806 Neque
1432 5741 1543 5795 haec
1586 5744 1846 5801 saniora:
1898 5765 1962 5804 ex

2066 5615 2260 5688 quibus
2286 5627 2461 5672 tamen
2481 5636 2796 5688 germanum
2818 5640 3036 5682 sensum
3059 5630 3275 5686 odorari
3301 5632 3621 5686 studuimus.

2147 5685 2623 5765 (51)ﬂ_’0slt5p:fttoc
2646 5693 2780 5760 μέν.
2819 5695 2981 5765 [idem
3011 5698 3167 5765 plane
3198 5685 3547 5755 recensentur
3575 5702 3621 5751 iu

2072 5754 2221 5821 Alex,
2250 5754 2454 5813 Chron.
2498 5760 2550 5815 in
2595 5754 2818 5832 cpistola
2853 5754 3083 5823 llcraclii
3111 5769 3176 5824 ad
3206 5754 3528 5827 Chrosrocn.
3559 5773 3615 5820 At
