3882 6162
205 307 310 371 903

1169 299 1267 360 DE
1309 299 1560 360 REBUS
1596 296 1779 358 POST
1821 298 2271 360 MAURICIUM
2308 299 2596 360 GESTIS.

3359 295 3464 357 910

202 428 232 477 ὁ
261 420 374 474 τῶν
401 414 698 486 Ῥωμαίων
721 413 976 484 βασιλεὺς
1002 413 1143 484 ὑπὲρ
1160 413 1259 482 τῆς
1291 411 1486 466 ἑαυτοῦ
1513 410 1790 472 πολιτείας

1905 411 2280 480 imperatorem
2309 412 2571 466 vidissent
2608 424 2704 478 pro
2739 410 2935 464 tuendo
2964 410 3192 479 imperio
3233 426 3298 465 ne
3344 413 3466 467 vita!

203 509 306 580 τῆς
327 508 540 569 οἰκείας
591 501 739 571 ζωῆς
786 500 1186 573 κατεφρόνησε,
1239 499 1380 570 μετὰ
1422 498 1644 569 Σειρόου
1695 496 1791 550 τοῦ

205 583 326 654 υἶοῧ
349 599 592 670 Χοσρόσυ
627 595 972 666 βουλεύονται
1002 594 1254 666 Χοσρόην
1297 592 1591 654 ἀνελεῖντδ,
1649 590 1794 660 μέγα

163 742 168 750 ι
208 690 460 762 περὶτῆς
488 686 700 749 οἰκείας
731 685 1007 747 πολιτείας
1036 689 1550 754 καταφρονήσαντα.
1586 681 1793 734 Τοῦτον

207 775 305 833 οὖν
339 777 422 846 ἐφ’
450 779 495 812 ⁷⁵
525 778 606 830 ἑνὶ
664 773 777 828 τῶν
835 772 1136 843 βασιλικῶν
1185 773 1351 824 οἴκων
1400 770 1791 833 κατέκλεισαν,

212 872 310 924 καὶ
337 869 550 939 τροφὴν
576 867 674 920 οὒκ
704 864 969 930 ἐδίδοσαν,
998 862 1319 935 προῦθηκαν
1354 863 1409 915 δὲ
1435 862 1636 933 χρυσὸν
1687 862 1785 916 καὶ

212 959 454 1031 ἄργυρον
507 958 604 1010 καὶ
661 955 812 1008 λίθον
877 953 1150 1020 πλεῖστον,
1202 952 1473 1020 λέγοντες⁹
1517 970 1536 1003 ‹
1573 950 1794 1004 Τούτων

213 1051 455 1106 ἀπόλαυε
510 1043 594 1112 οἷς
640 1045 958 1117 κατεμὰνης
1012 1049 1109 1098 καὶ
1164 1043 1311 1114 ἆπερ
1367 1044 1662 1114 ἠγάπησας
1696 1041 1794 1096 καὶ

218 1144 542 1218 συνήγαγες.
610 1158 629 1191 ι
707 1138 822 1192 Καὶ
870 1136 1013 1190 οὕτω
1080 1135 1420 1206 λιμώττοντα
1474 1134 1798 1196 ἐπελθόντες

215 1234 443 1288 ἀνεῖλον.
479 1231 704 1303 Σειρόην
734 1229 790 1283 δὲ
815 1229 906 1284 τὸν
934 1227 1122 1282 τούτου
1151 1229 1268 1290 υἱὸν
1317 1226 1544 1297 βασιλέα
1570 1225 1797 1296 Περσῶν

217 1325 630 1393 ἀνηγόρευσανο
685 1322 744 1385 ὃς
785 1320 949 1382 εὐθὺς
999 1320 1136 1390 πρὸς
1184 1318 1507 1390 Ἡράκλειον
1562 1318 1792 1388 διαπρε-

163 1413 176 1422 “’
221 1415 496 1478 σϐεύεται,
542 1413 689 1484 δῶρά
750 1429 810 1465 τε
861 1410 1172 1481 ἐξέπεμψεν
1253 1411 1328 1473 ώς
1405 1409 1798 1463 σπείσασθαι⁷⁶

220 1505 387 1574 αὐτῷ.
433 1504 636 1574 Γράφει
659 1503 716 1556 δὲ
750 1503 887 1573 πρὸς
917 1502 1081 1556 αὑτὸν
1103 1500 1214 1571 (61)
1247 1500 1504 1556 ἑνοῦσθαί
1533 1517 1593 1553 τε
1627 1500 1797 1570 ἀλλή-

218 1597 339 1659 λαις
359 1595 403 1627 "
430 1595 530 1657 τὰς
563 1593 656 1647 ὑπ’
686 1594 866 1647 αὐτῶν
912 1593 1192 1656 πολιτείας
1237 1593 1331 1645 καὶ
1381 1593 1609 1662 εἰρήνην
1641 1591 1797 1663 παρὰ

221 1685 360 1740 Θεοῦ
438 1685 812 1750 ἀσπάζεσθαι,
893 1685 969 1748 ὡς
1045 1685 1284 1752 ἑκάστην
1381 1683 1516 1753 παρ’
1596 1681 1799 1752 ἑαυτὴν

219 1777 537 1849 ἡσυχάζειν.
556 1769 626 1846 1’ῼ
653 1777 960 1846 ἀντέγραφε
984 1776 1078 1828 καὶ
1107 1749 1679 1847 Ἡράκλειοςξτέκνον
1706 1749 1798 1826 τὸν
1833 1749 1877 1804 Β

223 1867 448 1940 Σειρόην
477 1866 675 1932 καλῶν,
701 1868 797 1920 καὶ
823 1867 900 1930 ὡς
932 1866 1031 1919 οὐκ
1049 1861 1118 1936 ἦν
1146 1865 1298 1936 αύτῷ
1323 1883 1454 1918 ποτε
1478 1867 1623 1920 κατὰ
1649 1865 1763 1934 γνώ
1779 1893 1795 1903 -

227 1975 335 2028 μην
385 1957 612 2028 βασιλέα
645 1959 743 2028 τῆς
793 1957 986 2010 ἑαυτοῦ
1020 1956 1178 2027 δόξης
1211 1956 1668 2010 ἐκπεπτωκέναιο
1719 1955 1801 2008 διὸ

221 2047 345 2100 οὐδὲ
395 2046 662 2117 Χοσρόην.
719 2037 874 2098 "ANV
915 2047 963 2098 εί
1015 2045 1111 2098 καὶ
1165 2045 1393 2099 πλεῖστα
1421 2045 1516 2097 καὶ
1563 2045 1803 2100 κάκιστα

227 2129 530 2208 Ῥωμαίοις
588 2137 685 2190 καὶ
733 2135 973 2206 Πέρσαις
1022 2135 1328 2203 ἐπέδειξεν,
1351 2134 1629 2189 Ἔσπευσα
1712 2135 1800 2201 ἂν,

221 2229 452 2299 εφασκε,
489 2227 884 2300 περισωθέντα,
928 2231 977 2281 εί
1027 2227 1222 2281 καὶτὰ
1280 2228 1517 2299 μάλιστα
1571 2229 1805 2299 ἐπικρα-

214 2323 478 2392 τέστερος
546 2319 844 2389 ἐγενόμην,
911 2321 992 2381 είς
1052 2319 1153 2391 τὴν
1194 2318 1362 2371 αὑτοῦ
1413 2317 1794 2388 ἀποκαθιστᾷν

223 2411 524 2484 βασιλείαν.
570 2396 703 2470 Θεὸς
730 2409 830 2481 τὴν
857 2409 1070 2462 ἐκείνου
1097 2408 1362 2482 πρόθεσιν
1386 2409 1645 2478 ἐγνωκὼς
1669 2425 1801 2478 μετ-

234 2503 407 2573 ῆλθεν
441 2501 592 2571 αὐτῷ
620 2501 780 2566 ἀξίαν
811 2500 910 2572 τὴν
941 2501 1118 2570 δίκην,
1147 2501 1224 2565 ὡς
1255 2502 1330 2573 μὴ
1365 2499 1475 2554 τῶν
1521 2499 1735 2554 πολλῶν
1755 2501 1802 2534 ⁷⁸

219 2593 478 2662 γενέσθαι
505 2592 819 2656 κατάλυσιν,
848 2594 977 2663 ἡμῖν
1024 2591 1120 2645 νῦν
1167 2593 1264 2658 τὴν
1301 2593 1495 2645 ἕνωσιν
1525 2593 1805 2663 παρασχό-

229 2699 415 2753 μενος.
450 2681 585 2751 Περί
612 2697 670 2733 τε
691 2679 802 2734 τῶν
833 2679 1116 2745 ζωοποιῶν
1143 2679 1313 2744 ξύλων
1346 2675 1420 2734 ὧν
1442 2675 1554 2733 εἷλε
1587 2681 1803 2750 Σὰρϐα-

227 2789 326 2844 ρος
371 2773 430 2837 ἐξ
467 2771 880 2842 Ἰεροσολύμων,
909 2769 1156 2842 λιπαρῶς
1189 2770 1441 2824 ἐπέκειτο
1485 2771 1763 2840 ἐπιζητῶν
1785 2788 1799 2802 ·

223 2867 260 2918 ὸ
277 2865 336 2919 δὲ
355 2863 621 2935 ὑπέσχετο
648 2862 860 2927 δώσειν,
889 2861 1047 2931 εἴπερ
1064 2861 1214 2930 αὐτῷ
1237 2862 1536 2932 κατὰνρωρα
1565 2863 1799 2931 γᾷνοιτο.

230 2951 366 3023 Περί
394 2968 455 3003 τε
488 2951 595 3004 τῶν
634 2949 988 3020 πρεσϐευτῶν
1021 2948 1116 3010 οὓς
1151 2950 1342 3013 Σαΐτος
1387 2951 1526 3022 πρὸς
1552 2953 1802 3022 Χοσρόην

227 3042 491 3110 ἀπήγαγε
515 3039 669 3110 δόλῳ,
700 3041 774 3104 ὼς
801 3040 1050 3102 Λεόντιος
1083 3039 1181 3109 μὲν
1209 3041 1374 3112 κοινῷ
1409 3042 1630 3112 θανάτῳ
1682 3044 1802 3094 ὲτε-

228 3135 421 3199 λεύτα,
471 3133 597 3196 τοὺς
654 3132 711 3184 δὲ
766 3131 970 3194 ἄλλους
1011 3132 1261 3201 Χοσρόης
1315 3131 1494 3196 ξύλοις
1540 3133 1800 3196 ἔκτεινεν,

228 3228 552 3298 αἰσθόμενος
610 3224 771 3278 αὑτὸν
849 3223 1170 3294 Ἡράκλειον
1220 3226 1303 3287 είς
1374 3225 1468 3296 τὴν
1529 3226 1804 3296 Περσικὴν

230 3319 574 3373 εἰσϐαλόντα.

305 3494 480 3556 Εὐθὺς
509 3487 600 3546 οὖν
636 3491 862 3562 Σειρόης
890 3491 1170 3556 ἐτελεύτα,
1203 3493 1401 3562 κρατεῖ
1441 3491 1499 3545 δὲ
1527 3494 1626 3562 τῆς
1653 3494 1807 3564 βασι-

224 3585 382 3648 λείας
416 3583 641 3655 Περσῶν
663 3583 774 3654 (62)
803 3582 1044 3652 Καϐύης,
1099 3583 1248 3645 ὅστις
1291 3584 1408 3652 μετ’
1438 3584 1499 3634 οὐ
1540 3584 1675 3636 πολὺ
1724 3586 1808 3639 τὲ-

226 3676 422 3744 θνηκε.
447 3674 584 3728 Μεθ’
605 3673 666 3726 ὃν
705 3671 980 3743 βασιλεύει
1011 3672 1235 3743 Περσῶν
1275 3673 1585 3743 Ὀρμίσδας,
1622 3674 1680 3738 ὃς
1711 3675 1806 3728 καὶ

225 3763 394 3827 αὐτὸς
418 3761 872 3833 διαπρεσϐεύεται
902 3762 1039 3832 πρὸς
1082 3761 1424 3832 Ἡράκλειον,
1457 3762 1549 3815 τόν
1577 3779 1635 3814 τε
1675 3763 1804 3817 ἴδιον

227 3855 350 3908 υἱὸν
397 3854 492 3906 σὺν
551 3854 800 3924 χρήμασι
849 3853 944 3906 καὶ
990 3851 1184 3923 δώροις
1239 3853 1622 3924 πολυτιμήτοις
1670 3855 1806 3924 πρὸς

225 3942 397 3998 αὐτὸν
448 3942 784 3996 ἀπέστειλεν.
858 3941 1152 4012 Ἐσήμαινε
1205 3942 1261 3996 δὲ
1318 3943 1407 3996 διὰ
1459 3945 1805 4015 γραμμὰτῳν

226 4033 361 4088 τάδε
388 4047 402 4061 ·
445 4051 464 4084 t
503 4035 600 4087 Ὃν
627 4033 829 4104 τρόπον
871 4031 1058 4101 λέγετε
1095 4033 1186 4085 τὸν
1225 4033 1357 4086 Θεὸν
1401 4034 1554 4104 ὑμῶν
1584 4035 1804 4104 δοθῆναι

225 4123 450 4193 γηραιῷ
496 4139 601 4176 τινι
651 4122 922 4193 ἀνθρώπῳ
977 4123 1201 4194 Συμεὼν
1252 4126 1332 4188 είς
1381 4127 1481 4190 τὰς
1534 4126 1803 4195 ἀγκάλας,

227 4215 410 4276 οὕτως
435 4214 650 4268 καὶτὸν
678 4213 864 4266 δοῦλόν
893 4228 989 4266 σου
1033 4214 1126 4266 τὸν
1178 4215 1292 4267 υἱόν
1341 4233 1445 4287 μου
1485 4215 1677 4287 δίδωμι
1724 4221 1806 4282 εἰς

225 4305 333 4367 τὰς
365 4305 552 4377 χεῖράς
583 4322 700 4359 σου.
727 4305 886 4374 Γνοίη
907 4304 965 4357 δὲ
995 4304 1126 4370 Θεὸς
1156 4305 1215 4360 ὃν
1236 4306 1280 4338 ⁷³
1307 4306 1522 4377 σεμνῶς
1556 4310 1805 4379 ποιήσεις

1896 503 2113 570 quidem
2138 519 2248 558 suae
2281 518 2506 574 parcere
2549 501 2666 574 [ειη.
2697 501 2849 574 628].
2897 503 2963 556 de
2997 503 3256 558 Chosrois
3310 519 3464 569 nece,

1895 591 1986 659 qui
2016 593 2301 662 imperium
2333 608 2490 646 suum
2537 593 2670 646 adeo
2704 599 3101 657 contenmeret,
3146 607 3266 646 cum
3309 591 3470 648 Siroe

1895 681 2010 751 ejus
2042 683 2150 739 ﬁlio
2191 683 2478 739 consilium
2509 683 2762 750 capiunt;
2813 697 2971 750 quem
3006 682 3221 736 demum
3258 682 3313 736 in
3364 699 3466 736 una

1895 787 1961 826 ex
1991 774 2158 842 regiis
2175 773 2384 828 atdibus
2407 773 2756 836 concludunt,
2782 781 2836 826 et
2857 772 2978 826 cibo
3000 772 3147 826 omni
3166 771 3465 836 subtracto,

1896 863 2012 917 auri
2035 872 2090 917 et
2122 864 2333 932 argenti
2366 878 2431 918 ac
2468 863 2773 932 lapillorum
2819 863 2926 916 vim
2965 862 3253 916 maximam
3281 875 3468 915 coram

1896 970 1962 1010 eo
1987 967 2314 1025 proponunt,
2340 965 2503 1025 alque
2527 956 2592 1009 iis
2621 954 3123 1009 vocibusinsultant
3169 973 3182 1008 :
3213 971 3235 1005 ι
3267 952 3472 1007 Fruere

1897 1043 1966 1098 iis
1996 1047 2249 1114 agedum,
2277 1060 2508 1114 quorum
2539 1045 2730 1098 insana
2758 1044 3012 1112 cupidine
3036 1042 3299 1112 ﬂagrasti,
3323 1057 3474 1112 qua:-

1898 1153 2004 1206 que
2037 1138 2231 1191 amasti
2277 1148 2556 1206 tantopere
2603 1148 2766 1207 atque
2817 1137 3105 1205 collegisti.
3150 1156 3169 1190 ι
3212 1137 3291 1192 Ita
3331 1135 3472 1189 {tune

1899 1239 2149 1284 enectum
2198 1239 2478 1298 postremo
2520 1232 2786 1284 irruentes
2825 1231 3182 1284 interﬁciunt.
3218 1229 3353 1284 Tum
3388 1227 3473 1282 Si-

1899 1337 2029 1375 roen
2054 1322 2170 1391 ejus
2217 1321 2336 1376 loco
2386 1323 2678 1376 Persarum
2736 1335 2915 1391 regem
2949 1323 3324 1391 pronuntiant.
3368 1320 3472 1386 Qui

1905 1412 2089 1466 statim
2122 1413 2314 1480 legatis
2337 1413 2402 1464 ad
2431 1412 2735 1468 Heracliam
2773 1413 2956 1467 missis
3001 1428 3223 1466 munera
3253 1414 3319 1466 ad
3346 1427 3470 1466 eum

1901 1498 2220 1571 placandum
2253 1501 2468 1557 obtulit.
2501 1503 2724 1557 Addidit
2749 1503 2970 1571 insuper
3002 1503 3233 1565 litteras,
3266 1502 3465 1570 quibus

1901 1592 2225 1647 hortabatur
2257 1603 2315 1646 ut
2346 1594 2506 1663 ambo
2552 1593 2780 1648 invicem
2816 1594 3041 1664 imperia
3075 1593 3473 1662 coniungerent

1904 1695 1958 1739 et
1979 1699 2234 1740 concessa
2255 1699 2282 1736 a
2312 1685 2420 1739 Deo
2440 1700 2572 1753 pace
2601 1686 2935 1748 fruerentur,
2953 1701 3016 1739 ea
3043 1686 3159 1753 lege
3182 1694 3238 1738 ut
3261 1695 3473 1738 utrum-

1903 1790 2008 1843 que
2037 1776 2149 1830 suis
2173 1791 2230 1830 se
2265 1775 2462 1831 finibus
2491 1779 2812 1832 contineret.
2848 1777 2927 1832 Ad
2952 1779 3066 1832 haec
3091 1777 3375 1831 lleraclius
3396 1792 3475 1831 re-

1915 1866 2128 1930 scribit,
2159 1866 2264 1936 23
2295 1867 2461 1922 ﬁlium
2484 1869 2763 1938 appellans
2786 1868 2999 1932 Siroen,
3018 1869 3147 1922 nulli
3165 1884 3221 1922 se
3236 1883 3472 1937 unquam

1905 1954 2140 2024 principi
2169 1956 2456 2025 imperium
2485 1958 2698 2027 eripere
2723 1958 2954 2013 voluisse
3004 1973 3179 2027 neque
3206 1958 3308 2024 ipsi
3337 1958 3472 2011 adeo

1901 2042 2153 2100 Chosroi.
2205 2064 2222 2097 t
2285 2046 2386 2112 Qui
2445 2048 2659 2102 tametsi
2710 2049 3114 2118 quamplurima
3168 2049 3219 2102 in
3278 2049 3472 2103 Persius

1902 2147 2056 2209 retine
2081 2149 2146 2188 ac
2189 2136 2465 2191 Romanos
2520 2138 2783 2192 scelerate
2831 2140 3188 2202 commiserit,
3240 2137 3473 2192 libenter

1908 2222 2284 2289 nihilominus,
2305 2225 2504 2288 aiebat,
2524 2229 2779 2296 sospitem
2800 2243 2923 2282 eum
2938 2239 3103 2298 atque
3119 2228 3471 2293 incolumem,

1905 2312 2033 2366 licet
2050 2313 2102 2367 in
2131 2323 2400 2383 potestate
2417 2316 2699 2380 haberem,
2723 2320 2950 2388 imperio
2970 2334 3068 2375 suo
3088 2321 3472 2374 restituissem.

1907 2401 2014 2456 Sed
2064 2402 2228 2469 Deus,
2272 2405 2365 2474 qui
2395 2405 2537 2460 illius
2577 2407 2800 2462 consilia
2841 2419 3125 2479 cognorat,
3178 2411 3369 2480 dignas
3419 2412 3474 2465 in

1904 2507 2024 2548 eum
2053 2507 2244 2563 pinnas
2277 2497 2582 2563 constituit,
2624 2500 2785 2554 ne-ab
2811 2516 2878 2555 eo
2923 2501 3141 2571 plurimi
3173 2503 3288 2558 suis
3316 2503 3477 2559 rebus

1904 2597 2322 2652 everterentur;
2355 2588 2608 2658 idemque
2635 2592 2796 2647 nobis
2830 2608 3016 2661 pacem
3043 2610 3106 2648 ac
3127 2597 3474 2650 concordiam

1906 2677 2198 2731 concessit.
2233 2698 2252 2730 ι
2290 2678 2508 2748 Adjecit'
2530 2691 2786 2752 praeterea
2820 2695 2872 2738 et
2906 2685 3273 2740 conditionem
3311 2687 3472 2751 hanc,

1908 2779 1967 2822 ut
2010 2770 2224 2824 viviﬁca
2272 2771 2450 2841 ligna,
2504 2790 2622 2842 quae
2682 2776 2948 2831 Sarbarus
2991 2793 3058 2832 ex
3087 2778 3475 2850 Hierosolymis

1917 2861 2295 2926 transtulerat,
2318 2863 2422 2917 sibi
2453 2864 2833 2933 redderentur,
2882 2869 3041 2938 eique
3075 2870 3153 2924 rei
3185 2871 3476 2926 admodum

1906 2949 2163 3006 instabat.
2202 2951 2331 3017 Quae
2375 2952 2557 3008 Siroes
2623 2955 2960 3012 redditurmn
3011 2972 3068 3012 se
3115 2960 3380 3029 promisit,
3430 2962 3476 3015 si

1906 3043 2117 3110 uspiam
2169 3042 2412 3099 invenire
2451 3056 2655 3114 posset.
2689 3046 2767 3101 De
2795 3049 2984 3118 legatis
3002 3066 3154 3114 vero,
3189 3067 3328 3120 quos
3353 3053 3477 3108 Sai-

1909 3138 1994 3184 tus
2040 3129 2232 3188 fraude
2263 3134 2667 3192 circumventos
2695 3139 2762 3194 ad
2806 3137 3085 3196 Cbosrocn
3118 3146 3473 3212 perduxerat,

1908 3220 1982 3274 ita
2012 3221 2362 3290 significavit,
2404 3225 2690 3281 Leontium
2741 3231 2973 3284 naturali
3025 3236 3172 3287 exitu
3223 3234 3386 3288 vitam
3416 3235 3480 3290 ﬁ-

1907 3313 2074 3378 nisse,
2103 3323 2329 3370 caeteros
2351 3316 2628 3372 Chosroen
2658 3318 2926 3376 fustuario
2951 3339 3199 3390 necasse,
3222 3341 3344 3380 cum
3369 3327 3479 3395 pri-

1907 3418 2054 3457 mum
2088 3403 2322 3461 Heraclii
2361 3407 2413 3461 in
2447 3407 2724 3464 Persidem
2752 3413 3107 3482 irruptionem
3139 3417 3400 3472 audisset.

1975 3495 2143 3550 Paulo
2175 3509 2298 3567 post
2332 3493 2492 3554 Siroe
2525 3514 2763 3568 mortuo,
2791 3503 2999 3562 Caboes
3037 3508 3328 3564 Persarum
3375 3512 3477 3565 im-

1905 3588 2114 3656 perium
2149 3591 2389 3652 obtinet;
2424 3607 2532 3660 quo
2569 3595 2764 3650 iterum
2801 3614 2920 3652 .non
2967 3600 3126 3670 longe
3161 3616 3349 3671 postea
3379 3603 3478 3660 de-

1908 3675 2096 3730 functo
2135 3676 2453 3733 llormisdas
2485 3683 2750 3738 succedit.
2786 3685 2886 3751 Qui
2921 3688 3141 3755 quidem
3185 3689 3393 3760 legatos
3423 3699 3481 3745 et

1905 3765 2024 3834 ipse
2047 3767 2114 3822 ad
2147 3767 2457 3822 lleraclium
2509 3772 2730 3828 mittens
2754 3813 2770 3839 ,
2820 3776 2988 3830 lilium
3021 3795 3178 3833 suum
3211 3797 3336 3835 cum
3383 3797 3480 3852 pe-

1907 3859 2085 3913 cuniis
2114 3875 2180 3913 ac
2215 3862 2538 3917 muneribus
2569 3865 2860 3932 exquisitis
2891 3869 2958 3921 ad
2987 3871 3237 3925 eumdem
3256 3873 3475 3942 allegat.

1905 3948 2352 4019 Porroejusmodi
2373 3953 2677 4009 litterarum
2705 3959 2974 4012 sententia
2997 3960 3130 4015 fuit:
3163 3980 3184 4013 ι
3207 3962 3479 4029 Quemad-

1908 4041 2124 4094 modum
2155 4040 2322 4095 Deum
2353 4052 2596 4097 vestrum
2637 4044 2820 4100 dicitis
2855 4048 2968 4101 seni
2989 4048 3204 4102 cuidam
3229 4050 3476 4107 Simeoni

1907 4131 1959 4184 in
2017 4134 2171 4186 ulnas
2236 4131 2441 4195 datum,
2500 4134 2574 4188 ita
2631 4149 2729 4205 ego
2782 4151 3000 4192 servum
3055 4149 3244 4206 tuum,
3307 4141 3474 4196 tilium

1908 4235 2110 4287 meum,
2142 4231 2261 4276 tuas
2291 4223 2343 4276 in
2377 4238 2568 4280 manus
2599 4230 2900 4281 committo.
2935 4227 3091 4283 Norit
3138 4230 3280 4286 Deus
3312 4247 3475 4303 quam

1909 4322 1962 4366 tu
1996 4312 2145 4367 illum
2179 4313 2406 4370 honeste
2439 4315 2517 4371 sis
2549 4317 2855 4375 habiturus.
2895 4338 2914 4372 ι
2980 4319 3137 4376 Ηυιιο
3180 4323 3480 4394 imperator

1499 4492 1732 4548 VARIAE
1775 4493 2181 4550 LECTIONES.

304 4645 356 4728 ’ξ
383 4645 874 4728 ἀχελξζνΜτὸνύπξρ
904 4651 1096 4706 ἑαυτοῦ
1113 4651 1246 4722 τῆςῗ
1321 4651 1366 4682 ⁷⁵
1391 4650 1485 4705 tv?
1557 4651 1603 4682 ⁷⁸
1631 4650 1957 4704 σπείσασθαι
1986 4650 2261 4716 Petavius,
2301 4651 2584 4706 πείσεσθαι
2606 4651 2665 4708 Ρ.
2741 4657 2786 4686 ”
2807 4652 3080 4728 ἀλλήλοις.
3119 4659 3180 4714 P.
3257 4664 3301 4694 '”
3332 4665 3482 4719 πολι-

223 4716 434 4770 τειῶνῖ
510 4713 554 4752 ⁷⁸
584 4718 663 4774 ὅν.
698 4720 830 4774 ὃσαῗ

1586 4855 1862 4912 PETAVII
1912 4853 2146 4912 NOTE.

303 4984 665 5068 (θίλΓριξςι-ει
689 5005 760 5057 ,τε
817 4991 966 5058 πρὸς
998 4994 1243 5068 ἀὐτόπρ-
1278 4991 1586 5068 E_xsta_t__in
1640 4994 1794 5068 Alex.
1828 5000 1872 5054 Ι)
1900 4995 2177 5068 successio
2203 5011 2238 5068 Aa
2256 4996 2602 5068 Theophane
2627 5002 2699 5055 ita
2729 5001 3086 5057 describitur.

224 5052 525 5129 Chronico
544 5052 901 5124 fragmentum
928 5052 1166 5129 epistola:
1190 5061 1362 5116 Sirois
1392 5064 1456 5116 ad
1483 5061 1789 5117 Heraclium

226 5138 356 5196 cum
394 5128 492 5179 hac
516 5128 906 5196 inscriptione:
945 5128 1490 5188 Acabata’Sadasace
1541 5133 1790 5188 Heraclio

227 5193 695 5259 clementissimo,
716 5207 823 5252 etc.

310 5265 421 5335 (62)
454 5266 671 5331 Κρατεῐ
695 5265 762 5319 δὲ
781 5265 893 5338 τῆς
915 5268 1242 5335 βασιλείας
1276 5269 1544 5338 Περσῶν.
1577 5270 1790 5327 Caboes

222 5333 336 5388 iste
382 5333 647 5408 nusquain
689 5338 740 5390 in
776 5333 1064 5408 Persarum
1116 5333 1613 5408 regnum-numero
1661 5357 1792 5394 ren-

221 5417 402 5478 setur.
440 5405 700 5478 Suspicor
732 5421 918 5461 errore
966 5405 1253 5478 Nicephori
1301 5409 1501 5464 factum
1550 5421 1609 5464 ut
1651 5413 1790 5476 ejus-

225 5473 355 5548 dem
389 5477 602 5548 nomina
634 5478 738 5530 duo
766 5492 864 5544 pro
897 5473 1124 5532 diversis
1150 5480 1366 5548 regibus
1415 5473 1784 5535 haberentur:

225 5543 455 5616 Siroes__
475 5545 619 5616 enim
668 5543 905 5601 Acabata
953 5548 1147 5610 dictus,
1202 5543 1340 5616 quod
1401 5548 1567 5604 (Ξειὺοί
1613 5549 1790 5604 simile

224 5621 336 5665 est.
395 5609 509 5666 Nisi
571 5616 712 5669 forte
747 5616 954 5672 Adeser
1001 5618 1176 5672 Sirois
1215 5609 1372 5672 'tilius
1416 5619 1524 5672 alio
1573 5619 1790 5673 nomine

222 5683 436 5737 Calices
466 5685 534 5738 sit
581 5697 941 5764 nuncupatus.
969 5688 1048 5764 ᾼρ
1087 5702 1277 5765 regum
1313 5689 1530 5757 quidem
1561 5690 1786 5744 istorum

1973 5062 2160 5120 Siroes
2187 5062 2662 5133 Adeserfmenses
2686 5070 2741 5124 7.

1970 5133 2326 5209 Sarbarazas,
2351 5154 2510 5206 quem
2541 5141 2800 5194 Barazam
2817 5150 2977 5194 vocat
2999 5139 3476 5209 Cedrenus,inter-

1897 5201 2041 5256 fecto
2072 5206 2299 5269 Adeser,
2327 5201 2542 5263 m'enses
2571 5211 2625 5265 2.

1967 5271 2197 5346 l_$_orane,
2217 5275 2462 5330 Cedreno
2484 5278 2677 5332 Baram
2703 5278 2991 5335 Chros'rois
3015 5279 3148 5346 (ilia,
3179 5296 3395 5342 menses
3421 5287 3472 5341 7.

1971 5341 2314 5408 llormisdas,
2355 5361 2526 5400 annos
2559 5349 2646 5402 H.

1895 5410 1980 5464 Ab
2005 5412 2444 5494 iis-Niceplrorus
2482 5429 2667 5472 noster
2698 5419 2858 5490 longe
2901 5426 3151 5480 diversus
3189 5423 3344 5491 abiit,
3380 5427 3472 5494 qui

1901 5491 2022 5565 post
2049 5481 2251 5565 Siroeii
2280 5485 2508 5565 Caboen‘
2525 5481 2952 5552 recensetfltinc
2991 5481 3356 5561 llormisdam',
3381 5481 3479 5565 po-

1896 5561 2098 5634 stremo
2126 5551 2444 5634 $arbarurtt.
2477 5556 2621 5612 Sane
2645 5551 2956 5634 communis
2986 5567 3101 5619 haec
3131 5565 3316 5634 opinio
3342 5551 3453 5620 ’ἑει

1897 5618 2521 5704 llorrttisdaittultimum
2555 5630 2797 5682 omnium
2822 5702 2829 5704 _
2850 5635 2901 5687 in
2935 5618 3473 5704 Perside'regnass—e

1901 5688 1999 5745 Cui
2022 5690 2340 5760 Sigcbertus
2374 5709 2578 5752 annum
2614 5713 2777 5754 unum
2803 5688 3358 5764 duntax'atiattribuuit.’
