3928 6166
407 329 512 395 915

1437 335 1500 395 S.
1539 333 1959 396 NICEPHORI
1999 335 2511 395 PATRIARCH/E
2548 336 2658 396 CP.

3567 333 3668 397 916

404 439 683 496 Orientem
721 441 1108 512 proﬁciscitur.
1141 442 1243 499 Ubi
1275 441 1652 513 et_'l‘heodoro
1677 445 1829 500 fratri
1863 461 1981 500 suc-

2093 446 2243 500 παιδὶ
2268 447 2404 517 πρὶς
2427 450 2542 511 τοῖς
2566 447 2666 517 τῆς
2684 445 2976 516 Ἀνατολῆς
2994 443 3214 516 χωρίοις
3234 443 3477 517 ἐπεξῄει.
3498 445 3669 501 Αὐτό-

406 535 640 598 censuit,
665 533 805 590 clam
830 550 860 589 a
882 535 1158 590 nonnullis
1175 537 1375 602 delato,
1397 539 1539 606 quod
1565 538 1985 608 propterMarti-

407 645 530 682 nam
555 628 608 682 in
636 628 1020 698 imperatorem
1043 628 1241 698 probra
1266 631 1582 700 conjiceret,
1608 647 1672 686 ac
1692 645 1834 700 saepe
1855 630 1984 685 illud

414 730 706 789 usurparet
751 720 984 790 (Psalm.
1016 724 1107 790 ι),
1166 734 1450 790 peccatum
1490 723 1606 790 ejus
1651 739 1833 777 coram
1867 724 1984 792 ipso

405 826 526 866 esse
555 826 791 881 semper.
826 811 976 866 Hunc
1020 813 1183 882 igitur
1232 814 1444 884 Cpoiim
1480 813 1595 884 [οη.
1632 814 1760 887 654]
1820 815 1984 869 mittit

407 920 532 959 rum
566 904 762 959 litteris
785 905 849 957 ad
886 901 1304 960 Constantinum
1354 906 1547 973 lilium,
1589 908 1787 978 quibus
1826 909 1984 972 jube-

408 997 500 1050 bat
533 1007 592 1050 ut
627 996 775 1050 illum
811 997 863 1050 in
892 997 1161 1052 concione
1193 1001 1520 1066 productum
1553 1008 1717 1069 atque
1749 1001 1799 1054 iu
1831 999 1980 1054 ordi-

409 1100 531 1138 nem
562 1086 837 1140 redaetum
865 1096 1120 1155 tauquam
1139 1088 1192 1141 in
1221 1088 1470 1144 custodia
1507 1089 1752 1144 haberet.
1781 1090 1983 1144 Deinde

411 1177 755 1234 Theodorum
802 1181 982 1235 aerarii
1037 1182 1233 1250 privati
1273 1182 1564 1247 comitem,
1623 1194 1984 1252 cognomento

409 1269 767 1336 Trithurium,
805 1274 996 1328 ducem
1019 1273 1225 1328 Orienti
1254 1272 1503 1341 praeﬁcit.
1543 1272 1678 1326 Nam
1734 1272 1981 1343 Sergius,

414 1361 512 1427 qui
540 1359 747 1415 Nicetaa
781 1370 1026 1433 tempore
1071 1364 1306 1433 praefuit,
1363 1365 1465 1419 hoc
1520 1366 1678 1419 modo
1722 1367 1980 1433 perierat.

409 1448 666 1505 Saraceni
699 1455 963 1506 eamelum
998 1455 1134 1521 pelle
1183 1456 1522 1511 denudantes
1559 1456 1612 1509 in
1669 1457 1808 1512 hanc
1851 1458 1978 1512 Ser-

408 1540 556 1608 gium
614 1539 901 1593 includunt
938 1559 1002 1595 ac
1055 1553 1346 1594 eonsuunt.
1399 1544 1474 1595 Ita
1505 1545 1777 1597 desiccata
1821 1546 1978 1614 pelle,

409 1643 513 1682 una
550 1637 607 1682 et
657 1631 752 1699 qui
801 1631 1042 1686 inclusus
1086 1643 1224 1695 erat,
1284 1634 1679 1690 comabescens
1723 1637 1980 1705 paulatim

410 1720 706 1775 miserabili
762 1735 939 1777 morte
1000 1726 1283 1780 confectus
1336 1736 1442 1780 est.
1497 1725 1704 1794 Quippe
1747 1729 1850 1783 hoc
1905 1729 1979 1782 illi

407 1813 613 1868 crimen
647 1813 992 1880 obiecerant,
1052 1828 1329 1872 auctorem
1380 1819 1488 1888 27
1529 1819 1776 1874 Heraclio
1813 1821 1980 1877 fuisse

410 1913 468 1958 ut
492 1919 559 1959 ne
587 1903 875 1961 Saracenis
896 1922 926 1961 e
957 1906 1323 1963 Romanorum
1353 1909 1550 1964 ﬁnibus
1577 1912 1980 1980 egredientibus

409 1995 746 2062 permitteret
774 1998 991 2069 triginta
1024 1999 1139 2053 auri
1173 2001 1359 2068 libras,
1379 2017 1498 2071 qua:
1538 2001 1644 2056 illis
1681 2005 1978 2072 quotannis

407 2085 846 2154 pensitabantur,
901 2090 1172 2143 mercibus
1217 2099 1554 2154 permutatas
1600 2105 1753 2149 extra
1810 2095 1981 2164 impe-

411 2175 548 2228 rium
587 2176 918 2245 transferre;
949 2194 1014 2234 ex
1044 2195 1151 2247 quo
1183 2180 1381 2236 factum
1408 2194 1555 2237 esset
1581 2192 1640 2238 ut
1675 2184 1978 2240 Romanum

409 2266 634 2322 limitem
665 2279 960 2324 vastarent.
1001 2271 1283 2328 Heraclius
1312 2288 1472 2343 porro
1509 2274 1858 2331 Theodorum
1885 2291 1980 2332 ve-

412 2358 660 2413 tuiteum
698 2358 986 2416 Saracenis
1032 2379 1265 2434 paginam
1312 2367 1676 2421 committere.
1732 2366 1833 2433 Qui
1869 2369 1982 2424 dis-

409 2449 602 2515 positis
632 2451 842 2511 insidiis
881 2455 1176 2525 paucisque
1206 2457 1272 2527 ad
1317 2457 1648 2512 velitandum
1683 2459 1981 2528 praemissis

408 2540 609 2593 sensim
665 2540 938 2597 Romanos
967 2543 1226 2598 inducunt
1254 2584 1270 2611 ,
1319 2545 1491 2602 donec
1521 2549 1615 2617 qui
1662 2548 1716 2602 in
1770 2550 1983 2606 insidiis

407 2640 568 2686 erant
626 2643 852 2702 repente
897 2635 952 2688 in
998 2650 1092 2690 eos
1140 2637 1378 2704 irruunt,
1409 2648 1464 2693 et
1509 2639 1562 2692 in
1601 2639 1778 2694 medio
1825 2642 1982 2697 inter-

410 2733 597 2794 ceptos
653 2726 940 2798 plerosque
994 2737 1104 2783 tam
1153 2731 1352 2786 milites
1406 2745 1569 2800 quam
1601 2733 1769 2788 duces
1815 2734 1983 2791 inter-

407 2815 612 2872 ticiuut.

480 2908 684 2964 Eodem
727 2921 970 2981 tempore
1017 2910 1186 2965 Maria
1243 2912 1480 2968 Heraclii
1537 2927 1696 2969 soror
1740 2915 1982 2985 pecuniis

409 2999 473 3052 ad
515 3000 816 3055 Avarorum
867 3003 1184 3079 chaganum
1224 3005 1408 3060 missis
1443 3004 1777 3075 Stephanum
1815 3007 1981 3064 lilium

2085 537 2138 592 θι
2155 538 2212 591 δὲ
2236 539 2530 608 γενόμενος
2546 537 2808 610 Θεοδώρῳ
2827 537 2905 609 τῷ
2917 537 3129 608 ἀδελφῷ
3141 538 3425 608 ὀργίζεται
3443 555 3460 568 ο
3475 539 3668 609 Erret!»-

2085 629 2334 700 θυρίζετο
2363 631 2419 683 δέ
2441 647 2550 684 τισι
2576 631 2936 702 λοιδορεῖσθαι
2956 631 3121 684 αὐτὸν
3145 631 3223 700 τῷ
3251 631 3467 701 βασιλεῖ
3505 633 3667 704 Μαρ-

2083 722 2238 789 τίνης
2260 722 2466 785 ἕνεκεν,
2483 721 2712 790 λέγοντα
2732 724 2814 776 ὅτι
2840 723 3086 793 ἁμαρτία
3111 721 3280 775 αὑτοῦ
3305 720 3540 775 ἐνώπιον
3567 724 3662 775 αὖ·

2087 809 2183 863 τοῦ
2216 811 2305 864 διὰ
2332 811 2558 875 παντός.
2577 813 2687 866 Καὶ
2707 813 2870 866 αὐτὸν
2896 814 2975 875 είς
3001 813 3293 876 Βυζάντιον
3318 811 3664 873 ἀποστέλλει,

2084 903 2302 974 γράψας
2328 903 2407 974 τῷ
2440 904 2540 975 υίῷ
2577 904 2975 975 Κωνσταντίνῳ
3003 904 3194 957 τοῦτον
3221 905 3307 957 ἐπ’
3356 904 3665 975 ἀθροίσμα-

2083 1011 2178 1060 τος
2232 995 2364 1049 λαοῦ
2409 997 2759 1066 ἀτιμήσαντα
2809 996 2944 1061 ὡς⁸⁹
3004 997 3064 1049 ἐν
3115 997 3331 1067 φρουρᾷ
3381 999 3661 1066 κατέχειν.

2085 1087 2402 1158 Στρατηγόν
2449 1105 2508 1142 τε
2557 1089 2848 1160 ’Λνατολῆς
2904 1089 3182 1158 ἐκπέμπει
3227 1089 3506 1159 Θεόδωρον
3555 1088 3666 1141 τῶν

2088 1177 2382 1247 βασιλικῶν
2403 1179 2704 1250 χρημάτων
2731 1179 2957 1249 ταμίαν,
2989 1180 3050 1232 τὸ
3078 1179 3311 1250 ἐπίκλην
3345 1179 3659 1250 Τριθύριον.

2087 1270 2312 1341 Σέργιος
2330 1271 2438 1340 γὰρ
2454 1273 2481 1323 6
2498 1272 2640 1324 κατὰ
2658 1272 2703 1302 ²⁰
2727 1272 2974 1340 Νικήταν
2997 1272 3226 1343 τελευτᾷ
3249 1273 3436 1342 τρόπῳ
3451 1271 3660 1341 τοιῷδε.

2084 1359 2348 1431 Κάμηλον
2375 1361 2425 1411 οἱ
2455 1359 2763 1431 Σαρακηνοὶ
2791 1361 3182 1431 ἀποδείραντες
3206 1360 3394 1414 τοῦτον
3429 1363 3661 1429 ἐγκατα-

2085 1448 2324 1501 κλείουσι
2363 1452 2426 1519 τῇ
2451 1449 2585 1520 δορᾷ
2627 1450 2720 1504 καὶ
2751 1450 3120 1521 ἐπέρραπτον.
3154 1452 3267 1519 Τῆς
3317 1450 3528 1522 βύρσης
3568 1447 3659 1504 οὖν

2089 1538 2527 1608 κατεσκληκυίας
2560 1539 3060 1611 συναπεξηραίνετο
3093 1542 3187 1595 καὶ
3215 1545 3244 1595 6
3284 1542 3496 1604 ἐντδς⁹¹
3528 1543 3662 1594 ἁπο-

2089 1630 2388 1699 μαρανθεὶς
2418 1631 2632 1702 πικρῶς
2671 1632 2916 1687 διώλετο.
2949 1633 3140 1685 Αίτίαν
3173 1633 3230 1685 δὲ
3269 1632 3417 1703 αύτῷ
3451 1633 3660 1701 ἐπῆγον

2085 1719 2160 1782 ὡς
2195 1723 2359 1786 αὐτὸς
2401 1724 2812 1792 παρεσκεύαζεν
2867 1725 3187 1796 Ἡράκλειον
3235 1727 3308 1796 μὴ
3354 1729 3659 1795 συγχωρεῖν

2011 1787 2055 1842 Β
2084 1813 2418 1884 Σαρακηνοῖς
2440 1787 2504 1868 ἐκ
2535 1816 2635 1884 τῆς
2682 1787 2965 1887 Ῥωμαίων
2995 1819 3098 1889 γῆς
3127 1787 3530 1889 ἐκπορεύεσθαι
3550 1787 3657 1883 ’τὰς

2084 1904 2332 1974 συνήθως
2381 1908 2766 1978 παρεχομένας
2826 1910 3012 1972 αὐτοῖς
3065 1911 3365 1980 τριάκοντα
3429 1911 3656 1979 χρυσίου

2081 1998 2266 2070 λίτρας
2302 2000 2370 2053 δι’
2422 2003 2736 2074 ἐμπορικῆς
2783 2004 3017 2074 ἀμοιϐῆς
3068 2003 3132 2056 ἐκ
3178 2003 3275 2072 τῆς
3339 2001 3658 2070 Ῥωμαῖκῆς

2081 2093 2359 2158 πολιτείας
2397 2096 2737 2166 ἐκπέμπειν·
2779 2095 3031 2150 ἐντεῦθέν
3061 2113 3119 2147 τε
3154 2095 3352 2156 αὐτοὺς
3392 2093 3554 2163 ἄρξαι
3589 2094 3652 2161 τῇ

2096 2185 2383 2256 Ῥωμαίων
2409 2187 2770 2257 λυμαίνεσθαι
2814 2189 2992 2260 χώρᾳ.
3059 2188 3153 2240 Ἐκ
3186 2187 3380 2239 τούτου
3435 2185 3655 2255 παρήγ-

2081 2280 2229 2345 γειλε
2259 2279 2371 2350 (69)
2425 2281 2689 2351 Θεοδώρῳ
2743 2281 2818 2353 μὴ
2890 2280 3220 2352 συμϐάλλειν
3272 2277 3413 2347 πρὸς
3476 2277 3655 2346 μάχην

2081 2371 2442 2440 Σαρακηνοῖς.
2469 2374 2531 2427 Oi
2567 2372 2623 2425 δὲ
2662 2372 3102 2444 προλοχήσαντές
3125 2371 3242 2422 re”
3268 2368 3478 2436 ὀλίγοις
3516 2368 3656 2420 τισὶν

2083 2465 2574 2539 ἀκροϐολισάμενοι
2645 2465 2955 2535 Ῥωμαίους
3032 2461 3389 2534 ὑπήγοντο⁸³.
3463 2456 3656 2512 Εἰσπί-

2082 2573 2277 2610 πτουσι
2309 2557 2364 2612 δὲ
2391 2557 2572 2620 αὐτοῖς
2604 2557 2654 2609 οἱ
2685 2559 2748 2609 ὲκ
2783 2556 2892 2608 τῶν
2922 2554 3156 2626 ἐνεδρῶν
3179 2552 3543 2618 ἐξαπιναίως,
3563 2551 3656 2602 καὶ

2085 2648 2251 2720 μέσον
2280 2647 2647 2712 ἀπολαϐόντες
2677 2647 2903 2708 πολλοὺς
2926 2645 3173 2699 ἔκτειναν
3215 2641 3560 2713 στρατιώτας
3591 2656 3652 2693 τε

2083 2742 2178 2794 καὶ
2200 2741 2488 2812 ἄρχοντας.
3117 2740 3126 2748 ’

2152 2918 2310 2973 Κατὰ
2335 2917 2392 2970 δὲ
2417 2916 2509 2969 τὸν
2538 2881 2729 2986 καιρὸν
2745 2915 2950 2966 ἐκεῖνον
2969 2910 3158 2984 Μαρία
3185 2911 3218 2978 ἡ
3237 2906 3448 2977 ἀδελφὴ
3485 2905 3653 2974 Ἦρα-

2085 3010 2265 3076 κλείου
2297 3009 2559 3079 χρήματα
2591 3007 2726 3078 πρὸς
2755 3006 2846 3058 τὸν
2893 3003 3128 3073 χαγάνον
3169 2998 3418 3069 Ἀϐάρων
3445 2994 3654 3064 έπεμψε

409 3093 635 3160 recepit.
673 3091 881 3158 Quibus
929 3095 1245 3149 muneribus
1286 3096 1500 3152 illectus
1548 3099 1757 3154 Avarus
1803 3100 1981 3156 Anto-

2093 3101 2180 3154 καὶ
2209 3099 2301 3153 τὸν
2335 3099 2451 3150 υἱὸν
2493 3096 2766 3166 Στέφανον
2811 3092 3074 3147 ἀπέλαϐε.
3109 3091 3232 3152 Τοῖς
3283 3089 3341 3141 δὲ
3389 3085 3656 3188 τοιούτοις

410 3184 633 3237 nianum
681 3185 1000 3255 magistrum
1051 3187 1278 3253 incitat,
1329 3197 1388 3242 ut
1430 3197 1485 3242 et
1544 3189 1660 3258 ipse
1709 3191 1982 3248 similibus

407 3275 566 3329 donis
597 3274 856 3344 reliquos,
890 3291 1026 3344 quos
1060 3277 1294 3333 habebat
1316 3279 1556 3344 obsides,
1598 3289 1978 3350 recuperaret;

407 3367 550 3436 quod
591 3367 663 3422 ita
696 3367 898 3424 factum
927 3379 1030 3425 est.

481 3542 593 3598 Sub
616 3544 758 3599 idem
794 3545 909 3601 fere
935 3555 1148 3616 tempus
1193 3546 1465 3604 Cubratus
1514 3547 1742 3619 Organa;
1785 3564 1983 3609 conso-

408 3635 620 3700 brinus,
671 3633 1239 3707 llnnnogundurorum
1297 3640 1569 3709 dominus,
1603 3651 1795 3698 contra
1838 3645 1983 3699 Ava-

411 3744 598 3783 rnrum
646 3730 952 3800 chagauum
1013 3731 1273 3796 rebellat,
1324 3733 1687 3804 populumque
1737 3750 1978 3803 omnem,

409 3836 570 3888 quem
607 3821 674 3875 ab
713 3820 832 3889 ipso
860 3829 1167 3890 acceperat,
1199 3823 1590 3878 contumeliose
1622 3823 1862 3878 habitum
1889 3840 1983 3892 pa-

412 3913 530 3968 triis
553 3913 770 3968 sedibus
803 3912 1046 3980 expellit.
1093 3911 1224 3968 lude
1256 3913 1526 3984 legatione
1571 3915 1638 3968 ad
1673 3914 1979 3969 lleraclium

411 4007 574 4060 missa
623 4020 808 4075 pacem
855 4021 977 4059 cum
1018 4020 1083 4060 eo
1120 4007 1435 4075 componit,
1478 4021 1640 4075 quam
1693 4009 1760 4060 ad
1819 4005 1980 4061 linem

410 4112 579 4168 usque
606 4097 730 4151 vitae
757 4113 866 4151 suae
897 4106 1311 4153 conservaruut.
1365 4097 1498 4152 Nam
1537 4108 1592 4152 et
1637 4113 1859 4152 munera
1914 4099 1982 4151 ad

410 4192 584 4258 ipsum
617 4188 899 4245 Heraclius
925 4189 1146 4244 misitet
1175 4189 1514 4258 patriciatum
1556 4190 1766 4245 detulit.

479 4282 592 4352 28
623 4279 840 4335 interim
867 4297 992 4334 vero
1024 4283 1148 4333 dum
1180 4281 1425 4334 adlmcin
1460 4280 1682 4334 Oriente
1709 4291 1979 4345 versatur,

408 4369 673 4426 Joannem
701 4370 975 4426 Barcaena:
1010 4373 1200 4424 ducem
1227 4371 1398 4438 eligit,
1427 4381 1482 4424 et
1515 4371 1778 4425 adversus
1817 4372 1983 4425 Sara-

2081 3189 2275 3260 δώροις
2301 3188 2488 3258 ἡσθεὶς
2523 3188 2552 3239 ὁ
2585 3186 2824 3256 Ἀϐαρος
2854 3184 3110 3254 ἠρέθισεν
3164 3177 3520 3234 Ἀντωνιανὸν
3557 3177 3655 3245 μά-

2081 3283 2337 3344 γιστρον,’
2383 3273 2459 3337 ὡς
2487 3275 2582 3327 καὶ
2633 3273 2798 3335 αὐτὸς
2839 3271 3062 3340 πέμψας
3113 3267 3261 3339 δῶρα
3314 3265 3654 3334 ἀπολήψεται

2081 3365 2176 3418 καὶ
2208 3364 2334 3426 τοὺς
2369 3362 2566 3425 ἄλλους
2617 3360 2826 3431 οὕσπερ
2881 3361 3131 3426 κατεῖχεν
3169 3355 3436 3427 ὁμήρους.
3458 3349 3652 3420 Καὶ-δὴ

2081 3455 2178 3510 καὶ
2203 3456 2420 3522 ἐγένετο
2442 3452 2635 3516 οὕτως.

2167 3543 2303 3596 Ύπδ
2331 3543 2387 3596 δὲ
2411 3543 2502 3596 τὸν
2547 3541 2707 3595 αὐτὸν
2763 3539 2952 3610 καιρδν
2985 3537 3258 3603 ἐπανέστη
3288 3531 3607 3602 Κούϐρατος
3626 3529 3654 3580 6

2081 3633 2302 3704 ἀνεψιὸς
2351 3634 2593 3702 Ὀργανᾶ
2641 3631 2670 3682 6
2715 3631 2827 3683 τῶν
2853 3624 3364 3694 Ούννογουνδούρων
3397 3621 3509 3693 (70)
3555 3619 3652 3672 κύ-

2087 3743 2198 3797 ριος
2228 3724 2306 3795 τῷ
2331 3725 2439 3778 τῶν
2470 3723 2715 3792 ’Δϐἁρων
2733 3720 2974 3790 χαγὰνῳ,
3005 3719 3097 3771 καὶ
3116 3717 3174 3770 ὃν
3197 3712 3310 3784 εῐχε
3334 3713 3464 3782 παρ’
3487 3707 3652 3764 αύτοῦ

2081 3817 2207 3871 λαὸν
2235 3815 2594 3886 περιυϐρίσας
2621 3812 2870 3879 ἐξεδίωξε
2901 3811 3000 3881 τῆς
3040 3809 3248 3871 οἰκείας
3269 3807 3391 3875 γῆς.
3425 3807 3654 3873 Διαπρεο

2085 3907 2340 3962 σϐεύεται
2385 3907 2444 3959 δὲ
2483 3905 2619 3976 πρὸς
2665 3903 2986 3975 Ἡράκλειον
3038 3903 3133 3954 καὶ
3167 3897 3454 3952 σπένδεται
3506 3897 3650 3964 είρήα

2083 4018 2181 4070 νην
2225 3999 2343 4070 μετ’
2381 3998 2572 4064 αὑτοῦ,
2601 4000 2780 4069 ἤνπερ
2834 3995 3104 4064 ἐφύλαξαν
3134 3993 3296 4064 μέχρι
3329 3989 3519 4050 τέλους
3556 3985 3654 4055 τῆς

2083 4091 2294 4146 ἑαυτῶν
2347 4089 2491 4159 ζωῆς
2519 4105 2534 4121 ·
2564 4089 2714 4161 δῶρά
2742 4105 2800 4142 τε
2832 4088 2941 4159 γὰρ
2994 4084 3145 4155 αύτῷ
3185 4081 3401 4152 ἔπεμψε
3459 4077 3556 4149 καὶ
3587 4079 3656 4145 τῇ

2081 4184 2177 4239 τοῦ
2201 4183 2491 4253 πατρικίου
2529 4182 2656 4252 ἀξία
2685 4181 2965 4251 ἐτίμησεν.

2167 4278 2253 4329 Ἐν
2289 4267 2334 4341 ᾧ
2378 4276 2434 4327 δὲ
2490 4276 2548 4328 ἐν
2601 4276 2712 4338 τοῖς
2750 4273 3091 4336 ἁνατολικοίς
3148 4271 3339 4342 μέρεσι
3385 4263 3657 4336 διέτριϐεν

2095 4371 2437 4440 Ἡράκλειος,
2505 4368 2759 4437 Ἰωάννην
2799 4367 2890 4420 τὸν
2941 4365 3253 4435 Βαρκαίνης
3293 4360 3408 4431 (7|)
3465 4373 3655 4428 στρατ-

1689 4545 1920 4601 VARUE
1963 4546 2258 4602 LECTIO‘N
2267 4548 2370 4601 ES.

483 4710 528 4742 "
564 4710 662 4772 ὡς.
691 4707 862 4772 τέωςῖ
932 4710 978 4743 ’°
1013 4708 1189 4779 μετάῖ
1251 4695 1307 4740 ’⁹¹
1343 4711 1370 4762 6
1401 4708 1551 4772 ἐντὸς
1585 4709 1713 4762 καίῗ
1785 4711 1830 4741 ⁹⁹
1854 4726 1933 4762 τε.
1970 4727 2029 4762 τε
2060 4710 2190 4763 καίῖ
2267 4710 2313 4741 ³³
2333 4709 2639 4779 ὲπὴγοντοῖ

1293 4836 1328 4852 “
1522 4835 1530 4842 ”
1776 4839 2051 4895 ΡΕΤᾹἭΙ
2080 4839 2314 4894 ΝΟΓᾹΞ..

413 4994 496 5038 est
520 4982 726 5036 Baanes
761 4991 817 5035 et
845 4979 1161 5035 Theodorus
1203 4979 1540 5042 sacellarius,
1568 4993 1598 5032 a
1636 4993 1742 5048 quo
1769 4976 1976 5030 Arabes
2009 4981 2054 5036 D
2083 4987 2302 5033 vocatos
2339 4977 2506 5048 fuisse
2531 4975 2809 5048 Bulgaros.

417 5056 616 5108 Edessa
665 5053 982 5107 Damascum
1027 5066 1197 5119 usque
1251 5049 1440 5120 fugati.
1507 5049 1870 5118 Theophanes
1924 5056 1980 5098 et

411 5126 710 5180 Cedrenns.
1734 5133 1736 5136 '

2167 5049 2279 5118 (7|)
2333 5047 2620 5118 Ἰωάνην
2656 5047 2764 5118 τὸν
2805 5046 3163 5114 Βαρκαίης.
3206 5045 3569 5118 Theophanes
3600 5057 3660 5096 ac
3717 5085 3722 5096 .

2096 5115 2374 5172 Ccdrcuus
2425 5136 2478 5172 a.
2523 5115 2590 5169 27
2653 5117 2876 5169 missum
2939 5126 3164 5170 narrant
3227 5117 3292 5172 ab
3339 5115 3662 5182 imperatore

485 5197 599 5264 (69)
629 5194 731 5248 Ἐκ
753 5192 970 5264 τρύτου
993 5191 1374 5264 παριὶτγειλε.
1401 5187 1634 5264 Heraclii
1669 5185 1981 5264 git-iisdem

2094 5187 2360 5264 {ormnem
2390 5191 2577 5264 ducem
2609 5195 2966 5264 cognomento
2993 5185 3249 5264 Kartzam
3268 5183 3662 5264 t("_l‘heop_hanes

415 5258 750 5327 auctoribus,
778 5262 988 5316 Baanes
1031 5278 1093 5315 ac
1128 5262 1446 5314 Theodorus
1486 5259 1721 5312 Hcraclii
1758 5258 1924 5327 duces
1950 5270 1978 5308 a

2101 5256 2392 5326 Καταίας),
2437 5253 2699 5312 Usroeme
2751 5256 3112 5326 praefectum,
3145 5257 3233 5324 qui
3262 5253 3658 5326 Chalcedonem

418 5335 708 5391 Saracenis
738 5322 1049 5394 vincuntur,
1074 5331 1144 5384 25
1180 5329 1304 5382 Julii
1328 5329 1458 5383 feria
1495 5331 1548 5386 5.
1582 5330 1633 5380 in
1660 5324 1990 5396 Theophane
2099 5331 2224 5396 (leg.
2252 5322 2564 5393 Chalcidem
2593 5342 2654 5378 ex
2705 5322 2964 5395 Miseella)
2994 5325 3062 5378 ad
3092 5322 3285 5380 Jallum
3348 5324 3535 5396 Omari
3561 5322 3659 5396 du-

416 5416 628 5461 nostro.
662 5405 770 5465 Sed
817 5402 1042 5471 Augusti
1089 5416 1185 5470 pro
1208 5399 1452 5473 flabile):
1499 5399 1739 5473 Miscella
1786 5394 1989 5473 riseri-

418 5463 674 5530 bendum.
709 5463 932 5525 Accittit'
973 5463 1260 5542 hoc'a.__().
1293 5463 1592 5542 636,4‘-yclo
1625 5463 1882 5542 solis‘g7,
1909 5464 1987 5515 lit.

416 5545 572 5597 Dom.
605 5545 664 5596 Β.
712 5542 820 5595 Sed
868 5541 1104 5594 nondum
1161 5539 1394 5592 Ilerarlii
1443 5534 1494 5594 al
1525 5534 1834 5597 inierat25,
1866 5549 1986 5586 cum

419 5615 596 5664 adhuc
621 5612 693 5664 25
729 5611 1044 5664 decurreret
1067 5624 1191 5662 eum
1223 5609 1409 5663 indict.
1441 5612 1493 5664 7.

495 5681 606 5747 (70)
635 5678 1382 5753 Tdir‘OorrproqytSodpror.
1404 5677 1800 5753 _Coustan}iu_us
1851 5673 1986 5753 Purf

423 5750 720 5818 phyrogen.
760 5749 796 5800 l.
846 5762 882 5800 ιι
941 5747 1014 5798 De
1073 5746 1326 5819 Thamar.
1353 5748 1869 5816 υύννογουνδούρονς
1907 5746 1986 5796 ait

2097 5393 2214 5451 cem
2251 5397 2520 5471 profectus
2550 5405 2764 5450 centum
2801 5393 2962 5471 millia
2998 5410 3342 5471 nmnmorum
3383 5393 3657 5471 pollicitus

2100 5478 2204 5534 ρει,
2240 5464 2308 5522 ne
2368 5467 2694 5534 Euphratem
2753 5467 3036 5519 transiret.
3085 5464 3238 5528 Quod
3301 5467 3430 5530 quia
3494 5464 3656 5514 inscio

2101 5538 2427 5606 imperatore
2479 5534 2700 5597 fecerat,
2729 5539 3018 5606 relegatus
3047 5545 3149 5596 est,
3175 5534 3332 5606 eique
3379 5542 3659 5606 successor

2096 5599 2255 5662 datus
2301 5618 2382 5661 est
2433 5606 2775 5671 Ptolemzeus,
2823 5599 2912 5658 sed
2955 5604 3117 5657 alium
3162 5599 3259 5658 :th
3294 5603 3399 5656 hoc
3453 5599 3654 5652 Joanne

2093 5688 2309 5748 Oportet
2337 5677 2486 5732 illum
2512 5691 2631 5732 esse
2666 5679 2730 5731 de
2761 5691 2864 5745 quo
2899 5671 3233 5744 Nicephorus
3253 5673 3353 5727 hoc
3382 5673 3522 5726 loco.
