3882 6162
265 400 366 467 917

1214 411 1312 471 DE
1351 414 1601 476 REBUS
1641 418 1824 478 POST
1861 421 2306 482 MAURICIUM
2343 422 2627 481 GESTIS.

3408 413 3509 473 MS

267 515 396 609 ηγδν
418 518 825 609 προχειρίζεται
856 523 950 576 καὶ
973 524 1184 595 πέμπει
1204 529 1341 581 κατά
1370 529 1709 602 Σαρακηνῶν
1733 534 1827 586 τῶι

1946 553 2109 592 cenos
2139 539 2228 607 qui
2259 536 2551 609 Egyptum
2595 533 2933 602 occupabant
2966 531 3149 587 nrittit.
3179 528 3510 596 Quibuscum

267 609 324 659 ἐν
347 606 640 680 Αἰγύπτῳ·
674 606 755 675 οἷς
796 613 1087 683 συμϐαλὼν
1124 617 1316 671 πίπτει
1367 623 1462 674 καὶ
1495 623 1677 686 αὐτὸς.
1707 625 1830 678 Ἔτι

267 700 323 752 δέ
347 701 589 772 Μαρῖνος
615 702 644 754 ὁ
666 702 776 756 τῶν
830 705 1123 776 Θρᾳκικῶν
1165 709 1666 782 ἐκστρατευμάτων
1697 717 1827 786 ἡγεο

272 790 384 860 μὼν
414 792 694 863 συμμίξας
753 795 941 860 αὐτοῖς
987 799 1215 870 ἡττήθη,
1284 801 1452 856 πολὺν
1479 804 1536 856 δέ
1597 808 1827 876 στρατὸν

271 881 561 938 ἀποϐαλὼν
584 884 680 938 καὶ
703 885 868 948 αὐτὸς
887 887 1041 957 μόλις
1059 889 1408 955 ἀποσώζεται
1435 894 1506 949 ⁵⁵.
1525 895 1662 948 Μετ’
1691 898 1832 948 ἐκεῖ.

269 990 358 1027 νον
384 974 750 1043 προϐάλλεται
792 981 1100 1050 στρατηγὸν
1145 982 1424 1052 Μαριανὸν
1471 985 1831 1039 κουϐικουλά-

274 1081 382 1136 ριον
411 1068 565 1137 παρὰ
603 1067 892 1140 Ῥωμαίων
928 1072 1028 1142 τὴν
1055 1071 1232 1140 ἀξίαν,
1265 1075 1356 1127 καὶ
1390 1074 1599 1145 πέμπει
1628 1079 1827 1145 ἐκεῖσε,

270 1160 643 1230 παραγγείλας
679 1161 753 1226 ὡς
800 1164 1213 1219 ἀνακοινοῦσθαι
1262 1167 1431 1238 Κύρῳ
1457 1168 1533 1239 τῷ
1583 1171 1830 1237 Ἀλεξάν-

267 1249 444 1320 δρείας
471 1253 719 1322 ίεράρχῃ,
780 1254 876 1308 καὶ
916 1255 991 1319 ώς
1038 1255 1105 1310 ἂν
1154 1261 1304 1328 κοινῇ
1361 1259 1736 1329 βουλεύσοιντο
1761 1262 1829 1316 τὰ

271 1339 400 1411 πρὸς
436 1343 562 1405 τοὺς
596 1344 950 1415 Σαρακηνοὺς
975 1347 1262 1401 διάθοιντο.
1298 1350 1478 1420 Κῦρος
1504 1352 1558 1404 δὲ
1574 1347 1641 1422 ἦν
1675 1352 1829 1424 δεδη-

266 1426 454 1492 λωκὼς
474 1429 685 1499 βασιλεῖ
712 1433 1035 1488 σπείσεσθαι
1077 1436 1170 1488 ἐπὶ
1221 1437 1551 1508 τελέσμασιν
1593 1440 1827 1512 Ἀμϐρῳ

269 1517 342 1588 τῷ
361 1519 468 1571 τῶν
500 1519 842 1592 Σαρακηνῶν
879 1524 1159 1594 φυλάρχῳ,
1187 1525 1215 1577 ὅ
1249 1526 1312 1598 δὴ
1343 1529 1436 1580 καὶ
1461 1528 1728 1600 ὑπάρχειν
1759 1531 1825 1584 δι’

270 1607 560 1676 ἐμπολαίου
592 1613 948 1683 συνεισφορᾶς
977 1614 1266 1684 ἐσήμαινε,
1292 1616 1360 1669 τὰ
1411 1617 1468 1669 δὲ
1493 1617 1572 1687 τῷ
1620 1620 1828 1688 βασιλεῖ

271 1699 614 1767 παρεχόμενα
662 1699 979 1755 ἀδιάπτωτα
1028 1704 1244 1771 μένειν·
1279 1709 1721 1779 κατεγγυηθῆναι
1769 1712 1826 1764 δὲ

271 1787 413 1857 αὐτῷ
440 1787 705 1842 Εύδοκίαν
729 1790 827 1861 τὴν
863 1791 1186 1860 Αὐγοῦσταν
1214 1795 1246 1864 ἢ
1295 1797 1424 1864 μίαν
1452 1799 1558 1850 τῶν
1592 1799 1824 1868 θυγατέ-

1937 629 2230 683 commisso
2282 628 2468 698 praelia
2536 626 2797 688 creditur,
2854 638 3066 692 unaque
3136 632 3191 674 ct
3271 620 3512 674 Marinus

1939 716 2191 772 Thracia:
2230 718 2566 773 exercitibus
2595 714 2885 786 prazfectus
2915 728 2944 765 a
2976 711 3229 765 Barbaris
3252 709 3509 771 vincitur.
3549 710 3553 716 ’

1939 819 1994 862 et
2021 807 2203 863 multis
2242 823 2463 862 suorum
2496 806 2714 861 amissis
2759 819 2901 874 aegre
2959 803 3073 872 ipse
3119 808 3364 856 servatus
3403 810 3508 855 est.

1934 897 2065 953 Post
2103 899 2251 952 illum
2283 897 2557 953 Marianus
2587 894 2956 951 cubicularius
2987 892 3094 947 dux
3122 890 3364 957 eligitur,
3387 904 3510 944 euut

1937 993 2209 1048 mandatis
2262 1002 2324 1047 ut
2374 991 2776 1048 communicato
2828 1004 2950 1044 cum
3005 986 3150 1058 Cyro
3201 982 3513 1055 patriarcha
3594 985 3596 987 ’

1934 1084 2160 1140 consilio
2185 1085 2345 1148 ambo
2375 1085 2518 1139 inter
2544 1098 2604 1138 se
2633 1083 2700 1137 de
2734 1079 3060 1136 Saracenico
3079 1078 3220 1132 bello
3243 1075 3514 1131 delibera-

1933 1183 2080 1230 rent.
2133 1173 2348 1229 Etenim
2385 1175 2559 1245 Cyrus
2589 1171 2902 1242 imperatori
2944 1169 3348 1240 signiﬁcaverat
3387 1181 3497 1220 cutr

1932 1266 2134 1323 Omaro
2187 1267 2584 1323 Saracenorum
2617 1264 2898 1339 principe,
2950 1264 3268 1332 interposita
3322 1259 3486 1313 tribut

1935 1361 2204 1428 pactione.
2242 1358 2523 1414 conveniri
2571 1372 2746 1426 posse,
2783 1357 2926 1425 quod
2968 1355 3143 1422 ipsum
3180 1350 3323 1404 nullo
3349 1361 3487 1403 cano

1931 1452 2016 1504 nis
2068 1451 2395 1504 detrimento
2436 1450 2707 1503 mercibus
2738 1449 3092 1502 indiceretur.
3140 1445 3218 1496 Ad
3261 1443 3374 1496 [nec
3424 1440 3512 1493 de-

1930 1541 2184 1610 sponderi
2223 1542 2458 1594 barbaro
2497 1539 2789 1594 Eudociam
2813 1538 3108 1607 Augustam
3132 1543 3404 1602 oportere,
3425 1541 3514 1584 aut

1932 1632 2280 1701 imperatoris
2334 1632 2569 1686 filiarum
2616 1631 2776 1684 aliam
2813 1628 3147 1699 quampiam.
3206 1623 3321 1679 Hoc
3369 1624 3510 1678 enim

1932 1722 2091 1776 modo
2115 1721 2184 1776 ad
2222 1723 2462 1776 divinum
2501 1723 2778 1776 lavacrum
2821 1734 3170 1775 accessurum
3208 1716 3508 1780 hominem,

1931 1818 1987 1863 et.
2033 1808 2402 1864 Christianum
2432 1809 2576 1864 haud
2613 1809 2776 1864 dubie
2815 1807 3082 1890 futurum.
3128 1807 3271 1876 Cyro
3313 1805 3522 1874 quippe

271 1891 377 1944 ρων
395 1873 489 1928 τοῦ
541 1874 807 1946 βασιλέως
835 1878 912 1942 ώς
942 1880 1194 1934 ἐντεῦθεν
1227 1885 1321 1937 καὶ
1351 1885 1428 1955 τῷ
1457 1885 1587 1957 θείῳ
1616 1888 1827 1961 λουτρῷ

1939 1895 2165 1953 Omarus
2195 1898 2418 1968 ejusque
2447 1898 2718 1953 exercitus
2747 1897 2869 1952 ﬁdei
2899 1873 3188 1966 plurimum
3215 1873 3509 1954 habebant,

269 1967 603 2038 βαπτισθησο
610 1969 755 2040 μένῳ
771 1974 863 2024 καὶ
875 1972 916 2024 Χ
927 1989 1046 2040 ριστ
1055 1973 1186 2046 ιανῷ
1208 1993 1315 2047 χρη
1325 1979 1452 2047 ματί
1461 1996 1624 2033 σοντι.
1652 1982 1706 2033 Ἐ
1713 1983 1802 2035 πεί
1808 2012 1833 2024 -

270 2058 388 2112 θετο
412 2059 520 2130 γὰρ
555 2061 800 2133 Ἀμϐρος
830 2063 909 2132 τῷ
936 2064 1104 2136 Κύρῳ
1143 2068 1238 2120 καὶ
1267 2071 1294 2120 ὁ
1334 2069 1523 2123 τούτου
1558 2074 1786 2142 στρατός
1813 2091 1826 2106 ο

270 2151 359 2204 καὶ
377 2152 488 2222 γὰρ
510 2153 740 2222 ⁴ἠγάπων
763 2155 925 2208 αὑτὸν
963 2156 1104 2212 λίαν.
1137 2160 1247 2212 Καὶ
1267 2159 1471 2215 τούτων
1506 2163 1829 2234 Ἡράκλειος

267 2243 474 2307 οὐδενὸς
519 2244 785 2315 ἠνείχετο.
818 2264 822 2269 ·
849 2248 1068 2319 Ἐπειδὴ
1101 2249 1158 2302 δὲ
1195 2253 1304 2321 καὶἸ
1341 2253 1633 2324 Μαριανὸς
1656 2255 1830 2309 ταῦτα

1937 2004 2096 2058 quem
2128 1997 2182 2043 et
2213 1989 2458 2059 impense
2485 1989 2761 2043 amabant.
2802 1987 2910 2043 Sed
2951 1987 3066 2042 haec
3115 1983 3367 2038 Heraclio
3407 1982 3510 2035 mi-

1939 2079 2086 2132 nime
2141 2079 2481 2148 placuerunt.
2537 2078 2670 2146 Quae
2703 2071 3011 2133 ubiomnia
3046 2075 3327 2130 Marianos
3361 2087 3509 2128 cout-

1940 2169 2114 2236 perit,
2149 2183 2179 2221 a
2226 2167 2368 2238 Cyro
2406 2168 2734 2225 dissentiens
2767 2176 2964 2222 etcum
3001 2163 3292 2220 Saracenis
3321 2159 3512 2216 conﬂi-

1939 2273 2072 2325 gens
2105 2272 2227 2312 cum
2259 2259 2466 2328 ingenti
2493 2273 2723 2313 numero
2753 2258 2982 2312 militum
3017 2255 3290 2311 occubuit.

269 2332 610 2403 ἐξηπίστατο,
667 2335 911 2390 διίστατο
936 2339 1037 2402 τῆς
1087 2340 1180 2392 τοῦ
1223 2341 1410 2414 Κύρου
1487 2343 1733 2416 γνώμης,
1772 2347 1866 2401 καὶ
1937 2347 2231 2419 συμϐαλὼν
2279 2350 2621 2420 Σαρακηνοῖς
2678 2348 2872 2402 πίπτει
2920 2364 2980 2399 τε
3045 2345 3210 2408 αὐτὸς
3257 2344 3352 2398 καὶ
3413 2345 3510 2400 σὺν

267 2425 412 2497 αὐτῷ
441 2427 670 2498 στρατὸς
702 2431 904 2494 ἱκανός.
1055 2439 1058 2443 ’

331 2521 516 2592 Τούτῳ
567 2523 647 2594 τῷ
681 2525 856 2596 χρόνῳ
886 2527 1143 2596 ἀνέζευξε
1181 2531 1318 2600 πρὸς
1361 2533 1428 2587 τὰ
1451 2535 1626 2588 οίκεῖα
1667 2535 1827 2606 Ἦρά-

2015 2537 2127 2593 Sub
2159 2539 2273 2593 luce
2303 2539 2583 2595 ileraclius
2611 2539 2676 2594 ad
2703 2539 2888 2593 urbem
2921 2553 3175 2594 reversus
3207 2537 3259 2590 in
3284 2535 3507 2605 palatio,

269 2611 464 2676 κλειος,
494 2615 588 2667 καὶ
620 2615 872 2684 ηὐλίζετο
921 2621 980 2671 ἐν
1010 2619 1086 2691 τῷ
1117 2621 1366 2692 παλατίῳ
1398 2623 1476 2693 τῷ
1509 2625 1827 2698 καλουμένῳ

1940 2630 2083 2698 quod
2112 2629 2309 2684 llierite
2332 2631 2552 2695 dicitur,
2589 2631 2790 2685 mansit
2828 2647 2842 2682 :
2871 2642 3050 2698 neque
3098 2627 3242 2682 enim
3277 2613 3411 2679 mari
3449 2641 3510 2678 se

264 2703 362 2773 τῆς
425 2704 783 2779 Ὶερίας(72)·
825 2709 1026 2786 ἐδεδίει.
1087 2714 1196 2782 γάρ
1253 2714 1510 2784 ἐπιϐῆναι
1561 2717 1827 2790 θαλάσσῃ,

1939 2723 2278 2776 committere
2309 2721 2558 2776 audebat.
2595 2721 2840 2790 Cumque
2863 2729 2918 2774 et
2948 2720 3297 2787 magistratus
3322 2717 3510 2796 etpri-

267 2796 436 2851 πολλά
470 2814 530 2850 τε
557 2799 834 2866 ἀξιοῦντες
865 2803 920 2855 οῖ
939 2819 998 2856 τε
1016 2803 1274 2874 ἄρχοντες
1292 2807 1384 2858 καὶ
1415 2809 1465 2859 oi
1487 2809 1588 2878 τῆς
1620 2809 1827 2875 πόλεως

1941 2828 2121 2868 mores
2144 2813 2342 2866 civium
2395 2813 2664 2868 instarent
2711 2820 2769 2865 ut
2799 2811 2852 2865 in
2886 2813 3072 2866 urbem
3111 2811 3507 2879 ingrederetur,

266 2887 324 2940 ἐν
352 2889 416 2958 τῇ
445 2889 598 2942 πόλει
637 2890 903 2947 εἰσελθεῖν
935 2894 1151 2949 ἔπειθον
1177 2897 1450 2967 οὐδαμῶς.
1485 2899 1574 2952 Ἐν
1608 2900 1666 2953 δὲ
1707 2904 1827 2964 ταῖς

1939 2899 2268 2969 persuadere
2315 2898 2428 2970 29
2477 2914 2584 2954 non
2621 2886 2933 2970 potuerunt.
2965 2900 3044 2954 Ac
3063 2913 3162 2968 per
3195 2898 3363 2954 festos
3393 2897 3510 2952 dies

263 2977 477 3048 ἑορταῖς
520 2979 714 3048 μόνους
750 2982 878 3046 τοὺς
908 2985 1056 3048 υἱοὺς
1109 2983 1389 3056 ἐξέπεμπε
1415 2987 1484 3052 ⁸⁵,
1527 2988 1622 3041 καὶ
1677 2989 1827 3042 αὐτοὶ

1939 2990 2077 3046 ﬁlios
2107 2991 2368 3046 duntaxat
2417 2990 2685 3055 mittebat,
2729 2989 2822 3060 qui
2869 2991 3042 3046 sacris
3088 2990 3142 3043 in
3191 2987 3390 3059 templo
3443 3003 3512 3042 ex

262 3068 638 3134 ἐπιτελοῦντες
667 3073 726 3124 ἐν
754 3071 831 3142 τῷ
863 3072 996 3143 ίερῷ
1018 3074 1116 3145 τὴν
1137 3075 1288 3130 θείαν
1304 3075 1648 3150 λειτουργίαν
1670 3079 1827 3144 εὐθὺς

1939 3094 2087 3135 more
2131 3080 2388 3150 perfectis
2435 3081 2616 3134 statim
2662 3080 2732 3134 ad
2770 3080 2944 3147 ipsum
2991 3077 3369 3144 revertebant;
3425 3077 3514 3130 iti-

265 3162 401 3233 πρὸς
432 3163 599 3218 αὑτὸν
626 3163 873 3236 ἐξῄεσαν.
936 3165 1214 3232 Ὡσαύτως
1260 3169 1355 3223 καὶ
1404 3170 1530 3234 τοὺς
1575 3173 1827 3237 ἱππικοὺς

1939 3172 2169 3241 demque
2215 3181 2505 3240 postquam
2555 3169 2908 3226 Circensibus
2969 3169 3294 3238 spectaculis
3342 3171 3512 3223 inten-

260 3251 479 3321 ἀγῶνας
525 3256 690 3326 ⁴ἡνίκα
743 3256 996 3324 ἐθεῶντο,
1055 3260 1218 3313 πάλιν
1286 3261 1424 3331 πρὸς
1475 3262 1568 3316 τὸν
1619 3263 1827 3333 πατέρα

1939 3249 2174 3328 fuerant,
2219 3264 2405 3319 statim
2451 3263 2518 3315 ad
2570 3270 2850 3332 parentem
2883 3261 3152 3315 redibant.
3193 3261 3359 3328 igitur
3385 3275 3508 3314 cntn

260 3344 604 3415 ἀπεχώρουν.
644 3347 733 3402 Ἐν
759 3341 804 3417 ᾧ
847 3350 905 3403 δέ
950 3351 1218 3421 διέτριϐεν
1268 3353 1474 3416 ἐκεῖσε,
1506 3353 1836 3423 ἀγγέλλεται

261 3437 407 3507 αὐτῷ
438 3437 513 3500 ώς
539 3438 569 3490 ὀ
613 3439 728 3502 υἱὸς
779 3439 946 3493 αὑτοῦ
1003 3440 1360 3511 ’Δταλάριχος
1423 3443 1518 3496 καὶ
1560 3444 1840 3516 Θεόδωρος

259 3520 292 3581 ὁ
345 3528 440 3599 τὴν
488 3528 642 3592 ἀξίαν
694 3530 1016 3601 μάγιστρος,
1055 3531 1336 3603 Θεοδώρου
1370 3533 1426 3585 δὲ
1451 3534 1545 3586 τοῦ
1573 3535 1841 3605 βασιλέως

259 3619 492 3689 ἀδελφοῦ
545 3620 680 3686 υίὸς,
724 3621 820 3674 σὺν
850 3621 1030 3686 ἄλλοις
1071 3626 1214 3677 τισὶν
1263 3624 1636 3680 ἐπιϐουλεύειν
1689 3627 1838 3697 αὑτῷ

258 3709 490 3782 ἤμελλον
518 3725 534 3741 °
614 3714 708 3766 καὶ
780 3714 894 3776 τοῖς
927 3713 1237 3784 ,μηνύσασι
1290 3715 1538 3780 πεισθεὶς
1622 3718 1830 3774 τούτων

258 3803 359 3865 τὰς
407 3804 561 3870 ῥῖνας
602 3804 822 3868 καὶτὰς
855 3807 1042 3875 χεῖρας
1069 3803 1315 3875 ἐξέτεμε,
1377 3806 1472 3860 καὶ
1537 3808 1830 3879 Ἀταλάρι-

256 3909 354 3961 χον
424 3892 523 3963 μὲν
577 3897 659 3958 είς
718 3895 816 3966 τὴν
871 3897 1033 3965 νῆσον
1081 3896 1180 3966 τὴν
1228 3897 1530 3969 λεγομένην
1589 3899 1824 3970 Πρίγκι-

258 3989 363 4034 πον
393 3982 504 4054 (75)
563 3984 841 4054 ἐξόριστον
901 3984 1201 4055 ἐξέπεμψε,
1249 3986 1524 4064 Θεόδωρον
1571 3987 1628 4040 δέ
1689 3989 1828 4059 πρὸς

254 4072 357 4143 τὴν
388 4074 550 4145 νῆσον
595 4076 696 4146 τὴν
717 4077 764 4110 ⁸⁸
793 4076 1199 4149 Γαυδομελέτην
1247 4080 1824 4152 προσαγορευομένην,

1939 3355 2050 3410 illic
2122 3354 2481 3418 consisteret,
2537 3353 2842 3408 nuntiatum
2885 3352 2934 3406 ei
2991 3361 3077 3406 est
3134 3341 3514 3406 Afalaricbum

1938 3445 2105 3499 ﬁlium
2139 3455 2195 3500 et
2232 3443 2574 3499 Theodorum
2616 3445 2965 3514 magistrum,
2994 3441 3267 3498 Theodori
3324 3443 3511 3496 fratris

1938 3536 2132 3603 ﬁlium,
2155 3551 2278 3590 cum
2319 3535 2440 3590 aliis
2475 3535 2799 3603 quibusdam
2827 3544 3016 3590 contra
3064 3546 3124 3589 se
3168 3534 3505 3605 conjurasse.

1937 3627 2177 3695 Quarum
2217 3643 2397 3683 rerum
2429 3627 2699 3682 indicibus
2722 3626 2953 3682 credens
2982 3640 3142 3680 nares
3173 3625 3278 3680 illis
3311 3635 3366 3679 et
3394 3641 3510 3679 ina-

1941 3704 2334 3784 nus'praecidlt;
2357 3715 2706 3770 Atalaricbus
2741 3716 2792 3768 in
2825 3715 3056 3769 insulam
3092 3713 3311 3767 nomine
3355 3710 3510 3765 Prin-

1940 3805 2116 3873 cipum
2147 3805 2480 3874 deportatur,
2513 3803 2832 3859 Theodorus
2861 3819 2989 3857 vero
3022 3803 3073 3856 in
3107 3803 3336 3858 insulam
3372 3801 3513 3856 Gau-

1939 3895 2262 3950 donteleten.
2289 3896 2454 3964 Cujus
2484 3895 2674 3948 insula:
2702 3892 2826 3947 duci
2852 3895 3072 3947 mandat
3093 3903 3171 3958 ut,
3202 3909 3324 3947 cum
3362 3893 3428 3946 ad
3451 3909 3511 3947 su

1937 3989 2291 4056 pervenisset,
2323 4002 2486 4040 unum
2514 3987 2562 4040 ei
2591 4002 2657 4040 ex
2692 3985 2920 4055 pedibus
2947 3995 3272 4053 amputaret.
3309 3983 3506 4038 Eadem

1936 4087 1988 4132 et
2012 4079 2064 4132 in
2100 4093 2288 4133 omnes
2319 4077 2576 4133 facinoris
2620 4076 2865 4130 conscios
2902 4090 3059 4145 pinna
3095 4073 3433 4130 decernitur.

255 4166 562 4237 ἐπιτρέψας
615 4167 692 4238 τῷ
745 4170 922 4222 ἐκεῖσε
978 4171 1149 4234 δουκὶ,
1217 4171 1380 4240 ἡνίκα
1452 4174 1589 4243 πρὸς
1646 4173 1810 4226 αὐτὸν
1875 4169 2192 4235 καταλάϐοι,
2242 4171 2338 4224 καὶ
2385 4171 2478 4223 τὸν
2545 4168 2732 4238 ἕτερον
2772 4164 2886 4219 τῶν
2965 4165 3144 4218 ποδῶν
3187 4163 3505 4234 ἀφελέσθαι.

253 4259 417 4313 Κατά
450 4260 621 4314 ταῦτα
648 4262 705 4314 δέ
756 4263 849 4314 καὶ
878 4261 1004 4325 τοὺς
1034 4263 1363 4329 συγγνόντας
1393 4265 1576 4328 αὐτοῖς
1601 4263 1668 4317 τά
1707 4265 1807 4335 τῆς
1842 4262 2136 4332 ἐπιϐουλῆς
2167 4261 2569 4333 ἐτιμωρήσατο.

326 4355 538 4425 Χρόνου
587 4355 644 4408 δέ
711 4354 896 4408 ίκανοῦ
950 4355 1250 4420 διελθόντος
1311 4358 1827 4427 παρασκευάζουσιν

249 4446 304 4498 οἱ
330 4445 425 4500 τοῦ
459 4445 722 4515 βασιλέως
762 4445 1018 4516 ἄρχοντες
1067 4447 1162 4499 τὸν
1207 4446 1446 4518 ἔπαρχον
1474 4447 1550 4511 ώς
1589 4463 1828 4517 συναγα-

1989 4356 2213 4411 .Deinde
2259 4357 2418 4425 longo
2451 4365 2640 4425 postea
2689 4364 2932 4424 tempore
2980 4351 3273 4422 praefectus
3332 4351 3506 4404 urbis.

1936 4449 2348 4520 magistratuum
2377 4447 2613 4512 hortatu,
2649 4447 2833 4500 multis
2870 4448 2922 4500 in
2955 4461 3120 4498 unum
3163 4443 3372 4498 coactis
3415 4457 3510 4494 na-

249 4537 376 4601 γεῖν
428 4536 655 4588 πλεῖστα
707 4537 867 4614 πλοῖα
897 4540 991 4591 καὶ
1047 4539 1283 4609 ἐχόμενα
1331 4540 1587 4611 ἀλλήλοις
1628 4540 1827 4610 ἐξάψαι

1939 4541 2089 4592 vibus
2115 4548 2169 4593 et
2189 4538 2420 4592 invicem
2450 4538 2706 4608 alligatis,
2733 4529 3045 4606 freto‘qttod
3083 4535 3375 4606 Angustias
3403 4549 3502 4587 vo.-

246 4626 446 4699 ῶσπερ
475 4627 790 4699 γεφυρώσει
818 4631 861 4662 9'
922 4631 1014 4683 τὸν
1060 4631 1305 4702 πορθμὸν
1357 4632 1452 4685 τοῦ
1487 4632 1828 4702 καλουμένου

246 4718 476 4783 Στενοῦ,
513 4719 739 4782 κλώνοις
767 4721 813 4752 ⁸⁸
846 4739 906 4774 τε
957 4721 1192 4793 δένδρων
1216 4725 1313 4777 καὶ
1341 4724 1604 4794 φυλλάσιν
1631 4725 1830 4777 ἐκατέ-

248 4810 432 4881 ρωθεν
457 4811 830 4883 διατειχίζειν,
878 4814 952 4879 ὡς
991 4815 1125 4885 μηδέ
1174 4816 1405 4887 ὁρᾶσθαι
1446 4818 1697 4887 παριόντι
1732 4817 1828 4887 τὴν

1939 4640 2062 4685 cant
2111 4629 2259 4684 velut
2305 4638 2521 4697 pontem
2576 4629 2827 4698 injnugit,
2855 4645 2919 4684 ac
2970 4631 3136 4684 ramis
3162 4629 3416 4682 arborum
3453 4633 3509 4680 et

1941 4719 2092 4773 foliis
2127 4719 2382 4787 utrinque
2445 4718 2614 4771 latera
2672 4717 2989 4786 praetendit,
3041 4726 3098 4771 ut
3157 4715 3504 4786 prmtereunti

1941 4827 2202 4882 nusquam
2257 4825 2404 4865 mare
2434 4809 2862 4878 prospiceretur.
2897 4807 3050 4877 Quod
3082 4824 3218 4881 opus
3251 4823 3372 4862 cum
3413 4821 3508 4861 cc.-

1476 5046 1485 5058 ,
1550 4988 1782 5044 vanus
1819 4945 2223 5044 LECTIONES.

323 5124 371 5154 ”
396 5139 484 5191 rp.
508 5121 828 5186 διασώζεται
858 5136 1044 5192 margo
1074 5121 1132 5176 Ρ.
1209 5123 1255 5155 ’⁸
1281 5124 1622 5193 είσέπεμπεῖ
1696 5125 1741 5156 ⁹⁶
1765 5127 1827 5196 τὴ

1939 5095 2003 5180 in.
2033 5126 2088 5181 Ρ.
2165 5126 2208 5158 ³⁷
2230 5124 2373 5180 ὥστε
2408 5127 2786 5195 γεφυρῶσαιῗ·
2840 5127 2886 5160 "
2915 5125 3124 5189 κλόνοις
3158 5124 3218 5179 P.

1618 5237 1793 5291 PETA
1807 5238 1894 5292 VII
1929 5240 2167 5296 NOTAE.

322 5365 600 5439 (72)__Tﬁc
651 5367 882 5436 Ἶερίας.
916 5368 1049 5424 Vide
1079 5386 1204 5424 num
1250 5386 1314 5426 eo
1356 5374 1626 5439 pertineat
1660 5372 1819 5426 disti-

235 5438 393 5488 chon
427 5436 552 5489 illud
574 5455 638 5528 ex
664 5441 826 5493 Anth.
863 5440 1002 5503 l.~tv,
1032 5456 1082 5494 ο.
1117 5441 1167 5506 5,
1203 5441 1297 5504 Είς
1327 5436 1529 5496 εἴσοδον
1568 5441 1816 5512 Ίερείας.

362 5545 565 5623 Tutiam;
607 5549 984 5623 Ἰουστινιανὸς
1006 5551 1253 5620 ἀγακλέα
1276 5552 1501 5621 δείματο
1525 5552 1724 5623 χῶρον.

357 5617 554 5671 ἰ’δατι
583 5620 676 5672 καὶ
708 5622 835 5690 γαίῃ
865 5617 1064 5684 κάλλος
1090 5625 1282 5693 ἐπικρε
1295 5617 1494 5691 μάσας.

228 5707 443 5784 Neque
471 5711 612 5764 enim
646 5712 708 5765 ad
729 5712 897 5784 cedem
924 5712 983 5768 Β.
1017 5713 1254 5784 Virginis
1286 5717 1556 5784 pertinere
1584 5718 1815 5776 videtur,

234 5790 304 5834 ut
348 5781 614 5849 interpres
668 5783 881 5846 asserit,
909 5785 998 5837 sed
1030 5786 1094 5839 ad
1119 5781 1407 5856 "palatium
1449 5787 1808 5841 maritimum.

1931 5376 2178 5438 EltlStIr‘m
2243 5377 2424 5445 palatii
2468 5375 2707 5430 meminit
2769 5384 2823 5428 et
2877 5373 3234 5441 Theophanes
3260 5374 3312 5427 in
3353 5390 3404 5430 a.
3435 5377 3502 5432 1-2

1925 5447 2249 5516 (lnpronytni
2277 5485 2292 5510 ,
2346 5447 2433 5516 tibi
2494 5445 2919 5516 conciliabulum
2966 5446 3249 5516 adversus_
3283 5455 3500 5501 sanctus

1939 5514 2201 5575 imagines
2261 5517 2312 5568 in
2361 5515 2535 5568 llierm
2565 5515 2763 5582 palatio
2792 5514 3123 5567 celebratum
3167 5514 3350 5570 refert.
3393 5517 3500 5572 Sed

1933 5593 1987 5638 et
2021 5584 2357 5650 Nicephorius
2416 5595 2599 5638 noster
2633 5585 2685 5637 in
2725 5588 2828 5637 line
2857 5584 3112 5637 historiae.

2004 5656 2113 5776 $75)
2137 5653 2604 5735 Τὴνσλεγομένην
2618 5655 2963 5724 Πρίγκιπον.
2986 5652 3298 5724 Principum
3322 5657 3498 5714 insula

2035 5727 2336 5776 ’rouonttde
2367 5736 2467 5776 stta
2499 5737 2599 5776 est.

1930 5724 1978 5776 in
2010 5724 2336 5794 Propontide
2367 5726 2467 5778 sita
2499 5737 2599 5778 est.
