3928 6166
212 436 326 500 925

1170 433 1269 494 DE
1308 433 1559 506 REBUS
1596 433 1782 494 POST
1821 435 2266 498 MAURICIUM
2302 436 2588 500 GESTIS.

3351 442 3453 504 926

210 542 543 612 αἰσθόμενος
570 539 631 594 τὸ
665 540 1051 610 στρατιωτικὸν
1081 542 1222 594 κατὰ
1248 542 1529 612 Μαρτίνης
1562 543 1656 594 καὶ
1681 540 1788 594 τῶν

1900 555 2183 611 occupans,
2207 547 2361 613 quasi
2399 545 2747 600 Constantini
2780 546 2964 603 liberis
2990 530 3192 602 auxilio
3215 547 3454 614 futurus,

210 636 428 688 τέκνων
474 635 644 704 αὐτῆς
698 632 962 703 ἐτάραττε
989 649 1004 664 ο
1062 632 1182 702 μεθ’
1221 627 1295 687 ὧν
1328 634 1426 703 τὴν
1469 633 1792 704 Χαλκηδόνα

212 725 630 796 καταλαμϐάνει
657 724 732 788 ὠς
761 728 875 788 τοῖς
905 724 1116 789 τέκνοις
1137 726 1544 779 Κωνσταντίνου
1575 727 1793 778 ἐπικου-

218 819 437 888 ρήσων,
487 817 578 869 καὶ
619 815 786 868 αὐτοῦ
819 815 1110 886 διέτριϐεν.
1161 815 1482 886 Ἡράκλειος
1517 815 1572 874 δὲ
1601 816 1703 884 τήν
1732 833 1791 869 τε

216 905 378 958 πόλιν
407 907 465 957 ὲν
494 903 573 974 τῷ
598 904 832 972 ἀσφαλεῖ
868 900 1014 974 εῖχε,
1038 905 1133 957 καὶ⁷
1161 907 1326 958 πᾶσιν
1361 905 1685 973 ἀπελογεῖτο
1716 905 1793 970 ὡς

227 996 552 1066 Ἡράκλειος
573 997 601 1048 ὁ
624 995 737 1058 υἱὸς
764 995 1179 1049 Κωνσταντίνου
1205 998 1524 1066 ἀπήμαντος
1547 997 1791 1066 διαμένει

216 1089 317 1141 καὶ
366 1091 514 1158 πάσῃ
543 1087 721 1158 ὑγεία,
760 1085 856 1139 καὶ
902 1087 1039 1140 σῶον
1078 1087 1396 1152 ύπεδείκνυ,
1432 1087 1526 1139 καὶ
1573 1087 1690 1156 ἅμα
1718 1087 1793 1150 ὡς

217 1182 414 1235 τέκνου
441 1180 662 1250 γνησίου
708 1179 1039 1251 περιείχετο.
1075 1179 1185 1232 Καὶ
1216 1179 1373 1232 τοῦτο
1400 1177 1688 1231 ἐπιστοῦτο
1716 1177 1793 1248 τῷ

219 1277 290 1326 ἐκ
319 1272 411 1324 τοῦ
433 1268 809 1340 σωτηριώδους
832 1269 1205 1340 βαπτίσματος
1229 1270 1494 1338 ἀγκάλαις
1515 1267 1791 1332 δέξασθαι.

222 1365 334 1417 Καὶ
366 1363 745 1432 συμπαρόντος
789 1360 1007 1432 Πύρῤου
1038 1361 1133 1415 τοῦ
1163 1362 1265 1430 τῆς
1297 1361 1504 1420 πόλεως
1535 1360 1576 1411 is
1589 1359 1790 1430 ράρχου

220 1454 332 1507 τῶν
366 1452 646 1517 ζωοποιῶν
681 1451 854 1518 ξύλων
881 1452 1114 1522 ἥπτετο,
1156 1452 1251 1504 καὶ
1276 1451 1544 1520 διώμνυτο
1568 1451 1642 1514 ὡς
1670 1449 1794 1503 οὔτε

219 1545 292 1597 δι’
316 1542 480 1597 αὐτοῦ
511 1543 634 1596 οὒτε
664 1543 730 1595 δι’
759 1542 946 1612 ἐτέρου
971 1543 1040 1596 τὰ
1068 1542 1162 1594 τοῦ
1195 1542 1606 1596 Κωνσταντίνου
1630 1542 1796 1594 τέκνα

223 1636 574 1706 βλαϐήσεται.
616 1635 963 1688 Οὑαλεντῖνον
1004 1634 1061 1687 δὲ
1099 1634 1493 1705 ἀπισχυρίζετο
1529 1633 1795 1688 δεικνύειν

218 1726 299 1789 ὡς
329 1725 791 1779 ἐπιϐουλεύσαντα
820 1726 1002 1788 αὐτοῖς
1037 1725 1132 1778 καὶ
1158 1726 1257 1795 τῆς
1288 1724 1562 1795 βασιλείας
1599 1725 1794 1794 ιέπορε·⁸

219 1817 476 1885 γόμενον.
536 1817 625 1880 Ὠς
656 1818 713 1870 δὲ
747 1819 828 1879 εἰς
864 1816 1087 1870 πλείονα
1116 1818 1159 1849 ιδ
1189 1817 1368 1870 πάντα
1407 1814 1810 1886 βεϐαιώσηται,·

1893 633 1944 686 in
1963 648 2023 688 ea
2056 633 2186 689 urbe
2211 646 2597 690 commoratur.
2628 637 2695 690 At
2729 636 3010 694 Heraclius
3051 640 3260 694 firmata
3321 655 3457 709 prte-

1892 722 2043 778 sidiis
2085 723 2219 778 urbe
2262 726 2401 795 apud
2427 740 2615 780 omnes
2647 742 2768 782 sese
2797 743 3052 799 purgare,
3083 738 3244 798 atque
3277 732 3348 783 ita
3376 733 3457 784 di-

1892 815 2104 882 etitare,
2142 815 2446 870 Heraclium
2482 809 2828 873 Constantini
2896 821 3064 873 tilium
3122 821 3451 875 incolumem

1894 922 2133 975 manere,
2169 923 2330 977 quem
2397 919 2451 963 et
2478 909 2682 963 salvum
2727 926 2788 964 ac
2834 911 3107 966 'valentem
3162 911 3452 977 indicabat,

1821 1051 1834 1063 ,
1893 997 2114 1068 ejusque
2162 1000 2376 1052 interim
2439 1015 2623 1054 curam
2676 1002 3045 1070 tauquamtilii
3095 1003 3176 1056 sui
3215 1003 3456 1070 gerebat.

1892 1089 2056 1156 Cujus
2095 1090 2171 1143 rei
2222 1091 2380 1144 tidem
2439 1089 2619 1144 facere
2677 1093 2900 1147 studens
2931 1095 2994 1146 de
3038 1092 3263 1148 salutari
3307 1093 3456 1146 illum

1895 1179 2042 1234 fonte
2062 1181 2320 1249 suscepit.
2353 1181 2435 1234 Ad
2472 1183 2585 1238 haec
2619 1182 2828 1252 Pyrrho
2851 1185 3158 1252 patriarcha
3195 1195 3459 1252 praesente

1895 1269 2107 1322 viviﬁca
2156 1269 2298 1337 ligna
2340 1278 2569 1340 tangens
2624 1271 2828 1337 juravit
2886 1288 3057 1341 neque
3089 1289 3187 1341 per
3228 1288 3286 1327 se
3317 1274 3458 1327 Cou-

1894 1360 2114 1415 stantini
2141 1359 2281 1414 ﬁlios
2311 1375 2485 1429 neque
2516 1377 2610 1430 per
2631 1362 2792 1414 alium
2816 1365 3110 1431 quemlibet
3135 1365 3458 1421 oﬂ'ensurum

1894 1465 2013 1505 esse
2039 1468 2052 1503 ε
2082 1449 2423 1504 "Valentinum
2463 1466 2589 1505 vero
2617 1452 2846 1506 docebat
2885 1455 3127 1509 insidiari
3157 1457 3349 1511 iisdem
3379 1466 3461 1511 at-

1895 1557 2000 1612 que
2057 1541 2338 1610 imperium
2377 1557 2638 1612 usurpare
2665 1544 2819 1599 velle.
2846 1544 3018 1611 Quam
3054 1556 3114 1600 ut
3147 1549 3457 1614 opinionem

1895 1635 2133 1687 oumium
2166 1633 2361 1686 animis
2391 1634 2551 1686 altius
2583 1635 2944 1704 imprimeret,
2973 1635 3219 1690 Heraclio
3269 1652 3450 1692 secum

1896 1725 2127 1778 adducto
2147 1725 2213 1778 ad
2255 1724 2593 1778 Valentinum
2631 1726 2850 1792 trajicit,
2887 1728 3067 1795 ibique
3108 1727 3461 1796 jurejurando

1898 1829 2112 1867 rursum
2147 1814 2362 1867 firmare
2389 1813 2628 1866 voluitse
2656 1830 2815 1882 quam
2849 1816 3178 1870 amicissime
3196 1833 3314 1872 esse
3336 1833 3461 1886 erga

223 1907 504 1960 συλλαϐὼν
534 1907 652 1977 μεθ’
683 1907 880 1960 ἑαυτοῦ
921 1905 1239 1977 Ἡράκλειον
1271 1906 1410 1978 πρὸς
1441 1905 1792 1958 Οὐαλεντῐνον

1900 1905 2202 1958 Heraclium
2235 1904 2509 1959 aﬂ‘ectum.
2546 1902 2651 1958 Sed
2685 1903 3000 1959 Valentinus
3035 1907 3325 1961 admittere
3365 1925 3462 1960 uo-

220 1998 581 2068 περαιοῦται,
621 1999 712 2050 καὶ
757 1998 920 2051 πάλιν
967 1997 1280 2050 ἐϐουλεύετο
1325 1995 1644 2064 διόμνυσθαι
1695 1996 1789 2047 καὶ

220 2089 434 2142 πείθειν
482 2089 679 2151 αὐτοὺς
735 2089 810 2152 ὡς
884 2088 1254 2158 φιλοστόργως
1317 2088 1586 2140 διάκειται
1653 2085 1791 2156 πρὸς

229 2181 575 2251 Ἡράκλειον.
619 2181 970 2242 Οὐαλεντῖνος
1002 2179 1059 2232 δὲ
1114 2181 1214 2232 οὐκ
1240 2179 1454 2248 ἐδέχετο
1503 2179 1620 2233 ἀλλ’
1685 2179 1792 2231 ἁπ-

1896 1995 2014 2050 luit.
2069 1995 2430 2061 Quamobrem
2465 2009 2714 2048 reversus
2760 1997 3056 2063 imperatur
3085 1997 3266 2048 munia
3319 1999 3460 2064 apud

1897 2085 2148 2154 populum
2184 2086 2449 2152 exposuit.
2481 2085 2580 2139 Cui
2624 2085 2711 2138 ille
2748 2084 2904 2138 iidem
2959 2087 3223 2141 adhibens
3258 2088 3310 2140 in
3361 2087 3462 2141 Va-

1902 2175 2159 2227 lentinum
2191 2175 2478 2228 maledicta
2514 2173 2862 2243 conjiciebal.

219 2276 464 2346 ἐπεμπε.
496 2275 605 2327 Καὶ
646 2272 710 2344 δὴ
739 2273 1020 2326 ὑπενόστει
1058 2273 1152 2325 καὶ
1190 2272 1425 2341 διηγεῖτο
1454 2271 1634 2324 πάντα
1679 2270 1792 2332 τοῖς
1828 2267 1928 2337 τῆς
1969 2267 2198 2330 πόλεως.
2256 2268 2314 2319 Οἱ
2351 2266 2406 2319 δὲ
2449 2265 2726 2319 ἐπείθοντο
2763 2265 2856 2318 καὶ
2916 2265 3268 2322 Οὐαλενττνον
3309 2270 3464 2323 ἐδυσ-

219 2371 461 2438 φήμουν·
820 2431 828 2441 ,

293 2460 405 2528 Τῆς
429 2458 637 2530 τρύγης
670 2460 726 2512 δὲ
761 2459 1147 2530 ἐπιλαϐούσης,
1179 2462 1225 2513 οἱ
1249 2461 1346 2527 τῆς
1380 2461 1586 2523 πόλεως
1611 2458 1793 2512 αίσθό-

222 2565 378 2618 μενοι
407 2548 482 2612 ὡς
507 2551 536 2602 ὁ
571 2549 710 2619 μετὰ
737 2550 1092 2602 Οὐαλεντίνου
1123 2551 1352 2619 στρατὸς
1374 2550 1500 2613 τούς
1530 2568 1589 2602 τε
1621 2551 1795 2620 ἀμπε-

218 2640 400 2704 λῶνας
459 2642 638 2695 αὐτῶν
692 2641 995 2712 διαφθείρει
1049 2642 1336 2706 κάκείνους
1398 2643 1461 2694 οὐ
1519 2642 1794 2711 συγχωρεῖ

218 2733 404 2785 ἐκεῖσε
455 2731 840 2803 περαιοῦσθαι,
897 2732 1240 2785 συνίστανται
1305 2731 1506 2802 Πύρρῳ
1547 2729 1794 2800 βοῶντες

219 2821 442 2890 στέφειν
479 2821 799 2890 Ἡράκλειον
828 2821 918 2874 τὸν
956 2820 1366 2874 Κωνσταντίνου
1398 2820 1533 2873 υἱόν.
1577 2818 1794 2888 Πύρρος

218 2914 280 2966 δὲ
313 2913 408 2982 τὴν
448 2912 694 2983 ταραχὴν
722 2913 818 2966 καὶ
854 2912 952 2981 τὴν
984 2913 1173 2966 στσάσιν
1214 2910 1308 2964 τοῦ
1337 2911 1466 2965 λαοῦ
1499 2911 1792 2981 περιαθρή-

222 3023 325 3068 σας
357 3005 675 3072 ἀπελογεῖτο
706 3004 780 3068 ὼς
813 3005 875 3057 οὑ
900 3004 988 3058 διὰ
1014 3004 1172 3058 τοῦτο
1201 3005 1357 3057 αὐτοὶ
1387 3006 1791 3068 στασιάζουσιν.

1966 2455 2092 2512 Post
2115 2458 2226 2510 haec
2244 2470 2339 2524 per
2369 2456 2651 2510 vindemiae
2683 2464 2948 2525 tempora,
2974 2472 3095 2510 eum
3119 2457 3265 2512 cives
3294 2457 3467 2510 anim-

1894 2549 2251 2603 advertissent
2280 2548 2419 2600 vites
2452 2561 2579 2601 suas
2605 2563 2632 2600 a
2667 2545 2939 2600 Valentini
2971 2549 3211 2602 exercitu
3260 2549 3461 2602 vastari

1895 2653 2066 2707 neque
2103 2636 2204 2692 sibi
2245 2637 2300 2692 in
2349 2637 2607 2692 ulteriora
2645 2637 2931 2690 transitum
2975 2639 3233 2706 permitti,
3267 2638 3463 2691 adver-

1898 2741 1992 2780 sus
2038 2725 2302 2796 Pyrrhum
2336 2726 2568 2780 coitione
2600 2725 2740 2793 facta
2777 2725 3084 2778 Ileraclium
3128 2727 3462 2780 Coustautini

1899 2817 2066 2871 lilium
2105 2831 2364 2870 coronare
2389 2815 2602 2882 jubeut.
2646 2816 2884 2886 Pyrrhus
2909 2833 3058 2879 vero,
3096 2818 3336 2887 pepulari
3372 2816 3460 2871 illo

1900 2909 2130 2961 tumultu
2149 2922 2212 2961 ac
2254 2907 2516 2961 seditione
2533 2919 2832 2976 perspecta,
2850 2921 3038 2964 contra
3068 2909 3308 2978 jaetabat
3357 2928 3461 2965 non

1900 2997 2103 3051 idcirco
2137 2997 2427 3052 rebellasse
2451 2997 2592 3060 illos,
2623 3000 2717 3052 sed
2743 3008 2799 3052 ut
2828 3000 3110 3054 Valentino
3142 2999 3248 3070 35
3287 3001 3463 3069 impe—

220 3097 362 3151 ἀλλὰ
391 3097 730 3168 υύαλεντίνῳ
761 3096 858 3167 τὴν
888 3097 1164 3167 βασιλείαν
1198 3095 1633 3168 περιποιοῦνται.
1671 3097 1792 3148 Ἔτι

1900 3091 2032 3144 rium
2065 3100 2393 3146 assererent.
2427 3092 2666 3148 Instante
2695 3094 3044 3150 nihilominus
3070 3095 3235 3164 'plebe
3259 3113 3368 3150 rem
3399 3099 3464 3150 ad

220 3185 319 3242 οὖν
378 3189 730 3257 ἐπικειμένου
790 3187 884 3241 τοῦ
951 3187 1110 3256 ὄχλου
1174 3186 1311 3256 δῆλα
1374 3188 1519 3239 ποιεῖ
1586 3185 1798 3255 βασιλεί

222 3281 462 3334 ἅπαντα.
509 3278 569 3332 Ὀ
600 3279 656 3331 δέ
683 3276 1081 3347 συλλαϐόμενος
1113 3278 1222 3347 (84)
1256 3278 1348 3331 τὸν
1371 3277 1590 3346 ἀνεψιὸν
1633 3276 1799 3346 Ἠρά-

222 3370 405 3422 κλειον
435 3366 597 3431 εὐθὺς
631 3367 735 3430 ἐπὶ,
755 3367 816 3420 τδ
844 3367 988 3437 ἱερὸν
1010 3365 1226 3437 ἐχώρει.
1253 3366 1348 3420 καὶ
1373 3365 1660 3437 ἀνέρχεται
1681 3365 1798 3434 ἅμα

225 3464 432 3536 Πύρρῳ
467 3463 545 3532 τῷ
576 3461 813 3533 ἄμϐωνι,
842 3463 1341 3532 καὶ-προτρέπεται
1375 3460 1594 3529 στέφειν
1635 3459 1798 3529 Ἡρά-

224 3556 426 3609 κλειον.
473 3556 534 3608 Οί
560 3554 616 3606 δὲ
656 3553 804 3622 ὄχλοι
849 3552 941 3605 τὸν
977 3551 1204 3623 βασιλέα
1235 3548 1513 3613 ἐϐιάζοντο
1549 3548 1610 3600 τὸ
1638 3547 1799 3618 ἔργον

225 3644 515 3698 ἐπιτελεῖν,
577 3644 634 3696 'O
669 3643 727 3694 δὲ
773 3640 957 3694 λαϐὼν
1001 3641 1066 3694 ἐκ
1107 3639 1213 3710 τῆς
1242 3638 1540 3704 ἐκκλησίας
1580 3637 1670 3689 τὸν
1701 3636 1798 3689 τοῦ

226 3735 438 3806 πατρὸς
501 3734 822 3801 Ἡρακλείου
883 3733 1146 3801 στέφανον
1207 3729 1270 3782 τὸ
1325 3728 1486 3799 ἔργον
1534 3729 1796 3799 ἐπλήρου.

227 3828 408 3889 Εὐθὺς
466 3823 558 3880 οὖν
607 3827 699 3878 τὸν
751 3824 1516 3893 στεφθέντάΚωνσταντῖνον
1557 3821 1606 3873 οἱ
1653 3819 1800 3889 ὄχλοι

230 3915 678 3986 μετονομάζουσι.
717 3915 790 3967 Τὸ
817 3911 910 3967 οὖν
945 3913 1223 3984 ἀχυρῶδες
1253 3912 1346 3964 καὶ
1372 3911 1801 3981 ἀγροικωδέστε-

229 4025 322 4078 ρον
352 4007 446 4060 τοῦ
471 4006 601 4060 λαοῦ
632 4007 774 4059 κατὰ
805 4007 1020 4078 Πύρῤου
1052 4005 1151 4068 τὰς
1191 4007 1379 4075 χεῖρας
1421 4003 1674 4070 ὥπλιζον,
1706 4002 1800 4056 καὶ

229 4099 368 4170 πρὸς
431 4101 493 4152 τὸ
545 4100 685 4170 ἱερὸν
742 4099 1029 4169 γενόμενοι
1075 4099 1416 4169 εἰσέρχονται
1470 4097 1799 4164 ἐπαγόμενοι

238 4189 509 4260 Ἑϐραίων
551 4191 644 4244 καὶ
673 4190 847 4244 ἄλλων
876 4189 1182 4255 κακοδόξων
1215 4189 1401 4259 ὅμιλον
1431 4190 1488 4242 ἐν
1515 4187 1592 4257 τῷ
1621 4187 1802 4240 θυσια-

229 4280 459 4351 στηρίῳ,
501 4281 610 4332 Καὶ
633 4279 732 4350 τὴν
770 4280 868 4348 μὲν
906 4279 1128 4348 ἐνδυτὴν
1167 4279 1550 4349 διαρρηγνῦσι,
1582 4278 1674 4330 καὶ
1708 4276 1800 4329 τὸν

1900 3183 2283 3251 imperatorem
2306 3183 2512 3248 defert;
2534 3185 2624 3254 qui
2655 3184 2959 3240 lleraclium
2983 3188 3278 3255 patruelem
3310 3204 3466 3242 suum

1899 3274 2081 3328 statim
2139 3275 2205 3328 ad
2249 3275 2505 3344 templum
2572 3278 2816 3343 adduxit,
2853 3278 3034 3346 ibique
3089 3294 3211 3333 cum
3260 3280 3470 3347 Pyrrho

1898 3365 2130 3420 amboue
2150 3381 2446 3421 conscenso
2488 3368 2796 3423 Heraclium
2827 3379 2883 3422 ut
2917 3382 3201 3424 eorouaret
3225 3373 3470 3426 hortatus

1899 3466 2002 3510 est.
2045 3455 2179 3509 Tum
2215 3458 2470 3526 pepulus-
2496 3475 2688 3528 urgere
2717 3459 3100 3528 imperatorem
3134 3473 3190 3514 ut
3217 3463 3270 3516 id
3318 3465 3466 3518 οηιηὶ

1902 3548 2111 3602 ratione
2140 3549 2509 3616 perficeretur.
2554 3550 2707 3617 Quod
2743 3553 2962 3607 demum
3030 3552 3264 3609 lleraclii
3291 3557 3463 3622 patris

1900 3652 2097 3691 corona
2128 3653 2160 3693 e
2192 3640 2681 3708 templodetracta
2736 3644 3006 3711 praestitit.
3047 3646 3240 3700 Statim
3292 3648 3471 3716 itaque

1900 3737 2106 3782 mutato
2138 3729 2356 3783 nomine
2394 3744 2515 3782 eum
2549 3732 2639 3800 qui
2675 3747 2966 3788 coronatus
2993 3749 3112 3789 erat
3158 3735 3472 3791 Constanti-

1901 3833 2026 3870 num
2055 3817 2348 3886 appellant.
2381 3820 2485 3872 Sed
2511 3821 2774 3888 quidquid
2795 3834 2908 3876 erat
2937 3825 3108 3890 plebis
3146 3827 3468 3882 vilissimum

1900 3913 1957 3960 et
1987 3904 2440 3974 abjectissimum,
2472 3909 2721 3963 manibus
2749 3920 2934 3965 contra
2961 3913 3225 3983 Pyrrhum
3245 3917 3472 3970 armatis

1903 3999 1954 4053 in
1985 3998 2240 4067 templum
2270 4000 2590 4068 ingreditur,
2631 4011 2684 4056 et
2718 4020 2837 4056 cum
2871 4003 3176 4058 Judaeurum
3209 4008 3471 4061 aliorqu-

1901 4105 2005 4158 que
2029 4089 2324 4143 inlidelium
2360 4092 2512 4144 tttrha
2552 4092 2604 4145 in
2631 4096 2929 4148 Sacrarium
2958 4096 3225 4162 irrumpit.
3251 4098 3328 4152 Ae
3351 4115 3470 4150 cum

1903 4195 2150 4250 mappam
2189 4181 2374 4236 altaris
2407 4184 2763 4238 conscidisset
2792 4195 2844 4237 et
2870 4186 3334 4255 religiosissimum
3390 4187 3472 4238 lo-

1903 4290 2023 4328 cum
2056 4273 2287 4341 turpiter
2317 4277 2755 4342 contaminasset,
2787 4279 3028 4348 abreptis
3078 4279 3260 4347 templi
3303 4279 3473 4333 clavi-

228 4371 376 4442 is.pr
414 4371 589 4442 χῶρον
638 4371 878 4441 αἰσχρῶς
916 4371 1387 4441 κατερῤύπαινον,
1419 4370 1517 4432 τάς
1546 4385 1606 4423 τε
1652 4369 1796 4432 κλεῖς

1902 4367 2004 4422 bus
2033 4374 2194 4436 atque
2232 4382 2262 4420 e
2295 4377 2454 4423 conto
2481 4369 2704 4424 sublatis
2726 4373 2841 4424 siue
2867 4388 3014 4426 more
3040 4381 3146 4426 tota
3177 4374 3308 4427 urbe
3349 4389 3474 4441 per-

223 4463 336 4515 τῶν
368 4462 550 4516 πυλῶν
581 4461 837 4524 λαϐόντες
879 4462 971 4515 ἐπὶ
1001 4460 1190 4514 κοντοῦ
1223 4461 1503 4532 ἀνὴρτων,
1538 4461 1633 4513 καλ⁵
1658 4459 1800 4512 οὕτω

221 4556 326 4624 τὴν
371 4554 524 4606 πόλιν
567 4554 824 4624 ἁθέσμως
884 4553 1200 4625 περιῄεσαν.
1259 4552 1476 4624 Πύρρος
1523 4552 1582 4605 δὲ
1627 4553 1800 4605 ταῦτα

227 4643 514 4716 μαθὼντῇ
549 4647 778 4718 ἐπιούσῃ
808 4648 964 4718 νυκτὶ
1008 4649 1066 4700 ἐν
1101 4645 1179 4716 τῷ
1217 4644 1349 4715 ἱερῷ
1400 4644 1798 4716 παραγίνεται,

223 4739 322 4791 καὶ
350 4737 532 4791 πάντα
564 4739 630 4790 τὰ
663 4739 783 4810 ιερὰ
820 4739 1160 4802 ἀσπάζεται,
1192 4739 1287 4792 καλ¹
1315 4737 1376 4790 τὸ
1419 4737 1803 4807 περικείμενον

222 4829 380 4882 αὺτῶ
419 4830 708 4900 ὠμόφορον
752 4829 1020 4903 περιελὼν
1047 4833 1113 4902 τῇ
1151 4831 1273 4902 ἱερᾷ
1316 4829 1638 4883 ἀποτίθεται
1672 4846 1804 4900 τρα-

1908 4469 2154 4529 vagatur.
2210 4456 2337 4515 Haac
2416 4460 2504 4514 ubi
2569 4460 2810 4531 Pyrrhus
2891 4464 3176 4532 comperit,
3227 4466 3473 4534 sequenti

1907 4562 2065 4607 nocte
2109 4553 2161 4606 in
2196 4550 2451 4619 templum
2509 4552 2828 4621 ingreditur.
2869 4553 2944 4607 ibi
2999 4556 3169 4609 sacris
3225 4555 3476 4608 omnibus

1905 4645 2178 4714 salutatis,
2206 4663 2271 4703 ae
2319 4651 2561 4703 detracto
2596 4647 2862 4701 humerali
2895 4657 2948 4700 et
3007 4648 3056 4700 iu
3088 4663 3242 4700 sacra
3294 4663 3476 4712 tueusa

1906 4735 2150 4804 deposito
2185 4756 2200 4793 :
2231 4757 2250 4790 ι
2283 4741 2398 4794 Non
2436 4741 2762 4805 sacerdotio,
2790 4740 2983 4809 inquit,
3018 4756 3103 4794 me
3143 4741 3354 4806 abdico,
3384 4740 3476 4794 sed

1907 4831 2219 4886 contumaci
2252 4831 2446 4902 populo
2470 4832 2626 4888 cedo.
2660 4850 2677 4883 ι
2707 4831 2831 4887 lude
2862 4831 3043 4887 furtim
3066 4847 3313 4903 egressus
3339 4834 3476 4902 apud

1489 5005 1725 5063 VARlAi
1765 5007 2168 5066 LECTIONES.

300 5145 350 5179 “
383 5146 477 5201 ἐπὶ
509 5142 732 5200 πλεῖονῖ

1597 5235 1872 5292 PETAVII
1917 5233 2145 5290 ΝΟΤέΕ.

301 5394 414 5470 (84)
459 5396 512 5448 ⁸0
544 5395 612 5470 δὲ
633 5397 1111 5470 συᾼλαὸόμενος.
1139 5397 1370 5470 Discedit
1399 5398 1493 5470 hie
1514 5413 1542 5452 a
1575 5399 1788 5470 eteteris

223 5466 450 5528 Noster,
481 5467 575 5534 qui
603 5470 670 5519 ab
730 5466 1060 5520 Heracleoua
1103 5476 1156 5520 et
1193 5467 1417 5521 Martiua
1455 5469 1784 5534 "erat-lium,

223 5538 318 5605 qui
350 5536 619 5605 Constans
654 5537 830 5589 dictus
883 5548 988 5602 est,
1025 5539 1219 5591 asserit
1243 5538 1624 5602 imperatorem
1667 5555 1785 5592 esse

224 5603 720 5677 [ζιειιιιηηϐυιιειει
767 5605 912 5659 enim
966 5623 993 5657 a
1030 5616 1220 5659 senatu
1268 5608 1582 5677 abrogatum
1617 5606 1785 5661 Hera-

222 5678 434 5730 cleoum
472 5675 782 5743 imperium,
813 5677 1170 5744 eumdemque
1223 5675 1514 5742 amputatis
1563 5679 1784 5733 naribus

223 5761 353 5797 nun
407 5753 617 5814 matre_,_
659 5745 742 5798 cui
793 5745 972 5814 lingua
1027 5746 1247 5813 prmcisa
1293 5757 1429 5811 erat,
1467 5748 1781 5811 relegatum.

223 5815 519 5884 Imperavit
576 5811 933 5870 llcracleonas
984 5811 1199 5871 menses
1229 5816 1282 5879 6,
1323 5820 1412 5886 qui
1476 5817 1526 5869 iu
1568 5817 1787 5870 Det-em-

1896 5398 2046 5451 hrem
2085 5394 2245 5465 hujus
2303 5410 2354 5448 a.
2406 5394 2528 5460 6M,
2569 5393 2678 5446 ind.
2721 5388 2862 5465 A15.
2890 5393 3145 5465 desinere
3184 5392 3457 5465 videntur.

1895 5463 2220 5536 Magnopere
2257 5480 2382 5517 vero
2441 5469 2505 5536 in;
2548 5465 2645 5536 hac
2683 5463 2914 5536 hiStoria
2945 5463 3303 5527 Theophanes
3342 5464 3460 5536 hal-

1894 5533 2185 5601 luei'uatur,
2224 5539 2277 5588 in
2314 5536 2433 5586 cod.
2488 5533 2682 5587 loieus.
2734 5535 2822 5601 qui
2877 5533 3162 5586 Constant.
3207 5535 3456 5587 euutdem

1893 5623 2012 5659 cum
2052 5606 2379 5659 Ileracleona
2411 5604 2581 5656 facit:
2639 5603 2794 5656 Μετὰ
2841 5601 2899 5655 δὲ
2963 5603 3304 5673 Ἡράκλειον,
3360 5605 3456 5667 ait,

1892 5677 2210 5729 ἐϐασίλευσε
2240 5675 2647 5744 Κωνσταντῖνος
2679 5675 2707 5726 ὁ
2745 5672 2858 5736 υίὸς
2905 5672 3130 5744 αύτοῦό
3169 5674 3459 5744 λεγόμενος

1907 5745 2310 5814 Ἥρακλεωνᾶς,
2350 5743 2710 5814 μονοθελητὴς
2739 5744 2833 5796 καὶ
2857 5743 3042 5809 αὐτὸς,
3074 5743 3192 5808 ἐτος
3217 5743 3310 5798 ἓν.
3349 5746 3456 5799 Καὶ

1893 5817 2172 5888 φαρμάκῳ
2205 5817 2310 5868 ὑπὸ
2337 5816 2442 5867 τὼν
2472 5815 2687 5868 οἰκείων
2720 5814 2981 5887 ἀνῃρέθη.
