3882 6162
130 338 232 401 929

1093 347 1194 406 DE
1234 348 1487 410 REBUS
1525 352 1710 412 POST
1745 346 2190 424 MAURICIUM
2229 359 2517 420 GESTIS.

3289 371 3392 435 930

130 453 368 515 αστείοις
421 453 515 507 τοῦ
563 453 906 522 Βυζαντίου,
968 459 1109 511 κατὰ
1140 459 1233 511 τὸν
1273 461 1698 530 παραθαλάσσια

1823 468 2034 520 navium
2060 485 2286 523 numero
2320 471 2620 538 contendit,
2647 480 2699 526 et
2735 487 2830 542 per
2863 473 3163 544 frequentia
3210 485 3394 548 quoti-

129 546 288 600 τόπον
337 546 431 599 τὸν
472 546 809 617 καλούμενον
862 547 1156 618 Ἕϐδομον.
1212 552 1416 606 Τοῦτον
1441 557 1481 587 ¹⁹
1526 557 1712 608 αἰσθό-

131 655 291 710 μενος
349 639 759 702 Κωνσταντῖνος
810 639 1351 710 ἀντιπαρατέιττεται
1400 648 1495 698 καὶ
1550 648 1712 711 αὐτὸς

131 733 301 804 στόλῳ
334 732 576 803 μεγάλῳ.
616 733 742 801 Ὑφ’
768 727 842 786 ὧν
869 729 1118 788 πλεῖσταί
1140 739 1443 808 ναυμαχίαι
1473 740 1710 809 ἑκάστης

129 827 338 898 ᾑμέρας
364 827 628 893 ἐγίνοντο,
667 825 764 878 τοῦ
804 827 1046 897 πολέμου
1099 832 1570 900 συγκροτουμένου
1602 833 1710 886 ἀπὸ

126 918 217 970 τοῦ
250 915 470 987 ἑαρινοῦ
511 917 672 986 μέχρι
721 916 1122 988 φθινοπωρινοῦ
1169 921 1387 991 καιροῦ.
1421 923 1710 993 Χειμῶνος

125 996 180 1062 δὲ
208 1009 582 1078 ἐπιγινομένου
609 1011 636 1062 ό
663 1010 770 1062 τῶν
794 1011 1130 1082 Σαρακηνῶν
1162 1014 1352 1078 στόλος
1378 1016 1710 1088 διαπεραιω-

128 1102 238 1166 θεὶς
279 1104 334 1154 ὲν
375 1101 601 1172 Κυζίκῳ
629 1102 980 1172 διεχείμαζε,
1013 1105 1108 1157 καὶ
1141 1106 1305 1158 πάλιν
1345 1107 1504 1178 ἔαρος
1539 1109 1706 1178 ἀρχο-

128 1193 286 1262 μένου
333 1193 541 1246 ἑκεῖθεν
594 1193 848 1263 ἀναχθεὶς
880 1194 1145 1258 ὡσαύτως
1183 1197 1279 1250 τοῦ
1311 1199 1399 1250 διὰ
1432 1198 1706 1270 θαλάττης

124 1285 360 1354 πολέμου
399 1284 594 1353 εἴχετο.
641 1285 814 1340 Ἑπτὰ
851 1283 945 1339 οὖν
975 1286 1125 1340 ἔτεσι
1174 1288 1287 1359 (88)
1324 1289 1417 1342 τοῦ
1443 1291 1704 1359 ,πολέμου

123 1375 512 1444 διαρκέσαντος
560 1376 712 1440 τέλος
743 1378 896 1432 οὐδὲν
950 1378 1114 1432 πλέον
1156 1381 1184 1432 ὁ
1228 1381 1338 1434 τῶν
1373 1382 1704 1452 Σαρακηνῶν

120 1467 288 1536 ἤνυσε
337 1469 558 1532 στόλος,
611 1468 748 1521 ἀλλὰ
793 1469 1022 1534 πολλούς
1065 1489 1125 1523 τε
1182 1473 1383 1540 ἄνδρας
1430 1474 1703 1543 μαχίμους

119 1559 488 1621 ἀποϐαλόντες
531 1562 625 1613 καὶ
653 1561 845 1624 δεινῶς
884 1563 1386 1632 τραυματισθέντες
1415 1565 1508 1617 καὶ
1538 1565 1700 1634 χαλε-

120 1651 238 1713 πῶς
267 1651 560 1722 ἡττημένοι
595 1651 924 1703 ὑπενόστουν
951 1653 1086 1722 πρὸς
1114 1655 1181 1706 τὰ
1211 1655 1390 1704 οἰκεῖα
1420 1653 1704 1724 καταίρον-

116 1759 232 1804 τες.
275 1743 419 1812 Πρὸς
468 1742 524 1793 δὲ
570 1745 683 1804 τοῖς
713 1742 1011 1806 πελάζουσι
1043 1743 1154 1814 (89)
1183 1744 1278 1796 τοῦ
1309 1743 1570 1797 Συλλαίου
1606 1761 1702 1812 γε-

1817 557 2084 627 dianaque
2149 562 2449 616 certamina
2509 564 2704 618 bellum
2753 580 2783 618 a
2832 582 2997 620 verno
3029 577 3272 640 tempore
3326 573 3392 627 ad

1814 659 2130 720 autumnum
2164 669 2333 722 usque
2359 656 2678 723 perductum
2712 665 2814 712 est.
2857 659 3159 725 Appetente
3215 663 3394 720 hieme

1814 737 2211 795 Saracenorum
2247 745 2442 798 classis
2475 745 2699 814 trajecto
2730 748 2863 800 mari
2889 747 3074 818 Cyzici
3109 751 3386 820 hiemavit,

1811 843 1875 883 ac
1900 846 2114 885 rursum
2146 836 2318 902 primo
2345 852 2472 890 vere
2507 837 2846 892 instauravit.
2884 839 3039 896 llunc
3064 843 3116 896 in
3164 847 3386 902 modum

1809 928 2014 986 septem
2079 929 2218 976 totos
2270 939 2440 978 annos
2494 924 2693 978 bellum
2738 930 2931 982 tenuit.
2965 929 3204 986 Tandem
3257 951 3390 1000 vero

1811 1005 2212 1064 Saracenorum
2260 1013 2429 1082 c0piae
2458 1031 2580 1068 cum
2607 1015 2739 1068 nihil
2773 1031 3172 1084 promoverent,
3197 1038 3390 1091 quam-

1809 1097 2055 1166 plurimis
2080 1118 2296 1156 suorum
2326 1107 2564 1171 amissis,
2592 1109 2896 1179 iisdemque
2928 1112 3262 1182 fortissimis,
3287 1132 3388 1171 nec

1808 1191 1996 1256 paucis
2020 1195 2264 1252 graviter
2292 1196 2610 1264 vulneratis,
2643 1215 2785 1269 aegre
2804 1205 3042 1272 superati
3074 1205 3124 1257 in
3155 1208 3384 1273 patriam

1807 1284 2008 1335 reversi
2041 1295 2190 1340 sunt.
2225 1285 2425 1341 Verum
2453 1289 2506 1342 in
2536 1291 2652 1359 ipso
2685 1293 2858 1346 reditu
2889 1297 3016 1348 dum
3041 1297 3106 1348 ad
3127 1295 3379 1366 Sylleum

1807 1386 1956 1456 mare
2003 1377 2224 1456 propius
2263 1381 2552 1444 accedunt,
2588 1383 2926 1436 vehementia
2991 1397 3274 1442 ventorum
3317 1403 3384 1443 ac

1803 1469 2058 1525 ﬂuctibus
2081 1469 2259 1523 obruti
2290 1471 2356 1523 ad
2391 1486 2558 1524 ttnum
2595 1486 2783 1526 omnes
2823 1476 3121 1553 perierunt.
3155 1478 3384 1532 Sarace-

1804 1577 1995 1615 norum
2017 1563 2290 1629 princeps,
2313 1563 2496 1642 attdita
2525 1577 2642 1635 sua!
2659 1565 2852 1619 classis
2869 1567 3198 1635 calamitate,
3233 1569 3384 1638 lega-

1805 1663 1886 1708 tos
1932 1653 1996 1706 ad
2041 1653 2458 1707 Constantinum
2493 1655 2679 1732 mittit,
2706 1657 2796 1723 qui
2847 1672 3024 1711 annua
3057 1659 3379 1718 trilmtorum

1803 1746 2052 1812 pactione
2083 1760 2268 1811 pacem
2320 1760 2441 1798 cum
2473 1759 2540 1798 eo
2618 1757 3026 1816 componerent.
3078 1749 3382 1820 Imperator

118 1835 334 1902 νόμενοι
402 1834 507 1886 ὑπὸ
570 1833 822 1904 σκληρῶν
875 1835 1204 1904 πνευμάτων
1259 1838 1353 1888 καὶ
1405 1835 1698 1889 θαλασσίου

1805 1838 1888 1892 his
1938 1839 2180 1906 exceptis
2225 1839 2534 1908 auditisque
2585 1857 2707 1909 qua:
2779 1843 3024 1909 proxime
3066 1845 3372 1908 retulimus,

117 1922 384 1984 κλύδωνος
434 1923 874 1991 καταληφθέντες
913 1928 1256 1996 πανστρατιᾷ
1302 1925 1576 1979 διώλοντο.
1639 1926 1696 1979 '0

115 2013 174 2067 ίὲ
196 2015 304 2068 τῶν
327 2014 666 2084 Σαρακηνῶν
695 2015 804 2083 (90)
835 2015 1088 2086 βασιλεὺς
1111 2017 1170 2069 τὸ
1198 2017 1291 2070 τοῦ
1316 2019 1504 2070 στόλου
1533 2018 1698 2072 ἀκού-

117 2121 216 2168 σας
245 2104 564 2176 δυστύχημα
598 2106 859 2174 πρέσϐεις
891 2107 1210 2160 ἀποστέλλει
1237 2108 1374 2178 πρὸς
1412 2111 1696 2162 Κωνσταν-

113 2197 258 2248 τίνον
306 2196 382 2258 ὡς
441 2197 802 2265 σπεισόμενος
852 2197 989 2268 πρὸς
1028 2197 1191 2249 αὐτὸν
1233 2198 1326 2249 ἐπὶ
1371 2196 1698 2267 τελέσμασιν

113 2288 431 2347 ἐνιαυσίοις.
491 2286 549 2342 'O
588 2289 645 2341 δὲ
699 2287 922 2352 τούτους
961 2288 1255 2358 δεξάμενος
1285 2290 1380 2342 καὶ
1413 2290 1480 2342 τὰ
1521 2289 1695 2358 δηλω-

115 2380 278 2433 θέντα
331 2379 589 2449 ἀκηκοὼς
640 2381 1019 2451 συνεκπέμπει
1064 2381 1247 2444 αὐτοῖς
1305 2381 1561 2451 Ἰωάννην
1605 2382 1696 2434 τὸν

113 2473 448 2543 πατρίκιον,
493 2473 555 2524 τὸ
608 2471 839 2541 ἐπίκλην
891 2471 1316 2539 Πετζιγαύδιον,
1366 2472 1694 2542 πολυπειρία

111 2566 208 2617 καὶ
242 2564 500 2634 φρονήσει
537 2563 903 2633 διαφέροντα,
931 2563 1007 2625 ὡς
1035 2563 1104 2616 τὰ
1135 2563 1227 2614 ἐπὶ
1260 2565 1322 2632 τῇ
1355 2563 1545 2633 εἰρήνῃ
1573 2563 1691 2615 δια-

108 2652 512 2723 λεχθησόμενον
531 2671 546 2684 '
574 2653 632 2716 ὃς
659 2655 794 2724 πρὸς
816 2654 883 2705 τὰ
909 2652 1016 2706 τῶν
1043 2653 1378 2722 Σαρακηνῶν
1403 2656 1693 2723 γενόμενος

108 2744 218 2815 ήθη
250 2745 536 2814 συμϐαίνει
566 2763 624 2798 τε
657 2747 842 2807 αὐτοῖς
870 2746 1055 2814 ὅρκοις
1079 2745 1180 2814 τήν
1214 2746 1439 2815 εἰρήνην
1465 2745 1695 2815 βεϐαιω-

111 2835 351 2905 σάμενος
397 2837 490 2887 ἐπὶ
538 2837 834 2906 τριάκοντα
896 2835 1108 2895 ἔτεσιν,
1163 2833 1305 2886 ὥστε
1357 2834 1692 2905 παρέχεσθαι

123 2925 420 2996 Ῥωμαίοις
453 2926 556 2979 ὑπὸ
597 2927 705 2977 τῶν
744 2925 1078 2996 Σαρακηνῶν
1109 2925 1212 2978 ἀνὰ
1251 2925 1368 2987 ἔτος
1415 2925 1694 2993 ποσόνητα

107 3019 339 3088 χρυσίου
371 3021 521 3085 τρεῖς
553 3017 796 3086 χιλιάδας
838 3017 1036 3087 ἄνδρας
1067 3033 1126 3068 τε
1157 3014 1538 3087 αἰχμαλώτους
1565 3031 1694 3070 πεν-

105 3115 348 3180 τήκοντα
377 3112 471 3164 κοιλ⁴
515 3111 715 3171 ἵππους
760 3111 1124 3178 πεντήκοντα.
1162 3109 1349 3162 Ταῦτα
1391 3108 1695 3178 ἀκηκοότες

1797 1928 2060 1982 Joannem
2091 1929 2377 1998 patricium
2425 1946 2549 1998 cum
2577 1931 2683 1984 illis
2738 1931 2964 1984 remittit
3015 1944 3375 1998 cognomento

1796 2019 2228 2089 Petzigaudium,
2260 2022 2434 2075 virum
2461 2037 2559 2083 usu
2593 2037 2773 2076 rerum
2805 2038 2869 2076 ac
2899 2023 3188 2093 prudentia
3239 2025 3380 2080 insi-

1797 2126 1975 2180 gnem,
2013 2121 2068 2164 ut
2094 2127 2279 2180 pacem
2346 2127 2468 2166 cum
2529 2113 2802 2167 Saraceno
2841 2116 3219 2170 conStitueret.
3268 2116 3370 2182 Qui

1797 2217 1917 2254 cum
1943 2201 2006 2254 ad
2034 2202 2305 2256 Barbaros
2336 2205 2602 2268 venisset,
2631 2203 2848 2272 triginta
2918 2220 3182 2258 annorum
3215 2205 3372 2258 indu-

1796 2294 1910 2347 citis
1931 2309 2052 2346 cutn
2095 2295 2172 2348 eis
2201 2305 2390 2362 pactus
2425 2304 2531 2359 est,
2584 2305 2638 2348 et
2694 2297 2946 2364 utrinque
2994 2296 3372 2365 jusjurandum

1796 2395 2100 2453 acceptum.
2124 2384 2280 2441 Pacis
2324 2386 2664 2440 conditiones
2695 2387 2776 2444 ha:
2809 2388 3026 2442 luerunt
3057 2407 3070 2442 :
3103 2391 3178 2442 uti
3205 2390 3373 2444 Sara-

1795 2473 1913 2528 ceni
1946 2473 2203 2528 Romanis
2236 2473 2338 2528 tria
2373 2488 2660 2526 aureorum
2683 2473 2850 2527 millia
2883 2477 3200 2542 penderent,
3239 2490 3371 2543 cap-

1795 2563 2029 2617 tivorum
2076 2563 2355 2617 hominum
2427 2564 2603 2633 capita
2685 2564 3098 2634 quinquaginta,
3149 2565 3368 2619 totidem

1794 2667 2084 2722 equorum.
2125 2657 2256 2720 Quae
2287 2654 2375 2709 ubi
2401 2655 2467 2708 ad
2498 2653 2877 2709 Occidentales
2928 2655 3190 2710 barbaros
3247 2671 3372 2724 per-

1793 2743 1904 2798 lata
1937 2754 2082 2809 sunt,
2103 2745 2339 2798 Avarum
2363 2745 2573 2799 scilicet
2598 2739 2787 2798 ducem
2816 2746 3059 2814 aliosque
3100 2746 3371 2815 principes

1795 2837 1889 2902 qui
1922 2834 2062 2888 ultra
2093 2849 2186 2888 cos
2204 2833 2270 2889 ad
2317 2833 2670 2889 Occidentem
2705 2835 2974 2902 habitant,
3006 2835 3116 2906 38
3141 2851 3368 2890 munera

1794 2937 1914 2977 cum
1943 2920 2134 2994 legatis
2164 2925 2230 2978 ad
2273 2925 2658 2994 imperatorem
2691 2926 2914 2980 mittunt
2953 2942 3016 2980 ac
3045 2943 3231 2995 pacem
3262 2944 3362 2998 po-

1794 3015 2031 3083 stulant;
2065 3016 2262 3083 quibus
2289 3017 2579 3086 imperator
2608 3033 2864 3074 assensus
2888 3027 2988 3072 est.
3011 3017 3086 3072 lta
3112 3017 3370 3087 deinceps

1797 3115 1904 3159 tam
1931 3107 1986 3159 in
2024 3106 2249 3160 Oriente
2290 3121 2450 3174 quam
2496 3106 2790 3165 Occidente
2850 3105 3118 3161 altissima
3168 3122 3271 3176 pax
3305 3123 3369 3161 ac

107 3204 208 3256 καὶ
234 3205 284 3256 οί
311 3202 449 3273 πρὸς
483 3203 551 3255 τὰ
576 3203 806 3272 ἑσπέρια
840 3200 1118 3262 οἰκοῦντες
1155 3200 1318 3270 μέρη,
1356 3199 1635 3252 τουτέστιν
1665 3200 1692 3250 ὁ

1803 3197 2160 3265 tranquillitas
2190 3197 2312 3252 fuit.

104 3294 222 3348 τῶν
264 3296 506 3365 Ἀϐόιρων
539 3293 760 3366 ἡγεμὼν
791 3295 885 3346 καὶ
911 3296 960 3346 οἱ
1021 3295 1280 3347 ἐπέκεινα
1341 3293 1604 3363 ἄρχοντες
1640 3291 1749 3343 τῶν
1792 3290 1928 3362 πρὸς
1983 3292 2136 3345 δύσιν
2191 3290 2614 3360 παρακειμένων
2670 3289 2873 3357 ἐθνῶν,
2937 3291 3024 3345 διὰ
3083 3292 3364 3363 πρέσϐεων

103 3386 262 3456 δῶρα
293 3387 371 3456 τῷ
416 3386 626 3456 βασιλεῖ
653 3384 962 3446 στείλαντες
999 3387 1222 3455 εἰρήνην
1256 3383 1530 3454 ἐζήτησαν
1552 3399 1565 3413 ·
1600 3385 1684 3451 ἐφ’
1723 3378 1804 3445 οἷς
1836 3382 2081 3446 εἴξαντος
2112 3382 2206 3436 τοῦ
2273 3381 2536 3450 βασιλέως
2574 3383 2766 3453 εἰρήνη
2801 3383 2861 3435 τὸ
2919 3383 3104 3436 λοιπὸν
3135 3384 3227 3437 καὶ
3261 3401 3365 3452 γα·-

104 3478 252 3550 λήνη
301 3477 356 3531 ἑν
411 3495 473 3532 τε
504 3481 615 3540 τοῖς
671 3477 824 3546 ἑῴοις
867 3476 923 3529 ἑν
962 3495 1019 3529 τε
1049 3479 1162 3540 τοῖς
1211 3477 1488 3546 ἑσπερίοις
1522 3474 1873 3545 ἑϐραϐεύετο.
1904 3475 2015 3527 Καὶ
2043 3474 2216 3528 ταῦτα
2254 3474 2352 3543 μὲν
2379 3474 2550 3535 οὓτως
2579 3468 2716 3545 εἶχε.

177 3570 419 3624 Λεκτέον
446 3569 503 3622 δὲ
533 3569 632 3638 ήδη
678 3568 808 3638 περ)⁸
849 3569 945 3636 τῆς
975 3566 1082 3619 τῶν
1110 3566 1424 3636 λεγομένων
1468 3565 1684 3619 υῦννων

102 3663 206 3716 καὶ
253 3661 579 3730 Βουλγάρων
636 3660 812 3730 ἀρχῆς
871 3660 966 3712 καὶ
1025 3660 1414 3721 καταστάσεως
1481 3657 1680 3709 αὐτῶν.

99 3755 248 3826 Περὶ
296 3754 397 3824 τὴν
443 3751 693 3806 Μαιῶτιν
739 3751 850 3822 (91)
899 3751 1099 3820 λίμνην
1140 3753 1282 3803 κατὰ
1316 3749 1408 3801 τὸν
1439 3751 1683 3817 Κώφηνα

1862 3563 2016 3619 Nunc
2041 3566 2107 3620 de
2153 3565 2496 3629 Hunnorum,
2535 3575 2592 3618 ut
2635 3574 2853 3630 vocant,
2889 3579 2951 3619 ac
3003 3564 3362 3634 Bulgarorttm

1790 3655 2102 3726 primordiis
2145 3656 2432 3710 dicendum
2459 3665 2560 3721 est,
2585 3671 2801 3724 quoque
2841 3657 2998 3711 modo
3039 3657 3090 3710 in
3124 3659 3190 3711 iis
3220 3661 3362 3712 sedi-

1792 3748 1890 3800 bus
1946 3747 2226 3801 c0nstituti
2273 3755 2417 3800 sunt.
2451 3747 2534 3801 Ad
2575 3745 2873 3802 Maeotidem
2929 3748 3175 3818 paludem
3206 3748 3362 3816 juxta

1393 3899 1628 3960 νΛιιιλΕ
1666 3898 2072 3956 LECTIONES.

180 4021 230 4054 “
252 4020 490 4076 τούτουῗ
516 4020 587 4076 cl'.
612 4035 666 4089 p.
699 4019 788 4081 15,
829 4019 914 4072 17.

1480 4111 1754 4184 PETAVll
1783 4127 2017 4191 norm.

176 4271 297 4340 (88)
357 4269 542 4340 Ἐπτᾲ
586 4263 699 4322 οὖν
743 4262 1178 4340 ξτεᾳιερδοτίρῑι
1226 4263 1582 4340 Theophanes
1623 4276 1677 4319 et

93 4334 384 4400 Cedrenus
415 4357 464 4393 a.
489 4337 828 4393 ConStantini
855 4334 1202 4388 9‘Mardaitas
1223 4334 1486 4388 Libanum
1523 4352 1676 4389 mon-

96 4425 221 4468 tem
255 4401 574 4479 occup'asse,
616 4403 1219 4479 tantumque_Barba_ris
1278 4404 1536 4479 iniecisse
1563 4417 1676 4479 ter-

96 4497 293 4538 rorem
323 4473 598 4546 iit-pacem
640 4477 788 4530 illico
844 4490 874 4528 a
922 4473 1186 4546 Romanis
1235 4475 1506 4546 petierint.
1550 4474 1673 4527 Jam

98 4551 262 4638 ειυοεέ
284 4549 315 4602 ⁷
351 4541 1673 4638 tansjnari'ﬁscoite23:39.39{Elaeenses

96 4611 342 4691 Cpolim,
392 4619 532 4691 idem
586 4616 860 4691 Cedrcnns
904 4627 967 4691 ac
1007 4611 1360 4691 Theopnttanes
1406 4611 1673 4691 allirmare

89 4681 380 4745 videntur.
410 4688 610 4740 Verum
644 4685 745 4738 sub
772 4683 888 4750 ejus
915 4682 1138 4749 imperio
1169 4681 1510 4735 Constantini
1546 4697 1674 4736 non-

83 4761 211 4817 nisi
260 4773 403 4811 anno
437 4757 470 4811 5
529 4757 583 4810 in
636 4754 924 4808 Thraciam
991 4751 1154 4803 delati
1192 4761 1318 4804 sunt
1354 4751 1672 4820 eodemque

81 4843 250 4885 anno
284 4827 588 4881 conlectum
621 4833 706 4878 est
727 4837 827 4890 ope
854 4821 1031 4875 divina
1065 4821 1284 4890 bellum.
1337 4819 1516 4886 Quare
1544 4819 1668 4876 cnm

79 4899 363 4967 ambigue
435 4897 728 4967 loquantur
769 4889 896 4954 illi,
952 4891 1024 4943 de
1057 4899 1167 4943 toto
1217 4889 1339 4944 belli
1404 4900 1668 4960 tempore,

68 4964 448 5039 quod-etiam
474 4965 574 5019 sub
595 4964 1131 5039 Constantengestum
1163 4968 1268 5039 est,
1307 4975 1418 5039 par:
1436 4970 1516 5039 est
1561 4977 1670 5039 tau-

63 5029 297 5095 uiarum
333 5050 614 5090 numerum
655 5031 844 5098 accipi.
884 5031 1092 5083 Etenim
1124 5045 1176 5083 a.
1212 5031 1326 5096 ejus
1351 5029 1420 5083 26
1440 5031 1670 5084 Chalce-

65 5111 301 5164 donem
337 5106 542 5174 appulsi
572 5105 808 5174 maxim_a
839 5101 962 5154 inde
1003 5101 1188 5174 prteda
1245 5100 1400 5168 potiti
1452 5109 1598 5174 sunt,
1638 5117 1666 5153 a

57 5193 210 5246 quo
247 5168 488 5244 tempore
517 5175 622 5246 ad
654 5190 706 5226 a.
753 5168 1014 5246 Pogpnati
1070 5168 1316 5246 quintum
1373 5170 1498 5246 anni
1544 5179 1669 5223 sunt

55 5239 530 5316 deptetiifAtqui
557 5244 718 5316 etiam
748 5257 800 5293 a.
837 5239 1245 5316 constantis-‘21
1306 5247 1362 5316 et
1408 5241 1668 5316 deinceps

45 5307 303 5384 saEpius
331 5315 383 5368 in
431 5307 718 5369 Thraciam
761 5310 1102 5377 navigarunt.
1138 5307 1278 5374 Ergo
1317 5310 1393 5384 ita
1441 5309 1664 5362 forsitan

45 5378 474 5452 componenda
512 5399 598 5437 res
649 5390 754 5444 est,
786 5389 866 5436 ut.
921 5387 1230 5452 quanquam
1278 5378 1458 5452 plures
1495 5393 1668 5433 annos

39 5447 304 5518 bellum
329 5453 583 5516 tenuerit,
609 5459 788 5503 tamen
815 5447 1028 5502 nonnisi
1054 5448 1252 5518 septies
1269 5447 1474 5514 Cpulit'n
1500 5463 1668 5516 usque

41 5517 471 5601 inopulahundi
501 5521 864 5601 pervenerint.
905 5518 1131 5601 Insignis
1162 5517 1250 5601 hic
1287 5533 1466 5601 annus
1521 5519 1666 5600 tiori-

36 5589 329 5657 éta'utini
372 5589 596 5661 quintus
646 5591 745 5643 luit
795 5589 1052 5661 Graeculi,
1126 5595 1184 5637 nt
1237 5599 1486 5661 vocant,
1517 5589 1665 5661 ignis

41 5664 342 5723 gnt'ttﬁcio
379 5658 487 5715 tittu
541 5676 779 5730 reperto,
833 5658 986 5730 cujus
1040 5667 1319 5730 attctorettt
1375 5658 1665 5730 perhibent

35 5735 421 5797 Callinicum
460 5725 770 5805 quemdam,
800 5729 1156 5784 architectum
1202 5725 1662 5794 lleliopolitanum

1781 4279 1812 4320 e
1845 4263 2002 4330 Syria
2029 4280 2042 4327 ;
2083 4276 2190 4330 quo
2226 4259 2563 4330 potissimum
2592 4261 2818 4315 Barbari
2840 4262 3104 4330 proﬂigati
3134 4277 3281 4321 sunt.

1857 4328 1965 4404 (89)
2016 4328 2175 4398 "PB?
2233 4328 2327 4404 δέζ
2362 4329 2483 4404 τοῖς
2544 4330 2896 4404 πελάζουσις
2952 4328 3170 4403 Syleum
3215 4338 3356 4389 inter

1783 4399 1961 4473 Lyciae
1996 4406 2162 4473 urbes
2205 4409 2260 4454 et
2296 4399 2624 4473 Pamphylia:
2658 4411 2909 4473 numerat
2954 4399 3354 4458 Constantinus

1707 4459 1752 4516 D
1781 4459 2118 4542 Pbrpnyrog.
2150 4472 2187 4542 l.
2225 4485 2240 4522 t
2295 4459 2601 4542 pethtem.
2645 4488 2673 4542 ιι
2709 4468 2974 4542 Vulcanio
3007 4475 3171 4526 edito.
3235 4475 3354 4528 Ste-

1781 4537 1992 4613 phanus
2032 4537 2742 4613 :Zulatgv'ato'ltgfbpuyia;
2772 4539 2860 4592 διὰ
2909 4543 3006 4612 τῆς
3047 4559 3096 4596 ει
3130 4544 3354 4613 διφοόγ.

1776 4608 1898 4678 you.
1943 4612 2100 4684 Τινὲς
2139 4613 2198 4665 δὲ
2232 4608 2586 4676 Παμφυλίας.
2623 4612 2859 4664 Advertc
2888 4608 2984 4680 per
3011 4629 3082 4678 ει,
3114 4608 3217 4667 non
3256 4608 3354 4684 per

1773 4700 1830 4736 αι
1864 4681 2229 4735 scribendum.

1847 4752 1958 4821 (90)
2001 4750 2054 4821 ’ρ
2077 4750 2143 4802 δὲ
2163 4749 2280 4805 τῶν
2300 4749 2684 4821 Σαρακηνῶ-ις,
2734 4749 2955 4821 Accidit
2979 4751 3078 4805 hoc
3115 4767 3165 4805 a.
3200 4753 3341 4807 Con-

1774 4818 1998 4875 stantini
2032 4819 2086 4881 9,
2116 4835 2239 4873 cum
2277 4821 2536 4875 Saraceni
2568 4837 2595 4872 a
2624 4818 2907 4872 Marrlaitis
2939 4819 3126 4874 Libani
3188 4839 3345 4877 mon-

1775 4895 1844 4946 tis
1881 4889 2251 4945 insessoribus
2283 4899 2688 4960 premerentur.
2729 4889 2835 4942 Sed
2867 4891 3008 4957 quod
3055 4894 3121 4942 ad
3162 4895 3350 4960 tributi

1773 4975 2039 5014 summam
2065 4959 2324 5025 pertinet,
2351 4961 2508 5026 longe
2536 4977 2565 5014 a
2591 4959 2894 5025 Nicephoro
2920 4961 3148 5013 discedit
3173 4959 3350 5015 Then-

1773 5033 2172 5114 Pilatles‘,'dtltll.
2224 5032 2303 5114 ait
2353 5029 2634 5114 ἔγγραφον
2671 5027 3177 5114 γενέσθαιιείρήνης
3229 5029 3350 5114 μεθ’

1770 5102 1934 5170 ὅρκου
1971 5098 2128 5172 λόγον
2157 5099 2248 5152 ἐπὶ
2282 5098 2576 5172 συμφώνου
2609 5099 2831 5172 ἑτησίολυ
2867 5098 3073 5172 πὸικτου
3117 5100 3350 5172 παρέχε-

1773 5165 1897 5222 σθαι
1931 5171 1996 5241 τῇ
2038 5165 2321 5241 Ῥωμαϊκῇ
2354 5165 2606 5241 πολιτείᾳ
2631 5165 2820 5241 ξιπαρὰ
2875 5165 2986 5241 τῶν
3030 5165 3349 5241 ᾊςγαρηνῶν

1771 5236 1993 5310 χρυσοῦ
2019 5236 2262 5308 χιλιάδας
2296 5236 2590 5310 ’τξελγκαῖ
2623 5236 2824 5310 ἄνδρας
2866 5236 3261 5310 αἰχμαλώτους
3299 5239 3351 5310 η’

1769 5305 2161 5377 χιλιάδας,’καί
2186 5311 2390 5372 ἵππους
2415 5305 2658 5375 εὐγενεῖς
2698 5312 2774 5377 ν’.
2801 5305 3056 5361 Immanis
3113 5305 3351 5375 pensita-

1772 5375 1882 5444 tio;
1916 5389 1971 5431 at
1997 5379 2279 5448 Cedrcnus
2312 5379 2538 5448 χρυσίου
2567 5375 2901 5448 χιλιάδαςμικ

1841 5450 1954 5518 (91)
1984 5447 2124 5518 Περὶ
2156 5449 2272 5516 τὴν
2292 5444 2599 5518 ΜὰιῶζικΪ
2628 5445 2742 5518 His_
2771 5444 2957 5518 allium
2997 5444 3064 5518 de
3096 5445 3349 5518 Bulgaris

1771 5512 1956 5572 narrat
1987 5512 2349 5585 'l'h'eotiltanes
2383 5534 2435 5584 ιι.
2462 5515 2568 5570 296
2600 5546 2670 5560 -—
2715 5512 3040 5585 8.__Suhjicit
3083 5512 3351 5572 Censtan-

1771 5591 1866 5658 tini
1899 5582 2158 5642 adversus
2182 5603 2276 5642 eus
2318 5582 2748 5658 expeditionem.
2785 5582 2984 5658 ΙιιμυεΔ
3002 5589 3349 5658 παρεκϐολῆς

1770 5656 2015 5710 Latinam
2053 5651 2550 5726 interpretationem
2583 5671 2648 5710 ex
2684 5651 2921 5707 Misce'lla
2953 5651 3100 5710 Pauli
3130 5651 3346 5715 υηιρυίιί

1770 5739 1955 5796 petere
1989 5729 2165 5797 quivis
2196 5725 2393 5796 potest,
2455 5725 2548 5796 qui
2571 5728 2852 5798 plerisque
2871 5727 2929 5780 'iu
2976 5727 3131 5781 libris
3162 5728 3343 5784 Then-
