3928 6166
445 292 544 357 931

1470 295 1532 355 S.
1577 293 2000 355 NICEPHORI
2040 295 2545 356 PATRIARCILE
2584 298 2692 356 (ΞΡ.

3605 306 3716 370 932

443 403 741 474 Cophinem
792 402 1012 458 ﬂuvium
1043 403 1146 458 sita
1175 411 1259 459 est
1292 419 1484 474 magna
1518 403 1792 472 Bulgaria,
1829 411 1882 458 et
1903 418 2021 476 quae

2125 405 2371 474 ποταμὸν
2423 395 2748 460 καθίσταται
2799 407 2831 477 ἡ
2900 407 3066 462 πάλαι
3117 408 3430 482 καλουμένη
3491 416 3709 487 μεγάλη

443 497 799 564 Cotragorum
831 511 960 561 gens
991 495 1189 550 dicitur
1217 495 1458 564 ejusdem
1499 511 1620 549 cum
1659 495 1763 548 illis
1787 495 2021 565 generis.

443 586 612 640 Porro
636 586 973 641 Constantini
1004 595 1270 654 tempore,
1300 586 1390 655 qui
1441 587 1493 639 in
1534 584 1826 640 Occidente
1853 585 2008 650 obiit,

425 677 680 733 'Curatus
735 679 957 746 quidam
993 679 1232 748 gentium
1273 677 1482 731 illarum
1513 677 1768 746 princeps
1807 691 1872 730 ex
1922 676 2024 731 hac

421 769 556 823 "vita
610 770 892 824 discedens
931 771 1170 838 quinque
1222 769 1358 824 lilios
1389 770 1628 838 reliquit,
1672 769 1870 834 quibus
1921 768 2025 821 hoc

448 869 772 913 testamento
803 859 1074 928 praecepit,
1101 875 1167 914 ne
1203 860 1428 915 seorsim
1469 875 1497 912 a
1550 874 1611 914 se
1659 859 1891 914 invicem
1920 859 2022 912 ha-

449 949 709 1010 bitarent,
753 965 857 1016 quo
882 949 1170 1014 imperium
1223 949 1494 1003 communi
1527 949 1816 1003 concordia
1853 949 2022 1004 stabi-

449 1041 631 1095 lirent.
658 1041 726 1093 At
758 1040 828 1092 illi
856 1041 1093 1108 paternis
1123 1041 1391 1095 mandatis
1424 1040 1681 1110 neglectis
1718 1039 1877 1108 paulo
1904 1049 2024 1110 post

449 1131 679 1196 sejuncti
709 1139 854 1195 sunt,
883 1131 1016 1183 adeo
1049 1139 1107 1184 ut
1135 1144 1288 1184 suam
1319 1132 1548 1199 quisque
1579 1131 1759 1200 pepuli
1810 1141 2020 1200 partem

450 1222 763 1276 abduceret.
826 1221 1025 1274 Horum
1087 1221 1294 1289 primus
1357 1221 1616 1275 Basianus
1668 1235 1733 1274 ex
1781 1221 2022 1288 parentis

448 1321 718 1382 praecepto
744 1311 922 1379 patrio
955 1311 1008 1364 in
1037 1310 1228 1365 soloin
1261 1311 1400 1364 hanc
1435 1326 1603 1378 usque
1635 1311 1777 1365 diem
1810 1311 2020 1365 consti-

454 1405 537 1458 tit.
575 1401 858 1456 Sccundns
885 1401 1147 1471 Cotragus
1176 1403 1497 1458 transmisso
1521 1401 1690 1456 Tanai
1719 1404 1910 1456 horum
1952 1418 2020 1456 ex

451 1493 680 1546 adverso
709 1494 862 1545 sedes
907 1493 1108 1561 posuit.
1132 1493 1369 1557 Quartus
1406 1502 1556 1546 trans
1604 1495 1801 1546 lstrum
1860 1507 2021 1561 penc~

454 1591 622 1658 trans,
661 1582 713 1634 in
745 1580 1047 1646 Pannonia,
1103 1597 1224 1650 qua:
1270 1596 1413 1635 nunc
1457 1582 1557 1636 sub
1585 1581 1883 1634 Avarorum
1924 1595 2023 1650 po-

451 1680 648 1726 testate
685 1681 786 1737 est,
821 1671 1026 1726 findere
1049 1688 1169 1726 cum
1202 1673 1595 1726 habitatoribus
1630 1673 1762 1726 inito
1794 1671 2021 1726 domici-

2127 495 2433 566 Βουλγαρία
2492 497 2588 550 καὶ
2639 497 2688 550 ei
2745 496 3027 567 λεγόμενοι
3068 498 3378 570 Κὸτραγοι,
3439 503 3711 572 ὁμόφυλοι

2126 587 2304 641 αὐτῶν
2341 588 2434 639 καὶ
2464 581 2608 640 οὗτοι
2643 587 3022 656 τυγχάνοντες.
3065 587 3155 642 Ἐν
3185 587 3242 640 δὲ
3266 591 3381 651 τοῖς
3412 591 3714 645 Κωνσταν-

2123 677 2270 730 τίνου
2300 676 2516 746 χρόνοις
2543 675 2602 738 ὃς
2633 677 2775 730 κατὰ
2799 677 2894 748 τὴν
2916 676 3068 730 δύσιν
3096 677 3350 731 ἐτελεύτα
3369 720 3386 746 ,
3419 679 3711 752 Κουρᾶτός

2123 785 2207 830 τις
2236 767 2472 838 τοῠνομα
2503 767 2692 840 κύριος
2717 770 3010 839 γενόμενος
3031 770 3141 822 τῶν
3168 771 3348 839 φύλων
3378 772 3590 827 τούτων
3617 774 3713 830 τὸν

2127 859 2240 930 βίον
2274 860 2610 930 μεταλλάξας
2648 861 2813 913 πέντε
2853 861 3256 929 καταλιμπάνει
3288 863 3460 926 υίοὺς,
3493 865 3583 934 ἐφ’
3626 862 3712 928 οἷς

2122 949 2419 1002 διατίθεται
2484 949 2749 1020 μηδαμῶς
2799 950 2900 1018 τῆς
2951 949 3200 1018 ἀλλήλων
3257 953 3711 1024 ἀναχωρισθῆναι

2121 1037 2352 1107 διαίτης,
2375 1037 2451 1100 ὡς
2473 1036 2538 1090 ἂν
2563 1037 2649 1089 διὰ
2675 1037 2774 1104 τῆς
2799 1039 2934 1108 πρὸς
2960 1038 3226 1109 ἀλλήλους
3261 1040 3478 1103 εὐνοίας
3507 1041 3578 1093 τὰ
3604 1042 3711 1111 τῆς

2122 1132 2297 1202 ἀρχῆς
2331 1129 2509 1184 αὐτῶν
2537 1128 2874 1192 διασώζοιτο.
2907 1124 3066 1184 Οὗτοι
3100 1131 3274 1201 μικρὰ
3298 1132 3398 1202 τῆς
3431 1135 3713 1203 πατρικῆς

2124 1223 2510 1294 φροντίσαντες
2533 1220 2910 1290 παραινέσεως
2935 1219 3118 1287 ὀλίγου
3155 1221 3547 1291 παρῳχηκὸτος
3578 1221 3710 1291 χρό-

2122 1331 2213 1367 νου
2256 1313 2544 1384 διέστησαν
2597 1311 2882 1380 ἀλλήλων,
2919 1310 3152 1373 ἕκαστος
3197 1311 3377 1364 αὐτῶν
3425 1310 3520 1364 τοῦ
3571 1309 3709 1363 λαοῦ

2123 1403 2252 1456 ῐδιον
2300 1403 2466 1472 μέρος
2497 1399 2942 1469 ἀποτεμνόμενος
2965 1415 2978 1427 ·
3027 1393 3101 1452 ὧν
3147 1401 3174 1452 6
3217 1401 3316 1470 μὲν
3349 1400 3570 1467 πρῶτος
3601 1399 3711 1452 Ba-

2124 1488 2304 1551 σιανδς
2351 1488 2396 1518 ⁸⁸
2439 1486 2551 1557 (92)
2604 1487 2717 1549 υίὸς
2759 1486 3056 1554 λεγόμενος
3102 1489 3243 1542 κατὰ
3276 1488 3346 1540 τὰ
3377 1488 3709 1540 ἐντειλθέντα

2121 1579 2270 1648 αὐτῷ
2300 1577 2451 1648 παρὰ
2481 1577 2575 1630 τοῦ
2608 1577 2814 1644 πατρὸς
2847 1579 2904 1629 ὲν
2929 1570 2995 1648 τῇ
3031 1583 3331 1650 προγονικῇ
3362 1583 3429 1652 τῇ
3460 1581 3706 1651 διέμεινε

2132 1668 2291 1738 μέχρι
2319 1667 2412 1720 τοῦ
2447 1667 2628 1737 δεῦρο,
2662 1669 2691 1719 ὁ
2722 1667 2778 1719 δὲ
2807 1666 3058 1737 δεύτερος
3091 1669 3382 1738 λεγόμενος
3419 1673 3709 1740 Κότραγος

452 1765 582 1818 lium
633 1763 879 1816 collocat.
917 1761 1152 1828 Quintus
1195 1763 1246 1816 in
1283 1764 1648 1818 Ravennatem
1679 1761 2017 1832 Pentapolim

2123 1763 2212 1816 τὸν
2243 1761 2444 1815 Τάναϊν
2473 1761 2802 1832 περαιωθεὶς
2833 1763 3077 1832 ποταμὸν
3107 1763 3289 1834 ᾤκησε
3318 1765 3527 1817 τούτων
3550 1764 3708 1820 ἀντι-

451 1854 662 1906 delatus
693 1867 758 1906 ac
797 1851 1162 1906 Romanorum
1194 1853 1472 1922 vectigalis
1506 1854 1680 1906 factus
1725 1863 1828 1906 est.
1861 1854 2021 1907 Deni-

451 1960 557 2015 que
579 1946 770 1998 tertius
801 1944 1078 2011 Asparnch
1107 1945 1324 1998 nomine
1350 1944 1619 2012 Danaprin
1653 1951 1705 1996 et
1732 1943 2018 1998 Danastrin

451 2037 560 2108 39
609 2038 832 2088 [lumina
888 2035 1164 2103 trajicieus
1198 2035 1264 2086 ad
1301 2034 1598 2087 Danubium
1630 2035 1897 2095 consedit,
1932 2035 2019 2088 tibi

451 2130 628 2184 locum
661 2127 727 2200 ad
759 2127 1106 2180 habitandum
1128 2126 1379 2180 idoneum
1406 2126 1708 2192 occupavit,
1731 2139 1894 2193 quem
1925 2137 2022 2178 sua

454 2222 632 2289 lingua
661 2220 853 2286 Oglutll
889 2218 1178 2286 appellant,
1201 2233 1421 2273 accessu
1453 2217 1725 2272 difﬁcilem
1749 2225 1805 2271 et
1839 2216 2018 2271 hosti-

455 2313 555 2365 bus
586 2310 1084 2380 inexpugnabilem;
1110 2309 1262 2376 cujus
1279 2311 1548 2362 anteriora
1561 2309 1698 2363 situs
1725 2309 2019 2377 asperitate

453 2414 509 2456 et
529 2403 813 2472 paludibus
838 2399 1045 2454 munita
1066 2410 1213 2467 sunl,
1245 2401 1540 2471 posteriora
1557 2401 1848 2470 prteruptis
1867 2399 2037 2469 rupi...

2118 1853 2244 1924 κρὺ,
2275 1857 2303 1906 6
2345 1853 2404 1906 δὲ
2449 1853 2708 1923 τέταρτος
2751 1855 2844 1907 τὸν
2881 1856 3096 1924 Ἴστρον
3134 1857 3379 1926 ποταμὸν
3415 1856 3613 1919 διαϐὰς
3645 1859 3707 1908 ὲν

2121 1943 2388 2015 Παννονίᾳ
2421 1947 2486 2014 τῇ
2529 1943 2622 1997 νῦν
2672 1944 2777 1997 ὑπὸ
2818 1944 3072 2015 Ἀὁάροις
3120 1948 3374 2017 κειμένῃ,
3412 1946 3706 2008 αὐλίζεται

2122 2036 2456 2099 ὑπόσπονδος
2495 2035 2575 2107 τῷ
2603 2037 2860 2107 ἐγχωρίῳ
2886 2037 3029 2090 ἔθνει
3056 2038 3376 2109 γενόμενος,
3404 2039 3432 2090 ὁ
3453 2038 3515 2090 δὲ
3556 2038 3708 2108 πέμ-

2123 2143 2256 2188 πτος
2278 2127 2418 2180 κατὰ
2443 2127 2542 2196 τὴν
2575 2127 2966 2197 Ῥαόεννησίαν
2991 2129 3317 2182 πεντάπολιν
3340 2129 3706 2198 ἱδρυσάμενος

2127 2215 2400 2285 ὑπόφορος
2436 2215 2726 2285 Ῥωμαίοις
2752 2217 2987 2284 ἐγένετο.
3015 2217 3235 2269 Τούτων
3260 2219 3288 2270 ὁ
3310 2217 3496 2280 λοιπές
3520 2217 3704 2286 τρίτος

2126 2305 2353 2375 ἁδελφὸς
2411 2307 2581 2377 ὄνομα
2640 2307 2954 2378 Ἀσπαροὺχ
3002 2309 3095 2362 τὸν
3137 2311 3416 2378 Δαναπριν
3472 2310 3571 2360 καὶ
3609 2307 3703 2359 τδν

2123 2399 2424 2469 Δάναστριν
2445 2398 2556 2471 (95)
2584 2399 2823 2469 ποταμὸν
2853 2399 3184 2470 περαιωθεὶς
3215 2401 3341 2472 περὶ
3365 2401 3459 2452 τὸν
3487 2401 3702 2467 Ἴστρον

1755 2548 1988 2604 VARIE
2026 2548 2426 2606 LECTIONES.

525 2668 570 2699 "
593 2667 707 2730 υἱὸς
744 2665 1047 2730 Βασιανόςῖ

1809 2754 2084 2812 PETAVII
2119 2753 2344 2810 NOTAE.

455 2899 688 2968 phanem
719 2897 783 2950 ad
803 2896 1034 2968 verbum
1053 2893 1250 2958 reddit,
1277 2895 1576 2968 praesertim
1601 2893 2014 2964 posterioribus,

459 2965 515 3021 iit
540 2983 606 3020 ex
639 2967 838 3032 iisquze
868 2965 1093 3034 sparsim
1119 2966 1503 3030 exscripsimus
1533 2973 2013 3034 constarclpotest.

457 3036 590 3090 Nam
623 3032 976 3104 prioribusin
1001 3035 1149 3086 libris
1170 3035 1325 3104 longe
1353 3034 1596 3104 diVersus
1630 3049 1658 3086 a
1679 3032 2016 3100 TlIeOphane

458 3103 726 3158 Diaconos
759 3113 872 3169 est;
909 3105 957 3155 id
994 3105 1136 3171 quod
1167 3103 1272 3156 alio
1298 3104 1414 3156 loco
1469 3103 1942 3156 demonstrabitur.

529 3175 668 3226 Ibid.
693 3171 858 3224 Multa
900 3185 1023 3225 sunt
1057 3175 1232 3225 hacin
1267 3174 1613 3239 tepographia
1660 3187 1946 3238 perperam
1983 3187 2014 3226 a

458 3243 786 3308 Theophane
807 3243 1092 3308 descripta.
1107 3242 1346 3293 Primum
1368 3240 1487 3293 Atel
1505 3244 1772 3306 ingentem
1799 3241 2017 3294 ﬂuvium

459 3315 655 3366 asserit
679 3327 796 3362 cum
836 3310 1002 3362 Tanai
1038 3311 1251 3362 misceri
1310 3322 1468 3376 atque
1501 3311 1552 3362 in
1589 3309 1888 3363 Maeotidem
1921 3312 2017 3361 de-

464 3395 684 3432 currere
717 3396 729 3431 :
772 3383 864 3431 sed
901 3391 1056 3431 antea
1095 3394 1286 3431 rursus
1312 3394 1340 3430 a
1370 3379 1538 3431 Tanai
1588 3381 1865 3433 diductum
1913 3379 2018 3432 Co-

462 3451 677 3521 phinem
710 3449 793 3504 vel
823 3450 1097 3521 lacerevel
1127 3449 1378 3516 excipere
1402 3453 1547 3518 (nam
1572 3449 2017 3521 ainliigueloqui-

465 3517 593 3590 iur).
626 3530 786 3586 atque
825 3523 874 3590 i_n
906 3520 1189 3572 Ponticum
1220 3517 1514 3590 egonerare
1546 3533 1684 3580 sese,
1715 3522 1781 3590 ad
1807 3517 2014 3590 Necro-

462 3587 579 3660 pyla
604 3600 657 3643 et
693 3588 862 3658 Κριοῦ
889 3590 1198 3658 πρόσωπον.
1248 3587 1383 3660 sunt
1420 3591 1533 3660 h:_ec
1580 3588 1789 3660 aegroti
1817 3589 2014 3660 veteris

465 3657 695 3713 somnia.
726 3657 843 3711 Atel
869 3657 1008 3712 idem
1042 3669 1123 3710 est
1152 3673 1270 3710 eum
1304 3658 1417 3710 llha
1442 3657 1723 3710 Sarmatian
1767 3657 2016 3712 Asiatica

462 3730 664 3797 iltgettli
691 3743 820 3781 sane
851 3728 1032 3790 ﬂuvio,
1073 3741 1230 3795 quem
1269 3726 1397 3780 Ede!
1447 3728 1513 3779 ab
1543 3728 1740 3797 accolis
1771 3725 2015 3781 Tartaris

461 3795 729 3863 lio—dieque
764 3799 1031 3850 nominari
1057 3797 1318 3860 referunt,
1369 3797 1433 3848 ab
1473 3797 1596 3848 aliis
1635 3795 1818 3863 Volgo.
1874 3798 1939 3847 At
1970 3797 2014 3850 is

461 3882 634 3936 neque
651 3883 771 3921 cum
799 3865 966 3918 Tanai
1000 3867 1188 3919 miscet
1215 3869 1400 3921 undas.
1419 3880 1588 3933 neque
1607 3866 1659 3918 in
1689 3865 2012 3936 Mmotidem,

461 3933 561 3988 sed
593 3940 643 3988 iu
680 3937 986 4005 Hyrcanum
1018 3937 1232 4004 pelagus
1251 3936 1536 4005 evolvitur.
1590 3936 1696 4005 sed
1723 3944 1778 3986 et
1808 3933 2010 4005 falsum

461 4005 668 4058 Tanain
699 4003 766 4059 ab
801 4003 1023 4058 lbericis
1052 4005 1195 4074 Pylis
1243 4016 1336 4057 :mt
1367 4004 1608 4058 Caucaso
1633 4003 1818 4056 ﬂuere.
1853 4003 2006 4074 Quod

462 4091 590 4128 vero
650 4083 950 4128 monstrum
990 4073 1385 4141 hic’procreat,
1442 4089 1564 4126 cum
1622 4075 1688 4125 ab
1742 4073 1915 4124 Atelis
1959 4079 2014 4123 et

463 4144 662 4198 Tatiiais
706 4146 940 4197 divortio
972 4144 1168 4196 exinde
1224 4141 2013 4211 CephinenriinKptooarpés-

461 4230 610 4266 ωπον
677 4214 917 4293 derivat?
964 4213 1116 4290 quasi
1181 4210 2009 4293 lilii-:17traiisl‘anainelapsus,

465 4284 767 4338 innumeris
791 4279 1085 4352 penetratis
1107 4283 1383 4342 amnibus,
1421 4295 1484 4333 ac
1515 4280 1800 4352 Tauricam
1841 4279 2011 4352 Cher-

461 4368 738 4414 sonesum,
791 4349 964 4418 'quam
1015 4351 1122 4401 lata
1170 4360 1272 4410 est,
1325 4364 1578 4401 emensus
1621 4350 1672 4400 in
1722 4349 2006 4401 Ponticum

2126 2889 2532 2963 ctisjutrinque
2583 2891 2849 2963 introrsus
2881 2892 3074 2963 pandis
3097 2901 3152 2947 et
3187 2893 3382 2961 patulis
3435 2899 3701 2957 cornibus

2124 2962 2352 3032 eﬂigiem
2419 2961 2559 3016 lunae
2612 2961 2978 3016 decrescentis
3026 2966 3297 3023 ostendat.
3343 2969 3692 3024 medietatem

2125 3042 2268 3085 recta
2294 3032 2611 3101 et_rotunda
2641 3032 2825 3100 regula
2859 3033 3150 3101 dividente,
3198 3049 3217 3083 ι
3250 3034 3481 3101 primum
3516 3053 3688 3092 cornu

2120 3102 2189 3153 ab
2218 3115 2314 3172 ora
2357 3099 2603 3172 Thracia:
2632 3102 2682 3153 in
2708 3099 2913 3172 ’Kptoii
2961 3101 3210 3169 μέτωπον
3234 3099 3536 3172 ξιίεείιιωϊ,
3573 3110 3697 3161 inde

2121 3170 2322 3237 regulae
2381 3171 2550 3223 instar
2579 3170 2804 3223 extento
2841 3170 3169 3225 Chersonesi
3230 3170 3414 3227 littore
3445 3175 3687 3230 alterum

2119 3254 2286 3291 coiuu
2353 3239 2685 3308 aliquantum
2755 3255 2916 3307 supra
2967 3239 3323 3292 Cimmerium
3387 3243 3691 3308 Bosporum

2119 3308 2385 3371 inchoari,
2418 3307 2764 3376 indidemque
2803 3309 2983 3376 procul
3017 3309 3081 3362 ad
3111 3308 3342 3363 Colchos
3375 3323 3428 3364 et
3489 3307 3692 3368 Phasin

2123 3393 2292 3447 usque
2315 3378 2548 3450 porrigi,
2577 3377 2879 3450 Maeotidem
2912 3392 3072 3450 porro
3101 3377 3308 3450 Envino
3331 3380 3508 3433 Ponto
3537 3400 3694 3450 pror-

2115 3461 2208 3502 sus
2261 3448 2328 3500 ad
2356 3447 3162 3519 septen_trionem_incumbere?
3190 3447 3317 3511 ρυλε
3343 3447 3687 3519 omnia—poe-

2119 3528 2291 3570 tarum
2322 3515 2751 3586 elegantissimus
2779 3516 3064 3586 Dienysius
3090 3518 3118 3567 ὁ
3137 3519 3478 3586 περιηγητὴς
3509 3515 3692 3576 aureis

2124 3589 2373 3642 versibus
2395 3584 2610 3639 cecinit.
2639 3584 2862 3652 Reliqua
2894 3584 3030 3653 apud
3062 3584 3309 3639 eumdem
3344 3584 3690 3646 Auimianum

2114 3672 2220 3710 non
2273 3655 2450 3709 n‘iinus
2477 3654 2723 3717 ridicula,
2757 3655 2902 3708 velut
2926 3670 3047 3724 cum
3079 3654 3386 3724 aACarambi
3423 3674 3684 3724 promnn-

2115 3727 2254 3780 torio
2278 3726 2605 3778 maritimam
2659 3740 2833 3789 oram,
2879 3723 3035 3791 cujus
3089 3721 3252 3794 Halys
3302 3721 3516 3780 initium
3572 3740 3684 3792 est,

2116 3796 2266 3850 nervi
2297 3795 2528 3860 speciem
2566 3794 2824 3848 exhibere
2863 3795 2992 3847 dicit
3019 3794 3227 3848 duabus
3262 3809 3422 3849 arcus
3458 3798 3687 3850 summi-

2116 3864 2319 3918 tatibus
2355 3861 2637 3925 implicati.
2675 3865 2838 3931 Atqui
2893 3864 3048 3930 Iunge
3098 3872 3224 3916 ante
3251 3863 3543 3919 Carambin
3592 3867 3683 3922 ille

2115 3948 2314 3986 nervus
2351 3932 2559 3997 incipit,
2593 3947 2767 4000 neque
2795 3932 2960 4000 llalys
2998 3932 3190 3984 ﬂuvius
3225 3934 3273 3986 ei
3303 3937 3684 3998 promontorio

2114 4001 2483 4072 adeo_vicinus
2513 4011 2618 4072 est.
2646 4001 2798 4072 Mitto
2819 4003 2924 4054 alia
2947 4015 3203 4072 peraque
3232 4002 3457 4066 absona,
3489 4020 3606 4072 qua:
3628 4007 3686 4058 in

2115 4069 2404 4140 hacPonti
2441 4079 2507 4140 et
2545 4070 2598 4122 in
2658 4070 2876 4140 A'Igypti
2911 4070 3307 4140 chorographia
3359 4082 3414 4124 et
3459 4069 3520 4124 in
3553 4075 3684 4128 aliis

2113 4138 2284 4192 ferme
2304 4139 2559 4193 omnibus
2587 4138 2933 4193 committere
2952 4141 3108 4192 solet.
3128 4139 3303 4208 Atque
3331 4152 3390 4192 ut
3410 4156 3477 4193 ex
3507 4140 3687 4196 Theo-

2113 4210 2436 4281 phanislam
2479 4209 2697 4261 turbida
2745 4208 3349 4281 descriptionedliqujdi
3406 4220 3688 4281 utcunque

2113 4276 2336 4347 aliquid
2372 4288 2742 4344 eitprimatur,
2785 4294 3044 4347 magnam
3113 4276 3228 4330 ille’
3255 4279 3560 4347 Bulgariam
3594 4276 3686 4334 'Id

2113 4345 2382 4418 Mzeotidis
2407 4347 2631 4418 palmes
2648 4348 2726 4400 eis
2755 4346 2962 4399 Tanain
2993 4347 3313 4418 constituit,
3343 4345 3432 4410 tibi
3462 4347 3687 4418 Iazyges

463 4425 735 4476 decurrat.
778 4415 1019 4471 inaudita
1075 4421 1231 4486 plane
1260 4420 1526 4471 suntisla.
1555 4418 1625 4471 At
1660 4418 1802 4469 enim
1836 4418 2012 4470 'l‘hco—
2043 4416 2087 4472 D
2115 4425 2169 4468 et
2217 4415 2475 4468 Roxolani
2510 4417 2734 4486 aliique
2766 4418 3006 4486 Scythas
3055 4417 3327 4486 quondam
3395 4419 3478 4469 vel
3547 4415 3685 4473 Sir-

464 4491 627 4559 phani
659 4490 1008 4542 condonanda
1033 4503 1097 4541 eo
1121 4557 1130 4559 _
1151 4489 1318 4554 magis
1367 4487 1836 4559 hzecnoscitantia,
1868 4487 2009 4559 quod

463 4554 517 4611 et
541 4563 591 4611 in
629 4559 975 4611 historiarum
1026 4557 1381 4625 scriptoribus
1433 4556 1553 4609 aliis
1583 4554 1897 4624 plerumque
1930 4554 2014 4609 vel

466 4625 600 4680 tides
644 4633 742 4680 hac
773 4630 824 4678 in
858 4637 1010 4694 parte
1041 4627 1123 4678 vel
1159 4626 1434 4693 diligentia
1481 4627 1780 4678 desiderari
1819 4627 2010 4678 soleat.

464 4698 568 4750 Sed
588 4711 746 4750 nemo
779 4698 828 4748 in
851 4701 952 4748 huc
985 4705 1154 4748 tractu
1176 4695 1493 4749 delineando
1524 4695 1849 4748 luculentius
1869 4702 2015 4747 errat

462 4781 622 4832 quam
660 4766 752 4835 qui
785 4765 1226 4835 accuratissimus
1248 4774 1302 4818 ct
1324 4766 1554 4817 habetur
1589 4763 1931 4835 a_nonnullis
1961 4772 2017 4816 et

464 4836 645 4889 haberi
681 4833 877 4886 ‘volnit
957 4834 1291 4888 Ammianus.
1332 4835 1430 4887 llic
1491 4835 1527 4886 Ι.
1583 4833 1673 4898 22,
1727 4834 1804 4886 sic
1836 4835 2017 4886 Ponti—

461 4921 580 4958 cam
639 4904 780 4958 illam
861 4906 1128 4972 regionem
1189 4905 1499 4956 narratione
1567 4921 1663 4956 sua
1747 4904 2020 4972 deformat

463 4983 522 5028 ut
546 4975 702 5028 aliam
728 4988 793 5026 ex
834 4971 938 5026 ana
970 4984 1186 5040 repente
1212 4972 1495 5026 feceritJn
1529 4975 1715 5041 primis
1744 4971 2016 5025 Euxinum

462 5045 544 5117 ait
569 5045 807 5117 Scythici
872 5058 1029 5117 arcus
1103 5043 1156 5095 in
1215 5045 1714 5117 spec_iem_gcminis
1761 5043 2018 5095 cornibus

462 5112 687 5180 inﬂecti,
741 5115 884 5184 quod
943 5127 1126 5166 verum
1163 5121 1265 5184 est.
1331 5112 1483 5176 Quod
1537 5122 1715 5184 autem
1775 5122 2019 5184 extrema

460 5185 624 5252 hujus
665 5181 821 5238 arcus
847 5183 982 5237 duos
1026 5197 1148 5236 esse
1196 5182 1467 5249 Bosporos
1512 5181 1725 5243 asserit,
1752 5183 2018 5252 _Ciinme-

461 5249 601 5310 rium
650 5265 703 5307 et
755 5253 1070 5315 Thracium,
1115 5254 1214 5306 hoc
1271 5268 1395 5305 vero
1472 5249 1862 5320 perabsurdum
1914 5261 2016 5320 est.

461 5326 625 5378 Addit
676 5327 925 5377 eumdem
971 5322 1240 5376 Euxinum
1299 5319 1565 5374 Maeotidis
1615 5321 1898 5388 paludibus
1953 5319 2020 5373 ad

462 5400 740 5448 Orientem
767 5396 964 5457 claudi,
995 5396 1136 5460 quod
1174 5407 1328 5460 aeque
1359 5389 1746 5460 ἁνιστορησίαν
1773 5389 2022 5460 hominis

461 5468 660 5533 prodit.
689 5467 820 5528 Quis
846 5466 983 5516 adeo
1005 5457 1345 5530 geographia:
1381 5457 1658 5528 rudis,'q'ui
1688 5464 1738 5511 in
1767 5457 2023 5533 Scythico

463 5530 556 5587 illo
587 5550 716 5586 arcu
748 5536 955 5586 nesciat
993 5536 1142 5585 nervi
1183 5535 1352 5584 instar
1378 5533 1677 5584 Asiaticum
1717 5530 2025 5582 esse’littus

465 5619 496 5654 ιι
538 5603 776 5668 Bosporo
825 5605 892 5655 ad
955 5602 1186 5656 Colchos
1245 5601 1550 5670 Phasinque
1603 5600 1875 5660 ﬂuvium?
1940 5601 2026 5670 _Ac

465 5689 610 5737 cum,
632 5684 687 5723 ut
711 5674 848 5726 idem
869 5671 1126 5738 loquitur,
1166 5668 1628 5739 Scythicusiarcus
1669 5685 1686 5718 ι
1712 5668 2022 5724 circumdu-

2118 4493 2296 4544 matze,
2326 4500 2468 4540 nunc
2502 4483 2982 4555 Moschovitte'jvel
3011 4483 3250 4540 minores
3286 4483 3504 4540 Tartari
3541 4503 3686 4541 nun-

2117 4558 2315 4608 ουυθυ.

2340 4624 2643 4690 Βασιανὸς
2679 4624 2830 4689 υἱός.
2869 4621 3032 4678 Varie
3067 4621 3225 4688 hujus
3266 4637 3464 4678 nomen
3496 4625 3687 4679 conci-

2117 4693 2282 4762 pitur,
2317 4704 2374 4746 nt
2398 4705 2451 4748 et
2479 4695 2668 4762 patris,
2709 4701 2798 4762 qui
2828 4695 3097 4762 Crobatus
3127 4710 3156 4744 a
3185 4692 3513 4762 Theophane
3548 4696 3687 4748 dici-

2121 4761 2230 4826 tur,
2263 4763 2402 4832 lilius
2434 4761 2562 4817 vero
2589 4761 2884 4832 Batgaigan
2917 4763 3002 4815 vel
3031 4761 3309 4832 Batgaian.

2190 4831 2301 4901 (95)
2357 4831 2474 4885 Τὸν
2523 4829 2824 4898 Δάναεὶριὶο
2869 4832 2969 4885 καί
2999 4830 3353 4898 Δάναστριν.
3407 4829 3690 4888 Cedrenus

2119 4900 2172 4954 in
2203 4900 2260 4954 'a.
2285 4900 2623 4970 Copronymi
2657 4901 2726 4953 23
2760 4903 3106 4970 ﬂuvios‘illos
3145 4902 3476 4970 conjunction
3513 4906 3691 4955 notui-

2121 4981 2233 5031 nat.
2275 4968 2600 5035 Danubium,
2654 4970 2902 5039 Κούφην,
2953 4968 3238 5023 Danastrin
3282 4980 3339 5023 et
3387 4968 3686 5039 Danapriu.

2120 5040 2346 5108 Κούφην
2378 5041 2648 5093 versimile
2671 5051 2754 5093 est
2781 5040 3079 5108 Cuphinem
3110 5053 3256 5102 esse,
3289 5039 3359 5092 de
3386 5055 3497 5108 quo
3530 5043 3690 5108 paulo

2122 5106 2316 5163 antea;
2346 5109 2669 5175 Jornandes,
2702 5110 2779 5162 De
2810 5115 2960 5162 rebus
3005 5106 3217 5171 Geticis,
3255 5126 3274 5157 ι
3314 5106 3558 5178 Scythia,
3606 5112 3692 5164 in-

2121 5180 2260 5246 quit,
2311 5178 2592 5233 Germanae
2647 5190 2802 5232 terra:
2842 5181 3071 5233 conlinis
3101 5193 3166 5232 eo
3212 5187 3372 5231 tenus
3425 5180 3514 5232 tibi
3553 5179 3690 5233 Ister

2124 5260 2298 5301 Ol'lllll'
2354 5251 2552 5310 amnis,
2616 5249 2697 5302 vel
2746 5258 3011 5316 stagnum
3043 5249 3301 5316 dilatatur
3359 5248 3688 5316 Mysianutn,

2125 5321 2351 5386 tendens
2407 5332 2576 5384 usque
2618 5320 2684 5370 ad
2737 5320 2956 5371 [Iuntina
2989 5315 3212 5386 Tyram,
3240 5315 3574 5371 Danastrum
3633 5332 3690 5373 et

2125 5384 2446 5454 Vagosolam
2485 5403 2844 5457 magnumque
2882 5384 3047 5440 illum‘
3085 5387 3412 5454 Danaprmn.
3467 5407 3487 5440 ι
3531 5389 3690 5456 paulo

2127 5467 2247 5525 post
2297 5473 2310 5509 :
2363 5473 2382 5506 ι
2426 5457 2594 5509 Antes
2647 5471 2800 5521 vero,
2853 5461 2941 5526 qui
2990 5467 3117 5511 sunt
3164 5472 3350 5510 eorum
3404 5458 3690 5512 fortissimi

2126 5529 2216 5595 qui
2295 5527 2360 5580 ad
2405 5528 2684 5580 Ponticum
2750 5544 2898 5581 mare
2957 5533 3292 5590 curvantur,
3339 5542 3369 5580 a
3427 5529 3694 5581 Danastro

2127 5599 2492 5650 extenduntur
2549 5611 2716 5665 usque
2764 5598 2829 5649 ad
2881 5598 3224 5664 Danaprum;
3283 5611 3406 5664 qua
3472 5598 3695 5651 Πυιιιίυι

2131 5669 2313 5720 multis
2363 5665 2736 5722 mansionibus
2784 5668 2852 5722 ab
2918 5669 3148 5723 inricetu
3217 5667 3434 5722 absunt.
3503 5685 3522 5718 ι
3576 5665 3695 5722 iam
