3882 6162
182 305 274 367 933
1093 315 1191 377 DE
1231 317 1480 379 REBUS
1519 318 1700 381 POST
1742 317 2187 391 MAURIClUM
2229 335 2515 398 GESTIS.

3291 354 3395 416 934

177 420 436 488 οίκίζεται,
462 421 625 475 τόπον
654 424 788 494 πρὸς
817 425 1032 496 οἴκησιν
1062 429 1388 499 ἐπιτήδειον,
1427 432 1620 498 Ὀγλον
1648 439 1689 484 τε

1824 437 1922 491 bus
1953 453 2017 493 ac
2055 441 2285 499 salebris
2313 455 2566 517 tanquam
2605 468 2759 509 muro
2777 456 3067 514 vallantur.
3102 460 3214 518 lloc
3235 467 3396 522 modo

72 489 76 586 ll
179 510 307 580 σφῶν
333 509 658 583 καλούμενον
698 489 872 586 ξρωνῇ,
907 489 1634 593 καταλαϐόμενος-δυσχερῆ
1661 489 1719 575 τῖἑ

176 579 257 654 καὶ
303 579 566 655 ἀνάλωτον
618 579 903 673 πολεμίοις
958 579 1272 679 ὑπάρχοντα
1298 579 1634 682 ’Πάσφαληςι
1659 613 1718 665 τέ

173 694 333 745 Ean“
377 693 444 747 τὰ
495 695 594 764 μὲν
640 671 952 765 ἔμπροσθεν
985 703 1050 769 τῇ
1177 671 1466 773 δυσχερεία
1500 671 1607 756 καῖ
1638 704 1716 775 τῷ

72 761 75 766 Ι
171 761 508 855 τελματώδης
548 761 692 838 εἶναι
741 761 1061 858 τυγχάνωνῖ
1102 791 1173 843 τὰ
1227 761 1532 846 δἠδπισθεν
1571 761 1710 866 xm.-

73 929 76 932 ,
171 876 305 943 μνοῖς
327 875 538 939 ἀϐάτοις
552 879 931 947 τετειχισμένα
952 881 1017 935 ²¹.
1039 880 1194 934 Οὕτω
1216 882 1399 934 τοίνυν
1414 884 1506 936 τοῦ
1528 884 1716 949 ἔθνους

74 1019 77 1024 ,
167 964 504 1035 διαιρεθέντος
557 969 649 1020 καὶ
708 969 1127 1036 σκεδασθέντος,
1183 973 1244 1024 τὸ
1278 972 1386 1026 τῶν
1441 974 1714 1045 Χαζάρων

1827 527 1996 582 divisa
2025 543 2187 598 gente
2212 551 2275 588 ac
2295 537 2576 607 dissipata,
2601 542 2965 602 Cltazarorum
2999 551 3145 605 natio
3165 568 3230 607 ex
3255 555 3397 610 inte-

1827 617 1953 672 riori
1970 618 2178 691 Berylia
2196 625 2456 694 profecta,
2475 644 2596 699 quae
2607 631 2674 686 Sa
2685 639 2872 690 rmatis
2887 638 3062 693 vicina
3079 654 3183 706 est,
3202 658 3394 699 excuro

1822 706 2003 764 siones
2033 711 2250 781 impune
2278 715 2532 774 faciebat.
2557 723 2734 792 Atque
2761 727 2833 780 ita
2873 741 3182 798 grassantes
3213 745 3392 790 trans.-

1816 799 1991 856 dnctis
2033 805 2202 874 copiis
2235 807 2374 864 ultra
2400 810 2670 869 Euxinum
2704 833 2854 873 mare
2881 823 3204 889 perveniunt
3229 863 3243 889 ,
3299 827 3388 882 ubi

1823 886 2080 955 Bajanum
2115 894 2167 948 in
2195 911 2348 952 suam
2373 912 2696 971 potestatem
2730 886 2980 980 redigunt
3004 929 3070 969 ac
3094 886 3390 986 stipendia-
3493 961 3496 963 -

1823 979 1964 1034 rium
2000 982 2222 1041 faciunt.

166 1056 310 1124 φῦλον
331 1059 431 1111 ἀπὸ
469 1059 562 1112 τοῦ
600 1061 877 1133 ἐνδοτέρου
906 1067 1005 1134 τῆς
1065 1066 1327 1137 Βερυλίας
1368 1067 1481 1136 (94)
1542 1070 1835 1141 λεγόμενον
1853 1077 1901 1139 9³
1933 1078 2116 1147 χώρας
2179 1082 2256 1146 ὡς
2311 1086 2536 1159 πλησίον
2566 1092 2677 1147 τῶν
2744 1096 3044 1168 Σαρμάτων
3085 1103 3386 1176 ᾠκημένων

166 1146 395 1176 ..Ὶρξ--..-
419 1149 467 1176 ιι
507 1149 684 1176 ιιὶρι..-
729 1153 977 1176 1-.--.‘zn--.
1019 1156 1208 1176 ι-ιᾼ--
1366 1158 1433 1176 nn
1609 1161 1631 1170 -ι
1800 1163 1812 1176 ο
2091 1171 2129 1176 --

72 1201 74 1204 ,
163 1146 395 1218 πλείστης
419 1149 467 1180 ³⁸
503 1149 684 1213 ἁδείας
727 1153 978 1205 ἐντεῦθεν
1016 1156 1329 1226 ἐπέτρεχον.
1366 1158 1446 1212 Τὰ
1480 1161 1705 1214 τοιαῦτα
1743 1163 1922 1218 πάντα
1972 1171 2314 1242 κατέδραμον
2358 1146 2534 1249 χωρία
2577 1183 2678 1252 τῆς

2759 1187 2899 1258 ὑπὲρ
2983 1192 3182 1247 Πόντον
3226 1196 3385 1250 τοῦτο

2144 1239 2152 1241 ν
2215 1239 2226 1242 -
2358 1239 2390 1248 ,,
2443 1239 2456 1249 ,
2634 1239 2674 1252 ,-
2825 1239 2891 1258 η,
2983 1239 3178 1247 --η-η
3237 1239 3382 1250 η-..

161 1239 386 1305 Εὔξεινον
421 1243 527 1312 γῆς
565 1246 660 1296 καὶ
710 1244 980 1318 θαλάττης
1021 1250 1286 1322 ἐπέρασε·
1339 1247 1566 1323 μεθ’-ὧν
1611 1257 1704 1310 καὶ
1777 1259 2010 1318 Βαῖανδν
2064 1265 2386 1338 ὕπεξούσιρν
2466 1280 2832 1349 ποιησάμενος
2877 1287 2958 1350 εἰς
3003 1289 3306 1363 ἀπαγωγὴν
3337 1294 3382 1325 u

161 1330 322 1363 ΜΑΛΙΛΗ
344 1333 462 1363 vna-5
473 1348 636 1363 ηηηηκρ

159 1330 322 1400 φόρων
344 1333 658 1401 κατέστησε.

222 1423 610 1488 Κωνσταντίνος
660 1425 738 1492 δὲ,
791 1427 977 1498 ἐπειδὴ
1031 1429 1171 1497 ἔγνω
1203 1431 1278 1494 ὡς
1325 1432 1383 1485 τὸ
1414 1435 1702 1504 σκηνῶσαν

152 1509 238 1563 τὸν
259 1513 302 1543 ’⁸
336 1513 544 1582 Ἴστρον
578 1513 729 1578 ἔθνος
774 1516 843 1569 τὰ
877 1519 1246 1588 πλησιάζοντα
1287 1522 1387 1591 τῆς
1422 1525 1526 1576 ὑπὸ
1569 1524 1704 1578 Ῥω-

150 1601 318 1670 μαίων
334 1603 506 1671 ἁρχῆς
529 1606 701 1674 χωρία
732 1607 997 1660 καταθέον
1027 1609 1382 1680 διαφθείρειν,
1411 1614 1699 1684 ἐπεχείρει,

155 1694 366 1762 στρατὸν
389 1694 612 1762 ὁπλίτην
635 1697 728 1747 ἐπὶ
749 1697 846 1766 τὴν
867 1697 1132 1768 Θρακῴαν
1153 1701 1476 1766 διαϐιϐάσας
1499 1704 1703 1774 χώραν,

149 1783 228 1834 ἔτι
261 1800 314 1835 τε
341 1785 430 1836 καὶ
462 1785 646 1838 στόλον
668 1787 920 1851 ὁπλίσας,
955 1793 1093 1842 καντὰ
1123 1792 1216 1844 τοῦ
1249 1793 1432 1856 ἔθνους
1458 1795 1533 1858 ὡς
1563 1795 1702 1864 ἀμυ-

145 1875 360 1944 νόμενος
383 1877 424 1906 ⁸⁷
462 1875 654 1946 ᾤχετο.
691 1878 755 1929 Οί
790 1879 845 1930 δὲ
885 1879 1183 1951 Βούλγαροι
1223 1883 1332 1934 τῶν
1362 1901 1420 1936 τε
1457 1885 1700 1939 ἱππικῶν

143 1965 237 2017 καὶ
252 1965 500 2036 πλωῖμων
521 1967 587 2019 τὰ
611 1968 792 2038 πλήθη
817 1969 1143 2042 θεασάμενοι
1172 1975 1268 2027 καὶ
1294 1975 1368 2045 τῷ
1389 1977 1640 2048 αἰφνιδίῳ
1654 1979 1698 2010 ³⁸

142 2058 236 2110 καὶ
255 2057 551 2127 ἀνελπίστῳ
590 2060 1034 2128 καταπλαγέντες
1067 2063 1202 2133 πρὸς
1234 2067 1303 2118 τὰ
1332 2067 1538 2119 ἑαυτῶν
1572 2071 1698 2138 ὀχυ-

139 2145 360 2215 ρώματα
385 2144 602 2216 ἔφυγον,
652 2147 910 2218 τέτρασιν
956 2151 1196 2221 ἡμέραις
1239 2155 1422 2206 ἐκεῖσε
1466 2156 1693 2224 ὑπομεί-

137 2251 351 2300 ναντεςο
380 2238 474 2290 καὶ
515 2238 623 2291 τῶν
668 2238 953 2310 Ῥωμαίων
1007 2241 1081 2313 μὴ
1129 2243 1468 2313 δυνηθέντων
1511 2248 1696 2311 αὐτοῖς

135 2325 349 2396 πολέμῳ
398 2325 665 2397 συμμίξαι
714 2329 801 2383 διὰ
844 2330 941 2400 τὴν
988 2333 1296 2403 δυσχωρίαν
1347 2337 1442 2389 τοῦ
1501 2338 1691 2403 τόπου,

133 2416 498 2486 ἁνελάμϐανόν
530 2435 588 2470 τε
622 2419 822 2482 αὐτοὺς
855 2421 946 2472 καὶ
977 2422 1376 2494 προθυμότεροι
1423 2428 1688 2494 ἐγένοντο.

143 2509 208 2560 '0
233 2508 286 2560 δὲ
311 2508 562 2576 βασιλεὺς
608 2510 750 2579 νόσῳ
793 2511 1094 2582 ποδαλγικῇ
1129 2515 1412 2584 συσχεθεὶς
1444 2519 1536 2571 καὶ
1573 2519 1694 2585 ὀξυ-

130 2597 375 2670 παθήσας
416 2601 508 2652 ἐπὶ
548 2601 912 2670 Μεσημϐρίαν
954 2603 1066 2672 (95)
1097 2604 1196 2674 τὴν
1247 2605 1403 2660 πόλιν
1458 2609 1692 2663 ἀπέπλει

129 2690 417 2761 θεραπείας
447 2691 648 2756 ἕνεκεν,
693 2691 1004 2762 προστάξας
1045 2696 1157 2756 τοῖς
1189 2695 1418 2767 ἄρχουσι
1455 2699 1550 2752 καὶ
1578 2702 1692 2764 τοῖς

125 2782 278 2844 λαοῖς
323 2781 703 2853 προσεδρεύειν
765 2783 842 2852 τῷ
885 2783 1202 2854 ὀχυρώματι
1252 2789 1345 2840 καὶ
1399 2790 1498 2842 ὅσα
1553 2790 1690 2860 πρὸς

124 2873 337 2942 ἄμυναν
393 2872 485 2925 τοῦ
538 2873 722 2935 έθνους
781 2875 1244 2944 κατεργάσασθαι.
1289 2879 1449 2950 Φήμη
1497 2880 1552 2933 δέ
1602 2900 1691 2946 τις

123 2963 330 3016 ἐδέδοτο
341 2963 385 2995 ’⁸
411 2964 503 3016 τὸν
533 2963 754 3032 βασιλέα
779 2965 1002 3033 φεύγειν
1031 2967 1329 3036 μηνύουσα,
1353 2970 1420 3023 δι’
1442 2970 1508 3042 ἢν
1532 2971 1690 3042 θορυ-

123 3052 381 3122 ϐηθέντες
410 3053 622 3116 οὐδενὸς
651 3051 936 3118 διώκοντος
981 3057 1246 3120 συντόνως
1276 3057 1505 3127 ἔφευγον
1525 3061 1590 3113 ³⁸.
1629 3063 1692 3115 Οἱ
1720 3069 1765 3130 C

119 3145 178 3197 δὲ
227 3143 524 3213 Βούλγαροι
573 3145 846 3208 ἐπιδόντες
881 3147 1177 3200 ἐπεδίωκον
1225 3153 1545 3220 καρτερῶς,
1597 3154 1691 3206 καὶ

117 3238 280 3298 ὅσους
331 3237 426 3304 μὲν
470 3235 565 3290 τοῦ
598 3236 727 3290 λαοῦ
774 3238 1185 3308 κατελάμϐανον
1232 3240 1486 3311 ἀνῄρουν,
1539 3243 1690 3295 πλεί-

119 3343 283 3390 στους
322 3328 376 3380 δέ
421 3331 517 3381 καὶ
568 3328 990 3399 ἐτραυμάτιζον.
1040 3331 1460 3401 Περαιωθέντων
1507 3335 1566 3388 δὲ
1592 3335 1686 3388 τοῦ

119 3421 335 3490 Ἴστρου
359 3420 399 3452 ³³
432 3421 525 3473 ἐπὶ
563 3421 661 3490 τὴν
715 3421 1013 3492 λεγομένην
1062 3423 1278 3494 Βαρνᾶν
1318 3425 1430 3494 (96)
1462 3425 1688 3497 πλησίον

126 3510 388 3580 Ὀδησσοῦ
417 3512 512 3565 καὶ
540 3512 633 3564 τοῦ
667 3513 1067 3582 ὑπερκειμένου
1103 3516 1417 3588 μεσογαίου,
1446 3517 1506 3570 τὸ
1538 3520 1672 3588 ίσχυο

115 3603 213 3671 ρόν
250 3604 344 3656 καὶ
373 3604 610 3672 ἀσφαλὲς
638 3605 732 3657 τοῦ
767 3605 931 3658 τόπου
967 3605 1232 3659 πάντοθεν
1266 3607 1329 3660 ἐκ
1357 3625 1417 3660 τε
1461 3609 1551 3661 τοῦ
1584 3627 1680 3662 πο-

109 3691 292 3761 ταμοῦ
326 3693 419 3745 καὶ
442 3695 538 3759 τῆς
570 3691 709 3761 ἄγαν
747 3693 1051 3764 δυσχωρίας
1086 3695 1414 3764 θεασάμενοι
1445 3696 1686 3752 ἐνταῦθα

109 3782 397 3852 σκηνοῦσι.
437 3783 714 3852 Κρατοῦσι
743 3784 800 3837 δὲ
838 3785 932 3837 καὶ
983 3784 1092 3836 τῶν
1127 3784 1504 3858 [ἐγγιζόντων]
1540 3805 1682 3856 παρ-

104 3873 416 3941 ῳκημένων
451 3874 774 3944 Σκλαὸηνῶν
817 3875 1006 3941 ἐθνῶν,
1061 3877 1156 3929 καὶ
1187 3877 1279 3940 οὓς
1315 3879 1416 3948 μὲν
1449 3879 1516 3931 τὰ
1545 3882 1682 3947 πρὸς

115 3962 388 4033 ’Λδάρους
438 3963 806 4034 πλησιάζοντα
857 3970 1134 4037 φρουρεῖν,
1186 3967 1281 4032 οὓς
1330 3969 1386 4022 δὲ
1418 3972 1488 4022 τὰ
1544 3968 1683 4042 πρὸς

111 4054 426 4124 Ῥωμαίους
467 4053 754 4124 ἐγγίζοντα
784 4060 969 4128 τηρεῖν
1000 4059 1397 4115 ἐπιτάττουσιν.
1443 4064 1530 4114 Ἐν
1558 4063 1682 4116 τού-

95 4161 219 4206 τοις
245 4145 663 4216 ίσχυρωθέντων
693 4148 786 4202 καὶ
817 4148 1184 4219 αὐξηθέντων,
1220 4153 1288 4204 τὰ
1327 4152 1420 4205 ἐπὶ
1459 4153 1680 4225 Θρᾴκης

93 4233 285 4304 χωρία
310 4251 376 4287 τε
413 4235 509 4289 καὶ
540 4237 848 4308 πολίσματα
886 4241 1188 4311 καταδηοῦν
1213 4243 1554 4312 ἐπεχείρουν.
1589 4242 1679 4314 Τῷ

92 4324 321 4392 βασιλεῖ
359 4324 417 4378 δέ
450 4326 664 4398 ἀνάγκη
705 4323 774 4399 ἦν
819 4326 994 4383 ταῦτα
1036 4330 1232 4401 ὁρῶντι
1256 4333 1678 4404 ἐπὶπελέσμασι

88 4415 240 4486 πρὸς
264 4415 468 4481 αὐτοὺς
489 4419 837 4475 σπένδεσθαι.

160 4524 369 4591 υῦτως
422 4529 713 4602 τοιγαροῦν
787 4533 1174 4605 είρηνευούσης
1245 4535 1512 4590 πάντοθεν
1578 4539 1676 4606 τῆς

1706 4423 1756 4482 D

1880 1441 2272 1505 Constantinus
2326 1463 2610 1526 postquam
2664 1465 2925 1532 comperit
2965 1469 3031 1521 ab
3083 1485 3143 1525 ea
3195 1485 3376 1541 gente.

1809 1547 1928 1632 qua;
1999 1539 2063 1591 ad
2127 1541 2427 1614 Danubium
2491 1548 2816 1618 habitabat,
2880 1555 3107 1612 Romani
3165 1539 3378 1632 imperii

1814 1622 2038 1680 limitem
2088 1634 2334 1700 vastari,
2386 1639 2710 1696 militaribus
2768 1647 2939 1714 copiis
2994 1649 3046 1701 in
3087 1622 3376 1710 Thraciam

1743 1723 1783 1777 Β
1811 1717 2072 1774 traductis
2091 1723 2460 1797 adornataque
2486 1731 2706 1800 insuper
2725 1737 2900 1792 classe
2923 1741 2988 1795 ad
3015 1746 3376 1803 retundendos

1809 1806 2022 1861 illorum
2084 1811 2316 1881 impetus
2363 1822 2731 1887 progreditur.
2772 1825 2988 1897 Bulgari
3038 1847 3168 1888 vero
3211 1851 3375 1906 eque-

1808 1898 2002 1976 strium
2025 1915 2087 1956 ac
2116 1907 2389 1960 navalium
2425 1912 2703 1978 copiarum
2737 1917 3134 1977 multitudinem
3158 1898 3376 1998 con-spi-

1805 1990 1935 2052 cati,
1973 1994 2264 2066 subitaque
2301 2015 2362 2054 re
2396 2018 2494 2058 nec
2537 2006 2756 2074 opinata
2802 2013 3057 2080 perculsi,
3084 2017 3150 2069 ad
3195 2023 3373 2074 muni-

1805 2091 1983 2136 menta
2020 2100 2114 2139 sua
2175 2088 2509 2158 confugiunt.
2559 2093 2614 2149 In
2672 2101 2868 2168 quibus
2905 2118 3026 2158 cum
3083 2110 3371 2176 quatriduo

1804 2174 2153 2244 mansissent,
2187 2194 2364 2250 neque
2387 2185 2454 2237 ob
2501 2185 2740 2242 locorum
2771 2174 3116 2260 asperitatem
3145 2199 3366 2256 Romani

1802 2277 1970 2332 prope
2019 2282 2241 2323 manum
2298 2288 2588 2329 conserere
2626 2293 2866 2347 possent,
2900 2287 3204 2342 conﬁrmati
3253 2295 3370 2345 aui-

1803 2355 1903 2407 tnis
1946 2366 2000 2410 et
2035 2358 2341 2418 alacriores
2395 2365 2520 2420 facti
2578 2379 2722 2423 sunt.
2782 2372 2929 2429 Inter
2976 2378 3089 2432 haec
3132 2380 3366 2448 impera-

1801 2451 1884 2496 tor
1929 2461 1992 2499 ex
2049 2451 2244 2516 pedum
2291 2455 2610 2523 aegritudine
2659 2463 2856 2518 acriori
2910 2467 3094 2523 dolore
3131 2474 3368 2539 percitus

1800 2537 1867 2587 ad
1931 2539 2118 2593 urbem
2171 2541 2546 2601 Mesemb‘riant
2611 2555 2832 2608 curandi
2899 2537 3144 2628 corporis
3196 2565 3365 2631 gratia

1795 2626 1906 2698 40
1927 2630 2138 2687 delatus
2161 2645 2267 2702 est,
2305 2652 2426 2690 cum
2455 2651 2580 2695 ante
2612 2643 2842 2699 ducibus
2869 2626 3175 2720 suis—atque
3209 2668 3366 2708 exer-

1797 2716 1996 2772 citibus
2020 2723 2329 2778 mandasset
2351 2736 2406 2780 ut
2431 2727 2482 2781 iu
2515 2732 2835 2788 munitionis
2860 2716 3139 2793 obsidione
3164 2755 3361 2809 perge-

1797 2817 1937 2874 rent,
1966 2819 2020 2862 et
2049 2825 2167 2879 quae
2194 2814 2259 2867 ad
2293 2825 2507 2883 gentem
2549 2820 2694 2874 illam
2748 2825 3162 2895 propulsandam
3194 2834 3363 2900 perti-

1797 2908 2033 2964 nerent,
2102 2904 2284 2957 omnia
2344 2908 2688 2974 perﬁcerent.
2741 2912 2941 2969 Verum
3001 2932 3124 2972 cum
3176 2922 3362 2992 fugere

1797 2987 2176 3056 imperatorem
2208 2991 2352 3057 fama
2381 2999 2772 3068 pervulgasset,
2805 3011 3136 3061 consternati
3190 2987 3358 3066 nostri

1797 3081 1968 3144 passis
2002 3085 2253 3138 manibus
2285 3086 2517 3156 fugiunt,
2549 3092 2747 3158 quibus
2797 3099 3104 3164 conspectis
3144 3100 3358 3172 Bulgari

1793 3171 2161 3230 vehementius
2214 3175 2531 3244 fugientium
2589 3193 2738 3253 terga
2793 3202 3074 3258 premere,
3127 3202 3182 3247 et
3226 3171 3359 3262 quos

1791 3263 2002 3330 assequi
2065 3275 2314 3334 poterant
2388 3272 2639 3339 caedere,
2701 3276 2991 3348 plerosque
3049 3283 3356 3339 vulnerare.

1791 3346 1914 3411 Inde
1960 3371 2083 3410 cum
2131 3358 2429 3416 Danubium
2477 3366 2928 3434 transiissent,et
2984 3373 3049 3427 ad
3098 3375 3355 3442 Barnam,

1789 3461 1911 3513 qua:
1945 3463 2113 3516 prope
2159 3452 2426 3522 Odyssqu
2481 3466 2534 3510 et
2568 3460 2926 3516 eminentiora
2978 3464 3064 3518 illa
3097 3469 3356 3522 mediter-

1789 3551 1948 3588 ranea
1974 3547 2077 3601 est,
2121 3546 2522 3611 pervenissent,
2555 3564 2674 3602 eum
2717 3566 2838 3604 eum
2891 3552 3066 3608 locum
3123 3557 3357 3627 undique

1785 3634 1841 3677 et
1871 3639 1898 3677 a
1922 3625 2085 3684 ﬂuvio
2116 3642 2170 3684 et
2201 3649 2228 3685 a
2253 3637 2487 3703 regionis
2511 3643 2802 3707 asperitate
2821 3645 3084 3699 munitum
3109 3625 3356 3702 animad-

1786 3728 2077 3784 verterent,
2114 3721 2314 3776 ibidem
2344 3737 2522 3781 castra
2559 3733 2743 3785 metati
2776 3744 2922 3786 sunt.
2962 3735 3067 3789 Sed
3108 3747 3163 3792 et
3199 3738 3352 3793 Sela-

1786 3807 2033 3861 vinorunt
2069 3823 2308 3879 gentem,
2342 3831 2459 3883 qua:
2501 3816 2611 3871 illic
2659 3820 2712 3872 in
2755 3824 3058 3891 prottinquo
3101 3831 3351 3899 degebat,

1785 3901 1840 3956 in
1896 3913 2216 3972 potestatem
2257 3908 2528 3976 redigunt,
2563 3924 2628 3963 ac
2677 3921 2883 3979 partem
2917 3929 3139 3970 suorum
3183 3919 3236 3971 in
3287 3935 3353 3974 eo

1784 3993 1957 4050 limite
2015 3995 2104 4064 qui
2167 3997 2374 4052 Avares
2459 4000 2780 4068 respiciebat
2847 4005 3160 4070 collocant,
3216 4010 3351 4065 alios

1784 4083 2148 4141 Romanorum
2191 4089 2385 4142 linibus
2414 4089 2703 4155 objiciunt.
2741 4093 2947 4158 Quibus
2994 4097 3156 4152 rebus
3203 4102 3350 4156 aucti

1783 4186 1947 4246 atque
1995 4178 2297 4233 confirmati
2347 4179 2596 4236 Thracia:
2647 4185 2842 4253 oppida
2891 4186 3117 4256 locaque
3165 4193 3347 4246 omnia

1779 4267 2123 4337 populantur.
2187 4270 2366 4336 Quare
2411 4271 2705 4342 imperator
2760 4292 2936 4332 annua
2989 4282 3347 4348 pensitatioue

1782 4357 2046 4426 promissa
2074 4374 2260 4430 pacem
2292 4377 2414 4416 cum
2447 4361 2514 4418 iis
2536 4363 2715 4420 facere
2733 4379 2955 4424 coactus
2986 4380 3088 4426 est.

1856 4538 1949 4594 Sic
1973 4539 2155 4610 igitur,
2196 4555 2326 4611 pace
2365 4543 2563 4613 ubique
2591 4557 2690 4614 per
2721 4544 3022 4602 “ornanqu
3063 4548 3346 4620 imperium

1399 4712 1627 4768 VARUE
1656 4713 2064 4771 LECTIONES.

151 4841 205 4926 'f
238 4842 308 4934 ξέ
502 4843 794 4929 τάριέστιέ
813 4914 837 4934 α
867 4847 1393 4934 ⁸³..τετειχισμέ1νοςέ
1421 4849 1876 4934 δ’ᾕλεγομεένηὲἳα
1932 4849 1981 4881 ’⁵
2030 4851 2506 4934 μετάιπλείστηςῖ
2578 4857 2628 4934 ξ’
2653 4859 2965 4933 ύπαγωγήν
2986 4861 3047 4918 Ρ.
3122 4865 3167 4896 ’⁸
3216 4863 3343 4934 περὶ

116 4911 264 4965 τόνῖ
344 4912 394 4944 ⁸⁷
423 4911 837 4984 ἀμυνούμενοςῖ
907 4916 952 4948 ³⁸
987 4911 1278 4990 αῐφνὶδὶἱρῖ
1333 4911 1394 4952 7”
1416 4911 1713 4973 διεδέδοτοῗ
1781 4911 1829 4951 ³⁸
1853 4911 2091 4989 ἐφυγονῖ
2125 4991 2127 4993 _
2162 4921 2204 4952 "
2237 4923 2326 4975 τὸν
2352 4911 2599 4996 "Ich-po"?

1447 5051 1728 5108 PETAVII
1764 5051 1995 5110 ΝΟΤᾸΞ.

71 5184 405 5258 Danastrus
484 5185 552 5239 ab
619 5187 1249 5258 incolis_Borystltenes
1313 5189 1550 5256 dicitur,
1608 5201 1667 5244 ut

69 5256 223 5329 Laium
254 5263 520 5329 testatur,
550 5265 607 5329 et
635 5257 795 5329 hodie
825 5256 1053 5324 Dnieper
1079 5260 1398 5329 appellatur,
1426 5276 1660 5329 quocum

69 5322 232 5376 falso
277 5338 310 5376 ει
373 5325 696 5395 quibusdam
760 5322 1040 5395 Danaprus
1099 5322 1480 5394 confunditur,
1532 5332 1675 5384 inter

72 5407 240 5469 iuet"
280 5403 344 5447 et
378 5394 576 5469 Istrum
623 5394 925 5469 Danastrus
963 5407 1158 5469 est,__ut
1187 5399 1502 5469 Ammianus
1541 5415 1670 5469 pro-

74 5464 141 5534 lit
163 5461 226 5534 ΔΙ.
263 5478 450 5534 xxxx;
506 5464 558 5518 id
591 5468 732 5534 quod
763 5476 890 5520 ante
917 5481 1012 5522 nos
1059 5467 1300 5521 Ortelius
1333 5461 1664 5524 observavit.

73 5531 177 5606 fed
213 5533 509 5606 _quisnam
570 5531 873 5590 Danasti-us
894 5536 1011 5606 _i|le
1063 5539 1137 5591 sit
1188 5538 1420 5592 nondum
1474 5539 1661 5606 liquet.

73 5599 357 5677 forsitan
405 5603 544 5657 idem
582 5615 670 5677 _est
717 5621 840 5659 cum
892 5604 1033 5677 Tyra
1077 5606 1262 5673 ﬂuvio,
1298 5607 1504 5676 Cupltis
1529 5599 1663 5665 'vero

85 5686 192 5724 um
237 5672 487 5741 Asiaee,
515 5672 598 5728 vel
627 5683 836 5731 contra.

1847 5191 1957 5262 (94)
1994 5191 2108 5258 Τῆς
2133 5194 2444 5261 Βερυλίας.
2482 5193 2631 5250 Hanc
2661 5197 2954 5251 Berzeliam
2986 5211 3140 5253 vocat
3162 5201 3336 5255 Theu-

1769 5263 2000 5330 pltanes,
2048 5264 2138 5316 alii
2193 5262 2504 5319 Bct‘zitiam.
2557 5267 2665 5321 Sed
2717 5278 2972 5338 corrupta
3027 5280 3151 5323 sunt
3213 5286 3332 5339 qua:

1777 5343 2100 5399 sequuntur.

1847 5401 1960 5470 (9‘5)
2007 5401 2135 5455 Ἐπί
2163 5403 2566 5471 Μεσημϐρίαν.
2610 5405 2671 5458 Ρ.
2699 5404 2966 5460 Diaeonus
3007 5407 3058 5460 iu
3100 5407 3335 5467 Miscclla

1769 5484 2057 5539 perperam
2091 5473 2362 5526 meridiem
2396 5475 2574 5540 vertit,
2615 5490 2738 5528 cum
2771 5478 2842 5529 sit
2875 5480 3152 5546 prepriutu
3187 5483 3337 5536 urbis

1769 5555 2244 5731 ηοέἓθΐᾟτῃβπᾶν.
2270 5609 2446 5664 Barna
2476 5623 2530 5668 et
2559 5611 2801 5686 Odyssus
2833 5615 3032 5673 Moesia:
3064 5616 3335 5678 inferioris

1769 5693 1832 5731 ur
1872 5694 1950 5731 σε.

1769 5693 1950 5733 υΐυεδ.
