3928 6166
390 160 495 224 943

1416 166 1478 227 s.
1520 136 2475 258 NlCEPHORI-PATRIARCHE
2511 174 2623 236 cp.

3545 182 3650 247 ιιι

393 276 616 338 ruisset,
671 282 881 328 certum
948 275 1223 331 hominem
1276 291 1304 332 e
1348 280 1609 333 comitatu
1664 280 1731 334 ad
1780 281 1948 337 urben

2075 282 2230 339 ϐόλου
2262 286 2326 355 τῇ
2360 267 2513 339 πόλει
2544 284 2851 357 πλησιάσας
2884 287 3150 359 Χερσῶνι.
3194 260 3309 347 Καὶ
3344 297 3651 367 προσορμί-

392 366 647 430 destinat,
681 358 744 421 ex
779 381 880 435 qua
913 366 1368 423 Barasbacurium
1399 369 1621 440 ejusque
1651 372 1871 428 fratrem
1897 375 1963 429 ad

391 475 452 516 se
481 474 583 514 una
628 475 748 516 cum
792 459 974 515 Soliba
1011 472 1065 515 et
1099 462 1218 516 aliis
1267 463 1588 533 quibusdam
1627 465 1808 531 elicit;
1846 469 1965 537 qui.

390 550 618 629 buscum
674 550 910 618 solvens,
949 560 1002 605 et
1043 567 1163 606 cum
1220 553 1395 607 locum
1447 569 1608 623 quem
1660 553 1962 627 Nettmpyla

389 651 586 696 vocant
629 652 1035 713 praetervectus,
1079 644 1143 697 ad
1177 642 1681 716 lstrum,pcrvenit.
1737 646 1865 703 Inde
1895 648 1962 704 ad

386 730 641 787 Terbelin
667 733 828 803 Bulga
840 748 1021 787 rorum
1045 733 1095 787 in
1122 748 1182 788 ea
1202 735 1422 805 regione
1448 736 1746 807 principem
1770 753 1960 806 quent-

384 825 507 879 dam
544 840 609 878 ex
651 825 762 880 suis
808 823 1141 894 Stephanum
1196 825 1386 892 tnittit,
1437 827 1700 882 auxilium
1742 838 1961 898 petens,

386 927 443 971 ut
476 918 526 972 in
562 918 846 987 imperium
880 916 997 986 ejus
1033 932 1199 987 opera
1250 914 1662 985 restitueretur;
1699 921 1766 975 ad
1803 921 1962 991 idque

386 1024 509 1063 cum
543 1010 647 1062 alia
700 1001 1099 1078 quamplurima
1137 1018 1247 1063 tum
1285 1009 1450 1064 tiliam
1491 1027 1642 1066 suam
1675 1011 1959 1083 conjugem

373 1100 757 1169 promittebat.
784 1098 878 1154 His
905 1099 1142 1168 acceptis
1166 1086 1757 1162 BarbarusJustiniano
1780 1104 1959 1158 omnia

364 1189 654 1260 rcumulate
676 1189 899 1256 detulit;
925 1205 1154 1261 eumque
1177 1208 1370 1264 magno
1398 1209 1521 1248 eum
1548 1195 1755 1249 bonorc
1782 1211 1961 1251 susce-

378 1280 483 1353 pit,
513 1290 626 1335 tum
649 1281 902 1336 omnibus
929 1283 1021 1352 qui
1050 1298 1232 1337 secum
1256 1295 1413 1339 erant
1436 1286 1663 1339 armatis
1685 1286 1750 1339 ad
1769 1285 1955 1341 urbem

380 1376 695 1440 contendit;
741 1389 905 1444 quam
945 1375 1122 1428 triduo
1153 1380 1265 1430 toto
1298 1376 1495 1431 castris
1527 1378 1593 1430 ad
1620 1375 1969 1452 Blaelterno-I

379 1483 500 1523 rum
530 1482 748 1543 murum
785 1466 977 1535 positis
1005 1467 1238 1532 obsedit,
1273 1468 1512 1523 instante
1540 1469 1873 1538 imperatore
1899 1479 1956 1525 ut

360 1574 410 1614 -ο
442 1560 651 1615 civibus
679 1559 731 1613 in
769 1558 959 1613 urbem
1008 1559 1364 1628 reciperetur.
1405 1558 1509 1615 Sed
1546 1560 1619 1614 illi
1652 1573 1773 1622 cum
1803 1561 1954 1629 igno-

2069 392 2170 439 σας
2208 375 2286 447 τῷ
2312 378 2492 431 ἐκεῖσε
2527 378 2706 449 λιμένι
2753 378 2962 450 πέμπει
3000 382 3095 436 ἕνα
3140 384 3248 438 τῶν
3292 386 3531 457 ἑταίρων
3559 392 3650 444 est

2065 469 2133 537 τῇ
2168 468 2357 531 πόλει,
2402 469 2680 524 κάκεῖθεν
2706 470 2830 539 ἄγει
2869 471 3009 543 πρὸς
3042 473 3208 527 αὐτὸν
3235 476 3328 529 τὸν
3357 476 3650 548 Βαρασϐα-

2066 557 2285 629 κούριον
2331 560 2425 612 καὶ
2457 560 2552 613 τὸν
2582 559 2776 615 τούτου
2810 562 3043 633 ἀδελφὸν
3077 565 3167 619 τόν
3195 584 3254 620 τε
3290 567 3520 623 Σολιϐαν
3552 571 3650 625 καὶ

2064 649 2285 721 ἐτέρους
2325 651 2480 715 τινας
2504 648 2727 722 ἄνδρας.
2776 653 2889 725 Καὶ
2938 655 3035 709 σὺν
3067 656 3250 722 αὐτοῖς
3294 660 3643 729 ἐκπλεύσας,

2062 741 2129 794 τὰ
2151 740 2423 812 λεγόμενα
2452 744 2785 815 Νεκρόπυλα
2815 746 3125 818 παρελθὼν,
3150 749 3289 820 πρὸς
3309 750 3398 804 τὸν
3430 753 3647 825 Ἴστρον

2061 832 2306 900 ποταμὸν
2338 836 2718 903 παραγίνεται.
2765 836 3008 889 Ἐκεῖθεν
3044 837 3321 909 ἐκπέμπει
3368 839 3481 893 τῶν
3519 859 3647 897 συν-

2059 921 2228 975 όντων
2274 923 2399 977 τινὰ
2454 924 2729 994 Στέφανον
2780 927 2917 996 πρὸς
2969 927 3234 1000 Τὲρϐελιν
3275 929 3466 1001 κύριον
3514 912 3649 987 ὄντα

2057 1013 2367 1081 τηνικαῦτα
2392 1014 2500 1069 τῶν
2531 1016 2712 1070 ἐκεῖσε
2754 1019 3108 1091 Βουλγάρων,
3144 1022 3483 1091 παρακαλῶν
3520 1022 3646 1077 συλ-

2058 1102 2322 1160 λαϐέσθαι
2361 1106 2512 1178 αὐτῷ
2533 1106 2674 1160 ὥστε
2705 1108 2796 1161 τὸν
2830 1110 2930 1180 τῆς
2962 1110 3244 1179 βασιλείας
3262 1112 3645 1184 ἀπολήψεσθαι

2058 1196 2268 1269 θρόνον,
2300 1199 2435 1254 ἄλλα
2469 1217 2526 1253 τε
2565 1199 2796 1259 πλεῖστα
2825 1201 2977 1274 δῶρα
3007 1203 3383 1275 ὑποσχόμενος
3415 1207 3510 1259 καὶ
3540 1207 3643 1278 τὴν

2057 1288 2251 1343 ἑαυτοῦ
2281 1288 2555 1361 θυγατέρα
2587 1292 2669 1354 είς
2702 1294 2936 1360 ⁴γυναῖκα
2968 1291 3117 1364 αύτῷ
3149 1292 3343 1348 δώσειν
3382 1296 3643 1364 ἐπαγγει-

2055 1380 2308 1451 λάμενος.
2354 1380 2414 1435 Ὀ
2432 1381 2490 1434 δὲ
2520 1380 2819 1453 προθύμως
2841 1384 2897 1436 ὲν
2930 1385 3094 1438 πᾶσιν
3124 1385 3339 1450 ὑπεῖκε,
3372 1388 3467 1441 καὶ
3514 1387 3640 1443 Ἰου-

2057 1472 2328 1526 στινιανδν
2356 1474 2453 1526 σὺν
2481 1476 2616 1544 τιμῇ
2649 1474 2861 1545 μεγάλῃ
2896 1474 3140 1543 ἐδέξατο,
3175 1477 3271 1530 καὶ
3302 1479 3521 1534 ἅπαντα
3545 1479 3638 1534 τὸν

2056 1563 2149 1617 ὑπ’
2180 1563 2331 1634 αὐτῷ
2354 1563 2484 1618 λαὸν
2514 1564 2744 1642 ὁπλίσας
2773 1564 2868 1617 σὺν
2895 1566 3048 1635 αὐτῷ
3077 1567 3170 1620 ἐπὶ
3194 1568 3292 1638 τὴν
3323 1568 3639 1639 βασιλεύου-

373 1652 547 1707 miuia
581 1652 814 1720 turpiter
843 1650 1145 1705 remittunt.
1179 1649 1419 1706 Tandem
1470 1663 1630 1708 noctu
1663 1669 1785 1708 cum
1821 1669 1948 1721 pan-

2057 1675 2157 1713 σαν
2190 1656 2382 1729 ᾤχετο.
2419 1657 2781 1727 Προσεδρεύει
2809 1657 2863 1710 δὲ
2889 1658 2966 1728 τῷ
2996 1658 3166 1729 τείχει
3194 1659 3516 1731 Βλαχερνῶν
3541 1663 3638 1717 ἐπὶ

362 1744 457 1801 cis
486 1758 583 1812 per
615 1742 991 1811 aquaeductum
1046 1743 1254 1811 irrepit,
1293 1753 1454 1814 atque
1484 1744 1671 1800 urbem
1723 1745 1949 1812 invadit,

375 1849 609 1905 moxque
628 1832 1051 1888 Blacbernormn
1076 1833 1333 1903 palatium
1363 1847 1613 1906 occupat.
1639 1836 1948 1891 Heraclium

366 1939 507 1981 vero
551 1921 824 1992 Apsimari
875 1922 1128 1986 fratrem,
1175 1938 1240 1976 ex
1292 1924 1544 1992 prtel'ecto
1588 1923 1950 1979 Orientalium

372 2015 677 2088 cepiarum,
708 2029 828 2069 cum
857 2014 976 2069 aliis
1008 2013 1232 2069 ducibus
1259 2024 1314 2071 et
1338 2017 1662 2072 satellitibus
1707 2018 1826 2088 ejus
1856 2032 1951 2086 pro

374 2100 645 2162 moenibus
707 2102 910 2175 ipsise
951 2105 1194 2173 patibulo
1246 2106 1548 2174 suspendit.
1606 2106 1949 2176 Apsimarum

371 2195 589 2261 deinde,
628 2194 860 2263 septimo
888 2210 1047 2263 quam
1080 2197 1349 2261 imperare
1381 2206 1622 2262 coeperat
1651 2211 1812 2260 anno,
1841 2194 1952 2267 ἀς

367 2303 480 2344 una
506 2301 623 2341 cum
648 2285 876 2341 Leontio
899 2288 1351 2354 comprehensum
1380 2286 1572 2343 ferreis
1597 2288 1950 2357 compedibus

358 2380 616 2434 winctum
654 2378 708 2430 in
754 2390 1031 2434 carcerem
1075 2375 1313 2443 conjicit.
1363 2375 1491 2430 Post
1545 2378 1658 2432 haec
1698 2389 1951 2446 equestre

372 2481 649 2528 certamen
699 2470 1001 2535 celebrans,
1029 2471 1258 2523 alterum
1298 2470 1363 2523 ad
1395 2470 1663 2533 dextram,
1717 2470 1948 2525 alterum

371 2565 440 2620 ad
470 2564 748 2618 sinistram
802 2562 949 2614 bora‘
998 2561 1175 2628 spatio
1225 2560 1383 2626 ﬂlijiCi
1417 2562 1591 2628 adque
1626 2561 1788 2629 pedes
1824 2574 1950 2616 suos

373 2653 698 2725 proculcari,
730 2652 857 2707 inde
888 2653 940 2706 in
971 2651 1207 2721 Cynegio
1246 2661 1409 2720 caput
1458 2652 1725 2718 amputari
1757 2652 1945 2720 jussit.

372 2744 489 2802 Sub
533 2745 651 2802 luce
703 2742 1062 2815 Bulgarornm
1121 2742 1445 2812 principem
1481 2741 1736 2798 Terbelin
1789 2753 1945 2798 extra

352 2834 796 2893 'rBlacbernorum
854 2835 1055 2889 mcenia
1109 2836 1401 2888 stationem
1458 2834 1746 2889 babentezn
1798 2835 1944 2888 omni

356 2930 575 2985 abonore
602 2942 667 2984 ac
693 2927 1057 2981 muniﬁcentia
1095 2937 1436 2996 prosecutus,
1484 2927 1696 2980 demum
1727 2926 1793 2981 ad
1821 2941 1940 2980 eum

366 3023 599 3078 veniens
631 3020 1034 3088 imperatoriam
1067 3028 1271 3073 vestem
1304 3019 1656 3073 circamdcdit
1688 3034 1751 3072 ac
1772 3018 1944 3072 Gesa-

372 3126 487 3170 rem
534 3111 844 3179 appellavit.
903 3109 1088 3177 Neque
1124 3111 1207 3163 bis
1242 3118 1550 3174 contentus,
1584 3109 1677 3163 sed
1710 3108 1775 3161 ad
1811 3122 1947 3161 con-

371 3216 583 3258 sessum
614 3200 835 3269 insuper
868 3200 1182 3262 admittens,
1221 3199 1432 3251 adorari
1470 3212 1653 3250 seettm
1690 3211 1716 3248 a
1750 3195 1947 3263 populo

369 3292 564 3356 νσίυὶι,
600 3305 662 3345 ac
694 3301 969 3359 pOStrcmo
1002 3288 1229 3341 intinitis
1257 3288 1571 3340 muneribus
1602 3287 1859 3339 donatum
1892 3288 1945 3340 in

373 3384 603 3456 patriam
661 3382 890 3436 remisit.
938 3379 1240 3435 Callinicus
1293 3378 1641 3449 patriarcha,
1697 3380 1840 3448 quod
1891 3378 1943 3431 in

372 3475 584 3532 Leontii
636 3474 1052 3543 inauguratione
1090 3471 1356 3542 probrose
1406 3471 1651 3540 qumdam
1688 3472 1740 3524 in
1775 3472 1945 3540 impc-

371 3578 610 3623 ratorem
651 3565 935 3636 jactasset,
970 3564 1142 3619 oculis
1174 3563 1400 3619 orbatus
1430 3559 1658 3617 Romam
1692 3563 1945 3631 deporta-

2051 1750 2234 1821 τρισὶν
2264 1748 2523 1820 ἡμέραις,
2560 1748 2727 1815 ἀξιῶν
2760 1749 2883 1813 τοὺς
2913 1749 3013 1819 τῆς
3046 1749 3258 1815 πόλεως
3291 1752 3636 1825 είσδεχθῆναι

2050 1841 2218 1894 αὐτὸν
2250 1832 2502 1911 βασιλέαζ
2542 1842 2603 1894 Οἱ
2637 1840 2695 1894 δὲ
2734 1839 2976 1912 αἰσχρῶς
3020 1841 3339 1912 ὑϐρίζοντες
3382 1844 3638 1916 ἀπέπεμ-

2052 1948 2173 1985 πον.
2221 1931 2279 1984 Ὁ
2311 1930 2365 1984 δὲ
2399 1929 2593 1994 νυκτὸς
2641 1930 2917 1983 εἰσδύεται
2959 1931 3057 1984 σὺν
3087 1931 3294 2000 ὀλίγοις
3338 1934 3454 1986 τισὶ
3493 1935 3636 1989 κατὰ

2014 2021 2142 2076 ’τὸν
2176 2016 2276 2093 τῆς
2316 2022 2528 2084 πόλεως
2573 2021 2816 2089 ἀγωγὸν,
2864 2021 3164 2076 κάντεῦθεν
3210 2023 3635 2094 παραλαμϐάνει

2049 2112 2148 2184 τὴν
2173 2113 2351 2178 πόλιν,
2383 2112 2475 2166 καὶ
2500 2111 2636 2183 πρὸς
2667 2111 2840 2183 βραχῦ
2876 2103 3171 2183 σκηνοῦται
3202 2115 3261 2166 ὲν
3284 2114 3363 2184 τῷ
3389 2114 3637 2188 παλατιῳ

2050 2203 2389 2275 Βλαχερνῶν.
2450 2202 2772 2274 Ἡράκλειον
2804 2203 2861 2256 δὲ
2905 2203 2998 2255 τὸν
3039 2202 3269 2273 ἀδελφὸν
3324 2205 3633 2277 Ἀψιμάρου

2049 2295 2359 2367 στρατηγὸν
2407 2294 2502 2349 τοῦ
2554 2293 2879 2349 ἀνατολικοῦ
2922 2280 3156 2366 στρατοῦ
3198 2298 3497 2366 γενόμενον
3542 2298 3634 2351 καὶ

2047 2388 2174 2451 τοὺς
2208 2387 2403 2449 ἄλλους
2441 2387 2706 2458 ἄρχοντας
2751 2387 2845 2439 καὶ
2894 2386 3244 2450 ὑπασπιστὰς
3286 2387 3453 2442 αὑτοῦ
3497 2386 3636 2460 πρὸς

2045 2481 2124 2550 τῷ
2166 2470 2334 2550 τείχει
2376 2478 2467 2532 ἐπὶ
2506 2479 2665 2544 ξύλου
2697 2479 3033 2549 ἀνήρτησεν.
3083 2479 3387 2550 ’Λψίμαρον
3416 2479 3477 2533 δὲ
3508 2481 3634 2534 συλ-

2046 2570 2228 2624 λαϐὼν
2261 2569 2501 2640 ἕϐδομον
2532 2569 2651 2633 ἔτος
2681 2573 2738 2623 ὲν
2770 2573 2833 2641 τῇ
2867 2570 3114 2642 βασιλείᾳ
3152 2572 3516 2641 διανύσαντα,
3550 2573 3631 2627 ἔτι

2045 2662 2103 2717 δὲ
2130 2662 2224 2716 καὶ
2242 2663 2492 2719 Λεόντιον
2517 2663 2757 2734 σιδήροις
2779 2662 3017 2729 πεδήσας
3042 2663 3307 2733 κατέσχεν
3329 2665 3387 2716 ὲν
3414 2666 3627 2737 εἱρκτῇ⁴

2048 2754 2192 2824 μετὰ
2218 2752 2274 2804 δὲ
2303 2751 2477 2806 ταῦτα
2524 2752 2748 2806 ἱππικὸν
2777 2751 3100 2815 ἐπιτελέσας
3133 2751 3324 2819 ἀγῶνα
3344 2795 3360 2820 ,
3401 2753 3629 2824 θάτερον

2050 2847 2150 2916 μὲν
2200 2847 2264 2898 ἐκ
2294 2844 2485 2909 δεξιῶν
2523 2844 2750 2914 θάτερον
2775 2844 2834 2898 δὲ
2883 2844 2941 2910 ἐξ
2983 2843 3291 2914 ἀριστερῶν
3346 2845 3485 2915 πρὸς
3514 2848 3631 2910 τοῖς

2050 2932 2209 2985 ποσὶν
2252 2930 2418 3005 αὐτοῦ
2469 2933 2760 2987 πατεῖσθαι
2795 2931 2956 3003 ῥίψας
2987 2934 3080 2986 ἐπὶ
3128 2930 3281 3003 ὧρας
3326 2932 3625 3003 βραχείας,

2055 3023 2192 3094 μετὰ
2219 3021 2395 3076 ταῦτα
2425 3022 2705 3090 ἐκπέμπει
2736 3023 2793 3074 ὲν
2816 3020 2891 3091 τῷ
2924 3021 3245 3091 καλουμένῳ
3268 3020 3529 3091 κυνηγίῳ
3551 3020 3626 3092 (8)

2048 3112 2327 3183 τμηθῆναι
2364 3111 2463 3175 τὰς
2513 3113 2774 3181 κεφαλάς.
2804 3112 2907 3164 Τὸν
2937 3112 2992 3164 δὲ
3025 3112 3348 3182 Βουλγάρων
3390 3109 3629 3182 ἄρχοντα

2049 3201 2309 3275 Τέρϐελιν
2338 3202 2442 3268 ἔξω
2474 3204 2687 3273 τείχους
2716 3201 3035 3274 Βλαχερνῶν
3062 3201 3637 3275 σκημδούμενονπολλά

2049 3297 2610 3368 φιλοφρονησάμενος,
2642 3296 2790 3359 τέλος
2822 3295 3269 3366 παραγενόμενος
3298 3294 3434 3364 πρὸς
3466 3293 3627 3361 af:th

2047 3383 2270 3457 χλανίδα
2300 3404 2360 3440 τε
2394 3386 2709 3458 περιϐάλλει
2741 3384 3029 3456 βασιλικὴν
3070 3388 3166 3438 καὶ
3204 3385 3461 3456 Καίσαρα
3495 3385 3627 3438 ἀνα·

2044 3478 2286 3548 γορεύει,
2324 3478 2423 3532 καὶ
2456 3478 2841 3549 συμπάρεδρον
2883 3478 3257 3547 ποιησάμενος
3303 3481 3626 3547 προσκυνεῖ·

2048 3570 2171 3623 σθαι
2213 3569 2310 3622 σὺν
2332 3554 2490 3639 ἀὐτῷ
2521 3568 2626 3621 ὑπὸ
2668 3554 2933 3621 ’ποῦ’λαοῦ
2965 3567 3187 3620 ὲκέλευε
3210 3607 3224 3629 ,
3262 3570 3357 3620 καὶ
3392 3566 3624 3620 πλεῖστα

370 3670 459 3715 tus
498 3669 604 3715 est.
642 3658 809 3727 Cujus
855 3660 906 3711 in
951 3656 1124 3712 locutu
1172 3657 1374 3728 Cyrum
1424 3659 1725 3718 substituit,
1760 3658 1850 3724 qui
1889 3656 1940 3710 in

2050 3662 2461 3732 παρασχόμενος
2492 3659 2641 3730 δῶρα
2664 3658 2800 3728 πρὸς
2821 3661 2889 3711 τὰ
2914 3658 3105 3711 ἑαυτοῦ
3139 3657 3296 3722 ἑξέπε
3308 3675 3438 3728 μπε.
3474 3659 3624 3711 Καλ-

370 3751 505 3807 urbe
524 3749 833 3805 Amastride
860 3749 1119 3803 inclusam
1149 3765 1214 3803 ac
1241 3749 1537 3803 soiitariam
1568 3750 1731 3803 vitam
1763 3748 1941 3803 colue-

2050 3751 2244 3806 λίνικον
2277 3752 2331 3805 δὲ
2364 3751 2455 3805 τὸν
2494 3751 2590 3819 τῆς
2638 3750 2846 3814 πόλεως
2892 3751 3174 3821 ἱεράρχην,
3220 3752 3296 3813 ὡς
3339 3750 3624 3822 δυσφημή·
3705 3741 3709 3744 ’

370 3851 457 3899 rat
500 3857 567 3898 ac
607 3842 675 3897 de
714 3840 947 3911 imperio
1007 3841 1375 3912 recuperando
1432 3841 1776 3911 praedixerat.
1833 3840 1938 3896 Sed

2050 3860 2212 3896 σαντα
2239 3843 2400 3897 αὑτὸν
2438 3843 2530 3895 ἐπὶ
2555 3844 2621 3913 τῇ
2663 3841 2760 3895 τοῦ
2790 3843 3048 3895 Λεοντίου
3089 3841 3451 3912 ἀναγορεύσει
3473 3882 3490 3907 ,
3524 3858 3619 3895 tuo

369 3935 549 3990 nullus
590 3932 795 3988 interea
836 3935 1065 3988 caedium
1100 3935 1150 3987 in
1181 3933 1331 3988 cives
1361 3946 1425 3986 ac
1454 3933 1673 3987 sta-vitia:
1724 3932 1936 3986 modus.

2050 3934 2263 4003 φλώσας
2300 3935 2357 3987 ἐν
2389 3937 2456 4004 τῇ
2504 3931 2690 4004 Ῥώμῃ
2720 3931 3028 4003 ἐξέπεμψε,
3067 3932 3248 4004 Κῦρον
3283 3933 3399 3985 ἀντ’
3450 3931 3619 3985 αὐτοῦ

368 4025 500 4082 Nam
524 4026 809 4097 plerosque
828 4026 892 4080 ad
926 4027 1278 4097 magistratus
1302 4025 1536 4079 evebens
1562 4024 1793 4079 subinde
1815 4024 1937 4079 aliis

2050 4028 2120 4091 είς
2142 4026 2240 4097 τὴν
2260 4025 2568 4096 ἱερωσύνην
2590 4026 3084 4096 προχειρισάμενος
3103 4026 3193 4077 τὸν
3218 4027 3274 4077 ἐν
3297 4023 3620 4095 Ἀμάστριδι

367 4120 655 4177 ωιιιιιὶεείε
713 4118 1109 4184 interficiebat;
1178 4118 1462 4172 nonnullos
1513 4119 1581 4175 ad
1627 4117 1933 4173 convivium

2050 4102 2352 4185 ἐγκλειστον
2395 4114 2707 4185 γενόμενον,
2757 4113 3208 4185 προσημαίνοντα
3252 4113 3401 4180 αὐτῷ
3439 4114 3621 4166 ἐκεῖσε

365 4209 602 4264 imitans
632 4210 883 4265 incautos
908 4210 1276 4278 opprimebat;
1308 4209 1441 4262 alios
1464 4210 1515 4261 in
1544 4209 1755 4262 culemn
1786 4209 1931 4263 insn-

2039 4208 2287 4279 παριόντι
2334 4207 2435 4278 τὴν
2481 4206 2582 4276 τῆς
2625 4207 2886 4277 δευτέρας
2935 4205 3213 4275 βασιλείας
3260 4204 3618 4259 κατάστασιν.

366 4310 453 4357 tos
475 4300 528 4355 in
557 4299 879 4370 profundum
911 4300 1208 4368 mergebat.
1230 4299 1389 4364 Et,ut
1411 4313 1517 4352 uno
1541 4298 1707 4353 verbo
1735 4298 1932 4364 dicam,

2050 4298 2216 4355 [Ιολῦν
2263 4315 2323 4351 τε
2378 4299 2539 4367 φόνον
2604 4297 2700 4352 καὶ
2760 4298 3007 4351 κάκωσιν
3059 4298 3117 4366 ἐν
3182 4298 3298 4358 τοῖς
3358 4296 3621 4365 ὑπηκόοις

298 4414 301 4426 ~
364 4389 513 4446 omni
541 4389 595 4442 in
623 4402 751 4444 suos
797 4388 1124 4442 crudelitate
1153 4402 1217 4440 ac
1252 4386 1468 4441 feritate
1508 4386 1806 4443 bacchatus
1834 4392 1936 4443 eet.

365 4479 471 4535 Per
502 4479 646 4533 idem
681 4485 895 4547 tempus
922 4492 953 4532 e
980 4476 1243 4532 Gbazaria
1276 4466 1617 4531 Theodoram
1655 4477 1938 4548 coniugem

366 4583 423 4627 et
452 4570 730 4633 Tiberium
783 4570 952 4625 tilium
1003 4570 1253 4633 arcessit,
1302 4572 1492 4640 eisque
1530 4570 1936 4637 imperatoriam

369 4677 629 4720 coronam
685 4664 934 4733 imponit.
994 4662 1119 4718 Post
1166 4664 1299 4717 inita
1346 4679 1466 4731 cum
1519 4661 1761 4732 liulgaris
1808 4651 1939 4733 pace

367 4757 630 4811 dissoluta
659 4736 976 4810 innumeras
1015 4765 1159 4809 terra
1193 4757 1649 4826 marique-copias
1681 4758 1734 4812 in
1765 4756 1938 4811 Thra-

365 4850 506 4903 ciam
560 4858 958 4917 transportans,
990 4850 1057 4901 ad
1087 4846 1199 4917 49
1230 4847 1548 4901 Anchialum
1579 4836 1773 4903 urbem
1808 4848 1936 4902 belli

372 4940 566 4993 molem
597 4939 881 4993 convertit.
913 4938 1014 4993 Ubi
1038 4938 1164 4991 dum
1200 4937 1424 4991 ltotnani
1459 4938 1744 5006 pabulandi
1773 4953 1934 4992 causa

371 5030 640 5085 incautius
671 5031 1024 5101 dissipantur,
1067 5039 1289 5099 repente
1323 5029 1707 5096 superveniens
1735 5028 1930 5098 Bulga-

367 5136 461 5176 rus
509 5122 814 5192 cmnplures
881 5122 1113 5187 occidit,
1191 5120 1327 5176 alios
1388 5122 1632 5188 captivos
1694 5122 1929 5174 abducit.

2040 4392 2300 4444 ἐποιεῖτοι
2334 4389 2460 4453 τοὺς
2487 4389 2587 4458 μὲν
2618 4388 2727 4458 γὰρ
2767 4390 2847 4451 είς
2873 4386 3143 4459 ἄρχοντας
3181 4387 3621 4460 προϐαλλόμενος

2042 4482 2257 4536 αὐτίκα
2276 4480 2499 4551 ἐτέρους
2533 4478 2757 4532 ὄπισθεν
2779 4466 3081 4548 ἐκπέμπων
3108 4479 3320 4549 ἀνῄρει,
3352 4476 3448 4542 οὓς
3476 4477 3533 4531 δὲ
3561 4478 3621 4529 ὲν

2040 4573 2240 4643 δείπνῳ
2286 4570 2572 4639 συγκαλῶν
2625 4570 2763 4641 δόλῳ
2810 4570 3155 4636 ἀπέκτεινεν,
3204 4569 3401 4633 ἄλλους
3438 4571 3497 4622 ὲν
3542 4566 3621 4637 τῷ

2042 4662 2190 4734 βυθῷ
2235 4663 2462 4726 σάκκοις
2507 4660 2767 4732 ἐμϐαλὼν
2799 4662 3134 4733 ἀπέῤῥιπτε,
3182 4659 3279 4713 καὶ
3328 4657 3621 4712 συνελόντα

2041 4757 2233 4819 εἰπεῖν,
2259 4754 2503 4825 ὠμότητι
2540 4752 2709 4824 πολλῇ
2739 4754 2834 4805 καὶ
2877 4750 3132 4822 θηριώδει
3160 4749 3360 4821 γνώμῃ
3393 4748 3532 4820 πρὸς
3559 4747 3620 4799 τὸ

2040 4846 2285 4916 ὑπήκοον
2325 4843 2690 4912 διακείμενος.
2733 4843 2823 4896 Ἐν
2850 4843 3063 4905 τούτοις
3096 4840 3154 4894 δὲ
3199 4838 3620 4911 μεταστέλλεται

2041 4939 2148 4990 ἀπὸ
2189 4937 2473 5007 Χαζαρίας
2518 4936 2800 5007 Θεοδώραν
2843 4935 2942 5006 τὴν
2986 4932 3182 4987 ἑαυτοῦ
3224 4933 3475 5004 γαμετὴν
3526 4930 3619 4984 καὶ

2038 5027 2288 5096 Τιϐέριον
2339 5027 2429 5080 τὸν
2478 5028 2536 5092 ἐξ
2589 5025 2761 5094 αὐτῆς
2818 5024 3079 5095 τεχθέντα
3133 5022 3284 5093 αύτῷ
3343 5024 3483 5087 υἱὸν,
3528 5022 3621 5074 καὶ

2047 5120 2232 5184 στέφει
2265 5119 2465 5179 αὐτοὺς
2512 5120 2592 5180 εἰς
2647 5117 2925 5187 βασιλέας.
2960 5116 3115 5168 Μετὰ
3153 5114 3312 5167 τοῦτο
3357 5113 3477 5166 λύει
3524 5113 3617 5174 τὴν

1720 5312 1992 5368 ΡΕΤΑῊΙ
2027 5313 2254 5369 NOTAE.

434 5472 510 5539 (8)
553 5469 649 5523 Ἐν
671 5472 752 5537 τῷ
775 5470 1129 5539 καλουμένῳ
1150 5471 1444 5540 κυνηγίῳ.
1472 5470 1724 5526 Miscelize
1750 5482 1943 5525 auctor

364 5536 401 5594 ι
432 5536 499 5592 ιι
530 5536 777 5594 meartnm
810 5536 1136 5595 animantum
1181 5536 1565 5610 .ntcrpretauts
1621 5552 1722 5595 est.
1773 5540 1951 5596 Lucus

2052 5473 2140 5525 ubi
2175 5471 2488 5525 catabnlum
2518 5482 2640 5527 erat
2673 5482 2726 5529 et
2762 5470 3007 5539 ferarum
3028 5454 3302 5528 clausura.
3335 5469 3472 5528 Vide
3516 5470 3620 5525 Cu-

2060 5548 2246 5594 dtnutn
2279 5545 2331 5596 in
2369 5542 2544 5615 Cpoli.
3623 5560 3634 5573 “
