3928 6166
408 363 515 428 959

1443 357 1502 420 S.
1540 357 1961 445 NICEPHORI
2004 357 2510 417 PATRIARCHKE
2546 357 2654 418 ΟΡ.

3577 351 3685 416 960

411 482 604 541 porum
640 466 879 521 advecta:
911 465 977 519 ad
1024 460 1374 519 S‘ustltenium
1415 452 1631 534 portum
1684 462 1980 533 applicant,

2109 458 2399 531 πνεύματος
2427 459 2889 523 ἀντιπνεύσαντος
2914 458 3009 514 καῖ
3034 458 3128 512 τοῦ
3163 457 3409 531 ῥείθρου,
3438 455 3522 521 εἷς
3553 458 3682 510 τοὺς

412 570 468 618 et
505 559 703 616 ibidem
741 558 1002 614 hiemant.
1051 554 1167 623 Quo
1207 565 1453 625 tempore
1506 564 1618 610 tam
1675 569 1867 624 aspera
1908 555 1991 609 vis

415 652 615 709 hiemis
648 645 768 713 fuit.
806 657 865 703 ut
914 662 1023 718 prae
1067 646 1270 703 nivium
1297 646 1454 717 copia
1498 647 1745 701 centenis
1799 646 1992 701 diebus

414 740 587 797 videri
615 749 758 795 terra
790 755 894 794 non
922 739 1175 807 potuerit.
1197 736 1274 792 Ex
1293 752 1401 806 quo
1422 736 1684 793 Saraceni
1708 736 1997 792 hominum

418 838 584 896 atque
614 843 901 898 equorum,
921 827 1248 883 camelorum
1273 827 1404 882 item
1431 840 1494 882 ac
1509 826 1881 897 iumentorum
1903 827 1992 882 in-

419 931 632 992 gentem
646 935 929 975 numerum
955 917 1574 990 amittunt.lnsequente
1587 933 1713 974 vere
1731 917 1847 992 [an.
1862 915 2004 991 7l8],

419 1014 589 1067 altera
620 1026 836 1067 rursum
866 1026 936 1065 ex
969 1009 1207 1082 Egypto
1240 1011 1435 1067 classis
1464 1010 1671 1081 appulit
1715 1007 1996 1081 Sophiano

420 1104 578 1168 duce,
612 1102 865 1157 frumenti
912 1110 1076 1172 atque
1120 1117 1398 1157 armorum
1455 1101 1669 1172 copiam
1717 1100 2005 1170 ingentem.

421 1194 729 1258 advehens;
775 1204 840 1246 ac
893 1191 1057 1262 paulo
1105 1200 1229 1261 post
1274 1190 1379 1245 alia
1428 1198 1648 1246 rursum
1697 1205 1766 1246 ex
1807 1188 1995 1244 Africa

422 1299 542 1338 cum
587 1298 868 1339 armorum
924 1286 1188 1353 apparatu
1240 1291 1405 1353 atque
1454 1271 1665 1338 'annona
1726 1280 1996 1337 submissa

421 1384 525 1441 est,
557 1376 645 1430 cui
683 1374 896 1430 Iezidus
953 1373 1170 1443 quidam
1230 1373 1533 1428 Saracenos
1580 1372 1903 1443 imperabat.
1932 1372 1998 1428 Hi

423 1480 546 1521 cum
598 1475 844 1535 paratum
876 1481 911 1520 a
941 1465 1224 1529 Romanis,
1268 1474 1330 1521 ut
1375 1461 1587 1528 lerunt,
1621 1463 1800 1535 ignem
1836 1472 2000 1533 atque

423 1559 730 1612 incendium
770 1567 1098 1622 metuerent,
1135 1556 1383 1629 Byzantii
1417 1553 1556 1611 freto
1593 1556 1663 1611 ob
1694 1554 1999 1626 trajiciendi

425 1646 863 1714 desperationem
927 1647 1116 1702 relicto
1177 1647 1244 1702 ad
1280 1630 1623 1719 .Bythiniam
1701 1645 2009 1714 applicant,

2093 551 2239 604 πίσω
2286 549 2517 619 ἄγεσθαι
2577 549 2925 622 βιαζομένου,
2974 550 3352 621 ηολαιότερον
3385 548 3686 604 ἐπέπλεον.

2093 642 2313 707 Ταύτας
2338 645 2366 696 6
2392 643 2647 714 βασιλεὺς
2682 642 3020 714 θεασάμενος
3076 642 3321 714 διήρεσιν
3346 640 3549 707 ἐπιϐὰς
3588 645 3685 698 καὶ

2093 733 2383 798 διέκπλους
2415 732 2791 805 ποιησάμενος
2825 733 2962 804 πυρὶ
2985 732 3345 804 κατέφλεξεν,
3382 732 3554 798 οὔσας
3588 733 3683 787 τὸν

2092 825 2329 898 άριθμὺν
2376 826 2569 881 εἴκοσι.
2607 827 2668 882 '0
2696 825 2754 880 δέ
2777 827 2966 890 λοιπὸς
2996 824 3144 889 άπας
3187 826 3377 889 στόλος
3404 827 3484 896 τῷ
3527 827 3693 898 Θρᾷσ

2095 915 2236 986 κικῷ
2252 916 2640 989 προσπλεύσας
2658 917 2927 990 Βοσπόρῳ
2948 915 3029 987 τῷ
3045 916 3230 987 λιμένι
3244 915 3325 987 τῷ
3358 918 3691 989 καλουμένῳ

2096 1003 2426 1076 Σωσθενείιρο
2469 1003 2923 1076 προσορμίςεται,
2956 1005 3053 1060 καὶ
3111 1005 3282 1060 αὐτοῦ
3309 1005 3689 1077 διεχείμαζεν.

2108 1095 2197 1150 Ἐν
2301 1095 2620 1167 συμϐέϐηκε
2651 1094 2901 1167 χειμῶνα
2927 1097 3187 1167 μέγιστον
3219 1096 3506 1164 γενέσθαι,
3537 1095 3685 1150 ὥστε

2099 1188 2367 1260 μηδαμῶς
2391 1187 2498 1257 γῆν
2527 1187 2761 1259 ὀφθῆναι
2782 1189 2848 1241 ἐκ
2874 1187 3117 1260 πληθύος
3136 1187 3237 1259 τῆς
3259 1188 3695 1268 κατενεχθείσης

2096 1281 2274 1351 χιόνος
2301 1280 2466 1351 ἄχρις
2520 1281 2601 1346 εἰς
2635 1281 2736 1343 τὰς
2768 1279 2965 1335 ἐκατὸν
2995 1281 3249 1353 ἠμέρας’
3292 1280 3353 1346 ἐξ
3382 1276 3447 1334 οῦ
3476 1279 3692 1350 πλῆθος

2096 1371 2199 1426 οὐκ
2216 1370 2394 1438 ὀλίγον
2420 1370 2709 1442 τίκ-ἀνδρῶν
2736 1388 2795 1425 τε
2820 1373 2916 1425 καλ⁵
2944 1371 3131 1425 ἵππων
3171 1370 3268 1425 καὶ
3296 1370 3561 1442 καμήλων
3589 1371 3694 1425 καὶ

2098 1462 2301 1519 λοιπῶν
2330 1463 2486 1528 ζώων
2510 1464 2804 1519 ἀπέϐαλον.
2832 1464 3037 1535 Ἔαρος
3055 1463 3112 1517 δὲ
3143 1463 3536 1533 ἐπιγενομένου
3569 1465 3701 1516 ἐπι-

2100 1556 2516 1626 καταλαμϐάνει
2577 1557 2672 1610 καὶ
2727 1556 2918 1627 ἐτερος
2957 1555 3070 1609 τῶν
3117 1556 3453 1627 Σαρακηνῶν
3503 1557 3697 1620 στόλος

2101 1645 2353 1710 πλεῖστος
2379 1644 2440 1710 ἐξ
2470 1645 2770 1715 Αἰγύπτου,
2827 1640 2890 1701 οῦ
2936 1648 3122 1717 ἡγεῖτο
3161 1647 3365 1716 Σοφιάν
3389 1646 3564 1719 όνομα
3588 1648 3696 1718 ἄρ·

422 1739 528 1810 61
561 1748 725 1808 atque
755 1739 891 1793 alter
929 1738 1148 1796 Pulchri
1204 1738 1357 1809 agri,
1389 1739 1527 1793 alter
1567 1738 1748 1809 Satyri
1782 1746 1996 1806 portum

2109 1753 2234 1808 κων,
2285 1736 2483 1808 φόρτον
2515 1737 2665 1806 ἄγων
2713 1740 2772 1790 ἐν
2819 1736 2968 1808 αύτῷ
3007 1739 3154 1790 σίτου
3200 1755 3261 1791 τε
3297 1738 3555 1792 πλείστου
3597 1742 3697 1793 καὶ

425 1806 591 1897 capit.
637 1806 876 1898 Egyptii
924 1844 1077 1894 vero,
1113 1830 1203 1900 qui
1245 1806 1354 1883 una
1392 1844 1516 1885 cum
1549 1829 1618 1884 iis
1645 1806 1997 1898 navigabant,

2109 1806 2303 1883 ὅπλων.
2346 1806 2559 1898 Ὄλίγου
2589 1828 2647 1883 δέ
2669 1806 2972 1888 διελθόντος
3000 1829 3195 1901 χρόνου
3230 1829 3329 1884 καὶ
3380 1828 3575 1901 ἕτερος
3603 1831 3700 1899 ἐφ.

425 1927 588 1973 noctu
625 1918 818 1974 lembis
867 1920 956 1988 qui
1008 1919 1239 1973 navibus
1281 1918 1631 1974 adhaerebant
1665 1920 2021 1983 conscensis,

424 2005 745 2081 Byzantium
773 2007 1117 2078 confugiunt,
1145 2017 1200 2062 et
1224 2008 1569 2077 imperatoris
1594 2022 1789 2063 nomen
1818 2006 2013 2064 faustis

426 2098 918 2155 auclamationibus
961 2108 1385 2168 prosequuntur.
1423 2098 1635 2166 Quibus
1677 2098 1840 2155 rebus
1892 2099 2014 2153 ani~

425 2199 607 2244 matus
654 2190 951 2260 imperator
986 2189 1355 2244 incendiarias
1387 2204 1554 2244 naves
1592 2193 1857 2245 adversus
1891 2188 2012 2245 illas

426 2280 634 2335 classes
692 2280 960 2345 immittit,
1016 2287 1180 2350 atque
1239 2282 1525 2336 universas
1567 2280 1688 2352 igne
1715 2282 2021 2337 consumit-

427 2370 507 2426 Ex
531 2385 641 2440 quo
690 2371 1003 2442 ingentibus
1041 2371 1233 2441 spoliis
1265 2371 1447 2437 ditati,
1483 2370 1702 2427 illorum
1741 2372 1911 2427 armis
1948 2386 2013 2428 ac

426 2475 734 2520 commeatu
762 2464 819 2519 in
845 2479 972 2521 suas
1010 2479 1177 2521 naves
1210 2465 1493 2534 imposito,
1521 2466 1588 2519 ad
1621 2462 2003 2535 imperatorem

428 2554 676 2609 redeunt.

2106 1919 2320 1973 ίσταται
2350 1920 2537 1984 στόλος
2556 1923 2620 1975 ἐκ
2642 1921 2753 1975 τῶν
2778 1921 3186 1993 περὶἋφρικὴν
3204 1922 3480 1993 ἀναχθεὶς,
3508 1922 3695 1976 ὃπλων

2108 2027 2169 2064 τε
2199 2010 2417 2065 πολλῶν
2450 2012 2547 2066 καὶ
2584 2012 2993 2089 δαπανημάτων
3024 2012 3375 2083 καταγέμων,
3404 2006 3467 2067 οῦ
3508 2013 3692 2084 ὑπῆρ-

2108 2099 2203 2175 χεν
2234 2101 2458 2175 ήγεμὼν
2499 2103 2711 2170 Ἱέζιδος
2743 2103 3080 2177 Σαρακηνῶν
3098 2105 3156 2181 η⁷²
3175 2103 3365 2176 όνομα.
3394 2096 3585 2170 Οὗτοι,
3613 2104 3695 2168 ὥς

2110 2215 2268 2268 φασι,
2302 2198 2404 2268 τὴν
2460 2200 2525 2253 ἐκ
2569 2199 2663 2253 τοῦ
2707 2198 3115 2271 ἐσκευασμένον
3171 2201 3323 2272 παρὰ
3390 2201 3695 2273 Ῥωμαίοις

2111 2287 2284 2360 πυρὸς
2323 2286 2669 2359 ὑφορώμενοι
2693 2288 2920 2360 βλάϐην,
2951 2289 3045 2342 τὸν
3076 2287 3169 2345 οὖν
3193 2291 3237 2324 ⁷³
3268 2291 3569 2357 Βυζάντιον
3592 2292 3691 2345 πό-

2112 2395 2203 2451 ρον
2256 2379 2589 2449 ἀπογνόντες
2624 2383 2740 2445 τοῖς
2786 2381 2927 2453 πρὸς
2968 2378 3225 2436 Βιθυνίαν
3279 2383 3475 2454 μέρεσι
3522 2400 3697 2455 προσ-

2112 2471 2291 2542 έσχον,
2342 2474 2370 2526 6
2430 2472 2529 2542 μὲν
2580 2473 2718 2545 πρὸς
2747 2472 2841 2527 τὸν
2901 2472 3241 2544 καλούμενον
3279 2474 3481 2546 λιμένα
3510 2473 3691 2527 Καλοῦ

2112 2562 2309 2634 ἀγροῦ,
2332 2566 2361 2616 6
2389 2564 2446 2618 δὲ
2479 2564 2616 2636 πρὸς
2652 2567 2772 2628 ταῖς
2815 2566 3010 2627 ἀκταῖς
3047 2565 3144 2620 τοῦ
3172 2566 3223 2621 1⁸
3252 2566 3555 2637 λεγομένου
3586 2566 3695 2618 Σαα-

426 2646 614 2717 τύρου.
647 2647 711 2701 Οἰ
742 2646 787 2700 δ’
813 2648 872 2700 ἐν
894 2646 1082 2711 αὐτοῖς
1105 2646 1447 2713 εἰσπλέοντες
1483 2648 1772 2716 Αἰγύπτιοι
1795 2647 1990 2713 νυκτὸς
2025 2653 2154 2718 τοὺς
2210 2656 2572 2731 ἐνεστηκότας
2638 2655 2872 2727 λέμϐους
2917 2657 3027 2710 τῶν
3062 2657 3209 2728 νηῶν
3246 2657 3531 2721 εἰσϐάντες
3557 2657 3691 2727 πρὸς

424 2739 487 2794 τδ
515 2738 812 2803 Βυζάντιον
838 2735 975 2813 ἦκον
1006 2738 1103 2793 καὶ
1127 2738 1220 2792 τὸν
1257 2738 1487 2810 βασιλέα
1526 2739 1826 2811 εὐφήμουν.
1879 2741 1996 2810 Ἐφ’
2034 2738 2117 2807 οἷς
2185 2745 2575 2818 ἀναθαρσήσας
2608 2748 2637 2800 ό
2707 2746 2961 2818 βασιλεὺς
3012 2747 3329 2819 πυρφόρους
3378 2748 3517 2811 ναῦς
3545 2748 3688 2803 κατὰ

425 2833 536 2889 τῶν
583 2832 845 2887 τοιούτων
880 2832 1084 2886 στόλων
1133 2830 1433 2902 ἐξέπεμψε,
1488 2832 1585 2886 καὶ
1649 2832 1832 2896 πάσας
1878 2832 2060 2887 αὐτῶν
2087 2835 2186 2899 τὰς
2242 2836 2376 2901 ναῦς
2461 2838 2782 2909 ἐνέπρησεν.
2829 2837 3072 2892 Ἐκεῖθεν
3114 2839 3691 2911 λαφυραγωγήσαντες

426 2922 523 2978 καὶ
546 2923 611 2975 ἐκ
638 2923 747 2976 τῶν
792 2921 1149 2993 ὑπαρχόντων
1187 2924 1371 2987 αὐτοῖς
1417 2922 1596 2977 ὅπλων
1625 2922 1719 2976 καὶ
1750 2922 2159 2996 δαπανημάτων
2197 2928 2727 2999 καταφορτισθέντες
2762 2930 2900 2998 πρὸς
2933 2928 3160 3000 βασιλέα
3182 2930 3544 3000 ὑπέστρεφον.

498 3015 602 3071 Per
631 3017 773 3070 idem
806 3024 1017 3084 tempus
1066 3015 1289 3086 Sergius
1319 3016 1601 3085 patricius,
1638 3016 1839 3070 Siciliae
1868 3016 2005 3083 dux,

2176 3018 2366 3091 Τούτῳ
2397 3019 2473 3090 τῷ
2503 3020 2682 3095 χρόνῳ
2713 3019 2939 3091 Σέργιος
2967 3023 2995 3074 6
3024 3020 3335 3091 πατρίκιος,
3359 3023 3387 3075 ό
3410 3021 3512 3090 τῆς
3534 3022 3693 3075 Σικε-

428 3120 484 3162 et
511 3107 602 3176 qui
635 3109 690 3161 in
709 3105 1006 3161 Occidente
1034 3114 1210 3171 erant,
1245 3106 1418 3175 ignari
1447 3121 1566 3176 qua;
1584 3108 1651 3161 ad
1688 3106 2003 3178 Byzantium

2109 3109 2228 3174 λίας
2250 3112 2577 3183 στρατηγὸς,
2601 3110 2697 3165 καὶ
2714 3112 2763 3164 οί
2783 3110 2850 3164 τὰ
2869 3109 3133 3183 Ἐσπέρια
3153 3111 3452 3176 οἰκοῦντες,
3474 3112 3544 3166 τὰ
3568 3115 3693 3185 mp!

431 3201 765 3261 acciderant,
821 3209 986 3265 atque
1025 3199 1372 3266 imperatoris
1411 3202 1576 3253 rebus
1614 3199 1669 3253 in
1717 3208 1867 3253 tanta
1907 3202 2008 3254 lio-

430 3292 594 3345 stium
641 3289 952 3343 incursione
1001 3288 1325 3357 desperatis,
1356 3289 1648 3359 quemdam
1679 3303 1744 3344 ex
1790 3290 2008 3360 appari-

435 3383 582 3436 tione
622 3378 799 3449 Sergii
830 3378 1212 3448 imperatorem
1249 3381 1603 3446 constituunt,
1637 3379 1880 3452 Gregorii
1914 3398 2009 3438 co-

432 3479 744 3541 gnomento,
761 3468 1084 3540 Onomaguli
1105 3469 1299 3538 ﬁlium,
1325 3464 1516 3539 quem,
1540 3479 1746 3527 mutato
1768 3475 2033 3540 nomine,‘

435 3562 709 3619 Tiberium
739 3562 1030 3632 appellant.
1066 3561 1160 3616 His
1199 3563 1418 3628 auditis,
1456 3564 1753 3634 imperator
1781 3563 2008 3620 Paulum

432 3655 720 3726 patricium
757 3652 957 3709 Sicilia:
986 3651 1232 3722 prtelicit,
1263 3668 1421 3723 quem
1454 3654 1617 3709 [idum
1653 3655 1754 3710 sibi
1790 3667 1852 3710 et
1875 3668 2009 3711 con-

431 3746 679 3814 iunctum
715 3744 948 3800 habebat
981 3760 1042 3798 ac
1097 3745 1171 3799 rei
1218 3745 1425 3800 bellicae
1479 3746 1747 3816 peritum,
1779 3759 2012 3816 eumque

437 3846 627 3893 contra
673 3834 933 3892 Basilium
989 3838 1172 3895 mittit.
1220 3836 1387 3905 [illius
1421 3837 1655 3892 adventu
1685 3834 1907 3907 Sergius
1941 3838 2010 3893 ad

437 3927 832 3998 Longnbardus
870 3927 1136 3999 confugit.
1168 3930 1236 3983 At
1271 3928 1470 3983 Paulus
1505 3927 1838 3984 insularibus
1865 3943 2011 3985 con-

435 4023 672 4091 gregalis
724 4021 1073 4090 imperatoris
1122 4020 1383 4090 epistolas
1419 4021 1585 4090 legit;
1633 4021 1830 4091 quibus
1879 4034 2010 4075 con-

437 4113 634 4166 ﬁrmati
677 4112 994 4182 imperatori
1036 4111 1269 4167 feliciter
1294 4114 1685 4179 acclamantes,
1744 4111 2008 4167 Basilium

436 4210 494 4257 et
522 4203 725 4258 electos
757 4206 823 4257 ab
850 4219 916 4259 eo
964 4204 1313 4274 magistratus
1343 4204 1553 4261 vinctos
1580 4204 1835 4260 offerunt.
1863 4204 2009 4260 Pau-

439 4293 543 4357 lus,
577 4293 810 4364 Georgio
838 4295 1069 4363 quodam
1106 4303 1163 4347 et
1190 4293 1309 4349 aliis
1337 4293 1663 4358 interfectis,
1700 4310 2009 4359 earumea-

438 4386 549 4455 pita
591 4385 656 4438 ad
696 4385 1080 4454 imperatorem
1118 4385 1303 4449 mittit,
1349 4394 1578 4441 caeteros
1624 4386 1734 4457 62
1766 4388 2008 4444 verberi-

438 4476 540 4529 bus
562 4485 726 4543 atque
753 4475 1065 4543 ignominiis
1106 4473 1351 4543 aﬁ‘cctos,
1393 4477 1676 4538 nonnullos
1693 4479 1856 4533 etiam
1888 4495 2008 4534 am-

439 4567 642 4635 putatis
670 4568 910 4631 naribus,
939 4577 1091 4622 extra
1119 4568 1251 4623 lines
1276 4560 1493 4639 imperii
1510 4570 1733 4640 relegat.
1757 4568 2004 4640 Sergius,

2111 3202 2172 3256 τὸ
2210 3202 2505 3267 Βυζάντιον
2536 3204 2632 3256 καί⁸
2671 3202 2764 3261 τὸν
2792 3201 3020 3272 βασιλέα
3048 3204 3381 3272 ἀπογνόντες
3412 3207 3516 3275 τῆς
3544 3222 3698 3272 γενο-

2116 3295 2286 3366 μένης
2319 3295 2428 3347 τῶν
2460 3293 2735 3365 πολεμίων
2763 3294 2926 3367 χάριν
2952 3296 3076 3349 κατ’
3095 3294 3276 3348 αὐτῶν
3309 3294 3529 3364 ἐφόδου,
3563 3295 3697 3348 ίδιον

2114 3386 2372 3456 στέφουσι
2404 3385 2625 3457 βασιλέα
2651 3385 2759 3439 τῶν
2790 3385 3081 3457 ὑπηρετῶν
3109 3403 3231 3440 τινα
3262 3385 3495 3459 Σεργίου
3528 3387 3694 3440 Βασί-

2110 3479 2255 3532 λειον
2285 3475 2542 3548 τοῦνομα,
2576 3477 2692 3531 υἱὸν
2726 3480 2987 3546 γεγονότα
3018 3478 3323 3550 Γρηγορίου
3356 3481 3423 3532 τὸ
3460 3479 3697 3549 ἐπίκλην

2123 3568 2547 3639 ὐνομαγούλου,
2584 3568 2837 3639 Τιϐέριον
2880 3569 3045 3622 αὑτὸν
3089 3570 3485 3640 ὀνομάσαντες.
3520 3570 3709 3624 Τοῦτοι

2110 3658 2364 3730 ἀκηκοὼς
2390 3662 2418 3712 6
2442 3659 2696 3730 βασιλεὺς
2723 3660 2932 3714 Παῦλον
2958 3661 3051 3714 τὸν
3074 3663 3364 3732 πατρίκιον
3388 3662 3694 3734 στρατηγὸν

2110 3746 2362 3814 Σικελίας
2395 3750 2783 3822 προϐάλλεται,
2803 3753 2899 3807 ἆτε
2928 3753 3119 3806 πιστὸν
3148 3752 3241 3808 καὶ
3282 3754 3484 3807 οίκείον
3514 3754 3695 3824 ὑπάρ-

2109 3858 2276 3912 χοντα
2321 3842 2415 3895 καὶ
2445 3842 2722 3896 τακτικῶν
2769 3841 3060 3915 ἔμπειρον,
3097 3845 3191 3898 καὶ
3236 3845 3374 3915 πρὸς
3412 3844 3707 3899 Βασίλειον·

2109 3931 2409 4002 ἐκπέμπει.
2458 3924 2684 3995 Οὗτινος
2755 3932 2954 3985 ἐκεῖσε·
3014 3931 3417 3996 καταλαϐόντος
3469 3933 3695 4003 Σέργιος

2110 4021 2288 4091 φυγὰς
2319 4022 2529 4075 ἐκεῖθεν
2570 4022 2780 4093 οἴχεται
2811 4021 2906 4076 καὶ
2934 4022 3074 4093 πρὸς
3104 4021 3517 4094 Λογγοϐάρδους
3552 4023 3704 4090 γίνεν

2109 4130 2223 4169 ται.
2259 4112 2474 4179 Παῦλος
2502 4113 2559 4166 δέ
2594 4114 2652 4167 ἐν
2671 4113 2718 4145 ⁷⁸
2758 4116 2824 4184 τῇ
2859 4114 3010 4184 νήσῳ
3038 4113 3168 4167 λαδν
3198 4114 3595 4185 περιαθροίσας
3627 4113 3696 4165 τὲ

2111 4204 2375 4276 βασιλέως
2411 4204 2778 4274 ἀναγινώσκει
2807 4206 3137 4276 γράμματα,
3169 4206 3239 4259 δι’
3261 4188 3339 4260 ῶν
3372 4207 3453 4270 εἰς
3485 4206 3688 4259 πίστωο

2112 4311 2196 4349 σιν
2245 4295 2493 4358 ἐλθόντες
2524 4296 2617 4348 τόν
2667 4312 2727 4347 τε
2780 4295 3007 4365 βασιλέα
3046 4297 3379 4367 εὐφήμησαν
3409 4298 3503 4349 καὶ
3537 4295 3696 4348 Βασί-

2106 4384 2252 4439 λειον
2285 4386 2381 4439 καὶ
2412 4385 2538 4448 τοὺς
2579 4384 2670 4438 ὑπ’
2692 4385 2856 4438 αὐτοῦ
2897 4385 3383 4456 προχειρισθέντας
3426 4384 3692 4454 ἄρχοντες

2106 4475 2369 4546 δεσμίους
2393 4475 2541 4546 αύτῷ
2568 4475 3038 4546 παραδεδώκασιν.
3056 4476 3115 4529 '0
3138 4475 3229 4541 δὲ,
3252 4475 3481 4538 τούτους
3518 4491 3690 4543 παρα-

2106 4566 2287 4622 λαϐὼν
2313 4567 2588 4637 Γεώργιόν
2613 4584 2733 4621 τινα
2761 4569 2860 4622 καὶ
2891 4568 3112 4637 ἐτέρους
3130 4568 3331 4632 ἀνεῖλε,
3362 4570 3460 4621 καὶ
3487 4567 3701 4619 τούτων-

439 4667 662 4727 accepta
690 4656 814 4725 lide,
850 4659 916 4712 ad
944 4658 1167 4723 Paulum
1216 4674 1466 4716 reversus
1498 4671 1600 4715 est.
1634 4661 1761 4716 Inde
1784 4671 2006 4732 pacatus

2118 4658 2207 4722 τὰς
2233 4658 2477 4728 κεφαλὰς
2524 4657 2660 4728 πρὸς
2711 4658 2803 4711 τὸν
2851 4657 3076 4728 βασιλέα
3106 4657 3429 4729 ἀνέπεμψε,
3462 4659 3592 4720 τοὺς
3637 4656 3689 4708 δὲ

439 4749 494 4805 in
523 4746 818 4804 Occidente
851 4758 1021 4804 status
1066 4765 1244 4804 rerum
1278 4765 1342 4805 ac
1374 4751 1741 4821 tranquillitas
1774 4751 1894 4805 fuit.

2105 4750 2300 4813 ἄλλους
2326 4749 2424 4803 σὺν
2455 4749 2694 4818 πληγαῖς
2735 4749 2830 4803 καὶ
2872 4748 3079 4812 αἰκίαις
3113 4748 3375 4813 πολλαῖς,
3403 4744 3480 4802 ὧν
3508 4749 3565 4801 δὲ
3598 4748 3690 4799 καὶ

436 4841 535 4903 τὰς
568 4843 718 4913 ρἰας
753 4841 1025 4912 ἐκτεμὼν,
1049 4843 1367 4914 ὑπερορίαις
1410 4844 1751 4915 παρέπεμψε.
1777 4845 2002 4917 Σέργιος
2034 4843 2113 4909 δὲ,
2135 4842 2236 4912 τῆς
2258 4841 2454 4895 ἑαυτοῦ
2489 4843 2769 4914 σωτηρίας
2786 4841 2948 4911 λόγον
2969 4841 3234 4913 αἰτήσας,
3253 4842 3395 4913 πρῦς
3422 4842 3514 4894 τὸν
3541 4838 3688 4895 Παῦ-

436 4931 530 4984 λον
561 4930 1150 5002 ἐκομίσθη.Ἐντεῦθεν
1176 4932 1247 4985 τὰ
1287 4933 1386 5003 τῆς
1425 4933 1697 5007 Έσπέρας
1733 4934 2036 5006 πράγματα
2071 4935 2129 4987 ἐν
2155 4931 2348 5003 εἰρήνῃ
2380 4931 2476 4985 καὶ
2515 4931 2715 5004 ἡσυχίᾳ
2739 4930 3012 5001 κατέστη..

512 5020 819 5075 Secundum
868 5021 981 5077 haec
1029 5022 1339 5092 imperatori
1392 5023 1534 5079 [ilius
1575 5025 1851 5089 nascitur,
1911 5023 1996 5078 cui

441 5111 779 5169 Constantini
826 5128 1020 5168 nomen
1064 5113 1335 5184 imposuit.
1370 5114 1586 5170 Decima
1629 5115 1819 5185 quinta
1852 5116 2002 5170 inse-

2174 5021 2331 5076 Μετὰ
2363 5020 2526 5075 τοῦτο
2551 5021 2798 5076 τίκτεται
2833 5022 2947 5087 υίὸς
2976 5021 3313 5093 τῷβασιλεϊ,
3344 5021 3406 5074 ὃν
3433 5021 3685 5090 ὠνόμασε

2109 5115 2536 5168 Κωνσταντίνον.
2551 5114 3016 5188 Πεντεκαιδεκάτῃ
3032 5114 3087 5168 δὲ
3104 5113 3197 5168 τοῦ
3218 5114 3559 5178 ἐπεισιόντος
3577 5114 3683 5185 (9.1)

1741 5276 1975 5345 VARle
2002 5290 2410 5349 LECTIONES.

516 5443 559 5478 ⁷⁸
595 5444 793 5514 ὀλίγων
832 5446 891 5500 Ρ.
966 5449 1011 5480 τ’
1042 5450 1387 5523 Σαρακηνός;
1421 5451 1492 5507 cf.
1524 5422 1577 5522 p.
1611 5451 1682 5508 65
1714 5452 1801 5508 i0.
1875 5453 1922 5485 ⁷³
1953 5445 2065 5506 οῦν.
2097 5451 2236 5508 ὑπόῖ
2261 5452 2333 5510 cf.
2357 5453 2460 5508 col.
2480 5452 2583 5507 957
2601 5452 2663 5509 C.
2687 5453 2743 5509 9.
2817 5452 2866 5486 ⁷⁸
2894 5450 2989 5507 τοῦ
3021 5466 3137 5508 om.
3171 5450 3229 5506 P.
3306 5452 3350 5485 ⁷⁸
3377 5448 3437 5504 δὲ
3470 5448 3563 5504 τόν
3577 5449 3672 5502 ἐν.

1787 5606 2059 5664 PETAVII
2102 5606 2329 5664 NOTAE.

526 5750 639 5824 (2i)
675 5756 1167 5831 Πεντεκαιδεκάτῄ
1211 5761 1278 5815 δὲ
1325 5761 1431 5817 τοῦ
1468 5765 1782 5831 εἰσιόντος.
1835 5763 2191 5834 Τίιυοίιίιιιιιοε
2216 5780 2270 5835 p.
2314 5763 2418 5817 523i
2460 5762 2520 5817 Β.
