3928 6166
253 288 362 354 ‘961

1200 288 1302 371 DE
1342 285 1592 348 REBUS
1629 282 1813 344 POST
1852 279 2308 348 MAURICIUM
2349 281 2635 357 GESTIS.

3419 287 3521 352 96?

268 404 440 474 μηνὸς
483 401 796 471 Αὐγούστου
844 400 1022 454 πάντα
1065 397 1135 452 τά
1167 416 1225 452 τε
1270 398 1472 453 ἱππικὰ
1514 397 1610 451 καὶ
1652 391 1853 464 πλόϊμα

1961 395 2178 462 quentia
2232 395 2434 448 mensis
2478 395 2706 465 Augusti
2773 394 3169 454 Saracenorqu
3245 403 3524 471 equitatus

272 495 377 548 τῶν
425 492 758 564 Σαρακηνῶν
805 489 1261 561 ὲκστρατεύματα
1309 489 1406 559 τῆς
1461 484 1851 559 βασιλευούσης

268 581 612 651 ἀπεχώρουν,
634 579 893 642 πλείστας
917 577 1048 640 ναῦς
1078 577 1446 641 ἀποϐαλόντες
1467 577 1571 629 ύπό
1594 593 1653 630 τε
1680 575 1852 645 ζάλης

267 673 365 724 καὶ
405 672 624 742 ἀνέμων
651 671 862 742 ἀγρίων
895 667 1358 739 καταληφθείσαις,
1396 669 1491 722 καὶ
1518 667 1729 720 πολλῶν
1753 668 1850 737 μὲν

270 766 350 827 εἰς
390 763 487 827 τὰς
529 765 726 834 νήσους
771 762 898 832 ἄχρι
935 762 1026 814 καὶ
1059 763 1140 825 είς
1171 760 1395 831 Κύπρον
1429 758 1850 825 σκεδασθεισῶν,

269 859 477 928 ἐτέρων
513 857 569 909 δὲ
611 857 704 909 καὶ
747 855 1062 925 αὐτάνδρων
1100 853 1178 924 τῷ
1222 852 1370 923 βυθῷ
1417 849 1845 922 παραδοθεισῶν.

282 949 573 1020 ’Λρτέμιος
616 947 672 1000 δὲ
715 947 772 998 ἐν
823 944 1194 1017 Θεσσαλονίκῃ
1243 942 1519 1012 ἐξόριστος
1561 939 1636 993 ὢν
1686 938 1851 992 πάλιν

267 1043 530 1109 πειρᾶται
556 1039 658 1108 τῆς
688 1038 966 1109 βασιλείας
994 1038 1388 1109 ἐπικρατήσειν
1410 1077 1424 1100 ,
1457 1035 1550 1087 καὶ
1578 1031 1849 1102 ἐπεχείρει

267 1132 445 1184 τοιάδε
475 1129 760 1200 πράττειν·
786 1128 993 1197 Γράφει
1027 1127 1163 1199 πρὸς
1191 1127 1453 1179 Σισίννιον
1481 1123 1764 1193 πατρίκιον
1791 1121 1851 1174 τὸ

270 1217 501 1287 ἐπίκλην
540 1217 867 1280 Ῥενδάκιον,
901 1219 1037 1286 πρὸς
1067 1219 1132 1286 τῇ
1158 1216 1267 1269 τῶν
1294 1215 1617 1284 Βουλγάρων
1642 1212 1850 1283 διατρί-

269 1309 434 1360 ϐοντα
463 1305 615 1377 χώρᾳ
646 1307 798 1376 παρὰ
829 1306 1092 1377 βασιλέως
1129 1305 1431 1376 τηνικαῦτα
1475 1301 1849 1357 ἀποσταλέντα

267 1397 348 1460 ὡς
382 1397 446 1450 ἂν
474 1397 796 1467 συμμαχίαν
824 1398 952 1468 παρ’
975 1396 1152 1450 αὐτῶν
1189 1396 1331 1450 κατὰ
1369 1396 1477 1448 τῶν
1519 1393 1849 1465 Σαρακηνῶν

257 1489 514 1560 λήψοιτο,
548 1490 699 1552 ὅπως
727 1487 876 1559 αὐτῷ
905 1489 972 1542 τά
1002 1488 1144 1541 κατὰ
1183 1488 1409 1558 γνώμην
1458 1484 1848 1555 συμπράξειεν,

269 1580 558 1634 ἀναπείσω
603 1580 659 1633 δὲ
703 1581 798 1634 καὶ
842 1581 1184 1651 Βουλγάρους
1213 1580 1568 1649 συνεργήσειν
1602 1577 1770 1647 αὐτῷ.
1792 1576 1849 1628 '0

253 1669 329 1722 -δὲ
362 1669 517 1722 τοῦτο
554 1670 843 1740 ὑπέσχετο.
880 1670 1087 1740 Γράφει
1113 1671 1170 1723 δὲ
1200 1671 1295 1723 καὶ
1327 1670 1462 1741 πρὸς
1491 1667 1737 1740 Νικηταν
1762 1667 1850 1722 τὸν

1951 483 2128 537 omnis
2157 492 2210 538 et
2243 484 2436 540 classis
2479 486 2546 540 ab
2577 487 2710 541 urbe
2737 487 2989 557 discedit,
3043 491 3260 548 amissis
3293 497 3524 551 navibus

1951 576 2378 646 quamplurimis,
2419 594 2554 648 quas
2595 590 2888 649 tempestas
2929 598 2993 642 ac
3023 595 3307 640 ventorum
3356 587 3524 657 impe;

1953 676 2037 720 tus
2066 667 2377 735 disjecerat.
2411 670 2613 725 Harqu
2636 673 2880 741 quaedam
2906 689 3002 742 per
3037 676 3241 730 insulas
3269 680 3524 746 dispersae

1951 757 2015 809 ad
2041 755 2278 827 Cyprum
2323 774 2496 829 usque
2531 761 2806 830 dissipatae
2851 773 2997 827 sunt,
3045 765 3165 820 alia:
3206 781 3326 819 cum
3375 768 3520 821 omni

1952 849 2326 918 supplemento
2358 858 2638 908 demersae.
2676 855 2896 909 Interim
2929 857 3204 911 Artemius
3237 856 3521 912 Thessalo-

1951 939 2084 992 nicae
2133 942 2390 996 exsulans
2422 944 2488 998 de
2517 948 2833 1014 occupando
2867 931 3351 1018 rursum'imperio
3385 964 3520 1002 nova

1951 1031 2178 1086 consilia
2221 1034 2477 1103 molitur;
2521 1038 2662 1105 quod
2694 1037 2838 1094 hunc
2884 1041 2936 1094 in
2972 1041 3187 1094 modum
3235 1055 3522 1109 aggressus

1950 1135 2051 1178 est.
2103 1125 2255 1180 Datis
2307 1128 2374 1182 ad
2439 1128 2739 1184 Sisinnium
2814 1132 3100 1201 patricium
3165 1144 3522 1201 cognomento

1951 1217 2324 1272 Rhendacium
2355 1219 2572 1288 litteris,
2605 1221 2696 1290 qui
2739 1231 2848 1276 tum
2892 1223 3035 1278 forte
3079 1225 3216 1293 apud
3261 1224 3522 1293 Bulgaros

1949 1316 2066 1360 erat
2094 1308 2282 1362 auxilii
2325 1319 2518 1364 contra
2556 1310 2863 1369 Saracenos
2896 1315 3217 1383 impetrandi
3264 1332 3424 1370 causa
3457 1317 3524 1367 ah

1951 1395 2277 1464 imperatore
2315 1399 2533 1464 missus,
2568 1400 2697 1454 huic
2750 1402 2921 1470 igitur
2954 1418 3049 1471 per
3082 1403 3291 1457 litteras
3335 1402 3526 1457 suadet

1953 1495 2011 1540 ut
2061 1500 2121 1540 se
2176 1487 2462 1542 conatibus
2498 1489 2611 1543 suis
2661 1489 2961 1560 adjutorem
3020 1491 3307 1560 praeberet,
3341 1493 3433 1546 sed
3470 1501 3525 1544 et

1951 1576 2211 1648 Bulgaros
2234 1578 2285 1633 in
2317 1579 2526 1634 consilii
2559 1581 2873 1636 societatem
2908 1583 3223 1652 pelliceret;
3253 1598 3372 1651 qua:
3405 1597 3524 1636 om-

1956 1670 2043 1724 nia
2075 1673 2152 1724 uti
2184 1671 2487 1741 postularat
2542 1671 2808 1728 facturum
2853 1689 2911 1729 se
2951 1690 3070 1730 esse
3101 1675 3391 1744 promittit.
3421 1675 3524 1727 Ea-

258 1760 579 1831 ,μάγιστρον
625 1761 684 1814 τὸ
724 1761 956 1832 ἐπίκλην
988 1760 1295 1831 Ξυλινίτην,
1324 1764 1380 1815 ἐν
1410 1763 1849 1814 Κωνσταντινου-

1955 1761 2075 1817 dem
2106 1762 2172 1818 de
2203 1779 2261 1819 re
2288 1764 2355 1818 ad
2392 1763 2636 1820 Nicetam
2665 1766 2984 1834 magistrum
3021 1778 3378 1836 cognomento
3415 1767 3527 1838 Xy-

260 1852 428 1905 πόλει
467 1853 803 1922 ὑπάρχοντα,
839 1853 918 1906 ἔτι
952 1853 1008 1907 δὲ
1051 1853 1146 1908 καὶ
1175 1854 1308 1922 πρὸς
1332 1853 1524 1924 Ἰσώην
1561 1854 1848 1924 πατρίκιον

267 1943 368 1995 καὶ
398 1943 490 1996 τοῦ
525 1942 820 2014 λεγομένου
858 1943 1138 2014 βασιλικοῦ
1165 1944 1410 2013 Ὀψικίου
1444 1945 1686 2014 ἡγεμόνα
1708 1986 1724 2011 ,
1756 1944 1852 1999 καὶ

267 2037 551 2091 Θεοδόσιον
583 2038 692 2106 (22)
727 2039 819 2091 τὸν
852 2037 1158 2108 πρώτιστον
1195 2039 1302 2091 τῶν
1350 2038 1644 2108 βασιλικῶν
1672 2055 1852 2110 γραμ-

270 2129 496 2199 ματέων
542 2128 666 2181 καθ’
690 2128 783 2192 οὓς
830 2129 1108 2182 ἐϐασίλευε
1151 2129 1375 2199 χρόνους
1418 2130 1731 2199 γενόμενον,
1758 2130 1852 2182 καὶ

266 2220 522 2290 Νικήταν
554 2220 781 2289 ἐπίκλην
803 2220 1084 2291 Ἀνθρακα
1113 2219 1350 2292 ἄρχοντα
1376 2221 1590 2290 τειχῶν,
1616 2221 1852 2284 παλαιᾶς

267 2311 458 2382 φιλίας
493 2311 1034 2383 ἀναμιμνήσκεσθαι,
1061 2314 1154 2366 καὶ
1182 2311 1435 2383 ἑτοίμους
1459 2307 1598 2365 εἶναι
1631 2313 1852 2383 συντρέ-

263 2420 395 2475 χειν
427 2402 573 2473 αύτῷ
604 2403 699 2456 καὶ
727 2403 826 2473 τὴν
863 2403 1017 2457 πόλιν
1058 2403 1368 2472 ἀνοιγνύναι
1395 2406 1486 2457 καὶ
1518 2405 1593 2468 ὡς
1625 2404 1853 2474 βασιλέα

267 2494 658 2563 ὑποδέχεσθαι.
689 2493 768 2547 Τὰ
794 2494 1073 2564 γραφέντα
1105 2489 1197 2549 οὖν
1229 2496 1390 2559 εὐθὺς
1411 2493 1488 2565 τῷ
1515 2496 1725 2565 βασιλεῖ
1741 2497 1854 2550 δια-

267 2585 632 2654 γινώσκεται,
670 2584 766 2637 καὶ
793 2586 918 2648 τοὺς
950 2585 1017 2637 τὰ
1059 2587 1362 2655 γράμματα
1388 2585 1712 2656 δεξαμένους
1738 2605 1854 2656 χει-

269 2676 469 2748 ροῦται
497 2677 590 2729 καὶ
616 2677 857 2746 πληγαῖς
889 2677 1186 2741 αἰκίζεται.
1213 2678 1304 2730 καὶ
1333 2679 1485 2731 αὐτοὶ
1509 2678 1851 2746 ὁμολογοῦσι.

267 2768 391 2820 Καὶ
429 2767 642 2836 Νικὴτα
677 2766 776 2836 μὲν
806 2765 898 2818 τοῦ
939 2765 1038 2836 τὴν
1079 2765 1236 2830 ἀξίαν
1271 2767 1570 2836 μαγίστρου
1602 2767 1694 2820 καὶ
1723 2766 1855 2820 Θεο-

268 2857 502 2911 κτίστου
531 2857 627 2918 τὰς
657 2855 898 2923 κεφαλὰς
927 2856 1174 2926 ἐξέτεμε,
1208 2859 1334 2919 τοὺς
1360 2857 1416 2910 δὲ
1451 2856 1642 2920 ἄλλους
1671 2857 1732 2909 οὐ
1767 2874 1856 2926 μι-

265 2947 432 3018 κρῶς
481 2948 831 3016 αἰκισάμενος
877 2947 973 2998 καὶ
1018 2946 1297 3016 δημεύσας
1335 2947 1572 3018 ἐξορίαις
1603 2947 1855 3016 ἀπέπεμ-

266 3037 764 3109 ψεν⁷⁶.Ἀρτέμιος
801 3037 857 3089 δέ
900 3036 1018 3106 ἅμα
1049 3038 1297 3108 Σισιννίῳ
1336 3037 1412 3108 τῷ
1454 3039 1723 3109 πατρικίῳ
1759 3037 1854 3090 καὶ
1881 3077 1924 3134 C

265 3132 394 3193 τοῖς
437 3128 770 3198 Βουλγάροις
820 3127 1013 3198 μέχρις
1048 3127 1377 3198 Ἡρακλείας
1423 3129 1851 3200 καταλαμϐάνει,

268 3222 383 3274 σὺν
411 3222 592 3283 αὐτοῖς
620 3221 676 3273 δὲ
703 3220 800 3273 καὶ
827 3219 970 3290 ἅπερ
1002 3215 1200 3291 ἦγον⁷⁷
1233 3222 1292 3274 ἐν
1325 3220 1690 3293 Θεσσαλονίκῃ
1721 3222 1857 3275 ἀκά-

268 3328 401 3366 τια’
441 3310 706 3380 μονόξυλα
751 3310 807 3364 δὲ
853 3312 1007 3364 αὐτοὶ
1042 3311 1530 3382 προσαγορεύουσι.
1568 3313 1774 3384 Γράφει
1801 3313 1858 3366 δὲ

264 3403 614 3472 Βουλγάροις
635 3403 663 3454 δ
685 3401 934 3472 βασιλεὺς
963 3402 1039 3466 ὡς
1064 3402 1162 3474 τὴν
1194 3402 1416 3474 εἰρήνην
1448 3403 1648 3473 μᾶλλον
1681 3403 1858 3457 ἀσπά-

273 3518 462 3555 σοιντο
506 3500 600 3554 καὶ
636 3501 764 3562 τοὺς
804 3499 1035 3571 ἐχθροὺς
1068 3501 1336 3572 προδοῖεν.
1368 3502 1431 3553 Ol
1460 3500 1515 3553 δὲ
1551 3502 1630 3563 είς
1659 3499 1858 3553 ἀπολο-

262 3591 411 3661 γίαν
443 3591 784 3660 κατέστησαν
819 3589 1147 3663 συγγνώμην
1174 3591 1494 3662 αἰτήσαντες
1517 3590 1612 3644 καὶ
1635 3590 1701 3643 τὰ
1723 3589 1859 3660 πρὸς

271 3684 512 3753 εἰρήνην
547 3681 989 3752 ὑπισχνούμενοι.
1021 3683 1131 3734 Καὶ
1176 3683 1267 3736 τὸν
1310 3682 1408 3752 μὲν
1433 3681 1720 3751 Ἀρτέμιον
1760 3682 1858 3736 σὺν

267 3775 363 3845 τῷ
397 3775 649 3845 ἀρχιερεῖ
678 3774 1078 3844 Θεσσαλονίκης
1106 3772 1200 3827 καὶ
1233 3772 1425 3836 ἄλλους
1463 3772 1745 3836 πλείστους
1773 3773 1858 3826 δε-

272 3863 513 3935 σμώτας
550 3863 686 3933 πρὸς
731 3861 956 3932 βασιλέα
988 3861 1286 3928 πέμπουσι,
1321 3861 1417 3914 καὶ
1458 3861 1722 3915 Σισιννίου
1763 3859 1858 3915 τοῦ

269 3954 580 4022 πατρικίου
631 3953 730 4024 τὴν
775 3951 1017 4023 κεφαλὴν
1047 3952 1374 4020 ἐκτεμόντες
1400 3949 1660 4015 ὡσαύτως
1709 3950 1861 4004 στέλ-

266 4047 493 4109 λουσιν,
525 4044 698 4107 οὕτως
726 4060 783 4096 τε
821 4041 957 4114 πρὸς
995 4041 1091 4114 τὴν
1130 4042 1341 4096 ἐαυτῶν
1373 4041 1713 4113 ἀπεχώρουν.
1731 4043 1860 4114 ’Δρ-

263 4138 473 4206 τέμιον
506 4135 562 4188 δὲ
599 4135 696 4189 σὺν
742 4134 821 4206 τῷ
867 4134 1279 4207 άρχιεπισκόπῳ
1309 4133 1642 4206 παραλαϐὼν
1685 4135 1743 4189 ἐν
1783 4133 1862 4206 τῷ

268 4227 570 4296 λεγομένῳ
595 4225 855 4298 Κυνηγίῳ
903 4224 1473 4297 ἀπέτεμεν.’1ππικὴν
1520 4226 1578 4280 δὲ
1629 4224 1861 4296 ἅμιλλαν

268 4317 610 4379 ἐπιτελέσας
633 4317 741 4369 τῶν
770 4314 1196 4387 ἀποτμηθέντων
1236 4315 1337 4379 τὰς
1383 4316 1622 4385 κεφαλὰς
1647 4316 1734 4370 διὰ
1765 4315 1859 4370 τοῦ

285 4405 691 4475 Ἱπποδρομίου
710 4403 804 4458 ἐπὶ
832 4403 1008 4474 κοντῷ
1025 4403 1411 4475 ἀνηρτημένας
1426 4404 1472 4437 ⁷⁸
1489 4405 1850 4476 ἐξεπόμπευε.

1954 1851 2159 1907 linitem
2188 1853 2393 1922 Cpolim
2426 1856 2653 1922 scribit,
2686 1872 2895 1912 necnon
2933 1857 2998 1910 ad
3047 1859 3203 1912 lsocn
3236 1859 3524 1927 patricium

1951 1944 2283 2014 imperatorii
2314 1947 2564 2017 Obsequii
2601 1948 2940 2016 praefectum,
2976 1957 3032 2003 et
3065 1950 3132 2002 ad
3160 1949 3523 2003 Theodosium

1953 2037 2288 2098 notariorum
2342 2051 2450 2106 quo
2504 2038 2806 2104 imperabat
2857 2047 3100 2107 tempore
3153 2039 3525 2108 primicerium

1953 2126 2179 2191 factum,
2210 2128 2450 2196 itemque
2485 2130 2551 2180 ad
2605 2128 2848 2183 Nicetam
2887 2142 3249 2200 cognomento
3283 2131 3525 2185 Anthra-

1954 2233 2070 2272 cem
2118 2234 2394 2272 murorum
2430 2219 2761 2288 praefectum.
2815 2221 3019 2286 Quibus
3068 2220 3269 2276 litteris
3309 2236 3406 2289 pro
3437 2236 3530 2276 ve-

1957 2309 2054 2362 teri
2098 2307 2464 2363 familiaritate
2489 2320 2645 2378 rogat
2667 2309 2770 2364 sibi
2800 2317 2857 2364 ut
2892 2321 3106 2366 mature
3142 2311 3382 2366 subsidio
3408 2326 3530 2367 esse

1955 2396 2271 2468 velint,63
2311 2408 2474 2466 atque
2515 2398 2703 2452 urbem
2732 2399 3003 2464 aperiant,
3034 2414 3098 2454 ac
3144 2413 3244 2467 pro
3297 2400 3530 2469 impera-

1954 2497 2070 2542 tore
2125 2503 2182 2543 se
2239 2489 2526 2557 recipiant.
2576 2487 2674 2544 His
2713 2490 2969 2545 omnibus
3019 2491 3088 2544 ad
3137 2490 3525 2560 imperatorem

1955 2580 2199 2648 perlatis,
2227 2591 2492 2650 quotquot
2537 2596 2630 2636 eas
2671 2582 2880 2636 litteras
2913 2593 3258 2652 acceperant,
3290 2598 3530 2648 compre-

1955 2670 2109 2725 hensi
2134 2670 2424 2740 etilagellis
2442 2671 2636 2726 aﬂ'ecti.
2659 2671 2768 2727 Nec
2800 2672 2876 2725 illi
2896 2672 3102 2727 factum
3129 2674 3351 2728 inficiati
3379 2682 3527 2730 sunt.

1955 2759 2095 2828 Ergo
2123 2759 2326 2814 Nicetaa
2361 2761 2629 2830 magistro
2675 2772 2731 2815 et
2763 2759 3078 2817 Theaetisto
3133 2765 3306 2832 capita
3340 2765 3530 2834 praeci-

1956 2849 2171 2903 dantur.
2207 2850 2402 2904 Ctntcri
2428 2851 2565 2905 male
2587 2851 2794 2905 multati
2825 2864 2878 2906 et
2904 2854 3191 2922 proscripti
3217 2865 3368 2908 extra
3395 2855 3529 2911 lines

1957 2941 2169 3008 imperii
2203 2943 2532 3012 relegantur.
2566 2943 2844 2998 Artemius
2872 2959 2992 2997 cum
3028 2944 3266 3000 Sis-iunio
3295 2948 3524 3014 patricio

1958 3039 2012 3086 et
2037 3033 2279 3102 Bulgaris
2323 3033 2628 3088 Heracliam
2665 3035 2906 3102 pervenit
2947 3051 3068 3088 cum
3119 3036 3330 3102 lembis,
3390 3054 3528 3107 quos

1960 3122 2407 3178 Thessalonicam
2437 3123 2828 3189 subduxerant,
2861 3140 2980 3194 quae
3009 3125 3083 3179 illi
3125 3127 3406 3199 monoxyla
3435 3143 3530 3183 vo-

1958 3223 2100 3270 cant.
2129 3215 2426 3285 Imperator
2469 3215 2688 3282 scriptis
2733 3215 2927 3271 litteris
2970 3216 3228 3288 Bulgaros
3276 3219 3527 3275 admonet

1958 3315 2016 3360 ut
2040 3307 2180 3361 bello
2211 3321 2396 3374 pacem
2430 3312 2762 3374 anteponant
2791 3315 2846 3360 et
2891 3307 3077 3361 hostes
3125 3322 3258 3364 suos
3308 3309 3412 3362 sibi
3473 3309 3528 3364 in

1957 3406 2280 3468 potestatem
2325 3397 2558 3451 tradant.
2593 3395 2698 3462 llli,
2737 3397 2802 3450 ad
2831 3397 3232 3451 excusationem
3256 3398 3528 3466 conversi,

1958 3489 2170 3542 veniam
2213 3487 2575 3554 deprecantur
2622 3495 2679 3541 et
2722 3501 2910 3555 pacem
2951 3487 3160 3542 firmam
3206 3487 3322 3541 fore
3365 3488 3528 3556 polli-

1958 3590 2171 3636 centur.
2212 3578 2336 3634 Mox
2369 3579 2674 3634 Artemium
2717 3594 2837 3633 cum
2875 3577 3272 3634 Thessalonica:
3301 3578 3529 3648 praesule

1961 3670 2204 3739 aliosque
2221 3669 2484 3740 plurimos
2514 3669 2729 3724 vinctos
2763 3669 2828 3722 ad
2867 3669 3248 3738 imperatorem
3283 3671 3526 3738 mittunt,

1960 3774 2065 3816 una
2091 3776 2212 3816 cum
2252 3757 2477 3815 Sisinnii
2505 3759 2716 3829 patricii
2749 3762 2943 3828 capite,
2976 3759 3118 3828 quod
3167 3760 3215 3814 ei
3272 3761 3530 3829 praecide-

1960 3862 2127 3920 rant;
2160 3861 2323 3922 atque
2368 3852 2441 3908 ita
2469 3853 2521 3907 in
2559 3852 2790 3921 patriam
2823 3850 3025 3905 reversi
3053 3860 3197 3906 sunt.
3227 3851 3528 3920 Imperator

1959 3943 2261 3999 Artemium
2285 3951 2340 3998 et
2365 3942 2831 4012 archiepiscopum
2859 3941 2910 3994 in
2943 3949 3272 4010 potestatem
3298 3941 3524 4006 habens,

1961 4037 2226 4092 ambobus
2278 4037 2333 4088 in
2378 4033 2618 4105 Cynegio
2667 4039 2829 4100 caput
2879 4031 3147 4099 amputari
3191 4031 3370 4097 jubet,
3417 4039 3523 4082 tum

1959 4127 2201 4198 equestri
2249 4124 2560 4197 spectaculo
2607 4124 2732 4179 dato
2762 4124 3074 4178 eorumdem
3129 4121 3307 4186 capita
3362 4129 3524 4175 conto

1962 4232 2225 4289 suspensa
2255 4232 2351 4286 per
2385 4216 2810 4286 Hippodromum
2846 4213 3072 4268 traduci.
3104 4211 3360 4280 Reliquos
3408 4223 3525 4263 oma

1963 4327 2060 4368 nes
2084 4309 2403 4366 verberibus
2427 4323 2596 4368 caesos
2626 4309 2848 4364 naribus
2892 4305 3182 4376 amputatis
3205 4311 3258 4359 et
3285 4303 3513 4372 publica-

1963 4405 2036 4458 tis
2082 4402 2243 4460 bonis
2273 4399 2498 4470 relegat.

269 4499 331 4552 Τ
333 4501 433 4560 οὺς
480 4499 539 4551 δὲ
585 4496 777 4560 ἄλλους
823 4496 1032 4560 πάντας
1079 4495 1435 4565 αἰκισάμενος
1473 4495 1568 4550 καὶ
1616 4496 1719 4561 τὰς
1750 4500 1902 4569 ῥῖνας
1939 4495 2120 4552 αὐτῶν
2169 4491 2415 4564 ἐκτεμὼν
2467 4489 2564 4545 καὶ
2609 4487 2886 4560 δημεύσας
2925 4486 3240 4558 ύπερορίαις
3315 4484 3530 4540 κατεδί-

263 4612 450 4651 κασε.

357 4683 544 4738 Ταῦτα
570 4677 664 4737 οὖν
693 4681 1189 4755 καταπραξάμενος
1217 4683 1609 4753 προσκαλεῖται
1639 4682 1853 4754 Γερμα-

2033 4679 2161 4752 [An.
2191 4676 2342 4749 720.]
2371 4675 2494 4730 [iam
2513 4675 2605 4729 ubi
2628 4673 2790 4740 facta,
2820 4673 3144 4728 Germanum
3166 4672 3531 4742 patriarcltam

1609 4835 1842 4892 VARI/E
1891 4831 2298 4891 LECTlONES.

357 4973 407 5006 ⁷⁸
434 4971 824 5043 παρέπεμψενς
899 4971 943 5002 ⁷⁷
983 4967 1022 5024 f.
1053 4964 1201 5038 εῐχον
1229 4968 1535 5023 Petavius.‘
1581 4969 1625 4999 ⁷⁸³
1659 4968 2056 5040 ἀπηρτημένας
2090 4967 2163 5022 P:
2193 4966 2264 5022 cl'.
2303 4981 2356 5032 p.
2385 4965 2420 5020 5
2448 4963 2535 5031 12,
2572 4965 2642 5020 55
2678 4964 2853 5031 12,42
2878 4964 2929 5021 4.

1633 5102 1903 5158 PETAVII
1941 5101 2172 5159 NOTAE.

358 5245 476 5315 (22)
522 5246 862 5300 Θεοδόσιον.
909 5243 1266 5315 Theophanes
1296 5243 1668 5297 Theoctistum
1715 5240 1861 5315 hunc

243 5312 564 5387 appellare
592 5318 828 5387 videtur,
851 5330 991 5368 atauo
1017 5312 1211 5387 Leonis
1239 5314 1294 5376 5,
1329 5312 1858 5387 πρῳτοασηκρήτην,

245 5381 393 5445 hbe
425 5395 508 5438 est
545 5385 776 5454 primum
831 5402 857 5435 a
895 5383 1141 5437 secretis.
1187 5383 1298 5437 lmo
1343 5381 1504 5454 etiam
1551 5381 1707 5454 paulo
1742 5391 1862 5448 post

241 5447 629 5522 Nicephorus
651 5453 1021 5508 Theoctistum
1055 5455 1301 5507 eumdem
1328 5447 1581 5521 appellat.
1618 5447 1861 5522 Fuerunt

236 5521 441 5596 (‘poli
485 5527 826 5596 notariorum
875 5525 1095 5596 ordines
1124 5523 1206 5596 Et:
1249 5523 1338 5596 alii
1387 5521 1858 5596 notarii_tribuni,

241 5589 529 5652 lr'ihttnis
580 5595 920 5661 praetorianis
965 5593 1195 5660 aequati;
1250 5593 1337 5644 alii
1389 5589 1857 5661 doutestici,_qui

233 5659 604 5732 itnperatori
635 5679 663 5716 a
688 5665 912 5717 secretis
946 5673 1131 5728 erant;
1163 5662 1300 5716 tertii
1335 5659 1623 5715 inferiores
1653 5659 1854 5717 tribuni

1973 5246 2189 5316 notarii.
2231 5246 2366 5302 Vide
2397 5255 2533 5316 inot.
2579 5246 2714 5316 imp.
2754 5241 3110 5316 cassjodorus
3139 5237 3191 5316 .I.
3230 5252 3246 5290 ι
3301 5233 3420 5315 Var.

1969 5334 1987 5365 ι
2027 5315 2188 5369 Pater
2212 5317 2352 5369 enim
2383 5306 2847 5384 Candidatussub
2885 5306 3260 5384 Valentiniano
3291 5306 3538 5384 principe

1961 5385 2128 5452 gessit
2177 5387 2379 5439 tribuni
2439 5394 2492 5439 et
2553 5381 2747 5436 notarii
2798 5377 3142 5453 laudabiliter
3190 5377 3533 5453 dignitatem.

1962 5444 2144 5508 Honor
2175 5457 2264 5522 qui
2296 5465 2425 5508 tunc
2453 5454 2682 5507 dabatur
2722 5449 2976 5525 egregiis,
3003 5447 3128 5525 dum
3161 5444 3228 5498 ad
3261 5444 3538 5525 imperiale

1959 5517 2232 5578 secretum
2294 5526 2426 5578 tales
2474 5532 2688 5576 constet
2728 5517 2864 5586 eligi
2899 5519 2952 5571 in
2997 5517 3196 5586 quibus
3247 5517 3538 5582 reprehen-

1958 5594 2128 5647 sionis
2159 5594 2345 5646 vitium
2383 5600 2614 5660 nequeat
2647 5587 2875 5660 inveniri
2905 5588 3129 5660 {itaque
3159 5587 3184 5638 ό
3215 5601 3538 5660 πρωτοαση-

1959 5665 2169 5734 κρήτης
2200 5674 2282 5718 est
2315 5656 2622 5734 πρώτιστος
2652 5659 2756 5713 τῶν
2793 5656 3089 5728 βασιλικῶν
3135 5656 3538 5727 γραμματέω⁵⁸
