3940 6170
493 268 599 335 937

1480 276 1485 279 Α
1521 273 1584 335 S.
1620 269 2038 334 NICEPHOR‘I
2072 269 2583 330 PATRIARCHA!
2618 268 2728 329 CP.
2928 311 2961 332 ,ρ
3604 273 3689 339 963

492 401 743 457 campum
766 385 852 442 cui
878 384 1087 443 Crasso
1110 399 1311 442 nomen
1353 393 1437 441 est
1473 383 1775 458 egreditur,
1805 384 2076 454 simulque

2185 385 2326 447 λείας
2359 384 2662 454 κρατήσας,
2687 382 2995 453 ἀπόμοιραν
3024 399 3146 437 τινα
3179 384 3401 455 στρατοῦ
3423 385 3692 459 ἐπιλεξάμε-

493 480 767 534 Artabazo
793 478 1014 534 mandat
1054 486 1115 533 ut
1145 479 1214 534 ad
1260 491 1319 533 se
1348 477 1561 543 veniat,
1592 491 1702 548 quo
1749 474 1891 531 inter
1918 489 1978 531 se
2012 474 2082 531 de

490 567 861 641 propulsando
894 570 1051 625 hoste
1085 568 1405 625 deliberent.
1456 564 1571 622 Nec
1618 565 1800 620 minus
1846 563 1939 620 ille
1980 577 2082 620 sua

492 669 688 730 sponte
717 660 1045 724 maturabat,
1077 667 1138 713 ut
1179 665 1237 712 et
1269 656 1502 712 consilio
1541 656 1830 712 interesset
1855 664 1913 710 et
1954 668 2079 710 eum

496 751 723 822 imperio
750 751 1013 822 privaret.
1051 748 1278 804 interim
1311 748 1733 815 Constantinus,
1775 748 1959 803 audita
1998 756 2083 818 ty-

497 844 744 900 rannidis
776 842 945 911 fama,
986 857 1109 898 cum
1148 841 1371 912 insuper
1406 839 1659 897 Viserum
1706 840 1993 911 patricium
2022 839 2082 894 in

495 947 727 989 occursu
759 932 878 1001 ipso
932 945 965 985 a
1002 930 1285 986 contraria
1317 928 1556 985 factione
1586 936 1926 998 peremptum
1957 939 2082 982 esse

494 1025 868 1093 cognovisset,
890 1036 1013 1092 quae
1037 1036 1189 1077 more
1213 1021 1552 1091 imperatorii
1579 1020 1852 1076 exercitus
1880 1019 2083 1074 instru-

495 1122 581 1169 cta
613 1113 901 1182 veniebat,
931 1126 1163 1184 propere
1185 1112 1467 1184 digressus
1501 1125 1566 1167 ac
1594 1110 1757 1167 saluti
1792 1109 2082 1167 consulens

495 1204 563 1260 ad
588 1202 951 1260 Orientalium
988 1203 1266 1275 regionem
1297 1201 1577 1272 confugit,
1627 1201 1720 1272 qui
1767 1200 2084 1256 humaniter

494 1309 620 1351 eum
668 1295 1009 1366 excipientes
1069 1310 1191 1350 cum
1234 1294 1592 1365 jurejurando
1645 1292 1807 1350 fidem
1860 1293 2084 1364 insuper

494 1387 863 1458 obstringunt,
901 1402 963 1442 se
1018 1386 1087 1442 ad
1133 1393 1364 1441 mortem
1410 1399 1584 1455 usque
1633 1383 1835 1438 nullum
1885 1398 1984 1452 pro
2016 1396 2083 1438 eo

494 1478 797 1549 perieulum
822 1493 943 1533 esse
971 1478 1392 1534 detrectaturos.
1422 1476 1546 1532 Nox
1574 1475 2001 1533 contumeliosas
2026 1476 2081 1531 in

494 1568 827 1625 Artabazum
854 1584 1017 1626 voces
1042 1584 1106 1624 ac
1136 1568 1379 1625 convicia
1397 1567 1627 1635 iactant.
1655 1569 1738 1622 Ad
1764 1568 1880 1625 haec
1905 1568 2083 1623 Sisin-

494 1659 646 1723 niuin
684 1659 975 1728 patricium
1021 1673 1142 1713 cum
1190 1655 1595 1725 Thracemibus
1641 1658 1855 1728 copiis,
1885 1658 2083 1727 quibus

2181 493 2270 540 νος
2295 472 2397 546 τῆς
2426 474 2637 539 πόλεως
2666 473 2854 539 ἔξεισι,
2895 474 2992 528 καὶ
3028 475 3090 531 τὸ
3113 477 3291 530 πεδίον
3326 477 3353 530 ὅ
3383 479 3576 548 Κράσος
3599 482 3691 556 (55)

2183 565 2653 639 προσαγορεύεται
2684 566 3113 637 καταλαμϐάνει,
3143 568 3240 623 καὶ
3271 568 3562 642 Ἀρταϐάζῳ
3592 572 3692 645 ὲσήο

2185 673 2381 727 μαινεν
2421 657 2581 727 ἥκειν
2608 655 2745 726 πρὸς
2771 655 2956 722 αὐτὸν,
2995 655 3073 720 ὡς
3106 654 3172 710 ἂν
3203 656 3315 727 ἅμα
3342 657 3442 711 τῶν
3468 659 3693 730 πολεμίων

2181 742 2342 813 χάριν
2373 740 2768 812 βουλεύσοιντο,
2785 742 2845 795 '0
2870 742 2929 795 δὲ
2960 741 3060 813 ἥδη
3094 741 3258 815 ὥρμα
3287 747 3379 799 καὶ
3407 745 3580 819 βουλῆς
3598 750 3692 803 ἓνε-

2181 850 2298 900 κεν,
2346 833 2483 888 ἀλλά
2537 834 2635 887 καὶ
2682 835 2785 905 τῆς
2836 833 3116 904 βασιλείας
3169 835 3330 890 αὑτὸν
3381 837 3690 911 καθαιρήσων.

2182 925 2594 990 Κωνστανττνος
2620 926 2698 994 δὲ,
2733 925 2802 979 τά
2844 925 2943 996 τῆς
2970 927 3285 997 τυραννίδος
3310 927 3601 999 πυθόμενος,
3623 933 3694 985 καὶ

2183 1015 2403 1087 Βίσιρον
2421 1016 2532 1085 (54)
2549 1016 2649 1088 τὴν
2669 1016 2828 1083 ἀξίαν
2855 1016 3144 1089 πατρίκιον
3162 1022 3645 1090 προσυπαντήσαντα
3658 1024 3693 1055 ’⁸

2182 1106 2278 1160 καὶ
2322 1105 2401 1177 τῷ
2441 1105 2586 1176 ξίφει
2622 1106 2730 1160 τῶν
2769 1106 3081 1161 ἀντιπάλων
3127 1108 3363 1162 πεσόντα
3410 1108 3695 1181 αἰσθόμενος,

2182 1196 2278 1251 καὶ
2307 1196 2382 1261 ώς
2404 1196 2466 1251 τὸ
2497 1197 2775 1268 βασιλικὸν
2800 1198 3240 1269 ἐσκευασμένους
3263 1201 3591 1270 στρατόπεδον
3608 1205 3696 1255 εἰσι

2186 1284 2311 1339 ιδὼν
2331 1287 2543 1354 αὐτὸν,
2569 1288 2707 1359 πρὸς
2735 1291 2803 1360 τῇ
2829 1286 2984 1360 χώρᾳ
3009 1289 3425 1344 Ἀνατολικῶν⁹¹
3444 1291 3698 1366 καλουμένῃ

2185 1378 2364 1448 φυγάς
2397 1379 2610 1434 ἐνθένδε
2632 1380 2814 1435 ἀπιὼν
2833 1381 2933 1451 τὴν
2960 1381 3234 1454 σωτηρίαν
3259 1382 3355 1453 τὴν
3377 1384 3554 1437 ἑαυτοῦ
3578 1401 3698 1453 περι-

2184 1473 2506 1541 εποιήσατο.
2538 1473 2648 1526 Καὶ
2671 1472 2825 1527 αὐτοὶ
2851 1472 3115 1536 εὐνοϊκῶς
3137 1474 3512 1547 ὑποδεξάμενοι
3537 1477 3700 1545 ἐνωμό-

2182 1580 2311 1628 τους
2337 1562 2489 1634 αύτῷ
2522 1562 2795 1634 συνθήκας
2831 1562 3137 1618 δεδώκεσαν
3172 1565 3250 1630 ὡς
3296 1566 3479 1638 μέχρις
3516 1566 3701 1636 αἱματος

2187 1655 2331 1727 ὑπὲρ
2361 1653 2527 1711 αὐτοῦ
2556 1653 2842 1710 ἀνελέσθαι
2874 1655 2965 1709 τὸν
2993 1655 3263 1721 κίνδυνον,
3292 1657 3384 1711 καὶ
3421 1657 3698 1728 Ἀρτάϐαζον

495 1757 763 1818 praeerat,
809 1749 877 1805 ad
916 1761 1044 1805 suas
1088 1756 1275 1818 partes
1310 1748 1662 1817 pertrahunt,
1689 1748 2006 1819 collatisque
2030 1750 2084 1803 in

2187 1746 2431 1818 αἰσχρῶς
2445 1747 2617 1818 δυσφη
2628 1744 2854 1814 μοῦντες
2869 1745 3219 1819 καθύϐριζον.
3237 1747 3656 1802 Μεταστέλλονται
3666 1746 3701 1779 ⁸⁸

496 1852 664 1897 unutn
712 1838 947 1905 viribus,
981 1847 1172 1893 contra
1211 1839 1542 1907 Artabazum
1584 1839 1899 1911 procedunt.
1942 1837 2079 1894 Nam

496 1926 859 1998 TheOphanes
911 1939 1278 2000 cognomento
1307 1928 1576 1985 Monotius
1600 1971 1615 1995 ,
1647 1931 1741 2000 qui
1784 1930 2080 2002 magisterii

498 2020 816 2090 dignitatem
870 2023 1096 2091 gerebat
1129 2030 1185 2077 et
1223 2019 1474 2091 Byzantii
1507 2022 1857 2092 imperatoris
1896 2031 2082 2092 partes

497 2113 728 2181 agebat,
774 2113 842 2171 ad
870 2112 1206 2170 Artabazum
1255 2111 1566 2182 defecerat,
1609 2128 1843 2185 eumque
1871 2115 1984 2189 38
2029 2124 2085 2170 et

499 2201 883 2273 imperatorem
925 2204 1299 2275 salutaverat,
1336 2214 1391 2261 et
1429 2206 1709 2278 Byzantiis
1738 2218 2085 2277 persuaserat

500 2292 919 2355 Constantinum
965 2310 1087 2351 esse
1150 2309 1449 2353 mortuum.
1516 2297 1661 2353 Idem
1715 2297 2084 2369 Nicephorum

500 2384 698 2454 ﬁlium,
726 2386 816 2456 qui
848 2393 962 2443 tum
994 2388 1049 2442 in
1090 2380 1324 2444 Thracia
1349 2386 1537 2458 copias
1576 2389 1833 2460 regebat,
1864 2390 1932 2445 ad
1962 2405 2084 2446 sese

501 2481 733 2537 advocat
756 2489 812 2534 et
846 2480 914 2536 ad
941 2481 1094 2537 urbis
1124 2482 1427 2539 custodiam
1460 2496 1584 2538 cum
1623 2484 1708 2538 his
1733 2497 1870 2552 quos
1899 2497 2083 2541 secum

501 2568 738 2631 habebat
775 2570 1040 2628 militibus
1076 2573 1315 2644 disponit
1344 2592 1360 2630 :
1388 2576 1482 2645 qni
1509 2591 1576 2630 ex
1597 2574 1774 2632 omeio
1802 2578 2088 2646 imperato-

502 2660 580 2725 ris
627 2669 820 2728 erant,
853 2664 1051 2731 partim
1082 2664 1349 2732 caecitate,
1391 2666 1590 2734 partim
1641 2666 1764 2722 aliis
1804 2669 1982 2737 pcenis
2021 2681 2088 2724 ac

501 2751 847 2807 contumeliis
889 2750 1074 2809 allicit.
1114 2753 1420 2809 Artabazus
1451 2755 1666 2810 interim
1716 2771 1837 2812 cum
1868 2758 1984 2815 suis
2018 2758 2086 2812 ad

501 2841 692 2897 urbem
737 2844 985 2913 accedit,
1019 2843 1178 2915 cujus
1218 2845 1454 2900 adventu
1485 2856 1796 2903 sanctorum
1825 2848 2089 2918 imagines

502 2932 652 2989 illico
683 2936 950 3001 restitutae
975 2945 1123 3001 sunt.
1162 2935 1321 2994 Hunc
1356 2952 1496 3007 pone
1524 2949 1747 2996 secutus
1782 2939 2090 2997 Constantio

503 3039 608 3081 nus
633 3026 998 3097 Chrysopolin
1029 3037 1294 3099 occupat,
1323 3030 1520 3086 navale
1549 3045 1615 3086 ex
1643 3034 1874 3088 adverso
1902 3034 2086 3104 Cpolis

505 3115 558 3169 in
582 3117 711 3172 Asia
742 3119 1003 3187 positum.
1034 3117 1140 3175 Ubi
1172 3119 1453 3188 paululum
1500 3130 1873 3184 commoratus
1902 3138 2087 3193 regre-

503 3207 676 3275 ditur,
715 3218 770 3264 et
811 3210 879 3265 ad
914 3210 1104 3276 urbem
1147 3211 1430 3268 Amoriam
1475 3213 1702 3270 hiemat.
1736 3215 1897 3271 Anno
1942 3217 2089 3272 inse-

502 3301 691 3371 quenti
714 3299 1023 3369 Artabazus
1069 3302 1301 3365 alterum
1326 3319 1357 3360 c
1381 3304 1507 3363 ﬁliis
1528 3304 1773 3363 Nicetam
1801 3308 2089 3364 Armenio-

506 3402 629 3442 rum
674 3390 869 3452 ducem
914 3392 1116 3459 mittit,
1141 3391 1513 3464 Nicephorum
1544 3412 1675 3454 vero
1705 3398 2086 3469 imperatorem

507 3487 755 3549 coronat.
784 3480 906 3553 Ipse
935 3481 990 3537 in
1027 3483 1214 3551 Asiam
1259 3499 1381 3549 eum
1427 3487 1598 3557 copiis
1643 3489 1876 3558 trajicit,
1922 3505 2086 3560 quam

508 3584 630 3637 cum
661 3572 1099 3655 populationibus
1127 3574 1380 3633 infestam
1424 3578 1674 3649 haberet,
1698 3581 2089 3640 Constantinus

508 3662 725 3717 obviam
769 3664 819 3719 ei
868 3668 938 3723 ad
988 3663 1191 3731 Sardes
1234 3672 1509 3739 occurrit;
1556 3682 1612 3728 et
1650 3674 1826 3747 signis
1873 3677 2088 3735 collatis

509 3750 665 3821 longe
688 3756 936 3825 superior
964 3756 1087 3814 fuit.
1117 3757 1198 3814 Ita
1226 3762 1467 3821 exercitu
1500 3764 1645 3821 illius
1679 3767 1731 3822 in
1760 3777 2087 3839 potestatem

510 3846 758 3912 redacto,
786 3849 1040 3913 omnibus
1077 3866 1291 3923 quoque
1322 3855 1728 3926 impedimentis
1753 3861 1957 3930 potitus
1977 3871 2086 3918 est.

508 3935 809 3996 Artabazus
834 3939 1093 4012 Cyzicum
1123 3946 1299 4015 primo
1326 3986 1343 4014 ,
1364 3949 1491 4006 inde
1510 3951 1718 4021 Cpolim
1750 3953 1875 4024 fuga
1910 3955 2085 4023 petiit.

508 4028 725 4089 Nicetas
753 4033 871 4103 ejus
886 4026 1038 4093 filius
1063 4038 1238 4095 aciem
1271 4041 1323 4095 in
1345 4041 1766 4102 Constantinum
1795 4048 2085 4115 convertit,

506 4125 599 4193 qui
641 4125 707 4179 ad
751 4125 1053 4183 Modrinam
1107 4134 1400 4189 commisso
1450 4136 1636 4205 praelio
1677 4137 1921 4194 Nicetam
1962 4155 2085 4196 cum

508 4230 704 4287 magna
763 4218 993 4274 militum
1045 4231 1225 4292 strage
1264 4225 1465 4280 vietum
1508 4228 1563 4282 in
1619 4229 1799 4301 fugam
1840 4233 2085 4303 eonjicit.

509 4306 697 4376 Magna
716 4307 976 4379 deinceps
1017 4310 1230 4381 imperii
1269 4313 1500 4370 Romani
1521 4318 1801 4375 calamitas
1833 4322 2082 4394 69fuil,

2181 1837 2313 1909 γοῦν
2339 1837 2435 1892 καὶ
2462 1837 2724 1893 Σισίννιον
2750 1837 2843 1891 τὸν
2866 1837 3154 1908 πατρίκιον
3179 1837 3456 1910 σύμφρονα
3480 1837 3701 1892 καθίστων

2182 1931 2299 2004 ἅμα
2340 1929 2420 2002 τῷ
2461 1929 2553 1985 ὑπ’
2575 1930 2740 1985 αὑτὸν
2782 1930 3248 2005 στρατηγουμένῳ
3291 1931 3398 1985 τῶν
3428 1931 3703 2001 Θρᾳκησίων

2181 2023 2460 2095 λεγομένῳ
2475 2025 2523 2056 ⁸⁸
2549 2021 2682 2089 λαῷ,
2702 2023 2797 2077 καὶ
2823 2021 3061 2086 ἅπαντες
3086 2023 3229 2079 κατά
3263 2021 3570 2095 Ἀρταϐάζου
3588 2020 3703 2091 ὁμῶς

2182 2116 2443 2187 ἐχώρουν.
2471 2116 2756 2185 Θεοφάνης
2781 2114 2840 2168 δὲ
2872 2114 2932 2167 ὃν
2961 2113 3243 2169 Μονώτιον
3276 2114 3510 2179 ἐκάλουν,
3530 2114 3614 2186 τὴν
3630 2112 3701 2165 τοῦ

2185 2209 2489 2281 μαγίστρου
2514 2208 2672 2274 ἀξίαν
2697 2208 2900 2263 διέπων
2926 2209 3019 2262 καὶ
3048 2208 3146 2280 τὴν
3170 2207 3434 2279 βασιλέως
3461 2206 3624 2278 χρείαν
3642 2206 3702 2268 είς

2182 2301 2477 2366 Βυζάντιον
2522 2301 2880 2374 ἀποπληρῶν,
2906 2300 3234 2373 Ἀρταϐάζῳ
3282 2301 3600 2374 προσετίθετο
3634 2298 3705 2351 καὶ

2185 2395 2413 2466 βασιλέα
2446 2395 2810 2468 άνεκήρυττε,
2847 2395 2942 2450 καὶ
2987 2394 3320 2460 Βυζαντίους
3362 2393 3615 2448 ἀνέπειθεν
3646 2390 3703 2453 ὡς

2182 2488 2595 2552 Κωνσταντῖνος
2649 2487 2981 2560 τεθνήκει⁹⁶.
3029 2487 3134 2542 Τὸν
3193 2488 3255 2541 δὲ
3299 2487 3410 2542 υἱὸν
3447 2483 3704 2555 Νικηφόρον

2182 2577 2419 2650 τοῦνομα
2447 2579 2591 2634 κατά
2620 2578 2718 2650 τὴν
2743 2578 2966 2650 Θρᾴκην
2997 2578 3120 2632 τότε
3155 2579 3547 2650 στρατηγοῦντα
3572 2592 3704 2645 μετα-

2185 2670 2487 2740 πέμπεται,
2520 2671 2617 2725 καὶ
2653 2671 2751 2724 σὺν
2783 2669 2862 2740 τῷ
2905 2670 3034 2741 περὶ
3063 2669 3230 2723 αὐτὸν
3262 2669 3467 2743 στρατῷ
3490 2668 3606 2738 πρὸς
3630 2683 3705 2734 φνεν

2184 2763 2358 2834 λακὴν
2402 2764 2501 2835 τῆς
2546 2761 2756 2826 πόλεως
2803 2762 3181 2832 ὲγκαθὶστησι.
3215 2763 3337 2816 Τῶν
3382 2758 3640 2833 βασιλικῶν
3661 2755 3705 2809 δι

2187 2856 2478 2928 ὑπηρετῶν
2502 2854 2597 2919 οὒς
2643 2855 2742 2926 μὲν
2787 2853 3099 2922 ἀπετύφλου
3115 2855 3183 2921 ³⁸,
3221 2853 3317 2918 οὓς
3349 2854 3403 2908 δὲ
3434 2855 3519 2907 καλ¹
3544 2851 3707 2921 ἑτέρως

2186 2945 2473 3018 κατῄκιζε.
2495 2945 2607 2998 Καὶ
2629 2943 2964 3016 Ἀρτάδαζος
2985 2942 3147 3006 εὐθὺς
3168 2941 3251 3014 τῷ
3283 2943 3480 2997 συνόντι
3504 2941 3600 3009 ἅμα
3617 2935 3707 3006 λαῷ

2188 3040 2254 3110 τῇ
2283 3037 2436 3091 πόλει
2464 3037 2772 3105 ἐφίσταται,
2804 3036 2899 3090 καὶ
2934 3036 3134 3091 αὐτίκα
3152 3036 3266 3089 τῶν
3289 3035 3451 3105 ἁγίων
3469 3032 3640 3099 ἀνέστη
3657 3026 3709 3080 τὰ

2190 3127 2312 3200 ιερὰ
2340 3127 2795 3197 ἀπεικονίσματα.
2828 3125 3036 3180 Τούτου
3085 3125 3141 3180 δὲ
3193 3127 3423 3181 κατόπιν
3464 3123 3547 3177 ίὼν
3582 3122 3708 3175 Κων-

2190 3222 2470 3282 σταντῖνος
2513 3217 2612 3290 τὴν
2656 3218 2999 3289 Χρυσόπολιν
3043 3219 3386 3290 καλουμένην
3413 3208 3713 3283 καταλαμδά·

2187 3329 2296 3368 νειο
2345 3312 2582 3366 ἐπίνειον
2618 3310 2680 3364 δὲ
2729 3309 2889 3365 τοῦτο
2934 3307 3165 3382 ἀντικρὺ
3199 3309 3489 3375 Βυζαντίου
3518 3304 3635 3373 πρὸς
3659 3302 3709 3371 τῇ

2188 3400 2453 3455 Ἀσιάτιδι
2478 3403 2549 3471 γῇ
2577 3399 2947 3470 διακείμενον.
2986 3398 3290 3454 Κάνταῦθα
3321 3398 3514 3471 βραχὺν
3552 3390 3714 3462 διατρί-

2186 3493 2295 3565 ψας
2308 3493 2500 3564 χρόνον
2517 3492 2823 3557 ὑπενόστει,
2843 3492 2936 3545 καὶ
2956 3490 3092 3562 πρὸς
3112 3491 3214 3562 τὴν
3239 3491 3389 3545 πόλιν
3414 3492 3475 3561 ἢν
3494 3484 3714 3558 Ἀμορίαν

2189 3586 2414 3641 καλοῦσι
2442 3583 2778 3656 διεχείμαζε.
2795 3584 2888 3654 Τῷ
2904 3584 2961 3638 δὲ
2988 3584 3118 3655 ἑξῆς
3137 3582 3501 3655 ὲπιγενομένῳ
3523 3570 3714 3643 ἐνιαυτῷ

2186 3678 2281 3732 τὸν
2310 3677 2495 3748 ἕτερον
2524 3676 2633 3730 τῶν
2662 3675 2798 3730 υἱῶν
2827 3676 2876 3729 Ν
2882 3677 3073 3747 ικήταν
3111 3674 3416 3747 στρατηγὸν
3446 3672 3531 3726 τοῦ
3556 3667 3713 3723 καλου·

2192 3769 2356 3842 μένου
2405 3769 2515 3824 τῶν
2553 3767 2933 3839 Ἀρμενιακῶν
2980 3768 3216 3837 στρατοῦ
3256 3763 3571 3838 Ἀρτάϐαζος
3609 3760 3716 3812 ἀπο·

2190 3862 2426 3926 στέλλει,
2466 3861 2557 3914 τὸν
2603 3860 2649 3913 δ’
2686 3855 2752 3915 αὖ
2806 3860 2994 3931 ἕτερον
3041 3859 3357 3932 Νικηφόρον
3406 3858 3482 3921 είς
3531 3849 3715 3924 βασιλέα

2190 3953 2397 4024 στέφει.
2424 3950 2841 4022 Ἐπιστρατεύει
2866 3951 2923 4004 δὲ
2951 3949 3094 4005 κατὰ
3121 3952 3221 4020 τῆς
3241 3950 3352 4005 τῶν
3376 3943 3612 4002 Ἀσιανῶν
3632 3936 3715 4013 χὼ-

2192 4062 2312 4116 ρας,
2340 4043 2436 4099 καὶ
2482 4043 2553 4097 τὰ
2601 4044 2819 4112 ἐκείνης
2869 4043 3046 4113 χωρία
3087 4039 3482 4113 ὲπημαίνετο⁹⁷
3523 4031 3714 4104 πικρῶς.

2188 4133 2351 4208 Κᾷτα
2386 4135 2691 4194 ἐπιτίθεται
2720 4136 3130 4199 Κωνσταντῖνος
3149 4134 3404 4207 καὶπρὸς
3427 4131 3516 4194 τάς
3533 4125 3715 4198 Σάρδεις

2190 4227 2534 4292 ὑπαντιάζει,
2585 4226 2808 4297 πολέμῳ
2858 4244 2918 4280 τε
2969 4226 3119 4297 αύτῷ
3170 4227 3444 4297 συμμίξας
3486 4215 3717 4293 κραταιιῖς

2189 4318 2558 4392 ἔτροπώσατο,
2590 4319 2680 4372 τόν
2723 4335 2781 4372 τε
2824 4319 3033 4374 ὑπόντα
3059 4319 3189 4373 λαὸν
3219 4319 3606 4388 δουλωσάμενος
3639 4307 3717 4378 τήν

504 4414 630 4453 cum
664 4400 775 4453 haec
811 4399 877 4454 de
907 4401 1136 4471 imperio
1170 4417 1235 4458 ac
1263 4405 1544 4462 dominatu
1585 4413 1863 4468 contentio
1921 4412 2081 4469 Chri-

2186 4431 2246 4470 τε
2276 4410 2520 4466 ὑποῦσαν
2547 4412 2730 4477 αὐτοῖς
2754 4412 3068 4483 ἀποσκευὴν
3090 4400 3718 4484 είσποιησάμενος.Ἀρτὲ-

505 4490 720 4547 stianos
750 4491 804 4544 in
831 4491 990 4547 civile
1016 4494 1214 4550 bellum
1240 4496 1697 4569 eonjiceret.Qn:e
1725 4505 2082 4577 enimquam-

510 4595 619 4650 que
647 4582 850 4637 atrocia
884 4584 992 4640 illis
1025 4588 1363 4657 temporibus
1389 4593 1612 4648 evenire
1660 4596 1871 4664 solent,
1905 4607 1965 4653 ut
1995 4599 2083 4655 vel

511 4673 629 4743 ipsa
662 4683 853 4730 natura
896 4678 1098 4735 suimet
1122 4680 1287 4736 oblita
1319 4683 1561 4740 videatur
1590 4702 1655 4743 ae
1683 4688 1787 4745 sibi
1837 4690 1939 4761 ipsi
1968 4691 2083 4747 bel-

509 4766 621 4821 lum
664 4767 891 4835 inferat,
941 4780 1248 4842 caeteraque
1289 4788 1409 4844 quae
1445 4776 1548 4851 dici
1596 4780 1821 4845 minime
1864 4797 2085 4841 necesse

507 4870 618 4928 est,
649 4863 790 4919 haud
814 4864 973 4933 pauci
1018 4866 1351 4935 esperientia
1391 4868 1720 4928 didicerunt.
1767 4872 1880 4929 Hoc
1923 4877 2084 4930 modo

2188 4505 2354 4572 ὄαζος
2379 4506 2439 4561 δὲ
2456 4505 2637 4575 φυγὰς
2664 4506 2802 4578 πρὸς
2835 4505 2935 4575 τὴν
2965 4505 3122 4560 πόλιν
3148 4505 3388 4569 Κύζικον
3416 4494 3715 4555 καταλαϐὼν,

2188 4601 2443 4659 κάκεῖθεν
2468 4600 2819 4664 ἀποπλεύσας
2842 4601 2938 4655 ἐπὶ
2965 4601 3027 4657 τὸ
3056 4600 3353 4665 Βυζάντιον
3376 4598 3557 4670 ᾤχετο.
3579 4589 3719 4655 Νική-

2188 4709 2287 4756 τας
2318 4691 2376 4745 δὲ
2407 4693 2436 4745 ό
2470 4691 2635 4747 αὐτοῦ
2682 4692 2799 4756 υίὸς
2830 4692 2973 4747 κατά
2999 4692 3417 4746 Κωνσταντίνου
3447 4686 3539 4757 τὴν
3578 4682 3719 4752 ὁρμὴν

2192 4785 2449 4841 ἐποιεῖτο.
2470 4783 2529 4839 ’0
2571 4783 2630 4839 δὲ
2674 4786 2810 4859 πρός
2842 4801 2895 4839 τι
2928 4783 3128 4856 χωρίον
3161 4780 3315 4853 αύτῷ
3351 4780 3494 4852 μάχῃ
3524 4768 3722 4846 προσδα-

2189 4876 2298 4933 λὼν
2317 4920 2332 4943 ,
2363 4879 2660 4952 Μωδρινὴν
2692 4882 2759 4953 τῇ
2791 4880 3073 4953 έπιχωρίῳ
3104 4879 3257 4955 φωνῇ
3288 4864 3720 4947 προσαγορευόμε⁶

1773 5056 2007 5114 vanas
2057 5056 2461 5137 LECTIQNES.

589 5237 636 5269 ὀ
666 5230 1168 5308 προῦρπαντμήσαντα
1195 5232 1482 5308 Petavius.
1531 5305 1543 5308 _
1566 5236 1610 5267 "
1647 5234 1879 5308 αὐτούςῖ
1955 5236 2016 5308 Ῐσ
2044 5239 2113 5308 τῇ
2134 5255 2168 5307 χ

515 5295 728 5370 μὶνωνῨ
800 5302 846 5333 ³⁵
877 5295 1169 5373 τεθνήκοιῖ
1246 5303 1293 5333 ⁸⁸
1321 5303 1624 5372 ἐπετύφλου
1651 5304 1691 5358 l’
1718 5324 1732 5361 :
1765 5295 1838 5361 cl.
1867 5323 1919 5375 p.
2046 5295 2140 5365 2i.

2253 5254 2289 5310 ᾳ
2315 5240 2381 5310 τῇ
2415 5237 2527 5310 τῶν
2553 5235 2780 5310 Ἀνατ.ἳ
2856 5234 2903 5267 ’³
2943 5226 3463 5304 μεταστειλάμενοιῖ
3529 5220 3573 5254 ⁸⁸
3597 5214 3722 5284 λέγει

2169 5254 2655 5376 ωεᾳεῖἓμτέἷέεέεέξ

1844 5418 1978 5480 ΡἘΤ
1983 5423 2123 5480 AVII
2164 5423 2401 5480 NOTAE.

586 5529 1018 5612 (“ways-819::
1036 5532 1353 5612 6‘Kpciajoc.
1380 5536 1445 5593 A.
1464 5536 1788 5612 C‘opronymi
1813 5542 1848 5597 ‘2
1873 5543 2093 5599 ineunte

514 5596 761 5684 sume},
800 5603 914 5684 ind:
948 5603 1035 5684 ιο.
1068 5596 1474 5684 1ξώίιιιίεύιηιο
1656 5596 1760 5669 ιε”οιι
1787 5596 2087 5684 superiore,

520 5673 745 5735 contigit
773 5673 916 5737 quod
948 5674 1050 5730 hoc
1089 5676 1208 5731 loco
1248 5688 1520 5733 narratur.

2270 5543 2404 5618 (54)Δ
2438 5541 2551 5597 Kal
2603 5540 2871 5618 Βὶςιροζ.
2917 5536 3188 5618 Corrupla
3235 5533 3352 5588 haec
3400 5534 3541 5592 sunt,
3588 5527 3640 5577 et
3673 5524 3727 5569 ει

2202 5605 2535 5685 Theophane
2567 5619 2642 5683 (ρ.
2677 5605 2782 5665 55⁸1
2813 5609 2876 5679 1))
2911 5605 3245 5678 castiganda.
