3940 6170
265 367 373 432 985

1195 379 1291 436 DE
1335 379 1580 440 ΗΕΒυὸ
1628 381 1808 441 POST
1849 385 2294 447 MAURICIUM
2331 389 2620 450 GESTIS.

3419 389 3527 451 935

261 485 378 542 τοῖς
441 481 666 535 πλέουσι
714 483 1128 553 δυσφορώτατος
1149 486 1191 556 ),
1253 489 1474 559 πνεῦμα
1529 492 1703 560 βίαιον
1760 495 1836 547 κα⁴

1957 511 2061 565 que
2083 499 2148 552 ad
2174 498 2322 553 littus
2355 500 2582 556 afflictas
2614 501 2897 571 confregit,
2923 517 3023 557 nec
3059 503 3308 571 exiguam
3342 515 3526 559 vecto-

264 573 502 644 σκληρὸν
527 575 649 626 κατ’
691 574 864 644 αὐτῆς
888 577 1126 630 πνεύσαν
1167 579 1184 647 (
1211 577 1402 649 βορέας
1432 581 1475 632 δ’
1510 577 1576 652 ἦν
1609 583 1850 652 ἄνεμος)

1956 605 2072 642 rum
2102 590 2500 645 multitudinem
2532 591 2728 648 fluctus
2761 595 3048 662 oppressit.
3089 595 3234 648 Inter
3270 595 3383 650 haec
3415 605 3520 650 tre-

260 665 363 726 τάς
391 681 451 717 τε
482 665 616 728 ναῦς
650 666 786 738 πρὸς
817 670 937 729 ταῖς
970 669 1160 731 ἀκταῖς
1191 672 1530 741 περιτρέψας
1559 675 1836 745 συνέτριψε

1951 678 2262 746 pidantibus
2292 679 2543 733 omnibus
2577 678 2714 746 jussi
2747 682 2814 734 ab
2841 681 3165 750 imperatore
3193 681 3357 734 duces
3383 697 3525 750 pra:-

261 755 359 810 καὶ
387 757 564 828 πλήθη
585 758 695 810 τῶν
717 759 1081 814 εἰσπλεόντων
1103 761 1203 814 οὐκ
1229 762 1387 830 ὀλίγα
1420 763 1499 834 τῷ
1525 765 1690 836 ῥοθίῳ
1713 783 1847 819 κατ-

259 846 564 900 επόντισεν.
599 849 686 902 Ἐν
714 849 926 912 τούτοις
947 851 1086 916 ἄγαν
1120 850 1495 923 Θορυϐηθὲντα
1514 855 1559 886 ³⁸
1580 855 1670 907 τὸν
1698 855 1848 925 βασι-

1950 765 2250 821 focatorum
2277 783 2505 836 corpora
2534 769 2812 837 dispositis
2853 769 2904 821 in
2951 772 3085 822 mari
3126 771 3331 823 retibus
3367 771 3520 823 exci-

1952 872 2078 926 pere
2117 874 2180 913 ac
2215 859 2513 926 sepulturae
2548 859 2784 914 tradere.
2830 859 3038 925 Quibus
3089 860 3343 930 perfectis
3380 861 3524 930 Cpo-

258 937 364 990 λέα
396 938 649 992 κελεῦσαι
673 941 801 1004 τούς
828 943 1099 1012 ἄρχοντας
1125 943 1365 1008 δικτύοις
1399 946 1718 1016 περιϐαλεῖν
1748 948 1836 1017 τὴν

1950 947 2039 1000 lim
2073 965 2323 1004 reversus
2352 961 2452 1005 est.

258 1033 556 1100 θάλασσαν,
603 1038 678 1101 ὡς
708 1039 996 1092 ἀνελέσθαι
1032 1041 1140 1094 τῶν
1177 1042 1592 1112 ἀποπνιγέντων
1630 1044 1698 1097 τὰ
1730 1045 1960 1116 σώματα
1992 1045 2088 1098 καὶ⁹
2154 1049 2220 1118 τῇ
2256 1049 2326 1118 γῇ
2397 1049 2777 1120 παραδιδόναι,
2845 1049 2989 1103 οὕτω
3015 1067 3076 1102 τε
3141 1049 3279 1119 πρὸς
3316 1046 3386 1100 τά
3427 1047 3524 1117 βα-

259 1128 438 1182 σίλεια
463 1131 830 1201 ἀποστρέψαι.

337 1222 455 1273 Ἔτι
489 1221 546 1275 δὲ
579 1223 754 1276 πνέων
779 1224 923 1278 κατά
955 1226 1052 1295 τῆς
1085 1227 1371 1290 εὐσεϐείας
1390 1229 1432 1260 ³⁷
1467 1229 1529 1281 τὸ
1552 1229 1697 1300 ἱερὸν
1728 1231 1836 1282 τῶν

256 1312 591 1385 Ναζηραίων
632 1320 818 1387 σχῆμα
864 1320 1219 1389 καθύϐρισεν.
1273 1322 1451 1386 Εὐθὺς
1506 1324 1616 1394 γὰρ
1658 1325 1844 1392 ἀγῶνα

258 1405 488 1457 ἱππικὸν
537 1408 820 1473 ἐπετέλει,
859 1411 954 1464 καί
1001 1429 1158 1476 τινας
1209 1413 1414 1467 τούτων
1465 1415 1748 1484 ἐπιτρέπει
1786 1418 1843 1467 ἐν

259 1496 416 1566 μέσῳ
458 1497 536 1567 τῷ
596 1498 810 1570 θεάτρῳ
858 1501 1166 1558 διέλκεσθαι
1231 1506 1326 1559 καὶ
1381 1506 1561 1558 αὐτῶν
1609 1506 1843 1560 ἕκαστον

251 1591 496 1656 γυναῖκα
538 1590 871 1662 μονάστριαν
908 1595 1059 1666 παρά
1097 1598 1254 1666 χεῖρα
1295 1595 1501 1667 φέρειν·
1543 1597 1752 1650 πολλῶν
1782 1615 1842 1650 τε

2015 1232 2124 1302 83
2151 1231 2356 1286 Exinde
2380 1233 2620 1288 fervente
2645 1235 2820 1290 adhuc
2850 1234 3129 1304 religionis
3147 1233 3274 1287 odio
3302 1246 3525 1287 sacrum

1951 1320 2331 1375 Nazarmorum
2358 1323 2561 1376 cultum
2595 1323 2984 1377 contumeliose
3030 1322 3238 1377 habuit.
3268 1320 3525 1376 Commo-

1951 1414 2077 1466 dum
2117 1419 2372 1481 equestre
2402 1422 2678 1466 certamen
2717 1413 2963 1475 dederat,
2993 1427 3114 1466 cum
3140 1426 3206 1464 ex
3239 1410 3329 1464 illo
3358 1424 3524 1479 grege

1951 1511 2135 1556 certos
2194 1501 2443 1555 homines
2487 1500 2695 1554 traduci
2735 1515 2831 1570 per
2887 1499 3310 1567 llippodromnm
3351 1498 3523 1565 jubet,

1951 1593 2206 1660 adjuncta
2238 1592 2439 1662 cuique
2476 1592 2707 1647 muliere
2742 1592 3025 1655 monacha,
3069 1605 3231 1658 quam
3259 1591 3525 1659 prehensa

249 1681 411 1750 παρᾶ
434 1681 671 1753 πλήθους
693 1683 803 1736 τῶν
833 1683 1130 1755 θεωμένων
1171 1688 1382 1758 ὐϐρεων
1410 1688 1596 1751 αὐτοῖς
1625 1690 1722 1742 καὶ
1753 1690 1836 1757 ὲμ-

1950 1699 2112 1737 manu
2169 1684 2626 1738 circumduceret.
2673 1685 2852 1752 Atque
2884 1683 2919 1736 ii
2964 1680 3148 1735 multis
3181 1696 3211 1734 a
3244 1687 3526 1749 spectante

251 1773 622 1841 πτυσμάτων,
651 1771 741 1827 οἶα
775 1778 904 1844 περ)⁹
930 1777 991 1829 τὸ
1025 1779 1262 1848 ὀχλῶδες
1299 1781 1392 1832 καὶ
1417 1781 1670 1844 ἀγελαῖον
1699 1797 1836 1850 συμ-

1944 1773 2138 1843 populo
2166 1773 2512 1828 contumeliis
2544 1790 2608 1828 ac
2631 1775 2804 1844 sputis
2832 1774 2995 1829 etiam
3025 1771 3391 1833 dehonestati,
3427 1785 3524 1824 cu-

249 1863 465 1917 εαίνειν
497 1865 696 1930 εἴωθε,
744 1869 1196 1939 καταχυθέντων,
1257 1870 1402 1923 οὑτω
1453 1871 1543 1923 τὸν
1599 1871 1836 1941 ἄθεσμον

1943 1865 2168 1933 iusmodi
2200 1865 2270 1919 ab
2302 1866 2574 1942 incondita
2604 1865 2918 1933 forensique
2952 1865 3108 1932 plebe
3143 1878 3239 1931 par
3265 1871 3347 1915 est
3381 1859 3523 1922 fleri,

247 1957 464 2009 ἐκεῖνον
499 1959 594 2010 καὶ
644 1958 927 2029 αἴσχιστον
969 1961 1228 2032 διήνυσαν
1283 1961 1520 2016 δίαυλον.
1573 1962 1730 2015 Μετὰ
1781 1962 1838 2015 δὲ

247 2045 431 2100 ταῦτα
464 2047 665 2118 ἄνδρας
695 2051 850 2113 τινὰς
880 2051 990 2103 τῶν
1019 2054 1078 2104 έν
1126 2053 1424 2122 ὑπεροχαῖς
1462 2051 1557 2104 καὶ
1588 2049 1836 2120 ἀξιώμα-

249 2154 343 2191 σιν
387 2139 704 2209 ἐγκλήμασι
737 2140 1069 2211 βαρυτάτοις
1124 2145 1480 2213 συκοφαντῶν
1511 2146 1712 2214 ὑπάγει
1762 2148 1838 2213 ὡς

245 2233 334 2292 είς
379 2231 480 2301 τὴν
533 2234 710 2303 ἀρχὴν
762 2233 914 2304 αὐτῷ
975 2234 1388 2290 ἐπιϐουλεύσειν
1437 2242 1832 2311 πειρωμένους.

245 2321 298 2373 Τ
301 2321 476 2374 οὐτων
511 2323 554 2375 δ’
586 2321 654 2394 ἦν
706 2325 980 2396 Ἀντίοχος
1023 2327 1137 2398 (54)
1192 2329 1292 2398 μὲν
1343 2331 1371 2382 ὁ
1409 2331 1520 2384 τῶν
1561 2332 1836 2402 δημοσίων

245 2412 605 2480 πραγμάτων
658 2415 756 2477 τὰς
791 2416 1133 2484 ὑπομνήσεις
1173 2416 1322 2486 αὐτῷ
1363 2417 1696 2487 διακομίζων
1726 2419 1834 2480 (λο-

243 2502 483 2571 γοθέτην
529 2503 587 2556 δὲ
619 2505 714 2557 τοῦ
749 2506 953 2576 δρόμου
982 2509 1082 2578 τὴν
1122 2507 1284 2573 ἀξίαν
1327 2509 1376 2560 οἱ
1409 2511 1538 2579 περὶ
1569 2509 1638 2562 τά
1677 2509 1834 2580 βασί-

243 2595 374 2646 λεια
427 2595 698 2664 καλοῦσι),
735 2597 1119 2666 Θεοφύλακτος
1163 2600 1217 2653 δὲ
1280 2601 1337 2652 ἐν
1368 2604 1481 2663 τοῖς
1521 2603 1834 2671 πατρικίοις

247 2685 714 2754 καὶ-στρατηγοῖς
763 2686 1045 2755 διατελῶν,
1097 2689 1180 2742 ἔτι
1241 2691 1347 2760 μὴν
1401 2692 1493 2744 καλ⁸
1527 2690 1677 2744 ἄλλοι
1723 2693 1834 2746 τῶν

244 2777 384 2846 περὶ
413 2776 577 2829 αὐτὸν
611 2778 1004 2850 ἀσπιδηφόρων
1051 2783 1148 2834 καὶ
1178 2781 1496 2853 δορυφόρων
1537 2784 1832 2853 τυγχάνον-

243 2884 365 2932 τες,
399 2868 536 2938 πρὸς
581 2869 638 2922 δὲ
665 2871 762 2923 καὶ
806 2870 1017 2925 τούτων
1067 2873 1224 2936 ἐκτὸς
1277 2873 1479 2945 ἕτεροι.
1525 2876 1660 2928 Μετ’
1694 2877 1754 2928 οὐ
1789 2877 1833 2909 ³⁸

246 2955 390 3009 πολὺ
420 2957 518 3024 τὴν
566 2959 762 3027 ὁμοίαν
811 2961 1078 3016 ἐπιτελῶν
1129 2961 1366 3032 ἅμιλλαν
1419 2963 1708 3034 δεσμώτας
1746 2969 1830 3019 ὲν-

1942 1955 2168 2010 infando
2203 1955 2294 2009 illo
2319 1971 2384 2010 ac
2432 1956 2574 2024 turpi
2609 1954 2881 2009 curriculo
2910 1952 3180 2022 perfuncti
3229 1959 3376 2004 sunt.
3405 1947 3522 2002 Sub

1939 2050 2053 2100 haec
2095 2047 2383 2114 primarios
2416 2044 2679 2114 quosdam
2725 2059 2787 2098 ac
2836 2041 3232 2113 pracipuarum
3274 2039 3517 2109 dignita-

1939 2146 2050 2192 tum
2077 2140 2325 2193 homines
2347 2137 2706 2193 atrocissimis
2723 2135 3040 2190 criminibus
3068 2149 3164 2203 per
3192 2131 3521 2187 calumniam

1939 2231 2290 2301 aggreditur,
2331 2235 2640 2286 affectatum
2693 2231 2760 2284 ab
2793 2229 2858 2283 iis
2898 2226 3186 2295 imperium
3239 2233 3519 2288 causatus,

1937 2337 2106 2392 seque
2140 2323 2354 2378 illorum
2390 2323 2606 2376 insidiis
2636 2321 2960 2390 appetitum.
2990 2319 3069 2372 Ex
3101 2317 3168 2371 iis
3197 2315 3518 2380 Antiochus,

1937 2415 2199 2484 magister
2243 2414 2517 2468 memoriae
2549 2417 2731 2482 (quem
2774 2412 3156 2481 magistratum
3185 2407 3518 2474 logOthetam

1937 2521 2131 2560 cursus
2158 2505 2439 2575 appellare
2462 2505 2682 2574 solent),
2708 2518 2915 2559 necnon
2934 2499 3393 2571 TheOphylactns,
3413 2497 3517 2551 dux

1935 2590 2303 2665 et‘patricius,
2351 2613 2487 2654 .cum
2539 2598 2665 2652 aliis
2713 2597 2987 2667 plerisque
3027 2610 3056 2649 e
3099 2602 3436 2648 scutatorum
3466 2598 3522 2642 et

1935 2698 2302 2756 protectorum
2345 2704 2571 2744 numero
2596 2702 2758 2757 atque
2787 2704 2855 2743 ex
2886 2687 3009 2742 aliis
3041 2685 3344 2741 ordinibus.
3373 2681 3520 2747 Quos

1935 2792 2126 2835 omnes
2177 2781 2364 2835 iisdem
2398 2781 2736 2835 circensibus
2784 2778 3114 2848 spectaculis
3150 2778 3364 2830 vinetos
3407 2775 3516 2828 cir-

1935 2872 2234 2928 cumduxit.
2254 2872 2482 2927 Postera
2510 2872 2628 2926 luce
2653 2871 3072 2925 Constantinum
3101 2878 3153 2923 et
3186 2867 3516 2936 Strategiqu

1937 2959 2136 3014 fratres
2161 2969 2332 3015 morte
2358 2960 2655 3024 damnavit,
2684 2975 2748 3014 ac
2773 2957 3006 3013 subinde
3036 2960 3090 3010 in
3112 2955 3368 3026 Cynegio,
3399 2956 3518 3009 loco

242 3047 430 3102 ταῦθα
483 3049 850 3120 περιελκύσας
898 3051 1253 3122 ἐθριάμϐευε,
1292 3055 1385 3108 καὶ
1414 3058 1477 3126 τῇ
1515 3056 1644 3126 ἑξῆς
1675 3060 1832 3111 Κων-

1943 3050 2086 3104 urbis
2115 3050 2190 3108 ita
2219 3051 2394 3115 dicto,
2439 3061 2599 3119 caput
2638 3049 2742 3103 illis
2792 3048 2997 3102 abscidi
3049 3048 3243 3115 jussit;
3287 3047 3516 3100 aliorum

247 3144 540 3195 σταντῖνον
575 3143 676 3213 μὲν
703 3145 801 3196 καὶ
827 3144 1171 3216 Στρατήγιον
1197 3146 1462 3215 ἀδελφοὺς
1487 3148 1836 3218 ὑπάρχοντας

247 3233 475 3304 θανάτῳ
524 3234 875 3298 κατεδίκασε,
930 3237 1025 3288 καὶ
1071 3237 1171 3309 ήδη
1208 3237 1416 3291 τούτων
1460 3239 1560 3301 τάς
1593 3238 1838 3308 κεφαλὰς

244 3326 308 3378 ὲν
344 3325 423 3396 τῷ
479 3325 760 3397 λεγομένῳ
807 3330 908 3397 τῆς
945 3328 1156 3393 πόλεως
1219 3331 1480 3401 Κυνηγίῳ
1535 3333 1835 3402 ἀπέτεμεν,

245 3415 428 3469 ἄλλων
469 3417 525 3468 δὲ
564 3417 634 3470 αὖ
663 3418 790 3481 τοὺς
840 3421 884 3451 ³³
939 3420 1252 3490 ὀφθαλμοὺς
1302 3421 1548 3491 ἐξέκοψε.
1613 3423 1725 3476 Καὶ
1769 3427 1834 3496 τῇ

247 3509 528 3580 ὑστεραίᾳ
553 3509 970 3580 παρασκευάζει
997 3512 1106 3563 τῶν
1126 3511 1345 3564 οἰκείων
1363 3511 1514 3575 τινάς
1542 3514 1836 3568 Κωνσταν-

243 3603 401 3655 τίνου
434 3601 528 3654 τοῦ
558 3602 656 3670 τῆς
713 3603 925 3666 πόλεως
968 3603 1274 3674 ἀρχιερέως
1321 3605 1484 3674 ὅρκον
1509 3605 1556 3636 ’⁸ο
1591 3605 1713 3658 κατ’
1740 3606 1834 3658 αὐ-

244 3692 347 3746 τοῦ
375 3693 489 3763 (55)
524 3694 790 3764 ὲξυφῆναι
815 3695 1180 3766 κατηγορίαν,
1213 3694 1481 3765 διελέγχει
1503 3696 1560 3748 δὲ
1582 3695 1833 3766 φανερῶς

245 3785 327 3848 ὡς
360 3786 491 3856 παρ’
524 3786 691 3839 αὐτοῦ
721 3787 1021 3858 ἀκηκοέναι
1065 3787 1246 3840 πάντα
1280 3787 1348 3840 τὰ
1381 3787 1534 3858 παρά
1564 3787 1672 3842 τῶν
1702 3788 1832 3858 περὶ

259 3877 542 3949 Ἀντίοχον
575 3880 668 3933 καὶ
699 3877 1088 3946 Θεοφὺλακτον
1117 3877 1491 3949 μελετώμενα.
1533 3881 1642 3932 Καὶ
1669 3879 1831 3941 εὐθὺς

243 3969 460 4021 ἐκεῖνον
484 3969 582 4038 μὲν
613 3968 890 4038 ἐξόριστον
915 3969 974 4020 ὲν
999 3971 1065 4040 τῇ
1111 3967 1299 4038 Ἱερίᾳ,
1324 3967 1467 4020 οὕτω
1494 3965 1825 4036 καλουμένου

1937 3142 2122 3197 oculos
2162 3142 2326 3195 eruit.
2363 3141 2634 3197 Postridie
2667 3144 3028 3198 Constantino
3060 3142 3381 3212 patriarchae
3424 3155 3518 3194 ac-

1939 3245 2218 3289 cusatores
2249 3235 2515 3288 subornat
2545 3237 2808 3304 quosdam
2863 3251 2926 3290 ex
2963 3234 3080 3303 ejus
3129 3233 3516 3297 familiaribus,

1938 3328 2030 3394 qui
2059 3327 2311 3380 Antiochi
2339 3344 2403 3382 ac
2437 3327 2822 3399 Theopbylacti
2858 3327 3084 3382 consilia
3113 3326 3331 3380 audisse
3365 3341 3422 3379 se
3452 3325 3518 3379 de

1935 3415 2136 3488 84εο
2162 3416 2516 3486 jurejurando
2539 3417 2842 3473 firmarunt.
2877 3417 3073 3472 Statim
3104 3417 3268 3484 igitur
3301 3417 3354 3468 in
3387 3413 3516 3472 Hie-

1941 3509 2076 3561 riam
2109 3510 2353 3577 pontifex
2393 3509 2668 3578 relegatur
2692 3513 2798 3581 (est
2848 3511 2954 3564 hoc
2989 3507 3330 3578 imperatoris
3363 3506 3516 3574 pala-

1942 3599 2077 3653 tium
2128 3615 2158 3654 e
2209 3601 2429 3670 regione
2473 3600 2656 3670 Cpolis
2715 3605 2782 3656 ad
2839 3602 3186 3658 subsolanum
3233 3599 3514 3668 positum),

1943 3707 2176 3760 mosque
2215 3691 2454 3758 Nicetas,
2495 3704 2809 3749 sanctorum
2860 3694 3240 3764 Apostolorum
3271 3691 3516 3747 ecclesia:

1939 3786 2243 3854 presbyter,
2279 3787 2580 3850 eunuchus,
2615 3787 2670 3841 in
2687 3787 2802 3855 ejus
2832 3787 3010 3841 locum
3029 3787 3394 3842 substituitur.
3416 3785 3516 3838 At-

1937 3889 2042 3944 que
2094 3875 2210 3930 haec
2254 3877 2435 3931 omnia
2480 3877 2725 3947 Augusto
2769 3893 2953 3933 mense
2993 3878 3286 3932 indictione
3321 3883 3513 3947 quarta

1935 3965 2295 4036 contigerunt.

249 4060 544 4132 βασιλικοῦ
580 4062 846 4115 παλατίου
891 4061 932 4092 ⁸¹
971 4062 1242 4132 ἀντιπέρα
1283 4062 1420 4132 πρὸς
1455 4061 1614 4132 εὗρον
1647 4061 1848 4130 ἄνεμον
1884 4058 1980 4111 τοῦ
2016 4058 2315 4124 Βυζαντίου
2356 4062 2631 4132 κειμένου,
2662 4061 3278 4133 παρέπεμψε,Νικήταν
3299 4061 3356 4114 δὲ
3374 4060 3509 4131 (56),

246 4151 626 4224 πρεσϐύτερον
657 4153 758 4221 τῆς
795 4153 904 4206 τῶν
948 4153 1144 4220 ’Λγίων
1187 4152 1528 4206 ’Λποστόλων
1559 4149 1879 4220 ἐκκλησίας,
1914 4149 2190 4220 εὐνοῦχον,
2230 4153 2641 4225 προχειρίζεται
2679 4154 2966 4225 ἀρχιερέα.
3007 4154 3198 4208 Ταῦτα
3229 4155 3288 4207 δὲ
3331 4154 3508 4207 πάντα

244 4245 554 4316 ἐπράττετο
587 4247 732 4299 κατά
774 4245 866 4299 τὴν
896 4245 1207 4314 Αὔγουστον
1239 4247 1386 4318 μῆνα
1416 4248 1518 4316 τῆς
1555 4246 1825 4314 τετάρτης
1864 4243 2218 4312 ινδικτιῶνος.

322 4335 459 4390 Μετ’
497 4337 560 4391 οὐ
614 4338 749 4391 πολύ
795 4338 850 4391 δὲ
904 4339 1321 4410 μεταπέμπεται
1381 4342 1814 4406 Κωνσταντῖνον,

1999 4339 2107 4397 Nec
2128 4342 2286 4411 longo
2314 4351 2435 4411 post
2471 4352 2712 4412 tempore
2739 4341 3154 4399 Constantinum
3185 4341 3507 4404 arcessitum

1560 4493 1792 4549 VARlAzl
1833 4495 2237 4554 LECTIONES.

322 4627 795 4708 ‘°_Oop_u6n(_iévr_e;
827 4630 888 4685 P.
967 4633 1009 4663 ³⁷
1047 4633 1305 4708 ἀσεϐείας
1337 4633 1398 4687 Ρ.
1477 4636 1522 4666 ³⁸
1552 4635 1646 4700 οὓς
1679 4640 1836 4708 μετ’ἳ
1911 4643 1954 4675 ³9
1986 4643 2182 4708 αὐτοὺς
2213 4644 2272 4696 Ρ.

2393 4643 2439 4675 ⁴⁰
2473 4642 2698 4714 ἔνορκον
2730 4642 3010 4700 Petavius.
3058 4643 3128 4714 ,ξ’
3165 4641 3483 4714 καλουμένῳ

243 4697 516 4784 βασιλικῷ
540 4697 788 4784 παλατίῳ
809 4732 878 4744 —
906 4703 1182 4784 κειμένῳῖ
1218 4697 1526 4774 quanquam
1559 4697 1721 4762 etiam
1783 4726 1946 4779 supra
1978 4713 2054 4782 (ρ.
2081 4697 2180 4780 50,-
2205 4714 2260 4783 3)
2285 4730 2300 4768 :
2329 4713 2460 4784 ἄχρι
2492 4697 2890 4783 Χρυσοπόλεως
2921 4697 3225 4777 κατελθείν,
3259 4697 3510 4784 παραθαε

245 4772 476 4825 λάσσιον
515 4774 714 4842 χωρίον
738 4803 808 4813 —-
831 4772 1106 4842 κείμενον.

1617 4891 1795 4946 PETA
1805 4893 1891 4948 VII
1934 4893 2163 4951 NOTAE.

323 5020 436 5091 (54)
473 5021 707 5076 Τούτων
733 5020 801 5075 δὲ
823 5019 902 5092 ἦν
934 5023 1261 5092 Ἀντίοχος.
1305 5023 1549 5079 Eosdem.
1574 5038 1826 5080 recenset

243 5093 614 5166 Theophanes
658 5101 712 5146 et
759 5092 1680 5166 -Ρειιιιιε--ΒίειιςοηιιεμΛογοθέτης
1727 5097 1822 5151 τοῦ

241 5163 705 5237 δρόμουΑιιὶοἰιυ-ι·
759 5163 846 5237 hic
893 5179 920 5215 a
968 5161 1277 5237 i‘iicepboro
1325 5165 1510 5237 Ouid-)V
1543 5161 1822 5237 δημοσίων

244 5233 598 5302 πραγμάτων
625 5233 724 5294 τὰς
769 5232 1107 5305 ὑπομνήσεις
1143 5233 1498 5303 διακομίζων,
1532 5232 1671 5305 quod
1705 5255 1819 5290 ma-

246 5305 406 5371 gistri
443 5305 724 5356 memoriae
759 5303 1037 5370 proprium
1075 5314 1210 5357 erat.
1243 5305 1366 5369 Qui,
1411 5315 1469 5358 ut
1503 5303 1583 5358 est
1627 5307 1678 5360 in
1716 5323 1815 5360 no-

248 5374 372 5425 titia
429 5372 640 5439 imperii
695 5371 1012 5435 Orientalis,
1059 5374 1440 5427 adnotationes
1473 5376 1660 5435 dictat,
1714 5377 1815 5431 hoc

247 5455 340 5497 est
381 5442 682 5512 scripturas
735 5442 947 5505 breves,
980 5445 1176 5512 quibus
1204 5459 1266 5498 ea
1321 5445 1671 5500 continentur
1699 5462 1817 5510 quan

249 5511 516 5582 principis
553 5513 772 5565 nomine
796 5511 1110 5566 statuuntur
1137 5521 1232 5566 aut
1267 5513 1684 5569 confirmantur.
1710 5515 1814 5570 Sed

248 5594 306 5633 t-t
325 5652 330 5653 ί
350 5582 600 5653 precibus
629 5583 933 5647 respondet,
960 5584 1059 5636 hoc
1079 5595 1180 5644 est,
1217 5599 1472 5652 reSponsa
1504 5587 1670 5640 dictat
1697 5603 1815 5653 qua:

249 5652 512 5720 princeps
546 5651 740 5703 libellis
775 5653 1104 5720 supplicibus
1130 5651 1360 5707 dede-rit.
1383 5655 1461 5707 Ad
1497 5657 1610 5710 haec
1639 5651 1814 5723 diplo-

252 5733 400 5794 mata
429 5723 495 5772 ad
529 5723 854 5794 currendum
899 5723 1114 5794 nomine
1148 5725 1406 5792 principis
1452 5725 1531 5778 vel
1565 5729 1808 5794 magistri

251 5791 552 5846 ofﬁciorum
585 5790 713 5847 dare
752 5794 990 5848 muneris
1019 5790 1256 5863 ejusdem
1303 5790 1424 5861 fuit,
1459 5812 1485 5848 a
1521 5812 1622 5868 quo
1652 5790 1806 5866 λογο-

1933 5030 2097 5103 θέτης
2124 5031 2218 5086 τοῦ
2239 5032 2458 5104 δρόμου
2489 5034 2664 5090 tlictus
2689 5044 2795 5092 est.
2831 5035 3098 5091 Caternm
3153 5034 3292 5101 apud
3324 5033 3504 5087 Then-

1929 5105 2163 5169 phauem
2213 5103 2636 5171 Constantinus,
2712 5121 2816 5159 non
2866 5105 3186 5164 Antiochus,
3241 5105 3502 5169 patricius

1926 5173 2127 5245 dicitur
2149 5184 2200 5228 et
2235 5173 2530 5245 λογοθέτης
2561 5175 2653 5228 τοῦ
2692 5175 2917 5245 δρόμου.
2952 5175 3118 5245 Cujus
3145 5172 3315 5226 frater
3343 5177 3499 5230 Stra-

1928 5243 2103 5310 tegius
2135 5245 2445 5310 spatharius
2472 5243 2527 5298 et
2557 5243 2890 5298 domeéticus
2923 5244 3321 5299 excubitorum.

1995 5313 2104 5380 (55)
2144 5314 2368 5381 ’Ὅρκον
2413 5315 2540 5368 κατ’
2579 5315 2785 5368 αὐτοῦ.
2828 5314 3055 5384 Augusti
3096 5313 3184 5375 50,
3218 5314 3405 5384 indit-t.
3437 5321 3498 5377 4,

1925 5381 2289 5465 gonstantino
2359 5387 2789 5465 patriarchatnm
2862 5381 3156 5465 abrogato
3207 5382 3499 5465 ὁμῶνιιμος

1923 5449 2331 5522 Constantinus,
2359 5449 2606 5522 'eumque
2642 5456 2874 5522 primum
2914 5457 2964 5506 in
2993 5449 3255 5517 Hieriani,
3289 5449 3412 5507 inde
3443 5455 3495 5509 in

1921 5520 2231 5591 Principum
2262 5524 2491 5576 insulam
2523 5520 2790 5592 deportat.
2832 5523 3214 5591 'l'heophanes.

1991 5593 2104 5660 (56)
2140 5593 2406 5658 Νικήταν
2435 5592 2522 5647 δέ.
2562 5593 2880 5648 Novembris
2913 5594 2976 5646 l6
3005 5595 3114 5655 die,
3172 5596 3281 5648 ind.
3313 5593 3368 5658 5,
3401 5593 3493 5656 Ni-

1918 5674 2066 5717 cetas
2096 5667 2162 5717 ab
2207 5667 2532 5732 imperatore
2587 5666 2652 5719 ad
2693 5666 3110 5734 patriai-chalcm
3158 5666 3338 5720 sedem
3372 5682 3501 5720 ιέιιιη.

1917 5741 2035 5787 ctus
2062 5745 2162 5790 est.
2200 5736 2371 5790 Itlcnt.
