3940 6170
469 318 667 386 987.

1496 320 1559 382 S.
1600 320 2025 382 NICEPHOBI
2065 323 2574 383 PATRIARCHAS
2609 324 2719 384 (ΞΡ.

3637 318 3740 381 933

470 445 526 489 et
550 435 603 488 in
631 432 881 489 lecticam
917 432 1234 503 impositum
1276 432 1342 488 ad
1374 434 1659 489 ecclesiam
1696 435 1893 500 mittit,
1927 450 2050 489 una~

2158 434 2255 489 καὶ
2267 433 2586 488 ἀποστέλλει
2605 434 2741 505 πρὸς
2759 432 2822 486 τὸ
2841 433 2986 504 ἱερὸν
3001 433 3206 504 φορείῳ
3220 430 3421 503 ἐποχού
3428 448 3588 503 μενον
3602 431 3735 502 (57).

469 542 577 596 que
602 542 724 581 cum
762 541 827 582 eo
859 527 1150 596 quemdam
1181 541 1247 581 ex
1289 526 1606 581 domesticis
1660 526 1891 581 notariis
1928 539 2050 581 cum

471 619 838 675 accusationis
865 619 1064 674 libello.
1092 620 1263 685 Quem
1294 620 1341 675 is
1375 620 1645 689 frequenti
1673 620 1938 675 concione
1973 620 2051 674 le-

470 729 602 779 gens
625 714 692 767 ad
734 714 942 784 singula
983 714 1164 783 capita
1195 714 1689 786 patriarchmgeuis
1727 713 1940 785 inﬂigit.
1977 714 2051 769 Ita

468 802 524 855 in
556 804 838 857 ambonem
873 802 1166 871 productus
1199 802 1251 856 iu
1287 802 1536 858 ordinem
1586 803 1872 873 redigitur,
1913 818 2053 857 novo

468 892 688 947 interim
746 894 1003 962 pontiﬁce
1052 895 1466 950 criminationes
1498 895 1764 964 ejusmodi
1798 898 1866 949 ad
1900 910 2052 949 aram

467 983 799 1053 perlegente.
837 982 1096 1054 Sequenti
1127 985 1215 1039 die
1251 999 1349 1053 per
1376 995 1661 1056 equestres
1712 985 1885 1052 ludos,
1916 1001 2054 1054 quos

465 1088 532 1130 ex
569 1090 719 1130 more
765 1075 1187 1145 frequentabat,
1238 1075 1660 1132 Constantinum
1718 1079 1770 1131 in
1819 1077 2047 1132 asellum

468 1166 785 1234 impositum
810 1207 823 1231 ,
864 1167 995 1221 sella
1050 1167 1102 1221 in
1146 1169 1507 1236 posteriorem
1552 1169 1806 1239 jumenti'
1841 1179 2048 1238 partem

467 1258 717 1322 obVersa,
745 1259 953 1315 traduci
978 1275 1162 1314 coram
1195 1261 1449 1328 imperat,
1482 1271 1539 1315 et
1567 1260 1634 1315 ab
1664 1262 1917 1316 universo
1956 1277 2053 1332 po-

467 1348 593 1417 pulo
629 1349 931 1404 maledictis
973 1364 1035 1405 ac
1065 1351 1238 1420 sputis
1272 1352 1474 1420 appeti,
1506 1352 1775 1422 pauloque
1814 1364 1938 1422 post
1990 1356 2047 1408 in

472 1438 621 1490 urbis
654 1436 895 1508 Cynegio
932 1440 1112 1508 capite
1141 1442 1405 1497 truncari.
1441 1441 1555 1497 Hoc
1594 1443 1668 1497 uti
1709 1454 1831 1497 erat
1856 1444 2052 1511 praeci-

470 1542 613 1591 sum,
646 1529 699 1583 in
736 1529 885 1585 Milio
937 1547 968 1586 e
1010 1533 1230 1588 sublimi
1273 1549 1593 1604 suspensum
1624 1543 1728 1591 est.
1765 1535 2050 1604 Reliquum

470 1622 702 1676 cadaver
727 1637 825 1692 per
856 1623 1010 1679 urbis
1061 1625 1275 1696 plateas
1319 1625 1538 1682 funibus
1568 1637 1805 1681 tractum
1851 1626 1905 1681 in
1951 1627 2051 1682 Ρο-

466 1713 751 1781 lagiorum,
783 1727 842 1770 ut
869 1727 1088 1782 vocant,
1115 1717 1449 1786 sepulturam
1475 1717 1765 1786 abiectum.

2152 526 2538 596 Euvexnétme:
2568 525 2626 577 δέ
2661 540 2785 578 τινα
2815 524 2971 595 αύτῷ
3000 523 3108 578 τῶν
3136 524 3435 594 βασιλικῶν
3469 541 3732 593 γραμμαο

2150 617 2291 671 τέων
2323 617 2621 688 κομίζοντα
2640 619 2698 669 ἐν
2724 617 3064 688 γραμματίῳ
3087 618 3189 670 ὅσα
3215 619 3339 670 κατ’
3361 615 3531 670 αὑτοῦ
3552 634 3566 647 ·
3597 617 3739 687 ᾰπερ

2151 711 2233 774 εἰς
2258 712 2498 782 ἐπήκοον
2523 708 2570 742 ⁸³
2602 708 2698 762 τοῦ
2726 709 3117 779 ἀθροισθέντος
3149 711 3331 762 ἐκεῖσε
3349 707 3484 763 λαοῦ
3507 710 3738 776 ἀνέγνω,

2152 804 2332 857 παίων
2361 803 2526 856 αὐτὸν
2565 801 2611 833 ⁸³
2647 802 2789 855 κατὰ
2818 802 3025 874 κόρρης
3075 800 3175 870 ἐφ’,
3222 801 3303 854 ἐνὶ
3356 802 3578 870 ἐκάστῳ
3632 799 3740 851 τῶν

2153 894 2671 965 κατηγορουμένων.
2726 894 2837 947 Καὶ
2874 892 3051 954 οὕτως
3094 894 3190 945 ἐπὶ
3234 894 3329 947 τοῦ
3362 893 3623 962 ἄμϐωνας
3652 893 3743 944 ἀν-

2154 987 2483 1055 ενέγκαντες
2509 985 2894 1056 καθαιροῦσιν,
2934 985 3029 1038 τοῦ
3062 985 3185 1039 νέου
3218 985 3564 1054 πατριάρχου
3603 983 3740 1053 πρὸς

2153 1075 2230 1147 τῷ
2281 1077 2654 1148 θυσιαστηρίῳ
2690 1077 2760 1130 τὰ
2785 1076 3016 1130 τοιαῦτα
3049 1077 3357 1146 αἰτιάματα
3387 1074 3741 1142 ὑπαναγινώ-

2156 1184 2399 1232 σκοντος.
2453 1169 2564 1221 Καὶ
2592 1170 2661 1240 τῇ
2700 1167 2830 1238 ἐξῆς
2880 1167 2980 1238 τὴν
3031 1166 3238 1238 συνήθη
3294 1167 3448 1238 αὐτῷ
3507 1167 3742 1236 ἱππικὴν

2155 1258 2397 1327 ἀγωνίαν
2439 1256 2708 1311 ἐπιτελῶν
2757 1257 3053 1328 ἐπιτρέπει
3083 1256 3259 1310 αὑτὸν
3281 1258 3369 1309 ἐπ’
3397 1255 3523 1308 ὄνου
3577 1269 3746 1323 προσε-

2160 1349 2408 1421 ιζηκότα,
2440 1351 2540 1420 τῆς
2564 1348 2841 1420 καθέδρας
2864 1348 3014 1419 αύτῷ
3045 1348 3184 1422 πρὸς
3211 1350 3328 1412 τοῖς
3354 1346 3629 1417 ὀπισθίοις
3648 1344 3741 1398 τοῦ

2156 1441 2296 1507 ζώου
2331 1442 2792 1512 περιτραπείσης,
2827 1442 2924 1495 καὶ
2951 1442 3136 1495 ἐκεῖσε
3168 1439 3482 1494 διέλκεσθαι
3512 1436 3612 1492 καὶ
3638 1437 3745 1489 ὑπὸ

2155 1532 2249 1587 τοῦ
2266 1531 2396 1594 λαοῦ
2415 1532 2618 1596 παντὸς
2632 1531 3045 1603 δυσφημεῖσθαί
3073 1549 3133 1585 τε
3159 1532 3255 1585 καὶ
3287 1528 3737 1585 καταπτύεσθαι.

2154 1621 2290 1679 Eis-at
2313 1624 2430 1695 μετ’
2462 1624 2523 1677 οὐ
2574 1624 2708 1678 πολὺ
2741 1625 2800 1678 ἐν
2844 1624 2922 1694 τῷ
2950 1624 3054 1695 τῆς
3093 1624 3302 1688 πόλεως
3330 1623 3598 1697 Κυνηγίῳ
3645 1621 3747 1691 τὴν

2155 1715 2397 1786 κεφαλὴν
2427 1714 2593 1768 αὐτοῦ
2647 1714 3040 1786 ἀποτμηθῆναι
3093 1716 3463 1785 προστέταχε,
3514 1713 3613 1766 καὶ
3642 1715 3746 1783 τὴν

471 1806 573 1877 μὲν
601 1808 659 1861 ἐν
681 1807 761 1878 τῷ
794 1810 1120 1881 καλουμένῳ
1150 1810 1328 1881 Μιλίῳ
1361 1808 1473 1884 (58)
1514 1810 1910 1883 ἐξαρτηθεῖσαν
1977 1809 2252 1882 μετέωρον
2295 1805 2583 1878 φέρεσθαι,
2650 1806 2713 1859 τὸ
2777 1806 2823 1860 δ’
2868 1806 3041 1860 αὑτοῦ
3082 1806 3246 1876 σῶμα
3318 1805 3586 1876 σχοινίοις
3629 1804 3748 1856 δια·

469 1898 727 1971 σύρουσιν
761 1902 810 1938 “
848 1903 953 1958 ἀνά
981 1903 1081 1969 τὰς
1116 1904 1433 1976 λεωφόρους
1459 1907 1563 1977 τῆς
1600 1907 1813 1972 πόλεως
1839 1909 1922 1973 εἰς
1943 1906 2044 1978 τὴν
2080 1905 2190 1960 τῶν
2212 1902 2500 1972 Πελαγίων
2533 1901 2642 1973 (59)
2674 1901 3031 1973 καλουμένην
3061 1903 3247 1973 ταφὴν
3271 1900 3626 1972 ἐξέρῤιπτον.

523 1991 808 2066 [Αη.767.]
831 1993 1130 2052 lndictione
1145 2001 1696 2069 postmodum'quinta
1716 2018 1783 2058 ex
1802 2003 2050 2059 imbrium

2231 1997 2470 2070 Πέμπτῃ
2535 1996 2591 2049 δὲ
2647 1995 2948 2051 ίνδικτιῶνι
3012 1995 3276 2067 ἀϐροχίας
3331 1992 3751 2067 ἐπικρατούσης

467 2084 647 2154 inopia
667 2089 922 2157 squalore
950 2104 1012 2142 ac
1043 2089 1290 2145 siccitate
1315 2090 1426 2162 85
1451 2093 1750 2148 laboratum
1772 2102 1879 2160 est,
1911 2094 2047 2149 adeo

468 2186 528 2230 ut
546 2193 612 2231 ne
630 2193 717 2232 ros
734 2179 949 2248 quidem
968 2180 1111 2236 ullus
1131 2194 1198 2235 ex
1218 2196 1345 2238 aere
1364 2194 1699 2254 suppeteret,
1719 2185 2050 2241 subsidenti-

468 2269 571 2323 bus
600 2268 786 2324 adbaec
811 2270 1044 2326 lanitium
1090 2275 1270 2343 aquis,
1302 2290 1408 2344 qua
1436 2290 1501 2332 ex
1554 2292 1613 2332 re
1639 2277 1845 2333 factum
1876 2287 1959 2332 est
1991 2286 2048 2333 ut

470 2360 751 2415 exhaustis
782 2360 1145 2431 receptaculis
1178 2365 1385 2421 balnea:
1415 2367 1873 2423 conticescerent.
1908 2364 2045 2424 Con-

469 2450 745 2506 stantinus
772 2467 836 2508 ea
886 2464 950 2508 re
998 2454 1380 2513 animadversa
1432 2459 1742 2514 instaurare
1796 2460 2052 2528 aquaedm

469 2548 616 2596 ctum
643 2542 1074 2610 illuminstituit,
1096 2561 1261 2617 quem
1309 2548 1720 2605 Valentinianus
1758 2551 2052 2619 imperator

469 2632 600 2688 olim
631 2645 1007 2704 exstruxerat,
1034 2640 1129 2694 sed
1164 2639 1372 2696 Avares
1402 2649 1589 2711 postea
1634 2642 1873 2698 Heraclii
1912 2653 2052 2697 tenn-

468 2724 695 2795 poribus
716 2737 1048 2785 everterant.
1078 2729 1219 2803 Ergo
1242 2731 1487 2800 pluribus
1515 2734 1582 2787 ad
1618 2732 1672 2787 id
1700 2734 1818 2803 ejus
1849 2732 2051 2801 opiﬁcii

469 2816 655 2887 gnaris
677 2832 743 2873 ex
766 2829 878 2877 toto
902 2822 1131 2893 imperio
1160 2824 1797 2895 contractisnnultisque
1823 2841 1891 2880 ex
1917 2838 2052 2879 aerea

469 2907 554 2961 rio
587 2907 804 2977 publico
866 2912 1130 2981 impensis
1178 2917 1445 2985 pecuniis,
1494 2924 1647 2970 tanto
1696 2916 1849 2985 operi
1888 2915 2050 2968 tinem

469 2998 749 3067 imposuit.
801 3001 908 3058 Sed
942 3018 1065 3058 cum
1099 3007 1220 3060 auri
1272 3008 1471 3061 mirum
1504 3008 1559 3061 in
1591 3007 1810 3061 modum
1864 3007 1915 3059 in
1960 3007 2052 3063 illo

473 3088 677 3145 Christi
711 3092 865 3148 hoste
887 3095 1157 3164 cupiditas
1171 3094 1448 3167 ﬂagraret,
1484 3111 1681 3151 novum
1705 3111 1824 3151 sese
1854 3096 2050 3151 Midam

473 3180 721 3234 exhibuit
746 3191 800 3236 et
826 3196 1017 3238 aurum
1050 3201 1212 3241 omne
1235 3188 1286 3240 in
1321 3187 1603 3243 thesauros
1633 3202 1767 3242 suos
1784 3189 2047 3244 condidit.

473 3266 631 3326 Unde
657 3274 861 3330 coactis
889 3262 954 3329 ad
990 3276 1173 3331 tributi
1207 3278 1625 3348 pensitationem
1660 3278 1925 3333 violenter
1957 3296 2053 3349 po-

2149 2089 2441 2160 αύχμῶδες
2476 2090 2575 2142 καὶ
2619 2088 2786 2158 ξηρὸν
2825 2089 3022 2157 γέγονε
3051 2087 3112 2141 τὸ
3144 2088 3503 2156 κατάστημα,
3544 2086 3621 2148 ὡς
3653 2084 3750 2137 καὶ

2151 2181 2325 2251 αὐτὴν
2350 2180 2785 2234 ἀπολελοιπέναι
2811 2181 2857 2213 ⁸⁵
2881 2180 2981 2250 τὴν
3006 2180 3194 2250 ἀέριον
3216 2177 3435 2248 δρόσον,
3457 2177 3541 2229 ἔτι
3564 2175 3663 2229 καὶ
3681 2175 3752 2229 τὰ

2151 2274 2365 2343 πηγαῖα
2412 2271 2850 2325 ὑποστέλλεσθαι
2880 2271 3123 2341 νάματα,
3157 2269 3306 2339 ἀργά
3354 2284 3418 2320 τε
3453 2267 3645 2337 μένειν
3674 2268 3751 2318 ἐν·

2150 2364 2343 2417 τεῦθεν
2397 2362 2495 2417 καὶ
2525 2363 2596 2417 τὰ
2640 2362 2844 2434 λουτρά
2888 2363 2999 2415 τῶν
3031 2360 3323 2430 ἐκδοχείων
3354 2359 3538 2425 κενῶν
3572 2360 3750 2430 ὑπαρ-

2151 2455 2384 2522 ξάντων.
2429 2455 2526 2509 Ἐκ
2560 2453 2757 2509 τούτου
2798 2452 3119 2524 βουλεύεται
3162 2453 3274 2524 (60)
3330 2453 3749 2513 Κωνσταντῖνος

2156 2549 2249 2602 τὸν
2278 2549 2374 2601 τοῦ
2404 2547 2594 2610 ὓδατος
2629 2547 2791 2601 ὁλκὸν
2835 2547 3214 2611 ἀνακαινίζειν
3240 2546 3299 2597 ὃν
3329 2542 3749 2605 Βαλεντινιανὸς

2150 2641 2180 2693 ὁ
2213 2639 2471 2710 βασιλεὺς
2498 2638 2930 2702 κατεσκεύασεν,
2970 2638 3076 2692 ὑπὸ
3119 2638 3177 2692 δέ
3228 2636 3479 2706 ’Λϐάρων
3510 2636 3604 2689 ἐπὶ
3640 2635 3748 2709 τῶν

2165 2732 2494 2801 Ἡρακλείου
2544 2730 2756 2802 χρόνων
2792 2729 2889 2784 τοῦ
2935 2730 3206 2801 βασιλέως
3254 2727 3743 2798 καταστραφέντα.

2151 2823 2265 2876 Καὶ
2289 2821 2577 2883 πλείστους
2606 2820 2805 2891 ἄνδρας
2828 2819 3085 2889 τεχνίτας
3113 2821 3195 2882 εἰς
3219 2818 3518 2887 οἰκοδομὴν
3547 2815 3749 2885 ἐμπεί-

2157 2931 2284 2986 ρους
2335 2914 2401 2967 ἐκ
2448 2912 2552 2982 τῆς
2604 2911 2713 2966 ὑπὸ
2775 2911 3069 2981 Ῥωμαίων
3127 2911 3304 2980 ἀρχῆς
3358 2907 3750 2976 συναθροίσας,

2152 3003 2327 3057 πολλά
2355 3020 2413 3056 τε
2439 3003 2811 3072 δαπανήματα
2840 3001 3028 3060 αὐτοῖς
3057 3001 3122 3051 ἐκ
3154 2996 3265 3050 τῶν
3291 2995 3572 3068 δημοσίων
3604 3011 3752 3065 χρη-

2157 3096 2345 3165 μάτων
2372 3091 2832 3164 προσαναλώσας,
2861 3089 3008 3144 ούτω
3029 3085 3093 3144 τὺ
3118 3090 3364 3143 τοιοῦτον
3386 3088 3555 3159 ἔργον
3582 3087 3753 3139 διε-τέο

2153 3187 2300 3240 λεσε.
2346 3184 2682 3255 Φιλόχρυσος
2710 3184 2768 3237 δὲ
2813 3181 2890 3236 ὣν
2938 3184 2967 3236 ό
3014 3180 3373 3252 μισόχριστος
3409 3180 3531 3242 νέος
3573 3180 3752 3243 Μίδας

2154 3279 2569 3339 Κωνσταντῖνος
2602 3274 3009 3335 ἀναδείκνυται,
3043 3274 3137 3326 καὶ
3163 3272 3256 3326 τὸν
3288 3272 3495 3342 χρυσὸν
3528 3271 3751 3324 ἅπαντα

472 3361 632 3429 pulis,
663 3377 874 3418 summa
907 3366 1122 3435 frugum
1149 3381 1213 3421 ac
1238 3381 1494 3437 pecorum
1512 3367 1692 3423 vilitas
1726 3367 1847 3432 fuit,
1880 3384 2050 3438 usque

2155 3365 2607 3439 ἁποθησαυρίξει.
2656 3367 2745 3419 Ἐν
2774 3361 2857 3428 οἷς
2891 3363 3207 3419 συνέϐαινεν
3242 3365 3301 3415 ἐν
3329 3365 3453 3424 ταῖς
3491 3363 3606 3416 τῶν
3655 3363 3753 3432 φόο

470 3460 539 3503 eo
563 3462 621 3504 ut
655 3451 819 3507 tritici
868 3455 1035 3508 modii
1087 3454 1406 3527 sexaginta,
1467 3457 1653 3512 hordei
1713 3460 2051 3529 septuaginta

472 3542 711 3596 nummis
733 3543 963 3614 singulis
988 3547 1187 3601 addicti
1214 3549 1342 3615 sint,
1370 3562 1431 3603 ac
1449 3550 1708 3619 pleraque
1740 3553 1935 3623 exiguo
1954 3553 2050 3607 ad-

472 3633 691 3686 modum
746 3635 925 3702 pretio
968 3637 1338 3691 constiterint.
1372 3640 1526 3703 Quod
1589 3640 1763 3708 ipsum
1795 3644 1860 3696 ad
1890 3658 2053 3713 agro-

473 3737 595 3776 rum
637 3723 970 3780 fertilitatem
1000 3737 1063 3781 'et
1099 3742 1277 3782 rerum
1320 3731 1531 3798 copiam
1565 3732 1910 3787 trahentibus
1959 3733 2054 3786 im-

472 3815 685 3883 peritis,
720 3818 1099 3885 prudentiores
1138 3819 1340 3889 quique
1390 3821 1627 3877 hominis
1678 3824 1953 3894 tyrannidi
1995 3835 2053 3881 et.

474 3908 717 3963 avaritiae
749 3924 810 3963 ac
832 3911 1137 3965 crudelitati
1178 3913 1506 3968 tribuebant.

2156 3478 2266 3532 ρων
2301 3460 2539 3531 πράξεσι
2580 3457 2692 3511 τῶν
2737 3455 3225 3529 φορολογουμένων
3277 3453 3628 3524 βιαζομένων
3661 3455 3750 3507 εὖ·

2155 3550 2316 3614 ὡνως
2345 3550 2413 3604 τὰ
2437 3551 2536 3618 τῆς
2560 3548 2667 3619 γῆς
2696 3550 3043 3619 καρπήματα
3086 3546 3183 3601 καὶ
3210 3546 3535 3615 γεννήματα
3564 3543 3751 3597 διαπι-

2153 3641 2523 3714 πράσκεσθαι,
2569 3641 2647 3705 ὡς
2710 3639 2790 3711 τῷ
2842 3639 3143 3710 νομίσματι
3204 3639 3476 3708 ἐξήκοντα
3530 3637 3753 3705 μοδίους

2154 3740 2305 3793 σίτου
2349 3736 2809 3809 διαγοράζεσθαι,
2870 3735 3069 3807 κριθῆς
3115 3735 3173 3787 δὲ
3217 3733 3622 3804 ἐϐδομήκοντα,
3659 3732 3756 3785 καὶ

2152 3832 2386 3885 πλεῑστα
2400 3832 2539 3900 ἄγαν
2564 3830 2797 3902 βραχείᾳ
2817 3832 2959 3883 πάνυ
2988 3826 3432 3898 ἀπεμπολεῖσθαι
3459 3826 3751 3894 ποσότητι.

2162 3923 2342 3995 Ὅπερ
2374 3924 2486 3984 τοῖς
2536 3923 2636 3992 μὲν
2680 3923 2935 3991 ἀνοήτοις
2981 3919 3211 3989 εύφορία
3253 3935 3315 3971 τε
3365 3918 3466 3986 τῆς
3511 3918 3618 3986 γῆς
3662 3917 3756 3969 καὶ

472 4000 819 4072 πραγμάτων
844 4002 1070 4074 εὐθηνία
1109 4006 1411 4076 ἐνομίζετο,
1457 4010 1573 4072 τοῖς
1597 4008 1656 4063 δὲ
1722 3990 2087 4083 εὖνφρονοῦσι
2123 3990 2442 4086 τυραννίδος
2474 3990 2569 4068 καὶ
2619 3990 3064 4084 φιλοχρηματίας
3093 4012 3253 4082 ἔργον
3287 4012 3384 4062 καὶ
3450 4010 3756 4078 ἀπανθρω-

473 4093 605 4156 πίας
637 4093 793 4159 νόσος
826 4097 1088 4166 ἐκρίνετο.

547 4187 675 4259 [Am
701 4187 857 4262 768.]
887 4191 1186 4247 lndictione
1218 4195 1415 4250 deinde
1442 4197 1669 4265 septima
1693 4196 2054 4256 Constantino

477 4280 622 4335 ﬁlius
653 4282 916 4349 nascitur,
935 4299 1094 4352 quem
1129 4287 1444 4341 Anthimum
1472 4291 1738 4345 nominat.
1766 4289 1878 4346 Sub
1908 4293 2051 4346 idem

480 4380 693 4440 tempus
708 4369 925 4427 Nicetas
951 4375 1263 4443 patriarcha
1282 4377 1564 4434 catholicae
1588 4380 1846 4437 Ecclesiae
1874 4382 2015 4439 acditi
2031 4415 2049 4423 -

2204 4202 2390 4256 .Κατὰ
2418 4201 2477 4254 δέ
2528 4200 2626 4272 τὴν
2669 4200 2911 4270 ἑϐδόμην
2967 4199 3277 4253 ἱνδικτιῶνα
3330 4198 3585 4259 τίκτεται
3641 4196 3757 4258 uio;

2163 4292 2583 4362 Κωνσταντίνῳ,
2620 4291 2679 4345 ὃν
2722 4291 2986 4345 ἐκάλεσεν
3023 4288 3311 4359 Ἀνθιμον.
3375 4287 3515 4341 Ὑπὸ
3555 4287 3617 4339 δὲ
3663 4287 3757 4339 τὸν

2160 4384 2323 4438 αὐτὸν
2363 4383 2556 4456 καιρὸν
2588 4383 2699 4454 (6|)
2746 4384 2992 4454 Νικήτας
3021 4385 3049 4436 ὁ
3076 4382 3175 4452 τῆς
3225 4379 3437 4443 πόλεως
3487 4380 3758 4451 πρόεδρος

1767 4547 2005 4606 VARUE
2044 4549 2450 4607 LECTIONES.

548 4655 596 4689 "
636 4657 880 4730 ὑπήκοον
910 4656 972 4717 Ρ.
1048 4660 1260 4735 “acup
1282 4660 1362 4718 P:
1399 4663 1471 4719 cf.
1493 4678 1552 4735 p.
1586 4665 1619 4719 7
1647 4663 1704 4720 9.
1780 4664 1828 4698 “
1847 4665 2243 4738 διασύραντεςῖ
2271 4682 2339 4721 an
2366 4667 2658 4735 διασυρένῖ
2730 4667 2775 4697 ⁵⁸
2816 4663 3254 4718 ἐπιλελοιπέναιῖ

1862 4806 2145 4864 PETAVII
2177 4808 2413 4865 NOTIE.

552 4913 668 4983 (57)
703 4914 927 4996 φορείῳ
954 4915 1391 4996 ἐποχούμενον.
1415 4915 1552 4996 Tam
1583 4919 1725 4996 enim
1768 4919 2064 4974 crudeliter
2094 4925 2140 4980 1)
2172 4917 2373 4992 μικροῦ
2397 4920 2660 4996 σεκρέτου
2711 4922 2811 4996 τῇς
2839 4927 3109 4996 τροπικῆς
3140 4923 3554 4996 ἐξυλογραφίας
3576 4923 3758 4996 γοῦσης

484 4985 1008 5058 itnperalorisjnssu
1037 4989 1349 5054 vapularat,
1370 4995 1428 5058 ut
1452 4988 1702 5058 incedere
1730 5005 1834 5043 non
1855 5002 2057 5058 posset.

482 5056 558 5111 De
584 5054 710 5127 ejus
739 5054 1062 5127 καθαιρέσει
1092 5070 1162 5127 ac
1191 5057 1541 5112 accusatione
1572 5054 1952 5127 Theophanes.

558 5125 673 5195 (58.)
723 5126 808 5190 Τῷ
837 5125 1190 5195 καλουμένῳ
1229 5127 1439 5190 Μιλίῳ.
1474 5129 1573 5182 Adi
1622 5125 1843 5182 Suidatn
1871 5140 1925 5183 ct
1950 5130 2064 5184 Cn-

484 5197 769 5265 rnpalaten
794 5197 907 5252 siVe
938 5195 1227 5251 Codinum.
1256 5195 1567 5250 [Editicium
1596 5200 1868 5269 quoddam
1902 5200 2061 5267 Cpoli

488 5266 589 5319 l‘nit
643 5266 813 5334 signis
876 5266 1044 5319 variis
1100 5278 1376 5321 ornatum.
1433 5267 1583 5334 Quod
1639 5278 1695 5323 ct
1747 5268 2061 5324 Milliarium

513 5281 589 5319 IIIl
643 5281 813 5324 5121118
876 5281 1044 5319 vartts
1100 5281 1376 5321 ornatum.
1433 5281 1583 5324 UllOd
1639 5281 1695 5323 ΘΙ.
1747 5281 2061 5324 Mttttartum

488 5282 589 5319 ltIIl
643 5282 813 5337 Signis
876 5282 1044 5319 varus
1100 5282 1376 5321 ornatum.
1433 5282 1583 5334 uuou
1639 5282 1695 5323 ct
1747 5282 1891 5323 MIIII:

488 5352 713 5408 aureum
768 5337 821 5408 i_n
886 5337 1095 5408 notitia
1142 5338 1365 5408 dicitur,
1423 5339 1705 5408 regione‘
1739 5340 1891 5406 (Ipol.

560 5406 671 5479 (ὅθ)
727 5404 851 5479 Τῶν
871 5407 1201 5479 Πελαγίωις.
1229 5404 1588 5476 Theophanes
1613 5414 1688 5479 (p.
1715 5404 1874 5464 5726
1897 5420 1950 5464 et
1981 5410 2066 5479 D).

563 5476 675 5544 (60)
728 5477 831 5530 Ἐκ
879 5479 1095 5531 τούτου
1138 5478 1523 5543 βουλεύεται.
1578 5476 1800 5533 Factum
1861 5481 1964 5534 hoc
2018 5476 2068 5535 ἐι.

489 5545 830 5599 Constantini
861 5547 951 5601 27.

567 5615 684 5679 (ξεί)
735 5616 881 5686 ξΥπὸ
931 5616 998 5669 δὲ
1040 5618 1148 5671 τὸν
1184 5618 1372 5671 αὐτὸν
1429 5620 1656 5686 καιρόν.
1714 5618 2071 5686 Theophanes

494 5689 570 5746 (p.
610 5686 713 5760 372?
743 5684 805 5753 D.)
865 5704 878 5740 :
912 5686 990 5760 τῷ
1014 5688 1069 5760 δὲ
1095 5688 1241 5760 αὐτῷ
1272 5689 1382 5742 ἔτει
1404 5684 1649 5760 Νικῆτας
1677 5684 2069 5760 όψευδώνυμος

495 5753 849 5824 πατριάρχης
899 5753 994 5818 τὰς
1033 5759 1089 5808 ἐν
1138 5753 1224 5826 τῷ
1280 5753 1654 5831 πατριαρχείῳ
1706 5753 1919 5824 εἰκόνας
1971 5753 2069 5814 τοῦ

2168 4991 2531 5063 κατήνεγκε-ν,
2560 4994 2657 5045 καὶ
2699 4991 2810 5047 τῶν
2868 4991 3075 5048 λοιπῶν
3102 4991 3353 5063 εἰκόνων
3372 4991 3444 5047 τά
3476 4991 3756 5063 πρόσωπα

2170 5061 2411 5133 ἔχρισεν.
2446 5061 2545 5135 Hic
2591 5072 2801 5116 secreta
2836 5066 3085 5135 προόδων
3119 5061 3259 5118 οἴκοι
3291 5061 3563 5118 vocantur
3592 5080 3623 5118 a
3649 5063 3753 5117 Nic

2168 5131 2431 5205 cephoro,
2488 5131 2606 5205 hoc
2641 5143 2735 5205 est
2781 5131 3154 5200 processuum,
3217 5149 3355 5203 quos
3405 5136 3754 5205 προκένσους

2169 5213 2303 5255 tetas
2338 5202 2427 5276 illa
2462 5202 2767 5276 nominavit
2807 5214 2900 5257 aut
2934 5206 3296 5276 προκέσσους.
3503 5220 3606 5260 vox
3635 5213 3751 5276 tam

2168 5271 2551 5344 processicnem
2588 5273 2758 5344 ipsam
2782 5288 2945 5343 quam
2980 5271 3268 5330 'stntt'onem
3307 5274 3604 5344 signiﬁcat.
3635 5272 3752 5327 Ita-

2172 5340 2276 5411 que
2323 5340 2634 5416 πρόκεσσος
2680 5340 2816 5396 τῶν’
2849 5344 3174 5416 Βλαχερνῶν
3228 5345 3282 5398 in
3339 5340 3500 5416 A'lex.
3529 5344 3749 5416 Chron.

2177 5427 2274 5482 pt‘n
2317 5411 2646 5475 suburbano,
2680 5421 2741 5483 et
2769 5411 3073 5483 πρόκεσσὸν
3106 5414 3465 5483 ποιησασθαι,
3526 5415 3629 5468 hoc
3662 5423 3755 5466 est

2178 5448 2274 5482 ν...
2318 5448 2646 5475 .ς.......ν....υ,
2688 5448 2741 5464 ω
2772 5448 3072 5483 “pws-Nu,"
3107 5448 3218 5467 tu...
3243 5448 3465 5477 νιυνυιι,
3527 5448 3629 5468 ..νυ
3662 5448 3753 5466 ιδ.

2178 5483 2474 5554 pri-ccedere,
2506 5485 2645 5551 apud
2678 5481 3063 5554 Theophanem
3102 5497 3154 5541 et
3187 5448 3344 5539 aiios.
3384 5484 3753 5553 Curopalates

2179 5562 2358 5604 certos
2390 5553 2507 5606 dies
2541 5553 3124 5621 quotannisreccnset,
3146 5556 3359 5623 quibus
3387 5556 3755 5623 imperatores

2178 5633 2331 5675 cxtra
2368 5622 2627 5693 palatium
2669 5626 3029 5688 procedebant
3074 5638 3131 5681 et
3177 5622 3227 5679 in
3263 5622 3601 5693 patriar-chio
3620 5638 3759 5689 per-

2180 5692 2552 5763 noctabantiu
2598 5693 2853 5759 κελλίοις,
2886 5696 2988 5750 hoc
3016 5707 3104 5749 est
3144 5692 3358 5751 cellulis
3392 5696 3751 5763 quibusdam.

2180 5762 2269 5814 lla:
2310 5772 2433 5816 sunt
2467 5762 2695 5818 fortasse
2718 5780 2850 5833 quas
2882 5766 3120 5836 προόδων
3152 5767 3337 5830 οἴκους
3376 5765 3757 5835 appellarunt.
