3940 6170
260 263 364 327 993

1187 268 1286 330 DE
1327 264 1580 330 REBUS
1618 269 1803 331 POS'I‘
1841 269 2289 337 MAURICIUM
2328 274 2618 342 GESTIS.

3411 286 3511 351 994

259 374 399 444 πρὸς
432 375 700 440 ἀνατολὰς
745 375 1033 440 οἰκοῦντας
1066 376 1380 448 βαρϐἀρους
1419 379 1678 449 ἀκηκοὼς
1708 382 1834 453 περὶ

1940 385 2144 440 ditione
2189 389 2470 457 occupatis
2521 390 2732 459 aliquot
2781 393 3019 450 castellis
3049 396 3263 450 eosdem
3304 395 3424 451 illos
3455 398 3509 452 in

257 468 388 530 τοὺς
427 468 664 532 οἰκείους
693 471 969 540 ἡγεμόνας
1014 469 1499 534 διαστασιάζοντας
1559 474 1654 526 καὶ
1695 472 1834 544 πρὸς

254 557 351 609 τὸν
381 559 646 628 ἐμφύλιον
678 562 913 632 πόλεμον
945 561 1398 631 ἀσχολουμένους,
1457 563 1833 636 λῃστρικώτε-

257 648 351 719 ρόν
394 667 509 712 πως
567 651 767 720 μᾶλλον
820 652 851 721 ἥ
921 651 1430 723 στρατηγικώτερον
1489 653 1565 715 ὡς
1622 654 1836 707 λυσσῶν

255 739 431 790 ἐπιὼν
459 745 573 821 τοῖς
607 742 902 813 Ἀρμενίας
931 745 1024 796 καὶ
1048 743 1245 814 Συρίας
1275 746 1518 815 χωρίοις,
1558 745 1667 798 τῶν
1697 745 1836 798 ἐκεί-

255 846 374 894 νοις
417 833 693 904 φρουρίων
744 835 894 907 αἱρεῖ
919 835 1185 907 ὁμολογίᾳ
1233 836 1343 889 τῶν
1393 837 1834 908 προσοικούντων

256 927 355 980 καὶ
389 929 480 980 ἐπὶ
513 930 611 998 τὴν
649 929 870 1001 Θρᾴκην
894 931 1093 994 αὐτοὺς
1126 933 1428 1002 μετήγαγε.
1462 931 1704 986 Τοιαῦτα
1736 933 1835 1001 μὲν

254 1014 354 1072 οὖν
381 1021 450 1072 τά
487 1020 698 1072 ἐκείνου
731 1022 1208 1092 ἀνδραγαθήματα
1229 1023 1323 1074 καί⁵
1343 1023 1413 1076 τὰ
1453 1025 1575 1076 κατ’
1622 1023 1836 1093 ἐχθρῶν

257 1108 653 1179 σχεδιαζόμενα
701 1111 961 1181 τρόπαια.
1004 1113 1244 1165 Τοιαῦτα
1291 1113 1386 1165 καὶ
1436 1114 1505 1166 τὰ
1562 1113 1705 1166 κατὰ
1737 1114 1836 1183 τῆς

254 1198 518 1268 ἀληθείας
541 1201 634 1253 καὶ
672 1203 956 1267 εὐσεϐείας
993 1204 1384 1273 νεανιεύματα.
1429 1206 1834 1274 ’Δπηναισχύν-

257 1307 428 1360 τησεν
456 1292 564 1362 γὰρ
606 1295 748 1346 κατά
768 1311 828 1346 τε
873 1295 966 1347 τοῦ
1002 1296 1138 1348 Θεοῦ
1171 1296 1361 1365 μανεὶς
1402 1297 1498 1348 καὶ
1549 1297 1691 1349 κατὰ
1725 1296 1838 1348 τῶν

259 1381 424 1451 ἱερῶν
457 1384 669 1454 ἀνδρῶν
699 1384 807 1437 τῶν
842 1385 1031 1454 ὥσπερ
1064 1386 1214 1456 αύτῷ
1247 1387 1623 1457 ἀναθημάτων
1659 1404 1832 1457 προσ-

257 1475 529 1543 ηκόντων.
578 1477 688 1528 Καὶ
713 1476 774 1528 τὸ
803 1477 1096 1544 ἁγγελικὸν
1124 1477 1190 1547 δὴ
1235 1476 1396 1530 τοῦτο
1426 1480 1520 1531 καὶ
1549 1479 1838 1531 ἀποστολι-

255 1566 356 1619 κὸν
384 1567 478 1619 τοῦ
509 1568 806 1637 μοναχικοῦ
835 1568 949 1638 βίου
975 1569 1162 1639 σχῆμα
1194 1569 1616 1640 βδελυττόμενος
1653 1573 1680 1622 6
1715 1570 1837 1622 θεο-

259 1658 432 1726 μισής
461 1675 519 1710 τε
579 1659 672 1710 καὶ
708 1658 955 1728 βέϐηλος,
1002 1659 1292 1731 ἐπώνυμον
1339 1661 1442 1730 τῆς
1497 1661 1832 1725 θεοσεϐείας,

1941 477 2222 533 Thraciam
2244 489 2593 551 transportat.
2628 482 2754 540 Haec
2778 487 3071 542 suntistius
3103 488 3336 544 hominis
3352 504 3510 560 egre.

1939 565 2021 634 gia
2059 564 2224 631 facta,
2267 567 2382 624 haec
2441 574 2812 628 commentitia
2852 575 2916 628 de
2971 576 3220 631 hostibus
3253 588 3452 646 tropaea
3491 596 3506 634 :

1940 654 2227 724 ejusmodi,
2261 658 2503 727 inquam,
2538 674 2664 715 sunt
2698 679 2818 730 quae
2855 665 3151 720 insolenter
3198 668 3288 722 ille
3317 678 3509 722 contra

1945 749 2222 803 veritatem
2249 760 2304 805 et
2328 752 2579 820 pietatem
2609 754 2827 810 molitus
2863 768 2966 811 est.
3005 757 3214 812 Etenim
3248 759 3384 813 citra
3425 760 3510 814 ul-

1939 837 2044 893 lam
2075 845 2458 898 verecundiam
2504 856 2694 901 contra
2739 847 2907 902 Deum
2961 850 3256 904 bacchatus
3291 860 3375 905 est
3426 866 3510 906 sa-

1938 947 2168 1000 crasque
2194 948 2280 988 res
2308 935 2357 989 ei
2398 945 2654 1005 tanquam
2693 938 2916 993 donaria
2961 951 3330 996 consecratas.
3367 941 3508 1008 Quin

1939 1023 2102 1076 etiam
2141 1025 2444 1094 angelicum
2493 1027 2622 1082 illud
2670 1038 2725 1082 et
2785 1031 3141 1097 apostolicum
3197 1032 3509 1086 monasticae

1939 1116 2060 1169 vita:
2085 1131 2250 1186 genus
2280 1119 2441 1172 homo
2465 1134 2495 1172 a
2523 1120 2635 1174 Deo
2661 1132 2976 1176 exsecratus
3005 1136 3066 1175 ac
3105 1121 3363 1190 profanus
3391 1131 3445 1177 et
3475 1139 3508 1178 a

1938 1204 2244 1262 Christiana
2298 1209 2564 1279 religione
2623 1209 2761 1264 falso
2809 1209 3506 1280 cognominatus'illaudati

1941 1298 2304 1368 appellatione
2351 1301 2607 1354 notavit:
2666 1301 3000 1357 abominatio
3050 1304 3193 1356 enim
3238 1303 3509 1372 peccaturi

1937 1401 2021 1445 est
2047 1391 2240 1460 pietas,
2265 1399 2320 1445 et
2345 1403 2566 1446 sanctus
2602 1392 2846 1461 impurus
2885 1401 2968 1446 est
3011 1395 3150 1460 apud
3189 1393 3504 1448 sceleratos.

1936 1477 2054 1535 Jam
2079 1495 2208 1535 vero
2230 1481 2444 1550 qualem
2479 1481 2531 1534 in
2553 1495 2647 1534 eos
2673 1482 3012 1551 tyrannidem
3037 1483 3367 1546 exercuerit,
3385 1484 3507 1552 quis

1939 1586 2038 1640 pro
2087 1571 2302 1638 merito,
2370 1581 2430 1625 ut
2479 1580 2606 1626 ante
2643 1571 2777 1636 dixi,
2835 1586 3260 1627 commemorare
3302 1573 3510 1642 possit!

1939 1661 2143 1733 Quippe
2174 1665 2562 1719 conventiones
2617 1663 2735 1717 illas
2770 1673 3038 1733 pactaque
3077 1665 3275 1733 quibus
3323 1667 3506 1720 divino

251 1748 323 1802 τὸ
360 1750 768 1820 ἀμνημόνευτον
801 1752 988 1815 αὐτοῖς
1019 1753 1342 1824 ἐπέγραψεν
1373 1754 1566 1824 ὄνομα.
1599 1753 1834 1822 Βδέλυγ-

1937 1767 1994 1808 se
2023 1754 2229 1808 numini
2257 1755 2663 1809 obstrinxerant
2697 1754 3007 1808 rescindere
3050 1764 3293 1820 coactos,
3322 1770 3387 1810 ac
3419 1770 3506 1810 sa-

257 1855 343 1906 μα
379 1837 488 1907 γάρ
541 1840 886 1911 ἁμαρτωλῶν
940 1841 1254 1909 θεοσέϐεια,
1298 1845 1395 1897 καὶ
1441 1846 1470 1897 6
1521 1845 1666 1905 ὅσιος
1697 1842 1834 1896 ἀκά-

253 1929 460 2001 θαρτος
518 1932 667 2002 παρά
730 1933 1087 2004 κακούργοις.
1148 1930 1250 1988 Οἷα
1319 1935 1376 1988 δὲ
1435 1936 1574 2006 πρὸς
1637 1937 1836 1998 αὐτοὺς

249 2022 550 2090 τυραννίδα
593 2023 761 2077 ἐπιὼν
815 2027 845 2080 6
905 2026 1168 2097 τύραννος
1219 2027 1437 2098 ἔδρασε,
1487 2028 1568 2090 τίς
1621 2029 1708 2092 ἂν,
1759 2029 1836 2091 ὼς

250 2113 417 2183 ἔφην,
477 2115 645 2179 ἀξίως
691 2117 1050 2187 διηγήσηται;
1101 2118 1202 2181 τάς
1261 2135 1340 2188 τε⁴
1381 2117 1488 2188 γὰρ
1537 2119 1687 2188 παρά
1714 2117 1836 2189 Θεῷ

249 2207 683 2276 ἐπηγγελμένας
717 2209 906 2271 αὐτοῖς
949 2209 1238 2278 ὁμολογίας
1277 2210 1370 2262 καὶ
1405 2208 1681 2278 συνθήκας
1707 2209 1836 2261 ἀθε-

249 2299 373 2349 τεῖν
397 2297 805 2368 ἐκϐιαζόμενος,
829 2301 922 2353 καὶ
949 2300 1009 2352 τὸ
1037 2300 1178 2370 ἱερὸν
1209 2301 1395 2369 σχῆμα
1427 2300 1836 2369 ἀπορρίψαντας

249 2391 318 2441 τὸ
351 2391 457 2442 τῶν
487 2389 689 2442 λαῖκῶν
713 2393 740 2444 6
767 2393 1080 2461 παράνομος
1109 2391 1467 2461 ἐνομοθέτησε
1501 2391 1834 2460 μεταμφιέν-

251 2481 474 2536 νυσθαι.
503 2482 581 2535 Τὰ
604 2483 659 2534 δέ
689 2485 766 2546 εἰς
796 2481 954 2548 δόξαν
984 2483 1078 2536 τοῦ
1104 2482 1239 2535 Θεοῦ
1275 2483 1533 2552 ἱδρυμένα
1568 2483 1832 2553 μοναστή-

254 2589 352 2642 pta
388 2573 734 2642 στρατιωτῶν
779 2575 1074 2644 οίκητήρια
1108 2574 1204 2628 καὶ
1239 2574 1570 2627 ἱπποστάσια
1601 2575 1695 2626 καὶ
1745 2591 1836 2626 κο-

253 2664 483 2733 πρῶνας
535 2668 562 2718 6
609 2666 902 2734 κοπρόνους
958 2668 1051 2719 καὶ
1096 2665 1453 2737 κοπρώνυμος
1511 2667 1832 2736 πεποίηκεν.

251 2750 399 2809 Εἶτα
428 2757 561 2827 πρὸς
584 2756 660 2826 τῷ
692 2758 832 2810 τέλει
859 2757 966 2810 τῶν
1004 2757 1189 2810 κακῶν
1235 2759 1327 2812 καὶ
1362 2758 1460 2810 τοῦ
1513 2757 1836 2826 θεοστυγοῦς

253 2845 426 2898 αὐτοῦ
456 2847 572 2917 βίου
607 2849 921 2918 γενόμενος,
954 2851 1048 2902 καὶ
1078 2848 1325 2919 πυρετῶν
1348 2848 1567 2915 ὀξύτητι
1595 2850 1688 2900 καὶ
1711 2848 1836 2918 φλορ

251 2939 465 3005 γώσεσι
517 2941 1072 3011 καταπιμπράμενος,
1109 2943 1207 3010 τῆς
1257 2939 1614 3010 ἐκδεξομένης
1674 2941 1836 2994 αὐτὸν

253 3033 490 3101 γεέννης
545 3033 825 3102 προδήλως
873 3032 972 3101 τὴν
1034 3031 1209 3100 φλόγα
1259 3031 1643 3101 προθεώμενος
1704 3047 1836 3084 κατ-

1933 1846 2044 1900 cris
2072 1846 2312 1900 vestibus
2358 1855 2553 1900 exutos
2597 1845 2857 1900 laicorum
2897 1845 2964 1900 ad
2998 1845 3201 1900 cultum
3236 1845 3345 1901 lata
3389 1848 3508 1921 lege

1934 1939 2174 1993 nefarius
2214 1936 2304 1991 ille
2353 1936 2650 1990 transtulit.
2702 1935 2832 2002 Quae
2854 1951 2986 1991 vero
3013 1937 3079 1990 ad
3116 1937 3374 1992 honorem
3409 1937 3505 1992 Dei

1935 2026 2227 2081 constituta
2265 2035 2422 2080 erant
2450 2026 2800 2091 monasteria,
2834 2039 2898 2079 ea
2953 2025 3009 2078 in
3050 2025 3280 2080 militum
3323 2028 3506 2081 diver-

1935 2118 2074 2172 soria
2103 2125 2436 2186 etequorum
2459 2115 2666 2170 stabula
2697 2123 2752 2170 et
2781 2115 3011 2170 latrinas
3037 2127 3344 2172 stercoreus
3370 2125 3426 2172 et
3471 2133 3503 2172 a

1934 2216 2175 2262 stercore
2205 2207 2619 2276 cOgnominatus
2643 2207 2936 2262 convertit.
2972 2206 3210 2261 Tandem
3243 2221 3364 2261 cum
3383 2222 3504 2262 sce-

1934 2297 2105 2350 lerum
2133 2312 2354 2351 suorum
2389 2306 2444 2350 et
2481 2295 2834 2350 exsecrabilis
2875 2295 3000 2349 vita:
3042 2295 3336 2349 terminum
3374 2296 3502 2367 atti-

1933 2388 2130 2457 gisset,
2191 2397 2471 2440 acutarum
2531 2385 2764 2440 febrium
2821 2387 3105 2440 ardoribus
3159 2394 3502 2453 exaestuans,

1932 2480 2043 2550 9o
2098 2493 2317 2549 geenuae
2362 2477 2638 2541 ﬂammas,
2689 2492 2806 2545 quae
2870 2492 2930 2532 se
2983 2486 3106 2546 post
3145 2477 3310 2531 vitam
3346 2492 3506 2531 exce-

1935 2583 2106 2641 ptura:
2137 2579 2318 2633 erant,
2364 2568 2536 2622 oculis
2566 2568 2891 2636 usurpabat,
2935 2581 2999 2621 ac
3042 2567 3315 2636 pervigilis
3362 2566 3504 2619 illius

1934 2663 2134 2717 vermis
2165 2676 2376 2715 morsus
2414 2659 2812 2729 quodammodo
2861 2657 3154 2721 sentiebat,
3185 2658 3239 2709 in
3277 2656 3502 2709 horren-

1935 2752 2033 2805 dos
2063 2741 2279 2805 assidue
2300 2748 2563 2802 clamores
2591 2762 2653 2800 ac
2686 2747 3030 2802 vehementes
3052 2761 3361 2815 erumpens,
3385 2759 3505 2814 quae

1937 2851 2094 2895 erant
2123 2855 2346 2911 geennze
2384 2841 2626 2908 quaedam
2675 2838 2848 2893 initia.
2887 2837 2992 2891 Tot
3031 2838 3196 2906 igitur
3231 2838 3505 2905 tantisque

1937 2933 2142 2988 deliciis
2163 2933 2542 3001 acquiescens,
2571 2932 2768 3001 quibus
2814 2929 3204 2984 Diocletianum
3243 2938 3298 2982 et
3333 2927 3505 2981 Maxi-

1938 3025 2176 3076 mianum
2238 3022 2365 3075 olim
2436 3023 2759 3075 immortuos
2791 3021 3132 3088 accepimus,
3189 3029 3354 3087 atque
3402 3019 3506 3070 hoc

250 3141 302 3174 ω
315 3124 566 3192 πτρίζετο
591 3126 684 3176 καὶ
707 3123 802 3176 τοῦ
827 3125 1127 3193 ἀκοιμήτου
1153 3121 1434 3191 σκώληκος
1463 3121 1531 3174 τὰ
1555 3121 1828 3192 δήγματα,

1937 3115 2092 3169 modo
2120 3114 2260 3168 male
2285 3115 2500 3184 periens
2533 3113 2707 3168 malus
2725 3114 2813 3167 ille
2839 3113 3163 3182 turpissima:
3193 3110 3504 3165 sceleratis-

257 3216 514 3268 σύντονόν
538 3234 597 3268 τε
636 3217 728 3268 καὶ
762 3216 1134 3286 γεγωνότερον
1177 3213 1384 3267 ἐκϐοῶν
1413 3213 1830 3282 ἐνδελεχέστατα

253 3307 360 3375 τῆς
388 3307 616 3377 γεέννης
641 3307 815 3360 ταῦτα
843 3308 912 3360 τὰ
957 3305 1227 3377 προαύλια
1260 3306 1354 3358 καὶ
1384 3304 1666 3375 προοίμια.
1689 3305 1833 3357 Ταύ-

255 3416 383 3462 ταις
411 3397 503 3453 οῦν
537 3404 630 3453 καὶ
668 3401 960 3462 τοσαύταις
998 3399 1314 3461 εὐπαθείαις
1363 3398 1826 3468 ἐπαναπαυσάμε-

1937 3208 2193 3276 simusque
2224 3207 2349 3259 vitae
2384 3206 2542 3258 linem
2591 3213 2921 3259 consecutus
2955 3213 3061 3264 est,
3107 3203 3267 3256 homo
3300 3201 3504 3255 Christi

1938 3311 2360 3366 sanctorumque
2404 3296 2520 3364 ejus
2559 3295 2800 3350 omnium
2838 3293 3096 3348 inimicus
3136 3302 3298 3360 atque
3333 3292 3503 3346 hostis

1937 3392 2352 3447 infensissimus.
2402 3408 2422 3441 ι

254 3513 350 3556 νος
375 3512 391 3528 ο
425 3495 514 3560 ὑφ’
559 3488 632 3547 ὧν
655 3493 718 3564 δὴ
771 3496 864 3547 καὶ
905 3491 1280 3563 Διοκλητιανόν
1314 3507 1375 3543 τε
1409 3489 1501 3541 καὶ
1532 3488 1876 3559 Μαξιμιανὺν
1917 3483 2365 3545 συντελεσθέντας
2419 3482 2710 3552 ἀκούομεν,
2766 3480 2910 3532 οῦτω
2948 3476 3134 3540 κακῶς
3181 3476 3274 3530 καὶ
3305 3475 3506 3538 ἀθλίως

250 3584 637 3654 ἀπολλύμενος
690 3585 1061 3654 καταστρέφει
1141 3582 1233 3635 τὸν
1284 3577 1564 3649 αἴσχιστόν
1652 3595 1712 3630 τε
1763 3579 1859 3630 καὶ
1897 3577 2161 3630 κάκιστον
2244 3571 2358 3643 βίον
2390 3573 2419 3625 ό
2457 3571 2723 3633 ἄσπονδος
2801 3568 2895 3623 τοῦ
2941 3566 3181 3640 Χριστοῦ
3242 3567 3338 3620 καὶ
3391 3564 3503 3618 τῶν

252 3681 437 3751 ἁγίων
459 3681 624 3734 αὑτοῦ
662 3681 877 3734 πάντων
918 3679 1110 3750 ἐχθρὸς
1155 3678 1249 3731 καὶ
1281 3675 1542 3746 πολέμιος
1582 3672 2034 3744 δυσμενέστατος.
2079 3687 2100 3722 ι
