3940 6170
464 182 568 245 995
1480 182 1541 245 S.
1580 178 1998 247 NICEPHORI
2035 176 2538 239 PATRIARCH/E
2575 177 2682 237 ΟΡ.
3616 168 3735 231 9’36

467 318 3739 361 W

775 490 1119 607 ΤΟΥ
1223 492 1441 605 ΕΝ
1558 488 2183 605 ΑΓΙΟΙΣ
2289 482 3357 603 ΝΙΚΗΦΟΡΟΥ

1048 699 1621 754 ΑΡΧΙΕΠΙΣΚΟΠΟΥ
1654 696 2475 753 ΚΩΝΣΤΑΝΤΙΝΟΥΠΟΛΕΩΣ
2510 698 2633 751 ΚΑΙ
2679 695 3146 750 ΟΜΟΛΟΓΗΤΟΥ

945 861 2139 1000 ΧΡΟΝΟΓΡΑΦΙΑ
2225 861 3206 998 ΣΥΝΤΟΜΟΣ.

1394 1272 1912 1387 SANCTI
2013 1272 2790 1386 NICEPHORI

948 1493 1903 1559 CONSTANTINOPOLITANI
1947 1491 2556 1556 ARCHIEPISCOPI
2596 1493 2700 1553 ET
2742 1493 3277 1558 CONFESSORIS

1068 1680 2415 1812 CHRONOGRAPHIA
2507 1683 3129 1814 BREVIS.

1274 1937 1557 1983 CAROLUS
1589 1935 1741 1981 AUG.
1776 1935 2069 1981 CREDNER
2094 1935 2321 1980 THEOL.
2355 1936 2431 1979 ET
2459 1936 2625 1981 PHIL.
2671 1938 2935 1982 DOCTOR.

1470 2084 1677 2147 (Cissea,
1709 2079 1841 2144 typis
1865 2081 1987 2131 Geo.
2011 2079 2149 2130 Frid.
2180 2080 2386 2143 Heyeri.
2421 2085 2754 2147 κυοωχηιι.)

1798 2422 2419 2517 MONITUM.

562 2785 696 2844 Cum
745 2791 869 2840 ante
903 2778 1119 2850 aliquod
1174 2775 1430 2848 temporis
1465 2775 1700 2847 spatium
1747 2774 1801 2828 in
1827 2772 2237 2844 perscrutandis
2270 2772 2558 2843 Epiphanii
2591 2775 2812 2845 scriptis
2862 2790 3132 2845 versarer,
3211 2780 3499 2851 aliquoties
3550 2785 3624 2840 de
3665 2786 3743 2839 lo-

496 2876 765 2931 ctionibus
816 2870 1158 2943 quibusdam,
1219 2881 1357 2937 quas
1391 2858 1516 2920 libri
1571 2864 1709 2935 typis
1758 2863 2008 2932 impressi
2050 2861 2328 2927 exhibent,
2393 2862 2759 2918 dubitationes
2815 2865 2948 2920 mihi
3018 2865 3227 2934 injecta:
3261 2880 3408 2925 sunt.
3440 2868 3741 2940 Epiphami

498 2963 680 3031 itaque
734 2962 976 3021 codicem
1031 2955 1316 3016 eximium,
1348 2968 1491 3007 anno
1541 2951 1680 3007 1504
1720 2967 1773 3020 p.
1804 2951 1937 3005 Chr.
1970 2966 2026 3004 ιι.
2088 2950 2374 3020 scriptum,
2424 2952 2694 3015 consului,
2732 2954 2823 3022 qui
2871 2954 2995 3009 aliis
3051 2957 3349 3012 rarioribus
3393 2975 3516 3012 cum
3585 2961 3741 3015 libris

501 3050 553 3102 in
585 3047 907 3101 bibliotheca
947 3042 1252 3097 Academiae
1302 3038 1546 3094 lenensis
1592 3046 1923 3092 asservatur.
1952 3036 2070 3093 Una
2093 3052 2216 3091 cum
2242 3038 2343 3092 hoc
2401 3038 2591 3093 codice
2641 3039 2696 3093 in
2753 3055 2945 3095 manus
3005 3043 3196 3096 incidit
3252 3060 3401 3100 meas
3449 3046 3737 3115 Nicep’ta.‘i

502 3132 857 3199 Chronologia
890 3129 1075 3192 brevis,
1108 3140 1228 3196 quae
1287 3126 1475 3188 nitide,
1500 3123 1592 3177 sed
1632 3138 1660 3175 a
1717 3123 2019 3176 recentiore
2066 3138 2229 3182 trianu
2286 3126 2514 3193 scripta,
2544 3128 2596 3180 in
2646 3125 2754 3181 ﬁne
2801 3127 3041 3197 ejusdem
3088 3131 3293 3185 codicis
3344 3133 3565 3202 legitur.
3596 3133 3739 3187 Inest

503 3219 663 3273 rebus
710 3217 864 3270 novis
911 3225 1074 3283 atque
1109 3211 1423 3281 inapinatis,
1457 3211 1643 3265 nescio
1684 3208 1813 3276 quid
1869 3210 2012 3275 quod
2074 3209 2322 3265 homines
2379 3212 2581 3266 alliciat
2627 3221 2790 3281 atque
2848 3215 3180 3270 curiosiores
3227 3216 3439 3271 reddat.
3489 3218 3627 3273 Hinc
3684 3231 3737 3273 et

503 3308 619 3375 ipse
665 3302 1026 3370 cognoscendi
1061 3300 1241 3354 studio
1267 3313 1531 3354 accensus
1566 3296 1852 3366 Nicephori
1878 3295 2172 3352 editionem
2213 3299 2566 3355 novissimam
2622 3316 2748 3355 cum
2802 3302 2990 3356 codice
3040 3302 3251 3358 leuensi
3298 3306 3531 3372 contuli,
3575 3324 3732 3376 quem

503 3407 623 3446 mox
662 3389 828 3442 multo
872 3399 926 3442 et
953 3386 1247 3457 pleniorem
1279 3394 1336 3440 et
1370 3385 1801 3453 prmstantiorem
1834 3383 2082 3452 cognovi.
2117 3381 2504 3452 Saepenumero
2543 3399 2676 3439 cum
2708 3388 3196 3443 animadverterem
3245 3391 3490 3446 codicem
3536 3391 3731 3448 lenen-

509 3492 621 3533 sem
652 3475 904 3530 comitem
935 3473 1037 3528 sibi
1074 3473 1270 3527 habere
1306 3472 1610 3526 versionem
1640 3469 1927 3540 Nicephori
1977 3469 2247 3534 Latinam,
2279 3486 2309 3524 a
2351 3471 2662 3527 Camerario
2693 3473 3019 3539 confectam,
3052 3477 3191 3531 hanc
3219 3477 3393 3546 ipsam
3445 3479 3728 3534 admotam

504 3564 813 3620 accuratius
839 3559 1046 3628 inspexi
1073 3576 1087 3625 ;
1119 3574 1225 3629 quo
1260 3558 1401 3613 facto
1424 3558 1719 3611 Camerarii
1743 3557 1976 3611 versioni
1999 3557 2236 3612 codicem
2270 3556 2546 3615 lenensem
2575 3560 2743 3616 fuisse
2771 3576 2866 3631 pro
2892 3561 3057 3617 fundo
3086 3579 3214 3621 mox
3244 3579 3341 3633 pro
3373 3577 3527 3620 certo
3552 3569 3731 3621 habui.

505 3655 581 3709 Ita
615 3653 761 3707 enim
791 3651 1063 3719 interpres
1101 3649 1238 3718 ipse,
1275 3649 1326 3701 in
1352 3648 1613 3715 protentio
1641 3647 1760 3699 libri
1792 3646 1878 3700 cui
1916 3644 2104 3700 titulus
2139 3660 2154 3695 :
2206 3643 2558 3715 Chronologia
2606 3650 2893 3700 secundum
2925 3646 3231 3702 Grca-orum
3292 3652 3555 3705 rationem
3601 3666 3731 3707 teni-

504 3741 715 3807 poribus
732 3741 1004 3810 expositis,
1030 3749 1239 3791 auctore
1269 3736 1568 3803 Nicephoro
1587 3735 1974 3804 archiepiscopo
2000 3731 2501 3796 ConstantinOpolis,
2515 3747 2761 3785 conversa
2789 3734 2843 3785 in
2863 3748 3151 3788 sermonem
3176 3735 3425 3789 Latinum
3446 3740 3510 3791 de
3527 3737 3731 3804 (Imm,

504 3838 552 3882 et
586 3827 848 3894 explicata
872 3844 903 3880 a
930 3824 1210 3879 Joarlu'mo
1240 3823 1543 3878 Camerario
1576 3820 1976 3890 Pabepergemi,
2007 3834 2243 3887 nuncque
2262 3818 2489 3885 primum
2506 3819 2667 3871 edita.
2697 3819 2894 3873 Addita
2922 3829 3022 3882 est,
3056 3831 3163 3876 etc.
3194 3821 3422 3878 Basilew
3447 3842 3539 3889 per
3563 3826 3735 3879 Joan-

507 3930 621 3969 nem
654 3912 943 3982 Oporinur'n
975 3911 1051 3983 (in
1085 3914 1189 3965 line
1217 3929 1231 3965 :
1267 3910 1416 3964 Anno
1444 3909 1631 3963 salutis
1661 3911 1905 3962 humanae
1948 3904 2203 3969 MDLXI,
2227 3921 2398 3958 meme
2423 3904 2735 3977 Januario),
2769 3923 2822 3976 p.
2859 3908 2924 3961 17
2956 3924 2973 3960 :
3008 3927 3028 3960 ι
3068 3908 3233 3964 lucidi
3258 3913 3310 3963 in
3359 3913 3730 3982 χρονολογίιν,

514 4002 599 4055 cui
644 3999 1019 4069 praescriptum
1055 4006 1200 4053 esset
1224 3998 1462 4051 auctoris
1491 4012 1683 4051 nomen
1731 3993 2019 4063 Nicephori
2049 3995 2286 4063 episcopi
2309 3993 2830 4065 Constantinopolis,
2885 4005 3165 4050 exaratam
3217 3997 3364 4052 illam
3404 4001 3625 4069 quidem
3680 4004 3729 4055 in

515 4088 703 4156 paucis
725 4088 957 4151 chartis,
994 4101 1113 4154 quae
1149 4093 1335 4151 essent
1355 4086 1689 4137 concinnatae
1718 4098 1840 4138 cum
1879 4097 2041 4150 opere
2074 4082 2377 4153 Epiphunii,
2412 4083 2481 4138 de
2514 4098 2620 4152 quo
2650 4084 2881 4139 eximius
2910 4084 3215 4154 Tbeologus
3244 4085 3479 4140 Joannes
3514 4089 3725 4160 Langns

509 4175 879 4246 typ'ograpbis,
908 4183 967 4226 ut
995 4171 1389 4242 exprimeretur
1414 4169 1568 4235 illud,
1604 4171 1831 4241 benigne
1868 4171 2310 4225 accommodavit.
2334 4169 2468 4224 Cum
2500 4181 2681 4225 autem
2713 4171 2834 4235 hoc,
2865 4187 2962 4242 pro
3009 4173 3179 4227 veteri
3207 4174 3607 4229 necessitudine
3633 4194 3732 4230 no-

518 4274 655 4327 stra,
681 4272 810 4315 tunc
832 4274 1044 4328 quoque
1065 4273 1321 4327 perquam
1364 4253 1708 4310 [arniliariter
1741 4258 1815 4310 uti
1848 4258 2252 4325 concederetur,
2288 4260 2403 4313 viro
2435 4275 2540 4314 non
2563 4261 2719 4315 modo
2746 4262 3005 4330 dignitate
3031 4271 3087 4316 et
3109 4263 3372 4324 doctrina.
3415 4266 3511 4317 sed
3537 4264 3730 4318 ιιιιιιιςι-

511 4354 681 4404 nitate
720 4349 882 4403 etiam
921 4355 1244 4415 praestante,
1286 4344 1614 4410 sumpsimus
1642 4345 1709 4398 ab
1744 4345 1860 4412 ipso
1887 4355 1941 4400 et
1970 4346 2112 4401 hunc
2148 4345 2365 4412 librum,
2390 4355 2443 4401 et
2472 4348 2607 4402 alios
2627 4349 2954 4417 complures,
2990 4364 3219 4418 quorum
3248 4349 3483 4405 lectione
3522 4367 3732 4406 recrea-

510 4454 632 4493 mur
665 4439 718 4492 in
751 4437 840 4491 illo
874 4445 1060 4489 nostro
1082 4436 1213 4488 satis
1245 4434 1521 4503 itcgotioso
1558 4444 1611 4488 et
1635 4433 1855 4488 minime
1886 4434 2068 4502 quieto
2089 4434 2200 4487 otio
2233 4450 2247 4486 :
2276 4444 2329 4487 et
2361 4449 2502 4498 eam,
2531 4449 2690 4515 quam
2706 4436 2815 4489 dixi
2858 4435 3227 4505 χρονολογίαν,
3260 4451 3383 4490 cum
3422 4438 3732 4491 describere

509 4528 672 4579 etiam
712 4523 994 4594 cmpisscm
1020 4521 1210 4576 Latina
1237 4522 1482 4576 oratione
1514 4522 1790 4583 vertendo,
1829 4520 2154 4590 deprehendi
2193 4520 2356 4573 multa
2389 4530 2441 4573 et
2476 4522 2718 4575 auctoris
2749 4532 2805 4576 et
2833 4523 3040 4577 librarii
3065 4533 3267 4577 errata.
3287 4522 3511 4579 Perrexi
3534 4533 3730 4586 tamen.

513 4620 568 4664 ut
599 4624 889 4677 creperum.
926 4608 990 4663 Et
1040 4619 1223 4677 postea
1260 4606 1529 4662 multisde
1550 4608 1730 4662 causis
1775 4607 2076 4661 faciendum
2110 4622 2231 4662 esse
2268 4608 2417 4673 duxi,
2454 4619 2513 4662 ut
2556 4609 2670 4664 base
2710 4610 2851 4679 ipsa,
2885 4626 3059 4680 neque
3109 4622 3353 4665 correcta
3387 4613 3522 4666 satis
3565 4626 3733 4676 neque.

512 4696 775 4766 explicata
810 4696 1030 4759 diserte,
1064 4694 1328 4764 exemplis
1362 4703 1540 4748 tamen
1571 4691 1940 4762 compluribus
1968 4708 2244 4763 expressa,
2279 4697 2570 4751 emittenda
2600 4711 2869 4752 curarem.
2916 4717 2935 4748 ι
2972 4698 3351 4767 Acquisiverat
3397 4709 3583 4766 postea
3630 4700 3731 4753 sibi

513 4784 763 4836 eumdem
794 4781 1058 4849 codicem,
1093 4783 1277 4836 nescio
1307 4796 1409 4849 qua
1431 4782 1540 4844 via,
1579 4778 1663 4835 Jo.
1689 4779 1856 4834 Andr.
1889 4779 2045 4844 Bose,
2071 4780 2345 4848 professor
2370 4782 2629 4846 lenensis,
2662 4784 2753 4853 qui
2790 4784 2842 4837 in
2874 4784 3104 4853 epistola
3141 4799 3284 4838 anno
3307 4784 3448 4839 l655
3475 4786 3542 4838 ad
3576 4783 3637 4837 V.
3671 4785 3729 4837 Ι).

514 4868 774 4923 Thomam
808 4868 1120 4924 Reinesium
1153 4869 1301 4931 data,
1336 4869 1401 4922 de
1424 4882 1490 4920 eo
1519 4866 1633 4920 haec
1659 4865 1915 4919 disseruit
1946 4865 2021 4934 (ι)
2059 4883 2075 4919 :
2114 4884 2133 4917 ι
2176 4866 2384 4924 Paucos
2412 4881 2540 4922 ante
2573 4870 2689 4924 dies
2718 4870 2772 4923 in
2831 4886 3025 4926 manus
3070 4886 3219 4926 meas
3244 4873 3396 4926 venit
3431 4887 3554 4926 cum
3610 4871 3730 4941 Epi—

518 4958 714 5027 pbanio
753 4973 853 5012 ms.
888 4956 1177 5026 Nicephori
1236 4955 1638 5024 Chronologia,
1664 4969 1693 5007 a
1749 4952 2113 5021 Scaligeriana
2178 4953 2416 5009 editione
2475 4956 2614 5010 haud
2666 4970 2854 5025 parum
2906 4957 3243 5026 discrepans,
3278 4974 3401 5011 cum
3440 4959 3584 5025 aliis,
3625 4969 3731 5012 tum

515 5045 817 5113 praesertim
857 5045 1101 5098 numeris
1130 5058 1413 5098 annorum.
1451 5042 1697 5111 Suppleri
1736 5041 1861 5094 hinc
1891 5048 1943 5094 et
1993 5039 2196 5093 lacunae
2225 5049 2613 5107 possunt,qu:e
2643 5042 2780 5109 apud
2805 5042 3139 5111 Scaligerum
3195 5044 3486 5097 habentur.
3514 5044 3608 5098 Est
3647 5060 3736 5096 au-

517 5144 623 5184 tem
658 5132 704 5186 is
742 5133 933 5198 codex,
966 5147 1074 5201 quo
1099 5130 1479 5184 Melancbtbon
1514 5138 1569 5181 et
1598 5127 1947 5182 Camerarius
1968 5126 2225 5181 beneﬁcio
2249 5127 2469 5183 Joannis
2520 5128 2706 5199 Langii
2739 5132 2818 5184 usi
2848 5142 2975 5183 sunt
3024 5149 3038 5185 :
3068 5133 3224 5198 cujus
3257 5141 3313 5186 et
3368 5147 3564 5187 nomen
3603 5148 3731 5200 pra:-

517 5221 777 5288 srriptnm
809 5219 992 5273 habet.
1029 5236 1049 5270 ι
1071 5216 1174 5283 Qui
1211 5217 1426 5285 quidem
1463 5217 1656 5279 codex,
1695 5213 1976 5284 Epiphanii
1999 5229 2162 5284 opera
2190 5232 2293 5270 non
2319 5218 2521 5279 omnia,
2554 5219 2649 5271 sed
2679 5217 3038 5286 posteriorem
3069 5228 3275 5273 tantum
3301 5223 3628 5288 scriptorum
3652 5233 3737 5287 ge-

518 5308 805 5359 nuinorum
833 5315 1042 5374 partem
1076 5305 1383 5369 continens,
1421 5312 1605 5372 postea
1630 5317 1736 5355 una
1771 5316 1893 5355 cum
1925 5301 2078 5356 libris
2108 5301 2333 5369 Buderi,
2371 5304 2423 5357 in
2451 5303 2833 5359 bibliothecam
2861 5305 3239 5361 Academicam
3288 5306 3507 5360 delatus
3533 5318 3631 5361 est.

588 5482 661 5547 (l)
692 5480 911 5532 'l‘boma:
949 5478 1184 5531 Reinesii
1212 5486 1264 5530 ct
1297 5475 1378 5530 ιο.
1421 5474 1789 5547 ΛιιιιιῄτνΒοςίἰ,
1819 5474 2057 5547 virorum
2096 5475 2570 5531 celeberrimorum
2624 5474 2878 5546 Epistolas
2914 5485 3131 5539 mutuae,
3185 5484 3318 5541 etc.,
3373 5475 3601 5543 publica:
3635 5474 3737 5531 luci

520 5545 609 5600 dai
639 5545 722 5600 Jo.
755 5550 920 5602 Andr.
947 5549 1285 5601 Sclnuidcus.
1322 5548 1480 5610 lenm,
1518 5546 1677 5607 1700,
1712 5561 1762 5613 ν.
1801 5545 1895 5598 5-.il
1924 5560 1969 5599 s.
