3894 6164
225 211 338 274 9η
1112 214 1774 277 CHRONOGRAPHIA
1812 213 2113 277 BREVIS.
2151 238 2221 250 -
2257 212 2645 276 MONITUM.
3401 219 3507 279 998

305 326 725 393 Comparatione
763 304 1105 399 diligentiore
1136 328 1281 381 hunc
1314 327 1455 382 inter
1486 325 1773 396 Nicephori
1795 327 2040 383 codicem
2058 334 2115 383 et
2142 326 2443 383 Gamerarii
2466 325 2776 382 versionem
2797 322 3050 379 Latinam
3089 323 3335 381 instituta
3371 329 3509 385 edo-

229 424 358 472 ctus
379 429 521 480 sum,
548 413 617 467 ab
652 415 953 484 interprete
983 416 1147 470 tacite
1179 414 1281 469 alia
1306 428 1407 484 pro
1430 414 1682 479 arbitrio,
1715 416 2040 470 emendandi
2089 416 2290 479 studio,
2323 431 2445 471 esse
2491 423 2722 478 mutata,
2753 412 2858 467 alia
2903 412 3172 468 extricatu
3201 413 3506 474 diﬂlciliora

224 517 462 573 prorsus
493 501 733 566 omissa;
765 516 886 557 cum
922 510 976 557 et
1007 517 1272 556 annorum
1303 503 1511 557 numeri
1558 516 1700 571 saepe
1731 502 1922 555 mutati
1965 503 2334 568 inveniantur,
2358 514 2413 555 et
2478 499 2839 556 Valentiniani
2867 498 3181 569 genealogia
3228 512 3394 571 atque
3437 504 3506 558 li-

224 591 458 645 brorum
484 589 782 658 Scriptum
809 605 976 644 sacra!
1008 592 1061 643 in
1098 591 1204 644 line
1227 590 1471 659 opusculi
1509 590 1883 643 stichometria
1915 589 1968 642 in
2012 587 2313 645 Gamerarii
2380 590 2634 643 versione
2683 588 3084 643 desiderentur.
3139 588 3504 647 Nihilominus

231 680 307 733 ad
334 679 491 733 iidem
526 677 688 744 huius
750 680 891 748 typis
917 678 1112 747 saepius
1147 678 1429 746 impressa
1470 677 1757 740 versionis,
1795 691 1914 745 quae
1946 689 2026 734 tot
2056 678 2203 733 vitiis
2256 679 2493 739 laborat,
2528 678 2869 733 recentiores
2909 680 3200 745 editiones,
3260 681 3503 749 exceptis

225 763 650 837 Scaligerianis,
685 781 877 821 omnes
907 767 1246 834 prodierunt,
1286 767 1428 819 unde
1464 765 1597 833 ipsis
1630 765 1856 819 multum
1875 775 2095 820 enatam
2129 774 2214 820 est
2244 765 2580 821 detrimenti.

309 854 458 907 llaud
480 854 632 922 parvi
666 866 847 908 autem
881 853 1145 908 momenti
1168 862 1252 908 est
1273 837 1573 915 Camerarii
1599 854 1803 915 versio,
1837 854 2048 907 codicis
2092 852 2339 908 lenensis
2383 854 2598 908 ratione
2655 854 2858 909 habita.
2885 854 3033 909 Folia
3090 855 3236 910 enim
3292 854 3497 917 omnia,

219 944 426 1012 quibus
456 940 800 1011 Nirepliorus
831 942 884 994 in
912 941 1015 996 boc
1049 942 1236 996 codice
1260 943 1595 1006 continetur,
1657 950 1911 1010 c0rrupta
1940 949 2064 995 sunt
2118 941 2326 994 macula
2367 942 2626 1010 quadam,
2661 941 2818 1011 cujus
2863 944 2916 996 in
2968 944 3198 1005 ambitu,
3227 942 3501 1013 juglandis

223 1044 443 1099 magum
495 1027 724 1083 formam
784 1030 1004 1083 circiter
1035 1037 1377 1098 exa'quante,
1406 1029 1709 1084 litterarum
1765 1034 1959 1083 ductus
1995 1030 2191 1096 partim
2223 1044 2448 1099 prorsus
2491 1030 2677 1094 deleti,
2703 1031 2902 1099 partim
2958 1030 3268 1101 pallidiores
3303 1032 3498 1086 redditi

222 1128 389 1182 sunt;
425 1131 526 1184 qua
555 1117 772 1184 quidem
804 1117 1015 1170 macula
1045 1117 1285 1172 codicem
1318 1116 1616 1171 Canterarii
1647 1127 1890 1185 tempore
1918 1131 2142 1171 vacasse
2194 1118 2362 1171 certis
2392 1117 2610 1172 indiciis
2647 1118 2930 1187 probatur.
2960 1118 3100 1173 Hinc
3156 1119 3216 1173 llt
3246 1129 3307 1174 ut
3358 1135 3498 1174 nou-

222 1207 393 1259 nullis
420 1206 470 1258 iu
510 1205 642 1259 locis
683 1203 974 1274 Nicephori
1009 1214 1188 1259 textus
1229 1205 1444 1260 nonnisi
1497 1203 1658 1274 lmjus
1696 1204 1963 1259 versionis
1989 1219 2091 1274 ope
2123 1214 2272 1260 recte
2302 1205 2402 1275 legi
2431 1207 2622 1274 possit.

301 1294 507 1361 Quibus
537 1296 792 1349 omnibus
814 1305 1067 1350 accurate
1106 1297 1426 1363 perspectis,
1455 1295 1687 1349 editoris
1717 1294 2094 1362 Chronologiae
2117 1293 2280 1360 hujus
2301 1305 2485 1362 partes
2512 1303 2569 1347 ut
2599 1295 2653 1348 in
2688 1309 2776 1350 me
2807 1296 3143 1364 susciperem
3173 1294 3369 1366 trtplex
3396 1312 3497 1367 po-

224 1384 505 1438 tissimum
543 1397 705 1437 causa
734 1398 821 1436 me
858 1384 1091 1450 impulit.
1123 1381 1302 1437 Causa
1332 1383 1510 1451 prima
1545 1392 1726 1435 textus
1760 1382 1812 1435 in
1843 1384 2029 1435 codice
2074 1381 2290 1436 lenensi
2319 1398 2349 1437 e
2380 1383 2719 1452 praestantia,
2755 1383 2929 1438 altera
2961 1398 2992 1437 e
3015 1394 3197 1439 textus
3228 1387 3496 1457 typisim-

219 1472 404 1539 pressi
438 1469 635 1523 misera
665 1469 1003 1533 conditione,
1031 1470 1189 1524 tertia
1219 1470 1453 1537 denique
1478 1484 1544 1522 ex
1579 1466 1772 1540 operis’
1792 1468 2027 1523 utilitate
2065 1469 2291 1539 repetita
2322 1479 2427 1525 est.

300 1557 379 1612 De
409 1566 589 1612 textus
617 1555 671 1610 in
706 1557 892 1611 codice
926 1557 1143 1610 leuensi
1178 1555 1398 1609 latentis
1429 1556 1688 1626 singulari
1727 1559 2064 1625 praestantia,
2091 1573 2254 1628 quam
2289 1568 2471 1613 textus
2498 1558 2626 1613 novi
2658 1572 2686 1612 a
2726 1557 2882 1614 nobis
2946 1560 3225 1615 constituti
3282 1559 3494 1616 indoles

218 1646 365 1699 satis
385 1658 659 1713 superque
689 1644 1046 1711 comprobare
1079 1643 1271 1712 possit,
1309 1658 1416 1696 non
1447 1655 1550 1707 est,
1587 1645 1728 1711 quod
1760 1642 2007 1712 pluribus
2040 1645 2238 1699 dicam.
2274 1642 2441 1698 Multa
2482 1645 2728 1714 profecto
2755 1645 2810 1700 in
2848 1648 3038 1701 codice
3099 1647 3304 1703 lenensi
3335 1647 3494 1702 inve-

218 1734 475 1797 niuntur,
542 1746 662 1800 quae
718 1731 871 1797 alibi,
927 1741 983 1785 et
1035 1730 1341 1786 scribarum
1395 1739 1451 1785 et
1509 1718 1780 1785 editorum
1830 1730 2051 1787 levitate
2107 1741 2273 1802 atque
2326 1732 2677 1803 negligentia,
2714 1742 2809 1787 aut
2853 1748 2960 1787 non
3021 1743 3171 1789 recte
3212 1734 3361 1790 dicta
3398 1745 3519 1791 autv

215 1821 429 1875 omissa
463 1829 610 1874 sunt.

296 1931 499 1988 Textus
529 1932 669 2004 typis
693 1931 940 2000 impressi
977 1931 1204 1987 historia
1245 1942 1467 2003 propter
1487 1932 1757 1987 editorum
1790 1931 2057 1988 incuriam
2096 1931 2241 1986 haud
2275 1931 2466 2002 paucis
2509 1929 2920 1989 diﬂicultatibus
2946 1940 3033 1990 est
3057 1933 3342 2004 implicita.
3368 1934 3486 1991 Jam

214 2022 371 2074 circa
407 2037 606 2074 annum
629 2018 737 2074 872
756 2020 1074 2075 Anastasius
1114 2021 1356 2088 quidam,
1382 2021 1668 2091 presbyter
1699 2018 1889 2075 Romae
1917 2032 1971 2075 et
1997 2019 2465 2084 bibliothecarius,
2496 2015 2792 2089 Nicephori
2850 2018 3297 2093 Chronologiam,
3321 2039 3485 2095 quam

215 2107 475 2162 Latinam
508 2116 768 2174 verterat,
807 2108 1058 2162 Historiae
1089 2124 1202 2164 sua:
1235 2110 1521 2177 tripertitae
1549 2110 1801 2165 inseruit.
1834 2107 2007 2178 Hujus
2030 2107 2304 2161 Anastasii
2338 2106 2505 2161 libelli
2549 2107 2814 2174 codicem,
2852 2107 2996 2164 haud
3022 2110 3192 2166 multo
3218 2122 3342 2181 post
3373 2114 3491 2167 edi—

218 2207 339 2249 tam
374 2210 403 2249 a
430 2196 749 2252 Camerario
776 2195 1067 2264 Nicephori
1092 2196 1421 2258 versionem,
1446 2207 1640 2251 nactus
1662 2206 1747 2251 est
1769 2194 2040 2251 Antonius
2087 2194 2336 2249 Contius.
2366 2192 2506 2248 Hinc
2536 2194 2589 2249 in
2629 2193 2805 2249 lucem
2842 2196 3044 2264 prodiit
3073 2214 3089 2252 :
3131 2196 3487 2269 Cltronotogia

214 2285 490 2346 tripartito
521 2299 587 2337 ea:
617 2284 768 2339 beato
800 2282 1099 2353 Nicephoro
1127 2281 1737 2354 Constantinopolitano,
1767 2286 1824 2338 in
1852 2283 2101 2338 Latinum
2119 2282 2248 2336 olim
2282 2297 2530 2337 conversa
2561 2297 2654 2350 per
2690 2281 3035 2337 Anastasium
3092 2285 3232 2339 sedis
3273 2299 3490 2356 aposto-

215 2374 341 2426 lica:
393 2370 870 2438 bibliothecarium,
901 2381 947 2427 et
994 2380 1118 2424 ante
1166 2370 1367 2442 aliquot
1419 2387 1586 2426 annos
1623 2388 1717 2441 per
1767 2370 2110 2424 Joachimum
2164 2369 2552 2436 Camerarium,
2593 2384 2732 2423 nunc
2760 2385 2877 2424 vero
2916 2371 2986 2424 ad
3022 2370 3182 2440 ﬁdem
3212 2374 3487 2428 Anastasii

214 2460 538 2527 exemplaris
565 2460 841 2514 emendata
865 2471 913 2515 et
948 2461 1086 2514 notis
1121 2460 1393 2515 illustrata
1416 2477 1509 2528 per
1543 2461 1830 2516 Antonium
1869 2449 2139 2515 Cantium;
2178 2455 2358 2511 Paris.
2402 2457 2565 2523 1575,
2593 2457 2648 2511 4.
2702 2456 2886 2513 Contii
2924 2458 3014 2513 hic
3044 2459 3260 2516 libellus
3292 2463 3486 2517 deinde

216 2551 424 2615 sacpius
453 2548 739 2618 repetitus,
776 2548 830 2602 in
858 2548 1220 2603 bibliothecas
1277 2563 1517 2617 quoque,
1548 2563 1686 2618 quas
1716 2548 1903 2604 dicunt
1951 2544 2196 2610 Patrum,
2233 2554 2488 2615 receptus
2535 2550 2641 2601 est.
2679 2543 2793 2599 Hac
2836 2543 3130 2615 Nicephori
3166 2548 3337 2602 nostri
3370 2551 3484 2601 edi-

219 2636 370 2689 tione
401 2634 710 2689 accuratius
736 2635 1068 2715 examinata,
1099 2634 1374 2691 Anastasii
1406 2635 1714 2691 versionem
1767 2633 1986 2689 nonnisi
2045 2647 2217 2702 usque
2253 2633 2321 2687 ad
2371 2635 2759 2702 imperatorem
2811 2632 3095 2689 C0llSlalll.
3139 2632 3482 2702 Michaelem,

216 2719 518 2776 Theodorae
546 2722 735 2786 tilium,
773 2721 1134 2777 aCamerario
1168 2722 1462 2786 seclusum,
1489 2722 1820 2794 pertinuisse
1852 2721 2113 2777 intellexi.
2134 2719 2264 2787 Quae
2279 2737 2585 2793 sequuntur
2611 2721 2795 2777 omnia
2823 2720 3124 2777 Camerarii
3167 2739 3199 2779 e
3231 2724 3485 2782 versione

213 2825 246 2863 a
278 2808 470 2864 Contio
493 2807 764 2885 descripta
800 2818 963 2879 atque
1004 2809 1092 2865 hic
1132 2809 1243 2864 illic
1291 2824 1389 2881 pro
1414 2809 1644 2865 arbitrio
1668 2817 1896 2874 mutata,
1930 2808 2065 2872 sive,
2090 2816 2150 2861 ut
2178 2810 2389 2869 volunt,
2422 2809 2705 2861 emendata
2760 2818 2907 2863 sunt.
2938 2808 3144 2865 Desunt
3203 2811 3372 2882 igitur
3430 2816 3481 2867 in

210 2894 393 2950 Contii
416 2896 695 2962 editione,
723 2896 1178 2963 quemadmodum
1209 2897 1348 2965 apud
1379 2894 2157 2967 Camerarium,_Valentiniani
2196 2894 2543 2964 chronologia
2567 2904 2622 2949 et
2650 2895 2914 2951 librorum
2943 2897 3266 2954 biblicorum
3298 2900 3352 2955 in
3379 2901 3483 2958 line

208 2986 400 3057 operis
415 2985 811 3057 stichometria,
830 3000 931 3040 nec
943 2993 1066 3055 post
1078 2985 1461 3055 imperatorem
1478 2986 1791 3042 Michaelem
1812 2986 1951 3057 apud
1964 2985 2215 3040 Contium
2233 2984 2440 3040 codicis
2455 2984 2729 3039 Anastasii
2750 2987 2954 3042 mentio
2974 2989 3203 3057 amplius
3218 2987 3357 3043 facta
3377 3000 3481 3044 est.

289 3071 504 3127 Lustris
528 3081 649 3141 post
676 3071 854 3128 Gontii
884 3073 1114 3142 primam
1136 3072 1426 3129 editionem
1460 3074 1824 3145 praeterlapsis
1862 3073 2035 3129 ferme
2063 3087 2180 3139 sex,
2215 3070 2465 3127 Graecum
2529 3072 2819 3141 Nicephori
2865 3084 3072 3129 textum
3121 3078 3301 3146 primo
3340 3079 3483 3149 typis

211 3161 639 3231 imprimeudum
672 3162 880 3216 curavit
901 3158 1176 3230 Josephus
1238 3159 1504 3232 Scaliger,
1547 3163 1599 3215 in
1629 3161 1901 3216 Thesauro
1932 3171 2250 3232 temporum.
2290 3160 2459 3232 Lugd.
2494 3161 2614 3216 Bat.
2641 3161 2801 3216 1606.
2827 3162 2932 3218 Sed
2967 3180 3096 3218 usus
3120 3175 3205 3218 est
3238 3165 3483 3236 Scaliger

210 3250 423 3321 pejoris
446 3262 589 3305 nota:
608 3251 815 3316 codice,
849 3251 917 3306 ad
951 3253 1094 3319 quod
1120 3251 1333 3305 accedit
1364 3251 1479 3319 viri
1504 3249 1748 3318 ejusdem
1769 3252 1822 3305 in
1847 3249 2075 3306 edendis
2100 3259 2343 3305 veterum
2373 3261 2659 3305 auctorum
2689 3251 2910 3321 scriptis
2937 3253 3231 3307 festinatio.
3259 3253 3317 3308 ln
3350 3252 3482 3310 Sca-

208 3338 373 3410 ligeri
402 3338 644 3394 editione
673 3354 820 3394 nunc
884 3339 1104 3407 integrae
1134 3337 1291 3393 lineae
1323 3341 1726 3407 praetermissae,
1771 3354 1914 3394 nunc
1976 3337 2184 3394 codicis
2204 3336 2417 3393 lacunae
2452 3351 2552 3409 pro
2583 3337 2812 3394 arbitrio
2838 3339 3090 3410 expletac,
3125 3357 3270 3396 nunc
3301 3348 3481 3398 textus
3546 3359 3553 3369 ‘

208 3429 337 3500 ipse
375 3443 517 3483 vano
544 3428 871 3483 emendandi
899 3427 1078 3483 studio
1105 3426 1329 3482 omnino
1368 3434 1659 3497 corruptus
1679 3435 1782 3482 est.

292 3542 370 3597 Ex
402 3542 490 3601 bis
518 3540 715 3597 talibus
743 3540 1079 3607 editjohibus
1105 3536 1431 3605 Camerarii,
1456 3537 1657 3604 Contii,
1684 3536 1968 3607 Scaligeri,
1987 3551 2184 3592 novum
2217 3547 2426 3593 textum
2461 3536 2711 3594 Graecum
2742 3537 3080 3594 constituere
3124 3549 3356 3595 conatus
3400 3551 3485 3596 est

210 3628 457 3687 Jacobns
479 3629 648 3694 Gnar,
674 3629 740 3684 ad
771 3627 976 3683 calcem
1007 3625 1224 3696 Georgii
1258 3624 1521 3695 Syncelli,
1548 3625 1599 3679 in
1621 3625 1759 3680 libro
1782 3626 2048 3692 inscripto
2075 3638 2090 3678 :
2117 3623 2335 3694 Georgii
2354 3627 2601 3679 monachi
2624 3636 2671 3679 et
2704 3623 2766 3680 S.
2800 3624 2866 3679 P.
2896 3624 2968 3679 Ν.
3003 3625 3214 3681 Tarasii
3242 3631 3483 3697 patriar-

208 3717 349 3774 chae.
382 3713 499 3771 ΟΡ.
541 3715 808 3783 quondam
857 3713 1093 3785 Syneetti
1154 3710 1615 3783 Chronographia,
1663 3710 1729 3766 ab
1782 3712 1989 3768 Artamo
2033 3729 2197 3784 usque
2223 3712 2292 3766 ad
2345 3712 2754 3767 Diocletianum.
2797 3711 2865 3766 Et
2909 3712 3202 3782 Nicephori
3240 3718 3481 3784 patriar-

212 3803 337 3867 chae
381 3798 496 3857 ΟΡ.
529 3800 858 3863 Breviarium
914 3800 1442 3871 chronographicum,
1469 3800 1536 3853 ab
1581 3800 1786 3853 Adamo
1842 3801 1912 3854 ad
1946 3800 2224 3855 Michaelis
2263 3812 2312 3854 et
2363 3800 2478 3870 ejus
2517 3798 2583 3853 F.
2615 3799 2884 3865 Theophili
2914 3810 3268 3870 tempora.—
3321 3802 3483 3857 Nice-

209 3889 379 3960 phori
410 3888 743 3942 Breviarium
789 3888 861 3942 ad
885 3888 1062 3943 varias
1091 3888 1342 3942 editiones
1389 3888 1726 3941 recensitum.
1763 3916 1836 3929 —
1871 3914 1942 3927 —-
1973 3884 2117 3941 Cura
2148 3896 2196 3939 et
2232 3886 2409 3940 studio
2434 3884 2704 3939 P.Jacobi
2759 3882 2905 3938 Goar
2927 3886 3131 3939 ordinis
3155 3885 3486 3944 Praedicato-

213 3990 341 4030 rttm
364 3973 1123 4046 congregationisReformata:
1143 3973 1329 4028 Sancti
1349 3971 1892 4038 Ludovici.Parisiis,
1915 3971 2176 4030 MDCLII.
2213 3972 2680 4039 Quemadmodum
2708 3973 2759 4025 in
2787 3973 2945 4026 titulo
2965 3973 3121 4043 ipso,»
3141 3974 3216 4029 ita
3247 3976 3483 4029 etiamin

209 4064 693 4131 emendationibus
719 4073 775 4118 et
800 4063 1243 4119 adnotationibus
1288 4063 1366 4136 (2)
1397 4060 1676 4131 professus
1704 4071 1789 4117 est
1815 4060 1982 4126 Goar,
2009 4058 2300 4128 Nicephori
2337 4068 2539 4112 textum
2565 4058 2781 4112 nonnisi
2813 4059 2878 4111 ad
2905 4058 3176 4115 editiones
3203 4076 3232 4114 a
3256 4074 3316 4115 se
3358 4076 3484 4117 esse

206 4151 572 4206 recensitum.
623 4149 903 4222 Ejusmodi
964 4150 1329 4207 subsidiornm
1398 4150 1600 4205 auxilio
1649 4149 1778 4220 quid
1835 4149 2086 4221 praestari
2135 4148 2352 4218 possit,
2413 4146 2644 4201 lectores
2691 4145 2936 4201 benevoli
2996 4147 3096 4217 ipsi
3165 4157 3226 4202 ut
3292 4163 3483 4205 secum

212 4249 475 4307 reputent
504 4240 689 4305 velim,
2452 4279 2459 4284 .

296 4332 502 4389 Saculo
524 4332 735 4387 decimo
756 4339 951 4387 octavo
987 4328 1280 4387 Anselmus
1310 4328 1641 4401 Bandurius,
1671 4327 2002 4399 Ragusinus,
2028 4322 2315 4399 presbyter
2343 4336 2399 4381 et
2421 4327 2725 4382 monachus
2751 4326 2970 4382 Ordinis
3010 4324 3069 4382 S.
3126 4325 3404 4384 Benedicti
3453 4345 3487 4386 θ

209 4423 644 4491 congregatione
674 4418 968 4485 Melitensi,
1018 4417 1312 4488 Nicephori
1354 4432 1602 4487 operum,
1634 4431 1865 4486 quorum
1904 4417 2057 4486 plura
2083 4416 2284 4471 inedita
2341 4414 2398 4469 in
2456 4414 2912 4469 bibliothecarum
2939 4415 3158 4471 scriniis
3193 4417 3373 4472 adhuc
3398 4418 3482 4472 la-

202 4517 362 4579 tent,
395 4517 752 4578 conspectum
780 4507 971 4570 edidit,
1004 4506 1092 4561 cui
1119 4505 1360 4581 titulus:
1388 4503 1710 4573 Conspectus
1757 4519 1973 4574 operum
2010 4504 2070 4559 S.
2102 4502 2411 4572 Nicephori,
2463 4503 2783 4569 patriarcha:
2833 4499 2976 4567 CP.,
3012 4519 3132 4573 qua:
3184 4505 3487 4581 propediem

205 4578 424 4652 duobus
450 4597 607 4650 tomis
653 4596 858 4649 edenda
906 4605 1051 4659 sunt,
1079 4603 1129 4649 et
1155 4578 1380 4664 quorum
1413 4609 1587 4663 pauca
1618 4592 1870 4649 hactenus
1905 4592 2048 4647 edita
2080 4590 2314 4660 fuerunt,
2340 4600 2451 4646 etc.
2473 4589 2719 4653 Parisiis,
2744 4589 2907 4654 i705,
2936 4589 3005 4644 12
3053 4592 3153 4662 (3).
3185 4578 3294 4649 Ser
3327 4593 3487 4647 annis

204 4690 340 4753 post
364 4682 567 4752 prodiit
597 4682 839 4750 ejusdem
875 4680 1146 4734 Bandurii
1177 4677 1470 4747 Imperium
1500 4677 1776 4744 orientale,
1808 4680 1917 4733 sive
1950 4681 2302 4747 Antiquitates
2349 4677 3029 4748 Constantinopolitanwin
3053 4691 3285 4751 quatuor
3306 4690 3486 4752 partes

194 4768 539 4833 distributae,
559 4767 803 4830 Parisiis,
823 4767 983 4821 1711.
1016 4766 1248 4821 Inseruit
1270 4776 1459 4820 auctor
1488 4763 1746 4818 volumini
1780 4781 1793 4834 ι

1895 4786 1956 4824 no
1974 4768 2051 4840 (4)
2082 4767 2790 4839 ϐαιαιορωηζερὶεεοροωω
2813 4784 2875 4822 ac
2909 4769 3339 4839 patriardtarum
3367 4768 3408 4827 C
3419 4769 3482 4823 Ρ.

204 4864 520 4930 decerptum
572 4875 639 4914 ea:
662 4858 1098 4928 Chronographia
1122 4857 1518 4927 compendiaria
1539 4854 1602 4911 S.
1636 4854 1947 4925 Nicephori,
1988 4857 2053 4908 de
2108 4870 2217 4925 quo
2245 4855 2491 4925 catalogo
2530 4857 2582 4909 in
2622 4855 2897 4912 volumine
2947 4859 3186 4913 secundo
3239 4857 3484 4924 ejusdem

203 4950 401 5019 operis
423 4950 501 5022 (5)
555 4958 850 5004 monentur
900 4948 1016 5003 haec
1058 4965 1075 5005 :
1116 4967 1136 4999 ι
1182 4946 1500 5016 Catalogum
1555 4946 1703 5000 hunc
1729 4946 2112 5015 episcoporum
2147 4959 2215 4999 ac
2274 4945 2709 5014 patriarcharum
2757 4945 3483 5015 Constantinopolitanorum

204 5040 598 5108 excerpsimus
628 5053 695 5093 ex
727 5036 1176 5107 Cbronographia
1207 5036 1611 5105 compendiaria
1643 5034 1833 5101 sancti
1871 5030 2159 5101 Nicephori
2185 5032 2510 5101 patriarcha:
2558 5032 2694 5096 GP.,
2742 5048 2864 5102 quae
2922 5033 3160 5089 habetur
3189 5033 3242 5085 in
3297 5031 3488 5087 codice

205 5128 391 5197 Regio
448 5143 504 5183 u.
526 5125 689 5194 2508,
724 5126 942 5182 diversa
974 5124 1045 5178 ab
1077 5123 1166 5179 illa
1198 5139 1385 5194 quam,
1424 5139 1531 5179 una
1581 5139 1705 5177 cum
1754 5120 1971 5191 Georgii
2005 5120 2246 5192 Syncelli
2302 5121 2774 5192 Chrouograpbia,
2807 5120 2977 5176 edidit
3013 5120 3360 5176 doctissimus
3404 5117 3491 5172 vir

1893 5279 2176 5347 eubjungo.
2205 5296 2223 5329 ι

1970 5349 2060 5430 (5)⁸
2079 5349 2273 5429 Totum
2302 5349 2447 5431 hunc
2474 5345 3345 5431 Banduriinconspcctummtxpils
3382 5346 3488 5401 ite-

1897 5414 2465 5484 rniu'imprimendum
2501 5420 2714 5473 curavit
2744 5414 3031 5474 Fabricius
3060 5419 3111 5473 iit
3133 5414 3273 5474 Bibl;
3297 5414 3487 5472 Gram

1895 5488 1983 5543 ed.
2018 5486 2231 5542 Harles.
2270 5488 2378 5554 VII,
2412 5503 2466 5556 p.
2491 5487 2596 5543 610
2630 5504 2784 5558 seqq.

1967 5557 2124 5627 (4)1).
2157 5559 2261 5612 187
2297 5573 2450 5628 seqq.

1968 5630 2043 5697 is)
2066 5629 2125 5681 ι).
2147 5629 2270 5682 875.

296 5282 377 5352 (2)
398 5283 460 5338 P.
488 5283 578 5339 86.
617 5300 637 5335 ι
670 5281 827 5338 Dedit
848 5312 920 5323 —
949 5292 1142 5356 auctor
1161 5280 1795 5356 Miscellic:1loacliinius

206 5351 594 5414 Camerarius.
633 5365 687 5406 et
715 5353 1170 5408 commentarium
1206 5353 1434 5407 addidit.
1470 5351 1661 5406 Parem
1680 5351 1796 5403 An-

206 5423 681 5479 lnninusContilts
698 5425 841 5477 circa
859 5422 1179 5491 opusculum
1197 5423 1338 5476 idem
1367 5422 1794 5475 accommodavit

208 5510 408 5550 curam
435 5504 488 5546 et
524 5494 763 5547 laborem
803 5512 816 5547 :
850 5492 1038 5547 Greece
1061 5493 1354 5560 divulgavit
1378 5491 1645 5560 Josepbns
1671 5492 1795 5544 Sca-

211 5572 357 5631 Itgt‘l'
391 5564 443 5616 in
473 5574 775 5633 temporum
813 5563 1126 5628 Thesauro;
1161 5564 1229 5615 ad
1273 5578 1497 5631 quorum
1545 5561 1797 5613 editiones

208 5642 362 5690 hunc
407 5652 438 5685 a
489 5649 568 5685 me
584 5645 964 5701 comparatam,
991 5644 1038 5687 et
1079 5638 1147 5687 ad
1170 5636 1438 5686 cumulum
1470 5634 1795 5686 acredentem

3522 4610 3525 4613 ‘
3544 4584 3559 4653 i’
