3894 6164
458 236 564 299 999
1493 240 1557 299 S.
1597 239 2017 300 NICEPHORI
2056 236 2568 298 PATRIARCH/E
2606 237 2717 296 CP.
3621 234 3738 299 1090

457 350 523 405 P.
557 348 794 404 Jacohus
853 348 1019 403 Goar.
1054 347 1161 405 Sed
1197 349 1263 406 de
1290 351 1393 408 hac
1422 351 1713 423 Nicepltori
1738 351 2186 423 Chronographia
2233 350 2479 420 pluribus
2517 350 2806 419 loquemur
2863 349 2917 405 in
2975 348 3230 406 editione
3282 345 3534 419 Operam
3590 352 3738 404 sancti

460 434 749 506 Nicephori
780 433 914 499 CP.,
937 436 1023 491 cui
1077 438 1387 506 propediem
1420 454 1642 494 manum
1690 440 2116 494 admovebimus.
2161 457 2181 490 ι
2215 440 2474 494 Attamen
2504 436 2833 504 Bandurius,
2866 438 3171 509 quominus
3207 436 3522 507 promissis
3546 439 3655 493 suis
3676 439 3739 494 his

462 523 713 594 repetitis
740 532 931 588 staret,
963 525 1153 579 nescio
1180 525 1376 593 quibus
1402 525 1800 593 impedimentis
1834 526 2103 581 cohibitus
2128 536 2233 582 εει.

534 611 828 667 liberiores
871 618 1071 679 praeter
1122 608 1460 667 Bandurimn
1484 614 1709 667 notitias
1733 615 1799 668 de
1826 615 2105 668 codicibus
2134 627 2266 668 mss.
2292 611 2583 683 Nicephori
2609 612 2788 683 palam
2836 622 3255 684 proposuerunt
3290 612 3403 666 viri
3455 610 3738 666 doctissimi

462 698 814 760 Lambecius,
840 696 1188 752 Montfaucon
1221 711 1276 753 et
1316 698 1555 764 Yriarte,
1575 700 1642 755 de
1666 700 1860 768 quibus
1885 698 2197 754 consulatur
2223 698 2460 755 Fabricii
2499 700 2642 756 Bibl.
2675 698 2769 756 Gr.
2802 703 2890 756 ed.
2923 699 3136 755 Harles.
3173 699 3295 765 VII,
3337 715 3401 769 p.
3454 697 3571 753 462
3608 713 3652 753 ι.
3697 709 3738 754 et

461 802 519 856 p.
546 784 671 849 602,
703 785 878 853 quoin
907 785 1046 839 libro
1064 785 1227 838 etiam
1252 786 1459 841 codicis
1479 784 1789 856 Nicepltori,
1807 788 1897 855 qui
1922 786 2060 840 lenae
2088 799 2427 853 asservatur,
2455 788 2744 859 aliquoties
2769 789 2971 843 mentio
3003 788 3085 842 lit.

530 870 651 926 Jam
683 873 865 941 igitur,
893 872 1260 926 subsidiorum
1299 873 1617 928 criticorum
1654 888 1882 931 numero
1909 883 2091 927 nostra
2118 882 2277 927 aetate
2305 878 2590 941 tantopere
2622 875 2877 936 adaucto,
2909 890 3017 928 non
3061 884 3207 939 erat,
3234 875 3396 945 quod
3445 875 3631 930 editor
3654 891 3737 930 na-

465 962 718 1014 vissimus
752 958 907 1025 hujus
931 956 1217 1028 Nicepliori
1244 959 1434 1023 libelli,
1466 961 1519 1014 in
1566 959 1795 1028 Corpore
1848 962 2168 1031 scriptorum
2194 958 2446 1016 Historiae
2467 960 2804 1030 Byzantium,
2831 966 2977 1031 quod
3007 962 3365 1018 celeberrimi
3446 962 3734 1029 Niebuhrii,

455 1043 571 1112 jam
596 1042 860 1106 defuncti,
893 1041 994 1095 sub
1015 1042 1273 1121 auspiciis
1302 1044 1525 1113 prodiit,
1547 1053 1602 1099 et
1630 1045 1889 1100 editionis
1913 1046 2291 1103 emendatioris
2318 1056 2368 1101 et
2421 1049 2732 1116 copiosioris
2776 1063 2887 1117 prae
2940 1063 3000 1110 se
3030 1048 3138 1102 fert
3164 1049 3423 1114 titulum,
3449 1049 3622 1105 Goari
3647 1062 3735 1105 tam

464 1139 670 1183 textum
702 1143 864 1194 quam
892 1127 1300 1195 adnotationes,
1332 1139 1626 1200 utrumque
1652 1131 1793 1186 male
1814 1132 2194 1201 compositum,
2219 1144 2507 1206 repeteret.
2529 1136 2820 1190 Adhibitus
2837 1136 3078 1205 :fquitlem
3109 1145 3196 1192 est
3222 1153 3258 1190 a
3318 1136 3621 1192 Dindorfio
3658 1155 3733 1194 co-

461 1216 563 1270 dex
587 1231 725 1269 unus
750 1213 1053 1280 Parisinus,
1084 1216 1178 1269 sed
1214 1217 1363 1286 parvi
1381 1219 1562 1287 pretii,
1590 1219 1701 1273 imo
1728 1218 1968 1287 fortasse
1992 1235 2098 1274 non
2125 1222 2375 1276 diversus
2408 1223 2476 1277 ab
2518 1238 2584 1277 eo
2613 1236 2722 1293 quo
2744 1222 2991 1291 Scaliger
3017 1239 3148 1277 usus
3177 1231 3308 1291 est;
3337 1225 3569 1280 lacuna:
3609 1228 3732 1280 enim

459 1305 735 1375 graviores
767 1304 821 1358 in
854 1313 1083 1374 utroque
1098 1306 1322 1360 caulem.
1349 1306 1433 1360 Ad
1481 1308 1584 1362 hoc
1637 1310 1903 1364 accedunt
1929 1307 2094 1364 Goari
2119 1307 2173 1361 in
2201 1308 2646 1364 adnotationibus
2675 1324 2913 1375 errores,
2947 1310 3000 1363 in
3050 1310 3157 1377 hac
3215 1313 3537 1365 novissima
3589 1323 3733 1384 atque

459 1394 743 1445 emendata
765 1391 1005 1445 editione
1064 1393 1297 1460 repetiti.
1340 1394 1500 1460 Quid,
1534 1397 1678 1465 quod
1711 1398 1892 1452 editor
1936 1411 2006 1451 ne
2067 1397 2373 1475 versionem
2412 1396 2633 1463 quidem
2670 1396 2919 1449 Latinam
2949 1398 3118 1450 textui
3154 1398 3350 1453 Graeco
3385 1399 3487 1453 hic
3522 1401 3651 1464 illic,
3677 1417 3733 1456 ne

459 1478 634 1532 dicam
664 1477 972 1543 emendato,
1004 1487 1210 1533 mutato
1236 1488 1415 1534 tamen
1454 1480 1983 1539 accommodaverit?
2013 1483 2123 1538 Cur
2154 1484 2370 1537 tandem
2416 1483 2781 1539 Valentiniani
2841 1499 3063 1553 prorsus
3096 1495 3357 1552 corrupta
3422 1488 3731 1558 genealogia

460 1566 690 1634 repetita
715 1574 819 1628 est,
844 1580 949 1618 una
974 1581 1095 1619 cum
1111 1564 1273 1621 Goari
1293 1568 1643 1625 adnotatione
1664 1588 1680 1601 ο
1707 1569 1774 1624 Ut
1807 1573 1891 1625 hic
1920 1570 2124 1635 Gram,
2142 1574 2216 1623 ita
2247 1568 2434 1624 Latine
2455 1579 2759 1636 corruptam
2780 1570 2987 1624 exhibet
3019 1571 3343 1627 Armstasius
3365 1573 3597 1645 Regius,
3613 1588 3727 1639 etc;

458 1664 581 1704 cum
608 1648 929 1705 Lambecius
959 1650 1036 1721 (ϐ)
1060 1651 1170 1718 jam
1203 1652 1415 1721 pridem
1446 1657 1870 1712 emendatiorem
1901 1656 2283 1727 proposuerit?
2337 1656 2448 1712 Cur
2505 1657 2692 1712 mutila
2744 1658 2798 1711 in
2849 1659 2952 1712 line
2982 1658 3105 1713 libri
3126 1660 3543 1724 stichometria,
3574 1678 3726 1729 quan

459 1736 808 1805 integriorem
864 1736 1210 1792 Montfaucon
1267 1739 1345 1807 (7)
1397 1740 1509 1811 jam
1540 1743 1747 1810 pridem
1777 1744 2173 1813 divulgaverit?
2200 1744 2307 1799 Sed
2342 1744 2462 1801 haec
2489 1746 2775 1800 hactenus.
2811 1744 3041 1800 Textum
3073 1748 3219 1801 enim
3247 1747 3556 1817 Nicephori
3594 1750 3727 1806 Gra-

457 1838 603 1887 cum,
641 1825 778 1895 typis
806 1824 983 1879 adhuc
1010 1825 1358 1894 impressum,
1399 1828 1489 1881 vix
1522 1829 1685 1884 ullius
1716 1844 1838 1884 esse
1864 1832 2048 1900 pretii,
2069 1847 2138 1886 ex
2169 1833 2254 1888 his
2281 1849 2402 1902 quae
2432 1834 2621 1902 paucis
2644 1834 3063 1902 disputavimus,
3103 1845 3259 1891 certo
3287 1847 3539 1892 constat.

529 1911 683 1976 Quod
709 1922 888 1966 autem
924 1913 989 1966 ad
1015 1912 1178 1981 hujus
1211 1914 1597 1984 Chronologiaa
1626 1917 1914 1974 utilitatem
1948 1920 2163 1982 attinet.
2188 1920 2344 1991 plura
2402 1923 2587 1977 insunt
2617 1938 2737 1993 quae
2780 1923 2865 1978 vel
2895 1924 3136 1978 novitate
3180 1941 3283 1980 sua
3344 1927 3440 1982 vel
3494 1928 3634 1982 alias
3665 1932 3724 1982 oh

458 2013 652 2054 causas
686 2014 746 2055 se
778 2001 1190 2056 commendent.
1221 1998 1324 2055 Vix
1354 2004 1780 2059 commodiorem
1828 2022 2002 2061 annos
2026 2010 2211 2062 mundi
2262 2011 2607 2078 computandi
2643 2011 2913 2067 rationem
2941 2012 3240 2079 inveneris,
3279 2029 3457 2084 quam
3505 2031 3537 2068 a
3583 2016 3724 2072 Nice-

455 2096 628 2164 phoro
656 2094 1013 2163 propositam.
1042 2093 1318 2149 Recensus
1344 2097 1709 2165 Augustarum
1741 2099 1855 2153 sive
1889 2114 2120 2154 uxorum
2165 2101 2555 2170 imperatorum
2587 2104 2698 2174 jam
2724 2103 3102 2159 Camerarium
3124 2103 3339 2173 justum
3366 2106 3717 2177 ilaudatorcn

455 2183 669 2237 habuit.
708 2180 1090 2237 Stichometria
1123 2182 1387 2238 librorum
1422 2184 1762 2251 biblicornm,
1800 2186 1915 2240 sola
1945 2187 2086 2256 apud
2144 2185 2402 2242 Nostrum
2438 2190 2616 2254 obvia,
2655 2191 2895 2246 historiae
2945 2192 3061 2247 sive
3120 2194 3357 2248 canonis
3402 2195 3528 2249 sive
3559 2208 3723 2252 textus

459 2269 671 2324 ratione
695 2269 900 2333 habita,
933 2268 1154 2323 maximi
1186 2279 1273 2324 est
1306 2270 1592 2324 momenti.
1627 2270 1926 2338 Praeterea,
1959 2287 2182 2343 parvum
2232 2273 2442 2329 huncce
2482 2275 2718 2330 libellum
2767 2279 2819 2332 in
2884 2279 3080 2347 primis
3114 2278 3382 2345 juvenum
3419 2285 3722 2337 seminariis

459 2356 776 2425 theologicis
824 2357 1186 2423 ascriptorum
1222 2357 1421 2427 studiis
1447 2358 1761 2414 conducere
1783 2373 1944 2427 posse
1974 2360 2209 2414 confido.
2244 2359 2568 2431 Suppeditat
2596 2365 2739 2417 enim
2785 2364 2871 2419 llic
2915 2366 3155 2431 libellus,
3191 2369 3284 2438 qui
3338 2378 3424 2423 tot
3458 2385 3603 2439 pene
3646 2373 3721 2426 bi-

458 2444 711 2507 storicas,
743 2445 1070 2511 exegeticas,
1095 2444 1312 2500 criticas
1350 2446 1706 2514 quaestiones,
1740 2457 1872 2516 quot
1902 2449 2066 2502 verba
2098 2448 2366 2511 continet,
2425 2449 2630 2519 largam
2686 2451 2887 2507 diversi
2952 2455 3174 2522 generis
3217 2455 3467 2523 copiam,
3500 2459 3581 2512 .in
3626 2475 3716 2529 qua

458 2532 774 2599 exponenda
807 2540 970 2599 atque
999 2530 1349 2598 dijudicanda
1390 2533 1519 2600 quid
1553 2543 1812 2602 praestare
1834 2534 2047 2603 possint
2074 2535 2220 2590 vires
2245 2536 2512 2605 juvenilcs
2539 2539 2907 2605 experiantur.
2924 2539 3041 2594 lam
3076 2542 3209 2596 mihi
3240 2544 3346 2612 ipsi
3375 2555 3470 2599 est
3497 2548 3716 2612 animus,

458 2618 585 2672 data
621 2618 931 2685 occasione,
951 2618 1181 2688 singulis
1210 2620 1766 2675 commentationibus
1821 2621 2061 2693 singulas
2091 2623 2251 2692 hujus
2284 2622 2450 2678 libelli
2482 2635 2665 2694 partes
2727 2626 3064 2696 disquirendi
3101 2640 3268 2698 atque
3323 2635 3716 2700 examinandi;

459 2715 790 2775 quapropter
815 2721 1119 2776 nunc,quae
1148 2708 1214 2760 de
1237 2719 1481 2772 auctore,
1505 2709 1619 2763 sive
1653 2710 1832 2780 potius
1862 2711 2173 2766 auctoribus
2200 2710 2362 2780 hujus
2388 2711 2551 2766 libelli
2584 2714 2805 2768 dicenda
2839 2714 3096 2770 haberem
3120 2720 3491 2787 prater-misi;
3526 2722 3637 2775 imo
3660 2739 3717 2776 ac

460 2794 624 2848 totius
655 2795 870 2861 quidem
896 2794 1142 2864 opusculi
1170 2804 1373 2849 textum
1405 2795 1680 2864 Graecum,
1722 2799 2177 2869 quemadmodum
2222 2797 2277 2851 in
2335 2800 2474 2853 votis
2505 2800 2827 2866 habueram,
2870 2806 3146 2872 proposui,
3184 2805 3285 2859 sed
3342 2809 3585 2876 primam
3616 2822 3720 2863 tan-

462 2890 574 2934 tum
607 2882 724 2950 ejus
751 2891 980 2951 partem,
1019 2898 1138 2952 quze
1168 2898 1285 2937 mea
1314 2899 1381 2938 ex
1410 2886 1680 2940 sententia
1714 2898 1911 2956 praster
1935 2888 2106 2956 ipsam
2154 2882 2448 2955 Nicephori
2495 2884 3025 2958 Chronograpbiam,
3053 2892 3441 2949 additamenta
3472 2897 3709 2966 quadam

460 2970 653 3024 incerti
687 2969 928 3027 auctoris
954 2973 1388 3037 comprehendit,
1427 2981 1486 3026 ut
1512 2974 1688 3029 serius
1707 2974 1954 3044 pluribus
1987 2977 2401 3031 demonstrabo.

532 3056 589 3108 In
619 3057 935 3111 atlornando
967 3069 1147 3110 autem
1184 3068 1331 3111 textu
1380 3057 1594 3125 Graeco,
1636 3076 1761 3114 cum
1803 3065 1869 3115 ad
1907 3063 2264 3119 bibliothecas
2296 3062 2651 3135 Vindobonae,
2687 3071 2948 3136 Parisiis,
2978 3070 3210 3128 Madridi
3234 3075 3425 3132 aditus
3464 3079 3599 3134 mihi
3629 3095 3721 3135 non

461 3153 695 3211 pateret,
726 3145 796 3196 ita
822 3154 1070 3198 versatus
1104 3160 1246 3209 sum,
1278 3156 1336 3198 ut
1368 3147 1610 3200 codicem
1637 3148 1915 3201 lenensem
1947 3166 2070 3202 cum
2107 3161 2254 3206 textu
2287 3155 2587 3210 editionum
2635 3157 2922 3227 diligenter
2944 3160 3251 3216 conferrem
3286 3171 3343 3218 el
3390 3169 3605 3223 codicis
3652 3169 3724 3223 le-

462 3229 671 3282 ctiones
707 3244 894 3284 omnes
947 3230 1078 3282 mihi
1139 3246 1245 3283 non
1278 3232 1532 3300 probatas
1566 3234 2133 3291 animadversionibus
2157 3239 2361 3294 criticis
2390 3241 2713 3312 insererem,
2739 3246 2923 3301 addito
2965 3247 3121 3317 signo
3160 3248 3433 3307 lectiones
3477 3256 3724 3310 editionis

463 3316 577 3370 sive
604 3314 766 3370 Goari
797 3317 911 3370 sive
937 3315 1198 3373 Dindorlii
1232 3320 1386 3385 signo
1416 3318 1479 3373 V.
1513 3321 1593 3373 vel
1623 3318 1778 3389 Vulg.
1818 3322 2050 3378 indicavi
2078 3341 2093 3391 ;
2125 3326 2385 3380 lectiones
2410 3337 2591 3383 autem
2618 3333 2826 3386 codicis
2850 3314 3080 3389 Parisini
3113 3350 3149 3389 a
3172 3336 3460 3393 Dindorin
3499 3344 3724 3397 adhibiti

465 3404 644 3457 littera
675 3400 740 3456 [ἰ.
797 3403 1065 3474 (Regius).
1105 3402 1546 3475 Quotiescunque
1575 3406 1833 3463 Dindorlii
1864 3421 2090 3466 textusa
2116 3422 2262 3468 textu
2323 3415 2487 3472 Goari
2520 3420 2840 3487 recederet,
2883 3423 3149 3479 Dindorlii
3208 3441 3412 3483 nomen
3472 3435 3721 3503 ascripsi.

465 3490 723 3587 Scaligeri
767 3492 1060 3587 editionem
1094 3494 1409 3562 secundant,
1450 3497 1501 3549 in
1554 3495 1837 3553 Thesauro
1861 3509 2190 3571 temporum,
2224 3504 2644 3576 Amstelodami,
2682 3512 2822 3568 1658
2854 3517 3108 3584 (primam
3156 3534 3263 3573 non
3295 3521 3525 3587 habui),
3555 3490 3723 3580 denuo

462 3578 688 3643 contuli,
719 3579 812 3670 sed
855 3579 1071 3670 nonnisi
1107 3595 1278 3648 usque
1305 3582 1372 3635 ad
1420 3583 1787 3639 Alexandrum
1822 3586 2096 3657 Magnum,
2131 3597 2388 3662 quoniam
2449 3613 2518 3654 ex
2556 3578 2891 3660 lectionibus
2932 3609 3274 3665 variantibus
3339 3578 3724 3670 nilnil'd'ructas

459 3667 579 3734 capi
607 3680 765 3760 posse
791 3665 1050 3720 intellexi.
1075 3666 1366 3760 Lectiones
1393 3669 1832 3760 bmsignoScal.
1861 3674 1922 3728 ll
1963 3677 2392 3749 distinguuntur.
2424 3686 2594 3743 Porro
2632 3691 2812 3745 Gentii
2845 3702 3072 3760 textum,
3112 3711 3178 3750 ex
3212 3665 3723 3757 Bibliotheca—

456 3762 661 3852 clo-rum
690 3750 938 3851 Patrum,
955 3770 1047 3852 per
1062 3753 1431 3852 ill-orgarinum
1451 3757 1616 3852 deft:
1636 3758 1821 3852 Digne,
1843 3774 1975 3818 tom.
1998 3762 2108 3833 VII,
2127 3770 2208 3827 ed.
2230 3772 2265 3824 Ξ
2296 3771 2718 3843 Parisiis,1589,
2740 3796 2791 3848 p.
2813 3779 2919 3835 974
2940 3750 3121 3851 seqq.,
3140 3750 3512 3852 adltibuivased
3524 3750 3723 3845 sedulo

459 3839 589 3938 mihi
632 3839 753 3938 cavi
798 3854 868 3894 ne
914 3840 1062 3938 ultra-
1086 3840 1403 3938 Micliaelem
1437 3856 1495 3938 et
1533 3846 1890 3917 Theophilum
1925 3853 2285 3923 imperatores
2312 3860 2420 3915 (ΞΡ.
2472 3839 2789 3934 pergerem;
2819 3839 3077 3938 praeterea
3106 3839 3391 3929 Iconsului'

453 3926 769 4034 historiam,
804 3930 1175 4034 ex"etlitione
1229 3931 1475 4032 Fabroti,
1511 3948 1631 4034 quae
1667 3937 1842 4034 primo
1868 3943 2078 4034 prodiit
2116 3943 2343 4002 Parisiis
2370 3926 2508 4006 l6l9
2560 3926 2702 4008 ihter
2736 3926 3034 4025 scriptores
3069 3926 3718 4034 [littora-£35533;

453 4017 494 4115 d.
523 4016 669 4115 inde,
698 4016 961 4115 sittenulla
992 4021 1479 4115 textusvarietate,
1521 4023 1756 4079 Venetiis
1790 4027 1950 4082 Hi9.
1986 4029 2065 4086 Ad
2104 4034 2204 4087 has
2229 4036 2499 4093 editiones
2535 4041 2815 4097 referenda
2850 4016 2999 4113 sunt,
3035 4064 3157 4115 qum
3182 4016 3723 4111 Anastasii

450 4104 1129 4203 signavimusﬁamerarii
1171 4106 1435 4162 lectiones
1462 4111 1737 4167 variantes
1772 4112 1885 4170 fere
1933 4132 2123 4173 omnes
2163 4131 2218 4175 et
2249 4122 2434 4178 Contii
2467 4127 2518 4180 in
2549 4116 2854 4197 posteriore
2906 4104 3073 4188 libelli
3131 4148 3287 4203 parte
3345 4104 3718 4198 consultos;

449 4191 607 4290 clusi.
631 4192 870 4294 Denique
901 4192 1189 4294 Nic‘ephori
1213 4197 1543 4294 (particulas,
1578 4214 1608 4252 a
1651 4199 1960 4267 Lambecio,
1983 4204 2257 4264 Bandut'io
2291 4221 2347 4265 et
2375 4191 2798 4273 Montel'alconio
2830 4221 2880 4274 in
2944 4221 3102 4277 libris
3131 4191 3303 4294 supra

448 4288 551 4339 tas,
579 4280 631 4333 in
657 4282 919 4334 auxilium
943 4280 1185 4369 adhibui.
1210 4281 1519 4353 Catalogum
1553 4288 1799 4342 codicum
1830 4307 1958 4346 mss.
1987 4292 2196 4348 Madriti
2223 4301 2292 4350 ab
2340 4297 2548 4355 Yrtarle
2576 4304 2780 4358 editum
2809 4308 2960 4363 adire
2981 4311 3113 4363 mihi
3148 4280 3256 4365 non
3286 4280 3469 4369 licuit.

517 4366 643 4421 llaec
663 4368 752 4421 ubi
787 4359 1023 4421 subsidia
1059 4368 1125 4420 ad
1153 4377 1359 4421 textum
1387 4372 1822 4429 censtituendum
1854 4394 1958 4432 non
1980 4380 2348 4448 sufﬁciebant,
2377 4401 2446 4440 ex
2479 4388 2591 4456 ipsa
2624 4390 2744 4445 libri
2770 4359 2957 4449 indole
3492 4413 3713 4458 sente-

444 4454 576 4507 tiam
615 4455 925 4549 conjectura
952 4456 1185 4549 assequi
1206 4459 1387 4549 studui
1416 4475 1430 4524 ;
1461 4463 1602 4529 quod
1633 4464 2164 4537 quotiescunque,et
2217 4481 2381 4526 caute
2432 4454 2676 4544 quidem,
2706 4478 2911 4536 factum
2948 4496 3054 4549 εει,
3080 4488 3249 4541 verba
3295 4454 3455 4545 uncis

387 4620 391 4624 ι
444 4541 661 4637 docent.
698 4540 962 4651 Numeros
993 4542 1219 4651 sing‘ulis
1248 4543 1329 4597 vel
1369 4547 1606 4614 regibus,
1642 4550 1723 4603 vel
1774 4554 2067 4623 episcopis,
2101 4566 2232 4620 etc.,
2269 4558 2428 4630 vulgo
2452 4540 2791 4633 praepositos
2822 4586 2850 4622 a
2877 4540 3262 4631 textu'aliesse
3314 4540 3711 4651 volun-inagna

441 4626 587 4735 enim
615 4635 670 4722 et
700 4628 950 4735 codicum
983 4639 1035 4682 et
1063 4629 1356 4735 editionum
1388 4632 1440 4685 in
1471 4634 1536 4687 iis
1558 4638 1826 4704 ponendis
1853 4642 2111 4708 varietas,
2138 4645 2281 4700 unde
2308 4626 2449 4702 lta'ud
2474 4626 2639 4720 pauci
2664 4669 2880 4713 errores
2903 4659 2956 4713 in
2992 4626 3713 4735 textum

440 4711 681 4776 edocuit,
715 4712 814 4773 llos
840 4728 1095 4767 numeros
1124 4715 1192 4769 ab
1223 4726 1445 4772 auctore
1472 4720 1591 4790 ipso
1617 4738 1720 4774 non
1745 4738 1868 4779 esse
1906 4728 2199 4795 profectos.

514 4798 677 4852 Goari
712 4801 1013 4854 versionem
1045 4800 1317 4868 Latinam,
1353 4808 1603 4874 quamvis
1638 4810 1837 4879 sacpius
1885 4818 2409 4888 reprehendendam,

932 4827 1013 4912 em
1046 4827 1317 4868 uuluam,
1353 4827 1603 4874 quamvis
1638 4827 1837 4879 sa‘pttts
1885 4827 2409 4888 reprehendendam,
2447 4827 2643 4882 retinui
2667 4831 2907 4898 quidem,
2932 4838 3027 4889 sed
3082 4842 3258 4892 textui
3298 4852 3489 4897 ItOSll‘O
3522 4843 3708 4912 ubique

443 4902 742 4958 congruam
791 4890 1025 4942 reddi-ti.

532 5067 586 5161 6)
625 5067 897 5161 Lambecii
935 5082 1232 5161 comment.
1281 5074 1363 5155 de.
1392 5076 1777 5161 augustissima
1820 5079 2023 5161 B‘ilil‘io-
2134 5087 2343 5161 p._5sQ
2396 5107 2545 5161 seqq.

438 5137 591 5194 theca
651 5140 902 5195 Casarea
960 5141 1389 5198 Vindobunensi.
1453 5137 1514 5201 ll.
1576 5148 1803 5202 Vindoh.
1850 5152 2006 5205 1669.
2134 5137 2636 5228 ’βίῖὶὶὧῖδῦίεσα
2671 5168 3025 5238 Coisliniana,
3060 5191 3113 5244 p.
3148 5178 3358 5238 203s.
