3940 6170
480 240 615 308 1063
676 188 685 207 ἦ

1501 243 1560 300 S.
1605 237 2021 301 NICEPHORI
2060 237 2564 297 PATBIARCHE
2607 236 2715 297 (ΖΡ.
2764 258 2765 261 η

3592 237 3727 305 ιοδι

476 354 745 424 quomodo
783 366 843 405 ea
870 350 1145 421 spernitur
1171 349 1507 406 constitutlo.
1546 348 1744 404 Verum
1779 361 1900 412 nos,
1930 360 2048 414 qua:

2164 343 2207 395 Βέ
2252 344 2351 395 οὐκ
2385 337 2502 396 οἶδα
2548 345 2697 403 ὅπως
2737 343 3157 412 καταφρονεῖται
3207 343 3242 411 ἠ
3284 343 3512 417 τοιαύτη
3541 345 3729 402 ottin-

479 443 679 512 scripta
709 450 944 507 exstant,
975 442 1284 496 referimus.

548 532 1039 602 Compaternitates
1062 541 1264 594 autem,
1295 528 1379 585 vel
1407 528 1774 583 fraternitates
1799 524 2050 580 monachi

484 623 661 679 facere
686 628 968 687 vetantur;
1014 622 1178 690 idque
1207 620 1443 690 graviter
1481 617 1754 687 prioribus
1782 623 1875 670 aut
1910 628 2051 686 prm-

485 715 639 770 fectis
669 715 1118 769 monasteriorum
1161 712 1403 767 Ecclesia
1429 710 1691 780 injungit;
1711 723 1884 776 neque
1906 707 2050 762 enim

458 802 593 872 ⁸ιιΠο
631 805 787 858 modo
817 805 902 858 lcx
933 803 1171 856 admittit
1201 816 1316 865 eas,
1349 815 1467 870 qua:
1502 809 1784 862 vocantnr,
1827 795 2051 853 fratriii-

485 896 751 949 cationcs.

557 985 660 1039 Eas
689 993 867 1039 autem
920 984 1177 1040 mulieres
1214 998 1333 1052 quae
1380 982 1546 1037 fetum
1595 988 1843 1045 enecant,
1873 977 2053 1033 homi-

486 1075 614 1129 cidii
675 1076 849 1144 pinnis
898 1073 1128 1143 subjici,
1182 1085 1335 1129 extra
1392 1073 1782 1127 dubitationem
1832 1079 1945 1134 est,
1997 1077 2056 1122 ut

486 1168 753 1223 secundus
785 1166 964 1237 magni
997 1166 1182 1221 Basilii
1215 1180 1389 1220 canon
1420 1167 1529 1218 tate
1558 1164 1926 1231 persequitur.

558 1346 712 1412 Quod
755 1354 935 1399 autem
970 1345 1037 1398 ad
1069 1343 1306 1397 infantes
1360 1341 1552 1395 attinet
1600 1338 1692 1408 qui
1739 1336 1935 1392 mortui
1976 1335 2060 1390 in-

486 1438 633 1491 venti
671 1444 801 1491 sunt
847 1436 898 1489 in
942 1443 1225 1503 parentum
1278 1432 1468 1497 cubili,
1520 1431 1807 1497 prudentia
1864 1442 2059 1497 magna

490 1542 627 1596 opus
674 1537 781 1581 est.
818 1524 950 1579 Nam
984 1526 1029 1579 si
1069 1539 1135 1578 ex
1175 1523 1409 1577 evidenti
1443 1522 1624 1591 culpa,
1671 1520 2058 1574 ineliriatorum

486 1608 737 1673 videlicet
759 1618 1085 1688 genitorum,
1110 1624 1203 1669 aut
1223 1616 1331 1669 alio
1348 1629 1455 1684 quo
1477 1613 1634 1668 modo
1654 1611 2058 1682 negligentium,

2149 434 2229 501 εις
2250 451 2263 465 ·
2297 433 2413 487 ἀλλ’
2447 436 2612 504 ἡμεῖς
2646 436 2715 485 τὰ
2747 433 3110 504 γεγραμμένα
3142 434 3397 504 λὲγομεν.

2221 525 2546 587 Συντεκνίας
2576 524 2654 588 δὲ,
2684 524 2718 594 ἢ
2753 522 3201 595 ἀδελφοποιήσεις
3222 529 3398 585 ποιεῖν
3436 531 3728 599 μοναχοδς,

2150 614 2530 683 κεκωλυμένον
2587 616 2741 676 ἐστὶ,
2798 614 2895 668 καὶ
2956 616 3372 686 ἐνταλματικῶς
3408 621 3571 674 τοῦτο
3615 626 3732 687 τοῖς

2150 702 2473 775 ἡγουμένοις
2530 703 2562 773 ἢ
2633 706 2748 766 τοῖς
2803 704 3055 775 ἐξάρχοις
3111 707 3219 759 τῶν
3262 713 3642 782 μοναστηρίων
3690 718 3727 783 ἡ

2163 792 2458 863 Ἐκκλησία
2487 793 2945 864 παρακελεύεται.
2975 797 3110 849 Οὐδὲ
3139 797 3248 870 γὰρ
3276 799 3305 851 ὁ
3328 800 3491 870 νόμος
3517 803 3731 872 δέχεται

2151 882 2248 945 τὰς
2275 881 2573 953 λεγομένας
2603 884 2986 953 ἁδελφοποιίας
3015 886 3177 950 ὅλως.

2224 974 2362 1045 Περὶ
2407 974 2463 1027 δὲ
2494 975 2603 1027 τῶν
2636 976 2852 1046 ἔμϐρυα
2898 977 3243 1046 ἀναιρουσῶν
3288 982 3603 1050 γυναικῶν,
3646 986 3731 1039 ὅτι

2155 1061 2317 1129 φόνου
2371 1063 2672 1133 ἐπιτιμίοις
2720 1064 3074 1130 ὑπόκεινται,
3123 1065 3496 1137 ἁναμφίϐολόν
3538 1073 3725 1127 ἐστιν·

2154 1153 2230 1214 ὡς
2268 1153 2297 1206 ό
2341 1152 2595 1223 δεύτερος
2637 1154 2820 1209 κανὼν
2854 1154 2946 1208 τοῦ
2989 1157 3231 1226 μεγάλου
3276 1158 3560 1215 Βασιλείου
3592 1166 3729 1220 πλα-

2155 1241 2295 1306 τέως
2316 1242 2562 1308 διέξεισι.

2229 1334 2366 1405 Περὶ
2416 1334 2526 1388 τῶν
2574 1335 2985 1405 εὑρισκομένων
3019 1339 3078 1392 δὲ
3119 1340 3333 1411 νεκρῶν
3389 1341 3608 1414 βρεφῶν
3671 1349 3733 1401 ἐν

2159 1424 2236 1495 τῷ
2279 1426 2690 1495 συγκοιμᾶσθαι
2733 1429 2847 1490 τοῖς
2893 1428 3149 1496 γονεῦσι,
3198 1431 3524 1503 διακρίσεως
3561 1439 3733 1505 μεγά-

2158 1516 2258 1586 λης
2276 1517 2457 1587 χρεία.
2481 1518 2540 1570 Εἰ
2564 1520 2671 1587 γὰρ
2689 1516 2746 1581 ἐξ
2766 1517 3028 1587 ἀμελείας
3057 1524 3317 1592 φανερᾶς,
3356 1526 3734 1594 μεθυσθέντων

2160 1610 2360 1680 δηλαδὴ
2393 1611 2757 1681 γεννητόρων,
2795 1610 2828 1681 ἢ
2857 1611 3034 1675 ἄλλως
3059 1631 3177 1676 πως
3204 1618 3732 1689 καταμελησὰντων,

491 1709 703 1763 facinus
751 1708 1045 1761 admissum
1093 1715 1197 1767 est,
1251 1705 1608 1761 homicidium
1653 1717 1774 1757 esse
1824 1702 2054 1755 videtur.

2164 1700 2220 1753 τὺ
2260 1699 2644 1770 πλημμέλημα
2673 1701 2918 1769 γένηται,
2953 1702 3114 1771 φόνος
3151 1683 3429 1774 δοκεῖκαὶ
3463 1683 3639 1762 τοῦτο.
3668 1683 3735 1763 Ei.

493 1798 588 1853 Sin
634 1808 816 1853 autem
850 1814 916 1852 ex
963 1798 1343 1867 cooperatione
1378 1805 1435 1849 et
1479 1793 1690 1849 insidiis
1740 1790 2060 1856 adversarii,

490 1906 611 1946 eum
643 1890 788 1944 nulla
832 1904 1019 1945 eorum
1045 1889 1116 1944 sit
1148 1888 1325 1958 culpa,
1360 1900 1450 1941 res
1480 1884 1693 1940 veniam
1727 1891 1986 1938 meretur.

558 2070 635 2126 De
666 2069 840 2126 servis
894 2076 1096 2129 autem,
1151 2065 1243 2135 qui
1307 2065 1426 2119 sine
1476 2076 1630 2117 sacra
1683 2057 2062 2115 benedictione

489 2177 611 2218 cum
664 2160 875 2214 ancillis
922 2157 1197 2226 conjuncti
1234 2160 1419 2220 'snnt,
1472 2154 1644 2218 scito,
1695 2151 1797 2206 nisi
1844 2148 2062 2203 benedi-

490 2255 669 2309 ctione
700 2251 1004 2314 initientur,
1039 2264 1145 2303 non
1179 2246 1375 2301 debere
1406 2245 1712 2298 divinorum
1750 2255 2059 2296 sacramen-

491 2353 665 2400 tnrnm
722 2341 837 2401 tieri
892 2339 1226 2407 participes,
1275 2336 1370 2391 sed
1423 2345 1482 2389 ut
1523 2341 1826 2389 scortantes
1885 2332 1951 2386 ab
1994 2331 2060 2385 iis

490 2429 786 2499 prohiberi.
841 2428 965 2483 Haec
999 2428 1294 2481 secundum
1347 2424 1563 2478 divinas
1614 2430 1927 2477 sanctorum
1958 2419 2089 2474 Pa-.

489 2530 630 2575 trum
687 2520 989 2575 sententias
1034 2527 1091 2572 et
1125 2515 1545 2572 constitutiones
1600 2523 1703 2568 tua:
1741 2512 2059 2567 reverentia:

488 2611 803 2665 scribimus.
843 2608 1193 2663 Antistitibus
1229 2618 1408 2660 autent
1453 2605 1652 2659 tributa
1706 2603 1921 2659 licentia
1953 2609 2056 2669 est,

488 2702 918 2771 dispensationes
942 2701 996 2753 in
1028 2699 1112 2753 his
1147 2698 1407 2762 faciendi,
1435 2697 1587 2767 juxta
1616 2697 1797 2750 datum
1828 2695 1893 2749 iis
1918 2694 2060 2747 divi-

489 2810 613 2847 num
663 2795 911 2864 spiritum
942 2804 995 2847 et
1029 2791 1277 2861 gratiam.
1307 2789 1388 2845 0h
1420 2803 1650 2858 eantque
1685 2801 1797 2842 rem
1830 2786 2057 2841 dicimus

486 2894 541 2939 et
566 2884 1001 2954 pronuntiamus,
1026 2889 1446 2936 consentaneum
1476 2894 1623 2943 esse,
1657 2879 1901 2933 locorum
1933 2892 2058 2931 ma-

2160 1787 2217 1840 δὲ
2251 1789 2314 1840 ἐκ
2372 1789 2669 1859 συνεργίας
2722 1790 2814 1842 καὶ
2863 1791 3157 1862 ἐπιϐουλῆς
3208 1794 3299 1847 τοῦ
3330 1796 3735 1868 ἀντικειμένου,

2165 1880 2427 1950 μηδαμῶς
2497 1882 2843 1936 πταισάντων
2907 1884 3170 1953 ἐκείνων,
3259 1891 3595 1961 συγγνώμης
3670 1894 3735 1947 τὸ

2161 1974 2393 2044 πρᾶγμα
2425 1972 2592 2040 ἄξιον.
3496 1979 3503 1986 ’

2230 2063 2367 2133 Περὶ
2403 2063 2459 2116 δὲ
2501 2064 2610 2117 τῶν
2661 2066 3102 2138 ἁνιεραλογὴτως
3150 2073 3575 2143 συναπτομένων
3607 2076 3735 2130 δού-

2160 2153 2267 2206 λων
2318 2154 2563 2220 δούλαις,
2601 2158 2866 2225 γίνωσκε,
2915 2158 2991 2222 ὠς
3039 2163 3140 2214 οὐκ
3186 2164 3532 2232 ὀφείλουσιν,
3562 2171 3610 2221 εί
3655 2171 3735 2241 μὴ

2162 2244 2565 2314 ίερολογηθῶσι,
2600 2248 2708 2301 τῶν
2739 2248 2897 2302 θείων
2928 2253 3241 2324 μυστηρίων
3275 2240 3733 2326 μεταλαμϐάνειν,

2160 2335 2297 2388 ἀλλὰ
2327 2336 2632 2391 κωλύεσθαι
2659 2338 2733 2403 ὼς
2755 2341 3140 2411 πορνεύοντες.
3171 2346 3356 2401 Ταῦτα
3379 2351 3442 2420 τῇ
3477 2350 3735 2423 εὐλαϐείᾳ

2162 2440 2255 2477 σου
2285 2428 2427 2480 κατᾶ
2466 2428 2746 2493 τὰςλθείας
2776 2431 2884 2484 τῶν
2913 2433 3085 2500 ἁγίων
3131 2435 3389 2506 Πατὲρων
3429 2440 3737 2510 ἀποφάσεις

2159 2517 2255 2569 καὶ
2296 2517 2564 2583 διατάξεις
2593 2521 2913 2591 γράφομεν·
2948 2526 3060 2583 τοῖς
3096 2524 3153 2577 δὲ
3184 2528 3499 2598 ἀρχιερεῦσι
3525 2532 3733 2588 δέδοται

2158 2609 2471 2679 οἰκονομίας
2514 2612 2570 2663 ἐν
2611 2614 2724 2675 τοῖς
2756 2614 3036 2678 τοιούτους
3077 2620 3250 2669 ποιεῖν
3298 2623 3439 2673 κατὰ
3478 2624 3537 2675 τὸ
3581 2624 3735 2678 δοθὲν

2158 2698 2531 2761 αὐτοῖς’θεϊον
2581 2703 2799 2772 πνεῦμα
2852 2705 2947 2757 καὶ
2989 2707 3256 2778 χάρισμα.
3303 2712 3411 2765 Καὶ
3447 2713 3545 2769 διέί
3574 2717 3743 2771 τοῦτο

2156 2787 2391 2859 λέγομεν
2418 2790 2512 2843 καὶ
2551 2782 3079 2865 ἀποφαινόμεθαιότι
3110 2800 3341 2869 ἁρμόζει
3385 2803 3545 2858 τοῦτο
3575 2809 3736 2860 ἐνθα-

2102 2948 2107 2953 ι
2157 2879 2303 2943 δίους
2337 2880 2627 2963 ἄρχοντας,
2660 2885 2776 2955 ἦτοι
2808 2888 3105 2959 ἀρχιερεῖς,
3137 2892 3495 2962 περὶτούτων
3524 2898 3739 2968 ἐρωτᾷν

487 2979 748 3045 gistratus
764 2992 859 3030 seu
875 2975 1143 3029 antistites
1164 2975 1229 3027 de
1246 2973 1328 3027 his
1344 2972 1706 3037 interrogare,
1723 2980 1776 3024 et
1795 2958 1888 3024 eos
1902 2969 2054 3039 adju-

2164 2971 2256 3024 καὶ
2304 2975 2601 3043 συνεργοὺς
2666 2977 2859 3041 αὐτοὺς
2918 2978 3082 3050 ἔχειν;
3153 2981 3383 3037 Ἐκεῖνοι
3425 2987 3482 3041 δὲ
3535 2992 3739 3060 μᾶλλον

490 3055 634 3121 tores
661 3067 879 3119 habere.
917 3064 997 3117 Illi
1022 3064 1163 3118 enim
1200 3064 1379 3131 potius
1408 3062 1475 3116 de
1524 3062 1625 3115 sibi
1661 3061 1874 3114 credito
1898 3073 2060 3129 grege

490 3158 754 3212 rationem
785 3159 892 3223 Deo
922 3156 1168 3210 reddent.
1204 3156 1393 3209 Dicere
1439 3164 1618 3208 autem
1661 3167 1775 3216 eos,
1807 3151 1896 3220 qui
1930 3165 2060 3220 pec-

488 3254 615 3300 cant
634 3284 652 3312 ,
681 3261 787 3298 non
815 3245 957 3299 ferre
977 3260 1244 3299 canonum
1276 3245 1644 3307 severitatem,
1664 3243 1799 3297 nihil
1844 3243 1913 3297 ad
1940 3256 2057 3295 nos.

487 3337 746 3391 Ait‘enim
774 3335 987 3389 cmlitus
1017 3335 1362 3403 resplendens
1385 3334 1614 3389 Basilius
1644 3336 1696 3388 in
1714 3324 1785 3388 84
1826 3348 2057 3392 canone.

494 3428 704 3482 fructus
736 3426 1068 3496 paenitentia:
1100 3426 1314 3495 probari
1347 3434 1632 3496 oportere;
1671 3440 1775 3481 non
1808 3426 1952 3480 enim
1991 3426 2059 3480 ad

493 3531 730 3588 tempus,
760 3519 855 3573 sed
900 3520 966 3573 ad
1003 3520 1219 3572 modum
1251 3517 1327 3588 (Δ)
1351 3518 1574 3572 omnino
1615 3518 1964 3572 attendimus.
2000 3516 2057 3571 Si

490 3607 778 3663 dilliculter
807 3622 839 3660 ο
879 3607 992 3662 suis
1046 3608 1287 3660 moribus
1330 3605 1408 3676 (ὅ)
1456 3605 1756 3660 evelluntur
1785 3616 1839 3660 et
1878 3607 2058 3661 carnis

489 3698 858 3767 voluptatibus
879 3697 1085 3753 servire
1116 3697 1324 3761 malint,
1353 3711 1514 3767 quam
1545 3696 1790 3762 Domino,
1812 3705 1868 3753 et
1901 3712 2059 3751 evan-

489 3788 717 3857 gelicum
765 3802 871 3841 non
902 3788 1176 3857 excipiant
1202 3806 1207 3813 ·
1230 3786 1420 3849 vitam,
1474 3787 1617 3847 nulla
1652 3769 1807 3842 nobis
1837 3801 1959 3842 cum
1992 3788 2059 3842 iis

490 3878 795 3932 communis
830 3878 990 3931 ratio.
1033 3877 1097 3930 Et
1124 3876 1356 3946 perlege,
1385 3874 1568 3941 Pater,
1597 3876 1663 3929 ad
1694 3875 1854 3932 tinem
1886 3891 2056 3947 usque

487 3982 750 4024 canoricm
783 3976 966 4038 utpote
995 3983 1174 4022 causa:
1203 3968 1638 4023 convenientem.

553 4266 732 4323 Habes
762 4265 1051 4334 reliquum,
1073 4263 1124 4316 in
1149 4261 1358 4333 primis,
1381 4261 1683 4316 venerande
1712 4261 1891 4325 Pater,
1912 4264 2052 4330 quod

485 4361 713 4432 petiisti,
751 4356 908 4426 juxta
953 4356 1201 4409 notitiam
1247 4363 1487 4408 nostram
1532 4371 1545 4407 :

485 4467 580 4505 eos
610 4450 702 4519 qui
729 4460 780 4503 te
799 4444 1017 4508 adeunt,
1052 4446 1134 4499 vis
1155 4446 1219 4497 ad
1240 4454 1486 4498 exactam
1509 4452 1563 4499 et
1596 4445 2054 4517 rectamdirigerc

484 4554 732 4615 normam
756 4578 772 4605 ,
799 4552 1056 4607 percurre
1082 4537 1369 4602 diligenter
1394 4551 1628 4591 canones
1652 4552 1679 4589 a
1709 4538 1882 4591 sacris
1913 4553 2050 4607 pra:-

479 4630 709 4684 conibus
758 4629 1064 4699 divinisque
1104 4629 1363 4700 apostolis
1431 4640 1487 4685 et
1557 4630 1811 4685 divinitus
1862 4628 2053 4685 aiﬂatis

481 4718 732 4774 Patribus
763 4721 968 4787 editos,
1017 4730 1071 4775 et
1124 4721 1190 4775 de
1240 4721 1435 4789 quibus
1469 4722 1701 4784 debitas,
1725 4738 1844 4777 cum
1874 4721 2052 4776 itumi-

482 4810 631 4863 litate
656 4820 711 4865 et
733 4811 1005 4880 precibus,
1040 4813 1105 4886 ad
1133 4812 1608 4880 metropolitanum
1637 4822 1786 4867 tuum
1818 4814 2043 4880 referas,

478 4901 602 4972 cjus
631 4913 785 4958 uterc
816 4902 1064 4968 consilio,
1115 4902 1223 4957 Deo
1249 4913 1420 4958 totum
1449 4903 1715 4971 referens,
1742 4904 1909 4960 Deum
1936 4914 2047 4962 toto

477 5013 547 5053 ex
587 5002 770 5054 animo
800 5014 1017 5069 rogans,
1047 5010 1105 5053 ttt
1128 5000 1224 5054 tibi
1263 4999 1471 5069 peritia:
1495 4998 1793 5070 iudiciique
1818 5001 2045 5070 gratiam

478 5091 762 5162 largiatur.
813 5089 1016 5147 Revera
1046 5095 1194 5146 enim
1227 5091 1384 5147 valde
1415 5092 1772 5161 periculosum
1804 5101 1909 5157 est,
1946 5107 2047 5145 au-

476 5183 666 5238 dacter
706 5183 876 5253 ligare
921 5190 976 5236 ct
1027 5183 1238 5238 solvere
1299 5197 1394 5236 eos
1441 5183 1531 5250 qni
1579 5182 1759 5243 delicti
1810 5180 2045 5236 .convicti

476 5280 626 5338 sunt,
655 5282 708 5330 et
733 5273 936 5328 morbis
956 5290 1063 5328 non
1087 5274 1283 5329 idonea
1308 5289 1614 5345 prmpar-are
1633 5274 2047 5331 medicamenta.

553 5583 630 5652 (ι)
664 5582 899 5639 indolem
936 5601 996 5641 ac
1040 5602 1237 5643 mores.

2164 3063 2304 3132 t'm‘zp
2336 3063 2429 3116 τοῦ
2464 3067 2841 3132 πιστευθέντος
2871 3072 3053 3137 αὐτοῖς
3094 3078 3345 3145 ποιμνίου
3381 3079 3456 3149 τῷ
3486 3081 3607 3154 Θεῴ
3645 3085 3738 3137 λό-

2162 3160 2291 3219 γους
2331 3152 2584 3208 δώσουσι.
2631 3158 2704 3210 Τὸ
2740 3160 2797 3211 δὲ
2842 3159 3064 3229 λέγειν,
3108 3165 3192 3237 ὅτι
3237 3167 3297 3220 οὐ
3348 3152 3740 3243 καταδέχονται

2161 3246 2210 3298 οἱ
2241 3246 2653 3317 ἁμαρτάνοντες
2692 3251 2789 3322 τὴν
2821 3255 3110 3325 ἁκρίόειαν
3143 3258 3255 3312 τῶν
3286 3263 3551 3332 κανόνων,
3578 3271 3740 3324 οὐδὲν

2162 3337 2298 3408 πρὸς
2330 3340 2499 3409 ἡμᾶς.
2559 3342 2746 3410 Λέγει,
2775 3344 2884 3419 γὰρ
2928 3347 2986 3399 ἐν
3015 3348 3090 3419 τῷ
3126 3350 3213 3402 πδ⁹
3256 3353 3422 3407 αὑτοῦ
3477 3359 3662 3411 κανόνι
3709 3359 3739 3413 6

2159 3430 2585 3504 οὐρανοφάντωρ
2645 3432 2964 3501 Βασίλειος,
3026 3440 3107 3494 ὃτι
3169 3442 3251 3496 δεῖ
3295 3446 3420 3508 τοὺς
3487 3453 3739 3519 καρποὺς

2158 3520 2556 3614 δοκιμάζεσθαι
2613 3524 2715 3594 τῆς
2771 3530 3086 3614 μετανοίας.
3138 3533 3214 3586 Οὐ
3257 3538 3365 3607 γὰρ
3409 3538 3488 3609 τῷ
3527 3542 3735 3613 χρόνῳ,

2158 3610 2295 3664 ἀλλὰ
2327 3612 2406 3683 τῷ
2443 3614 2633 3685 τρόπῳ
2672 3617 2889 3683 πάντως
2916 3610 3283 3693 προσέχομεν.
3326 3626 3454 3681 Ἐὰν
3495 3610 3736 3687 sum..-

2160 3703 2416 3768 σπάστως
2464 3706 2630 3778 ἔχωσι
2662 3708 2771 3762 τῶν
2807 3711 2953 3765 ἰδίων
3010 3713 3191 3783 ἐθῶν-η
3227 3718 3320 3771 καὶ
3347 3722 3470 3784 ταῖς
3520 3724 3738 3795 ἡδοναῖς

2156 3793 2253 3888 τῆς
2279 3796 2478 3888 σαρκὸς
2505 3797 2709 3854 ἐθέλειν
2724 3794 3015 3877 Ῑεθέλοιεν]
3041 3804 3333 3874 δουλεύειν,
3361 3811 3395 3881 ἦ
3418 3812 3498 3883 τῷ
3520 3793 3732 3888 Κυρίῳ,

2156 3887 2250 3937 κοιλ⁸
2275 3887 2374 3958 τὴν
2394 3889 2533 3941 κατὰ
2561 3890 2621 3942 τὸ
2645 3890 2978 3960 Εὑαγγὲλιον
3008 3896 3153 3967 ζωὴν
3190 3898 3268 3971 μὴ
3294 3887 3729 3973 καταδέχωνται,

2155 3980 2331 4043 οὐδεὶς
2394 3983 2530 4052 ἡμῖν
2574 3983 2755 4065 κοινὸς
2795 3982 2930 4055 πρὸς
2977 3986 3177 4051 αὐτοὺς
3221 3991 3402 4061 λόγος.
3453 3996 3560 4048 Καὶ
3600 4000 3735 4052 ἀνα·

2155 4071 2345 4138 γνωθι,
2366 4072 2567 4143 Πάτερ,
2592 4071 2696 4136 ἓως
2726 4073 2912 4140 τέλους
2947 4076 3040 4131 τὸν
3074 4082 3295 4149 κανόνα,
3324 4068 3401 4147 ὦς
3421 4086 3505 4169 .τῇ
3537 4087 3736 4142 ὑποθέ-

2155 4184 2237 4220 σει
2267 4167 2597 4239 πρόσφορον.
3272 4225 3283 4233 ,

2228 4260 2413 4329 Ἔχεις
2448 4260 2657 4327 λοιπὸν,
2690 4263 2993 4334 τιμιώτατε
3034 4267 3244 4340 Πάτερ,
3277 4272 3423 4326 κατὰ
3453 4274 3551 4345 τὴν
3593 4277 3730 4346 ἡμε·

1589 4365 1958 4409 verumtamcn
2003 4357 2046 4409 si

2164 4351 2320 4420 τέραν
2347 4351 2566 4419 γνῶσιν,
2595 4354 2731 4423 ὅπερ
2753 4356 2983 4427 ᾔτησας.
3001 4360 3144 4432 Πλὴν
3174 4358 3340 4437 [oua],
3361 4366 3459 4418 ἐὰν
3484 4371 3732 4439 ἀκριϐῶς

2157 4442 2251 4494 καὶ
2286 4443 2600 4507 ἀπταίστως
2671 4446 2851 4516 βούλει
2896 4442 3198 4517 κανονίζειν
3233 4458 3359 4520 τοὺς
3407 4461 3734 4528 προσιόντας

2154 4550 2277 4597 σοι,
2338 4536 2462 4599 τοὺς
2501 4537 2824 4601 ἐκτεθέντας
2865 4542 3018 4612 παρὰ
3066 4544 3172 4596 τῶν
3221 4547 3592 4618 ίεροκηρόκων
3634 4558 3735 4611 καὶ

2155 4623 2317 4679 θείων
2359 4627 2676 4682 ἀποστόλων
2706 4631 2847 4684 κατὰ
2874 4632 2984 4687 τῶν
3023 4634 3301 4707 θεοφόρων
3333 4639 3593 4713 Πατέρων
3625 4662 3731 4699 κα-

2152 4720 2312 4784 νόνας
2345 4723 2623 4792 ἐπιμελῶς
2654 4727 2952 4798 μετέρχου,
2992 4731 3080 4789 cat
3112 4718 3401 4805 ἀναφέρων
3430 4738 3558 4806 περὶ
3588 4741 3731 4796 πάν-

2152 4828 2261 4865 των
2281 4851 2295 4875 ,
2326 4807 2400 4866 ὧν
2430 4816 2817 4886 ἀμφισϐητεῖς,
2849 4818 2988 4890 μετὰ.
3019 4823 3402 4890 ταπεινώσεως
3427 4829 3519 4882 καὶ
3549 4847 3731 4901 παραο

2154 4899 2398 4977 κλήσεως
2454 4907 2529 4977 τῷ
2579 4911 2950 4984 μητροπολίτῃ
3000 4931 3133 4977 σου,
3181 4916 3398 4987 ἐνέργει
3447 4921 3588 4974 κατὰ
3627 4899 3732 4993 τὴν

2150 4994 2361 5048 ἐκείνου
2399 4998 2746 5069 συμϐουλὴν,
2783 5003 3019 5067 ἐκτενῶς
3064 5005 3157 5059 τοῦ
3193 5009 3400 5079 Κυρίου
3433 5009 3687 5081 δεόμενος
3709 5054 3728 5079 ,

2152 5085 2375 5159 δοθῆναί
2412 5106 2493 5142 σοι
2546 5093 2677 5163 παρ’
2728 5093 2895 5148 αὐτοῦ
2949 5094 3204 5168 γνώσεως
3253 5102 3350 5153 καὶ
3400 5101 3729 5173 διακρίσεως

2150 5178 2420 5248 χάρισμα.
2454 5179 2544 5250 Τῷ
2576 5182 2689 5235 ὄντι
2733 5183 2843 5256 γὰρ
2871 5183 2990 5238 λίαν
3031 5187 3499 5255 ἐστὶ.κινδυνῶὃες
3524 5193 3588 5246 τὸ
3629 5210 3733 5247 πε-

2153 5270 2663 5340 παρρησιασμένως
2716 5273 2939 5344 δεσμεῖν
2970 5278 3064 5329 καὶ
3102 5276 3253 5331 λύειν
3297 5283 3423 5346 τοὺς
3459 5284 3517 5335 ἐν
3567 5283 3733 5336 πταί-

2157 5378 2359 5439 σμασιν
2383 5362 2649 5427 ἁλόντας,
2679 5366 2773 5418 καὶ
2804 5366 2880 5441 μὴ
2915 5368 3226 5441 κατάλληλα
3261 5375 3374 5438 τοῖς
3406 5375 3732 5446 παθήμασιν

2155 5455 2586 5512 κατασκευάζε.ν
2611 5458 2680 5509 τὰ
2703 5460 2987 5531 φάρμακα.

2229 5590 2303 5661 (ὅ)
2337 5593 2833 5653 tionsnetudinibus
2866 5598 3181 5655 evetlantur.
