1947 3082
196 115 265 148 1067

795 116 985 146 STEPHANI
1008 114 1163 145 DlACUNl
1183 115 1236 144 (ΖΡ,

1763 113 1829 144 1068

195 178 291 199 amnes
305 170 448 205 oportebat
462 170 495 197 ad
511 170 582 205 ipsos
603 171 746 206 pontifices
762 171 902 203 accedere,
924 178 985 197 sua—
1000 177 1021 204 Α
1038 169 1294 203 snseipiendumque
1319 168 1489 202 dijudicarit,
1507 168 1529 195 is
1546 168 1561 194 l.
1573 176 1645 202 psos,
1661 170 1784 202 quamvis
1801 176 1830 197 et

196 224 250 251 quc
274 216 327 244 illis
350 216 456 243 occulta
478 216 615 250 prodere;
634 222 660 243 et
678 217 718 244 sie
743 217 782 243 rel
807 217 987 244 renuntiatio-

198 270 260 289 neni
278 263 318 288 vel
337 262 476 296 repudium
493 261 574 288 ferre.
596 262 693 297 ignaro
711 268 801 289 autem
823 263 868 297 qui
886 262 987 289 factum

198 313 243 341 sit,
260 313 289 334 ut
304 309 360 334 haec
373 308 461 334 minus
474 309 670 340 observentur;
684 309 810 342 quamvis
835 309 986 335 existimem

199 354 350 389 pontifices.
368 355 468 389 negotii
486 354 564 381 mdio
589 354 780 389 frequentique
806 354 988 381 multitudinis

199 401 364 428 turbulentia
400 401 579 434 defatigatos.
606 401 631 427 id
659 408 747 434 opera:
777 401 811 427 ad
840 401 989 427 monachos

199 447 385 474 transmisisse
402 455 408 472 :
423 446 455 472 ad
472 454 518 472 eos
531 446 634 473 Scilicet
651 447 696 479 qui
714 454 775 472 vere
793 446 898 478 probati
923 446 987 478 sint,

197 495 313 528 aliisque
331 492 504 519 valeautesse
519 493 618 519 utiles:
633 493 697 519 nihil
713 493 784 519 enim
796 493 848 519 tale
865 493 990 526 inexper-

198 541 232 566 tis
258 545 285 566 et
302 538 419 565 indoctis
445 538 638 572 permiserunt.
666 537 796 572 Equidem
824 538 850 564 in
876 539 987 564 adversa

196 586 321 619 corporis
344 584 499 611 valetudine
522 583 595 610 illum
619 584 792 618 inquirimus,
818 584 988 617 diciinusque

199 633 345 663 iueiliciiin,
359 631 404 665 qui
420 635 473 656 tam
491 631 577 664 reipsa
591 638 670 663 quam
687 630 789 662 verbis,
805 630 873 656 male
887 630 989 656 haben-

199 682 252 703 tein
271 685 369 705 curare
393 681 484 711 queat.
503 676 596 710 Itaque
613 684 664 702 non
680 676 857 710 respicieinus
874 676 900 702 in
917 676 989 702 hunc

199 726 240 753 vel
265 723 351 756 illum,
376 723 420 757 qui
441 726 538 757 printer
563 722 658 748 medici
686 729 781 749 nomen
806 722 871 748 nihil
891 721 989 748 habeat

201 768 316 801 medici;
339 768 384 795 sed
408 768 433 794 'ni
452 775 513 794 enni
538 766 582 800 qui
610 767 680 793 sicut
708 768 829 800 expedii,
852 767 986 794 medicum

199 818 327 848 praestare
340 813 449 848 poterit.
466 812 549 839 Porro
565 812 587 839 si
600 813 661 846 quis
675 818 804 846 expertus
819 813 855 839 sit
868 818 894 839 et
906 813 987 847 frugi,

198 864 225 886 ct
239 867 300 886 cum
318 859 379 891 hoc,
393 858 547 886 sacerdotio
560 858 696 892 fungatur.
712 858 745 884 ad
761 858 836 885 illum
850 858 876 884 in
893 859 988 893 primis
1006 853 1025 882 Β

198 906 378 932 accedendum
398 914 404 932 :
421 913 483 932 nam
499 904 599 939 poterit
623 906 712 940 indigo
736 906 874 940 prodesse,
905 913 986 933 acce-

198 950 305 977 dentem
320 958 349 978 se
364 951 519 985 diligentius
543 958 656 982 curare,
685 951 863 978 reconciliare
881 951 944 978 item
961 956 988 978 et

198 996 345 1030 iorrigere.
374 996 443 1023 Puto
466 1001 556 1023 autem
584 996 686 1022 nulluiu
709 997 755 1030 qui
784 997 827 1030 pie
853 1002 880 1023 et
909 994 988 1023 emite

199 1042 278 1077 hujus
301 1042 408 1069 molesti
426 1042 557 1077 temporis
581 1043 662 1069 vitam
678 1047 752 1077 agat,
767 1050 800 1069 ex
817 1043 868 1070 hoc
891 1043 988 1070 ordine

198 1088 442 1116 exaiietoraiiduin.
459 1089 605 1122 Caeterum,
621 1090 666 1123 qui
684 1090 763 1116 talem
790 1090 909 1121 accedit,
926 1097 985 1116 om—

199 1132 263 1158 uino
288 1132 375 1165 ipsum
392 1132 492 1166 dirigat
506 1137 534 1159 et
550 1133 678 1166 instruat,
697 1139 725 1159 ut
743 1139 817 1161 recte
843 1135 987 1168 dirigatur.

199 1177 231 1204 Et
247 1177 280 1209 is,
296 1183 398 1211 quanto
414 1178 566 1205 divinorum
584 1186 779 1213 sacrorumque
795 1187 929 1206 canonum
946 1188 990 1214 pe-

199 1223 277 1249 ritior
304 1223 404 1255 fuerit,
434 1224 484 1250 hoc
510 1224 625 1257 amplius
654 1225 780 1252 instruet.
807 1226 918 1258 Contra,
942 1226 989 1260 qui

199 1277 333 1296 canonum
360 1270 479 1304 vigorem
505 1276 532 1297 et
554 1279 630 1297 suam
657 1271 787 1306 cujusque
811 1272 901 1299 delicti
918 1273 988 1299 iuul-

201 1319 255 1340 tam
283 1314 433 1348 ignorarit;
452 1315 473 1341 is
487 1316 551 1342 nulli
565 1317 618 1343 ulla
635 1317 660 1342 in
678 1325 706 1343 re
722 1325 839 1350 unquam
856 1319 913 1344 usui
928 1326 989 1345 0:50

1039 222 1110 249 saepe
1123 220 1151 242 et
1167 217 1279 241 multum
1306 214 1483 255 deliqiigiiit,
1501 222 1554 248 quo
1571 219 1649 248 pacto
1673 214 1785 248 repellet
1797 220 1826 242 et

1040 262 1166 294 :il‘jlcit‘l;
1184 262 1237 287 imo
1249 261 1434 295 spiritualibus
1450 261 1683 295 increpationibus
1698 262 1828 289 admoue—

1040 308 1094 340 bit,
1124 308 1227 334 utiliter
1252 312 1383 334 consonet
1411 308 1494 334 v’tam
1520 306 1650 340 futuram,
1675 313 1701 333 et
1728 313 1828 334 :eterua

1039 355 1168 388 supplicia
1186 354 1211 380 in
1231 354 1389 380 memoriam
1414 354 1545 380 reducet?
1565 362 1647 380 unum
1664 354 1779 383 carebit.
1796 362 1831 381 ne

1040 400 1222 434 indulgentius
1238 406 1264 427 et
1281 403 1347 427 citra
1372 408 1479 426 omnem
1496 399 1712 434 objurgationcni
1738 400 1830 426 absol-

1039 452 1096 478 vat,
1115 447 1215 480 [latque
1231 447 1381 473 alienorum
1396 446 1540 472 criminum
1555 446 1701 480 particeps.
1717 445 1787 477 Jam,
1806 447 1829 473 si

1040 493 1084 527 qui
1100 497 1288 526 peccarcrant,
1307 493 1435 527 laerymis
1453 493 1618 526 liquescant,
1636 501 1667 519 ac
1685 493 1829 519 continen-

1041 544 1082 567 ter
1097 540 1228 566 maloruui
1254 546 1363 565 suorum
1391 538 1618 565 abalienationcin
1645 539 1829 572 meditegitur;

1041 586 1104 613 licet
1120 585 1147 612 in
1164 587 1257 611 eadem
1287 584 1455 615 reincidant,
1485 584 1673 618 suscipiendos
1691 591 1781 610 tamen
1798 593 1832 611 eo

1040 631 1160 661 duxeris,
1179 637 1382 664 congruumque
1398 630 1570 662 deputaveris
1584 629 1686 656 locum.
1703 629 1790 655 Penes
1807 634 1833 656 te

1040 676 1112 702 enim
1129 675 1243 702 facultas
1256 679 1308 706 est,
1327 679 1355 701 ut
1370 675 1452 706 nosti,
1467 682 1623 702 mensuram
1641 675 1832 709 castigationis

1040 722 1180 749 adhibeas.
1203 722 1255 748 Eos
1269 727 1358 748 autem
1374 722 1420 755 qui
1434 722 1496 749 hinc
1509 722 1653 756 ciuigraiit,
1670 721 1695 748 in
1709 730 1835 756 quocun-

1041 776 1092 803 que
1108 767 1206 794 fuerint
1224 773 1335 800 peccato
1352 768 1465 800 detenti,
1481 776 1514 794 ne
1531 768 1677 800 ligaveris;
1696 769 1743 794 sed
1762 768 1834 794 divi-

1042 821 1137 840 norum
1156 821 1341 847 purorumque
1367 819 1599 840 sacramentorum
1619 813 1701 840 facito
1717 813 1833 848 partici-

1041 868 1097 894 pes.
1124 859 1175 892 Qui
1199 859 1267 886 citra
1293 864 1402 894 pactum
1423 860 1526 892 polluti.
1545 860 1646 894 gratias
1662 866 1746 893 agant
1776 859 1834 887 Deo

1042 911 1147 939 nostro,
1176 906 1247 940 quod
1274 906 1306 933 de
1329 906 1453 933 faucibus
1489 907 1588 933 diaboli
1618 907 1727 934 liberati
1755 912 1832 933 sunt.

1040 951 1138 978 Parum
1156 952 1181 978 in
1198 952 1294 978 horum
1319 952 1524 986 castigationem
1547 953 1724 986 priescribcre
1741 960 1834 986 operm

1042 999 1170 1033 pretium.
1198 998 1255 1025 Non
1272 999 1345 1025 enim
1364 1003 1486 1025 nostrum
1507 1003 1549 1025 est
1565 998 1690 1031 definire,
1709 999 1756 1025 sed
1782 1005 1834 1025 vo-

1041 1045 1153 1071 luntatis
1169 1052 1262 1072 eorum
1285 1045 1330 1079 qui
1352 1044 1487 1071 mandatis
1507 1049 1604 1079 parcnt
1625 1054 1630 1071 :
1648 1050 1755 1079 tempus
1781 1045 1834 1072 etsi

1040 1092 1148 1126 longum
1165 1093 1211 1124 sil,
1228 1100 1281 1119 nou
1299 1097 1388 1118 tamen
1405 1092 1520 1126 amplius
1537 1097 1577 1119 est
1601 1099 1682 1126 quam
1696 1092 1833 1118 correctio

1043 1140 1180 1173 requirat;
1209 1138 1277 1165 forte
1303 1138 1368 1165 nihil
1395 1138 1505 1165 omnino
1532 1138 1667 1165 couuuodi
1697 1139 1836 1165 correctio

1043 1185 1162 1211 alferrel.
1183 1184 1307 1211 Vidimus
1330 1189 1432 1217 autem,
1449 1189 1475 1211 et
1491 1184 1565 1211 hreri
1589 1188 1710 1217 tempore
1734 1185 1837 1211 inultos

1044 1230 1127 1256 multa
1158 1230 1320 1257 abstersisse
1355 1239 1387 1257 ac
1422 1231 1592 1257 emendasse.
1620 1231 1748 1264 Alioquin
1781 1230 1836 1257 etsi

1043 1284 1168 1302 ini-usura
1185 1277 1314 1309 temporis
1327 1277 1370 1304 cui
1384 1277 1550 1311 injungatur,
1580 1277 1601 1303 is
1614 1281 1704 1303 tamen
1723 1278 1837 1303 tandem

1043 1322 1202 1354 dt'clarahll,
1219 1330 1252 1349 an
1266 1323 1346 1357 digne
1362 1323 1497 1350 admissus
1511 1323 1552 1350 vel
1567 1323 1724 1357 repudiatus
1737 1322 1837 1354 fuerit,

201 1360 309 1393 poterit.
331 1359 488 1394 Proiiterca,
506 1362 551 1396 qui
571 1361 681 1388 fratrem
697 1363 722 1389 iii
748 1372 788 1395 se,
804 1372 858 1389 uno
880 1364 989 1391 eodem-

1042 1367 1088 1400 qui
1104 1365 1239 1394 inundatis
1253 1367 1494 1403 obtemperaverit.

201 1413 253 1439 que
281 1405 325 1432 die
351 1407 453 1440 septies
479 1413 647 1441 peccantem,
674 1409 750 1434 reuia
778 1409 987 1436 eondmiauduin

204 1480 1832 1499 Μ

836 1558 922 1580 ANNO
944 1558 1057 1581 DOMINI
1075 1558 1217 1581 DCCCVIII.

704 1646 1208 1738 STEPHAN
1213 1649 1345 1739 US

452 1804 1149 1851 CONSTANTINOPOLITAN
1162 1807 1228 1851 US
1266 1805 1484 1853 DIACON
1496 1808 1583 1853 US.

926 1937 1109 1968 NOTlTlA.
1150 1954 1152 1956 ι

648 2019 756 2050 (Fannia.
778 2018 894 2044 Bibliolli.
912 2020 990 2044 (ἔναιε.
1007 2022 1026 2043 t.
1040 2019 1105 2050 Vlll,
1119 2027 1144 2051 p.
1161 2020 1216 2050 549,
1229 2021 1269 2045 ed.
1284 2020 1393 2052 Harles.)

240 2095 438 2134 Stephanus,
475 2094 629 2125 diaconus
661 2093 812 2134 Ecclesiae
846 2093 1225 2134 Constantinopolitanm,
1258 2092 1450 2134 un.VChristi
1474 2094 1533 2124 808
1572 2093 1698 2132 scripsit
1730 2094 1837 2126 Vitam

200 2132 350 2172 Stephani
369 2134 533 2170 Junioris,
552 2142 603 2163 an.
623 2134 681 2162 766
705 2132 765 2162 sub
788 2132 997 2172 Constantino
1029 2134 1231 2171 Copronymo
1257 2133 1367 2167 occisi,
1391 2142 1484 2172 quam
1515 2134 1621 2163 Grmce
1653 2137 1683 2164 et
1714 2135 1835 2169 Latine,

201 2171 505 2208 Paris.1692in—It°,
536 2172 666 2202 edidere
693 2172 837 2201 monachi
859 2171 1058 2201 Benedictini
1091 2172 1335 2203 celebratissimi
1358 2173 1539 2203 Bei‘nardus
1565 2173 1604 2203 de
1629 2173 1836 2204 Montl'aucun

201 2217 231 2242 ct
246 2212 384 2243 Jacobus
402 2212 567 2251 Loppinus
582 2212 645 2250 (an.
665 2211 753 2242 1603.
766 2211 806 2240 29
824 2211 898 2240 Dec.
916 2210 1079 2246 denatus).

554 2358 1100 2406 BENEDICTINORUM
1140 2357 1480 2405 PREFATIO.

797 2448 924 2480 (Analecta
940 2450 1036 2479 arma,
1054 2452 1071 2473 t.
1091 2449 1109 2477 1,
1126 2456 1149 2480 p.
1168 2448 1235 2478 396.)

238 2515 367 2543 Ultimum
384 2512 473 2539 locum
490 2511 595 2538 obtinet
622 2511 680 2537 Vita
699 2511 786 2537 sancti
811 2512 942 2546 Stephani
958 2512 1090 2544 Junioris,
1106 2513 1149 2545 qui
1173 2518 1293 2542 tempore
1315 2511 1484 2538 Constantini
1500 2511 1664 2545 Copronyuii
1681 2511 1715 2537 oh
1731 2511 1834 2539 cultum

199 2565 357 2588 sanctarum
386 2556 532 2591 imaginum
551 2554 766 2582 crudelissimam
785 2562 900 2582 mortem
920 2557 1003 2583 subiit
1018 2566 1025 2585 :
1042 2565 1101 2591 qum
1121 2557 1180 2583 \‘iia
1198 2565 1212 2583 a
1230 2556 1370 2590 Stephano
1386 2556 1512 2582 Ecclesia:
1528 2555 1835 2590 Consmutiuopolitaua-

199 2605 315 2630 diacono
345 2599 554 2636 quadragesimo
571 2598 690 2625 secundo
709 2602 770 2631 post
784 2599 871 2625 sancti
892 2598 1024 2635 Stephani
1038 2601 1140 2628 obitum
1159 2608 1229 2626 anno
1245 2601 1398 2634 conscripta
1415 2605 1464 2631 est,
1480 2605 1507 2626 ut
1521 2604 1615 2626 auctor
1632 2600 1688 2633 ipse
1707 2606 1832 2626 testatur.

201 2646 285 2680 lliijus
311 2645 419 2679 quidem
445 2642 531 2670 sancti
555 2640 644 2668 Vitam
659 2648 673 2666 a
689 2639 870 2675 Metaphraste
893 2644 1071 2675 coniposilain
1088 2652 1103 2669 (ι
1116 2643 1208 2670 Cra-ca
1236 2644 1324 2677 lingua
1343 2644 1368 2670 in
1385 2642 1506 2669 Latinam
1526 2644 1591 2669 oliui
1608 2647 1726 2669 verterat
1741 2649 1765 2670 et
1785 2652 1833 2678 pii-

201 2691 262 2717 lilici
284 2689 351 2724 juris
376 2689 477 2715 fecerat
502 2685 676 2714 doctissimus
703 2685 786 2712 abbas
810 2685 927 2714 Jacobus
954 2687 1055 2714 Dillius.
1077 2687 1177 2714 Verum
1201 2695 1232 2714 ea
1255 2696 1336 2722 q-iazu
1360 2688 1507 2718 tradimus,
1536 2694 1568 2714 cx
1594 2695 1646 2721 qua
1675 2695 1750 2714 suam
1779 2688 1833 2721 ipse

202 2734 398 2765 Pili-inplirasies
433 2731 551 2762 collegit,
583 2729 714 2756 hactenus
741 2729 811 2756 nulla
841 2730 866 2755 in
889 2731 978 2765 lingua
1006 2733 1113 2766 vulgata
1134 2737 1183 2758 est.
1211 2732 1265 2758 Nos
1292 2733 1364 2758 iilaui
1389 2740 1448 2757 (‘lllll
1468 2737 1584 2765 quatitur
1610 2739 1676 2758 mss.
1706 2738 1832 2758 acrttt'ald

199 2777 375 2806 contulimus,
391 2784 449 2801 uno
466 2774 571 2801 scilicet
599 2774 679 2807 regite
705 2773 877 2800 Bibliotbccie
893 2774 974 2807 9.023,
1004 2777 1090 2801 tribus
1105 2777 1162 2801 aliis
1187 2777 1361 2802 liinliiulu-i-e
1386 2777 1547 2802 (lolheriiuie
1566 2775 1649 2807 23:23,
1669 2776 1746 2807 15-17,
1767 2775 1829 2803 ἴλὶϋῗ).

198 2825 313 2852 quorum
335 2818 447 2844 ultimus
467 2818 553 2844 media
572 2822 648 2851 parte
671 2817 793 2849 mutilus,
811 2817 854 2843 alii
870 2822 925 2844 tres
945 2819 1040 2853 integri
1065 2826 1128 2847 sunt
1147 2830 1151 2846 :
1169 2830 1263 2847 manus
1280 2829 1342 2847 tero
1358 2820 1459 2854 aniiqui
1479 2826 1503 2846 et
1522 2820 1629 2853 optiinic
1647 2825 1725 2846 notae.
1742 2818 1829 2853 Neque
