1970 3085
210 138 274 170 1071

829 143 996 173 ΤΕΡΠΑΝΙ
1017 145 1171 176 ΟΙΛΕΟΝΙ
1192 148 1246 178 (ᾹΡ.

1762 150 1826 181 1079

209 202 295 231 plura:
315 202 399 222 sacra.-
419 194 547 229 intplelur
564 204 569 221 :
588 194 702 222 Ostende
717 197 780 222 mihi
796 197 891 230 facient
909 201 981 223 luam

1045 200 1124 235 ζῆλον
1143 202 1217 236 ἡμᾶς
1241 202 1398 237 ἀνάγουσιν,
1424 205 1453 230 ἐν
1471 202 1511 236 οἷς
1528 204 1575 231 καὶ
1589 204 1619 230 τὸ
1637 205 1827 240 ίερογραφικὸν

208 248 231 268 ει
256 242 299 276 [ac
323 245 351 267 ut
369 241 474 267 audiam
500 248 584 267 vocent
613 246 687 266 luunt
704 241 724 268 ’⁵.
747 240 895 276 Utrumque
921 243 991 269 enim

209 288 327 322 imagine
342 287 457 319 videtur,
471 292 499 314 et
514 288 615 322 scripta
629 287 751 314 oratione
765 287 884 314 auditur.
904 288 990 315 Caete-

211 341 280 365 rttm,
299 332 423 367 imaginis
437 332 543 367 quidem
559 337 684 366 aspectus
697 332 730 359 ab
744 332 785 359 Itis
800 333 990 366 proﬁciscitur,

209 380 253 414 qui
277 378 430 413 hujusmodi
462 383 547 404 artcm
575 378 673 404 callent
692 386 698 404 ί
715 378 801 404 oratio
824 386 903 409 vero.
934 386 992 412 qua:

209 425 301 452 auditu
318 424 475 458 percipitur,
490 429 614 451 auctorcs
626 431 672 450 cos
684 424 774 455 habet,
789 424 833 457 qui
850 424 874 450 in
890 423 991 458 Spiritu

210 471 300 497 divino
315 475 341 496 et
356 469 496 504 disciplina
520 468 682 502 cognitionis
708 468 807 495 divinis
833 469 912 495 rebus
929 474 992 495 sunt

209 516 316 543 initiati.
336 515 402 541 llinc
431 522 498 548 ego,
515 516 559 549 qui
579 515 615 541 rei
637 514 778 548 utriusque
801 522 898 548 expers
917 522 988 547 sum,

209 571 263 598 prce
278 567 348 589 metu
362 562 452 588 animo
465 560 587 595 dcjicior,
604 567 692 594 neque
707 561 739 586 ad
756 553 908 594 susceptum
923 568 990 592 Opus

207 609 422 643 persequcmlunt
440 614 470 633 os
484 606 589 639 apciire
605 606 644 631 vel
660 613 767 631 manum
785 606 927 632 admovere
944 613 991 631 au-

207 658 275 688 deo;
302 663 333 681 tte
349 654 417 680 forte
438 653 462 679 in
479 652 594 679 dicendo
611 651 811 677 intolerandum
831 650 990 677 temeritatis

208 702 299 728 vitiant
329 700 476 727 incttrram.
499 698 564 724 Nam
593 698 703 731 laqueus
722 696 825 723 validus
850 697 909 723 viro
925 701 989 723 sunt

207 747 314 782 propria
330 746 410 776 labia,
423 745 459 771 ait
474 743 660 774 Proverbium,
672 747 700 769 ut
715 747 741 768 et
755 741 883 776 scriptum
896 747 947 773 est,
962 745 989 768 ct

207 793 297 820 verbis
309 791 409 827 propni
422 790 505 825 398
518 790 573 815 oris
590 788 773 822 unusquisque
789 788 905 821 capitur,
916 795 988 814 nter-

206 847 251 866 res
277 844 365 865 autem
400 837 529 863 labinrunt
559 835 615 867 ejus
645 834 750 861 dabitur
777 834 824 860 illi.
849 833 985 867 Siquidem

207 892 321 920 magnus
345 889 371 911 et
394 882 518 909 amabilis
544 885 585 907 est
609 880 721 914 hujusce
747 879 875 914 spiritalis
902 884 987 906 cretus

207 933 331 966 princeps
357 935 469 956 Sanctus
499 933 599 961 martyr
625 926 779 960 Stephanus
797 934 803 952 :
821 925 903 952 multa
923 932 987 952 vero

206 977 280 1009 parvi
299 975 350 1001 mei
372 981 399 1001 et
415 975 503 1001 tentiis
528 973 627 1007 ingenii
653 973 764 1008 penuria
790 976 829 999 est
844 981 850 1006 ;
867 976 896 999 ul
911 971 987 998 valde

205 1023 338 1054 inmitem,
352 1021 453 1052 dilecti,
463 1020 532 1046 unde
546 1019 583 1046 illi
597 1027 651 1046 stne
663 1019 724 1045 vitae
737 1019 843 1045 laudum
860 1025 986 1045 coronam

205 1069 327 1098 oili-ram,
344 1067 385 1094 vel
404 1066 537 1101 quomodo
552 1065 720 1099 splendidum
736 1064 854 1098 ejusdem
871 1069 898 1091 et
913 1064 987 1091 labo-

206 1122 306 1142 riosum
331 1112 434 1139 vivendi
460 1118 542 1145 genus
557 1118 700 1145 exponant,
723 1115 769 1136 aut
785 1117 942 1145 generosam
960 1110 985 1136 itt

204 1159 344 1187 subeundo
363 1158 491 1192 martyrio
514 1157 654 1184 audaciam
673 1163 809 1182 enarrem.
836 1155 899 1188 Quae
912 1155 985 1181 cnim

205 1213 327 1240 superum
345 1205 437 1239 grati-te
453 1203 552 1230 auxilio
569 1201 686 1229 confecit
709 1201 843 1236 prodigia,
859 1202 924 1227 adeo
938 1200 986 1226 ad-

204 1251 355 1279 mirabilem
368 1251 507 1278 continent
521 1248 713 1280 narrationem,
730 1251 758 1274 ut
772 1251 886 1273 mentem
900 1253 985 1272 meam

204 1298 365 1326 conturbent
378 1300 404 1322 et
420 1304 434 1323 e
450 1303 497 1322 sua
521 1295 585 1322 sede
598 1298 626 1321 et
640 1298 713 1320 statu
736 1293 901 1324 dimovaant,
923 1299 985 1327 pro-

204 1346 332 1379 priosque
349 1342 480 1369 terminos
499 1340 636 1367 transilire
656 1344 765 1373 cogant.
785 1338 984 1371 Verumtamen,

203 1396 333 1426 quantum
358 1388 464 1423 ingenio
484 1386 569 1417 valeo,
588 1385 678 1414 dicere
699 1392 750 1411 nou
768 1384 908 1419 refugiant.
931 1383 986 1410 Nec

203 1437 285 1468 enim,
302 1442 353 1462 non
373 1442 419 1468 pro
436 1432 564 1466 dignitate
587 1430 706 1462 laudare,
730 1430 776 1456 sed
794 1426 845 1456 no’n
863 1438 910 1464 pro
922 1430 986 1455 viri-

203 1483 264 1514 bus,
278 1479 450 1508 damuatione
464 1479 572 1512 dignum
587 1482 638 1504 est.

236 1567 369 1600 Quocirca
394 1568 586 1599 congruentem
599 1563 714 1590 orationi
740 1568 854 1590 mentem
870 1563 982 1594 habens,

202 1611 311 1640 tametsi
337 1610 389 1637 tale
416 1609 517 1643 aliquid
537 1615 673 1642 nunquam
690 1614 834 1641 aggressus
859 1615 928 1639 sum,
951 1608 984 1633 ab

202 1657 263 1684 aliis
276 1656 420 1686 excitatus,
434 1659 488 1680 tota
506 1661 565 1679 mea
581 1652 707 1679 facultate
724 1657 822 1679 memet
834 1652 895 1679 huic
909 1652 982 1686 operi

202 1703 273 1730 dedi.
291 1701 402 1729 Scilicet
416 1706 521 1726 mecum
537 1698 627 1724 animo
642 1697 795 1724 volutabam
809 1691 983 1724 avitam

202 1752 356 1777 damnatam
369 1747 588 1778 inobedientiam,
605 1746 732 1780 illutnque
747 1745 844 1772 malum
864 1753 982 1779 servum,

202 1796 248 1831 qui
266 1794 393 1821 talentum
409 1793 436 1819 in
453 1797 524 1818 terra
539 1791 729 1818 absconderat.
741 1791 860 1818 Verebar
877 1799 984 1825 qttoqtte

202 1849 235 1869 ne
243 1842 367 1867 diuturna
379 1837 604 1874 praetermissione
613 1836 807 1864 in'oblivionem
817 1838 919 1864 veniret
927 1837 983 1864 hinc

202 1886 346 1915 venerandi
367 1884 455 1912 Patris
469 1883 552 1910 nostri
566 1882 648 1918 399
667 1882 742 1915 Vita;
760 1887 789 1909 ut
804 1883 876 1910 enim
898 1882 982 1909 solent

200 1934 286 1961 nubes
298 1931 366 1960 solet
380 1930 547 1957 abscondere
563 1938 570 1956 ε
587 1930 626 1956 sic
642 1933 745 1962 tempus
755 1935 797 1961 ea,
815 1935 873 1962 quae
894 1928 990 1955 verbis”

200 1988 253 2007 non
263 1978 444 2008 celebrantur,
456 1979 547 2010 tegere
562 1975 720 2006 consuevit;
735 1981 886 2008 quanquam
898 1981 914 2000 a
929 1980 982 2008 quo

200 2024 374 2052 beatiSsimus
385 2022 463 2049 Pater
480 2025 571 2048 noster
586 2019 738 2055 Stephanus
750 2028 854 2047 sacram
869 2025 982 2047 mortem

200 2071 331 2106 martyrio
347 2068 424 2101 obiit,
439 2068 471 2094 ad
491 2067 650 2094 hodiernum
666 2066 748 2097 diem,
765 2074 851 2093 annus
867 2066 982 2100 quadra-

200 2117 318 2152 gesimus
335 2116 467 2143 secundus
485 2114 631 2148 praeteriit;
652 2120 706 2147 quo
723 2113 860 2144 incitatus,
882 2113 954 2140 illius
966 2121 981 2140 a

200 2162 301 2189 teneris
315 2159 466 2193 unguiculis
480 2158 512 2184 ad
532 2161 699 2199 senectutem
709 2162 796 2192 gesta,
807 2157 982 2192 ejusdemque

1044 247 1132 274 ὲκεῖνο
1149 247 1302 283 πληροῦται
1316 250 1345 276 τὸ
1358 251 1463 284 φάσκον
1476 259 1482 266 ·
1499 251 1602 283 Δεῑξόν
1615 260 1665 285 μοι
1686 252 1743 285 τὴν
1757 252 1827 286 ὄψι»-

1044 300 1114 323 σου,
1132 293 1179 319 καὶ
1204 294 1366 322 ἀκούσια-όν
1386 304 1425 330 με
1440 295 1496 329 τὴν
1512 296 1618 330 φωνήν
1631 304 1700 323 σου.
1727 298 1826 331 ’Ἄμφω

1042 338 1096 372 γὰρ
1111 337 1154 364 διὰ
1182 339 1286 370 εἰκόνος
1301 341 1409 374 ὁρᾶται,
1433 341 1481 367 καὶ
1508 341 1553 367 διὰ
1580 341 1720 376 Γραφικοῦ
1747 342 1825 376 λόγου

1042 382 1227 414 ἀκοντίζεται.
1247 385 1302 411 Καὶ
1318 386 1333 420 ἡ
1349 385 1399 420 μὲν
1416 386 1466 420 τῆς
1477 386 1581 418 εἰκόνος
1598 387 1693 422 ὅρασις
1705 388 1825 422 πέφυκεν

1042 426 1073 452 ἐκ
1090 427 1144 453 τῶν
1163 429 1313 463 ἐπιτέχνως
1329 438 1388 461 πως
1404 430 1453 465 τὴν
1471 431 1556 466 αὐτὴν
1579 432 1736 467 ἐπιστήμην
1752 433 1826 467 ἐχόν-

1041 480 1105 500 των.
1123 473 1151 499 '0
1166 474 1193 499 δὲ
1209 475 1256 508 τῆς
1268 475 1352 509 ἀκοῆς
1367 476 1444 510 λόγος
1456 477 1488 503 ἐκ
1504 477 1556 503 τῶν
1571 479 1599 503 ὲν
1610 478 1748 512 Πνεύματι
1761 478 1824 513 θείῳ

1042 518 1088 544 καὶ
1108 519 1218 555 παιδείᾳ
1236 521 1365 553 γνώσεως
1385 523 1570 556 μεμυημένων
1586 523 1621 549 τὸ.
1634 523 1702 550 θεῖα.
1717 523 1823 549 Τούτων

1042 565 1132 591 αὐτῶν
1148 566 1161 584 ιν
1171 567 1336 602 ἀμφοτέρων
1350 568 1472 603 ἀμοιρῶν
1486 569 1585 600 καύτὸς
1603 570 1701 604 ἔγωγε,
1717 570 1756 605 τῷ
1769 570 1823 596 δέει

1010 646 1012 649 γ
1040 611 1292 647 καθυποϐάλλομαι,
1310 614 1358 639 καὶ
1377 614 1446 649 πρὸς
1464 613 1512 649 τὴν
1527 614 1685 649 ἐγχείρησιν
1699 615 1822 650 ἀτόλμως

1040 656 1093 690 ἔχω
1109 657 1197 691 στόμα
1210 658 1314 690 ἀνοῖξαι
1328 659 1376 684 καὶ
1391 660 1472 694 χεῖρα
1486 660 1582 691 τεῖναι,
1597 659 1644 686 τὸν
1657 660 1706 694 τῆς
1721 669 1823 694 προπε-

1038 701 1113 733 τείας
1139 703 1278 729 δύσοιστον
1304 704 1402 739 μήπως
1422 705 1451 731 ὲν
1476 705 1514 740 τῷ
1539 705 1628 739 λέγειν
1643 706 1821 741 ὑπομεεναιμι

1038 747 1148 782 τρόπον.
1167 748 1253 781 Παγὶς
1280 748 1333 784 γὰρ
1362 749 1460 783 ἰσχυρὰ
1485 749 1563 784 ἀνδρὶ
1586 750 1620 775 τὰ
1653 750 1705 776 ίδια
1735 750 1821 785 χείλη,

1041 793 1246 827 παροιμιακῶς,
1274 793 1311 824 ὡς
1342 793 1388 819 καὶ
1419 795 1586 829 γέγραπται,
1613 795 1660 820 καὶ
1683 795 1821 822 ἁλίσκεται

1039 838 1159 872 ῥήμασιν
1191 839 1257 864 ἰδίου
1277 840 1413 873 στόματος
1439 840 1571 870 ἕκαστος·
1589 841 1766 876 ἀνταπόδομα
1793 841 1820 867 δὲ

1038 883 1151 918 χειλέων
1167 884 1250 910 αὑτοῦ
1264 885 1408 919 δοθήσεται
1425 885 1500 920 αὐτῷ
1511 894 1519 901 ·
1535 886 1621 920 μέγας
1635 887 1690 921 γὰρ
1715 887 1761 913 καὶ
1775 888 1822 913 ὲπ-

1039 930 1153 965 έραστος
1162 931 1175 956 ὁ
1186 931 1288 965 ταύτης
1299 931 1350 965 τῆς
1365 933 1553 967 πνευματικῆς
1562 933 1743 968 πανηγύρεως
1758 941 1821 968 προ-

1037 974 1159 1010 εξάρχων
1174 976 1340 1011 δσιόμαρτυς
1366 977 1517 1011 Στέφανος·
1545 978 1592 1003 καὶ
1616 978 1683 1004 πολὺ
1699 984 1710 997 ε
1738 978 1819 1013 ήτῆς

1037 1021 1105 1055 ἐμῆς
1124 1021 1291 1055 πτωχονοίας
1313 1022 1435 1048 οὐθένεια
1452 1022 1549 1057 μικρά..
1567 1024 1622 1049 Καὶ
1646 1023 1728 1050 πόθεν
1747 1024 1820 1058 αὐτῴ

1036 1066 1090 1092 τῶν
1104 1067 1251 1101 ἐγκωμίων
1265 1066 1311 1093 τοῦ
1326 1067 1385 1102 βίου
1400 1068 1527 1103 προσάξω
1540 1068 1585 1095 τὸν
1603 1069 1745 1104 στέφανον;
1764 1070 1818 1101 πῶς

1036 1111 1063 1137 δὲ
1074 1110 1126 1137 καὶ
1138 1111 1187 1146 τῆς
1201 1111 1284 1137 αὐτοῦ
1297 1112 1437 1143 πολιτείας
1447 1113 1578 1147 ὲκφράσω
1586 1113 1617 1140 τὸ
1633 1115 1759 1149 λαμπρὸν
1773 1116 1819 1141 καὶ

1036 1156 1175 1190 ἐπίπονον,
1195 1157 1292 1192 ἀπορῶ
1317 1157 1388 1190 λίαν,
1416 1159 1569 1193 ἀγαπητοί·
1591 1159 1607 1195 ἢ
1626 1160 1685 1191 πῶς
1705 1161 1759 1195 τῆς]
1773 1161 1819 1186 ἐπ-

1036 1202 1119 1229 άθλου
1132 1203 1285 1238 μαρτυρίας
1301 1203 1438 1238 ἐξείποιμι
1455 1204 1485 1229 τὸ
1495 1204 1636 1239 εὔτολμον.
1653 1205 1692 1232 Τὰ
1709 1205 1762 1240 γὰρ
1776 1206 1818 1232 διὰ

1035 1248 1084 1282 τῆς
1098 1247 1202 1274 ἄνωθεν
1217 1247 1328 1283 χάριτος
1340 1248 1386 1274 ὑπ’
1398 1249 1481 1275 αὐτοῦ
1501 1249 1662 1277 τελεσθέντα
1678 1251 1816 1286 τεράστια,

1036 1292 1199 1328 θαυμαστὴν
1220 1293 1314 1327 ἔχοντα
1330 1293 1380 1328 τὴν
1395 1294 1530 1330 διήγησιν,
1552 1295 1691 1329 κραδαίνει
1710 1304 1759 1330 μου
1774 1295 1817 1322 τὸν

1035 1338 1162 1373 λογισμὸν
1173 1338 1220 1365 καὶ
1234 1338 1382 1373 ἐξίστησιν,
1400 1340 1447 1365 καὶ
1461 1339 1514 1366 τῶν
1533 1340 1642 1366 οἰκείων
1675 1341 1746 1375 ὅρων
1763 1341 1817 1367 ὰπ-

1036 1383 1159 1410 ελαύνειν
1178 1383 1311 1418 βιάζεται.
1325 1385 1398 1420 Πλὴν
1410 1386 1448 1417 είς
1461 1386 1521 1411 ὅσον
1537 1386 1654 1420 ἐπαρκεῖ
1666 1387 1744 1421 μουή
1760 1386 1816 1413 διά-

1035 1438 1103 1461 νοια,
1122 1429 1171 1455 οὐκ
1184 1430 1292 1464 ὀκνήσω
1308 1429 1409 1463 λέγειν.
1427 1430 1462 1455 Οὐ
1483 1430 1537 1464 γὰρ
1558 1430 1587 1456 τὺ
1606 1430 1642 1466 μὴ
1667 1431 1728 1457 κατ’
1742 1431 1818 1462 ἀξίαν

1035 1474 1219 1509 ἐγκωμιάσαι,
1228 1475 1392 1507 κατάκρισις
1401 1482 1407 1489 ⁸
1418 1475 1486 1502 ἀλλὰ
1497 1475 1527 1501 τό
1538 1484 1569 1508 γε
1581 1476 1621 1508 είς
1631 1476 1746 1511 δύναμιν
1753 1475 1818 1512 ἧκον

997 1539 1018 1567 C
1038 1524 1074 1557 μὴ
1091 1522 1190 1556 λέγειν,
1205 1521 1389 1555 κατάγνωσις.

1074 1567 1119 1594 Διὸ
1141 1567 1300 1602 σύμμετρον
1312 1568 1382 1602 ἔχων
1405 1567 1445 1602 τῷ
1460 1567 1531 1603 λόγῳ
1552 1568 1601 1604 τὴν
1619 1569 1733 1601 ἔννοιαν,
1745 1571 1758 1596 ὁ
1773 1579 1818 1605 μη-

1037 1613 1132 1639 δέποτε
1148 1614 1188 1643 εἰς
1203 1612 1325 1639 τοιοῦτόν
1339 1621 1365 1638 τι
1380 1614 1570 1647 ἐπιχειρήσας,
1587 1615 1661 1649 πάσῃ
1677 1623 1728 1649 μου
1739 1615 1817 1642 δυνά-

1039 1667 1083 1694 μει
1099 1659 1267 1693 προτραπεὶς
1287 1658 1383 1685 ἑαυτὸν
1397 1659 1565 1686 ἐπιδέδωκα·
1583 1661 1633 1695 τὴν
1656 1662 1817 1696 προγονικὴν

1037 1707 1086 1740 τῆς
1104 1704 1175 1736 Εὔας
1198 1705 1227 1731 ὲν
1243 1704 1280 1740 νῷ
1300 1705 1396 1732 λαϐὼν
1414 1706 1576 1741 κατάκριτον
1600 1708 1752 1743 παρακοὴν,
1773 1710 1816 1735 καὶ

1037 1751 1081 1776 τὸν
1100 1750 1128 1775 ἐν
1151 1751 1184 1784 τῇ
1203 1750 1239 1784 γῇ
1262 1749 1293 1775 τὺ
1308 1749 1438 1776 τάλαντον
1452 1750 1569 1785 πονηρὸν
1581 1750 1674 1777 δοῦλον
1702 1753 1815 1788 κατορύ-

1038 1795 1121 1827 ξαντα
1134 1794 1347 1828 ἐνθυμούμενος,
1369 1794 1416 1821 καὶ
1431 1795 1478 1821 τοῦ
1497 1796 1597 1831 μήπως
1613 1798 1645 1831 τῇ
1662 1798 1757 1833 χρονίᾳ
1769 1807 1816 1824 πα-

1039 1841 1159 1876 ραδρομῇ
1173 1841 1212 1871 είς
1225 1840 1309 1875 λήθην
1319 1841 1389 1867 ἔλθοι
1399 1842 1413 1866 ὁ
1425 1841 1527 1867 τοιόσδε
1539 1842 1584 1868 τοῦ
1600 1842 1751 1878 σεϐασμίου
1764 1845 1815 1870 Πα-

1036 1886 1098 1920 τρὺς
1110 1886 1189 1921 ἡμῶν
1202 1885 1259 1920 βίος
1269 1893 1277 1900 '
1289 1883 1343 1911 οἶδε
1353 1885 1407 1920 γὰρ
1416 1885 1510 1921 ὥσπερ
1521 1887 1619 1921 νεφέλη
1631 1889 1762 1922 κρύπτειν
1773 1890 1814 1916 τὸν

1035 1932 1122 1967 ἥλιον,
1139 1931 1210 1958 οὕτω
1226 1932 1273 1958 καὶ
1286 1932 1381 1967 χρόνος
1392 1931 1539 1958 καλύπτειν
1555 1932 1588 1959 τὰ
1604 1933 1641 1967 μὴ
1649 1933 1813 1968 λαλούμενα’

1037 1978 1139 2012 καίπερ
1161 1978 1382 2012 τεσσαρακοστοῦ
1398 1977 1525 2013 δευτέρου
1541 1978 1619 2010 ἔτους
1646 1979 1814 2015 παραδεδρα-

1038 2024 1168 2059 μηκότος,
1184 2023 1230 2057 ἀφ’
1244 2020 1330 2058 οὗπερ
1345 2023 1393 2058 τὴν
1409 2023 1452 2049 διὰ
1470 2024 1620 2059 μαρτυρίου
1637 2026 1712 2059 ἱερὰν
1727 2026 1815 2052 τελευ-

1036 2069 1112 2104 τὴνό
1137 2069 1295 2104 παμμάκαρ
1323 2069 1426 2103 ὑπέστη
1452 2068 1548 2104 Πατὴρ
1572 2069 1652 2104 ήμῶν
1682 2070 1815 2104 Στέφανος

1038 2114 1120 2149 μέχρι
1148 2114 1198 2148 τῆς
1223 2114 1291 2145 νυνὶ,
1310 2112 1344 2149 ἧς
1365 2114 1533 2148 προτραπεὶς
1559 2115 1728 2150 ἀνελεξάμην
1752 2116 1814 2150 παρ’

1036 2159 1221 2193 ἀληθευόντων
1237 2159 1341 2193 ἀνδρῶν
1365 2159 1412 2185 καὶ
1428 2159 1482 2186 τῶν
1496 2159 1579 2186 αὐτοῦ
1598 2162 1746 2195 φοιτητῶν,
1766 2158 1815 2188 ὧδέ

199 2212 275 2234 ortus
291 2211 318 2232 et
338 2205 428 2232 obitus
451 2203 621 2238 gratissimas
640 2207 668 2229 et
687 2203 860 2230 admirabiles
885 2210 979 2230 narra-

1037 2211 1064 2230 τε
1077 2204 1189 2230 κάκεῖσε
1207 2203 1354 2238 περιθέων,
1374 2204 1423 2230 καὶ
1439 2204 1638 2239 περιαθροίζων
1654 2206 1688 2232 τὰ
1703 2206 1732 2238 ἐξ
1746 2208 1815 2233 ἁπα-

201 2252 287 2277 tiones
305 2257 321 2276 ιι
336 2249 401 2275 viris
424 2247 550 2274 veridicis
574 2246 685 2281 ejusque
701 2246 852 2281 discipulis,
879 2247 931 2275 huc
954 2255 982 2276 et

200 2297 264 2323 illuc
280 2296 445 2326 discurrens,
459 2294 592 2327 excerpsi,
609 2297 690 2327 atque
704 2300 719 2319 e
732 2293 811 2328 longo
824 2298 945 2328 tempore
957 2301 985 2322 et

200 2343 345 2374 oblivione,
369 2341 442 2367 velut
458 2348 473 2367 e
486 2338 619 2375 profundo
636 2339 725 2374 aliquo
742 2341 818 2373 erui;
836 2340 981 2367 studiosam

200 2396 279 2424 apem
296 2388 446 2419 mundatus,
472 2393 531 2421 qua:
556 2385 677 2420 plurimis
691 2392 706 2412 e
720 2385 834 2413 ﬂoribus
855 2393 897 2417 ea,
922 2392 982 2419 qua:

201 2433 234 2461 ad
250 2433 337 2460 mellis
348 2431 545 2459 coniectionem
557 2429 709 2457 necessaria
726 2433 799 2462 sunt,
817 2428 926 2462 colligit.

237 2566 334 2594 Verum
354 2566 429 2593 nobis
445 2566 537 2600 prasit
553 2565 688 2595 Christus,
703 2571 782 2591 verus
794 2562 864 2590 Deus
881 2568 982 2595 uoster,

200 2614 245 2648 qui
270 2613 408 2640 llluminat
437 2620 538 2638 omnem
561 2611 690 2637 flaminem
711 2610 851 2637 venientem
872 2610 981 2636 iulium:

237 2691 246 2705 ³
265 2690 344 2717 Cant.
369 2696 401 2718 ιι.
421 2689 462 2715 lt.

1035 2249 1088 2276 λῶν
1103 2249 1206 2284 ὀνύχων
1222 2248 1304 2275 αὑτοῦ
1321 2249 1367 2276 καὶ
1386 2250 1468 2285 μέχρι
1484 2251 1588 2285 γήρως,
1600 2251 1635 2277 τά
1649 2260 1678 2277 τε
1690 2252 1740 2286 τῆς
1758 2261 1816 2286 γεν-

1035 2297 1138 2329 νήσεως
1153 2295 1200 2321 καὶ
1217 2294 1263 2321 τοῦ
1287 2294 1403 2321 θανάτου
1423 2296 1582 2331 πάντερπνα
1603 2297 1664 2323 καις
1674 2297 1815 2332 θαυμαστὰ

1034 2338 1204 2374 διηγήματα,
1227 2340 1275 2365 καὶ
1300 2340 1448 2374 συλλέγων,
1467 2341 1563 2376 ὥσπερ
1583 2342 1614 2368 ἐκ
1633 2350 1706 2373 τινος
1726 2343 1812 2377 βυθοῦ,

1034 2384 1081 2410 τοῦ
1099 2385 1205 2419 μακροῦ
1229 2386 1335 2420 χρόνου,
1359 2386 1405 2412 καὶ
1430 2387 1480 2420 τῆς
1502 2386 1586 2422 λήθης
1609 2388 1813 2423 ἀναλεγόμενος.

1035 2429 1161 2464 ζηλώσας
1182 2430 1231 2464 τὴν
1250 2431 1393 2464 φιλόπονον
1417 2431 1558 2466 μέλισσαν,
1589 2432 1638 2468 τὴν
1662 2434 1693 2460 ὲκ
1715 2434 1816 2461 πολλῶν

1038 2475 1141 2501 ἀνθέων
1157 2475 1338 2510 συλλέγουσαν
1352 2477 1386 2503 τὰ
1398 2478 1522 2512 χρήσιμα
1536 2478 1604 2513 πρὸς
1617 2479 1668 2514 τὴν
1682 2480 1728 2506 τοῦ
1745 2480 1815 2515 μέλι-ι

1038 2528 1082 2551 τος
1091 2520 1232 2555 ἐργασίαν.

1077 2566 1146 2592 Ἀλλ’
1160 2567 1281 2601 ἡγείσθω
1301 2568 1419 2603 Χριστὸς
1434 2569 1448 2594 ὁ
1462 2569 1588 2604 ἀληθινὸς
1601 2570 1667 2602 Θεὸς
1680 2571 1768 2605 ἡμῶν,
1787 2570 1815 2597 ’0

1034 2611 1162 2645 φωτίζων
1173 2612 1270 2640 πάντα
1287 2613 1443 2649 ἄνθρωπον
1453 2615 1614 2650 ἐρχόμενον
1628 2618 1671 2650 εἰς
1686 2617 1714 2643 τί
1720 2626 1738 2643 ι·
1749 2617 1816 2643 κίσ-

834 2753 873 2779 νΑ
879 2753 946 2780 “illi
967 2754 1110 2782 LECTION
1116 2755 1165 2782 ES.

234 2835 295 2865 biaL
314 2836 369 2863 ὧν.

410 2842 420 2855 ο
434 2836 467 2862 al.
482 2835 565 2869 πολλὴ
578 2834 626 2868 τῆς
643 2833 713 2868 ἐμῆς
727 2833 894 2868 πτωχονοίαις
908 2833 1028 2860 εὺθένεια
1047 2834 1092 2861 x1".
1105 2833 1202 2869 μικρά.
