3894 6164
276 324 415 390 1073

1370 330 1545 391 VITA
1590 330 1649 390 S.
1687 330 2065 390 STEPHANI
2111 332 2495 393 IUNIORIS.

3419 335 3546 391 11174

262 441 448 513 μονα,
466 443 496 494 ό
517 443 682 513 μόνος
709 443 835 507 νοῦς
853 442 961 499 τῶν
977 444 1220 510 εύσεὸῶς
1240 445 1507 499 νοούντων
1533 445 1625 498 καὶ
1645 444 1867 513 νοουμέ-

1976 449 2226 499 mundum
2258 449 2278 479 ⁸
2316 462 2329 498 :
2368 446 2515 500 solus
2550 445 2640 500 ille
2681 443 2988 500 intellectus
3019 442 3104 513 [tie
3137 441 3548 512 intelligendum

271 555 402 602 νων,
419 536 517 590 καὶ
533 536 697 605 λόγος
719 537 827 590 τῶν
846 538 1119 608 λεγόντων
1141 540 1233 592 καὶ
1258 538 1595 608 λεγομένων,
1618 537 1710 590 καὶ
1730 537 1867 589 πᾶσι

274 629 456 682 πάντα
473 628 575 681 καὶ
600 626 700 691 ὢν,
723 628 821 681 καὶ
848 629 1160 699 γινόμενος,
1183 631 1210 682 ὁ
1241 628 1420 690 διδοὺς
1441 627 1725 697 φωτισμὸν
1749 643 1869 679 παι-

268 717 323 770 δε
334 716 422 782 ίας
443 715 539 771 τοῦ
562 717 790 785 γνῶναι,
817 718 984 789 ἡνίκα
999 718 1083 771 δεῖ
1100 720 1276 773 εἰπεῖν
1295 719 1455 787 λόγον
1472 732 1485 746 ⁸
1522 718 1583 772 'H
1602 715 1871 783 δήλωσις

268 809 386 879 γὰρ
409 808 530 862 τῶν
543 810 746 880 λόγων
762 808 932 862 αὐτοῦ
956 812 1168 879 φωτιεῖ
1182 810 1281 864 καὶ
1301 808 1573 863 συνετιεῖ
1586 810 1867 875 νηπίους.

271 902 386 955 Καὶ
408 900 587 955 ταῦτα
619 902 722 972 μὲν
749 903 829 963 εἰς
852 900 1135 955 τοσοῦτον.
1167 903 1287 956 Ἵνα
1310 901 1370 956 δὲ
1404 900 1480 973 μὴ
1505 900 1870 971 μακροτέροις

269 996 604 1060 ἐπεισοδίοις
633 996 727 1051 τὸν
780 997 940 1066 λόγον
974 998 1334 1068 μηκύνωμεν,
1366 997 1465 1067 τῆς
1498 996 1871 1067 προκειμένης

271 1088 531 1157 βαλὸἱδος
567 1089 855 1160 ἐχόμενος,
893 1089 993 1160 τὴν
1023 1090 1285 1161 ἀπαρχὴν
1325 1089 1520 1143 τούτου
1548 1089 1644 1142 τοῦ
1677 1088 1870 1159 θεαρέ-

272 1199 405 1234 στου
440 1181 560 1251 βίου
596 1183 982 1252 προοιμιάσων
1011 1182 1269 1253 ἔρχομαι.
1302 1182 1415 1237 Καί
1451 1200 1542 1253 μοι
1585 1182 1749 1252 μόνον
1775 1182 1872 1235 καί⁸

269 1271 437 1340 ὑμεῖς
462 1272 871 1344 συναμιλλᾶσθε
894 1275 1016 1337 ταῖς
1040 1274 1340 1344 ὑμετέραις
1374 1274 1585 1344 εὐχαῖς,
1615 1272 1745 1326 ἵλεω
1777 1273 1870 1327 τὸν

272 1363 409 1417 Θεὸν
434 1363 758 1433 ποιούμενοι
794 1365 888 1418 ἐπὶ
919 1366 997 1435 τῷ
1022 1366 1455 1437 πεφαυλισμένῳ
1488 1384 1592 1436 μου
1616 1366 1739 1437 βίῳ,
1776 1367 1871 1420 καὶ

271 1452 438 1521 λόγον
472 1454 754 1519 αἰτοῦντες
783 1457 843 1508 ὲν
874 1455 1082 1522 ἀνοίξει
1110 1456 1206 1511 τοῦ
1241 1458 1511 1527 στόματός
1549 1475 1685 1527 μου*
1720 1460 1870 1524 ὅπως

269 1544 341 1600 ἂν
374 1546 448 1616 μὴ
482 1546 736 1618 κριθείην
792 1547 870 1611 ὡς
913 1548 1023 1602 τῶν
1067 1549 1210 1620 ὑπὲρ
1264 1550 1424 1614 ἀξίαν
1457 1550 1740 1620 ἁψάμενος
1778 1554 1870 1605 καὶ

276 1637 446 1708 μηδὲν
485 1638 779 1699 πολυτελὲς
809 1640 1142 1709 εἰσενεγκὼν
1185 1640 1282 1695 τοῦ
1333 1642 1494 1711 λόγου
1530 1645 1790 1710 ἐπάξιονο
1844 1644 1872 1698 ὃ

279 1731 420 1800 μηδὲ
450 1731 591 1802 πρὸς
624 1731 727 1802 τὴν
770 1731 911 1802 ἐμὴν
946 1732 1289 1803 καθέστηκεν
1335 1735 1626 1789 ἀσθένειαν
1664 1748 1709 1799 ε,
1741 1737 1871 1791 ὁπό-

1972 545 2023 590 et
2057 536 2479 601 intellectorum,
2520 546 2575 589 et
2600 538 2825 589 verbum
2855 536 3150 590 dicentium
3179 544 3232 587 et
3260 533 3548 599 dictorum,

1970 629 2063 697 qui
2089 628 2342 683 omnibus
2364 630 2545 684 omnia
2569 637 2655 684 est
2681 639 2736 682 et
2769 630 2849 695 lit,
2886 628 2976 697 qui
3004 626 3330 682 eruditionis
3370 626 3549 682 lumen

1972 721 2037 775 ad
2064 722 2499 789 cognoscendum
2539 720 2748 784 tribuit,
2779 710 2898 775 cum
2934 720 3113 773 oratio
3143 718 3389 774 habenda
3422 728 3507 774 est
3534 735 3549 772 :

1971 811 2238 882 siquidem
2298 811 2596 865 Declaralio
2642 828 2943 866 sermonum
2992 811 3164 879 ipsius
3196 809 3550 873 illuminabit,

1970 914 2017 957 et
2041 904 2360 958 intellectum
2383 904 2532 957 dabit
2558 903 2793 973 parvulis
2822 904 2863 957 ⁸.
2897 903 2960 957 Et
2979 903 3092 957 hrcc
3117 902 3336 973 quidem
3366 902 3555 959 hacte-

1971 1012 2093 1052 nus.
2140 996 2217 1051 Ne
2262 1007 2442 1063 autem
2508 996 2897 1066 prolixioribus
2944 996 3186 1050 exordiis
3249 994 3551 1049 orationem

1970 1086 2391 1157 protrahamus;
2423 1087 2703 1157 proposito
2749 1086 2915 1159 ἀ.οο
2956 1087 3230 1142 curriculo
3269 1085 3551 1148 insistens,

1972 1179 2182 1234 initium
2234 1179 2393 1249 hujus
2439 1178 2547 1234 Deo
2573 1180 2784 1249 placitae
2814 1181 2935 1233 vine
2975 1178 3219 1234 facturus
3262 1193 3405 1232 sum.
3441 1177 3552 1231 Vos

1971 1286 2102 1326 vero
2148 1272 2345 1325 vestris
2393 1278 2600 1325 tantum
2669 1270 2923 1340 precibus
2979 1271 3107 1323 mihi
3159 1284 3316 1339 opem
3373 1268 3549 1331 ferte,

1975 1366 2251 1435 Deumque
2287 1379 2418 1420 mea:
2445 1364 2535 1417 vili
2570 1364 2694 1418 vitae
2726 1364 3017 1434 propitium
3077 1361 3305 1426 reddite,
3350 1373 3403 1415 et
3429 1377 3549 1414 ser:

1973 1473 2186 1512 nionem
2215 1457 2280 1512 ad
2309 1473 2371 1513 os
2398 1472 2576 1541 meum
2602 1457 2955 1526 aperiendum
2987 1457 3266 1525 exposcite
3294 1470 3307 1507 :
3338 1471 3406 1510 nc
3436 1469 3546 1508 rem

1972 1549 2113 1602 ultra
2147 1547 2293 1602 vires
2338 1562 2487 1604 meas
2518 1536 2808 1618 aggressus
2839 1562 2979 1611 esse,
3012 1544 3094 1597 γεεί
3127 1545 3261 1599 nihil
3295 1543 3547 1612 magnili-
3648 1536 3651 1541 ’

1972 1657 2119 1702 cum,
2166 1642 2376 1711 hocque
2429 1655 2596 1709 opere
2656 1638 2880 1710 dignum
2943 1639 3190 1693 attulisse
3241 1635 3545 1706 dijudieer;

1974 1732 2115 1802 quod
2144 1747 2276 1785 meae
2308 1732 2667 1785 imbecillitati
2700 1731 2921 1785 minime
2950 1729 3228 1792 convenit,
3254 1743 3374 1783 eum
3405 1726 3546 1781 nulla

271 1840 374 1875 ταν
423 1822 564 1892 μηδὲ
617 1823 955 1893 ἀπροσεξίας
991 1819 1132 1887 εἶδός
1161 1842 1215 1878 τι
1252 1828 1688 1898 συνεπήρτηται.
1722 1828 1866 1899 Πρὸς

1974 1824 2312 1893 negligentiae
2342 1824 2550 1895 species
2580 1824 2907 1891 impendeat.
2942 1822 3187 1890 Superna
3226 1835 3357 1890 ergo
3395 1819 3550 1885 adju-

270 1913 329 1969 δὲ
359 1915 423 1984 τῇ
459 1912 670 1967 ἄνωθεν
700 1914 890 1987 χάριτι
944 1918 1011 1985 τῇ
1055 1917 1238 1970 πάντα
1268 1916 1510 1991 νεμούσῃ
1551 1919 1768 1988 ἑκάστῳ
1797 1918 1866 1972 τὰ

274 2006 594 2077 πρόσφορα,
624 2006 758 2077 παρ’
803 2001 893 2078 ἧς,
929 2005 1106 2060 Πᾶσα
1133 2008 1306 2073 δόσις
1358 2008 1576 2076 ἀγαθὴ,
1611 2010 1711 2063 καὶ
1742 2008 1867 2065 πᾶν

272 2094 521 2166 δώρημα
550 2094 787 2151 τέλειον
813 2097 1045 2154 ἄνωθέν
1073 2098 1227 2164 ἐστι,
1267 2098 1632 2153 καταϐαῖνον
1671 2101 1728 2152 ὲν
1754 2104 1867 2165 τοῖς

274 2187 451 2256 ἀξίοις
495 2188 595 2245 τοῦ
647 2189 997 2261 Πνεύματος.
1033 2191 1124 2244 ἐπ’
1176 2190 1350 2262 αὐτὴν
1376 2191 1532 2260 γοῦν,
1569 2192 1644 2255 ὡς
1705 2193 1863 2264 ἔφην,

270 2281 375 2351 τὴν
405 2280 588 2352 ἀρχὴν
618 2279 713 2335 τοῦ
746 2280 866 2350 βίου
901 2279 1223 2350 ἐλεύσομαι,
1264 2281 1439 2353 καλὴν
1486 2282 1568 2335 ὅτι
1630 2282 1865 2351 μάλιστα

274 2374 375 2429 καὶ
419 2375 654 2444 ταχεῖαν
685 2372 994 2443 εὑράμενος
1027 2373 1322 2444 σύμμαχον
1352 2374 1451 2444 τὴν
1483 2373 1543 2438 ἐξ
1579 2374 1866 2447 ἑκατέροιν

277 2465 467 2534 μεροῖν
496 2463 609 2517 τῶν
651 2462 830 2532 εὐχῶν
859 2463 1106 2534 ἀρωγήν.

347 2556 421 2610 Σὺ
455 2556 514 2611 δέ
550 2572 663 2627 μοι,
699 2548 761 2626 ᾖ)
812 2555 936 2626 ἱερὰ
988 2554 1098 2608 τῶν
1144 2555 1479 2627 Ὀρθοδόξων
1529 2557 1861 2629 πανήγυρις,

274 2648 391 2702 ὅσοι
420 2664 482 2701 τε
504 2648 608 2719 τῆς
636 2645 785 2702 κατὰ
814 2647 1055 2718 Χριστὸν
1082 2646 1241 2720 ἄκρῳ
1262 2648 1516 2719 δακτύλῳ
1545 2649 1866 2718 φιλοσοφίας

275 2739 603 2809 ἐγεύσασθε,
638 2739 985 2794 σπουδάσατε
1044 2739 1268 2811 θερμῶς
1300 2741 1360 2792 ὲν
1404 2739 1635 2812 ἀληθινῇ
1683 2742 1864 2794 πὶστει

272 2833 342 2886 τὰ
368 2826 485 2893 ὦτα
518 2832 618 2901 τῆς
649 2831 891 2896 διανοίας
932 2831 1147 2887 θέσθαι.
1195 2833 1283 2886 Ἐν
1320 2836 1430 2897 τοῖς
1461 2834 1702 2897 παροῦσι
1732 2835 1861 2904 γὰρ,

274 2925 663 2996 ¹πνευματικῆς
696 2924 939 2989 εὐεξίας,
982 2924 1078 2977 καὶ
1105 2925 1168 2978 ού
1225 2925 1503 2997 σαρκικῆς
1544 2925 1795 2991 εὐκλείας
1829 2924 1864 2995 ἢ

275 3019 590 3089 προκοπῆς,
626 3017 704 3078 ὡς
739 3018 796 3069 ὲν
834 3018 949 3080 τοῖς
985 3016 1273 3088 Ἕλλησιν,
1307 3017 1646 3088 ἡδιήγησις.

345 3107 521 3176 οὗτος
544 3112 730 3165 τοίνυν
760 3112 788 3164 ό
826 3111 927 3182 τῆς
968 3112 1123 3182 ἱερᾶς
1161 3110 1367 3183 ταύτης
1415 3111 1740 3175 πανδαισίας
1772 3111 1865 3164 καὶ

280 3205 502 3259 πάντων
541 3204 699 3275 ὑμῶν
728 3202 838 3256 τῶν
869 3202 1009 3269 πρὸς
1039 3203 1306 3275 ἀκρόασιν
1326 3203 1665 3275 δαιτυμόνων
1695 3203 1864 3256 πλού-

279 3313 391 3359 σιος
420 3298 517 3350 καὶ
548 3295 844 3368 χαροποιὸς
876 3295 1174 3367 ἑστιάτωρ,
1192 3296 1221 3348 ὁ
1246 3294 1324 3366 τῷ
1346 3295 1440 3349 τοῦ
1467 3295 1866 3367 πρωτομάρτυ-

284 3406 374 3459 ρος
397 3390 629 3459 ὀνόματι
656 3390 752 3442 καὶ
778 3389 1069 3458 πράγματι
1095 3388 1389 3459 ὁμώνυμος
1423 3389 1519 3441 καὶ
1540 3390 1865 3461 ὁμότροπος,

279 3482 339 3534 ού
374 3481 528 3546 ξένος
559 3480 891 3546 Βυζαντίων,
926 3480 1050 3534 οὐδὲ
1074 3478 1184 3533 τῶν
1214 3479 1313 3551 τὴν
1343 3479 1736 3551 βασιλεύουσαν
1768 3480 1867 3534 πό-

280 3573 361 3626 λιν
390 3575 693 3628 οἰκούντων
717 3573 1026 3645 ἀλλότριος.
1060 3572 1366 3643 Ἦμέτερος
1397 3572 1506 3646 γὰρ
1534 3566 1712 3638 οὗτος,
1740 3573 1867 3642 γέν-

280 3682 447 3737 νημα,
502 3665 755 3738 θρέμμα,
798 3665 892 3718 καὶ
933 3663 1105 3734 θῦμα,
1151 3663 1247 3717 καὶ
1283 3667 1397 3728 τοῖς
1430 3664 1591 3736 ἡμῶν
1625 3664 1866 3735 πατράσι

281 3758 563 3829 γνώριμος
592 3758 687 3812 καὶ
713 3757 1046 3810 αύτοπτικδν
1076 3755 1478 3826 ὁλοκάρπωμα.
1515 3756 1604 3811 Ἐν
1628 3758 1740 3819 τοῖς
1760 3755 1870 3827 γόρ

283 3850 497 3921 χρόνοις
539 3850 842 3921 ’Δρτεμίου
865 3849 962 3903 τοῦ
999 3851 1097 3904 καὶ
1137 3847 1497 3904 Ἀναστασίου
1523 3846 1620 3901 τοῦ
1659 3847 1869 3916 Αὐγού-

285 3960 432 4007 στου,
473 3942 590 3996 έτει
653 3940 859 4014 πρώτῳ
903 3943 1006 4013 τῆς
1055 3941 1223 3997 αὐτοῦ
1283 3941 1589 4012 βασιλείας,
1648 3940 1757 3993 ἀπὸ
1810 3938 1869 3993 δὲ

285 4035 510 4099 κτίσεως
564 4036 775 4106 κόσμου
839 4033 947 4087 ἔτει
1005 4032 1463 4105 έξακισχιλιοστῷ
1510 4032 1870 4103 διακοσιοστῷ

285 4125 515 4197 εἰκοστῷ
539 4126 805 4197 δευτέρῳ,
838 4122 905 4196 ἦν
928 4142 1013 4189 τις
1034 4126 1175 4196 ἀνὴρ
1203 4127 1261 4178 ὲν
1289 4123 1870 4178 Κωνσταντινουπόλει

284 4216 738 4287 ἀνα-γνωρισθεὶς,
772 4217 833 4270 οὐ
867 4217 979 4270 τῶν
1017 4217 1282 4282 ἐπιδόξων
1314 4218 1373 4270 ὲν
1406 4216 1704 4286 ἀξιώματι,
1747 4216 1869 4269 οὐδὲ

284 4307 388 4361 τῶν
413 4306 474 4373 ἐξ
503 4307 769 4372 ἀσεϐείας
800 4307 878 4379 τῷ
902 4308 1121 4379 πλούτῳ
1156 4307 1455 4379 κομώντων
1483 4307 1866 4379 περίϐλεπτος,

285 4399 417 4453 ἀλλὰ
462 4399 578 4453 τῶν
632 4399 705 4453 ἐν
764 4400 1091 4469 αὐταρκείᾳ
1147 4398 1431 4470 βιούντων,
1492 4398 1870 4463 άποστολικῶς

1968 1926 2130 1969 vante
2175 1915 2375 1985 gratia,
2416 1931 2535 1984 quae
2565 1917 2748 1971 omnia
2794 1914 3022 1983 singulis
3050 1912 3546 1991 eottgrttetttiatlis-

1970 2009 2193 2070 tribuit,
2233 2024 2259 2063 a
2292 2023 2395 2074 qua
2437 2006 2601 2062 Omne
2640 2008 2819 2061 datum
2863 2008 3053 2077 bonum
3090 2014 3137 2059 et
3168 2019 3317 2058 omne
3348 2004 3543 2055 donum

1965 2100 2249 2169 perfectum
2279 2101 2503 2170 desuper
2535 2109 2635 2163 est,
2668 2100 2983 2155 descendens
3014 2100 3035 2130 τ
3067 2099 3119 2152 in
3148 2112 3263 2161 eos,
3299 2095 3389 2167 qui
3424 2091 3548 2160 Stti-

1970 2193 2073 2247 ritu
2107 2193 2253 2263 digni
2286 2204 2415 2249 sunt
2450 2214 2462 2248 :
2498 2193 2550 2247 in
2590 2193 2787 2262 ipsum,
2814 2194 3059 2265 inquam,
3094 2191 3217 2243 vita:
3264 2186 3545 2241 exordium

1968 2286 2202 2351 veniam,
2244 2300 2406 2355 quam
2439 2285 2701 2353 optimum
2732 2292 2787 2339 et
2829 2283 3294 2353 promptissimum
3344 2275 3547 2331 oratio-

1970 2393 2097 2432 num
2166 2378 2428 2433 auxilium
2492 2393 2558 2433 ex
2617 2388 2848 2445 utraque
2919 2384 3074 2446 parte
3137 2371 3297 2429 simul
3354 2383 3549 2424 conse-

1968 2480 2145 2525 cuius.

2039 2561 2119 2616 Tu
2146 2577 2295 2629 vero,
2328 2577 2361 2617 0
2390 2577 2549 2617 sacer
2577 2562 3002 2629 orthodoxorutn
3051 2570 3247 2622 coetus,
3281 2562 3549 2625 quotquot

1967 2654 2335 2709 Christianam
2356 2654 2753 2724 philosophiam
2775 2667 2988 2706 summo
3007 2651 3174 2720 digito
3196 2645 3544 2717 degustastis,

1969 2746 2214 2800 animose
2253 2759 2542 2816 properate
2571 2762 2694 2801 cum
2725 2760 2854 2799 vera
2889 2743 2989 2797 [ide
3039 2756 3196 2796 aures
3246 2738 3442 2793 tuentis
3469 2736 3549 2790 in-

1969 2840 2213 2893 tendere.
2242 2836 2396 2893 Nunc
2427 2839 2571 2893 enim
2613 2836 2872 2909 spiritalis
2913 2833 3264 2895 ltahitudinis,
3293 2846 3401 2885 non
3430 2845 3551 2883 car-

1969 2928 2108 2991 nalis
2160 2927 2497 2983 ceiebritatis
2547 2926 2629 2980 vel
2667 2926 2967 2997 profectus,
3018 2933 3076 2976 ut
3121 2918 3262 2990 apud
3294 2915 3546 2986 gentiles,

1969 3022 2149 3092 agitur
2180 3020 2443 3075 narratio.

2041 3112 2228 3180 Itaque
2266 3112 2425 3171 sacri
2453 3109 2614 3179 hujus
2646 3108 2880 3166 convivii
2911 3116 3262 3171 vestrumque
3305 3100 3546 3156 omnium

1970 3204 2037 3259 ad
2066 3203 2391 3260 audiendum
2441 3203 2794 3263 convivarum
2844 3201 2994 3254 dives
3025 3207 3078 3253 et
3110 3195 3268 3269 40],
3307 3191 3551 3263 gratissi-

1973 3312 2092 3352 mus
2117 3297 2458 3361 convivator,
2485 3294 2930 3364 Protomartyris.
2963 3290 3200 3354 nomine,
3227 3303 3283 3341 re
3307 3297 3359 3341 et
3388 3284 3553 3337 mori-

1972 3388 2094 3456 bus,
2125 3388 2341 3452 similis,
2374 3403 2480 3442 non
2510 3388 2709 3456 hospes
2733 3396 2819 3441 cst
2845 3383 3113 3453 Byzantii,
3139 3395 3238 3434 nec
3263 3379 3329 3433 ab
3361 3375 3551 3431 incolis

1972 3481 2340 3550 imperatoriae
2393 3480 2544 3535 urbis
2595 3480 2825 3533 alienus.
2882 3476 3081 3530 Noster
3119 3479 3207 3526 est
3239 3470 3328 3526 ille
3364 3469 3548 3534 fastus,

1971 3574 2249 3639 alumnus,
2278 3583 2331 3627 et
2377 3572 2577 3634 hostia,
2616 3571 2863 3639 patribus
2913 3568 3118 3624 nostris
3161 3577 3341 3643 notus,
3391 3570 3551 3631 atque

1971 3664 2347 3719 holocaustum
2396 3664 2538 3731 quod
2581 3663 2827 3730 ipsismet
2873 3660 3046 3715 oculis
3084 3658 3359 3710 viderunt.
3391 3652 3551 3706 Tem-

1971 3757 2193 3825 poribus
2235 3755 2385 3809 enim
2414 3755 2643 3808 Artemii
2679 3768 2774 3807 seu
2804 3750 3079 3805 Anastasii
3122 3747 3370 3817 Augusti,
3402 3742 3547 3810 cjus~

1970 3848 2092 3900 dem
2129 3845 2338 3915 imperii
2389 3859 2530 3898 anno
2560 3843 2756 3913 primo,
2788 3856 2817 3894 a
2849 3841 3129 3899 creatione
3175 3836 3360 3892 mttndi
3409 3848 3551 3886 anno

1971 3939 2149 3992 sexies
2215 3936 2501 3990 millesimo
2574 3932 2943 3988 ducentesimo
3012 3932 3252 3984 secundo
3324 3923 3546 3997 [Christi

1974 4045 2115 4083 anno
2143 4025 2291 4097 7L3],
2318 4026 2403 4079 vir
2423 4023 2642 4095 quidam
2671 4018 3132 4088 Constantinopoli
3162 4014 3410 4086 degebat,
3442 4028 3548 4067 non

1974 4119 2115 4174 inter
2138 4117 2258 4173 illos
2286 4115 2501 4186 quidem
2521 4112 2864 4182 conspicuus,
2892 4110 2983 4180 qui
3009 4107 3269 4177 dignitate
3288 4106 3549 4168 eminent,

1975 4211 2055 4265 vel
2084 4211 2172 4279 qui
2199 4224 2263 4263 ex
2296 4207 2571 4277 impietate
2601 4204 2810 4259 divitiis
2860 4201 3055 4256 ﬂorent
3080 4215 3094 4261 ;
3130 4196 3223 4253 sed
3254 4196 3397 4249 inter
3427 4193 3551 4248 iilos

1972 4302 2087 4370 qui.
2117 4310 2175 4355 ut
2202 4297 2443 4367 Apostoli
2472 4297 2638 4351 verbo
2666 4304 2808 4360 utar,
2840 4293 2894 4346 in
2918 4288 3229 4361 wﬂicieutia
3259 4286 3422 4340 vitam
3455 4284 3553 4339 du-

1974 4401 2106 4446 cunt
2132 4392 2155 4423 ³
2189 4409 2202 4446 :
2240 4400 2402 4461 atque
2432 4390 2567 4444 adeo
2595 4388 2795 4442 victum
2826 4384 3045 4454 pr0prio
3077 4394 3330 4434 manuum
3367 4375 3552 4429 labore

284 4494 478 4557 εἰπεῖν,
510 4492 607 4546 καὶ
664 4494 729 4545 ὲκ
761 4492 871 4546 τῶν
918 4468 1068 4546 ἰδίων
1100 4468 1302 4564 χειρῶν
1335 4491 1431 4545 τοῦ
1469 4491 1632 4562 ἔργου
1672 4492 1867 4562 ςρερό-

1975 4485 2348 4554 comparabat,
2383 4484 2538 4553 cujus
2559 4481 2722 4535 etiam
2761 4478 3054 4549 participes
3084 4489 3181 4545 pro
3206 4468 3553 4527 facultatibus

287 4601 463 4654 μενος,
491 4583 555 4650 ἐξ
591 4577 668 4637 ὧν
723 4586 819 4639 καὶ
878 4588 994 4649 τοίς
1049 4585 1259 4638 ὲνδεέσι
1314 4584 1591 4655 μετεδίδου
1632 4584 1776 4637 κατὰ
1804 4582 1868 4637 τὸ

285 4674 582 4747 ἑπαρκοῦν.
609 4671 720 4729 Ἦν
747 4675 806 4729 δὲ
832 4669 986 4740 οὗτος
1011 4676 1179 4730 οἰκῶν
1203 4676 1340 4745 πρὶς
1364 4676 1425 4728 τὸ
1452 4674 1552 4745 τῆς
1576 4674 1869 4746 βασιλικῆς

285 4765 547 4837 δημοσίας
568 4768 848 4838 λεωφόρου
884 4770 1114 4840 πρανὲς,
1147 4770 1204 4822 ὲν
1235 4760 1280 4837 ᾧ
1301 4768 1587 4839 ἀνίδρυται
1623 4770 1720 4821 καὶ
1744 4769 1870 4821 ὲπι-

284 4857 504 4925 λέγεται
531 4859 594 4910 τὸ
636 4858 928 4928 Σταύριον,
986 4858 1046 4923 ἐξ
1095 4852 1268 4931 οὗπερ
1315 4859 1453 4929 πρὸς
1506 4858 1567 4912 τὸ
1592 4858 1869 4920 κάταντες

288 4950 448 5019 μέρος
504 4951 648 5003 εἰσὶν
697 4950 1021 5018 εὐμεγέθεις
1073 4950 1243 5004 οἰκίαι
1303 4951 1861 5022 προσαγορευόμεναι

285 5044 351 5095 τά
395 5044 630 5097 Κῶνστα
672 5043 741 5098 δε.
806 5044 896 5098 Ἐν
949 5039 1036 5109 αἷς
1082 5044 1362 5109 οἰκοῦντος
1427 5043 1523 5098 τοῦ
1581 5043 1869 5113 θεοφιλοῦς

286 5134 474 5205 ἀνδρὸς
508 5136 655 5205 μετὰ
686 5135 949 5205 γυναικὸς
979 5136 1366 5207 ὁμοιοτρόπου,
1398 5135 1495 5188 καὶ
1535 5134 1866 5206 ἀμφοτέρων

286 5227 350 5296 τῇ
380 5227 636 5297 εὐσεϐείᾳ
661 5226 1145 5297 ἐντεθραμμένων,
1182 5226 1459 5279 τίκτονται
1486 5225 1678 5289 αύταῖς
1699 5226 1865 5293 θυγα-

1974 4592 2243 4648 pauperes
2274 4575 2527 4629 l‘aciebat.
2572 4572 2826 4628 Manebat
2857 4579 3040 4626 autem
3077 4568 3142 4622 ad
3175 4565 3437 4621 declivem
3477 4579 3556 4617 re-

1974 4672 2074 4741 gia:
2120 4669 2216 4722 via:
2266 4667 2494 4735 publicae
2534 4675 2779 4735 partem,
2833 4663 2921 4717 ubi
2969 4678 3101 4717 crux
3139 4660 3400 4714 collocata
3450 4665 3553 4716 est.

1976 4761 2128 4830 cujus
2159 4760 2321 4813 etiam
2358 4757 2716 4828 appellatione
2746 4756 3059 4823 insigniter.
3096 4754 3168 4808 Ex
3205 4752 3305 4807 hoc
3334 4751 3450 4805 loco
3491 4756 3555 4801 aet

1976 4853 2236 4907 declivem
2257 4860 2462 4920 partem
2492 4850 2745 4904 sitmsunt
2768 4848 2957 4915 ampla}
2978 4848 3186 4908 domus,
3215 4859 3333 4912 qua:
3356 4842 3558 4896 Consta

1980 4952 2380 5012 nuncupantur.
2430 4939 2528 4995 Hic
2559 4943 2687 4994 dum
2717 4940 2798 4992 vir
2846 4939 3129 5006 religiosus
3178 4950 3299 4986 cum
3333 4931 3562 4985 muliere

1974 5051 2186 5092 morum
2209 5035 2351 5090 haud
2375 5034 2717 5088 dissimilium
2745 5031 3016 5086 habitaret
3055 5027 3340 5099 (siquidem
3399 5028 3563 5077 aml:o

1972 5132 2024 5185 in
2069 5130 2271 5200 pietate
2309 5126 2523 5182 educati
2562 5123 2820 5194 fuerant),
2864 5121 3122 5190 temporis
3153 5121 3388 5173 decursu
3430 5117 3563 5171 duas

1972 5223 2159 5278 ltahuit
2199 5221 2360 5287 ﬁlias,
2406 5233 2528 5290 qua:
2560 5232 2683 5273 cum
2728 5224 2889 5271 atate
2936 5226 3238 5284 progressa:
3306 5208 3558 5270 fuissent,

355 5379 420 5436 'J
447 5399 589 5436 tann.
617 5400 654 5447 t,
688 5383 741 5439 9.
818 5383 840 5414 ⁶
874 5383 1012 5437 Ρςςιι.
1045 5398 1235 5447 cxvtu,
1262 5381 1383 5436 l50.
1458 5380 1478 5412 '
1506 5381 1619 5434 .lac.
1652 5395 1689 5442 ι,
1720 5379 1806 5437 l7.

1994 5377 2133 5431 Tim.
2163 5392 2239 5442 vr,
2271 5376 2323 5432 6.

1592 5493 1827 5550 VABUE
1860 5490 2267 5547 LECTIONES.

356 5605 381 5645 ἀ
406 5605 485 5660 Al.
516 5616 639 5674 post
664 5606 867 5677 κόσμον
894 5607 1064 5677 addit,
1088 5606 1198 5659 τῶν
1235 5606 1543 5677 νοουμένων
1571 5623 1629 5659 τε
1662 5605 1756 5659 καί
1786 5603 2138 5677 λεγομένων.Δ
2159 5602 2417 5677 Alii_duo_
2436 5601 2655 5677 easdem
2683 5614 2842 5653 voces
2874 5598 3056 5677 statim
3081 5605 3201 5677 post
3234 5598 3396 5666 ἡμῶν
3424 5602 3525 5677 sub
3552 5632 3560 5639 -

296 5676 442 5739 dum,
468 5667 688 5731 omissis
719 5667 897 5731 verbis
920 5693 984 5731 ex
1019 5676 1311 5747 Evangelto
1331 5667 1560 5730 Joannis
1600 5667 1953 5746 depromptis.
2036 5685 2059 5712 ο
2092 5674 2163 5729 al.
2198 5673 2508 5727 αὑθεντίαν.
2592 5673 2611 5710 ί
2642 5672 2787 5727 Unus
2819 5686 2919 5725 ms.
2951 5667 3110 5725 habet
3145 5667 3507 5728 Κωνσταντοΰ
3543 5686 3561 5705 ο

303 5758 404 5801 tres
427 5748 537 5808 alit,
566 5747 817 5800 Κωνστςῖ.

1674 5898 1731 5949 \
