3940 6170
336 336 475 404 1079

1533 342 1911 403 STEPHANl
1950 339 2263 400 DIACONI
2302 339 2412 399 CP.

3446 333 3585 399 1080

336 453 587 523 mtttzlt'ln)
617 461 899 525 augustum
936 456 1172 525 Deiparzc
1202 454 1601 511 Blachernense
1647 458 1900 528 templum

2018 457 2166 509 ιύτδν
2196 456 2437 526 χερσὶνή
2476 456 2659 525 μήτηρ
2693 451 3011 523 βαστάξασα
3043 459 3069 487 °
3117 450 3394 523 (καθάπερ
3428 456 3457 521 ή
3494 473 3585 506 πο-

334 562 443 600 nna
504 562 624 601 eum
678 547 796 601 viro
852 563 949 602 suo
1000 549 1179 617 petiit,
1220 550 1308 602 ubi
1350 564 1547 619 nempe
1589 549 1727 603 facta
1777 565 1903 605 ora-

337 639 481 691 tione
511 638 821 707 petitionem
857 640 1184 694 obtinuerat.
1209 639 1321 694 Illic
1366 655 1494 708 ergo
1532 651 1682 694 stans
1718 655 1906 697 rursus

335 746 521 784 coram
554 731 733 785 divina
762 732 849 785 illa
871 734 1121 803 imagine,
1155 733 1294 787 laetis
1328 748 1448 788 eum
1494 734 1748 805 lacrymis
1792 750 1907 804 gra-

338 821 439 875 tias
491 837 657 891 agens
712 823 920 877 dicebat
959 838 973 876 :
1009 842 1027 873 ι
1080 823 1287 887 Gaude,
1335 841 1367 879 ο
1411 825 1735 886 castissima,
1787 838 1908 894 quae

340 927 513 965 meam
571 912 622 966 in
672 914 825 980 prole
881 915 1118 968 mascula
1174 917 1508 985 procreanda
1564 916 1904 970 sterilitatem

338 1003 569 1059 solvisti.
601 1003 804 1065 Gaude.
837 1019 871 1059 o
907 1006 1217 1074 purissima,
1253 1023 1371 1077 quae
1403 1024 1577 1062 meum
1615 1022 1905 1061 maerorem

340 1096 393 1148 in
421 1097 671 1164 gaudium
694 1097 1028 1152 convertisti.
1062 1096 1267 1162 Gaude,
1295 1106 1347 1153 te
1377 1100 1729 1167 qnmrentium
1763 1098 1908 1152 salus

339 1184 765 1252 promptissima.
831 1185 943 1255 Ego
969 1187 1167 1255 quippe
1195 1188 1387 1243 misera
1416 1196 1466 1242 te
1497 1188 1786 1257 qumreudo
1821 1190 1908 1242 iu-

339 1275 486 1339 veni,
521 1283 575 1329 et
602 1273 765 1347 407
808 1276 945 1331 ultra
977 1293 1134 1345 quam
1175 1280 1420 1348 petebam
1449 1296 1565 1334 sum
1595 1289 1901 1335 consecuta.

340 1365 455 1418 Non
485 1366 628 1419 enim
662 1368 825 1420 lilium
856 1378 1083 1433 tantum,
1119 1370 1212 1423 sed
1249 1370 1408 1424 etiam
1443 1370 1681 1441 ejusdem
1717 1388 1907 1427 nomen

342 1470 371 1508 a
402 1465 491 1511 tuo
515 1458 721 1511 cultore
752 1468 806 1511 et
852 1468 1034 1513 nostro
1067 1475 1209 1515 nunc
1241 1472 1457 1531 pastore
1495 1464 1695 1531 accepi.
1739 1482 1756 1514 ι
1802 1462 1908 1517 Ex-

344 1548 512 1601 tensis
554 1556 732 1601 autem
776 1563 987 1604 sursum
1028 1551 1294 1612 manibus,
1334 1562 1388 1605 et
1421 1552 1487 1606 ad
1540 1566 1741 1609 sanctae
1771 1554 1911 1608 itlius

344 1640 592 1710 imaginis
627 1642 790 1709 pedes
814 1642 1017 1698 infante
1046 1644 1097 1698 in
1136 1645 1348 1699 modum
1381 1646 1657 1701 adorantis
1702 1657 1906 1716 aptato,

345 1733 537 1787 iterum
589 1734 857 1793 clamabat
889 1754 904 1791 :
947 1753 965 1786 ι
1014 1736 1247 1805 Accipe,
1273 1730 1306 1791 ο
1341 1735 1562 1792 Domina
1584 1777 1600 1799 ,
1662 1747 1765 1793 tua:
1799 1754 1911 1794 ma-

346 1836 512 1879 terna:
533 1825 935 1881 intercessionis
966 1842 1206 1898 germen.
1236 1827 1433 1897 Accipe
1454 1870 1469 1895 ,
1496 1842 1528 1881 ο
1556 1839 1609 1882 tu
1641 1843 1759 1897 qua:
1788 1844 1906 1898 pre-
1941 1802 1981 1857 Β

343 1916 495 1970 cibus
522 1917 656 1973 meis
686 1920 1006 1993 respondisti
1029 1959 1044 1982 ,
1079 1919 1173 1973 tibi
1216 1927 1342 1974 ante
1385 1918 1789 1988 conceptionem
1816 1918 1910 1973 de-

346 2010 601 2064 stinatum
642 2025 671 2064 a
726 2027 811 2066 me
862 2010 1050 2066 filium.
1092 2011 1307 2080 Accipe.
1338 2025 1371 2067 ο
1402 2009 1720 2076 feneratrix,
1756 2011 1906 2066 debi-

344 2110 518 2155 torum
549 2102 724 2157 feuus.
760 2120 780 2153 ι
808 2100 1078 2171 Beligioso
1107 2111 1284 2157 autem
1306 2103 1422 2156 viro
1453 2102 1703 2157 diuturna
1727 2102 1912 2156 uxoris

344 2193 591 2248 oratione
613 2203 668 2249 et
691 2193 1051 2264 laerymarum
1078 2193 1362 2257 effusione.
1388 2193 1533 2250 velut
1572 2204 1722 2250 muto
1769 2192 1911 2249 facto

344 2291 399 2336 et
423 2283 819 2352 obstupefacta,
844 2286 957 2339 haec
990 2300 1152 2339 manu
1201 2285 1344 2341 illius
1373 2287 1727 2355 apprehensa,
1778 2287 1913 2342 divi-

345 2387 581 2441 namque
629 2373 911 2442 imaginem
944 2373 1113 2443 digito
1147 2385 1452 2431 monstrans
1500 2398 1514 2433 :
1554 2395 1573 2428 ι
1629 2377 1776 2447 Ipsa,
1831 2378 1913 2432 in-

345 2463 485 2532 (ιιιὶι,
519 2463 600 2515 vir
625 2462 951 2531 dulcissime,
982 2464 1071 2518 illa
1098 2476 1181 2520 est
1207 2481 1451 2534 sponsor,
1479 2477 1701 2537 patrona
1730 2478 1783 2523 et
1805 2467 1915 2523 ad-

342 2554 514 2621 jutrix
550 2553 809 2623 Stephani
859 2565 1068 2624 partus.
1108 2575 1127 2608 ι
1155 2556 1291 2611 Tum
1324 2558 1504 2624 ambo,
1532 2558 1799 2613 inclinatis
1828 2573 1916 2613 ca-

348 2646 567 2714 pitibus,
619 2655 864 2702 sanctum
904 2646 1031 2701 illttd
1076 2648 1253 2703 solum
1290 2649 1608 2715 adorarunt,
1637 2661 1691 2706 et
1729 2651 1914 2720 gratiis

349 2738 480 2792 artis
511 2738 749 2792 omnium
788 2737 1219 2793 Christianorum
1264 2741 1510 2810 spousori
1558 2751 1613 2796 et
1654 2749 1910 2812 patronus,

348 2833 564 2885 domum
594 2831 863 2886 abierunt.
895 2830 1143 2887 Profecto
1175 2846 1435 2903 generosa
1480 2843 1653 2887 mater
1685 2849 1780 2888 sua
1826 2835 1914 2888 illa

348 2921 642 2988 gratiarum
674 2923 885 2977 actione
913 2924 1227 2992 propltetice
1256 2924 1637 2993 praenuntiavit
1676 2924 1912 2980 futurum

348 3026 489 3076 esse,
522 3021 579 3065 ut
606 3010 695 3065 ille
729 3026 825 3080 pro
852 3010 1053 3067 Christi
1085 3022 1138 3067 et
1166 3011 1352 3088 Matris
1379 3013 1496 3082 ejus
1521 3012 1752 3081 imagine
1779 3030 1916 3069 mar-

351 3103 546 3171 tyrium
580 3100 868 3171 aliquando
898 3100 1124 3165 subiret,
1153 3103 1227 3155 ttti
1275 3114 1458 3171 postea
1491 3104 1664 3172 palam
1693 3106 1803 3159 fiet.

2004 548 2368 618 λυθρὺλλητος
2400 549 2566 600 Ἀννα
2600 546 2693 598 τὸν
2718 546 2782 597 ἐκ
2828 544 3062 614 βρέφους
3101 543 3247 613 ἱερὸν
3278 545 3581 616 Σαμουὴλ),

2005 638 2096 692 τὸν
2133 640 2230 708 τῆς
2254 638 2519 692 Θεοτόκου
2584 638 2884 707 σεϐάσμιον
2943 638 3072 691 ναὸν
3125 638 3244 707 ἅμα
3296 638 3375 707 τῷ
3427 638 3584 708 ἀνδρὶ

2006 729 2176 796 αὐτῆς
2207 731 2262 782 ἐν
2288 728 2614 799 Βλαχέρναις
2643 729 2965 795 κατέλαϐεν,
2996 729 3054 782 ἐν
3085 724 3129 797 ᾧ
3156 730 3251 782 καὶ
3279 730 3380 797 τὴν
3410 746 3582 797 προσ-

2007 821 2171 890 ευχὴν
2229 823 2523 890 ποιήσασα,
2554 821 2652 891 τὴν
2696 820 2915 889 αἴτησιν
2947 820 3173 873 ἐλαϐεν·
3217 819 3311 873 καὶ
3348 820 3453 890 πρὸ
3482 820 3586 887 τῆς

2008 911 2158 975 θείας
2186 911 2400 981 ἐκείνης
2433 914 2814 982 παρισταμένη
2854 913 3062 974 εἰκόνος
3100 912 3283 976 πάλιν,
3317 928 3587 990 χαρμονι-

2009 1006 2123 1067 κοῖς
2153 1003 2414 1071 δάκρυσιν
2442 1003 2839 1074 εὐχαριστοῦσα
2864 1002 3079 1071 ἔλεγενο
3113 1021 3132 1054 ι
3167 1002 3419 1075 Χαξροις,
3453 1008 3586 1059 πᾶν·

2008 1112 2162 1163 αγνε,
2194 1098 2227 1165 ή
2264 1096 2363 1165 τῆς
2410 1096 2771 1168 ἀρῤενοτὸκου
2800 1112 2900 1165 μου
2930 1096 3283 1161 παιδοποιίας
3305 1098 3405 1167 τὴν
3437 1099 3584 1150 στεΞ-

2012 1203 2176 1259 ρωσιν
2219 1186 2448 1240 λύσασα.
2499 1187 2743 1256 Χαίροις,
2778 1188 3145 1257 πανάχραντε,
3206 1189 3236 1258 ἡ
3288 1189 3387 1260 τὴν
3441 1189 3586 1259 ἐμὴν

2007 1278 2245 1348 ἀθυμίαν
2281 1278 2709 1348 μεταστρέῷασα
2739 1281 2818 1342 εἰς
2845 1281 3044 1349 χαράν.
3071 1280 3317 1349 Χαίροις,
3349 1280 3581 1349 ταχίστη

2010 1368 2252 1439 σωτηρία
2301 1369 2407 1421 τῶν
2447 1385 2505 1422 σε
2555 1368 2882 1439 ζητούντων.
2927 1368 3073 1438 Ἐγὼ
3112 1370 3220 1440 γὰρ
3269 1371 3303 1439 ἡ
3352 1371 3582 1423 τάλαινα

2010 1459 2314 1530 ζητήσασα,
2369 1453 2528 1530 εῦρὸν
2576 1476 2658 1522 σε,
2705 1460 2802 1514 καὶ
2840 1462 3229 1531 περισσότερον
3263 1461 3478 1514 ἔλαϐον.
3507 1463 3580 1514 Οὐ

2016 1552 2177 1623 μόνον
2217 1552 2428 1615 τέκνον,
2466 1552 2602 1605 ἀλλὰ
2637 1554 2734 1605 καὶ
2775 1552 2837 1606 τὸ
2882 1554 3051 1607 αὐτοῦ
3082 1554 3253 1621 ὄνομα
3285 1554 3436 1623 παρὰ
3487 1553 3582 1605 τοῦ

2010 1643 2104 1697 σοῦ
2141 1642 2340 1714 λάτρου
2407 1644 2502 1696 καὶ
2534 1643 2626 1697 νῦν
2667 1644 2940 1715 ἡμετέρου
2989 1645 3268 1714 ποιμένος.
3310 1662 3327 1694 ι
3374 1643 3581 1695 Ἑκτεί-

2008 1757 2147 1793 νασα
2169 1739 2226 1793 δὲ
2257 1739 2357 1802 τὰς
2384 1742 2574 1809 χεῖρας
2608 1739 2747 1808 πρὸς
2798 1740 2859 1792 τὸ
2889 1741 3140 1805 ἄναντες,
3181 1740 3272 1793 καὶ
3301 1742 3414 1802 τοῖς
3458 1740 3585 1791 ποσὶ

2009 1833 2109 1901 τῆς
2135 1831 2294 1900 ἁγίας
2326 1830 2544 1900 ἐκείνης
2571 1830 2778 1890 εἰκόνος
2803 1831 2863 1882 τὸ
2912 1830 3109 1901 βρέφος
3152 1841 3178 1880 P
3209 1847 3584 1901 προσκυνητι-

2009 1924 2123 1988 κῶς
2151 1924 2428 1996 ἐνείρασα,
2464 1919 2621 1985 αὖθις
2646 1922 2775 1975 ἐϐόα
2793 1934 2820 1972 ιι
2844 1939 2857 1953 ·
2884 1940 2904 1973 ι
2936 1923 3120 1992 Δέχοιο
3152 1932 3198 1987 ι’,
3229 1917 3274 1976 ὦ
3302 1922 3581 1985 δέσποινα,

2009 2017 2108 2086 τῆς
2142 2014 2419 2086 μητρικῆς
2456 2030 2551 2068 σου
2601 2012 2904 2084 πρεσϐείας
2939 2014 2997 2066 τὸ
3031 2013 3342 2083 βλάστημα.
3377 2013 3578 2081 Δέχοιο,

2010 2109 2444 2178 ἁντιφωνήτρια,
2499 2105 2592 2159 τὸν
2632 2104 2739 2173 πρὸ
2790 2103 3103 2174 συλλήψεως
3136 2122 3219 2158 σοι
3252 2104 3519 2174 ταχθέντα
3557 2113 3579 2142 ³

2015 2215 2105 2269 μοι
2154 2198 2344 2253 παῖδα.
2398 2196 2607 2267 Δέχοιο,
2661 2196 2961 2266 δανείτρια,
3012 2195 3123 2248 τῶν
3182 2195 3477 2265 χρεωστῶν
3523 2194 3583 2246 τὺ

2011 2291 2239 2345 δάνειον.
2274 2306 2292 2340 ι
2344 2289 2451 2342 Τοῦ
2489 2289 2545 2342 δὲ
2602 2287 2880 2356 θεοφιλοῦς
2929 2286 3118 2356 ἀνδρὸς
3161 2286 3332 2355 αὐτῆς
3383 2286 3476 2337 ἐπὶ
3517 2288 3581 2355 τῇ

2012 2382 2274 2452 ἐγχρονίᾳ
2305 2382 2402 2450 τῆς
2433 2381 2598 2451 εὐχῆς
2623 2381 2718 2434 καὶ
2745 2383 2809 2449 τῇ
2836 2380 2944 2433 τῶν
2973 2378 3224 2449 δακρύων
3248 2378 3467 2448 ὲκχύσει
3488 2379 3583 2447 τῆς

2014 2471 2271 2539 γυναικὸς
2293 2471 2471 2524 ἐννεοῦ
2494 2472 2789 2540 γενομένου
2820 2470 2914 2524 καὶ¹
2955 2470 3341 2539 καταπλήκτου
3376 2471 3584 2535 ἐξισταο

2019 2563 2202 2635 μένου,
2238 2564 2374 2634 αὐτὴ
2407 2566 2505 2633 τῆς
2543 2562 2726 2634 χειρὸς
2756 2562 2922 2617 αὐτοῦ
2951 2563 3291 2633 δραξαμένη,
3321 2563 3582 2616 δακτυλο-

2013 2655 2301 2709 δεικτοῦσά
2341 2671 2400 2707 τε
2449 2653 2585 2725 πρὸς
2635 2654 2727 2707 τὸν
2767 2655 2912 2708 θεῖον
2967 2655 3317 2725 χαρακτῆρα,
3349 2655 3580 2723 ἔφησεν·

2022 2766 2040 2799 ι
2076 2746 2229 2815 Αὕτη
2265 2764 2373 2816 μοι,
2411 2745 2723 2814 γλυκύτατε
2764 2747 2919 2816 ἄνερ,
2954 2749 3252 2815 ἐγγυητὴς,
3292 2746 3585 2816 προστάτις

2016 2831 2111 2885 καὶ
2141 2831 2335 2901 βοηθὸς
2363 2831 2463 2900 τῆς
2487 2831 2581 2885 τοῦ
2608 2834 2883 2901 Στεφάνου
2905 2834 3234 2904 γεννήσεως.
3278 2852 3296 2885 ι
3334 2835 3442 2886 Καὶ
3471 2832 3587 2885 κλί-

2014 2941 2205 2987 ναντες
2234 2924 2533 2995 ἀμφότεροι
2560 2923 2660 2987 τὰς
2701 2925 2968 2993 κεφαλὰς,
3014 2924 3192 2978 καὶτὸ
3222 2926 3377 2991 ἅγιον
3411 2927 3584 2978 ἐκεῖνο

2017 3017 2496 3087 προσκυνήσαντες
2519 3015 2741 3083 ἔδαφος,
2762 3018 2862 3084 τὴν
2890 3017 3107 3070 πάντων
3124 3016 3231 3068 τῶν
3247 3013 3583 3087 Χριστιανῶν

2016 3090 2347 3175 ἐγγυήτριαν
2366 3106 2463 3158 καὶ
2494 3107 2833 3175 προστάτιδα
2891 3107 3385 3176 εὐχαριστήσαντες
3407 3106 3582 3159 οἴκαδε

347 3193 569 3279 ᾤχοντο..
607 3196 814 3258 Ὄντως
852 3190 1223 3266 προέδειξενή
1274 3194 1497 3263 γενναία
1543 3197 1724 3267 μήτηρ
1773 3197 2124 3269 προφητικῶς
2182 3194 2271 3247 διὰ
2291 3198 2389 3264 τῆς
2434 3197 2793 3267 εὐχαριστίας
2873 3199 2969 3249 τὸν
3033 3198 3113 3260 εἰς
3181 3197 3411 3267 ὔστερον
3455 3199 3583 3269 μέλ-

348 3286 508 3342 λοντα
530 3287 669 3359 ὑπὲρ
700 3287 799 3359 τῆς
826 3285 923 3340 τοῦ
958 3286 1196 3357 Χριστοῦ
1246 3286 1450 3350 εἰκόνος
1478 3289 1573 3342 καὶ
1610 3289 1708 3358 τῆς
1740 3288 1906 3341 αὐτοῦ
1947 3285 2168 3358 Μητρὸς
2211 3287 2529 3354 μαρτυρεῖν,
2563 3286 2639 3345 ὡς
2701 3286 2998 3356 μετέπειτα
3029 3286 3433 3356 γνωσθήσεται.

420 3381 619 3434 Sancta
666 3389 844 3434 autem
875 3380 1156 3435 etvivitica
1191 3379 1489 3436 Salvatoris
1525 3382 1913 3437 resurrectione

2098 3379 2208 3448 Τῆς
2238 3379 2293 3431 δὲ
2325 3380 2484 3446 ἁγίας
2513 3380 2608 3432 καὶ
2636 3380 2920 3449 ζωηφόρου
2951 3381 3044 3432 τοῦ
3068 3381 3316 3449 Σωτῆρος
3351 3378 3577 3433 ἀναστά-

352 3469 689 3534 adveniente,
729 3478 983 3539 parentes
1016 3486 1227 3525 sacrum
1260 3473 1325 3525 ab
1362 3470 1528 3543 408
1569 3471 1912 3527 incunabulis

352 3575 577 3630 puerum
609 3560 663 3614 itt
705 3558 1092 3623 Photisterium
1125 3564 1168 3594 “'
1195 3563 1550 3618 sanctissima:
1584 3563 1674 3618 Dei
1715 3579 1918 3634 magna:

352 3655 597 3713 ecclesia:
630 3670 856 3726 vespere
892 3658 1064 3713 sancti
1105 3657 1322 3712 Subbali
1356 3657 1544 3720 tulere,
1601 3673 1759 3727 quem
1794 3674 1915 3710 eum

354 3748 421 3801 ad
455 3749 882 3815 regenerationis
934 3747 1203 3803 lavacrum
1237 3748 1586 3815 obtulissent,
1622 3763 1742 3803 eum
1786 3748 1919 3803 Ger-

356 3855 546 3892 manus
596 3837 977 3911 beatissimum
1014 3836 1277 3893 luminare
1330 3839 1380 3891 in
1444 3854 1637 3892 nomen
1690 3838 1919 3893 rivilicze

356 3929 640 3985 Trinitatis
668 3929 983 3999 baptizavit.
1022 3929 1149 3985 Post
1187 3930 1352 3984 divini
1383 3944 1512 3985 vero
1534 3930 1787 3999 unguenti
1820 3945 1918 3982 uu-

355 4023 610 4087 t'liOllEltt,
651 4021 843 4077 deiferi
888 4024 1117 4091 pastoris
1165 4022 1387 4090 pedibus
1419 4021 1703 4091 procidens
1747 4031 1920 4075 mater

355 4113 623 4169 clamabat
657 4132 670 4168 :
705 4113 924 4180 Preces,
959 4114 1252 4168 reverende
1275 4112 1455 4178 Pater,
1484 4127 1580 4180 pro
1614 4112 1705 4166 illo
1737 4112 1916 4175 funde,

357 4204 511 4275 cujus
545 4219 761 4268 nomen,
794 4205 921 4257 dum
956 4203 1131 4257 adhuc
1188 4204 1240 4255 iu
1287 4215 1440 4255 utero
1470 4204 1801 4272 gestabatur,
1836 4202 1921 4256 iu-

359 4297 572 4352 dicasti.
625 4294 822 4350 Verum
860 4291 1187 4348 reverendus
1219 4292 1542 4356 Germanus,
1588 4310 1692 4347 non
1735 4293 1920 4347 existi-

357 4402 513 4442 mans
560 4387 682 4440 aliis
715 4387 962 4455 precibus
992 4393 1113 4453 post
1156 4383 1413 4453 unguenti
1451 4385 1757 4439 unctionem
1786 4399 1920 4453 opus

358 4494 509 4546 esse,
542 4476 708 4532 altera
749 4492 938 4541 manu,
980 4477 1238 4544 genitoris
1283 4485 1443 4546 caput
1500 4487 1709 4541 tenens,
1750 4475 1917 4528 altera

361 4569 617 4625 infantem
651 4567 817 4637 digito
854 4568 1169 4632 ostendens,
1207 4568 1341 4621 dixit
1380 4586 1393 4621 :
1435 4586 1454 4620 ι
1498 4568 1638 4622 Deus
1671 4569 1761 4636 qui
1790 4567 1921 4620 illu-

359 4661 527 4713 minat
572 4675 774 4713 omnem
821 4658 1080 4712 hominem
1130 4659 1416 4712 venientem
1476 4660 1535 4712 in
1574 4660 1712 4713 hunc
1764 4676 1920 4713 mun-

2022 3486 2158 3533 σεως
2190 3470 2628 3539 καταλαϐούσης,
2660 3471 2752 3524 τὸν
2783 3473 2847 3523 ἐκ
2876 3468 3109 3541 βρέφους
3159 3471 3302 3540 ἱερὸν
3332 3473 3351 3508 ί
3384 3471 3578 3541 ἀράμε·

2019 3577 2098 3614 νοι
2128 3562 2179 3613 οἱ
2204 3564 2548 3631 γεννήτορες,
2606 3562 2669 3614 τὸ
2714 3563 3084 3633 Φωτιστήριον
3133 3562 3234 3630 τῆς
3279 3562 3585 3632 ἁγιωτάτης

2018 3651 2113 3703 τοῦ
2170 3651 2305 3704 Θεοῦ
2360 3652 2621 3722 Μεγάλης
2675 3652 2971 3723 ἐκκλησίας
3025 3652 3326 3706 κατέλαϐον
3381 3655 3447 3723 τῇ
3493 3652 3584 3705 τοῦ

2020 3742 2174 3809 ἁγίου
2210 3742 2487 3796 Σαϐϐἁτου
2521 3743 2671 3813 ὀψίᾳ,
2722 3744 2817 3796 καὶ
2856 3745 2948 3797 τὸν
2967 3745 3110 3813 ἱερὸν
3139 3744 3363 3796 νεανίαν
3409 3759 3584 3813 προσ-

2020 3835 2244 3904 φέρουσι
2299 3834 2435 3905 πρδς
2481 3835 2541 3887 τὸ
2586 3835 2810 3904 λουτρὸν
2845 3838 2945 3906 τῆς
2997 3835 3455 3902 παλιγγενεσίας·
3493 3834 3587 3888 καὶ

2023 3923 2344 3994 βαπτίζεται
2389 3926 2471 3988 είς
2520 3926 2581 3978 τὸ
2631 3926 2731 3995 τῆς
2778 3926 3097 3996 ζωαρχικῆς
3154 3926 3385 3995 Τριάδος
3418 3925 3592 3994 ὄνομα.

2021 4017 2148 4085 παρ’
2183 4015 2348 4069 αὐτοῦ
2387 4017 2483 4069 τοῦ
2523 4018 2897 4086 παμμὰκαρος
2950 4016 3239 4086 φωστῆρος
3282 4015 3581 4086 Γερμανοῦ.

2020 4104 2173 4156 Μετὰ
2223 4103 2281 4156 δὲ
2334 4102 2430 4175 τὴν
2486 4103 2579 4156 τοῦ
2640 4101 2790 4155 θείου
2852 4102 3024 4172 μύρου
3079 4102 3284 4171 χρίσιν,
3339 4106 3453 4165 τοῖς
3495 4100 3587 4153 τοῦ

2021 4198 2277 4268 θεοφόρου
2312 4197 2698 4267 ἀρχιποίμενος
2736 4195 2894 4249 ποσὶν
2940 4196 2974 4265 ἡ
3004 4194 3188 4265 μήτηρ
3223 4192 3387 4246 αὐτοῦ
3425 4208 3590 4261 προσ·

2020 4289 2282 4352 πεσοῦσα,
2343 4306 2362 4339 ι
2407 4284 2594 4352 Εὖξαι,
2639 4287 2790 4350 ἐϐόα,
2838 4286 2988 4357 τίμιε
3027 4286 3228 4353 Πάτερ,
3279 4284 3448 4352 ὅνπερ
3485 4281 3591 4333 ἀπὸ

2022 4382 2212 4452 νηδύος
2239 4380 2335 4451 τὴν
2358 4380 2550 4450 κλῆσιν
2606 4378 2932 4447 ἐγνώρισας.
2978 4395 2997 4428 ι
3032 4375 3105 4443 _'O
3156 4376 3214 4428 δὲ
3247 4375 3425 4443 τίμιος
3468 4373 3596 4441 Γερ·

2026 4474 2193 4545 μανὸς
2230 4473 2304 4543 μὴ
2330 4472 2478 4538 εἴξας
2505 4469 2741 4540 ὕπερθεν
2771 4470 2871 4539 τῆς
2908 4468 3002 4521 τοῦ
3041 4468 3212 4538 μύρου
3244 4468 3480 4537 χρίσεως
3499 4463 3594 4518 ἄλο

2021 4567 2120 4635 λην
2148 4567 2312 4635 εὐχὴν
2333 4564 2684 4634 ποιήσασθαι,
2712 4560 2810 4633 τὴν
2837 4562 3014 4630 κάραν
3046 4560 3142 4614 τοῦ
3179 4562 3504 4628 γεννήτορος
3525 4558 3592 4626 τῇ

2028 4659 2127 4728 μιᾷ
2157 4658 2302 4727 χειρὶ
2336 4653 2648 4725 κατασχὼν,
2690 4653 2786 4707 καὶ
2819 4656 2885 4723 τῇ
2932 4653 3096 4722 ἑτέρα
3137 4651 3230 4702 ἐπὶ
3281 4650 3343 4702 τὸ
3395 4648 3595 4718 βρέφος

355 4752 482 4804 dum
519 4751 582 4815 ⁸³,
615 4749 760 4805 hunc
794 4765 1016 4819 puerum
1054 4749 1280 4804 similem
1313 4751 1551 4806 moribus
1585 4752 1659 4804 illi
1712 4752 1913 4819 reddat1

2024 4747 2505 4811 δακτυλώεικτών,
2559 4742 2713 4799 εἷπεν
2737 4762 2751 4776 ο
2792 4763 2811 4797 ι
2857 4745 2924 4799 '0
2961 4740 3222 4812 φωτίζων
3267 4741 3464 4793 πάντα
3492 4739 3597 4791 ἄν·

358 4843 510 4910 cujus
542 4859 735 4897 nomen
767 4841 993 4911 accepit.
1029 4859 1046 4893 ι
1074 4840 1140 4894 Ει
1174 4841 1247 4894 ita
1277 4855 1396 4896 cum
1429 4844 1797 4898 benedictione
1831 4845 1925 4897 do-

360 4950 504 4988 tttttut
543 4943 894 4989 reverterunt.

434 5206 562 5262 Haec
592 5218 712 5261 sunt
746 5207 932 5263 deiferi
971 5209 1147 5264 Patris
1198 5208 1364 5262 nostri
1414 5206 1666 5276 Stephani
1699 5207 1929 5272 primor-

368 5299 477 5354 dia.
498 5299 588 5354 Ha:
617 5309 743 5355 sunt
770 5315 912 5355 verre
939 5311 994 5354 et
1022 5298 1363 5369 periucunda:
1391 5299 1508 5367 ejus
1538 5299 1925 5366 conceptionis,

443 5437 487 5470 ¹¹
519 5437 576 5491 ld
598 5448 680 5491 est
712 5437 1117 5507 Baptisterium.
1180 5437 1223 5468 "
1252 5437 1408 5491 Joan.
1434 5454 1473 5503 ι,
1502 5437 1555 5492 9.

2031 4844 2265 4909 θρωπον
2287 4843 2374 4905 εὶς
2396 4840 2503 4893 τὸν
2524 4840 2758 4907 κόσμον
2779 4837 3106 4905 ἐρχόμενον
3132 4833 3286 4897 Θεὸς,
3311 4833 3598 4903 ὁμοιότρο-

2033 4949 2134 4985 πον
2188 4931 2519 4997 ἀναδείξειεν
2556 4931 2649 4984 τδν
2706 4930 2874 4983 παῖδα
2919 4928 3127 4991 τοῦτον,
3160 4920 3333 4995 οὗπερ
3384 4924 3597 4991 εἰλήφει

2035 5023 2128 5076 καὶ
2171 5024 2231 5076 τὸ
2294 5022 2486 5092 ὄνομα.
2524 5040 2542 5072 ι
2590 5003 2720 5074 ’Καὶ
2765 5020 2909 5073 οὓτω
2950 5020 3066 5090 μετ’
3118 5017 3370 5084 εὐλογίας
3418 5013 3598 5068 οἴκαδε

2035 5113 2432 5186 ἐπορεύθησαν.

2103 5205 2341 5259 Τοιαῦτα
2368 5204 2437 5258 τὰ
2463 5203 2557 5257 τοῦ
2587 5203 2851 5272 θεοφόρου
2892 5201 3103 5269 Πατρδς
3135 5200 3291 5269 ἡμῶν
3322 5199 3600 5264 Σττεφὰνον

2035 5299 2371 5370 προς-τάλαια.
2395 5296 2582 5350 Ταῦτα
2611 5295 2778 5349 αὐτοῦ
2820 5294 2890 5346 τὰ
2937 5294 3065 5363 περὶ
3113 5290 3449 5361 συλλήψεως.
3487 5303 3603 5353 γεν-

1649 5548 1878 5604 VAIWE
1918 5547 2316 5605 LECTiONES.

441 5670 464 5695 °
492 5663 561 5718 al.
594 5663 931 5731 πρσὰξασα.
1008 5671 1034 5704 υ
1058 5660 1208 5715 Uutts
1238 5661 1326 5731 hic
1356 5661 1629 5714 interserit
1676 5661 2045 5716 ὲνατενίσασα.
2119 5672 2146 5711 ιι
2179 5661 2318 5715 Idem
2358 5659 2464 5723 hic,
2500 5659 2681 5724 habet,
2715 5659 3051 5729 ἐνειράσατο,
3082 5659 3174 5709 καὶ
3199 5652 3355 5719 αὖθις
3383 5654 3534 5710 ἐϐόα.

380 5740 405 5772 ι’
430 5734 500 5784 al.
528 5730 701 5798 δέχου.
778 5736 799 5761 ⁸
837 5731 1114 5799 τεχθέντα.
1195 5735 1212 5768 ί
1251 5730 1399 5785 Unus
1422 5732 1569 5783 addit
1596 5732 1865 5800 Σαμουὴλ.
