3940 6170
249 435 376 497 1081

1300 446 1478 511 VITA
1516 449 1574 512 S.
1619 450 2001 518 STEPHANI
2045 453 2421 520 JUNIORIS.

3369 449 3504 515 108‘2

246 544 477 614 νήσεως,
512 544 762 616 κλήσεώς
800 563 862 601 τε
895 547 992 604 καὶ
1025 551 1314 622 φωτισμοῦ
1361 553 1686 626 πάντερπνα
1729 559 1824 610 καὶ

1943 561 2264 626 iativitatis,
2294 558 2668 630 appellationis
2709 567 2766 615 et
2798 557 3204 625 illustrationis,
3252 561 3370 616 sive
3417 564 3506 616 ha-

243 635 471 706 ἀληθινά
508 636 845 709 διηγήματα.
883 639 1163 711 ’Δρχέσθω
1183 641 1240 696 δὲ
1269 645 1365 698 καὶ
1390 645 1499 698 τῶν
1525 647 1820 717 μετέπειτα

245 727 407 784 αὑτοῦ
441 729 794 802 θεοπαρόχων
831 734 1278 806 κατορθωμάτων
1313 740 1343 791 ὁ
1375 737 1558 808 λόγος.
1601 741 1663 794 Ei
1711 741 1820 813 7&9

242 822 311 876 τὰ
341 822 609 894 προαύλια
651 824 908 890 τοιαῦτα.
947 827 1130 898 πολλῷ
1185 829 1388 900 μᾶλλον
1421 830 1492 884 τά
1541 831 1818 904 ἐνδότερα.

243 914 445 970 Τοῦτον
473 916 586 988 7&9
616 916 710 971 τὸν
732 920 880 973 ὅσιον
926 925 1271 993 πνευματικῇ
1304 923 1486 994 λοχεία
1517 925 1820 996 ἀναγεννή-

246 1023 386 1062 σασα
413 1009 446 1078 ή
471 1008 692 1062 πάντων
718 1009 878 1081 ήμῶν
907 1012 1092 1083 μήτηρ
1114 1014 1277 1082 τιμία
1297 1013 1684 1086 κολυμϐήθρα,
1721 1033 1822 1086 μυ-

247 1098 428 1152 στικὸν
472 1097 664 1171 ὥσπερ
698 1099 761 1154 ἐκ
813 1117 960 1166 τινος
999 1102 1170 1174 θηλῆς
1197 1104 1420 1161 ἐπότισε
1457 1105 1599 1174 γάλα
1629 1122 1644 1138 ·
1691 1107 1824 1160 κάν-

243 1189 430 1244 τεῦθεν
455 1185 544 1244 οἷα
580 1191 810 1259 στερεὰν
839 1193 1050 1264 τροφὴν
1085 1195 1197 1250 τῶν
1243 1195 1406 1249 θείων
1463 1199 1686 1250 ἐννοιῶν
1723 1199 1824 1267 τὴν

244 1281 444 1350 γνῶσιν
475 1282 805 1353 προέθηκεν,
827 1285 895 1355 ἢν
923 1286 972 1338 oi
1003 1285 1073 1339 τά
1099 1285 1428 1358 αἰσθητήρια
1450 1288 1586 1358 πρὸς
1613 1287 1824 1358 διάκρι-

247 1391 330 1428 σιν
361 1371 580 1444 ἔχοντες
619 1373 787 1428 καλοῦ
827 1393 884 1430 τε
921 1377 1016 1430 καὶ
1037 1377 1212 1431 κακοῦ
1255 1377 1464 1433 ἐσθίειν
1491 1379 1822 1450 ἐτάχθησαν.

247 1465 391 1534 Αὕτη
430 1463 640 1528 τοῦτον,
664 1465 740 1528 ὡς
759 1465 990 1537 ἔφαμεν,
1017 1467 1214 1537 ἀνῆξεν
1243 1467 1528 1540 μητρικῶς
1553 1472 1650 1524 καὶ
1671 1471 1826 1542 ἐθρέ-

245 1554 408 1624 ψατο.
439 1553 533 1607 καὶ
560 1559 682 1620 ταῖς
704 1555 882 1620 θείαις
911 1557 1170 1628 μελέταις
1195 1561 1570 1630 ἐπαγρυπνεῖν
1603 1561 1826 1627 ἐξεπαί-

246 1645 458 1701 δευσεν.
503 1645 646 1718 Αὕτη
673 1649 768 1702 τὸν
787 1649 984 1702 τούτου
1017 1650 1535 1721 καταλαμπρύνασα
1558 1651 1694 1723 βίον,
1727 1653 1827 1724 τὴν

247 1737 425 1808 ψυχὴν
455 1737 721 1808 ἐξωράῖσε
745 1739 841 1794 καὶ
865 1740 1004 1811 πρὸς
1031 1739 1166 1810 ὕψος
1195 1742 1496 1812 ἀνήγαγεν.
1521 1741 1668 1814 Αὕτη
1699 1743 1828 1798 τοῦ·

247 1844 340 1881 τον
363 1827 503 1880 Θεοῦ
534 1827 687 1896 φίλον
726 1828 968 1900 ἐποίησε,
993 1829 1088 1883 καὶ
1111 1829 1222 1882 τῶν
1249 1831 1536 1900 παρόντων
1564 1831 1828 1901 περιορᾷν

249 1917 664 1989 παρεσκεύασε·
695 1920 791 1972 καὶ
815 1919 1107 1974 συνελόντα
1151 1921 1338 1990 φάναι,
1369 1921 1508 1992 αὕτη
1531 1922 1722 1976 τοῦτον
1749 1924 1830 1986 είς

247 2008 369 2064 τόδε
398 2009 464 2062 τὸ
497 2011 606 2063 πᾶν
635 2011 701 2064 ἐκ
733 2011 809 2083 μὴ
829 2011 1002 2065 ὄντων
1033 2011 1257 2068 ἐλθόντα
1285 2012 1532 2078 ἐδέξατο·
1563 2015 1658 2066 καὶ
1691 2011 1830 2084 αὕτη

248 2099 358 2154 τῶν
393 2100 609 2154 ἐνθένδε
643 2101 990 2172 μεταστάντα
1027 2102 1189 2157 πάλιν
1209 2103 1449 2168 ἐξένισεν
1468 2120 1484 2135 ·
1516 2105 1550 2174 ἢ
1577 2105 1670 2158 καὶ
1697 2105 1836 2174 μάρ-

248 2209 346 2258 τυς
395 2191 565 2246 αὐτοῦ
619 2194 719 2264 τῆς
751 2194 1038 2264 ἀριστείας
1075 2197 1342 2267 ἀναμένει
1389 2195 1669 2264 γενέσθαι,
1705 2197 1835 2250 ὅταν

249 2287 386 2340 πᾶσι
418 2287 540 2341 κατ’
567 2284 727 2353 ἀξίαν
756 2285 856 2350 τάς
889 2285 1126 2357 ἀμοιϐὰς
1151 2287 1182 2340 ὁ
1220 2287 1434 2360 Κριτής
1466 2287 1819 2342 ἀποδίδωσιν.

331 2462 500 2519 Ἀλλά
535 2463 644 2534 γάρ
699 2461 890 2518 ἔλαθον
920 2462 1160 2534 ἐμαυτὸν
1207 2464 1290 2526 είς
1339 2461 1530 2516 τούσδε
1573 2463 1670 2516 νῦν
1710 2464 1838 2528 τοὺς

249 2555 452 2626 λόγους
502 2555 874 2627 παρεξελθὼν,
928 2557 1026 2610 καὶ
1069 2555 1401 2626 καταλείψας
1455 2557 1525 2610 τὰ
1568 2556 1840 2628 πρότερον

251 2647 517 2720 λεχθῆναι
555 2647 862 2718 ὀφείλοντα,
892 2641 1058 2720 ἦττον
1079 2648 1234 2701 οὐδὲν
1269 2646 1560 2712 πεπονθὼς
1585 2650 1701 2710 τοῖς
1731 2649 1841 2717 πρὸ

251 2740 362 2794 τῶν
406 2737 682 2809 Θεμελίων
726 2738 828 2806 τὴν
875 2738 1082 2809 ὀροφὴν
1143 2738 1244 2808 τῆς
1287 2739 1470 2802 οἰκίας
1505 2739 1841 2808 καταρτίσαι

257 2830 700 2902 μηχανωμένοις.
734 2829 931 2882 Ἔνθεν
955 2830 1141 2883 λοιπὸν
1179 2827 1276 2882 τοῦ
1309 2827 1474 2898 λόγου
1501 2829 1599 2901 τὴν
1637 2829 1844 2884 νύσσαν

253 2919 414 2986 αὖθις
442 2923 540 2975 ἐπὶ
575 2922 647 2975 τά
674 2922 865 2992 πρόσω
899 2921 1072 2992 φέρω.
1101 2922 1166 2976 Oi
1193 2921 1294 2993 μὲν
1317 2918 1412 2976 οὖν
1443 2925 1624 2992 γονεῖς
1645 2923 1841 2977 τούτου

251 3017 346 3070 τοῦ
367 3014 672 3088 ίερωτάτου
691 3013 908 3079 παιδὸς,
933 3015 1376 3084 κατανοήσαντες
1395 3014 1588 3068 τοῦτον
1613 3014 1712 3084 τὴν
1733 3015 1844 3068 τῶν

254 3108 468 3162 παίδων
519 3107 738 3178 ἡλικίαν
776 3106 1094 3178 ὑπερϐάντα
1135 3107 1230 3160 καὶ
1273 3105 1477 3177 ἑξαετῆ
1534 3106 1843 3179 ἐληλακότα

252 3201 473 3272 χρόνον,
507 3200 610 3271 ήδη
635 3199 694 3252 δέ
739 3201 834 3253 καὶ
865 3198 1153 3268 ὀφείλοντα
1177 3201 1297 3262 τοῖς
1334 3198 1621 3271 μαθήμασι
1648 3199 1841 3252 λοιπὸν
1869 3234 1912 3291 C

253 3291 693 3362 ἐνασχολείσθαι,
729 3289 1123 3360 παραδιδόασιν
1177 3288 1342 3342 αὐτὸν
1381 3291 1463 3353 είς
1497 3289 1598 3358 τὴν
1619 3289 1730 3342 τῶν
1763 3290 1843 3342 ίε-

257 3384 370 3455 ρῶν
393 3384 756 3454 Γραμμάτων
785 3381 1025 3452 μάθησιν
1049 3379 1432 3452 προπαιδείας.
1465 3379 1672 3435 Τούτου
1700 3379 1758 3434 δὲ
1783 3379 1846 3434 τὸ

255 3479 382 3530 καθ’
412 3462 658 3546 ἑκάστην
713 3474 1080 3537 ἀδιαλείπτως
1132 3476 1250 3536 τοῖς
1283 3473 1608 3544 μαθήμασιν
1651 3475 1847 3543 ἐντρυ-

255 3570 498 3639 φῶντος,
531 3567 928 3640 ὑπερηκόντισε
957 3567 1190 3632 πάντας,
1229 3565 1290 3618 ού
1323 3565 1487 3636 μόνον
1517 3563 1628 3617 τῶν
1665 3565 1845 3633 μαθη-

259 3661 474 3731 μάτων,
523 3659 660 3714 ἀλλά
701 3661 798 3713 καὶ
850 3658 1033 3726 πάσης
1060 3669 1088 3697 ιι
1125 3657 1331 3728 ἀρετῆς
1380 3655 1842 3726 ἐπιμελούμενος.

257 3755 368 3809 Καὶ
407 3754 522 3826 γάρ
549 3753 610 3807 οὐ
638 3753 908 3808 διέλειπεν
951 3751 1070 3822 ἅμα
1108 3753 1173 3822 τῇ
1209 3751 1332 3821 ἱερᾷ
1359 3747 1526 3802 αὐτοῦ
1560 3749 1729 3820 μητρὶ
1757 3766 1848 3802 νυ-

256 3847 550 3918 κτοπορῶν
579 3846 720 3922 πρὸς
767 3845 868 3908 τὰς
915 3843 1165 3916 συνήθεις
1199 3841 1517 3914 ἀγρυπνίας
1551 3843 1847 3911 γινομένας

255 3939 382 4002 ταῖς
405 3937 524 3990 τῶν
551 3935 722 4006 ἁγίων
753 3937 1015 4007 μνήμαις.
1053 3935 1230 4004 Χάριν
1255 3935 1316 3989 δὲ
1361 3933 1573 3987 τοιάνδε
1625 3931 1845 4001 εἰλήφει

259 4031 286 4082 ὁ
313 4030 503 4100 τίμιος
537 4023 692 4092 οὗτος
745 4027 984 4092 νεανίας,
1034 4025 1176 4080 ὥστε
1227 4027 1286 4079 ἐν
1321 4025 1502 4098 καιρῷ
1559 4024 1670 4078 τῶν
1711 4023 1850 4078 καθ-

261 4127 523 4196 ισμάτων
547 4124 646 4194 τῆς
675 4122 1036 4192 ἀναγνώσεως
1060 4119 1414 4190 τελουμένης,
1434 4117 1540 4189 πρὸ
1570 4116 1671 4187 τῆς
1699 4116 1852 4186 ἱερᾶς

259 4217 550 4284 κιγκλίδος
580 4219 890 4282 ἱστάμενος,
927 4213 1024 4268 καὶ
1055 4213 1132 4282 τῷ
1171 4209 1499 4281 ἀναγνώστῃ
1535 4207 1848 4280 προσέχων,

259 4313 324 4363 ἐκ
358 4313 539 4382 μόνης
565 4309 955 4379 ἀνακροάσεως
989 4305 1284 4376 μανθάνειν
1307 4301 1469 4356 αὐτὸν
1499 4301 1560 4355 τὸ
1588 4301 1854 4368 ἀναγινω-

265 4403 562 4472 σκόμενον,
585 4402 683 4456 καὶ
719 4403 812 4454 ἐπὶ
835 4399 1106 4468 στόματος
1138 4397 1350 4468 φέρειν,
1383 4395 1494 4447 εἴτε
1520 4391 1850 4464 μαρτύριον,

263 4495 376 4549 εἴτε
416 4495 558 4566 βίον.
593 4493 704 4548 εἴτε
760 4493 855 4546 καὶ
902 4491 1118 4560 Πατρός
1155 4505 1303 4551 τινος
1327 4483 1702 4548 διδασκαλίαν,
1746 4481 1852 4552 μά-

1924 649 2106 715 ptismi
2165 650 2530 704 narrationes.
2577 647 2697 704 Jam
2751 662 2883 702 vero
2936 649 3194 718 praeclara
3237 649 3502 711 facinora,

1923 754 2044 808 qua:
2089 738 2200 794 Deo
2253 741 2418 794 dante
2465 750 2646 810 postea
2678 740 2882 806 edidit,
2929 740 3274 810 aggrediatur
3307 742 3504 798 oratio.

1927 829 1982 885 Si
2014 832 2157 885 enim
2192 841 2298 886 tam
2337 832 2533 886 eximia
2573 841 2698 886 sunt
2735 834 2872 886 atria
2897 872 2910 896 ,
2951 832 3120 887 multo
3149 833 3322 902 magis
3357 834 3504 887 inte-

1926 921 2092 975 riora.
2136 921 2412 992 Siquidem
2443 932 2727 994 postquam
2759 923 2966 978 huncce
2993 932 3237 978 sanctum
3271 924 3499 991 spiritali

1923 1014 2226 1081 puerperio,
2278 1022 2520 1068 nostrum
2578 1014 2819 1068 omnium
2865 1023 3039 1069 mater
3073 1016 3380 1069 veneranda
3427 1017 3508 1085 pi-

1927 1103 2074 1156 scina
2107 1100 2273 1174 ms
2293 1103 2652 1172 regeneravit,
2676 1104 2757 1156 lac
2775 1103 2824 1157 ei
2849 1104 3137 1174 mysticum
3162 1107 3308 1158 velut
3323 1121 3353 1159 ο
3371 1121 3507 1173 quo-

1926 1191 2046 1245 dam
2100 1172 2266 1247 ubere
2312 1193 2640 1262 propinavit,
2673 1172 3083 1262 divinai'umque
3121 1172 3507 1262 cogitationum

1927 1284 2288 1352 cognitionem
2319 1293 2574 1353 tanquam
2619 1285 2850 1339 solidum
2882 1287 3060 1340 cibum
3087 1287 3281 1342 deinde
3313 1302 3504 1356 propo-

1925 1373 2067 1436 suit,
2106 1387 2212 1440 qua
2242 1373 2386 1427 vesci
2427 1372 2714 1440 iubentur,
2747 1374 2838 1444 qui
2885 1390 3079 1430 sensus
3119 1377 3186 1430 ad
3221 1377 3505 1432 discretio-

1925 1482 2048 1520 nem
2087 1466 2210 1520 boni
2237 1473 2292 1520 et
2312 1465 2436 1521 mali
2465 1466 2737 1521 consecuti
2761 1475 2902 1520 sunt.
2927 1466 3046 1534 Ipsa
3076 1467 3340 1532 illum,uti
3373 1469 3510 1522 dixi-

1929 1572 2070 1620 mus,
2140 1557 2312 1610 instar
2368 1557 2556 1611 matris
2575 1556 2826 1612 educavit
2855 1568 2911 1612 et
2934 1557 3086 1624 aluit,
3114 1575 3401 1629 rerumque
3426 1560 3509 1614 di-

1927 1649 2174 1703 vinarum
2225 1649 2560 1704 meditationi
2603 1649 2890 1720 invigilare
2930 1652 3168 1706 edocuit.
3219 1651 3340 1722 Ipsa
3391 1653 3510 1720 eius

1931 1741 2098 1794 vitam
2160 1741 2496 1809 splendidam
2547 1739 2866 1806 eﬂicieudo,
2922 1743 3207 1810 pulchram
3275 1743 3509 1799 reddidit

1931 1833 2099 1902 ipsius
2119 1833 2352 1886 animam
2387 1841 2438 1888 et
2459 1847 2673 1888 sursum
2705 1834 2902 1890 evexit.
2937 1833 3056 1904 Ipsa
3082 1835 3228 1888 illum
3255 1835 3346 1889 Dei
3375 1835 3510 1888 ami-

1937 1937 2057 1978 cum
2083 1933 2135 1978 et
2165 1938 2346 1978 rerum
2393 1925 2733 1992 praesentium
2771 1933 3200 1992 contemptorem
3229 1926 3392 1993 tet-it;
3431 1933 3508 1990 et,

1937 2023 1996 2068 ut
2025 2029 2131 2068 uno
2162 2013 2326 2068 verbo
2364 2013 2636 2069 absolvam
2657 2056 2672 2080 ,
2701 2014 2816 2086 ipsa
2854 2015 3003 2070 illum
3057 2029 3087 2068 e
3126 2014 3294 2068 nihilo
3325 2015 3376 2069 in
3409 2017 3512 2069 hoc

1939 2105 2246 2159 universum
2269 2104 2570 2159 venientem
2589 2107 2896 2175 excepit,et
2924 2121 3112 2160 rursus
3131 2107 3244 2174 ipsa
3269 2120 3332 2160 ex
3363 2106 3512 2160 hisce

1935 2197 2071 2253 locis
2105 2197 2421 2268 migrantem
2453 2199 2844 2267 recepit.'quaa
2867 2198 3031 2251 etiam
3064 2213 3125 2252 se
3147 2197 3264 2264 ejus
3296 2197 3512 2252 fortitu-

1938 2289 2080 2344 dinis
2104 2297 2292 2343 testem
2325 2287 2443 2342 fore
2469 2298 2781 2360 exspectat,
2809 2302 2932 2343 cum
2955 2288 3210 2343 omnibus
3229 2287 3392 2358 digna
3411 2301 3513 2357 pro

1939 2382 2148 2436 meritis
2189 2383 2548 2436 retrihuturus
2572 2390 2653 2435 est
2685 2378 2878 2436 Judex.

2017 2467 2236 2533 Verum,
2258 2469 2386 2524 dum
2423 2471 2474 2523 in
2527 2469 2627 2524 hos
2679 2484 2958 2525 sermones
2989 2469 3240 2538 prolahor
3263 2509 3280 2534 ,
3303 2477 3358 2524 et
3393 2483 3513 2538 quae

1942 2561 2090 2631 prius
2123 2561 2345 2614 dicenda
2388 2568 2516 2614 sunt
2574 2560 2820 2630 relinquo
2843 2600 2860 2625 ,
2904 2561 3126 2616 meimet
3159 2561 3275 2630 ipse
3314 2559 3514 2614 oblitus

1940 2665 2082 2716 sum,
2111 2649 2240 2702 nihil
2280 2651 2455 2704 minus
2493 2649 2598 2703 illis
2633 2665 2839 2719 passus,
2873 2651 2965 2719 qui
3009 2659 3137 2705 ante
3161 2649 3514 2704 fundamenta

1943 2746 2139 2792 tectum
2183 2739 2377 2792 domus
2423 2748 2740 2793 construere
2768 2791 2776 2802 ,
2803 2739 3119 2793 moliuntur.
3173 2740 3516 2807 QuaprOpter

1941 2828 2202 2883 orationis
2221 2843 2439 2882 cursum
2471 2828 2523 2881 in
2573 2828 2840 2882 anteriora
2877 2829 3132 2895 deinceps
3179 2828 3376 2884 refero.
3405 2827 3515 2882 Ita-

1944 2935 2050 2990 que
2079 2935 2202 2974 cum
2243 2929 2492 2989 parentes
2522 2920 2746 2990 hujusce
2791 2920 3148 2976 sacratissimi
3175 2921 3326 2989 pueri
3367 2918 3514 2974 illum

1945 3012 2192 3082 pueritiae
2219 3022 2429 3081 tempus
2457 3023 2904 3081 praetergressum
2933 3027 3074 3074 esse,
3104 3026 3307 3080 sexque
3351 3025 3521 3064 anno-

1947 3120 2066 3158 rum
2099 3113 2310 3158 aetatem
2338 3103 2601 3173 attigisse,
2641 3104 2776 3157 acin
2813 3103 3110 3172 disciplinis
3137 3102 3388 3172 occupari
3423 3103 3522 3156 dc-

1945 3197 2075 3252 bere
2110 3196 2357 3250 viderent
2383 3211 2398 3260 ;
2437 3210 2558 3250 eum
2589 3193 2754 3267 ﬁlo
2785 3196 2852 3250 ad
2879 3211 3156 3250 sacrarum
3193 3193 3521 3251 Litterarum

1947 3286 2204 3359 prtuludia
2257 3287 2552 3343 ediscenda
2616 3289 2892 3358 magistris
2953 3290 3196 3343 tradunt.
3251 3289 3342 3343 Ille
3394 3303 3524 3343 vero

1947 3395 2070 3436 cum
2105 3380 2322 3435 assidue
2373 3363 2568 3435 studiis
2598 3391 2854 3450 tanquam
2883 3380 3100 3437 deliciis
3137 3381 3521 3438 delectaretur.

1947 3488 2137 3529 omnes
2166 3473 2324 3542 longe
2368 3475 2680 3540 superavit,
2716 3489 2820 3526 non
2857 3483 3063 3527 tantum
3108 3473 3396 3536 doctrinm,
3429 3470 3526 3526 sed

1947 3567 2108 3622 etiam
2159 3566 2305 3618 omni
2343 3566 2524 3620 virtuti
2561 3580 2782 3632 operam
2814 3563 3082 3618 novando.
3112 3563 3221 3617 Nec
3247 3565 3387 3618 enim
3429 3564 3529 3618 tle-

1947 3655 2088 3709 stitit
2115 3669 2235 3708 cum
2261 3670 2416 3710 sacra
2451 3671 2544 3710 sua
2567 3664 2739 3709 matre
2767 3636 2832 3708 ad
2879 3654 3086 3724 vigilias
3117 3654 3172 3707 in
3217 3663 3526 3708 sanctorum

1911 3746 2226 3800 'memoriis
2270 3745 2533 3800 celebrari
2593 3745 2784 3798 solitas
2837 3757 3000 3798 noctu
3032 3745 3326 3814 proﬁcisci.
3372 3745 3530 3811 Ejus-

1951 3837 2094 3890 ntodi
2127 3851 2254 3891 vero
2273 3837 2509 3906 gratiam
2544 3843 2830 3902 acceperat
2867 3835 3216 3888 honorandus
3268 3835 3358 3890 ille
3396 3839 3530 3890 ado-

1953 3926 2184 3990 lescens,
2217 3938 2274 3980 ut
2313 3938 2552 3996 tempore
2593 3927 2858 3991 lectiOuis,
2885 3942 2993 3992 quo
3033 3929 3225 3982 sedere
3274 3943 3388 3982 mos
3423 3937 3530 3990 est,

1951 4018 2066 4089 ipse
2085 4029 2236 4074 stans
2263 4027 2388 4073 ante
2424 4033 2610 4072 sacros
2631 4017 2923 4080 cancellos,
2955 4018 3321 4086 lecturumque
3351 4026 3532 4072 atten-

1953 4112 2105 4176 dens,
2121 4125 2184 4164 ex
2216 4109 2330 4164 sola
2369 4108 2646 4163 auditione
2682 4108 2913 4176 idipsum
2944 4108 3093 4177 quod
3123 4107 3402 4177 legebatur
3423 4107 3533 4160 dis-

1953 4210 2122 4265 ceret,
2155 4214 2218 4253 ac
2245 4199 2297 4254 iu
2329 4213 2424 4253 ore
2459 4208 2720 4264 versaret,
2755 4199 2869 4253 sive
2903 4199 3251 4269 martyrium,
3301 4199 3415 4252 sive
3452 4197 3536 4250 vi-

1953 4301 2086 4358 tam,
2110 4293 2222 4348 sive
2245 4292 2471 4361 alicujus
2495 4290 2672 4346 Patris
2697 4305 3021 4355 sermonem,
3042 4291 3338 4360 praesertim
3359 4287 3535 4343 melli-

1955 4383 2044 4438 ﬂui
2089 4383 2266 4438 Patris
2302 4382 2700 4456 Chrysostomi.
2749 4383 3024 4452 Siquidem
3061 4381 3242 4435 aiebat
3281 4398 3340 4435 se
3377 4382 3534 4450 hujus

1957 4490 2234 4532 sermones
2260 4477 2634 4530 vehementius
2655 4484 2926 4542 expetere.
2961 4473 3051 4528 Sic
3071 4489 3196 4526 vere
3227 4474 3292 4526 ab
3328 4473 3534 4526 infante

162 4985 172 4996 ι
262 4953 344 5021 τῷ
369 4950 548 5022 κοινῷ
569 4949 876 5016 διδασκάλῳ
895 4945 1270 5014 ἐξακολουθῶν
1297 4944 1394 4997 καὶ
1410 4943 1597 5013 νήφων
1618 4942 1676 4992 ἐν
1703 4939 1860 5001 πᾶσι,

261 4564 426 4642 λιστα
481 4588 541 4640 δὲ
581 4585 676 4640 τοῦ
743 4581 1104 4655 μελισταγοῦς
1167 4576 1562 4650 Χρυσοστόμου
1613 4573 1838 4642 Πατρός.

1957 4583 2112 4622 sacer
2139 4577 2192 4621 et
2219 4567 2559 4621 celeberrimi
2601 4565 2867 4620 Timothei
2913 4564 3352 4625 contubernalis,
3383 4579 3536 4617 com-

264 4681 448 4734 Λὺτοῦ
485 4679 599 4749 γάρ
643 4675 829 4745 ἐλεγεν
881 4674 1212 4746 πλειοτέρως
1253 4667 1538 4724 ἐπιποθεῖν
1573 4665 1673 4727 τὰς
1703 4662 1838 4721 θείας

1955 4675 2169 4714 munem
2198 4660 2518 4729 magistrum
2551 4673 2806 4726 sequens,
2846 4672 3015 4726 seque
3039 4657 3090 4710 in
3110 4657 3362 4710 oumibus
3385 4665 3541 4709 caute

261 4769 656 4832 διδασκαλίας.
688 4769 799 4822 Καὶ
842 4767 1016 4831 οὕτως
1045 4767 1075 4820 ὁ
1126 4763 1268 4819 κατά
1311 4759 1570 4831 ἀλήθειαν
1613 4759 1677 4808 ἐκ
1731 4753 1838 4826 βρέ-

1954 4766 2169 4821 get'etts,
2203 4767 2320 4820 qua:
2354 4763 2492 4804 retro
2521 4760 2640 4803 sunt
2673 4749 2998 4814 Oblivisceris,
3018 4760 3064 4803 et
3085 4750 3152 4801 ad
3175 4767 3236 4802 ea
3265 4765 3382 4815 qua:
3417 4759 3539 4802 sunt

263 4879 404 4932 φους
439 4860 612 4930 ἱερὸς.
638 4861 732 4912 καὶ
752 4857 846 4912 τοῦ
879 4855 1128 4927 πανευφή
1140 4873 1240 4926 μου
1265 4851 1534 4922 Τιμοθέου
1561 4847 1833 4918 σύσκηνος

1955 4845 2134 4911 priora
2176 4843 2456 4898 extendens
2498 4841 2544 4874 “
2572 4855 2834 4910 setpsum,
2885 4855 2989 4894 non
3015 4844 3284 4905 cessabat,
3333 4851 3390 4892 ut
3419 4856 3540 4893 cum

1963 4936 2160 4990 Davide
2192 4935 2399 5004 loquar,
2430 4933 2678 4988 meditari
2715 4934 2802 4988 die
2823 4951 2886 4988 ac
2909 4935 3133 4988 noctein
3167 4935 3274 5001 lege
3301 4931 3540 4998 Domini,

1964 5041 2213 5100 tanquam
2245 5029 2446 5098 lignum
2491 5031 2632 5097 quod
2661 5027 2956 5094 plumatum
2995 5035 3073 5080 est
3105 5041 3251 5078 secus
3291 5026 3543 5075 det-unus

1967 5136 2224 5191 aquarum
2255 5121 2319 5174 ".
2350 5117 2586 5174 Noverat
2610 5120 2752 5174 enim
2788 5134 2848 5174 se
2875 5134 2979 5171 non
3005 5116 3171 5169 multo
3184 5125 3304 5182 post
3330 5117 3548 5180 proprio

1969 5223 2212 5280 tempore
2255 5211 2608 5266 centesimum
2647 5209 2807 5281 41],
2855 5223 3071 5261 suorum
3127 5206 3369 5258 laborum
3433 5205 3548 5258 fru-

1969 5314 2116 5358 ctum
2149 5305 2399 5357 daturum
2425 5303 2491 5356 ¹⁶.
2539 5299 2614 5354 Ita
2652 5301 3002 5355 honorandus
3033 5297 3364 5366 Stephanus,
3401 5313 3552 5368 sum-

271 5045 402 5101 Τῶν
425 5062 497 5101 τε
517 5043 773 5098 ὄπισθεν
797 5041 1368 5108 ἐπιλανθανόμενος,
1393 5035 1489 5088 καὶ
1506 5031 1628 5087 τῶν
1645 5031 1858 5102 ἐμπρο-

267 5139 424 5192 σθεν
473 5132 768 5204 ὁσημέραι
797 5132 1306 5201 ἐπεκτεινόμενος,
1346 5129 1408 5182 ού
1436 5125 1725 5188 διέλειπεν,
1773 5122 1867 5176 δα-

267 5225 512 5290 6ιτικῶς
549 5227 746 5289 εἰπεῖν,
793 5223 1030 5296 μελετῶν
1063 5223 1296 5289 νύκτωρ
1329 5235 1395 5272 τε
1436 5217 1535 5272 καὶ
1561 5215 1692 5286 μεθ’
1723 5214 1866 5282 ήμέο

258 5336 389 5388 ραν
417 5331 495 5372 εν
523 5314 604 5382 τῷ
636 5318 798 5386 νόμῳ
835 5315 1071 5382 Κυρίου,
1109 5312 1253 5366 ὡσεί
1277 5311 1470 5375 ξύλον
1497 5304 1869 5376 πεφυτευμέ-

264 5425 387 5466 νον
415 5407 590 5476 παιὰ
647 5410 754 5474 τὰς
801 5405 1110 5472 διεξόδους
1141 5402 1260 5456 τῶν
1293 5401 1548 5457 ὑδάτων.
1581 5399 1735 5471 ’ῌδει
1759 5397 1830 5466 γὰ

1974 5413 2114 5451 mam
2146 5397 2397 5466 pietatem
2436 5397 2708 5457 erudttus,
2760 5391 3068 5462 complures
3097 5405 3404 5447 comvorum
3439 5404 3550 5444 tum

976 5563 1018 5594 "‘
1039 5561 1184 5616 Psal.
1219 5575 1271 5627 ι,
1300 5559 1353 5612 2.
1392 5559 1444 5613 5.
1522 5557 1566 5589 ¹⁶
1587 5555 1782 5609 Matth.
1808 5555 2000 5619 xttt,8.

1575 5695 1804 5751 VARUE
1846 5695 2247 5751 LECTIONES.

353 5569 410 5604 ¹⁴ι
447 5566 554 5622 l’hi
585 5570 658 5637 ip.
692 5582 774 5629 ιιι,
808 5567 896 5619 i3.

353 5855 386 5886 '
417 5849 572 5904 Tres
597 5844 746 5900 Culb.
775 5842 860 5896 hic
897 5841 968 5894 ita
999 5839 1232 5892 habent:
1271 5835 1332 5888 οὐ
1358 5835 1518 5904 μόνον
1551 5832 1618 5885 τά
1649 5829 1972 5902 μαθήματα,
2007 5830 2142 5885 ἀλλὰ
2169 5832 2262 5885 καὶ
2293 5830 2495 5899 πάσης,
2527 5840 2632 5883 etc.
