3894 6164
359 358 495 424 1083

1554 358 1936 420 STEPHANI
1973 354 2281 417 DlACONi
2321 355 2428 416 ΕΡ.

3479 348 3618 417 108i

357 466 452 523 Dei
511 481 720 529 amore,
763 476 876 520 tum
930 465 1172 522 discendi
1220 463 1430 531 studio,
1481 465 1630 520 brevi
1694 477 1934 533 tempore

2046 463 2118 514 5τι
2153 462 2213 514 οὑ
2247 461 2364 530 μετ’
2399 461 2463 514 οὑ
2491 460 2625 514 πολὺ
2657 460 2714 514 ἐν
2764 459 2945 532 καιρῷ
2981 459 3096 532 ίδίῳ
3125 459 3288 514 δώσει
3312 463 3442 526 τοὺς
3467 481 3609 535 καρ-

358 561 582 614 multum
609 561 906 628 superavit.
925 558 1201 628 Siquidem
1221 573 1382 626 supra
1413 567 1624 612 aetatem
1643 567 1759 611 erat
1791 557 1934 610 illius

357 652 553 716 ardor;
586 661 642 704 ut
683 651 846 706 etiam
877 651 928 703 in
957 651 1374 704 admiratiOnem
1408 649 1543 718 rapti
1573 651 1822 717 parentes
1851 649 1934 701 di-

360 751 547 797 cerent
587 759 709 796 eum
743 757 868 796 vere
909 741 1078 796 lilium
1105 742 1370 798 orationis
1411 756 1555 795 esse.
1588 740 1638 793 lu
1684 739 1766 792 his
1803 753 1935 810 ergo

361 848 517 888 sacer
545 834 858 887 adolescens
877 833 1248 895 erudiebatnr,
1288 842 1343 886 et
1370 832 1576 900 optima
1610 830 1931 900 purissima-

359 940 464 992 que
497 925 836 978 institutione
867 923 1286 986 inl'ormahatur,
1314 939 1497 992 quam,
1529 933 1587 976 ut
1609 926 1684 975 ait
1722 923 1924 975 acutis-

361 1018 494 1070 sima
527 1025 580 1070 et
607 1015 759 1068 valde
789 1015 1090 1083 theologica
1121 1029 1273 1068 meus
1293 1013 1607 1086 [Gregorius
1635 1011 1933 1067 Nazianze-

363 1103 510 1176 nus],
543 1105 792 1158 diurnam
829 1105 1043 1158 divinus
1079 1106 1246 1159 David
1275 1105 1537 1174 praeclare
1566 1115 1723 1158 vocat
1751 1091 1806 1157 ‘ct
1837 1119 1936 1157 no-

363 1207 570 1250 cturnae
605 1197 914 1250 adversam.
962 1195 1098 1250 Dum
1161 1207 1341 1250 autem
1381 1211 1566 1250 Sacras
1627 1194 1936 1266 Scripturas

365 1289 662 1353 ediseebat,
691 1288 1000 1342 divinorum
1029 1287 1267 1342 virorum
1288 1289 1378 1354 qui
1405 1288 1456 1341 in
1489 1288 1569 1342 eis
1588 1289 1932 1352 exhibentur,

365 1382 646 1434 teinulator
671 1395 791 1434 esse
815 1381 1090 1450 cupiebat,
1119 1395 1253 1449 quos
1276 1381 1492 1450 quidem
1523 1380 1810 1445 imitando,
1839 1395 1934 1432 va-

369 1472 570 1525 riorum
591 1472 834 1525 ciborum
861 1487 927 1525 ne
947 1473 1270 1526 meminerat
1290 1473 1530 1540 quidem,
1551 1486 1724 1539 neque
1742 1486 1935 1524 vanam

368 1564 591 1631 gloriam
624 1565 938 1632 expetebat,
984 1579 1158 1633 neque
1183 1579 1422 1634 unquam
1468 1579 1497 1617 a
1547 1563 1726 1618 divina
1782 1563 1939 1618 laude

367 1667 430 1705 os
461 1667 690 1707 vacuum
733 1653 986 1708 habebat.

2036 556 2170 616 ποὺς
2208 553 2316 606 τῶν
2344 553 2522 606 πόνων
2555 553 2722 607 αὑτοῦ
2757 557 2838 618 είς
2879 554 3095 608 ἑκατόν.
3129 554 3317 619 Οὕτως
3350 558 3378 610 6
3431 557 3618 628 τίμιος

2017 645 2308 714 ,Στέφανος
2331 645 2640 708 παιδευθεὶς
2665 645 2764 716 τὴν
2789 646 3099 716 ἀκροτάτην
3132 646 3442 714 εὐσέϐειαν,
3477 649 3617 701 πολ-

2032 737 2158 800 λοὺς
2179 737 2460 807 ὁμηλίκων
2485 737 2917 808 ὑπερηκόντισεν
2945 739 3002 790 ἐν
3024 738 3194 808 ὀλίγῳ
3222 738 3401 810 χρόνῳ
3423 743 3487 809 τῇ
3513 741 3618 811 τῆς

2033 827 2211 898 ψυχῆς
2242 827 2487 899 φιλοθεῒα
2521 829 2614 881 καὶ
2639 828 2960 898 φιλομαθία.
2991 823 3100 880 Ἦν
3128 829 3236 898 γάρ
3272 831 3440 883 αὑτοῦ
3471 831 3618 902 ὑπὲρ

2033 920 2132 990 τὴν
2171 920 2387 990 ἠλικίαν
2419 921 2482 974 τὸ
2513 921 2816 990 πρόθυμον,
2845 919 2990 973 ὥστε
3029 920 3414 990 θαυμάζεσθαι
3443 923 3614 976 αὑτὸν

2036 1013 2188 1083 παρᾶ
2242 1012 2350 1065 τῶν
2398 1013 2668 1066 τεκόντων
2721 1014 2816 1066 καὶ
2870 1013 3083 1080 λέγειν,
3137 1015 3332 1085 ὅτιπερ
3386 1015 3612 1085 άληθῶς

2036 1104 2204 1175 εὐχῆς
2258 1105 2374 1168 υἱός
2402 1107 2553 1158 ἐστιν
2599 1099 2775 1168 οὗτος.
2825 1105 2915 1158 Ἐν
2972 1105 3183 1168 τούτοις
3231 1103 3325 1160 οὖν
3381 1108 3408 1158 6
3470 1109 3620 1176 ίερδς

2035 1197 2254 1260 νεανίας
2314 1196 2629 1250 παιδεύεται
2678 1199 2770 1250 καὶ
2814 1197 3202 1251 διαπλάττεται
3263 1199 3466 1252 πλάσιν
3502 1200 3607 1269 τὴν

2036 1287 2266 1358 ἀρίστην
2304 1290 2397 1342 καὶ
2421 1289 2839 1358 καθαρωτάτην,
2870 1291 3070 1360 ἥνπερ,
3101 1289 3176 1353 ὥς
3231 1307 3396 1360 φησιν
3425 1293 3454 1344 6
3497 1292 3622 1344 δια-

2037 1380 2269 1451 πρύσιος
2303 1382 2396 1433 καὶ
2427 1380 2887 1449 θεολογικώτατος
2920 1381 3068 1444 νοῦς,
3113 1383 3380 1453 ἡμερινὴν
3406 1386 3433 1436 ὀ
3464 1383 3618 1448 θεῖος

2039 1472 2204 1526 Δαϐίό
2234 1471 2416 1536 καλῶς
2459 1472 2714 1542 ὀνομάζει
2749 1473 2844 1526 καὶ
2891 1474 2992 1543 τῆς
3041 1475 3364 1544 νυκτερινῆς
3395 1473 3622 1527 ἀντίθε-

2041 1581 2152 1618 τον.
2199 1565 2588 1634 Ἐκμανθάνων
2645 1565 2704 1618 δὲ
2743 1566 2841 1628 τὰς
2891 1565 3040 1628 θείας
3083 1566 3310 1635 Γραφας
3355 1566 3624 1619 ἐπεπόθει

2043 1653 2294 1725 ζηλωτὴς
2328 1655 2582 1724 γενέσθαι
2634 1655 2746 1709 τῶν
2797 1656 2959 1710 θείων
2990 1657 3215 1709 ἐκείνων
3258 1657 3470 1728 ἀνδρῶν
3510 1658 3625 1710 τῶν

369 1749 499 1818 παρ’
559 1752 750 1812 αὑταῖς
789 1751 1184 1822 ἐμφερομένων
1209 1769 1224 1784 ·
1254 1751 1348 1806 καὶ
1398 1751 1619 1813 τούτους
1659 1749 2020 1822 μιμούμενος,
2049 1751 2158 1804 οὐδ’
2189 1753 2330 1815 ὅλως
2381 1753 2619 1805 ἐποιεῖτο
2676 1753 2930 1824 ποικίλης
2961 1753 3166 1822 τροφῆς
3200 1753 3446 1824 μνήμην,
3497 1752 3625 1805 οὔτε

367 1841 532 1910 κενῆς
593 1841 751 1908 δόξης
781 1843 984 1911 ἐφίετο,
1049 1843 1172 1896 οὕτε
1198 1844 1261 1897 τὸ
1308 1845 1484 1914 στόμα
1513 1842 1676 1897 αὑτοῦ
1709 1843 1816 1896 ἀπὸ
1864 1841 2178 1912 δοξολογίας
2211 1845 2375 1914 ἧργει
2411 1842 2567 1898 ποτέ.

438 1935 638 1990 Eodem
684 1951 814 1991 vero
857 1947 1115 2006 tempore,
1138 1953 1246 2008 quo
1272 1939 1464 1993 studiis
1494 1955 1712 2008 operam
1747 1938 1942 2002 dabat,
1976 1945 2018 1999 Β

366 2027 476 2102 Leo
507 2042 537 2082 e
567 2025 722 2096 Syria
745 2029 1032 2094 oriundus,
1064 2046 1233 2086 novus
1255 2030 1398 2101 Doeg
1418 2032 1459 2062 ¹⁷
1489 2043 1542 2086 et
1563 2031 1845 2097 ldmnteus,
1873 2049 1938 2087 ex

369 2121 614 2186 partibus
653 2118 913 2185 Orientis,
944 2122 1128 2175 rebelli
1166 2132 1221 2174 et
1257 2124 1539 2193 tyranuico
1595 2123 1838 2178 facinore
1887 2126 1938 2178 in

369 2210 734 2264 Theodosium
762 2212 1138 2279 imperatorem
1153 2215 1467 2268 insurrexit.
1488 2215 1586 2281 Qui
1607 2215 1942 2271 Theodosius

370 2314 484 2352 rem
509 2299 781 2369 indignam
807 2317 929 2356 esse
965 2313 1114 2357 ratus
1143 2303 1482 2360 Christianos
1521 2323 1642 2360 cum
1677 2309 1942 2362 Christia-

371 2393 455 2444 nis
483 2391 620 2444 bello
646 2395 898 2460 COngredi
917 2435 932 2460 ,
965 2397 1462 2465 tranquillissimum
1489 2401 1610 2453 vitae
1637 2416 1804 2466 genus
1824 2417 1942 2453 am-

370 2483 638 2552 plexatus,
673 2485 970 2554 cupiditate
1005 2497 1058 2541 et
1097 2489 1358 2557 dignitate
1412 2489 1512 2543 frui
1553 2493 1772 2560 intpiutn
1820 2508 1942 2560 per-

371 2573 536 2627 misit.
561 2573 678 2629 Mox
705 2591 833 2644 ergo
863 2584 1130 2648 tyrannus
1158 2579 1322 2650 412
1359 2581 1409 2634 in
1445 2583 1700 2650 palatium
1721 2625 1735 2644 .
1793 2584 1943 2640 canis

372 2663 424 2715 in
465 2676 674 2728 sancta,
723 2679 817 2718 sus
875 2667 926 2719 in
987 2669 1308 2737 margaritas
1362 2673 1693 2739 preparavit.
1745 2670 1940 2726 Verum

372 2753 546 2820 vulpis
574 2753 768 2821 pellem
822 2754 1083 2820 induens,
1128 2773 1356 2826 s:.-seqne
1399 2759 1626 2813 subdole
1671 2761 1826 2813 initio
1846 2777 1942 2828 ge-

373 2859 518 2906 rens,
542 2843 612 2896 ob
641 2847 996 2898 reverentiam
1039 2863 1166 2915 erga
1197 2865 1450 2918 maguum
1488 2853 1768 2919 prmsnlem
1809 2853 1944 2907 Ger-

373 2951 612 2999 manum,
649 2951 706 2990 se
760 2937 980 3004 pietatis
1033 2942 1293 2994 cultorem
1343 2941 1458 2996 fore
1503 2945 1766 3010 hrmnisit.
1820 2945 1946 2998 Post

373 3027 642 3081 decimum
679 3043 806 3082 vero
845 3031 929 3083 sui
979 3031 1188 3101 imperii
1230 3048 1453 3098 annum,
1487 3051 1657 3090 novus
1700 3037 1787 3091 ille
1819 3039 1943 3092 Bal-

376 3128 554 3174 tassar
579 3120 643 3186 ¹⁸,
696 3120 1046 3176 Manichmam
1089 3124 1335 3178 haeresim
1357 3167 1372 3192 ,
1405 3137 1460 3178 et
1490 3127 1945 3194 Aphthartoduci-

376 3221 572 3276 tarmn,
605 3221 662 3265 ut
693 3213 765 3266 ita
798 3213 1004 3281 loquar,
1043 3215 1185 3268 forte
1223 3217 1362 3268 haud
1401 3217 1721 3272 dissimilem
1756 3221 1807 3272 in
1843 3221 1942 3274 Ec-

2129 1941 2218 1992 Ἐν
2246 1939 2304 1992 δὲ
2335 1942 2446 2001 τοῖς
2475 1939 2688 2008 χρόνοις
2715 1939 2818 2009 τῆς
2845 1936 3008 1991 αὑτοῦ
3053 1937 3366 2008 μαθήσεως,
3403 1938 3561 1993 Λέων
3594 1941 3626 1992 6

2041 2031 2367 2100 Συρογενὴς,
2399 2032 2427 2083 ὁ
2463 2030 2581 2094 νέος
2615 2029 2758 2102 Δοὴκ
2789 2031 2883 2083 καὶ
2923 2029 3242 2094 Ἰδουμαῖος,
3283 2029 3349 2082 ἐκ
3381 2029 3488 2081 τῶν
3519 2029 3627 2099 τῆς

2053 2120 2222 2189 Ἐᾡας
2260 2120 2464 2192 μερῶν,
2495 2123 2732 2189 συσκευῇ
2784 2120 3088 2189 ἀνταρτικῇ
3150 2118 3626 2172 κατεπανίσταται

2040 2212 2306 2281 Θεοδοσίῳ
2333 2211 2411 2282 τῷ
2443 2211 2672 2282 βασιλεῖ.
2710 2212 2896 2274 Ὅστις
2945 2210 3226 2273 Θεοδόσιος
3257 2211 3626 2282 Χριστιανοὺς

2041 2305 2177 2376 πρὸς
2203 2305 2562 2375 Χριστιανοὺς
2589 2303 2690 2356 οὐκ
2719 2301 2868 2366 ἄξιον
2912 2297 3052 2354 εἶναι
3083 2300 3276 2371 κρίνας
3335 2299 3624 2366 πολεμεῖν,

2041 2393 2562 2464 ήσυχαστικωτάτην
2592 2391 2807 2444 δίαιταν
2840 2389 3150 2450 ἀναλαϐὼν,
3192 2389 3290 2457 τῆς
3320 2387 3627 2457 ἐπιθυμίας

2043 2488 2138 2540 καὶ
2171 2487 2272 2556 τῆς
2307 2485 2463 2552 ἀξίας
2499 2484 2798 2538 ἀπολαύειν
2824 2484 2914 2535 τὸν
2943 2482 3116 2550 ἀσεϐῆ
3169 2481 3463 2549 πεποίηκε.
3511 2481 3628 2533 Καὶ

2043 2577 2246 2640 εὐθέως
2272 2577 2300 2628 6
2350 2575 2614 2645 τύραννος
2642 2575 2722 2637 εἰς
2747 2574 2816 2626 τὰ
2847 2571 3116 2642 βασίλεια,
3163 2569 3257 2624 καὶ
3295 2571 3323 2622 ό
3363 2571 3510 2622 κύων
3542 2570 3627 2635 εἰς

2041 2668 2111 2722 τὰ
2144 2669 2294 2736 ἆγια,
2331 2669 2423 2721 καὶ
2455 2667 2682 2736 όχοῖρος
2721 2665 2813 2716 ἐπὶ
2843 2665 2969 2726 τοὺς
3014 2662 3382 2732 μαργαρίτας.
3439 2659 3628 2714 Ἀιλώ-

2044 2779 2210 2822 πεκος
2257 2761 2311 2812 δὲ
2350 2759 2550 2830 χρῶμα
2608 2757 2916 2819 ἀναλαϐὼν,
2964 2756 3058 2810 καὶ
3108 2754 3353 2816 ὑπούλως
3390 2769 3510 2816 πως
3557 2753 3635 2805 τὰ

2045 2853 2236 2921 πρῶτα
2253 2851 2536 2915 διεξελθὼν
2567 2851 2652 2904 διὰ
2691 2851 2789 2921 τὴν
2822 2850 2958 2920 πρὸς
2990 2848 3080 2900 τὸν
3115 2847 3289 2917 μέγαν
3351 2843 3628 2916 πρόεδρον

2043 2941 2324 3010 Γερμανὸν
2381 2941 2514 2992 αἰῐὼ
2565 2941 2806 2992 εὐσεϐεῖν
2837 2939 3219 2990 συνετάσσετο.
3255 2935 3412 2988 Μετὰ
3442 2934 3501 2987 δὲ
3531 2933 3620 2986 δέ-

2045 3050 2208 3086 κατον
2256 3032 2445 3103 χρόνον
2496 3033 2592 3102 τῆς
2631 3030 2795 3083 αὑτοῦ
2841 3029 3182 3100 κατάρξεως,
3228 3031 3256 3082 6
3306 3029 3426 3091 νὲος
3467 3023 3632 3092 οὗτος

2045 3123 2333 3192 Βαλτάταρ
2356 3123 2564 3194 αἵρεσιν
2593 3125 2792 3192 ἐμπνεί
2818 3125 2884 3192 τῇ
2922 3121 3219 3191 Ἐκκλησία⁴
3240 3121 3616 3190 Μανιχαῖκὴν,

2045 3217 2206 3284 τάχα,
2242 3215 2307 3268 ἵν’
2349 3217 2490 3266 εἴπω
2544 3232 2618 3278 τι,
2653 3215 2766 3278 ,καὶ
2809 3214 2918 3266 τῶν
2963 3211 3488 3280 ’Λφθαρτοδοκητών
3533 3212 3635 3280 Erp-

374 3303 592 3358 ciesiam
629 3305 873 3372 spiravit.
909 3305 1096 3374 Itaque
1129 3305 1372 3372 subjecta
1413 3286 1514 3361 sibi
1559 3309 1714 3378 plebe
1742 3326 1942 3365 convo-

2048 3308 2286 3380 άμιλλον.
2318 3309 2426 3361 Καὶ
2456 3309 2546 3362 τὸν
2575 3307 2664 3360 ὑπ’
2697 3307 2862 3360 αὑτοῦ
2893 3305 3022 3360 λαὸν
3042 3303 3439 3374 ἐκκλησιάσας,
3460 3301 3633 3373 μέσον

375 3407 518 3458 cata,
549 3411 732 3449 coram
779 3397 1031 3450 omnibus
1065 3397 1334 3451 leoninmn
1386 3401 1600 3470 rugiens
1655 3402 1944 3460 inhumana

378 3489 489 3540 ha'e
525 3488 722 3550 bellua,
751 3497 804 3542 et
835 3488 1032 3542 Leonis
1063 3491 1276 3545 nomine
1297 3493 1521 3563 insignis
1541 3534 1556 3558 ,
1587 3510 1650 3549 ex
1689 3497 1945 3552 iracundo

375 3579 556 3640 corde,
589 3579 732 3632 velut
753 3592 815 3632 ex
851 3578 1013 3635 [Etna
1049 3593 1235 3636 monte
1266 3583 1439 3652 ignem
1469 3595 1522 3638 et
1572 3586 1816 3654 sulphur,
1848 3589 1948 3642 Ini-

374 3671 654 3724 serandam
680 3671 818 3725 illam
835 3687 1016 3726 vocem
1037 3675 1301 3728 eructavit
1317 3686 1370 3729 et
1388 3677 1635 3744 protulit:
1663 3679 1945 3744 «Quando-

373 3762 589 3826 quidem
638 3759 932 3830 imaginum
999 3763 1281 3818 fabricatio
1313 3780 1403 3820 ars
1455 3779 1538 3820 est
1585 3769 1796 3836 idoliea,
1828 3772 1947 3825 illas

375 3853 600 3906 adorare
630 3868 732 3907 n0n
756 3864 988 3923 oportet.
1039 3876 1058 3908 ι
1093 3856 1286 3910 Verum
1328 3874 1448 3911 cntn
1486 3859 1789 3925 hujusmodi
1818 3879 1947 3918 voce

375 3943 525 4012 plebs
561 3945 810 4013 religiosa
841 3956 895 3999 ct
924 3946 1224 4000 orthodoxa
1275 3949 1592 4002 conturbata
1625 3951 1940 4020 ingemeret,

376 4033 614 4101 perditus
644 4034 731 4088 ille
763 4051 882 4088 mox
919 4035 1062 4104 quod
1090 4037 1415 4102 sequebatur
1448 4036 1680 4101 reticuit,
1724 4049 1774 4090 et
1832 4053 1948 4092 ser-

376 4139 588 4178 monem
619 4124 671 4178 in
697 4124 926 4178 alienam
960 4128 1281 4179 sententiam
1313 4127 1559 4180 detorsit.
1610 4125 1746 4180 Vere
1781 4129 1942 4197 sepul-

373 4231 517 4268 crum
551 4226 736 4283 putens
767 4228 949 4286 guttur
988 4217 1030 4249 ¹⁹
1059 4217 1198 4286 ejus,
1229 4229 1283 4272 et
1321 4221 1500 4287 paries
1531 4220 1818 4275 dealbatus
1851 4238 1947 4275 cor

375 4307 536 4361 illius.
1891 4315 1905 4328 ‘

444 4398 576 4452 Cum
633 4409 810 4452 autem
855 4398 907 4452 id
951 4401 1220 4455 resciissct
1269 4403 1484 4471 pietatis
1516 4417 1690 4470 prarco
1715 4403 1945 4459 Genna-

377 4503 510 4552 nus,
547 4503 668 4543 sese
717 4491 901 4544 rebelli
939 4493 1152 4562 tyranni
1191 4495 1351 4546 tuenti
1388 4511 1686 4564 opponens.
1749 4497 1861 4549 hare
1895 4499 1944 4550 ei

2047 3405 2267 3458 πάντων
2321 3401 2667 3464 λεοντοειδῶς
2723 3399 2928 3470 βρύξας
2971 3401 2999 3452 6
3057 3399 3332 3468 ἀνήμερος
3383 3395 3488 3465 θὴρ
3533 3395 3632 3448 καὶ

2045 3493 2438 3563 λεοντὼνυμος,
2473 3495 2538 3546 ὲκ
2591 3495 2688 3562 τῆς
2738 3490 2958 3562 ὀργίλου
2997 3489 3162 3543 αὑτοῦ
3199 3487 3433 3558 καρδίας
3456 3487 3534 3548 ὼς
3564 3487 3629 3552 ἐξ

2045 3587 2210 3657 ὅρους
2253 3583 2503 3637 Αἰτναίου
2567 3585 2678 3652 πῦρ
2733 3585 2828 3634 καὶ
2882 3581 3082 3648 θὲαφον
3123 3588 3149 3617 ν
3202 3577 3475 3649 ἠρεύξατο
3526 3577 3632 3645 τὴν

2047 3677 2288 3746 ἐλεεινὴν
2324 3675 2540 3744 ἐκείνην
2589 3673 2794 3743 φωνὴν,
2855 3672 2952 3724 καὶ
2998 3666 3154 3724 εἶπεν
3186 3685 3200 3700 ⁸
3241 3690 3259 3721 ι
3319 3667 3631 3736 Εἰδωλικῆς

2045 3769 2402 3839 τεχνουργίας
2437 3766 2791 3837 ὑπαρχούσης
2819 3763 2918 3833 τῆς
2950 3765 3056 3816 τῶν
3089 3763 3312 3816 εἰκόνων
3339 3760 3630 3814 ἁνατυπὼ-

2049 3879 2203 3926 σεως,
2236 3862 2298 3914 ού
2327 3859 2630 3922 δεῖταύτας
2659 3859 3004 3930 προσκυνεῖν.
3049 3875 3068 3908 ι
3129 3853 3238 3908 Τοῦ
3278 3853 3636 3923 φιλοχρίστου

2047 3952 2140 4004 καὶ
2167 3951 2448 4020 ὀρθοῗόξου
2492 3949 2623 4002 λαοῦ
2688 3948 3084 4020 θορυϐηθέντος
3126 3959 3152 3988 ι
3197 3945 3313 4014 ἅμα
3351 3949 3417 4014 τῇ
3474 3946 3632 4014 φωνῇ

2046 4045 2142 4100 καὶ
2170 4043 2543 4106 στενάξαντος,
2567 4044 2594 4095 ό
2622 4042 2900 4112 ἀλιτήριος
2941 4039 3191 4110 παρευθὺ
3216 4039 3276 4091 τὸ
3305 4037 3432 4106 ἑξῆς
3465 4037 3632 4089 ἐσιὼ-

2047 4155 2210 4208 πησε,
2245 4140 2338 4190 καὶ
2373 4137 2507 4205 πρὸς
2529 4135 2932 4205 ἑτερογνωμίαν
2961 4135 3051 4188 τὸν
3091 4135 3252 4201 λόγον
3287 4134 3629 4204 μετήγαγεν.

2051 4229 2279 4289 Ὄντως,
2329 4225 2518 4294 Τείρος
2555 4225 2930 4294 ἀνεῳγμένος
2959 4227 2991 4278 ό
3025 4223 3260 4294 λάρυγξ
3290 4222 3483 4287 αὑτοῦ,
3537 4223 3635 4276 καὶ

2045 4319 2222 4384 τοῖχος
2250 4315 2632 4383 κεκονιαμένος
2668 4317 2700 4381 ἡ
2734 4314 2927 4368 τούτου
2957 4314 3173 4384 καρδία.

2119 4409 2283 4470 Γνοὺς
2303 4407 2359 4459 δὲ
2387 4406 2546 4460 τοῦτο
2587 4409 2615 4458 6
2652 4408 2753 4475 τῆς
2786 4407 3073 4470 εὐσεϐείας
3109 4405 3286 4474 κῆρυξ
3319 4403 3629 4474 Γερμανὸς,

2049 4497 2142 4551 καὶ
2177 4497 2437 4558 ἀντιστὰς
2474 4500 2536 4564 τῇ
2595 4497 2896 4565 ἁνταρτικῇ
2947 4496 3042 4548 τοῦ
3095 4496 3361 4564 τυράννου
3409 4489 3634 4562 γνώμῃ,

376 4585 595 4650 maintat
620 4599 633 4634 :
663 4598 682 4632 ι
717 4581 1035 4650 Imperator,
1067 4583 1284 4638 Christo
1321 4585 1546 4639 Domino
1579 4596 1634 4640 et
1666 4586 1942 4642 Salvatore

2049 4588 2199 4658 δηλοῖ
2233 4588 2367 4658 πρὶς
2413 4586 2609 4640 αὑτόν·
2655 4605 2673 4637 ι
2711 4585 2978 4649 Βασιλεῦ,
3027 4583 3124 4636 τοῦ
3176 4581 3448 4635 Δεσπότου
3494 4581 3636 4650 Χρι-

379 4680 562 4724 nostro
591 4671 696 4724 Deo
728 4687 793 4726 cx
832 4675 1120 4740 purissimo
1152 4685 1357 4729 sanetae
1409 4675 1648 4744 Deipara:
1685 4681 1946 4748 sanguine

377 4777 540 4816 carne
573 4761 752 4828 t‘aeto,
801 4775 856 4818 et
905 4763 1140 4832 perfecte
1181 4767 1343 4838 413
1383 4769 1540 4823 simili
1577 4772 1728 4822 nohis
1757 4782 1810 4824 et
1843 4771 1947 4824 eir-

377 4855 711 4921 cumscripto
759 4856 896 4924 viso,
939 4857 1224 4913 universus
1265 4861 1726 4914 idolornmcultns
1761 4877 1790 4915 e
1833 4876 1946 4914 nte-

379 4945 466 4999 dio
491 4946 733 5000 suhlatus
771 4955 876 5010 est,
912 4949 1202 5018 omniaque
1227 4951 1490 5004 idolorum
1515 4952 1804 5006 simulacra
1837 4953 1946 5022 igni

376 5047 432 5090 et
462 5037 699 5092 tenebris
749 5041 996 5094 mandata
1058 5052 1206 5096 sunt.
1260 5042 1306 5095 A
1348 5059 1454 5112 quo
1479 5059 1604 5096 vero
1664 5045 1944 5098 nobiscum

379 5129 492 5196 ipse
527 5141 768 5185 versatus
813 5141 932 5197 est,
985 5133 1211 5204 ejusque
1263 5135 1492 5203 apostoli
1550 5151 1644 5187 sua
1695 5135 1939 5188 doctrina

387 5223 587 5274 mundo
621 5223 847 5277 salutem
903 5235 1251 5295 pepererunt,
1306 5228 1372 5279 ad
1421 5227 1740 5280 hodiernum
1777 5229 1944 5294 diem,

384 5313 513 5367 anni
535 5326 660 5368 sunt
685 5315 1010 5386 septingenti
1040 5320 1265 5372 trecenti
1304 5333 1396 5373 sex
1427 5327 1839 5388 :quotquotque
1870 5321 1952 5373 in—

461 5469 504 5500 ι’
538 5466 558 5520 1
589 5467 720 5538 Reg.
751 5485 862 5536 ut,
897 5469 948 5523 7.
1028 5470 1071 5502 ¹⁹
1101 5470 1234 5525 Dan.
1259 5484 1315 5540 v,
1391 5471 1413 5518 1
1491 5488 1595 5544 seq.

2051 4680 2178 4734 στοῦ
2203 4681 2297 4735 καὶ
2335 4681 2590 4749 Σωτῆρος
2637 4679 2795 4748 ἡμῶν
2829 4675 2962 4730 Θεοῦ
3009 4673 3384 4746 σαρκωθέντοτ
3423 4677 3489 4726 ἐκ
3524 4673 3638 4726 τῶν

2047 4774 2331 4843 ἁχράντων
2363 4773 2608 4840 αἱμάτων
2638 4771 2733 4837 τῆς
2761 4771 2922 4838 ἁγίας
2965 4769 3254 4830 Θεοτόκου,
3289 4765 3384 4818 καὶ
3418 4765 3636 4816 τελείου

2048 4861 2211 4916 αὑτοῦ
2243 4861 2364 4914 καθ’
2393 4861 2540 4929 ἡμᾶς
2592 4859 2849 4928 ὀφθέντος
2895 4857 2990 4910 καὶ
3039 4851 3442 4928 περιγραπτοῦ,
3480 4853 3632 4904 πᾶσα

2047 4953 2302 5023 εἰδωλικὴ
2328 4951 2550 5021 λατρεία
2584 4948 2824 5002 ἐκποδὼν
2857 4950 3070 5017 γέγονε,
3101 4947 3198 5000 καὶ
3243 4947 3354 4998 πᾶν
3401 4945 3632 5013 ἄγαλμα

2053 5043 2329 5098 εξὸωλικὺν
2352 5043 2429 5112 τῷ
2461 5045 2594 5112 πυρὶ
2625 5043 2715 5094 καὶ
2741 5040 2818 5110 τῷ
2841 5040 3024 5092 σκότει
3049 5036 3450 5108 παρεπέμφθη.
3495 5036 3553 5087 Ἀ
3566 5037 3635 5086 πο

2049 5138 2106 5190 δὲ
2144 5139 2241 5208 τῆς
2285 5135 2448 5188 αὐτοῦ
2507 5135 2640 5200 προς
2683 5135 2831 5204 ἡμᾶς
2874 5128 3352 5199 συναναστροφῆς,
3397 5127 3493 5179 καὶ
3541 5127 3642 5194 τῆς

2049 5230 2156 5282 τῶν
2184 5229 2498 5282 ἀποστόλων
2523 5225 2688 5281 αὑτοῦ
2716 5223 3104 5295 κοσμοσώστου
3132 5219 3489 5282 διδασκαλίας
3523 5217 3631 5278 ἕως

2053 5321 2151 5389 τῆς
2172 5319 2308 5382 νυνὶ,
2338 5320 2434 5389 ἔτη
2466 5316 2769 5370 ἑπτακόσια
2805 5314 3105 5386 τριάκοντα
3139 5311 3200 5377 ’ἐξ
3226 5318 3256 5359 1
3277 5324 3290 5340 ·
3327 5311 3425 5365 καὶ
3457 5309 3508 5361 οἱ
3537 5307 3641 5360 ἀνὰ

1677 5469 1716 5503 ⁸⁸
1755 5469 1900 5528 Psal.
1929 5487 1981 5539 v,
2022 5469 2108 5524 ll.
2152 5497 2158 5502 ~

1661 5607 1893 5664 VARle
1930 5609 2334 5665 LECTIONES.

461 5757 490 5786 ν
527 5745 638 5800 Duo
673 5747 872 5802 habent
900 5747 1121 5819 τέαφον,
1157 5765 1292 5805 uitus
1323 5749 1542 5820 τέφρον.

1621 5759 1648 5788 ι
1674 5750 1746 5804 ai.
1780 5749 2190 5820 θρυλληθὲντος.

2267 5757 2295 5798 .l'
2326 5746 2473 5804 Unus
2504 5747 2563 5813 ἓξ
2593 5763 2696 5803 non
2738 5746 2923 5800 habet.
