3940 6170
239 455 366 520 1085

1341 465 1523 526 νιΤΑ
1570 468 1630 528 S.
1662 467 2044 530 STEPHANI
2077 467 2458 531 JUNlORIS.

3357 464 3492 530 10.6

237 570 392 642 μέσον
423 569 482 622 ἐν
525 565 740 633 τούτοις
774 571 889 634 τοῖς
925 571 1142 642 χρόνοις
1173 573 1556 644 περιελθόντες
1601 577 1802 632 δίκαιοι

1922 594 1986 632 .ra
2021 579 2150 633 illud
2175 581 2436 650 temporis
2464 578 2702 648 spatium
2731 576 3143 646 exstiterejusti
3167 579 3382 640 Patres,
3405 584 3488 630 ιι·-

236 661 468 730 Πατέρες
496 661 625 731 περὶ
652 659 760 714 τῶν
783 661 954 731 ἁγίων
987 663 1081 716 καὶ
1105 664 1322 718 σεπτῶν
1347 666 1576 720 εἰκόνων
1625 668 1804 721 τοιοῦ-

232 753 319 806 τόν
341 768 396 806 τι
428 753 528 807 οὐκ
555 754 866 825 ἐνενόησαν.
909 753 1241 827 Ἐξαρχῆθεν
1273 759 1384 833 γὰρ
1411 759 1550 828 μετά
1583 759 1684 830 τὴν
1711 759 1806 813 τοῦ

234 843 464 913 Χριστοῦ
514 845 596 908 εἰς
631 844 896 915 οὐρανοὺς
935 845 1226 918 ἀνάληψιν,
1259 849 1293 918 ἡ
1337 849 1580 920 εἰκονικὴ
1615 851 1808 921 ὅρασις

235 933 570 1006 ἀνετυπώθη.
603 936 761 1006 Παρά
781 953 842 990 τε
886 937 997 1008 γὰρ
1030 939 1130 1009 τῆς
1173 941 1442 1014 αἱμόρῥου
1474 943 1555 1006 εἰς
1583 941 1680 1014 τὴν
1719 943 1806 996 ἐπ’

235 1026 366 1096 αὐτῇ
447 1023 884 1096 θαυματοποιίαν
941 1031 1234 1097 γεγονυῖαν
1293 1033 1327 1102 ὴ
1389 1033 1486 1084 τοῦ
1554 1033 1807 1104 Σωτῆρος

235 1116 392 1173 εἰκὼν
418 1117 897 1190 ἐστηλογραφήθη.
923 1121 1067 1174 Μεθ’
1091 1118 1160 1194 ἦς
1201 1125 1297 1178 καὶ
1327 1127 1804 1199 ἀχειροποίητοςὴ

235 1213 290 1265 ἐν
323 1211 512 1282 Ἐδέσῃ
541 1213 607 1282 τῇ
643 1212 797 1265 πόλει
821 1229 836 1244 ο
861 1214 1065 1268 αὐτίκα
1107 1215 1202 1268 καὶ
1249 1217 1282 1286 ἡ
1321 1218 1471 1286 παρά
1503 1219 1580 1282 τῷ
1623 1221 1810 1291 Λουκᾷ

234 1301 306 1372 τῷ
341 1302 697 1375 εὑαγγελιστῇ
732 1305 1078 1376 ἱστορηθεῖσα
1099 1306 1208 1358 ἀπὸ
1244 1307 1638 1380 Ἱεροσολύμων
1671 1311 1809 1381 πρὸς

234 1393 486 1462 Θεόφιλον
512 1393 612 1464 τῆς
643 1395 918 1464 πανάγνου
969 1397 1063 1448 καὶ
1100 1396 1365 1451 Θεοτόκου
1416 1399 1599 1454 εἰκών.
1649 1401 1811 1454 Ἀλλὰ

236 1486 326 1538 καὶ
355 1485 412 1537 αί
446 1483 600 1552 ἅγιαι
629 1483 688 1551 ἐξ
719 1486 1100 1555 οίκου;,·.ενικαὶ
1131 1485 1340 1539 σύνοδοι
1375 1487 1583 1551 ταύτας
1619 1488 1812 1560 εύροῦ-

235 1592 341 1639 σαι,
390 1575 812 1646 προσκυνεῖσθαι
841 1576 1158 1642 διετάξαντο
1202 1577 1295 1630 καὶ
1332 1578 1431 1630 οὐκ
1465 1579 1808 1650 ἀποστρέφε-

235 1664 375 1720 σθαι.
408 1665 551 1737 "Ean
581 1665 636 1718 δὲ
666 1665 971 1734 γινώσκων,
1007 1667 1254 1736 βασιλεῦ,
1287 1669 1370 1720 ὅτι
1398 1667 1449 1720 εἰ
1475 1667 1635 1720 τοῦτο
1667 1685 1808 1738 κρα-

231 1756 475 1826 τήσειας,
506 1754 646 1827 ὑπὲρ
673 1754 781 1808 τῶν
813 1756 986 1824 ἁγίων
1019 1757 1114 1809 καὶ
1157 1757 1373 1810 σεπτῶν
1413 1757 1640 1811 εἰκόνων
1666 1757 1808 1811 ἑτοί-

237 1862 350 1916 μως
405 1845 806 1916 ἀποθανοῦμαι.
855 1847 919 1901 Ἦ
959 1847 1066 1920 γὰρ
1110 1846 1207 1901 τοῦ
1249 1847 1490 1920 Χριστοῦ
1538 1849 1702 1904 είκὼν
1748 1850 1810 1903 τὸ

1908 669 1982 724 hil
2017 670 2122 725 tale
2139 672 2203 726 de
2222 671 2429 726 sanctis
2457 679 2512 726 et
2537 671 2864 726 venerandis
2897 670 3226 740 imaginibus
3273 672 3494 744 excogi-

1908 766 2111 815 tavere.
2137 761 2414 832 Siquidem
2446 762 2512 816 ab
2535 762 2690 817 initio
2721 771 2841 831 post
2869 760 3076 816 Christi
3109 761 3162 814 in
3197 761 3362 816 ccelos
3403 777 3494 818 as-

1909 854 2270 923 sumptionem
2303 853 2568 923 imagines
2595 868 2871 924 expressae
2899 861 3044 908 sunt.
3070 850 3203 907 Nam
3242 851 3489 907 Salvato-

1909 947 1986 1000 ris
2017 944 2248 1014 efﬁgiem
2299 945 2356 1000 in
2412 945 2728 1000 memoriam
2787 944 3037 998 miraculi
3082 945 3134 998 in
3185 958 3244 998 se
3294 944 3491 1012 patrati

1909 1038 2063 1104 cippo
2115 1036 2346 1106 insculpi
2391 1038 2602 1091 curavit
2632 1035 3074 1103 lia‘morrboissa,
3101 1035 3185 1090 cui
3219 1033 3306 1088 illa
3342 1034 3489 1088 nullo

1909 1127 2139 1182 artificio
2162 1128 2404 1182 humano
2428 1127 2574 1182 facta
2604 1127 2945 1195 adjungenda
2976 1137 3080 1190 est,
3118 1141 3236 1196 qua:
3272 1127 3324 1178 in
3357 1129 3492 1180 urbe

1908 1218 2114 1273 Edessa
2139 1227 2515 1284 conservatur,
2560 1227 2616 1272 ut
2647 1226 2703 1272 et
2743 1218 2834 1271 illa
2877 1218 3198 1272 castissimae
3249 1215 3493 1284 Deiparze

1910 1309 2110 1378 imago,
2139 1323 2301 1376 quam
2345 1323 2374 1362 a
2416 1308 2558 1361 Luca
2591 1307 2925 1376 evangelista
2953 1308 3242 1375 depictam,
3273 1305 3494 1361 Jeroso—

1909 1400 2070 1470 lymis
2110 1400 2176 1453 ad
2205 1397 2562 1468 Theophilum
2605 1400 2828 1452 missam
2858 1398 3030 1452 fuisse
3063 1396 3340 1450 memoria:
3366 1411 3492 1464 pro-

1911 1491 2080 1544 ditum
2107 1498 2210 1545 est.
2234 1489 2501 1544 Pra‘tcrea
2533 1502 2737 1543 saucue
2773 1502 2870 1542 sex
2899 1489 3250 1542 mctuuenicm-
3275 1486 3490 1556 synodi,

1910 1594 2030 1649 qua:
2052 1579 2172 1635 illas
2196 1588 2534 1647 repererunt,
2556 1578 2774 1634 easdem
2801 1579 3124 1643 adorandas,
3161 1593 3266 1632 non
3294 1577 3494 1632 abhor-

1911 1672 2109 1726 reudas
2133 1673 2437 1726 sancivcre.
2476 1669 2770 1735 Caeterum,
2804 1686 2904 1741 pro
2949 1681 3102 1725 certo
3137 1670 3358 1734 habeas,
3395 1670 3494 1724 im-

1910 1771 2147 1832 perator,
2171 1763 2214 1816 si
2244 1763 2345 1816 hac
2371 1763 2422 1816 in
2469 1777 2528 1816 re
2555 1763 2604 1816 vi
2629 1764 2704 1815 uti
2737 1763 3000 1828 volueris,
3050 1775 3135 1816 me
3166 1777 3262 1832 pro
3291 1761 3494 1816 sanctis

1910 1863 1966 1906 et
1996 1853 2322 1907 venerandis
2373 1839 2702 1922 imaginibus
2737 1852 3098 1908 libentissime
3147 1852 3490 1907 moriturum.

231 1939 392 1996 αὐτοῦ
425 1941 582 2012 φέρει
612 1941 766 2012 ἅγιον
797 1943 989 2014 ὄνομα,
1031 1943 1152 1998 καθ’
1185 1943 1214 1996 ὃ
1242 1945 1301 1997 ἐν
1342 1944 1508 2014 σαρκὶ
1533 1943 1688 2014 (bqu
1719 1945 1812 1997 καὶ

1922 1945 2159 2015 Namque
2181 1945 2386 1999 Christi
2410 1945 2588 2014 imago
2613 1953 2860 1999 sanctmn
2887 1945 3004 2013 ejus
3034 1957 3226 1997 nomen
3255 1943 3491 2012 praefert,

229 2037 340 2097 τοῖς
365 2033 678 2107 ἀνθρώποις
716 2035 1154 2106 συνανεστράφη.
1180 2037 1404 2090 Δίκαιον
1447 2035 1504 2090 δὲ
1536 2037 1629 2089 καὶ
1661 2034 1814 2103 ἅγιόν

230 2128 377 2182 ἐστιν
406 2127 550 2199 ὑπὲρ
581 2125 678 2180 τοῦ
721 2127 984 2197 ὀνόματος
1020 2127 1186 2181 αὑτοῦ
1233 2127 1455 2188 πάντως
1495 2127 1811 2182 ἀποθανεῖν.

241 2217 297 2271 '0
329 2219 446 2290 γὰρ
473 2217 574 2286 τὴν
597 2217 781 2270 εἰκόνα
807 2217 972 2270 αὑτοῦ
1017 2217 1323 2286 ἀτιμάζων,
1350 2218 1433 2280 είς
1461 2217 1555 2270 τὸν
1589 2218 1648 2269 ἐν
1675 2217 1812 2288 αὐτῇ

231 2310 705 2383 ἐγχαραττόμενον
749 2309 1070 2380 ἀναπέμπει
1137 2311 1238 2382 τὴν
1302 2308 1484 2382 ὕϐριν.
1545 2327 1566 2362 ι
1627 2307 1816 2362 Ταῦτα

229 2403 498 2464 ἀκούσας,
533 2403 561 2454 ὁ
589 2399 908 2470 παράνομος
930 2399 1206 2470 βασιλεὺς,
1230 2400 1322 2454 καὶ
1343 2399 1546 2471 βρύξας
1577 2399 1652 2464 ὡς
1679 2399 1816 2453 λέων

231 2490 599 2562 φερωνύμως,
635 2489 888 2560 ξιφήρεις
929 2489 1217 2560 σατράπας
1273 2488 1602 2552 ἀποστείλας
1641 2489 1700 2542 ἐν
1735 2489 1816 2560 τῷ

228 2582 622 2656 πατριαρχικῷ
667 2581 820 2650 οἴκῳ,
887 2582 1132 2650 πυγμαῖς
1169 2579 1265 2633 καὶ
1308 2580 1634 2650 ὀνειδισμοῖς
1683 2596 1816 2633 κατ-

229 2674 462 2742 ενέγκαι
491 2673 584 2727 τὸν
617 2673 774 2740 ἅγιον
825 2670 932 2726 τῶν
972 2673 1154 2724 ἐκεῖσε
1189 2669 1545 2742 προσέταξεν.
1594 2664 1816 2734 Οὖτινος

227 2765 609 2830 κατελθόντος,
633 2765 726 2820 καὶ
769 2764 866 2818 τοῦ
890 2765 1161 2836 μονήρους
1189 2763 1306 2834 βίου
1341 2763 1687 2833 συμμετόχου
1719 2779 1817 2832 γε-

228 2857 470 2926 γονότος,
499 2853 570 2928 ἦν
603 2857 728 2910 ἰδεῖν
755 2857 854 2927 τὴν
885 2855 1042 2909 πόλιν
1079 2856 1302 2910 ἃπασαν
1345 2854 1543 2926 θρῆνον
1579 2855 1674 2908 καὶ
1705 2872 1819 2908 κω-

227 2949 391 3002 κυτὸν
421 2949 527 3002 οὐκ
553 2947 734 3022 ὀλίγον
765 2947 1186 3018 ἐκπέμπουσαν,
1223 2945 1321 3016 τὴν
1349 2945 1444 2998 τοῦ
1471 2945 1688 3016 Πατρὺς
1723 2945 1820 3018 ζη-

229 3039 535 3110 μιωθεῖσαν
585 3038 888 3110 μελισταγῆ
943 3036 1336 3091 διδασκαλίαν·
1401 3035 1478 3100 ὡς
1522 3032 1663 3090 εἶναι
1718 3038 1820 3104 τὴν

225 3128 449 3199 ἡμέραν
480 3126 716 3193 ἐκείνην,
751 3127 851 3196 οὐχ
872 3127 1108 3196 ἡμέραν,
1135 3125 1274 3180 ἀλλά
1307 3124 1522 3193 σκότος,
1559 3125 1656 3180 καὶ
1683 3127 1818 3198 θρῆ-

225 3236 317 3274 νον
343 3221 442 3274 καὶ
470 3221 594 3273 οὐαὶ
615 3219 708 3272 ἐπὶ
737 3219 879 3282 οὐαὶ,
923 3217 998 3281 ὥς
1031 3235 1198 3291 φησιν
1229 3219 1258 3272 ό
1295 3219 1605 3290 προφήτης.

310 3311 402 3364 Ἐν
431 3311 495 3364 δέ
537 3312 660 3372 ταῖς
683 3309 968 3379 δυσείμοσι
1011 3309 1235 3372 ταύταις
1265 3309 1523 3379 ἡμέραις,
1552 3308 1580 3360 ὁ
1613 3307 1814 3380 ἀσεϐὴς
1845 3292 1895 3356 C

239 3402 604 3465 ’Δναστάσιος
624 3401 876 3464 ἀσεΰείας
887 3401 1031 3472 χειρῖ
1046 3402 1146 3472 τὴν
1165 3399 1574 3471 ἀρχιερωσύνην
1587 3401 1820 3470 ἐπιλαμ-

225 3493 458 3549 ϐάνεται
493 3493 922 3563 στρατιωτικῶς,
951 3493 1047 3546 καὶ
1081 3492 1142 3544 οὐ
1173 3491 1340 3562 ψήφῳ
1357 3491 1492 3544 Θεοῦ
1513 3491 1816 3554 εὐσεϐείας·

224 3587 378 3652 ὅστις
405 3587 483 3642 τὰ
511 3587 612 3658 τῆς
647 3584 974 3658 Ἐκκλησίας
995 3583 1176 3638 πάντα
1207 3585 1322 3648 τοῖς
1349 3583 1644 3653 βασιλείοις
1678 3598 1822 3652 παρ-

225 3679 437 3734 έδωκεν
471 3689 522 3734 ³.
565 3679 653 3732 Ἐν
685 3677 896 3741 τούτοις
953 3675 1046 3730 οῦν
1081 3673 1511 3740 ἐξουσιαστικῶς
1549 3673 1822 3744 δραξάμεο

226 3789 320 3835 νος
344 3775 374 3826 ὁ
401 3771 672 3842 τύραννος
703 3770 804 3840 τῆς
825 3769 1110 3836 αἱρέσεως,
1165 3768 1425 3836 πειρᾶται
1452 3765 1698 3837 παρευθὺ
1724 3765 1823 3834 τὴν

227 3862 400 3931 ἁγίαν
453 3862 556 3916 καὶ
605 3862 945 3930 Δεσποτικὴν
1003 3861 1189 3912 εἰκόνα
1251 3856 1490 3928 Χριστοῦ
1541 3855 1635 3908 τοῦ
1687 3853 1822 3908 Θεοῦ

225 3955 413 4024 ἡμῶν,
447 3954 554 4024 τὴν
583 3953 876 4022 ἱδρυμένην
897 3949 1132 4022 ὕπερθεν
1164 3947 1271 4002 τῶν
1296 3947 1594 4018 βασιλικῶν
1617 3945 1820 4011 πυλῶν,

227 4047 286 4099 ἐν
321 4039 532 4116 οἷσπερ
561 4044 649 4098 διὰ
679 4044 769 4096 τὸν
799 4043 1123 4114 χαρακτῆρα
1151 4043 1183 4112 ἠ
1207 4040 1339 4108 ἁγία
1369 4038 1561 4106 Χαλκῆ
1582 4037 1822 4106 λέγεται,

225 4137 578 4204 κατενέγκαι
605 4136 699 4189 καὶ
736 4136 866 4204 πυρὶ
912 4133 1267 4204 παραδοῦναι,
1310 4131 1338 4186 ὃ
1371 4131 1466 4185 καὶ
1504 4128 1824 4196 πεποίηκεν.

239 4227 334 4282 Ἐν
364 4228 427 4281 δὲ
473 4231 547 4299 τῇ
595 4227 765 4298 αὐτῆς
811 4225 1130 4297 καθαιρέσει
1159 4225 1306 4296 ζήλῳ
1354 4224 1482 4292 θείῳ
1530 4214 1826 4292 ῥωσθεῖσαι

223 4319 414 4388 τίμιαι
442 4321 729 4387 γυναῖκες,
757 4319 852 4372 καὶ
877 4317 1175 4388 ῥωμαλέως
1201 4314 1602 4384 είσπηδήσασαι
1621 4313 1828 4382 καὶτῆς

225 4411 516 4480 κλίμακος
537 4409 895 4481 δραξάμεναι,
927 4410 1018 4462 καὶ
1041 4409 1132 4461 τὸν
1165 4406 1501 4477 καθαιρέτην
1524 4403 1829 4475 σπαθὰριον

223 4502 455 4571 χαμᾶζε
524 4499 916 4570 προσρίψασαι,
979 4489 1076 4550 καὶ
1135 4495 1326 4548 τοῦτον
1369 4492 1718 4562 διασύρασαι,
1751 4490 1830 4561 τῷ

225 4593 458 4662 θανάτῳ
478 4590 858 4662 παρέπεμψαν
880 4607 894 4620 ·
928 4591 1022 4643 καὶ
1048 4587 1248 4651 εὐθέως
1285 4584 1682 4656 εἰσδραμοῦσαι
1731 4601 1830 4636 κα-

219 4683 688 4754 ταλαμῢὰνουσιν
711 4682 800 4736 τὸν
825 4679 1224 4752 πατριαρχικὸν
1251 4674 1423 4741 οἷκον,
1458 4673 1832 4728 λιθοϐολοῦσαι

221 4776 316 4828 τὸν
346 4774 608 4844 δυσσεϐῆ
645 4772 1125 4836 Ἀναστάσιον,καὶ
1144 4771 1418 4839 λέγουσαι,
1448 4787 1466 4820 ι
1494 4765 1832 4836 Μιαρωτάτη

220 4867 470 4939 κεφαλὴ,
509 4867 608 4921 καὶ
636 4867 734 4936 τῆς
761 4865 1017 4936 ἀληθείας
1037 4865 1221 4936 ἐχθρὲ,
1247 4863 1436 4915 τούτου
1459 4877 1522 4930 γε
1548 4860 1712 4912 ἕνεκα
1731 4857 1832 4928 τῆς

222 4960 559 5032 ἱερωσύνης
602 4957 832 5034 ἐ-δράξω,
885 4958 1022 5028 πρὸς
1067 4955 1456 5025 καταστροφὴν
1504 4951 1612 5004 τῶν
1659 4950 1832 5018 ἁγίων

217 5055 320 5110 καὶ
353 5053 540 5124 ίερῶν
581 5051 984 5122 ἀναθημάτων;
1015 5069 1034 5102 ι
1067 5051 1282 5120 Ταύτην
1312 5046 1406 5102 οὖν
1439 5046 1535 5116 τὴν
1563 5039 1732 5116 ἧτταν
1757 5042 1833 5112 μὴ

218 5146 419 5216 φέρων
469 5147 502 5198 ὁ
569 5144 806 5214 ἀνίερος,
857 5144 1004 5214 φυγῇ
1049 5143 1322 5213 ἐχρήσατο
1367 5139 1476 5192 ἀπὸ
1533 5135 1830 5209 προσώπου

217 5235 333 5290 τῶν
350 5232 622 5290 εὐσεϐῶν
645 5235 923 5302 γυναικῶν
941 5250 954 5264 ·
984 5237 1078 5287 καὶ
1107 5232 1183 5302 τῷ
1197 5232 1447 5303 τυράννῳ
1475 5227 1831 5300 προσφυγὼν,

218 5329 515 5381 πέπεικεν
573 5327 754 5392 αὐτὸν,
803 5325 898 5380 τοῦ
951 5326 1039 5380 διὰ
1085 5323 1270 5394 ξίφους
1311 5321 1688 5392 θανατωθῆναι
1735 5319 1834 5381 τὰς

213 5407 397 5490 ἀγίας
421 5420 705 5488 γυναῖκας
735 5419 970 5482 ἐκείνας.
1005 5419 1070 5471 '0
1095 5417 1160 5488 δὴ
1184 5415 1278 5470 καὶ
1300 5416 1542 5482 γέγονεν,
1575 5413 1667 5466 καὶ
1693 5409 1795 5463 ύπὲ
1804 5429 1834 5482 ρ

214 5513 322 5582 τῆς
351 5511 460 5566 τοῦ
504 5509 754 5580 Χριστοῦ
807 5509 1014 5573 εἰκόνος
1062 5506 1451 5578 ὲναθλήσασαι,
1489 5503 1548 5556 τὸ
1583 5502 1836 5573 βραϐεῖον

1915 2050 2184 2110 quatenus
2205 2038 2258 2091 in
2291 2053 2461 2092 carne
2492 2039 2640 2092 visus
2658 2047 2741 2092 est
2771 2045 2826 2092 et
2852 2037 2995 2091 inter-
3028 2035 3276 2090 homines
3309 2050 3495 2090 versa-

1916 2141 2003 2185 tus
2025 2139 2128 2185 est.
2153 2129 2288 2184 Mori
2321 2127 2486 2200 414
2523 2139 2647 2184 ante
2665 2146 2715 2182 m
2743 2143 2840 2199 pro
2857 2127 2976 2198 ejus
2997 2127 3234 2193 nomine,
3266 2142 3494 2196 prorsus

1918 2237 2008 2277 res
2033 2230 2116 2276 est
2145 2221 2291 2290 justa
2324 2232 2378 2275 et
2413 2229 2626 2275 sancta.
2650 2220 2752 2287 Qui
2789 2229 2982 2274 contra
3026 2220 3146 2287 ejus
3194 2219 3490 2287 imaginem

1916 2313 2208 2384 ignominia
2241 2311 2426 2376 allicit,
2459 2311 2512 2366 in
2555 2311 2705 2365 illum
2733 2351 2746 2375 ,
2774 2326 2933 2382 quem
2963 2311 3202 2374 exhibet,
3241 2308 3494 2376 injuriam

1916 2405 2112 2474 rejicit.
2143 2423 2162 2458 ι
2189 2403 2287 2460 llis
2309 2405 2530 2468 auditis,
2559 2405 2840 2473 improbus
2865 2403 3178 2471 imperator,
3211 2416 3361 2456 more
3380 2401 3493 2456 leo-

1915 2497 2024 2564 nis,
2065 2497 2222 2566 cujus
2267 2511 2462 2552 nomen
2510 2489 2740 2560 ferebat,
2789 2493 3082 2560 frendens,
3130 2503 3373 2563 satrapas
3397 2507 3496 2546 en-
3535 2505 3544 2527 ι

1915 2589 2064 2644 sibus
2083 2597 2325 2642 armatos
2357 2589 2410 2642 in
2452 2587 2874 2656 patriarchicam
2904 2587 3122 2640 domum
3160 2585 3342 2648 misit,
3375 2583 3498 2654 qui-

1916 2681 2019 2736 bus
2047 2681 2301 2750 praacepit
2339 2689 2404 2734 ut
2447 2695 2568 2732 cum
2605 2677 2799 2748 pugnis
2837 2685 2894 2731 et
2934 2677 3198 2731 conviciis
3242 2682 3494 2730 sanctum

1917 2773 2093 2827 virum
2147 2773 2273 2826 inde
2323 2771 2697 2826 deturbarent.
2744 2767 2822 2824 Eo
2871 2771 3054 2822 autem
3090 2769 3264 2838 ejecto
3304 2777 3360 2820 et
3381 2781 3499 2820 mo-

1918 2862 2144 2917 uasticae
2177 2863 2302 2916 vitae
2330 2861 2592 2931 participe
2627 2862 2770 2915 facto
2793 2899 2808 2924 ,
2835 2859 3020 2914 videre
3041 2869 3161 2914 erat
3182 2859 3496 2941 universam

1917 2953 2218 3018 civitatem,
2251 2950 2504 3005 melliflua
2533 2948 2711 3004 Patris
2735 2949 2984 3004 doctrina
3010 2947 3284 3010 orbatam,
3313 2945 3498 3001 ﬂetum

1918 3051 1972 3098 et
1999 3043 2256 3112 gemitum
2292 3057 2400 3096 non
2433 3055 2658 3109 parvum
2692 3040 2892 3102 edere;
2919 3038 2993 3092 ita
3013 3049 3076 3093 ut
3098 3027 3215 3092 dies
3246 3036 3358 3100 illa,
3393 3050 3498 3090 non

1919 3135 2053 3200 dies,
2079 3133 2173 3188 sed
2205 3133 2440 3188 tenebrae
2463 3143 2514 3185 et
2539 3131 2694 3186 ﬂetus
2724 3128 3128 3200 super‘ﬂetum,
3157 3136 3212 3184 et
3231 3143 3306 3182 rte
3337 3141 3503 3195 super

1922 3241 2002 3280 va:
2035 3232 2199 3291 esset,
2233 3233 2294 3278 ut
2317 3223 2553 3291 loquitur
2574 3221 2859 3292 propheta.

1993 3318 2190 3372 lisdcm
2224 3316 2438 3370 miseris
2462 3315 2650 3368 diebus
2675 3314 2873 3382 impius
2902 3311 3219 3366 Anastasius
3253 3311 3503 3379 impieta-

1924 3408 1992 3461 tis
2013 3423 2175 3460 manu
2225 3405 2599 3476 pontificatum
2627 3405 2936 3474 occupavit,
2989 3404 3040 3458 vi
3096 3403 3352 3466 militum,
3390 3417 3498 3457 non

1923 3497 2185 3568 suffragio
2221 3497 2417 3552 divina:
2447 3495 2695 3565 pietatis;
2729 3496 2820 3564 qui
2853 3495 3070 3564 quidem
3099 3497 3278 3548 omnia
3307 3495 3372 3548 ad
3404 3493 3504 3548 Ecv

1923 3589 2143 3644 clesiam
2201 3589 2526 3656 pertinentia
2574 3587 2940 3654 imperatoriis
2988 3587 3196 3640 aedibus
3255 3586 3498 3640 tradidit.

1923 3677 2061 3731 Tum
2115 3687 2379 3747 tyrannus
2418 3676 2586 3730 libera
2643 3686 2909 3744 potestate
2949 3678 3239 3744 prodendae
3280 3677 3506 3730 hzeresis

1925 3777 2172 3837 accepta,
2201 3767 2346 3821 illico
2397 3777 2646 3820 sanctam
2690 3777 2740 3820 et
2793 3766 3130 3820 Dominicam
3167 3767 3368 3822 Christi
3409 3765 3506 3820 Dei

1925 3860 2573 3927 nostriimagiuem,qum
2623 3871 2786 3925 supra
2845 3857 3192 3926 imperatoria
3227 3859 3366 3911 atria
3393 3857 3508 3913 col-

1926 3951 2121 4015 locata,
2153 3952 2223 4004 ob
2253 3949 2484 4018 elligiem
2515 3957 2702 4002 sancta
2727 3946 2899 4006 IEnea
2930 3948 3247 4014 dicebatur,
3277 3949 3508 4016 dejicere

1925 4052 1980 4098 et
2011 4042 2118 4112 igni
2153 4042 2366 4096 tradere
2391 4040 2636 4106 tentavit,
2657 4041 2798 4108 quod
2837 4039 3054 4108 quidem
3084 4041 3308 4108 peregit.
3353 4038 3500 4091 lute-

1929 4135 2031 4188 rim
2062 4148 2190 4186 vero
2211 4131 2338 4186 dum
2372 4130 2888 4196 tollebatur,.divino
2916 4129 3033 4183 zelo
3061 4131 3326 4183 roborata:
3341 4126 3507 4200 415

1930 4224 2272 4278 honorabiles
2303 4223 2578 4286 mulieres,
2609 4220 2823 4275 fortiter
2856 4221 3150 4286 irruerent,
3183 4230 3508 4290 arreptaque

1929 4315 2096 4381 scala,
2117 4314 2478 4384 spatharium,
2510 4311 2915 4381 quiimaginem
2957 4311 3280 4377 amovebat,
3309 4309 3364 4364 in
3401 4321 3510 4368 ter-

1931 4418 2048 4458 ram
2089 4402 2468 4472 proiecerunt,
2517 4403 2948 4471 distractumque
3001 4403 3160 4456 morti
3222 4402 3508 4458 dederunt.

1931 4497 2060 4552 Post
2084 4498 2199 4552 haec
2235 4498 2299 4550 ad
2345 4497 2766 4566 patriarchicam
2819 4497 3038 4550 domum
3091 4494 3273 4550 statim
3320 4511 3514 4565 prOpe-

1939 4597 2140 4652 rantes,
2167 4586 2393 4654 impium
2425 4586 2772 4639 Anastasium
2802 4584 3070 4653 lapidibus
3089 4592 3300 4652 petunt,
3356 4569 3513 4638 aiene

1938 4687 2020 4734 tes
2053 4695 2067 4732 :
2106 4696 2125 4729 ε
2165 4677 2596 4748 lmpurissimum
2623 4685 2807 4744 caput,
2843 4685 2898 4729 et
2920 4675 3165 4729 veritatis
3197 4675 3386 4739 hostis,
3430 4689 3517 4730 er-

1935 4785 2074 4835 gone
2103 4771 2304 4824 idcirco
2337 4769 2700 4824 sacerdotium
2731 4768 2999 4831 iuvasisti,
3034 4778 3091 4820 ut
3116 4777 3303 4821 sancta
3337 4777 3393 4820 et
3424 4782 3514 4820 sa-

1935 4873 2028 4914 cra
2048 4859 2392 4914 anathemata
2438 4859 2552 4913 sive
2583 4857 2803 4911 donaria
2842 4854 3256 4911 everterentur?
3291 4873 3311 4907 ι
3363 4853 3518 4909 Hanc

1936 4952 2002 5004 de
2023 4967 2082 5004 se
2113 4949 2392 5004 victoriam
2427 4965 2535 5004 non
2589 4945 2770 5003 ferens
2803 4947 3084 5017 profanus,
3145 4962 3174 4999 a
3221 4954 3515 5012 conSpectu

1937 5043 2150 5111 piarqu
2184 5041 2469 5096 mulierum
2517 5041 2748 5112 aufugit,
2787 5050 2842 5094 et
2873 5041 2938 5094 ad
2989 5049 3278 5110 tyranmtm
3327 5033 3524 5088 confu-

1941 5133 2114 5205 giens,
2139 5135 2185 5189 ei
2209 5144 2396 5189 auctor
2437 5133 2554 5200 fuit,
2593 5143 2652 5187 ut
2684 5142 2905 5188 sanctas
2939 5131 3056 5186 illas
3087 5129 3340 5183 mulieres
3376 5125 3524 5181 ferro

1941 5226 2300 5282 interimeret.
2339 5227 2490 5294 Quod
2541 5226 2758 5294 quidem
2806 5225 3003 5278 factum
3023 5232 3126 5286 est,
3175 5220 3386 5288 illasque
3424 5232 3523 5286 pro

1939 5317 2142 5372 Christi
2175 5318 2406 5388 imagine
2441 5317 2574 5370 inito
2607 5317 2928 5379 certamine,
2963 5313 3205 5368 victoria:
3234 5309 3517 5380 praemium

1942 5409 2148 5478 abipso
2179 5407 2398 5462 Christo
2449 5415 2787 5476 receperunt,
2835 5421 2958 5458 cum
2994 5404 3248 5459 omnibus
3309 5402 3516 5459 sanctis

1943 5499 2251 5553 vittricibus
2290 5500 2340 5554 in
2361 5514 2524 5568 regno
2557 5497 2814 5553 cceloruln
2850 5497 3112 5552 laetantes.

217 5605 384 5678 παρὰ
410 5601 676 5674 Χριστοῦ
711 5601 1055 5672 ἐκομίσαντο,
1087 5603 1144 5656 ἐν
1171 5603 1235 5672 τῇ
1261 5597 1506 5671 βασιλεία
1530 5595 1638 5649 τῶν
1705 5587 1949 5664 οὐρανῶν
2013 5591 2538 5660 συνευφραινόμεναι
2567 5588 2707 5660 μετὰ
2748 5589 2939 5643 πασῶν
3001 5589 3110 5643 τῶν
3174 5588 3344 5658 ἁγίων
3371 5590 3528 5642 ἀθλο-

216 5705 448 5774 φόρων.

299 5876 324 5904 ε
358 5863 440 5916 al.
481 5856 829 5926 πρεέδωγεν,
