3940 6170
440 365 574 433 108Ἰ

1648 365 2026 429 STEPHANI
2071 360 2381 423 DIACONI
2421 361 2531 421 CP.

3562 348 3695 412 1038

508 482 697 550 Itaque
755 489 1023 537 nocturna
1079 483 1166 537 illa
1203 483 1432 555 caligine
1484 482 1573 537 diu
1610 490 1737 536 tunc
1783 485 2002 537 obsessa

2180 475 2398 547 Ταύτην
2452 470 2549 530 οὖν
2608 476 2703 528 ἐπὶ
2753 461 2888 528 πολὺ
2924 472 3126 544 ἔχουσα
3176 469 3275 541 τὴν
3325 467 3695 538 σκοτόμαιναν

438 574 639 628 mansit
672 572 1194 647 Constantinopolis,
1234 573 1483 629 hmresim
1518 571 1802 628 sectando.
1836 571 2010 638 Quot-

437 672 569 733 quot
613 676 742 715 vero
784 662 981 721 ibidem
1013 662 1085 732 pii
1118 671 1173 716 et
1203 660 1492 715 orthodoxi
1531 664 1872 726 supererant,
1906 672 2011 710 non

439 754 698 808 mediocri
739 753 961 809 tristitia
999 751 1394 817 efﬁciebantur,
1426 766 1456 806 e
1485 750 1682 823 quibus
1716 764 1820 803 non
1853 749 2011 818 pauci

438 846 613 908 patria
648 845 836 899 relicta
873 846 925 898 in
962 860 1127 913 pagos
1158 843 1491 899 orthodoxos
1534 842 2010 909 transmigrarent.

438 939 698 990 Parentes
732 949 949 1005 quoque
979 935 1123 989 beati
1169 933 1429 1004 Stephani
1467 933 1634 1007 5.16
1659 932 1712 987 in
1739 933 1837 987 has
1864 930 2014 986 cala-

438 1029 659 1082 unitates
700 1026 1003 1082 incidentes
1040 1027 1270 1096 propriae
1297 1025 1459 1080 saluti
1495 1024 1873 1095 providebant.
1908 1022 2016 1077 Eos

440 1130 619 1170 tamen
674 1117 947 1172 retinebat
987 1116 1083 1169 lilii
1137 1115 1446 1186 promissio,
1499 1130 1663 1184 quam
1704 1113 1927 1182 implere
1960 1113 2012 1167 in

441 1206 625 1259 animo
657 1206 953 1263 habebant.
991 1203 1193 1261 Verum
1231 1222 1354 1261 cum
1392 1206 1833 1260 considerassent
1864 1204 2011 1257 illum

446 1300 497 1350 in
542 1298 790 1370 Byzantii
818 1297 1186 1370 monasteriis
1233 1297 1304 1352 ob
1354 1295 1749 1351 invalescentes
1800 1292 2012 1365 tyranni

446 1389 631 1441 turbas
653 1362 981 1441 comniorari
1007 1400 1111 1439 non
1133 1401 1327 1454 posse;
1349 1383 1610 1438 divinitus
1633 1381 1838 1453 incitati
1865 1388 1921 1435 et
1946 1380 2014 1435 ab

446 1476 637 1546 angelo
663 1477 833 1540 ducti,
860 1485 919 1529 ut
940 1475 1068 1530 olim
1090 1490 1120 1529 a
1149 1483 1444 1544 conspectu
1472 1473 1700 1528 Herodis
1726 1466 2013 1527 infantium

448 1567 734 1622 homicidae
758 1567 811 1619 in
835 1565 1130 1635 Egyptum
1150 1581 1273 1620 cum
1305 1564 1532 1634 Deipara
1571 1563 1707 1634 fugit
1738 1561 1831 1618 Dei
1865 1571 2015 1632 pater

444 1658 639 1727 Joseph
673 1675 687 1710 :
723 1659 802 1711 sic
836 1657 907 1712 illi
943 1673 1046 1712 una
1080 1672 1203 1711 cum
1232 1656 1482 1726 religioso
1518 1670 1687 1724 puero
1718 1654 2012 1724 Stephano,

445 1750 610 1803 natali
654 1748 768 1804 solo
812 1750 1158 1814 excedentes,
1195 1750 1261 1803 ad
1297 1747 1491 1802 navale
1520 1746 1874 1803 Chalcedonis
1915 1762 2013 1801 na-

442 1842 714 1910 vigarunt,
761 1841 990 1912 indeque
1023 1842 1189 1906 viam,
1240 1856 1360 1911 quae
1388 1841 1439 1895 in
1475 1850 1711 1897 montem
1759 1839 1930 1895 sancti
1960 1849 2015 1894 et

444 1933 631 1988 deil'eri
688 1932 864 1989 Patris
922 1934 1090 1987 nostri
1141 1933 1400 1989 Auxentii
1452 1932 1638 1998 ducit,
1700 1938 2013 1986 tenuerunt.

442 2022 593 2077 Illum
626 2025 769 2079 enim
803 2036 1040 2080 montem
1077 2028 1352 2095 quondam
1385 2024 1683 2079 incoluerat
1708 2038 1936 2091 magnus
1962 2029 2017 2078 et

442 2113 666 2183 signifer
716 2113 878 2169 Pater
931 2124 1120 2171 noster
1168 2114 1506 2183 Anxcntius,
1556 2115 1787 2184 indeque
1835 2115 2015 2170 radios

417 2218 662 2258 suorum
698 2205 1081 2261 miraculorum
1118 2220 1213 2274 per
1244 2205 1553 2260 universum
1590 2206 1776 2260 orbem
1811 2207 2011 2261 emise-

445 2303 549 2359 rat,
596 2294 687 2361 qui
719 2296 883 2349 etiaui
918 2296 1166 2364 plurimis
1199 2297 1457 2365 praeclare
1485 2308 1541 2351 et
1575 2297 1790 2353 fortiter
1817 2298 1870 2351 in
1906 2299 2013 2352 im-

442 2386 561 2452 pios
592 2385 908 2440 Dioscorum
944 2394 998 2439 et
1029 2385 1326 2458 Eutychem
1360 2387 1644 2458 in.quarta
1673 2390 2011 2444 mcumenica

442 2478 650 2547 synodo
696 2478 1039 2534 Chalcedone
1093 2490 1419 2551 congregata
1468 2481 1635 2552 gestis
1683 2480 2014 2536 tidem-illu-

443 2571 652 2623 stravit.

2116 567 2258 621 κατὰ
2290 570 2465 620 ἐκεῖνο
2492 566 2687 635 καιροῦ
2720 567 2753 635 ἠ
2794 561 3373 623 Κωνσταντινούπολις
3421 559 3693 628 διέμεινεν

2115 659 2535 731 αἱρετίζουσαο.
2585 658 2968 730 Ἀθυμούντων
2997 657 3055 709 δὲ
3101 655 3164 708 οὐ
3213 653 3426 724 μικρῶς
3468 651 3580 703 τῶν
3635 651 3693 702 ὲν

2114 752 2251 823 αὐτῇ
2281 750 2521 814 εὐσεϐῶς
2553 750 2645 804 καὶ
2677 749 2973 821 ὀρθοδόξως
2999 746 3318 807 οἰκούντων,
3375 743 3689 813 ἀπάραντες

2114 846 2215 898 οὐκ
2250 843 2418 909 ὀλίγοι
2470 843 2571 913 τῆς
2620 840 3016 910 ἐνεγκαμένης,
3063 837 3158 891 ἐπὶ
3213 834 3314 897 τὰς
3371 832 3693 904 όρθοδόξους

2116 935 2456 1005 κωμοπόλεις
2494 932 2838 1005 μετῴκησαν.
2880 932 2971 986 Ἐν
3002 928 3213 991 τούτοις
3242 922 3335 981 οὖν
3365 927 3479 987 τοῖς
3509 925 3688 994 λυπη-

2117 1028 2230 1096 ροῖς
2272 1023 2664 1092 περιπεσόντες
2710 1022 2806 1075 καὶ
2841 1021 2892 1074 οἱ
2940 1018 3034 1073 τοῦ
3093 1016 3365 1090 μακαρίου
3418 1014 3692 1082 Στεφάνου

2114 1118 2310 1183 γονεῖς,
2354 1115 2453 1187 τὴν
2496 1114 2633 1169 ἰδίαν
2679 1113 2954 1184 σωτηρίαν
3033 1108 3460 1181 περιεσκόπουν.
3548 1104 3690 1159 Ἀλλ’

2113 1205 2464 1277 ἐκρατοῦντο,
2493 1205 2592 1277 τὴν
2631 1205 2837 1273 ἐγγύην
2895 1203 3184 1273 πληρῶσαι
3241 1199 3560 1270 βουλόμενοι
3598 1192 3690 1249 τοῦ

2117 1297 2249 1351 ἰδίου
2306 1296 2515 1360 παιδός.
2568 1296 2678 1351 Καὶ
2732 1294 2797 1365 δὴ
2854 1293 3310 1362 ἀναλογισάμενοι
3349 1291 3432 1342 ὅτι
3469 1282 3581 1349 οἷός
3631 1286 3690 1339 τέ

2114 1391 2261 1441 ἐστιν
2313 1388 2372 1440 ὲν
2419 1391 2532 1450 τοῖς
2576 1386 2668 1441 τοῦ
2719 1386 3015 1450 Βυζαντίου
3074 1382 3471 1455 μοναστηρίοις
3527 1378 3691 1431 αὑτὸν

2112 1478 2447 1551 ἐγχρονίζειν
2469 1479 2557 1533 διὰ
2580 1478 2677 1549 τὴν
2698 1477 3096 1550 ἐπικρατοῦσαν
3122 1478 3366 1543 ταραχὴν
3384 1471 3479 1525 τοῦ
3504 1470 3693 1543 cupiv-

2114 1589 2226 1638 νου,
2260 1570 2443 1625 θεόθεν
2475 1570 2804 1640 κινούμενοι,
2838 1570 2930 1623 καὶ
2969 1569 3059 1621 ὑπ’
3099 1566 3333 1635 ἀγγέλου
3376 1562 3682 1634 ὁδηγούμε-

2114 1681 2216 1728 νοι,
2250 1660 2502 1736 καθάπερ
2533 1664 2663 1721 ποτὲ
2691 1664 2719 1716 6
2742 1662 3031 1732 θεοπὰτωρ
3071 1658 3272 1730 Ἰωσὴφ
3326 1658 3424 1709 σὺν
3464 1657 3531 1725 τῇ
3562 1655 3691 1707 Θεοτ-

2113 1755 2259 1825 τόκῳ
2293 1756 2351 1807 ὲν
2383 1756 2451 1825 τῇ
2483 1754 2603 1807 κατ’
2628 1754 2901 1820 Αἴγυπτον
2934 1753 3078 1823 φυγῇ
3111 1752 3219 1803 ἀπὸ
3262 1746 3556 1820 προσώπου
3596 1741 3689 1797 τοῦ

2045 1818 2087 1873 Β
2116 1818 2478 1918 βρειροκτόνου
2535 1818 2773 1917 Ἡρώδου
2794 1863 2808 1875 ο
2831 1818 2975 1898 οὕτω
3004 1818 3096 1897 καὶ
3123 1838 3271 1895 οῦτοι
3305 1818 3423 1908 διμα
3453 1837 3530 1908 τῷ
3572 1836 3690 1891 0:6-

2114 1955 2275 2010 φρονι
2308 1938 2460 1991 παιδὶ
2495 1937 2755 2007 Στεφάνῳ
2796 1936 2896 2004 τῆς
2927 1933 3303 2003 ἐνεγκαμένης
3340 1930 3689 2000 ἀπάραντες.

2115 2030 2212 2083 καὶ
2261 2029 2406 2100 πρὸς
2456 2030 2546 2082 τὸν
2595 2027 2945 2097 ναύσταθμον
2988 2024 3333 2094 Χαλκηδόνος
3357 2020 3689 2076 ἐκπλεύσανσ

2112 2136 2223 2185 τες,
2249 2122 2462 2190 εἴχοντο
2488 2121 2589 2189 τῆς
2617 2118 2737 2172 ὁδοῦ
2767 2120 2866 2187 τῆς
2901 2117 2994 2170 ἐπὶ
3021 2115 3081 2170 τὸ
3114 2116 3242 2185 ὅρος
3282 2112 3557 2183 φερούσης
3590 2109 3686 2163 τοῦ

2111 2211 2260 2264 ὁσίου
2296 2212 2391 2264 καὶ
2452 2210 2717 2281 θεοφόρου
2776 2208 2988 2280 Πατρὸς
3043 2207 3200 2279 ἡμῶν
3240 2205 3550 2270 Αῦξεντίου.
3603 2202 3692 2256 Ἐν

2116 2302 2226 2375 γὰρ
2258 2303 2431 2371 τούτῳ
2472 2302 2550 2372 τῷ
2609 2301 2727 2371 ὄρει
2787 2301 3232 2372 προκατοικήσας
3288 2301 3316 2350 ό
3360 2297 3537 2366 μέγας
3592 2293 3690 2347 καὶ

2119 2395 2483 2466 σημειοφόρος
2515 2393 2702 2464 Πατὴρ
2761 2392 2918 2463 ἡμῶν
2970 2392 3280 2456 Αὺξέντιος,
3318 2389 3418 2450 τὰς
3467 2388 3693 2447 ἀκτῖνας

2116 2486 2397 2556 ἐξέπεμψε
2426 2485 2535 2538 τῶν
2567 2486 2733 2539 αὐτοῦ
2769 2483 3066 2554 θαυμάτων
3099 2484 3157 2535 ὲν
3212 2481 3318 2551 ὅλῳ
3351 2478 3428 2548 τῷ
3477 2478 3690 2546 κόσμῳ,

2116 2578 2213 2631 καὶ
2261 2576 2361 2647 τὴν
2406 2577 2589 2630 πίστιν
2642 2576 2958 2647 ὲτράνωσε,
3027 2574 3257 2626 πλεῖστα
3296 2571 3693 2642 ἀνδρισάμενος

442 2662 583 2714 κατὰ
599 2661 705 2716 τῶν
730 2662 1007 2717 δυσσεὸῶν
1040 2663 1332 2734 Διοσκόρου
1364 2662 1460 2718 καὶ
1498 2661 1795 2735 Εὐτυχοῦς,
1848 2667 1904 2718 ὲν
1932 2666 1998 2737 τῇ
2038 2667 2181 2720 κατὰ
2219 2668 2538 2739 Χαλκηδόνα
2574 2667 2903 2739 συνελθούσῃ
2940 2665 3074 2736 ἁγίᾳ
3105 2665 3459 2734 οἰκουμενικῇ
3490 2662 3691 2729 τετάρ-

442 2769 512 2828 τῃ
532 2755 753 2829 συνόδῳ.

514 2847 685 2903 Porro
717 2864 874 2905 mons
923 2850 1010 2906 ille
1038 2852 1177 2906 situs
1223 2853 1403 2907 estad
1451 2853 1806 2922 navigabilem
1855 2853 2018 2909 Nico-

443 2939 634 2993 media:
677 2941 877 3005 sinum,
916 2957 948 2997 e
979 2944 1198 3013 regione
1228 2941 1581 3014 Bithynorum
1628 2947 1858 3014 partium
1891 2962 2019 3017 pro—

445 3031 656 3085 vincite.
692 3031 790 3087 Est
823 3044 1001 3088 autem
1033 3036 1437 3092 anttsnisslmus
1466 3036 1553 3091 his
1591 3037 1678 3104 qui
1724 3037 1855 3092 salvi
1895 3052 2016 3092 esse

2196 2858 2352 2911 Ἔστι
2402 2858 2458 2912 δὲ
2504 2856 2664 2910 τοῦτο
2716 2854 2778 2908 τὸ
2821 2855 2946 2924 ὅρος
2982 2853 3118 2926 πρὸς
3161 2851 3253 2904 τὸν
3307 2848 3696 2918 είσπλεὸμενον

2120 2949 2219 3018 τῆς
2253 2949 2625 3018 Νικομηδείας
2657 2947 2879 3007 κόλπον,
2911 2946 3009 3014 τῆς
3056 2943 3166 2996 τῶν
3226 2940 3469 2994 Βιθυνῶν
3508 2939 3697 3010 μερῶν

2095 3081 2101 3087 .
2121 3038 2395 3109 ἐπαρχίας
2414 3038 2677 3108 ἄντικρυς
2695 3037 2746 3104 b,
2771 3037 2867 3089 καὶ
2887 3035 3123 3105 ὑπάρχει
3150 3033 3296 3086 πάνυ
3326 3030 3697 3098 τερπνότατον

443 3121 651 3188 volunt,
689 3137 876 3178 omnes
923 3123 1135 3179 vicinos
1185 3136 1398 3182 montes
1450 3127 1736 3181 altitudine
1770 3138 2013 3197 superat,

2119 3132 2231 3194 τοῖς
2256 3128 2525 3193 σώζεσθαι
2553 3128 2919 3198 βουλομένοις,
2953 3125 3155 3195 ὑψηλὸν
3188 3122 3288 3193 μὲν
3311 3120 3464 3190 παρᾶ
3488 3122 3700 3181 πάντας

444 3212 673 3281 frigidus
698 3223 755 3267 et
783 3215 959 3268 siccus
1007 3224 1110 3276 est.
1144 3213 1306 3288 417
1339 3226 1415 3282 et,
1448 3226 1505 3271 ut
1537 3219 1773 3271 breviter
1815 3221 2013 3284 dicam,

444 3303 616 3357 caalos
669 3303 906 3371 attingit.
963 3302 1021 3357 Si
1063 3306 1188 3371 quis
1237 3305 1381 3358 enim
1437 3306 1584 3359 illum
1638 3308 2014 3376 appellaverit,

448 3403 682 3446 montem
719 3392 813 3448 Dei
843 3402 897 3448 et
925 3405 1161 3449 montem
1204 3396 1440 3461 Choreb,
1488 3407 1724 3452 montem
1759 3400 2015 3467 Carmeli,

445 3484 529 3537 vel
562 3484 799 3539 Sinaettm
851 3494 1107 3555 montem,
1157 3497 1392 3542 montem
1451 3488 1669 3544 Thabor
1717 3502 1809 3544 aut
1851 3491 2017 3547 Liba-

447 3591 597 3639 num,
621 3576 705 3630 vel
729 3588 972 3631 sanctam
1004 3578 1300 3645 civitatem,
1332 3581 1585 3650 ulpotein
1615 3591 1797 3636 monte
1819 3583 2014 3638 civium

445 3666 740 3723 Jerusalem
772 3669 931 3724 sitam
953 3710 969 3737 ,
993 3685 1020 3722 a
1053 3670 1250 3726 decoro
1280 3688 1384 3726 non
1417 3675 1711 3729 aberrabit.
1743 3674 1843 3731 Ubi
1872 3678 2013 3731 enim

448 3758 599 3815 locus
646 3760 840 3817 salutis
874 3778 1053 3818 mores
1084 3765 1151 3819 ad
1186 3764 1414 3820 salutent
1465 3752 1902 3836 consequendam
1931 3779 2017 3823 at-

452 3853 635 3918 trahit,
695 3853 801 3908 ilh’c
841 3865 989 3909 certe
1036 3870 1159 3909 vera
1194 3866 1278 3911 est
1311 3856 1635 3913 Jerusalem.
1674 3858 1856 3929 Itaque
1888 3876 2017 3916 san-

448 3954 596 4000 ctum
624 3944 785 4000 istum
813 3959 1045 4002 montem
1079 3948 1186 4017 (cui
1214 3948 1430 4018 quidem
1472 3967 1501 4005 a
1534 3962 1720 4008 saneto
1753 3955 2019 4009 Auxentio

447 4050 642 4091 nomen
692 4036 1003 4106 impositum
1057 4036 1253 4095 fuitad
1305 4055 1543 4108 praesens
1593 4052 1646 4095 et
1694 4054 2015 4113 perpetuum

450 4128 696 4200 tempus)
743 4128 931 4185 Patres
976 4144 1071 4200 per
1104 4133 1502 4188 successionem
1530 4149 1887 4203 occupavere,
1926 4136 2016 4193 tibi

449 4221 502 4274 in
536 4230 721 4274 sancta
754 4221 1004 4289 spelunca
1051 4221 1266 4288 inclusi,
1299 4224 1829 4292 trausmigrationem
1872 4241 2019 4280 mor-

451 4315 518 4366 tis
552 4313 863 4380 paradisum
917 4313 1195 4368 iuvenere.
1232 4313 1510 4383 Siquidem
1546 4326 1667 4383 post
1698 4317 1903 4371 obitum
1933 4319 2020 4373 di-

451 4406 558 4459 vini
587 4402 765 4459 Patris
807 4404 975 4458 nostri
1016 4405 1293 4469 Auxentii,
1327 4404 1548 4473 Sergius
1581 4407 1698 4477 ejus
1729 4411 2022 4479 discipulus

2114 3221 2244 3283 τοὺς
2302 3219 2698 3288 συγκειμένους
2732 3218 2955 3285 λόφους,
3010 3216 3217 3285 ψυχρόν
3247 3231 3307 3266 τε
3360 3213 3457 3266 καὶ
3507 3212 3696 3282 ξηρὸν.

2116 3312 2231 3376 καὶ,
2271 3310 2355 3362 ἵνα
2382 3308 2620 3363 συνελὼν
2665 3306 2902 3376 εἴποιμι,
2954 3305 3047 3359 τοῦ
3097 3303 3328 3374 οὐρανοῦ
3379 3304 3699 3370 ἐφαπτόμε-

2115 3419 2224 3456 νον.
2263 3400 2434 3455 Τοῦτο
2465 3400 2573 3471 γὰρ
2603 3400 2656 3452 εῖ
2687 3417 2772 3462 τις
2818 3398 3105 3452 καλέσειεν
3125 3396 3250 3468 ὅρος
3283 3395 3419 3449 Θεοῦ
3453 3397 3549 3450 καὶ
3572 3396 3700 3464 ὅρος

2116 3492 2339 3562 Χωρὴϐ,
2398 3492 2523 3563 ὅρος
2588 3490 2954 3560 Καρμήλιον,
3013 3488 3045 3559 ἢ
3098 3489 3314 3541 Σίναιον
3364 3486 3517 3558 ὅρος,
3580 3487 3693 3539 εἴτε

2117 3584 2418 3654 Θαὸώριον,
2450 3585 2561 3636 εἴτε
2594 3582 2848 3645 Λίϐανον,
2896 3580 2929 3651 ἢ
2964 3580 3118 3634 πόλιν
3148 3580 3335 3646 ἁγίαν,
3386 3578 3463 3641 ὡς
3495 3580 3553 3631 ἐν
3579 3580 3701 3648 δρει

2117 3673 2224 3727 τῶν
2276 3675 2333 3727 ὲν
2378 3672 2777 3744 Ἱεροσολύμοις
2836 3671 3158 3742 κειμένηνο,
3224 3671 3325 3740 οὐχ
3377 3671 3696 3739 ἁμαρτήσει

2117 3765 2213 3818 τοῦ
2272 3765 2595 3835 πρέποντος.
2666 3765 2843 3817 Ὅπου
2891 3765 3000 3834 γὰρ
3067 3765 3232 3826 τόπος
3283 3765 3562 3833 σωτηρίας
3595 3765 3692 3816 τὸν

2117 3856 2365 3927 τρόπονά
2408 3857 2681 3909 ἀνθέλκων
2732 3857 2812 3920 εἰς
2863 3856 2924 3908 τὸ
2959 3855 3250 3920 σώζεσθαι,
3300 3858 3418 3909 ἐκεῖ
3473 3856 3699 3922 ἀληθῶς

2121 3950 2154 4019 ἡ
2197 3948 2368 4011 ὅντως
2435 3947 2810 4019 Ἰερουσαλήμ.
2882 3948 2970 4001 Ἐν
3020 3947 3193 4019 τούτῳ
3240 3944 3334 4001 οὖν
3384 3947 3572 3999 λοιπον
3621 3948 3705 4016 τῷ

2118 4039 2259 4108 ἁγίῳ
2322 4039 2462 4106 ὄρει,
2514 4042 2572 4092 ὲν
2632 4032 2785 4109 ᾧπερ
2842 4040 2875 4109 ἡ
2919 4039 3263 4110 προσηγορία
3313 4036 3423 4091 ἀπὸ
3487 4056 3545 4090 τε
3597 4037 3698 4090 τοῦ

2119 4133 2279 4201 ἁγίου
2335 4132 2626 4197 Αὑξεντίου
2657 4133 2761 4196 ἓως
2812 4135 2912 4200 τῆς
2948 4132 3067 4185 νυνὶ
3114 4132 3207 4185 καὶ
3267 4134 3348 4194 εἰς
3383 4131 3475 4183 τὸν
3522 4131 3703 4183 αἰῶνα

2119 4223 2494 4294 ὲμπέπηκται,
2528 4224 2578 4276 οἱ
2605 4222 2748 4277 κατὰ
2776 4222 3023 4293 διαδοχὴν
3056 4222 3301 4289 Πατὲρες
3323 4219 3417 4272 τοῦ
3452 4237 3512 4272 τε
3542 4221 3707 4287 ὅρους

2121 4318 2515 4389 κρατήσαντες,
2547 4315 2747 4386 καὶτῷ
2785 4316 2926 4386 ἁγίῳ
2979 4313 3235 4385 σπηλαίῳ
3282 4312 3710 4378 ἑγκλεισθέντες

2127 4410 2471 4480 μετοικεσίαν
2528 4409 2624 4462 τοῦ
2695 4408 2927 4462 θανάτου
2983 4406 3076 4459 τὸν
3138 4406 3471 4475 παράδεισον
3520 4400 3706 4474 εὗρον.

452 4497 506 4550 in
559 4499 747 4551 eadem
796 4496 1051 4564 spelunca
1110 4506 1476 4553 commoratus
1529 4510 1634 4565 est,
1688 4502 1774 4554 cui
1823 4504 2016 4555 tertius

2119 4501 2275 4557 Μετὰ
2330 4501 2440 4571 γὰρ
2500 4501 2600 4571 τὴν
2655 4499 2958 4553 ἁποϐίωσιν
3013 4497 3108 4551 τοῦ
3145 4496 3438 4550 θεσπεσίου
3486 4496 3709 4565 Πατρὺς

450 4588 718 4640 successit
760 4587 983 4654 signifer
1025 4587 1425 4656 virtutibusque
1457 4590 1602 4643 omni
1647 4584 1806 4645 modo
1840 4593 2022 4660 Splen-

452 4682 611 4734 didus
642 4678 1025 4733 Vindemianus
1050 4698 1064 4732 :
1093 4694 1252 4748 quem
1286 4691 1512 4747 quartus
1539 4692 1758 4741 secutus
1785 4693 1866 4737 est
1886 4682 2023 4739 Grc-

454 4776 638 4845 gorius
680 4776 1035 4842 temperantia
1086 4776 1266 4830 clarus
1299 4786 1352 4831 et
1382 4792 1536 4830 sacra
1569 4779 1769 4833 canitie
1810 4779 2017 4847 plenus,

452 4881 614 4937 quem
651 4865 874 4935 quintus
913 4866 1128 4933 excepit
1173 4868 1516 4921 venerandus
1560 4864 1816 4932 Joannes,
1854 4883 2023 4923 novus

453 4959 754 5022 Abraham,
802 4959 1305 5028 perspicientimque
1350 4960 1473 5013 doni
1530 4960 1826 5030 particeps.
1886 4960 2023 5015 lluie

454 5067 586 5123 ergo
638 5062 830 5107 sancto
874 5049 1071 5106 Joanni
1113 5050 1409 5122 Gregorius
1448 5063 1502 5104 et
1536 5052 1714 5116 Anna,
1772 5068 1867 5117 par
1902 5053 2026 5108 reli-

455 5150 684 5217 giosum,
735 5149 1098 5201 venerandum
1148 5147 1315 5201 ﬁlium
1364 5146 1719 5214 Stephanum,
1768 5156 2023 5213 tanquam

457 5243 729 5296 victimam
769 5251 896 5296 tunc
936 5241 1197 5309 temporis
1235 5239 1584 5297 adducentes,
1632 5252 1754 5291 eum
1802 5238 2023 5307 suscipi,

456 5343 754 5401 sanctoque
783 5330 951 5403 418
982 5340 1036 5385 et
1064 5329 1307 5399 angelico
1356 5328 1540 5382 habitu
1571 5327 1779 5396 dignari
1819 5328 2023 5395 supplio

456 5436 548 5475 ees
587 5420 949 5487 postulabant,
983 5420 1129 5473 illum
1152 5419 1362 5473 aientes
1392 5416 1657 5471 omtionis
1683 5416 1847 5470 {ilium
1879 5432 2022 5480 esse,

457 5520 509 5562 et
544 5521 667 5564 ante
706 5521 884 5565 ortum
916 5509 983 5563 ab
1015 5519 1188 5571 utero,
1227 5508 1473 5561 instituto
1524 5506 1820 5561 nionastico
1861 5506 2025 5559 devo-

463 5611 572 5651 tum
630 5599 816 5653 fuisse.
874 5597 1179 5653 Honoratus
1230 5608 1409 5651 autem
1456 5596 1548 5649 ille
1583 5610 1767 5657 senex,
1821 5595 2026 5665 perspi-

2120 4594 2279 4664 ἡμῶν
2333 4592 2647 4658 Αὺξεντίου,
2706 4590 2933 4661 Σέργιος
2980 4590 3009 4641 ὁ
3076 4587 3268 4640 τούτου
3318 4584 3571 4655 μαθητὴς
3623 4579 3708 4648 τῷ

2126 4684 2375 4756 σπηλαίῳ
2432 4681 2789 4753 κατῴκησεν*
2841 4682 2937 4734 καὶ
2994 4679 3134 4750 μετὰ
3183 4678 3374 4731 τοῦτον
3430 4677 3615 4747 τρίτος
3678 4677 3709 4727 6

2126 4775 2490 4847 σημειοφὸρθς
2523 4776 2615 4828 καὶ
2647 4775 2811 4828 “na
2840 4775 3030 4845 τρόπῳ
3066 4774 3124 4825 ἐν
3174 4773 3400 4843 ἀρεταῖς
3455 4771 3708 4840 Galli?”

2122 4869 2230 4938 ψας
2260 4867 2625 4938 Βενδημιανός
2646 4885 2659 4898 ·
2687 4862 2786 4919 εἷθ’
2819 4864 2993 4928 οὕτως
3035 4865 3294 4934 τέταρτος
3343 4864 3382 4915 Γ
3388 4864 3650 4933 ρηγόριος
3679 4865 3708 4915 6

2124 4961 2399 5030 ἐγκρατὴς
2431 4962 2524 5013 καὶ
2570 4958 2668 5028 τῆς
2726 4958 2877 5027 ἱερᾶς
2942 4956 3193 5018 πολιάδος
3246 4954 3564 5016 ἀνάπλεως·
3608 4955 3709 5005 καὶ

2131 5052 2250 5121 μετ’
2271 5050 2432 5103 αὐτὸν
2458 5050 2710 5119 πέμπτος
2728 5047 2907 5119 τίμιος
2938 5046 3206 5117 Ἰωάννης,
3228 5047 3257 5098 6
3274 5045 3395 5107 νέος
3423 5043 3705 5114 Ἀδραὰμ,

2126 5143 2222 5197 καὶ
2266 5140 2359 5196 τοῦ
2414 5140 2724 5211 διορατικοῦ
2792 5138 3140 5210 χαρίσματος
3188 5134 3505 5209 μετασχών.
3558 5135 3706 5204 Πρὸς

2125 5232 2313 5284 τοῦτον
2340 5226 2433 5285 οὖν
2464 5231 2557 5284 τὸν
2584 5231 2731 5283 ὅσιον
2776 5230 3033 5297 Ἰωάννην
3061 5227 3123 5280 τὸ
3147 5228 3270 5280 κατ’
3294 5228 3475 5279 έκεῖνο
3504 5224 3705 5297 καιροῦ

2125 5324 2425 5394 Γρηγόριος
2474 5323 2567 5376 καὶ
2622 5322 2855 5392 Ἀνναή
2900 5320 3148 5390 θεόφρων
3186 5318 3317 5383 δυὰς
3370 5318 3463 5371 τὶν
3518 5318 3704 5385 τίμιον

2125 5416 2240 5467 υἱὸν
2301 5415 2593 5483 Στέφανον,
2632 5414 2708 5478 ὼς
2752 5413 2922 5483 θῦμα,
2964 5412 3439 5482 προσαγαγόντες,
3483 5411 3702 5475 δεήσεις

2127 5504 2551 5577 προσφέρουσιν,
2581 5504 2835 5576 δεχθῆναι
2867 5503 3028 5557 αὑτὸν
3049 5502 3449 5571 ἐξαιτούμενοι,
3480 5502 3577 5555 καὶ
3606 5499 3701 5553 τοῦ

2126 5597 2287 5665 ἁγίου
2348 5597 2443 5650 καὶ
2497 5597 2788 5666 ἀγγελικοῦ
2827 5596 3107 5666 σχήματος
3157 5594 3493 5663 ἀξιωθῆναι,
3535 5591 3703 5663 εὐχῆς

539 5765 563 5795 ι
598 5738 1045 5817 ιιΙζὲοεθῒουσα.
1124 5752 1150 5792 δ
1187 5751 1445 5820 ἄντικρυς
1473 5752 1522 5804 in
1555 5765 1662 5805 uno
1684 5752 1851 5806 deest.
1931 5761 1952 5788 ε
1989 5771 2015 5804 a

2125 5751 2377 5820 ειμένων.
2452 5750 2477 5790 δ
2508 5749 2655 5805 Unus
2682 5750 2847 5805 τόπον
2876 5750 3054 5805 habet.
