3894 6164
227 290 356 355 1039

1299 291 1472 352 VITA
1501 293 1560 351 S.
1603 291 1981 352 STEPHANI
2019 293 2400 357 JUNIORIS.

3341 315 3476 382 1090

220 403 331 456 υίὸν
362 400 532 455 αὐτὸν
585 395 728 454 εἶναι
757 401 1030 469 λέγοντες,
1089 403 1184 456 καὶ
1215 403 1348 474 πρὶν
1398 403 1666 472 γενέσεως
1700 404 1782 458 ἀπ

1899 404 2114 460 οἰοιιιὶιε
2165 407 2342 474 όοιιο,
2378 421 2436 466 ut
2481 413 2679 467 dictum
2729 423 2829 480 est,
2880 418 3094 488 plenus,
3145 435 3202 479 nt
3243 430 3474 496 optimos

217 493 476 565 ἐμϐρύων
507 493 890 565 ἀποταχθῆναι
924 495 1088 548 αὐτὸν
1111 494 1187 565 τῷ
1216 494 1494 566 μοναδικῷ
1517 494 1711 566 βαθμῷ
1729 508 1744 524 ⁸
1767 497 1796 548 ὁ

216 587 271 640 δὲ
295 585 478 656 τίμιος
507 587 718 648 ἐκεῖνος
747 584 928 656 γέρων
959 585 1052 640 τοῦ
1081 585 1395 658 διορατικοῦ
1430 586 1793 658 χαρίσματος,

215 679 288 742 ὡς
320 677 712 749 προλὲλεκται,
761 679 1052 742 ἀνάπλεως
1089 679 1392 751 ὑπάρχων,
1450 679 1546 733 καὶ
1595 681 1658 732 τὸ
1703 679 1797 731 εὐ-

215 769 516 842 ηθέστατον
541 780 566 808 ο
599 770 694 823 τοῦ
740 771 954 825 νεανίου
989 771 1346 842 καταμαθὼν,
1382 773 1444 824 τό
1471 789 1530 824 τε
1557 771 1796 843 βάδισμα

213 863 304 915 καὶ
337 861 400 914 τὺ
442 859 632 931 ἱλαρὸν
653 859 750 914 τοῦ
779 859 1100 932 προσώπου,
1147 861 1241 916 τοῦ
1272 879 1332 916 τε
1373 861 1656 932 ὀφθαλμοῦ
1690 863 1790 935 τὴν

217 952 496 1025 σύνοφρυν
525 952 900 1008 κατάστασιν·
950 955 1045 1007 καὶ
1097 953 1436 1018 ἁπαξαπλῶς
1482 957 1665 1010 πᾶσαν
1695 955 1795 1027 τὴν

211 1043 443 1098 ἐνοῦσαν
468 1043 621 1114 αὐτῷ
653 1045 806 1098 θείαν
828 1044 1014 1115 χάριν,
1051 1040 1244 1099 εἶπενο
1283 1064 1302 1097 ι
1334 1046 1642 1116 Εὐλογήσαι
1675 1064 1733 1100 σε
1766 1049 1794 1102 ὁ

214 1135 365 1203 Θεὸς,
404 1137 623 1200 τέκνον,
677 1137 774 1189 καὶ
827 1138 1056 1206 ποιήσαι
1107 1153 1168 1190 σε
1227 1136 1420 1200 σκεῦος
1463 1139 1720 1214 ἐκλογῆς.
1765 1158 1786 1193 ι

213 1230 336 1292 Τοῖς
369 1227 428 1281 δὲ
459 1228 712 1297 γονεῦσιν
739 1227 904 1281 αὐτοῦ
933 1229 1119 1300 ἡρέμα
1149 1246 1268 1294 πως
1313 1230 1441 1301 ἔφη’
1512 1251 1531 1284 ι
1583 1232 1793 1296 Ὄντως

213 1319 680 1372 ὲπαναπέπαυται
711 1319 774 1370 τὸ
805 1316 1030 1384 Πνεῦμα.
1060 1319 1154 1372 τοῦ
1180 1319 1316 1374 Θεοῦ
1348 1320 1441 1374 ἐπὶ
1497 1321 1558 1376 τὺ
1593 1323 1792 1394 μειρά-

213 1429 326 1466 κιον
341 1413 522 1465 τοῦτο.
557 1431 576 1462 ι
607 1411 716 1463 Καὶ
744 1409 1008 1481 συνήθους
1033 1411 1338 1484 ὑπηρεσίας
1359 1415 1670 1482 γεγονυίας,
1697 1416 1792 1468 καὶ

210 1503 303 1568 τῆς
324 1500 614 1572 ἀγρύπνου
630 1499 938 1569 δοξολογίας
959 1503 1055 1572 τῆς
1083 1502 1257 1559 ἕωθεν
1287 1504 1611 1574 ἐπιστάσης,
1645 1506 1786 1576 μετὰ

210 1594 305 1664 τὴν
333 1593 432 1646 τοῦ
455 1595 692 1656 Κανόνος
715 1593 922 1664 συνήθη
953 1593 1369 1666 συμπλήρωσιν,
1403 1595 1588 1649 λαϐὼν
1616 1596 1781 1650 αὐτὸν

209 1686 238 1738 δ
279 1685 545 1756 θεοφόρος
574 1684 770 1755 Πατὴρ
826 1684 984 1755 ἡμῶν
1027 1685 1280 1756 Ἰωάννης
1332 1685 1643 1758 ἔμπροσθεν
1692 1687 1788 1741 τοῦ

211 1777 365 1844 ἁγίου
405 1774 698 1847 σπηλαίου,
731 1775 820 1828 διὰ
857 1773 920 1826 τὸ
972 1776 1235 1846 ἀπρόῖτον
1265 1757 1430 1830 αὐτὸν
1456 1757 1616 1831 εἶναι
1643 1795 1656 1810 ⁸
1695 1778 1788 1830 καὶ
1821 1757 1862 1812 Β

211 1868 532 1938 κατηχήσας
577 1867 742 1920 αὐτὸν
781 1865 1010 1920 πλεῖστα
1050 1866 1188 1938 ἔφη’
1225 1887 1243 1920 ι
1281 1869 1570 1940 Μακάριος
1594 1864 1666 1934 εἴ,
1691 1869 1786 1923 τέ-

213 1976 336 2013 κνον
363 1959 630 2027 Στέφανε,
654 1959 739 2010 ὅτι
759 1957 859 2028 τὴν
897 1961 1142 2030 τήμερον
1163 1960 1263 2030 τήν
1298 1960 1556 2032 δευτέραν
1587 1961 1788 2032 κολυμ-

213 2048 422 2118 ϐήθραν
445 2045 876 2116 ἀναλαμϐάνεις,
896 2048 1034 2116 φωτὶ
1052 2047 1166 2116 φῶς
1189 2050 1674 2120 προσενδυὸμενος,
1691 2049 1788 2104 καὶ

211 2139 305 2210 τὴν
337 2137 606 2209 δευτέραν
649 2137 752 2208 τῆς
794 2137 1019 2210 πρώτης
1061 2139 1122 2192 τὸ
1158 2140 1437 2210 φρούριον.
1497 2143 1786 2213 Μακάριος

213 2230 279 2296 εί,
304 2231 520 2295 τέκνον,
548 2230 630 2283 ὅτι
654 2230 754 2299 τὴν
789 2229 886 2284 τοῦ
925 2230 1164 2302 Χριστοῦ
1209 2233 1392 2304 φωνὴν
1437 2233 1662 2305 πληροῖς
1697 2237 1786 2305 σή-

214 2340 376 2395 μερον
403 2321 803 2391 εὐαγγελικῶς,
837 2321 932 2375 καὶ
954 2321 1388 2393 καταλιμπάνεις
1422 2327 1655 2395 πατέρα,
1688 2325 1784 2378 καὶ

215 2413 449 2484 μητέρα,
488 2413 586 2466 καὶ
617 2411 875 2480 ἀδελφὰς,
902 2413 1001 2466 καὶ
1053 2413 1232 2465 πάντα
1260 2413 1328 2466 τὰ
1356 2415 1600 2484 σήμερον
1646 2415 1776 2467 ὄντα

209 2502 302 2557 καὶ
323 2501 515 2574 αὔριον
545 2505 645 2556 οὐκ
672 2503 802 2556 ὄντα
825 2503 963 2563 ’,καὶ
993 2504 1180 2575 φέρεις
1209 2505 1299 2558 τὸν
1339 2507 1574 2577 σταυρὸν
1612 2507 1780 2561 αὐτοῦ

209 2593 296 2645 ἐπὶ
350 2589 544 2660 ὤμων,
601 2591 688 2644 ἵνα
754 2589 1174 2663 κληρονομήσῃς
1221 2593 1320 2664 τὴν
1375 2594 1482 2648 τῶν
1535 2595 1781 2666 οὐρανῶν

210 2685 506 2756 βασιλείαν.
570 2684 858 2754 Μακάριος
909 2679 982 2748 εἴ,
1025 2685 1236 2750 τέκνον,
1294 2687 1378 2738 ὅτι
1425 2689 1779 2758 προφητικῶς

207 2776 433 2843 ἐξελέξω
463 2776 928 2848 παραριπτεῖσθαι
953 2778 1012 2830 ὲν
1035 2777 1112 2848 τῷ
1141 2779 1275 2848 οἴκῳ
1293 2779 1387 2832 τοῦ
1417 2780 1551 2833 Θεοῦ
1579 2783 1780 2852 μᾶλλον

205 2869 240 2943 ἢ
267 2871 436 2924 οίκεῖν
459 2869 520 2922 ὲν
549 2867 902 2938 σκηνώμασιν
923 2869 1018 2922 καὶ
1049 2868 1200 2923 πόλει
1231 2871 1779 2944 Χριστιανοκατηγό-

211 2979 314 3031 ρων
369 2959 689 3031 αἱρετικῶν.
757 2958 970 3020 Βλέπε,
1027 2960 1238 3024 τέκνον,
1303 2960 1400 3032 τὴν
1453 2962 1646 3032 κλῆσιν
1680 2964 1780 3034 τῆς

1898 495 2255 554 adolescentis
2287 515 2516 570 amores,
2582 507 2865 578 ipsumque
2929 513 3236 582 incessum,
3280 495 3482 578 vultus.

1897 587 2261 658 hilaritatem,
2310 594 2593 651 oculorum
2648 602 2949 658 modestam
3001 610 3470 684 constitutionem,

1895 692 2110 734 omnem
2171 683 2436 752 denique,
2509 703 2628 757 (tute
2677 691 2751 746 illi
2797 693 2972 750 inerat
3034 699 3211 755 divina
3275 683 3469 774 gratia,

1895 773 2196 839 perspexit,
2237 775 2313 829 ait
2341 795 2355 831 :
2383 776 2675 835 Benedicat
2706 783 2800 838 tibi
2841 785 3006 854 Dens,
3043 789 3136 853 liii,
3172 773 3331 864 teque
3372 773 3470 854 vas

1895 859 2177 918 electionis
2225 864 2406 922 faciat.
2455 869 2778 930 Parentibus
2810 891 2937 932 vero
2970 879 3077 935 leni
3115 859 3258 940 voce-
3277 889 3412 944 dixit
3450 909 3466 947 :

1897 950 2037 1046 Yere
2085 951 2320 1023 Spiritus
2371 959 2464 1014 Dei
2513 961 2568 1014 in
2621 961 2724 1018 hoc
2773 966 3116 1027 adolescente
3173 979 3464 1046 requievit.

1893 1039 2122 1099 Peracto
2173 1055 2353 1102 autem
2409 1062 2669 1106 consueto
2717 1056 3018 1114 ministerio
3063 1070 3120 1116 et
3163 1039 3466 1134 vigiliarum

1895 1133 2204 1193 laudersive
2251 1140 2426 1196 ofﬁcio
2472 1146 2740 1201 matutino
2793 1149 3051 1215 instante,
3078 1165 3204 1224 post
3230 1133 3463 1215 solitum

1893 1225 2130 1284 Canenis
2174 1233 2656 1304 complementum,
2693 1239 2840 1294 illum
2874 1243 3048 1298 deil‘er
3085 1245 3248 1302 Pater
3281 1261 3466 1306 noster

1891 1317 2130 1375 JOannes
2177 1332 2307 1378 ante
2349 1338 2560 1380 sacram
2611 1329 2923 1398 speluncam
2979 1349 3278 1408 acceptum,
3326 1341 3465 1412 (ipse

1891 1411 2035 1465 enim
2069 1413 2198 1469 inde
2237 1429 2342 1470 non
2397 1417 2668 1492 prodibat)
2713 1424 2946 1492 plurima
2977 1427 3062 1484 his
3093 1431 3276 1487 verbis
3305 1411 3466 1489 doce-

1891 1503 1986 1558 hat
2013 1523 2027 1558 :
2055 1523 2072 1556 ι
2099 1503 2299 1562 Beatus
2322 1523 2402 1574 es,
2431 1509 2505 1564 ﬁli
2528 1509 2826 1581 Stephane,
2847 1517 2972 1585 quia
2997 1521 3310 1578 hodiernam
3333 1527 3468 1583 alie-

1895 1608 2012 1646 ram
2045 1595 2330 1662 piscinam,
2379 1599 2676 1670 primaeque
2710 1611 3176 1677 pmpugnacnlnm
3211 1617 3462 1687 suscipis,

1894 1697 2033 1738 novo
2064 1684 2270 1740 lumine
2297 1688 2462 1756 priori
2513 1689 2702 1745 addito
2735 1693 2980 1752 indutus.
3019 1696 3216 1756 Beatus
3253 1719 3332 1771 es,
3361 1684 3460 1772 tili,

1891 1775 2015 1844 quia
2057 1777 2316 1831 hodierna
2349 1779 2436 1833 die
2466 1795 2650 1836 vocem
2682 1784 2882 1840 Christi
2913 1793 3222 1860 evangelice
3250 1796 3460 1866 imples,

1891 1866 2256 1936 relinquisque
2287 1880 2518 1937 patrem,
2548 1882 2604 1926 et
2625 1883 2874 1942 matrem,
2913 1889 2966 1933 et
2996 1896 3236 1952 sorores,
3268 1898 3321 1941 et
3352 1903 3460 1944 cre-

1892 1963 2005 2009 tera
2051 1958 2258 2022 omnia,
2305 1973 2425 2027 qua:
2469 1962 2684 2030 quidem
2733 1965 2892 2021 hodie
2932 1967 3100 2042 419
3145 1987 3301 2040 sunt,
3338 1994 3460 2034 cras

1891 2059 2018 2101 vero
2056 2046 2169 2116 jam
2200 2063 2305 2104 non
2351 2062 2481 2105 sunt
2514 2072 2527 2108 :
2569 2055 2784 2124 tuisque
2825 2058 3066 2116 humeris
3094 2063 3210 2132 ejus
3241 2083 3456 2126 crucem

1888 2151 2089 2210 gestas,
2129 2151 2184 2196 ut
2213 2145 2361 2213 regni
2392 2145 2653 2200 emtorqu
2680 2148 2852 2206 haeres
2881 2167 3003 2209 esse
3028 2158 3223 2224 possis.
3261 2160 3457 2219 Beatus

1887 2247 1966 2296 es,
2003 2235 2100 2299 ﬁli,
2145 2238 2270 2306 quia
2315 2239 2630 2308 pI‘Opltetit'e
2687 2243 2899 2312 elegisti
2954 2249 3202 2318 abjectus
3237 2268 3360 2310 esse
3403 2257 3456 2312 in

1887 2326 2050 2380 domo
2091 2327 2182 2382 Dei
2221 2329 2393 2398 magis
2437 2342 2598 2400 quam
2634 2335 2884 2392 habitare
2933 2339 2987 2394 in
3019 2344 3380 2402 tabernaculis
3405 2359 3459 2404 et

1887 2419 2108 2474 civitate
2139 2421 2516 2477 haereticorum
2545 2423 2888 2484 Christianos
2919 2433 3364 2493 calumniantium
3387 2442 3454 2496 '°.

1891 2507 2059 2578 Vide,
2113 2509 2220 2578 (ili,
2275 2515 2588 2570 monasticae
2653 2517 2932 2586 dignitatis
2996 2519 3453 2594 appellationem:

1889 2601 2153 2667 Quoniam
2202 2620 2306 2658 non
2339 2615 2413 2658 est
2439 2606 2746 2662 colluctatio
2779 2613 3030 2670 adversus
3055 2621 3365 2689 sanguinem
3405 2635 3454 2676 et

1883 2710 2111 2759 carnem,
2145 2698 2238 2750 sed
2271 2697 2519 2752 adversus
2545 2703 2895 2771 principatus,
2941 2707 3190 2766 adversus
3219 2727 3451 2783 potesta-

1882 2793 1976 2849 tes,
1995 2787 2246 2839 adversus
2269 2789 2450 2841 ntundi
2474 2801 2697 2846 rectores
2719 2797 3224 2870 tenebrarnmhujns
3248 2809 3448 2876 διεσαιὲ,

1879 2885 2063 2929 contra
2109 2877 2413 2944 spiritualia
2450 2882 2718 2951 nequitiae,
2760 2886 2816 2938 in
2847 2889 3140 2946 cretea-tibus
3176 2895 3242 2960 “,
3288 2908 3344 2952 ut
3373 2904 3452 2954 ait

1880 2980 1978 3020 vas
2007 2964 2290 3023 electionis
2333 2968 2552 3026 Paulus.
2597 2971 2752 3042 Vide,
2785 2978 2880 3045 fili,
2916 2983 3004 3036 cui
3042 2993 3094 3038 te
3122 2987 3350 3056 addicis,
3385 3007 3452 3048 ne

210 3052 509 3122 μοναχικῆς
541 3049 720 3114 ἀξίας,
754 3048 883 3102 Ὀτι
933 3051 1044 3102 οὐκ
1088 3050 1262 3104 ἔστιν
1311 3053 1349 3120 ἠ
1399 3052 1564 3120 πάλη
1627 3055 1778 3122 πρὸς

1885 3071 2072 3111 rursus
2103 3059 2305 3128 majore
2339 3073 2620 3131 parentum
2654 3067 2924 3127 desiderio
2953 3089 3114 3143 quam
3147 3076 3239 3132 Dei
3269 3090 3444 3137 tenea-

205 3139 345 3212 αἷμα
369 3144 473 3196 καὶ
504 3141 758 3210 -σὰρκαο
785 3140 948 3194 ἀλλὰ
1006 3141 1157 3209 πρὸς
1212 3141 1316 3208 τὰς
1373 3144 1584 3214 ἀρχὰς,
1625 3145 1776 3214 πρὸς

205 3236 311 3300 τὰς
343 3235 660 3298 ἐξουσίας,
718 3231 870 3300 πρὸς
941 3231 1085 3299 τοὺς
1139 3233 1633 3303 κοσμοκράτορας
1669 3235 1776 3288 τοῦ

207 3328 468 3391 σκότούς
502 3323 611 3377 τοῦ
635 3321 851 3388 αἰῶνος
867 3324 1103 3388 τούτου,
1127 3324 1278 3392 πρὸς
1305 3324 1378 3377 τὰ
1404 3326 1775 3394 πνευματικὰ

208 3415 314 3486 τῆς
337 3415 636 3484 πονηρίας
671 3413 742 3466 ἐν
794 3413 922 3480 τοῖς
957 3415 1372 3482 ἐπουρανίοις,
1404 3413 1478 3478 ὥς
1532 3433 1664 3487 φησι
1714 3415 1776 3469 τὸ

211 3505 399 3568 σκεῦος
428 3507 530 3575 τῆς
582 3503 814 3575 ἐκλογῆς
871 3503 1106 3569 Παῦλος.
1167 3503 1365 3570 Βλέπε,
1415 3504 1626 3568 τέκνον,
1666 3506 1774 3558 τίνι

210 3596 504 3668 συντάσσῃ.
546 3597 620 3666 μὴ
645 3595 807 3648 πάλιν
832 3596 968 3666 σχῆς
996 3594 1198 3664 γονέων
1231 3595 1397 3649 πόθον
1427 3597 1567 3666 ὑπὲρ
1621 3595 1780 3653 Θεοῦ.

221 3685 276 3739 '0
298 3685 396 3756 μὲν
421 3684 534 3755 γὰρ
553 3687 649 3737 καὶ
669 3684 870 3738 ἔπλασε
904 3687 1000 3739 καὶ
1024 3685 1256 3740 έσωσεν·
1285 3687 1335 3738 οἱ
1361 3685 1418 3739 δὲ
1440 3684 1534 3749 οὓς
1565 3688 1784 3758 ἠγάπη-

211 3791 324 3839 σαν,
351 3774 649 3828 ἀπώλεσαν
677 3775 774 3828 καὶ
798 3778 866 3846 τῇ
893 3774 1114 3829 κολάσει
1143 3775 1488 3846 παρέδωκαν,
1513 3773 1590 3837 ὥς
1617 3793 1781 3846 φησιν

207 3865 342 3935 ὁτῆς
365 3864 711 3936 φωτιζούσεης
736 3865 1006 3934 κλίμακος
1024 3865 1328 3935 ὑποφήτης.
1347 3865 1542 3930 Βλέπε,
1567 3867 1778 3932 τέκνον,

212 3955 285 4028 μὴ
313 3959 570 4028 στραφῇς
604 3958 684 4020 είς
727 3957 799 4010 τὰ
824 3956 1021 4010 ὀπίσω.
1073 3957 1185 4010 Καὶ
1213 3955 1373 4010 τοῦτο
1418 3955 1530 4029 γὰρ
1581 3957 1786 4028 γέγρα-

209 4063 335 4102 πται
358 4066 375 4080 ο
424 4051 672 4118 Ὀτιπερ
703 4047 904 4114 οὐδεὶς
927 4047 1232 4102 ἐπιϐαλὼν
1257 4048 1376 4117 τήν
1404 4048 1574 4118 χεῖρα
1593 4049 1783 4104 αὐτοῦ

206 4137 294 4191 ἀπ’
322 4138 720 4206 ἅροτρον,κιιὶ
746 4138 1039 4208 στραφεὶς
1072 4141 1158 4203 εἰς
1189 4139 1264 4192 τὰ
1289 4139 1505 4205 ὀπίσω,
1533 4141 1782 4207 εὔθετός

204 4227 372 4283 ἐστιν
395 4233 485 4296 είς
509 4230 623 4298 τὴν
642 4231 973 4295 βασιλείαν
1017 4228 1136 4284 τῶν
1171 4231 1464 4298 οὐρανῶν.
1521 4251 1540 4284 ι
1596 4231 1781 4286 Ταῦτα

1883 3147 1979 3199 ris.
2013 3146 2149 3200 Nam
2198 3149 2286 3204 hic
2338 3152 2556 3222 quidem
2587 3165 2642 3211 et
2668 3171 2894 3216 createt
2915 3173 3100 3220 servat
3137 3186 3152 3223 :
3188 3169 3262 3224 illi
3299 3187 3446 3239 vero,

1880 3250 2016 3306 quos
2051 3249 2235 3294 amant
2266 3243 2516 3312 perdunt,
2548 3255 2600 3300 et
2615 3250 2899 3318 suppliciis
2949 3253 3169 3325 dedunt,
3207 3269 3264 3315 ut
3293 3263 3450 3319 docet

1881 3328 2232 3384 illuminantis
2267 3335 2488 3389 scalae”
2517 3338 2808 3409 interpres.
2829 3342 2982 3411 Vide,
3015 3348 3110 3416 li,
3146 3367 3211 3406 ne
3246 3365 3451 3410 retror-

1880 3431 1999 3470 sum
2048 3422 2408 3478 convertaris.
2465 3422 2598 3480 Nam
2646 3428 2697 3481 id
2750 3445 2964 3500 quoque
3010 3437 3268 3504 scriptum
3317 3451 3399 3494 est
3431 3459 3450 3498 :

1882 3505 2052 3562 Nemo
2103 3510 2312 3564 mittens
2352 3529 2566 3568 manum
2609 3535 2764 3572 suam
2797 3525 2868 3574 ad
2911 3537 3170 3593 aratrum,
3201 3541 3248 3583 et
3273 3534 3451 3601 respi-

1877 3597 2019 3650 ciens
2049 3609 2209 3662 retro,
2235 3613 2390 3665 aptus
2419 3615 2496 3656 est
2523 3620 2681 3673 regno
2707 3612 2955 3665 cartorum
2984 3613 3048 3667 ³⁸.
3083 3635 3102 3668 ι
3135 3617 3267 3672 Cum
3300 3597 3451 3677 hisce

1877 3696 1932 3740 et
1961 3687 2209 3758 pluribus
2239 3689 2362 3745 aliis
2391 3695 2735 3752 sermonibus
2769 3699 2916 3754 illum
2951 3703 3322 3774 instruxisset,
3357 3727 3450 3781 pe-

1877 3779 2114 3848 titasque
2159 3780 2432 3838 forﬂculas
2456 3801 2518 3840 ex
2547 3785 2665 3853 ejus
2693 3791 2945 3846 manibus
2977 3797 3296 3864 accepisset,
3322 3779 3445 3855 eum

1880 3867 2114 3922 totondit
2141 3872 2314 3924 atatis
2357 3887 2556 3927 annum
2597 3875 2862 3932 decimum
2915 3891 3126 3937 sextum
3171 3897 3446 3955 agentem,

1882 3959 2233 4028 angelicaqne
2265 3971 2416 4016 veste
2465 3964 2658 4017 induit.
2703 3963 2967 4024 Omnibus
3013 3985 3144 4026 vero
3188 3986 3448 4032 consueto

1881 4049 1990 4103 ritu
2029 4051 2282 4118 peractis,
2310 4051 2476 4122 5.20
2517 4055 2689 4108 sancti
2741 4056 3098 4115 adolescentis
3134 4074 3388 4131 parentes
3417 4083 3450 4120 e

1882 4150 2066 4195 monte
2094 4142 2412 4208 discessere,
2449 4145 2650 4214 Deique
2675 4147 2858 4204 laudes
2898 4153 3258 4221 praedicando,
3307 4171 3366 4211 se
3391 4158 3448 4210 in

1881 4235 2094 4302 propria
2127 4249 2399 4303 recepere.

205 4315 293 4374 οὖν
324 4325 646 4393 κατηχήσας
681 4323 843 4376 αὐτὸν
899 4323 992 4376 καὶ
1027 4323 1096 4376 τά
1143 4321 1350 4377 τούτων
1419 4323 1666 4390 πλείονα,
1708 4327 1803 4378 καὶ
1875 4325 2110 4395 αἰτήσας
2169 4326 2268 4379 καὶ
2341 4326 2520 4381 λαὸὼν
2575 4331 2726 4401 παρά
2779 4332 2888 4385 τῶν
2925 4334 3090 4388 αὐτοῦ
3137 4339 3336 4408 χειρῶν
3385 4341 3453 4395 τὸ

203 4410 467 4482 ψαλίδιον,
501 4413 800 4484 ἀπέκειρεν
833 4412 998 4467 αὐτὸν
1023 4413 1101 4484 τῷ
1131 4413 1190 4480 ἒξ
1224 4416 1320 4468 καὶ
1343 4413 1559 4485 δεκάτῳ
1598 4416 1778 4487 χρόνῳ
1814 4416 1917 4486 τῆς
1945 4415 2112 4469 αὐτοῦ
2137 4417 2375 4488 ἡλικίας,
2408 4419 2504 4473 καὶ
2553 4421 2852 4477 ἐνδιδύσκει
2917 4425 3080 4480 αὐτὸν
3137 4428 3196 4482 τὸ
3228 4431 3448 4500 ἀγγελι-

203 4505 294 4560 κδν
326 4505 538 4576 σχῆμα,
574 4505 668 4558 καὶ
710 4504 812 4573 τῆς
863 4505 1232 4559 ὲπακολούθου
1256 4504 1276 4544 ί
1319 4506 1613 4576 συνηθείας
1651 4505 2080 4578 διαδραμούσης,
2113 4511 2163 4562 oi
2209 4509 2304 4562 τοῦ
2337 4511 2485 4565 ὁσίου
2553 4517 2730 4583 γονεῖς
2799 4515 2892 4569 τοῦ
2946 4516 3106 4588 ὅρους
3135 4523 3448 4592 ἀπάραντες

199 4598 262 4650 τα
290 4597 470 4651 οἰκεῖα
522 4595 842 4663 κατέλαϐον,
885 4596 1164 4662 αἰνοῦντες
1193 4597 1288 4650 καὶ
1321 4597 1639 4663 δοξάζοντες
1675 4599 1768 4653 τὸν
1800 4597 1956 4654 Θεόν.

280 4687 338 4741 '0
365 4687 426 4740 δὲ
461 4687 645 4756 τίμιος
675 4686 948 4756 Στέφανος
977 4687 1274 4742 ἀποδύεται
1305 4689 1443 4760 πρὸς
1472 4690 1600 4754 τοὺς
1629 4691 1776 4760 ἀγῶ-

1954 4690 2302 4751 Venerandus
2334 4707 2512 4752 autem
2563 4699 2867 4772 Stephanus
2907 4721 3030 4762 sese
3059 4711 3124 4764 ad
3153 4713 3446 4772 certamina

197 4796 315 4846 νας,
341 4777 776 4850 ἐπιμελούμενος
803 4777 911 4832 τῶν
940 4779 1078 4848 πρὸς
1125 4779 1329 4850 ἀρετὴν
1365 4780 1618 4850 ἐφοδίων.
1661 4784 1774 4836 Καὶ

196 4871 362 4924 ἐδίδου
393 4870 516 4942 Θεῷ
547 4869 782 4924 ἑκάστου
831 4870 1028 4940 καιροῦ
1063 4870 1155 4925 τὸν
1183 4873 1766 4946 πρόσφορονκαρπόν.

205 4961 292 5014 Ἐν
319 4961 379 5015 δὲ
407 4962 636 5032 ὑπονοίᾳ
659 4963 1105 5032 γαστριμαργίας
1149 4965 1178 5017 ὁ
1219 4965 1432 5032 καρπὸς
1469 4960 1536 5037 ἦν
1563 4965 1710 5036 αὐτῷ
1733 4967 1767 5037 ή

193 5051 489 5123 ιγκράτεια
512 5069 527 5081 ·
550 5053 643 5106 καὶ
672 5052 953 5121 λογισμῶν
982 5054 1366 5125 ἐπερχομένων
1397 5057 1544 5127 αὐτῷ
1571 5056 1769 5128 ήδονῆς

192 5155 331 5204 τινος
363 5143 706 5215 σωματικῆς,
741 5141 962 5217 αὖθιςή
997 5146 1324 5217 σωφροσύνη
1359 5147 1508 5218 αὐτῷ
1543 5149 1769 5202 ἀνεϐλά-

1878 4783 2133 4849 accinxit,
2165 4787 2248 4843 his
2279 4787 2438 4844 rebus
2467 4791 2642 4848 dando
2669 4809 2913 4866 operam,
2943 4813 3064 4870 quis
3094 4803 3160 4855 ad
3195 4801 3446 4857 virtutem

1877 4875 2101 4930 ducunt.
2134 4877 2370 4949 Singulis
2407 4884 2736 4952 temporibus
2787 4901 3168 4959 congruentem
3208 4889 3442 4946 fructum

1871 4963 1984 5024 Deo
2024 4968 2304 5026 oﬂ‘erebat.
2345 4971 2623 5040 Siquidem
2655 4977 2706 5033 in
2741 4979 2878 5050 gula:
2905 4983 3269 5052 cogitatione,
3322 4983 3435 5036 fru-

1870 5065 1990 5112 ctus
2035 5058 2109 5112 illi
2145 5074 2262 5115 erat
2296 5063 2620 5120 abstinentia
2652 5085 2666 5120 :
2695 5069 3118 5138 cogitationibus
3152 5086 3278 5124 vero
3317 5087 3439 5124 cor-

1872 5162 2048 5218 porcae
2101 5151 2328 5223 alicujus
2384 5159 2672 5228 \oluptatis
2713 5160 2766 5215 in
2799 5161 2970 5228 ipsum
3007 5161 3438 5231 insurgentibus,

194 5245 407 5287 στανεν.
437 5233 626 5304 Θυμοῦ
683 5233 740 5288 δὲ
778 5237 874 5289 καὶ
924 5236 1097 5308 ὀργῆς
1141 5237 1397 5292 τοσοῦτον
1438 5239 1761 5311 ἐκράτησεν,

1885 5231 2019 5298 που
2046 5245 2281 5301 vicissim
2344 5252 2683 5319 germinabat
2729 5254 3079 5310 continentia.
3123 5255 3218 5310 Ira:
3252 5268 3436 5312 autem

259 5405 308 5439 "
335 5406 477 5463 Psal.
501 5423 739 5476 Lxxxm,
770 5409 858 5466 il.
935 5411 980 5444 "
1020 5409 1225 5480 Ephes.
1265 5427 1338 5478 vr,
1381 5412 1466 5467 12.
1545 5415 1591 5446 ³³
1617 5412 1855 5474 Joannes
1882 5415 2180 5474 Climacns.
2259 5421 2302 5452 ’³
2326 5422 2461 5478 Luc.
2501 5441 2574 5487 rx,
2606 5425 2695 5481 62.

1455 5547 1692 5605 VARUS
1727 5551 2020 5610 LECTle
2035 5557 2128 5613 ιςε.

259 5685 288 5716 ⁸
311 5675 383 5732 al.
413 5677 797 5750 εὐφυέστατον,
825 5682 896 5738 al.
926 5682 1191 5747 εὐσταθὲς
1218 5679 1370 5753 ἦθος.

1451 5683 1472 5722 τ
1505 5686 1576 5740 al.
1612 5687 2008 5754 ἐπακολούθως.
2050 5694 2116 5746 al.
2163 5695 2653 5763 ἐπακολοιθούσης.
