3894 6164
435 273 563 340 1391

1632 271 1716 330 ST
1723 270 1970 327 ΕΡΗΑΝ
1989 271 2010 323 ι
2054 269 2324 325 DIACUN
2338 270 2364 324 1
2405 269 2510 328 GP.

3557 273 3686 328 1092

434 399 646 444 tantum
703 388 1104 455 dominabatur,
1133 397 1190 441 ut
1221 403 1344 442 cum
1398 387 1668 456 Propheta
1705 389 1770 438 de
1807 399 1872 438 eo
1906 382 2012 437 dici

2117 381 2192 444 ὡς
2222 379 2580 451 προφητικῶς
2615 381 2790 433 εἰπεῖν
2817 395 2831 411 ο
2873 379 3088 448 Κωφός
3130 381 3242 432 οὐκ
3295 377 3550 446 ἀκούων,
3592 382 3685 435 καὶ

436 491 612 550 posset
648 497 662 535 :
701 478 904 533 Surdus
938 497 1037 532 non
1071 481 1311 541 audiens,
1350 491 1397 532 et
1431 489 1606 532 nntius
1641 493 1742 530 non
1773 475 2010 542 aperiens

435 591 492 626 os
523 588 672 627 suum
707 571 776 625 ".
828 570 1058 625 Fructus
1103 586 1230 624 vero
1260 587 1396 639 quos
1433 569 1674 630 ferebat,
1697 567 1933 620 charitas
1959 573 2014 619 et

436 663 694 731 patientia
717 672 891 717 erant.
930 663 1022 716 Sic
1054 663 1306 716 omnibus
1333 662 1582 729 superior
1609 659 1809 722 evasit,
1841 658 2010 726 phan-

439 753 766 822 tastiwsque
816 753 1204 820 cogitationum
1272 752 1468 806 ﬂuctus
1516 753 1650 805 adeo
1693 751 1910 810 devicit,
1953 756 2012 802 ut

435 843 555 912 ejus
584 845 636 896 in
661 845 914 896 omnibus
948 843 1197 896 virtutem
1233 843 1403 896 deifer
1448 841 1686 896 Joannes
1716 841 2012 894 admiratus

437 936 511 988 illi
545 937 750 988 diceret
785 955 798 988 :
834 933 962 996 Fili,
1011 949 1278 987 smmuam
1329 945 1471 986 tuam
1497 949 1528 986 a
1559 932 1695 986 cibis
1730 931 2011 984 abstinen-

441 1027 567 1078 tiam
605 1027 842 1088 remitte,
878 1026 946 1078 oh
977 1025 1200 1093 hujusce
1237 1027 1436 1078 montis
1489 1025 1880 1094 rigidissimum
1915 1021 2013 1074 fri-

437 1132 536 1183 gus
588 1116 1070 1183 vehementemque
1137 1126 1423 1169 ventorum
1485 1115 1706 1178 ﬂatum,
1762 1129 1828 1168 ne
1873 1113 2012 1168 forte

439 1207 615 1274 impar
643 1207 716 1260 sis
740 1206 804 1258 ad
836 1207 1142 1260 obeundum
1169 1207 1548 1260 ministerium.
1576 1207 1795 1261 Scilicet
1823 1217 2010 1263 Sancto

442 1297 749 1351 necessaria
790 1297 1154 1361 ministrabat,
1205 1298 1472 1366 longoque
1519 1299 1804 1352 intervallo
1855 1297 2012 1352 dissi-

444 1400 550 1440 tam
582 1403 778 1455 aquam
826 1386 1110 1443 aﬂ’erebat.
1147 1389 1354 1458 Quippe
1384 1389 1450 1442 ad
1485 1400 1690 1458 partem
1719 1391 2009 1444 australem

443 1482 661 1543 montis,
692 1479 780 1532 ubi
830 1481 1052 1534 declivis
1081 1487 1136 1532 et
1170 1481 1362 1550 planus
1393 1490 1498 1544 est,
1530 1481 1691 1534 sittun
1723 1489 1806 1533 est
1834 1478 2009 1532 sancti

441 1569 616 1624 Patris
666 1571 834 1624 nostri
887 1573 1280 1636 cmmeterium,
1334 1572 1476 1640 quod
1513 1574 1646 1640 ipse,
1695 1571 1818 1624 dum
1847 1569 2006 1642 421

444 1660 494 1712 iu
547 1661 684 1714 vivis
732 1669 849 1712 erat
895 1669 950 1712 et
997 1661 1048 1712 in
1099 1670 1280 1713 monte
1321 1661 1583 1727 degebat,
1615 1661 1904 1721 exstruxit,
1956 1669 2010 1712 et

2119 472 2348 536 ἄλαλος
2369 473 2480 524 οὐκ
2511 473 2771 540 ἀνοίγων
2811 472 2875 524 τὸ
2915 473 3112 540 στόμα
3158 471 3366 534 αὐτοῦ,
3408 487 3688 540 καρποφο-

2122 563 2228 634 ρῶν
2255 564 2357 633 τὴν
2389 563 2610 632 ἀγάπην
2642 565 2734 616 καὶ
2764 561 2863 628 τὴν
2889 562 3192 632 ὑπομονήν.
3226 563 3333 615 Καὶ
3378 560 3523 614 οὕτω
3557 563 3688 616 πάν-

2117 671 2224 706 των
2255 655 2616 724 περιεγένετο,
2652 655 2747 706 καὶ
2773 654 2884 706 τῶν
2915 654 3196 722 λογισμῶν
3241 653 3492 724 ἐνίκησεν
3517 656 3544 695 Β
3593 667 3688 718 τας

2119 746 2484 813 φανταστικὰς
2534 745 2852 816 τρικυμίας,
2907 743 3051 797 ὥστε
3093 732 3398 812 θαυμάζειν
3429 748 3529 812 τὴν
3563 746 3692 816 περὶ

2117 835 2297 888 πάντα
2312 837 2474 888 αὑτοῦ
2495 837 2691 907 ἀρετὴν
2713 836 2802 889 τὸν
2818 835 3074 906 θεοφόρον
3107 836 3358 905 Ἰωάννην
3380 837 3471 886 καὶ
3490 835 3686 903 λέγειν’

2117 927 2336 990 Τέκνον,
2385 925 2624 996 ἀνάσχου
2673 926 2774 994 τῆς
2826 926 3028 996 πολλῆς
3065 925 3416 989 άσιτίας,διὰ
3451 926 3548 994 τὴν
3595 925 3688 978 τοῦ

2115 1020 2273 1090 ὅρους
2302 1021 2442 1072 πάνυ
2461 1018 2721 1088 κρυμώδη
2757 1019 3070 1086 στυφότητα
3095 1019 3189 1070 καὶ
3221 1017 3329 1069 τῶν
3347 1017 3564 1086 ἀνέμων
3593 1020 3690 1087 τὴν

2120 1109 2358 1179 σφοδράν
2415 1109 2724 1180 ζεφύρωσιν
2749 1147 2763 1170 ,
2811 1111 2884 1178 μή
2909 1125 3024 1168 πως
3054 1108 3376 1175 ἀτονήσειας
3429 1108 3558 1177 πρὸς
3588 1107 3690 1174 τὴν

2116 1201 2213 1270 τῆς
2238 1200 2512 1262 διακονίαις
2565 1200 2938 1269 παράστασιν.
2999 1193 3109 1253 Ἦν
3153 1199 3264 1270 γάρ
3295 1198 3558 1252 διακονῶν
3608 1198 3690 1270 τῷ

2115 1292 2246 1362 ὁσίῳ
2273 1291 2403 1362 περὶ
2424 1291 2490 1344 τὰ
2521 1292 2780 1361 χρειώδη,
2809 1291 2904 1344 καὶ
2933 1291 2995 1342 τὸ
3027 1290 3170 1361 ὓδωρ
3196 1292 3306 1344 ἀπὸ
3337 1290 3532 1344 πολλοῦ
3562 1291 3686 1344 δια-

2118 1384 2388 1452 στήματος
2418 1381 2780 1448 ἐπικομίζων.
2816 1381 2911 1442 Εἰς
2961 1380 3022 1432 τὸ
3053 1382 3158 1451 γὰρ
3199 1383 3292 1432 ἐπὶ
3321 1383 3473 1434 νότον
3521 1383 3693 1452 μέρος

2114 1473 2207 1526 τοῦ
2233 1472 2396 1542 ὅρους
2427 1473 2518 1525 ἐπὶ
2544 1473 2604 1524 τὸ
2631 1470 2836 1540 πρανὲς
2874 1471 2970 1523 καὶ
3014 1471 3348 1540 καθόμαλον,
3381 1472 3511 1526 ἔνθα
3539 1472 3690 1525 ἐστὶν

2117 1565 2208 1617 καὶ
2235 1565 2294 1616 τὸ
2317 1563 2408 1615 τοῦ
2447 1562 2595 1615 ὁσίου
2650 1563 2860 1630 [ἰατρὸς
2893 1563 3050 1632 ἡμῶν
3077 1562 3367 1628 Αὑξεντὶου
3419 1566 3690 1634 κοιμητή-

2119 1671 2252 1726 ριον,
2279 1655 2414 1726 ὅπερ
2449 1655 2614 1718 αὐτὸς
2644 1654 3043 1716 κατεσκεύαζεν
3076 1654 3155 1706 ἔτι
3190 1655 3321 1721 ζῶν,
3347 1655 3476 1708 ὅταν
3505 1653 3577 1728 ἦν
3635 1658 3692 1709 ὲν

443 1750 830 1802 monasterium
862 1759 1174 1802 sanctarum
1219 1750 1499 1804 mulierum
1543 1749 1688 1816 fecit,
1723 1751 2009 1804 Trichiua—

2114 1746 2188 1816 τῷ
2217 1746 2354 1816 ὄρει,
2384 1747 2476 1797 καὶ
2509 1748 2868 1815 μοναστήριον
2901 1745 3170 1813 γυναικῶν
3195 1745 3366 1813 ἁγίων
3400 1747 3682 1816 ἐποίησεν,

446 1841 538 1893 riae
589 1841 804 1892 nomine
836 1839 909 1890 illi
945 1839 1117 1892 indito
1147 1840 1227 1892 vel
1259 1851 1482 1908 propter
1519 1840 1620 1894 loci
1659 1841 2012 1909 asperitatem

443 1942 498 1984 et
545 1931 748 1984 aditum
795 1927 1088 1996 diﬂicilcm,
1133 1930 1216 1984 vel
1267 1939 1483 1998 prepter
1513 1931 1752 1998 spinosa,
1785 1931 1922 1983 dura
1962 1937 2017 1983 et

443 2021 741 2090 asperrima
792 2021 1126 2074 indumenta.
1160 2021 1312 2086 Quod
1357 2023 1576 2091 quidem
1627 2023 2013 2076 monasteriun't

445 2114 496 2166 in
535 2113 674 2166 hanc
723 2125 892 2180 usque
944 2112 1087 2166 diem
1131 2121 1458 2178 perseverat,
1493 2121 1547 2163 et
1574 2125 1883 2166 sanctorum
1915 2109 2016 2163 Pa-

447 2209 586 2252 trum
623 2201 873 2268 precibus
897 2239 910 2264 ,
943 2199 1156 2251 vivendi
1209 2187 1463 2252 instituto
1514 2199 1722 2252 clarum
1760 2200 2012 2266 ellicitnr.

447 2290 631 2356 Itaque
661 2303 724 2340 ex
772 2290 895 2352 isto,
938 2297 996 2340 ut
1029 2287 1228 2341 dictum
1270 2296 1373 2353 est,
1421 2287 1620 2341 difﬁcili
1669 2288 1788 2342 loco
1821 2303 2014 2355 aquam

444 2379 693 2433 Omuiave
755 2379 1060 2432 neceSSaria
1129 2387 1369 2446 tempore
1443 2377 1650 2432 :estatis
1700 2388 1756 2432 et
1823 2379 2016 2432 hiemis

445 2468 704 2526 afferebat
767 2469 1108 2523 beatissimus
1159 2468 1509 2538 Stephanus;
1555 2469 1606 2522 in
1647 2483 1761 2536 quo
1799 2469 2012 2538 quidem

443 2561 680 2630 agendo,
758 2559 1257 2627 utmquamvanimo
1323 2557 1568 2622 defecit,
1620 2558 1704 2612 vel
1783 2573 2017 2612 consue-

447 2659 555 2700 tum
617 2662 772 2700 suum
838 2660 1101 2701 canonem
1171 2648 1453 2701 deseruit:
1487 2647 1580 2702 sed
1613 2656 1798 2700 contra
1837 2649 2016 2714 quoti-

443 2739 530 2792 die
560 2736 862 2805 incipiendo
898 2736 1076 2790 alacer
1103 2748 1240 2801 erat,
1292 2739 1453 2792 nullis
1484 2737 1768 2792 affectuum
1801 2748 2015 2805 pertur-

446 2829 771 2894 bationibus,
794 2829 876 2884 vel
895 2829 1196 2882 daemonum
1227 2829 1435 2896 injuriis
1452 2830 1736 2884 obnoxius.
1767 2826 2015 2898 Vestigiis

446 2937 576 2977 vero
601 2920 894 2976 venerandi
927 2921 1007 2976 sui
1038 2921 1279 2990 magistri
1309 2919 1536 3000 Joannis
1566 2922 1840 2984 insistens,
1866 2920 2017 2974 Salu-

445 3014 653 3088 taribus
682 3015 920 3080 ejusdem
953 3015 1240 3083 praeceptis
1273 3015 1544 3069 assiduam
1574 3030 1792 3082 operam
1828 3014 2011 3066 dabat.

514 3102 806 3168 Cancrum,
833 3113 996 3156 tantm
1021 3103 1238 3157 virtutis
1260 3114 1377 3157 erat
1402 3105 1618 3173 sapiens
1642 3104 1740 3157 iste
1755 3101 2007 3165 Joannes,
2037 3089 2082 3148 (ἶ

446 3201 504 3246 ιιι
533 3190 912 3260 quadrupedes
938 3191 1247 3246 animantes
1279 3192 1510 3244 humana
1537 3205 1667 3246 voce
1693 3192 1758 3244 ex
1794 3195 2011 3245 nomine

447 3287 561 3350 ipse
594 3293 832 3346 vocaret,
878 3282 1088 3351 illucque
1115 3299 1202 3336 res
1233 3284 1564 3337 necessarias
1598 3292 1650 3336 et
1677 3297 1931 3351 responsa
1961 3280 2010 3335 ei

444 3375 719 3428 aﬂerrent.
789 3372 929 3426 Nulli
983 3389 1110 3428 vero
1177 3374 1494 3430 incredibile
1557 3374 1802 3431 videatur
1871 3374 2010 3442 quod

445 3468 686 3520 dicturus
711 3481 852 3528 sum,
892 3481 1012 3520 cum
1046 3481 1149 3520 non
1175 3467 1457 3536 ignoretis,
1502 3466 1696 3519 fratres
1744 3449 1938 3530 sancti,
1965 3465 2011 3519 si

443 3560 569 3627 quis
603 3558 902 3612 servaverit
958 3556 1109 3620 illud,
1158 3557 1228 3610 ad
1275 3557 1558 3626 imaginem
1611 3567 1658 3610 et
1705 3557 2012 3612 similitudi-

445 3665 560 3703 nem
588 3650 656 3717 ’⁵,
688 3664 791 3702 non
821 3648 992 3702 solum
1015 3647 1226 3702 feroces
1247 3648 1448 3702 belluas
1467 3647 1773 3716 hujusmodi
1808 3649 2008 3702 homini

443 3739 810 3812 subjiciendus
855 3739 989 3808 fore,
1037 3742 1131 3795 sed
1168 3750 1282 3810 Ipsa
1312 3739 1472 3794 etiam
1515 3725 1813 3806 elementa;
1847 3739 2009 3812 422

443 3833 594 3901 cujus
631 3830 844 3900 quidem
875 3831 948 3883 rei
975 3839 1140 3884 testes
1180 3840 1326 3894 sunt,
1365 3830 1416 3884 in
1446 3831 1568 3899 igne
1595 3842 1703 3886 tres
1731 3837 1878 3900 pueri
1912 3848 1926 3884 :
1957 3831 2008 3885 in

442 3937 583 3991 aqua
632 3922 862 3993 Moyses,
913 3919 1094 3985 Jesus,
1150 3920 1296 3974 Elias
1346 3932 1406 3975 et
1449 3921 1672 3975 Eliszeus
1705 3939 1718 3974 :
1753 3921 1804 3975 in
1859 3922 2008 3984 feris,

443 4013 628 4068 Daniel
661 4022 714 4067 et
739 4012 930 4068 Jonas.
986 4012 1183 4073 Verum
1216 4013 1344 4082 quid
1381 4013 1577 4068 multos
1610 4012 2011 4068 commemoro?

441 4104 615 4160 Simili
641 4103 804 4158 modo
834 4115 887 4159 et
915 4106 1000 4158 hic
1029 4105 1241 4159 divinus
1289 4103 1445 4158 Pater
1489 4103 1724 4159 Joannes
1757 4105 2009 4158 Catellum

443 4200 499 4250 in
545 4208 728 4250 monte
784 4195 1054 4258 habebat;
1103 4205 1266 4264 atque
1312 4193 1355 4248 si
1395 4196 1712 4261 contigisset
1760 4205 2006 4248 sanctum

443 4288 777 4356 Stephanum
806 4290 856 4340 in
895 4286 1030 4340 colle
1068 4301 1172 4338 nou
1221 4287 1431 4348 adesse,
1477 4290 1568 4340 sed
1599 4289 1650 4338 in
1693 4287 1873 4354 aliquo
1909 4285 2010 4339 mi-

441 4378 668 4432 nisterio
697 4375 928 4439 versari,
960 4375 1286 4444 interimque
1317 4376 1478 4444 ahqui
1517 4377 1813 4430 vicinorum
1851 4391 2004 4429 mon—
2043 4405 2046 4444 ς

2115 1836 2474 1905 Τριχιναρέας
2502 1835 2662 1888 τοῦτο
2693 1837 3058 1905 ἐπονομάσας,
3092 1837 3124 1908 ἧ
3159 1838 3248 1890 διὰ
3280 1839 3340 1890 τὸ
3363 1841 3538 1908 τραχὺ
3591 1837 3692 1892 τοῦ

2113 1927 2276 1978 τόπου
2309 1929 2401 1979 καὶ
2425 1926 2713 1988 δύσϐατον,
2741 1926 2774 1996 ἦ
2799 1927 2888 1980 διὰ
2916 1929 3014 1998 τὴν
3037 1929 3147 1980 τῶν
3177 1929 3490 1999 ἐνδυμάτων
3523 1930 3697 1984 ἀκαν-

2113 2016 2255 2086 θώδη
2293 2018 2388 2068 καὶ
2417 2017 2660 2088 σκληρὰν
2692 2021 2784 2070 καὶ
2837 2019 3186 2088 τραχυτάτην
3218 2020 3523 2086 ἐπένδυσιν,
3552 2023 3694 2092 ὅπερ

2114 2107 2268 2174 ἆγιον
2316 2107 2734 2176 φροντιστήριον
2793 2109 2954 2177 μέχρι
2987 2108 3092 2176 τῆς
3147 2107 3308 2180 δεῦρο
3359 2109 3694 2179 φυλάττεται

2114 2199 2208 2248 καὶ
2242 2195 2340 2265 βίῳ
2373 2195 2774 2266 λαμπρυνέται,
2802 2199 2922 2258 ταῖς
2947 2197 3056 2250 τῶν
3089 2198 3252 2251 ὁσίων
3310 2199 3571 2270 Πατέρων
3597 2201 3694 2254 δὺ-

2115 2290 2256 2358 χαῖς.
2293 2288 2388 2340 Ἐκ
2418 2289 2631 2352 τούτου,
2653 2287 2728 2350 ὡς
2751 2287 2990 2360 εἴρηται,
3014 2287 3107 2340 τοῦ
3141 2288 3406 2342 δυσϐάτου
3434 2293 3604 2344 τόπου
3630 2292 3694 2346 τό

2112 2396 2171 2432 τε
2201 2377 2344 2449 ὕδωρ
2376 2380 2470 2432 καὶ
2500 2381 2680 2432 πᾶσαν
2709 2379 2808 2449 τὴν
2839 2379 3030 2450 χρείαν
3078 2382 3138 2432 ὲν
3185 2383 3366 2452 καιρῷ
3397 2383 3693 2448 καύσωνός

2112 2484 2171 2520 τε
2200 2469 2292 2521 καὶ
2324 2467 2592 2538 χειμῶνος
2644 2469 2998 2539 ἁποκομίζων
3026 2471 3053 2521 ό
3084 2471 3376 2534 πανόλϐιος
3417 2473 3696 2542 Στέφανος

2114 2558 2214 2608 οὐκ
2245 2555 2465 2610 ὤκλασέ
2497 2575 2648 2622 ποτε,
2695 2558 2818 2611 οὐδὲ
2869 2559 2963 2612 τὸν
3017 2559 3221 2632 συνήθη
3274 2561 3440 2614 αὑτοῦ
3491 2566 3697 2618 κανόνα

2113 2647 2399 2702 ἀπέλιπεν.
2461 2649 2598 2702 Ἀλλ’
2645 2651 2923 2722 ὁσημέραι
2998 2651 3174 2724 ἀρχὴν
3225 2653 3693 2726 προσλαμϐάνων,

2115 2741 2468 2812 εὖπρόθυμος
2511 2738 2579 2812 ἦν
2624 2743 2718 2796 καὶ
2787 2746 3196 2814 ἀνεπηρέαστος
3242 2746 3430 2798 παθῶν
3482 2765 3542 2802 τε
3598 2751 3697 2803 καὶ

2112 2831 2404 2900 δαιμόνων.
2455 2831 2594 2885 Κατ’
2641 2835 2788 2902 ἴχνος
2818 2833 2873 2886 δὲ
2931 2833 3239 2888 ἀκολουθῶν
3286 2835 3365 2906 τῷ
3399 2837 3694 2908 σεῦασμίῳ

2113 2921 2277 2975 αὑτοῦ
2309 2923 2598 2994 καθηγητῇ
2645 2924 2890 2995 Ἰωάννῃ,
2917 2925 2978 2977 οὐ
3002 2924 3354 2996 διελίμπανεν
3413 2925 3471 2992 ἐξ
3519 2929 3694 2982 αὐτοῦ

2111 3013 2182 3066 τὰ
2211 3015 2309 3084 τῆς
2332 3015 2604 3085 σωτηρίας
2633 3015 3016 3084 διδασκόμενος
3038 3015 3132 3069 τοῦ
3177 3017 3585 3086 ἐπιμελεῖσθαι.

2184 3107 2436 3170 Τοιοῦτος
2461 3108 2570 3178 γάρ
2598 3103 2665 3178 ἦν
2693 3099 2849 3169 οὗτος
2868 3109 2896 3161 ό
2926 3109 3087 3179 σοφὸς
3125 3108 3402 3178 Ἰωάννης,
3423 3107 3567 3162 ὥστε
3599 3110 3699 3163 καὶ

2114 3199 2419 3268 τετράποδα
2453 3196 2572 3262 ζῶα
2609 3201 2675 3270 τῇ
2737 3199 3055 3270 ἀνθρωπίνῃ
3102 3192 3253 3272 φωνῇ
3306 3201 3495 3256 καλεῖν
3523 3203 3696 3257 αὐτὸν

2111 3289 2172 3352 ἐξ
2219 3291 2502 3359 ὀνόματος,
2553 3292 2646 3344 καὶ
2693 3291 2869 3346 ταῦτα
2910 3294 3099 3364 χρείας
3133 3294 3282 3366 αὑτῷ
3318 3297 3414 3350 καὶ
3453 3297 3699 3368 ἀποκρί-

2114 3397 2226 3444 σεις
2249 3383 2630 3452 ἀποκομίζειν.
2660 3385 2769 3436 Καὶ
2807 3386 2997 3456 μηδενὶ
3027 3385 3256 3440 ἄπιστον
3284 3388 3576 3460 νομισθείη
3603 3392 3634 3432 ιι
3667 3389 3698 3442 ὃ

2114 3471 2294 3540 μέλλω
2345 3471 2560 3540 λέγειν·
2617 3474 2841 3537 εἰδότες,
2899 3475 3122 3544 ἀδελφοὶ
3161 3476 3333 3544 ἅγιοι,
3385 3478 3583 3552 ὅτιπερ
3645 3483 3699 3534 ει

2112 3561 2374 3629 φυλάσσοι
2401 3579 2481 3626 τις
2509 3562 2570 3614 τὸ
2609 3563 2730 3615 κατ’
2759 3563 2946 3616 εἰκόνα
2995 3563 3091 3618 καὶ
3136 3566 3260 3619 καθ’
3293 3567 3578 3638 ὁμοίωσιν,
3631 3572 3695 3624 οὐ

2115 3651 2274 3722 μόνον
2301 3653 2372 3706 τὰ
2409 3653 2575 3724 ἄγρια
2600 3652 2715 3717 ζῶα
2749 3655 2826 3725 τῷ
2856 3655 3088 3726 τοιούτῳ
3115 3656 3508 3724 ὑποτάσσεται,
3551 3661 3700 3716 ἀλλά

2111 3745 2207 3796 καὶ
2234 3743 2374 3797 αὐτὰ
2402 3744 2472 3796 τὰ
2499 3748 2758 3814 στοιχεῖα.
2795 3745 2904 3798 Καὶ
2935 3747 3212 3818 μάρτυρες
3235 3749 3452 3814 τούτου,
3495 3752 3556 3804 ὲν
3591 3753 3698 3822 μὲν

2111 3831 2188 3902 τῷ
2215 3833 2369 3904 πυρὶ,
2400 3835 2450 3886 οἱ
2475 3837 2622 3905 τρεῖς
2663 3836 2854 3899 παῖδες
2880 3856 2892 3869 -
2928 3839 2986 3890 ἐν
3011 3839 3068 3890 δὲ
3097 3838 3174 3910 τῷ
3206 3837 3384 3906 ὕδατι,
3414 3843 3694 3914 Μωῦσῆς,

2125 3920 2351 3990 Ἰησοῦς,
2418 3922 2606 3987 Ἠλίας
2657 3925 2751 3978 καὶ
2820 3926 3164 3991 Ἐλισσαῖος·
3219 3924 3278 3982 ἐν
3333 3930 3392 3984 δὲ
3449 3931 3696 4004 θηρίοις,

2111 4012 2310 4081 Δανιὴλ
2345 4013 2441 4066 καὶ
2489 4015 2836 4079 ἸωνᾶςτΚαὶ
2861 4017 2912 4070 τί
2949 4019 3179 4082 πολλοὺς
3212 4021 3574 4094 ὲπιφέροιμις
3615 4027 3698 4095 τῷ

2109 4102 2282 4173 ὁμοίῳ
2303 4106 2491 4175 τρόπῳ
2518 4105 2612 4158 καὶ
2639 4098 2794 4170 οὗτος
2831 4109 2859 4159 ὁ
2889 4108 3178 4172 θεσπέσιος
3209 4112 3396 4184 Πατὴρ
3435 4114 3700 4188 Ἰωάννης

2110 4195 2370 4264 κυνάριον
2411 4195 2678 4266 ἐκέκτητο
2714 4201 2770 4250 ὲν
2807 4199 2882 4268 τῷ
2926 4200 3076 4270 ὄρει·
3128 4203 3223 4254 καὶ
3251 4204 3300 4255 εἰ
3347 4204 3545 4275 ἔλαχεν
3599 4209 3700 4260 τὸν

2110 4284 2255 4336 ὅσιον
2289 4283 2558 4351 Στέφανον
2607 4285 2682 4355 μὴ
2717 4291 2974 4356 παρεῖναι
3013 4289 3072 4341 ὲν
3107 4288 3186 4358 τῷ
3219 4289 3414 4360 βουνῷ,
3471 4291 3594 4344 ἀλλ’
3638 4296 3703 4346 ὲν

2110 4373 2361 4443 διακονίᾳ
2405 4375 2534 4439 τινὶ,
2586 4378 2680 4430 καὶ
2715 4377 3027 4446 παρέϐαλόν
3077 4396 3226 4442 τινες
3267 4381 3332 4432 ἐκ
3365 4380 3475 4432 τῶν
3524 4383 3702 4452 πέριξ

443 4471 578 4523 tium
643 4467 893 4520 menachi
945 4468 1009 4520 ad
1043 4482 1100 4522 se
1143 4467 1386 4521 venirent
1435 4469 1726 4538 (siquidem
1776 4469 2006 4538 plurima

2114 4464 2254 4534 ὁρῶν
2283 4441 2504 4535 μοναχοι
2532 4469 2668 4538 πρὸς
2711 4441 2896 4524 αὐτόν.
2939 4470 3139 4540 (Πολλὰ
3177 4471 3286 4542 γὰρ
3337 4467 3404 4541 ἦν
3453 4473 3582 4526 τότε
3606 4441 3701 4528 ἐὖ

444 4566 572 4612 tunc
601 4557 658 4611 in
686 4557 817 4626 ipsis
865 4557 1136 4612 montibus
1171 4560 1498 4614 monasteria
1529 4571 1706 4624 erant,
1743 4575 1865 4628 qua:
1903 4561 2007 4613 im-

441 4651 562 4722 pius
591 4653 648 4698 et
697 4657 866 4698 novus
921 4642 1316 4713 Babylonicus,
1381 4648 1592 4716 tyranni
1657 4664 1838 4710 more,
1895 4647 2010 4702 solo

443 4732 672 4801 aequavit
703 4731 825 4804 (2‘).
857 4730 1046 4800 itaque
1071 4745 1263 4785 canem
1295 4743 1364 4783 ex
1394 4729 1612 4783 nomine
1635 4728 1864 4782 vocabat
1894 4728 2017 4796 pius

443 4825 550 4878 iste
581 4824 758 4886 Pater,
795 4825 1127 4892 scriptisque
1157 4822 1210 4876 in
1245 4822 1438 4876 tabella
1473 4821 1562 4874 his
1592 4837 1712 4890 (pne
1737 4822 1836 4874 sibi
1871 4837 2014 4892 opus

442 4927 562 4968 erat
596 4915 647 4969 in
691 4915 920 4984 gratiam
954 4913 1178 4968 fratrum
1211 4913 1298 4980 qui
1331 4913 1684 4976 advenerant,
1713 4927 1832 4967 eam
1879 4911 2016 4966 collo

441 5008 596 5059 canis
627 5006 886 5076 illigaltat,
909 5013 962 5060 et
989 5003 1339 5059 audientibus
1372 5003 1478 5056 illis
1505 5004 1764 5058 fratribus
1791 5004 1905 5072 ipse
1931 5005 2015 5058 di-

512 5121 552 5154 “
584 5120 729 5178 Psal.
761 5136 966 5186 xxxvii,
993 5120 1082 5176 14.
1160 5121 1204 5153 ³³
1232 5119 1426 5196 Geues.
1457 5134 1514 5182 ιι,
1548 5119 1639 5172 26.

2105 4555 2289 4617 αὐτοῖς
2310 4560 2422 4620 τοῖς
2473 4558 2653 4628 ὄρεσιν
2696 4562 3059 4630 μοναστήρια,
3095 4560 3238 4632 ἅπερ
3275 4564 3302 4616 ὁ
3345 4562 3555 4632 ἀσεϐὴς
3599 4568 3700 4618 καὶ

2106 4645 2226 4710 νέος
2285 4647 2627 4712 Βαϐυλώνιος
2699 4653 3044 4720 τυραννικῶς
3091 4654 3418 4724 ὲξηδάφισεν
3461 4655 3558 4708 διὰ
3632 4659 3700 4709 τὸ

2108 4737 2470 4809 φιλοκύνηγον
2505 4741 2666 4794 αὑτὸν
2695 4739 2880 4808 εἶναι.)
2926 4744 3142 4798 Ἐκάλει
3182 4741 3278 4798 οὖν
3317 4745 3378 4810 ἐξ
3411 4747 3699 4816 ὀνόματος

2105 4830 2166 4882 τὸ
2193 4830 2449 4900 κυνάριον
2477 4833 2505 4884 ὀ
2552 4832 2800 4902 θεόφρων
2832 4829 2988 4899 οὗτος
3041 4837 3253 4908 Πατὴρ,
3301 4838 3396 4891 καὶ
3451 4840 3697 4908 γράφων

2107 4923 2425 4976 πιττάκιον·
2459 4923 2542 4976 ὅτι
2597 4923 2660 4977 ἂν
2703 4927 2838 4995 πρὸς
2875 4929 3065 4999 χρείαν
3105 4929 3297 5000 ἤθελεν
3351 4929 3524 4984 ἕνεκα
3574 4929 3697 4983 τῶν

2107 5012 2536 5082 παραϐαλόντων
2565 5015 2585 5055 ἱ
2664 5015 2908 5086 ἀδελφῶν
2980 5017 3252 5091 ἐδενενβὶ)
3300 5019 3360 5074 τὸ
3409 5037 3701 5092 γραμμα·

1712 5213 1949 5278 verum
1979 5180 2387 5277 Lucrio-atas.

516 5340 544 5379 ⁸
564 5339 638 5394 al.
667 5339 962 5414 ὶκράτησε.
1037 5341 1066 5381 ιι
1097 5339 1170 5394 ai.
1201 5338 1500 5410 λογισθείη.

1577 5341 1592 5378 ί
1629 5339 1700 5394 al.
1748 5342 2054 5411 παρόντων.

1955 5461 2189 5517 NOTAE.

508 5577 586 5645 (Ξ)
622 5575 895 5667 Ἐδενῇκῖ
929 5574 1045 5667 Xox
1081 5575 1396 5667 ‘Grgecorth
1442 5577 1632 5632 media:
1665 5587 1722 5632 et
1767 5579 1964 5667 iul'lmze
2009 5599 2013 5632 :

2119 5581 2206 5662 tis,
2257 5582 2346 5648 qui
2399 5581 2516 5638 loco
2559 5586 2708 5643 verbi
2761 5587 2922 5660 δέειν,
2957 5591 3124 5650 verl'a
3165 5593 3362 5667 δένειν,
3395 5604 3456 5655 et
3481 5597 3724 5658 δίννιινο

441 5657 723 5718 usurpant.
796 5647 898 5720 (2‘)
929 5646 1116 5717 Suppl.
1143 5647 1300 5717 juxta
1322 5648 1592 5714 Gnaeum,
1623 5665 1684 5704 eo
1711 5653 1849 5721 quod
1878 5653 2170 5705 venationis
2197 5646 2378 5707 auiam
2419 5667 2574 5710 esset.
