3940 6170
244 307 374 372 Ῑέῑθῖἶ

1289 305 1469 364 VITA
1520 305 1579 364 S.
1621 301 2002 363 STEPHANI
2043 303 2430 368 JUNIORIS.

3366 309 3502 374 1091

237 431 380 476 τεῐον
410 417 493 481 είς
550 417 643 470 τὸν
700 415 796 470 τοῦ
835 415 1102 486 κυναρίου
1153 417 1445 486 τράχηλον,
1487 416 1583 470 καὶ
1636 415 1822 480 ἔλεγεν

1937 414 2078 465 cebat
2113 433 2126 467 :
2168 433 2187 466 ι
2247 415 2390 472 Vade
2458 419 2596 472 infra
2655 420 2706 472 in
2760 419 3183 478 monasterium.
3255 423 3502 489 hatuque

241 514 387 584 αυτῷ
438 515 518 576 εἰς
563 514 799 582 ἐπήκοον
845 512 956 564 τῶν
1003 511 1465 580 ’παραϐαλόντων⁵
1501 528 1517 561 ι
1577 505 1816 560 Ἀπελθε

240 606 389 659 κάτω
418 603 478 656 ἐν
507 601 586 673 τῷ
619 601 992 674 μοναστηρίῳ,
1023 602 1117 655 καὶ
1151 601 1270 654 τόδε
1318 601 1380 654 τὸ
1433 599 1818 670 γραμματεῖον

241 694 578 764 ἀποκόμισον
601 695 668 764 τῇ
699 693 1001 766 ἡγουμένῃ,
1028 692 1124 746 καὶ
1149 691 1388 762 ταχύνεις
1415 687 1812 758 ὑπὸστρεψον.»

241 789 455 852 Εὐθέως
480 787 540 842 δὲ
560 789 622 840 τὸ
655 787 912 856 κυνάριον
943 785 1086 838 κατά
1111 783 1212 852 τὴν
1247 783 1516 852 ἐπιταγὴν
1561 779 1656 832 τοῦ
1710 779 1822 829 Πα-

241 881 364 951 τρὸς
402 879 464 932 τὺ
515 879 883 949 μοναστήριον
934 875 1489 942 κατελ.άμ6ανεν,κχὶ
1543 874 1607 942 τῇ
1653 869 1820 940 κέλλῃ

246 972 336 1041 τῆς
371 969 686 1042 ἡγουμένης
727 967 1061 1031 ἐπιὸαϐύςον
1085 969 1161 1037 (5)
1191 966 1287 1036 τὴν
1311 964 1531 1034 ἐντολὴν
1553 962 1817 1032 ἐπλήρου.

245 1061 502 1132 ’ῌδεισαν
534 1059 642 1130 γὰρ
673 1059 834 1112 κοιὶοὶ
859 1069 873 1108 t
903 1057 998 1110 τοῦ
1039 1055 1404 1128 μοναστηρίου
1432 1056 1530 1120 τὴν
1551 1052 1646 1105 τοῦ
1677 1052 1820 1114 ζώου

241 1151 542 1216 διακονίαν,
574 1152 671 1202 καὶ
708 1149 914 1213 εὐθέως
943 1148 1076 1202 αὐτὸ
1105 1151 1169 1217 τῇ
1219 1146 1502 1217 ἡγουμένῃ
1549 1143 1826 1212 εἰσεκόμι-

243 1242 356 1309 ζον,
405 1246 501 1297 καὶ
550 1242 688 1312 πρὸς
738 1241 838 1312 τὴν
891 1239 1110 1312 γραφὴν
1165 1239 1405 1292 ἐποίουν.
1475 1237 1588 1290 Καὶ
1649 1235 1824 1286 ταῦτα

243 1337 432 1392 ποιοῦν
476 1337 535 1389 τὸ
595 1336 878 1406 κυνάριον,
911 1331 1068 1398 αὖθις
1103 1333 1371 1404 ἀνήρχετό
1424 1333 1517 1385 ἐπὶ
1571 1331 1632 1384 τὸ
1681 1329 1831 1401 ὄρος.

243 1434 364 1500 τοῖς
387 1433 579 1502 ἁγίοις
605 1433 814 1485 αὐτοῦ.

324 1525 544 1577 Ἀλλοτέ
573 1539 705 1577 ποτε
731 1524 796 1575 ἐκ
825 1520 1106 1585 διακονίας
1134 1520 1280 1582 τινος
1307 1519 1367 1572 τὸ
1413 1518 1538 1590 ὅρος
1578 1514 1820 1570 καταλα-

243 1618 354 1671 εὼν
395 1618 426 1670 ὁ
485 1598 817 1686 τιμιώτατος
856 1614 1161 1682 Στέφανος,
1221 1605 1378 1682 εὗρεν
1416 1609 1508 1662 τὸν
1562 1607 1821 1676 θεοφόρον

1928 500 2178 556 tabellam
2242 504 2325 558 fer
2363 508 2662 575 prtl'fecta},
2710 518 2763 562 et
2818 508 3068 562 celeriter
3124 509 3261 562 redi.
3316 529 3334 560 ι
3385 511 3504 564 Mox

1925 609 2053 648 vero
2103 597 2255 652 cauis
2295 597 2474 653 Patris
2527 601 2795 654 mandatis
2842 601 3183 670 obsequens,
3235 612 3505 658 monaste-

1928 687 2070 738 rium
2123 688 2360 756 petehat,
2404 701 2458 743 et
2489 691 2636 745 cellae
2685 692 2955 756 [ifiszL‘CliU
3002 693 3264 747 allatrans
3294 695 3502 761 jussum

1930 776 2205 842 implebat.
2240 779 2334 832 llis
2364 783 2532 844 enini,
2565 784 2653 850 qui
2688 798 2717 836 e
2742 785 3072 836 monasterio
3118 783 3280 855 423
3328 794 3502 849 erant,

1929 879 2110 918 uotum
2153 879 2271 921 erat
2317 872 2470 924 canis
2507 873 2893 937 ministerium,
2933 873 3226 942 statimque
3262 875 3408 927 illum
3437 877 3504 926 ad

1926 958 2234 1026 pra-lectam
2285 963 2646 1027 adducebant,
2695 975 2858 1034 atque
2903 966 3007 1030 his,
3055 983 3173 1034 qua:
3225 967 3275 1020 in
3311 965 3504 1020 tabella

1925 1051 2126 1118 scripta
2155 1063 2332 1116 erant,
2365 1053 2634 1109 faciebant
2661 1057 2814 1109 satis.
2835 1056 2971 1110 Tum
2993 1059 3144 1111 canis
3169 1059 3280 1111 haec
3299 1057 3506 1112 faciens

1931 1157 2118 1197 rursus
2148 1145 2198 1198 in
2235 1158 2470 1200 montem
2521 1149 2910 1206 revertebatur.
2952 1148 3106 1213 Vere,
3137 1161 3196 1204 ut
3224 1167 3344 1205 cum
3374 1165 3504 1220 pro-

1931 1235 2089 1301 pheta
2119 1236 2330 1304 loquar,
2369 1240 2630 1292 mirabilis
2664 1243 2802 1292 Deus
2837 1243 2889 1292 in
2920 1243 3118 1294 sanctis
3155 1244 3267 1296 suis
3293 1243 3363 1301 ⁸⁸.

1874 1329 2104 1392 Ὄντως,
2172 1329 2532 1401 προφητικῶς
2580 1335 2779 1399 εἰπεῖν,
2820 1337 3168 1405 θαυμαστὸς
3197 1343 3230 1392 ὁ
3259 1337 3404 1403 Θεὸς
3437 1337 3509 1392 ἐν

1998 1513 2301 1583 Aliquando
2334 1527 2512 1571 autem
2539 1532 2605 1572 ex
2636 1518 2818 1589 aliquo
2859 1521 3156 1574 ministerio
3181 1521 3234 1574 in
3269 1533 3504 1577 montem

1928 1619 2177 1659 reversus
2204 1609 2654 1664 honoratissimus
2678 1612 2983 1680 Stephanus
3012 1616 3212 1684 reperit
3239 1615 3502 1670 deiterqu

253 1707 512 1779 Ἰωάννην
551 1707 687 1779 πρὸς
713 1707 774 1759 τὸ
823 1705 1061 1778 θυρίδιον
1106 1704 1200 1758 τοῦ
1229 1703 1496 1774 σπηλαίου
1526 1700 1622 1771 τὴν
1663 1698 1820 1766 ἁγίαν

1937 1694 2212 1760 Ioannetn,
2234 1700 2408 1766 capite
2424 1702 2486 1754 ad
2509 1701 2802 1756 fenestram
2818 1720 3011 1773 specus
3032 1706 3298 1772 innixum,
3317 1723 3502 1761 amare

239 1801 408 1856 αὑτοῦ
443 1799 620 1870 κάραν
645 1797 1007 1868 ἐπιοὴσαντα,
1046 1796 1304 1850 κλαίοντα
1357 1792 1590 1864 πικρῶς.
1642 1791 1729 1852 Ὠς
1763 1788 1819 1841 δὲ

239 1889 501 1946 εἰσελθὼν
525 1891 621 1944 καὶ
643 1889 743 1961 τὴν
783 1889 990 1959 συνήοη
1019 1888 1194 1957 βαλὼν
1239 1886 1550 1958 μετάνοιαν,
1577 1882 1820 1954 παράθε-

237 2001 325 2037 σιν
357 1984 463 2036 οὑκ
494 1983 708 2046 ἔλαϐεν,
735 1976 910 2034 διὰτὸ
938 1981 1028 2034 τὶν
1061 1980 1283 2050 Πατέρα
1306 1979 1366 2032 οὐ
1399 1977 1609 2048 μικρῶς
1633 1975 1821 2044 66393-

239 2075 398 2130 σθαι·
425 2074 756 2142 διελογίζετο
786 2074 937 2126 κάτω
959 2073 1240 2146 κείμενος,
1271 2072 1356 2134 τίς
1389 2071 1499 2141 ἄρα
1529 2069 1615 2139 εἴη
1655 2071 1682 2121 ὁ
1726 2063 1820 2118 τοῦ

239 2165 458 2236 Πατρὸς
490 2164 787 2233 κλαυθμός.
827 2162 884 2216 'U
914 2162 970 2215 δὲ
1005 2161 1192 2232 πραῢς
1219 2164 1429 2224 ἐκεῖνος
1477 2159 1667 2229 Πατὴρ
1707 2157 1832 2210 Θεόδ-

239 2257 332 2311 οεν
360 2258 528 2326 γνοὺς
574 2259 698 2320 τοὺς
741 2257 1126 2326 διαλογισμοὺς
1153 2256 1248 2308 τοῦ
1284 2256 1470 2324 ἁγίου,
1510 2254 1824 2322 ἀναστήσας

236 2350 406 2404 αὐτὸν
431 2344 588 2402 εἶπεν
611 2365 626 2379 ο
668 2366 688 2400 ι
723 2348 824 2401 Διά
857 2348 916 2400 σέ
944 2365 1044 2418 μου
1081 2347 1109 2399 ὁ
1157 2347 1373 2418 ορῆνος,
1423 2341 1468 2398 ὦ
1493 2345 1824 2415 τιμιώτατον

236 2441 457 2496 τέκνον.
491 2441 705 2508 Ἐγνων
731 2441 841 2510 γὰρ
863 2440 958 2492 ἐπὶ
1003 2439 1098 2492 σοῦ
1130 2438 1479 2503 αὐξάνεσθαι,
1521 2439 1614 2491 καὶ
1650 2453 1824 2490 κατα·

238 2530 584 2603 στρέφεσθαι
611 2530 763 2585 τόνδε
789 2529 882 2582 τὸν
910 2529 1080 2582 τόπον
1111 2529 1217 2581 ὑπὸ
1263 2530 1364 2598 τῆς
1399 2531 1519 2582 νυνὶ
1553 2526 1826 2592 ἀναζεσά-

239 2639 342 2694 orn;
370 2623 486 2676 τῶν
539 2621 974 2675 εἰκονοκαυστῶν
1023 2620 1314 2690 αἱρέσεως.
1378 2639 1396 2671 ι
1451 2619 1510 2672 '0
1547 2619 1605 2672 δὲ
1644 2619 1826 2690 τίμιος

236 2715 523 2785 Στέφανος
542 2716 606 2767 ὲκ
635 2713 866 2784 καρδίας
894 2713 1153 2777 στενάξας
1175 2712 1449 2784 ὀδυνηρῶς
1473 2706 1625 2764 εἶπεν
1653 2728 1666 2742 ·
1705 2730 1722 2762 ι
1757 2705 1827 2762 Ὦ
1873 2757 1878 2763 .

237 2808 459 2876 Πάτερ,
513 2803 991 2874 συναπολλύμενον
1047 2802 1196 2874 κάμὲ
1233 2805 1300 2872 τῇ
1346 2801 1523 2856 αότῶν
1572 2799 1823 2870 ἀσεϐείᾳ,

236 2901 336 2953 καὶ
368 2903 450 2970 μὴ
489 2897 825 2967 σωζόμενονς
868 2913 889 2948 ›
945 2895 1004 2948 ’0
1049 2895 1106 2948 δὲ
1148 2895 1294 2958 ὅσιος
1337 2894 1588 2964 Ἰωάννης
1624 2891 1822 2962 φησίν·

235 2991 402 3061 Οὐχὶ,
462 2991 696 3044 τέκνον·
757 2987 873 3040 ἀλλ’
941 2985 1035 3039 οὖν
1069 2986 1258 3057 βλέπε.
1317 2986 1632 3055 Γέγραπται
1695 2981 1824 3052 γὰρ,

1927 1787 2078 1842 ﬁere.
2103 1789 2266 1858 igitur
2289 1805 2409 1844 cum
2435 1793 2714 1861 ingressus
2745 1809 2804 1848 se
2833 1805 3094 1850 consueto
3125 1799 3230 1852 ritu
3250 1800 3506 1852 inclinas-

1925 1893 2028 1946 set,
2067 1897 2164 1934 nec
2197 1883 2627 1937 benedictionem
2659 1888 2958 1955 accepisset
2983 1889 3052 1944 ob
3085 1891 3264 1944 Patris
3299 1892 3503 1945 luctum

1925 1987 2030 2025 non
2054 1987 2310 2040 parvum;
2334 1974 2471 2028 infra
2490 1974 2682 2058 iacens
2701 1981 2838 2046 apud
2863 1996 2921 2034 se
2937 1982 3230 2051 cogitabat,
3254 1983 3502 2053 quisnam

1925 2071 2068 2114 esset
2095 2061 2181 2115 ille
2207 2061 2381 2117 Patris
2409 2067 2660 2132 gemitus.
2681 2068 2751 2120 At
2784 2082 3096 2124 mansuetus
3129 2071 3289 2126 Pater
3311 2075 3507 2128 divini-

1928 2161 2011 2208 tus
2037 2156 2266 2225 cognitis
2323 2159 2494 2212 sancti
2542 2159 2807 2227 Stephani
2847 2163 3292 2232 cogitationibus,
3325 2167 3500 2235 ipsum

1923 2247 2116 2312 erexit,
2151 2248 2311 2316 eique
2339 2249 2417 2301 ait
2447 2267 2461 2301 :
2495 2249 2592 2302 Tui
2623 2266 2786 2304 causa
2822 2267 2976 2306 meus
3005 2264 3089 2308 est
3133 2254 3336 2322 luctus,
3369 2273 3402 2312 0
3431 2259 3504 2312 iiii

1929 2335 2369 2394 honoratissime.
2405 2339 2682 2410 Siquidem
2714 2345 2839 2396 novi
2876 2345 3113 2423 futurum
3149 2363 3290 2414 esse,
3319 2358 3376 2401 ut
3403 2351 3505 2404 sub

1931 2435 1980 2480 te
2004 2427 2105 2481 iste
2131 2431 2280 2484 locus
2307 2431 2700 2487 incrementum
2729 2437 2995 2505 capiat,et
3021 2448 3205 2505 postea
3233 2440 3299 2492 ab
3320 2439 3506 2495 icono-

1927 2532 2236 2574 caustarum
2275 2523 2464 2577 hatresi
2493 2523 2601 2593 iam
2655 2542 2799 2582 nunc
2850 2529 3248 2584 refervescente
3295 2542 3508 2587 everta-

1929 2621 2034 2664 tur.
2068 2615 2162 2667 (ἐιιὶ
2203 2619 2542 2670 venerandus
2593 2617 2902 2688 Stephanus
2932 2637 2998 2675 ex
3033 2621 3142 2677 imo
3173 2628 3335 2678 corde
3383 2641 3507 2694 gra-

1926 2703 2067 2758 viter
2119 2707 2482 2776 ingemiscens
2533 2710 2718 2765 dixit:
2757 2729 2774 2762 ι
2822 2712 2976 2767 Mene
3027 2715 3214 2782 etiam,
3247 2730 3280 2770 ο
3322 2715 3505 2784 Pater,

1927 2811 2049 2850 com
2084 2797 2294 2852 illortuu
2331 2801 2609 2868 impietate
2641 2806 2962 2870 periturum,
2997 2820 3098 2859 nec
3130 2806 3336 2860 salvum
3365 2808 3508 2862 futu-

1931 2888 2094 2942 rum?
2132 2907 2152 2940 ι
2188 2888 2286 2943 Cui
2333 2901 2556 2945 sanctus
2607 2891 2842 2950 Joannes
2873 2911 2888 2948 ;
2921 2893 3292 2965 Nequaquam,
3325 2917 3354 2954 ο
3389 2902 3503 2966 tili;

1931 2979 2024 3032 sed
2061 2980 2198 3034 vide.
2251 2979 2525 3051 Scriptqu
2577 2995 2663 3039 est
2710 2986 2852 3039 enim
2891 3003 2904 3038 :
2949 2988 3053 3050 Qui
3103 2995 3504 3055 perseveraverit

245 3078 312 3134 '0
348 3078 689 3148 ὑπομείνας
717 3077 805 3141 είς
828 3074 1022 3138 τέλος,
1051 3071 1227 3141 οὗτος
1251 3073 1610 3142 σωθήσεται.
1647 3092 1667 3124 ι
1717 3072 1825 3124 Καὶ

1937 3087 2087 3140 usque
2113 3073 2165 3124 in
2195 3073 2372 3140 ﬁnem,
2405 3077 2489 3128 hic
2515 3077 2692 3133 salvus
2728 3080 2829 3131 erit
2855 3079 2920 3132 ’7'.
2955 3079 3029 3132 Illi
3073 3082 3270 3138 deinde
3299 3085 3482 3139 omnia

233 3173 515 3240 προεῖπεν
541 3168 689 3239 αὐτῷ
715 3166 892 3220 πάντα
943 3164 980 3218 ἃ
1005 3166 1203 3236 ἐκείνῳ
1238 3165 1464 3236 ἔμελλον
1495 3163 1644 3234 αὐτῷ
1691 3178 1828 3232 συρι-

235 3259 481 3318 σαίνειν.

319 3354 417 3407 Ἐν
444 3353 505 3407 δὲ
535 3351 615 3423 τῷ
635 3353 815 3424 χρόνῳ
829 3350 1022 3422 ἐκείνῳ
1041 3353 1068 3406 ὁ
1108 3347 1204 3403 τοῦ
1219 3346 1402 3419 τιμίου
1425 3345 1700 3416 Στεφάνου
1727 3361 1832 3397 πα-

228 3439 342 3510 τὴρ
373 3441 536 3493 τέλει
563 3439 659 3492 τοῦ
704 3440 818 3508 βίου
841 3441 1134 3511 ἐχρήσατο.
1168 3438 1277 3490 Καὶ
1295 3437 1394 3509 τὴν
1419 3437 1574 3490 πόλιν
1603 3433 1832 3488 τοῦνεκα

225 3529 581 3585 καταλαϐὼν
612 3522 789 3595 οὗτος,
833 3533 1018 3601 παρῆν
1052 3529 1190 3600 πρὸς
1227 3528 1326 3600 τὴν
1369 3529 1465 3581 τοῦ
1509 3529 1834 3598 γεννήτορος

228 3621 496 3692 κηδείαν.
540 3621 652 3674 Καὶ
693 3623 834 3690 μετὰ
877 3622 988 3692 τὴν
1011 3623 1205 3673 τούτου
1247 3619 1588 3688 ἐνταφίασιν,
1619 3619 1686 3671 τὰ
1716 3634 1836 3670 συν-

223 3715 362 3767 όντα
423 3715 627 3776 αὐτοῖς
665 3714 723 3765 ἐν
772 3713 1314 3766 Κωνστατινουπόλει
1366 3713 1583 3766 ἅπαντα
1616 3727 1834 3781 πεπρα-

227 3803 342 3867 κὼς
371 3803 428 3870 Β,
465 3805 591 3876 ἅμα
619 3806 685 3874 τῇ
718 3807 886 3876 μητρὶ
913 3805 1007 3859 καὶ
1041 3807 1110 3876 τῇ
1149 3805 1250 3876 μιᾷ
1284 3803 1488 3874 ἀδελφῇ
1519 3804 1636 3874 (τῆς
1667 3802 1834 3871 ἄλλης

225 3896 816 3968 προαποκειραμένης
851 3900 908 3950 ἐν
947 3895 1119 3966 ἑτέρῳ
1173 3895 1267 3948 τοῦ
1311 3894 1607 3960 Βυζαντίου
1666 3911 1832 3964 μονα-

227 3989 506 4061 στηρίῳ),
539 3985 724 4042 οὕτω1
749 3989 847 4058 τῆς
868 3988 1242 4060 ἐνεγκαμένης
1263 3989 1597 4058 ἀπάραντες,
1623 3987 1684 4040 τὸ
1712 3986 1837 4055 ὄρος

227 4081 582 4135 κατέλαϐον.
629 4081 687 4134 Ὁ
725 4080 782 4134 δὲ
822 4081 1005 4152 τίμιος
1065 4081 1337 4150 Στέφανος
1391 4084 1490 4150 τήν
1536 4097 1596 4132 τε
1625 4081 1836 4150 μητέρα

221 4173 324 4224 καὶ
358 4171 622 4242 ἀδελφὴν
661 4171 1025 4242 εὑλογηϐἧναι
1071 4175 1306 4242 ποιήσας
1362 4172 1513 4242 παρά
1545 4171 1638 4224 τοῦ
1676 4171 1834 4240 ἁγίου

223 4263 502 4334 γέροντος
549 4261 824 4327 Ἰωάννου,
867 4264 961 4316 καὶ
992 4263 1376 4333 κατηχηῢῆναι
1407 4264 1499 4314 τὸν
1547 4263 1704 4329 λόγον
1739 4262 1836 4330 τῆς

218 4354 529 4426 ἀληθείας,
572 4349 732 4416 αὖθις
761 4355 1101 4425 κατήνεγκεν
1135 4353 1304 4416 αὐτὲις
1345 4356 1401 4406 ἐν
1433 4353 1511 4423 τῷ
1541 4353 1836 4422 γυναικείῳ

220 4444 632 4518 μοναστηρίῳ,
680 4447 776 4499 καὶ
816 4446 1346 4515 συγκαταριθμήσας
1391 4447 1561 4508 αὑτάς
1591 4449 1656 4516 τῇ
1701 4447 1832 4516 ἁγίᾳ

217 4541 414 4610 ἐκείνῃ
449 4538 710 4609 συνοδίᾳ,
735 4537 950 4607 γίνεται
980 4539 1141 4598 αὐτὸς
1167 4537 1271 4606 τῆς
1315 4537 1585 4607 σαρκικῆς
1629 4537 1832 4606 μητρὸς

217 4631 634 4704 πνευματικὸς
659 4630 848 4702 Πατὴρ
881 4631 970 4682 διὰ
1001 4629 1096 4682 τοῦ
1121 4629 1278 4697 ἁγίου
1309 4630 1609 4699 σχήματος,
1631 4629 1834 4698 ὁμοίως

213 4727 314 4776 καὶ
339 4726 454 4793 τῆς
494 4721 772 4790 ἀδελφῆς.
813 4723 921 4776 Καὶ
949 4721 1090 4792 μετά
1149 4720 1248 4791 τὴν
1280 4718 1376 4772 τοῦ
1426 4718 1581 4786 ἁγίου
1615 4719 1834 4787 σχήμα-

211 4827 308 4875 τος
346 4811 800 4882 συμπλήρωσιν,
835 4811 998 4874 αὐτὸς
1025 4809 1248 4882 ἀπάρας
1270 4809 1365 4862 ἐπὶ
1395 4809 1459 4862 τὸ
1483 4807 1630 4880 ὄρος,
1663 4806 1834 4878 ᾤχετο

207 4906 281 4974 τῇ
315 4903 602 4974 προτέρᾳ
625 4901 892 4972 διαγωγῇ.

297 4993 399 5045 Ἐν
431 4992 591 5044 πᾶσι
616 4989 674 5042 δὲ
713 4994 824 5052 τοῖς
851 4991 1164 5062 Θεαρέστοις
1191 4990 1374 5062 ἔργοις
1405 4989 1587 5054 καλῶς
1617 4989 1836 5061 διαπρέ-

207 5084 321 5153 ψας
356 5085 391 5138 ὁ
423 5081 716 5152 θεοφόρος
753 5081 1006 5152 Ἰωάννης
1040 5085 1094 5136 ἐν
1127 5084 1325 5156 εἰρήνῃ
1369 5082 1699 5152 ἐκοιμήοη¹¹¹
1741 5083 1836 5136 καὶ

283 5267 333 5302 u
375 5261 544 5321 psal.
586 5275 760 5326 vau,
788 5261 877 5318 56.
954 5261 999 5293 ⁸⁷
1032 5259 1221 5316 Matth.
1249 5279 1304 5326 ι,
1333 5261 1431 5318 22.

1928 3161 2093 3234 424
2121 3179 2239 3233 qua:
2265 3164 2364 3235 ipsi
2405 3178 2666 3222 eventura
2697 3179 2854 3225 erant
2881 3173 3150 3239 praedixit.

2003 3342 2116 3397 Sub
2163 3343 2300 3397 idem
2339 3353 2549 3414 tempus
2581 3349 2870 3401 venerandi
2901 3347 3159 3416 Stephani
3207 3359 3362 3420 pater
3404 3354 3507 3409 vita

1933 3435 2145 3490 functus
2175 3445 2294 3502 est;
2337 3451 2442 3506 qua
2476 3438 2542 3492 de
2572 3453 2734 3493 causa
2786 3441 2972 3495 urbem
3003 3441 3090 3496 ille
3121 3445 3295 3512 petiit,
3333 3453 3387 3500 et
3412 3461 3512 3515 pa-

1937 3528 2036 3582 tris
2067 3529 2340 3596 exsequiis
2369 3528 2540 3582 all'uit.
2584 3527 2718 3585 Post
2749 3533 2906 3601 cujus
2959 3533 3316 3602 sepulturam,
3349 3537 3511 3592 simul

1933 3633 2054 3670 eam
2103 3628 2275 3672 matre
2317 3627 2372 3672 et
2427 3636 2530 3674 una
2562 3635 2592 3675 e
2625 3623 2908 3677 sororibus
2957 3623 3104 3695 (nam
3155 3626 3259 3680 alia
3297 3627 3353 3680 in
3405 3629 3513 3684 alio

1933 3707 2178 3780 Byzantii
2239 3713 2568 3764 monasterio
2619 3713 2845 3768 detonsa
2899 3713 3122 3784 fuerat),
3178 3719 3358 3773 omnia
3392 3736 3514 3790 quae

1935 3797 2400 3870 ConstantinOpoli
2461 3803 2833 3871 possidebant,
2883 3805 3142 3862 vendidit.
3181 3810 3298 3875 Quo
3343 3811 3510 3881 facto,

1936 3892 2110 3960 patria
2145 3894 2354 3954 relicta,
2411 3907 2530 3948 sese
2559 3893 2611 3948 in
2645 3905 2878 3949 montem
2932 3899 3296 3954 contulerunt.
3334 3901 3514 3957 Vene-

1939 3985 2140 4038 randus
2174 4000 2302 4039 vero
2331 3983 2660 4054 Stephanus,
2689 3999 2997 4056 postquam,
3021 4005 3082 4044 se
3115 4002 3357 4055 auctore,
3383 4008 3512 4046 san-

1939 4084 2022 4129 tus
2052 4089 2218 4129 senex
2265 4075 2501 4130 Joannes
2551 4091 2663 4130 suae
2699 4078 2858 4130 matri
2892 4087 2944 4132 et
2976 4079 3148 4134 sorori
3183 4080 3513 4136 benedictio-

1938 4184 2060 4222 nem
2156 4168 2532 4238 impertisset,
2598 4183 3018 4238 sermonemque
3103 4173 3350 4228 veritatis
3423 4189 3516 4230 eas

1939 4259 2230 4322 docuisset,
2268 4261 2413 4328 ipsas
2446 4261 2496 4315 in
2528 4261 2811 4314 mulierum
2844 4264 3230 4318 monasterium
3267 4266 3512 4332 deduxit,

1942 4365 2076 4418 quas
2139 4363 2330 4404 sancto
2391 4353 2682 4404 conventui
2757 4351 3200 4420 annutneraniio,
3255 4355 3372 4422 ipse
3419 4372 3517 4426 per

1943 4453 2190 4497 sanctum
2235 4443 2500 4506 habitum,
2540 4442 2774 4498 carnalis
2811 4446 3000 4500 matris
3045 4443 3222 4502 factus
3246 4457 3328 4502 est
3355 4449 3517 4518 spiri-

1945 4538 2070 4592 talis
2124 4536 2321 4602 Pater,
2367 4537 2618 4591 similiter
2665 4548 2718 4590 et
2764 4539 2990 4594 sororis.
3034 4538 3278 4609 Expletis
3322 4543 3518 4598 deinde

1941 4628 2116 4683 sancti
2146 4627 2366 4683 habitus
2384 4628 2744 4693 cscretnoniis,
2769 4629 2881 4698 ipse
2902 4631 2954 4682 in
2983 4641 3220 4687 montem
3243 4634 3515 4700 ascendit,

1903 4725 1908 4730 '
1939 4730 1994 4774 et
2024 4721 2089 4773 ad
2126 4721 2364 4790 priorem
2394 4720 2518 4774 vitae
2548 4719 2810 4776 rationem
2843 4721 3022 4776 rediit.

1868 4409 1912 4463 D

2018 4985 2198 5040 Deifer
2237 4998 2399 5054 porro
2447 4982 2684 5039 Joannes
2712 4999 2833 5039 cum
2867 4985 2920 5039 in
2953 4986 3100 5039 omni
3133 4985 3242 5040 Deo
3267 4994 3522 5054 accepto-

1944 5095 2062 5132 rum
2095 5093 2319 5148 operum
2349 5092 2550 5148 genere
2596 5077 2960 5142 excelluisset,
2999 5077 3050 5130 iu
3080 5089 3212 5146 pace
3238 5073 3514 5144 dormivit,

1523 5353 1760 5409 VARUS
1816 5351 2222 5408 LECTIONES.

282 5479 300 5533 1
349 5477 528 5534 Unus
563 5471 833 5527 habetat.
907 5471 933 5512 ι
967 5471 1036 5526 al.
1075 5473 1380 5542 πέπρακτο.
1418 5469 1439 5510 ι
1478 5472 1548 5525 al.
1574 5463 1742 5525 οὗτοι.
1819 5479 1858 5502 ⁸³
1885 5471 2000 5524 Duo
2029 5471 2116 5526 hic
2147 5470 2352 5524 addunt
2382 5467 2474 5524 ἐπὶ
2503 5466 2748 5522 τδναὺτό.

1740 5585 1975 5641 ΝΟΤΙΕ.

279 5715 366 5788 (5)
414 5700 851 5763 Ἐπισασύζοι·.
899 5701 1009 5756 Vox
1043 5700 1288 5758 cornuid.
1316 5699 1424 5754 ἀπὸ
1455 5699 1546 5752 τοῦ
1581 5699 1824 5772 {ﬂexae},
1861 5700 2114 5788 qttodfst
2151 5698 2370 5751 latrare.
