  <div class='ocr_page' id='page_1' title='image "/cluster/home/n/w/nwhite01/storage/ocr_20150623/100/mdp.39015005675668/557.png"; bbox 0 0 3940 6170; ppageno 0'>
   <div class='ocr_carea' id='block_1_1' title="bbox 496 264 636 329">
    <p class='ocr_par' dir='ltr' id='par_1_1' title="bbox 496 264 636 329">
     <span class='ocr_line' id='line_1_1' title="bbox 496 264 636 329; baseline 0.007 -2"><span class='ocrx_word' id='word_1_1' title='bbox 496 264 636 329; x_wconf 76' lang='lat'><strong>1095</strong></span> 
     </span>
    </p>
   </div>
   <div class='ocr_carea' id='block_1_2' title="bbox 1689 251 2591 329">
    <p class='ocr_par' dir='ltr' id='par_1_2' title="bbox 1689 251 2591 329">
     <span class='ocr_line' id='line_1_2' title="bbox 1689 251 2591 329; baseline 0 -15"><span class='ocrx_word' id='word_1_2' title='bbox 1689 253 2065 314; x_wconf 77' lang='lat' dir='ltr'><strong>STEPHANI</strong></span> <span class='ocrx_word' id='word_1_3' title='bbox 2106 251 2413 314; x_wconf 80' lang='lat' dir='ltr'><strong>DlACONI</strong></span> <span class='ocrx_word' id='word_1_4' title='bbox 2449 252 2556 314; x_wconf 72' lang='grc' dir='ltr'><strong>(ΣΡ.</strong></span> <span class='ocrx_word' id='word_1_5' title='bbox 2587 325 2591 329; x_wconf 94' lang='lat'><strong>_</strong></span> 
     </span>
    </p>
   </div>
   <div class='ocr_carea' id='block_1_3' title="bbox 3599 249 3726 318">
    <p class='ocr_par' dir='ltr' id='par_1_3' title="bbox 3599 249 3726 318">
     <span class='ocr_line' id='line_1_3' title="bbox 3599 249 3726 318; baseline 0.031 -5"><span class='ocrx_word' id='word_1_6' title='bbox 3599 249 3726 318; x_wconf 67' lang='grc' dir='ltr'>Ῑθθδ</span> 
     </span>
    </p>
   </div>
   <div class='ocr_carea' id='block_1_4' title="bbox 492 361 2081 444">
    <p class='ocr_par' dir='ltr' id='par_1_4' title="bbox 492 362 2062 444">
     <span class='ocr_line' id='line_1_4' title="bbox 492 362 2062 444; baseline -0.009 -16"><span class='ocrx_word' id='word_1_7' title='bbox 492 371 859 444; x_wconf 73' lang='lat' dir='ltr'><strong>praeclareque</strong></span> <span class='ocrx_word' id='word_1_8' title='bbox 879 385 944 425; x_wconf 81' lang='lat' dir='ltr'><strong>ex</strong></span> <span class='ocrx_word' id='word_1_9' title='bbox 975 370 1079 424; x_wconf 90' lang='lat' dir='ltr'><strong>hoc</strong></span> <span class='ocrx_word' id='word_1_10' title='bbox 1101 367 1302 421; x_wconf 91' lang='lat' dir='ltr'><strong>mundo</strong></span> <span class='ocrx_word' id='word_1_11' title='bbox 1325 363 1634 435; x_wconf 71' lang='lat' dir='ltr'><strong>emigravit,</strong></span> <span class='ocrx_word' id='word_1_12' title='bbox 1668 362 1851 418; x_wconf 87' lang='lat' dir='ltr'><strong>multis</strong></span> <span class='ocrx_word' id='word_1_13' title='bbox 1873 373 2062 416; x_wconf 84' lang='lat' dir='ltr'><strong>sancto</strong></span> 
     </span>
    </p>
   </div>
   <div class='ocr_carea' id='block_1_5' title="bbox 2183 361 3729 444">
    <p class='ocr_par' dir='ltr' id='par_1_5' title="bbox 2183 361 3729 434">
     <span class='ocr_line' id='line_1_5' title="bbox 2183 361 3729 434; baseline 0.003 -20"><span class='ocrx_word' id='word_1_14' title='bbox 2183 361 2272 416; x_wconf 74' lang='grc' dir='ltr'>τῶν</span> <span class='ocrx_word' id='word_1_15' title='bbox 2307 362 2432 432; x_wconf 77' lang='grc' dir='ltr'>τῇδε</span> <span class='ocrx_word' id='word_1_16' title='bbox 2463 361 2644 423; x_wconf 84' lang='grc' dir='ltr'>καλῶς</span> <span class='ocrx_word' id='word_1_17' title='bbox 2676 362 2934 432; x_wconf 78' lang='grc' dir='ltr'><strong>μετέστη,</strong></span> <span class='ocrx_word' id='word_1_18' title='bbox 2972 362 3266 434; x_wconf 81' lang='grc' dir='ltr'>πάμπολλα</span> <span class='ocrx_word' id='word_1_19' title='bbox 3298 364 3617 434; x_wconf 77' lang='grc' dir='ltr'>κατηχήσας</span> <span class='ocrx_word' id='word_1_20' title='bbox 3645 367 3729 418; x_wconf 70' lang='grc' dir='ltr'><strong>τὸν</strong></span> 
     </span>
    </p>
   </div>
   <div class='ocr_carea' id='block_1_6' title="bbox 496 456 2061 533">
    <p class='ocr_par' dir='ltr' id='par_1_6' title="bbox 496 456 2061 533">
     <span class='ocr_line' id='line_1_6' title="bbox 496 456 2061 533; baseline -0.008 -14"><span class='ocrx_word' id='word_1_21' title='bbox 496 465 774 533; x_wconf 76' lang='lat' dir='ltr'><strong>Stephano</strong></span> <span class='ocrx_word' id='word_1_22' title='bbox 828 461 972 516; x_wconf 87' lang='lat' dir='ltr'><strong>datis</strong></span> <span class='ocrx_word' id='word_1_23' title='bbox 1025 458 1265 522; x_wconf 91' lang='lat' dir='ltr'><strong>monitis,</strong></span> <span class='ocrx_word' id='word_1_24' title='bbox 1313 456 1402 513; x_wconf 92' lang='lat' dir='ltr'><strong>cui</strong></span> <span class='ocrx_word' id='word_1_25' title='bbox 1451 456 1669 526; x_wconf 86' lang='lat' dir='ltr'><strong>quidem</strong></span> <span class='ocrx_word' id='word_1_26' title='bbox 1725 465 2061 524; x_wconf 88' lang='lat' dir='ltr'><strong>postremum</strong></span> 
     </span>
    </p>
   </div>
   <div class='ocr_carea' id='block_1_7' title="bbox 497 547 2068 620">
    <p class='ocr_par' dir='ltr' id='par_1_7' title="bbox 497 547 2068 620">
     <span class='ocr_line' id='line_1_7' title="bbox 497 547 2068 620; baseline -0.005 -10"><span class='ocrx_word' id='word_1_27' title='bbox 497 558 629 610; x_wconf 81' lang='lat' dir='ltr'><strong>dixit</strong></span> <span class='ocrx_word' id='word_1_28' title='bbox 662 572 676 610; x_wconf 88' lang='lat'>:</span> <span class='ocrx_word' id='word_1_29' title='bbox 711 553 950 608; x_wconf 83' lang='lat' dir='ltr'><strong>Salutem</strong></span> <span class='ocrx_word' id='word_1_30' title='bbox 995 565 1329 620; x_wconf 81' lang='lat' dir='ltr'><strong>consequere</strong></span> <span class='ocrx_word' id='word_1_31' title='bbox 1354 587 1372 615; x_wconf 92' lang='lat'><strong>,</strong></span> <span class='ocrx_word' id='word_1_32' title='bbox 1418 549 1515 616; x_wconf 87' lang='lat' dir='ltr'><strong>ﬁli,</strong></span> <span class='ocrx_word' id='word_1_33' title='bbox 1573 550 1696 604; x_wconf 84' lang='lat' dir='ltr'><strong>vide</strong></span> <span class='ocrx_word' id='word_1_34' title='bbox 1734 547 2068 603; x_wconf 78' lang='lat' dir='ltr'><strong>imminentis</strong></span> 
     </span>
    </p>
   </div>
   <div class='ocr_carea' id='block_1_8' title="bbox 498 641 2068 715">
    <p class='ocr_par' dir='ltr' id='par_1_8' title="bbox 498 641 2068 715">
     <span class='ocr_line' id='line_1_8' title="bbox 498 641 2068 715; baseline -0.003 -14"><span class='ocrx_word' id='word_1_35' title='bbox 498 647 592 702; x_wconf 92' lang='lat' dir='ltr'><strong>tibi</strong></span> <span class='ocrx_word' id='word_1_36' title='bbox 625 645 845 715; x_wconf 85' lang='lat' dir='ltr'><strong>periculi</strong></span> <span class='ocrx_word' id='word_1_37' title='bbox 873 643 1037 715; x_wconf 67' lang='grc'><strong>425</strong></span> <span class='ocrx_word' id='word_1_38' title='bbox 1087 643 1271 696; x_wconf 80' lang='lat' dir='ltr'><strong>ﬁnetn.</strong></span> <span class='ocrx_word' id='word_1_39' title='bbox 1319 642 1529 708; x_wconf 83' lang='lat' dir='ltr'><strong>Quibus</strong></span> <span class='ocrx_word' id='word_1_40' title='bbox 1563 641 1784 696; x_wconf 90' lang='lat' dir='ltr'><strong>minime</strong></span> <span class='ocrx_word' id='word_1_41' title='bbox 1821 641 2068 696; x_wconf 85' lang='lat' dir='ltr'><strong>turbatus</strong></span> 
     </span>
    </p>
   </div>
   <div class='ocr_carea' id='block_1_9' title="bbox 498 730 2066 802">
    <p class='ocr_par' dir='ltr' id='par_1_9' title="bbox 498 730 2066 802">
     <span class='ocr_line' id='line_1_9' title="bbox 498 730 2066 802; baseline -0.005 -12"><span class='ocrx_word' id='word_1_42' title='bbox 498 738 716 791; x_wconf 87' lang='lat' dir='ltr'><strong>divinus</strong></span> <span class='ocrx_word' id='word_1_43' title='bbox 763 735 1092 802; x_wconf 76' lang='lat' dir='ltr'><strong>Stephanus,</strong></span> <span class='ocrx_word' id='word_1_44' title='bbox 1127 733 1220 787; x_wconf 87' lang='lat' dir='ltr'><strong>sed</strong></span> <span class='ocrx_word' id='word_1_45' title='bbox 1267 741 1455 785; x_wconf 87' lang='lat' dir='ltr'><strong>contra</strong></span> <span class='ocrx_word' id='word_1_46' title='bbox 1513 730 1694 783; x_wconf 83' lang='lat' dir='ltr'><strong>animo</strong></span> <span class='ocrx_word' id='word_1_47' title='bbox 1723 731 2066 794; x_wconf 85' lang='lat' dir='ltr'><strong>obﬁrmatus,</strong></span> 
     </span>
    </p>
   </div>
   <div class='ocr_carea' id='block_1_10' title="bbox 498 821 2069 898">
    <p class='ocr_par' dir='ltr' id='par_1_10' title="bbox 498 821 2069 898">
     <span class='ocr_line' id='line_1_10' title="bbox 498 821 2069 898; baseline -0.005 -16"><span class='ocrx_word' id='word_1_48' title='bbox 498 829 714 898; x_wconf 76' lang='lat' dir='ltr'><strong>signum</strong></span> <span class='ocrx_word' id='word_1_49' title='bbox 747 825 1002 894; x_wconf 79' lang='lat' dir='ltr'><strong>pulsavit,</strong></span> <span class='ocrx_word' id='word_1_50' title='bbox 1031 839 1202 892; x_wconf 89' lang='lat' dir='ltr'><strong>eoque</strong></span> <span class='ocrx_word' id='word_1_51' title='bbox 1240 825 1419 880; x_wconf 86' lang='lat' dir='ltr'><strong>Patris</strong></span> <span class='ocrx_word' id='word_1_52' title='bbox 1466 823 1845 878; x_wconf 89' lang='lat' dir='ltr'><strong>dormitionent</strong></span> <span class='ocrx_word' id='word_1_53' title='bbox 1891 821 2069 876; x_wconf 85' lang='lat' dir='ltr'><strong>Inani-</strong></span> 
     </span>
    </p>
   </div>
   <div class='ocr_carea' id='block_1_11' title="bbox 501 915 2070 972">
    <p class='ocr_par' dir='ltr' id='par_1_11' title="bbox 501 915 2070 972">
     <span class='ocr_line' id='line_1_11' title="bbox 501 915 2070 972; baseline -0.003 -3"><span class='ocrx_word' id='word_1_54' title='bbox 501 918 694 972; x_wconf 79' lang='lat' dir='ltr'><strong>festam</strong></span> <span class='ocrx_word' id='word_1_55' title='bbox 746 918 894 970; x_wconf 82' lang='lat' dir='ltr'><strong>fecit.</strong></span> <span class='ocrx_word' id='word_1_56' title='bbox 933 916 1085 970; x_wconf 86' lang='lat' dir='ltr'><strong>Tunc</strong></span> <span class='ocrx_word' id='word_1_57' title='bbox 1139 915 1322 968; x_wconf 83' lang='lat' dir='ltr'><strong>videre</strong></span> <span class='ocrx_word' id='word_1_58' title='bbox 1353 925 1472 970; x_wconf 90' lang='lat' dir='ltr'><strong>erat</strong></span> <span class='ocrx_word' id='word_1_59' title='bbox 1503 915 1729 968; x_wconf 89' lang='lat' dir='ltr'><strong>chorum</strong></span> <span class='ocrx_word' id='word_1_60' title='bbox 1765 921 2070 966; x_wconf 88' lang='lat' dir='ltr'><strong>aseetarum</strong></span> 
     </span>
    </p>
   </div>
   <div class='ocr_carea' id='block_1_12' title="bbox 501 1000 2074 1081">
    <p class='ocr_par' dir='ltr' id='par_1_12' title="bbox 501 1000 2074 1081">
     <span class='ocr_line' id='line_1_12' title="bbox 501 1000 2074 1081; baseline -0.006 -17"><span class='ocrx_word' id='word_1_61' title='bbox 501 1025 567 1064; x_wconf 80' lang='lat' dir='ltr'><strong>ex</strong></span> <span class='ocrx_word' id='word_1_62' title='bbox 605 1008 796 1062; x_wconf 79' lang='lat' dir='ltr'><strong>vicinis</strong></span> <span class='ocrx_word' id='word_1_63' title='bbox 827 1007 1118 1072; x_wconf 88' lang='lat' dir='ltr'><strong>montibus,</strong></span> <span class='ocrx_word' id='word_1_64' title='bbox 1152 1006 1404 1070; x_wconf 88' lang='lat' dir='ltr'><strong>collibus,</strong></span> <span class='ocrx_word' id='word_1_65' title='bbox 1435 1003 1645 1073; x_wconf 87' lang='lat' dir='ltr'><strong>campis</strong></span> <span class='ocrx_word' id='word_1_66' title='bbox 1677 1012 1731 1057; x_wconf 90' lang='lat' dir='ltr'><strong>et</strong></span> <span class='ocrx_word' id='word_1_67' title='bbox 1759 1001 1931 1081; x_wconf 78' lang='lat' dir='ltr'><strong>silvis,</strong></span> <span class='ocrx_word' id='word_1_68' title='bbox 1960 1000 2074 1056; x_wconf 87' lang='lat' dir='ltr'><strong>vel-</strong></span> 
     </span>
    </p>
   </div>
   <div class='ocr_carea' id='block_1_13' title="bbox 505 1093 2073 1164">
    <p class='ocr_par' dir='ltr' id='par_1_13' title="bbox 505 1093 2073 1164">
     <span class='ocr_line' id='line_1_13' title="bbox 505 1093 2073 1164; baseline -0.005 -8"><span class='ocrx_word' id='word_1_69' title='bbox 505 1112 561 1156; x_wconf 90' lang='lat' dir='ltr'><strong>ut</strong></span> <span class='ocrx_word' id='word_1_70' title='bbox 593 1117 783 1155; x_wconf 87' lang='lat' dir='ltr'><strong>cervos</strong></span> <span class='ocrx_word' id='word_1_71' title='bbox 809 1101 898 1154; x_wconf 85' lang='lat' dir='ltr'><strong>siti</strong></span> <span class='ocrx_word' id='word_1_72' title='bbox 935 1101 1276 1164; x_wconf 79' lang='lat' dir='ltr'><strong>laborantes,</strong></span> <span class='ocrx_word' id='word_1_73' title='bbox 1307 1100 1372 1152; x_wconf 87' lang='lat' dir='ltr'><strong>ad</strong></span> <span class='ocrx_word' id='word_1_74' title='bbox 1415 1109 1650 1152; x_wconf 89' lang='lat' dir='ltr'><strong>montent</strong></span> <span class='ocrx_word' id='word_1_75' title='bbox 1681 1095 1844 1151; x_wconf 74' lang='lat' dir='ltr'><strong>fontis</strong></span> <span class='ocrx_word' id='word_1_76' title='bbox 1883 1093 2073 1150; x_wconf 80' lang='lat' dir='ltr'><strong>deiferi</strong></span> 
     </span>
    </p>
   </div>
   <div class='ocr_carea' id='block_1_14' title="bbox 502 1187 2075 1254">
    <p class='ocr_par' dir='ltr' id='par_1_14' title="bbox 502 1187 2075 1254">
     <span class='ocr_line' id='line_1_14' title="bbox 502 1187 2075 1254; baseline -0.006 -6"><span class='ocrx_word' id='word_1_77' title='bbox 502 1193 760 1248; x_wconf 78' lang='lat' dir='ltr'><strong>Auxentii</strong></span> <span class='ocrx_word' id='word_1_78' title='bbox 793 1192 1222 1254; x_wconf 88' lang='lat' dir='ltr'><strong>accurrentium,</strong></span> <span class='ocrx_word' id='word_1_79' title='bbox 1245 1200 1302 1243; x_wconf 91' lang='lat' dir='ltr'><strong>ut</strong></span> <span class='ocrx_word' id='word_1_80' title='bbox 1328 1189 1532 1244; x_wconf 81' lang='lat' dir='ltr'><strong>deifero</strong></span> <span class='ocrx_word' id='word_1_81' title='bbox 1553 1187 1747 1242; x_wconf 77' lang='lat' dir='ltr'><strong>Joanni</strong></span> <span class='ocrx_word' id='word_1_82' title='bbox 1771 1198 2075 1242; x_wconf 77' lang='lat' dir='ltr'><strong>extremum</strong></span> 
     </span>
    </p>
   </div>
   <div class='ocr_carea' id='block_1_15' title="bbox 503 1277 2078 1350">
    <p class='ocr_par' dir='ltr' id='par_1_15' title="bbox 503 1277 2078 1350">
     <span class='ocr_line' id='line_1_15' title="bbox 503 1277 2078 1350; baseline -0.004 -14"><span class='ocrx_word' id='word_1_83' title='bbox 503 1285 746 1338; x_wconf 73' lang='lat' dir='ltr'><strong>Osculum</strong></span> <span class='ocrx_word' id='word_1_84' title='bbox 772 1282 964 1336; x_wconf 88' lang='lat' dir='ltr'><strong>darent</strong></span> <span class='ocrx_word' id='word_1_85' title='bbox 993 1291 1045 1336; x_wconf 92' lang='lat' dir='ltr'><strong>et</strong></span> <span class='ocrx_word' id='word_1_86' title='bbox 1063 1281 1212 1350; x_wconf 88' lang='lat' dir='ltr'><strong>jnsta</strong></span> <span class='ocrx_word' id='word_1_87' title='bbox 1247 1279 1640 1350; x_wconf 88' lang='lat' dir='ltr'><strong>persolverent.</strong></span> <span class='ocrx_word' id='word_1_88' title='bbox 1668 1277 1744 1330; x_wconf 83' lang='lat' dir='ltr'><strong>Ita</strong></span> <span class='ocrx_word' id='word_1_89' title='bbox 1771 1291 1899 1348; x_wconf 81' lang='lat' dir='ltr'><strong>ergo</strong></span> <span class='ocrx_word' id='word_1_90' title='bbox 1925 1291 2078 1330; x_wconf 85' lang='lat' dir='ltr'><strong>vene-</strong></span> 
     </span>
    </p>
   </div>
   <div class='ocr_carea' id='block_1_16' title="bbox 513 1369 2075 1438">
    <p class='ocr_par' dir='ltr' id='par_1_16' title="bbox 513 1369 2075 1438">
     <span class='ocr_line' id='line_1_16' title="bbox 513 1369 2075 1438; baseline -0.003 -12"><span class='ocrx_word' id='word_1_91' title='bbox 513 1374 740 1426; x_wconf 86' lang='lat' dir='ltr'><strong>randum</strong></span> <span class='ocrx_word' id='word_1_92' title='bbox 769 1384 824 1426; x_wconf 90' lang='lat' dir='ltr'><strong>et</strong></span> <span class='ocrx_word' id='word_1_93' title='bbox 854 1382 1100 1426; x_wconf 89' lang='lat' dir='ltr'><strong>sanctum</strong></span> <span class='ocrx_word' id='word_1_94' title='bbox 1153 1371 1294 1425; x_wconf 90' lang='lat' dir='ltr'><strong>illius</strong></span> <span class='ocrx_word' id='word_1_95' title='bbox 1326 1384 1522 1438; x_wconf 85' lang='lat' dir='ltr'><strong>corpus</strong></span> <span class='ocrx_word' id='word_1_96' title='bbox 1551 1369 1604 1422; x_wconf 94' lang='lat' dir='ltr'><strong>in</strong></span> <span class='ocrx_word' id='word_1_97' title='bbox 1644 1369 1955 1423; x_wconf 68' lang='lat' dir='ltr'><strong>cmmeterio</strong></span> <span class='ocrx_word' id='word_1_98' title='bbox 1982 1381 2075 1436; x_wconf 85' lang='lat' dir='ltr'><strong>pa-</strong></span> 
     </span>
    </p>
   </div>
   <div class='ocr_carea' id='block_1_17' title="bbox 511 1457 2078 1531">
    <p class='ocr_par' dir='ltr' id='par_1_17' title="bbox 511 1457 2078 1531">
     <span class='ocr_line' id='line_1_17' title="bbox 511 1457 2078 1531; baseline -0.002 -17"><span class='ocrx_word' id='word_1_99' title='bbox 511 1475 653 1518; x_wconf 89' lang='lat' dir='ltr'><strong>trum</strong></span> <span class='ocrx_word' id='word_1_100' title='bbox 705 1465 1008 1530; x_wconf 88' lang='lat' dir='ltr'><strong>depositum</strong></span> <span class='ocrx_word' id='word_1_101' title='bbox 1063 1462 1163 1516; x_wconf 73' lang='lat' dir='ltr'><strong>fuit</strong></span> <span class='ocrx_word' id='word_1_102' title='bbox 1190 1479 1205 1516; x_wconf 90' lang='lat'><strong>:</strong></span> <span class='ocrx_word' id='word_1_103' title='bbox 1234 1462 1471 1531; x_wconf 85' lang='lat' dir='ltr'><strong>pretiosa</strong></span> <span class='ocrx_word' id='word_1_104' title='bbox 1501 1475 1630 1514; x_wconf 81' lang='lat' dir='ltr'><strong>vero</strong></span> <span class='ocrx_word' id='word_1_105' title='bbox 1660 1457 1776 1526; x_wconf 83' lang='lat' dir='ltr'><strong>ejus</strong></span> <span class='ocrx_word' id='word_1_106' title='bbox 1805 1460 1981 1516; x_wconf 87' lang='lat' dir='ltr'><strong>anima</strong></span> <span class='ocrx_word' id='word_1_107' title='bbox 2011 1459 2078 1513; x_wconf 89' lang='lat' dir='ltr'><strong>ab</strong></span> 
     </span>
    </p>
   </div>
   <div class='ocr_carea' id='block_1_18' title="bbox 509 1545 2078 1623">
    <p class='ocr_par' dir='ltr' id='par_1_18' title="bbox 509 1545 2078 1623">
     <span class='ocr_line' id='line_1_18' title="bbox 509 1545 2078 1623; baseline -0.003 -19"><span class='ocrx_word' id='word_1_108' title='bbox 509 1553 716 1623; x_wconf 80' lang='lat' dir='ltr'><strong>angelis</strong></span> <span class='ocrx_word' id='word_1_109' title='bbox 742 1553 834 1606; x_wconf 91' lang='lat' dir='ltr'><strong>Dei</strong></span> <span class='ocrx_word' id='word_1_110' title='bbox 867 1553 933 1606; x_wconf 88' lang='lat' dir='ltr'><strong>ad</strong></span> <span class='ocrx_word' id='word_1_111' title='bbox 965 1551 1134 1607; x_wconf 77' lang='lat' dir='ltr'><strong>eteius</strong></span> <span class='ocrx_word' id='word_1_112' title='bbox 1162 1549 1371 1606; x_wconf 86' lang='lat' dir='ltr'><strong>sublata</strong></span> <span class='ocrx_word' id='word_1_113' title='bbox 1401 1555 1505 1612; x_wconf 89' lang='lat' dir='ltr'><strong>est,</strong></span> <span class='ocrx_word' id='word_1_114' title='bbox 1557 1547 1832 1618; x_wconf 78' lang='lat' dir='ltr'><strong>perpetuis</strong></span> <span class='ocrx_word' id='word_1_115' title='bbox 1867 1561 1968 1615; x_wconf 74' lang='lat' dir='ltr'><strong>gau</strong></span> <span class='ocrx_word' id='word_1_116' title='bbox 1994 1545 2078 1600; x_wconf 90' lang='lat' dir='ltr'><strong>liis</strong></span> 
     </span>
    </p>
   </div>
   <div class='ocr_carea' id='block_1_19' title="bbox 509 1639 769 1694">
    <p class='ocr_par' dir='ltr' id='par_1_19' title="bbox 509 1639 769 1694">
     <span class='ocr_line' id='line_1_19' title="bbox 509 1639 769 1694; baseline 0 0"><span class='ocrx_word' id='word_1_117' title='bbox 509 1639 769 1694; x_wconf 74' lang='lat' dir='ltr'><strong>fruitnra.</strong></span> 
     </span>
    </p>
   </div>
   <div class='ocr_carea' id='block_1_20' title="bbox 2165 453 3725 523">
    <p class='ocr_par' dir='ltr' id='par_1_20' title="bbox 2165 453 3725 523">
     <span class='ocr_line' id='line_1_20' title="bbox 2165 453 3725 523; baseline 0 -15"><span class='ocrx_word' id='word_1_118' title='bbox 2165 454 2320 522; x_wconf 76' lang='grc' dir='ltr'>ἆγιον</span> <span class='ocrx_word' id='word_1_119' title='bbox 2368 455 2662 523; x_wconf 78' lang='grc' dir='ltr'>Στέφανον,</span> <span class='ocrx_word' id='word_1_120' title='bbox 2712 453 2806 506; x_wconf 74' lang='grc' dir='ltr'>καὶ</span> <span class='ocrx_word' id='word_1_121' title='bbox 2849 455 3157 508; x_wconf 76' lang='grc' dir='ltr'>τελευταῖον</span> <span class='ocrx_word' id='word_1_122' title='bbox 3195 454 3398 509; x_wconf 76' lang='grc' dir='ltr'>εἰπών·</span> <span class='ocrx_word' id='word_1_123' title='bbox 3456 474 3475 506; x_wconf 84' lang='grc' dir='ltr'><strong>ι</strong></span> <span class='ocrx_word' id='word_1_124' title='bbox 3528 455 3725 522; x_wconf 80' lang='grc' dir='ltr'>Σώζου,</span> 
     </span>
    </p>
   </div>
   <div class='ocr_carea' id='block_1_21' title="bbox 2165 541 3731 615">
    <p class='ocr_par' dir='ltr' id='par_1_21' title="bbox 2165 541 3731 615">
     <span class='ocr_line' id='line_1_21' title="bbox 2165 541 3731 615; baseline 0.002 -18"><span class='ocrx_word' id='word_1_125' title='bbox 2165 545 2374 610; x_wconf 84' lang='grc' dir='ltr'>τέκνον,</span> <span class='ocrx_word' id='word_1_126' title='bbox 2413 543 2580 614; x_wconf 83' lang='grc' dir='ltr'>βλέπε</span> <span class='ocrx_word' id='word_1_127' title='bbox 2619 543 2675 596; x_wconf 82' lang='grc' dir='ltr'>δὲ</span> <span class='ocrx_word' id='word_1_128' title='bbox 2708 541 2802 596; x_wconf 91' lang='grc' dir='ltr'><strong>τοῦ</strong></span> <span class='ocrx_word' id='word_1_129' title='bbox 2849 545 3222 615; x_wconf 77' lang='grc' dir='ltr'><strong>ἐπερχομένου</strong></span> <span class='ocrx_word' id='word_1_130' title='bbox 3261 545 3509 598; x_wconf 74' lang='grc' dir='ltr'><strong>κινδύνου</strong></span> <span class='ocrx_word' id='word_1_131' title='bbox 3559 564 3640 600; x_wconf 88' lang='grc' dir='ltr'><strong>σοι</strong></span> <span class='ocrx_word' id='word_1_132' title='bbox 3674 549 3731 600; x_wconf 79' lang='grc' dir='ltr'><strong>τὸ</strong></span> 
     </span>
    </p>
   </div>
   <div class='ocr_carea' id='block_1_22' title="bbox 2167 630 3734 708">
    <p class='ocr_par' dir='ltr' id='par_1_22' title="bbox 2167 630 3734 708">
     <span class='ocr_line' id='line_1_22' title="bbox 2167 630 3734 708; baseline 0.001 -21"><span class='ocrx_word' id='word_1_133' title='bbox 2167 635 2363 706; x_wconf 85' lang='grc' dir='ltr'>πέρας.</span> <span class='ocrx_word' id='word_1_134' title='bbox 2415 635 2502 690; x_wconf 84' lang='grc' dir='ltr'>Ἐν</span> <span class='ocrx_word' id='word_1_135' title='bbox 2539 634 2750 697; x_wconf 84' lang='grc' dir='ltr'><strong>τούτοις</strong></span> <span class='ocrx_word' id='word_1_136' title='bbox 2789 630 2881 688; x_wconf 83' lang='grc' dir='ltr'><strong>οῦν</strong></span> <span class='ocrx_word' id='word_1_137' title='bbox 2912 635 2940 686; x_wconf 86' lang='grc' dir='ltr'>ὁ</span> <span class='ocrx_word' id='word_1_138' title='bbox 2971 636 3214 705; x_wconf 75' lang='grc' dir='ltr'>θεόφρων</span> <span class='ocrx_word' id='word_1_139' title='bbox 3254 638 3526 704; x_wconf 67' lang='grc' dir='ltr'>Στέφανος</span> <span class='ocrx_word' id='word_1_140' title='bbox 3576 638 3734 708; x_wconf 76' lang='grc' dir='ltr'>μηδὲν</span> 
     </span>
    </p>
   </div>
   <div class='ocr_carea' id='block_1_23' title="bbox 2167 725 3736 799">
    <p class='ocr_par' dir='ltr' id='par_1_23' title="bbox 2167 725 3736 799">
     <span class='ocr_line' id='line_1_23' title="bbox 2167 725 3736 799; baseline 0 -19"><span class='ocrx_word' id='word_1_141' title='bbox 2167 725 2416 789; x_wconf 79' lang='grc' dir='ltr'><strong>ἀνιάσας,</strong></span> <span class='ocrx_word' id='word_1_142' title='bbox 2441 725 2578 779; x_wconf 84' lang='grc' dir='ltr'><strong>ἀλλά</strong></span> <span class='ocrx_word' id='word_1_143' title='bbox 2612 725 2812 795; x_wconf 82' lang='grc' dir='ltr'>μᾶλλον</span> <span class='ocrx_word' id='word_1_144' title='bbox 2839 725 3178 797; x_wconf 81' lang='grc' dir='ltr'>εὐθυμήσας.</span> <span class='ocrx_word' id='word_1_145' title='bbox 3209 727 3268 781; x_wconf 77' lang='grc' dir='ltr'><strong>τὸ</strong></span> <span class='ocrx_word' id='word_1_146' title='bbox 3295 728 3515 799; x_wconf 85' lang='grc' dir='ltr'>κροῦμα</span> <span class='ocrx_word' id='word_1_147' title='bbox 3541 729 3736 781; x_wconf 77' lang='grc' dir='ltr'>δέδωκε</span> 
     </span>
    </p>
   </div>
   <div class='ocr_carea' id='block_1_24' title="bbox 2169 817 3737 890">
    <p class='ocr_par' dir='ltr' id='par_1_24' title="bbox 2169 817 3737 890">
     <span class='ocr_line' id='line_1_24' title="bbox 2169 817 3737 890; baseline 0.001 -19"><span class='ocrx_word' id='word_1_148' title='bbox 2169 819 2265 871; x_wconf 74' lang='grc' dir='ltr'><strong>καὶ</strong></span> <span class='ocrx_word' id='word_1_149' title='bbox 2285 817 2582 887; x_wconf 78' lang='grc' dir='ltr'>κατάδηλόν</span> <span class='ocrx_word' id='word_1_150' title='bbox 2619 820 2682 872; x_wconf 81' lang='grc' dir='ltr'>ἐκ</span> <span class='ocrx_word' id='word_1_151' title='bbox 2711 818 2902 871; x_wconf 83' lang='grc' dir='ltr'>τούτου</span> <span class='ocrx_word' id='word_1_152' title='bbox 2928 821 3073 871; x_wconf 84' lang='grc' dir='ltr'>ποιεῖ</span> <span class='ocrx_word' id='word_1_153' title='bbox 3111 819 3210 888; x_wconf 82' lang='grc' dir='ltr'>τὴν</span> <span class='ocrx_word' id='word_1_154' title='bbox 3246 820 3340 872; x_wconf 82' lang='grc' dir='ltr'><strong>τοῦ</strong></span> <span class='ocrx_word' id='word_1_155' title='bbox 3379 819 3591 890; x_wconf 71' lang='grc' dir='ltr'>Πατρός</span> <span class='ocrx_word' id='word_1_156' title='bbox 3628 821 3737 872; x_wconf 84' lang='grc' dir='ltr'>κοί-</span> 
     </span>
    </p>
   </div>
   <div class='ocr_carea' id='block_1_25' title="bbox 2175 905 3739 980">
    <p class='ocr_par' dir='ltr' id='par_1_25' title="bbox 2175 905 3739 980">
     <span class='ocr_line' id='line_1_25' title="bbox 2175 905 3739 980; baseline 0.002 -19"><span class='ocrx_word' id='word_1_157' title='bbox 2175 926 2361 980; x_wconf 80' lang='grc' dir='ltr'>μησιν.</span> <span class='ocrx_word' id='word_1_158' title='bbox 2393 911 2502 965; x_wconf 77' lang='grc' dir='ltr'><strong>Καὶ</strong></span> <span class='ocrx_word' id='word_1_159' title='bbox 2549 905 2618 980; x_wconf 80' lang='grc' dir='ltr'>ἦν</span> <span class='ocrx_word' id='word_1_160' title='bbox 2663 910 2794 963; x_wconf 75' lang='grc' dir='ltr'>ἰδεῖν</span> <span class='ocrx_word' id='word_1_161' title='bbox 2847 910 3006 980; x_wconf 71' lang='grc' dir='ltr'>χορὸν</span> <span class='ocrx_word' id='word_1_162' title='bbox 3045 911 3301 980; x_wconf 83' lang='grc' dir='ltr'>άσκητῶν</span> <span class='ocrx_word' id='word_1_163' title='bbox 3335 913 3398 963; x_wconf 83' lang='grc' dir='ltr'>ἐκ</span> <span class='ocrx_word' id='word_1_164' title='bbox 3425 911 3534 964; x_wconf 84' lang='grc' dir='ltr'><strong>τῶν</strong></span> <span class='ocrx_word' id='word_1_165' title='bbox 3581 911 3739 980; x_wconf 76' lang='grc' dir='ltr'>πέριξ</span> 
     </span>
    </p>
   </div>
   <div class='ocr_carea' id='block_1_26' title="bbox 2171 999 3741 1070">
    <p class='ocr_par' dir='ltr' id='par_1_26' title="bbox 2171 999 3741 1070">
     <span class='ocr_line' id='line_1_26' title="bbox 2171 999 3741 1070; baseline 0.001 -18"><span class='ocrx_word' id='word_1_166' title='bbox 2171 999 2334 1070; x_wconf 87' lang='grc' dir='ltr'>ὀρῶν,</span> <span class='ocrx_word' id='word_1_167' title='bbox 2373 999 2577 1070; x_wconf 82' lang='grc' dir='ltr'>βουνῶν</span> <span class='ocrx_word' id='word_1_168' title='bbox 2605 1017 2665 1052; x_wconf 85' lang='grc' dir='ltr'><strong>τε</strong></span> <span class='ocrx_word' id='word_1_169' title='bbox 2712 1003 2808 1054; x_wconf 80' lang='grc' dir='ltr'><strong>καὶ</strong></span> <span class='ocrx_word' id='word_1_170' title='bbox 2858 1001 3173 1068; x_wconf 82' lang='grc' dir='ltr'>πλαγιάδων</span> <span class='ocrx_word' id='word_1_171' title='bbox 3229 1003 3322 1054; x_wconf 79' lang='grc' dir='ltr'><strong>καὶ</strong></span> <span class='ocrx_word' id='word_1_172' title='bbox 3358 1001 3568 1066; x_wconf 87' lang='grc' dir='ltr'>ναπῶν,</span> <span class='ocrx_word' id='word_1_173' title='bbox 3609 1001 3741 1054; x_wconf 81' lang='grc' dir='ltr'>ὡσεί</span> 
     </span>
    </p>
   </div>
   <div class='ocr_carea' id='block_1_27' title="bbox 2171 1092 3738 1164">
    <p class='ocr_par' dir='ltr' id='par_1_27' title="bbox 2171 1092 3738 1164">
     <span class='ocr_line' id='line_1_27' title="bbox 2171 1092 3738 1164; baseline 0 -19"><span class='ocrx_word' id='word_1_174' title='bbox 2171 1109 2322 1154; x_wconf 85' lang='grc' dir='ltr'>τινας</span> <span class='ocrx_word' id='word_1_175' title='bbox 2366 1095 2430 1146; x_wconf 75' lang='grc' dir='ltr'>ὲκ</span> <span class='ocrx_word' id='word_1_176' title='bbox 2479 1092 2636 1162; x_wconf 79' lang='grc' dir='ltr'>δίψης</span> <span class='ocrx_word' id='word_1_177' title='bbox 2691 1092 2944 1161; x_wconf 71' lang='grc' dir='ltr'>ἐλάφους,</span> <span class='ocrx_word' id='word_1_178' title='bbox 2991 1094 3084 1146; x_wconf 58' lang='grc' dir='ltr'><strong>ιιι</strong></span> <span class='ocrx_word' id='word_1_179' title='bbox 3142 1093 3203 1145; x_wconf 86' lang='grc' dir='ltr'>τὸ</span> <span class='ocrx_word' id='word_1_180' title='bbox 3247 1095 3348 1164; x_wconf 80' lang='grc' dir='ltr'>τῆς</span> <span class='ocrx_word' id='word_1_181' title='bbox 3409 1094 3598 1163; x_wconf 79' lang='grc' dir='ltr'>πηγῆς</span> <span class='ocrx_word' id='word_1_182' title='bbox 3645 1094 3738 1146; x_wconf 82' lang='grc' dir='ltr'><strong>τοῦ</strong></span> 
     </span>
    </p>
   </div>
   <div class='ocr_carea' id='block_1_28' title="bbox 2174 1178 3741 1254">
    <p class='ocr_par' dir='ltr' id='par_1_28' title="bbox 2174 1178 3741 1254">
     <span class='ocr_line' id='line_1_28' title="bbox 2174 1178 3741 1254; baseline 0.001 -22"><span class='ocrx_word' id='word_1_183' title='bbox 2174 1178 2436 1249; x_wconf 82' lang='grc' dir='ltr'>θεοφόρου</span> <span class='ocrx_word' id='word_1_184' title='bbox 2457 1179 2745 1244; x_wconf 78' lang='grc' dir='ltr'>Αὑξεντίου</span> <span class='ocrx_word' id='word_1_185' title='bbox 2767 1181 2890 1248; x_wconf 84' lang='grc' dir='ltr'>ὅρος</span> <span class='ocrx_word' id='word_1_186' title='bbox 2911 1181 3277 1250; x_wconf 85' lang='grc' dir='ltr'>συντρέχοντα</span> <span class='ocrx_word' id='word_1_187' title='bbox 3287 1200 3326 1248; x_wconf 85' lang='lat'><strong>_:,</strong></span> <span class='ocrx_word' id='word_1_188' title='bbox 3353 1181 3444 1234; x_wconf 83' lang='grc' dir='ltr'><strong>τὸν</strong></span> <span class='ocrx_word' id='word_1_189' title='bbox 3481 1183 3741 1254; x_wconf 66' lang='grc' dir='ltr'>θεοφόρον</span> 
     </span>
    </p>
   </div>
   <div class='ocr_carea' id='block_1_29' title="bbox 2186 1269 3738 1343">
    <p class='ocr_par' dir='ltr' id='par_1_29' title="bbox 2186 1269 3738 1343">
     <span class='ocr_line' id='line_1_29' title="bbox 2186 1269 3738 1343; baseline 0.003 -21"><span class='ocrx_word' id='word_1_190' title='bbox 2186 1269 2441 1338; x_wconf 75' lang='grc' dir='ltr'>Ἰωάννην</span> <span class='ocrx_word' id='word_1_191' title='bbox 2464 1272 2524 1324; x_wconf 80' lang='grc' dir='ltr'>τὸ</span> <span class='ocrx_word' id='word_1_192' title='bbox 2547 1271 2860 1325; x_wconf 83' lang='grc' dir='ltr'>τελευταῖον</span> <span class='ocrx_word' id='word_1_193' title='bbox 2909 1271 3262 1326; x_wconf 81' lang='grc' dir='ltr'>ἀσπάσασθαι</span> <span class='ocrx_word' id='word_1_194' title='bbox 3306 1273 3402 1326; x_wconf 76' lang='grc' dir='ltr'><strong>καὶ</strong></span> <span class='ocrx_word' id='word_1_195' title='bbox 3439 1273 3738 1343; x_wconf 76' lang='grc' dir='ltr'>κηδεῦσαι·</span> 
     </span>
    </p>
   </div>
   <div class='ocr_carea' id='block_1_30' title="bbox 2175 1359 3741 1431">
    <p class='ocr_par' dir='ltr' id='par_1_30' title="bbox 2175 1359 3741 1431">
     <span class='ocr_line' id='line_1_30' title="bbox 2175 1359 3741 1431; baseline 0.001 -19"><span class='ocrx_word' id='word_1_196' title='bbox 2175 1359 2270 1412; x_wconf 82' lang='grc' dir='ltr'><strong>καὶ</strong></span> <span class='ocrx_word' id='word_1_197' title='bbox 2295 1359 2467 1422; x_wconf 78' lang='grc' dir='ltr'>οὕτως</span> <span class='ocrx_word' id='word_1_198' title='bbox 2489 1359 2549 1412; x_wconf 81' lang='grc' dir='ltr'><strong>τὸ</strong></span> <span class='ocrx_word' id='word_1_199' title='bbox 2578 1359 2676 1428; x_wconf 85' lang='grc' dir='ltr'>μὲν</span> <span class='ocrx_word' id='word_1_200' title='bbox 2710 1359 2869 1429; x_wconf 83' lang='grc' dir='ltr'>σῶμα</span> <span class='ocrx_word' id='word_1_201' title='bbox 2893 1361 3055 1414; x_wconf 72' lang='grc' dir='ltr'>αὐτοῦ</span> <span class='ocrx_word' id='word_1_202' title='bbox 3083 1361 3142 1413; x_wconf 85' lang='grc' dir='ltr'>τὸ</span> <span class='ocrx_word' id='word_1_203' title='bbox 3162 1360 3342 1431; x_wconf 89' lang='grc' dir='ltr'>τίμιον</span> <span class='ocrx_word' id='word_1_204' title='bbox 3381 1363 3474 1416; x_wconf 80' lang='grc' dir='ltr'><strong>καὶ</strong></span> <span class='ocrx_word' id='word_1_205' title='bbox 3506 1362 3662 1430; x_wconf 76' lang='grc' dir='ltr'>ἅγιον</span> <span class='ocrx_word' id='word_1_206' title='bbox 3683 1365 3741 1416; x_wconf 80' lang='grc' dir='ltr'>ὲν</span> 
     </span>
    </p>
   </div>
   <div class='ocr_carea' id='block_1_31' title="bbox 2175 1447 3744 1522">
    <p class='ocr_par' dir='ltr' id='par_1_31' title="bbox 2175 1447 3744 1522">
     <span class='ocr_line' id='line_1_31' title="bbox 2175 1447 3744 1522; baseline 0.004 -23"><span class='ocrx_word' id='word_1_207' title='bbox 2175 1447 2254 1516; x_wconf 86' lang='grc' dir='ltr'>τῷ</span> <span class='ocrx_word' id='word_1_208' title='bbox 2301 1447 2648 1518; x_wconf 81' lang='grc' dir='ltr'>κοιμητηρίῳ</span> <span class='ocrx_word' id='word_1_209' title='bbox 2687 1447 2795 1500; x_wconf 81' lang='grc' dir='ltr'>τῶν</span> <span class='ocrx_word' id='word_1_210' title='bbox 2839 1449 3090 1519; x_wconf 78' lang='grc' dir='ltr'>πατέρων</span> <span class='ocrx_word' id='word_1_211' title='bbox 3114 1450 3358 1521; x_wconf 78' lang='grc' dir='ltr'>ἀπετέθη</span> <span class='ocrx_word' id='word_1_212' title='bbox 3384 1469 3397 1482; x_wconf 65' lang='grc' dir='ltr'>ο</span> <span class='ocrx_word' id='word_1_213' title='bbox 3433 1453 3466 1522; x_wconf 74' lang='grc' dir='ltr'>ἡ</span> <span class='ocrx_word' id='word_1_214' title='bbox 3497 1451 3554 1504; x_wconf 84' lang='grc' dir='ltr'>δὲ</span> <span class='ocrx_word' id='word_1_215' title='bbox 3587 1453 3744 1522; x_wconf 85' lang='grc' dir='ltr'>τιμία</span> 
     </span>
    </p>
   </div>
   <div class='ocr_carea' id='block_1_32' title="bbox 2178 1538 3744 1614">
    <p class='ocr_par' dir='ltr' id='par_1_32' title="bbox 2178 1538 3744 1614">
     <span class='ocr_line' id='line_1_32' title="bbox 2178 1538 3744 1614; baseline 0.006 -23"><span class='ocrx_word' id='word_1_216' title='bbox 2178 1538 2342 1592; x_wconf 82' lang='grc' dir='ltr'>αὐτοῦ</span> <span class='ocrx_word' id='word_1_217' title='bbox 2394 1540 2542 1608; x_wconf 69' lang='grc' dir='ltr'>ψυχὴ</span> <span class='ocrx_word' id='word_1_218' title='bbox 2591 1540 2684 1592; x_wconf 74' lang='grc' dir='ltr'><strong>ὑπ’</strong></span> <span class='ocrx_word' id='word_1_219' title='bbox 2743 1540 2989 1608; x_wconf 84' lang='grc' dir='ltr'>ἀγγέλων</span> <span class='ocrx_word' id='word_1_220' title='bbox 3025 1541 3161 1594; x_wconf 85' lang='grc' dir='ltr'>Θεοῦ</span> <span class='ocrx_word' id='word_1_221' title='bbox 3204 1543 3546 1614; x_wconf 77' lang='grc' dir='ltr'>ἀνεκομίσθη</span> <span class='ocrx_word' id='word_1_222' title='bbox 3609 1545 3744 1614; x_wconf 68' lang='grc' dir='ltr'>πρὸς</span> 
     </span>
    </p>
   </div>
   <div class='ocr_carea' id='block_1_33' title="bbox 2179 1629 3081 1702">
    <p class='ocr_par' dir='ltr' id='par_1_33' title="bbox 2179 1629 3081 1702">
     <span class='ocr_line' id='line_1_33' title="bbox 2179 1629 3081 1702; baseline -0.003 -20"><span class='ocrx_word' id='word_1_223' title='bbox 2179 1630 2438 1702; x_wconf 71' lang='grc' dir='ltr'>οὐρανοὺς</span> <span class='ocrx_word' id='word_1_224' title='bbox 2464 1629 2649 1693; x_wconf 83' lang='grc' dir='ltr'>ἁῖδίως</span> <span class='ocrx_word' id='word_1_225' title='bbox 2676 1629 3081 1700; x_wconf 84' lang='grc' dir='ltr'>ἀγαλλιωμένη.</span> 
     </span>
    </p>
   </div>
   <div class='ocr_carea' id='block_1_34' title="bbox 579 1707 2081 1808">
    <p class='ocr_par' dir='ltr' id='par_1_34' title="bbox 579 1726 2076 1808">
     <span class='ocr_line' id='line_1_34' title="bbox 579 1726 2076 1808; baseline -0.007 -22"><span class='ocrx_word' id='word_1_226' title='bbox 579 1729 776 1786; x_wconf 70' lang='lat' dir='ltr'><strong>Verum</strong></span> <span class='ocrx_word' id='word_1_227' title='bbox 809 1746 836 1787; x_wconf 90' lang='lat' dir='ltr'><strong>a</strong></span> <span class='ocrx_word' id='word_1_228' title='bbox 866 1730 1034 1800; x_wconf 77' lang='lat' dir='ltr'><strong>gloria</strong></span> <span class='ocrx_word' id='word_1_229' title='bbox 1078 1729 1142 1784; x_wconf 87' lang='lat' dir='ltr'><strong>ad</strong></span> <span class='ocrx_word' id='word_1_230' title='bbox 1197 1727 1444 1808; x_wconf 78' lang='lat' dir='ltr'><strong>gloriam,</strong></span> <span class='ocrx_word' id='word_1_231' title='bbox 1467 1737 1523 1781; x_wconf 90' lang='lat' dir='ltr'><strong>et</strong></span> <span class='ocrx_word' id='word_1_232' title='bbox 1569 1742 1598 1780; x_wconf 92' lang='lat' dir='ltr'><strong>a</strong></span> <span class='ocrx_word' id='word_1_233' title='bbox 1634 1735 1822 1781; x_wconf 88' lang='lat' dir='ltr'><strong>sancto</strong></span> <span class='ocrx_word' id='word_1_234' title='bbox 1853 1726 1919 1780; x_wconf 90' lang='lat' dir='ltr'><strong>ad</strong></span> <span class='ocrx_word' id='word_1_235' title='bbox 1950 1739 2076 1779; x_wconf 86' lang='lat' dir='ltr'><strong>san-</strong></span> 
     </span>
    </p>
   </div>
   <div class='ocr_carea' id='block_1_35' title="bbox 2183 1707 3748 1808">
    <p class='ocr_par' dir='ltr' id='par_1_35' title="bbox 2261 1718 3748 1794">
     <span class='ocr_line' id='line_1_35' title="bbox 2261 1718 3748 1794; baseline 0.002 -20"><span class='ocrx_word' id='word_1_236' title='bbox 2261 1719 2393 1774; x_wconf 67' lang='grc' dir='ltr'><strong>Ἀπὸ</strong></span> <span class='ocrx_word' id='word_1_237' title='bbox 2427 1719 2482 1770; x_wconf 83' lang='grc' dir='ltr'>δὲ</span> <span class='ocrx_word' id='word_1_238' title='bbox 2509 1718 2668 1786; x_wconf 80' lang='grc' dir='ltr'>δόξης</span> <span class='ocrx_word' id='word_1_239' title='bbox 2701 1721 2781 1783; x_wconf 81' lang='grc' dir='ltr'>εἰς</span> <span class='ocrx_word' id='word_1_240' title='bbox 2813 1719 2973 1786; x_wconf 80' lang='grc' dir='ltr'>δόξαν</span> <span class='ocrx_word' id='word_1_241' title='bbox 3012 1721 3107 1773; x_wconf 70' lang='grc' dir='ltr'><strong>καὶ</strong></span> <span class='ocrx_word' id='word_1_242' title='bbox 3145 1723 3202 1788; x_wconf 77' lang='grc' dir='ltr'>ἐξ</span> <span class='ocrx_word' id='word_1_243' title='bbox 3236 1723 3392 1788; x_wconf 86' lang='grc' dir='ltr'>ἁγίου</span> <span class='ocrx_word' id='word_1_244' title='bbox 3426 1723 3561 1794; x_wconf 79' lang='grc' dir='ltr'>πρὸς</span> <span class='ocrx_word' id='word_1_245' title='bbox 3593 1724 3748 1792; x_wconf 72' lang='grc' dir='ltr'>ἅγιον</span> 
     </span>
    </p>
   </div>
   <div class='ocr_carea' id='block_1_36' title="bbox 511 1814 2079 1890">
    <p class='ocr_par' dir='ltr' id='par_1_36' title="bbox 511 1814 2079 1890">
     <span class='ocr_line' id='line_1_36' title="bbox 511 1814 2079 1890; baseline -0.004 -15"><span class='ocrx_word' id='word_1_246' title='bbox 511 1831 654 1876; x_wconf 88' lang='lat' dir='ltr'><strong>ctum</strong></span> <span class='ocrx_word' id='word_1_247' title='bbox 707 1825 949 1890; x_wconf 82' lang='lat' dir='ltr'><strong>apposite</strong></span> <span class='ocrx_word' id='word_1_248' title='bbox 1007 1821 1391 1876; x_wconf 88' lang='lat' dir='ltr'><strong>transeundum</strong></span> <span class='ocrx_word' id='word_1_249' title='bbox 1422 1829 1524 1874; x_wconf 89' lang='lat' dir='ltr'><strong>est.</strong></span> <span class='ocrx_word' id='word_1_250' title='bbox 1561 1817 1669 1873; x_wconf 80' lang='lat' dir='ltr'><strong>Nec</strong></span> <span class='ocrx_word' id='word_1_251' title='bbox 1699 1817 1842 1872; x_wconf 91' lang='lat' dir='ltr'><strong>enim</strong></span> <span class='ocrx_word' id='word_1_252' title='bbox 1895 1814 2079 1869; x_wconf 90' lang='lat' dir='ltr'><strong>deﬁcit</strong></span> 
     </span>
    </p>
   </div>
   <div class='ocr_carea' id='block_1_37' title="bbox 513 1905 2074 1982">
    <p class='ocr_par' dir='ltr' id='par_1_37' title="bbox 513 1905 2074 1982">
     <span class='ocr_line' id='line_1_37' title="bbox 513 1905 2074 1982; baseline -0.005 -14"><span class='ocrx_word' id='word_1_253' title='bbox 513 1929 767 1969; x_wconf 89' lang='lat' dir='ltr'><strong>numerus</strong></span> <span class='ocrx_word' id='word_1_254' title='bbox 801 1929 1078 1969; x_wconf 87' lang='lat' dir='ltr'><strong>servorum</strong></span> <span class='ocrx_word' id='word_1_255' title='bbox 1135 1913 1250 1968; x_wconf 88' lang='lat' dir='ltr'><strong>Dei.</strong></span> <span class='ocrx_word' id='word_1_256' title='bbox 1279 1913 1556 1982; x_wconf 88' lang='lat' dir='ltr'><strong>Siquident</strong></span> <span class='ocrx_word' id='word_1_257' title='bbox 1611 1919 1824 1964; x_wconf 89' lang='lat' dir='ltr'><strong>mortuo</strong></span> <span class='ocrx_word' id='word_1_258' title='bbox 1873 1905 2074 1976; x_wconf 73' lang='lat' dir='ltr'><strong>Moyse,</strong></span> 
     </span>
    </p>
   </div>
   <div class='ocr_carea' id='block_1_38' title="bbox 512 2001 2077 2074">
    <p class='ocr_par' dir='ltr' id='par_1_38' title="bbox 512 2001 2077 2074">
     <span class='ocr_line' id='line_1_38' title="bbox 512 2001 2077 2074; baseline -0.004 -18"><span class='ocrx_word' id='word_1_259' title='bbox 512 2015 708 2074; x_wconf 64' lang='lat' dir='ltr'><strong>praesto</strong></span> <span class='ocrx_word' id='word_1_260' title='bbox 732 2003 832 2058; x_wconf 76' lang='lat' dir='ltr'><strong>fuit</strong></span> <span class='ocrx_word' id='word_1_261' title='bbox 858 2003 1016 2058; x_wconf 78' lang='lat' dir='ltr'><strong>Jesus</strong></span> <span class='ocrx_word' id='word_1_262' title='bbox 1039 2003 1179 2058; x_wconf 88' lang='lat' dir='ltr'><strong>lilius</strong></span> <span class='ocrx_word' id='word_1_263' title='bbox 1199 2003 1380 2066; x_wconf 85' lang='lat' dir='ltr'><strong>Nave;</strong></span> <span class='ocrx_word' id='word_1_264' title='bbox 1403 2011 1457 2056; x_wconf 90' lang='lat' dir='ltr'><strong>et</strong></span> <span class='ocrx_word' id='word_1_265' title='bbox 1481 2001 1593 2055; x_wconf 86' lang='lat' dir='ltr'><strong>Elia</strong></span> <span class='ocrx_word' id='word_1_266' title='bbox 1618 2009 1920 2068; x_wconf 86' lang='lat' dir='ltr'><strong>assumpto,</strong></span> <span class='ocrx_word' id='word_1_267' title='bbox 1947 2013 2077 2051; x_wconf 90' lang='lat' dir='ltr'><strong>con-</strong></span> 
     </span>
    </p>
   </div>
   <div class='ocr_carea' id='block_1_39' title="bbox 515 2087 2079 2163">
    <p class='ocr_par' dir='ltr' id='par_1_39' title="bbox 515 2087 2079 2163">
     <span class='ocr_line' id='line_1_39' title="bbox 515 2087 2079 2163; baseline -0.004 -17"><span class='ocrx_word' id='word_1_268' title='bbox 515 2096 690 2149; x_wconf 83' lang='lat' dir='ltr'><strong>festim</strong></span> <span class='ocrx_word' id='word_1_269' title='bbox 711 2094 932 2155; x_wconf 70' lang='lat' dir='ltr'><strong>Elisccus</strong></span> <span class='ocrx_word' id='word_1_270' title='bbox 953 2095 1182 2149; x_wconf 81' lang='lat' dir='ltr'><strong>meiates</strong></span> <span class='ocrx_word' id='word_1_271' title='bbox 1201 2103 1253 2147; x_wconf 91' lang='lat' dir='ltr'><strong>et</strong></span> <span class='ocrx_word' id='word_1_272' title='bbox 1270 2094 1457 2163; x_wconf 75' lang='lat' dir='ltr'><strong>gratia:</strong></span> <span class='ocrx_word' id='word_1_273' title='bbox 1481 2095 1532 2146; x_wconf 92' lang='lat' dir='ltr'><strong>in</strong></span> <span class='ocrx_word' id='word_1_274' title='bbox 1561 2091 1719 2160; x_wconf 89' lang='lat' dir='ltr'><strong>duplo</strong></span> <span class='ocrx_word' id='word_1_275' title='bbox 1745 2087 2079 2157; x_wconf 68' lang='lat' dir='ltr'><strong>hasresagni-</strong></span> 
     </span>
    </p>
   </div>
   <div class='ocr_carea' id='block_1_40' title="bbox 516 2179 2079 2246">
    <p class='ocr_par' dir='ltr' id='par_1_40' title="bbox 516 2179 2079 2246">
     <span class='ocr_line' id='line_1_40' title="bbox 516 2179 2079 2246; baseline -0.004 -8"><span class='ocrx_word' id='word_1_276' title='bbox 516 2195 601 2238; x_wconf 91' lang='lat' dir='ltr'><strong>tus</strong></span> <span class='ocrx_word' id='word_1_277' title='bbox 633 2193 736 2239; x_wconf 89' lang='lat' dir='ltr'><strong>est.</strong></span> <span class='ocrx_word' id='word_1_278' title='bbox 774 2185 944 2238; x_wconf 87' lang='lat' dir='ltr'><strong>Simili</strong></span> <span class='ocrx_word' id='word_1_279' title='bbox 997 2186 1176 2246; x_wconf 84' lang='lat' dir='ltr'><strong>modo,</strong></span> <span class='ocrx_word' id='word_1_280' title='bbox 1229 2185 1430 2238; x_wconf 86' lang='lat' dir='ltr'><strong>deilero</strong></span> <span class='ocrx_word' id='word_1_281' title='bbox 1455 2182 1663 2237; x_wconf 78' lang='lat' dir='ltr'><strong>Joanne</strong></span> <span class='ocrx_word' id='word_1_282' title='bbox 1705 2196 1768 2234; x_wconf 81' lang='lat' dir='ltr'><strong>ex</strong></span> <span class='ocrx_word' id='word_1_283' title='bbox 1811 2181 1912 2236; x_wconf 83' lang='lat' dir='ltr'><strong>hac</strong></span> <span class='ocrx_word' id='word_1_284' title='bbox 1971 2179 2079 2234; x_wconf 88' lang='lat' dir='ltr'><strong>vita</strong></span> 
     </span>
    </p>
   </div>
   <div class='ocr_carea' id='block_1_41' title="bbox 515 2269 2080 2348">
    <p class='ocr_par' dir='ltr' id='par_1_41' title="bbox 515 2269 2080 2348">
     <span class='ocr_line' id='line_1_41' title="bbox 515 2269 2080 2348; baseline -0.005 -16"><span class='ocrx_word' id='word_1_285' title='bbox 515 2292 756 2348; x_wconf 81' lang='lat' dir='ltr'><strong>egresso,</strong></span> <span class='ocrx_word' id='word_1_286' title='bbox 783 2277 898 2345; x_wconf 84' lang='lat' dir='ltr'><strong>ejus</strong></span> <span class='ocrx_word' id='word_1_287' title='bbox 949 2277 1156 2330; x_wconf 81' lang='lat' dir='ltr'><strong>vivendi</strong></span> <span class='ocrx_word' id='word_1_288' title='bbox 1189 2276 1374 2340; x_wconf 88' lang='lat' dir='ltr'><strong>moris,</strong></span> <span class='ocrx_word' id='word_1_289' title='bbox 1404 2275 1505 2329; x_wconf 91' lang='lat' dir='ltr'><strong>loci</strong></span> <span class='ocrx_word' id='word_1_290' title='bbox 1533 2285 1586 2327; x_wconf 86' lang='lat' dir='ltr'><strong>et</strong></span> <span class='ocrx_word' id='word_1_291' title='bbox 1615 2273 1802 2341; x_wconf 75' lang='lat' dir='ltr'><strong>gratiae</strong></span> <span class='ocrx_word' id='word_1_292' title='bbox 1841 2272 1893 2324; x_wconf 91' lang='lat' dir='ltr'><strong>in</strong></span> <span class='ocrx_word' id='word_1_293' title='bbox 1919 2269 2080 2338; x_wconf 90' lang='lat' dir='ltr'><strong>duplo</strong></span> 
     </span>
    </p>
   </div>
   <div class='ocr_carea' id='block_1_42' title="bbox 517 2363 2079 2436">
    <p class='ocr_par' dir='ltr' id='par_1_42' title="bbox 517 2363 2079 2436">
     <span class='ocr_line' id='line_1_42' title="bbox 517 2363 2079 2436; baseline -0.005 -14"><span class='ocrx_word' id='word_1_294' title='bbox 517 2379 678 2436; x_wconf 86' lang='lat' dir='ltr'><strong>atque</strong></span> <span class='ocrx_word' id='word_1_295' title='bbox 706 2369 867 2422; x_wconf 85' lang='lat' dir='ltr'><strong>etiam</strong></span> <span class='ocrx_word' id='word_1_296' title='bbox 909 2367 1078 2421; x_wconf 90' lang='lat' dir='ltr'><strong>multo</strong></span> <span class='ocrx_word' id='word_1_297' title='bbox 1112 2367 1436 2422; x_wconf 87' lang='lat' dir='ltr'><strong>cumulatius</strong></span> <span class='ocrx_word' id='word_1_298' title='bbox 1466 2367 1636 2419; x_wconf 65' lang='lat' dir='ltr'><strong>hasres</strong></span> <span class='ocrx_word' id='word_1_299' title='bbox 1667 2363 1766 2416; x_wconf 82' lang='lat' dir='ltr'><strong>fuit</strong></span> <span class='ocrx_word' id='word_1_300' title='bbox 1811 2377 2079 2416; x_wconf 83' lang='lat' dir='ltr'><strong>veneran-</strong></span> 
     </span>
    </p>
   </div>
   <div class='ocr_carea' id='block_1_43' title="bbox 518 2454 2080 2528">
    <p class='ocr_par' dir='ltr' id='par_1_43' title="bbox 518 2454 2080 2528">
     <span class='ocr_line' id='line_1_43' title="bbox 518 2454 2080 2528; baseline -0.003 -15"><span class='ocrx_word' id='word_1_301' title='bbox 518 2461 616 2514; x_wconf 86' lang='lat' dir='ltr'><strong>dus</strong></span> <span class='ocrx_word' id='word_1_302' title='bbox 649 2461 976 2528; x_wconf 76' lang='lat' dir='ltr'><strong>Stephanus.</strong></span> <span class='ocrx_word' id='word_1_303' title='bbox 1007 2459 1438 2513; x_wconf 82' lang='lat' dir='ltr'><strong>Consentaneum</strong></span> <span class='ocrx_word' id='word_1_304' title='bbox 1469 2459 1614 2512; x_wconf 87' lang='lat' dir='ltr'><strong>enim</strong></span> <span class='ocrx_word' id='word_1_305' title='bbox 1641 2467 1780 2522; x_wconf 88' lang='lat' dir='ltr'><strong>erat,</strong></span> <span class='ocrx_word' id='word_1_306' title='bbox 1805 2467 1860 2509; x_wconf 91' lang='lat' dir='ltr'><strong>ut</strong></span> <span class='ocrx_word' id='word_1_307' title='bbox 1889 2454 1958 2520; x_wconf 89' lang='lat' dir='ltr'><strong>is,</strong></span> <span class='ocrx_word' id='word_1_308' title='bbox 1988 2455 2080 2524; x_wconf 88' lang='lat' dir='ltr'><strong>qui</strong></span> 
     </span>
    </p>
   </div>
   <div class='ocr_carea' id='block_1_44' title="bbox 517 2545 2078 2621">
    <p class='ocr_par' dir='ltr' id='par_1_44' title="bbox 517 2545 2078 2621">
     <span class='ocr_line' id='line_1_44' title="bbox 517 2545 2078 2621; baseline -0.003 -19"><span class='ocrx_word' id='word_1_309' title='bbox 517 2549 799 2621; x_wconf 69' lang='lat' dir='ltr'><strong>praecipua:</strong></span> <span class='ocrx_word' id='word_1_310' title='bbox 869 2549 1016 2602; x_wconf 87' lang='lat' dir='ltr'><strong>illius</strong></span> <span class='ocrx_word' id='word_1_311' title='bbox 1073 2545 1332 2603; x_wconf 81' lang='lat' dir='ltr'><strong>doctrime</strong></span> <span class='ocrx_word' id='word_1_312' title='bbox 1382 2550 1554 2604; x_wconf 69' lang='lat' dir='ltr'><strong>hazres</strong></span> <span class='ocrx_word' id='word_1_313' title='bbox 1613 2548 1803 2609; x_wconf 79' lang='lat' dir='ltr'><strong>fuerat,</strong></span> <span class='ocrx_word' id='word_1_314' title='bbox 1839 2547 2078 2616; x_wconf 87' lang='lat' dir='ltr'><strong>ejusdetn</strong></span> 
     </span>
    </p>
   </div>
   <div class='ocr_carea' id='block_1_45' title="bbox 517 2640 2082 2709">
    <p class='ocr_par' dir='ltr' id='par_1_45' title="bbox 517 2640 2082 2709">
     <span class='ocr_line' id='line_1_45' title="bbox 517 2640 2082 2709; baseline -0.003 -15"><span class='ocrx_word' id='word_1_315' title='bbox 517 2641 676 2694; x_wconf 88' lang='lat' dir='ltr'><strong>etiam</strong></span> <span class='ocrx_word' id='word_1_316' title='bbox 709 2641 851 2694; x_wconf 85' lang='lat' dir='ltr'><strong>beati</strong></span> <span class='ocrx_word' id='word_1_317' title='bbox 876 2640 1048 2694; x_wconf 84' lang='lat' dir='ltr'><strong>Patris</strong></span> <span class='ocrx_word' id='word_1_318' title='bbox 1081 2641 1184 2708; x_wconf 91' lang='lat' dir='ltr'><strong>piis</strong></span> <span class='ocrx_word' id='word_1_319' title='bbox 1205 2641 1458 2709; x_wconf 80' lang='lat' dir='ltr'><strong>operibus</strong></span> <span class='ocrx_word' id='word_1_320' title='bbox 1486 2640 1729 2707; x_wconf 75' lang='lat' dir='ltr'><strong>proxime</strong></span> <span class='ocrx_word' id='word_1_321' title='bbox 1765 2651 2082 2706; x_wconf 65' lang='lat' dir='ltr'><strong>exaequare-</strong></span> 
     </span>
    </p>
   </div>
   <div class='ocr_carea' id='block_1_46' title="bbox 519 2723 2081 2803">
    <p class='ocr_par' dir='ltr' id='par_1_46' title="bbox 519 2723 2081 2803">
     <span class='ocr_line' id='line_1_46' title="bbox 519 2723 2081 2803; baseline -0.002 -16"><span class='ocrx_word' id='word_1_322' title='bbox 519 2745 628 2798; x_wconf 89' lang='lat' dir='ltr'><strong>tur,</strong></span> <span class='ocrx_word' id='word_1_323' title='bbox 657 2733 799 2802; x_wconf 88' lang='lat' dir='ltr'><strong>quod</strong></span> <span class='ocrx_word' id='word_1_324' title='bbox 827 2733 1010 2801; x_wconf 86' lang='lat' dir='ltr'><strong>utique</strong></span> <span class='ocrx_word' id='word_1_325' title='bbox 1039 2723 1301 2787; x_wconf 68' lang='lat' dir='ltr'><strong>ostendit.</strong></span> <span class='ocrx_word' id='word_1_326' title='bbox 1325 2731 1490 2803; x_wconf 65' lang='grc'><strong>426</strong></span> <span class='ocrx_word' id='word_1_327' title='bbox 1515 2732 1790 2802; x_wconf 82' lang='lat' dir='ltr'><strong>Siquidem</strong></span> <span class='ocrx_word' id='word_1_328' title='bbox 1843 2739 1901 2784; x_wconf 89' lang='lat' dir='ltr'><strong>ut</strong></span> <span class='ocrx_word' id='word_1_329' title='bbox 1941 2729 2081 2784; x_wconf 89' lang='lat' dir='ltr'><strong>ﬁlius</strong></span> 
     </span>
    </p>
   </div>
   <div class='ocr_carea' id='block_1_47' title="bbox 519 2823 2084 2894">
    <p class='ocr_par' dir='ltr' id='par_1_47' title="bbox 519 2823 2084 2894">
     <span class='ocr_line' id='line_1_47' title="bbox 519 2823 2084 2894; baseline -0.003 -16"><span class='ocrx_word' id='word_1_330' title='bbox 519 2826 718 2894; x_wconf 85' lang='lat' dir='ltr'><strong>proprii</strong></span> <span class='ocrx_word' id='word_1_331' title='bbox 747 2823 985 2892; x_wconf 89' lang='lat' dir='ltr'><strong>parentis</strong></span> <span class='ocrx_word' id='word_1_332' title='bbox 1015 2823 1228 2877; x_wconf 89' lang='lat' dir='ltr'><strong>eosdem</strong></span> <span class='ocrx_word' id='word_1_333' title='bbox 1283 2839 1480 2890; x_wconf 85' lang='lat' dir='ltr'><strong>mores,</strong></span> <span class='ocrx_word' id='word_1_334' title='bbox 1501 2825 1579 2878; x_wconf 89' lang='lat' dir='ltr'><strong>sie</strong></span> <span class='ocrx_word' id='word_1_335' title='bbox 1613 2823 1700 2877; x_wconf 89' lang='lat' dir='ltr'><strong>ille</strong></span> <span class='ocrx_word' id='word_1_336' title='bbox 1737 2823 1936 2890; x_wconf 86' lang='lat' dir='ltr'><strong>proprii</strong></span> <span class='ocrx_word' id='word_1_337' title='bbox 1967 2835 2084 2876; x_wconf 84' lang='lat' dir='ltr'><strong>nta-</strong></span> 
     </span>
    </p>
   </div>
   <div class='ocr_carea' id='block_1_48' title="bbox 518 2913 2085 2986">
    <p class='ocr_par' dir='ltr' id='par_1_48' title="bbox 518 2913 2085 2986">
     <span class='ocr_line' id='line_1_48' title="bbox 518 2913 2085 2986; baseline -0.001 -18"><span class='ocrx_word' id='word_1_338' title='bbox 518 2917 670 2986; x_wconf 71' lang='grc' dir='ltr'>εἱειτί</span> <span class='ocrx_word' id='word_1_339' title='bbox 715 2915 926 2969; x_wconf 80' lang='lat' dir='ltr'><strong>virtutis</strong></span> <span class='ocrx_word' id='word_1_340' title='bbox 957 2914 1177 2983; x_wconf 74' lang='lat' dir='ltr'><strong>vestigia</strong></span> <span class='ocrx_word' id='word_1_341' title='bbox 1225 2916 1510 2982; x_wconf 79' lang='lat' dir='ltr'><strong>expressit.</strong></span> <span class='ocrx_word' id='word_1_342' title='bbox 1551 2915 1647 2968; x_wconf 85' lang='lat' dir='ltr'><strong>llic</strong></span> <span class='ocrx_word' id='word_1_343' title='bbox 1698 2929 1824 2982; x_wconf 77' lang='lat' dir='ltr'><strong>ergo</strong></span> <span class='ocrx_word' id='word_1_344' title='bbox 1847 2913 2085 2967; x_wconf 71' lang='lat' dir='ltr'><strong>cwlestis</strong></span> 
     </span>
    </p>
   </div>
   <div class='ocr_carea' id='block_1_49' title="bbox 520 3004 2154 3094">
    <p class='ocr_par' dir='ltr' id='par_1_49' title="bbox 520 3004 2154 3094">
     <span class='ocr_line' id='line_1_49' title="bbox 520 3004 2154 3094; baseline -0.003 -34"><span class='ocrx_word' id='word_1_345' title='bbox 520 3005 830 3074; x_wconf 80' lang='lat' dir='ltr'><strong>metropolis</strong></span> <span class='ocrx_word' id='word_1_346' title='bbox 856 3004 1172 3069; x_wconf 73' lang='lat' dir='ltr'><strong>aediﬁcator,</strong></span> <span class='ocrx_word' id='word_1_347' title='bbox 1205 3007 1475 3074; x_wconf 79' lang='lat' dir='ltr'><strong>perfectus</strong></span> <span class='ocrx_word' id='word_1_348' title='bbox 1509 3007 1652 3058; x_wconf 85' lang='lat' dir='ltr'><strong>inter</strong></span> <span class='ocrx_word' id='word_1_349' title='bbox 1708 3005 1938 3058; x_wconf 85' lang='lat' dir='ltr'><strong>unitates</strong></span> <span class='ocrx_word' id='word_1_350' title='bbox 1986 3020 2084 3057; x_wconf 82' lang='lat' dir='ltr'><strong>nu-</strong></span> <span class='ocrx_word' id='word_1_351' title='bbox 2111 3037 2154 3094; x_wconf 69' lang='grc' dir='ltr'>ο</span> 
     </span>
    </p>
   </div>
   <div class='ocr_carea' id='block_1_50' title="bbox 521 3096 2086 3160">
    <p class='ocr_par' dir='ltr' id='par_1_50' title="bbox 521 3096 2086 3160">
     <span class='ocr_line' id='line_1_50' title="bbox 521 3096 2086 3160; baseline 0.001 -11"><span class='ocrx_word' id='word_1_352' title='bbox 521 3109 723 3160; x_wconf 90' lang='lat' dir='ltr'><strong>merus,</strong></span> <span class='ocrx_word' id='word_1_353' title='bbox 760 3096 924 3150; x_wconf 87' lang='lat' dir='ltr'><strong>divini</strong></span> <span class='ocrx_word' id='word_1_354' title='bbox 947 3097 1106 3152; x_wconf 86' lang='lat' dir='ltr'><strong>istius</strong></span> <span class='ocrx_word' id='word_1_355' title='bbox 1143 3105 1198 3150; x_wconf 87' lang='lat' dir='ltr'><strong>et</strong></span> <span class='ocrx_word' id='word_1_356' title='bbox 1222 3097 1476 3150; x_wconf 87' lang='lat' dir='ltr'><strong>salutaris</strong></span> <span class='ocrx_word' id='word_1_357' title='bbox 1508 3099 1646 3150; x_wconf 89' lang='lat' dir='ltr'><strong>antri</strong></span> <span class='ocrx_word' id='word_1_358' title='bbox 1680 3106 1864 3151; x_wconf 76' lang='lat' dir='ltr'><strong>sextus</strong></span> <span class='ocrx_word' id='word_1_359' title='bbox 1894 3098 2086 3151; x_wconf 85' lang='lat' dir='ltr'><strong>ordine</strong></span> 
     </span>
    </p>
   </div>
   <div class='ocr_carea' id='block_1_51' title="bbox 523 3185 2082 3252">
    <p class='ocr_par' dir='ltr' id='par_1_51' title="bbox 523 3185 2082 3252">
     <span class='ocr_line' id='line_1_51' title="bbox 523 3185 2082 3252; baseline -0.001 -12"><span class='ocrx_word' id='word_1_360' title='bbox 523 3186 794 3240; x_wconf 84' lang='lat' dir='ltr'><strong>habitator</strong></span> <span class='ocrx_word' id='word_1_361' title='bbox 823 3186 996 3240; x_wconf 83' lang='lat' dir='ltr'><strong>factus</strong></span> <span class='ocrx_word' id='word_1_362' title='bbox 1019 3196 1326 3252; x_wconf 78' lang='lat' dir='ltr'><strong>est;n0rus</strong></span> <span class='ocrx_word' id='word_1_363' title='bbox 1351 3185 1532 3250; x_wconf 80' lang='lat' dir='ltr'><strong>Jared,</strong></span> <span class='ocrx_word' id='word_1_364' title='bbox 1566 3199 1754 3241; x_wconf 62' lang='lat' dir='ltr'><strong>sextus</strong></span> <span class='ocrx_word' id='word_1_365' title='bbox 1816 3191 1884 3240; x_wconf 90' lang='lat' dir='ltr'><strong>ab</strong></span> <span class='ocrx_word' id='word_1_366' title='bbox 1915 3191 2082 3240; x_wconf 75' lang='lat' dir='ltr'><strong>Adam</strong></span> 
     </span>
    </p>
   </div>
   <div class='ocr_carea' id='block_1_52' title="bbox 519 3275 2084 3346">
    <p class='ocr_par' dir='ltr' id='par_1_52' title="bbox 519 3275 2084 3346">
     <span class='ocr_line' id='line_1_52' title="bbox 519 3275 2084 3346; baseline 0 -16"><span class='ocrx_word' id='word_1_367' title='bbox 519 3275 836 3344; x_wconf 85' lang='lat' dir='ltr'><strong>appellatus,</strong></span> <span class='ocrx_word' id='word_1_368' title='bbox 867 3287 920 3329; x_wconf 91' lang='lat' dir='ltr'><strong>et</strong></span> <span class='ocrx_word' id='word_1_369' title='bbox 956 3286 1108 3346; x_wconf 90' lang='lat' dir='ltr'><strong>pater</strong></span> <span class='ocrx_word' id='word_1_370' title='bbox 1134 3276 1315 3329; x_wconf 76' lang='lat' dir='ltr'><strong>Enoeh</strong></span> <span class='ocrx_word' id='word_1_371' title='bbox 1339 3277 1552 3345; x_wconf 79' lang='lat' dir='ltr'><strong>agnitus</strong></span> <span class='ocrx_word' id='word_1_372' title='bbox 1606 3279 1710 3329; x_wconf 88' lang='lat' dir='ltr'><strong>vita</strong></span> <span class='ocrx_word' id='word_1_373' title='bbox 1736 3279 1940 3346; x_wconf 77' lang='lat' dir='ltr'><strong>pariter</strong></span> <span class='ocrx_word' id='word_1_374' title='bbox 1976 3278 2084 3331; x_wconf 89' lang='lat' dir='ltr'><strong>Deo</strong></span> 
     </span>
    </p>
   </div>
   <div class='ocr_carea' id='block_1_53' title="bbox 522 3363 2081 3434">
    <p class='ocr_par' dir='ltr' id='par_1_53' title="bbox 522 3363 2081 3434">
     <span class='ocr_line' id='line_1_53' title="bbox 522 3363 2081 3434; baseline 0.001 -16"><span class='ocrx_word' id='word_1_375' title='bbox 522 3366 738 3433; x_wconf 85' lang='lat' dir='ltr'><strong>placita.</strong></span> <span class='ocrx_word' id='word_1_376' title='bbox 769 3363 887 3434; x_wconf 87' lang='lat' dir='ltr'><strong>Ipse</strong></span> <span class='ocrx_word' id='word_1_377' title='bbox 909 3366 1052 3418; x_wconf 89' lang='lat' dir='ltr'><strong>enim</strong></span> <span class='ocrx_word' id='word_1_378' title='bbox 1085 3376 1270 3419; x_wconf 76' lang='lat' dir='ltr'><strong>sextus</strong></span> <span class='ocrx_word' id='word_1_379' title='bbox 1294 3375 1376 3418; x_wconf 85' lang='lat' dir='ltr'><strong>est</strong></span> <span class='ocrx_word' id='word_1_380' title='bbox 1395 3379 1422 3416; x_wconf 91' lang='lat' dir='ltr'><strong>a</strong></span> <span class='ocrx_word' id='word_1_381' title='bbox 1449 3365 1760 3418; x_wconf 84' lang='lat' dir='ltr'><strong>beatissimo</strong></span> <span class='ocrx_word' id='word_1_382' title='bbox 1790 3366 2081 3419; x_wconf 79' lang='lat' dir='ltr'><strong>Anxentio.</strong></span> 
     </span>
    </p>
   </div>
   <div class='ocr_carea' id='block_1_54' title="bbox 523 3456 2086 3526">
    <p class='ocr_par' dir='ltr' id='par_1_54' title="bbox 523 3456 2086 3526">
     <span class='ocr_line' id='line_1_54' title="bbox 523 3456 2086 3526; baseline -0.003 -14"><span class='ocrx_word' id='word_1_383' title='bbox 523 3457 660 3526; x_wconf 79' lang='lat' dir='ltr'><strong>ipse,</strong></span> <span class='ocrx_word' id='word_1_384' title='bbox 695 3457 930 3525; x_wconf 86' lang='lat' dir='ltr'><strong>inquam,</strong></span> <span class='ocrx_word' id='word_1_385' title='bbox 962 3467 1215 3525; x_wconf 87' lang='lat' dir='ltr'><strong>tanqttam</strong></span> <span class='ocrx_word' id='word_1_386' title='bbox 1251 3456 1380 3518; x_wconf 90' lang='lat' dir='ltr'><strong>ﬁlio,</strong></span> <span class='ocrx_word' id='word_1_387' title='bbox 1424 3457 1614 3510; x_wconf 86' lang='lat' dir='ltr'><strong>timore</strong></span> <span class='ocrx_word' id='word_1_388' title='bbox 1659 3457 1746 3510; x_wconf 85' lang='lat' dir='ltr'><strong>Dei</strong></span> <span class='ocrx_word' id='word_1_389' title='bbox 1805 3465 2086 3524; x_wconf 70' lang='lat' dir='ltr'><strong>concepto,</strong></span> 
     </span>
    </p>
   </div>
   <div class='ocr_carea' id='block_1_55' title="bbox 515 3548 2087 3621">
    <p class='ocr_par' dir='ltr' id='par_1_55' title="bbox 515 3548 2087 3621">
     <span class='ocr_line' id='line_1_55' title="bbox 515 3548 2087 3621; baseline -0.001 -19"><span class='ocrx_word' id='word_1_390' title='bbox 515 3551 1023 3621; x_wconf 71' lang='lat' dir='ltr'><strong>juxlaprophetam,</strong></span> <span class='ocrx_word' id='word_1_391' title='bbox 1043 3549 1294 3617; x_wconf 83' lang='lat' dir='ltr'><strong>placitum</strong></span> <span class='ocrx_word' id='word_1_392' title='bbox 1319 3548 1428 3602; x_wconf 89' lang='lat' dir='ltr'><strong>Deo</strong></span> <span class='ocrx_word' id='word_1_393' title='bbox 1460 3551 1798 3618; x_wconf 84' lang='lat' dir='ltr'><strong>martyrium,</strong></span> <span class='ocrx_word' id='word_1_394' title='bbox 1834 3558 2087 3617; x_wconf 75' lang='lat' dir='ltr'><strong>tanquam</strong></span> 
     </span>
    </p>
   </div>
   <div class='ocr_carea' id='block_1_56' title="bbox 523 3639 2084 3716">
    <p class='ocr_par' dir='ltr' id='par_1_56' title="bbox 523 3639 2084 3716">
     <span class='ocr_line' id='line_1_56' title="bbox 523 3639 2084 3716; baseline -0.001 -18"><span class='ocrx_word' id='word_1_395' title='bbox 523 3659 716 3698; x_wconf 77' lang='lat' dir='ltr'><strong>norunt</strong></span> <span class='ocrx_word' id='word_1_396' title='bbox 758 3642 942 3716; x_wconf 85' lang='lat' dir='ltr'><strong>Enoeh</strong></span> <span class='ocrx_word' id='word_1_397' title='bbox 987 3641 1190 3712; x_wconf 72' lang='lat' dir='ltr'><strong>placita:</strong></span> <span class='ocrx_word' id='word_1_398' title='bbox 1256 3639 1362 3695; x_wconf 89' lang='lat' dir='ltr'><strong>Deo</strong></span> <span class='ocrx_word' id='word_1_399' title='bbox 1392 3642 1512 3694; x_wconf 70' lang='lat' dir='ltr'><strong>vita:</strong></span> <span class='ocrx_word' id='word_1_400' title='bbox 1533 3641 1743 3706; x_wconf 89' lang='lat' dir='ltr'><strong>ducem,</strong></span> <span class='ocrx_word' id='word_1_401' title='bbox 1787 3641 1995 3709; x_wconf 84' lang='lat' dir='ltr'><strong>peperit</strong></span> <span class='ocrx_word' id='word_1_402' title='bbox 2019 3641 2084 3696; x_wconf 76' lang='grc'>⁸⁸.</span> 
     </span>
    </p>
   </div>
   <div class='ocr_carea' id='block_1_57' title="bbox 521 3733 2090 3803">
    <p class='ocr_par' dir='ltr' id='par_1_57' title="bbox 521 3733 2090 3803">
     <span class='ocr_line' id='line_1_57' title="bbox 521 3733 2090 3803; baseline 0.001 -15"><span class='ocrx_word' id='word_1_403' title='bbox 521 3737 784 3789; x_wconf 67' lang='lat' dir='ltr'><strong>Caeterum</strong></span> <span class='ocrx_word' id='word_1_404' title='bbox 813 3735 881 3788; x_wconf 88' lang='lat' dir='ltr'><strong>ob</strong></span> <span class='ocrx_word' id='word_1_405' title='bbox 913 3733 1289 3803; x_wconf 79' lang='lat' dir='ltr'><strong>migrationem</strong></span> <span class='ocrx_word' id='word_1_406' title='bbox 1330 3735 1680 3802; x_wconf 65' lang='lat' dir='ltr'><strong>praeceptoris</strong></span> <span class='ocrx_word' id='word_1_407' title='bbox 1741 3749 1977 3789; x_wconf 75' lang='lat' dir='ltr'><strong>tnmrore</strong></span> <span class='ocrx_word' id='word_1_408' title='bbox 2034 3745 2090 3789; x_wconf 88' lang='lat' dir='ltr'><strong>et</strong></span> 
     </span>
    </p>
   </div>
   <div class='ocr_carea' id='block_1_58' title="bbox 521 3824 2085 3894">
    <p class='ocr_par' dir='ltr' id='par_1_58' title="bbox 521 3824 2085 3894">
     <span class='ocr_line' id='line_1_58' title="bbox 521 3824 2085 3894; baseline -0.001 -14"><span class='ocrx_word' id='word_1_409' title='bbox 521 3827 740 3880; x_wconf 77' lang='lat' dir='ltr'><strong>tristitia</strong></span> <span class='ocrx_word' id='word_1_410' title='bbox 785 3824 1028 3891; x_wconf 69' lang='lat' dir='ltr'><strong>allectus,</strong></span> <span class='ocrx_word' id='word_1_411' title='bbox 1066 3825 1307 3894; x_wconf 77' lang='lat' dir='ltr'><strong>magistri</strong></span> <span class='ocrx_word' id='word_1_412' title='bbox 1358 3837 1656 3891; x_wconf 89' lang='lat' dir='ltr'><strong>certamen,</strong></span> <span class='ocrx_word' id='word_1_413' title='bbox 1691 3839 1841 3878; x_wconf 83' lang='lat' dir='ltr'><strong>more</strong></span> <span class='ocrx_word' id='word_1_414' title='bbox 1889 3825 2085 3894; x_wconf 76' lang='lat' dir='ltr'><strong>egregii</strong></span> 
     </span>
    </p>
   </div>
   <div class='ocr_carea' id='block_1_59' title="bbox 520 3915 2088 3984">
    <p class='ocr_par' dir='ltr' id='par_1_59' title="bbox 520 3915 2088 3984">
     <span class='ocr_line' id='line_1_59' title="bbox 520 3915 2088 3984; baseline -0.001 -14"><span class='ocrx_word' id='word_1_415' title='bbox 520 3919 758 3984; x_wconf 68' lang='lat' dir='ltr'><strong>asseelzc,</strong></span> <span class='ocrx_word' id='word_1_416' title='bbox 788 3918 1008 3970; x_wconf 90' lang='lat' dir='ltr'><strong>omnino</strong></span> <span class='ocrx_word' id='word_1_417' title='bbox 1041 3915 1300 3984; x_wconf 87' lang='lat' dir='ltr'><strong>perﬁcere</strong></span> <span class='ocrx_word' id='word_1_418' title='bbox 1345 3915 1725 3969; x_wconf 84' lang='lat' dir='ltr'><strong>meditabatur.</strong></span> <span class='ocrx_word' id='word_1_419' title='bbox 1757 3915 1823 3968; x_wconf 87' lang='lat' dir='ltr'><strong>Et</strong></span> <span class='ocrx_word' id='word_1_420' title='bbox 1871 3917 2088 3984; x_wconf 67' lang='lat' dir='ltr'><strong>quidem</strong></span> 
     </span>
    </p>
   </div>
   <div class='ocr_carea' id='block_1_60' title="bbox 520 4006 2090 4078">
    <p class='ocr_par' dir='ltr' id='par_1_60' title="bbox 520 4006 2090 4078">
     <span class='ocr_line' id='line_1_60' title="bbox 520 4006 2090 4078; baseline -0.001 -16"><span class='ocrx_word' id='word_1_421' title='bbox 520 4007 973 4078; x_wconf 76' lang='lat' dir='ltr'><strong>quemadmodum</strong></span> <span class='ocrx_word' id='word_1_422' title='bbox 1005 4009 1096 4075; x_wconf 90' lang='lat' dir='ltr'><strong>qui</strong></span> <span class='ocrx_word' id='word_1_423' title='bbox 1129 4007 1294 4061; x_wconf 85' lang='lat' dir='ltr'><strong>maria</strong></span> <span class='ocrx_word' id='word_1_424' title='bbox 1325 4007 1572 4076; x_wconf 84' lang='lat' dir='ltr'><strong>trajicere</strong></span> <span class='ocrx_word' id='word_1_425' title='bbox 1611 4006 1904 4078; x_wconf 71' lang='lat' dir='ltr'><strong>longasque</strong></span> <span class='ocrx_word' id='word_1_426' title='bbox 1936 4021 2090 4075; x_wconf 86' lang='lat' dir='ltr'><strong>pere-</strong></span> 
     </span>
    </p>
   </div>
   <div class='ocr_carea' id='block_1_61' title="bbox 519 4098 2088 4170">
    <p class='ocr_par' dir='ltr' id='par_1_61' title="bbox 519 4098 2088 4170">
     <span class='ocr_line' id='line_1_61' title="bbox 519 4098 2088 4170; baseline 0 -18"><span class='ocrx_word' id='word_1_427' title='bbox 519 4099 856 4170; x_wconf 78' lang='lat' dir='ltr'><strong>grinationes</strong></span> <span class='ocrx_word' id='word_1_428' title='bbox 884 4099 1158 4168; x_wconf 85' lang='lat' dir='ltr'><strong>suscipere</strong></span> <span class='ocrx_word' id='word_1_429' title='bbox 1190 4098 1401 4152; x_wconf 87' lang='lat' dir='ltr'><strong>solent:</strong></span> <span class='ocrx_word' id='word_1_430' title='bbox 1435 4113 1556 4151; x_wconf 90' lang='lat' dir='ltr'><strong>cum</strong></span> <span class='ocrx_word' id='word_1_431' title='bbox 1607 4113 1866 4166; x_wconf 81' lang='lat' dir='ltr'><strong>aquarum</strong></span> <span class='ocrx_word' id='word_1_432' title='bbox 1897 4108 2088 4152; x_wconf 79' lang='lat' dir='ltr'><strong>natura</strong></span> 
     </span>
    </p>
   </div>
   <div class='ocr_carea' id='block_1_62' title="bbox 522 4191 2088 4262">
    <p class='ocr_par' dir='ltr' id='par_1_62' title="bbox 522 4191 2088 4262">
     <span class='ocr_line' id='line_1_62' title="bbox 522 4191 2088 4262; baseline 0.001 -18"><span class='ocrx_word' id='word_1_433' title='bbox 522 4202 705 4247; x_wconf 89' lang='lat' dir='ltr'><strong>certas</strong></span> <span class='ocrx_word' id='word_1_434' title='bbox 731 4193 841 4246; x_wconf 84' lang='lat' dir='ltr'><strong>vias</strong></span> <span class='ocrx_word' id='word_1_435' title='bbox 867 4209 970 4252; x_wconf 68' lang='lat' dir='ltr'><strong>nam</strong></span> <span class='ocrx_word' id='word_1_436' title='bbox 1013 4193 1224 4256; x_wconf 80' lang='lat' dir='ltr'><strong>habeat,</strong></span> <span class='ocrx_word' id='word_1_437' title='bbox 1251 4208 1352 4246; x_wconf 84' lang='lat' dir='ltr'><strong>nec</strong></span> <span class='ocrx_word' id='word_1_438' title='bbox 1375 4193 1570 4260; x_wconf 89' lang='lat' dir='ltr'><strong>pedum</strong></span> <span class='ocrx_word' id='word_1_439' title='bbox 1597 4191 1818 4262; x_wconf 75' lang='lat' dir='ltr'><strong>vestigia</strong></span> <span class='ocrx_word' id='word_1_440' title='bbox 1850 4193 1932 4246; x_wconf 89' lang='lat' dir='ltr'><strong>vel</strong></span> <span class='ocrx_word' id='word_1_441' title='bbox 1961 4209 2088 4246; x_wconf 82' lang='lat' dir='ltr'><strong>cur—</strong></span> 
     </span>
    </p>
   </div>
   <div class='ocr_carea' id='block_1_63' title="bbox 525 4281 2086 4350">
    <p class='ocr_par' dir='ltr' id='par_1_63' title="bbox 525 4281 2086 4350">
     <span class='ocr_line' id='line_1_63' title="bbox 525 4281 2086 4350; baseline 0.001 -15"><span class='ocrx_word' id='word_1_442' title='bbox 525 4297 678 4336; x_wconf 85' lang='lat' dir='ltr'><strong>ruum</strong></span> <span class='ocrx_word' id='word_1_443' title='bbox 739 4283 910 4336; x_wconf 87' lang='lat' dir='ltr'><strong>lineas</strong></span> <span class='ocrx_word' id='word_1_444' title='bbox 958 4290 1176 4350; x_wconf 82' lang='lat' dir='ltr'><strong>prepter</strong></span> <span class='ocrx_word' id='word_1_445' title='bbox 1221 4281 1418 4334; x_wconf 78' lang='lat' dir='ltr'><strong>ﬂuxam</strong></span> <span class='ocrx_word' id='word_1_446' title='bbox 1477 4295 1532 4337; x_wconf 90' lang='lat' dir='ltr'><strong>et</strong></span> <span class='ocrx_word' id='word_1_447' title='bbox 1579 4284 1790 4338; x_wconf 89' lang='lat' dir='ltr'><strong>tnollem</strong></span> <span class='ocrx_word' id='word_1_448' title='bbox 1833 4285 2086 4339; x_wconf 86' lang='lat' dir='ltr'><strong>substan-</strong></span> 
     </span>
    </p>
   </div>
   <div class='ocr_carea' id='block_1_64' title="bbox 2178 1810 3750 1886">
    <p class='ocr_par' dir='ltr' id='par_1_64' title="bbox 2178 1810 3750 1886">
     <span class='ocr_line' id='line_1_64' title="bbox 2178 1810 3750 1886; baseline 0.003 -22"><span class='ocrx_word' id='word_1_449' title='bbox 2178 1811 2240 1864; x_wconf 82' lang='grc' dir='ltr'><strong>τὸ</strong></span> <span class='ocrx_word' id='word_1_450' title='bbox 2275 1813 2608 1882; x_wconf 72' lang='grc' dir='ltr'>μεταφοιτᾷν</span> <span class='ocrx_word' id='word_1_451' title='bbox 2650 1810 2890 1869; x_wconf 70' lang='grc' dir='ltr'>εὔθετον,</span> <span class='ocrx_word' id='word_1_452' title='bbox 2925 1813 2999 1866; x_wconf 73' lang='grc' dir='ltr'><strong>Οὐ</strong></span> <span class='ocrx_word' id='word_1_453' title='bbox 3045 1815 3154 1884; x_wconf 85' lang='grc' dir='ltr'><strong>γάρ</strong></span> <span class='ocrx_word' id='word_1_454' title='bbox 3194 1813 3420 1886; x_wconf 80' lang='grc' dir='ltr'>ἐλλιπὴς</span> <span class='ocrx_word' id='word_1_455' title='bbox 3451 1818 3479 1868; x_wconf 87' lang='grc' dir='ltr'><strong>ό</strong></span> <span class='ocrx_word' id='word_1_456' title='bbox 3518 1815 3750 1886; x_wconf 78' lang='grc' dir='ltr'>ἀριθμὸς</span> 
     </span>
    </p>
   </div>
   <div class='ocr_carea' id='block_1_65' title="bbox 2179 1903 3748 1976">
    <p class='ocr_par' dir='ltr' id='par_1_65' title="bbox 2179 1903 3748 1976">
     <span class='ocr_line' id='line_1_65' title="bbox 2179 1903 3748 1976; baseline 0.003 -19"><span class='ocrx_word' id='word_1_457' title='bbox 2179 1903 2289 1957; x_wconf 84' lang='grc' dir='ltr'>τῶν</span> <span class='ocrx_word' id='word_1_458' title='bbox 2326 1903 2422 1956; x_wconf 85' lang='grc' dir='ltr'><strong>τοῦ</strong></span> <span class='ocrx_word' id='word_1_459' title='bbox 2465 1903 2599 1956; x_wconf 75' lang='grc' dir='ltr'>Θεοῦ</span> <span class='ocrx_word' id='word_1_460' title='bbox 2640 1904 2860 1958; x_wconf 79' lang='grc' dir='ltr'>δούλων.</span> <span class='ocrx_word' id='word_1_461' title='bbox 2902 1906 3013 1958; x_wconf 74' lang='grc' dir='ltr'>Καὶ</span> <span class='ocrx_word' id='word_1_462' title='bbox 3043 1907 3151 1976; x_wconf 73' lang='grc' dir='ltr'><strong>γὰρ</strong></span> <span class='ocrx_word' id='word_1_463' title='bbox 3177 1905 3266 1960; x_wconf 87' lang='grc' dir='ltr'><strong>τοῦ</strong></span> <span class='ocrx_word' id='word_1_464' title='bbox 3309 1907 3554 1971; x_wconf 78' lang='grc' dir='ltr'><strong>Μωσέως</strong></span> <span class='ocrx_word' id='word_1_465' title='bbox 3590 1924 3748 1961; x_wconf 79' lang='grc' dir='ltr'>τετε-</span> 
     </span>
    </p>
   </div>
   <div class='ocr_carea' id='block_1_66' title="bbox 2179 1993 3750 2068">
    <p class='ocr_par' dir='ltr' id='par_1_66' title="bbox 2179 1993 3750 2068">
     <span class='ocr_line' id='line_1_66' title="bbox 2179 1993 3750 2068; baseline 0.004 -23"><span class='ocrx_word' id='word_1_466' title='bbox 2179 1993 2525 2064; x_wconf 84' lang='grc' dir='ltr'>λευτηκότος,</span> <span class='ocrx_word' id='word_1_467' title='bbox 2559 1994 2744 2064; x_wconf 77' lang='grc' dir='ltr'>παρῆν</span> <span class='ocrx_word' id='word_1_468' title='bbox 2771 1996 2798 2046; x_wconf 87' lang='grc' dir='ltr'>ὀ</span> <span class='ocrx_word' id='word_1_469' title='bbox 2823 1995 2916 2048; x_wconf 87' lang='grc' dir='ltr'><strong>τοῦ</strong></span> <span class='ocrx_word' id='word_1_470' title='bbox 2954 1997 3112 2068; x_wconf 72' lang='grc' dir='ltr'>Ναυῆ</span> <span class='ocrx_word' id='word_1_471' title='bbox 3154 1997 3395 2068; x_wconf 81' lang='grc' dir='ltr'>Ἰησοῦς·</span> <span class='ocrx_word' id='word_1_472' title='bbox 3430 1997 3526 2052; x_wconf 80' lang='grc' dir='ltr'>καὶ</span> <span class='ocrx_word' id='word_1_473' title='bbox 3566 1998 3750 2052; x_wconf 81' lang='grc' dir='ltr'>Ἠλίου</span> 
     </span>
    </p>
   </div>
   <div class='ocr_carea' id='block_1_67' title="bbox 2179 2085 3752 2162">
    <p class='ocr_par' dir='ltr' id='par_1_67' title="bbox 2179 2085 3752 2162">
     <span class='ocr_line' id='line_1_67' title="bbox 2179 2085 3752 2162; baseline 0.003 -24"><span class='ocrx_word' id='word_1_474' title='bbox 2179 2085 2599 2154; x_wconf 81' lang='grc' dir='ltr'><strong>ἀναληφθέντος,</strong></span> <span class='ocrx_word' id='word_1_475' title='bbox 2637 2088 2881 2156; x_wconf 79' lang='grc' dir='ltr'>παρευθὺ</span> <span class='ocrx_word' id='word_1_476' title='bbox 2926 2087 3199 2142; x_wconf 79' lang='grc' dir='ltr'>Ἐλισσαιὲ</span> <span class='ocrx_word' id='word_1_477' title='bbox 3223 2093 3321 2160; x_wconf 85' lang='grc' dir='ltr'>τῆς</span> <span class='ocrx_word' id='word_1_478' title='bbox 3348 2091 3606 2162; x_wconf 83' lang='grc' dir='ltr'>μηλωτῆς</span> <span class='ocrx_word' id='word_1_479' title='bbox 3654 2091 3752 2145; x_wconf 75' lang='grc' dir='ltr'><strong>καὶ</strong></span> 
     </span>
    </p>
   </div>
   <div class='ocr_carea' id='block_1_68' title="bbox 2180 2175 3753 2253">
    <p class='ocr_par' dir='ltr' id='par_1_68' title="bbox 2180 2175 3753 2253">
     <span class='ocr_line' id='line_1_68' title="bbox 2180 2175 3753 2253; baseline 0.006 -25"><span class='ocrx_word' id='word_1_480' title='bbox 2180 2175 2280 2246; x_wconf 81' lang='grc' dir='ltr'>τῆς</span> <span class='ocrx_word' id='word_1_481' title='bbox 2355 2177 2574 2246; x_wconf 81' lang='grc' dir='ltr'>χάριτος</span> <span class='ocrx_word' id='word_1_482' title='bbox 2641 2178 2977 2251; x_wconf 79' lang='grc' dir='ltr'><strong>κληρονόμος</strong></span> <span class='ocrx_word' id='word_1_483' title='bbox 3035 2182 3363 2252; x_wconf 79' lang='grc' dir='ltr'>ὲγνωρίζετο</span> <span class='ocrx_word' id='word_1_484' title='bbox 3437 2183 3497 2236; x_wconf 81' lang='grc' dir='ltr'>ὲν</span> <span class='ocrx_word' id='word_1_485' title='bbox 3554 2181 3753 2253; x_wconf 80' lang='grc' dir='ltr'>διπλῷ.</span> 
     </span>
    </p>
   </div>
   <div class='ocr_carea' id='block_1_69' title="bbox 2182 2269 3754 2342">
    <p class='ocr_par' dir='ltr' id='par_1_69' title="bbox 2182 2269 3754 2342">
     <span class='ocr_line' id='line_1_69' title="bbox 2182 2269 3754 2342; baseline 0.005 -22"><span class='ocrx_word' id='word_1_486' title='bbox 2182 2269 2419 2322; x_wconf 83' lang='grc' dir='ltr'>Τοιῶσδε</span> <span class='ocrx_word' id='word_1_487' title='bbox 2475 2271 2568 2323; x_wconf 84' lang='grc' dir='ltr'><strong>καὶ</strong></span> <span class='ocrx_word' id='word_1_488' title='bbox 2617 2271 2713 2324; x_wconf 88' lang='grc' dir='ltr'><strong>τοῦ</strong></span> <span class='ocrx_word' id='word_1_489' title='bbox 2771 2270 3032 2342; x_wconf 59' lang='grc' dir='ltr'>θεορόρου</span> <span class='ocrx_word' id='word_1_490' title='bbox 3089 2274 3336 2328; x_wconf 79' lang='grc' dir='ltr'>Ἰωάννου</span> <span class='ocrx_word' id='word_1_491' title='bbox 3385 2275 3495 2328; x_wconf 83' lang='grc' dir='ltr'><strong>τῶν</strong></span> <span class='ocrx_word' id='word_1_492' title='bbox 3539 2276 3754 2328; x_wconf 83' lang='grc' dir='ltr'>ὲνθένδε</span> 
     </span>
    </p>
   </div>
   <div class='ocr_carea' id='block_1_70' title="bbox 2185 2361 3752 2436">
    <p class='ocr_par' dir='ltr' id='par_1_70' title="bbox 2185 2361 3752 2436">
     <span class='ocr_line' id='line_1_70' title="bbox 2185 2361 3752 2436; baseline 0.004 -22"><span class='ocrx_word' id='word_1_493' title='bbox 2185 2362 2599 2431; x_wconf 83' lang='grc' dir='ltr'>ματαστάντος,</span> <span class='ocrx_word' id='word_1_494' title='bbox 2650 2361 2678 2413; x_wconf 88' lang='grc' dir='ltr'><strong>ὀ</strong></span> <span class='ocrx_word' id='word_1_495' title='bbox 2723 2362 2906 2432; x_wconf 86' lang='grc' dir='ltr'>τίμιος</span> <span class='ocrx_word' id='word_1_496' title='bbox 2942 2364 3212 2431; x_wconf 68' lang='grc' dir='ltr'>Στέφανος</span> <span class='ocrx_word' id='word_1_497' title='bbox 3269 2367 3364 2419; x_wconf 73' lang='grc' dir='ltr'><strong>καὶ</strong></span> <span class='ocrx_word' id='word_1_498' title='bbox 3405 2365 3501 2418; x_wconf 90' lang='grc' dir='ltr'><strong>τοῦ</strong></span> <span class='ocrx_word' id='word_1_499' title='bbox 3545 2368 3752 2436; x_wconf 79' lang='grc' dir='ltr'>τρόπου</span> 
     </span>
    </p>
   </div>
   <div class='ocr_carea' id='block_1_71' title="bbox 2183 2452 3754 2531">
    <p class='ocr_par' dir='ltr' id='par_1_71' title="bbox 2183 2452 3754 2531">
     <span class='ocr_line' id='line_1_71' title="bbox 2183 2452 3754 2531; baseline 0.004 -25"><span class='ocrx_word' id='word_1_500' title='bbox 2183 2453 2279 2506; x_wconf 68' lang='grc' dir='ltr'>καὶ</span> <span class='ocrx_word' id='word_1_501' title='bbox 2309 2452 2406 2521; x_wconf 77' lang='grc' dir='ltr'><strong>τῆς</strong></span> <span class='ocrx_word' id='word_1_502' title='bbox 2457 2455 2676 2524; x_wconf 84' lang='grc' dir='ltr'>χάριτος</span> <span class='ocrx_word' id='word_1_503' title='bbox 2703 2454 2760 2505; x_wconf 79' lang='grc' dir='ltr'>ἐν</span> <span class='ocrx_word' id='word_1_504' title='bbox 2803 2453 2978 2525; x_wconf 86' lang='grc' dir='ltr'>διπλῷ</span> <span class='ocrx_word' id='word_1_505' title='bbox 3013 2457 3107 2509; x_wconf 72' lang='grc' dir='ltr'><strong>καὶ</strong></span> <span class='ocrx_word' id='word_1_506' title='bbox 3159 2456 3304 2526; x_wconf 83' lang='grc' dir='ltr'>μάλα</span> <span class='ocrx_word' id='word_1_507' title='bbox 3355 2459 3754 2531; x_wconf 85' lang='grc' dir='ltr'>περισσοτέρως</span> 
     </span>
    </p>
   </div>
   <div class='ocr_carea' id='block_1_72' title="bbox 2183 2543 3756 2620">
    <p class='ocr_par' dir='ltr' id='par_1_72' title="bbox 2183 2543 3756 2620">
     <span class='ocr_line' id='line_1_72' title="bbox 2183 2543 3756 2620; baseline 0.004 -22"><span class='ocrx_word' id='word_1_508' title='bbox 2183 2543 2520 2615; x_wconf 75' lang='grc' dir='ltr'><strong>κληρονόμος</strong></span> <span class='ocrx_word' id='word_1_509' title='bbox 2579 2545 2922 2616; x_wconf 78' lang='grc' dir='ltr'>γνωρίζεται.</span> <span class='ocrx_word' id='word_1_510' title='bbox 2982 2544 3128 2601; x_wconf 81' lang='grc' dir='ltr'>Ἔδει</span> <span class='ocrx_word' id='word_1_511' title='bbox 3179 2549 3288 2620; x_wconf 84' lang='grc' dir='ltr'><strong>γάρ</strong></span> <span class='ocrx_word' id='word_1_512' title='bbox 3339 2550 3501 2604; x_wconf 81' lang='grc' dir='ltr'>αὐτὸν</span> <span class='ocrx_word' id='word_1_513' title='bbox 3550 2551 3626 2614; x_wconf 88' lang='grc' dir='ltr'>ὡς</span> <span class='ocrx_word' id='word_1_514' title='bbox 3684 2551 3756 2605; x_wconf 79' lang='grc' dir='ltr'><strong>τά</strong></span> 
     </span>
    </p>
   </div>
   <div class='ocr_carea' id='block_1_73' title="bbox 2183 2638 3757 2712">
    <p class='ocr_par' dir='ltr' id='par_1_73' title="bbox 2183 2638 3757 2712">
     <span class='ocr_line' id='line_1_73' title="bbox 2183 2638 3757 2712; baseline 0.002 -19"><span class='ocrx_word' id='word_1_515' title='bbox 2183 2639 2378 2712; x_wconf 82' lang='grc' dir='ltr'>πρῶτα</span> <span class='ocrx_word' id='word_1_516' title='bbox 2407 2640 2832 2712; x_wconf 83' lang='grc' dir='ltr'>κληρωσάμενον</span> <span class='ocrx_word' id='word_1_517' title='bbox 2870 2638 2980 2692; x_wconf 84' lang='grc' dir='ltr'><strong>τῶν</strong></span> <span class='ocrx_word' id='word_1_518' title='bbox 3011 2639 3176 2694; x_wconf 74' lang='grc' dir='ltr'>αὑτοῦ</span> <span class='ocrx_word' id='word_1_519' title='bbox 3213 2642 3556 2710; x_wconf 77' lang='grc' dir='ltr'>μαθημάτων</span> <span class='ocrx_word' id='word_1_520' title='bbox 3571 2651 3619 2708; x_wconf 84' lang='grc' dir='ltr'><strong>ιι,</strong></span> <span class='ocrx_word' id='word_1_521' title='bbox 3659 2647 3757 2699; x_wconf 74' lang='grc' dir='ltr'><strong>καὶ</strong></span> 
     </span>
    </p>
   </div>
   <div class='ocr_carea' id='block_1_74' title="bbox 2188 2730 3757 2806">
    <p class='ocr_par' dir='ltr' id='par_1_74' title="bbox 2188 2730 3757 2806">
     <span class='ocr_line' id='line_1_74' title="bbox 2188 2730 3757 2806; baseline 0.001 -18"><span class='ocrx_word' id='word_1_522' title='bbox 2188 2731 2386 2806; x_wconf 78' lang='grc' dir='ltr'>μικροῦ</span> <span class='ocrx_word' id='word_1_523' title='bbox 2426 2732 2535 2786; x_wconf 75' lang='grc' dir='ltr'>δεῖν</span> <span class='ocrx_word' id='word_1_524' title='bbox 2585 2735 2698 2795; x_wconf 79' lang='grc' dir='ltr'>τοῖς</span> <span class='ocrx_word' id='word_1_525' title='bbox 2752 2731 2846 2784; x_wconf 90' lang='grc' dir='ltr'><strong>τοῦ</strong></span> <span class='ocrx_word' id='word_1_526' title='bbox 2897 2731 3171 2802; x_wconf 78' lang='grc' dir='ltr'>μακαρίου</span> <span class='ocrx_word' id='word_1_527' title='bbox 3223 2730 3539 2801; x_wconf 75' lang='grc' dir='ltr'>θεοφιλέσιν</span> <span class='ocrx_word' id='word_1_528' title='bbox 3573 2734 3757 2805; x_wconf 74' lang='grc' dir='ltr'>ἔργοις</span> 
     </span>
    </p>
   </div>
   <div class='ocr_carea' id='block_1_75' title="bbox 2185 2823 3756 2896">
    <p class='ocr_par' dir='ltr' id='par_1_75' title="bbox 2185 2823 3756 2896">
     <span class='ocr_line' id='line_1_75' title="bbox 2185 2823 3756 2896; baseline -0.001 -17"><span class='ocrx_word' id='word_1_529' title='bbox 2185 2825 2527 2890; x_wconf 75' lang='grc' dir='ltr'>ἐξισοῦσθαι,</span> <span class='ocrx_word' id='word_1_530' title='bbox 2563 2823 2592 2877; x_wconf 86' lang='grc' dir='ltr'><strong>δ</strong></span> <span class='ocrx_word' id='word_1_531' title='bbox 2625 2825 2720 2877; x_wconf 81' lang='grc' dir='ltr'>καὶ</span> <span class='ocrx_word' id='word_1_532' title='bbox 2759 2823 3056 2890; x_wconf 74' lang='grc' dir='ltr'>ἐπέδειξεν.</span> <span class='ocrx_word' id='word_1_533' title='bbox 3105 2824 3318 2895; x_wconf 83' lang='grc' dir='ltr'>Ὠσπερ</span> <span class='ocrx_word' id='word_1_534' title='bbox 3348 2825 3458 2896; x_wconf 83' lang='grc' dir='ltr'>γὰρ</span> <span class='ocrx_word' id='word_1_535' title='bbox 3501 2827 3632 2889; x_wconf 81' lang='grc' dir='ltr'>παῖς</span> <span class='ocrx_word' id='word_1_536' title='bbox 3657 2826 3756 2878; x_wconf 90' lang='grc' dir='ltr'><strong>τοῦ</strong></span> 
     </span>
    </p>
   </div>
   <div class='ocr_carea' id='block_1_76' title="bbox 2186 2902 3758 2988">
    <p class='ocr_par' dir='ltr' id='par_1_76' title="bbox 2186 2902 3758 2988">
     <span class='ocr_line' id='line_1_76' title="bbox 2186 2902 3758 2988; baseline 0.002 -20"><span class='ocrx_word' id='word_1_537' title='bbox 2186 2915 2386 2969; x_wconf 75' lang='grc' dir='ltr'>οἰκείου</span> <span class='ocrx_word' id='word_1_538' title='bbox 2422 2917 2648 2986; x_wconf 73' lang='grc' dir='ltr'>πατρὸς,</span> <span class='ocrx_word' id='word_1_539' title='bbox 2679 2914 2768 2968; x_wconf 75' lang='grc' dir='ltr'><strong>τὸν</strong></span> <span class='ocrx_word' id='word_1_540' title='bbox 2789 2915 2950 2969; x_wconf 71' lang='grc' dir='ltr'>αὑτὸν</span> <span class='ocrx_word' id='word_1_541' title='bbox 2976 2915 3177 2986; x_wconf 86' lang='grc' dir='ltr'>τρόπον</span> <span class='ocrx_word' id='word_1_542' title='bbox 3203 2917 3298 2971; x_wconf 72' lang='grc' dir='ltr'>καὶ</span> <span class='ocrx_word' id='word_1_543' title='bbox 3323 2902 3480 2980; x_wconf 76' lang='grc' dir='ltr'>οὗτος</span> <span class='ocrx_word' id='word_1_544' title='bbox 3510 2919 3636 2982; x_wconf 73' lang='grc' dir='ltr'>τοὺς</span> <span class='ocrx_word' id='word_1_545' title='bbox 3657 2917 3758 2988; x_wconf 77' lang='grc' dir='ltr'>τῆς</span> 
     </span>
    </p>
   </div>
   <div class='ocr_carea' id='block_1_77' title="bbox 2187 3006 3760 3084">
    <p class='ocr_par' dir='ltr' id='par_1_77' title="bbox 2187 3006 3760 3084">
     <span class='ocr_line' id='line_1_77' title="bbox 2187 3006 3760 3084; baseline 0.001 -23"><span class='ocrx_word' id='word_1_546' title='bbox 2187 3007 2794 3084; x_wconf 18' lang='grc' dir='ltr'>ἀρετῆςιχαρακτῆρας</span> <span class='ocrx_word' id='word_1_547' title='bbox 2843 3006 2937 3060; x_wconf 85' lang='grc' dir='ltr'><strong>τοῦ</strong></span> <span class='ocrx_word' id='word_1_548' title='bbox 2994 3007 3198 3060; x_wconf 79' lang='grc' dir='ltr'>οἰκείου</span> <span class='ocrx_word' id='word_1_549' title='bbox 3251 3007 3641 3062; x_wconf 85' lang='grc' dir='ltr'>ἀνετυπώσατο</span> <span class='ocrx_word' id='word_1_550' title='bbox 3679 3010 3760 3063; x_wconf 81' lang='grc' dir='ltr'>δι·-</span> 
     </span>
    </p>
   </div>
   <div class='ocr_carea' id='block_1_78' title="bbox 2187 3091 3762 3170">
    <p class='ocr_par' dir='ltr' id='par_1_78' title="bbox 2187 3091 3762 3170">
     <span class='ocr_line' id='line_1_78' title="bbox 2187 3091 3762 3170; baseline 0.002 -18"><span class='ocrx_word' id='word_1_551' title='bbox 2187 3099 2473 3152; x_wconf 78' lang='grc' dir='ltr'>δασκάλου.</span> <span class='ocrx_word' id='word_1_552' title='bbox 2513 3091 2680 3160; x_wconf 71' lang='grc' dir='ltr'>Οὗτος</span> <span class='ocrx_word' id='word_1_553' title='bbox 2711 3094 2802 3150; x_wconf 81' lang='grc' dir='ltr'>οὖν</span> <span class='ocrx_word' id='word_1_554' title='bbox 2825 3099 2852 3151; x_wconf 83' lang='grc' dir='ltr'><strong>δ</strong></span> <span class='ocrx_word' id='word_1_555' title='bbox 2882 3099 2979 3168; x_wconf 80' lang='grc' dir='ltr'><strong>τῆς</strong></span> <span class='ocrx_word' id='word_1_556' title='bbox 3010 3098 3335 3170; x_wconf 74' lang='grc' dir='ltr'>ἐπουρανίου</span> <span class='ocrx_word' id='word_1_557' title='bbox 3367 3100 3762 3170; x_wconf 74' lang='grc' dir='ltr'>μητροπόλεως</span> 
     </span>
    </p>
   </div>
   <div class='ocr_carea' id='block_1_79' title="bbox 2187 3191 3760 3262">
    <p class='ocr_par' dir='ltr' id='par_1_79' title="bbox 2187 3191 3760 3262">
     <span class='ocr_line' id='line_1_79' title="bbox 2187 3191 3760 3262; baseline 0.004 -20"><span class='ocrx_word' id='word_1_558' title='bbox 2187 3191 2452 3260; x_wconf 72' lang='grc' dir='ltr'>οἰκιστὴς,</span> <span class='ocrx_word' id='word_1_559' title='bbox 2483 3192 2510 3242; x_wconf 87' lang='grc' dir='ltr'><strong>ό</strong></span> <span class='ocrx_word' id='word_1_560' title='bbox 2538 3191 2743 3253; x_wconf 83' lang='grc' dir='ltr'>τέλειος</span> <span class='ocrx_word' id='word_1_561' title='bbox 2774 3193 2830 3243; x_wconf 83' lang='grc' dir='ltr'>ὲν</span> <span class='ocrx_word' id='word_1_562' title='bbox 2862 3191 3088 3261; x_wconf 84' lang='grc' dir='ltr'>μονάσιν</span> <span class='ocrx_word' id='word_1_563' title='bbox 3117 3192 3368 3262; x_wconf 82' lang='grc' dir='ltr'>ἀριθμὸς,</span> <span class='ocrx_word' id='word_1_564' title='bbox 3399 3193 3428 3245; x_wconf 78' lang='grc' dir='ltr'><em>ὁ</em></span> <span class='ocrx_word' id='word_1_565' title='bbox 3455 3195 3601 3248; x_wconf 81' lang='grc' dir='ltr'><strong>κατά</strong></span> <span class='ocrx_word' id='word_1_566' title='bbox 3625 3195 3760 3247; x_wconf 69' lang='grc' dir='ltr'><strong>ἀδω-</strong></span> 
     </span>
    </p>
   </div>
   <div class='ocr_carea' id='block_1_80' title="bbox 2188 3280 3761 3352">
    <p class='ocr_par' dir='ltr' id='par_1_80' title="bbox 2188 3280 3761 3352">
     <span class='ocr_line' id='line_1_80' title="bbox 2188 3280 3761 3352; baseline 0.001 -18"><span class='ocrx_word' id='word_1_567' title='bbox 2188 3280 2407 3334; x_wconf 86' lang='grc' dir='ltr'>λουθίαν</span> <span class='ocrx_word' id='word_1_568' title='bbox 2459 3281 2752 3352; x_wconf 76' lang='grc' dir='ltr'>ὲξάριθμος</span> <span class='ocrx_word' id='word_1_569' title='bbox 2800 3283 3043 3352; x_wconf 80' lang='grc' dir='ltr'>οἰκήτωρ</span> <span class='ocrx_word' id='word_1_570' title='bbox 3075 3283 3190 3336; x_wconf 86' lang='grc' dir='ltr'>’τοῦ</span> <span class='ocrx_word' id='word_1_571' title='bbox 3245 3283 3636 3338; x_wconf 58' lang='grc' dir='ltr'>θείουποὺτου</span> <span class='ocrx_word' id='word_1_572' title='bbox 3669 3286 3761 3340; x_wconf 78' lang='grc' dir='ltr'><strong>καὶ</strong></span> 
     </span>
    </p>
   </div>
   <div class='ocr_carea' id='block_1_81' title="bbox 2187 3371 3760 3446">
    <p class='ocr_par' dir='ltr' id='par_1_81' title="bbox 2187 3371 3760 3446">
     <span class='ocr_line' id='line_1_81' title="bbox 2187 3371 3760 3446; baseline 0.004 -24"><span class='ocrx_word' id='word_1_573' title='bbox 2187 3371 2538 3442; x_wconf 79' lang='grc' dir='ltr'>ψυχοσώστου</span> <span class='ocrx_word' id='word_1_574' title='bbox 2573 3372 2771 3442; x_wconf 85' lang='grc' dir='ltr'>ἄντρου</span> <span class='ocrx_word' id='word_1_575' title='bbox 2821 3373 3135 3443; x_wconf 87' lang='grc' dir='ltr'>γενόμενος,</span> <span class='ocrx_word' id='word_1_576' title='bbox 3166 3375 3194 3426; x_wconf 85' lang='grc' dir='ltr'><strong>ό</strong></span> <span class='ocrx_word' id='word_1_577' title='bbox 3221 3374 3340 3438; x_wconf 90' lang='grc' dir='ltr'>νέος</span> <span class='ocrx_word' id='word_1_578' title='bbox 3388 3374 3582 3446; x_wconf 85' lang='grc' dir='ltr'>Ἰάρεδ,</span> <span class='ocrx_word' id='word_1_579' title='bbox 3605 3375 3760 3439; x_wconf 72' lang='grc' dir='ltr'>ἕκτος</span> 
     </span>
    </p>
   </div>
   <div class='ocr_carea' id='block_1_82' title="bbox 2189 3461 3757 3537">
    <p class='ocr_par' dir='ltr' id='par_1_82' title="bbox 2189 3461 3757 3537">
     <span class='ocr_line' id='line_1_82' title="bbox 2189 3461 3757 3537; baseline 0.002 -21"><span class='ocrx_word' id='word_1_580' title='bbox 2189 3463 2297 3516; x_wconf 84' lang='grc' dir='ltr'><strong>ἀπὸ</strong></span> <span class='ocrx_word' id='word_1_581' title='bbox 2338 3461 2510 3532; x_wconf 73' lang='grc' dir='ltr'>Ἀδὰμ</span> <span class='ocrx_word' id='word_1_582' title='bbox 2557 3463 2938 3532; x_wconf 77' lang='grc' dir='ltr'>χρηματίσας,</span> <span class='ocrx_word' id='word_1_583' title='bbox 2973 3465 3070 3516; x_wconf 75' lang='grc' dir='ltr'>καὶ</span> <span class='ocrx_word' id='word_1_584' title='bbox 3119 3465 3307 3535; x_wconf 79' lang='grc' dir='ltr'>πατὴρ</span> <span class='ocrx_word' id='word_1_585' title='bbox 3351 3465 3525 3536; x_wconf 84' lang='grc' dir='ltr'>Ἐνὼχ</span> <span class='ocrx_word' id='word_1_586' title='bbox 3558 3483 3757 3537; x_wconf 84' lang='grc' dir='ltr'>γνωρι-</span> 
     </span>
    </p>
   </div>
   <div class='ocr_carea' id='block_1_83' title="bbox 2191 3552 3760 3627">
    <p class='ocr_par' dir='ltr' id='par_1_83' title="bbox 2191 3552 3760 3627">
     <span class='ocr_line' id='line_1_83' title="bbox 2191 3552 3760 3627; baseline 0.004 -23"><span class='ocrx_word' id='word_1_587' title='bbox 2191 3552 2428 3624; x_wconf 76' lang='grc' dir='ltr'>σθεὶςτῇ</span> <span class='ocrx_word' id='word_1_588' title='bbox 2466 3554 2631 3624; x_wconf 73' lang='grc' dir='ltr'>ὁμοίᾳ</span> <span class='ocrx_word' id='word_1_589' title='bbox 2675 3553 3050 3624; x_wconf 86' lang='grc' dir='ltr'>εὐαρεστήσει.</span> <span class='ocrx_word' id='word_1_590' title='bbox 3103 3555 3215 3610; x_wconf 83' lang='grc' dir='ltr'><strong>Καὶ</strong></span> <span class='ocrx_word' id='word_1_591' title='bbox 3252 3556 3414 3618; x_wconf 84' lang='grc' dir='ltr'>αὐτὸς</span> <span class='ocrx_word' id='word_1_592' title='bbox 3449 3559 3562 3627; x_wconf 80' lang='grc' dir='ltr'><strong>γάρ</strong></span> <span class='ocrx_word' id='word_1_593' title='bbox 3603 3557 3760 3619; x_wconf 69' lang='grc' dir='ltr'>ἕκτος</span> 
     </span>
    </p>
   </div>
   <div class='ocr_carea' id='block_1_84' title="bbox 2189 3645 3759 3718">
    <p class='ocr_par' dir='ltr' id='par_1_84' title="bbox 2189 3645 3759 3718">
     <span class='ocr_line' id='line_1_84' title="bbox 2189 3645 3759 3718; baseline 0.003 -20"><span class='ocrx_word' id='word_1_594' title='bbox 2189 3645 2297 3698; x_wconf 75' lang='grc' dir='ltr'><strong>ἀπὸ</strong></span> <span class='ocrx_word' id='word_1_595' title='bbox 2323 3645 2418 3698; x_wconf 86' lang='grc' dir='ltr'><strong>τοῦ</strong></span> <span class='ocrx_word' id='word_1_596' title='bbox 2465 3645 2840 3716; x_wconf 86' lang='grc' dir='ltr'>πα-μμάκαρος</span> <span class='ocrx_word' id='word_1_597' title='bbox 2868 3645 3158 3712; x_wconf 77' lang='grc' dir='ltr'>Αὐξεντίου</span> <span class='ocrx_word' id='word_1_598' title='bbox 3209 3647 3577 3718; x_wconf 76' lang='grc' dir='ltr'>γνωρίζεταιο</span> <span class='ocrx_word' id='word_1_599' title='bbox 3613 3650 3759 3711; x_wconf 85' lang='grc' dir='ltr'>ὅστις</span> 
     </span>
    </p>
   </div>
   <div class='ocr_carea' id='block_1_85' title="bbox 2188 3735 3756 3810">
    <p class='ocr_par' dir='ltr' id='par_1_85' title="bbox 2188 3735 3756 3810">
     <span class='ocr_line' id='line_1_85' title="bbox 2188 3735 3756 3810; baseline 0.005 -22"><span class='ocrx_word' id='word_1_600' title='bbox 2188 3737 2266 3800; x_wconf 84' lang='grc' dir='ltr'>ὡς</span> <span class='ocrx_word' id='word_1_601' title='bbox 2294 3735 2408 3790; x_wconf 71' lang='grc' dir='ltr'>υἱὸν</span> <span class='ocrx_word' id='word_1_602' title='bbox 2439 3737 2531 3790; x_wconf 85' lang='grc' dir='ltr'><strong>τὸν</strong></span> <span class='ocrx_word' id='word_1_603' title='bbox 2561 3737 2656 3790; x_wconf 81' lang='grc' dir='ltr'><strong>τοῦ</strong></span> <span class='ocrx_word' id='word_1_604' title='bbox 2683 3737 2820 3790; x_wconf 86' lang='grc' dir='ltr'>Θεοῦ</span> <span class='ocrx_word' id='word_1_605' title='bbox 2854 3738 3019 3807; x_wconf 78' lang='grc' dir='ltr'>φόϐον</span> <span class='ocrx_word' id='word_1_606' title='bbox 3049 3737 3332 3792; x_wconf 70' lang='grc' dir='ltr'>συλλαϐὼν</span> <span class='ocrx_word' id='word_1_607' title='bbox 3366 3742 3756 3810; x_wconf 81' lang='grc' dir='ltr'>προφητικῶς,</span> 
     </span>
    </p>
   </div>
   <div class='ocr_carea' id='block_1_86' title="bbox 2187 3827 3758 3904">
    <p class='ocr_par' dir='ltr' id='par_1_86' title="bbox 2187 3827 3758 3904">
     <span class='ocr_line' id='line_1_86' title="bbox 2187 3827 3758 3904; baseline 0.003 -23"><span class='ocrx_word' id='word_1_608' title='bbox 2187 3829 2288 3898; x_wconf 78' lang='grc' dir='ltr'><strong>τὴν</strong></span> <span class='ocrx_word' id='word_1_609' title='bbox 2329 3827 2419 3882; x_wconf 78' lang='grc' dir='ltr'><strong>διὰ</strong></span> <span class='ocrx_word' id='word_1_610' title='bbox 2450 3829 2750 3900; x_wconf 78' lang='grc' dir='ltr'>μαρτυρίου</span> <span class='ocrx_word' id='word_1_611' title='bbox 2787 3830 3176 3901; x_wconf 75' lang='grc' dir='ltr'>εὐαρέστησιν,</span> <span class='ocrx_word' id='word_1_612' title='bbox 3202 3830 3278 3894; x_wconf 81' lang='grc' dir='ltr'>ὡς</span> <span class='ocrx_word' id='word_1_613' title='bbox 3306 3833 3426 3885; x_wconf 85' lang='grc' dir='ltr'>νέον</span> <span class='ocrx_word' id='word_1_614' title='bbox 3465 3833 3637 3904; x_wconf 82' lang='grc' dir='ltr'>Ἑνὼχ</span> <span class='ocrx_word' id='word_1_615' title='bbox 3667 3833 3758 3886; x_wconf 80' lang='grc' dir='ltr'>τὸν</span> 
     </span>
    </p>
   </div>
   <div class='ocr_carea' id='block_1_87' title="bbox 2187 3919 3758 3992">
    <p class='ocr_par' dir='ltr' id='par_1_87' title="bbox 2187 3919 3758 3992">
     <span class='ocr_line' id='line_1_87' title="bbox 2187 3919 3758 3992; baseline 0.003 -20"><span class='ocrx_word' id='word_1_616' title='bbox 2187 3919 2286 3988; x_wconf 83' lang='grc' dir='ltr'><strong>τῆς</strong></span> <span class='ocrx_word' id='word_1_617' title='bbox 2329 3921 2743 3990; x_wconf 84' lang='grc' dir='ltr'>εὐαρεστήσεως</span> <span class='ocrx_word' id='word_1_618' title='bbox 2793 3921 3118 3992; x_wconf 81' lang='grc' dir='ltr'>πρώταρχον</span> <span class='ocrx_word' id='word_1_619' title='bbox 3163 3921 3521 3976; x_wconf 84' lang='grc' dir='ltr'>άποτέτοκεν.</span> <span class='ocrx_word' id='word_1_620' title='bbox 3559 3925 3670 3992; x_wconf 80' lang='grc' dir='ltr'><strong>Τὴν</strong></span> <span class='ocrx_word' id='word_1_621' title='bbox 3697 3923 3758 3977; x_wconf 69' lang='grc' dir='ltr'>δὲ</span> 
     </span>
    </p>
   </div>
   <div class='ocr_carea' id='block_1_88' title="bbox 2188 4010 3755 4084">
    <p class='ocr_par' dir='ltr' id='par_1_88' title="bbox 2188 4010 3755 4084">
     <span class='ocr_line' id='line_1_88' title="bbox 2188 4010 3755 4084; baseline 0.001 -20"><span class='ocrx_word' id='word_1_622' title='bbox 2188 4011 2284 4064; x_wconf 83' lang='grc' dir='ltr'><strong>τοῦ</strong></span> <span class='ocrx_word' id='word_1_623' title='bbox 2307 4010 2618 4082; x_wconf 82' lang='grc' dir='ltr'>καθηγητοῦ</span> <span class='ocrx_word' id='word_1_624' title='bbox 2641 4010 2930 4082; x_wconf 81' lang='grc' dir='ltr'>μετάθεσιν</span> <span class='ocrx_word' id='word_1_625' title='bbox 2949 4012 3150 4080; x_wconf 85' lang='grc' dir='ltr'><strong>ἀλγῶν,</strong></span> <span class='ocrx_word' id='word_1_626' title='bbox 3167 4013 3358 4084; x_wconf 79' lang='grc' dir='ltr'>ἠνιᾶτο</span> <span class='ocrx_word' id='word_1_627' title='bbox 3378 4015 3474 4067; x_wconf 77' lang='grc' dir='ltr'>καὶ</span> <span class='ocrx_word' id='word_1_628' title='bbox 3498 4013 3755 4084; x_wconf 74' lang='grc' dir='ltr'>ἤσχαλλε,</span> 
     </span>
    </p>
   </div>
   <div class='ocr_carea' id='block_1_89' title="bbox 2191 4099 3756 4166">
    <p class='ocr_par' dir='ltr' id='par_1_89' title="bbox 2191 4099 3756 4166">
     <span class='ocr_line' id='line_1_89' title="bbox 2191 4099 3756 4166; baseline 0 -12"><span class='ocrx_word' id='word_1_629' title='bbox 2191 4101 2288 4154; x_wconf 60' lang='grc' dir='ltr'><strong>καὶ¹</strong></span> <span class='ocrx_word' id='word_1_630' title='bbox 2330 4099 2658 4166; x_wconf 75' lang='grc' dir='ltr'>διελογίζετο</span> <span class='ocrx_word' id='word_1_631' title='bbox 2705 4101 2942 4164; x_wconf 85' lang='grc' dir='ltr'>πάντως,</span> <span class='ocrx_word' id='word_1_632' title='bbox 2991 4103 3066 4166; x_wconf 84' lang='grc' dir='ltr'>ὠς</span> <span class='ocrx_word' id='word_1_633' title='bbox 3096 4102 3261 4165; x_wconf 83' lang='grc' dir='ltr'>καλὸς</span> <span class='ocrx_word' id='word_1_634' title='bbox 3286 4102 3524 4166; x_wconf 79' lang='grc' dir='ltr'>ὀπαδὸς,</span> <span class='ocrx_word' id='word_1_635' title='bbox 3570 4103 3630 4156; x_wconf 85' lang='grc' dir='ltr'>τὺ</span> <span class='ocrx_word' id='word_1_636' title='bbox 3659 4101 3756 4154; x_wconf 83' lang='grc' dir='ltr'><strong>τοῦ</strong></span> 
     </span>
    </p>
   </div>
   <div class='ocr_carea' id='block_1_90' title="bbox 2188 4191 3758 4266">
    <p class='ocr_par' dir='ltr' id='par_1_90' title="bbox 2188 4191 3758 4266">
     <span class='ocr_line' id='line_1_90' title="bbox 2188 4191 3758 4266; baseline 0.002 -22"><span class='ocrx_word' id='word_1_637' title='bbox 2188 4191 2510 4246; x_wconf 76' lang='grc' dir='ltr'>διδασκάλου</span> <span class='ocrx_word' id='word_1_638' title='bbox 2541 4192 3044 4264; x_wconf 83' lang='grc' dir='ltr'>ἀναπληρώσασθαι</span> <span class='ocrx_word' id='word_1_639' title='bbox 3068 4196 3378 4266; x_wconf 80' lang='grc' dir='ltr'>ἀγώνισμα.</span> <span class='ocrx_word' id='word_1_640' title='bbox 3427 4197 3540 4249; x_wconf 76' lang='grc' dir='ltr'><strong>Καὶ</strong></span> <span class='ocrx_word' id='word_1_641' title='bbox 3568 4195 3758 4266; x_wconf 82' lang='grc' dir='ltr'>ὥσπερ</span> 
     </span>
    </p>
   </div>
   <div class='ocr_carea' id='block_1_91' title="bbox 2189 4279 3761 4355">
    <p class='ocr_par' dir='ltr' id='par_1_91' title="bbox 2189 4279 3761 4355">
     <span class='ocr_line' id='line_1_91' title="bbox 2189 4279 3761 4355; baseline 0.003 -21"><span class='ocrx_word' id='word_1_642' title='bbox 2189 4281 2238 4334; x_wconf 83' lang='lat' dir='ltr'><strong>oi</strong></span> <span class='ocrx_word' id='word_1_643' title='bbox 2271 4279 2538 4335; x_wconf 83' lang='grc' dir='ltr'>θαλάσσια</span> <span class='ocrx_word' id='word_1_644' title='bbox 2581 4283 2726 4336; x_wconf 82' lang='grc' dir='ltr'>νῶτα</span> <span class='ocrx_word' id='word_1_645' title='bbox 2775 4283 3042 4355; x_wconf 83' lang='grc' dir='ltr'>διαπερᾷν</span> <span class='ocrx_word' id='word_1_646' title='bbox 3071 4285 3366 4349; x_wconf 64' lang='grc' dir='ltr'><strong>εἰωθότεςι</strong></span> <span class='ocrx_word' id='word_1_647' title='bbox 3391 4287 3488 4340; x_wconf 79' lang='grc' dir='ltr'><strong>καὶ</strong></span> <span class='ocrx_word' id='word_1_648' title='bbox 3517 4287 3616 4349; x_wconf 77' lang='grc' dir='ltr'><strong>τάς</strong></span> <span class='ocrx_word' id='word_1_649' title='bbox 3648 4302 3761 4355; x_wconf 64' lang='grc' dir='ltr'>μαι</span> 
     </span>
    </p>
   </div>
   <div class='ocr_carea' id='block_1_92' title="bbox 523 4369 2081 4444">
    <p class='ocr_par' dir='ltr' id='par_1_92' title="bbox 523 4371 2081 4442">
     <span class='ocr_line' id='line_1_92' title="bbox 523 4371 2081 4442; baseline 0.001 -16"><span class='ocrx_word' id='word_1_650' title='bbox 523 4373 651 4426; x_wconf 87' lang='lat' dir='ltr'><strong>tiam</strong></span> <span class='ocrx_word' id='word_1_651' title='bbox 683 4372 938 4439; x_wconf 80' lang='lat' dir='ltr'><strong>recipiat;</strong></span> <span class='ocrx_word' id='word_1_652' title='bbox 975 4371 1298 4436; x_wconf 83' lang='lat' dir='ltr'><strong>positionem</strong></span> <span class='ocrx_word' id='word_1_653' title='bbox 1326 4372 1561 4426; x_wconf 89' lang='lat' dir='ltr'><strong>siderum</strong></span> <span class='ocrx_word' id='word_1_654' title='bbox 1594 4375 1937 4436; x_wconf 87' lang='lat' dir='ltr'><strong>attendendo.</strong></span> <span class='ocrx_word' id='word_1_655' title='bbox 1961 4389 2081 4442; x_wconf 76' lang='lat' dir='ltr'><strong>pro-</strong></span> 
     </span>
    </p>
   </div>
   <div class='ocr_carea' id='block_1_93' title="bbox 2183 4369 3760 4444">
    <p class='ocr_par' dir='ltr' id='par_1_93' title="bbox 2190 4369 3760 4444">
     <span class='ocr_line' id='line_1_93' title="bbox 2190 4369 3760 4444; baseline 0.001 -22"><span class='ocrx_word' id='word_1_656' title='bbox 2190 4369 2330 4440; x_wconf 85' lang='grc' dir='ltr'><strong>κράς</strong></span> <span class='ocrx_word' id='word_1_657' title='bbox 2359 4370 2672 4441; x_wconf 81' lang='grc' dir='ltr'>ἀποδημίας</span> <span class='ocrx_word' id='word_1_658' title='bbox 2709 4372 3053 4443; x_wconf 63' lang='grc' dir='ltr'>ποιούμενον</span> <span class='ocrx_word' id='word_1_659' title='bbox 3101 4373 3289 4444; x_wconf 77' lang='grc' dir='ltr'>ἐπειδὴ</span> <span class='ocrx_word' id='word_1_660' title='bbox 3337 4375 3448 4426; x_wconf 83' lang='grc' dir='ltr'><strong>τῶν</strong></span> <span class='ocrx_word' id='word_1_661' title='bbox 3481 4374 3685 4428; x_wconf 78' lang='grc' dir='ltr'>ὑδάτων</span> <span class='ocrx_word' id='word_1_662' title='bbox 3721 4374 3760 4442; x_wconf 76' lang='grc' dir='ltr'><strong>ἠ</strong></span> 
     </span>
    </p>
   </div>
   <div class='ocr_carea' id='block_1_94' title="bbox 525 4463 2087 4534">
    <p class='ocr_par' dir='ltr' id='par_1_94' title="bbox 525 4463 2087 4534">
     <span class='ocr_line' id='line_1_94' title="bbox 525 4463 2087 4534; baseline 0.004 -18"><span class='ocrx_word' id='word_1_663' title='bbox 525 4467 754 4533; x_wconf 86' lang='lat' dir='ltr'><strong>positam</strong></span> <span class='ocrx_word' id='word_1_664' title='bbox 802 4463 904 4518; x_wconf 88' lang='lat' dir='ltr'><strong>sibi</strong></span> <span class='ocrx_word' id='word_1_665' title='bbox 962 4463 1103 4516; x_wconf 86' lang='lat' dir='ltr'><strong>viam</strong></span> <span class='ocrx_word' id='word_1_666' title='bbox 1150 4463 1462 4529; x_wconf 89' lang='lat' dir='ltr'><strong>decurrunt,</strong></span> <span class='ocrx_word' id='word_1_667' title='bbox 1487 4473 1544 4518; x_wconf 87' lang='lat' dir='ltr'><strong>et</strong></span> <span class='ocrx_word' id='word_1_668' title='bbox 1593 4478 1658 4517; x_wconf 78' lang='lat' dir='ltr'><strong>ex</strong></span> <span class='ocrx_word' id='word_1_669' title='bbox 1719 4467 2087 4534; x_wconf 88' lang='lat' dir='ltr'><strong>superioribus</strong></span> 
     </span>
    </p>
   </div>
   <div class='ocr_carea' id='block_1_95' title="bbox 521 4551 2084 4622">
    <p class='ocr_par' dir='ltr' id='par_1_95' title="bbox 521 4551 2084 4622">
     <span class='ocr_line' id='line_1_95' title="bbox 521 4551 2084 4622; baseline 0.003 -17"><span class='ocrx_word' id='word_1_670' title='bbox 521 4555 774 4606; x_wconf 85' lang='lat' dir='ltr'><strong>cursibus</strong></span> <span class='ocrx_word' id='word_1_671' title='bbox 823 4551 1132 4606; x_wconf 79' lang='lat' dir='ltr'><strong>inferiorem</strong></span> <span class='ocrx_word' id='word_1_672' title='bbox 1189 4552 1435 4606; x_wconf 87' lang='lat' dir='ltr'><strong>semitam</strong></span> <span class='ocrx_word' id='word_1_673' title='bbox 1485 4562 1670 4622; x_wconf 87' lang='lat' dir='ltr'><strong>aperte</strong></span> <span class='ocrx_word' id='word_1_674' title='bbox 1724 4554 2084 4621; x_wconf 84' lang='lat' dir='ltr'><strong>cenjiciendo,</strong></span> 
     </span>
    </p>
   </div>
   <div class='ocr_carea' id='block_1_96' title="bbox 524 4643 2084 4714">
    <p class='ocr_par' dir='ltr' id='par_1_96' title="bbox 524 4643 2084 4714">
     <span class='ocr_line' id='line_1_96' title="bbox 524 4643 2084 4714; baseline 0.001 -16"><span class='ocrx_word' id='word_1_675' title='bbox 524 4643 642 4698; x_wconf 86' lang='lat' dir='ltr'><strong>sine</strong></span> <span class='ocrx_word' id='word_1_676' title='bbox 659 4658 844 4697; x_wconf 88' lang='lat' dir='ltr'><strong>errore</strong></span> <span class='ocrx_word' id='word_1_677' title='bbox 867 4643 968 4697; x_wconf 89' lang='lat' dir='ltr'><strong>iter</strong></span> <span class='ocrx_word' id='word_1_678' title='bbox 987 4643 1205 4698; x_wconf 90' lang='lat' dir='ltr'><strong>minime</strong></span> <span class='ocrx_word' id='word_1_679' title='bbox 1229 4643 1409 4697; x_wconf 86' lang='lat' dir='ltr'><strong>tritum</strong></span> <span class='ocrx_word' id='word_1_680' title='bbox 1441 4655 1670 4714; x_wconf 73' lang='lat' dir='ltr'><strong>pergunt</strong></span> <span class='ocrx_word' id='word_1_681' title='bbox 1692 4659 1712 4698; x_wconf 89' lang='lat'><strong><em>:</em></strong></span> <span class='ocrx_word' id='word_1_682' title='bbox 1731 4646 2084 4713; x_wconf 88' lang='lat' dir='ltr'><strong>quemadmo-</strong></span> 
     </span>
    </p>
   </div>
   <div class='ocr_carea' id='block_1_97' title="bbox 522 4733 2085 4806">
    <p class='ocr_par' dir='ltr' id='par_1_97' title="bbox 522 4733 2085 4806">
     <span class='ocr_line' id='line_1_97' title="bbox 522 4733 2085 4806; baseline 0.002 -18"><span class='ocrx_word' id='word_1_683' title='bbox 522 4735 650 4788; x_wconf 86' lang='lat' dir='ltr'><strong>dum</strong></span> <span class='ocrx_word' id='word_1_684' title='bbox 672 4733 835 4806; x_wconf 71' lang='grc'><strong>427</strong></span> <span class='ocrx_word' id='word_1_685' title='bbox 861 4737 1022 4788; x_wconf 88' lang='lat' dir='ltr'><strong>etiam</strong></span> <span class='ocrx_word' id='word_1_686' title='bbox 1047 4736 1104 4798; x_wconf 93' lang='lat' dir='ltr'><strong>ii,</strong></span> <span class='ocrx_word' id='word_1_687' title='bbox 1133 4735 1328 4804; x_wconf 85' lang='lat' dir='ltr'><strong>quibus</strong></span> <span class='ocrx_word' id='word_1_688' title='bbox 1357 4736 1408 4788; x_wconf 92' lang='lat' dir='ltr'><strong>in</strong></span> <span class='ocrx_word' id='word_1_689' title='bbox 1435 4736 1732 4789; x_wconf 91' lang='lat' dir='ltr'><strong>continenti</strong></span> <span class='ocrx_word' id='word_1_690' title='bbox 1759 4737 2085 4791; x_wconf 88' lang='lat' dir='ltr'><strong>commorari</strong></span> 
     </span>
    </p>
   </div>
   <div class='ocr_carea' id='block_1_98' title="bbox 524 4813 2087 4896">
    <p class='ocr_par' dir='ltr' id='par_1_98' title="bbox 524 4813 2087 4896">
     <span class='ocr_line' id='line_1_98' title="bbox 524 4813 2087 4896; baseline -0.001 -16"><span class='ocrx_word' id='word_1_691' title='bbox 524 4825 722 4896; x_wconf 88' lang='lat' dir='ltr'><strong>placet,</strong></span> <span class='ocrx_word' id='word_1_692' title='bbox 752 4841 872 4880; x_wconf 89' lang='lat' dir='ltr'><strong>cum</strong></span> <span class='ocrx_word' id='word_1_693' title='bbox 906 4839 963 4878; x_wconf 90' lang='lat' dir='ltr'><strong>se</strong></span> <span class='ocrx_word' id='word_1_694' title='bbox 998 4823 1226 4879; x_wconf 77' lang='lat' dir='ltr'><strong>invicem</strong></span> <span class='ocrx_word' id='word_1_695' title='bbox 1259 4825 1492 4880; x_wconf 85' lang='lat' dir='ltr'><strong>invisere</strong></span> <span class='ocrx_word' id='word_1_696' title='bbox 1516 4825 1758 4893; x_wconf 86' lang='lat' dir='ltr'><strong>cupiunt,</strong></span> <span class='ocrx_word' id='word_1_697' title='bbox 1794 4813 1903 4879; x_wconf 88' lang='lat' dir='ltr'><strong>non</strong></span> <span class='ocrx_word' id='word_1_698' title='bbox 1935 4827 2087 4894; x_wconf 80' lang='lat' dir='ltr'><strong>igno-</strong></span> 
     </span>
    </p>
   </div>
   <div class='ocr_carea' id='block_1_99' title="bbox 527 4914 2086 4985">
    <p class='ocr_par' dir='ltr' id='par_1_99' title="bbox 527 4914 2086 4985">
     <span class='ocr_line' id='line_1_99' title="bbox 527 4914 2086 4985; baseline 0.001 -17"><span class='ocrx_word' id='word_1_699' title='bbox 527 4915 597 4970; x_wconf 89' lang='lat' dir='ltr'><strong>tis</strong></span> <span class='ocrx_word' id='word_1_700' title='bbox 624 4915 832 4970; x_wconf 83' lang='lat' dir='ltr'><strong>semitis</strong></span> <span class='ocrx_word' id='word_1_701' title='bbox 859 4915 1061 4985; x_wconf 78' lang='lat' dir='ltr'><strong>seipsos</strong></span> <span class='ocrx_word' id='word_1_702' title='bbox 1089 4916 1335 4981; x_wconf 89' lang='lat' dir='ltr'><strong>credunt,</strong></span> <span class='ocrx_word' id='word_1_703' title='bbox 1375 4927 1518 4969; x_wconf 88' lang='lat' dir='ltr'><strong>metu</strong></span> <span class='ocrx_word' id='word_1_704' title='bbox 1553 4917 1791 4980; x_wconf 86' lang='lat' dir='ltr'><strong>errandi,</strong></span> <span class='ocrx_word' id='word_1_705' title='bbox 1822 4914 1903 4968; x_wconf 86' lang='lat' dir='ltr'><strong>vel</strong></span> <span class='ocrx_word' id='word_1_706' title='bbox 1927 4915 1980 4969; x_wconf 89' lang='lat' dir='ltr'><strong>in</strong></span> <span class='ocrx_word' id='word_1_707' title='bbox 2005 4914 2086 4969; x_wconf 84' lang='lat' dir='ltr'><strong>la-</strong></span> 
     </span>
    </p>
   </div>
   <div class='ocr_carea' id='block_1_100' title="bbox 526 4997 2086 5075">
    <p class='ocr_par' dir='ltr' id='par_1_100' title="bbox 526 4997 2086 5075">
     <span class='ocr_line' id='line_1_100' title="bbox 526 4997 2086 5075; baseline -0.001 -15"><span class='ocrx_word' id='word_1_708' title='bbox 526 5014 739 5062; x_wconf 87' lang='lat' dir='ltr'><strong>tronum</strong></span> <span class='ocrx_word' id='word_1_709' title='bbox 771 5007 996 5061; x_wconf 82' lang='lat' dir='ltr'><strong>insidias</strong></span> <span class='ocrx_word' id='word_1_710' title='bbox 1049 5005 1340 5072; x_wconf 86' lang='lat' dir='ltr'><strong>incidendi,</strong></span> <span class='ocrx_word' id='word_1_711' title='bbox 1369 5005 1461 5060; x_wconf 89' lang='lat' dir='ltr'><strong>sed</strong></span> <span class='ocrx_word' id='word_1_712' title='bbox 1503 5020 1596 5074; x_wconf 91' lang='lat' dir='ltr'><strong>per</strong></span> <span class='ocrx_word' id='word_1_713' title='bbox 1651 5004 1916 5075; x_wconf 77' lang='lat' dir='ltr'><strong>publicam</strong></span> <span class='ocrx_word' id='word_1_714' title='bbox 1948 4997 2086 5059; x_wconf 60' lang='lat' dir='ltr'><strong>v&#39;iam</strong></span> 
     </span>
    </p>
   </div>
   <div class='ocr_carea' id='block_1_101' title="bbox 524 5095 2084 5166">
    <p class='ocr_par' dir='ltr' id='par_1_101' title="bbox 524 5095 2084 5166">
     <span class='ocr_line' id='line_1_101' title="bbox 524 5095 2084 5166; baseline -0.001 -13"><span class='ocrx_word' id='word_1_715' title='bbox 524 5109 832 5166; x_wconf 83' lang='lat' dir='ltr'><strong>susceptum</strong></span> <span class='ocrx_word' id='word_1_716' title='bbox 875 5097 976 5152; x_wconf 89' lang='lat' dir='ltr'><strong>iter</strong></span> <span class='ocrx_word' id='word_1_717' title='bbox 1025 5113 1145 5152; x_wconf 91' lang='lat' dir='ltr'><strong>cum</strong></span> <span class='ocrx_word' id='word_1_718' title='bbox 1209 5097 1375 5151; x_wconf 89' lang='lat' dir='ltr'><strong>multa</strong></span> <span class='ocrx_word' id='word_1_719' title='bbox 1417 5098 1711 5151; x_wconf 86' lang='lat' dir='ltr'><strong>securitate</strong></span> <span class='ocrx_word' id='word_1_720' title='bbox 1758 5095 2084 5166; x_wconf 86' lang='lat' dir='ltr'><strong>perﬁciunt:</strong></span> 
     </span>
    </p>
   </div>
   <div class='ocr_carea' id='block_1_102' title="bbox 524 5187 2082 5258">
    <p class='ocr_par' dir='ltr' id='par_1_102' title="bbox 524 5187 2082 5258">
     <span class='ocr_line' id='line_1_102' title="bbox 524 5187 2082 5258; baseline 0.002 -19"><span class='ocrx_word' id='word_1_721' title='bbox 524 5191 637 5258; x_wconf 83' lang='lat' dir='ltr'><strong>pari</strong></span> <span class='ocrx_word' id='word_1_722' title='bbox 669 5190 876 5244; x_wconf 87' lang='lat' dir='ltr'><strong>ratione</strong></span> <span class='ocrx_word' id='word_1_723' title='bbox 921 5189 1266 5246; x_wconf 76' lang='lat' dir='ltr'><strong>beatiSsimus</strong></span> <span class='ocrx_word' id='word_1_724' title='bbox 1314 5188 1473 5242; x_wconf 83' lang='lat' dir='ltr'><strong>Pater</strong></span> <span class='ocrx_word' id='word_1_725' title='bbox 1517 5199 1701 5243; x_wconf 88' lang='lat' dir='ltr'><strong>noster</strong></span> <span class='ocrx_word' id='word_1_726' title='bbox 1757 5187 2082 5258; x_wconf 89' lang='lat' dir='ltr'><strong>Stephanus,</strong></span> 
     </span>
    </p>
   </div>
   <div class='ocr_carea' id='block_1_103' title="bbox 595 5373 1535 5444">
    <p class='ocr_par' dir='ltr' id='par_1_103' title="bbox 595 5373 1535 5444">
     <span class='ocr_line' id='line_1_103' title="bbox 595 5373 1535 5444; baseline 0.001 -16"><span class='ocrx_word' id='word_1_727' title='bbox 595 5376 642 5408; x_wconf 79' lang='lat'>“</span> <span class='ocrx_word' id='word_1_728' title='bbox 669 5373 841 5430; x_wconf 87' lang='lat' dir='ltr'><strong>Eccli.</strong></span> <span class='ocrx_word' id='word_1_729' title='bbox 873 5391 1020 5440; x_wconf 69' lang='grc' dir='ltr'>κων,</span> <span class='ocrx_word' id='word_1_730' title='bbox 1044 5375 1144 5444; x_wconf 71' lang='grc'><strong>16;</strong></span> <span class='ocrx_word' id='word_1_731' title='bbox 1184 5373 1347 5431; x_wconf 85' lang='lat' dir='ltr'><strong>llebr.</strong></span> <span class='ocrx_word' id='word_1_732' title='bbox 1381 5391 1458 5440; x_wconf 78' lang='lat' dir='ltr'><strong>xi,</strong></span> <span class='ocrx_word' id='word_1_733' title='bbox 1484 5375 1535 5430; x_wconf 82' lang='grc'>5.</span> 
     </span>
    </p>
   </div>
   <div class='ocr_carea' id='block_1_104' title="bbox 2196 4461 3762 4536">
    <p class='ocr_par' dir='ltr' id='par_1_104' title="bbox 2196 4461 3762 4536">
     <span class='ocr_line' id='line_1_104' title="bbox 2196 4461 3762 4536; baseline 0.003 -22"><span class='ocrx_word' id='word_1_734' title='bbox 2196 4461 2357 4531; x_wconf 85' lang='grc' dir='ltr'>φύσις</span> <span class='ocrx_word' id='word_1_735' title='bbox 2381 4462 2536 4526; x_wconf 80' lang='grc' dir='ltr'>ὀδοὺς</span> <span class='ocrx_word' id='word_1_736' title='bbox 2564 4463 2667 4516; x_wconf 84' lang='grc' dir='ltr'>οὐκ</span> <span class='ocrx_word' id='word_1_737' title='bbox 2689 4462 2803 4534; x_wconf 77' lang='grc' dir='ltr'>ἔχει</span> <span class='ocrx_word' id='word_1_738' title='bbox 2833 4464 3216 4536; x_wconf 79' lang='grc' dir='ltr'>διωρισμένας,</span> <span class='ocrx_word' id='word_1_739' title='bbox 3243 4465 3450 4528; x_wconf 77' lang='grc' dir='ltr'>τύπους</span> <span class='ocrx_word' id='word_1_740' title='bbox 3492 4483 3551 4518; x_wconf 85' lang='grc' dir='ltr'><strong>τε</strong></span> <span class='ocrx_word' id='word_1_741' title='bbox 3581 4465 3762 4519; x_wconf 81' lang='grc' dir='ltr'>ποδῶν</span> 
     </span>
    </p>
   </div>
   <div class='ocr_carea' id='block_1_105' title="bbox 2193 4551 3762 4626">
    <p class='ocr_par' dir='ltr' id='par_1_105' title="bbox 2193 4551 3762 4626">
     <span class='ocr_line' id='line_1_105' title="bbox 2193 4551 3762 4626; baseline 0.001 -20"><span class='ocrx_word' id='word_1_742' title='bbox 2193 4551 2288 4606; x_wconf 73' lang='grc' dir='ltr'><strong>καὶ</strong></span> <span class='ocrx_word' id='word_1_743' title='bbox 2331 4552 2600 4624; x_wconf 82' lang='grc' dir='ltr'>γραμμὰς</span> <span class='ocrx_word' id='word_1_744' title='bbox 2647 4553 2944 4624; x_wconf 87' lang='grc' dir='ltr'>ὀχημάτων</span> <span class='ocrx_word' id='word_1_745' title='bbox 2967 4563 2991 4590; x_wconf 76' lang='grc' dir='ltr'><strong><em>ο</em></strong></span> <span class='ocrx_word' id='word_1_746' title='bbox 3035 4554 3126 4608; x_wconf 85' lang='grc' dir='ltr'>διὰ</span> <span class='ocrx_word' id='word_1_747' title='bbox 3157 4555 3219 4609; x_wconf 83' lang='grc' dir='ltr'><strong>τὸ</strong></span> <span class='ocrx_word' id='word_1_748' title='bbox 3253 4555 3420 4626; x_wconf 76' lang='grc' dir='ltr'>μανὸν</span> <span class='ocrx_word' id='word_1_749' title='bbox 3447 4559 3538 4610; x_wconf 71' lang='grc' dir='ltr'>καὶ</span> <span class='ocrx_word' id='word_1_750' title='bbox 3561 4557 3762 4626; x_wconf 76' lang='grc' dir='ltr'>χαῦνον</span> 
     </span>
    </p>
   </div>
   <div class='ocr_carea' id='block_1_106' title="bbox 2189 4642 3762 4717">
    <p class='ocr_par' dir='ltr' id='par_1_106' title="bbox 2189 4642 3762 4717">
     <span class='ocr_line' id='line_1_106' title="bbox 2189 4642 3762 4717; baseline 0.002 -21"><span class='ocrx_word' id='word_1_751' title='bbox 2189 4642 2293 4712; x_wconf 83' lang='grc' dir='ltr'><strong>τῆς</strong></span> <span class='ocrx_word' id='word_1_752' title='bbox 2325 4643 2514 4708; x_wconf 81' lang='grc' dir='ltr'>οὐσίας</span> <span class='ocrx_word' id='word_1_753' title='bbox 2551 4643 2612 4696; x_wconf 82' lang='grc' dir='ltr'><strong>οὐ</strong></span> <span class='ocrx_word' id='word_1_754' title='bbox 2647 4643 2940 4716; x_wconf 81' lang='grc' dir='ltr'>δεχομένη,</span> <span class='ocrx_word' id='word_1_755' title='bbox 2984 4648 3053 4717; x_wconf 78' lang='grc' dir='ltr'>τῇ</span> <span class='ocrx_word' id='word_1_756' title='bbox 3083 4645 3230 4699; x_wconf 87' lang='grc' dir='ltr'>θέσει</span> <span class='ocrx_word' id='word_1_757' title='bbox 3283 4646 3342 4700; x_wconf 82' lang='grc' dir='ltr'>δὲ</span> <span class='ocrx_word' id='word_1_758' title='bbox 3374 4647 3484 4702; x_wconf 85' lang='grc' dir='ltr'>τῶν</span> <span class='ocrx_word' id='word_1_759' title='bbox 3515 4648 3762 4716; x_wconf 78' lang='grc' dir='ltr'>ἀστέρων</span> 
     </span>
    </p>
   </div>
   <div class='ocr_carea' id='block_1_107' title="bbox 2193 4735 3764 4809">
    <p class='ocr_par' dir='ltr' id='par_1_107' title="bbox 2193 4735 3764 4809">
     <span class='ocr_line' id='line_1_107' title="bbox 2193 4735 3764 4809; baseline 0.001 -21"><span class='ocrx_word' id='word_1_760' title='bbox 2193 4735 2588 4805; x_wconf 84' lang='grc' dir='ltr'>προσέχοντες,</span> <span class='ocrx_word' id='word_1_761' title='bbox 2647 4735 2748 4806; x_wconf 78' lang='grc' dir='ltr'>τὴν</span> <span class='ocrx_word' id='word_1_762' title='bbox 2819 4737 3192 4809; x_wconf 85' lang='grc' dir='ltr'>προκειμένην</span> <span class='ocrx_word' id='word_1_763' title='bbox 3244 4739 3432 4802; x_wconf 83' lang='grc' dir='ltr'>αὐτοῖς</span> <span class='ocrx_word' id='word_1_764' title='bbox 3488 4740 3602 4793; x_wconf 77' lang='grc' dir='ltr'>ὁδον</span> <span class='ocrx_word' id='word_1_765' title='bbox 3671 4739 3764 4791; x_wconf 76' lang='grc' dir='ltr'>δι-</span> 
     </span>
    </p>
   </div>
   <div class='ocr_carea' id='block_1_108' title="bbox 2192 4825 3764 4900">
    <p class='ocr_par' dir='ltr' id='par_1_108' title="bbox 2192 4825 3764 4900">
     <span class='ocr_line' id='line_1_108' title="bbox 2192 4825 3764 4900; baseline 0.003 -22"><span class='ocrx_word' id='word_1_766' title='bbox 2192 4825 2470 4879; x_wconf 83' lang='grc' dir='ltr'>οδεύουσιν</span> <span class='ocrx_word' id='word_1_767' title='bbox 2491 4843 2505 4856; x_wconf 86' lang='grc'><strong>·</strong></span> <span class='ocrx_word' id='word_1_768' title='bbox 2539 4827 2632 4880; x_wconf 80' lang='grc' dir='ltr'>καὶ</span> <span class='ocrx_word' id='word_1_769' title='bbox 2669 4827 2736 4880; x_wconf 80' lang='grc' dir='ltr'>ἐκ</span> <span class='ocrx_word' id='word_1_770' title='bbox 2757 4827 2866 4880; x_wconf 83' lang='grc' dir='ltr'><strong>τῶν</strong></span> <span class='ocrx_word' id='word_1_771' title='bbox 2901 4829 3108 4884; x_wconf 75' lang='grc' dir='ltr'>ἄνωθεν</span> <span class='ocrx_word' id='word_1_772' title='bbox 3141 4830 3362 4900; x_wconf 78' lang='grc' dir='ltr'>δρόμων</span> <span class='ocrx_word' id='word_1_773' title='bbox 3399 4831 3626 4900; x_wconf 71' lang='grc' dir='ltr'>σαφῶςρ</span> <span class='ocrx_word' id='word_1_774' title='bbox 3651 4830 3764 4900; x_wconf 72' lang='grc' dir='ltr'><strong>τὴν</strong></span> 
     </span>
    </p>
   </div>
   <div class='ocr_carea' id='block_1_109' title="bbox 2193 4917 3762 4992">
    <p class='ocr_par' dir='ltr' id='par_1_109' title="bbox 2193 4917 3762 4992">
     <span class='ocr_line' id='line_1_109' title="bbox 2193 4917 3762 4992; baseline 0.001 -22"><span class='ocrx_word' id='word_1_775' title='bbox 2193 4917 2440 4971; x_wconf 86' lang='grc' dir='ltr'>κάτωθεν</span> <span class='ocrx_word' id='word_1_776' title='bbox 2470 4919 2896 4990; x_wconf 82' lang='grc' dir='ltr'>τεκμαιρόμενοι</span> <span class='ocrx_word' id='word_1_777' title='bbox 2918 4921 3122 4990; x_wconf 72' lang='grc' dir='ltr'>τρίϐον,</span> <span class='ocrx_word' id='word_1_778' title='bbox 3150 4921 3406 4985; x_wconf 83' lang='grc' dir='ltr'>ἀπλανῶς</span> <span class='ocrx_word' id='word_1_779' title='bbox 3433 4921 3530 4992; x_wconf 80' lang='grc' dir='ltr'>τὴν</span> <span class='ocrx_word' id='word_1_780' title='bbox 3559 4922 3762 4992; x_wconf 76' lang='grc' dir='ltr'>ἀτριεῆ</span> 
     </span>
    </p>
   </div>
   <div class='ocr_carea' id='block_1_110' title="bbox 2193 5007 3769 5080">
    <p class='ocr_par' dir='ltr' id='par_1_110' title="bbox 2193 5007 3769 5080">
     <span class='ocr_line' id='line_1_110' title="bbox 2193 5007 3769 5080; baseline 0.001 -21"><span class='ocrx_word' id='word_1_781' title='bbox 2193 5008 2422 5079; x_wconf 85' lang='grc' dir='ltr'>πορείαν</span> <span class='ocrx_word' id='word_1_782' title='bbox 2449 5007 2745 5062; x_wconf 80' lang='grc' dir='ltr'>ὁδεύουσιν.</span> <span class='ocrx_word' id='word_1_783' title='bbox 2796 5011 2904 5063; x_wconf 74' lang='grc' dir='ltr'><strong>Καὶ</strong></span> <span class='ocrx_word' id='word_1_784' title='bbox 2932 5010 3006 5074; x_wconf 87' lang='grc' dir='ltr'>ὠς</span> <span class='ocrx_word' id='word_1_785' title='bbox 3047 5007 3204 5073; x_wconf 82' lang='grc' dir='ltr'>αὖθις</span> <span class='ocrx_word' id='word_1_786' title='bbox 3233 5011 3284 5062; x_wconf 85' lang='grc' dir='ltr'>οἱ</span> <span class='ocrx_word' id='word_1_787' title='bbox 3314 5013 3412 5075; x_wconf 77' lang='grc' dir='ltr'>τὰς</span> <span class='ocrx_word' id='word_1_788' title='bbox 3441 5014 3499 5065; x_wconf 76' lang='grc' dir='ltr'><strong>έν</strong></span> <span class='ocrx_word' id='word_1_789' title='bbox 3545 5013 3769 5080; x_wconf 63' lang='lat' dir='ltr'><strong>treein</strong></span> 
     </span>
    </p>
   </div>
   <div class='ocr_carea' id='block_1_111' title="bbox 2192 5097 3768 5172">
    <p class='ocr_par' dir='ltr' id='par_1_111' title="bbox 2192 5097 3768 5172">
     <span class='ocr_line' id='line_1_111' title="bbox 2192 5097 3768 5172; baseline -0.001 -20"><span class='ocrx_word' id='word_1_790' title='bbox 2192 5099 2476 5168; x_wconf 75' lang='grc' dir='ltr'>διατριϐάς</span> <span class='ocrx_word' id='word_1_791' title='bbox 2513 5099 2906 5171; x_wconf 81' lang='grc' dir='ltr'>ἀσπαζόμενοι,</span> <span class='ocrx_word' id='word_1_792' title='bbox 2947 5103 3076 5154; x_wconf 85' lang='grc' dir='ltr'>ὅταν</span> <span class='ocrx_word' id='word_1_793' title='bbox 3105 5103 3295 5172; x_wconf 76' lang='grc' dir='ltr'>φοιτᾷν</span> <span class='ocrx_word' id='word_1_794' title='bbox 3331 5101 3468 5172; x_wconf 81' lang='grc' dir='ltr'>πρὸς</span> <span class='ocrx_word' id='word_1_795' title='bbox 3498 5097 3768 5170; x_wconf 62' lang='grc' dir='ltr'>ἀλλήλους</span> 
     </span>
    </p>
   </div>
   <div class='ocr_carea' id='block_1_112' title="bbox 2191 5189 3764 5264">
    <p class='ocr_par' dir='ltr' id='par_1_112' title="bbox 2191 5189 3764 5264">
     <span class='ocr_line' id='line_1_112' title="bbox 2191 5189 3764 5264; baseline 0 -22"><span class='ocrx_word' id='word_1_796' title='bbox 2191 5189 2477 5243; x_wconf 62' lang='grc' dir='ltr'><strong>ἐθέλωσινο</strong></span> <span class='ocrx_word' id='word_1_797' title='bbox 2510 5192 2574 5244; x_wconf 82' lang='grc' dir='ltr'>οὐ</span> <span class='ocrx_word' id='word_1_798' title='bbox 2601 5193 2720 5256; x_wconf 84' lang='grc' dir='ltr'>ταῖς</span> <span class='ocrx_word' id='word_1_799' title='bbox 2763 5192 3158 5264; x_wconf 85' lang='grc' dir='ltr'>ἀγνοουμέναις</span> <span class='ocrx_word' id='word_1_800' title='bbox 3188 5191 3616 5264; x_wconf 75' lang='grc' dir='ltr'>ἀτραποίςσφας</span> <span class='ocrx_word' id='word_1_801' title='bbox 3649 5189 3764 5243; x_wconf 80' lang='grc' dir='ltr'>αὐ-</span> 
     </span>
    </p>
   </div>
   <div class='ocr_carea' id='block_1_113' title="bbox 1785 5489 2464 5552">
    <p class='ocr_par' dir='ltr' id='par_1_113' title="bbox 1785 5489 2464 5552">
     <span class='ocr_line' id='line_1_113' title="bbox 1785 5489 2464 5552; baseline 0.013 -9"><span class='ocrx_word' id='word_1_802' title='bbox 1785 5489 2020 5546; x_wconf 71' lang='grc' dir='ltr'>νΑιιιΑῑ</span> <span class='ocrx_word' id='word_1_803' title='bbox 2061 5491 2464 5552; x_wconf 79' lang='lat' dir='ltr'><strong>LECTIONES.</strong></span> 
     </span>
    </p>
   </div>
   <div class='ocr_carea' id='block_1_114' title="bbox 595 5629 2554 5704">
    <p class='ocr_par' dir='ltr' id='par_1_114' title="bbox 595 5629 2554 5704">
     <span class='ocr_line' id='line_1_114' title="bbox 595 5629 2554 5704; baseline 0.004 -22"><span class='ocrx_word' id='word_1_804' title='bbox 595 5635 628 5664; x_wconf 78' lang='grc'><strong>⁸</strong></span> <span class='ocrx_word' id='word_1_805' title='bbox 663 5629 735 5682; x_wconf 86' lang='lat' dir='ltr'><strong>al.</strong></span> <span class='ocrx_word' id='word_1_806' title='bbox 771 5629 1056 5699; x_wconf 71' lang='grc' dir='ltr'>μαθητῶν.</span> <span class='ocrx_word' id='word_1_807' title='bbox 1129 5638 1154 5666; x_wconf 84' lang='lat'><strong><em>°</em></strong></span> <span class='ocrx_word' id='word_1_808' title='bbox 1193 5632 1264 5686; x_wconf 88' lang='lat' dir='ltr'><strong>al.</strong></span> <span class='ocrx_word' id='word_1_809' title='bbox 1301 5632 1617 5702; x_wconf 48' lang='grc' dir='ltr'>σχημάτων,</span> <span class='ocrx_word' id='word_1_810' title='bbox 1655 5633 1723 5686; x_wconf 75' lang='lat' dir='ltr'><strong>ei.</strong></span> <span class='ocrx_word' id='word_1_811' title='bbox 1768 5635 2084 5703; x_wconf 85' lang='grc' dir='ltr'>σχισμάτων</span> <span class='ocrx_word' id='word_1_812' title='bbox 2179 5643 2209 5684; x_wconf 76' lang='grc' dir='ltr'>ι’</span> <span class='ocrx_word' id='word_1_813' title='bbox 2244 5637 2313 5689; x_wconf 82' lang='lat' dir='ltr'><strong>al.</strong></span> <span class='ocrx_word' id='word_1_814' title='bbox 2356 5635 2554 5704; x_wconf 67' lang='grc' dir='ltr'>σοφῶς.</span> 
     </span>
    </p>
   </div>
  </div>
