3894 6164
217 278 342 343 1097

1263 275 1434 337 VITA
1483 276 1543 336 S.
1586 275 1960 336 STEPHANI
2012 274 2392 336 JUNIORIS.

3333 272 3468 336 10':8

213 395 331 456 τοὺς
363 388 785 461 ἐμπιστεύουσι,
814 388 907 442 τὸν
940 388 1048 442 ἀπὸ
1091 386 1300 458 πλάνης
1328 388 1564 454 δεδιότες
1606 388 1788 458 φόϐον,
1821 421 1832 452 ε

1913 388 2329 457 [nandoquidem
2361 387 2543 440 ardua:
2566 384 2685 438 vitae
2715 382 2930 454 pelagus
2955 383 3202 451 trajicere
3229 384 3466 453 optabat,

213 484 305 539 καὶ
336 483 445 535 τῶν
475 482 696 553 λῃστῶν
720 482 846 544 τοὺς
875 480 1065 551 λόχους
1095 480 1439 548 ἀγωνιῶντες
1463 497 1476 510 ·
1509 481 1646 534 ἀλλά
1673 484 1793 543 ταῖς

210 575 511 645 λεωφόροις
577 572 912 644 κεχρημένοι
975 574 1072 625 σὺν
1127 572 1401 643 ἀσφαλείᾳ
1463 572 1635 643 πολλῇ
1695 571 1794 642 τὴν

213 667 586 738 προκειμένην
644 665 960 736 ἀποδημίαν
1001 663 1278 720 ἀνύουσιν.
1348 665 1551 735 Ὀμοίῳ
1605 666 1795 736 τρόπῳ

215 761 307 811 καὶ
329 753 492 819 οὗτος
517 757 545 808 ὁ
575 754 893 825 παμμάκαρ
913 753 1105 825 Πατὴρ
1127 753 1284 823 ἡμῶν
1309 753 1580 821 Στέφανος
1609 753 1794 822 ἐπειδὴ

213 847 389 900 τοῖνυν
424 846 520 899 καὶ
555 845 792 913 πέλαγος
842 844 958 914 βίου
1000 843 1240 914 χαλεποῦ
1274 842 1548 914 διαπερᾷν
1581 842 1794 914 ἢθελεν,

217 937 310 989 καὶ
353 937 435 998 είς
483 934 581 1005 τὴν
615 934 726 987 άνω
759 933 914 986 πόλιν
954 932 1312 1002 Ἰερουσαλὴμ
1359 931 1563 986 ὁδεύειν
1594 931 1796 985 ἐσπού-

215 1027 406 1091 δαζενο
443 1025 519 1088 ὡς
556 1022 671 1078 οἷον
703 1025 942 1095 ἀστέρας
985 1022 1358 1091 ποδηγοῦντας
1404 1020 1555 1093 αὐτῷ
1589 1022 1797 1076 ἀνωθεν

218 1119 340 1178 τοὺς
377 1115 475 1168 τοῦ
531 1114 830 1183 θεαρέστου
887 1112 1002 1183 βίου
1051 1114 1356 1182 ὑποφήτας,
1391 1113 1488 1167 καὶ
1513 1113 1608 1165 τοῦ
1641 1113 1797 1181 ἁγίου

223 1206 490 1276 σπηλαίου
532 1207 588 1257 ἐν
617 1204 834 1273 διαδοχῇ
881 1204 1176 1273 οἰκήτορας
1213 1203 1393 1265 ὁσίους
1423 1204 1585 1255 πέντε
1620 1201 1798 1256 Πατέ-

224 1315 340 1369 ρας,
372 1297 502 1358 τοὺς
527 1295 635 1348 ἀπὸ
665 1293 952 1359 Αύξεντίου
985 1294 1088 1357 ἕως
1133 1294 1386 1347 Ἰωάννου
1422 1292 1796 1364 περισκοπῶν,

224 1392 315 1443 καὶ
344 1389 422 1450 ὡς
467 1388 589 1440 ὁδόν
634 1403 758 1440 τινα
788 1385 1074 1458 βασιλικὴν
1107 1387 1203 1438 καὶ
1235 1385 1530 1455 λεωφόρον,
1564 1386 1664 1453 τὴν
1695 1384 1802 1438 ὑπὸ

222 1481 426 1534 τούτων
457 1477 737 1549 τριϐεἴσαν
778 1476 995 1545 οἴκησιν
1025 1479 1083 1529 ἐν
1112 1475 1191 1546 τῷ
1238 1475 1319 1529 νοῒ
1361 1476 1660 1546 ίχνηλατῶν
1707 1476 1803 1528 καὶ

225 1569 530 1624 ἐπιϐαίνειν
585 1567 927 1632 σπουδάζων,
973 1568 1226 1638 πρόσεισι
1255 1566 1334 1638 τῷ
1365 1567 1629 1639 στενωπῷ
1658 1566 1801 1620 οίκί-

228 1683 339 1735 σκῳ
383 1665 476 1719 καὶ
528 1666 594 1734 τῇ
648 1662 895 1734 ὑπογαίῳ
941 1661 1120 1732 πέτρᾳ
1175 1661 1368 1714 ἑαυτὸν
1406 1659 1799 1730 ἐγκαθείρξων,

225 1760 298 1827 τῷ
328 1755 645 1826 τριακοστῷ
690 1753 895 1825 πρώτῳ
926 1754 1038 1805 ἔτει
1078 1754 1178 1822 τῆς
1207 1752 1371 1805 αὐτοῦ
1418 1751 1670 1823 ἡλικίας,
1709 1753 1802 1805 τὸν
1837 1727 1878 1785 Β

227 1848 288 1899 ἐκ
311 1847 408 1899 τοῦ
447 1846 706 1916 πέμπτου
744 1844 1171 1914 ἀνασωσάμενος
1200 1842 1358 1895 ἕκτον
1393 1843 1617 1913 κλῆρον,
1649 1843 1722 1906 ὼς
1753 1843 1807 1896 εί

227 1956 307 2001 τις
335 1940 513 2001 εἴποι,
557 1937 656 2006 τῆς
698 1936 960 2006 ἐξάστρου
1012 1935 1332 2005 φωταυγίας
1381 1934 1710 2004 ἀναπληρῶν
1743 1935 1803 1988 τὸ

231 2026 536 2096 ἰσάριθμον.
606 2027 716 2079 Καὶ
774 2026 836 2078 τὸ
885 2025 1185 2094 φιλήσυχον
1238 2025 1674 2099 πεπαιδευμένος
1724 2027 1804 2088 είς

227 2117 393 2186 ἄκρον
446 2115 687 2185 ἔμεινεν,
746 2115 915 2184 μηδὲν
962 2115 1022 2168 τὸ
1069 2115 1292 2168 σύνολον
1361 2114 1642 2185 κτώμενος
1708 2115 1804 2168 τοῦ

229 2207 422 2269 αἰῶνος
447 2205 668 2260 τούτου.
709 2206 984 2276 Μελίσσης
1013 2208 1122 2277 γὰρ
1151 2207 1362 2278 τρόπῳ,
1393 2208 1556 2260 οἱονεὶ
1591 2207 1805 2277 σίμϐλῳ

228 2298 368 2364 τινὶ,
403 2300 462 2350 ἐν
492 2297 568 2366 τῷ
618 2297 868 2368 σπηλαίῳ
901 2297 992 2351 τοῦ
1033 2298 1194 2368 ὅρους
1233 2301 1263 2352 ὁ
1298 2298 1614 2369 Θαυμαστὸς
1649 2291 1806 2361 οὗτος

229 2389 506 2454 Στέφανος
539 2387 732 2441 ἑαυτὸν
761 2387 1156 2460 ἐγκαθείρξας,
1196 2390 1257 2442 τὸ
1289 2391 1388 2460 ἡδὺ
1419 2391 1511 2443 καὶ
1545 2391 1806 2461 ἀνήροτον

230 2477 323 2546 τῆς
348 2479 552 2547 ἀρετῆς
581 2478 858 2547 ἐπιμελῶς
882 2479 1168 2549 εἰργάζετο
1189 2480 1335 2550 μέλι,
1365 2480 1442 2552 τῷ
1468 2480 1808 2551 παμϐασιλεῖ

229 2570 336 2623 τῶν
368 2571 507 2624 ὅλων
548 2570 711 2623 τοῦτο
754 2571 1078 2642 προσφέρων
1117 2571 1255 2652 Θεῷ.
1291 2573 1403 2626 Καὶ
1425 2573 1570 2628 οὕτω
1597 2591 1809 2644 γυμνα-

233 2662 379 2726 σθεὶς
414 2662 591 2726 ἀδεῶς
619 2661 688 2714 τὰ
711 2661 1067 2733 αἰσθητήρια,
1098 2661 1236 2716 ὥστε
1257 2663 1369 2728 ἕξιν
1403 2667 1678 2734 γενέσθαι,
1712 2672 1808 2724 καὶ

231 2754 530 2825 διακρίνειν
553 2755 613 2807 τὸ
639 2754 804 2808 καλὸν
827 2755 933 2808 ἀπὸ
973 2754 1067 2808 τοῦ
1097 2755 1362 2826 χείρονος,
1391 2759 1592 2829 ἔμαθεν
1626 2761 1807 2831 μέντοι

233 2847 326 2899 καὶ
345 2846 678 2916 ἐργάζεσθαι
699 2847 799 2917 τὴν
820 2849 1183 2918 ἀποστολικὴν
1204 2851 1420 2922 ἐκείνην
1447 2852 1554 2906 τῶν
1575 2839 1807 2908 δικτύων

234 2939 520 3010 συρραφὴν
577 2940 672 2992 καὶ
726 2937 1024 3009 σύμπλεξιν
1063 2942 1164 3012 τῆς
1218 2941 1528 3014 ἁλιευτικῆς
1577 2945 1805 3016 τέχνης,

1897 480 2253 549 studebatque
2298 479 2348 531 in
2379 492 2669 543 supernam
2724 475 2996 530 civitatem
3041 475 3338 529 Jerusalem
3370 478 3470 530 iter

1897 570 2110 632 facere;
2140 569 2291 640 quasi
2330 568 2550 623 totidem
2581 577 2727 622 astra
2775 581 2834 622 se
2861 581 3092 635 superne
3155 567 3467 636 dirigentia,

1898 663 2025 718 vita:
2089 663 2198 718 Deo
2261 661 2472 731 placitae
2512 659 2820 728 magistros,
2841 659 3123 729 sanctique
3159 675 3352 729 specus
3405 663 3470 714 ab

1895 754 2166 810 Anxentio
2230 753 2295 806 ad
2325 751 2585 808 Joannem
2625 749 2992 805 successionis
3015 750 3454 814 ordineincolas,

1898 847 2134 916 quinque
2160 856 2375 900 sanctos
2405 842 2596 898 Patres
2632 842 3016 908 considerans;
3041 842 3297 911 velutque
3325 845 3468 898 viam
3543 865 3551 871 -

1899 938 2133 1007 aliquam
2184 937 2385 1006 regiam
2419 945 2472 989 et
2517 934 2807 1004 publicam,
2843 933 3230 990 habitationem
3267 935 3335 988 ab
3392 936 3474 990 eis

1904 1031 2085 1084 tritam
2115 1028 2296 1082 animo
2324 1027 2616 1096 vestigans,
2643 1040 2873 1095 eamque
2903 1024 3109 1094 ingredi
3139 1027 3374 1089 enitens,
3406 1027 3472 1080 ad

1900 1130 2180 1191 angustam
2209 1120 2456 1176 cellulam
2506 1118 2949 1187 accessil,seque
3001 1119 3056 1171 in
3118 1108 3471 1171 subterranea

1902 1228 2032 1282 rupe
2051 1211 2290 1278 inclusit,
2310 1211 2483 1266 anatis
2507 1224 2650 1263 anno
2674 1210 2953 1264 tricesimo
2970 1209 3173 1278 primo,
3190 1223 3254 1262 ex
3277 1209 3468 1278 quinta

1902 1312 2108 1357 sextam
2143 1311 2342 1356 sortem
2379 1301 2692 1362 restituens,
2722 1313 2926 1366 sexque
2971 1309 3263 1362 astrorum,
3295 1298 3340 1351 si
3386 1297 3472 1350 cui

1901 1393 2074 1462 placet
2093 1394 2294 1458 dicere,
2319 1405 2502 1459 parem
2536 1403 2760 1444 numero
2786 1389 3126 1460 splendorem
3158 1403 3471 1458 estequans.

1903 1484 2002 1539 llic
2025 1500 2153 1552 ergo
2185 1483 2494 1539 solitudinis
2530 1496 2716 1537 amore
2741 1495 2950 1534 summe
2980 1479 3216 1533 imbutus
3256 1478 3474 1540 mansit,

1903 1575 2036 1628 nihil
2087 1575 2308 1628 omnino
2382 1573 2544 1643 hujus
2605 1572 2790 1627 saeculi
2845 1569 3150 1640 possidens.
3187 1566 3390 1636 Nempe
3423 1567 3475 1619 in

1905 1665 2156 1734 spelunca
2204 1665 2403 1716 montis
2450 1663 2602 1732 quasi
2657 1661 2708 1715 in
2752 1663 2987 1730 quodam
3017 1659 3276 1724 alvcario,
3310 1658 3480 1711 instar

1905 1755 2040 1825 apis,
2068 1755 2310 1810 inclusus
2343 1753 2689 1806 admirandus
2719 1751 2886 1824 428
2945 1751 3277 1819 Stephanus,
3312 1734 3482 1802 suave

1903 1861 1957 1902 ct
1988 1847 2352 1902 voluntarium
2396 1847 2498 1902 mel
2529 1845 2741 1900 virtutis
2799 1843 3089 1914 diligenter
3137 1843 3477 1905 elaborabat,

1907 1939 2144 2008 illudque
2168 1939 2274 1993 Deo
2303 1939 2676 1992 universorum
2711 1937 2839 2006 Regi
2869 1934 3150 1990 offerebat.
3174 1933 3266 1988 Sic
3283 1949 3479 1987 secure

1907 2017 2156 2084 sensibus
2193 2029 2530 2092 exercitatis,
2554 2038 2614 2082 ut
2665 2027 2818 2082 ﬁeret
2843 2026 3081 2092 habitus,
3113 2034 3168 2080 et
3195 2035 3401 2080 rectum
3449 2042 3476 2076 a

1909 2121 2175 2174 deteriore
2210 2121 2565 2185 discerneret,
2598 2119 2731 2173 retia
2773 2132 2987 2188 quoque
3016 2131 3166 2170 more
3202 2115 3476 2184 apostolo.

1909 2226 2026 2263 rum
2056 2210 2409 2264 connectendi
2431 2219 2487 2264 et
2510 2208 2858 2270 contexendi,
2882 2214 3044 2276 atque
3074 2207 3236 2260 etiam
3261 2205 3480 2274 elegan-

1909 2309 1993 2356 ter
2037 2302 2307 2358 scribendi
2359 2310 2532 2356 artem
2565 2301 2771 2361 didicit,
2803 2310 2859 2353 ut
2914 2313 2982 2352 ne
3010 2297 3169 2352 alicui
3203 2298 3382 2366 gravis
3426 2305 3482 2349 ct

1911 2398 2168 2449 molestus
2191 2403 2352 2456 esset,
2384 2394 2477 2447 sed
2502 2393 2678 2460 potius
2707 2407 2737 2446 e
2766 2389 3000 2460 propriis
3031 2387 3310 2443 laboribus
3338 2386 3471 2440 indi-

1911 2487 2054 2555 genti
2088 2485 2394 2556 largiretur.
2423 2485 2713 2553 Postquam
2735 2498 2864 2552 ergo
2889 2483 2967 2536 sic
3001 2496 3062 2536 se
3085 2479 3232 2534 omni
3257 2489 3473 2533 terrena

1913 2578 2274 2632 sollicitudine
2303 2575 2645 2644 expediisset,
2675 2574 2725 2626 id
2745 2588 2907 2626 unum
2942 2586 3088 2626 cura:
3133 2571 3322 2623 habuit
3346 2583 3482 2638 quo-

1911 2669 2074 2723 modo
2101 2667 2152 2720 in
2182 2665 2513 2720 orationibus
2530 2674 2584 2719 et
2604 2663 2823 2732 jejuniis
2847 2661 2958 2716 Deo
2986 2661 3240 2731 placeret.
3274 2661 3484 2712 Idcirco

1912 2760 2089 2814 omnis
2139 2759 2353 2813 virtutis
2401 2758 2698 2821 studiosus,
2740 2753 3027 2808 aﬂ'ectuum
3085 2753 3291 2821 spinas,
3325 2767 3476 2803 more

1913 2851 2100 2920 optimi
2145 2848 2413 2920 agricolae,
2451 2848 2709 2902 radicitus
2757 2845 3073 2914 amputavit,
3130 2842 3483 2911 Cogitationes

1913 2946 2200 3005 destruens,
2232 2951 2281 2994 et
2338 2956 2541 2993 omnem
2577 2938 2910 2992 altitudinem
2955 2935 3286 2990 extollentem
3319 2950 3369 2988 se
3387 2939 3485 2986 atl-

233 3029 293 3081 ού
327 3029 434 3100 μὴν
473 3029 615 3082 ἀλλὰ
651 3030 746 3083 καὶ
769 3030 868 3100 τὴν
899 3032 1360 3102 καλλιγραφικὴν,
1384 3033 1474 3087 διὰ
1494 3035 1554 3086 τὸ
1583 3037 1658 3106 μὴ
1683 3039 1807 3090 ἐπι-

1914 3051 2088 3088 t-ersus
2144 3035 2415 3088 scientiam
2459 3032 2552 3086 Dei
2595 3033 2662 3099 η,
2697 3029 3066 3100 propheticam
3107 3028 3250 3081 illam
3296 3041 3483 3080 vocem

233 3119 473 3191 ϐαρῆσαί
505 3138 648 3185 τινα,
678 3123 814 3176 ἀλλά
848 3123 1051 3193 μᾶλλον
1079 3123 1275 3177 ἑκ-τῶν
1301 3125 1445 3178 ἰδίων
1477 3127 1663 3180 κόπων
1685 3130 1805 3180 ἐπι-

232 3211 434 3266 διδόναι
460 3214 540 3284 τῷ
569 3215 756 3286 χρείαν
779 3215 974 3286 ἔχοντι.
1008 3219 1196 3288 Πάσης
1224 3218 1282 3270 δέ
1310 3219 1506 3288 γηῒνης
1531 3220 1811 3290 φροντίδος

1914 3127 2164 3196 impletis,
2217 3140 2333 3193 qua:
2387 3125 2464 3176 ait
2501 3141 2516 3178 :
2553 3121 2755 3176 Novate
2806 3119 2946 3173 vobis
3001 3118 3210 3172 novalia
3243 3128 3289 3170 et
3326 3116 3485 3170 nolite

1919 3235 2088 3272 serere
2118 3234 2272 3284 super
2287 3218 2466 3286 spinas
2504 3215 2570 3268 ³⁰.

236 3307 428 3364 ἑαυτὸν
475 3309 888 3381 ἐλευθερώσας,
937 3311 1068 3381 μίαν
1097 3312 1223 3384 ἔσχε
1267 3314 1559 3383 φροντίδα,
1617 3315 1678 3367 τὸ
1721 3314 1837 3377 πῶς
1903 3315 2074 3384 ἀρέσῃ
2138 3312 2216 3382 τῷ
2261 3311 2381 3382 Θεῷ
2429 3313 2487 3365 ἐν
2555 3310 2889 3382 προσευχαῖς
2933 3309 3030 3362 καὶ
3068 3305 3368 3377 νηστείαις.
3407 3305 3484 3357 Οὔ

241 3405 346 3474 μὴν
391 3403 532 3457 ἀλλά
575 3405 671 3456 καὶ
734 3405 916 3474 πάσης
962 3406 1160 3476 ἀρετῆς
1221 3408 1680 3478 ἐπιμελούμενος,
1733 3407 1808 3470 ὡς
1847 3409 2088 3477 γεωργός
2147 3424 2231 3471 τις
2268 3405 2521 3476 ἀριστος,
2565 3401 2896 3473 προρρίζους
2939 3400 3194 3470 ἐξέτεμεν
3238 3397 3345 3450 τῶν
3380 3412 3486 3446 πα-

239 3495 345 3546 θῶν
377 3495 476 3558 τὰς
507 3495 781 3559 ἀκάνθας,
829 3495 1169 3563 Λογισμοὺς
1214 3495 1513 3564 καθαιρῶν
1553 3497 1654 3550 καὶ
1685 3495 1807 3550 πᾶν
1845 3496 2062 3564 ὕψωμα
2111 3496 2508 3564 ἐπαιρόμενον
2564 3493 2716 3548 κατὰ
2742 3491 2852 3562 τῆς
2882 3491 3156 3561 γνώσεως
3177 3489 3283 3544 τοῦ
3314 3488 3488 3546 Θεοῦ,

251 3589 499 3660 ’ἐκείνην
529 3589 626 3660 τὴν
668 3589 1013 3659 προφητικὴν
1039 3589 1264 3662 πληρῶν
1291 3592 1474 3661 φωνὴν
1497 3592 1598 3661 τὴν
1664 3591 1930 3659 λέγουσαν
1951 3607 1965 3620 ·
2029 3590 2312 3644 Νεώσατε
2375 3589 2614 3656 ἑαυτοῖς
2645 3588 2934 3658 νεώματα,
2968 3588 3067 3645 καί
3088 3586 3174 3657 μὴ
3200 3588 3489 3655 σπείρητε

241 3681 329 3734 ιε’
360 3681 670 3747 ἀκάνθαις.

318 3775 408 3828 Ἐν
458 3775 515 3827 δὲ
555 3776 670 3836 τοῖς
715 3771 1030 3844 θεαρέστοις
1070 3777 1274 3838 τούτοις
1322 3775 1664 3843 ἁσκουμένου
1722 3773 1815 3827 τοῦ

241 3868 620 3938 παμμάκαρος
649 3865 865 3930 τούτου,
911 3867 1080 3920 πᾶσιν
1123 3867 1372 3921 ἐντεῦθεν
1403 3868 1608 3936 γίνεται
1649 3868 1816 3922 κατά-

242 3959 421 4029 δηλος.
477 3957 704 4026 Ἀληθὲς
742 3957 851 4028 γὰρ
891 3957 952 4010 τὸ
984 3957 1060 4028 μὴ
1084 3957 1342 4012 δύνασθαι
1367 3959 1519 4012 πόλιν
1547 3960 1815 4029 κρυϐῆναι

243 4053 424 4104 ἐπάνω
457 4050 618 4120 ὅρους
662 4050 944 4119 κειμένην.
979 4051 1045 4101 Τί
1083 4051 1140 4103 δὲ
1168 4051 1232 4104 ὲκ
1253 4051 1353 4120 τῆς
1390 4053 1618 4123 ἀρίστης
1649 4052 1814 4108 αὐτοῦ

244 4141 529 4211 συμϐαίνει
560 4141 872 4208 πολιτείας;
903 4139 1097 4194 Πολλοὶ
1133 4141 1210 4212 τῷ
1236 4143 1365 4213 θείῳ
1387 4142 1533 4215 ζήλῳ
1561 4144 1651 4197 τοῦ
1676 4147 1813 4216 Χρι-

243 4235 368 4286 στοῦ
404 4231 750 4304 πυρωθέντες
795 4232 1244 4302 προστρέχουσιν,
1295 4236 1389 4287 καὶ
1431 4238 1546 4306 μετ’
1597 4236 1810 4290 αὑτοῦει

1994 3772 2124 3826 Dum
2179 3771 2236 3826 in
2307 3771 2672 3840 hujuscemodi
2723 3770 2884 3824 rebus
2937 3770 3044 3823 Deo
3085 3770 3321 3838 acceptis
3371 3783 3491 3823 Sese

1918 3873 2135 3920 exercet
2164 3865 2510 3920 beatissimus
2531 3861 2859 3931 Stephanus,
2892 3863 3100 3916 cunctis
3134 3861 3335 3916 {itinde
3373 3877 3490 3914 ma-

1917 3953 2370 4011 nifestus.\lerum
2389 3955 2532 4008 enim
2547 3961 2746 4007 estnon
2767 3965 2924 4020 posse
2941 3952 3198 4006 abscondi
3215 3952 3490 4005 civitatem

1917 4061 2076 4116 supra
2110 4055 2343 4101 montem
2373 4045 2600 4114 positam
2628 4043 2694 4096 ³¹.
2739 4043 2880 4108 Quid
2904 4057 3033 4111 ergo
3061 4056 3122 4096 es
3153 4043 3492 4110 pra-stantis-

1923 4137 2196 4192 simovitze
2221 4136 2624 4190 illiusinstituto
2658 4133 3050 4189 accitlit?Mu|ti
3083 4133 3262 4187 divino
3287 4132 3492 4186 Christi

1926 4228 2040 4282 zelo
2068 4228 2271 4282 incensi
2303 4235 2591 4282 accurrunt
2622 4227 2788 4298 429
2804 4241 3033 4297 eumque
3067 4237 3260 4296 rogant
3302 4239 3361 4280 ut
3407 4229 3492 4298 ip-

247 4327 616 4393 συνοικήσεως
667 4323 1011 4377 ἀντιϐολοῦσι
1063 4326 1264 4393 τυχεῖν,
1323 4326 1417 4378 καὶ
1481 4327 1674 4396 ὁδηγὸν
1723 4328 1814 4381 τοῦ

1923 4323 1998 4376 sis
2024 4335 2206 4375 secum
2245 4325 2570 4376 commorari
2597 4323 2881 4384 concedat,
2906 4333 3072 4388 seque
3121 4321 3310 4375 ducem
3355 4335 3494 4389 pra:-

247 4416 384 4469 κατά
411 4417 546 4469 Θεὸν
582 4415 697 4486 βίου
734 4415 988 4483 γενέσθαι
1018 4415 1184 4470 αὐτὸν
1219 4417 1570 4474 ίκετεύουσιν.
1609 4419 1718 4470 Καὶ
1749 4420 1812 4489 δὴ

248 4508 396 4578 μόλις
427 4509 547 4576 μὲν,
584 4506 834 4560 πείθουσι
867 4507 923 4559 δὲ
961 4507 1130 4576 ὅμως.
1177 4507 1458 4570 Ἐϐιάζετο
1486 4511 1594 4576 γὰρ
1623 4509 1814 4564 τοῦτον

246 4604 350 4662 τοῖς
381 4601 516 4652 πᾶσι
547 4599 726 4652 πάντα
755 4598 1074 4668 γενόμενος,
1106 4599 1203 4652 καὶ
1229 4599 1302 4669 μὴ
1335 4599 1401 4652 τὰ
1428 4601 1622 4653 ἑαυτοῦ
1655 4601 1814 4671 μόνον

249 4693 468 4744 σκοπεῖν
516 4691 748 4744 ἕκαστον
791 4691 1080 4756 διδάσκων,
1111 4691 1246 4744 ἀλλὰ
1286 4690 1380 4743 καὶ
1420 4691 1488 4744 τά
1515 4691 1627 4744 τῶν
1678 4691 1816 4761 πλη-

248 4783 375 4835 σίων
401 4782 711 4852 ἐπιζητεῖν,
748 4782 836 4836 ἵνα
866 4783 1144 4835 σωθῶσιν·
1177 4781 1331 4835 ἔνθεν
1362 4782 1420 4836 δὲ
1452 4783 1554 4846 ἓως
1589 4783 1810 4836 δυοκαί-

245 4874 374 4928 δεκα
424 4874 562 4937 τέως
608 4874 700 4927 τὸν
733 4873 968 4944 ἀριθμὸν
1038 4873 1260 4942 ἀδελφοὶ
1312 4874 1446 4943 πρὸς
1477 4873 1637 4927 αὑτὸν
1669 4874 1819 4943 ἐφοί-

243 4983 434 5037 τησαν,
471 4965 567 5030 οὓς
605 4965 982 5035 εύαγγελικῶς
1028 4966 1427 5036 κελευόμενος,
1461 4967 1541 5020 ὅτι
1588 4967 1699 5020 Τὸν
1722 4967 1816 5035 ἐρ-

245 5059 507 5128 χόμενον
553 5059 706 5127 πρός
737 5075 834 5129 με,
886 5060 958 5112 οὐ
1013 5057 1100 5128 μὴ
1132 5041 1382 5113 ἐκϐάλω.
1412 5059 1550 5124 ἔξω,
1604 5059 1822 5128 δέχεται

245 5151 472 5215 τούτους
528 5153 938 5221 ἀσμενέστατα·
1005 5149 1116 5215 οἶος
1190 5152 1549 5223 παιδοτρίϐης
1634 5151 1819 5218 καλὸς,

249 5246 382 5314 πρὸς
428 5245 558 5307 τοὺς
599 5245 700 5315 τῆς
750 5247 1042 5316 ἀσκήσεως
1086 5245 1394 5315 ἐπαλείφων
1439 5244 1676 5313 ἀγῶνας.
1717 5245 1824 5298 Καὶ

316 5398 436 5453 “ll.
466 5399 593 5455 Cor.
625 5416 682 5464 ιι,
723 5400 897 5470 Δ,5.³⁰
932 5398 1135 5454 Jercm.
1173 5416 1245 5465 tv,
1275 5401 1329 5455 5.

1920 4417 2044 4468 beat
2085 4415 2226 4478 vitm,
2261 4430 2381 4485 quae
2428 4415 2722 4471 secundum
2761 4413 2928 4468 Deum
2985 4423 3100 4480 est;
3133 4423 3292 4483 atque
3344 4415 3494 4469 illum

1919 4509 2007 4561 vix
2044 4507 2282 4576 quidem,
2325 4508 2653 4576 persuadent
2697 4517 2898 4561 tamen.
2932 4505 3136 4577 Nempe
3179 4523 3300 4560 eum
3343 4510 3408 4560 ad
3443 4510 3496 4561 id

1919 4600 2146 4669 cogebat
2171 4599 2260 4654 ille
2304 4601 2393 4666 qui
2422 4600 2675 4654 omnibus
2735 4600 2915 4654 omnia
2948 4599 3123 4654 factus
3153 4610 3257 4664 est,
3295 4602 3498 4671 quique

1921 4696 2094 4756 docet,
2129 4707 2234 4747 non
2285 4700 2490 4746 tantum
2555 4707 2672 4761 quia:
2721 4708 2818 4746 sua
2867 4703 3010 4758 sunt,
3056 4709 3498 4764 unumquemque

1921 4801 2163 4854 quaerere
2211 4785 2540 4849 debere,scd
2600 4788 2762 4841 etiam
2813 4802 2934 4857 quae
2971 4796 3096 4841 sunt
3137 4789 3392 4857 proximi,
3441 4799 3499 4840 ut

1923 4879 2149 4933 salutem
2211 4890 2612 4948 consequantur
2636 4878 2863 4934 ".llinc
2933 4881 3212 4934 duodecim
3271 4895 3500 4932 nmnero

1926 4969 2120 5022 fratres
2139 4970 2284 5022 illum
2309 4980 2698 5037 convenerunt,
2727 4986 2864 5040 quos
2895 4970 3251 5024 libentissime
3270 4970 3496 5036 recepit,

1921 5061 2142 5132 iubente
2173 5063 2480 5132 evangelica
2507 5078 2640 5117 voce
2667 5080 2681 5118 ς
2720 5063 2854 5116 Eum
2877 5063 2966 5130 qui
2993 5063 3125 5114 venit
3165 5063 3234 5112 ad
3263 5076 3362 5119 me,
3393 5077 3498 5112 non

1925 5155 2135 5214 eiiciam
2152 5153 2297 5222 foras
2319 5154 2364 5186 ⁸³
2385 5173 2397 5208 :
2419 5155 2810 5224 cosquc,vcluti
2831 5154 3088 5222 palmstne
3121 5153 3374 5220 magister
3398 5167 3496 5220 pe-

1930 5246 2082 5312 ritus,
2110 5247 2176 5300 ad
2206 5249 2469 5302 asceticos
2513 5249 2724 5302 labores
2749 5247 3060 5302 subeundos
3087 5246 3340 5312 ungehat.
3395 5243 3499 5296 Ita--

1419 5399 1460 5430 “
1489 5386 1732 5454 Μιιιιίιξν
1760 5438 1775 5464 ,
1804 5398 1888 5452 14.
1967 5397 2057 5452 "l
2125 5398 2252 5455 Cor.
2304 5399 2472 5467 πλε.
2551 5398 2596 5430 ³³
2632 5397 2786 5453 Joan.
2827 5414 2900 5452 γι.
2929 5400 3014 5454 $7.

1507 5551 1738 5606 \'.\lll.-F.
1778 5550 2181 5607 LECTION‘ES.

325 5681 355 5722 ς
386 5672 452 5725 al.
490 5675 608 5742 μετ’
647 5673 832 5725 αὐτόν.

568 5768 838 5827 ΡΑτιιοι..
889 5768 1008 5828 Gn.
1051 5766 1124 5824 C.

3113 5741 3310 5820 θι-
