3940 6170
1471 199 1512 217 λ

243 349 381 415 ιῙθὸ

1312 356 1476 416 νιΤΑ
1528 358 1589 420 S.
1623 359 2000 423 STEPHANI
2056 362 2443 425 JUNIORIS.

3363 359 3519 422 1106-

237 472 335 520 τὸν
367 465 522 529 Θεὸν.
555 468 614 520 ὲν
641 462 723 531 οἷς
751 469 891 538 γυνή
920 486 1005 532 τις
1028 468 1137 525 τῶν
1164 471 1409 524 εὐσεϐῶν
1437 470 1516 541 τῷ
1544 472 1814 542 πνεύματι

1922 476 2114 546 spiritu
2166 487 2219 532 et
2254 468 2520 546 dignitate
2561 473 2902 541 conspicuis,
2934 473 3090 526 vidua
3157 472 3325 535 facta,
3372 490 3494 525 ιτιιηι

236 560 338 612 κει.)⁸
369 560 436 629 τῇ
461 558 591 631 ἀξίᾳ
617 558 935 629 περιδόξων,
962 563 1065 632 τὴν
1091 563 1149 629 ἐξ
1183 562 1379 634 ἀνδρὸς
1420 564 1650 635 χηρείαν
1682 565 1818 618 ὐπο-

235 646 439 711 στᾶσα,
490 645 554 699 τὸ
610 645 734 699 καθ’
771 647 1013 721 ἑκάστην
1071 651 1225 722 παρὰ
1284 651 1505 709 πάντων
1543 653 1820 710 ἀκούουσα

232 736 372 807 περὶ
413 739 512 808 τῆς
546 737 733 791 ὲνθέου
797 739 1077 804 πολιτείας
1121 741 1216 795 τοῦ
1261 742 1566 815 σεϐασμίου
1605 744 1819 816 Πατρὸς

232 827 398 896 ήμῶν
445 828 723 900 Στεφάνου
747 868 763 894 ,
821 831 963 903 αὕτη
1016 832 1122 904 τὴν
1169 835 1446 903 γυναικῶν
1479 834 1816 907 ικλαθομένη

230 920 602 993 ὀκνηρότητα,
639 925 706 993 τῇ
755 923 959 995 ἑαυτῆς
1020 923 1339 997 ποδοφορίᾳ,
1394 927 1663 997 ἐρωτήσει
1719 925 1818 998 τὴν

231 1014 255 1063 ὲ
268 1012 513 1089 ρώτησίν
531 1013 938 1084 προϐάλλουσα,
958 1015 1378 1089 καταλαμϐάνει
1398 1015 1495 1069 τοῦ
1518 1017 1815 1088 ίερωτάτου

229 1103 430 1157 τούτου
470 1105 733 1175 ποιμένος
781 1107 876 1159 καὶ
920 1085 1249 1160 διδασκάλου
1295 1107 1388 1161 τὸν
1438 1108 1649 1179 βουνὸν,
1721 1109 1817 1162 καὶ

232 1195 469 1262 πλησίον
498 1197 598 1265 τῆς
624 1195 822 1266 χελλης
843 1195 939 1248 τοῦ
972 1196 1122 1250 ὁσίου
1151 1196 1445 1268 γενομένη,
1476 1197 1630 1268 ἠξίου
1649 1197 1819 1268 εὐχῆς

228 1289 441 1358 τυχεῖν.
475 1287 582 1340 Τοῦ
612 1286 668 1341 δὲ
712 1287 929 1358 Πατρδς
969 1287 1072 1359 τὴν
1107 1288 1315 1361 συνήθη
1341 1288 1690 1353 τετελεκότος
1722 1290 1816 1343 εύ-

231 1380 370 1449 χὴν,
408 1378 552 1450 αὕτη
583 1378 941 1443 διαναστᾶσα,
975 1379 1291 1451 δακρύουσα
1315 1380 1530 1445 ἐξεῖπεν
1573 1380 1649 1451 τῷ
1674 1379 1817 1453 ἀγίῳ

231 1472 420 1525 πάντα
445 1472 515 1525 τά
546 1472 628 1536 είς
676 1470 872 1544 αὐτὴν,
905 1471 1008 1543 τήν
1034 1489 1095 1525 τε
1140 1472 1374 1543 χηρείαν
1416 1472 1512 1525 καὶ
1535 1471 1812 1536 ἀτεκνίαν,

231 1562 333 1615 καὶ
360 1563 446 1615 ὅτι
491 1560 600 1615 Τοῦ
639 1561 911 1632 μονήρους
957 1560 1075 1633 β’ίου
1100 1559 1445 1614 ὲπιποθοῦσα
1467 1561 1672 1630 τυχεῖν,
1711 1575 1845 1612 σωοι

230 1653 399 1722 θῆναι
434 1652 602 1723 ζητῶ.
646 1652 706 1706 'O
733 1653 791 1706 δὲ
826 1651 1083 1724 θεοφιλὴς
1131 1653 1327 1724 Πατὴρ
1381 1651 1588 1722 ταύτην
1634 1651 1810 1721 λόγοις

230 1746 637 1813 πνευματικοῖς
680 1744 910 1798 πλεῖστα
941 1742 1286 1816 κατηχήσας,
1317 1744 1416 1798 καὶ
1436 1742 1505 1796 τὰ
1536 1744 1672 1814 πρὸς
1702 1761 1811 1798 σω-

1919 570 2162 638 qnotidie
2187 570 2256 625 ab
2285 569 2520 624 onnibns
2548 568 2617 622 de
2643 566 2828 621 divino
2860 564 3076 620 vivendi
3110 580 3307 635 genere
3334 580 3497 620 vene-

1923 658 2073 714 randi
2120 658 2296 714 Patris
2330 658 2499 714 nostri
2525 656 2785 726 Stephani
2824 657 3077 723 audiret,
3109 657 3394 710 mulierum
3433 656 3501 707 ti-

1920 750 2219 805 miditatem
2262 750 2428 806 oblita
2449 791 2464 815 ,
2499 750 2710 806 iteratis
2740 739 3279 818 interrogationibus,
3313 763 3500 801 sacra-

1919 840 2114 896 tissimi
2170 841 2330 909 hujus
2372 841 2609 912 pastoris
2647 849 2702 897 et
2736 840 2984 909 magistri
3037 838 3229 919 collem
3269 839 3498 908 pedibus

1918 943 2209 1005 consecuta
2252 942 2378 988 est:
2408 947 2643 1002 cumque
2673 946 2840 1002 prope
2866 930 2985 1001 ejus
3008 931 3200 988 cellam
3231 930 3497 985 accessis-

1919 1031 2026 1091 set,
2058 1040 2182 1080 eum
2214 1034 2275 1080 ut
2304 1039 2402 1095 pro
2428 1034 2502 1080 'se
2527 1040 2735 1096 preces-
2750 1023 3000 1080 funderet
3032 1024 3273 1095 rogabat.
3308 1022 3499 1090 Itaque

1917 1127 2040 1168 cum
2070 1124 2293 1171 sanctus
2328 1114 2493 1171 Pater
2529 1115 2745 1171 solitam
2791 1116 3097 1171 orationem
3148 1113 3509 1175 absolvisset,

1918 1205 2033 1260 hanc
2081 1207 2352 1273 surrexit,
2402 1217 2458 1262 et
2503 1208 2758 1279 lacrymis
2797 1207 3023 1272 effusis,
3053 1221 3393 1276 quacunque
3435 1219 3496 1259 se

1916 1298 2255 1366 spectabant,
2290 1307 2346 1353 et
2382 1298 2701 1354 viduitatem
2739 1308 2796 1353 et
2827 1298 3116 1354 orbitatem
3159 1307 3352 1353 sancto
3397 1299 3494 1352 de-

1915 1385 2162 1454 claravit,
2196 1386 2360 1459 437
2387 1387 2640 1457 quodque
2665 1390 3023 1444 monasticam
3048 1388 3211 1443 vitam
3237 1386 3494 1456 amplecti

1915 1486 2147 1547 Optaret,
2176 1479 2366 1535 salutis
2397 1479 2755 1549 adipiscendae
2787 1479 2981 1550 gratia.
3010 1478 3146 1534 Tum
3168 1479 3290 1547 pius
3310 1478 3517 1543 Pater,.

1916 1579 2202 1640 postquam
2256 1586 2376 1625 eam
2428 1571 2617 1625 multis
2660 1570 3006 1626 sermonibus
3053 1568 3390 1640 spiritalibus
3441 1579 3498 1622 et

1918 1660 2198 1728 praeceptis
2227 1661 2556 1716 adsalutem
2574 1661 2895 1716 necessariis
2924 1660 3293 1723 iniormasset,
3318 1661 3512 1729 ipsam-

1916 1750 2122 1806 dimis'tt
2144 1752 2334 1807 dicens
2368 1772 2384 1807 :
2413 1751 2571 1816 Vide,
2605 1751 2820 1817 mulier,
2847 1752 2935 1813 cui
2988 1762 3042 1807 te
3092 1751 3346 1807 addixiin
3372 1790 3391 1818 ,
3428 1766 3497 1807 ne

226 1837 435 1902 τηρίαν
507 1835 904 1906 διαταξάμενος
930 1876 947 1904 ,
1008 1835 1286 1891 ἀπέλυσεν
1358 1834 1527 1907 αὐτὴν
1606 1833 1814 1909 εἰπών·

1919 1849 1973 1896 te
2009 1857 2157 1898 mors
2189 1841 2558 1913 apprehendat
2588 1854 2879 1913 antequam
2931 1842 3259 1914 promissum
3295 1842 3495 1911 imple-

227 1925 436 1990 Βλέπε,
485 1923 669 1995 γύναι,
731 1925 839 1979 τίνι
915 1924 1213 1992 συνετάξω.
1265 1924 1356 1996 Μή
1407 1941 1468 1978 σε
1529 1922 1818 1996 καταλάϐῃ

230 2018 493 2081 θάνατος,
527 2017 658 2087 πρὶν
705 2015 923 2087 ἀποδῷς
967 2014 1066 2087 τὴν
1106 2014 1336 2083 ἐγγύην.
1417 2014 1482 2069 Ἦ
1544 2014 1605 2069 δὲ
1654 2014 1817 2086 τιμία

228 2109 424 2180 ἐκείνη
457 2108 596 2179 γυνὴ
646 2108 740 2163 τὸν
766 2108 926 2178 λόγον
955 2107 1051 2161 τοῦ
1106 2106 1369 2179 θεοφόρου
1413 2106 1625 2179 Πατρὸς
1661 2106 1721 2162 ὲν
1748 2108 1814 2179 τῇ

227 2203 385 2273 ψυχῇ
456 2199 879 2274 ὲγχαραχθεῖσα,
935 2199 1124 2271 ὥσπερ
1181 2199 1352 2272 κηρὸς
1395 2198 1819 2271 ἀναμαξάμενος

227 2293 464 2347 ἑκτύπω
471 2311 566 2364 μα,
589 2292 764 2357 οὕτως
784 2291 1159 2363 ἀδιαλώϐητον
1174 2290 1394 2363 ἔφερεν.
1413 2290 1818 2349 Καταλασοῦσα

228 2386 288 2439 δὲ
315 2385 415 2439 τὸν
449 2384 798 2457 ναύσταθμον
829 2384 1176 2456 Χαλκηδόνος
1207 2383 1348 2456 πρὸς
1376 2384 1476 2456 τὴν
1509 2383 1815 2455 ἑνεγκαμὲ⁹

227 2495 336 2549 νην
370 2478 712 2532 ἀπέπλευσεν
732 2494 748 2511 ο
773 2478 870 2533 καὶ
899 2477 1082 2532 πάντα
1109 2476 1182 2531 τὰ
1216 2478 1385 2550 αὐτῆς
1416 2478 1698 2549 κτήματα,
1721 2479 1818 2533 καὶ⁵

228 2569 558 2639 ὑπάρχοντα
614 2570 673 2622 ὲν
717 2569 1296 2624 Κωνσταντινουπόλει
1345 2572 1691 2641 πεπρακυῖα,
1717 2568 1819 2625 καὶ

228 2662 482 2731 πτωχοῖς
508 2659 581 2714 τὰ
621 2660 849 2714 πλεῖστα
876 2659 1229 2732 διανείμασα,
1266 2659 1546 2716 δεδοικυῖα
1573 2659 1667 2714 τὸν
1715 2661 1817 2731 τῆς

226 2752 416 2822 ψυχῆς
436 2750 689 2816 θάνατον,
709 2752 852 2806 κατά
866 2751 959 2805 τὸν
972 2750 1131 2820 λόγον
1148 2749 1244 2804 τοῦ
1263 2749 1561 2822 σεὸασμίου
1576 2748 1815 2821 Πατρός,
1852 2786 1856 2789 Α

230 2842 501 2897 ἔσπευδεν
538 2842 638 2914 τὴν
667 2841 877 2913 ἐγγύην
900 2840 1215 2913 πληρῶσαι.
1264 2840 1375 2897 Καὶ
1401 2838 1463 2894 τδ
1503 2838 1818 2895 τελευταῖον

226 2936 334 3005 τῆς
372 2933 507 2997 ιδίας
530 2932 790 3005 πολίχνης
817 2932 1103 3003 ἀπάρασα,
1137 2930 1541 3003 καταλιμπάνει
1579 2931 1818 3000 εὐαγγε-

226 3025 405 3087 me;
426 3021 626 3095 γονεῖς,
648 3024 954 3095 γνωστοὺς,
975 3024 1190 3094 φίλους,
1209 3024 1519 3095 ἀγχιστεῖς,
1540 3024 1814 3092 γείτοναςο

230 3120 336 3173 καὶ
361 3119 456 3171 τὸν
508 3117 744 3185 σταυρὸν
789 3116 887 3171 τοῦ
927 3115 1170 3189 Χριστοῦ
1221 3115 1507 3188 ἀραμένη,
1539 3115 1643 3188 τῆς
1672 3117 1815 3188 Προ-

228 3210 486 3274 ποντίδος
506 3210 892 3282 διαπεράσασα
924 3186 1020 3264 τοῦ
1051 3209 1247 3273 ἄστεος
1265 3186 1385 3281 (7),
1416 3186 1554 3279 πρὸς
1580 3186 1644 3262 τὸ
1676 3186 1815 3262 eiu.
1840 3186 1887 3251 ο

233 3300 452 3372 μαστὸν
472 3299 651 3354 είσέδυ
678 3298 827 3370 ὅρος,
854 3298 1098 3371 φέρουσα
1125 3298 1347 3369 χρυσίον
1369 3297 1508 3368 πρὸς
1529 3295 1622 3350 τὸν
1640 3296 1810 3361 ὅσιον,

228 3390 330 3446 τοῦ
362 3390 673 3460 διαδοθῆναι
720 3388 814 3443 ὑπ’
840 3389 1007 3445 αὐτοῦ
1040 3388 1248 3452 καλῶς.
1309 3387 1565 3460 ’Δντικρὺ
1616 3386 1675 3442 δὲ
1715 3387 1814 3458 τῆς

233 3483 437 3553 κέλλης
483 3484 585 3552 τὴν
638 3482 845 3553 συνήθη
899 3480 1172 3551 βαλούσης
1228 3481 1542 3552 μετάνοιαν,
1568 3479 1680 3534 »καὶ
1729 3479 1812 3545 τὸ,

230 3574 566 3644 Εὑλὸγησον,
629 3573 754 3642 his
819 3573 1028 3643 Πάτερ,
1082 3571 1359 3643 φησάσης.
1405 3573 1434 3625 ὁ
1489 3571 1646 3639 am;
1672 3570 1810 3643 αὐτῇ

235 3666 378 3735 μετά
410 3665 743 3736 στυφότητος
784 3664 1154 3736 ἀπεκρίνατο,
1183 3663 1279 3717 τοῦ
1325 3662 1582 3733 Σωτῆρος
1605 3662 1694 3717 διὰ
1715 3661 1813 3716 τοῦ

232 3755 571 3824 Εὐαγγελίου
628 3755 906 3828 ἀριδήλως
975 3756 1242 3828 βοῶντος,
1306 3755 1390 3809 ὅτι
1440 3754 1639 3820 Ὅστις
1700 3755 1814 3808 οὐκ

231 3847 648 3903 ἀποτάσσεται
696 3845 853 3905 πᾶσι
889 3847 1016 3915 τοῖς
1047 3847 1434 3916 ὑπάρχουσιν
1479 3846 1690 3912 αὐτοῦ,
1740 3847 1813 3901 οὐ

228 3937 494 3991 δύναταί
534 3953 655 4006 μου
707 3933 863 3992 εἶναι
895 3939 1206 4008 μαθητής;
1257 3938 1323 3990 Τί
1376 3935 1561 4008 ἀκμὴν
1600 3935 1666 3989 σὺ
1717 3936 1814 3989 καὶ

234 4025 376 4095 μετά
431 4026 638 4097 κόσμον
668 4026 736 4079 τὰ
774 4026 868 4081 τοῦ
905 4027 1111 4096 κόσμου
1146 4026 1469 4098 περιφέρεις
1544 4025 1810 4097 λείψανα;

247 4117 310 4170 ’ίί
355 4116 413 4169 δὲ
458 4116 595 4189 γυνὴ
625 4116 931 4189 ἕκπληκτος
962 4117 1231 4187 γενομένη
1262 4117 1356 4170 ὲπὶ
1398 4115 1476 4187 τῷ
1517 4115 1813 4187 διορατικῷ

229 4205 327 4259 τοῦ
383 4205 599 4278 [ἰατρὸς
628 4206 953 4278 χαρίσματι,
1008 4207 1103 4260 καὶ
1151 4206 1255 4277 τῆς
1283 4206 1423 4277 μετά
1475 4207 1811 4278 στυφότητος

231 4298 521 4368 ἐλέγξεως,
552 4302 618 4371 τῇ
648 4297 936 4371 πρεπούσῃ
991 4298 1128 4352 αἰδοῖ
1162 4298 1409 4367 γυναιξὶν
1458 4297 1598 4370 πρὸς
1647 4297 1814 4354 αὑτὸν

232 4390 601 4461 ἀπεκρίνατοο
663 4392 796 4462 Οὐχὶ
828 4390 906 4462 τῷ
935 4392 1069 4463 πρὸς
1100 4391 1266 4445 αὐτὸν
1331 4390 1617 4464 φθαρτικῷ
1662 4390 1813 4463 πόθῳ

1917 1931 2079 1986 veris.
2107 1931 2384 1988 Honorata
2418 1948 2547 1989 vero
2568 1933 2658 1988 illa
2684 1932 2877 1990 mulier
2896 1933 3076 1989 verbis
3092 1933 3281 1999 deiferi
3316 1932 3495 1987 Patris

1917 2021 2112 2075 anima:
2142 2021 2457 2094 insculptis,
2487 2022 2659 2078 instar
2683 2035 2822 2077 certe
2853 2021 3081 2093 efﬁgiem
3112 2021 3492 2092 exprimentis.

1917 2128 1981 2168 ca
2014 2115 2324 2186 incorrupta
2357 2114 2591 2185 ferebat,
2637 2126 2694 2175 et
2720 2118 2900 2174 navali
2925 2116 3357 2175 Cbalcedonensi
3393 2129 3493 2185 pe-

1919 2206 2016 2262 tito
2038 2206 2090 2261 in
2120 2208 2359 2278 patriam.
2374 2209 2671 2280 navigavit.
2705 2210 2843 2266 Tum
2876 2210 2995 2266 suis
3020 2206 3279 2266 omnibus
3311 2206 3493 2271 bonis,
3547 2243 3551 2247 -

1916 2304 1971 2351 et
2010 2311 2354 2367 quascunque
2382 2296 2969 2369 Constantinopolitani
3016 2296 3369 2368 possidebat,
3409 2292 3495 2349 di-

1918 2388 2170 2456 venditis,
2201 2389 2547 2459 maximaque
2583 2404 2651 2446 ex
2680 2397 2834 2460 parte
2861 2389 3194 2460 pauperibus
3220 2385 3494 2455 erogatis,

1917 2478 2112 2533 animae
2140 2486 2371 2534 mortem
2405 2481 2611 2551 verita,
2641 2478 2799 2548 juxta
2826 2479 3131 2543 venerandi
3167 2476 3347 2532 Patris
3381 2490 3498 2531 ser-

1919 2583 2153 2635 monem,
2206 2573 2536 2639 promissum
2583 2572 2810 2643 implere
2865 2571 3163 2628 festinavit.
3209 2567 3496 2625 Postremo

1918 2659 2144 2727 relictis,
2168 2661 2322 2729 juxta
2353 2661 2706 2733 Evangelium
2728 2701 2744 2730 ,
2782 2662 3129 2734 parentibus,
3156 2660 3320 2726 notis,
3351 2662 3496 2715 ami-

1917 2753 2018 2819 eis,
2035 2754 2301 2824 cognatis,
2343 2755 2682 2825 propinquis,
2712 2770 2743 2810 e
2772 2753 2990 2826 propria
3035 2753 3259 2823 civitate
3288 2752 3496 2806 disces-

1916 2844 2022 2912 sit;
2045 2855 2103 2900 et
2121 2858 2340 2901 crucem
2371 2845 2574 2902 Christi
2618 2845 2832 2914 tollens,
2869 2844 3094 2914 trajecta
3136 2843 3492 2914 Pwpontide,

1917 2936 1972 2991 in
1995 2935 2260 3007 insignem
2292 2936 2442 3010 ilium
2470 2945 2709 2995 montem
2737 2954 2799 2996 se
2823 2936 3053 2994 contulit
3077 2944 3201 2992 cum
3223 2935 3492 3006 pecuniis,

1916 3038 2270 3097 quas‘sancto
2290 3028 2407 3084 viro
2435 3029 2663 3103 ferebat,
2690 3039 2749 3085 ut
2777 3043 2873 3085 eas
2892 3029 3326 3099 beneerogaret.
3389 3025 3498 3081 Ve-

1919 3135 2039 3174 rum
2068 3135 2195 3175 cum
2231 3119 2390 3177 solita
2408 3120 2760 3178 inclinatione
2783 3129 2910 3177 ante
2940 3120 3132 3175 cellam
3153 3120 3297 3175 facta
3325 3118 3497 3174 dixis-

1914 3221 2001 3268 set
2029 3228 2046 3268 :
2083 3211 2338 3277 Benedic,
2394 3223 2584 3285 sancte
2613 3212 2809 3279 Pater,
2841 3232 2865 3267 ι
2897 3210 3069 3285 538
3102 3211 3208 3281 ipsi
3272 3222 3496 3267 sanctus

1916 3303 2112 3359 acerbe
2137 3303 2442 3373 respondit:
2469 3321 2490 3357 ι
2518 3302 2803 3361 Salvatore
2821 3317 2918 3375 per
2943 3302 3290 3375 Evangelium
3319 3302 3495 3356 mani-

1916 3391 2053 3450 feste
2088 3393 2398 3451 clamante:
2448 3393 2553 3460 Qui
2609 3410 2711 3451 non
2761 3394 3033 3451 renuntiat
3088 3393 3328 3449 omnibus
3373 3407 3496 3462 qua

1915 3483 2167 3550 possidet,
2190 3498 2295 3537 non
2324 3492 2493 3553 potest
2529 3499 2673 3540 nicas
2703 3499 2815 3540 esse
2840 3483 3134 3554 discipulus
3176 3482 3257 3549 ³⁸,
3286 3482 3416 3553 quid
3437 3488 3494 3534 tu

1916 3573 2095 3629 adhuc
2121 3583 2244 3645 post
2284 3575 2541 3629 mundum
2583 3576 2769 3632 mundi
2824 3576 3085 3646 reliquias
3132 3572 3496 3631 circumfers?

1915 3663 1986 3719 At
2016 3664 2212 3719 mulier
2232 3679 2393 3734 quam
2422 3665 2743 3721 dioraticum
2780 3664 2960 3723 Patris
2982 3666 3181 3723 donum
3210 3676 3266 3722 et
3290 3666 3489 3722 acerba

1917 3755 2268 3826 reprehensio
2308 3756 2591 3811 attonitam
2641 3755 2983 3821 reddiderat,
3035 3757 3086 3811 ei
3141 3758 3264 3813 cum
3296 3771 3498 3813 convea

1915 3845 2083 3900 nienti
2110 3844 2428 3901 mulieribus
2451 3845 2654 3915 pudore
2684 3847 2963 3915 respondit
3008 3864 3024 3902 :
3072 3844 3190 3902 Non
3236 3863 3337 3918 ego
3378 3848 3517 3901 exim

1919 3937 2059 3991 tiosa
2077 3935 2374 4006 cupiditate
2403 3935 2543 3991 victa
2576 3937 2679 3991 hoc
2710 3951 2904 3991 aurum
2932 3935 3121 4002 offero,
3176 3938 3494 3993 honorande

1914 4023 2110 4091 Pater;
2135 4027 2229 4081 sed
2261 4033 2318 4079 ut
2338 4040 2436 4095 per
2459 4034 2579 4080 tuas
2610 4034 2828 4081 sanctas
2853 4040 3046 4081 manus
3089 4041 3184 4096 pro
3219 4028 3517 4082 obeascata.

1916 4131 2033 4171 mea
2057 4117 2236 4172 anima
2269 4116 2372 4173 rite
2409 4116 2786 4172 distribuatur.
2826 4115 3022 4172 Verum
3046 4132 3113 4173 eo
3148 4117 3348 4185 reiecto
3370 4119 3520 4187 pius.

1915 4208 2077 4263 Pater
2109 4208 2563 4265 aitzAlienorum
2620 4220 2973 4279 peccatorum
3035 4210 3305 4266 scintillas
3351 4212 3489 4263 meis

1916 4301 2166 4358 manibus
2188 4311 2445 4373 tanquam
2473 4303 2656 4359 cinere
2688 4303 2965 4359 occultare
2997 4319 3101 4358 non
3133 4319 3353 4375 possum
3376 4345 3391 4370 ,
3426 4319 3494 4358 ne

1866 4455 1877 4467 .
1916 4394 2041 4464 quis
2083 4394 2223 4449 forte
2260 4411 2327 4450 ex
2367 4410 2488 4449 mea
2525 4394 2851 4467 negligentia
2887 4395 3155 4460 adustus,
3194 4396 3489 4451 tnaximum

232 4482 607 4552 κρατουμένη,
644 4482 764 4535 τόδε
811 4483 873 4535 τὸ
927 4481 1150 4554 χρυσίον
1205 4481 1599 4553 προσφέροιμι,
1657 4482 1807 4552 τίμιε

1917 4484 2225 4540 incendium
2257 4502 2389 4542 mea:
2435 4487 2631 4543 animae
2652 4486 2839 4543 aﬂ'erat
2858 4527 2877 4552 ,
2905 4488 3047 4558 quod
3072 4488 3290 4557 quidam
3333 4488 3495 4557 hujus

231 4575 437 4644 Πάτερ,
467 4573 583 4627 ἀλλ’
609 4572 704 4627 οὖν
737 4574 797 4627 τὸ
825 4573 913 4627 διὰ
955 4574 1065 4627 τῶν
1096 4574 1262 4627 ὁσίων
1297 4572 1624 4645 σου-χειρῶν
1651 4573 1810 4628 τοῦτο

1915 4576 1992 4632 rei
2021 4577 2190 4647 gratia
2224 4577 2465 4646 perpessi
2503 4587 2650 4633 sunt.
2672 4577 2942 4635 Gazterum
2962 4580 3306 4646 ,.serentium
3329 4589 3415 4634 est
3436 4591 3513 4634 et-

231 4661 414 4724 καλῶς
453 4659 594 4732 ὑπὲρ
623 4662 722 4732 τῆς
758 4662 1173 4734 πεπωρωμένης
1207 4679 1307 4734 μου
1344 4661 1522 4733 ψυχῆς
1548 4664 1813 4736 διανεμη-

232 4750 415 4821 θῆναι.
470 4751 533 4805 ’0
563 4752 620 4805 δὲ
663 4752 928 4824 θεοφιλὴς
962 4754 1152 4826 Πατὴρ
1224 4754 1384 4809 τοῦτο
1423 4755 1499 4828 μὴ
1530 4755 1814 4827 βουληθεὶς

231 4836 387 4895 εἶπεν
404 4857 419 4872 ·
463 4843 615 4906 Τοὺς
664 4843 774 4897 τῶν
797 4844 1094 4915 ἀλλοτρίων
1114 4848 1478 4918 πταισμάτων
1506 4848 1813 4923 σπινθῆρας

228 4937 356 4998 ταῖς
385 4935 550 5003 ἐμαῖς
579 4936 741 5006 χερσὶ
773 4932 1065 4991 σποδιάσαι
1086 4939 1147 4992 ού
1171 4937 1410 5010 δύναμαι
1430 4955 1445 4970 ο
1492 4941 1566 5011 μή
1601 4958 1718 5004 πως
1749 4940 1810 5006 ἐξ

229 5025 497 5095 ἀμελείας
530 5044 632 5097 μου
674 5029 1101 5099 ὑποσμυχεύσας
1141 5047 1224 5093 τις
1254 5029 1315 5097 ἐξ
1348 5030 1554 5097 αὐτῶν,
1583 5048 1813 5103 παμμε-

228 5118 369 5192 γέθη
399 5119 680 5190 πυρκαϊὰν
714 5122 781 5191 τῇ
810 5121 954 5192 ψυχῇ
992 5138 1092 5192 μου
1118 5122 1318 5195 ὰνάψῃ,
1341 5121 1416 5187 ὥς
1441 5140 1586 5187 τινες
1619 5123 1812 5178 τούτου

228 5207 394 5262 ἓνεκα
435 5208 661 5263 ἔπαθον.
704 5209 845 5264 Ἀλλ’
894 5206 988 5265 οὖν
1012 5211 1122 5266 τῶν
1172 5214 1506 5283 σπειρόντων
1533 5215 1685 5270 ἐστὶν
1716 5213 1814 5269 καὶ

232 5300 293 5353 τὸ
358 5299 597 5372 θερίσαι.
633 5301 747 5372 Τῆς
775 5303 833 5356 δὲ
864 5301 1123 5371 γυναικὸς
1183 5304 1482 5377 είπούσηςο
1522 5307 1634 5360 Καὶ
1655 5306 1709 5360 τί
1743 5324 1813 5379 με

233 5391 496 5462 κελεύεις,
534 5393 744 5465 Πάτερ;
799 5395 827 5447 ὁ
891 5396 1344 5465 συμπαθέστατος
1366 5398 1575 5462 ἐκεῖνος
1601 5397 1692 5451 διὰ
1717 5397 1802 5465 τὸ,

303 5547 349 5581 ⁸⁸
392 5546 503 5603 Luc
536 5564 647 5615 xtv,
676 5548 748 5604 33

1912 4676 2136 4723 metere.
2187 4667 2411 4723 Muliere
2456 4677 2634 4725 autem
2684 4678 2927 4739 rogante,
2995 4670 3135 4738 Quid
3172 4688 3281 4737 mc,
3308 4671 3493 4737 Pater,

1905 4756 2063 4826 iubes
2090 4758 2313 4814 facere?
2337 4777 2358 4811 ι
2391 4760 2822 4816 humanissimus
2848 4761 2938 4819 ille
2964 4763 3013 4818 ei
3044 4763 3098 4818 in
3135 4765 3366 4835 patriam
3400 4779 3492 4819 re-

1913 4849 2109 4905 deundi
2162 4850 2385 4905 minime
2422 4850 2637 4920 cupiam
2674 4849 2846 4917 fecit,
2903 4855 3342 4925 quandoquidem
3368 4894 3384 4919 ,
3437 4867 3496 4909 ut

1911 4956 2075 5011 supra
2106 4941 2304 4995 dictum
2340 4952 2444 5008 est,
2472 4944 2611 4998 bona
2638 4945 2855 5014 propria
2894 4947 3110 5015 penitus
3153 4947 3435 5001 dimiserat
3470 4965 3486 5000 ε

1916 5032 2012 5087 sed
2037 5033 2292 5103 praecepit
2321 5042 2378 5088 ut
2410 5049 2514 5090 una
2541 5049 2663 5090 cum
2709 5033 2921 5091 Marino
2952 5036 3212 5092 divinitus
3245 5047 3493 5105 protecta

1916 5124 2149 5194 prapriis
2186 5124 2411 5186 suismet
2470 5126 2718 5182 manibus
2775 5141 2968 5180 aurum
3012 5125 3407 5198 439.vicinis
3435 5137 3492 5181 et

1915 5216 2178 5285 proximis
2208 5216 2341 5272 locis
2370 5217 2682 5286 dispertiret
2710 5235 2726 5272 :
2751 5233 2984 5286 cumque
3020 5232 3142 5272 eam
3186 5218 3294 5271 hoc
3330 5226 3495 5287 pacto

1916 5306 2140 5377 hujusce
2166 5309 2290 5364 vita-
2313 5309 2574 5363 stercoris
2592 5304 2724 5363 [περ
2752 5308 3100 5372 denudasset,
3118 5300 3367 5365 sanctum
3395 5308 3493 5362 ha-

1917 5400 2086 5455 bitum
2116 5401 2215 5472 ipsi
2247 5401 2416 5468 dedit,
2448 5400 2594 5455 illius
2622 5399 2842 5456 nomine
2869 5399 2923 5455 iu
2951 5400 3122 5455 Anna
3149 5412 3491 5455 nomcnrmu-

304 5685 381 5766 (7)
422 5684 1071 5773 VQC81“_?0'?,ﬁgtsoc
1113 5690 1519 5773 εριιευιιοψοῃ
1572 5699 1833 5767 expressi,
1876 5702 2000 5770 quia
2053 5700 2141 5757 hic
2227 5701 2360 5759 nihil
2412 5711 2623 5759 rectum
2671 5701 2884 5761 videtur
2942 5700 3273 5773 significare.
3330 5684 3487 5760 Nuii't

232 5758 377 5812 enim
418 5757 569 5824 urbs,
600 5766 658 5813 ut
683 5759 828 5827 potui
875 5759 1106 5831 discere,
1141 5759 1427 5833 Pr0pontis
1455 5764 1597 5821 dicta
1630 5757 1733 5824 est.
