3894 6164
216 306 353 371 1109

1353 318 1527 380 VITA
1573 319 1636 378 S.
1672 317 2044 381 STEPHANI
2069 324 2460 387 'JUNIORIS.

3336 327 3491 394 1110‘

213 442 326 494 Kal.
384 440 594 512 πρῶτοι
638 443 736 513 μὲν
780 443 1022 498 Ἰουδαῖοι
1077 447 1144 518 τῇ
1200 446 1292 502 τοῦ
1349 448 1599 518 Σωτῆρος
1641 447 1799 518 ήμῶν

1910 433 2073 488 anuis
2099 434 2350 491 debellati
2387 442 2531 490 sunt.
2563 433 2697 490 Nam
2731 450 2911 518 cruce,
2941 451 3101 507 quam
3153 437 3225 492 illi
3252 439 3467 507 quidem

212 530 568 602 ἐπολέμησαν
614 532 842 604 ποίμνῃ,
897 535 990 588 καὶ
1047 536 1122 606 τῷ
1172 526 1361 609 οἰκείῳ
1422 537 1800 608 κατελύθησαν

212 622 367 694 ὅπλῳ
392 639 405 652 ·
444 620 522 692 τῷ
552 621 664 697 γὰρ
697 624 788 676 ὑπ’
822 623 1004 677 αὐτῶν
1036 626 1264 694 παγέντι
1314 627 1554 697 σταυρῷ,
1600 622 1713 681 οἷόν
1750 643 1799 681 τι

216 713 445 784 ῥοπάλῳ
465 754 481 777 ,
515 714 917 785 χρησάμενοςό
951 718 1157 789 ποιμὴν
1194 718 1222 770 6
1250 718 1434 782 καλὸς,
1467 717 1801 789 ποιμενικῶς

215 805 417 868 αὐτοὺς
470 804 546 869 ὡς
578 799 779 870 λύκους
822 806 933 863 τῶν
984 808 1273 880 προὸάτων
1308 808 1608 880 ἀπήλασεν.
1646 809 1803 864 Μετὰ

214 896 271 948 δὲ
298 894 553 960 τούτους,
580 898 628 950 οί
663 897 772 953 τῶν
802 898 1037 954 εἰδώλων
1076 899 1434 972 θεραπευταὶ,
1461 901 1657 966 οῐτινες
1700 899 1804 954 ὑπὸ

214 987 327 1041 τῶν
357 989 466 1057 τῆς
500 988 759 1060 ἀληθείας
782 990 1148 1047 ὑπασπιστῶν
1190 991 1639 1064 κατησχύνθησαν
1662 1010 1677 1023 ·
1708 991 1804 1047 καὶ

219 1079 342 1148 μετ’
372 1080 577 1143 αὐτοὺς
624 1079 806 1151 Σίμων
850 1082 946 1134 καὶ
972 1083 1021 1134 οἱ
1067 1081 1159 1135 ὑπ’
1212 1083 1376 1138 αὑτὸν
1410 1085 1661 1155 φοιτηταὶ
1691 1083 1808 1139 Μέ-

216 1172 444 1243 νανδρος
494 1173 590 1226 καὶ
634 1172 909 1244 Κερδονᾶς
935 1193 949 1209 ο
980 1171 1100 1231 εἷτα
1123 1177 1393 1250 Μαρκίων
1422 1182 1518 1234 καὶ
1546 1179 1804 1234 Βαλεντϊ-

218 1281 342 1328 νοςυ
378 1254 540 1328 αὖθις
575 1264 633 1318 δὲ
684 1267 781 1321 ἀπ’
808 1266 991 1321 αὐτῶν
1020 1268 1291 1342 Κήρινθος
1328 1267 1424 1324 καὶ
1462 1271 1802 1342 Σατορνῖνος,

222 1357 516 1427 Βασιλίδης
547 1358 642 1423 καὶ
671 1360 1102 1431 Καρποκράτης,
1138 1360 1364 1432 Μάρκος
1393 1361 1487 1413 καλ⁸
1518 1361 1803 1433 Τατιανὺς,

221 1449 508 1512 Μοντανὺς
555 1449 649 1503 καὶ
683 1449 1052 1520 Βαρδισάνης,
1102 1450 1382 1521 Ἀρτέμων
1413 1450 1506 1504 καὶ
1532 1449 1801 1518 Ναύατος,

221 1540 513 1604 Σαδέλλιος
559 1542 653 1595 καὶ
701 1541 902 1596 Νέπων
950 1542 1052 1614 (8),
1092 1541 1307 1606 Παῦλος
1349 1541 1444 1597 καὶ
1482 1543 1801 1613 Μανιχαῖος,

218 1632 490 1695 Φωτεινὸς
512 1632 609 1685 καὶ
628 1631 969 1703 Μάρκελλος,
995 1633 1089 1686 καὶ
1105 1634 1154 1687 οἱ
1178 1634 1272 1688 ἀπ’
1291 1632 1533 1686 ὲκείνωψ
1559 1634 1800 1704 Ἀρειος,

1902 525 2158 591 ﬁxerunt,
2213 536 2465 597 tanquam
2514 526 2664 582 clava
2713 541 2841 583 usus
2898 528 3069 585 bonus
3118 539 3319 598 pastor,
3376 545 3468 584 eos

1901 616 2054 686 quasi
2083 615 2261 687 lupos,
2298 617 2532 687 pastoris
2558 630 2729 684 more,
2759 618 2828 675 ab
2872 619 3062 675 ovibus
3106 619 3306 690 abegit.
3363 616 3476 681 Hos

1904 707 2073 763 secuti
2107 719 2234 764 sunt
2271 709 2535 765 idolorum
2564 709 2835 776 cultores,
2878 712 2969 781 qul
3015 725 3045 765 a
3101 710 3347 769 veritatis
3379 714 3476 769 de-

1903 805 2209 861 fensoribus
2235 805 2441 860 confusi
2467 815 2613 872 sunt,
2646 820 2709 861 ac
2731 822 2852 862 cum
2870 805 2989 885 illis
3020 804 3474 878 Simon,ejusque

1904 895 2150 966 discipuli
2167 886 2463 952 Menander
2495 896 2876 961 et‘Cerdonas,
2905 895 3101 953 deinde
3139 897 3376 954 Marcion
3421 906 3476 952 et

1906 986 2244 1055 Valentinus,
2276 997 2459 1059 postea
2488 987 2775 1043 Corinthus
2805 999 2859 1042 et
2905 988 3251 1052 Saturninus,
3283 988 3473 1044 Basili-

1905 1080 1999 1135 des
2037 1089 2091 1136 et
2123 1079 2500 1150 Carpocrates,
2532 1080 2743 1137 Marcus
2771 1091 2825 1137 et
2857 1078 3138 1146 Tatianus,
3191 1080 3475 1137 Montanus

1904 1180 1959 1227 et
1999 1170 2342 1235 Bardisanes,
2394 1172 2653 1226 Artemon
2686 1181 2741 1227 et
2789 1170 3045 1237 Navatus,
3100 1169 3373 1227 Sabellius
3420 1181 3473 1248 et

1904 1263 2114 1333 Nepon,
2147 1261 2347 1317 Paulus
2374 1270 2428 1316 et
2454 1261 2801 1327 Mauichaeus,
2841 1261 3107 1317 Phatinus
3148 1271 3201 1317 et
3247 1261 3472 1316 Mareel.

1903 1353 1986 1408 lus
2030 1370 2043 1408 :
2090 1351 2293 1424 quique
2332 1338 2399 1405 ab
2426 1351 2531 1405 illis
2566 1350 2792 1421 profecti
2841 1360 2988 1418 sunt,
3046 1352 3229 1417 Arius,
3265 1352 3479 1416 Aetius,

1904 1443 2222 1507 Eunomius,
2241 1440 2607 1504 Macedonius,
2632 1442 2922 1506 Maximus,
2950 1439 3271 1505 Nestorius,
3302 1443 3472 1512 hydra

1905 1536 2191 1607 multiceps
2245 1536 2517 1607 Eutyches
2556 1544 2612 1590 et
2646 1535 2954 1599 Dioscorus,
2979 1533 3224 1590 Zosimus
3245 1572 3260 1598 ,
3282 1531 3475 1602 Apolli-

1904 1629 2108 1683 narius.
2159 1626 2322 1700 442
2356 1626 2628 1697 Origines,
2657 1625 2852 1680 Petrus
2891 1624 3087 1690 miser,
3119 1622 3474 1687 Theodosius,
3562 1659 3577 1693 η,

230 1720 463 1786 ’Δὲτιος,
494 1720 791 1792 Εὐνόμιος·
823 1723 1801 1794 Μακεδόνιος,Μάξιμος,Νεστόριος,

1910 1719 2157 1785 Iacobus,
2193 1716 2459 1783 Julianus.
2494 1716 2659 1781 Zeno,
2695 1716 2939 1785 Sergius,
2969 1715 3231 1785 Pyrrhus,
3281 1713 3473 1783 Cyrus.

220 1813 253 1881 ή
288 1811 672 1881 πολυκέφαλος
703 1810 842 1884 ὕδρα
870 1813 1117 1886 Εὐτυχὴς
1152 1814 1248 1868 καὶ
1277 1814 1569 1885 Διόσκορος
1588 1828 1601 1843 ·
1633 1813 1805 1867 Ζώσι·

221 1921 347 1971 μος,
401 1902 800 1974 ’Δπολινάριος,
848 1904 1154 1979 Ὠριγένης,
1213 1905 1421 1977 Πέτρος
1472 1907 1500 1959 6
1552 1902 1803 1971 δείλαιος,

220 1993 528 2060 Θεοδόσιος,
591 1996 884 2062 Ἰάκωϐος,
931 1996 1240 2063 Ἰουλιανὸς,
1290 1997 1498 2066 Ζήνων,
1557 1994 1802 2065 Σέργιος,

220 2083 428 2156 ῐίὖρος,
487 2085 691 2157 Κῦρος,
726 2087 1005 2159 Μάκαρις,
1066 2086 1338 2158 Ὀνόριος,
1364 2088 1457 2140 καὶ
1488 2088 1516 2140 ό
1541 2085 1807 2156 δυσσεϐὴς

218 2175 423 2248 Μάμεθ
446 2191 459 2206 °
496 2177 593 2231 καὶ
640 2178 694 2233 ετ
740 2178 825 2243 τίς
861 2195 951 2249 μοι
996 2177 1153 2243 ἄλλος
1192 2178 1386 2232 ἔλαθεν
1424 2176 1802 2249 ἀνθρωπίνως.

230 2267 538 2341 Ἐπιλείψει
589 2268 699 2342 γάρ
749 2287 815 2340 με
852 2269 1336 2343 άπαριθμούμενον
1386 2269 1636 2341 ήήμέρα
1689 2267 1803 2321 τῶν

217 2359 321 2429 τῆς
345 2358 611 2424 ἅσεὸείας
639 2360 1000 2415 ὑπασπιστῶν
1029 2362 1123 2414 καὶ
1153 2360 1410 2434 ἀρχηγῶν
1443 2361 1511 2415 τά
1543 2361 1802 2431 ὀνόματα,

220 2444 302 2502 ὧν
336 2449 434 2504 καὶ
465 2449 567 2525 τὴν
597 2452 818 2522 μνήμην
842 2452 1016 2521 αὐτὴν
1047 2451 1277 2515 καλῶςό
1306 2451 1495 2523 χρόνος
1521 2452 1802 2524 ἠφάνισεν.

219 2532 387 2594 Οὗτοι
412 2540 472 2594 δὲ
522 2542 724 2606 πάντες
766 2542 907 2596 κατὰ
944 2544 1166 2607 ταυτὸν,
1199 2543 1274 2607 ὡς
1301 2543 1433 2608 ἔπος
1465 2545 1659 2608 εἰπεῖν,
1694 2545 1806 2607 τοῖς

217 2633 608 2699 ἁποστολικοῐς
666 2636 1018 2706 κηρύγμασιν
1094 2635 1528 2707 πολεμήσαντες,
1562 2634 1660 2704 τῆς
1711 2634 1807 2687 τοῦ

1908 1810 2192 1875 Macarius,
2238 1809 2505 1864 Honorius
2535 1816 2586 1863 et
2614 1808 2812 1877 impius
2851 1807 3142 1873 Mahomet,
3177 1815 3233 1862 et
3268 1807 3314 1861 si
3353 1806 3475 1875 quis

1908 1903 2045 1963 alius
2080 1902 2232 1967 mihi,
2268 1906 2453 1969 utpbte
2492 1900 2718 1965 homini,
2756 1899 2931 1953 latuit.
2982 1898 3189 1967 Quippe
3221 1912 3307 1953 me
3359 1897 3481 1969 dies

1906 1993 2180 2056 deficeret,
2214 1991 2260 2046 si
2294 1990 2586 2058 impietatis
2605 1987 2946 2045 defensorum
2969 1996 3024 2042 et
3062 1997 3343 2042 auctorum
3380 2005 3477 2041 no—

1907 2086 2050 2137 mina
2081 2095 2404 2149 enumerare
2452 2080 2797 2151 aggrederer,
2853 2092 3083 2149 quorum
3134 2078 3305 2147 ipsam
3363 2092 3476 2133 me-

1910 2172 2136 2227 moriam
2181 2181 2327 2227 recte
2379 2181 2587 2240 tempus
2625 2171 2875 2227 abolevit.
2935 2169 3029 2226 Isti
3073 2184 3200 2240 ergo
3255 2185 3475 2235 omnes,

1911 2278 2015 2318 uno
2043 2264 2243 2331 animo,
2276 2273 2333 2317 ut
2367 2265 2435 2317 ita
2470 2262 2676 2332 loquar,
2703 2262 2961 2318 adversus
2986 2261 3309 2332 apostolicas
3336 2276 3479 2333 pra:-

1907 2356 2206 2411 dicationes
2224 2364 2471 2424 suscepto
2491 2353 2651 2421 bello,
2676 2369 2706 2409 e
2747 2353 2842 2408 Dei
2875 2354 3131 2408 memoria
3166 2363 3221 2408 et
3262 2353 3331 2407 ab
3376 2354 3480 2408 Ec-

1908 2445 2071 2500 clesia
2103 2443 2294 2499 merito
2322 2442 2508 2510 rejecti
2539 2451 2686 2499 sunt.
2727 2434 2846 2512 Ipsa
2889 2450 3066 2496 autem
3101 2440 3377 2507 Ecclesia,
3414 2440 3482 2497 li-

1911 2547 1997 2592 cet
2046 2536 2212 2592 armis
2260 2549 2471 2605 semper
2500 2534 2770 2597 lacessita,
2803 2533 3151 2605 amplioribus
3188 2522 3349 2589 etiam
3405 2531 3487 2590 vi-

1913 2631 2101 2687 ctoriis
2120 2637 2317 2685 statum
2347 2612 2519 2684 tenuit
2547 2626 2851 2697 paciﬁcum.

218 2723 363 2777 Θεοῦ
423 2725 648 2798 μνήμης
718 2727 815 2780 καὶ⁹
856 2728 956 2798 τῆς
1011 2727 1338 2798 Ἐκκλησίας
1398 2728 1625 2793 εἰκότως
1686 2723 2284 2798 ἅπεσκορακίσθησαν’
2335 2721 2428 2776 καὶ
2472 2716 2609 2791 ἦγεν
2663 2721 2721 2771 ἐν
2762 2716 3023 2790 εἰρηναίᾳ
3066 2718 3402 2772 καταστάσει
3438 2715 3478 2792 ἡ

222 2816 462 2869 πάντοτε
502 2817 885 2889 πολεμουμένη
926 2820 1019 2872 καὶ
1066 2819 1397 2892 πλειοτέρως
1436 2818 1641 2873 νικῶσα
1687 2819 2014 2891 Ἐκκλησία.

311 2905 617 2964 Ἐντεῦθεν.
638 2907 949 2963 οὗν-λοιπὸν
986 2912 1014 2964 6
1044 2911 1142 2982 τῆς
1170 2912 1433 2983 πονηρίας
1465 2911 1671 2984 πατὴρ,
1708 2909 1805 2965 καὶΙ

1982 2906 2112 2961 Eam
2138 2905 2208 2961 ob
2227 2919 2336 2960 rem
2360 2899 2719 2973 improbitatis
2744 2908 2900 2969 pater
2925 2909 2980 2955 et
3005 2898 3261 2969 nequitia:
3288 2898 3477 2961 inve"-

220 3001 328 3073 τῆς
364 2998 568 3064 κακίας
595 2999 822 3071 εὑρετὴς
843 3000 1109 3066 διάϐολος.
1137 3004 1164 3055 6
1198 3001 1471 3074 μηδέποτε
1502 3001 1805 3072 παυόμενος

1912 3011 1997 3053 tor
2025 2996 2290 3061 diabolus,
2322 2994 2414 3064 qui
2443 2991 2640 3048 bellum
2667 2990 2865 3061 ubique
2891 3004 3081 3062 gerere
3101 3012 3222 3051 cum
3261 2998 3476 3053 homine

220 3091 487 3161 πολεμεῖν
514 3090 775 3145 ἑκάστοτε
813 3092 906 3147 τὸν
964 3092 1083 3146 κατ’
1115 3092 1467 3148 είκόνα’Θεοῦ
1519 3091 1807 3146 κτισθέντα

220 3181 539 3252 ἄνθρωπον,
572 3182 860 3254 θεωρήσας
901 3183 1011 3240 τῶν
1048 3176 1347 3255 προφανῶς
1396 3184 1676 3255 πολεμίων
1709 3185 1809 3254 ρᾳ-

220 3274 357 3339 δίως
384 3273 821 3345 περιγενομένην
864 3274 961 3328 τοῦ
1009 3274 1222 3345 Κυρίου
1273 3274 1371 3346 τὴν
1415 3275 1672 3346 ποίμνην,
1720 3274 1810 3331 ἴνα

223 3365 369 3437 πρὸς
410 3368 519 3430 τοῖς
562 3369 854 3436 γραφεῖσιν
886 3367 1269 3439 άναποδίσοιμι
1296 3376 1343 3433 ι,
1377 3365 1590 3422 ἔνδοθεν
1612 3365 1810 3438 ἐξάψαι

222 3455 479 3527 διενοήθη
505 3456 603 3509 τοῦ
634 3456 876 3528 πολέμου
899 3456 997 3529 τήν
1024 3456 1218 3528 φλόγα.
1243 3459 1355 3511 Καὶ
1374 3454 1555 3529 εὑρὼν
1578 3448 1809 3532 ὄργανον

222 3548 328 3616 τῆς
373 3546 581 3611 οἰκείας
639 3547 792 3615 ἄξιον
831 3548 1129 3620 ἐργασίας,
1163 3548 1334 3619 ἄνδρα
1386 3551 1675 3619 γοητικαῖς
1713 3551 1811 3603 ἐπ-

229 3637 409 3707 ῳδαῖς
425 3638 599 3691 πολλά
613 3641 993 3710 τερατουργείν
1007 3637 1383 3710 νομιζόμενον,
1397 3641 1490 3693 καλ⁸
1502 3638 1809 3708 φενακίζειν

224 3729 336 3785 τῶν
371 3729 676 3801 ἀνθρώπων
721 3732 848 3808 τοὺς
879 3729 948 3784 τὰ
980 3729 1205 3785 τοιαῦτα
1242 3729 1550 3808 τεθηπότας
1577 3730 1811 3802 δυνάμε-

224 3839 344 3887 νον,
378 3823 443 3876 ὲκ
473 3823 571 3895 τῆς
605 3823 662 3879 δὲ
703 3805 1020 3894 Συριάτιδσς
1053 3823 1217 3893 γαίης
1251 3805 1310 3877 τό
1358 3840 1417 3876 τε
1449 3824 1603 3891 γένος
1634 3824 1725 3876 καὶ
1750 3824 1811 3879 τὸ

228 3914 489 3985 φρόνημα
513 3914 726 3985 ἔχοντα.
768 3912 968 3968 Τοῦτον
1004 3913 1098 3968 τὸν
1140 3912 1508 3986 λεοντώνυμον
1535 3915 1699 3986 θῆρα,
1736 3917 1811 3979 ὡς

228 4004 677 4076 προγέγραπται,
706 4005 924 4076 πρῶτον
946 4004 1169 4070 ἐξάπτει
1208 4006 1348 4063 κατὰ
1374 4006 1472 4077 τῆς
1504 4005 1613 4059 τῶν
1638 4005 1811 4073 ἁγίων

229 4095 463 4150 abduc»
485 4098 677 4168 νοερᾶς
709 4097 1155 4170 προσκυνήσεως.
1183 4096 1387 4151 Τούτου
1415 4097 1475 4149 δὲ
1504 4098 1808 4168 καταδήλου

229 4186 512 4258 αἰρετικοΰ
543 4186 848 4259 δειχθέντος
877 4187 983 4241 ὑπὸ
1007 4187 1103 4242 τοῦ
1145 4188 1245 4259 τῆς
1274 4185 1535 4260 ἀληθείας
1566 4190 1810 4242 ὑπασπι-

231 4274 364 4328 στοῦ
398 4274 700 4348 Γερμανοῦ,
729 4277 806 4341 ὡς
851 4282 949 4332 καὶ
992 4277 1371 4349 προλέλεκται,
1414 4278 1536 4331 οὐδὲ
1582 4276 1755 4340 οὕτως
1782 4280 1811 4331 ό

1909 3090 1975 3146 ad
1994 3088 2293 3158 imaginem
2329 3085 2422 3142 Dei
2444 3092 2636 3145 creato
2675 3097 2949 3157 tranquam
2998 3090 3319 3156 supersedit,
3354 3104 3475 3142 cum

1910 3163 2121 3237 Domini
2151 3192 2362 3254 gregem
2406 3181 2518 3235 suis
2554 3182 2754 3249 apertis
2783 3179 3028 3245 hostibus
3052 3178 3204 3233 facile
3231 3179 3477 3248 superio-

1910 3290 2023 3331 rem
2055 3288 2174 3342 esse
2196 3280 2462 3340 cerneret,
2504 3282 2561 3326 ut
2594 3273 2658 3327 ad
2689 3286 2773 3335 ea,
2796 3287 2914 3341 quas
2949 3270 3060 3342 jam
3094 3273 3295 3339 scripta
3333 3281 3476 3336 sunt,

1912 3367 2153 3431 redeam,
2184 3366 2510 3421 intrinsecus
2534 3363 2658 3423 belli
2704 3362 2977 3417 ﬂammam
3021 3365 3316 3419 accendere
3368 3364 3478 3417 sta-

1914 3457 2035 3512 tuit.
2075 3456 2437 3527 llinc‘prOprii
2476 3456 2658 3525 operis
2684 3455 2903 3525 dignum
2934 3454 3347 3510 instrumentum
3384 3470 3478 3508 ua-

1914 3555 2060 3614 ctus,
2095 3546 2296 3612 virum,
2321 3547 2413 3617 qui
2438 3562 2609 3619 genus
2626 3557 2681 3600 et
2703 3544 2938 3599 animum
2962 3559 3031 3599 ex
3059 3544 3215 3615 Syria
3235 3545 3475 3608 sortitus,

1912 3631 2134 3701 magicis
2176 3633 2467 3702 praestigiis
2495 3632 2725 3701 plurima
2760 3631 3003 3700 prodigia
3038 3640 3257 3701 patrare
3300 3632 3477 3687 existi-

1910 3723 2184 3790 mabatur,
2216 3723 2591 3792 hominesque,
2622 3722 2713 3793 qui
2754 3735 2843 3776 res
2871 3720 3179 3792 hujusmodi
3219 3723 3475 3778 admirari

1911 3814 2106 3879 solent,
2160 3813 2410 3882 decipere
2462 3806 2693 3866 valebat.
2745 3809 2897 3866 Hanc
2944 3824 3074 3880 ergo
3101 3810 3271 3866 feram
3310 3812 3479 3868 leonis

1911 3902 2284 3973 cognominem
2335 3901 2588 3973 primum,
2637 3897 2800 3972 443
2851 3909 2911 3953 ιιι
2958 3900 3108 3968 prius
3139 3900 3487 3970 scripsimus,

1910 3992 2173 4049 adversus
2203 4001 2512 4047 sanctarum
2552 3991 2842 4061 imaginum
2880 3989 3247 4044 adorationem
3280 3988 3479 4044 inﬂam-

1912 4086 2095 4139 mavit.
2134 4083 2389 4151 Quamvis
2438 4094 2569 4136 vero
2617 4080 2938 4135 manifestus
2966 4078 3251 4134 haereticus
3289 4094 3318 4133 a
3344 4075 3479 4135 Ger-

1912 4166 2072 4232 mano
2093 4175 2335 4231 veritatis
2364 4179 2784 4245 propugnatore,
2818 4179 2879 4225 ut
2926 4177 3085 4224 antea
3120 4169 3325 4225 dictum
3373 4177 3491 4237 est,

1913 4269 2215 4325 declaratus
2245 4266 2436 4324 luisset
2466 4283 2481 4320 :
2514 4279 2693 4336 neque
2721 4265 2802 4319 sic
2839 4272 3019 4319 tamen
3050 4263 3359 4319 communis
3381 4263 3478 4319 ho-

230 4364 411 4429 κοινὸς
452 4367 559 4420 τῶν
592 4368 894 4439 ἀνθρώπων
928 4368 1185 4439 πολέμιος
1218 4368 1598 4424 ἀπεπαύσατο.
1645 4367 1802 4421 Ἀλλὰ

1910 4362 2114 4416 minutn
2143 4359 2359 4415 hostisa
2391 4358 2583 4427 emptis
2602 4356 2831 4419 destitit.
2861 4354 3195 4422 Vernm,illo
3225 4369 3256 4410 e
3298 4354 3478 4411 medio

232 4459 333 4512 καὶ
370 4458 532 4513 αὐτοῦ
561 4459 621 4514 τὺ
652 4461 751 4533 ζῇν
791 4460 1224 4533 ἀπορῥήξαντος,
1256 4462 1353 4516 καὶ
1381 4460 1475 4515 τοῦ
1520 4461 1805 4534 ἀτελευτή-

1914 4450 2144 4517 sublato,
2180 4450 2541 4520 perennisque
2583 4448 2786 4505 vermis
2814 4459 2869 4504 et
2910 4447 3098 4505 aeterni
3152 4448 3292 4520 ignis
3335 4448 3476 4503 facto

234 4565 328 4602 του
359 4549 638 4621 σκώληκος
663 4552 872 4607 καὶτοῦ
902 4551 1122 4606 αἰωνίου
1152 4552 1323 4624 πυρὸς
1346 4552 1629 4622 γεγονότος
1671 4569 1805 4624 παρ-

1915 4541 2144 4615 pabulo,
2202 4541 2318 4610 ejus
2365 4540 2485 4597 loco
2542 4541 2812 4610 impurum
2870 4541 2998 4597 illud
3042 4541 3212 4612 ipsius
3258 4556 3479 4612 germen

238 4641 531 4714 ανάλωμα,
565 4643 861 4714 ἀνέστησεν
889 4642 1005 4698 ἀντ’
1070 4642 1235 4698 αὑτοῦ
1280 4644 1342 4696 τδ
1378 4642 1586 4698 ἐκείνου
1619 4643 1805 4715 μιαρὸν

1911 4632 2343 4706 (Constantinum
2383 4629 2525 4701 dico)
2560 4632 2857 4698 excitavit,
2903 4633 3058 4701 quasi
3113 4633 3239 4703 quis
3284 4634 3491 4688 dixerit

237 4731 505 4803 γέννημα,
547 4733 957 4788 Κωνσταντῖνόν
995 4752 1161 4806 φημι,
1216 4734 1292 4799 ὡς
1320 4733 1387 4788 ἄν
1434 4730 1700 4797 τιςέϊποι
1747 4735 1805 4788 ἐκ

1910 4739 1975 4780 ex
2006 4723 2187 4779 Aehaz
2225 4722 2435 4788 Achab,
2467 4732 2519 4778 et
2545 4737 2609 4777 ex
2646 4724 2912 4779 Archelao
2945 4724 3273 4780 deteriorem
3308 4719 3476 4781 Hero-

235 4822 332 4876 τοῦ
375 4823 544 4895 Ἀχάζ
572 4824 665 4878 τὸν
708 4825 939 4897 Ἀχαὰϐ,
973 4826 1070 4880 καὶ
1092 4825 1151 4892 ἐξ
1195 4826 1486 4897 Ἀρχελάου
1518 4825 1610 4880 τὸν
1648 4842 1805 4898 πονη-

1911 4818 2062 4884 dem,
2091 4814 2340 4871 adulterii
2375 4814 2704 4885 mancipium
2727 4855 2742 4881 ,
2773 4825 2829 4870 et
2857 4816 3211 4885 praecursoria
3257 4817 3478 4874 homici-

243 4912 461 4983 ρότερον
499 4913 767 4986 Ἡρώδην,
796 4915 857 4968 τὸ
901 4915 999 4985 τῆς
1031 4917 1274 4988 μοιχείας
1321 4914 1673 4986 ἀνδράποδον,
1720 4914 1805 4968 καὶ

1913 4909 2059 4964 dam.
2094 4907 2198 4963 Iste
2230 4906 2392 4976 igitur
2422 4905 2577 4961 mla:
2614 4904 2757 4962 illius
2808 4908 3009 4964 radicis
3042 4908 3222 4975 arbor,
3268 4909 3476 4977 pejores
3522 4935 3526 4939 θ

236 5002 333 5056 τοῦ
367 5005 679 5077 Προδρόμου
738 5006 927 5075 φονέα.
954 5000 1124 5072 Οὗτος
1173 5002 1268 5061 οὖν
1311 5008 1385 5061 sb
1413 5008 1509 5078 τῆς
1562 5007 1805 5076 πονηρᾶς

1920 5001 2126 5054 fructus
2178 4995 2506 5067 germinans,
2569 4998 2878 5055 exitialibus
2924 5000 3101 5055 omnis
3143 4999 3355 5069 generis
3386 5013 3478 5052 ve-

237 5092 452 5165 ἐκείνης
487 5093 647 5166 ῥίζης
689 5094 926 5166 δένδρον,
962 5096 1361 5169 πονηροτέρους
1395 5096 1639 5170 καρποὺς
1675 5095 1805 5165 βλα-

1916 5091 2068 5145 nenis
2093 5088 2146 5144 in
2179 5089 2358 5143 anima
2398 5088 2687 5157 congestis,
2714 5102 2904 5144 omnes
2951 5097 3166 5144 sanctas
3213 5088 3475 5163 imagines

1537 5226 1766 5313 ῪᾼΒΙᾹΞ
1798 5220 2197 5283 LECTIONES.

315 5350 339 5379 ³
364 5340 432 5397 al.
461 5342 888 5414 άναποδήσοιμι.

1759 5435 1992 5493 ΝΟΤΕ.

312 5570 384 5640 (8)
414 5565 797 5640 Néamr.§on
839 5566 1003 5621 alium
1030 5565 1119 5640 hic
1149 5577 1309 5633 quam
1351 5561 1610 5640 Nepotem
1642 5562 1814 5640 fit)”.

249 5633 428 5705 ptiacaz
465 5639 618 5696 urbis
666 5637 1001 5707 Episcopum
1050 5636 1119 5689 ab
1163 5643 1392 5707 auctore
1426 5633 1656 5707 indicari
1697 5633 1814 5707 egi-

247 5702 417 5776 SIimo,
446 5711 537 5781 qui
579 5726 609 5767 a
641 5702 916 5763 Tlieodo‘r.
956 5705 1203 5761 lla'retic.
1245 5702 1411 5774 fabul.
1451 5703 1541 5757 lib.
1600 5720 1676 5760 tu.
1711 5704 1813 5756 Νέ-

1916 5582 2036 5690 mi;
2068 5565 2285 5631 dicitur,
2313 5560 2451 5629 aliis,
2483 5571 2538 5618 ut
2570 5561 2625 5618 in
2663 5562 2859 5619 concil.
2895 5578 2982 5620 ιιι.
3018 5561 3205 5621 Const.
3241 5578 3347 5622 aet.
3386 5566 3477 5636 ιι,

2003 5653 2116 5690 πος.

2003 5653 2116 5700 πος.
