3894 6164
327 270 459 338 1111

1536 283 1907 343 STEPHANI
1957 288 2265 351 DIACONI
2304 294 2413 355 (ΣΡ.

3458 296 3591 362 111?.

323 384 516 449 diruit,
551 384 767 451 evertit,
804 385 1064 444 incendit.
1094 389 1192 447 Cui
1232 406 1352 455 cum
1398 393 1646 444 inuitat-hi
1681 393 1897 460 religio-

2014 400 2230 466 στῆσαν,
2272 400 2586 475 δδηλητήρια
2624 402 2680 455 δὲ
2733 406 2961 458 παντοῖα
2995 404 3214 476 ὀλέθρια
3275 410 3341 478 τῇ
3393 409 3589 465 ἐαυτιῦ

328 480 413 529 nis
435 476 676 531 cultores
711 491 830 531 sese
860 491 1217 548 opponerent,
1252 481 1359 535 illis
1393 480 1590 535 bellum
1621 483 1906 534 denuntia-

327 567 421 619 vit.
483 565 618 637 Hine
673 582 859 621 eorum
916 569 1192 633 habitum,
1248 571 1594 625 tenebrarum
1657 573 1903 625 habitum

329 658 631 726 appellabat
658 658 704 712 is
742 658 881 727 ipse,
911 661 1004 730 qtti
1049 663 1285 717 animam
1325 663 1562 717 tenebris
1600 663 1902 716 involutam

328 751 591 819 gerebat:
626 751 716 829 qui
761 767 891 806 vero
926 756 1029 807 sub
1072 754 1164 807 illo
1217 755 1401 809 habitu
1459 755 1903 817 recensebantur,

330 840 616 908 nefandus,
635 844 686 895 id
708 854 788 897 est
812 855 1112 899 memoratu
1142 846 1390 914 indignos
1408 847 1743 911 nominabat,
1771 860 1907 916 quos

328 934 495 987 etiam
528 934 844 988 idololatras
876 937 944 993 ob
961 946 1271 991 sanctarum
1319 939 1611 1005 imaginum
1642 939 1909 992 adoratio-

277 1028 287 1042 '
330 1041 451 1078 item
488 1027 779 1081 vocitabat.
814 1026 903 1081 Ille
948 1028 1117 1098 igitur
1157 1043 1279 1083 cum
1316 1031 1623 1084 universam
1649 1031 1750 1084 sibi
1783 1031 1900 1084 sub-

321 1117 524 1185 ,ἰοί-κιαι
585 1117 795 1187 plebem
863 1129 1271 1191 congregasset,
1339 1122 1632 1190 propositis
1697 1122 1908 1177 viviﬁco

325 1210 493 1287 m
525 1231 749 1287 corpore
788 1226 842 1270 et
888 1203 1159 1287 sanguine
1203 1215 1426 1279 Christi,
1468 1218 1910 1287 intemeratisque

332 1309 513 1379 lignis,
555 1311 605 1364 iu
629 1309 822 1380 quibus
850 1309 1100 1365 Christus
1136 1310 1276 1364 Deus
1299 1326 1397 1378 pro
1415 1311 1567 1365 nobis
1591 1326 1784 1365 manus
1812 1324 1910 1364 ex-

268 1412 269 1415 ‘
333 1403 529 1466 tendit,
564 1413 727 1470 atque
763 1404 927 1457 etiam
976 1402 1250 1459 inviolatis
1290 1403 1596 1473 Evangeliis
1620 1446 1635 1470 ,
1672 1420 1765 1473 per
1792 1420 1911 1472 quae

330 1511 398 1550 ne
424 1497 645 1551 omnino
675 1497 889 1566 quidem
916 1496 1103 1565 jnrare
1134 1497 1292 1552 nobis
1320 1498 1576 1566 pra'cepit
1630 1496 1907 1565 Christus;

266 1634 269 1635 ,
332 1604 541 1654 omnes,
583 1589 826 1659 inquam,
854 1589 942 1643 ille
970 1588 1156 1655 jurare
1179 1599 1230 1642 et
1249 1597 1506 1658 quantum
1535 1587 1782 1643 Valebant
1833 1589 1911 1642 vi-

334 1683 482 1736 ribus
538 1683 651 1735 hmo
706 1697 764 1734 se
827 1680 1064 1734 facturos
1097 1680 1275 1733 dicere
1323 1679 1657 1747 imperavit:
1693 1693 1905 1747 nempe,

332 1782 577 1826 salictam
617 1770 906 1838 imaginem
937 1785 994 1824 se
1015 1786 1119 1823 non
1145 1770 1490 1833 adoraturos,
1523 1757 1615 1823 sed
1642 1785 1760 1827 eam
1795 1769 1909 1823 ido-

333 1864 437 1919 lnm
472 1874 794 1926 vocaturos;
827 1863 1263 1917 communionem
1287 1862 1354 1916 ab
1381 1861 1577 1916 abbate
1597 1876 1690 1915 seu
1724 1876 1911 1914 mona-

331 1954 435 2006 clm
483 1970 587 2007 non
636 1963 969 2022 recepturos;
1021 1967 1197 2023 neque
1242 1952 1324 2004 vel
1376 1953 1546 2006 solam
1591 1951 1820 2009 salutem
1860 1953 1907 2006 ei

332 2046 550 2097 daturos
581 2061 594 2097 :
628 2044 721 2097 sed
752 2053 939 2097 contra
973 2043 1017 2096 si
1050 2042 1100 2096 in
1129 2042 1322 2111 primis
1352 2042 1645 2095 nefandum
1677 2040 1932 2110 aliquem-

330 2143 381 2184 «ιι
416 2133 765 2188 tenebrarum
793 2142 943 2187 veste
975 2134 1219 2187 indutum
1251 2132 1472 2188 obvium
1507 2132 1818 2197 habtterint,
1852 2147 1911 2187 se

334 2224 484 2277 illuni
525 2238 645 2276 cum
678 2224 941 2279 conviciis
968 2223 1240 2293 lapidibus
1267 2224 1578 2278 obruturos.
1613 2221 1659 2278 Ο
1680 2224 1911 2293 ineptias

332 2313 650 2367 lueretieasl
693 2312 784 2367 Sui
817 2324 1000 2370 autem
1040 2312 1370 2366 simillimum
1408 2326 1537 2367 voce
1564 2320 1619 2366 et
1648 2312 1907 2377 moribus,

333 2406 553 2459 nomine
602 2413 656 2459 et
721 2405 987 2459 sententia
1047 2405 1465 2461 instrumentum
1511 2417 1542 2458 e
1587 2402 1907 2460 sacerdOtali

331 2495 577 2565 catalogo
639 2505 862 2559 nactus,
907 2505 982 2560 ut,
1036 2496 1081 2550 si
1116 2511 1201 2550 CIII
1256 2494 1557 2564 Scriptura:
1603 2493 1788 2549 verbis
1832 2492 1910 2547 uti

333 2588 537 2651 placet,
574 2586 733 2641 B.|ae
788 2586 1008 2642 Balaam
1068 2597 1124 2642 et
1181 2584 1383 2642 Janues
1432 2584 1727 2649 Jambrem,
1760 2584 1908 2639 illum

334 2694 439 2734 tum
476 2678 570 2733 Dei
601 2688 657 2733 et
689 2680 1031 2735 sacerdotum
1073 2677 1366 2749 sulfragio,
1400 2679 1493 2747 sed
1529 2679 1749 2749 proprio
1787 2677 1911 2732 dolo

335 2770 386 2820 in
417 2768 700 2823 ecclesiam
736 2770 994 2837 adduxit;
1041 2770 1131 2824 tibi
1172 2785 1292 2829 eum
1332 2768 1573 2823 amboin
1621 2768 1908 2823 ambont-m

333 2862 733 2929 ascendissent,
757 2864 1098 2918 Constantini
1132 2863 1478 2930 imperatoris
1505 2861 1753 2917 inanibus
1784 2875 1919 2937 pros

332 2953 492 3010 fanus
517 2954 906 3010 Constantinus
939 2956 1148 3024 impura
1172 2998 1187 3023 ,
1216 2965 1276 3039 ut
1309 2955 1382 3009 ita
1440 2954 1651 3024 loquar,
1678 2953 1912 3021 diploide

332 3057 380 3098 et
415 3049 734 3115 0m0pliorio
764 3049 1006 3101 induitur
1051 3047 1163 3118 (ille
1183 3085 1198 3111 ,
1245 3047 1462 3115 inquam
1484 3085 1500 3110 ,
1534 3045 1784 3116 indiguus
1812 3043 1905 3098 τοῦ
1935 3070 1980 3130 c

2005 490 2148 560 ψυχῇ
2181 491 2523 565 θησαυρίσας
2562 494 2774 566 πορθεῖ,
2816 497 3139 568 συστρέφει,
3189 500 3285 553 καὶ
3325 504 3593 572 πυρπολεί

2007 580 2225 634 ἃπασαν
2258 582 2482 637 εἰκόνων
2536 583 2709 652 ἁγίων
2755 584 2905 641 θέαν.
2971 586 3495 658 Ἀντανακρουσθεὶς
3536 592 3592 644 δὲ

2008 672 2112 724 ὑπὸ
2137 672 2247 725 τῶν
2273 673 2371 742 τῆς
2402 674 2686 736 εὐσεϐείας
2731 676 2950 752 μυστῶν
2990 678 3086 731 τοῦ
3118 680 3415 750 μοναχικοῦ
3442 683 3591 757 ,σχή-

2010 777 2179 829 ματος
2210 763 2329 814 κατ’
2373 762 2553 816 αὐτῶν
2583 768 2874 835 συγκροτεῖ
2922 766 3013 820 τὸν
3060 767 3316 837 πόλεμον.
3361 770 3591 831 Σκοτίας

2006 850 2063 903 δὲ
2094 850 2254 904 τοῦτο
2283 853 2343 905 τὸ
2366 847 2553 924 σχῆμα
2574 855 2832 921 καλέσας,
2863 861 2891 910 6
2916 860 2980 928 τῇ
3010 857 3157 930 ψυχῇ
3184 862 3587 930 ἐσκοτισμένος,

2007 942 2135 1005 τοὺς
2158 941 2249 995 ὑπ’
2268 943 2398 996 αὐτὸ
2422 947 2610 1015 σχῆμα
2628 946 3122 1018 καταλεγομένους,
3142 952 3591 1018 ἀμνημονεύτους

2009 1031 2318 1101 ὠνόμασεν,
2349 1037 2441 1087 καὶ
2466 1035 2859 1105 εἰδωλολάτραις
2893 1040 3175 1103 ἐκάλεσεν,
3211 1041 3299 1094 διὰ
3326 1041 3423 1113 τὴν
3454 1043 3590 1114 πρὸς

2008 1125 2107 1187 τὰς
2167 1126 2371 1204 σεπτοάς
2424 1128 2642 1192 εἰκόνας
2680 1130 3088 1201 προσκύνησιν·
3140 1130 3358 1186 ἅπαντα
3392 1134 3448 1185 δέ
3499 1135 3588 1186 τὸν

2009 1215 2102 1268 ὑπ’
2159 1215 2326 1269 αὑτοῦ
2360 1216 2489 1271 λαὸν
2525 1218 2935 1288 ἐκκλησιάσας,
3004 1218 3203 1291 ὀμόσαι
3260 1226 3586 1294 πεποίηκεν,

2011 1308 2424 1379 προτιθεμένων
2456 1311 2553 1363 τοῦ
2578 1329 2636 1364 τε
2668 1312 2937 1376 ζωοποιοῦ
2964 1311 3213 1382 σώματος
3240 1317 3333 1369 καὶ
3357 1318 3591 1386 αἳματος

2011 1398 2105 1452 τοῦ
2140 1400 2404 1469 Χριστοῦ,
2463 1402 2570 1455 τῶν
2600 1420 2657 1456 τε
2688 1403 2973 1473 ἀχράντων
3008 1403 3202 1470 ξύλων,
3248 1408 3307 1459 ἐν
3340 1401 3421 1471 οἷς
3450 1410 3590 1478 Χρι-

2014 1490 2137 1554 στὸς
2178 1491 2207 1544 6
2252 1491 2384 1555 Θεὸς
2415 1492 2557 1564 ὑπὲρ
2603 1492 2758 1564 ἡμῶν
2807 1496 2996 1564 χεῖρας
3020 1493 3307 1561 ἐξέτεινεν,
3355 1497 3450 1551 καὶ
3480 1497 3590 1551 τῶν

2011 1581 2184 1650 ἁγίων
2226 1583 2322 1636 καὶ
2351 1582 2635 1654 ἀχράντων
2692 1585 3065 1653 Εὑαγγελίων,
3117 1585 3183 1639 δι’
3243 1581 3318 1641 ὧν
3353 1589 3588 1660 Χριστὸς

2016 1672 2451 1743 παρακελεύεται
2477 1676 2624 1745 ἡμᾶς
2654 1674 2732 1745 μὴ
2763 1675 2958 1745 ὀμόσαι
2999 1675 3156 1739 ὅλως,
3182 1677 3357 1731 ταῦτα
3397 1679 3591 1751 δεδρα-

2014 1765 2168 1817 κέναι
2226 1765 2319 1817 καὶ
2375 1765 2516 1818 κατὰ
2563 1764 2663 1834 τῆς
2713 1766 2995 1835 δυνάμεως
3026 1766 3207 1821 αὐτῶν
3259 1770 3456 1835 εἰπεῖν,
3514 1770 3590 1840 μὴ

2012 1854 2393 1929 προσκυνῆσαι
2425 1854 2611 1906 εἰκόνα
2637 1853 2823 1923 ἁγίαν,
2849 1854 2986 1908 ἀλλὰ
3006 1855 3210 1927 ταύτην
3239 1857 3456 1911 εἴδωλον
3491 1875 3591 1912 κα-

2010 1942 2144 2006 λεῖν,
2193 1945 2330 2014 μήτε
2375 1945 2703 2014 κοινωνῆσαι
2750 1944 2811 2009 ἐξ
2862 1945 3032 1999 Ἀϐεᾶ
3065 1946 3165 2015 (9),
3197 1947 3231 2017 ἢ
3268 1946 3329 2001 τὸ
3369 1947 3589 2002 σύνολον

2011 2034 2191 2103 Χαῖρε
2231 2035 2415 2089 δοῦναι
2455 2034 2639 2104 αὐτῷ’
2701 2035 2818 2090 ἀλλ’
2871 2038 2920 2090 εἰ
2971 2037 3064 2090 καὶ
3113 2036 3325 2108 εὕροιεν
3376 2040 3484 2110 πρό
3526 2056 3592 2108 γε

2012 2121 2232 2175 πάντων
2271 2122 2695 2193 ἀμνημόνευτον
2730 2125 2825 2177 καὶ
2855 2124 3220 2194 σκοτένδντον,
3262 2126 3423 2181 τοῦτο
3449 2129 3592 2182 ὀνει-

2009 2211 2162 2274 δίσας
2178 2210 2599 2284 λιθοϐολήσειεν.
2626 2210 2691 2265 Ὢ
2720 2213 2820 2285 τῆς
2850 2215 3199 2286 ἐρεσχελίαςῐ
3232 2216 3593 2289 ὁμοιότροπον

2011 2303 2067 2357 δέ
2112 2303 2209 2360 καὶ
2242 2303 2478 2374 ὀμόηχον
2530 2302 2707 2376 εὑρὼν
2746 2304 2999 2377 ὄργανον,
3034 2307 3096 2361 οὐ
3153 2307 3262 2378 μὴν
3307 2307 3446 2362 ἀλλὰ
3495 2309 3595 2362 καὶ

2011 2393 2301 2464 ὁμώνυμον
2343 2395 2437 2447 καὶ
2485 2395 2764 2466 ὁμόφρονα
2780 2397 2889 2464 ,τοῦ
2932 2397 3210 2469 ἱερατικοῦ
3260 2399 3588 2469 καταλόγου,

2009 2485 2087 2549 ὡς
2135 2486 2188 2539 εῐ
2224 2485 2636 2557 τιςφΓραφικῶς
2667 2487 2851 2553 εἴποι,
2898 2489 2927 2542 6
2974 2488 3159 2544 Βαλὰκ
3201 2489 3293 2544 τὸν
3336 2489 3590 2562 Βαλαάμ,

2014 2576 2112 2631 καὶ
2150 2576 2358 2648 ’Ῑαννὴς
2402 2579 2495 2632 τὸν
2547 2579 2846 2651 Ἰαμϐρὴμ,
2879 2580 3069 2635 τοῦτον
3107 2582 3201 2634 ἐπὶ
3244 2580 3343 2654 τὴν
3390 2583 3593 2653 ἐκκλη-

2014 2669 2138 2724 σίαν
2168 2670 2409 2740 ἀπάρας,
2442 2671 2564 2741 οὐχὶ
2591 2670 2727 2725 Θεοῦ
2766 2670 2861 2725 καὶ
2907 2671 3098 2743 ἱερέων
3119 2672 3304 2745 ψήφῳ,
3346 2656 3485 2727 ἀλλὰ
3519 2677 3590 2746 τῇ

2011 2759 2175 2813 αὑτοῦ
2224 2762 2562 2833 πανουργίᾳ,
2601 2761 2711 2817 τῶν
2754 2762 3081 2834 ἀμφοτέρων
3132 2764 3191 2816 ἐν
3250 2763 3328 2835 τῷ
3371 2763 3589 2835 άμὸωνι

2010 2852 2365 2920 ἀνελθόντων,
2402 2853 2508 2908 ὑπὸ
2531 2853 2638 2908 τῶν
2660 2853 2756 2908 τοῦ
2791 2854 3054 2927 βασιλέως
3077 2855 3277 2928 χειρῶν
3303 2859 3595 2911 Κωνσταν-

2011 2945 2160 2999 τίνου
2192 2945 2606 3009 Κωνσταντῖνος
2626 2945 2725 3016 τὴν
2758 2944 2963 3017 μιαρὰν
2990 2946 3018 2999 6
3040 2946 3254 3019 άνίερος
3282 2947 3591 3002 ἐνδιδύσκε-

2010 3053 2103 3088 ται
2135 3036 2402 3101 διπλοΐδα,
2435 3037 2502 3090 ἵν’
2543 3036 2682 3091 εἴπω
2713 3038 2809 3092 καὶ
2835 3038 2898 3091 τὸ
2926 3038 3260 3113 ὠμοφόριον,
3295 3042 3323 3095 6
3369 3039 3590 3106 ἀνάξιος

335 3134 419 3196 πῖ,
452 3137 545 3186 sed
576 3133 753 3202 potius
781 3134 974 3203 dignus
1005 3133 1101 3187 τοῦ
1153 3137 1243 3203 φῖ,
1273 3128 1517 3203 Namque
1560 3134 1907 3203 phatriarcha

2014 3127 2106 3181 τοῦ
2123 3128 2209 3193 πῖ,
2234 3130 2328 3183 καὶ
2353 3129 2553 3201 μᾶλλον
2580 3130 2806 3198 ἐπάξιος
2832 3130 2928 3185 τοῦ
2948 3130 3078 3201 φῖ⁸’
3108 3133 3451 3205 φατριάρχης
3478 3133 3592 3205 γάρ

335 3224 515 3291 potius
555 3240 719 3291 quam
765 3225 1076 3294 patriarcha
1134 3226 1388 3280 Ecclesiae
1434 3225 1582 3282 visus
1621 3224 1757 3297 est),
1784 3238 1907 3279 eum

335 3317 551 3376 interim
580 3315 988 3389 mdignmu
1022 3332 1144 3372 esse
1175 3318 1549 3386 proclamante
1599 3330 1845 3390 tyranno.
1866 3315 1910 3372 Ο

335 3408 750 3478 indignitatem!
793 3407 1052 3464 Armatus
1097 3408 1344 3478 pra-solis
1393 3423 1680 3478 personam
1724 3409 1908 3478 gerit:

335 3499 428 3567 qui
484 3499 642 3554 bellis
678 3509 732 3555 et
769 3499 1009 3554 caedibus
1045 3507 1188 3554 totus
1239 3486 1560 3562 vacaverat,
1607 3495 1912 3553 sacerdotis

335 3590 510 3647 vicem
542 3591 659 3645 obit
689 3607 704 3644 :
736 3590 829 3660 qui
858 3606 887 3644 a
925 3590 1097 3646 tribus
1133 3590 1449 3646 mulieribus
1502 3588 1769 3661 ﬂagitiose
1814 3589 1913 3642 ad-

338 3683 538 3737 missus
593 3682 795 3748 fuerat,
850 3684 1193 3738 sacerdotum
1226 3694 1443 3738 creator
1473 3698 1568 3737 seu
1626 3681 1914 3737 ordinalor

337 3775 725 3831 constituitur!
753 3774 886 3842 Quis
922 3790 1157 3850 unquam
1207 3774 1314 3830 tale
1341 3775 1636 3850 quidquam
1685 3775 1911 3842 audivit,

336 3867 424 3921 vel
452 3866 608 3932 vidit,
644 3867 729 3923 vel
780 3848 1097 3923 nuntiavit?
1130 3865 1300 3922 Nemo
1347 3848 1520 3927 certe.
1566 3865 1679 3920 lmo
1743 3879 1915 3949 neque

337 3961 508 4015 etiam
535 3960 739 4030 aliquid
773 3959 1080 4029 huiusmodi
1131 3959 1183 4013 in
1226 3958 1505 4030 gentilium
1547 3958 1834 4013 sacriﬁciis
1862 3964 1916 4011 et
1950 4034 1953 4035 ν

341 4052 622 4107 nidoribus
647 4052 819 4105 visum
851 4059 955 4106 est.
1000 4049 1140 4105 Hinc
1185 4050 1431 4119 apposite
1469 4049 1599 4103 illud
1643 4048 1915 4118 propheta:

338 4156 600 4211 usurpare
629 4142 755 4197 licet
783 4156 807 4200 :_
837 4140 1074 4212 Populus
1111 4142 1244 4194 sicut
1281 4142 1529 4195 sacerdos
1568 4140 1636 4205 “,
1669 4151 1721 4195 et
1756 4154 1914 4194 nemo

338 4242 459 4286 erat
488 4233 579 4302 qui
619 4240 883 4295 sacraret,
921 4232 1002 4286 vel
1035 4231 1131 4301 qui
1159 4242 1488 4286 sacraretur.
1728 4218 1737 4221 ’

409 4322 490 4377 Ab
529 4324 632 4378 hoc
660 4322 824 4392 igitur
850 4323 1060 4391 impuro
1091 4322 1203 4391 pari
1252 4333 1505 4390 tauquam
1560 4321 1764 4375 nefaria
1825 4336 1917 4375 ca-

2013 3221 2158 3291 ἥπερ
2204 3219 2233 3260 δ
2267 3223 2615 3293 πατριάρχης
2652 3225 2720 3295 τῇ
2765 3222 3068 3296 Ἐκκλησία
3105 3223 3388 3294 ἐξέφανεν,
3421 3224 3589 3280 αὑτοῦ

2012 3311 2105 3366 τοῦ
2141 3313 2405 3385 τυράννου
2448 3316 2977 3391 προεκφωνήσαντος
3003 3316 3087 3385 τὸ,
3124 3317 3331 3382 ΙἌξιος.
3378 3317 3443 3371 Ὢ
3489 3318 3594 3388 τῆς

2013 3403 2400 3475 ἁναξιότητοςι
2449 3405 2509 3459 ἾΟ
2555 3406 2922 3479 άσπιδοφόρος
2955 3406 3255 3479 ίεροθέτης,
3289 3407 3384 3461 καὶ
3415 3409 3443 3461 6
3493 3424 3595 3461 πο-

2012 3496 2203 3567 λέμοις
2230 3500 2324 3552 καὶ
2354 3499 2537 3568 φόνοις
2561 3497 2870 3568 ἐσχολακὼς
2933 3498 3216 3571 ἱερουργός
3234 3513 3250 3529 °
3278 3498 3375 3552 καὶ
3394 3500 3423 3553 ὁ
3443 3499 3596 3570 τρισὶ

2014 3587 2263 3657 γυναιξὶν
2285 3587 2619 3660 παρανόμως
2646 3586 2964 3659 εἰσδεχθεὶς,
2985 3587 3096 3642 τῶν
3137 3587 3329 3659 ἱερέων
3350 3604 3598 3663 χειροτο-

2015 3678 2183 3750 νητὴς
2234 3677 2553 3734 καθίστατο.
2613 3678 2710 3743 Τίς
2754 3679 2989 3751 ἤκουσεν
3038 3677 3280 3733 τοιοῦτόν
3341 3695 3467 3733 ποτε
3532 3674 3597 3743 ἐξ

2015 3768 2295 3842 αἰῶνος,ἢ
2339 3768 2467 3835 ἴδεν,
2512 3768 2545 3839 ἢ
2596 3769 2966 3841 άπήγγειλεν;
3000 3768 3171 3833 ὅντως
3198 3769 3397 3832 οὐδείς.
3451 3768 3594 3822 Ἀλλ’

2014 3860 2136 3914 ούδέ
2156 3862 2213 3914 ἐν
2230 3863 2351 3924 ταῖς
2374 3860 2484 3914 τῶν
2516 3859 2787 3933 Ἑλλήνων
2809 3859 3143 3933 ἱερουργίαις
3165 3860 3261 3914 καὶ
3288 3860 3540 3924 κνίσσαις
3567 3871 3593 3900 ο

2014 3950 2258 4007 τοιοῦτόν
2320 3968 2372 4006 τι
2431 3950 2647 4021 ἔφανεν.
2698 3951 2894 4006 Ἔνθεν
2951 3952 3176 4022 γέγονεν
3240 3951 3599 4024 προφητικῶς

2016 4044 2191 4097 εἰπεῖν
2213 4059 2226 4075 ο
2277 4044 2339 4096 '0
2365 4043 2516 4111 λαὸς
2553 4044 2634 4112 ὡς
2662 4043 2876 4114 ἱερεὺς,
2912 4045 3007 4100 καὶ
3036 4044 3213 4109 οὐδεὶς
3253 4040 3322 4116 ἦν
3363 4044 3391 4097 6
3433 4044 3599 4116 ἱερῶν

2016 4136 2113 4187 καὶ⁹
2144 4133 2290 4206 ίερού
2298 4150 2478 4205 μενος.

2103 4304 2199 4374 Ἐκ
2227 4318 2421 4374 τούτου
2451 4313 2544 4373 οὖν
2590 4321 3035 4395 συμπλεχθείσης
3065 4323 3164 4393 τῆς
3211 4322 3416 4394 μιαρᾶς
3465 4321 3599 4388 ξυν-

340 4430 463 4473 tena
499 4429 743 4472 conuexo
779 4414 954 4469 edicta
1012 4428 1109 4481 per
1153 4428 1341 4468 omnes
1394 4413 1699 4482 provincias
1753 4411 1910 4466 missa

2018 4416 2211 4488 ωρίδος
2253 4415 2330 4481 ὡς
2377 4417 2700 4488 παρανόμου
2728 4420 2939 4490 σειρᾶς,
2989 4418 3406 4492 προγράμματα
3456 4420 3601 4475 κατὰ

337 4519 486 4572 sunt,
519 4500 846 4563 nt’locorum
880 4505 1122 4576 prmlecti
1179 4519 1300 4559 cum
1333 4504 1600 4573 episcopis
1626 4518 1685 4559 se
1720 4503 1777 4559 in
1808 4503 1914 4558 im-

339 4596 665 4666 peratoriam
712 4595 899 4651 urbem
949 4596 1260 4651 conferrent
1287 4599 1352 4649 ad
1399 4594 1780 4650 celebrandam
1823 4608 1916 4664 sy-

338 4689 538 4745 nodum
601 4697 791 4744 contra
844 4698 1063 4744 sanctas
1117 4699 1172 4744 et
1233 4690 1572 4745 venerandas
1626 4690 1913 4758 imagines.

260 4818 268 4824 -
337 4782 493 4837 Tunc
518 4795 613 4849 per
641 4795 856 4836 omnem
888 4780 1064 4837 locum
1104 4791 1159 4837 et
1206 4782 1479 4838 civitatem
1514 4784 1652 4853 apud
1682 4783 1801 4852 pios
1830 4783 1913 4838 vi-

268 4866 271 4871 ’
336 4879 466 4932 εισι-ο
512 4882 634 4928 erat
679 4873 883 4928 luctum
925 4888 1089 4942 super
1119 4874 1322 4929 luctum
1378 4885 1434 4929 et
1464 4889 1542 4929 vae
1585 4889 1749 4944 super
1782 4889 1860 4930 vae
1894 4890 1910 4927 :

337 4965 481 5033 apud
520 4966 716 5036 impios
750 4981 899 5033 vero,
931 4965 1245 5023 conculcata
1274 4980 1452 5033 sacra,
1488 4981 1616 5022 vasa
1656 4966 1911 5022 immuta-

436 5119 459 5154 ⁵
487 5118 642 5177 Oscae
681 5139 756 5190 iv,
796 5121 886 5181 99.

2023 4509 2206 4563 πᾶσαν
2238 4510 2511 4581 ἐπαρχίαν
2540 4509 2885 4582 ἐξεπέμπετο
2919 4511 3056 4584 πρὸς
3084 4511 3207 4574 τοὺς
3237 4509 3380 4564 κατά
3412 4509 3601 4581 χώραν

2020 4601 2440 4673 ἀρχισατράπας
2489 4602 2588 4655 σὺν
2660 4602 2983 4666 ἐπισκόποις
3045 4602 3144 4673 τὴν
3207 4601 3592 4673 βασιλεύουσαι

2020 4695 2376 4759 καταλαὸεῖν,
2396 4694 2535 4766 πρὸς
2556 4694 2617 4748 τὸ
2641 4693 2859 4748 σύνοδον
2875 4692 3131 4761 γενέσθαι
3150 4691 3408 4746 κατάτῶν
3427 4691 3600 4759 ἁγίων

2020 4785 2116 4839 καὶ
2147 4784 2360 4839 σεπτῶν
2391 4784 2641 4841 εἰκόνων.
2668 4784 2780 4838 Καὶ
2804 4779 2870 4855 ἦν
2898 4782 3025 4837 ἰδεῖν
3048 4784 3188 4838 κατὰ
3210 4784 3393 4836 πᾶσαν
3414 4782 3602 4853 χώραν

2023 4876 2119 4931 καὶ
2147 4876 2300 4931 πόλιν
2330 4876 2528 4948 θρῆνος
2555 4876 2649 4930 ἐπὶ
2680 4876 2879 4949 θρῆνον
2908 4877 3001 4931 καὶ
3028 4877 3149 4930 οὐαὶ
3179 4875 3272 4929 ἐπὶ
3296 4874 3421 4929 οὐαὶ
3448 4892 3523 4927 πα
3532 4872 3601 4943 ρὰ

2020 4967 2128 5022 τῶν
2144 4965 2509 5024 εὐσεϐούντων
2528 4983 2542 4997 '
2566 4966 2719 5040 παρὰ
2742 4967 2801 5023 δέ
2820 4965 2928 5022 τῶν
2959 4965 3320 5034 ἀσεϐούντων,
3346 4966 3389 5018 is
3400 4964 3468 5034 ρὰ
3492 4982 3594 5017 πα-

1576 5238 1814 5294 νΑιιιλΕ
1852 5237 2263 5297 LECTIONES.

421 5364 449 5400 ιι
473 5355 543 5411 al.
570 5355 664 5409 καὶ
689 5356 838 5427 μάλα
863 5355 959 5409 τοῦ
990 5357 1072 5426 φῖ.
1147 5356 1177 5396 ι’
1206 5354 1277 5412 al.
1314 5355 1493 5428 εἴπερ.
1524 5354 1595 5409 al.
1625 5353 1787 5425 ὑπὲρ.

1897 5364 1921 5393 ο
1953 5354 2025 5411 al.
2059 5354 2295 5408 κνίσεσι.
2327 5353 2399 5408 al.
2433 5353 2682 5426 κνῆσεσι.

1840 5493 2075 5551 NOTJE.

410 5626 489 5695 (υ)
537 5623 733 5695 ’ᾼϐϐὦ
772 5625 896 5680 llaec
928 5641 1023 5680 vox
1062 5626 1149 5680 hic
1170 5637 1224 5679 et
1258 5624 1392 5680 infra
1462 5624 1783 5678 monachum
1816 5621 2136 5695 simpliciter
2166 5619 2454 5690 signiﬁcat,
2520 5633 2624 5673 non
2689 5618 2959 5674 abbatem.
3008 5617 3206 5689 Nempe
3246 5618 3414 5676 abbas
3448 5620 3592 5677 idem

340 5693 430 5757 εδι
463 5693 517 5749 ut
547 5693 729 5761 Pater,
760 5711 868 5766 quo
900 5696 1119 5751 nomine
1156 5695 1312 5765 vulgo
1346 5705 1606 5750 vocantur
1638 5693 1907 5747 monachi.

2444 5714 2483 5725 γ’
