3894 6164
309 240 441 305 1113

1371 241 1548 303 VITA
1580 245 1641 304 S.
1685 245 2058 307 STEPHANI
2108 249 2492 313 JUNIORIS.

3441 245 3577 312 1114

303 351 565 420 οούμενα,
623 347 719 401 καὶ
765 345 938 418 σκεύη
990 346 1458 419 μεταποιούμενα,
1499 351 1795 422 ἐκκλησίας
1831 369 1888 405 τε

1996 363 2047 410 ta
2066 396 2080 416 .
2105 372 2325 413 eversas
2354 358 2614 413 ecclesias
2636 365 2690 414 et
2717 355 2867 411 calce
2899 355 3116 413 oblitas.
3149 370 3214 410 eo
3241 355 3382 424 quod
3408 358 3580 411 sacris

304 440 777 513 ἀνορυσσομένας,
798 438 894 492 καὶ
908 440 976 509 τῇ
1007 438 1205 511 σποδίᾷ
1222 440 1613 510 κεχρισμένας,
1639 442 1715 505 ὡς
1740 444 1893 513 ἱεράς

304 533 518 595 είκόνας
562 531 814 602 ἐχούσας.
867 531 979 584 Καὶ
1008 530 1145 585 ὅπου
1181 528 1283 602 μὲν
1319 526 1388 602 ἦν
1431 530 1671 603 Χριστοῦ
1718 533 1750 604 ἦ
1792 534 1892 604 τῆς

303 625 574 677 Θεοτόκου
603 624 802 677 σεπταὶ
825 622 1038 686 εικόνες
1063 624 1158 676 καὶ
1177 621 1290 676 τῶν
1323 623 1515 691 ἁγίων,
1552 624 1584 695 ἢ
1621 626 1889 696 πυρκαῖᾷ,

303 718 340 789 ἢ
368 716 653 789 ἀνορύξει,
691 716 725 787 ἢ
760 715 1051 787 άναχρίσει
1081 714 1455 787 παρεδίδοντο.
1488 717 1554 770 Et
1588 717 1645 770 δὲ
1675 712 1743 788 ἦν
1771 717 1889 771 δέν-

302 809 424 880 δρα,
456 809 489 879 ἢ
520 808 705 878 ὗρνεα,
734 807 768 879 ἢ
802 807 919 870 ζῶα
944 806 1136 875 ἄλογα,
1175 805 1413 877 μάλιστα
1439 806 1498 860 δὲ
1524 807 1593 860 τά
1617 807 1890 862 Σατανικὰ

305 900 633 971 ίππηλὰσια,
669 898 930 968 κυνήγια,
960 897 1165 968 θέατρα
1190 896 1284 950 καὶ⁵
1309 897 1647 968 ίπποδρόμια
1680 900 1891 952 ἀνιστο-

303 992 520 1061 ρημένα
538 1032 555 1057 ,
601 989 783 1043 ταῦτα
828 990 1139 1061 τιμητικῶς
1169 990 1533 1061 ἐναπομένειν
1560 991 1656 1043 καὶ
1684 990 1889 1061 ἐκλαμ‹

302 1081 632 1152 πρύνεσθαι.
673 1083 884 1144 Ὄντως
916 1077 986 1152 ἦν
1011 1082 1136 1135 τότε
1163 1081 1382 1152 ἀληθῶς
1409 1085 1614 1136 εἰπεῖν’
1653 1083 1722 1136 Ol
1751 1101 1850 1153 μοι
1870 1124 1884 1149 ,

301 1173 387 1228 ὅτι
420 1175 748 1229 ἀπόλωλεν
768 1173 1036 1243 εὐλαϐὴς
1059 1174 1180 1228 ἀπὸ
1219 1174 1332 1242 τῆς
1369 1174 1505 1244 τῆς,
1545 1175 1643 1229 καὶ
1677 1180 1712 1231 ὁ
1744 1193 1885 1230 κατ-

302 1265 494 1334 ορθῶν
535 1266 609 1317 ἐν
635 1264 972 1333 ἀνθρώποις
1004 1267 1117 1319 οὐκ
1152 1265 1340 1320 ἔστιν.
1398 1265 1489 1318 ’Ev
1530 1267 1724 1320 πέλυκι
1775 1269 1884 1339 γάρ

301 1361 395 1412 καὶ
423 1358 773 1429 λαξευτηρίῳ
801 1356 1155 1429 κατέρραξαν
1184 1357 1283 1421 τὰς
1310 1358 1481 1431 θύρας
1502 1359 1602 1431 τῆς
1627 1360 1722 1413 τοῦ
1747 1359 1882 1413 Θεοῦ

313 1450 665 1520 Ἐκκλησίας,
716 1449 810 1513 καὶ
859 1451 919 1502 ὲν
963 1449 1098 1518 πυρὶ
1161 1449 1494 1520 ἐνεπύρισαν
1538 1449 1597 1502 τὸ
1635 1451 1883 1519 ἀγίασιια

300 1542 481 1594 αὐτοῦ.
526 1540 679 1612 Θύρα
712 1540 766 1593 δὲ
795 1542 827 1610 ή
862 1539 1027 1595 είκὼν
1068 1539 1308 1608 λέγεται,
1348 1542 1471 1613 ἥτις
1504 1542 1765 1610 διανοίγει
1793 1544 1882 1597 τὸν

299 1634 437 1686 κατὰ
467 1632 604 1685 Θεὸν
630 1630 922 1685 κτισθέντα
950 1632 1074 1685 νοῦν
1096 1631 1253 1702 ἡμῶν
1283 1633 1418 1702 πρὸς
1441 1631 1538 1704 τὴν
1566 1633 1711 1686 ἔνδον
1739 1633 1763 1672 ἀ
1784 1630 1879 1688 τοῦ

1995 447 2316 516 imaginibus
2357 459 2703 504 ornarentur.
2741 447 2930 517 Itaque
2969 448 3057 503 ubi
3093 446 3296 502 Christi
3325 455 3416 500 aut
3446 445 3578 501 Dei-

1993 552 2134 607 ρει-ω
2163 548 2217 593 et
2269 551 2583 595 sanctorum
2621 541 2943 594 venerandae
2978 537 3243 606 imagines
3275 547 3456 600 erant,
3493 537 3575 590 νυι

1990 641 2123 696 rogo
2176 637 2231 681 et
2277 630 2545 685 eversioui
2593 630 2968 692 tradebantur,
3023 628 3107 682 vel
3155 626 3362 682 albario
3413 642 3578 695 opere

1988 718 2439 774 obliniebantur:
2491 721 2580 775 ubi
2632 735 2760 775 vero
2799 719 3234 774 erantsarbores
3293 717 3375 772 vel
3426 732 3574 782 aves,

1987 804 2250 878 mvel
2284 808 2452 863 brutae
2487 810 2809 871 animantes,
2836 808 2919 862 vel
2952 809 3254 877 praesertim
3294 808 3568 862 Satanicae

1987 901 2370 968 equitatioues,
2389 905 2722 966 venationes,
2743 903 2953 956 theatra
2968 911 3023 955 et
3038 902 3305 955 curricula
3331 900 3539 969 depicta
3555 941 3572 966 ,

1989 980 2109 1047 haec
2140 995 2433 1051 honorifice
2483 997 2844 1052 servabantur
2903 1006 2956 1050 et
2987 995 3420 1049 illustrabantur.
3449 993 3576 1047 Pro-

1958 1081 2235 1140 'culdubin
2288 1097 2412 1143 tunc
2446 1103 2574 1143 vere
2604 1089 2783 1142 dicere
2839 1086 3037 1141 licebat
3067 1104 3081 1140 :
3127 1083 3222 1139 Vw
3252 1085 3401 1148 mihi,
3437 1085 3565 1153 quia

1985 1177 2373 1245 periitsanctus
2408 1181 2473 1233 de
2500 1190 2664 1243 terra,
2700 1190 2747 1231 et
2800 1189 2967 1232 rectus
2995 1180 3049 1230 in
3102 1175 3399 1229 hominibus
3461 1191 3568 1228 non

1986 1281 2061 1324 est
2087 1270 2156 1325 ".
2202 1269 2256 1324 lu
2299 1272 2477 1326 securi
2509 1272 2652 1326 enim
2687 1279 2741 1325 et
2767 1272 2909 1325 ascia
2948 1276 3132 1340 portas
3175 1268 3431 1324 Ecclesim
3462 1265 3558 1319 Dei

1984 1360 2319 1431 deiecerunt,
2352 1374 2405 1419 et
2430 1365 2783 1419 incenderunt
2809 1364 2915 1433 igni
2949 1363 3318 1418 sanctuarium
3344 1361 3460 1429 ejus
3489 1360 3558 1411 ".

1983 1449 2143 1505 Porta
2178 1468 2338 1520 porro
2382 1455 2560 1523 imago
2604 1454 2824 1522 dicitur,
2872 1469 2995 1523 quae
3042 1460 3277 1506 mentem
3325 1462 3565 1504 nostram

1982 1543 2274 1598 secundum
2309 1544 2599 1609 imaginem
2633 1544 2723 1597 Dei
2752 1553 2992 1597 creatam
3016 1542 3082 1594 ad
3103 1539 3415 1594 interiorem
3445 1551 3570 1604 prn-

1982 1632 2151 1704 totypi
2189 1633 2597 1687 similitudinem
2623 1633 2816 1701 aperit.
2855 1631 2918 1686 Ut
2950 1631 3092 1685 enim
3119 1629 3363 1700 quantam
3389 1627 3569 1693 januze

299 1725 661 1796 πρωτοτύπου
694 1724 1084 1794 καθομοίωσιν.
1128 1725 1342 1795 Ὥσπερ
1372 1725 1480 1796 γάρ
1523 1726 1688 1779 πύλαι
1738 1727 1884 1791 τινὲς

1989 1724 2165 1803 claves
2186 1734 2240 1779 et
2268 1725 2442 1795 sigilla
2472 1724 2821 1794 praeferentes
2851 1738 2947 1793 per
2972 1722 3272 1793 sigillorum
3303 1718 3567 1773 securita-

300 1815 514 1878 κλεῖδας
546 1815 640 1867 καὶ
675 1814 983 1885 σφραγῖδας
1011 1813 1392 1883 ἐπιφέρουσαι,
1444 1817 1507 1867 ἐκ
1545 1815 1654 1869 τῶν
1682 1815 1788 1882 ἔξω
1813 1816 1880 1869 τά

301 1908 446 1960 ἔνδον
492 1906 883 1977 τεκμαίρονται
903 1904 992 1958 διὰ
1037 1903 1141 1975 τῆς
1174 1905 1474 1973 ἀσφαλείας
1503 1905 1611 1959 τῶν
1645 1906 1881 1978 σφραγί-

298 1998 436 2053 δωνο
494 1997 668 2061 οὕτως
714 1998 810 2051 καὶ
844 1998 878 2068 ὴ
912 1997 1156 2068 εἰκονικὴ
1195 1995 1562 2064 ἀνατύπωσις,
1598 1998 1674 2061 ώς
1706 2014 1881 2066 σφρα-

300 2092 451 2161 γῖδας
502 2092 607 2154 τὰς
693 2090 1040 2162 περιγραφὰς
1111 2087 1568 2152 άναδεικνύουσα,
1619 2089 1715 2143 καὶ
1782 2089 1881 2152 τὰς

303 2181 571 2252 ἐμφάσεις
627 2180 701 2242 ώς
751 2179 990 2245 κλεῖδας,
1045 2164 1134 2233 διᾶ
1188 2179 1299 2233 τῶν
1353 2179 1559 2233 ὑλικῶν
1604 2181 1670 2233 τὰ
1716 2179 1884 2251 νοητὰ

303 2271 769 2344 προσαινίττεται.
808 2270 919 2323 Καὶ
951 2272 1014 2324 ού
1043 2273 1110 2341 τῇ
1134 2258 1249 2343 ’ὕλῃ
1281 2270 1619 2341 λατρεύομεν
1644 2287 1883 2342 προσκυ-

300 2361 523 2425 νοῦντες
566 2361 766 2433 ταύτῃ,
797 2360 1000 2431 ἄπαγε,
1034 2361 1172 2415 ἀλλὰ
1206 2361 1410 2434 νοερῶς
1440 2361 1526 2417 διὰ
1559 2361 1668 2414 τῶν
1699 2361 1884 2433 αἰσθη-

300 2454 406 2507 τῶν
468 2456 527 2506 ἐν
583 2455 695 2516 τοῖς
735 2452 932 2516 αἰτίοις
987 2452 1402 2524 προσεφιέμεθα
1442 2464 1487 2518 ο,
1548 2451 1737 2523 ὥσπερ
1788 2453 1883 2506 καὶ

305 2544 563 2616 σταυρὸν,
598 2544 694 2597 καὶ
726 2544 873 2613 ἱερὸν
908 2543 1086 2612 ἅγιον,
1142 2544 1237 2596 καὶ
1265 2542 1521 2612 λείψανον
1573 2543 1753 2612 ἁγίου,
1788 2542 1883 2595 καὶ

304 2636 411 2688 πᾶν
451 2634 517 2686 τὸ
571 2635 633 2687 ἐν
688 2632 958 2706 ἐκκλησίᾳ
1006 2632 1489 2704 προσκυνούμενον
1516 2674 1531 2699 ,
1594 2635 1652 2686 ἐν
1708 2633 1884 2702 τούτῳ

303 2723 638 2794 πληροῦντες
671 2723 774 2795 τὴν
816 2723 1106 2795 βασιλικὴν
1143 2724 1360 2794 ἐκείνην
1391 2725 1574 2794 φωνὴν
1596 2723 1687 2777 τοῦ
1717 2725 1883 2795 οὐρα-

303 2819 629 2888 νοφάντορος
663 2815 981 2870 Βασιλείου·
1013 2816 1206 2889 ὅτιπερ
1256 2818 1290 2887 ἡ
1342 2816 1444 2886 τῆς
1487 2815 1698 2880 εἰκόνος
1751 2815 1885 2887 τιμὴ

304 2908 393 2962 ἐπὶ
419 2909 483 2961 τὸ
509 2909 871 2978 πρωτότυπον
900 2907 1191 2963 διαϐαίνει.
1219 2908 1315 2972 Et;
1346 2908 1401 2961 δὲ
1430 2909 1491 2962 τὸ
1524 2907 1887 2980 προκείμενον

302 2999 706 3071 ἐπανέλθωμεν.
1360 2990 1365 2994 ’

383 3096 471 3149 'Ev
506 3054 724 3160 τούτοις
765 3098 879 3161 τοῖς
922 3097 1207 3169 ὀδυνηροῖς
1257 3096 1671 3168 διαμερισθεῖσα
1700 3100 1735 3168 ἡ
1789 3098 1881 3152 τοῦ
1912 3054 1955 3111 C

303 3187 541 3261 Χριστοῦ
592 3187 933 3258 Ἐκκλησία,
980 3189 1030 3242 οι
1073 3187 1174 3259 τῆς
1216 3186 1502 3253 εὐσεϐείας
1534 3188 1887 3259 ἀντεχόμενοι

302 3281 408 3335 τῶν
460 3279 751 3350 μοναστῶν
778 3279 1039 3349 λογάδες,
1071 3279 1184 3334 τῶν
1215 3278 1318 3350 τῆς
1349 3279 1624 3350 Εὐρώπης
1675 3278 1882 3351 μερῶν,

304 3368 397 3422 καὶ
422 3368 519 3422 τοῦ
548 3367 868 3434 Βυζαντίου,
899 3369 1100 3433 Θυνίας
1118 3386 1183 3422 τε
1207 3370 1304 3423 καὶ
1329 3368 1569 3424 Βιθυνῶν
1591 3370 1883 3440 ἐπαρχίας,

305 3462 397 3516 καὶ
429 3464 478 3515 oi
515 3463 655 3530 πρὸς
701 3463 772 3518 τὰ
805 3464 901 3534 τῆς
950 3462 1284 3534 Προυσιάδος
1327 3460 1472 3534 μέρη
1510 3462 1886 3532 σπηλοδίαιτοι

306 3555 396 3607 καὶ
423 3554 738 3625 όρεόμονες,
770 3555 972 3626 όμαδδν
994 3554 1237 3619 ἅπαντες
1260 3554 1321 3606 τὸ
1339 3553 1467 3623 ὅρος
1495 3552 1592 3607 τοῦ
1621 3553 1884 3624 θεοφόρου

306 3645 591 3713 Δὺξεντίου
615 3646 1038 3710 καταλαϐόντες,
1064 3645 1140 3710 ti);
1169 3644 1307 3716 πρὸς
1332 3642 1527 3714 ὁδηγὸν
1550 3644 1648 3698 καὶ⁵
1676 3644 1888 3698 σκοπέα

310 3741 616 3809 σωτήριον,
677 3738 757 3810 τῷ
813 3739 1154 3811 παμμάκαρι
1206 3735 1517 3811 προσῆλθον
1572 3737 1883 3808 Στεφάνῳ,

309 3828 735 3903 ἐκλιπαροῦντες
757 3832 924 3886 αὐτὸν
953 3831 1209 3900 γενέσθαι
1244 3829 1551 3902 σύμϐουλον
1586 3831 1887 3902 σωτηρίας.

309 3920 478 3998 Εὗρον
508 3925 567 3979 δέ
613 3917 777 3979 αύτδν
805 3925 1019 3998 ἀθυμίᾳ
1047 3927 1143 3980 καὶ
1174 3925 1409 3996 δάκρυσι
1449 3925 1579 3997 περὶ
1610 3925 1715 3996 τῆς
1756 3943 1889 3979 νεω-

312 4017 594 4089 τεροποιοῦ
651 4018 920 4088 αἱρέσεως
977 4017 1362 4088 συνεχόμενον,
1424 4017 1520 4072 καί
1568 4033 1702 4086 φασι
1751 4017 1890 4088 πρὸς

321 4111 499 4164 αὐτόν·
560 4109 722 4174 Εἰπὲ,
781 4109 985 4180 Πάτερ,
1018 4109 1087 4163 τὰ
1116 4110 1339 4163 εἰκότα·
1368 4106 1569 4179 κάμνει
1593 4108 1704 4178 γὰρ
1734 4107 1890 4179 ἡμῶν

312 4208 339 4258 ὁ
371 4205 633 4275 λογισμὸς
654 4245 668 4268 ,
702 4202 798 4257 καὶ
830 4201 1249 4272 βεϐαπτίσμεθα
1278 4205 1345 4274 τῇ
1391 4200 1618 4273 ἀπορίᾳ,
1658 4201 1732 4272 μή
1775 4220 1891 4265 πως

312 4298 338 4350 ὁ
390 4295 735 4367 ἀνθρώπινος
780 4295 945 4365 φόϐος
977 4294 1230 4368 προδώσῃ
1265 4293 1578 4364 τῆςψυχῆς
1628 4292 1688 4346 τὸ
1733 4294 1890 4346 εὐσε-

1984 1826 2090 1872 tem
2127 1818 2491 1873 exterioribus
2540 1817 2798 1870 interiora
2818 1815 3152 1884 signiﬁcant,
3181 1813 3260 1867 sic
3302 1812 3477 1882 imago
3501 1810 3565 1863 li.

1983 1908 2266 1961 neame’nta
2305 1909 2460 1976 quasi
2504 1907 2704 1976 sigilla,
2735 1916 2790 1961 et
2827 1905 3063 1974 speciem
3096 1912 3373 1958 externam
3411 1901 3566 1967 quasi

1982 1999 2161 2059 claves
2183 1999 2468 2063 exhibens,
2485 2000 2646 2053 rebus
2669 2013 2731 2053 ex
2758 1997 2986 2051 materia
3006 1993 3323 2064 compositis
3343 1992 3459 2045 illas
3480 1990 3556 2044 in-

1982 2090 2164 2145 dicant
2194 2106 2314 2161 quas
2350 2090 2464 2145 sola
2499 2099 2678 2144 mente
2707 2089 3100 2157 intelliguntur.
3123 2084 3232 2140 Nec
3261 2085 3403 2139 enim
3448 2096 3564 2135 ma-

1985 2183 2174 2238 teriam
2207 2183 2455 2247 colimus,
2485 2198 2606 2236 cum
2640 2196 2759 2235 eam
2796 2184 3104 2235 adoramus.
3138 2177 3324 2232 Absit!
3367 2176 3562 2230 Verum

1982 2288 2080 2343 per
2100 2289 2185 2327 res
2212 2289 2331 2342 quae
2351 2287 2544 2327 sensus
2567 2280 2803 2337 movent,
2824 2271 2969 2339 ipsas
2986 2284 3183 2324 causas
3202 2277 3381 2322 mente
3404 2267 3567 2321 attin-

1984 2367 2160 2436 gimus
2185 2385 2198 2420 :
2230 2380 2336 2434 quo
2361 2365 2523 2418 etiam
2563 2364 2725 2417 modo
2759 2378 2855 2417 nos
2885 2361 3124 2432 gerimus
3150 2362 3294 2415 circa
3323 2373 3562 2422 crucem,

1983 2466 2414 2520 sacrosanctum,
2440 2464 2861 2522 sanctorumque
2893 2451 3174 2521 reliquias,
3202 2460 3258 2504 et
3301 2448 3559 2518 quidquid

1984 2549 2284 2604 inecclesia
2320 2549 2601 2603 adorator.
2645 2546 2760 2613 Qua
2801 2545 3018 2614 quidem
3062 2545 3114 2598 in
3148 2558 3208 2597 re
3266 2542 3469 2610 regiam
3502 2540 3568 2592 il-

1984 2639 2089 2695 lam
2120 2656 2307 2695 vocem
2354 2641 2451 2693 viri
2484 2639 2549 2692 ad
2587 2638 2785 2693 malum
2820 2652 2992 2707 usque
3031 2631 3429 2705 resplendeutis
3462 2631 3567 2684 Ba-

1983 2732 2086 2787 silii
2122 2731 2434 2800 itnpletnus,
2465 2745 2658 2799 nempe
2693 2729 2947 2798 imaginis
2982 2731 3245 2783 honorem
3282 2725 3348 2779 ad
3384 2736 3570 2796 proto-

1986 2820 2171 2899 typuui
2202 2825 2454 2882 transire.
2485 2822 2589 2879 Sed
2614 2824 2680 2880 ad
2705 2818 3040 2893 prepositqu
3071 2820 3377 2877 redeamus.
3412 2836 3431 2858 ι

2056 3101 2220 3175 447
2262 3100 2358 3156 His
2391 3101 2546 3155 malis
2594 3101 2867 3170 discerpta
2913 3097 3116 3154 Christi
3160 3095 3439 3158 Ecclesia.
3477 3096 3571 3150 de-

1988 3194 2111 3250 lecti
2142 3194 2360 3264 pietatis
2386 3201 2687 3247 assertores
2722 3191 2969 3245 monachi
3003 3189 3232 3257 Europae
3254 3226 3269 3252 ,
3296 3185 3568 3259 Byzantii,

1987 3284 2231 3357 'l‘bymize
2255 3323 2270 3348 ,
2299 3294 2355 3338 et
2381 3281 2673 3353 provincia:
2705 3281 3054 3353 Bithynensis
3077 3319 3093 3346 ,
3132 3278 3278 3347 iique
3312 3276 3402 3347 qui
3438 3276 3573 3331 Pru-

1987 3377 2082 3432 sine
2132 3384 2289 3428 antra
2345 3383 2399 3429 et
2458 3383 2669 3428 montes
2723 3372 3062 3437 incolebant,
3114 3369 3274 3425 simul
3331 3368 3571 3423 universi

2000 3477 2239 3521 montem
2275 3464 2464 3521 deiferi
2498 3465 2750 3520 Auxentii
2781 3473 2987 3534 petunt,
3019 3471 3074 3518 et
3103 3463 3170 3517 ad
3202 3461 3569 3515 beatissimqu

1991 3556 2322 3625 Stephanum
2358 3567 2612 3625 tanquam
2639 3557 2707 3610 ad
2736 3556 2930 3609 ducem
2958 3564 3013 3609 et
3046 3552 3447 3624 Speculatorem
3479 3563 3568 3604 sa-

1988 3648 2220 3702 lutarent
2267 3643 2628 3715 confugiunt,
2662 3662 2784 3701 eum
2837 3645 3059 3715 rogandi
3101 3659 3298 3710 causa,
3332 3652 3392 3696 ut
3440 3640 3573 3711 ipsis

1990 3738 2297 3795 necessaria
2328 3739 2394 3792 ad
2429 3738 2655 3793 salutent
2685 3736 3015 3791 consuleret.
3043 3735 3197 3790 lllum
3230 3744 3412 3788 autem
3446 3745 3574 3801 pro-

1987 3842 2109 3903 pter
2139 3847 2275 3885 nova
2317 3829 2627 3884 molientem
2665 3828 2915 3881 haeresim
2958 3826 3181 3880 tristitia
3214 3834 3268 3879 et
3308 3821 3573 3894 lacrymis

1989 3925 2300 3979 demersum
2335 3928 2674 3992 repererunt,
2703 3933 2861 3988 quem
2895 3919 2979 3972 his
3005 3917 3184 3973 verbis
3209 3915 3571 3984 compellant:

1994 4014 2167 4071 Verba
2210 4022 2511 4085 opportuna
2572 4010 2816 4081 loquere,
2859 4009 3039 4063 Pater.
3071 4006 3238 4062 Nobis
3275 4005 3575 4060 euimdeil-

1989 4108 2062 4164 cit
2115 4106 2349 4169 animus,
2380 4117 2675 4172 rerumque
2723 4100 2992 4171 angustiis
3031 4100 3212 4155 obruti
3265 4098 3572 4162 haeremus,

1990 4215 2060 4254 ne
2108 4197 2247 4252 forte
2295 4194 2560 4250 humanus
2592 4194 2753 4247 timor
2792 4193 3046 4262 pietatem
3107 4189 3301 4244 anima:
3356 4186 3573 4271 prodat.

1993 4287 2270 4357 Siquidem
2300 4286 2493 4340 animm
2523 4285 2796 4354 proprium
2823 4292 2905 4337 est
2933 4290 3161 4336 mortem
3193 4280 3571 4336 extimescere.
3626 4327 3629 4331 .

314 4386 424 4450 ϐές.
485 4385 646 4438 ’Ἱδιον
681 4384 792 4456 γὰρ
855 4384 1028 4454 αὐτῆς
1063 4385 1212 4436 ἐστιν
1245 4383 1304 4437 τὺ
1336 4382 1624 4452 φοϐεῖσθαι
1660 4381 1752 4435 τὸν
1789 4381 1888 4436 θά-

1998 4381 2134 4435 Tum
2187 4378 2532 4433 beatissimus
2581 4375 2743 4432 Pater
2793 4386 3025 4429 turmam
3065 4383 3122 4429 et
3173 4372 3575 4429 multitudinem

294 4494 490 4535 .vatov.
535 4475 595 4531 Ὀ
623 4476 682 4530 δὲ
719 4476 1036 4547 παμμάκαρ
1067 4475 1392 4545 αἰσθόμενος
1440 4474 1503 4527 τδ
1548 4474 1756 4544 πλῆθος
1800 4474 1895 4529 καὶ

316 4568 564 4635 ἀγελαῖον
592 4566 701 4619 τῶν
729 4566 1013 4636 Πατέρων,
1061 4568 1159 4620 καὶ
1192 4565 1291 4637 τὴν
1326 4565 1647 4636 ἀγγελοειδῆ
1678 4565 1893 4636 ἐκείνην

318 4659 810 4728 κατασπασάμενος
852 4658 1044 4712 πολιὰν
1079 4654 1254 4711 εἶπεν
1310 4654 1382 4711 Ὦ
1443 4658 1690 4729 Πατέρες
1722 4659 1894 4729 τίμιοι

317 4751 409 4803 καὶ
445 4748 685 4819 ἀδελφοὶ,
720 4749 873 4802 οὐδὲν
898 4747 1126 4820 γνώμης
1165 4748 1415 4803 εὐσεϐεῖν
1444 4750 1895 4821 προαιρουμένης

324 4842 690 4914 ἰσχυρότερον,
753 4841 849 4894 καὶ
886 4841 1040 4894 οὐδὲν
1078 4840 1453 4913 δυνατώτερον
1501 4840 1682 4912 ψυχῆς
1724 4842 1896 4914 κακίᾳ

322 4931 592 4985 δουλεύειν
623 4931 684 4984 ού
714 4931 1073 5003 βουλομένης*
1097 4934 1236 5003 ὅπερ
1270 4930 1331 4997 ἐξ
1357 4934 1563 5003 ἀμφοῖν
1592 4934 1898 5005 πέπεισμαι

324 5024 666 5096 πεφυλάχθαι
711 5023 847 5097 πρὸς
876 5023 975 5096 τὴν
1020 5025 1295 5096 ὑμετέραν
1330 5026 1664 5097 πατρότητα·
1703 5026 1797 5080 καὶ
1835 5027 1899 5080 ἐκ

326 5115 507 5171 τούτου
544 5116 748 5188 μᾶλλον
784 5117 944 5188 ὑμεῖς
988 5117 1125 5189 ἐμοῦ
1161 5117 1460 5189 σύμϐουλοι
1499 5119 1593 5173 καὶ
1639 5120 1773 5192 εὐχὴ
1805 5121 1898 5189 γέ-

1998 4470 2218 4528 Patrum
2249 4462 2495 4532 intuitus,
2531 4464 2774 4538 angelica
2828 4468 2914 4522 illa
2958 4466 3158 4522 canitie
3193 4466 3427 4521 salutata
3458 4463 3575 4518 ait:

1998 4569 2043 4624 0
2088 4579 2270 4637 patres
2302 4575 2357 4623 et
2389 4565 2607 4629 fratres,
2644 4564 2775 4619 nihil
2831 4562 3029 4619 fortius
3077 4562 3259 4616 animo
3289 4558 3382 4630 qui
3412 4558 3580 4627 picta-

1998 4671 2108 4715 tem
2142 4659 2448 4728 prolitctur.
2486 4655 2630 4710 Nhil
2672 4655 2949 4726 potentius
2981 4656 3180 4719 anima,
3220 4666 3339 4723 qua:
3372 4651 3580 4720 improv

1998 4752 2151 4807 bitati
2185 4750 2392 4806 servire
2426 4758 2683 4804 recusat:
2721 4762 2825 4816 qua
2859 4761 2925 4801 ex
2964 4744 3163 4814 duplici
3199 4752 3350 4812 parte
3385 4751 3582 4796 vestrae

1996 4841 2311 4913 paternitati
2345 4849 2565 4895 cautum
2594 4853 2713 4895 esse
2746 4852 3061 4907 persuasum
3090 4835 3220 4889 mihi
3243 4842 3325 4889 est
3353 4851 3367 4886 :
3399 4832 3583 4901 proin-

1996 4936 2168 5003 deque
2189 4948 2284 4989 vos
2307 4932 2486 5001 potius
2509 4946 2592 4986 me
2615 4940 2670 4985 et
2697 4928 2926 4984 consilio
2958 4938 3010 4981 et
3030 4927 3283 4996 precibus
3305 4922 3579 4991 adiuvate.

1998 5027 2272 5098 Siquidem
2315 5025 2615 5096 defecerunt
2656 5038 2766 5090 prie
2812 5019 3062 5090 lacrgmis
3100 5016 3241 5072 oculi
3296 5015 3399 5069 mei
3426 5029 3584 5084 super

1995 5118 2164 5192 448
2192 5119 2501 5174 contritione
2536 5118 2662 5187 ﬁlice
2684 5116 2728 5148 ⁸⁷
2762 5112 2975 5186 generis
3010 5109 3152 5175 mei,
3183 5113 3244 5163 ut
3281 5121 3404 5163 cum
3431 5105 3584 5161 Jere-

332 5209 521 5265 νοισθε.
568 5209 884 5275 Ἑξέλιπον
923 5209 1032 5280 γὰρ
1061 5210 1131 5265 ἐν
1160 5210 1460 5281 δάκρυσιν
1503 5214 1560 5267 οἱ
1603 5213 1888 5283 ὀφθαλμοί

2001 5213 2129 5277 mia,
2150 5212 2242 5281 qui
2263 5212 2376 5269 haec
2392 5220 2445 5267 ει
2467 5208 2684 5279 scripsit
2707 5216 2760 5262 et
2780 5205 2891 5277 egit
2909 5246 2924 5272 ,
2949 5203 3184 5260 clamare
3203 5213 3390 5271 cogor.
3410 5195 3586 5254 Video

398 5365 442 5398 δ’
482 5365 909 5438 Micl1.vn,l,2.
937 5366 981 5398 "
1014 5361 1160 5421 Psal.
1194 5384 1387 5438 Lxxut,
1416 5367 1468 5436 6,
1504 5369 1559 5425 7.
1636 5368 1681 5401 ⁸⁷
1717 5366 1920 5424 Thren.
1955 5383 2017 5432 ιι,
2054 5368 2140 5421 ll.

1614 5520 1848 5579 VARI/ﬁ
1890 5520 2300 5579 LECTIUNES.

408 5665 431 5704 ἀ
455 5664 520 5720 al.
547 5666 711 5725 ἔνδον.
794 5676 817 5709 ο
844 5667 916 5724 al.
958 5665 1242 5738 ὲφιόπεθα.
