3940 6170
363 248 500 315 1115

1553 251 1929 311 STEPHANI
1976 251 2280 312 DIACONI
2321 253 2430 311 CP.

3467 249 3592 315 1116

360 365 502 417 enim
537 361 744 415 Domini
775 376 1023 430 Sponsam
1057 376 1084 414 a
1117 361 1351 429 maligno
1372 399 1385 422 ,
1417 360 1681 415 homicida
1723 370 1776 415 et
1803 359 1924 414 belli

2041 378 2142 414 nov
2183 362 2277 414 ἐπὶ
2320 362 2386 415 τὸ
2427 363 2763 430 σύντριμμα
2796 359 2906 429 τῆς
2935 359 3224 429 θυγατρὸς
3275 363 3366 414 τοῦ
3413 364 3596 430 γένους

361 454 554 522 cupido
587 453 828 508 daemone
859 452 1151 507 crudeliter
1181 462 1233 506 et
1269 453 1462 507 acerbe
1489 452 1765 507 obsessam
1787 493 1801 517 ,
1834 454 1924 520 qui

359 543 574 611 quidem
609 541 691 594 his
721 557 841 612 quae
882 541 934 594 in
978 540 1213 596 Ecclesia
1250 541 1340 596 Dei
1395 541 1610 611 imagini
1652 539 1926 596 Christum

358 634 658 686 secundum
685 649 903 688 carnem
945 633 1218 688 exhibenti
1251 634 1588 698 acciderunt,
1620 633 1925 702 produceno

361 725 442 778 dis
490 739 642 777 suam
686 723 949 798 impendit
979 739 1238 793 operam:
1271 723 1364 779 ille
1393 763 1408 789 ,
1457 723 1709 793 inquam,
1747 725 1836 792 qui
1874 724 1926 777 iu

361 813 474 880 ipsa
507 813 782 868 creatione
818 823 1057 868 nostram
1085 815 1266 869 statim
1292 815 1622 884 expugnavit
1653 823 1927 880 naturam,

361 904 557 970 quippe
605 905 694 972 qui
743 905 972 973 paradisi
1007 905 1398 960 habitationem
1445 904 1601 960 nobis
1649 905 1927 970 invidens,

362 993 556 1044 divinat
581 991 713 1062 legis
751 993 1058 1061 rejiciendae
1091 996 1248 1051 nobis
1281 1011 1443 1051 causa
1480 995 1660 1050 fuerit.
1693 995 1785 1050 Ille
1818 996 1932 1066 ipse

363 1082 725 1138 venerandum
772 1083 1025 1140 Ecclesia:
1073 1101 1270 1154 corpus
1323 1087 1522 1143 iterum
1577 1103 1931 1157 corrumpere

365 1174 574 1238 nititur,
602 1175 964 1231 membrorum
987 1176 1038 1231 in
1071 1193 1127 1233 se
1151 1178 1378 1234 invicem
1409 1178 1634 1233 dissidia
1663 1180 1928 1244 suscitat,

363 1264 559 1318 bellum
605 1265 710 1320 illis
749 1267 985 1322 immane
1033 1279 1086 1323 et
1134 1269 1473 1338 implacabile
1517 1277 1712 1323 movet.
1763 1268 1932 1326 Pedes

363 1355 530 1418 enim,
569 1371 760 1412 manus
789 1365 844 1411 et
882 1357 1065 1412 oculos
1102 1357 1409 1413 turbulenta
1461 1357 1650 1412 haeresi
1679 1358 1730 1410 in
1764 1372 1822 1412 se
1852 1358 1935 1424 in—

365 1447 536 1499 vicem
578 1447 780 1502 divisit.
820 1446 956 1503 llinc
994 1463 1219 1504 cernere
1254 1458 1334 1504 est
1383 1449 1609 1504 alterum
1657 1451 1930 1505 oculorum

368 1538 418 1589 in
448 1539 770 1605 praecipitem
801 1538 980 1594 locum
1014 1541 1210 1594 ducere
1235 1541 1672 1602 contendentem,
1701 1541 1930 1593 alterum

367 1627 692 1681 contrariam
729 1629 781 1682 in
834 1637 1039 1697 partem
1079 1631 1410 1692 trahentem,
1453 1641 1763 1697 rectamque
1791 1629 1930 1682 viam

2032 469 2156 521 μου,
2193 453 2328 521 μετὰ
2373 452 2635 523 Ἱερεμίου
2664 451 2758 506 τοῦ
2806 453 2979 508 ταῦτα
3010 453 3104 505 καὶ
3131 453 3476 522 γεγραφότος
3511 461 3598 508 καὶ

2027 539 2344 610 δεδρακότος
2381 541 2505 611 βοᾷν
2533 541 2936 611 ἀναγκάζομαι.
2976 541 3121 610 Ὀρῶ
3162 542 3272 611 γὰρ
3306 542 3474 612 ὠμῶς
3505 547 3594 597 καὶ

2031 627 2240 696 πικρῶς
2271 629 2732 699 πολιορκουμένην
2757 629 2852 684 τοῦ
2879 629 3083 696 Κυρίου
3116 629 3215 700 τὴν
3245 629 3466 701 νύμφην
3498 632 3596 683 ὑπὸ

2029 718 2122 772 τοῦ
2155 719 2393 791 πονηροῦ
2426 721 2520 773 καὶ
2552 721 2839 790 μιαιφόνου
2878 721 2975 775 xui.
3007 721 3374 791 φιλοπολέμου
3415 722 3599 792 δαίμο-

2029 827 2140 874 νος,
2175 809 2270 864 τοῦ
2299 811 2368 864 τὰ
2391 811 2674 882 συμϐάντα
2702 813 2794 866 ἐπὶ
2822 815 2890 884 τῇ
2915 812 3011 867 τοῦ
3042 813 3179 867 Θεοῦ
3222 812 3517 884 Ἐκκλησία
3546 814 3599 865 ἐν

2029 903 2094 971 τῇ
2126 901 2293 955 αὑτοῦ
2319 903 2686 974 σαρκομόρφῳ
2723 903 2892 958 εἰκόνι
2925 902 3348 974 συμπράξαντος
3369 944 3384 969 ,
3417 903 3476 967 ὀς
3507 902 3597 956 καὶ

2030 992 2160 1062 παρ’
2202 992 2368 1064 αὐτὴν
2411 995 2510 1060 τὴν
2554 995 2938 1065 δημιουργίαν,
2989 994 3152 1058 εὐθὺς
3180 995 3280 1064 τὴν
3323 995 3597 1065 ἡμετέραν

2031 1082 2476 1153 κατεπολέμησεν
2505 1085 2689 1152 φύσιν,
2715 1085 2810 1140 καὶ
2837 1087 2936 1156 τῆς
2965 1085 3023 1138 ἐν
3046 1084 3363 1154 παραδείσῳ
3391 1085 3597 1155 διαίτης

2030 1175 2162 1244 ἡμῖν
2211 1173 2507 1244 φθονήσας,
2562 1175 2654 1228 τὸν
2699 1174 2840 1232 θεῖον
2881 1174 3148 1246 ἀθετῆσαι
3188 1174 3597 1246 παρεσκεύασεν

2031 1267 2211 1334 νόμον·
2246 1266 2339 1319 καὶ
2360 1263 2456 1317 νῦν
2486 1260 2642 1330 αὖθις
2671 1266 2733 1319 τὸ
2758 1265 2937 1334 τίμιον
2959 1266 3118 1334 σῶμα
3139 1263 3242 1333 τῆς
3275 1262 3598 1332 Ἐκκλησίας

2031 1355 2360 1427 διαφθείρειν
2403 1358 2696 1427 πειρᾶται,
2729 1357 2824 1410 καὶ
2860 1354 3170 1420 στασιάζειν
3210 1355 3328 1408 κατ’
3357 1353 3600 1424 ἀλλήλων

2033 1447 2434 1517 παρασκευάζει
2469 1447 2537 1501 τὰ
2577 1448 2745 1519 μέλη,
2793 1447 2888 1501 καὶ
2919 1447 3153 1517 πόλεμον
3190 1446 3375 1508 αὐτοῖς
3405 1445 3603 1500 ἄσπον-

2030 1539 2118 1592 δον
2164 1539 2436 1610 διήγειρεν
2480 1541 2574 1592 καὶ
2615 1539 2947 1611 ἀκήρυκτον.
3016 1538 3304 1609 Ἐμέρισεν
3347 1537 3458 1606 γὰρ
3512 1536 3604 1590 καὶ

2033 1629 2196 1693 πόδας
2224 1631 2340 1684 κατ’
2376 1631 2639 1702 ἀλλήλων,
2675 1632 2770 1684 καὶ
2797 1634 3018 1700 χεῖρας,
3045 1629 3140 1682 καὶ
3179 1627 3496 1697 ὀφθαλμοὺς
3541 1631 3602 1682 ἐκ

367 1729 902 1773 roannonstrantem.
949 1719 1142 1775 Videre
1177 1723 1380 1787 pariter
1417 1722 1542 1776 licet
1573 1721 1802 1776 alterum
1840 1735 1932 1788 pe-

2041 1721 2132 1790 τῆς
2172 1700 2650 1792 ὀχλαγωγηθείσης
2692 1721 2978 1792 αἱρέσεως.
3010 1719 3122 1775 Καὶ
3152 1718 3302 1773 ἐστιν
3344 1719 3473 1771 ίδεῖν
3503 1718 3600 1771 θα-

367 1809 492 1863 dutn
525 1811 678 1864 oculo
707 1825 929 1878 pravum
963 1811 1189 1864 intuenti
1225 1814 1504 1866 cedentem
1557 1805 1708 1880 sequi
1739 1831 1754 1878 ;
1795 1813 1934 1866 alte-

369 1916 486 1954 rum
521 1903 691 1956 eidem
727 1903 1101 1968 reluctantem,
1136 1906 1277 1958 male
1316 1905 1527 1958 ducenti
1565 1904 1822 1962 audacter
1853 1919 1938 1958 re-

369 1994 598 2059 sistere,
641 2011 741 2050 nee
779 2010 810 2050 e
841 2007 985 2051 reeta
1016 1997 1099 2050 via
1133 1998 1440 2052 dellectere.
1477 1998 1660 2053 Talem
1704 2010 1936 2066 pugnam

369 2085 510 2139 inter
543 2087 798 2142 Ecclesiae
839 2090 1078 2143 membra
1109 2089 1356 2143 accendit
1395 2090 1646 2144 inimicus
1676 2089 1766 2142 ille
1796 2089 1940 2142 ziza-

371 2177 580 2229 niorum
613 2186 781 2243 sator,
813 2176 978 2249 M9
1008 2180 1313 2250 gaudetque
1345 2191 1398 2235 et
1421 2182 1648 2236 choreas
1677 2181 1822 2248 agit,
1855 2189 1940 2233 ut-

371 2276 493 2332 pote
531 2267 620 2335 qui
652 2282 805 2321 suum
833 2269 1118 2322 artilicium
1145 2270 1197 2324 in
1223 2271 1323 2325 hoc
1357 2280 1586 2341 tyranno
1611 2273 1940 2339 imperatore

369 2357 552 2410 Vulch
583 2356 778 2412 videat.
823 2357 1034 2413 Nostris
1078 2359 1479 2415 calamitatibus
1511 2361 1808 2417 insolenter
1843 2361 1938 2414 de-

372 2445 622 2510 lectatur,
676 2449 958 2502 materiam
1007 2449 1227 2516 hujusce
1271 2451 1392 2504 belli
1439 2453 1668 2506 ﬂammae
1705 2454 1940 2520 undique

371 2550 652 2592 eoaecrvat
680 2559 692 2592 :
723 2542 1064 2611 propriisque
1103 2543 1274 2610 c0piis
1304 2542 1463 2596 simul
1497 2544 1744 2598 excitatis
1771 2544 1942 2614 (gen-

373 2630 490 2684 tiles
517 2631 778 2702 intelligo,
808 2630 1245 2702 Judaaorumque,
1280 2631 1539 2704 Syrorum
1570 2645 1620 2687 et
1660 2635 1943 2688 hatretico-

376 2739 490 2775 rum
523 2724 813 2793 catervas),
837 2726 1070 2779 maximo
1094 2727 1304 2780 theatro
1329 2741 1424 2780 nos
1451 2725 1687 2795 undique
1711 2727 1943 2783 circum-

373 2816 577 2888 cingit,
609 2817 819 2885 sibique
848 2833 876 2870 e
910 2818 1110 2873 nostris
1156 2817 1313 2871 malis
1351 2811 1676 2888 voluptatem
1711 2829 1760 2869 et
1795 2817 1940 2870 dele-

373 2907 663 2960 cluliont‘ttl
709 2921 1004 2974 comparat.
1054 2909 1181 2963 lude
1234 2923 1460 2963 cernere
1517 2917 1600 2961 est
1651 2908 1934 2959 adn-rsum

2036 1812 2202 1882 τὲραν
2246 1812 2345 1882 μὲν
2383 1812 2491 1865 τῶν
2519 1811 2694 1881 ὀψεων
2727 1812 2818 1864 ἐπὶ
2852 1811 3132 1883 κρημνοὺς
3176 1810 3335 1878 ἄγειν
3369 1810 3606 1878 φιλονειο

2039 1903 2260 1968 κοῦσαν,
2305 1902 2540 1973 θατέραν
2591 1903 2649 1956 δὲ
2680 1902 2816 1972 πρὸς
2857 1901 3190 1956 τούναντίον·
3215 1899 3601 1965 ἀνθέλκουσαν,

2039 1996 2131 2050 καὶ
2157 1996 2258 2066 τὴν
2275 1995 2485 2050 εὐθεῖαν
2509 1995 2965 2066 ὑποδεικνύουσαν
2984 1991 3126 2046 ὁδόν·
3152 1990 3377 2044 καὶτῶν
3403 1990 3600 2055 ποδῶν,

2037 2089 2128 2144 τὸν
2200 2089 2296 2153 μὲν
2359 2087 2435 2157 τῷ
2499 2085 2936 2158 διεστραμμένον
3010 2084 3207 2157 ὁρῶντι
3279 2084 3603 2154 πειθόμενον

2039 2179 2298 2250 ὀφθαλμῷ
2336 2179 2431 2232 καὶ
2461 2179 2749 2248 ἑπόμενον·
2796 2177 2888 2230 τὸν
2920 2175 2976 2230 δὲ
3020 2175 3114 2229 καὶ
3145 2175 3322 2245 τούτῳ
3372 2176 3608 2246 μαχόμε-

2039 2287 2146 2333 νον,
2183 2271 2275 2322 καὶ
2303 2269 2378 2339 τῷ
2410 2269 2596 2339 κακῶς
2627 2270 2641 2306 ί
2684 2267 3012 2340 ποδηγοῦντι
3043 2266 3363 2336 θαρσαλέως
3391 2265 3605 2320 ἀντιλέ-

2040 2375 2188 2426 γοντι
2215 2360 2261 2424 ⁸,
2301 2358 2395 2413 καὶ
2437 2361 2532 2428 τῆς
2562 2357 2729 2428 ὀρθῆς
2776 2357 3002 2428 πορείας
3047 2356 3148 2410 οὔκ
3185 2355 3604 2426 ἐκτρεπόμενον.

2042 2451 2309 2520 Τοιαύτην
2340 2453 2453 2514 τοῖς
2487 2449 2682 2520 μέλεσι
2706 2449 2805 2519 τῆς
2829 2447 3162 2517 Ἐκκλησίας
3187 2447 3369 2518 μάχην
3400 2445 3607 2519 ύφῖ-,ίᾷμεν

2041 2544 2068 2595 ὀ
2101 2544 2166 2596 τὰ
2193 2541 2408 2606 ζιζάνια.
2444 2541 2675 2610 σπείρας
2703 2539 2895 2610 ἐχθρὸς
2919 2578 2934 2604 ,
2976 2540 3071 2594 καὶ
3105 2539 3367 2608 γάννυται
3403 2540 3496 2594 καὶ
3525 2557 3610 2610 χο-

2047 2633 2228 2704 ρεύει,
2259 2633 2358 2701 τὴν
2404 2632 2612 2684 οίκείαν
2663 2629 2876 2700 βλέπων
2921 2633 3280 2700 κακοτεχνίαν
3322 2632 3607 2701 ἰσχύουσαν

2044 2727 2100 2778 ἐν
2142 2724 2218 2793 τῷ
2255 2724 2504 2792 τυράννῳ
2544 2722 2718 2793 τούτῳ
2766 2722 3010 2794 βασιλεῖ,
3039 2725 3132 2780 καὶ
3155 2726 3274 2786 ταῖς
3315 2722 3611 2795 ἡμετέραις

2046 2818 2355 2886 ὲπεντρυφᾷ
2410 2819 2754 2888 συμφοραῖς,
2809 2817 2904 2872 καὶ
2951 2817 3227 2886 συμφορεῐ
3279 2814 3610 2884 πανταχόθεν

2048 2907 2178 2976 ὕλην
2202 2910 2266 2976 τῇ
2285 2905 2378 2961 τοῦ
2399 2906 2638 2975 πολέμου
2665 2907 2845 2976 φλογὶ,
2871 2907 2968 2960 καὶ
2983 2907 3082 2969 τὰς
3100 2905 3303 2968 οἰκείας
3329 2905 3609 2974 φάλαγγας

376 3012 472 3049 nos
519 2997 659 3064 loqui
689 3001 780 3068 qui
817 2999 1005 3053 sedent
1034 3001 1084 3052 in
1119 3001 1288 3068 portis
1311 3037 1325 3063 ,
1360 3007 1413 3054 et
1446 3000 1498 3052 in
1534 3014 1630 3053 nos
1670 2997 1932 3067 psallere,

2050 2997 2405 3067 συναγείρων,
2447 2996 2718 3066 Ἑλλήνων
2759 2995 2903 3066 φημὶ⁵
2939 2996 3130 3058 παῖδας
3164 2996 3256 3048 καὶ
3321 2995 3608 3057 Ἰουδαίων,

375 3087 464 3153 qui
501 3085 692 3138 bibunt
725 3086 996 3141 viuum".
1033 3085 1274 3157 Namque
1327 3088 1383 3141 in
1419 3087 1533 3142 suis
1578 3088 1838 3142 conviviis
1887 3097 1939 3142 et

376 3175 653 3244 cauponis,
688 3176 940 3230 lenomnu
969 3187 1023 3231 et
1052 3178 1469 3233 citharmdorum
1505 3193 1650 3232 more
1669 3178 1736 3244 δ’,
1777 3177 1942 3232 catuli

376 3265 548 3318 leonis
577 3265 732 3334 jussu
767 3269 1028 3322 adversus
1061 3282 1156 3321 nos
1188 3267 1536 3333 meditantur,
1567 3282 1690 3322 cum
1731 3267 1942 3321 cavillis

377 3356 707 3422 augurando.
756 3355 962 3412 Idcirco
1002 3358 1096 3411 ﬁlii
1146 3357 1274 3414 Sion
1328 3359 1543 3430 inclyti,
1599 3359 1726 3412 elati
1781 3373 1945 3428 super

379 3463 590 3511 aurum,
623 3451 854 3517 reputati
901 3465 1089 3506 suinus
1118 3451 1169 3505 in
1208 3465 1334 3505 vasa
1371 3461 1539 3506 testea
1563 3494 1577 3518 ,
1629 3466 1791 3521 opera
1827 3468 1944 3505 rna-

381 3553 542 3590 uuum
577 3537 856 3607 figulorum
887 3540 955 3594 ⁸ο.
1009 3538 1323 3595 Ludibrium
1366 3539 1494 3595 facti
1536 3555 1723 3594 sumus
1753 3548 1948 3595 cuncto

379 3629 592 3698 populo,
625 3629 860 3699 psalmus
905 3630 1120 3687 illorum
1154 3646 1338 3686 sumus
1372 3641 1480 3686 tota
1510 3631 1597 3686 die
1627 3631 1695 3684 ⁸⁸.
1728 3630 1949 3686 Obtexit

377 3720 521 3775 enim
549 3722 776 3790 caligine
805 3723 856 3777 in
885 3723 1068 3778 furore
1097 3738 1195 3778 suo
1229 3722 1487 3778 Dominus
1518 3723 1683 3778 liliam
1783 3727 1939 3791 Sion,

377 3821 432 3865 et
465 3809 689 3880 proiecit
719 3814 784 3869 de
812 3814 949 3869 caelo
973 3815 1024 3868 in
1055 3824 1250 3869 terram
1278 3813 1503 3883 gloriam
1530 3813 1716 3879 Israel,
1753 3824 1807 3869 et
1839 3829 1943 3868 non

379 3914 462 3956 c-st
497 3905 811 3960 recordatus
837 3906 1055 3960 scabelli
1077 3906 1271 3974 pedum
1297 3921 1516 3960 suorum
1544 3907 1594 3960 in
1627 3907 1712 3961 die
1747 3907 1948 3960 furoris

380 3993 463 4048 sui
494 3997 564 4047 ⁸³.
601 3994 888 4050 Peccatum
930 3999 1172 4066 peccavit
1206 3996 1506 4052 Jerusalem
1529 4038 1544 4060 ,
1577 4009 1856 4067 propterea
1893 3999 1945 4052 in

375 4084 676 4154 jactatioue
725 4087 864 4141 facta
913 4095 1014 4142 est.
1072 4077 1280 4142 Idcirco
1328 4089 1467 4143 oculi
1525 4089 1627 4142 mei
1679 4090 1950 4141 deducunt

2049 3086 2142 3140 καὶ
2184 3085 2391 3158 Σύρων,
2440 3085 2669 3143 καὶτῶν
2711 3084 3002 3156 αἱρετικῶν
3045 3083 3112 3138 τὰ
3151 3083 3346 3154 στίφη,
3390 3083 3610 3154 θέατρον

2045 3179 2175 3248 ἡμῖν
2209 3178 2462 3248 μέγιστον
2509 3175 2848 3248 πανταχόθεν
2879 3175 3254 3246 περικαθίζει,
3294 3176 3389 3232 καὶ
3428 3175 3613 3246 τέρψιν

2044 3269 2226 3330 αὐτοῖς
2258 3267 2352 3321 καὶ
2382 3265 2571 3337 ἡδονὴν
2597 3266 2660 3319 ἐκ
2691 3265 2798 3320 τῶν
2821 3268 3112 3337 ἡμετέρων
3138 3266 3325 3318 κακῶν
3353 3281 3612 3337 πραγμαο

2043 3358 2280 3412 τεύεται.
2315 3358 2425 3410 Καὶ
2457 3357 2604 3411 ἔστιν
2647 3357 2775 3412 ίδείν
2803 3357 2943 3412 ’καθ’
2981 3357 3147 3428 ἡμῶν
3193 3356 3616 3427 ἀδολεσχοῦντας

2044 3451 2168 3512 τοὺς
2197 3449 2539 3518 καθημένους
2563 3451 2622 3504 ἐν
2653 3449 2853 3512 πύλαις
2889 3450 2985 3506 καὶ
3019 3451 3096 3512 είς
3129 3445 3277 3521 ἡμᾶς
3309 3448 3614 3517 ψάλλοντας

2045 3543 2169 3604 τοὺς
2197 3541 2451 3604 πίνοντας
2473 3538 2639 3595 οἶνον.
2683 3541 2772 3594 Ἐν
2805 3539 2912 3611 γὰρ
2942 3543 3056 3603 τοῖς
3088 3539 3413 3610 συμποσίοις
3438 3539 3614 3592 αὐτῶν

2047 3633 2138 3685 καὶ
2189 3633 2545 3704 καπηλείοις,
2595 3631 3002 3705 μαστρωπικῶς
3049 3634 3144 3685 καὶ¹
3192 3630 3513 3701 κιθαρῳδῶς
3546 3632 3611 3699 τῇ

2046 3723 2139 3776 τοῦ
2171 3723 2412 3794 σκύμνου
2442 3722 2690 3776 κελεύσει
2718 3722 2838 3777 καθ’
2866 3723 3022 3794 ἡμῶν
3053 3722 3340 3794 μελετῶσι,
3377 3739 3614 3776 σκωπτι-

2048 3814 2159 3878 κῶς
2191 3814 2554 3879 οἰωνίζοντες.
2588 3815 2688 3868 Διὰ
2722 3813 2880 3868 τοῦτο
2927 3815 2978 3868 οὶ
3013 3816 3120 3867 uto‘t
3154 3813 3296 3867 Σιὼν
3325 3815 3373 3868 oi
3416 3814 3616 3883 τίμιοι,

2049 3907 2352 3976 ἐπηρμένοι
2400 3905 2538 3976 ὑπὲρ
2583 3905 2830 3974 χρυσίον,
2886 3906 3248 3977 ἐλογίσθημεν
3294 3907 3373 3969 είς
3419 3907 3615 3974 ἀγγεῖα

2047 3997 2379 4068 ὀστράκινα,
2439 3995 2577 4066 ἔργα
2619 3997 2822 4067 χειρῶν
2875 3981 3187 4069 κεραμέων.
3249 3997 3616 4069 Ἐγενήθημεν

2050 4087 2220 4155 γέλως
2261 4087 2424 4138 παντὶ
2473 4085 2619 4154 λαῷ,
2666 4085 2884 4157 ψαλμὺς
2917 4088 3096 4144 αὐτῶν
3128 4091 3294 4159 ἐσμεν
3348 4088 3476 4158 ὅλην
3523 4087 3617 4159 τὴν

381 4191 594 4244 aquam,
627 4177 748 4248 quia
775 4177 930 4248 longe
952 4177 1129 4232 factus
1155 4189 1237 4232 est
1261 4194 1292 4231 a
1323 4194 1406 4232 me
1430 4177 1594 4250 450
1615 4180 1939 4232 consolator'

2050 4180 2281 4249 ἡμέραν.
2329 4177 2668 4248 Ἐγνόφωσεν
2701 4178 2811 4249 γὰρ
2836 4180 2892 4232 ἐν
2921 4179 3060 4251 ὀργῇ
3093 4179 3262 4234 αὐτοῦ
3287 4181 3492 4251 Κύριος
3517 4180 3621 4250 Ῐτὴν

384 4265 518 4318 Hinc
550 4267 721 4320 clamo
753 4271 819 4322 ad
847 4283 968 4322 eum
999 4271 1089 4337 qui
1120 4269 1350 4335 percutit
1379 4277 1433 4321 et
1459 4280 1614 4322 sanat
1647 4286 1658 4320 :
1691 4268 1946 4324 Miserere

383 4361 553 4412 nostri

385 4450 608 4503 multum
642 4449 844 4519 repleta
877 4459 962 4505 est
1001 4447 1717 4505 animanostra“.Transler
1751 4467 1948 4520 oppro-

383 4541 582 4602 brium,
627 4550 682 4594 et
727 4539 791 4592 da
853 4541 977 4594 illud
1030 4541 1296 4606 hostibus,
1360 4540 1451 4609 qui
1499 4556 1641 4594 nunc
1695 4558 1950 4610 prospere

383 4641 583 4699 agunt,
652 4639 707 4684 et
758 4632 1156 4700 despectionem
1211 4632 1456 4700 superbis
1518 4631 1946 4688 Christianm'utn

384 4721 886 4776 calumniatoribus.
927 4722 1204 4791 Siquidem
1237 4737 1450 4792 gregem
1485 4731 1576 4774 tuo
1614 4723 1830 4777 nomine
1880 4723 1952 4774 iu-

386 4811 643 4880 signitutn
694 4815 952 4868 conviciis
992 4816 1330 4881 aliecerunt,
1362 4831 1462 4869 nos
1509 4815 1823 4869 idololatras
1854 4830 1949 4884 ap-

383 4905 666 4971 pellando,
706 4911 965 4975 tuamque
993 4906 1329 4972 Ecclesiam,
1385 4906 1648 4960 idolorum
1683 4894 1945 4975 templum

383 4995 656 5050 dixerunt.
693 4995 891 5051 Verum
914 5037 929 5062 ,
961 5012 1158 5051 renova
1195 5012 1291 5051 nos
1319 5007 1376 5050 ut
1406 4997 1698 5052 diluculum
1732 4998 1948 5050 matuti-

382 5101 532 5139 num.
567 5085 898 5158 Propagetur
942 5087 1075 5143 ﬁdes
1119 5098 1208 5141 tua
1257 5088 1309 5141 iu
1354 5087 1616 5140 matutina
1665 5097 1946 5157 tempora,

382 5177 510 5243 quia
537 5177 688 5232 multi
712 5189 837 5234 sunt
859 5179 1089 5247 gemitus
1122 5179 1314 5246 nostri,
1338 5189 1390 5233 et
1419 5193 1513 5232 cor
1539 5187 1782 5232 nostrum
1802 5178 1950 5233 defc-

459 5314 503 5346 ⁸⁸
531 5313 677 5369 Psal.
706 5331 893 5379 uvut,
929 5316 1011 5370 13.

391 5397 453 5448 tl,
487 5385 534 5438 1.
609 5385 656 5416 ⁵³
686 5383 816 5439 ibid.
852 5402 888 5440 ι.
920 5386 973 5448 8,
1015 5386 1097 5440 16.
1176 5385 1223 5417 ⁸⁸
1266 5387 1401 5438 l’sal.
1435 5382 1627 5450 cxxtu,
1669 5382 1783 5451 5,6.

1093 5319 1134 5348 ἐ’
1162 5317 1499 5368 Constantini
1534 5316 1625 5383 qui
1647 5315 1850 5383 Leonis
1883 5317 2020 5371 lilius
2048 5329 2182 5372 erat.

2051 4270 2324 4340 θυγατέρα
2359 4271 2517 4336 Σιὼν,
2557 4270 2654 4324 καὶ
2681 4270 3015 4343 κατέῤῥαξεν
3047 4271 3105 4337 ἐξ
3135 4270 3370 4342 ούρανοῦ
3406 4275 3486 4336 είς
3520 4271 3619 4341 γῆν

659 4359 784 4429 quia
827 4359 1052 4412 multum
1099 4359 1288 4426 repleti
1334 4374 1520 4413 sumus
1565 4358 1939 4426 deSpectioue;

2049 4361 2288 4431 δόξασμα
2330 4362 2562 4432 Ἰσραὴλ,
2591 4364 2686 4417 καὶ
2708 4365 2808 4417 οὐκ
2838 4363 3087 4434 ἐμνήσθη
3119 4363 3411 4417 ὑποποδίου
3446 4362 3618 4422 ποδῶν

2052 4452 2215 4503 αὑτοῦ
2247 4453 2301 4504 ὲν
2336 4453 2517 4522 ἡμέρᾳ
2545 4453 2714 4523 ὀργῆς
2742 4453 2929 4508 αὑτοῦ.
2975 4453 3278 4523 Ἀμαρτίαν
3308 4454 3416 4522 γὰρ
3445 4453 3618 4522 ἦμαρ·

2049 4559 2140 4594 τεν
2178 4542 2557 4613 Ἰερουσαλήμ·
2593 4543 2680 4596 διὰ
2705 4544 2862 4596 τοῦτο
2893 4545 2969 4608 είς
3001 4544 3162 4598 σάλον
3185 4545 3214 4586 h
3246 4543 3484 4611 ἐγένετο.
3524 4544 3618 4595 Διὰ

2049 4632 2205 4685 τοῦτο
2237 4635 2286 4686 oi
2319 4633 2590 4703 ὀφθαλμοί
2629 4651 2730 4704 μου
2765 4635 3096 4704 κατάγουσιν
3142 4634 3316 4704 ὕδωρ,
3359 4636 3442 4688 ὅτι
3488 4635 3621 4703 ἐμα-

2053 4725 2258 4796 κρύνθη
2295 4727 2387 4779 ἀπ’
2440 4726 2574 4797 ἐμοῦ
2623 4729 2650 4780 ὀ
2702 4729 3032 4798 παρακαλῶν
3069 4743 3157 4800 με·
3194 4729 3291 4782 καὶ
3339 4727 3447 4797 βοῶ
3486 4726 3617 4797 πρὸς

2054 4815 2144 4868 τὸν
2170 4817 2512 4868 πατάσσοντα
2538 4817 2632 4870 καὶ
2659 4815 2907 4887 ἱώμενοψ
2953 4817 3204 4888 Ἐλέησον
3227 4816 3397 4890 ἡμᾶς,
3427 4816 3617 4885 Κύριε,

2054 4906 2276 4976 ἐλέησον
2322 4909 2469 4977 ἡμᾶς
2493 4924 2506 4938 ο
2539 4910 2618 4961 ὅτι
2658 4909 2887 4963 ἐπιπολὺ
2934 4908 3286 4980 ἐπλήσθημεν
3325 4908 3617 4975 ἐξουδενὼ-

2058 5016 2213 5062 σεως*
2250 5000 2531 5053 ὲπιπλεῖον
2558 5000 2802 5072 ἐπλήσθη
2838 5001 2871 5071 ἠ
2909 5000 3055 5072 ψυχὴ
3087 5000 3266 5072 ήμῶν.
3308 5000 3615 5068 Μετένεγκε

2052 5093 2112 5144 τὸ
2137 5091 2332 5155 ὄνειδος
2353 5132 2366 5154 ,
2410 5093 2501 5144 καὶ
2532 5093 2616 5154 δὸς
2636 5093 2767 5146 αὐτὸ
2799 5095 2908 5156 τοῖς
2935 5092 3251 5164 εύθηνοῦσιν
3284 5094 3342 5146 ἐν
3372 5093 3449 5162 τῷ
3485 5105 3624 5160 παρ·

2055 5184 2166 5236 όντι
2197 5184 2473 5253 πολεμίοις
2505 5224 2518 5248 ,
2548 5185 2642 5236 καὶ
2669 5183 2767 5255 τὴν
2801 5183 3149 5248 ἐξουδένωσιν
3191 5185 3304 5247 τοῖς
3343 5182 3622 5253 ὑπερηφά-

2317 5319 2361 5348 ⁶⁰
2399 5318 2599 5372 Thrcn.
2645 5334 2714 5384 tv,
2751 5319 2802 5372 2.
2881 5319 2924 5350 “
2965 5317 3093 5372 ibitl.
3127 5333 3206 5382 Ill,
3245 5316 3332 5371 63.
3412 5314 3456 5346 ⁸³
3490 5311 3613 5366 Ibid.

1664 5501 1893 5556 νΑιιιιιΕ
1935 5501 2331 5559 LECTIONES.

473 5614 565 5670 (al
626 5617 823 5680 καλῶς.
905 5621 930 5659 ³
962 5618 1072 5690 lcgc
1108 5619 1474 5690 ἀντιλέγοντα.
1552 5622 1576 5660 ιι
1612 5620 1679 5674 al.
1718 5618 1850 5672 ἆῖω.
