3894 6164
308 204 440 270 1117

302 416 470 486 νυμόν
510 434 609 472 σου
660 418 931 487 ποίμνιον,
973 421 1375 494 είδωλολὰτρας
1417 428 1570 498 ἡμᾶς
1616 429 1884 484 ἀποκαλέ-

303 523 532 575 σαντες,
583 508 679 563 καὶ
738 511 839 582 τὴν
887 510 1187 584 ἐκκλησίαν
1236 532 1332 570 σου
1393 517 1662 574 είδωλεῖον
1710 516 1884 578 εἷπον.

312 596 473 652 Ἀλλὰ
505 599 856 656 ἁνακαίνισον
903 603 1053 674 ἡμᾶς
1095 605 1172 669 ὡς
1214 605 1411 680 όρθρον
1437 611 1694 681 πρωῖνόν.
1738 613 1884 684 Πλη-

301 689 550 760 θυνθὴτω
580 693 614 761 ἡ
662 692 846 758 πίστις
892 712 989 750 σου
1024 696 1107 759 είς
1153 698 1256 761 τὰς
1296 701 1546 770 πρωίας,
1578 703 1660 756 ὅτι
1700 703 1885 759 πολλοί

298 782 438 835 εἰσιν
487 784 539 836 oi
569 786 871 856 στεναγμοὶ
896 785 1080 859 ἡμῶν,
1114 789 1210 843 καὶ
1236 791 1270 862 ὴ
1299 792 1498 862 καρδία
1526 795 1559 864 ἡ
1570 794 1687 865 μῶν
1713 794 1886 861 ὲξέλιυ

300 888 418 924 πεν·
450 873 535 928 ὃτι
573 875 826 943 καθεῖλες
855 877 950 931 τὸν
985 880 1240 951 φραγμὸν
1268 883 1444 953 ἡμῶν,
1479 884 1577 939 καὶ
1606 884 1883 956 τρυγῶσιν

300 967 449 1035 ἡμᾶς
477 968 683 1032 πάντες
708 971 758 1023 oi
826 974 1340 1044 παραπορευόμενοι
1385 975 1487 1047 τὴν
1513 977 1656 1032 ὀδόν.
1727 977 1880 1031 Ἐλυ-

303 1061 509 1127 μήνατο
552 1061 703 1131 ἡμᾶς
728 1058 792 1127 ὗς
841 1065 907 1118 ἐκ
934 1066 1169 1137 δρυμοῦ.
1217 1067 1278 1122 '0
1306 1069 1678 1135 λεοντότεκνος
1727 1062 1882 1135 οὗτος

301 1150 562 1220 σκύμνος,
594 1153 691 1207 καὶ
724 1153 800 1217 ὡς
829 1157 1016 1225 μονιδς
1053 1158 1245 1229 ἄγριος
1272 1162 1684 1233 κατενεμήσατο
1710 1162 1879 1233 ἡμᾶς.

300 1238 469 1308 Κύριε
493 1280 509 1302 ,
540 1241 570 1293 ὁ
611 1241 748 1306 Θεδς
781 1244 894 1299 τῶν
933 1246 1242 1319 δυνάμεων,
1291 1248 1625 1321 ἐπίστρεψον
1668 1251 1733 1322 δὴ
1784 1251 1881 1305 καὶ

298 1327 588 1397 ἐπίσκεψαι
649 1331 751 1403 τὴν
816 1334 1062 1405 ἄμπελον
1119 1337 1347 1409 ταύτην,
1402 1340 1499 1393 καὶ
1551 1341 1878 1410 κατάρτισαι

297 1416 466 1485 αὐτὴν
520 1416 586 1488 ἢν
627 1420 929 1489 ἐφύτευσεν
981 1425 1014 1494 ἡ
1071 1424 1222 1490 δεξιά
1277 1444 1407 1492 σου,
1459 1428 1555 1480 καὶ
1603 1429 1698 1482 ἐπὶ
1751 1429 1879 1482 Υίὸν

296 1506 586 1577 ἀνθρώπου
634 1510 694 1564 ὃν
726 1513 1110 1584 ἑκραταίωσας
1156 1517 1390 1587 σεαυτῷ.
1439 1518 1604 1573 Ἀλλὰ
1633 1519 1740 1591 γὰρ
1782 1519 1877 1573 δα-

298 1597 478 1668 κρύων
510 1600 606 1654 καὶ
642 1601 1044 1674 ὀλοφυρόμενος
1088 1606 1184 1659 καὶ
1220 1606 1589 1678 ποτνιώμενος
1642 1608 1728 1662 διὰ
1777 1609 1875 1677 τὴν

1382 222 1559 283 VITA
1600 225 1660 287 S.
1701 226 2079 291 STEPHANI
2116 230 2497 295 JUNIORIS.

310 340 414 385 aet;
434 323 1090 400 Χριστιανοκατηγόροις.
1116 328 1498 404 Ἐλοιδόρησαν
1522 336 1631 407 γὰρ
1653 337 1713 392 τὸ
1738 336 1885 408 ὁμώο
1917 349 1958 401 Α
1989 342 2064 395 cit
2115 357 2131 394 :

2932 80 2953 99 9

2932 118 2965 143 Α

3428 238 3563 305 1118

2200 343 2323 411 quia
2356 343 2670 400 destruxisti
2709 344 3005 401 maceriam
3045 355 3281 402 nostram
3305 390 3321 415 ,
3356 362 3409 406 et
3445 368 3560 407 vtu-

1989 432 2230 489 demiant
2283 449 2416 501 nos,
2455 448 2646 490 omnes
2695 434 2785 504 qui
2833 438 3349 507 praetergrediuntur
3393 441 3559 502 viam.

1968 517 2384 595 \Exterminavit
2413 538 2509 581 nos
2542 530 2676 592 aper
2700 524 2765 579 de
2803 525 2973 595 sylva,
3007 526 3220 584 catulus
3247 527 3352 585 iste
3380 528 3554 586 leonis

1986 608 2183 677 fretus,
2239 621 2294 667 et
2351 623 2410 667 ut
2459 613 2757 683 singularis
2803 613 2949 671 ferus
3003 617 3255 685 depastus
3299 627 3382 673 est
3436 634 3556 676 nos.

1985 701 2232 770 Domine,
2256 702 2398 758 Deus
2421 704 2703 769 virtutum,
2723 714 3066 775 converty'e,
3089 716 3143 763 et
3161 708 3315 765 visita
3343 710 3555 764 vineam

1985 792 2166 859 istam,
2212 803 2268 850 et
2295 795 2495 864 perﬁce
2520 810 2640 851 eam
2669 810 2830 865 quam
2863 797 3125 865 plantavit
3158 799 3380 855 dextera
3422 809 3507 853 tua
3534 837 3551 862 ,

1985 891 2040 937 et
2100 898 2263 952 super
2314 881 2509 940 Filium
2544 885 2797 951 hominis,
2839 900 2998 955 quem
3050 886 3568 946 conﬁrmastitibi".

1983 972 2217 1039 Verum,
2259 972 2386 1029 dum
2432 974 2700 1046 lacrymor
2735 984 2790 1030 et
2822 989 3146 1046 conqueror,
3202 977 3553 1048 divinamque

1984 1075 2138 1130 opem
2168 1061 2429 1128 imploro,
2456 1063 2525 1117 ob
2551 1061 2954 1117 incumbentem
2984 1065 3297 1132 pastoribus
3323 1074 3378 1120 et
3401 1065 3552 1133 gregi

1983 1150 2295 1221 caliginem,
2324 1167 2422 1220 per
2446 1167 2605 1221 quam
2639 1153 2778 1222 lupis
2799 1162 2853 1208 et
2880 1153 3089 1209 foribus
3114 1155 3382 1210 securitas
3412 1170 3552 1225 prte-

1982 1245 2105 1303 stita
2140 1251 2266 1298 est:
2306 1244 2433 1301 dum
2468 1244 2633 1298 Deum
2672 1259 2846 1299 meum
2874 1259 2971 1299 oro
3001 1255 3058 1300 ut
3091 1248 3344 1303 tenebras
3386 1248 3549 1303 dissi-

1983 1342 2100 1404 pet,
2154 1345 2208 1389 ει
2257 1335 2491 1403 priorem
2543 1333 2861 1388 orthodoxa:
2915 1333 3034 1389 ﬁdei
3098 1338 3307 1391 radium
3361 1335 3551 1408 451,

1980 1436 2367 1492 sacrarumque
2409 1430 2460 1477 et
2512 1423 2943 1505 venerandarum
3014 1424 3310 1494 imaginum
3359 1427 3553 1481 adora-

1982 1515 2209 1581 tiouem,
2246 1530 2365 1584 qumr
2400 1522 2578 1568 mente
2623 1515 2701 1579 iit,
2735 1514 3019 1581 restituat;
3052 1516 3304 1587 promissi
3329 1518 3549 1584 oblitus,

1981 1607 2184 1661 luctum
2202 1607 2453 1674 produxi.
2485 1605 2640 1661 Nunc
2663 1620 2792 1660 vero
2823 1607 3145 1663 vixtantlem
3176 1610 3544 1678 commemini,

297 1689 653 1760 ἐπικειμένην
698 1691 793 1745 καὶ
830 1694 1057 1761 ποιμέσι
1108 1696 1203 1749 καὶ
1254 1696 1457 1768 ποίμνῃ
1503 1697 1757 1767 ὁμίχλην,
1811 1697 1877 1750 δι’

1983 1698 2070 1754 ubi
2103 1698 2155 1753 in
2191 1698 2437 1752 oratione
2473 1699 2646 1767 reperi
2678 1696 2880 1750 Filium
2908 1698 3136 1754 hominis
3176 1716 3326 1770 quem
3355 1701 3555 1769 con/ir-

295 1779 358 1849 ἢν
390 1779 544 1834 ἄδεια
574 1782 670 1835 καὶ
711 1782 901 1848 λύκοις
940 1785 1033 1838 καὶ
1079 1786 1341 1851 κλέπταις
1372 1788 1610 1856 ἐγένετοο
1639 1788 1735 1840 καὶ
1776 1787 1870 1841 τοῦ

296 1870 429 1924 Θεοῦ
469 1887 574 1940 μου
608 1871 861 1944 δεόμενος
903 1872 1067 1928 λῦσαι
1114 1876 1205 1930 τὸν
1244 1875 1427 1946 ζόφον,
1478 1877 1570 1929 καὶ
1604 1876 1704 1947 τὴν
1736 1894 1871 1947 προ-

295 1960 452 2030 τέραν
479 1962 674 2015 ἀκτῖνα
696 1964 712 2003 ί
737 1965 837 2034 τῆς
853 1964 1164 2036 ὀρθοδοξίας
1190 1967 1285 2020 καὶ
1311 1967 1412 2037 τὴν
1440 1967 1633 2037 νοερὰν
1655 1964 1668 2016 i
1705 1980 1870 2035 προσ-

296 2051 521 2122 κύνησιν
568 2054 678 2107 τῶν
719 2056 891 2124 ἁγίων
925 2060 1021 2111 καὶ
1064 2058 1280 2111 σεπτῶν
1314 2060 1542 2112 εἰκόνων
1591 2059 1874 2113 ἀποκατα-

298 2142 511 2211 στῆσαι*
541 2145 889 2219 ἐπελαθόμην
908 2148 1010 2218 τῆς
1036 2148 1405 2220 ὑποσχέσεως,
1435 2150 1529 2203 καὶ
1551 2151 1644 2203 τὸν
1673 2150 1872 2221 θρῆνον

296 2232 563 2297 ἐξέτειναο
611 2236 767 2306 μόλις
814 2238 872 2291 δὲ
906 2239 1002 2292 νῦν
1051 2239 1424 2311 ἀνεμνήσθην,
1468 2238 1645 2311 εὑρὼν
1696 2240 1755 2295 ὲν
1805 2243 1872 2312 τῇ

297 2328 569 2396 προσευχῇ
604 2327 696 2379 τὸν
747 2327 886 2382 Υἱόν
918 2329 1026 2383 τοῦ
1062 2329 1398 2398 ἀνθρώπου,
1448 2328 1521 2384 ὃν
1557 2330 1871 2398 exputatu-

1978 1788 2132 1841 mastt’
2160 1786 2254 1841 tibi
2277 1786 2361 1841 ⁸⁶ε
2394 1784 2644 1842 Nostram
2681 1786 2907 1843 salutem
2943 1801 3036 1856 per
3066 1787 3213 1842 illum
3241 1791 3545 1858 negotiatus

1977 1892 2062 1942 es,
2101 1891 2134 1931 ο
2187 1890 2364 1931 rerum
2397 1876 2636 1930 omnium
2676 1875 2893 1941 Factor,
2923 1877 3077 1945 cujus
3108 1877 3345 1931 divinam
3372 1879 3554 1934 carnis

1977 1968 2203 2040 eﬂigiem
2237 1969 2323 2024 isti
2357 1983 2680 2024 susurrones
2726 1968 2957 2036 ﬂammis
2989 1977 3043 2022 et
3071 1968 3340 2024 cversioni
3389 1969 3554 2025 dede-

1980 2067 2122 2112 runt.
2156 2056 2541 2111 Verumtamen
2571 2057 2693 2127 igne
2722 2067 3003 2111 consumat
3037 2070 3130 2112 eos
3160 2056 3420 2113 Dominus
3444 2098 3458 2121 ,
3496 2068 3553 2114 ct

1975 2144 2245 2223 dispercat
2275 2144 2343 2198 de
2375 2156 2518 2199 terra
2544 2146 2803 2209 memoria
2829 2161 3017 2200 eorum
3050 2146 3121 2212 ⁵⁷,
3149 2161 3272 2201 cum
3299 2148 3553 2203 onmibus

1976 2236 2065 2305 qui
2124 2236 2404 2291 conﬁdunt
2454 2237 2506 2289 in
2555 2235 2684 2301 illis,
2732 2237 2858 2305 quia
2907 2235 3051 2302 Deus
3092 2238 3359 2292 ultionum
3401 2247 3484 2294 est
3505 2239 3551 2273 ⁸³

1976 2340 2149 2395 neque
2176 2341 2286 2380 sua:
2317 2325 2570 2379 Ecclesiae.
2599 2326 2869 2381 excidium
2904 2327 3121 2382 silentio
3149 2328 3469 2397 prmteribit.

296 2415 642 2481 σας’ἐαυτῷ.
674 2418 787 2473 Καὶ
821 2417 922 2490 τὴν
956 2418 1232 2490 ἡμετέραν
1297 2418 1572 2491 σωτηρίαν
1612 2417 2056 2494 ἐπραγματεύσω
2086 2416 2154 2469 δι’
2218 2414 2407 2478 αὐτοῦ,
2435 2415 2463 2467 ὁ
2485 2414 2576 2469 τοῦ
2642 2416 2847 2500 rimae;
2910 2418 3182 2490 Ποιητὴς,
3213 2412 3383 2490 οὗπερ
3406 2412 3553 2475 οὗτοι

296 2510 340 2561 oi
385 2507 779 2580 θρυλλολέκται
826 2513 961 2583 πυρὶ
1012 2512 1108 2566 καὶ
1152 2512 1405 2585 ἀνορύξει
1448 2513 1547 2586 τὴν
1623 2514 1774 2569 Θείαν
1819 2514 1917 2583 τῇς
1993 2508 2199 2581 σαρκὸς
2261 2509 2406 2561 ἰδέαν
2466 2508 2786 2578 παρέδοσαν.
2851 2509 2993 2563 ’Λλλ’
3052 2515 3110 2565 ὲν
3174 2513 3306 2582 πυρὶ
3359 2531 3554 2567 καταν-

297 2600 502 2654 αλῶσαι
537 2602 565 2641 ι
621 2603 823 2668 αὐτοὺς
879 2602 1125 2676 Κύριος,
1180 2606 1276 2660 καὶ
1328 2605 1650 2678 ἐξορυχθείη
1702 2606 1766 2658 ὲκ
1819 2605 1921 2674 γῆς
1955 2602 2135 2656 αὐτῶν
2196 2602 2255 2653 τὸ
2289 2603 2632 2670 μνημόσυνον
2675 2602 2772 2654 σὺν
2804 2603 2937 2655 πᾶσι
2972 2605 3086 2667 τοῖς
3116 2602 3436 2656 πεποιθόσιν
3462 2603 3550 2658 ἐπ’

298 2695 476 2756 αὐτοῖς
496 2734 511 2758 ,
538 2696 626 2749 ὅτι
656 2696 788 2760 Θεὸς
810 2697 1144 2770 ὲκδικήσεών
1173 2701 1345 2768 ἐστιν,
1370 2702 1468 2755 καὶ
1493 2702 1552 2754 οὐ
1583 2699 2009 2771 παρασιωπήσει
2042 2698 2140 2766 τῆς
2174 2696 2339 2749 αὑτοῦ
2383 2694 2711 2765 Ἐκκλησίας
2743 2695 2842 2765 τὴν
2871 2697 3092 2750 ἅλωσιν.

365 2783 549 2837 Ταῦτα
580 2783 657 2855 τῷ
682 2783 813 2857 ἱερῷ
841 2786 1038 2858 ἐκείνῳ
1077 2789 1187 2842 τῶν
1247 2789 1530 2859 μοναστῶν
1564 2789 1873 2860 συστήματι

300 2876 674 2946 καθομιλήσας
702 2879 735 2929 ὁ
773 2879 1086 2952 παμμάκαρ
1133 2879 1326 2952 Πατὴρ
1372 2882 1531 2953 ἡμῶν
1568 2880 1871 2951 Στέφανος,

2048 2785 2200 2839 llunc
2235 2799 2542 2839 sermonum
2589 2784 2935 2839 beatissimus
2980 2784 3147 2840 Pater
3196 2799 3382 2842 noster
3436 2790 3554 2846 Ste-

1974 2878 2184 2947 phanus
2231 2875 2371 2944 apud
2406 2890 2617 2928 sacram
2660 2874 2809 2927 illum
2866 2879 3251 2931 monachorum
3306 2889 3545 2936 turmam

301 2969 393 3023 καὶ
435 2966 1153 3041 πάντωνδακρυῤῥοούντων
1197 2972 1293 3027 καὶ
1344 2969 1875 3043 στερνοτυπτοὺντων

1983 2968 2192 3034 habuit,
2235 2968 2325 3036 qui
2362 2982 2484 3020 cum
2531 2966 2763 3021 universi
2817 2968 3086 3037 lacrytuas
3120 2969 3545 3039 profunderent,

300 3063 362 3113 ἐκ
408 3060 610 3130 βάθους
645 3060 905 3125 στενάξας
951 3062 980 3115 ὀ
1024 3062 1216 3135 Πατὴρ
1258 3056 1434 3117 εἶπεν
1494 3063 1672 3136 Τριῶν
1708 3062 1874 3115 ὄντων

300 3151 402 3202 τῶν
428 3149 556 3207 καθ’
584 3152 733 3222 ἡμᾶς
768 3152 951 3225 μερῶν
978 3153 1090 3207 τῶν
1117 3152 1193 3235 μὴ
1217 3153 1672 3225 κοινωνησάντων
1704 3152 1875 3223 ταύτῃ

301 3247 362 3314 τῇ
415 3245 593 3315 μιαρᾷ
638 3244 884 3315 αἱρέσει,
922 3243 1133 3308 τούτοις
1170 3244 1529 3316 προστρέχειν
1565 3244 1693 3315 ὑμῖν
1740 3261 1877 3313 συμοο

300 3334 561 3391 ϐουλεύω.
592 3333 670 3390 Οὐ
698 3334 807 3405 γὰρ
829 3334 1215 3388 ὑπολέλειπται
1232 3334 1393 3398 ἄλλος
1414 3334 1697 3403 τιςξτόπος,
1729 3334 1875 3398 ὅστις

300 3427 445 3479 ἐστὶν
481 3425 601 3478 ὕπο
619 3425 719 3494 τὴν
755 3424 1009 3488 ἐξουσίαν
1043 3423 1141 3479 τοῦ
1170 3424 1467 3496 δράκοντος
1488 3462 1503 3488 ,
1540 3423 1874 3495 μὴ’πειθαρ-

301 3519 473 3589 χήσας
500 3515 671 3570 αὑτοῦ
707 3518 775 3587 τῇ
805 3515 1130 3589 κενοφωνίᾳ.
1149 3516 1270 3573 Τῶν
1314 3516 1373 3570 δὲ
1418 3517 1738 3587 φησάντων*
1766 3516 1877 3569 Καὶ

300 3610 391 3662 ποί
404 3603 516 3678 ἄρα
541 3605 716 3661 ταῦτα
757 3605 827 3660 τὰ
877 3606 1044 3679 μέρη,
1074 3607 1292 3679 Πάτερς
1324 3607 1528 3670 εὐθέως
1572 3606 1734 3670 αὐτός
1755 3623 1769 3639 ο
1798 3606 1878 3660 Td:

300 3699 439 3773 πρὸς
472 3698 537 3751 τὸ
558 3698 786 3762 ἄναντες
815 3698 910 3752 τοῦ
940 3698 1197 3765 Εὐξείνου
1241 3698 1444 3753 Πόντου
1467 3737 1484 3764 ,
1514 3698 1608 3753 ἐπὶ
1648 3699 1746 3770 τὴν
1779 3701 1877 3770 τῆς

302 3787 543 3859 Ζηκχίας
591 3786 862 3858 δπαρχίαν
905 3786 1263 3857 συγκείμενα,
1291 3786 1401 3841 ἀπό
1452 3802 1512 3841 τε
1557 3786 1873 3856 Βοσπόρου,

303 3876 612 3949 Χερσῶνος,
642 3876 951 3947 Νικόψεως,
998 3876 1093 3931 καὶ
1118 3875 1190 3932 τὰ
1220 3874 1360 3947 πρὸς
1380 3875 1484 3946 τὴν
1513 3874 1732 3929 Γότθιον
1758 3874 1878 3929 Κοί-

302 3968 399 4039 λην
432 3965 453 4007 ι
489 3967 844 4023 ἀπαντῶντα’
873 3962 979 4021 εἴθ’
1014 3964 1190 4032 οὕτως
1223 3966 1320 4021 καὶ
1354 3965 1427 4022 τὰ
1462 3966 1608 4036 πρὸς.
1634 3965 1695 4020 τὸ
1729 3967 1875 4038 [ἰαρ-

304 4059 512 4115 θενικὺν
545 4059 880 4132 συγκείμενα
916 4059 1173 4128 πέλαγος,
1211 4058 1271 4113 εν
1303 4051 1385 4123 οἷς
1408 4057 1813 4113 τε-διαπλέεται
1849 4061 1878 4112 ὁ

304 4150 473 4215 νότιος
504 4150 740 4219 κόλπος,
779 4151 856 4215 ὡς
885 4150 979 4204 ἐπὶ
1015 4150 1116 4221 τῆς
1152 4148 1533 4221 πρεσϐυτέρας
1571 4148 1789 4221 Ῥώμης
1819 4150 1878 4203 τὸ

307 4241 603 4310 κάταντες,
649 4242 685 4313 ἦ
715 4256 777 4295 τε
808 4239 1185 4297 Νικοπολιτῶν
1206 4249 1247 4279 αι
1284 4240 1620 4311 μητρόπολις
1643 4279 1659 4305 ,
1704 4240 1798 4294 καὶ
1843 4241 1876 4311 ἡ

1982 3058 2190 3128 sibique
2215 3067 2402 3127 pectus
2430 3067 2805 3127 percuterent,
2834 3074 2898 3112 ex
2933 3061 3040 3114 imo
3065 3062 3349 3127 suspirans
3387 3062 3553 3119 Pater

1981 3147 2057 3199 ait
2083 3163 2097 3200 :
2128 3146 2350 3213 Quando
2396 3146 2610 3215 quidem
2656 3155 2766 3202 tres
2798 3149 2940 3218 apud
2972 3164 3070 3205 nos
3099 3161 3391 3220 supersunt
3423 3168 3551 3222 par-

1984 3245 2063 3291 tes
2104 3251 2314 3300 eorum,
2369 3239 2459 3307 qui
2500 3252 2623 3293 cum
2667 3239 2876 3294 nefaria
2916 3241 3017 3295 hac
3068 3243 3261 3298 haeresi
3309 3256 3554 3299 comnm-

1983 3326 2196 3381 nionem
2243 3343 2348 3381 non
2392 3328 2627 3394 habent,
2672 3330 2823 3382 vobis
2856 3340 3048 3384 auctor
3074 3347 3191 3387 sum
3223 3342 3283 3387 ut
3333 3334 3386 3387 in
3430 3333 3552 3391 illas

1982 3419 2305 3472 accurratis.
2361 3415 2548 3473 Nullus
2601 3421 2746 3474 enim
2796 3420 2934 3476 alius
2982 3421 3134 3477 locus
3187 3434 3272 3479 est
3326 3425 3552 3480 draconi

1980 3509 2279 3578 subjectus,
2306 3510 2395 3581 qui
2415 3509 2530 3576 ejus
2556 3512 2971 3581 vaniloquentia:
2993 3528 3196 3570 morem
3232 3530 3336 3570 non
3377 3525 3549 3587 gerat.

1982 3601 2093 3657 lllis
2123 3612 2302 3656 autem
2351 3604 2828 3673 interrogantibus,
2866 3606 3122 3671 Quaenam
3175 3609 3281 3662 illa;
3333 3619 3551 3679 partes,

1983 3692 2178 3748 Pater?
2206 3693 2388 3747 statim
2440 3693 2552 3762 ipse
2589 3694 2801 3764 pergit:
2853 3696 2984 3761 Quae
3029 3697 3098 3751 ad
3158 3699 3364 3755 acclive
3397 3699 3552 3756 Ponti

1981 3785 2174 3841 Euxini
2208 3799 2392 3839 versus
2442 3783 2677 3855 Scythiae
2705 3785 3038 3854 provinciam
3064 3787 3284 3856 jaceat,
3311 3789 3554 3860 Bospho-

1984 3891 2108 3942 rus,
2131 3874 2299 3947 452
2333 3874 2599 3942 Cherson,
2632 3874 2881 3946 Nicopsis
2901 3916 2916 3945 ,
2947 3883 3003 3931 et
3041 3891 3160 3946 qua:
3192 3878 3245 3934 in
3274 3879 3552 3936 Gotthiam

1982 3964 2165 4022 Coelen
2227 3965 2579 4036 porriguntur
2619 3980 2636 4020 :
2684 3979 2806 4036 quae
2835 3966 2998 4022 etiam
3047 3967 3113 4022 ad
3165 3966 3552 4027 Parthenicum

1984 4072 2133 4113 mare
2161 4057 2264 4113 sita
2295 4065 2451 4124 sunt,
2484 4055 2571 4111 ubi
2605 4056 2860 4115 australis
2891 4058 3042 4115 sinus
3074 4057 3348 4129 trajicitur
3374 4078 3389 4114 :
3420 4061 3553 4116 item

1985 4150 2129 4221 regio
2155 4163 2279 4219 quae
2308 4148 2360 4204 in
2400 4148 2593 4204 declivi
2625 4149 2857 4207 senioris
2900 4148 3082 4207 Romae
3113 4151 3289 4221 jacet,
3318 4149 3553 4221 Nicopo-

1981 4242 2311 4323 litarumque
2332 4239 2666 4309 metropolis,
2696 4250 2858 4308 atque
2882 4239 3152 4308 Neapolis,
3172 4248 3227 4295 et
3248 4240 3557 4312 qumjusque

305 4330 573 4397 Νεάπολις
611 4332 706 4387 καὶ
733 4332 802 4388 τὰ
826 4332 931 4397 ἕως
967 4331 1062 4388 τοῦ
1094 4331 1341 4404 ποταμοῦ
1368 4331 1619 4404 Τιϐερίου
1665 4331 1877 4405 Ῥώμης

1984 4330 2052 4385 ad
2108 4328 2291 4385 Reum:
2347 4330 2564 4385 ﬂuvium
2617 4329 2853 4387 Tiberim
2909 4332 3258 4387 continentur
3308 4350 3324 4389 :
3374 4340 3556 4401 partes

308 4424 637 4495 συγκείμενα
659 4463 676 4491 ,
716 4424 830 4479 ἔσθ’
876 4425 967 4479 ὅτε
994 4423 1094 4479 καὶ
1127 4424 1198 4479 τὰ
1226 4423 1483 4477 κατιόντα
1524 4423 1623 4494 τῆς
1666 4422 1882 4478 Λυκίων

308 4515 606 4588 ἐπαρχίας,
637 4516 748 4570 ἀπό
791 4532 852 4569 τε
899 4515 1096 4569 Συλέου
1122 4523 1175 4580 ³,
1222 4513 1442 4584 Συκῆς,
1494 4513 1591 4568 καὶ
1641 4512 1711 4567 τὰ
1757 4515 1879 4567 κατ’

309 4605 476 4678 αὐτὴν
521 4605 627 4677 τὴν
676 4606 1016 4678 Προποντίδα
1067 4606 1342 4677 πλεόμενα
1369 4645 1384 4670 ,
1436 4605 1472 4675 ἦ
1510 4620 1571 4658 τε
1614 4603 1880 4676 Κυπρίων

310 4696 505 4765 νῆσος,
549 4697 647 4751 καὶ
690 4697 770 4768 ad]
797 4697 936 4769 πρὸς
967 4697 1233 4768 ἀντικρὺ,
1285 4694 1388 4759 ἕως
1423 4696 1467 4750 Τ
1473 4694 1736 4766 ριπόλεως
1783 4694 1880 4750 καὶ

311 4787 487 4858 Τύρου
512 4787 611 4842 καὶ
648 4786 867 4859 Ἰώπης.
900 4788 965 4842 Τί
992 4788 1049 4842 δὲ
1078 4788 1186 4860 χρὴ
1206 4786 1389 4856 λέγειν
1422 4786 1550 4856 περὶ⁵
1578 4785 1687 4840 τῶν
1745 4801 1877 4856 προ-

317 4876 489 4947 έδρων
513 4876 609 4950 τοῦ
644 4895 704 4932 τε
746 4878 968 4951 Ῥώμης
993 4879 1088 4933 καὶ
1122 4877 1477 4949 Ἀντιοχείας,
1496 4875 1881 4947 Ἱεροσολύμων

315 4968 407 5021 καὶ
455 4969 889 5042 Ἀλεξανδρείας,
943 4970 1139 5034 οἵτινες
1168 4970 1229 5023 οὑ
1263 4971 1422 5041 μόνον
1452 4966 1882 5033 ἁπεὸδελύξαντο

319 5058 411 5112 καὶ
445 5061 849 5134 ἀνεθεμάτισαν
880 5063 946 5118 τὸ
993 5062 1237 5134 μυσαρὸν
1273 5061 1381 5116 τῶν
1428 5058 1880 5117 Εἰκονοκαυστῶν

317 5148 518 5222 δόγμα,
568 5152 706 5208 ἀλλὰ
770 5153 865 5209 καὶ
928 5152 1237 5217 ἐπιστολαῖς
1294 5151 1727 5224 στηλιτευτικαῖς
1783 5150 1881 5203 οὐκ

382 5310 430 5344 ⁸⁸
468 5310 611 5368 Psal.
645 5327 833 5380 Lxxtx,
860 5312 1028 5370 13-16
1104 5312 1149 5345 ⁸⁸
1226 5311 1363 5370 Ibid.

1986 4437 2200 4492 quoque
2251 4421 2536 4479 inferiores
2582 4421 2759 4493 Lyciae
2804 4425 3132 4492 provincia,
3179 4433 3341 4496 atque
3391 4424 3556 4480 etiam

1988 4513 2231 4580 Sileum,
2279 4512 2457 4584 Syce,
2508 4524 2562 4568 et
2608 4529 2729 4582 qua:
2761 4513 2816 4569 in
2865 4513 3192 4585 Propontide
3236 4514 3556 4585 navigabilia

1984 4612 2141 4670 sunt,
2180 4604 2497 4675 Cyprusque
2551 4605 2721 4658 insula
2750 4645 2766 4672 ,
2819 4614 2874 4661 et
2923 4620 3047 4676 quae
3076 4620 3109 4662 e
3142 4606 3366 4676 regione
3410 4605 3557 4661 illius

1983 4704 2109 4751 sunt
2135 4696 2201 4748 ad
2232 4694 2490 4763 Tripolim
2523 4710 2693 4765 usque
2728 4704 2783 4750 et
2818 4694 3022 4768 Il'yrutn
3055 4705 3114 4753 et
3143 4694 3373 4767 Joppen.
3417 4694 3557 4762 Quid

1986 4799 2113 4839 vero
2153 4800 2583 4854 commemorare
2624 4801 2758 4856 opus
2785 4797 2870 4843 est
2906 4788 3110 4856 Romae,
3163 4787 3467 4843 Antiochiae
3503 4794 3557 4841 et

1983 4876 2326 4932 Alexandriae
2372 4879 2667 4945 antistites,
2698 4881 2789 4949 qui
2832 4878 3129 4936 nefandum
3177 4880 3556 4934 lconocausta-

1986 4983 2105 5022 rum
2136 4967 2333 5040 dogma
2358 4984 2467 5026 non
2495 4971 2668 5026 solum
2692 4971 2952 5027 exsecrati
2976 4979 3102 5026 sunt
3124 4977 3180 5025 et
3208 4968 3561 5023 anathemate

1985 5070 2377 5128 Percusseruut
2402 5102 2417 5128 ,
2449 5062 2544 5118 sed
2564 5062 2726 5118 etiam
2752 5061 2950 5117 litteris
2979 5060 3032 5116 in
3061 5059 3280 5129 impium
3316 5058 3555 5127 impera-

1987 5161 2158 5207 torem
2201 5145 2370 5209 illius‘
2386 5152 2789 5223 astipulatorem
2846 5149 3023 5215 invehi
3072 5165 3175 5206 non
3224 5156 3567 5212 cessarunt,

1501 5311 1587 5368 lli.
1662 5310 1708 5342 ⁸⁷
1749 5309 1891 5365 Psal.
1923 5325 2073 5375 cvttt,
2110 5309 2197 5365 15.
2271 5310 2317 5343 ⁵⁸
2346 5308 2486 5365 Psal.
2524 5324 2680 5373 xcut,
2713 5308 2767 5366 1.

1579 5425 1807 5480 VAlil/E
1842 5425 2244 5483 LECTIONES.

316 5588 323 5595 .
365 5540 632 5613 dahae.
710 5542 727 5595 i
777 5544 847 5599 al.
877 5544 1050 5613 ίερὰν.
1148 5540 1174 5581 ¹ι
1202 5542 1271 5599 al.
1310 5541 1706 5597 καταναλώσει.

329 5609 395 5665 al.
428 5611 671 5666 Συλλέου.

1812 5543 1825 5581 ¹
1863 5546 1929 5598 al.
1959 5545 2181 5597 Ῑόττίαν
2212 5542 2432 5612 Κοίλην.

2537 5552 2575 5580 ω
2610 5540 2678 5595 al.
2708 5538 3050 5594 Νικοπολῶν.
3143 5549 3170 5578 ¹¹
3203 5539 3272 5594 al.
3306 5537 3555 5597 Συλαίου.
