3894 6164
910 72 1021 119 δέ’

307 212 445 277 1119
1510 207 1886 271 STEPHANI

1993 206 2239 266 lACONI
2276 202 2382 265 ΟΡ.
3432 196 3566 263 1120

303 340 424 379 eum
459 330 767 392 apostatam.
837 330 893 376 et
915 320 1334 377 haeresiarcham
1361 318 1700 390 appellando.
1733 318 1879 372 Inter

1993 314 2290 370 ἐπαύσαντο
2340 310 2761 382 καθυϐρίζοντες
2811 308 2906 363 τὸν
2956 308 3096 381 πρὸς
3136 308 3294 363 τοῦτο
3343 311 3564 364 ἐπινεύ-

303 426 440 482 quos
491 412 654 466 etiam
690 412 1143 467 honoratissimus
1171 420 1225 467 et
1258 410 1688 480 sapientissimus
1722 408 1888 465 Joan-

1993 424 2160 461 σαντα
2199 403 2373 475 ἀσεϐῆ
2409 402 2671 473 βασιλέα,
2702 401 3016 472 ἀποστάτην
3062 400 3157 454 καὶ
3204 400 3570 473 αἱρεσιάρχην

305 515 404 556 nes
471 500 837 555 Damascenus
909 500 1193 570 presbyter
1255 499 1461 571 (quem
1537 497 1629 552 hic
1708 506 1888 567 tyran-

1993 497 2152 553 αὑτὸν
2204 494 2606 557 ἀποκαλοῦντες
2636 495 2694 546 ὲν
2746 487 2830 556 οἷς
2877 490 2973 547 καὶ
3007 492 3036 545 ὁ
3086 489 3425 561 τιμιώτατος
3474 493 3570 545 καὶ

305 607 410 645 nus
479 589 698 645 Mansur
742 590 1092 658 nominabat,
1156 605 1255 646 nos
1315 597 1495 645 autem
1541 596 1785 644 sanctum
1834 597 1888 644 et

1993 583 2302 653 σοφώτατος
2344 582 2596 651 Ἰωάννης
2635 583 2664 635 ό
2704 580 3072 653 Δαμασκηνὸς
3103 580 3513 652 πρεσϐύτερος,
3542 581 3571 634 ό

307 680 574 735 deiferum
631 681 1023 752 appellanﬂs)
1078 682 1253 737 eidem
1318 681 1595 746 scribere,
1656 695 1888 751 eumque

1993 675 2142 747 παρά
2180 675 2274 728 τοῦ
2305 674 2570 746 τυράννου
2604 671 2794 727 τούτου
2826 672 3092 743 Μανσοὺρ
3137 672 3568 743 ἐπονομασθεὶς,

308 771 617 827 luereticum
678 773 1048 836 blateronem,
1119 771 1420 839 Mahomet,
1486 773 1887 828 lconocaustam

1993 765 2119 834 παρ’
2152 765 2285 836 ἡμῖν
2315 763 2373 817 δὲ
2398 764 2545 827 ὅσιος
2574 762 2670 817 καὶ
2707 761 3004 834 Θεοφόρος,
3032 761 3134 817 οὐκ
3172 761 3452 817 ἐπαύσατο
3475 760 3569 818 τοῦ

308 871 360 914 et
393 872 697 915 sanctorum
748 864 951 917 hostem
1002 877 1312 931 nuncupare
1342 878 1445 917 non
1473 863 1698 919 destitit.
1746 863 1888 918 Sub-

1993 859 2221 929 Ιτράφειν
2254 857 2403 927 αὐτῷ
2435 858 2532 912 καὶ⁵
2561 856 2858 911 ἀποκαλεῖν
2915 854 3185 926 ἐρεσχελῆ
3215 855 3309 910 καὶ
3338 854 3567 925 Μάμεθ,

304 951 478 1021 jcctos
521 968 646 1007 vero
698 954 812 1027 ipsi
857 955 1139 1023 episcopos
1169 993 1183 1019 ,
1236 954 1555 1019 ὲπισκότους
1585 995 1602 1021 ,
1664 956 1716 1010 id
1762 964 1884 1019 est,

312 1046 681 1101 tenebricosos
705 1086 720 1111 ,
754 1049 961 1103 ventris
1002 1049 1273 1118 mancipia
1319 1059 1373 1104 et
1406 1050 1688 1105 helluones
1726 1064 1889 1104 voca-

312 1136 424 1190 bat.
456 1134 617 1206 5.53
652 1135 709 1190 In
755 1137 946 1206 primis
974 1152 1103 1193 vero
1142 1140 1411 1193 circorum
1446 1148 1501 1194 et
1544 1139 1883 1205 spectaculo-

314 1240 434 1279 rum
463 1237 734 1281 amatores
769 1228 1047 1294 Pastilam,
1076 1229 1454 1294 Tricacabum,
1487 1229 1808 1285 Nicolaitam
1834 1239 1890 1286 et

313 1318 616 1371 daemonum
655 1319 888 1374 amicum
924 1320 1206 1391 Atzypium
1234 1359 1250 1386 ,
1304 1335 1472 1375 novos
1521 1319 1655 1376 Oreb
1682 1362 1698 1388 ,
1740 1319 1845 1375 Zeb
1869 1359 1885 1385 ,

312 1404 497 1474 Zebee,
536 1416 586 1461 et
634 1406 887 1462 Salmana
938 1418 987 1463 et
1042 1410 1252 1463 Dathan
1277 1410 1353 1477 '°;
1386 1410 1580 1478 hisque
1621 1411 1886 1466 subditam

311 1497 561 1565 plebem,
609 1499 1065 1568 congregationem
1133 1499 1333 1554 Abit-on
1399 1500 1729 1555 nominabat.
1791 1500 1888 1556 His

310 1588 663 1656 pluribusque
694 1589 816 1644 aliis
865 1590 1059 1643 animae
1087 1589 1409 1658 perutilibus
1461 1591 1809 1645 sermonibus
1855 1607 1885 1644 a

1989 948 2411 1020 εἰκονοκαύστην
2446 965 2506 1001 τε
2541 948 2637 1002 καὶ
2671 947 2956 1018 μισάγιον·
2989 947 3086 1001 καὶ
3122 947 3252 1010 τοὺς
3284 947 3377 999 ὑπ’
3406 947 3569 1001 αὑτὸν

1989 1039 2342 1103 ἐπισκόπους,
2383 1039 2728 1105 ὲπισκότους,
2768 1038 3169 1101 κοιλιοδούλους
3217 1056 3279 1093 τε
3313 1039 3412 1093 καὶ
3464 1055 3569 1108 γα-

1991 1132 2348 1203 στρόφρονας.
2372 1131 2625 1187 Μάλιστα
2643 1133 2771 1195 τοὺς
2800 1131 3231 1203 ἱπποδρομικοὺς
3247 1130 3569 1200 φιλάγωνας

1989 1224 2084 1278 καὶ
2126 1222 2553 1293 φιλοθεάμονας’,
2607 1223 2886 1277 Παστιλᾶν
2920 1223 3013 1277 καὶ
3054 1222 3424 1293 Τρικάκαϐον,
3464 1223 3567 1276 Νι-

1989 1312 2243 1382 κολαϊτην
2270 1319 2295 1347 °
2347 1329 2407 1366 τε
2439 1312 2533 1364 καὶ
2580 1311 2672 1365 τδν
2711 1312 3068 1382 φιλοδαῑμονα
3129 1310 3442 1375 Ἀτζύπιον,
3493 1310 3571 1376 ὡς

1987 1402 2140 1466 νέους
2177 1401 2373 1471 Ὠρὴϐ,
2404 1403 2545 1471 Ζὴϐ,
2573 1402 2771 1469 Ζεϐεὲ,
2799 1401 3129 1472 Σαλμανὰν
3147 1418 3214 1456 τε
3235 1402 3335 1459 καί
3352 1403 3567 1468 Δαθὰν,

1990 1493 2235 1556 καὶτοὺς
2261 1493 2352 1546 ὑπ’
2379 1492 2576 1556 αὐτοὺς
2618 1493 2695 1557 ὡς
2735 1491 2852 1562 τὴν
2892 1493 3259 1563 συναγωγὴν
3297 1491 3574 1561 ’Δϐειρῶν

1991 1582 2349 1637 ἀπεκάλεσεν.
2397 1582 2616 1636 Τούτων
2689 1581 2865 1647 οὕτως
2931 1582 3234 1652 λεχθέντων
3277 1584 3430 1654 παρά
3475 1582 3570 1636 τοῦ

312 1680 635 1734 beatissimo
655 1681 941 1749 Stephano
970 1681 1126 1736 dictis
1145 1721 1160 1746 ,
1190 1681 1379 1736 Patres
1410 1696 1597 1752 preces
1637 1682 1888 1750 lugubres

1993 1690 2113 1743 παμ
2121 1672 2364 1744 μάκαρος
2384 1673 2678 1742 Στεφάνου,
2705 1674 2800 1728 καὶ
2817 1673 3020 1743 ἑτέρων
3035 1672 3373 1743 ψυχωφελῶν
3395 1672 3574 1727 πλειό-

311 1786 599 1839 peregere,
640 1783 992 1839 extremaque
1019 1773 1192 1826 salute
1218 1782 1408 1827 saneto
1442 1773 1560 1827 viro
1593 1774 1737 1828 dicta
1766 1813 1783 1837 ,
1815 1775 1882 1827 ad

311 1860 427 1913 loca
455 1860 799 1915 securissima
839 1859 1064 1928 profecti
1097 1872 1220 1916 sunt
1248 1900 1262 1927 ,
1303 1877 1409 1916 non
1442 1863 1686 1933 martyrii
1723 1871 1888 1923 metu.

309 1951 403 2004 sed
441 1951 647 2021 tyranni
693 1951 940 2017 insidias,
980 1967 1246 2022 suumque
1277 1953 1515 2022 ipsorum
1545 1954 1886 2023 inexpertum

310 2042 547 2094 animum
578 2042 757 2095 veriti.
788 2041 894 2098 Nec
920 2044 1064 2096 enim
1095 2044 1378 2113 probatum
1432 2053 1536 2109 est,
1566 2045 1707 2114 quod
1735 2046 1890 2099 inex-

311 2142 520 2198 pertum
551 2139 634 2184 est
664 2148 676 2184 :
711 2133 850 2201 quod
881 2147 1009 2186 vero
1048 2133 1180 2200 ipsis
1213 2133 1378 2187 rebus
1406 2135 1748 2203 exploratum
1782 2143 1887 2200 est,

311 2222 589 2291 proltatius
618 2231 740 2287 est,
777 2223 946 2277 instar
974 2225 1092 2278 auri
1128 2226 1270 2293 quod
1298 2225 1572 2280 caminum
1601 2234 1886 2294 expertum

309 2323 414 2368 est.
447 2312 600 2369 Tunc
624 2330 849 2370 cernere
892 2328 1008 2370 erat
1058 2318 1359 2372 monastico
1396 2317 1584 2372 ordine
1617 2326 1670 2371 et
1716 2314 1892 2371 Naza-

313 2402 423 2454 rico
454 2401 638 2455 habitu
682 2405 834 2471 quasi
868 2404 920 2457 in
953 2404 1326 2473 captivitatem
1362 2404 1595 2458 abducto
1637 2404 1889 2459 orbatum

311 2489 654 2560 Byzantium.
700 2491 795 2547 Ille
836 2491 1068 2547 Pontum
1112 2491 1379 2547 Euxinum
1421 2495 1750 2563 navigabat:
1792 2495 1879 2549 hic

311 2582 543 2651 Cyprum
577 2585 824 2649 petebat,
853 2583 990 2638 alius
1023 2582 1248 2638 Romam
1277 2585 1555 2640 discedere
1582 2586 1883 2640 meditaba-

315 2684 400 2727 tur
427 2691 440 2728 :
467 2684 633 2743 atque
662 2672 736 2727 ita
771 2675 1004 2743 prOpriis
1029 2675 1377 2731 monasteriis
1405 2676 1611 2731 relictis
1646 2678 1889 2748 hOSpiles

312 2777 366 2818 et
396 2765 613 2820 advena:
639 2761 768 2820 facti
796 2774 947 2821 sunt.

383 3037 606 3093 Interim
644 3046 903 3109 tyrannus
943 3047 1226 3110 augustqu
1270 3039 1606 3093 intemerata:
1646 3037 1888 3107 Deipane

312 3130 573 3199 templum
603 3128 1005 3185 Blacherncnse
1039 3130 1272 3193 evertit,
1306 3129 1447 3197 quod
1493 3129 1707 3195 quidem
1742 3129 1890 3198 prius

312 3220 485 3274 muris
511 3229 760 3272 ornatum
790 3228 931 3282 erat,
963 3219 1055 3272 ubi
1093 3219 1318 3286 picturis
1344 3218 1749 3285 exprimebatur
1794 3219 1888 3274 Dei

313 3311 381 3366 ad
410 3325 506 3365 nos
532 3310 824 3365 descensus
844 3350 859 3374 ,
899 3310 1159 3375 variaque
1196 3309 1338 3363 illius
1370 3309 1628 3363 miracula
1665 3318 1718 3364 et
1751 3308 1889 3364 facta

314 3416 485 3471 usque
533 3401 598 3454 ad
648 3399 887 3466 ejusdem
942 3399 1106 3471 454
1144 3401 1565 3468 assumptinuem
1615 3409 1673 3454 et
1714 3400 1888 3455 sancti

314 3492 550 3563 Spiritus
568 3493 855 3545 adventum
882 3510 895 3546 :
923 3501 1087 3560 atque
1110 3490 1210 3544 hoc
1233 3502 1387 3560 pacto
1413 3491 1667 3545 omnibus
1686 3490 1890 3548 Christi

315 3584 593 3656 mysteriis
631 3583 893 3645 sublatis,
928 3580 1227 3635 Ecclesiam
1264 3597 1539 3651 pomorum
1592 3583 1887 3635 custodiam

311 3686 367 3728 et
398 3675 662 3728 aviarium
699 3673 931 3727 reddidit
959 3672 1041 3726 ⁸⁰.,
1063 3672 1338 3741 Siquidem
1370 3672 1678 3739 arboribus,
1711 3672 1890 3727 diver-

313 3768 391 3822 sis
418 3767 726 3821 volucribus
755 3776 807 3818 et
836 3765 1027 3819 belluis
1050 3807 1064 3832 ,
1096 3765 1328 3833 aliisque
1368 3764 1717 3841 quiltttsdatit,
1751 3766 1893 3820 inter

320 3856 531 3911 hederae
561 3855 709 3922 folia,
742 3870 958 3926 gruum,
991 3856 1266 3908 cornicum
1294 3862 1348 3906 et
1376 3869 1641 3920 pavonum
1670 3854 1892 3909 orbibus

319 3961 436 3999 eam
468 3948 803 4007 exornando,
838 3959 964 4000 vere
1003 3947 1305 3999 inornatam
1333 3946 1533 4000 eﬂ‘eci’t.
1570 3946 1627 3999 Si
1656 3946 1747 4014 qui
1781 3961 1892 3999 au-

321 4046 426 4091 tem
478 4036 717 4105 ejusdem
760 4051 825 4091 ac
875 4037 965 4092 ille
1010 4037 1293 4091 sententia:
1344 4051 1427 4090 me
1470 4036 1520 4090 ei
1566 4035 1890 4090 calumniam

315 4127 517 4181 inferre
560 4129 928 4196 suspicantur,
984 4128 1125 4182 istud
1159 4130 1331 4195 ipsum
1371 4127 1627 4195 templum
1659 4127 1888 4191 adeant,

314 4219 512 4288 illaque
544 4236 667 4274 vera
699 4235 818 4273 esse
852 4227 979 4273 tttnc
1017 4219 1282 4282 persuasi,
1315 4234 1437 4272 cmn
1471 4232 1628 4271 sacro
1664 4226 1892 4271 cantore

1995 1780 2124 1827 νων,
2157 1763 2322 1834 εὐχὴν
2365 1762 2613 1835 θρηνώδη
2660 1766 2710 1816 οἱ
2771 1764 3017 1835 Πατέρες
3067 1767 3434 1834 ποιήσαντες,
3477 1765 3571 1820 καὶ

1995 1852 2056 1905 τὸ
2091 1851 2396 1905 τελευταῖον
2429 1851 2821 1922 συντακτήριον
2850 1851 2944 1904 τδν
2976 1850 3133 1921 ἅγιον
3166 1851 3570 1922 ἀσπασάμενοι,

1993 1943 2196 2014 ᾤχοντο
2227 1943 2363 2014 πρὸς
2386 1943 2512 2006 τοὺς
2540 1943 2640 2014 τῆς
2669 1943 2849 2011 φυγῆς
2877 1943 3325 2005 σωστικωτάτους
3351 1944 3571 2006 τόπους,

1993 2035 2114 2106 ούχὶ
2140 2034 2204 2088 τὸ
2254 2034 2555 2106 μαρτύριον
2585 2033 2910 2101 δειλιῶντες,
2963 2030 3099 2088 ἀλλὰ
3141 2034 3205 2088 τὸ
3242 2033 3338 2088 τοῦ
3377 2034 3575 2106 τυράν⁴

1994 2144 2087 2180 νου
2122 2126 2450 2198 πανοῦργον,
2485 2126 2581 2181 καὶ
2618 2126 2679 2179 τὸ
2711 2127 2892 2179 αὐτῶν
2921 2126 3276 2197 ’ἀπείραστον
3313 2125 3570 2190 δεδιότες.

1995 2219 2069 2272 Ού
2101 2218 2322 2289 δόκιμον
2352 2218 2464 2290 γὰρ
2489 2218 2549 2272 τὺ
2578 2218 2907 2287 άπείραστον
2930 2235 2944 2249 ·
2981 2218 3043 2272 τὸ
3072 2219 3127 2271 δὲ
3156 2218 3482 2289 βασανισθὲν
3514 2220 3574 2273 ὲν

1992 2312 2105 2371 τοῖς
2144 2310 2430 2380 πράγμασι
2459 2307 2847 2381 δοκιμώτερον,
2883 2308 2959 2373 ὡς
2988 2309 3047 2362 ὲν
3098 2308 3315 2379 καμίνῳ
3346 2309 3571 2380 χρυσός.

1992 2401 2104 2455 Kal.
2147 2394 2216 2471 ἦν
2265 2400 2393 2453 ἰδεῖν
2438 2399 2979 2471 αἰχμαλωτιξόμενον
3031 2400 3092 2453 τὸ
3140 2400 3435 2465 Βυζάντιον
3475 2402 3572 2455 τοῦ

1996 2491 2290 2563 μοναχικοῦ
2322 2491 2623 2559 καταλόγου
2652 2493 2745 2545 καλ¹
2774 2490 2869 2544 τοῦ
2904 2491 3231 2563 Ναζωρικοῦ
3267 2495 3570 2563 σχήματος.

1995 2585 2103 2637 Καὶ
2133 2583 2191 2647 ὃς
2227 2583 2327 2653 μὲν
2353 2583 2443 2636 τὸν
2466 2582 2720 2650 Εὔξεινον
2742 2583 3016 2638 ἀπέπλεεν
3047 2585 3269 2648 Πόντον,
3304 2585 3363 2649 δς
3394 2585 3448 2638 δὲ
3472 2584 3576 2655 τὴν

1992 2675 2218 2743 Κύπρον
2277 2673 2688 2745 κατελάμϐανεν
2718 2691 2733 2706 ο
2784 2675 2943 2739 ἄλλος
2993 2676 3132 2747 πρὸς
3181 2676 3280 2748 τὴν
3354 2676 3575 2747 Ῥώμην

1993 2765 2252 2835 ἀπαίρειν
2283 2764 2563 2818 διενοεῖτο.
2604 2765 2716 2818 Kal.
2764 2763 2938 2828 οὕτως
2981 2765 3309 2832 ξενωθέντες
3346 2766 3455 2819 τῶν
3496 2768 3577 2819 οἱ·

1995 2856 2156 2910 κείων
2198 2855 2654 2928 φροντιστηρίων,
2715 2854 2857 2921 ξένοι
2905 2857 3001 2910 καὶ
3039 2856 3295 2929 πάροικοι
3340 2857 3578 2929 ἐγνωρί-

1994 2944 2167 3010 ζοντο.

2061 3036 2168 3089 Τοῦ
2211 3035 2269 3089 δὲ
2315 3039 2579 3108 τυράννου
2625 3036 2720 3091 τὸν
2775 3038 3073 3109 σεϐάσμιον
3120 3038 3248 3093 ναὸν
3287 3038 3390 3108 τῆς
3438 3056 3577 3093 παν-

1990 3127 2261 3196 αχράντου
2292 3118 2558 3181 Θεοτόκου
2591 3128 2683 3181 τδν
2716 3129 2773 3182 ὲν
2793 3128 3124 3200 Βλαχέρναις
3153 3126 3576 3200 κατορύξαντος,

1987 3218 2080 3271 τὸν
2105 3219 2234 3288 πρὶν
2275 3219 2693 3288 κεκοσμημένον
2732 3222 2846 3283 τοῖς
2871 3220 3166 3290 διατοίχοις
3195 3219 3323 3273 ὂντα
3367 3220 3478 3274 ἀπό
3508 3237 3572 3274 τε

1989 3309 2090 3379 τῆς
2120 3307 2257 3379 πρὸς
2288 3309 2436 3378 ἡμᾶς
2462 3307 2557 3362 τοῦ
2588 3307 2729 3362 Θεοῦ
2778 3311 3276 3379 συγκαταϐάσεως,
3300 3310 3407 3374 ἓως
3442 3310 3581 3364 eau-

1994 3398 2182 3468 μάτων
2228 3397 2523 3459 παντοίων,
2557 3397 2650 3451 καὶ
2686 3397 2851 3468 μέχρι
2880 3400 2981 3467 τῆς
3010 3397 3179 3450 αὑτοῦ
3221 3397 3576 3467 ἀναλήψεως,

1990 3489 2087 3543 καὶ
2115 3489 2217 3559 τῆς
2244 3488 2337 3543 τοῦ
2374 3489 2534 3558 άγίου
2566 3487 2890 3560 Πνεύματος
2920 3488 3139 3542 κοθόδου
3177 3488 3268 3542 διὰ
3299 3488 3579 3559 είκονικῆς

1992 3582 2532 3654 ἀναζωγραφήσεως·
2562 3582 2654 3635 καὶ
2677 3580 2850 3644 οὕτως
2877 3580 2944 3634 τὰ
2970 3579 3062 3634 τοῦ
3090 3580 3327 3651 Χριστοῦ
3360 3581 3581 3636 ἅπαντα

1995 3678 2234 3744 μυστικά
2272 3673 2588 3743 ὲξάραντος,
2622 3671 3128 3741 ὀπωροφυλάκιον
3168 3673 3263 3725 καὶ
3290 3672 3579 3743 ὀρνεοσκο-

1991 3769 2144 3820 πεῖον
2184 3768 2283 3837 τὴν
2327 3765 2655 3837 Ἐκκλησίαν
2708 3764 2987 3834 ἐποίησεν.
3041 3764 3245 3835 Δένδρα
3288 3766 3385 3819 καὶ
3413 3765 3579 3835 δρνεα

1994 3858 2247 3922 παντοῖα,
2280 3857 2447 3928 θηρία
2472 3873 2531 3909 τε
2555 3859 2651 3910 καὶ
2679 3855 2815 3910 ἀλλα
2842 3855 2965 3909 τινὰ
2992 3855 3257 3924 ἐγκύκλια
3278 3856 3366 3910 διὰ
3391 3873 3580 3910 κισσοο

1993 3941 2198 4014 φύλων,
2239 3945 2486 4014 γεράνων
2522 3961 2583 3996 τε
2614 3945 2707 3997 καὶ
2732 3943 3009 4015 κορωνῶν,
3073 3945 3167 3999 καὶ
3191 3946 3416 3999 ταώνων
3446 3948 3582 4000 ταύ-

1990 4052 2091 4107 την
2115 4034 2554 4107 περιμουσώσας,
2579 4036 2645 4089 ἵν’
2664 4036 2823 4102 εῐπω,
2847 4035 3063 4106 άληθῶς
3084 4037 3326 4106 ἄκοσμον
3354 4037 3577 4104 ἔδειξεν.

1991 4129 2103 4183 Καὶ
2131 4129 2179 4180 εί
2208 4130 2535 4199 κατηγορεῖν
2578 4146 2646 4199 με
2688 4129 2877 4185 τοῦτόν
2922 4146 3069 4193 τινες
3097 4130 3581 4201 ὑπολαμϐάνουσιν

1989 4222 2086 4275 τοῦ
2118 4221 2283 4275 αὐτοῦ
2310 4222 2679 4292 φρονήματος,
2704 4223 2917 4276 τουτονὶ
2953 4223 3043 4276 τὸν
3073 4224 3201 4277 ναὸν
3232 4224 3578 4278 καταλαϐόν-

314 4307 480 4362 David
516 4309 695 4361 dicunt
725 4327 737 4362 :
770 4306 929 4369 Deus,
965 4319 1209 4361 uenerunt
1235 4317 1407 4376 gentes
1438 4307 1492 4359 in
1527 4306 1888 4359 [nereditatem

1994 4328 2104 4377 τες,
2138 4312 2233 4366 xal.
2267 4312 2442 4383 ἀληθῆ
2485 4315 2626 4368 αύτά
2665 4310 2807 4368 εἶναι
2834 4315 3262 4382 πιστεύσαντες,
3313 4318 3455 4387 μετὰ
3484 4321 3581 4373 τοῦ
3616 4346 3619 4349 ν

315 4410 481 4462 tuam,
513 4398 810 4463 polluerunt
849 4396 1096 4466 templum
1120 4404 1364 4449 sanctum
1398 4406 1567 4461 tuum,
1607 4405 1887 4461 posuerunt

314 4490 595 4560 mysticam
622 4486 935 4553 Jerusalem,
1041 4486 1337 4541 Ecclesium
1364 4495 1507 4540 tuam
1539 4486 1590 4538 in
1615 4502 1887 4552 pomorum

313 4581 605 4634 custodiam
633 4595 815 4632 carnes
846 4589 1146 4632 sanctorum
1191 4590 1401 4632 tuorum
1454 4587 1748 4649 martyrum
1772 4616 1787 4642 ,
1837 4586 1893 4632 et

1998 4402 2315 4473 ίεροψάλτου
2342 4404 2507 4456 Δαόὶδ
2538 4404 2767 4460 εἴπωσιν
2789 4422 2803 4438 ·
2846 4405 2908 4460 '0
2936 4407 3102 4473 Θεὸς.
3132 4406 3412 4475 ἧλθοσαν
3435 4410 3583 4477 ἔθνη

1991 4495 2074 4558 εις
2101 4493 2215 4560 τὴν
2243 4496 2648 4564 κληρονομίαν
2671 4510 2820 4570 σου·
2861 4496 3116 4566 ἐμίαναν
3147 4498 3255 4552 τὸν
3281 4499 3436 4552 ναὸν
3477 4505 3587 4552 τὸν

1990 4583 2165 4653 ἅγιόν
2205 4598 2344 4639 σου·
2388 4586 2593 4640 ἔθεντο
2633 4586 2730 4658 τὴν
2781 4589 2975 4658 νοητὴν
3026 4588 3429 4660 Ἰερουσαλὴμ
3484 4592 3587 4658 τὴν

314 4670 697 4726 nionachorum
726 4671 1062 4724 venerandas
1099 4670 1352 4739 reliquias
1376 4670 1554 4724 bestiis
1581 4671 1888 4742 terrw“,igr

2006 4676 2332 4748 Ἐκκλησίαν
2367 4694 2458 4729 σου
2487 4681 2574 4742 είς
2619 4678 3143 4746 όξτωροςρυμίάκιον·
3199 4680 3308 4747 τὰς
3342 4679 3587 4749 σάρκας

313 4777 362 4816 et
399 4763 663 4832 profundo
695 4763 883 4817 maris.
913 4761 969 4816 III
1007 4764 1107 4816 hoc
1139 4764 1303 4831 igitur
1332 4765 1717 4833 augustissimo
1755 4775 1891 4818 tem-

312 4855 401 4923 plo
444 4853 741 4907 sceleratus
784 4853 872 4907 ille
900 4854 1199 4922 praesidens
1224 4869 1328 4906 una
1365 4869 1489 4907 cum
1522 4855 1758 4920 ejusdem
1796 4868 1890 4907 no-

316 4947 476 5000 minis
501 4947 771 5015 proditore
801 4945 1003 5001 Christi
1032 4948 1239 5017 gregis,
1274 4949 1596 5014 caeteris-que
1623 4947 1725 5000 sibi
1759 4944 1889 4999 sub-

308 5036 469 5104 jctilis
527 5038 727 5092 ventris
783 5038 1064 5108 mancipiis
1120 5037 1393 5106 episcopis
1456 5036 1884 5091 abominandam

316 5129 534 5197 Deoque
566 5129 814 5186 infestam
849 5132 1114 5201 synodum
1145 5130 1477 5194 celebravit,
1510 5131 1561 5184 in
1593 5145 1695 5198 qua
1729 5144 1889 5183 vene-

386 5312 430 5344 ”
467 5313 603 5367 Psal.
634 5328 840 5381 Lxxxtt,
881 5315 967 5371 12.
1052 5315 1096 5348 ⁸ο
1136 5314 1278 5371 Psal.
1317 5329 1548 5382 ωικιίιι,
1582 5315 1635 5368 l.

1994 4766 2114 4821 τῶν
2154 4769 2339 4821 ὁσίων
2381 4782 2497 4822 σου
2545 4767 2840 4837 μαρτύρων
2882 4770 2977 4822 καὶ
3018 4770 3269 4840 μοναχῶν
3307 4770 3376 4823 τά
3423 4770 3586 4839 τίμια

1994 4855 2252 4926 λείψανα,
2283 4856 2404 4922 τοῖς
2446 4857 2673 4925 θηρίοις
2715 4856 2823 4926 τῆς
2867 4857 3012 4927 γῆς,
3064 4858 3140 4930 τῷ
3185 4860 3321 4931 πυρὶ
3366 4860 3464 4914 καὶ
3503 4859 3584 4930 τῷ

1997 4948 2145 5020 βυθῷ
2190 4949 2288 5018 τῆς
2335 4946 2630 5017 Θαλάσσης.
2686 4950 2774 5002 Ἐν
2815 4950 2990 5022 τούτῳ
3019 4947 3113 5005 οὖν
3151 4951 3229 5022 τῷ
3279 4955 3583 5022 πανσέπτῳ

1997 5040 2111 5111 ναῷ
2137 5043 2167 5094 ό
2188 5041 2465 5112 ἀλιτήριος
2485 5041 2881 5111 προκαθεσθεὶς
2906 5043 3025 5115 άμα
3042 5043 3121 5114 τῷ
3142 5044 3422 5117 ὁμωνύμῳ
3445 5062 3582 5116 προ-

1999 5131 2127 5203 δότῃ
2156 5133 2255 5202 τῆς
2282 5129 2375 5184 τοῦ
2400 5129 2639 5201 Χριστοῦ
2673 5131 2909 5203 ποίμνης
2929 5172 2944 5198 ,
2987 5132 3083 5186 καὶ
3124 5133 3237 5195 τοῖς
3288 5131 3380 5188 ὑπ’
3409 5130 3576 5187 αὺτοῦ

1717 5315 1757 5346 οι
1795 5312 1925 5369 una.
1961 5311 2070 5381 ιε.

1691 5456 1922 5512 VARLE
1962 5457 2370 5517 LECTIONES.

395 5600 419 5628 ο
454 5592 520 5647 .d.
554 5593 901 5667 Νικολιάτην,
932 5597 1000 5652 al.
1035 5598 1405 5668 Νακολιάτην.
