3894 6164
333 250 461 318 1121

1426 252 1600 312 VITA
1637 252 1694 313 S.
1723 251 2102 312 STEPHANI
2144 254 2528 316 JUNIORIS.

3451 261 3586 324 1122

329 363 708 428 κοιλιοδούλοις
729 363 1048 426 ἐπισκόποις
1073 379 1102 418 P
1121 362 1216 433 τὴν
1249 362 1500 433 μυσαράν
1532 363 1628 415 καὶ
1659 361 1906 432 ἐχθρώδη

2012 361 2194 414 ΙἮΙὶάὶΒ
2222 361 2480 429 imagines
2515 361 2803 417 simulacra
2834 363 3025 419 idolica
3055 365 3320 435 appellata
3354 417 3356 423 .
3429 382 3578 426 sunt.

327 457 418 511 ⁴ιςοῦ
441 454 580 510 Θεοῦ
613 455 922 509 ἐπιτελοῦσι
948 455 1188 521 σύνοδον,
1216 453 1568 524 ἀγαλμάτικά
1597 453 1788 506 εἴδωλα
1809 452 1907 517 τὰς

332 547 534 609 σεπτὰς
561 546 778 609 εἰκόνας
805 545 1156 608 καλέσαντες.
1191 545 1478 615 ⁴Ιθρίττουσί
1507 561 1609 614 μου
1641 543 1710 597 τὰ
1740 545 1906 609 ὀστᾶ,

328 639 420 693 καὶ
450 639 643 709 νεφροὶ
692 637 919 707 καρδίας
950 636 1336 703 αἰσθάνονται,
1388 635 1464 699 ὥς
1508 652 1673 707 φησιν
1701 639 1729 689 ὁ
1769 635 1907 688 Ἐλι-

328 729 438 799 φὰζ
465 770 480 794 ,
512 722 557 796 ᾧ
608 728 832 782 συνετὸν
885 727 978 781 καὶ
1011 727 1202 781 πιστὸν
1239 727 1626 798 ἀκροατήριον,
1675 727 1762 780 ὅτε
1815 728 1908 780 καὶ

331 823 493 891 μόνον
519 823 602 884 εἰς
649 823 874 892 μνήμην
902 821 969 874 τὰ
998 821 1122 874 τότε
1151 820 1467 892 πραχθέντα
1498 821 1739 891 λάϐοιμι.
1771 818 1909 876 Εἶτα

328 911 612 981 Γερμανὸν
656 912 750 965 τὸν
793 912 935 965 θεῖον
967 913 1062 965 καὶ
1107 912 1400 983 ὀρθοτόμον
1427 911 1530 982 τῆς
1581 913 1908 984 Ἐκκλησίας

333 1003 596 1073 πρόεδρον
633 1003 684 1055 οἰ
716 1005 780 1056 ὲκ
810 1001 947 1055 Θεοῦ
981 1001 1438 1073 ἀλλοτριωθέντες
1469 1001 1907 1071 ἀναθεματίσαν-

299 1072 304 1076 ’
330 1107 440 1156 τες,
471 1072 807 1162 ξολολάτρην
841 1072 1289 1146 ἀπεκάλεσαν.Ὢ
1317 1093 1416 1162 τῆς
1447 1091 1538 1145 τοῦ
1569 1091 1764 1163 ἐχθροῦ
1790 1109 1908 1145 πω-

333 1181 580 1253 ρώσεωςί
618 1181 662 1234 ὣ
711 1181 810 1251 τῆς
845 1181 1234 1252 βλασφημίαςί
1287 1180 1332 1233 ὢ
1359 1182 1459 1251 τῆς
1503 1183 1902 1253 παρατροπῆςί

331 1274 452 1336 Πῶς
488 1276 728 1344 ἐννοήσω
763 1290 880 1339 σου,
916 1275 1123 1344 Χριστέ
1151 1291 1278 1344 μου,
1308 1274 1408 1344 τὴν
1439 1274 1561 1327 τότε
1597 1275 1906 1345 ἀπέραντον

329 1363 724 1430 ἀνεξικακίαν;
763 1364 1058 1432 πάμπολλα
1082 1365 1137 1418 δὲ
1166 1365 1345 1419 αὐτῶν
1372 1365 1904 1437 βλασφημησάντων,

331 1456 426 1506 καὶ
471 1454 613 1507 κατὰ
645 1453 756 1506 τῶν
802 1455 973 1523 ἁγίων
1023 1456 1120 1508 καὶ
1169 1455 1270 1526 τῆς
1317 1457 1590 1526 ἀχράντου
1641 1457 1904 1511 Θεοτόκου

331 1543 514 1597 αὐτῶν
558 1543 948 1614 χωρησάντων,
985 1543 1062 1605 ώς
1105 1541 1323 1613 βοηθεῖν
1367 1542 1505 1613 μετὰ
1551 1543 1781 1597 θάνατον
1833 1544 1906 1616 μὴ

330 1631 673 1702 δυναμένης·
711 1631 772 1684 τὸ
817 1631 1129 1685 τελευταῖον
1163 1633 1258 1684 καὶ
1302 1631 1519 1705 πρῶτον
1553 1632 1646 1686 καὶ
1688 1635 1907 1686 πάντων

2011 443 2273 499 Tremunt
2300 462 2423 501 ossa
2457 464 2574 501 mea
2595 488 2610 513 ,
2642 459 2696 504 et
2735 465 2891 504 renes
2921 453 3099 507 cordis
3127 456 3388 519 sentiunt,
3419 470 3475 510 ut
3508 460 3584 512 ait

2009 534 2734 609 Eliphas“,cuiintelligens
2771 551 2825 595 et
2856 541 3011 596 fidele
3051 554 3168 598 erat
3219 548 3541 602 auditorium
3565 588 3582 613 ,

2007 623 2168 696 455
2199 641 2318 680 cum
2365 628 2447 681 vel
2499 629 2670 683 solum
2720 630 2772 684 in
2819 634 3137 686 memoriam
3191 650 3414 700 revoco,
3465 653 3586 706 qua:

2009 729 2134 774 tunc
2161 721 2414 788 temporis
2441 731 2558 776 acta
2579 732 2724 779 sunt.
2759 722 2960 778 Postea'
2985 725 3312 781 Germanum
3339 731 3582 784 divinum

2008 819 2063 864 et
2115 812 2473 866 orlhodoxum
2529 814 2782 868 Ecclesiae
2825 816 3109 883 praesulem
3160 819 3232 882 ii,
3283 821 3376 888 qui
3415 838 3441 872 a
3478 821 3584 874 Deo

2007 901 2296 956 abalienati
2329 911 2522 966 erant,
2551 905 2900 959 anathemate
2934 919 3346 976 purcussernnt,
3370 921 3423 964 et
3455 913 3581 980 ligni

2007 989 2268 1043 cultorem
2325 990 2754 1060 appellaverunt.
2808 991 2852 1047 Ο
2913 994 3115 1048 inimici
3166 997 3518 1051 carcitatemi'
3552 1017 3584 1052 o

2011 1079 2428 1148 blasphemiam!
2465 1096 2496 1135 ο
2528 1084 2936 1149 perversitatem
2965 1087 2978 1139 ἰ
3009 1087 3107 1152 Qui
3145 1097 3286 1141 tuam
3316 1090 3580 1144 infinitam

2007 1169 2454 1234 clementiam,mi
2479 1171 2712 1238 Christe,
2730 1175 3056 1244 intelligam?
3079 1176 3270 1243 Porro,
3296 1191 3578 1249 postquam

2008 1263 2313 1331 complures
2345 1264 2705 1334 blasphemias
2741 1270 3106 1324 cvomuissent
3127 1311 3142 1336 ,
3174 1283 3336 1341 atque
3367 1275 3417 1326 in
3453 1289 3581 1327 San-

2007 1362 2125 1406 ctos
2151 1363 2203 1407 et
2227 1355 2598 1408 intemeratum
2626 1357 2908 1427 Deiparam
2935 1361 3202 1416 hostiliter
3230 1366 3581 1432 prodiissent,

2007 1445 2162 1512 quasi
2206 1455 2326 1514 post
2370 1458 2598 1502 mortem
2648 1449 2762 1517 ipsa
2797 1465 2954 1518 opem
3007 1451 3148 1505 ferre
3198 1468 3302 1506 non
3348 1455 3578 1508 valeret:

2008 1544 2316 1604 postremo,
2351 1539 2460 1593 imo
2499 1544 2640 1609 quod
2673 1542 2903 1608 primunt
2928 1551 2983 1595 et
3011 1545 3260 1597 omnibus
3293 1546 3442 1614 pejus
3477 1556 3578 1611 est,

2009 1626 2200 1680 nefarii
2231 1629 2304 1682 illi
2327 1638 2381 1682 et
2406 1631 2633 1697 profani,
2668 1632 2814 1700 impii
2844 1631 3152 1702 Babylonici
3183 1637 3353 1688 vineze
3382 1639 3580 1691 Christi

331 1698 536 1792 χεῖρον,
567 1698 616 1774 oi.
649 1723 838 1792 μιαροὶ
869 1723 1068 1775 ἐκεῖνοι
1111 1721 1207 1776 καὶ
1238 1698 1474 1794 ἀνίεροι,
1507 1725 1557 1776 οἰ
1601 1723 1694 1776 τὸν
1726 1725 1907 1793 ἀμπε-

2011 1729 2377 1786 corruptorcs,
2419 1719 2485 1772 de
2518 1721 2714 1788 quibus
2745 1698 3005 1790 scriptum
3052 1733 3134 1780 est
3174 1741 3189 1778 :
3237 1725 3467 1794 Egressa
3503 1736 3580 1779 est

330 1813 477 1867 λῶνα
529 1813 771 1883 Χριστοῦ
831 1813 1244 1885 διαφθείραντες
1295 1813 1486 1884 ἄνομοι
1535 1814 1902 1881 Βαϐυλώνιοι,

330 1905 464 1976 περὶ
508 1898 584 1957 ὧν
627 1903 974 1974 γέγραπται·
1033 1903 1330 1973 Ἐξῆλθεν
1363 1905 1583 1974 ἀνομία
1615 1906 1674 1971 ἐξ
1713 1907 1906 1977 ἱερέων

331 1993 716 2061 Βαϐυλῶνος,
748 1997 842 2049 καὶ
872 1995 1160 2065 Ποιμένες
1183 1995 1402 2050 πολλοὶ
1433 1995 1774 2066 διέφθειραν
1801 1997 1908 2051 τὸν

331 2085 657 2157 ἀμπελῶνά
682 2104 826 2157 μου,
860 2087 958 2140 καὶ
990 2086 1242 2155 ἐμίαναν
1283 2086 1399 2155 τὴν
1441 2087 1652 2156 μερίδα
1687 2105 1828 2157 μου·
1859 2089 1906 2141 οἱ

331 2179 458 2242 τοὺς
489 2177 684 2243 ἄξονας
716 2177 811 2231 τοῦ
855 2177 988 2231 ἰδίου
1019 2179 1292 2250 γεωργίου
1341 2179 1729 2249 παροιμιακῶς
1763 2180 1904 2233 πλα-

333 2269 615 2338 νηθέντες,
651 2269 746 2323 καὶ
789 2269 1114 2333 συνάξαντες
1139 2272 1258 2333 ταῖς
1290 2271 1477 2340 χερσὶν
1517 2271 1821 2341 ἀκαρπίαν.
1856 2271 1906 2324 οἰ

336 2361 609 2432 ἀναμέσον
631 2360 790 2430 ἀγίου
821 2362 914 2416 καὶ
945 2361 1174 2434 βεϐήλου
1207 2361 1284 2434 μὴ
1320 2362 1741 2428 διαστείλαντες,
1773 2363 1909 2418 ἀλλά

322 2454 610 2524 ιάναμέσον
638 2452 735 2508 τοῦ
765 2453 1154 2526 θυσιαστηρίου
1189 2454 1280 2508 τὸν
1332 2455 1528 2526 θρῆνον
1569 2454 1666 2508 καὶ
1695 2454 1756 2507 τὸ
1784 2455 1908 2509 οὐαὶ

338 2548 848 2618 κατεργασάμενον
898 2541 1046 2602 οῦτοι
1092 2547 1220 2601 ἔνθα
1265 2548 1517 2620 ὑπῆρχον
1565 2548 1904 2619 ἐφεζόμενοι,

339 2637 673 2701 ἀναστάντες
713 2639 830 2709 ἅμα
876 2638 1044 2692 παντὶ
1069 2639 1147 2709 τῷ
1174 2637 1308 2710 λαῷ,
1337 2640 1437 2702 τὰς
1460 2640 1648 2711 χεῖράς
1679 2657 1736 2693 τε
1769 2639 1908 2710 πρὸς

340 2727 469 2797 ῦψος
521 2729 754 2800 ἄραντες
809 2729 1078 2798 ἠλάλαξαν
1128 2729 1226 2800 τὴν
1271 2729 1510 2800 ἐλεεινὴν
1557 2729 1764 2799 φωνὴν,
1813 2727 1908 2782 καὶ

340 2815 510 2872 εἷπονο
566 2820 813 2889 Σήμερον
849 2821 1105 2891 σωτηρία
1132 2821 1207 2891 τῷ
1260 2821 1482 2892 κόσμῳ,
1509 2821 1592 2875 ὅτι
1628 2823 1713 2887 σὺ,
1753 2821 1908 2890 βασι-

339 2907 449 2972 λεῦ,
485 2907 783 2979 ὲλυτρώσω
851 2911 996 2978 ἡμᾶς
1051 2911 1115 2964 ἐκ
1157 2911 1262 2964 τῶν
1305 2911 1558 2967 εἰδώλων.
1609 2913 1672 2964 Ὢ
1723 2913 1907 2982 φωνῆς

2007 1807 2257 1877 iniquitas
2293 1824 2322 1861 a
2376 1811 2749 1866 sacerdotibus
2798 1812 3088 1884 Babyloni:
3133 1815 3206 1881 ‘3;
3249 1827 3301 1869 ct
3343 1829 3580 1884 pastore:

2009 1899 2160 1952 multi
2189 1901 2420 1953 demoliti
2451 1912 2571 1955 sunt
2623 1905 2825 1958 vineam
2862 1921 3032 1958 meam
3061 1916 3109 1958 et
3139 1908 3579 1960 conculcarerunt

2005 2003 2203 2059 partem
2237 2009 2403 2046 meam
2427 1993 2471 2032 ⁸⁵
2505 2013 2518 2048 :
2552 1996 2641 2065 qui
2677 2007 2828 2050 extra
2880 2013 3010 2052 axes
3044 1999 3247 2067 proprii
3279 2000 3394 2067 agri
3425 2016 3577 2053 erra-

2009 2095 2162 2147 vere,
2200 2093 2256 2136 ttt
2286 2086 2570 2152 proverbio
2603 2085 2797 2152 fertur,
2846 2098 2900 2143 et
2948 2089 3199 2143 manibus
3236 2089 3578 2143 sterilitatem

2008 2171 2312 2242 collegere:
2348 2174 2438 2242 qui
2484 2177 2625 2230 inter
2655 2187 2902 2230 sanctum
2937 2186 2992 2231 et
3029 2178 3315 2246 profanum
3365 2194 3470 2232 non
3502 2179 3582 2232 di-

2010 2262 2213 2329 visere,
2246 2266 2340 2317 sed
2371 2264 2508 2318 intra
2539 2267 2713 2320 altare
2758 2267 2957 2321 luctum
3003 2278 3059 2323 et
3103 2284 3184 2323 vae
3215 2271 3518 2339 produxere
3562 2313 3575 2326 .

2011 2353 2084 2416 hi,
2119 2353 2359 2422 inquam,
2390 2367 2422 2408 e
2471 2354 2587 2410 loco
2621 2355 2710 2411 ubi
2741 2357 3020 2420 sedebant,
3046 2359 3205 2413 simul
3231 2374 3352 2413 cum
3388 2361 3581 2427 ροριιιο

2010 2455 2318 2516 surgentes,
2369 2447 2616 2502 manibus
2647 2448 2700 2501 iu
2751 2449 2952 2502 caelum
2985 2451 3181 2505 erectis
3213 2452 3577 2506 miserabilem

2009 2533 2154 2589 illam
2181 2549 2362 2590 vocem
2387 2537 2671 2591 ediderunt
2699 2553 2714 2590 :
2749 2556 2767 2588 ι
2804 2539 3147 2612 llodiesalus
3175 2544 3374 2595 mundo
3395 2585 3408 2610 ,
3450 2543 3576 2612 quia

2012 2556 2154 2589 mam
2182 2556 2362 2590 vocem
2387 2556 2671 2591 eutuerunt
2699 2556 2714 2590 :
2749 2556 2767 2588 ι
2804 2556 2973 2593 uoute
3033 2556 3147 2594 atus
3175 2556 3374 2595 munuo
3395 2585 3408 2610 ,
3450 2559 3576 2612 quia

2012 2637 2062 2680 ιιι
2085 2665 2100 2690 ,
2132 2626 2445 2695 Imperator,
2488 2643 2585 2682 nos
2613 2643 2675 2681 ex
2719 2629 2874 2683 idolis
2906 2556 3198 2685 redﬁmisti.
3235 2651 3252 2683 ι
3294 2631 3338 2686 Ο
3371 2633 3577 2687 luctuo—

2009 2731 2122 2770 sam
2151 2731 2333 2769 vocem
2363 2731 2481 2784 quae
2506 2755 2520 2778 ,
2553 2726 2609 2768 ut
2656 2717 2862 2786 prolata
2888 2717 3054 2789 456
3087 2730 3165 2774 est
3195 2760 3210 2785 ,
3252 2724 3450 2776 caelum
3481 2725 3576 2775 oh-

2007 2795 2265 2873 scu’ravit,
2300 2817 2496 2860 terram
2528 2809 2819 2872 concussit,
2853 2826 3031 2864 aerem
3064 2812 3274 2880 polluit,
3307 2823 3359 2866 ct
3388 2830 3578 2869 omnes

2008 2897 2098 2965 qui
2138 2897 2280 2951 illam
2322 2897 2636 2961 emiserunt,
2690 2898 2780 2952 Dei
2827 2900 3033 2956 alienos
3079 2901 3248 2956 fecit?
3289 2905 3580 2959 Enimvero

337 2996 602 3068 (πονηρᾶς
624 3037 638 3060 ,
676 2998 795 3066 ἥτις
828 2997 1233 3068 ὲκϐομϐηθεῖσα
1264 3009 1314 3065 (ι,
1343 2999 1570 3070 οὐρανὸν
1599 3001 1908 3069 κατεζόφω-

2011 2988 2054 3041 si
2104 2988 2190 3043 ille
2243 2990 2531 3057 impietatis
2577 2991 2872 3060 princeps,
2931 2993 3072 3049 idem
3115 2996 3228 3064 ipse
3276 2999 3579 3052 eversionis

340 3103 448 3146 σεν,
497 3089 594 3139 καὶ
637 3088 740 3158 γῆν
788 3089 1117 3150 συνέσεισεν,
1159 3089 1355 3158 αἰθέρα
1404 3107 1462 3142 τε
1516 3091 1761 3158 ἐμίανεν,
1814 3092 1909 3144 καὶ

341 3177 549 3236 πάντας
611 3179 738 3242 τοὺς
792 3178 962 3248 αὐτὴν
1020 3179 1360 3250 κεκραγότας
1408 3179 1544 3233 Θεοῦ
1596 3182 1910 3252 ἀλλοτρίους

339 3268 596 3336 ἐποίησεν
627 3267 639 3320 !
677 3269 772 3321 καὶ
801 3268 909 3338 γὰρ
943 3270 992 3321 εἰ
1036 3271 1064 3322 ὁ
1104 3269 1202 3339 τῆς
1241 3270 1498 3333 ἀσεϐείας
1529 3272 1852 3342 πρώταρχος
1883 3281 1907 3311 ι’

338 3354 488 3422 οὗτος
521 3359 697 3422 αἴτιος
724 3361 822 3429 τῆς
867 3359 974 3412 τῶν
1015 3359 1250 3413 εἰδώλων
1283 3361 1661 3430 καθαιρέσεως
1682 3397 1697 3427 ,
1733 3364 1909 3433 μάτην

339 3448 444 3519 ἄρα
473 3449 507 3516 ή
542 3446 639 3499 τοῦ
672 3447 911 3516 Χριστοῦ
935 3449 1349 3519 ὲνανθρώπησις
1377 3450 1620 3517 γέγονεν,
1655 3453 1747 3503 καὶ
1779 3453 1909 3522 κενὴ

338 3541 371 3610 ή
402 3541 509 3594 τῶν
540 3541 855 3594 ἀποστόλων
878 3540 1217 3596 διδασκαλία.
1239 3542 1349 3594 Καὶ
1371 3542 1441 3606 εί,
1470 3541 1544 3605 ώς
1563 3543 1720 3612 ὑμεῖς
1751 3560 1907 3612 φατε,

337 3631 495 3695 αὑτός
529 3633 678 3684 ἐστιν
705 3631 984 3702 λυτρωτὴς
1012 3632 1112 3701 τῆς
1152 3632 1674 3702 κτισματολατρείας
1697 3633 1789 3686 καὶ
1815 3634 1911 3702 τῆς

338 3717 444 3770 τῶν
477 3719 718 3772 εἰδώλων
761 3721 1010 3791 κατάρας
1033 3761 1050 3786 ,
1092 3723 1121 3774 ό
1155 3721 1251 3774 καὶ
1283 3722 1414 3791 παρ’
1431 3722 1573 3791 ,ὑμῖν
1602 3723 1911 3792 τρισκαιδέ-

341 3825 502 3875 κατος
565 3811 859 3875 ἀπόστολος
887 3811 1290 3882 ὀνομαζόμενος
1310 3853 1325 3878 ,
1355 3814 1449 3865 καὶ
1487 3814 1609 3883 οὐχὶ
1653 3813 1908 3884 Χριστὸς,

341 3901 480 3955 κατὰ
525 3901 626 3972 τὴν
671 3901 764 3955 τοῦ
794 3902 1125 3974 θεοκήρυκος
1169 3902 1383 3957 Παύλου
1419 3906 1600 3976 φωνήν
1621 3921 1638 3936 ο
1668 3905 1801 3976 μηδὲ
1831 3908 1912 3970 εἰς

341 3993 544 4062 Τριάδα
580 3993 936 4064 βαπτίζεσθε,
966 3994 1082 4048 ἀλλ’
1119 3995 1223 4065 (ἵν’
1256 3995 1396 4048 εἴπω
1433 4013 1486 4049 τι
1537 3995 1631 4049 καὶ
1684 3996 1915 4065 γελοίως

342 4085 474 4155 πρὸς
518 4085 620 4154 τὴν
666 4085 821 4155 ὑμῶν
857 4085 1064 4156 αὐθάδη
1114 4086 1457 4157 ἀφροσύνην)
1483 4087 1563 4151 εἰς
1609 4088 1908 4155 Παστιλᾶν,

341 4175 684 4246 Τρικάκαϐον
715 4179 808 4230 καὶ
841 4178 1095 4231 Κάϐα).ον
1121 4179 1246 4242 τοὺς
1275 4179 1442 4232 αὑτοῦ
1469 4178 1788 4248 καθηγητὰς
1815 4180 1911 4232 καὶ

343 4265 515 4332 ὑμῶν,
573 4257 757 4333 ὦνπερ
806 4264 976 4335 τριῶν
1023 4266 1057 4335 ή
1109 4265 1430 4337 ὑπέρφωτος
1483 4265 1580 4318 καὶ
1638 4266 1911 4336 σεϐασμία

2011 3080 2276 3135 idolorum
2319 3089 2508 3136 auctor
2549 3091 2673 3148 est,
2723 3097 2852 3153 ergo
2899 3083 3100 3140 frustra
3141 3089 3388 3142 Christus
3420 3092 3580 3143 homo

2011 3173 2184 3227 fat-tus
2210 3181 2292 3228 est
2319 3213 2333 3238 ,
2371 3189 2496 3243 ergo
2523 3190 2661 3229 vana
2691 3187 2773 3230 est
2805 3178 3168 3247 apostolorum
3197 3180 3460 3234 doctrina.
3497 3182 3575 3246 Si,

2013 3274 2070 3319 ut
2097 3281 2194 3320 vos
2222 3268 2488 3332 asseritis,
2542 3267 2628 3322 ille
2657 3278 2741 3323 est
2788 3270 3116 3340 redemptor,
3149 3273 3239 3342 qui
3269 3289 3360 3327 vos
3395 3289 3578 3328 rerum

2011 3367 2315 3412 creatarum
2361 3358 2504 3410 cultu
2541 3367 2594 3411 et
2638 3357 2898 3412 idolorum
2929 3363 3305 3417 exsecratione
3335 3363 3581 3418 liberavit

2013 3453 2213 3518 (quem
2263 3448 2423 3501 etiam
2457 3448 2724 3503 decimum
2772 3451 2990 3505 tertium
3035 3454 3335 3521 apostolum
3379 3458 3583 3508 vocita-

2014 3539 2150 3607 tis),
2179 3553 2283 3592 non
2323 3553 2449 3593 vero
2477 3538 2727 3594 Christus
2753 3541 2906 3608 juxta
2939 3543 3103 3596 divini
3144 3546 3406 3608 prteconis
3430 3544 3580 3598 Pauli

2012 3644 2231 3694 vocem;
2262 3643 2436 3698 neque
2459 3630 2620 3698 igitur
2648 3631 2699 3684 in
2733 3630 3050 3686 Trinitatem
3082 3634 3452 3703 baptizemini,
3487 3637 3581 3689 sed

2012 3721 2106 3789 (ut
2137 3720 2337 3788 aliquid
2385 3719 2667 3773 ridiculum
2699 3729 2892 3775 vestra:
2928 3726 3204 3793 arroganti
3260 3727 3583 3793 insipientia:

2012 3810 2238 3881 loquar)
2268 3810 2318 3862 in
2355 3807 2631 3873 Pastilam,
2671 3809 3026 3865 'l‘ricacabum
3059 3821 3111 3864 et
3137 3813 3394 3866 Cabalum
3441 3816 3584 3868 illius

2012 3911 2066 3956 et
2100 3911 2337 3955 vestrum
2387 3899 2676 3968 magistros
2699 3939 2714 3963 ,
2743 3915 2971 3968 quorum
3013 3902 3172 3954 trium
3216 3907 3532 3958 memoriam
3561 3947 3579 3972 ,

2011 3995 2202 4061 dogma
2229 4001 2282 4046 et
2325 3990 2542 4044 nomina
2571 3999 2624 4043 et
2664 4005 2761 4043 sua
2796 3989 3033 4056 Ecclesia
3069 3991 3267 4046 delevit
3299 3993 3578 4062 fulgentis-

2011 4082 2144 4136 sima
2180 4089 2235 4136 et
2259 4080 2640 4150 augustissima
2663 4078 2922 4133 Trinitas.
2953 4079 3154 4135 Verum
3189 4082 3272 4137 his
3305 4085 3584 4139 inutilibus

2012 4173 2355 4226 sermonibus
2386 4170 2624 4225 dimissis
2646 4209 2660 4234 ,
2693 4172 3116 4240 opportunejam
3147 4188 3498 4242 erumpamus
3527 4186 3584 4228 et

2012 4265 2442 4336 progrediamur.
2480 4262 2789 4318 Redeamus
2831 4263 2997 4333 igitur
3033 4265 3099 4318 ad
3133 4268 3489 4336 propositum,
3527 4277 3584 4323 et

342 4355 528 4424 Τριάς,
561 4355 658 4407 καὶ
673 4355 771 4425 τὴν
807 4357 1028 4426 μνήμην
1052 4357 1146 4408 καὶ
1165 4356 1224 4408 τὸ
1251 4355 1426 4424 δόγμα
1458 4356 1550 4408 καὶ
1578 4355 1646 4408 τά
1670 4356 1908 4426 ὀνόματα

2014 4358 2079 4410 de
2113 4356 2424 4410 beatissimo
2457 4355 2729 4426 Stephano
2762 4355 3062 4424 loquamur.

343 4445 662 4518 ὲξηιξάνισεν
693 4457 715 4485 ⁸
750 4447 849 4518 τῆς
879 4447 1046 4518 αὐτῆς
1099 4447 1446 4518 Ἐκκλησίας.
1498 4447 1712 4510 Ταύτας
1761 4447 1818 4500 δὲ
1867 4447 1967 4510 τὰς
2005 4447 2315 4518 φληναφίας
2349 4449 2578 4517 ἀφέντες
2602 4487 2617 4511 ,
2647 4447 2841 4519 καιροῦ
2876 4449 3089 4512 δέοντος
3115 4491 3128 4513 ,
3157 4451 3528 4524 ὲφορμώμεοα,
3563 4455 3578 4490 ι

341 4538 440 4609 ήδη
467 4540 561 4592 καὶ
604 4537 954 4607 βαδιούμεθα,
986 4539 1081 4592 καὶ
1114 4539 1251 4610 πρὸς
1288 4538 1350 4591 τὸ
1379 4538 1742 4609 προκείμενον
1773 4541 2106 4604 ὲπανιέντες,
2125 4540 2216 4592 τὸν
2244 4540 2706 4610 παμμακάριστον
2729 4539 2997 4608 Στέφανον
3023 4541 3441 4614 καταλάϐωμεν.

408 4631 627 4684 Τούτων
655 4630 710 4682 δὲ
736 4629 908 4693 οὕτως
939 4629 1382 4698 ἐκτελεσθέντων,
1401 4632 1495 4684 καὶ
1521 4631 1698 4702 πάσης
1725 4632 1906 4704 χειρὸς

342 4725 430 4777 καὶ
470 4723 738 4792 στόματος
769 4721 1165 4792 ύπογραψάσης
1206 4721 1299 4776 καὶ
1333 4722 1768 4792 ὁμολογήσαντος
1795 4761 1810 4787 ,
1836 4724 1904 4778 τά

343 4814 480 4867 κατά
512 4813 606 4866 τὸν
637 4811 793 4880 ἆγιον
814 4811 1002 4866 τοῦτον
1031 4813 1249 4883 Πατέρα
1277 4811 1435 4883 ἡμῶν
1463 4812 1733 4880 Στέφανον
1759 4814 1786 4865 ὁ
1810 4810 1904 4864 τύο

346 4921 528 4974 ραννος
585 4902 808 4974 μαθὼν,
854 4903 1370 4974 προσκαλεσάμενος
1423 4903 1518 4956 ἕνα
1572 4904 1679 4957 τῶν
1738 4902 1905 4957 αὑτοῦ

343 4995 633 5065 περιδόξων
681 4994 1020 5064 μεγιστάνων
1051 4994 1399 5063 λογιώτατον,
1448 4995 1542 5047 καὶ
1571 4995 1706 5066 πρὸς
1736 4995 1797 5046 τὸ
1821 4994 1908 5047 λέ-

344 5099 456 5148 γειν
480 5086 574 5137 καὶ
603 5083 824 5137 ἀκούειν
863 5084 1168 5154 ἐπιτήδειον
1189 5127 1204 5151 ,
1246 5085 1547 5140 Κάλλιστον
1574 5096 1601 5122 ιι
1641 5086 1902 5157 τοῦνομα,

345 5169 432 5222 καὶ
473 5173 538 5242 τῇ
568 5170 665 5224 τοῦ
715 5169 1009 5244 πατρικίου
1051 5172 1181 5244 ἀξίᾳ
1227 5175 1628 5246 τετιμημένον,
1675 5177 1736 5229 ού
1797 5177 1903 5247 μὴν

415 5328 457 5360 ⁸⁸
491 5328 590 5386 Job
643 5345 718 5398 tv,
749 5330 837 5386 14.
914 5331 960 5363 ⁸³
998 5329 1134 5386 Dan.
1166 5347 1286 5397 xm,
1331 5332 1383 5387 5.
1459 5333 1501 5364 “
1533 5333 1733 5388 Jerem.
1764 5351 1861 5398 λιι,
1899 5335 1983 5387 10.

2082 4632 2372 4700 Postquam
2425 4631 2537 4686 haec
2594 4631 2665 4684 ita
2715 4641 2832 4685 acta
2879 4641 3038 4700 sunt,
3091 4637 3378 4705 cunctique
3425 4653 3584 4689 mann

2012 4723 2450 4791 subscripserunt
2485 4731 2539 4776 et
2565 4736 2660 4775 ore
2708 4721 2942 4777 confessi
2991 4732 3137 4786 sunt,
3196 4735 3480 4796 tyrannus,
3516 4736 3579 4777 ad

2015 4829 2172 4884 quem
2214 4814 2388 4868 sancti
2420 4813 2598 4869 Patris
2646 4815 2814 4868 nostri
2853 4814 2994 4869 fama
3039 4827 3378 4884 pervenerat,
3419 4833 3581 4869 unum

2015 4922 2044 4961 e
2071 4905 2356 4974 praecipuis
2385 4908 2498 4961 suis
2530 4909 2864 4976 proceribus,
2899 4907 3062 4978 457
3090 4909 3260 4961 virum
3289 4909 3583 4962 disertissi«

2013 5011 2162 5050 mum
2211 5005 2370 5064 atque
2419 4997 2484 5050 ad
2536 4999 2817 5051 dicendum
2847 5009 2899 5052 et
2929 4998 3252 5051 audiendum
3304 4998 3571 5065 idoneum,

2011 5086 2289 5141 Callistum
2322 5089 2562 5152 nomine,
2597 5091 2808 5157 patricii
2839 5089 3098 5157 dignitate
3129 5100 3402 5154 ornatum,
3431 5105 3579 5144 catn-

2012 5180 2242 5246 demque
2293 5180 2544 5232 haeresim
2587 5181 2827 5248 apprime
2865 5181 3112 5233 edoctum
3145 5181 3451 5246 accersivit,
3491 5181 3580 5238 cui

1599 5467 1834 5522 VARIAS
1874 5469 2275 5525 LECTIONES.

413 5579 530 5653 Qal.
561 5579 896 5643 ὲπισκότοις.
966 5589 1001 5651 ,(1
1027 5579 1096 5634 al.
1136 5581 1534 5652 ἐκφωνηθεῖσα.
1617 5592 1638 5619 ι’
1670 5583 1740 5637 al.
1778 5582 2081 5653 πρόμαχος.

350 5645 626 5704 Κάλιστον.

2162 5591 2181 5617 ⁸
2215 5583 2284 5636 al.
2316 5581 2713 5652 ὲξαφανίσειεν.
2798 5584 2815 5619 ⁸
2853 5584 2921 5638 al.
2954 5585 3367 5657 ὲφορμςύμεθα.
3447 5595 3474 5624 ιι
3505 5587 3576 5642 al.
