  <div class='ocr_page' id='page_1' title='image "/cluster/home/n/w/nwhite01/storage/ocr_20150623/100/mdp.39015005675668/571.png"; bbox 0 0 3894 6164; ppageno 0'>
   <div class='ocr_carea' id='block_1_1' title="bbox 231 257 369 324">
    <p class='ocr_par' dir='ltr' id='par_1_1' title="bbox 231 257 369 324">
     <span class='ocr_line' id='line_1_1' title="bbox 231 257 369 324; baseline -0.022 0"><span class='ocrx_word' id='word_1_1' title='bbox 231 257 369 324; x_wconf 73' lang='grc'><strong>1123</strong></span> 
     </span>
    </p>
   </div>
   <div class='ocr_carea' id='block_1_2' title="bbox 1427 249 2307 313">
    <p class='ocr_par' dir='ltr' id='par_1_2' title="bbox 1427 249 2307 313">
     <span class='ocr_line' id='line_1_2' title="bbox 1427 249 2307 313; baseline -0.003 0"><span class='ocrx_word' id='word_1_2' title='bbox 1427 252 1803 313; x_wconf 80' lang='lat' dir='ltr'><strong>STEPHANI</strong></span> <span class='ocrx_word' id='word_1_3' title='bbox 1843 249 2155 312; x_wconf 81' lang='lat' dir='ltr'><strong>DIACONI</strong></span> <span class='ocrx_word' id='word_1_4' title='bbox 2196 250 2307 311; x_wconf 89' lang='lat' dir='ltr'><strong>CP.</strong></span> 
     </span>
    </p>
   </div>
   <div class='ocr_carea' id='block_1_3' title="bbox 3341 252 3483 317">
    <p class='ocr_par' dir='ltr' id='par_1_3' title="bbox 3341 252 3483 317">
     <span class='ocr_line' id='line_1_3' title="bbox 3341 252 3483 317; baseline 0.014 -2"><span class='ocrx_word' id='word_1_5' title='bbox 3341 252 3483 317; x_wconf 70' lang='grc'><strong>1124</strong></span> 
     </span>
    </p>
   </div>
   <div class='ocr_carea' id='block_1_4' title="bbox 237 361 1800 442">
    <p class='ocr_par' dir='ltr' id='par_1_4' title="bbox 237 363 1800 433">
     <span class='ocr_line' id='line_1_4' title="bbox 237 363 1800 433; baseline -0.005 -8"><span class='ocrx_word' id='word_1_6' title='bbox 237 372 351 426; x_wconf 59' lang='lat' dir='ltr'><strong>base</strong></span> <span class='ocrx_word' id='word_1_7' title='bbox 401 369 652 424; x_wconf 86' lang='lat' dir='ltr'><strong>mandata</strong></span> <span class='ocrx_word' id='word_1_8' title='bbox 709 368 895 423; x_wconf 86' lang='lat' dir='ltr'><strong>dedit:</strong></span> <span class='ocrx_word' id='word_1_9' title='bbox 927 366 1054 424; x_wconf 88' lang='lat' dir='ltr'><strong>Pete</strong></span> <span class='ocrx_word' id='word_1_10' title='bbox 1100 364 1350 420; x_wconf 76' lang='lat' dir='ltr'><strong>Auxentii</strong></span> <span class='ocrx_word' id='word_1_11' title='bbox 1381 364 1599 428; x_wconf 87' lang='lat' dir='ltr'><strong>collem,</strong></span> <span class='ocrx_word' id='word_1_12' title='bbox 1627 363 1800 433; x_wconf 83' lang='lat' dir='ltr'><strong>ibique</strong></span> 
     </span>
    </p>
   </div>
   <div class='ocr_carea' id='block_1_5' title="bbox 1903 361 3484 442">
    <p class='ocr_par' dir='ltr' id='par_1_5' title="bbox 1907 361 3484 442">
     <span class='ocr_line' id='line_1_5' title="bbox 1907 361 3484 442; baseline 0.006 -26"><span class='ocrx_word' id='word_1_13' title='bbox 1907 362 2044 416; x_wconf 79' lang='grc' dir='ltr'>ἀλλὰ</span> <span class='ocrx_word' id='word_1_14' title='bbox 2077 362 2171 416; x_wconf 75' lang='grc' dir='ltr'>καὶ</span> <span class='ocrx_word' id='word_1_15' title='bbox 2198 363 2299 434; x_wconf 81' lang='grc' dir='ltr'><strong>τὴν</strong></span> <span class='ocrx_word' id='word_1_16' title='bbox 2335 361 2502 416; x_wconf 80' lang='grc' dir='ltr'>αὐτοῦ</span> <span class='ocrx_word' id='word_1_17' title='bbox 2549 362 2764 435; x_wconf 75' lang='grc' dir='ltr'>αἵρεσιν</span> <span class='ocrx_word' id='word_1_18' title='bbox 2791 363 2873 427; x_wconf 83' lang='grc' dir='ltr'><strong>είς</strong></span> <span class='ocrx_word' id='word_1_19' title='bbox 2907 363 3076 434; x_wconf 80' lang='grc' dir='ltr'>ἄκρον</span> <span class='ocrx_word' id='word_1_20' title='bbox 3104 368 3484 442; x_wconf 83' lang='grc' dir='ltr'>πεπαιδευμέ-</span> 
     </span>
    </p>
   </div>
   <div class='ocr_carea' id='block_1_6' title="bbox 230 455 1806 529">
    <p class='ocr_par' dir='ltr' id='par_1_6' title="bbox 230 455 1806 529">
     <span class='ocr_line' id='line_1_6' title="bbox 230 455 1806 529; baseline -0.006 -15"><span class='ocrx_word' id='word_1_21' title='bbox 230 459 570 515; x_wconf 85' lang='lat' dir='ltr'><strong>delitesceuti</strong></span> <span class='ocrx_word' id='word_1_22' title='bbox 621 458 895 529; x_wconf 75' lang='lat' dir='ltr'><strong>Stephano</strong></span> <span class='ocrx_word' id='word_1_23' title='bbox 935 473 1002 513; x_wconf 75' lang='lat' dir='ltr'><strong>ex</strong></span> <span class='ocrx_word' id='word_1_24' title='bbox 1045 455 1397 511; x_wconf 80' lang='lat' dir='ltr'><strong>nefandorum</strong></span> <span class='ocrx_word' id='word_1_25' title='bbox 1431 463 1648 509; x_wconf 83' lang='lat' dir='ltr'><strong>caterva</strong></span> <span class='ocrx_word' id='word_1_26' title='bbox 1683 468 1806 523; x_wconf 84' lang='lat' dir='ltr'><strong>per-</strong></span> 
     </span>
    </p>
   </div>
   <div class='ocr_carea' id='block_1_7' title="bbox 236 543 1808 621">
    <p class='ocr_par' dir='ltr' id='par_1_7' title="bbox 236 543 1808 621">
     <span class='ocr_line' id='line_1_7' title="bbox 236 543 1808 621; baseline -0.004 -14"><span class='ocrx_word' id='word_1_27' title='bbox 236 552 404 608; x_wconf 84' lang='lat' dir='ltr'><strong>suade</strong></span> <span class='ocrx_word' id='word_1_28' title='bbox 429 560 487 603; x_wconf 84' lang='lat' dir='ltr'><strong>tit</strong></span> <span class='ocrx_word' id='word_1_29' title='bbox 511 551 716 621; x_wconf 84' lang='lat' dir='ltr'><strong>synodo</strong></span> <span class='ocrx_word' id='word_1_30' title='bbox 743 550 1070 604; x_wconf 79' lang='lat' dir='ltr'><strong>subscribat.</strong></span> <span class='ocrx_word' id='word_1_31' title='bbox 1098 547 1414 615; x_wconf 85' lang='lat' dir='ltr'><strong>llnjustnodi</strong></span> <span class='ocrx_word' id='word_1_32' title='bbox 1441 560 1599 615; x_wconf 92' lang='lat' dir='ltr'><strong>porro</strong></span> <span class='ocrx_word' id='word_1_33' title='bbox 1629 543 1808 600; x_wconf 82' lang='lat' dir='ltr'><strong>verbis</strong></span> 
     </span>
    </p>
   </div>
   <div class='ocr_carea' id='block_1_8' title="bbox 230 636 1808 708">
    <p class='ocr_par' dir='ltr' id='par_1_8' title="bbox 230 636 1808 708">
     <span class='ocr_line' id='line_1_8' title="bbox 230 636 1808 708; baseline -0.004 -10"><span class='ocrx_word' id='word_1_34' title='bbox 230 643 408 698; x_wconf 17' lang='lat' dir='ltr'><strong>tuteris</strong></span> <span class='ocrx_word' id='word_1_35' title='bbox 441 659 455 696; x_wconf 88' lang='lat'><strong>:</strong></span> <span class='ocrx_word' id='word_1_36' title='bbox 489 641 568 696; x_wconf 86' lang='lat' dir='ltr'><strong>Pii</strong></span> <span class='ocrx_word' id='word_1_37' title='bbox 614 648 669 696; x_wconf 83' lang='lat' dir='ltr'><strong>et</strong></span> <span class='ocrx_word' id='word_1_38' title='bbox 701 640 987 697; x_wconf 84' lang='lat' dir='ltr'><strong>orthodoxi</strong></span> <span class='ocrx_word' id='word_1_39' title='bbox 1035 641 1206 694; x_wconf 91' lang='lat' dir='ltr'><strong>nostri</strong></span> <span class='ocrx_word' id='word_1_40' title='bbox 1263 639 1617 708; x_wconf 85' lang='lat' dir='ltr'><strong>imperatores</strong></span> <span class='ocrx_word' id='word_1_41' title='bbox 1667 636 1808 692; x_wconf 81' lang='lat' dir='ltr'><strong>Con-</strong></span> 
     </span>
    </p>
   </div>
   <div class='ocr_carea' id='block_1_9' title="bbox 236 728 1808 800">
    <p class='ocr_par' dir='ltr' id='par_1_9' title="bbox 236 728 1808 800">
     <span class='ocr_line' id='line_1_9' title="bbox 236 728 1808 800; baseline -0.004 -12"><span class='ocrx_word' id='word_1_42' title='bbox 236 735 506 788; x_wconf 90' lang='lat' dir='ltr'><strong>stantinus</strong></span> <span class='ocrx_word' id='word_1_43' title='bbox 535 740 591 788; x_wconf 88' lang='lat' dir='ltr'><strong>et</strong></span> <span class='ocrx_word' id='word_1_44' title='bbox 633 731 761 795; x_wconf 78' lang='lat' dir='ltr'><strong>Leo,</strong></span> <span class='ocrx_word' id='word_1_45' title='bbox 808 744 1021 785; x_wconf 88' lang='lat' dir='ltr'><strong>summa</strong></span> <span class='ocrx_word' id='word_1_46' title='bbox 1068 745 1195 800; x_wconf 90' lang='lat' dir='ltr'><strong>erga</strong></span> <span class='ocrx_word' id='word_1_47' title='bbox 1231 738 1284 784; x_wconf 88' lang='lat' dir='ltr'><strong>te</strong></span> <span class='ocrx_word' id='word_1_48' title='bbox 1315 728 1685 783; x_wconf 82' lang='lat' dir='ltr'><strong>benevolentia</strong></span> <span class='ocrx_word' id='word_1_49' title='bbox 1739 728 1808 782; x_wconf 84' lang='lat' dir='ltr'><strong>ob</strong></span> 
     </span>
    </p>
   </div>
   <div class='ocr_carea' id='block_1_10' title="bbox 235 819 1806 894">
    <p class='ocr_par' dir='ltr' id='par_1_10' title="bbox 235 819 1806 894">
     <span class='ocr_line' id='line_1_10' title="bbox 235 819 1806 894; baseline -0.004 -17"><span class='ocrx_word' id='word_1_50' title='bbox 235 837 382 878; x_wconf 86' lang='lat' dir='ltr'><strong>tuam</strong></span> <span class='ocrx_word' id='word_1_51' title='bbox 410 825 663 894; x_wconf 85' lang='lat' dir='ltr'><strong>pietatem</strong></span> <span class='ocrx_word' id='word_1_52' title='bbox 717 821 915 886; x_wconf 74' lang='lat' dir='ltr'><strong>aﬂecti,</strong></span> <span class='ocrx_word' id='word_1_53' title='bbox 953 821 1048 875; x_wconf 83' lang='lat' dir='ltr'><strong>tibi</strong></span> <span class='ocrx_word' id='word_1_54' title='bbox 1094 821 1366 891; x_wconf 84' lang='lat' dir='ltr'><strong>imperant</strong></span> <span class='ocrx_word' id='word_1_55' title='bbox 1401 829 1460 872; x_wconf 86' lang='lat' dir='ltr'><strong>ut</strong></span> <span class='ocrx_word' id='word_1_56' title='bbox 1492 819 1806 873; x_wconf 74' lang='lat' dir='ltr'><strong>orthodoxae</strong></span> 
     </span>
    </p>
   </div>
   <div class='ocr_carea' id='block_1_11' title="bbox 233 911 1807 986">
    <p class='ocr_par' dir='ltr' id='par_1_11' title="bbox 233 911 1807 986">
     <span class='ocr_line' id='line_1_11' title="bbox 233 911 1807 986; baseline -0.002 -19"><span class='ocrx_word' id='word_1_57' title='bbox 233 924 478 970; x_wconf 89' lang='lat' dir='ltr'><strong>nostrum</strong></span> <span class='ocrx_word' id='word_1_58' title='bbox 537 914 728 986; x_wconf 82' lang='lat' dir='ltr'><strong>synodi</strong></span> <span class='ocrx_word' id='word_1_59' title='bbox 798 913 1100 968; x_wconf 79' lang='lat' dir='ltr'><strong>deﬁnitioni</strong></span> <span class='ocrx_word' id='word_1_60' title='bbox 1174 911 1505 967; x_wconf 88' lang='lat' dir='ltr'><strong>suhscribas.</strong></span> <span class='ocrx_word' id='word_1_61' title='bbox 1592 911 1807 964; x_wconf 84' lang='lat' dir='ltr'><strong>Paltnas</strong></span> 
     </span>
    </p>
   </div>
   <div class='ocr_carea' id='block_1_12' title="bbox 221 1004 1805 1075">
    <p class='ocr_par' dir='ltr' id='par_1_12' title="bbox 221 1004 1805 1075">
     <span class='ocr_line' id='line_1_12' title="bbox 221 1004 1805 1075; baseline -0.002 -16"><span class='ocrx_word' id='word_1_62' title='bbox 221 1007 396 1060; x_wconf 80' lang='lat' dir='ltr'><strong>etiam</strong></span> <span class='ocrx_word' id='word_1_63' title='bbox 438 1015 493 1060; x_wconf 86' lang='lat' dir='ltr'><strong>et</strong></span> <span class='ocrx_word' id='word_1_64' title='bbox 540 1006 750 1061; x_wconf 83' lang='lat' dir='ltr'><strong>caricas</strong></span> <span class='ocrx_word' id='word_1_65' title='bbox 799 1005 967 1075; x_wconf 72' lang='lat' dir='ltr'><strong>aliave</strong></span> <span class='ocrx_word' id='word_1_66' title='bbox 1007 1005 1055 1059; x_wconf 93' lang='lat' dir='ltr'><strong>ei</strong></span> <span class='ocrx_word' id='word_1_67' title='bbox 1106 1005 1305 1059; x_wconf 75' lang='lat' dir='ltr'><strong>oﬂeres</strong></span> <span class='ocrx_word' id='word_1_68' title='bbox 1354 1018 1477 1072; x_wconf 61' lang='lat' dir='ltr'><strong>quae</strong></span> <span class='ocrx_word' id='word_1_69' title='bbox 1524 1004 1805 1057; x_wconf 90' lang='lat' dir='ltr'><strong>in.cibum</strong></span> 
     </span>
    </p>
   </div>
   <div class='ocr_carea' id='block_1_13' title="bbox 236 1094 1806 1165">
    <p class='ocr_par' dir='ltr' id='par_1_13' title="bbox 236 1094 1806 1165">
     <span class='ocr_line' id='line_1_13' title="bbox 236 1094 1806 1165; baseline -0.001 -15"><span class='ocrx_word' id='word_1_70' title='bbox 236 1107 430 1152; x_wconf 75' lang='lat' dir='ltr'><strong>aseeue</strong></span> <span class='ocrx_word' id='word_1_71' title='bbox 476 1109 598 1151; x_wconf 88' lang='lat' dir='ltr'><strong>esse</strong></span> <span class='ocrx_word' id='word_1_72' title='bbox 669 1094 866 1152; x_wconf 80' lang='lat' dir='ltr'><strong>solent.</strong></span> <span class='ocrx_word' id='word_1_73' title='bbox 915 1094 1119 1165; x_wconf 84' lang='lat' dir='ltr'><strong>Nempe</strong></span> <span class='ocrx_word' id='word_1_74' title='bbox 1175 1094 1275 1164; x_wconf 91' lang='lat' dir='ltr'><strong>ipsi</strong></span> <span class='ocrx_word' id='word_1_75' title='bbox 1357 1095 1521 1149; x_wconf 87' lang='lat' dir='ltr'><strong>etiam</strong></span> <span class='ocrx_word' id='word_1_76' title='bbox 1577 1103 1806 1165; x_wconf 76' lang='lat' dir='ltr'><strong>tyranno</strong></span> 
     </span>
    </p>
   </div>
   <div class='ocr_carea' id='block_1_14' title="bbox 235 1183 1803 1255">
    <p class='ocr_par' dir='ltr' id='par_1_14' title="bbox 235 1183 1803 1255">
     <span class='ocr_line' id='line_1_14' title="bbox 235 1183 1803 1255; baseline -0.001 -17"><span class='ocrx_word' id='word_1_77' title='bbox 235 1195 420 1240; x_wconf 86' lang='lat' dir='ltr'><strong>notum</strong></span> <span class='ocrx_word' id='word_1_78' title='bbox 460 1193 578 1240; x_wconf 88' lang='lat' dir='ltr'><strong>erat</strong></span> <span class='ocrx_word' id='word_1_79' title='bbox 607 1184 725 1253; x_wconf 85' lang='lat' dir='ltr'><strong>ejus</strong></span> <span class='ocrx_word' id='word_1_80' title='bbox 766 1186 1017 1240; x_wconf 88' lang='lat' dir='ltr'><strong>strictum</strong></span> <span class='ocrx_word' id='word_1_81' title='bbox 1050 1195 1104 1239; x_wconf 89' lang='lat' dir='ltr'><strong>et</strong></span> <span class='ocrx_word' id='word_1_82' title='bbox 1131 1185 1222 1240; x_wconf 91' lang='lat' dir='ltr'><strong>Dei</strong></span> <span class='ocrx_word' id='word_1_83' title='bbox 1255 1184 1560 1255; x_wconf 79' lang='lat' dir='ltr'><strong>proximum</strong></span> <span class='ocrx_word' id='word_1_84' title='bbox 1592 1183 1803 1238; x_wconf 78' lang='lat' dir='ltr'><strong>vivendi</strong></span> 
     </span>
    </p>
   </div>
   <div class='ocr_carea' id='block_1_15' title="bbox 234 1271 1802 1342">
    <p class='ocr_par' dir='ltr' id='par_1_15' title="bbox 234 1271 1802 1342">
     <span class='ocr_line' id='line_1_15' title="bbox 234 1271 1802 1342; baseline -0.003 -15"><span class='ocrx_word' id='word_1_85' title='bbox 234 1287 423 1342; x_wconf 82' lang='lat' dir='ltr'><strong>genus.</strong></span> <span class='ocrx_word' id='word_1_86' title='bbox 457 1272 646 1342; x_wconf 89' lang='lat' dir='ltr'><strong>Itaque</strong></span> <span class='ocrx_word' id='word_1_87' title='bbox 671 1273 760 1328; x_wconf 88' lang='lat' dir='ltr'><strong>ille</strong></span> <span class='ocrx_word' id='word_1_88' title='bbox 794 1272 1079 1329; x_wconf 82' lang='lat' dir='ltr'><strong>confestim</strong></span> <span class='ocrx_word' id='word_1_89' title='bbox 1110 1275 1161 1327; x_wconf 91' lang='lat' dir='ltr'><strong>in</strong></span> <span class='ocrx_word' id='word_1_90' title='bbox 1190 1282 1426 1327; x_wconf 89' lang='lat' dir='ltr'><strong>montem</strong></span> <span class='ocrx_word' id='word_1_91' title='bbox 1459 1286 1521 1326; x_wconf 88' lang='lat' dir='ltr'><strong>se</strong></span> <span class='ocrx_word' id='word_1_92' title='bbox 1544 1271 1802 1338; x_wconf 85' lang='lat' dir='ltr'><strong>contulit;</strong></span> 
     </span>
    </p>
   </div>
   <div class='ocr_carea' id='block_1_16' title="bbox 222 1361 1803 1434">
    <p class='ocr_par' dir='ltr' id='par_1_16' title="bbox 222 1361 1803 1434">
     <span class='ocr_line' id='line_1_16' title="bbox 222 1361 1803 1434; baseline -0.001 -18"><span class='ocrx_word' id='word_1_93' title='bbox 222 1378 463 1432; x_wconf 82' lang='lat' dir='ltr'><strong>cumque</strong></span> <span class='ocrx_word' id='word_1_94' title='bbox 519 1364 671 1419; x_wconf 90' lang='lat' dir='ltr'><strong>collis</strong></span> <span class='ocrx_word' id='word_1_95' title='bbox 738 1366 996 1420; x_wconf 86' lang='lat' dir='ltr'><strong>verticem</strong></span> <span class='ocrx_word' id='word_1_96' title='bbox 1052 1365 1356 1434; x_wconf 75' lang='lat' dir='ltr'><strong>attigisset,</strong></span> <span class='ocrx_word' id='word_1_97' title='bbox 1410 1372 1597 1417; x_wconf 86' lang='lat' dir='ltr'><strong>sancto</strong></span> <span class='ocrx_word' id='word_1_98' title='bbox 1656 1361 1803 1415; x_wconf 85' lang='lat' dir='ltr'><strong>Patri</strong></span> 
     </span>
    </p>
   </div>
   <div class='ocr_carea' id='block_1_17' title="bbox 224 1455 1803 1526">
    <p class='ocr_par' dir='ltr' id='par_1_17' title="bbox 224 1455 1803 1526">
     <span class='ocr_line' id='line_1_17' title="bbox 224 1455 1803 1526; baseline 0.001 -18"><span class='ocrx_word' id='word_1_99' title='bbox 224 1456 544 1509; x_wconf 80' lang='lat' dir='ltr'><strong>mandatum</strong></span> <span class='ocrx_word' id='word_1_100' title='bbox 595 1456 936 1526; x_wconf 81' lang='lat' dir='ltr'><strong>imperatoris</strong></span> <span class='ocrx_word' id='word_1_101' title='bbox 967 1470 1063 1511; x_wconf 90' lang='lat' dir='ltr'><strong>ore</strong></span> <span class='ocrx_word' id='word_1_102' title='bbox 1095 1456 1236 1520; x_wconf 88' lang='lat' dir='ltr'><strong>tulit,</strong></span> <span class='ocrx_word' id='word_1_103' title='bbox 1268 1468 1500 1524; x_wconf 82' lang='lat' dir='ltr'><strong>eumque</strong></span> <span class='ocrx_word' id='word_1_104' title='bbox 1537 1455 1803 1523; x_wconf 88' lang='lat' dir='ltr'><strong>pessimus</strong></span> 
     </span>
    </p>
   </div>
   <div class='ocr_carea' id='block_1_18' title="bbox 224 1543 1802 1614">
    <p class='ocr_par' dir='ltr' id='par_1_18' title="bbox 224 1543 1802 1614">
     <span class='ocr_line' id='line_1_18' title="bbox 224 1543 1802 1614; baseline -0.001 -16"><span class='ocrx_word' id='word_1_105' title='bbox 224 1545 570 1607; x_wconf 76' lang='lat' dir='ltr'><strong>hortabatur,</strong></span> <span class='ocrx_word' id='word_1_106' title='bbox 601 1554 660 1599; x_wconf 89' lang='lat' dir='ltr'><strong>ut</strong></span> <span class='ocrx_word' id='word_1_107' title='bbox 689 1547 1073 1614; x_wconf 88' lang='lat' dir='ltr'><strong>imperatorum</strong></span> <span class='ocrx_word' id='word_1_108' title='bbox 1106 1543 1408 1600; x_wconf 87' lang='lat' dir='ltr'><strong>delinitioni</strong></span> <span class='ocrx_word' id='word_1_109' title='bbox 1434 1545 1802 1599; x_wconf 82' lang='lat' dir='ltr'><strong>subscriberet</strong></span> 
     </span>
    </p>
   </div>
   <div class='ocr_carea' id='block_1_19' title="bbox 1909 449 3482 526">
    <p class='ocr_par' dir='ltr' id='par_1_19' title="bbox 1909 449 3482 526">
     <span class='ocr_line' id='line_1_19' title="bbox 1909 449 3482 526; baseline 0.006 -20"><span class='ocrx_word' id='word_1_110' title='bbox 1909 470 2020 518; x_wconf 89' lang='grc' dir='ltr'>νον,</span> <span class='ocrx_word' id='word_1_111' title='bbox 2051 453 2369 507; x_wconf 74' lang='grc' dir='ltr'>ἀποστέλλει</span> <span class='ocrx_word' id='word_1_112' title='bbox 2427 452 2591 508; x_wconf 79' lang='grc' dir='ltr'>αὐτὸν</span> <span class='ocrx_word' id='word_1_113' title='bbox 2641 453 2815 508; x_wconf 76' lang='grc' dir='ltr'>εἰπών</span> <span class='ocrx_word' id='word_1_114' title='bbox 2841 471 2855 485; x_wconf 77' lang='grc' dir='ltr'><strong>ο</strong></span> <span class='ocrx_word' id='word_1_115' title='bbox 2907 449 3010 507; x_wconf 83' lang='grc' dir='ltr'><strong>Τὸν</strong></span> <span class='ocrx_word' id='word_1_116' title='bbox 3048 455 3143 509; x_wconf 82' lang='grc' dir='ltr'>τοῦ</span> <span class='ocrx_word' id='word_1_117' title='bbox 3188 458 3482 526; x_wconf 83' lang='grc' dir='ltr'>Αύξεντίου</span> 
     </span>
    </p>
   </div>
   <div class='ocr_carea' id='block_1_20' title="bbox 1904 541 3485 617">
    <p class='ocr_par' dir='ltr' id='par_1_20' title="bbox 1904 541 3485 617">
     <span class='ocr_line' id='line_1_20' title="bbox 1904 541 3485 617; baseline 0.006 -21"><span class='ocrx_word' id='word_1_118' title='bbox 1904 541 2095 612; x_wconf 76' lang='grc' dir='ltr'>βουνὸν</span> <span class='ocrx_word' id='word_1_119' title='bbox 2131 542 2478 611; x_wconf 85' lang='grc' dir='ltr'>καταλαϐὼν,</span> <span class='ocrx_word' id='word_1_120' title='bbox 2507 542 2597 599; x_wconf 76' lang='grc' dir='ltr'><strong>τὸν</strong></span> <span class='ocrx_word' id='word_1_121' title='bbox 2636 544 2814 597; x_wconf 71' lang='grc' dir='ltr'>ἐκεῖσε</span> <span class='ocrx_word' id='word_1_122' title='bbox 2847 544 3237 615; x_wconf 85' lang='grc' dir='ltr'>ὲμφωλεύοντα</span> <span class='ocrx_word' id='word_1_123' title='bbox 3267 551 3485 617; x_wconf 78' lang='grc' dir='ltr'>Στέφα-</span> 
     </span>
    </p>
   </div>
   <div class='ocr_carea' id='block_1_21' title="bbox 1907 633 3484 712">
    <p class='ocr_par' dir='ltr' id='par_1_21' title="bbox 1907 633 3484 712">
     <span class='ocr_line' id='line_1_21' title="bbox 1907 633 3484 712; baseline 0.006 -24"><span class='ocrx_word' id='word_1_124' title='bbox 1907 651 1997 688; x_wconf 91' lang='grc' dir='ltr'><strong>νον</strong></span> <span class='ocrx_word' id='word_1_125' title='bbox 2030 633 2289 706; x_wconf 74' lang='grc' dir='ltr'>τοῦνομα,</span> <span class='ocrx_word' id='word_1_126' title='bbox 2338 635 2433 690; x_wconf 70' lang='grc' dir='ltr'>καὶ</span> <span class='ocrx_word' id='word_1_127' title='bbox 2469 634 2665 688; x_wconf 82' lang='grc' dir='ltr'>τοῦτον</span> <span class='ocrx_word' id='word_1_128' title='bbox 2695 636 3123 712; x_wconf 78' lang='grc' dir='ltr'>ἀμνημονεύτων</span> <span class='ocrx_word' id='word_1_129' title='bbox 3150 640 3318 710; x_wconf 73' lang='grc' dir='ltr'>ἑσμοῦ</span> <span class='ocrx_word' id='word_1_130' title='bbox 3347 644 3484 712; x_wconf 56' lang='lat'><strong>6116&#39;-</strong></span> 
     </span>
    </p>
   </div>
   <div class='ocr_carea' id='block_1_22' title="bbox 1909 710 3483 798">
    <p class='ocr_par' dir='ltr' id='par_1_22' title="bbox 1909 710 3483 798">
     <span class='ocr_line' id='line_1_22' title="bbox 1909 710 3483 798; baseline 0.007 -23"><span class='ocrx_word' id='word_1_131' title='bbox 1909 740 2120 794; x_wconf 76' lang='grc' dir='ltr'>σχημον</span> <span class='ocrx_word' id='word_1_132' title='bbox 2151 762 2167 788; x_wconf 87' lang='grc'><strong>,</strong></span> <span class='ocrx_word' id='word_1_133' title='bbox 2216 713 2403 779; x_wconf 81' lang='grc' dir='ltr'>τοῦτον</span> <span class='ocrx_word' id='word_1_134' title='bbox 2434 724 2748 796; x_wconf 78' lang='grc' dir='ltr'><strong>ὑπογράψαι</strong></span> <span class='ocrx_word' id='word_1_135' title='bbox 2801 726 2859 776; x_wconf 84' lang='grc' dir='ltr'>ὲν</span> <span class='ocrx_word' id='word_1_136' title='bbox 2907 727 2972 796; x_wconf 81' lang='grc' dir='ltr'>τῇ</span> <span class='ocrx_word' id='word_1_137' title='bbox 3025 710 3229 796; x_wconf 82' lang='grc' dir='ltr'>συνόδῳ</span> <span class='ocrx_word' id='word_1_138' title='bbox 3268 710 3483 798; x_wconf 80' lang='grc' dir='ltr'>πεῖσον,</span> 
     </span>
    </p>
   </div>
   <div class='ocr_carea' id='block_1_23' title="bbox 1906 813 3448 886">
    <p class='ocr_par' dir='ltr' id='par_1_23' title="bbox 1906 813 3448 886">
     <span class='ocr_line' id='line_1_23' title="bbox 1906 813 3448 886; baseline 0.006 -19"><span class='ocrx_word' id='word_1_139' title='bbox 1906 813 2078 867; x_wconf 85' lang='grc' dir='ltr'>είπών</span> <span class='ocrx_word' id='word_1_140' title='bbox 2102 829 2116 845; x_wconf 87' lang='grc'><strong>·</strong></span> <span class='ocrx_word' id='word_1_141' title='bbox 2170 815 2248 886; x_wconf 81' lang='grc' dir='ltr'><strong>Τῇ</strong></span> <span class='ocrx_word' id='word_1_142' title='bbox 2302 814 2440 885; x_wconf 73' lang='grc' dir='ltr'>πρὸς</span> <span class='ocrx_word' id='word_1_143' title='bbox 2471 816 2532 868; x_wconf 82' lang='grc' dir='ltr'>σὲ</span> <span class='ocrx_word' id='word_1_144' title='bbox 2566 817 2720 886; x_wconf 75' lang='grc' dir='ltr'>φιλίᾳ</span> <span class='ocrx_word' id='word_1_145' title='bbox 2762 815 2851 870; x_wconf 78' lang='grc' dir='ltr'><strong>διὰ</strong></span> <span class='ocrx_word' id='word_1_146' title='bbox 2882 816 2943 869; x_wconf 83' lang='grc' dir='ltr'>τὸ</span> <span class='ocrx_word' id='word_1_147' title='bbox 2975 818 3200 883; x_wconf 75' lang='grc' dir='ltr'>εὐσεϐές</span> <span class='ocrx_word' id='word_1_148' title='bbox 3247 838 3341 875; x_wconf 92' lang='grc' dir='ltr'><strong>σου</strong></span> <span class='ocrx_word' id='word_1_149' title='bbox 3384 841 3448 877; x_wconf 86' lang='grc' dir='ltr'><strong>το</strong></span> 
     </span>
    </p>
   </div>
   <div class='ocr_carea' id='block_1_24' title="bbox 1909 904 3472 983">
    <p class='ocr_par' dir='ltr' id='par_1_24' title="bbox 1909 904 3472 983">
     <span class='ocr_line' id='line_1_24' title="bbox 1909 904 3472 983; baseline 0.006 -26"><span class='ocrx_word' id='word_1_150' title='bbox 1909 904 2026 975; x_wconf 86' lang='grc' dir='ltr'>βίου</span> <span class='ocrx_word' id='word_1_151' title='bbox 2056 904 2371 976; x_wconf 84' lang='grc' dir='ltr'><strong>κινούμενοι</strong></span> <span class='ocrx_word' id='word_1_152' title='bbox 2404 906 2454 959; x_wconf 86' lang='grc' dir='ltr'><strong>οἱ</strong></span> <span class='ocrx_word' id='word_1_153' title='bbox 2486 906 2733 969; x_wconf 77' lang='grc' dir='ltr'>εὐσεϐεῖς</span> <span class='ocrx_word' id='word_1_154' title='bbox 2766 908 2860 960; x_wconf 76' lang='grc' dir='ltr'>καὶ</span> <span class='ocrx_word' id='word_1_155' title='bbox 2888 906 3162 978; x_wconf 81' lang='grc' dir='ltr'>ὀρθόδοξοι</span> <span class='ocrx_word' id='word_1_156' title='bbox 3203 911 3361 981; x_wconf 78' lang='grc' dir='ltr'>ἡμῶν</span> <span class='ocrx_word' id='word_1_157' title='bbox 3388 914 3472 983; x_wconf 86' lang='grc' dir='ltr'><strong>βα-</strong></span> 
     </span>
    </p>
   </div>
   <div class='ocr_carea' id='block_1_25' title="bbox 1909 996 3483 1074">
    <p class='ocr_par' dir='ltr' id='par_1_25' title="bbox 1909 996 3483 1074">
     <span class='ocr_line' id='line_1_25' title="bbox 1909 996 3483 1074; baseline 0.008 -26"><span class='ocrx_word' id='word_1_158' title='bbox 1909 996 2075 1060; x_wconf 80' lang='grc' dir='ltr'>σιλεῖς</span> <span class='ocrx_word' id='word_1_159' title='bbox 2103 999 2512 1062; x_wconf 83' lang='grc' dir='ltr'>Κωνσταντίνος</span> <span class='ocrx_word' id='word_1_160' title='bbox 2536 998 2630 1052; x_wconf 76' lang='grc' dir='ltr'>καὶ</span> <span class='ocrx_word' id='word_1_161' title='bbox 2656 998 2808 1053; x_wconf 81' lang='grc' dir='ltr'>Λέων</span> <span class='ocrx_word' id='word_1_162' title='bbox 2841 1000 3126 1054; x_wconf 89' lang='grc' dir='ltr'>κελεύουσι</span> <span class='ocrx_word' id='word_1_163' title='bbox 3163 1004 3483 1074; x_wconf 72' lang='grc' dir='ltr'><strong>ὑπογράψαι</strong></span> 
     </span>
    </p>
   </div>
   <div class='ocr_carea' id='block_1_26' title="bbox 1908 1082 3479 1167">
    <p class='ocr_par' dir='ltr' id='par_1_26' title="bbox 1908 1082 3479 1167">
     <span class='ocr_line' id='line_1_26' title="bbox 1908 1082 3479 1167; baseline 0.008 -26"><span class='ocrx_word' id='word_1_164' title='bbox 1908 1106 1968 1142; x_wconf 86' lang='grc' dir='ltr'><strong>σε</strong></span> <span class='ocrx_word' id='word_1_165' title='bbox 1999 1091 2137 1160; x_wconf 77' lang='grc' dir='ltr'>πρὸς</span> <span class='ocrx_word' id='word_1_166' title='bbox 2166 1091 2255 1143; x_wconf 75' lang='grc' dir='ltr'>τὸν</span> <span class='ocrx_word' id='word_1_167' title='bbox 2283 1090 2388 1160; x_wconf 67' lang='grc' dir='ltr'>τῆς</span> <span class='ocrx_word' id='word_1_168' title='bbox 2416 1082 2698 1160; x_wconf 77' lang='grc' dir='ltr'>ὀρθοδόξου</span> <span class='ocrx_word' id='word_1_169' title='bbox 2731 1091 2890 1163; x_wconf 78' lang='grc' dir='ltr'>ἡμῶν</span> <span class='ocrx_word' id='word_1_170' title='bbox 2916 1094 3142 1147; x_wconf 80' lang='grc' dir='ltr'><strong>συνόδου·</strong></span> <span class='ocrx_word' id='word_1_171' title='bbox 3171 1096 3299 1167; x_wconf 87' lang='grc' dir='ltr'>ὅρον</span> <span class='ocrx_word' id='word_1_172' title='bbox 3317 1114 3330 1127; x_wconf 91' lang='grc'>·</span> <span class='ocrx_word' id='word_1_173' title='bbox 3356 1096 3479 1160; x_wconf 65' lang='grc' dir='ltr'>δοὺς</span> 
     </span>
    </p>
   </div>
   <div class='ocr_carea' id='block_1_27' title="bbox 1906 1182 3481 1263">
    <p class='ocr_par' dir='ltr' id='par_1_27' title="bbox 1906 1182 3481 1263">
     <span class='ocr_line' id='line_1_27' title="bbox 1906 1182 3481 1263; baseline 0.006 -29"><span class='ocrx_word' id='word_1_174' title='bbox 1906 1182 2057 1252; x_wconf 80' lang='grc' dir='ltr'>αὐτῷ</span> <span class='ocrx_word' id='word_1_175' title='bbox 2078 1183 2329 1252; x_wconf 79' lang='grc' dir='ltr'>φοίνικας</span> <span class='ocrx_word' id='word_1_176' title='bbox 2362 1185 2458 1237; x_wconf 75' lang='grc' dir='ltr'>καὶ</span> <span class='ocrx_word' id='word_1_177' title='bbox 2494 1184 2740 1253; x_wconf 74' lang='grc' dir='ltr'>ἰσχάδας,</span> <span class='ocrx_word' id='word_1_178' title='bbox 2777 1186 2872 1239; x_wconf 74' lang='grc' dir='ltr'>καὶ</span> <span class='ocrx_word' id='word_1_179' title='bbox 2908 1187 3045 1242; x_wconf 83' lang='grc' dir='ltr'>ἄλλα</span> <span class='ocrx_word' id='word_1_180' title='bbox 3075 1189 3197 1243; x_wconf 79' lang='grc' dir='ltr'>τινὰ</span> <span class='ocrx_word' id='word_1_181' title='bbox 3225 1189 3365 1263; x_wconf 74' lang='grc' dir='ltr'>ἅπερ</span> <span class='ocrx_word' id='word_1_182' title='bbox 3403 1194 3481 1245; x_wconf 83' lang='grc' dir='ltr'>εί-</span> 
     </span>
    </p>
   </div>
   <div class='ocr_carea' id='block_1_28' title="bbox 1907 1274 3483 1354">
    <p class='ocr_par' dir='ltr' id='par_1_28' title="bbox 1907 1274 3483 1354">
     <span class='ocr_line' id='line_1_28' title="bbox 1907 1274 3483 1354; baseline 0.008 -29"><span class='ocrx_word' id='word_1_183' title='bbox 1907 1274 1991 1326; x_wconf 82' lang='grc' dir='ltr'>σὶν</span> <span class='ocrx_word' id='word_1_184' title='bbox 2025 1275 2307 1344; x_wconf 79' lang='grc' dir='ltr'>ἐπιτήδεια</span> <span class='ocrx_word' id='word_1_185' title='bbox 2342 1277 2423 1339; x_wconf 85' lang='grc' dir='ltr'><strong>είς</strong></span> <span class='ocrx_word' id='word_1_186' title='bbox 2469 1276 2677 1347; x_wconf 79' lang='grc' dir='ltr'>τροφὴν</span> <span class='ocrx_word' id='word_1_187' title='bbox 2720 1277 2987 1347; x_wconf 82' lang='grc' dir='ltr'><strong>ἁσκητοῦ.</strong></span> <span class='ocrx_word' id='word_1_188' title='bbox 3047 1281 3201 1351; x_wconf 80' lang='grc' dir='ltr'>’ῌδει</span> <span class='ocrx_word' id='word_1_189' title='bbox 3241 1282 3348 1354; x_wconf 82' lang='grc' dir='ltr'>γὰρ</span> <span class='ocrx_word' id='word_1_190' title='bbox 3386 1286 3483 1337; x_wconf 79' lang='grc' dir='ltr'>καὶ</span> 
     </span>
    </p>
   </div>
   <div class='ocr_carea' id='block_1_29' title="bbox 1905 1366 3481 1442">
    <p class='ocr_par' dir='ltr' id='par_1_29' title="bbox 1905 1366 3481 1442">
     <span class='ocr_line' id='line_1_29' title="bbox 1905 1366 3481 1442; baseline 0.006 -24"><span class='ocrx_word' id='word_1_191' title='bbox 1905 1366 2067 1429; x_wconf 77' lang='grc' dir='ltr'>αὐτὸς</span> <span class='ocrx_word' id='word_1_192' title='bbox 2094 1369 2123 1420; x_wconf 98' lang='lat'><strong>6</strong></span> <span class='ocrx_word' id='word_1_193' title='bbox 2155 1366 2417 1436; x_wconf 85' lang='grc' dir='ltr'>τύραννος</span> <span class='ocrx_word' id='word_1_194' title='bbox 2448 1367 2549 1437; x_wconf 86' lang='grc' dir='ltr'>τὴν</span> <span class='ocrx_word' id='word_1_195' title='bbox 2578 1369 2826 1440; x_wconf 74' lang='grc' dir='ltr'>ἐγκρατῆ</span> <span class='ocrx_word' id='word_1_196' title='bbox 2858 1372 2954 1423; x_wconf 82' lang='grc' dir='ltr'>καὶ</span> <span class='ocrx_word' id='word_1_197' title='bbox 2995 1370 3116 1442; x_wconf 81' lang='grc' dir='ltr'><strong>Θεῷ</strong></span> <span class='ocrx_word' id='word_1_198' title='bbox 3145 1373 3481 1440; x_wconf 73' lang='grc' dir='ltr'><strong>ἐγγίζουσαν</strong></span> 
     </span>
    </p>
   </div>
   <div class='ocr_carea' id='block_1_30' title="bbox 1902 1448 3483 1534">
    <p class='ocr_par' dir='ltr' id='par_1_30' title="bbox 1902 1448 3483 1534">
     <span class='ocr_line' id='line_1_30' title="bbox 1902 1448 3483 1534; baseline 0.008 -25"><span class='ocrx_word' id='word_1_199' title='bbox 1902 1457 1994 1511; x_wconf 83' lang='grc' dir='ltr'>τοῦ</span> <span class='ocrx_word' id='word_1_200' title='bbox 2021 1458 2168 1511; x_wconf 80' lang='grc' dir='ltr'>ὁσίου</span> <span class='ocrx_word' id='word_1_201' title='bbox 2196 1458 2497 1529; x_wconf 87' lang='grc' dir='ltr'>διαγωγήν.</span> <span class='ocrx_word' id='word_1_202' title='bbox 2544 1460 2602 1515; x_wconf 86' lang='grc' dir='ltr'>Ὀ</span> <span class='ocrx_word' id='word_1_203' title='bbox 2628 1460 2685 1514; x_wconf 82' lang='grc' dir='ltr'>δὲ</span> <span class='ocrx_word' id='word_1_204' title='bbox 2714 1462 2959 1533; x_wconf 79' lang='grc' dir='ltr'>παρευθὺ</span> <span class='ocrx_word' id='word_1_205' title='bbox 2992 1464 3053 1516; x_wconf 78' lang='grc' dir='ltr'><strong>τὸ</strong></span> <span class='ocrx_word' id='word_1_206' title='bbox 3084 1463 3209 1534; x_wconf 79' lang='grc' dir='ltr'>ὅρος</span> <span class='ocrx_word' id='word_1_207' title='bbox 3240 1448 3483 1521; x_wconf 72' lang='grc' dir='ltr'>καταλαο</span> 
     </span>
    </p>
   </div>
   <div class='ocr_carea' id='block_1_31' title="bbox 1904 1546 3479 1627">
    <p class='ocr_par' dir='ltr' id='par_1_31' title="bbox 1904 1546 3479 1627">
     <span class='ocr_line' id='line_1_31' title="bbox 1904 1546 3479 1627; baseline 0.008 -27"><span class='ocrx_word' id='word_1_208' title='bbox 1904 1546 2038 1612; x_wconf 78' lang='grc' dir='ltr'>ὁὼν,</span> <span class='ocrx_word' id='word_1_209' title='bbox 2070 1548 2164 1601; x_wconf 78' lang='grc' dir='ltr'>καὶ</span> <span class='ocrx_word' id='word_1_210' title='bbox 2193 1549 2330 1620; x_wconf 64' lang='grc' dir='ltr'>πρὸς</span> <span class='ocrx_word' id='word_1_211' title='bbox 2352 1550 2451 1621; x_wconf 83' lang='grc' dir='ltr'>τὴν</span> <span class='ocrx_word' id='word_1_212' title='bbox 2500 1551 2748 1622; x_wconf 80' lang='grc' dir='ltr'>κορυφὴν</span> <span class='ocrx_word' id='word_1_213' title='bbox 2779 1552 2875 1606; x_wconf 83' lang='grc' dir='ltr'>τοῦ</span> <span class='ocrx_word' id='word_1_214' title='bbox 2915 1552 3106 1624; x_wconf 81' lang='grc' dir='ltr'>βουνοῦ</span> <span class='ocrx_word' id='word_1_215' title='bbox 3131 1558 3479 1627; x_wconf 80' lang='grc' dir='ltr'>προσταθεὶς,</span> 
     </span>
    </p>
   </div>
   <div class='ocr_carea' id='block_1_32' title="bbox 219 1633 1800 1716">
    <p class='ocr_par' dir='ltr' id='par_1_32' title="bbox 219 1633 1798 1704">
     <span class='ocr_line' id='line_1_32' title="bbox 219 1633 1798 1704; baseline -0.001 -16"><span class='ocrx_word' id='word_1_216' title='bbox 219 1645 282 1688; x_wconf 81' lang='lat' dir='ltr'><strong>et</strong></span> <span class='ocrx_word' id='word_1_217' title='bbox 314 1637 695 1690; x_wconf 87' lang='lat' dir='ltr'><strong>assentiretur.</strong></span> <span class='ocrx_word' id='word_1_218' title='bbox 738 1637 808 1690; x_wconf 84' lang='lat' dir='ltr'><strong>At</strong></span> <span class='ocrx_word' id='word_1_219' title='bbox 849 1635 1192 1690; x_wconf 85' lang='lat' dir='ltr'><strong>venerandus</strong></span> <span class='ocrx_word' id='word_1_220' title='bbox 1242 1634 1570 1704; x_wconf 85' lang='lat' dir='ltr'><strong>Stephanus,</strong></span> <span class='ocrx_word' id='word_1_221' title='bbox 1626 1633 1798 1704; x_wconf 88' lang='lat' dir='ltr'><strong>priori</strong></span> 
     </span>
    </p>
   </div>
   <div class='ocr_carea' id='block_1_33' title="bbox 1903 1633 3482 1716">
    <p class='ocr_par' dir='ltr' id='par_1_33' title="bbox 1905 1637 3482 1716">
     <span class='ocr_line' id='line_1_33' title="bbox 1905 1637 3482 1716; baseline 0.006 -25"><span class='ocrx_word' id='word_1_222' title='bbox 1905 1637 1984 1708; x_wconf 81' lang='grc' dir='ltr'><strong>τῷ</strong></span> <span class='ocrx_word' id='word_1_223' title='bbox 2018 1639 2159 1710; x_wconf 77' lang='grc' dir='ltr'>ἁγίῳ</span> <span class='ocrx_word' id='word_1_224' title='bbox 2191 1642 2368 1711; x_wconf 75' lang='grc' dir='ltr'>Πατρὶ</span> <span class='ocrx_word' id='word_1_225' title='bbox 2389 1681 2404 1705; x_wconf 92' lang='grc'><strong>,</strong></span> <span class='ocrx_word' id='word_1_226' title='bbox 2436 1641 2499 1694; x_wconf 78' lang='grc' dir='ltr'>τὸ</span> <span class='ocrx_word' id='word_1_227' title='bbox 2532 1641 2620 1696; x_wconf 86' lang='grc' dir='ltr'><strong>διὰ</strong></span> <span class='ocrx_word' id='word_1_228' title='bbox 2652 1642 2913 1713; x_wconf 81' lang='grc' dir='ltr'><strong>γλώσσης</strong></span> <span class='ocrx_word' id='word_1_229' title='bbox 2943 1650 3326 1716; x_wconf 82' lang='grc' dir='ltr'>γραμματεῖον</span> <span class='ocrx_word' id='word_1_230' title='bbox 3359 1650 3482 1702; x_wconf 79' lang='grc' dir='ltr'><strong>ἐκό-</strong></span> 
     </span>
    </p>
   </div>
   <div class='ocr_carea' id='block_1_34' title="bbox 231 1700 1800 1808">
    <p class='ocr_par' dir='ltr' id='par_1_34' title="bbox 231 1700 1799 1794">
     <span class='ocr_line' id='line_1_34' title="bbox 231 1700 1799 1794; baseline 0 -15"><span class='ocrx_word' id='word_1_231' title='bbox 231 1742 335 1780; x_wconf 87' lang='lat' dir='ltr'><strong>non</strong></span> <span class='ocrx_word' id='word_1_232' title='bbox 366 1725 612 1788; x_wconf 78' lang='lat' dir='ltr'><strong>inferior,</strong></span> <span class='ocrx_word' id='word_1_233' title='bbox 651 1734 906 1794; x_wconf 78' lang='lat' dir='ltr'><strong>tanquam</strong></span> <span class='ocrx_word' id='word_1_234' title='bbox 939 1739 968 1778; x_wconf 89' lang='lat' dir='ltr'><strong>a</strong></span> <span class='ocrx_word' id='word_1_235' title='bbox 995 1725 1204 1779; x_wconf 78' lang='lat' dir='ltr'><strong>dextris</strong></span> <span class='ocrx_word' id='word_1_236' title='bbox 1246 1700 1361 1780; x_wconf 78' lang='lat' dir='ltr'><strong>suis</strong></span> <span class='ocrx_word' id='word_1_237' title='bbox 1390 1726 1553 1779; x_wconf 85' lang='lat' dir='ltr'><strong>Deum</strong></span> <span class='ocrx_word' id='word_1_238' title='bbox 1588 1700 1799 1793; x_wconf 76' lang='lat' dir='ltr'><strong>semper</strong></span> 
     </span>
    </p>
   </div>
   <div class='ocr_carea' id='block_1_35' title="bbox 1903 1700 3482 1808">
    <p class='ocr_par' dir='ltr' id='par_1_35' title="bbox 1913 1700 3482 1808">
     <span class='ocr_line' id='line_1_35' title="bbox 1913 1700 3482 1808; baseline 0.008 -27"><span class='ocrx_word' id='word_1_239' title='bbox 1913 1700 2092 1800; x_wconf 62' lang='grc' dir='ltr'>μίσεν,</span> <span class='ocrx_word' id='word_1_240' title='bbox 2126 1700 2513 1802; x_wconf 74' lang='grc' dir='ltr'>συμϐουλεύων</span> <span class='ocrx_word' id='word_1_241' title='bbox 2550 1735 2579 1787; x_wconf 87' lang='lat'><strong>6</strong></span> <span class='ocrx_word' id='word_1_242' title='bbox 2623 1700 3007 1798; x_wconf 36' lang='lat' dir='ltr'><strong>x&#39;a&#39;txtctocvxai</strong></span> <span class='ocrx_word' id='word_1_243' title='bbox 3036 1700 3356 1808; x_wconf 64' lang='grc' dir='ltr'>ύπογράψαι</span> <span class='ocrx_word' id='word_1_244' title='bbox 3383 1700 3482 1793; x_wconf 75' lang='grc' dir='ltr'>καὶ</span> 
     </span>
    </p>
   </div>
   <div class='ocr_carea' id='block_1_36' title="bbox 224 1816 1798 1886">
    <p class='ocr_par' dir='ltr' id='par_1_36' title="bbox 224 1816 1798 1886">
     <span class='ocr_line' id='line_1_36' title="bbox 224 1816 1798 1886; baseline 0 -17"><span class='ocrx_word' id='word_1_245' title='bbox 224 1818 519 1886; x_wconf 78' lang='lat' dir='ltr'><strong>providens</strong></span> <span class='ocrx_word' id='word_1_246' title='bbox 566 1816 635 1882; x_wconf 79' lang='lat'><strong>&quot;,</strong></span> <span class='ocrx_word' id='word_1_247' title='bbox 685 1816 832 1870; x_wconf 84' lang='lat' dir='ltr'><strong>nulla</strong></span> <span class='ocrx_word' id='word_1_248' title='bbox 888 1816 1142 1871; x_wconf 80' lang='lat' dir='ltr'><strong>haeretica</strong></span> <span class='ocrx_word' id='word_1_249' title='bbox 1195 1817 1503 1885; x_wconf 81' lang='lat' dir='ltr'><strong>suspicione</strong></span> <span class='ocrx_word' id='word_1_250' title='bbox 1546 1817 1798 1886; x_wconf 80' lang='lat' dir='ltr'><strong>agitatus,</strong></span> 
     </span>
    </p>
   </div>
   <div class='ocr_carea' id='block_1_37' title="bbox 220 1908 1796 1978">
    <p class='ocr_par' dir='ltr' id='par_1_37' title="bbox 220 1908 1796 1978">
     <span class='ocr_line' id='line_1_37' title="bbox 220 1908 1796 1978; baseline 0.002 -19"><span class='ocrx_word' id='word_1_251' title='bbox 220 1908 453 1975; x_wconf 79' lang='lat' dir='ltr'><strong>patricio</strong></span> <span class='ocrx_word' id='word_1_252' title='bbox 522 1908 803 1976; x_wconf 84' lang='lat' dir='ltr'><strong>respondit</strong></span> <span class='ocrx_word' id='word_1_253' title='bbox 865 1908 1195 1972; x_wconf 87' lang='lat' dir='ltr'><strong>:Attende,</strong></span> <span class='ocrx_word' id='word_1_254' title='bbox 1247 1908 1465 1962; x_wconf 89' lang='lat' dir='ltr'><strong>domine</strong></span> <span class='ocrx_word' id='word_1_255' title='bbox 1552 1910 1796 1978; x_wconf 86' lang='lat' dir='ltr'><strong>patrieie.</strong></span> 
     </span>
    </p>
   </div>
   <div class='ocr_carea' id='block_1_38' title="bbox 228 1997 1804 2071">
    <p class='ocr_par' dir='ltr' id='par_1_38' title="bbox 228 1997 1804 2071">
     <span class='ocr_line' id='line_1_38' title="bbox 228 1997 1804 2071; baseline 0.003 -20"><span class='ocrx_word' id='word_1_256' title='bbox 228 1998 673 2067; x_wconf 83' lang='lat' dir='ltr'><strong>Quandoquidem</strong></span> <span class='ocrx_word' id='word_1_257' title='bbox 703 1997 1012 2053; x_wconf 63' lang='lat' dir='ltr'><strong>haereticam</strong></span> <span class='ocrx_word' id='word_1_258' title='bbox 1038 2000 1347 2069; x_wconf 83' lang='lat' dir='ltr'><strong>opinionem</strong></span> <span class='ocrx_word' id='word_1_259' title='bbox 1372 1998 1541 2071; x_wconf 69' lang='grc'><strong>458</strong></span> <span class='ocrx_word' id='word_1_260' title='bbox 1564 2000 1804 2055; x_wconf 88' lang='lat' dir='ltr'><strong>continet</strong></span> 
     </span>
    </p>
   </div>
   <div class='ocr_carea' id='block_1_39' title="bbox 226 2089 1801 2160">
    <p class='ocr_par' dir='ltr' id='par_1_39' title="bbox 226 2089 1801 2160">
     <span class='ocr_line' id='line_1_39' title="bbox 226 2089 1801 2160; baseline 0.003 -20"><span class='ocrx_word' id='word_1_261' title='bbox 226 2090 468 2144; x_wconf 78' lang='lat' dir='ltr'><strong>deﬁnitio</strong></span> <span class='ocrx_word' id='word_1_262' title='bbox 492 2090 721 2158; x_wconf 84' lang='lat' dir='ltr'><strong>hujusce</strong></span> <span class='ocrx_word' id='word_1_263' title='bbox 755 2089 901 2146; x_wconf 66' lang='lat' dir='ltr'><strong>falsae</strong></span> <span class='ocrx_word' id='word_1_264' title='bbox 924 2090 1139 2160; x_wconf 85' lang='lat' dir='ltr'><strong>synodi,</strong></span> <span class='ocrx_word' id='word_1_265' title='bbox 1166 2105 1265 2160; x_wconf 87' lang='lat' dir='ltr'><strong>ego</strong></span> <span class='ocrx_word' id='word_1_266' title='bbox 1293 2090 1602 2159; x_wconf 85' lang='lat' dir='ltr'><strong>Stephanus</strong></span> <span class='ocrx_word' id='word_1_267' title='bbox 1627 2107 1801 2158; x_wconf 86' lang='lat' dir='ltr'><strong>neque</strong></span> 
     </span>
    </p>
   </div>
   <div class='ocr_carea' id='block_1_40' title="bbox 220 2181 1801 2252">
    <p class='ocr_par' dir='ltr' id='par_1_40' title="bbox 220 2181 1801 2252">
     <span class='ocr_line' id='line_1_40' title="bbox 220 2181 1801 2252; baseline 0 -17"><span class='ocrx_word' id='word_1_268' title='bbox 220 2181 533 2246; x_wconf 85' lang='lat' dir='ltr'><strong>subscribe,</strong></span> <span class='ocrx_word' id='word_1_269' title='bbox 590 2196 768 2249; x_wconf 87' lang='lat' dir='ltr'><strong>neque</strong></span> <span class='ocrx_word' id='word_1_270' title='bbox 813 2196 1057 2235; x_wconf 85' lang='lat' dir='ltr'><strong>amarum</strong></span> <span class='ocrx_word' id='word_1_271' title='bbox 1102 2181 1259 2236; x_wconf 90' lang='lat' dir='ltr'><strong>dulce</strong></span> <span class='ocrx_word' id='word_1_272' title='bbox 1309 2182 1541 2252; x_wconf 83' lang='lat' dir='ltr'><strong>appello,</strong></span> <span class='ocrx_word' id='word_1_273' title='bbox 1573 2198 1639 2236; x_wconf 89' lang='lat' dir='ltr'><strong>ne</strong></span> <span class='ocrx_word' id='word_1_274' title='bbox 1676 2198 1801 2252; x_wconf 70' lang='lat' dir='ltr'><strong>pro-</strong></span> 
     </span>
    </p>
   </div>
   <div class='ocr_carea' id='block_1_41' title="bbox 227 2271 1797 2341">
    <p class='ocr_par' dir='ltr' id='par_1_41' title="bbox 227 2271 1797 2341">
     <span class='ocr_line' id='line_1_41' title="bbox 227 2271 1797 2341; baseline 0.001 -15"><span class='ocrx_word' id='word_1_275' title='bbox 227 2274 402 2339; x_wconf 71' lang='lat' dir='ltr'><strong>phetze</strong></span> <span class='ocrx_word' id='word_1_276' title='bbox 466 2287 544 2327; x_wconf 63' lang='lat' dir='ltr'><strong>vas</strong></span> <span class='ocrx_word' id='word_1_277' title='bbox 609 2273 879 2327; x_wconf 83' lang='lat' dir='ltr'><strong>attraham</strong></span> <span class='ocrx_word' id='word_1_278' title='bbox 927 2271 995 2326; x_wconf 78' lang='lat'><strong>“.</strong></span> <span class='ocrx_word' id='word_1_279' title='bbox 1047 2272 1270 2341; x_wconf 80' lang='lat' dir='ltr'><strong>Insuper</strong></span> <span class='ocrx_word' id='word_1_280' title='bbox 1320 2288 1419 2341; x_wconf 89' lang='lat' dir='ltr'><strong>pro</strong></span> <span class='ocrx_word' id='word_1_281' title='bbox 1481 2282 1797 2328; x_wconf 70' lang='lat' dir='ltr'><strong>sanctarum</strong></span> 
     </span>
    </p>
   </div>
   <div class='ocr_carea' id='block_1_42' title="bbox 230 2363 1800 2431">
    <p class='ocr_par' dir='ltr' id='par_1_42' title="bbox 230 2363 1800 2431">
     <span class='ocr_line' id='line_1_42' title="bbox 230 2363 1800 2431; baseline 0.003 -16"><span class='ocrx_word' id='word_1_282' title='bbox 230 2364 522 2431; x_wconf 79' lang='lat' dir='ltr'><strong>imaginum</strong></span> <span class='ocrx_word' id='word_1_283' title='bbox 573 2363 896 2419; x_wconf 86' lang='lat' dir='ltr'><strong>adoratione</strong></span> <span class='ocrx_word' id='word_1_284' title='bbox 925 2373 1155 2418; x_wconf 90' lang='lat' dir='ltr'><strong>mortem</strong></span> <span class='ocrx_word' id='word_1_285' title='bbox 1200 2365 1561 2419; x_wconf 79' lang='lat' dir='ltr'><strong>libentissime</strong></span> <span class='ocrx_word' id='word_1_286' title='bbox 1589 2367 1800 2419; x_wconf 79' lang='lat' dir='ltr'><strong>subitu-</strong></span> 
     </span>
    </p>
   </div>
   <div class='ocr_carea' id='block_1_43' title="bbox 226 2453 1802 2523">
    <p class='ocr_par' dir='ltr' id='par_1_43' title="bbox 226 2453 1802 2523">
     <span class='ocr_line' id='line_1_43' title="bbox 226 2453 1802 2523; baseline 0.003 -18"><span class='ocrx_word' id='word_1_287' title='bbox 226 2468 321 2505; x_wconf 91' lang='lat' dir='ltr'><strong>rus</strong></span> <span class='ocrx_word' id='word_1_288' title='bbox 346 2468 491 2517; x_wconf 83' lang='lat' dir='ltr'><strong>sum,</strong></span> <span class='ocrx_word' id='word_1_289' title='bbox 540 2453 851 2523; x_wconf 85' lang='lat' dir='ltr'><strong>nullamque</strong></span> <span class='ocrx_word' id='word_1_290' title='bbox 893 2455 1158 2508; x_wconf 86' lang='lat' dir='ltr'><strong>rationem</strong></span> <span class='ocrx_word' id='word_1_291' title='bbox 1204 2453 1378 2508; x_wconf 86' lang='lat' dir='ltr'><strong>habeo</strong></span> <span class='ocrx_word' id='word_1_292' title='bbox 1424 2455 1802 2510; x_wconf 64' lang='lat' dir='ltr'><strong>haeresiarchas</strong></span> 
     </span>
    </p>
   </div>
   <div class='ocr_carea' id='block_1_44' title="bbox 228 2544 1801 2617">
    <p class='ocr_par' dir='ltr' id='par_1_44' title="bbox 228 2544 1801 2617">
     <span class='ocr_line' id='line_1_44' title="bbox 228 2544 1801 2617; baseline 0.003 -23"><span class='ocrx_word' id='word_1_293' title='bbox 228 2544 598 2612; x_wconf 81' lang='lat' dir='ltr'><strong>imperatoris,</strong></span> <span class='ocrx_word' id='word_1_294' title='bbox 634 2545 725 2613; x_wconf 90' lang='lat' dir='ltr'><strong>qui</strong></span> <span class='ocrx_word' id='word_1_295' title='bbox 758 2560 851 2600; x_wconf 85' lang='lat' dir='ltr'><strong>eas</strong></span> <span class='ocrx_word' id='word_1_296' title='bbox 899 2544 1061 2609; x_wconf 74' lang='lat' dir='ltr'><strong>audet</strong></span> <span class='ocrx_word' id='word_1_297' title='bbox 1100 2545 1348 2614; x_wconf 87' lang='lat' dir='ltr'><strong>rciicere.</strong></span> <span class='ocrx_word' id='word_1_298' title='bbox 1397 2560 1415 2598; x_wconf 75' lang='grc' dir='ltr'><strong>ι</strong></span> <span class='ocrx_word' id='word_1_299' title='bbox 1454 2547 1654 2600; x_wconf 90' lang='lat' dir='ltr'><strong>Deinde</strong></span> <span class='ocrx_word' id='word_1_300' title='bbox 1684 2546 1801 2617; x_wconf 82' lang='lat' dir='ltr'><strong>pal-</strong></span> 
     </span>
    </p>
   </div>
   <div class='ocr_carea' id='block_1_45' title="bbox 230 2635 1801 2707">
    <p class='ocr_par' dir='ltr' id='par_1_45' title="bbox 230 2635 1801 2707">
     <span class='ocr_line' id='line_1_45' title="bbox 230 2635 1801 2707; baseline 0.003 -22"><span class='ocrx_word' id='word_1_301' title='bbox 230 2649 372 2686; x_wconf 86' lang='lat' dir='ltr'><strong>mam</strong></span> <span class='ocrx_word' id='word_1_302' title='bbox 416 2649 610 2689; x_wconf 91' lang='lat' dir='ltr'><strong>manus</strong></span> <span class='ocrx_word' id='word_1_303' title='bbox 649 2636 950 2704; x_wconf 87' lang='lat' dir='ltr'><strong>compactis</strong></span> <span class='ocrx_word' id='word_1_304' title='bbox 982 2649 1080 2704; x_wconf 90' lang='lat' dir='ltr'><strong>per</strong></span> <span class='ocrx_word' id='word_1_305' title='bbox 1113 2635 1361 2689; x_wconf 87' lang='lat' dir='ltr'><strong>ordinem</strong></span> <span class='ocrx_word' id='word_1_306' title='bbox 1408 2636 1597 2707; x_wconf 76' lang='lat' dir='ltr'><strong>digitis</strong></span> <span class='ocrx_word' id='word_1_307' title='bbox 1632 2648 1801 2691; x_wconf 78' lang='lat' dir='ltr'><strong>exca-</strong></span> 
     </span>
    </p>
   </div>
   <div class='ocr_carea' id='block_1_46' title="bbox 228 2726 1803 2799">
    <p class='ocr_par' dir='ltr' id='par_1_46' title="bbox 228 2726 1803 2799">
     <span class='ocr_line' id='line_1_46' title="bbox 228 2726 1803 2799; baseline 0.004 -24"><span class='ocrx_word' id='word_1_308' title='bbox 228 2733 410 2779; x_wconf 77' lang='lat' dir='ltr'><strong>vatam</strong></span> <span class='ocrx_word' id='word_1_309' title='bbox 438 2727 731 2782; x_wconf 88' lang='lat' dir='ltr'><strong>ostendens</strong></span> <span class='ocrx_word' id='word_1_310' title='bbox 759 2726 898 2782; x_wconf 77' lang='lat' dir='ltr'><strong>dixit</strong></span> <span class='ocrx_word' id='word_1_311' title='bbox 934 2744 948 2780; x_wconf 89' lang='lat'>:</span> <span class='ocrx_word' id='word_1_312' title='bbox 982 2743 1002 2778; x_wconf 84' lang='grc' dir='ltr'><strong>ι</strong></span> <span class='ocrx_word' id='word_1_313' title='bbox 1046 2727 1272 2782; x_wconf 88' lang='lat' dir='ltr'><strong>Etiamsi</strong></span> <span class='ocrx_word' id='word_1_314' title='bbox 1310 2727 1577 2780; x_wconf 87' lang='lat' dir='ltr'><strong>tantulum</strong></span> <span class='ocrx_word' id='word_1_315' title='bbox 1625 2727 1803 2799; x_wconf 78' lang='lat' dir='ltr'><strong>vitalis</strong></span> 
     </span>
    </p>
   </div>
   <div class='ocr_carea' id='block_1_47' title="bbox 228 2815 1799 2888">
    <p class='ocr_par' dir='ltr' id='par_1_47' title="bbox 228 2815 1799 2888">
     <span class='ocr_line' id='line_1_47' title="bbox 228 2815 1799 2888; baseline 0.001 -19"><span class='ocrx_word' id='word_1_316' title='bbox 228 2817 510 2885; x_wconf 68' lang='lat' dir='ltr'><strong>sanguinis</strong></span> <span class='ocrx_word' id='word_1_317' title='bbox 551 2818 682 2872; x_wconf 90' lang='lat' dir='ltr'><strong>mihi</strong></span> <span class='ocrx_word' id='word_1_318' title='bbox 723 2827 889 2884; x_wconf 87' lang='lat' dir='ltr'><strong>esset,</strong></span> <span class='ocrx_word' id='word_1_319' title='bbox 919 2833 1016 2886; x_wconf 90' lang='lat' dir='ltr'><strong>pro</strong></span> <span class='ocrx_word' id='word_1_320' title='bbox 1048 2817 1249 2873; x_wconf 87' lang='lat' dir='ltr'><strong>Christi</strong></span> <span class='ocrx_word' id='word_1_321' title='bbox 1283 2818 1520 2888; x_wconf 78' lang='lat' dir='ltr'><strong>imagine</strong></span> <span class='ocrx_word' id='word_1_322' title='bbox 1553 2815 1799 2872; x_wconf 81' lang='lat' dir='ltr'><strong>eﬂ&#39;unda-</strong></span> 
     </span>
    </p>
   </div>
   <div class='ocr_carea' id='block_1_48' title="bbox 236 2904 1802 2979">
    <p class='ocr_par' dir='ltr' id='par_1_48' title="bbox 236 2904 1802 2979">
     <span class='ocr_line' id='line_1_48' title="bbox 236 2904 1802 2979; baseline -0.001 -16"><span class='ocrx_word' id='word_1_323' title='bbox 236 2921 342 2963; x_wconf 90' lang='lat' dir='ltr'><strong>tur.</strong></span> <span class='ocrx_word' id='word_1_324' title='bbox 380 2904 541 2964; x_wconf 75' lang='lat' dir='ltr'><strong>Refer</strong></span> <span class='ocrx_word' id='word_1_325' title='bbox 570 2921 751 2964; x_wconf 91' lang='lat' dir='ltr'><strong>autem</strong></span> <span class='ocrx_word' id='word_1_326' title='bbox 786 2910 937 2965; x_wconf 90' lang='lat' dir='ltr'><strong>cibos</strong></span> <span class='ocrx_word' id='word_1_327' title='bbox 966 2923 1101 2979; x_wconf 89' lang='lat' dir='ltr'><strong>quos</strong></span> <span class='ocrx_word' id='word_1_328' title='bbox 1131 2908 1220 2964; x_wconf 90' lang='lat' dir='ltr'><strong>ille</strong></span> <span class='ocrx_word' id='word_1_329' title='bbox 1251 2909 1422 2963; x_wconf 86' lang='lat' dir='ltr'><strong>misit.</strong></span> <span class='ocrx_word' id='word_1_330' title='bbox 1460 2908 1591 2962; x_wconf 86' lang='lat' dir='ltr'><strong>Nam</strong></span> <span class='ocrx_word' id='word_1_331' title='bbox 1631 2909 1802 2963; x_wconf 77' lang='lat' dir='ltr'><strong>oleum</strong></span> 
     </span>
    </p>
   </div>
   <div class='ocr_carea' id='block_1_49' title="bbox 1901 1818 3481 1894">
    <p class='ocr_par' dir='ltr' id='par_1_49' title="bbox 1901 1818 3481 1894">
     <span class='ocr_line' id='line_1_49' title="bbox 1901 1818 3481 1894; baseline 0.005 -23"><span class='ocrx_word' id='word_1_332' title='bbox 1901 1818 2183 1872; x_wconf 77' lang='grc' dir='ltr'>ἐπαινέσαι</span> <span class='ocrx_word' id='word_1_333' title='bbox 2205 1819 2314 1873; x_wconf 85' lang='grc' dir='ltr'><strong>τῶν</strong></span> <span class='ocrx_word' id='word_1_334' title='bbox 2337 1819 2603 1890; x_wconf 82' lang='grc' dir='ltr'>βασιλέων</span> <span class='ocrx_word' id='word_1_335' title='bbox 2632 1822 2724 1875; x_wconf 80' lang='grc' dir='ltr'>τὸν</span> <span class='ocrx_word' id='word_1_336' title='bbox 2751 1822 2897 1892; x_wconf 83' lang='grc' dir='ltr'>ὅρον.</span> <span class='ocrx_word' id='word_1_337' title='bbox 2937 1822 2995 1876; x_wconf 90' lang='lat'><strong>&#39;0</strong></span> <span class='ocrx_word' id='word_1_338' title='bbox 3023 1822 3079 1875; x_wconf 80' lang='grc' dir='ltr'>δὲ</span> <span class='ocrx_word' id='word_1_339' title='bbox 3108 1824 3289 1894; x_wconf 81' lang='grc' dir='ltr'>τίμιος</span> <span class='ocrx_word' id='word_1_340' title='bbox 3326 1821 3481 1889; x_wconf 77' lang='grc' dir='ltr'>οὗτος</span> 
     </span>
    </p>
   </div>
   <div class='ocr_carea' id='block_1_50' title="bbox 1901 1909 3481 1984">
    <p class='ocr_par' dir='ltr' id='par_1_50' title="bbox 1901 1909 3481 1984">
     <span class='ocr_line' id='line_1_50' title="bbox 1901 1909 3481 1984; baseline 0.004 -22"><span class='ocrx_word' id='word_1_341' title='bbox 1901 1910 2194 1979; x_wconf 73' lang='grc' dir='ltr'>Στέφανος,</span> <span class='ocrx_word' id='word_1_342' title='bbox 2229 1913 2257 1964; x_wconf 92' lang='lat'><strong>6</strong></span> <span class='ocrx_word' id='word_1_343' title='bbox 2292 1910 2389 1979; x_wconf 79' lang='grc' dir='ltr'>τοῦ</span> <span class='ocrx_word' id='word_1_344' title='bbox 2431 1909 2703 1982; x_wconf 79' lang='grc' dir='ltr'>προτέρου</span> <span class='ocrx_word' id='word_1_345' title='bbox 2736 1912 3054 1984; x_wconf 78' lang='grc' dir='ltr'><strong>ἐφάμιλλος,</strong></span> <span class='ocrx_word' id='word_1_346' title='bbox 3088 1912 3164 1977; x_wconf 82' lang='grc' dir='ltr'>ὡς</span> <span class='ocrx_word' id='word_1_347' title='bbox 3193 1916 3258 1968; x_wconf 82' lang='grc' dir='ltr'>ὲκ</span> <span class='ocrx_word' id='word_1_348' title='bbox 3288 1916 3481 1982; x_wconf 80' lang='grc' dir='ltr'><strong>δεξιῶν</strong></span> 
     </span>
    </p>
   </div>
   <div class='ocr_carea' id='block_1_51' title="bbox 1902 1998 3482 2075">
    <p class='ocr_par' dir='ltr' id='par_1_51' title="bbox 1902 1998 3482 2075">
     <span class='ocr_line' id='line_1_51' title="bbox 1902 1998 3482 2075; baseline 0.001 -22"><span class='ocrx_word' id='word_1_349' title='bbox 1902 1999 2067 2053; x_wconf 83' lang='grc' dir='ltr'>αὑτοῦ</span> <span class='ocrx_word' id='word_1_350' title='bbox 2085 1999 2172 2052; x_wconf 83' lang='grc' dir='ltr'><strong>ἀεὶ</strong></span> <span class='ocrx_word' id='word_1_351' title='bbox 2199 1998 2291 2052; x_wconf 79' lang='grc' dir='ltr'>τὸν</span> <span class='ocrx_word' id='word_1_352' title='bbox 2311 1998 2445 2052; x_wconf 79' lang='grc' dir='ltr'>Θεὸν</span> <span class='ocrx_word' id='word_1_353' title='bbox 2475 1998 2880 2071; x_wconf 84' lang='grc' dir='ltr'>προορώμενος,</span> <span class='ocrx_word' id='word_1_354' title='bbox 2905 2000 3000 2053; x_wconf 79' lang='grc' dir='ltr'>καὶ</span> <span class='ocrx_word' id='word_1_355' title='bbox 3022 2001 3097 2075; x_wconf 75' lang='grc' dir='ltr'>μὴ</span> <span class='ocrx_word' id='word_1_356' title='bbox 3117 2000 3482 2072; x_wconf 84' lang='grc' dir='ltr'>σαλευόμενος</span> 
     </span>
    </p>
   </div>
   <div class='ocr_carea' id='block_1_52' title="bbox 1903 2089 3481 2163">
    <p class='ocr_par' dir='ltr' id='par_1_52' title="bbox 1903 2089 3481 2163">
     <span class='ocr_line' id='line_1_52' title="bbox 1903 2089 3481 2163; baseline 0.003 -22"><span class='ocrx_word' id='word_1_357' title='bbox 1903 2091 1959 2142; x_wconf 86' lang='grc' dir='ltr'>ὲν</span> <span class='ocrx_word' id='word_1_358' title='bbox 1981 2089 2335 2161; x_wconf 81' lang='grc' dir='ltr'>οίᾳδηποτοῦν</span> <span class='ocrx_word' id='word_1_359' title='bbox 2368 2091 2620 2161; x_wconf 80' lang='grc' dir='ltr'>αίρετικῇ</span> <span class='ocrx_word' id='word_1_360' title='bbox 2652 2091 2897 2163; x_wconf 73' lang='grc' dir='ltr'>ὑπονοίᾳ,</span> <span class='ocrx_word' id='word_1_361' title='bbox 2921 2092 3062 2162; x_wconf 80' lang='grc' dir='ltr'>πρὸς</span> <span class='ocrx_word' id='word_1_362' title='bbox 3082 2093 3175 2145; x_wconf 86' lang='grc' dir='ltr'>τὸν</span> <span class='ocrx_word' id='word_1_363' title='bbox 3192 2091 3481 2163; x_wconf 82' lang='grc' dir='ltr'>πατρίκιον</span> 
     </span>
    </p>
   </div>
   <div class='ocr_carea' id='block_1_53' title="bbox 1902 2179 3482 2253">
    <p class='ocr_par' dir='ltr' id='par_1_53' title="bbox 1902 2179 3482 2253">
     <span class='ocr_line' id='line_1_53' title="bbox 1902 2179 3482 2253; baseline 0.001 -21"><span class='ocrx_word' id='word_1_364' title='bbox 1902 2179 2002 2251; x_wconf 75' lang='grc' dir='ltr'><strong>ἔφη</strong></span> <span class='ocrx_word' id='word_1_365' title='bbox 2028 2197 2044 2210; x_wconf 87' lang='grc'>·</span> <span class='ocrx_word' id='word_1_366' title='bbox 2083 2181 2816 2252; x_wconf 82' lang='grc' dir='ltr'>Πρόσσχεςκυριοπατρίκιος</span> <span class='ocrx_word' id='word_1_367' title='bbox 2836 2188 2867 2221; x_wconf 75' lang='grc' dir='ltr'><strong>ν</strong></span> <span class='ocrx_word' id='word_1_368' title='bbox 2898 2199 2912 2211; x_wconf 89' lang='lat'><strong>&#39;</strong></span> <span class='ocrx_word' id='word_1_369' title='bbox 2955 2182 3243 2252; x_wconf 80' lang='grc' dir='ltr'>αίρετικῆς</span> <span class='ocrx_word' id='word_1_370' title='bbox 3275 2183 3482 2253; x_wconf 79' lang='grc' dir='ltr'>ὑπολή-</span> 
     </span>
    </p>
   </div>
   <div class='ocr_carea' id='block_1_54' title="bbox 1899 2269 3478 2343">
    <p class='ocr_par' dir='ltr' id='par_1_54' title="bbox 1899 2269 3478 2343">
     <span class='ocr_line' id='line_1_54' title="bbox 1899 2269 3478 2343; baseline 0.003 -20"><span class='ocrx_word' id='word_1_371' title='bbox 1899 2270 2046 2339; x_wconf 81' lang='grc' dir='ltr'>ψεως</span> <span class='ocrx_word' id='word_1_372' title='bbox 2078 2271 2135 2325; x_wconf 81' lang='grc' dir='ltr'>ὲν</span> <span class='ocrx_word' id='word_1_373' title='bbox 2162 2269 2239 2341; x_wconf 82' lang='grc' dir='ltr'><strong>τῷ</strong></span> <span class='ocrx_word' id='word_1_374' title='bbox 2276 2272 2389 2341; x_wconf 84' lang='grc' dir='ltr'><strong>ὅρῳ</strong></span> <span class='ocrx_word' id='word_1_375' title='bbox 2422 2272 2528 2338; x_wconf 80' lang='grc' dir='ltr'>τῆς</span> <span class='ocrx_word' id='word_1_376' title='bbox 2563 2271 2992 2342; x_wconf 80' lang='grc' dir='ltr'>ψευδοσυλλόγου</span> <span class='ocrx_word' id='word_1_377' title='bbox 3026 2273 3229 2343; x_wconf 79' lang='grc' dir='ltr'>ταύτης</span> <span class='ocrx_word' id='word_1_378' title='bbox 3257 2274 3478 2329; x_wconf 79' lang='grc' dir='ltr'>συνόδου</span> 
     </span>
    </p>
   </div>
   <div class='ocr_carea' id='block_1_55' title="bbox 1903 2359 3482 2435">
    <p class='ocr_par' dir='ltr' id='par_1_55' title="bbox 1903 2359 3482 2435">
     <span class='ocr_line' id='line_1_55' title="bbox 1903 2359 3482 2435; baseline 0.001 -19"><span class='ocrx_word' id='word_1_379' title='bbox 1903 2359 2327 2432; x_wconf 78' lang='grc' dir='ltr'>προτεθειμένης</span> <span class='ocrx_word' id='word_1_380' title='bbox 2354 2402 2368 2426; x_wconf 94' lang='grc'><strong>,</strong></span> <span class='ocrx_word' id='word_1_381' title='bbox 2416 2361 2687 2431; x_wconf 79' lang='grc' dir='ltr'>Στέφανος</span> <span class='ocrx_word' id='word_1_382' title='bbox 2717 2360 2841 2416; x_wconf 82' lang='grc' dir='ltr'>οὔτε</span> <span class='ocrx_word' id='word_1_383' title='bbox 2876 2362 3175 2435; x_wconf 80' lang='grc' dir='ltr'><strong>ὑπογράφω</strong></span> <span class='ocrx_word' id='word_1_384' title='bbox 3197 2406 3211 2429; x_wconf 88' lang='grc'><strong>,</strong></span> <span class='ocrx_word' id='word_1_385' title='bbox 3243 2362 3366 2418; x_wconf 74' lang='grc' dir='ltr'>οὔτε</span> <span class='ocrx_word' id='word_1_386' title='bbox 3417 2365 3482 2418; x_wconf 81' lang='grc' dir='ltr'>τὸ</span> 
     </span>
    </p>
   </div>
   <div class='ocr_carea' id='block_1_56' title="bbox 1903 2453 3485 2528">
    <p class='ocr_par' dir='ltr' id='par_1_56' title="bbox 1903 2453 3485 2528">
     <span class='ocr_line' id='line_1_56' title="bbox 1903 2453 3485 2528; baseline 0.003 -23"><span class='ocrx_word' id='word_1_387' title='bbox 1903 2454 2100 2521; x_wconf 80' lang='grc' dir='ltr'>πικρὸν</span> <span class='ocrx_word' id='word_1_388' title='bbox 2146 2453 2320 2522; x_wconf 81' lang='grc' dir='ltr'>γλυκὺ</span> <span class='ocrx_word' id='word_1_389' title='bbox 2366 2454 2661 2508; x_wconf 74' lang='grc' dir='ltr'>ἀποκαλῶο</span> <span class='ocrx_word' id='word_1_390' title='bbox 2696 2454 2785 2508; x_wconf 81' lang='grc' dir='ltr'>ἵνα</span> <span class='ocrx_word' id='word_1_391' title='bbox 2839 2454 2916 2525; x_wconf 80' lang='grc' dir='ltr'>μὴ</span> <span class='ocrx_word' id='word_1_392' title='bbox 2944 2455 3007 2508; x_wconf 80' lang='grc' dir='ltr'><strong>τὺ</strong></span> <span class='ocrx_word' id='word_1_393' title='bbox 3048 2456 3143 2509; x_wconf 80' lang='grc' dir='ltr'><strong>τοῦ</strong></span> <span class='ocrx_word' id='word_1_394' title='bbox 3191 2458 3485 2528; x_wconf 64' lang='grc' dir='ltr'>προφήτου</span> 
     </span>
    </p>
   </div>
   <div class='ocr_carea' id='block_1_57' title="bbox 1901 2543 3481 2627">
    <p class='ocr_par' dir='ltr' id='par_1_57' title="bbox 1901 2543 3481 2627">
     <span class='ocr_line' id='line_1_57' title="bbox 1901 2543 3481 2627; baseline 0.001 -29"><span class='ocrx_word' id='word_1_395' title='bbox 1901 2546 2043 2598; x_wconf 64' lang='grc' dir='ltr'>οὐαὶλ</span> <span class='ocrx_word' id='word_1_396' title='bbox 2062 2545 2457 2612; x_wconf 79' lang='grc' dir='ltr'>ἐπισπάσωμαι</span> <span class='ocrx_word' id='word_1_397' title='bbox 2481 2559 2496 2574; x_wconf 87' lang='grc'><strong>·</strong></span> <span class='ocrx_word' id='word_1_398' title='bbox 2544 2544 2682 2614; x_wconf 80' lang='grc' dir='ltr'>πρὸς</span> <span class='ocrx_word' id='word_1_399' title='bbox 2712 2543 2770 2596; x_wconf 81' lang='grc' dir='ltr'>δὲ</span> <span class='ocrx_word' id='word_1_400' title='bbox 2800 2545 2893 2597; x_wconf 77' lang='grc' dir='ltr'>καὶ</span> <span class='ocrx_word' id='word_1_401' title='bbox 2922 2545 3020 2627; x_wconf 68' lang='grc' dir='ltr'>τῂν</span> <span class='ocrx_word' id='word_1_402' title='bbox 3070 2545 3180 2599; x_wconf 86' lang='grc' dir='ltr'><strong>τῶν</strong></span> <span class='ocrx_word' id='word_1_403' title='bbox 3212 2546 3374 2617; x_wconf 86' lang='grc' dir='ltr'>ἱερῶν</span> <span class='ocrx_word' id='word_1_404' title='bbox 3399 2548 3481 2599; x_wconf 82' lang='grc' dir='ltr'>εί-</span> 
     </span>
    </p>
   </div>
   <div class='ocr_carea' id='block_1_58' title="bbox 1903 2635 3468 2708">
    <p class='ocr_par' dir='ltr' id='par_1_58' title="bbox 1903 2635 3468 2708">
     <span class='ocr_line' id='line_1_58' title="bbox 1903 2635 3468 2708; baseline 0 -17"><span class='ocrx_word' id='word_1_405' title='bbox 1903 2637 2076 2691; x_wconf 83' lang='grc' dir='ltr'>κόνων</span> <span class='ocrx_word' id='word_1_406' title='bbox 2108 2635 2502 2707; x_wconf 84' lang='grc' dir='ltr'>προσκύνησιν,</span> <span class='ocrx_word' id='word_1_407' title='bbox 2542 2636 2785 2707; x_wconf 83' lang='grc' dir='ltr'><strong>εὐχερῶς</strong></span> <span class='ocrx_word' id='word_1_408' title='bbox 2837 2636 3019 2707; x_wconf 82' lang='grc' dir='ltr'>μέλλω</span> <span class='ocrx_word' id='word_1_409' title='bbox 3075 2638 3468 2708; x_wconf 82' lang='grc' dir='ltr'>ἀποθνήσκειν,</span> 
     </span>
    </p>
   </div>
   <div class='ocr_carea' id='block_1_59' title="bbox 1907 2726 3470 2798">
    <p class='ocr_par' dir='ltr' id='par_1_59' title="bbox 1907 2726 3470 2798">
     <span class='ocr_line' id='line_1_59' title="bbox 1907 2726 3470 2798; baseline 0.001 -18"><span class='ocrx_word' id='word_1_410' title='bbox 1907 2728 2109 2798; x_wconf 74' lang='grc' dir='ltr'>μηδένα</span> <span class='ocrx_word' id='word_1_411' title='bbox 2163 2727 2320 2795; x_wconf 75' lang='grc' dir='ltr'>λόγον</span> <span class='ocrx_word' id='word_1_412' title='bbox 2372 2726 2700 2797; x_wconf 86' lang='grc' dir='ltr'>ποιούμενος</span> <span class='ocrx_word' id='word_1_413' title='bbox 2735 2727 2831 2780; x_wconf 81' lang='grc' dir='ltr'><strong>τοῦ</strong></span> <span class='ocrx_word' id='word_1_414' title='bbox 2869 2727 3075 2791; x_wconf 86' lang='grc' dir='ltr'>ταύτας</span> <span class='ocrx_word' id='word_1_415' title='bbox 3125 2729 3470 2783; x_wconf 74' lang='grc' dir='ltr'>ἀπωθεῖσθαι</span> 
     </span>
    </p>
   </div>
   <div class='ocr_carea' id='block_1_60' title="bbox 1903 2818 3480 2890">
    <p class='ocr_par' dir='ltr' id='par_1_60' title="bbox 1903 2818 3480 2890">
     <span class='ocr_line' id='line_1_60' title="bbox 1903 2818 3480 2890; baseline 0.001 -19"><span class='ocrx_word' id='word_1_416' title='bbox 1903 2818 2209 2889; x_wconf 81' lang='grc' dir='ltr'>τολμῶντος</span> <span class='ocrx_word' id='word_1_417' title='bbox 2280 2819 2632 2890; x_wconf 75' lang='grc' dir='ltr'>αἱρεσιάρχου</span> <span class='ocrx_word' id='word_1_418' title='bbox 2706 2818 2993 2889; x_wconf 81' lang='grc' dir='ltr'>βασιλέως.</span> <span class='ocrx_word' id='word_1_419' title='bbox 3064 2820 3174 2871; x_wconf 75' lang='grc' dir='ltr'><strong>Καὶ</strong></span> <span class='ocrx_word' id='word_1_420' title='bbox 3230 2821 3327 2890; x_wconf 78' lang='grc' dir='ltr'>τὴν</span> <span class='ocrx_word' id='word_1_421' title='bbox 3373 2838 3480 2873; x_wconf 74' lang='grc' dir='ltr'>πα-</span> 
     </span>
    </p>
   </div>
   <div class='ocr_carea' id='block_1_61' title="bbox 1904 2909 3479 2984">
    <p class='ocr_par' dir='ltr' id='par_1_61' title="bbox 1904 2909 3479 2984">
     <span class='ocr_line' id='line_1_61' title="bbox 1904 2909 3479 2984; baseline 0.002 -23"><span class='ocrx_word' id='word_1_422' title='bbox 1904 2909 2131 2980; x_wconf 79' lang='grc' dir='ltr'>λαιστὴν</span> <span class='ocrx_word' id='word_1_423' title='bbox 2180 2910 2557 2973; x_wconf 83' lang='grc' dir='ltr'>ύπολακκίσας</span> <span class='ocrx_word' id='word_1_424' title='bbox 2603 2914 2669 2982; x_wconf 80' lang='grc' dir='ltr'>τῇ</span> <span class='ocrx_word' id='word_1_425' title='bbox 2733 2909 2844 2963; x_wconf 82' lang='grc' dir='ltr'><strong>τῶν</strong></span> <span class='ocrx_word' id='word_1_426' title='bbox 2889 2909 3170 2962; x_wconf 79' lang='grc' dir='ltr'>δακτύλων</span> <span class='ocrx_word' id='word_1_427' title='bbox 3225 2911 3479 2984; x_wconf 77' lang='grc' dir='ltr'>ὀρδιναίᾳ</span> 
     </span>
    </p>
   </div>
   <div class='ocr_carea' id='block_1_62' title="bbox 229 2999 1800 3082">
    <p class='ocr_par' dir='ltr' id='par_1_62' title="bbox 229 3000 1800 3070">
     <span class='ocr_line' id='line_1_62' title="bbox 229 3000 1800 3070; baseline -0.001 -17"><span class='ocrx_word' id='word_1_428' title='bbox 229 3001 520 3066; x_wconf 76' lang='lat' dir='ltr'><strong>peccatoris</strong></span> <span class='ocrx_word' id='word_1_429' title='bbox 571 3016 675 3054; x_wconf 81' lang='lat' dir='ltr'><strong>non</strong></span> <span class='ocrx_word' id='word_1_430' title='bbox 725 3001 1013 3070; x_wconf 66' lang='lat' dir='ltr'><strong>inpinguet</strong></span> <span class='ocrx_word' id='word_1_431' title='bbox 1065 3009 1221 3069; x_wconf 81' lang='lat' dir='ltr'><strong>caput</strong></span> <span class='ocrx_word' id='word_1_432' title='bbox 1269 3008 1439 3052; x_wconf 81' lang='lat' dir='ltr'><strong>meum</strong></span> <span class='ocrx_word' id='word_1_433' title='bbox 1481 3000 1557 3062; x_wconf 83' lang='lat'><strong>“’,</strong></span> <span class='ocrx_word' id='word_1_434' title='bbox 1604 3015 1703 3053; x_wconf 91' lang='lat' dir='ltr'><strong>nec</strong></span> <span class='ocrx_word' id='word_1_435' title='bbox 1735 3014 1800 3054; x_wconf 77' lang='lat' dir='ltr'><strong>ex</strong></span> 
     </span>
    </p>
   </div>
   <div class='ocr_carea' id='block_1_63' title="bbox 1903 2999 3475 3082">
    <p class='ocr_par' dir='ltr' id='par_1_63' title="bbox 1907 2999 3475 3071">
     <span class='ocr_line' id='line_1_63' title="bbox 1907 2999 3475 3071; baseline 0.001 -19"><span class='ocrx_word' id='word_1_436' title='bbox 1907 3001 2182 3071; x_wconf 81' lang='grc' dir='ltr'>συμπήξει</span> <span class='ocrx_word' id='word_1_437' title='bbox 2216 2999 2389 3063; x_wconf 74' lang='grc' dir='ltr'>οὓτως</span> <span class='ocrx_word' id='word_1_438' title='bbox 2417 3002 2712 3066; x_wconf 78' lang='grc' dir='ltr'>ἐδείκνυεν,</span> <span class='ocrx_word' id='word_1_439' title='bbox 2770 3001 2979 3069; x_wconf 75' lang='grc' dir='ltr'>λέγων’</span> <span class='ocrx_word' id='word_1_440' title='bbox 3035 3002 3099 3054; x_wconf 87' lang='grc' dir='ltr'><strong>Εἰ</strong></span> <span class='ocrx_word' id='word_1_441' title='bbox 3126 3002 3381 3054; x_wconf 82' lang='grc' dir='ltr'>τοσοῦτον</span> <span class='ocrx_word' id='word_1_442' title='bbox 3412 3003 3475 3054; x_wconf 68' lang='grc' dir='ltr'>τὸ</span> 
     </span>
    </p>
   </div>
   <div class='ocr_carea' id='block_1_64' title="bbox 231 3088 1801 3161">
    <p class='ocr_par' dir='ltr' id='par_1_64' title="bbox 231 3088 1801 3161">
     <span class='ocr_line' id='line_1_64' title="bbox 231 3088 1801 3161; baseline 0 -18"><span class='ocrx_word' id='word_1_443' title='bbox 231 3093 366 3144; x_wconf 80' lang='lat' dir='ltr'><strong>cibis</strong></span> <span class='ocrx_word' id='word_1_444' title='bbox 399 3091 639 3145; x_wconf 61' lang='lat' dir='ltr'><strong>haeretici</strong></span> <span class='ocrx_word' id='word_1_445' title='bbox 671 3091 948 3145; x_wconf 88' lang='lat' dir='ltr'><strong>duleeseat</strong></span> <span class='ocrx_word' id='word_1_446' title='bbox 992 3097 1180 3161; x_wconf 90' lang='lat' dir='ltr'><strong>guttur</strong></span> <span class='ocrx_word' id='word_1_447' title='bbox 1245 3104 1445 3144; x_wconf 92' lang='lat' dir='ltr'><strong>meum.</strong></span> <span class='ocrx_word' id='word_1_448' title='bbox 1483 3088 1580 3144; x_wconf 81' lang='lat' dir='ltr'><strong>llis</strong></span> <span class='ocrx_word' id='word_1_449' title='bbox 1643 3089 1801 3143; x_wconf 80' lang='lat' dir='ltr'><strong>audi-</strong></span> 
     </span>
    </p>
   </div>
   <div class='ocr_carea' id='block_1_65' title="bbox 233 3177 1801 3248">
    <p class='ocr_par' dir='ltr' id='par_1_65' title="bbox 233 3177 1801 3248">
     <span class='ocr_line' id='line_1_65' title="bbox 233 3177 1801 3248; baseline -0.001 -17"><span class='ocrx_word' id='word_1_450' title='bbox 233 3181 321 3244; x_wconf 86' lang='lat' dir='ltr'><strong>tis,</strong></span> <span class='ocrx_word' id='word_1_451' title='bbox 383 3177 671 3248; x_wconf 60' lang='lat' dir='ltr'><strong>prwfectus</strong></span> <span class='ocrx_word' id='word_1_452' title='bbox 712 3179 763 3231; x_wconf 88' lang='lat' dir='ltr'><strong>in</strong></span> <span class='ocrx_word' id='word_1_453' title='bbox 812 3178 1078 3248; x_wconf 90' lang='lat' dir='ltr'><strong>palatium</strong></span> <span class='ocrx_word' id='word_1_454' title='bbox 1134 3177 1482 3247; x_wconf 87' lang='lat' dir='ltr'><strong>imperatoris</strong></span> <span class='ocrx_word' id='word_1_455' title='bbox 1552 3178 1801 3241; x_wconf 89' lang='lat' dir='ltr'><strong>revertit,</strong></span> 
     </span>
    </p>
   </div>
   <div class='ocr_carea' id='block_1_66' title="bbox 230 3267 1799 3341">
    <p class='ocr_par' dir='ltr' id='par_1_66' title="bbox 230 3267 1799 3341">
     <span class='ocr_line' id='line_1_66' title="bbox 230 3267 1799 3341; baseline -0.001 -17"><span class='ocrx_word' id='word_1_456' title='bbox 230 3273 407 3341; x_wconf 84' lang='lat' dir='ltr'><strong>eique,</strong></span> <span class='ocrx_word' id='word_1_457' title='bbox 448 3286 476 3323; x_wconf 89' lang='lat' dir='ltr'><strong>a</strong></span> <span class='ocrx_word' id='word_1_458' title='bbox 507 3285 613 3340; x_wconf 83' lang='lat' dir='ltr'><strong>quo</strong></span> <span class='ocrx_word' id='word_1_459' title='bbox 642 3271 842 3324; x_wconf 87' lang='lat' dir='ltr'><strong>missus</strong></span> <span class='ocrx_word' id='word_1_460' title='bbox 882 3268 1085 3334; x_wconf 79' lang='lat' dir='ltr'><strong>fuerat,</strong></span> <span class='ocrx_word' id='word_1_461' title='bbox 1117 3270 1300 3324; x_wconf 87' lang='lat' dir='ltr'><strong>omnia</strong></span> <span class='ocrx_word' id='word_1_462' title='bbox 1329 3267 1615 3322; x_wconf 76' lang='lat' dir='ltr'><strong>manifesta</strong></span> <span class='ocrx_word' id='word_1_463' title='bbox 1653 3267 1799 3322; x_wconf 80' lang='lat' dir='ltr'><strong>fecit.</strong></span> 
     </span>
    </p>
   </div>
   <div class='ocr_carea' id='block_1_67' title="bbox 232 3359 1805 3431">
    <p class='ocr_par' dir='ltr' id='par_1_67' title="bbox 232 3359 1805 3431">
     <span class='ocr_line' id='line_1_67' title="bbox 232 3359 1805 3431; baseline -0.001 -16"><span class='ocrx_word' id='word_1_464' title='bbox 232 3360 367 3416; x_wconf 83' lang='lat' dir='ltr'><strong>Tum</strong></span> <span class='ocrx_word' id='word_1_465' title='bbox 421 3362 511 3416; x_wconf 90' lang='lat' dir='ltr'><strong>ille</strong></span> <span class='ocrx_word' id='word_1_466' title='bbox 546 3363 626 3416; x_wconf 87' lang='lat' dir='ltr'><strong>ira</strong></span> <span class='ocrx_word' id='word_1_467' title='bbox 661 3374 889 3431; x_wconf 87' lang='lat' dir='ltr'><strong>repente</strong></span> <span class='ocrx_word' id='word_1_468' title='bbox 940 3361 1186 3430; x_wconf 79' lang='lat' dir='ltr'><strong>rugiens,</strong></span> <span class='ocrx_word' id='word_1_469' title='bbox 1231 3371 1482 3429; x_wconf 80' lang='lat' dir='ltr'><strong>tanquam</strong></span> <span class='ocrx_word' id='word_1_470' title='bbox 1531 3359 1650 3425; x_wconf 89' lang='lat' dir='ltr'><strong>leo,</strong></span> <span class='ocrx_word' id='word_1_471' title='bbox 1691 3360 1805 3414; x_wconf 79' lang='lat' dir='ltr'><strong>ela-</strong></span> 
     </span>
    </p>
   </div>
   <div class='ocr_carea' id='block_1_68' title="bbox 231 3454 1800 3517">
    <p class='ocr_par' dir='ltr' id='par_1_68' title="bbox 231 3454 1800 3517">
     <span class='ocr_line' id='line_1_68' title="bbox 231 3454 1800 3517; baseline -0.001 -7"><span class='ocrx_word' id='word_1_472' title='bbox 231 3471 382 3510; x_wconf 86' lang='lat' dir='ltr'><strong>more</strong></span> <span class='ocrx_word' id='word_1_473' title='bbox 413 3469 519 3509; x_wconf 90' lang='lat' dir='ltr'><strong>non</strong></span> <span class='ocrx_word' id='word_1_474' title='bbox 554 3454 809 3508; x_wconf 81' lang='lat' dir='ltr'><strong>mediocri</strong></span> <span class='ocrx_word' id='word_1_475' title='bbox 839 3469 904 3509; x_wconf 81' lang='lat' dir='ltr'><strong>ex</strong></span> <span class='ocrx_word' id='word_1_476' title='bbox 938 3454 1194 3508; x_wconf 88' lang='lat' dir='ltr'><strong>iracunda</strong></span> <span class='ocrx_word' id='word_1_477' title='bbox 1233 3455 1413 3508; x_wconf 83' lang='lat' dir='ltr'><strong>anitua</strong></span> <span class='ocrx_word' id='word_1_478' title='bbox 1460 3454 1630 3517; x_wconf 91' lang='lat' dir='ltr'><strong>edito,</strong></span> <span class='ocrx_word' id='word_1_479' title='bbox 1682 3455 1800 3508; x_wconf 89' lang='lat' dir='ltr'><strong>sine</strong></span> 
     </span>
    </p>
   </div>
   <div class='ocr_carea' id='block_1_69' title="bbox 232 3544 1800 3615">
    <p class='ocr_par' dir='ltr' id='par_1_69' title="bbox 232 3544 1800 3615">
     <span class='ocr_line' id='line_1_69' title="bbox 232 3544 1800 3615; baseline 0.001 -16"><span class='ocrx_word' id='word_1_480' title='bbox 232 3561 379 3599; x_wconf 87' lang='lat' dir='ltr'><strong>mora</strong></span> <span class='ocrx_word' id='word_1_481' title='bbox 409 3545 810 3612; x_wconf 82' lang='lat' dir='ltr'><strong>archisatrapas</strong></span> <span class='ocrx_word' id='word_1_482' title='bbox 838 3544 1158 3615; x_wconf 86' lang='lat' dir='ltr'><strong>validosque</strong></span> <span class='ocrx_word' id='word_1_483' title='bbox 1191 3545 1391 3600; x_wconf 82' lang='lat' dir='ltr'><strong>milites</strong></span> <span class='ocrx_word' id='word_1_484' title='bbox 1411 3559 1534 3600; x_wconf 90' lang='lat' dir='ltr'><strong>cum</strong></span> <span class='ocrx_word' id='word_1_485' title='bbox 1566 3546 1800 3614; x_wconf 76' lang='lat' dir='ltr'><strong>patricio</strong></span> 
     </span>
    </p>
   </div>
   <div class='ocr_carea' id='block_1_70' title="bbox 228 3620 1799 3709">
    <p class='ocr_par' dir='ltr' id='par_1_70' title="bbox 228 3620 1799 3709">
     <span class='ocr_line' id='line_1_70' title="bbox 228 3620 1799 3709; baseline -0.004 -13"><span class='ocrx_word' id='word_1_486' title='bbox 228 3640 471 3704; x_wconf 87' lang='lat' dir='ltr'><strong>Callisto,</strong></span> <span class='ocrx_word' id='word_1_487' title='bbox 513 3655 674 3709; x_wconf 86' lang='lat' dir='ltr'><strong>quem</strong></span> <span class='ocrx_word' id='word_1_488' title='bbox 710 3640 859 3709; x_wconf 90' lang='lat' dir='ltr'><strong>prius</strong></span> <span class='ocrx_word' id='word_1_489' title='bbox 890 3641 1138 3704; x_wconf 87' lang='lat' dir='ltr'><strong>miserat,</strong></span> <span class='ocrx_word' id='word_1_490' title='bbox 1175 3650 1412 3695; x_wconf 88' lang='lat' dir='ltr'><strong>montem</strong></span> <span class='ocrx_word' id='word_1_491' title='bbox 1445 3640 1594 3694; x_wconf 88' lang='lat' dir='ltr'><strong>adire</strong></span> <span class='ocrx_word' id='word_1_492' title='bbox 1617 3620 1799 3707; x_wconf 83' lang='lat' dir='ltr'><strong>jussit,</strong></span> 
     </span>
    </p>
   </div>
   <div class='ocr_carea' id='block_1_71' title="bbox 229 3729 1800 3786">
    <p class='ocr_par' dir='ltr' id='par_1_71' title="bbox 229 3729 1800 3786">
     <span class='ocr_line' id='line_1_71' title="bbox 229 3729 1800 3786; baseline 0 -2"><span class='ocrx_word' id='word_1_493' title='bbox 229 3743 284 3785; x_wconf 89' lang='lat' dir='ltr'><strong>et</strong></span> <span class='ocrx_word' id='word_1_494' title='bbox 328 3741 578 3786; x_wconf 86' lang='lat' dir='ltr'><strong>sanctum</strong></span> <span class='ocrx_word' id='word_1_495' title='bbox 613 3746 642 3785; x_wconf 90' lang='lat' dir='ltr'><strong>e</strong></span> <span class='ocrx_word' id='word_1_496' title='bbox 668 3730 805 3784; x_wconf 87' lang='lat' dir='ltr'><strong>cella</strong></span> <span class='ocrx_word' id='word_1_497' title='bbox 840 3729 1101 3786; x_wconf 80' lang='lat' dir='ltr'><strong>ferociter</strong></span> <span class='ocrx_word' id='word_1_498' title='bbox 1151 3731 1422 3786; x_wconf 88' lang='lat' dir='ltr'><strong>sublatum</strong></span> <span class='ocrx_word' id='word_1_499' title='bbox 1469 3731 1525 3784; x_wconf 89' lang='lat' dir='ltr'><strong>in</strong></span> <span class='ocrx_word' id='word_1_500' title='bbox 1573 3730 1800 3784; x_wconf 74' lang='lat' dir='ltr'><strong>inferius</strong></span> 
     </span>
    </p>
   </div>
   <div class='ocr_carea' id='block_1_72' title="bbox 228 3821 1803 3891">
    <p class='ocr_par' dir='ltr' id='par_1_72' title="bbox 228 3821 1803 3891">
     <span class='ocr_line' id='line_1_72' title="bbox 228 3821 1803 3891; baseline -0.002 -13"><span class='ocrx_word' id='word_1_501' title='bbox 228 3823 627 3878; x_wconf 86' lang='lat' dir='ltr'><strong>monasterium</strong></span> <span class='ocrx_word' id='word_1_502' title='bbox 662 3822 959 3886; x_wconf 81' lang='lat' dir='ltr'><strong>custodire,</strong></span> <span class='ocrx_word' id='word_1_503' title='bbox 1009 3823 1185 3877; x_wconf 90' lang='lat' dir='ltr'><strong>donec</strong></span> <span class='ocrx_word' id='word_1_504' title='bbox 1234 3823 1349 3891; x_wconf 91' lang='lat' dir='ltr'><strong>ipse</strong></span> <span class='ocrx_word' id='word_1_505' title='bbox 1375 3822 1443 3876; x_wconf 90' lang='lat' dir='ltr'><strong>de</strong></span> <span class='ocrx_word' id='word_1_506' title='bbox 1470 3822 1561 3875; x_wconf 90' lang='lat' dir='ltr'><strong>illo</strong></span> <span class='ocrx_word' id='word_1_507' title='bbox 1601 3821 1803 3876; x_wconf 86' lang='lat' dir='ltr'><strong>delibe-</strong></span> 
     </span>
    </p>
   </div>
   <div class='ocr_carea' id='block_1_73' title="bbox 228 3910 1804 3985">
    <p class='ocr_par' dir='ltr' id='par_1_73' title="bbox 228 3910 1804 3985">
     <span class='ocr_line' id='line_1_73' title="bbox 228 3910 1804 3985; baseline -0.002 -18"><span class='ocrx_word' id='word_1_508' title='bbox 228 3915 452 3969; x_wconf 85' lang='lat' dir='ltr'><strong>raverit.</strong></span> <span class='ocrx_word' id='word_1_509' title='bbox 488 3914 678 3985; x_wconf 85' lang='lat' dir='ltr'><strong>Itaque</strong></span> <span class='ocrx_word' id='word_1_510' title='bbox 712 3910 789 3970; x_wconf 86' lang='lat' dir='ltr'><strong>illi</strong></span> <span class='ocrx_word' id='word_1_511' title='bbox 826 3915 892 3969; x_wconf 85' lang='lat' dir='ltr'><strong>ad</strong></span> <span class='ocrx_word' id='word_1_512' title='bbox 929 3923 1167 3968; x_wconf 90' lang='lat' dir='ltr'><strong>montem</strong></span> <span class='ocrx_word' id='word_1_513' title='bbox 1208 3912 1459 3983; x_wconf 78' lang='lat' dir='ltr'><strong>profecti,</strong></span> <span class='ocrx_word' id='word_1_514' title='bbox 1495 3912 1583 3966; x_wconf 88' lang='lat' dir='ltr'><strong>ubi</strong></span> <span class='ocrx_word' id='word_1_515' title='bbox 1620 3926 1804 3966; x_wconf 85' lang='lat' dir='ltr'><strong>mona-</strong></span> 
     </span>
    </p>
   </div>
   <div class='ocr_carea' id='block_1_74' title="bbox 228 4003 1799 4075">
    <p class='ocr_par' dir='ltr' id='par_1_74' title="bbox 228 4003 1799 4075">
     <span class='ocr_line' id='line_1_74' title="bbox 228 4003 1799 4075; baseline -0.002 -14"><span class='ocrx_word' id='word_1_516' title='bbox 228 4008 453 4061; x_wconf 86' lang='lat' dir='ltr'><strong>sterium</strong></span> <span class='ocrx_word' id='word_1_517' title='bbox 489 4008 739 4074; x_wconf 81' lang='lat' dir='ltr'><strong>attigere,</strong></span> <span class='ocrx_word' id='word_1_518' title='bbox 775 4006 1097 4061; x_wconf 87' lang='lat' dir='ltr'><strong>irruentium</strong></span> <span class='ocrx_word' id='word_1_519' title='bbox 1144 4003 1312 4075; x_wconf 57' lang='lat'><strong>5.59</strong></span> <span class='ocrx_word' id='word_1_520' title='bbox 1359 4004 1597 4059; x_wconf 82' lang='lat' dir='ltr'><strong>ferarum</strong></span> <span class='ocrx_word' id='word_1_521' title='bbox 1630 4018 1799 4069; x_wconf 74' lang='lat' dir='ltr'><strong>more,</strong></span> 
     </span>
    </p>
   </div>
   <div class='ocr_carea' id='block_1_75' title="bbox 228 4097 1802 4169">
    <p class='ocr_par' dir='ltr' id='par_1_75' title="bbox 228 4097 1802 4169">
     <span class='ocr_line' id='line_1_75' title="bbox 228 4097 1802 4169; baseline -0.002 -16"><span class='ocrx_word' id='word_1_522' title='bbox 228 4100 468 4155; x_wconf 71' lang='lat' dir='ltr'><strong>calcibus</strong></span> <span class='ocrx_word' id='word_1_523' title='bbox 502 4099 686 4154; x_wconf 89' lang='lat' dir='ltr'><strong>limina</strong></span> <span class='ocrx_word' id='word_1_524' title='bbox 724 4100 1037 4169; x_wconf 87' lang='lat' dir='ltr'><strong>pulsabant.</strong></span> <span class='ocrx_word' id='word_1_525' title='bbox 1090 4097 1286 4153; x_wconf 72' lang='lat' dir='ltr'><strong>Posma</strong></span> <span class='ocrx_word' id='word_1_526' title='bbox 1316 4098 1368 4151; x_wconf 91' lang='lat' dir='ltr'><strong>in</strong></span> <span class='ocrx_word' id='word_1_527' title='bbox 1405 4106 1647 4151; x_wconf 87' lang='lat' dir='ltr'><strong>sanctam</strong></span> <span class='ocrx_word' id='word_1_528' title='bbox 1678 4110 1802 4166; x_wconf 83' lang='lat' dir='ltr'><strong>spe-</strong></span> 
     </span>
    </p>
   </div>
   <div class='ocr_carea' id='block_1_76' title="bbox 230 4183 1797 4257">
    <p class='ocr_par' dir='ltr' id='par_1_76' title="bbox 230 4183 1797 4257">
     <span class='ocr_line' id='line_1_76' title="bbox 230 4183 1797 4257; baseline -0.003 -15"><span class='ocrx_word' id='word_1_529' title='bbox 230 4190 446 4243; x_wconf 86' lang='lat' dir='ltr'><strong>luncam</strong></span> <span class='ocrx_word' id='word_1_530' title='bbox 516 4188 850 4245; x_wconf 89' lang='lat' dir='ltr'><strong>trueulcnter</strong></span> <span class='ocrx_word' id='word_1_531' title='bbox 912 4187 1179 4257; x_wconf 89' lang='lat' dir='ltr'><strong>ingressi,</strong></span> <span class='ocrx_word' id='word_1_532' title='bbox 1238 4197 1485 4240; x_wconf 87' lang='lat' dir='ltr'><strong>sanetum</strong></span> <span class='ocrx_word' id='word_1_533' title='bbox 1535 4183 1797 4250; x_wconf 79' lang='lat' dir='ltr'><strong>eﬂerunt,</strong></span> 
     </span>
    </p>
   </div>
   <div class='ocr_carea' id='block_1_77' title="bbox 227 4273 1800 4348">
    <p class='ocr_par' dir='ltr' id='par_1_77' title="bbox 227 4273 1800 4348">
     <span class='ocr_line' id='line_1_77' title="bbox 227 4273 1800 4348; baseline -0.002 -16"><span class='ocrx_word' id='word_1_534' title='bbox 227 4294 462 4347; x_wconf 87' lang='lat' dir='ltr'><strong>eumque</strong></span> <span class='ocrx_word' id='word_1_535' title='bbox 515 4279 674 4348; x_wconf 86' lang='lat' dir='ltr'><strong>quasi</strong></span> <span class='ocrx_word' id='word_1_536' title='bbox 719 4292 786 4333; x_wconf 79' lang='lat' dir='ltr'><strong>ex</strong></span> <span class='ocrx_word' id='word_1_537' title='bbox 833 4277 1071 4331; x_wconf 82' lang='lat' dir='ltr'><strong>thalamo</strong></span> <span class='ocrx_word' id='word_1_538' title='bbox 1132 4276 1314 4344; x_wconf 87' lang='lat' dir='ltr'><strong>aliquo</strong></span> <span class='ocrx_word' id='word_1_539' title='bbox 1371 4273 1599 4343; x_wconf 87' lang='lat' dir='ltr'><strong>spiritali</strong></span> <span class='ocrx_word' id='word_1_540' title='bbox 1654 4274 1800 4329; x_wconf 81' lang='lat' dir='ltr'><strong>foras</strong></span> 
     </span>
    </p>
   </div>
   <div class='ocr_carea' id='block_1_78' title="bbox 1904 3086 3477 3162">
    <p class='ocr_par' dir='ltr' id='par_1_78' title="bbox 1904 3086 3477 3162">
     <span class='ocr_line' id='line_1_78' title="bbox 1904 3086 3477 3162; baseline 0 -17"><span class='ocrx_word' id='word_1_541' title='bbox 1904 3094 2032 3162; x_wconf 75' lang='grc' dir='ltr'>περὶ</span> <span class='ocrx_word' id='word_1_542' title='bbox 2071 3092 2169 3161; x_wconf 77' lang='grc' dir='ltr'><strong>ἐμὲ</strong></span> <span class='ocrx_word' id='word_1_543' title='bbox 2220 3090 2450 3157; x_wconf 79' lang='grc' dir='ltr'>ζωτικὸν</span> <span class='ocrx_word' id='word_1_544' title='bbox 2500 3086 2676 3161; x_wconf 79' lang='grc' dir='ltr'>αἴμα’</span> <span class='ocrx_word' id='word_1_545' title='bbox 2711 3091 3001 3162; x_wconf 83' lang='grc' dir='ltr'>ὲκχυθήτω</span> <span class='ocrx_word' id='word_1_546' title='bbox 3060 3093 3200 3161; x_wconf 77' lang='grc' dir='ltr'>ὑπὲρ</span> <span class='ocrx_word' id='word_1_547' title='bbox 3234 3092 3334 3162; x_wconf 84' lang='grc' dir='ltr'>τῆς</span> <span class='ocrx_word' id='word_1_548' title='bbox 3381 3093 3477 3145; x_wconf 74' lang='grc' dir='ltr'>τοῦ</span> 
     </span>
    </p>
   </div>
   <div class='ocr_carea' id='block_1_79' title="bbox 1904 3181 3483 3253">
    <p class='ocr_par' dir='ltr' id='par_1_79' title="bbox 1904 3181 3483 3253">
     <span class='ocr_line' id='line_1_79' title="bbox 1904 3181 3483 3253; baseline -0.001 -17"><span class='ocrx_word' id='word_1_549' title='bbox 1904 3184 2139 3253; x_wconf 79' lang='grc' dir='ltr'>Χριστοῦ</span> <span class='ocrx_word' id='word_1_550' title='bbox 2174 3184 2401 3244; x_wconf 75' lang='grc' dir='ltr'><strong>εἰκόνος.</strong></span> <span class='ocrx_word' id='word_1_551' title='bbox 2442 3181 2524 3234; x_wconf 81' lang='grc' dir='ltr'>Τὰ</span> <span class='ocrx_word' id='word_1_552' title='bbox 2547 3182 2604 3234; x_wconf 80' lang='grc' dir='ltr'>δὲ</span> <span class='ocrx_word' id='word_1_553' title='bbox 2633 3183 2763 3251; x_wconf 78' lang='grc' dir='ltr'>παρ’</span> <span class='ocrx_word' id='word_1_554' title='bbox 2790 3182 2956 3234; x_wconf 83' lang='grc' dir='ltr'>αὐτοῦ</span> <span class='ocrx_word' id='word_1_555' title='bbox 2986 3183 3305 3252; x_wconf 76' lang='grc' dir='ltr'>πεμφθέντα</span> <span class='ocrx_word' id='word_1_556' title='bbox 3337 3182 3483 3253; x_wconf 80' lang='grc' dir='ltr'>βρῶ-</span> 
     </span>
    </p>
   </div>
   <div class='ocr_carea' id='block_1_80' title="bbox 1907 3272 3475 3344">
    <p class='ocr_par' dir='ltr' id='par_1_80' title="bbox 1907 3272 3475 3344">
     <span class='ocr_line' id='line_1_80' title="bbox 1907 3272 3475 3344; baseline 0.002 -19"><span class='ocrx_word' id='word_1_557' title='bbox 1907 3290 2051 3343; x_wconf 78' lang='grc' dir='ltr'>ματα</span> <span class='ocrx_word' id='word_1_558' title='bbox 2080 3273 2410 3343; x_wconf 76' lang='grc' dir='ltr'>ἀπόστρεφε.</span> <span class='ocrx_word' id='word_1_559' title='bbox 2448 3274 2696 3327; x_wconf 75' lang='grc' dir='ltr'>Ἐλαιον</span> <span class='ocrx_word' id='word_1_560' title='bbox 2735 3272 2844 3344; x_wconf 88' lang='grc' dir='ltr'>γὰρ</span> <span class='ocrx_word' id='word_1_561' title='bbox 2872 3273 3223 3342; x_wconf 67' lang='grc' dir='ltr'>ἁμαρτωλοῦ</span> <span class='ocrx_word' id='word_1_562' title='bbox 3258 3273 3344 3342; x_wconf 79' lang='grc' dir='ltr'>μὴ</span> <span class='ocrx_word' id='word_1_563' title='bbox 3386 3277 3475 3328; x_wconf 74' lang='grc' dir='ltr'>λι-</span> 
     </span>
    </p>
   </div>
   <div class='ocr_carea' id='block_1_81' title="bbox 1904 3354 3475 3436">
    <p class='ocr_par' dir='ltr' id='par_1_81' title="bbox 1904 3354 3475 3436">
     <span class='ocr_line' id='line_1_81' title="bbox 1904 3354 3475 3436; baseline 0.001 -19"><span class='ocrx_word' id='word_1_564' title='bbox 1904 3363 2144 3418; x_wconf 77' lang='grc' dir='ltr'>πανάτω</span> <span class='ocrx_word' id='word_1_565' title='bbox 2174 3354 2288 3432; x_wconf 63' lang='grc' dir='ltr'><strong>τὴν</strong></span> <span class='ocrx_word' id='word_1_566' title='bbox 2327 3363 2607 3433; x_wconf 74' lang='grc' dir='ltr'>κεφαλήν</span> <span class='ocrx_word' id='word_1_567' title='bbox 2637 3381 2757 3431; x_wconf 88' lang='grc' dir='ltr'><strong>μου</strong></span> <span class='ocrx_word' id='word_1_568' title='bbox 2777 3405 2792 3429; x_wconf 90' lang='grc'><strong>,</strong></span> <span class='ocrx_word' id='word_1_569' title='bbox 2827 3368 2920 3417; x_wconf 76' lang='grc' dir='ltr'>καὶ</span> <span class='ocrx_word' id='word_1_570' title='bbox 2955 3367 3019 3418; x_wconf 82' lang='grc' dir='ltr'>ἐκ</span> <span class='ocrx_word' id='word_1_571' title='bbox 3051 3365 3357 3436; x_wconf 80' lang='grc' dir='ltr'>βρωμάτων</span> <span class='ocrx_word' id='word_1_572' title='bbox 3387 3369 3475 3419; x_wconf 79' lang='grc' dir='ltr'><strong>αἰ-</strong></span> 
     </span>
    </p>
   </div>
   <div class='ocr_carea' id='block_1_82' title="bbox 1906 3444 3479 3527">
    <p class='ocr_par' dir='ltr' id='par_1_82' title="bbox 1906 3444 3479 3527">
     <span class='ocr_line' id='line_1_82' title="bbox 1906 3444 3479 3527; baseline 0.003 -21"><span class='ocrx_word' id='word_1_573' title='bbox 1906 3453 2123 3523; x_wconf 78' lang='grc' dir='ltr'>ρετικοῦ</span> <span class='ocrx_word' id='word_1_574' title='bbox 2183 3454 2256 3525; x_wconf 77' lang='grc' dir='ltr'>μὴ</span> <span class='ocrx_word' id='word_1_575' title='bbox 2310 3454 2672 3525; x_wconf 84' lang='grc' dir='ltr'>γλυκανθήτω</span> <span class='ocrx_word' id='word_1_576' title='bbox 2740 3456 2770 3507; x_wconf 89' lang='lat'><strong>6</strong></span> <span class='ocrx_word' id='word_1_577' title='bbox 2835 3444 3053 3527; x_wconf 60' lang='grc' dir='ltr'>φάρυγξ</span> <span class='ocrx_word' id='word_1_578' title='bbox 3116 3474 3239 3527; x_wconf 85' lang='grc' dir='ltr'>μου.</span> <span class='ocrx_word' id='word_1_579' title='bbox 3292 3456 3479 3511; x_wconf 81' lang='grc' dir='ltr'>Ταῦτα</span> 
     </span>
    </p>
   </div>
   <div class='ocr_carea' id='block_1_83' title="bbox 1903 3542 3475 3617">
    <p class='ocr_par' dir='ltr' id='par_1_83' title="bbox 1903 3542 3475 3617">
     <span class='ocr_line' id='line_1_83' title="bbox 1903 3542 3475 3617; baseline 0.001 -20"><span class='ocrx_word' id='word_1_580' title='bbox 1903 3542 2144 3607; x_wconf 79' lang='grc' dir='ltr'>ἀκούσας</span> <span class='ocrx_word' id='word_1_581' title='bbox 2172 3546 2199 3596; x_wconf 90' lang='lat'><strong>6</strong></span> <span class='ocrx_word' id='word_1_582' title='bbox 2235 3544 2419 3615; x_wconf 80' lang='grc' dir='ltr'>ἄρχων</span> <span class='ocrx_word' id='word_1_583' title='bbox 2446 3544 2654 3607; x_wconf 77' lang='grc' dir='ltr'>ἐκεῖνος</span> <span class='ocrx_word' id='word_1_584' title='bbox 2680 3585 2694 3608; x_wconf 92' lang='grc'><strong>,</strong></span> <span class='ocrx_word' id='word_1_585' title='bbox 2727 3544 3131 3615; x_wconf 81' lang='grc' dir='ltr'>παλινοστήσας</span> <span class='ocrx_word' id='word_1_586' title='bbox 3151 3585 3166 3611; x_wconf 90' lang='grc'><strong>,</strong></span> <span class='ocrx_word' id='word_1_587' title='bbox 3200 3546 3267 3598; x_wconf 68' lang='grc' dir='ltr'><strong>τὰ</strong></span> <span class='ocrx_word' id='word_1_588' title='bbox 3317 3547 3475 3617; x_wconf 82' lang='grc' dir='ltr'>βασί-</span> 
     </span>
    </p>
   </div>
   <div class='ocr_carea' id='block_1_84' title="bbox 1903 3634 3476 3708">
    <p class='ocr_par' dir='ltr' id='par_1_84' title="bbox 1903 3634 3476 3708">
     <span class='ocr_line' id='line_1_84' title="bbox 1903 3634 3476 3708; baseline 0.001 -20"><span class='ocrx_word' id='word_1_589' title='bbox 1903 3634 2374 3700; x_wconf 72' lang='grc' dir='ltr'>λειαρκατὲλαϐεν,</span> <span class='ocrx_word' id='word_1_590' title='bbox 2403 3639 2497 3689; x_wconf 77' lang='grc' dir='ltr'>κα).</span> <span class='ocrx_word' id='word_1_591' title='bbox 2528 3636 2663 3704; x_wconf 82' lang='grc' dir='ltr'>δῆλα</span> <span class='ocrx_word' id='word_1_592' title='bbox 2695 3636 2872 3690; x_wconf 80' lang='grc' dir='ltr'>πάντα</span> <span class='ocrx_word' id='word_1_593' title='bbox 2900 3637 2975 3707; x_wconf 82' lang='grc' dir='ltr'>τῷ</span> <span class='ocrx_word' id='word_1_594' title='bbox 3018 3637 3166 3708; x_wconf 80' lang='grc' dir='ltr'><strong>αύτῷ</strong></span> <span class='ocrx_word' id='word_1_595' title='bbox 3199 3637 3476 3708; x_wconf 76' lang='grc' dir='ltr'>πέμψαντι</span> 
     </span>
    </p>
   </div>
   <div class='ocr_carea' id='block_1_85' title="bbox 1905 3726 3477 3799">
    <p class='ocr_par' dir='ltr' id='par_1_85' title="bbox 1905 3726 3477 3799">
     <span class='ocr_line' id='line_1_85' title="bbox 1905 3726 3477 3799; baseline 0.002 -20"><span class='ocrx_word' id='word_1_596' title='bbox 1905 3728 2223 3796; x_wconf 85' lang='grc' dir='ltr'>πεποίηκεν.</span> <span class='ocrx_word' id='word_1_597' title='bbox 2275 3726 2333 3780; x_wconf 82' lang='grc'><strong>’0</strong></span> <span class='ocrx_word' id='word_1_598' title='bbox 2359 3726 2416 3780; x_wconf 84' lang='grc' dir='ltr'>δὲ</span> <span class='ocrx_word' id='word_1_599' title='bbox 2446 3727 2692 3798; x_wconf 81' lang='grc' dir='ltr'>παρευθὺ</span> <span class='ocrx_word' id='word_1_600' title='bbox 2725 3728 2929 3798; x_wconf 82' lang='grc' dir='ltr'>βρύξας</span> <span class='ocrx_word' id='word_1_601' title='bbox 2958 3727 3038 3798; x_wconf 83' lang='grc' dir='ltr'>τῷ</span> <span class='ocrx_word' id='word_1_602' title='bbox 3069 3728 3247 3799; x_wconf 80' lang='grc' dir='ltr'>θυμῷ,</span> <span class='ocrx_word' id='word_1_603' title='bbox 3283 3728 3477 3798; x_wconf 80' lang='grc' dir='ltr'>ὥσπερ</span> 
     </span>
    </p>
   </div>
   <div class='ocr_carea' id='block_1_86' title="bbox 1902 3817 3473 3891">
    <p class='ocr_par' dir='ltr' id='par_1_86' title="bbox 1902 3817 3473 3891">
     <span class='ocr_line' id='line_1_86' title="bbox 1902 3817 3473 3891; baseline 0.001 -21"><span class='ocrx_word' id='word_1_604' title='bbox 1902 3818 2058 3878; x_wconf 80' lang='grc' dir='ltr'>λέων,</span> <span class='ocrx_word' id='word_1_605' title='bbox 2095 3818 2188 3871; x_wconf 80' lang='grc' dir='ltr'>καὶ</span> <span class='ocrx_word' id='word_1_606' title='bbox 2233 3817 2362 3888; x_wconf 76' lang='grc' dir='ltr'><strong>βοὴν</strong></span> <span class='ocrx_word' id='word_1_607' title='bbox 2405 3818 2468 3870; x_wconf 87' lang='grc' dir='ltr'>οὑ</span> <span class='ocrx_word' id='word_1_608' title='bbox 2519 3819 2722 3889; x_wconf 84' lang='grc' dir='ltr'>μικρὰν</span> <span class='ocrx_word' id='word_1_609' title='bbox 2765 3820 2831 3872; x_wconf 76' lang='grc' dir='ltr'>ἐκ</span> <span class='ocrx_word' id='word_1_610' title='bbox 2878 3819 2979 3889; x_wconf 82' lang='grc' dir='ltr'>τῆς</span> <span class='ocrx_word' id='word_1_611' title='bbox 3029 3821 3248 3891; x_wconf 82' lang='grc' dir='ltr'>ὀργίλου</span> <span class='ocrx_word' id='word_1_612' title='bbox 3303 3821 3473 3874; x_wconf 74' lang='grc' dir='ltr'>αὐτοῦ</span> 
     </span>
    </p>
   </div>
   <div class='ocr_carea' id='block_1_87' title="bbox 1902 3897 3476 3982">
    <p class='ocr_par' dir='ltr' id='par_1_87' title="bbox 1902 3897 3476 3982">
     <span class='ocr_line' id='line_1_87' title="bbox 1902 3897 3476 3982; baseline 0.003 -22"><span class='ocrx_word' id='word_1_613' title='bbox 1902 3907 2286 3977; x_wconf 84' lang='grc' dir='ltr'>ἁνακαχλάσας</span> <span class='ocrx_word' id='word_1_614' title='bbox 2306 3897 2503 3977; x_wconf 66' lang='grc' dir='ltr'>ψυχῆς,</span> <span class='ocrx_word' id='word_1_615' title='bbox 2530 3908 2774 3978; x_wconf 85' lang='grc' dir='ltr'>παρευθὺ</span> <span class='ocrx_word' id='word_1_616' title='bbox 2797 3909 3116 3963; x_wconf 82' lang='grc' dir='ltr'>ἀποστέλλει</span> <span class='ocrx_word' id='word_1_617' title='bbox 3141 3912 3476 3982; x_wconf 75' lang='grc' dir='ltr'>ἀρχισατρά-</span> 
     </span>
    </p>
   </div>
   <div class='ocr_carea' id='block_1_88' title="bbox 1903 3999 3471 4072">
    <p class='ocr_par' dir='ltr' id='par_1_88' title="bbox 1903 3999 3471 4072">
     <span class='ocr_line' id='line_1_88' title="bbox 1903 3999 3471 4072; baseline 0.001 -21"><span class='ocrx_word' id='word_1_618' title='bbox 1903 4015 2013 4061; x_wconf 80' lang='grc' dir='ltr'><strong>πας</strong></span> <span class='ocrx_word' id='word_1_619' title='bbox 2047 4000 2142 4051; x_wconf 72' lang='grc' dir='ltr'><strong>καὶ</strong></span> <span class='ocrx_word' id='word_1_620' title='bbox 2188 3999 2587 4070; x_wconf 79' lang='grc' dir='ltr'>ἁσπιδοφόρους</span> <span class='ocrx_word' id='word_1_621' title='bbox 2623 4000 2973 4069; x_wconf 79' lang='grc' dir='ltr'>σφριγῶντας</span> <span class='ocrx_word' id='word_1_622' title='bbox 2999 4040 3014 4068; x_wconf 92' lang='grc'><strong>,</strong></span> <span class='ocrx_word' id='word_1_623' title='bbox 3052 4001 3170 4070; x_wconf 78' lang='grc' dir='ltr'>ἅμα</span> <span class='ocrx_word' id='word_1_624' title='bbox 3211 4001 3288 4071; x_wconf 82' lang='grc' dir='ltr'>τῷ</span> <span class='ocrx_word' id='word_1_625' title='bbox 3330 4017 3471 4072; x_wconf 74' lang='grc' dir='ltr'>προ-</span> 
     </span>
    </p>
   </div>
   <div class='ocr_carea' id='block_1_89' title="bbox 1902 4090 3468 4163">
    <p class='ocr_par' dir='ltr' id='par_1_89' title="bbox 1902 4090 3468 4163">
     <span class='ocr_line' id='line_1_89' title="bbox 1902 4090 3468 4163; baseline 0.002 -19"><span class='ocrx_word' id='word_1_626' title='bbox 1902 4090 2209 4161; x_wconf 84' lang='grc' dir='ltr'>πεμφθέντι</span> <span class='ocrx_word' id='word_1_627' title='bbox 2272 4091 2548 4163; x_wconf 83' lang='grc' dir='ltr'>πατρικίῳ</span> <span class='ocrx_word' id='word_1_628' title='bbox 2588 4092 2876 4162; x_wconf 82' lang='grc' dir='ltr'>Καλλίστῳ</span> <span class='ocrx_word' id='word_1_629' title='bbox 2929 4095 2992 4146; x_wconf 82' lang='grc' dir='ltr'>τὸ</span> <span class='ocrx_word' id='word_1_630' title='bbox 3037 4093 3165 4163; x_wconf 77' lang='grc' dir='ltr'>ὄρος</span> <span class='ocrx_word' id='word_1_631' title='bbox 3220 4095 3468 4147; x_wconf 80' lang='grc' dir='ltr'>καταλαο</span> 
     </span>
    </p>
   </div>
   <div class='ocr_carea' id='block_1_90' title="bbox 1905 4181 3464 4253">
    <p class='ocr_par' dir='ltr' id='par_1_90' title="bbox 1905 4181 3464 4253">
     <span class='ocr_line' id='line_1_90' title="bbox 1905 4181 3464 4253; baseline 0.001 -19"><span class='ocrx_word' id='word_1_632' title='bbox 1905 4181 2044 4246; x_wconf 76' lang='grc' dir='ltr'>θεῖν,</span> <span class='ocrx_word' id='word_1_633' title='bbox 2077 4183 2171 4236; x_wconf 71' lang='grc' dir='ltr'>καὶ</span> <span class='ocrx_word' id='word_1_634' title='bbox 2203 4181 2295 4235; x_wconf 84' lang='grc' dir='ltr'>τὸν</span> <span class='ocrx_word' id='word_1_635' title='bbox 2327 4181 2483 4251; x_wconf 67' lang='grc' dir='ltr'>ἅγιον</span> <span class='ocrx_word' id='word_1_636' title='bbox 2509 4183 2612 4252; x_wconf 79' lang='grc' dir='ltr'>τῆς</span> <span class='ocrx_word' id='word_1_637' title='bbox 2640 4182 2836 4253; x_wconf 82' lang='grc' dir='ltr'>κέλλης</span> <span class='ocrx_word' id='word_1_638' title='bbox 2867 4183 3101 4252; x_wconf 76' lang='grc' dir='ltr'>ὀργίλως</span> <span class='ocrx_word' id='word_1_639' title='bbox 3140 4182 3464 4253; x_wconf 77' lang='grc' dir='ltr'>ὲξάραντας,</span> 
     </span>
    </p>
   </div>
   <div class='ocr_carea' id='block_1_91' title="bbox 1902 4272 3471 4343">
    <p class='ocr_par' dir='ltr' id='par_1_91' title="bbox 1902 4272 3471 4343">
     <span class='ocr_line' id='line_1_91' title="bbox 1902 4272 3471 4343; baseline 0.001 -19"><span class='ocrx_word' id='word_1_640' title='bbox 1902 4274 1961 4328; x_wconf 71' lang='grc' dir='ltr'>ιν</span> <span class='ocrx_word' id='word_1_641' title='bbox 1992 4272 2070 4342; x_wconf 83' lang='grc' dir='ltr'>τῷ</span> <span class='ocrx_word' id='word_1_642' title='bbox 2097 4272 2247 4326; x_wconf 84' lang='grc' dir='ltr'>κάτω</span> <span class='ocrx_word' id='word_1_643' title='bbox 2298 4272 2648 4343; x_wconf 79' lang='grc' dir='ltr'>μοναστηρίῳ</span> <span class='ocrx_word' id='word_1_644' title='bbox 2682 4273 3071 4343; x_wconf 79' lang='grc' dir='ltr'>παραφυλάξαι</span> <span class='ocrx_word' id='word_1_645' title='bbox 3128 4274 3471 4343; x_wconf 80' lang='grc' dir='ltr'>παρεκελεύ-</span> 
     </span>
    </p>
   </div>
   <div class='ocr_carea' id='block_1_92' title="bbox 229 4355 1800 4437">
    <p class='ocr_par' dir='ltr' id='par_1_92' title="bbox 229 4365 1795 4437">
     <span class='ocr_line' id='line_1_92' title="bbox 229 4365 1795 4437; baseline -0.003 -15"><span class='ocrx_word' id='word_1_646' title='bbox 229 4369 471 4423; x_wconf 88' lang='lat' dir='ltr'><strong>trahunt.</strong></span> <span class='ocrx_word' id='word_1_647' title='bbox 521 4368 730 4437; x_wconf 88' lang='lat' dir='ltr'><strong>Quippe</strong></span> <span class='ocrx_word' id='word_1_648' title='bbox 779 4382 901 4422; x_wconf 91' lang='lat' dir='ltr'><strong>cum</strong></span> <span class='ocrx_word' id='word_1_649' title='bbox 956 4382 1067 4437; x_wconf 69' lang='lat' dir='ltr'><strong>pra:</strong></span> <span class='ocrx_word' id='word_1_650' title='bbox 1120 4379 1329 4420; x_wconf 88' lang='lat' dir='ltr'><strong>summa</strong></span> <span class='ocrx_word' id='word_1_651' title='bbox 1383 4365 1707 4418; x_wconf 84' lang='lat' dir='ltr'><strong>abstinentia</strong></span> <span class='ocrx_word' id='word_1_652' title='bbox 1741 4375 1795 4418; x_wconf 92' lang='lat' dir='ltr'><strong>et</strong></span> 
     </span>
    </p>
   </div>
   <div class='ocr_carea' id='block_1_93' title="bbox 1903 4355 3474 4437">
    <p class='ocr_par' dir='ltr' id='par_1_93' title="bbox 1903 4359 3474 4434">
     <span class='ocr_line' id='line_1_93' title="bbox 1903 4359 3474 4434; baseline 0 -19"><span class='ocrx_word' id='word_1_653' title='bbox 1903 4378 2052 4427; x_wconf 81' lang='grc' dir='ltr'>σατο,</span> <span class='ocrx_word' id='word_1_654' title='bbox 2086 4361 2191 4424; x_wconf 75' lang='grc' dir='ltr'>ἕως</span> <span class='ocrx_word' id='word_1_655' title='bbox 2221 4359 2287 4414; x_wconf 80' lang='grc' dir='ltr'><strong>ἃν</strong></span> <span class='ocrx_word' id='word_1_656' title='bbox 2332 4361 2600 4431; x_wconf 77' lang='grc' dir='ltr'>σκέψηται</span> <span class='ocrx_word' id='word_1_657' title='bbox 2639 4365 2768 4432; x_wconf 81' lang='grc' dir='ltr'>περὶ</span> <span class='ocrx_word' id='word_1_658' title='bbox 2817 4361 3005 4414; x_wconf 78' lang='grc' dir='ltr'>αὑτοῦ.</span> <span class='ocrx_word' id='word_1_659' title='bbox 3054 4365 3114 4415; x_wconf 85' lang='grc' dir='ltr'>Οί</span> <span class='ocrx_word' id='word_1_660' title='bbox 3159 4363 3215 4415; x_wconf 79' lang='grc' dir='ltr'>δὲ</span> <span class='ocrx_word' id='word_1_661' title='bbox 3254 4365 3312 4414; x_wconf 69' lang='grc' dir='ltr'>τὸ</span> <span class='ocrx_word' id='word_1_662' title='bbox 3346 4364 3474 4434; x_wconf 76' lang='grc' dir='ltr'>ὅρος</span> 
     </span>
    </p>
   </div>
   <div class='ocr_carea' id='block_1_94' title="bbox 226 4454 1794 4526">
    <p class='ocr_par' dir='ltr' id='par_1_94' title="bbox 226 4454 1794 4526">
     <span class='ocr_line' id='line_1_94' title="bbox 226 4454 1794 4526; baseline -0.001 -16"><span class='ocrx_word' id='word_1_663' title='bbox 226 4458 611 4526; x_wconf 79' lang='lat' dir='ltr'><strong>angnstissimo</strong></span> <span class='ocrx_word' id='word_1_664' title='bbox 637 4455 935 4521; x_wconf 85' lang='lat' dir='ltr'><strong>domicilio,</strong></span> <span class='ocrx_word' id='word_1_665' title='bbox 963 4456 1108 4510; x_wconf 85' lang='lat' dir='ltr'><strong>illius</strong></span> <span class='ocrx_word' id='word_1_666' title='bbox 1131 4454 1273 4509; x_wconf 75' lang='lat' dir='ltr'><strong>tibia:</strong></span> <span class='ocrx_word' id='word_1_667' title='bbox 1295 4454 1592 4509; x_wconf 80' lang='lat' dir='ltr'><strong>femoribus</strong></span> <span class='ocrx_word' id='word_1_668' title='bbox 1619 4454 1794 4508; x_wconf 75' lang='lat' dir='ltr'><strong>adlue-</strong></span> 
     </span>
    </p>
   </div>
   <div class='ocr_carea' id='block_1_95' title="bbox 226 4544 1791 4611">
    <p class='ocr_par' dir='ltr' id='par_1_95' title="bbox 226 4544 1791 4611">
     <span class='ocr_line' id='line_1_95' title="bbox 226 4544 1791 4611; baseline 0.001 -11"><span class='ocrx_word' id='word_1_669' title='bbox 226 4555 427 4611; x_wconf 85' lang='lat' dir='ltr'><strong>rerent,</strong></span> <span class='ocrx_word' id='word_1_670' title='bbox 464 4555 608 4599; x_wconf 85' lang='lat' dir='ltr'><strong>stare</strong></span> <span class='ocrx_word' id='word_1_671' title='bbox 636 4545 720 4600; x_wconf 85' lang='lat' dir='ltr'><strong>vel</strong></span> <span class='ocrx_word' id='word_1_672' title='bbox 747 4546 1006 4601; x_wconf 91' lang='lat' dir='ltr'><strong>incedere</strong></span> <span class='ocrx_word' id='word_1_673' title='bbox 1041 4561 1150 4600; x_wconf 90' lang='lat' dir='ltr'><strong>non</strong></span> <span class='ocrx_word' id='word_1_674' title='bbox 1176 4546 1408 4601; x_wconf 82' lang='lat' dir='ltr'><strong>valebat.</strong></span> <span class='ocrx_word' id='word_1_675' title='bbox 1437 4544 1656 4611; x_wconf 80' lang='lat' dir='ltr'><strong>Verum,</strong></span> <span class='ocrx_word' id='word_1_676' title='bbox 1688 4547 1791 4601; x_wconf 86' lang='lat' dir='ltr'><strong>viri</strong></span> 
     </span>
    </p>
   </div>
   <div class='ocr_carea' id='block_1_96' title="bbox 227 4636 1792 4705">
    <p class='ocr_par' dir='ltr' id='par_1_96' title="bbox 227 4636 1792 4705">
     <span class='ocr_line' id='line_1_96' title="bbox 227 4636 1792 4705; baseline 0 -16"><span class='ocrx_word' id='word_1_677' title='bbox 227 4636 301 4689; x_wconf 86' lang='lat' dir='ltr'><strong>illi</strong></span> <span class='ocrx_word' id='word_1_678' title='bbox 333 4636 556 4700; x_wconf 85' lang='lat' dir='ltr'><strong>armati,</strong></span> <span class='ocrx_word' id='word_1_679' title='bbox 589 4636 897 4691; x_wconf 85' lang='lat' dir='ltr'><strong>admirabili</strong></span> <span class='ocrx_word' id='word_1_680' title='bbox 928 4636 1106 4691; x_wconf 89' lang='lat' dir='ltr'><strong>Patris</strong></span> <span class='ocrx_word' id='word_1_681' title='bbox 1132 4638 1441 4705; x_wconf 72' lang='lat' dir='ltr'><strong>praestantia</strong></span> <span class='ocrx_word' id='word_1_682' title='bbox 1487 4645 1792 4705; x_wconf 83' lang='lat' dir='ltr'><strong>perspecta,</strong></span> 
     </span>
    </p>
   </div>
   <div class='ocr_carea' id='block_1_97' title="bbox 224 4726 1793 4796">
    <p class='ocr_par' dir='ltr' id='par_1_97' title="bbox 224 4726 1793 4796">
     <span class='ocr_line' id='line_1_97' title="bbox 224 4726 1793 4796; baseline -0.001 -14"><span class='ocrx_word' id='word_1_683' title='bbox 224 4729 392 4782; x_wconf 83' lang='lat' dir='ltr'><strong>inulta</strong></span> <span class='ocrx_word' id='word_1_684' title='bbox 428 4726 480 4781; x_wconf 90' lang='lat' dir='ltr'><strong>in</strong></span> <span class='ocrx_word' id='word_1_685' title='bbox 512 4741 632 4781; x_wconf 89' lang='lat' dir='ltr'><strong>eum</strong></span> <span class='ocrx_word' id='word_1_686' title='bbox 658 4727 1034 4783; x_wconf 87' lang='lat' dir='ltr'><strong>misericordia</strong></span> <span class='ocrx_word' id='word_1_687' title='bbox 1072 4729 1156 4782; x_wconf 89' lang='lat' dir='ltr'><strong>usi</strong></span> <span class='ocrx_word' id='word_1_688' title='bbox 1193 4728 1413 4783; x_wconf 83' lang='lat' dir='ltr'><strong>sunt&#39;ob</strong></span> <span class='ocrx_word' id='word_1_689' title='bbox 1450 4742 1537 4782; x_wconf 89' lang='lat' dir='ltr'><strong>res</strong></span> <span class='ocrx_word' id='word_1_690' title='bbox 1571 4739 1793 4796; x_wconf 69' lang='lat' dir='ltr'><strong>stupen-</strong></span> 
     </span>
    </p>
   </div>
   <div class='ocr_carea' id='block_1_98' title="bbox 223 4820 1790 4890">
    <p class='ocr_par' dir='ltr' id='par_1_98' title="bbox 223 4820 1790 4890">
     <span class='ocr_line' id='line_1_98' title="bbox 223 4820 1790 4890; baseline 0.001 -17"><span class='ocrx_word' id='word_1_691' title='bbox 223 4822 319 4875; x_wconf 86' lang='lat' dir='ltr'><strong>das</strong></span> <span class='ocrx_word' id='word_1_692' title='bbox 357 4836 492 4889; x_wconf 86' lang='lat' dir='ltr'><strong>quas</strong></span> <span class='ocrx_word' id='word_1_693' title='bbox 523 4820 636 4876; x_wconf 91' lang='lat' dir='ltr'><strong>suis</strong></span> <span class='ocrx_word' id='word_1_694' title='bbox 669 4820 914 4890; x_wconf 90' lang='lat' dir='ltr'><strong>ipsismet</strong></span> <span class='ocrx_word' id='word_1_695' title='bbox 941 4821 1115 4877; x_wconf 84' lang='lat' dir='ltr'><strong>oculis</strong></span> <span class='ocrx_word' id='word_1_696' title='bbox 1150 4820 1570 4875; x_wconf 75' lang='lat' dir='ltr'><strong>contuebantur.</strong></span> <span class='ocrx_word' id='word_1_697' title='bbox 1606 4820 1790 4889; x_wconf 78' lang='lat' dir='ltr'><strong>itaque</strong></span> 
     </span>
    </p>
   </div>
   <div class='ocr_carea' id='block_1_99' title="bbox 222 4912 1790 4984">
    <p class='ocr_par' dir='ltr' id='par_1_99' title="bbox 222 4912 1790 4984">
     <span class='ocr_line' id='line_1_99' title="bbox 222 4912 1790 4984; baseline -0.002 -15"><span class='ocrx_word' id='word_1_698' title='bbox 222 4916 329 4969; x_wconf 88' lang='lat' dir='ltr'><strong>duo</strong></span> <span class='ocrx_word' id='word_1_699' title='bbox 372 4929 437 4970; x_wconf 80' lang='lat' dir='ltr'><strong>ex</strong></span> <span class='ocrx_word' id='word_1_700' title='bbox 488 4913 599 4969; x_wconf 87' lang='lat' dir='ltr'><strong>illis</strong></span> <span class='ocrx_word' id='word_1_701' title='bbox 634 4912 1009 4984; x_wconf 72' lang='lat' dir='ltr'><strong>coniungendo</strong></span> <span class='ocrx_word' id='word_1_702' title='bbox 1051 4914 1273 4983; x_wconf 89' lang='lat' dir='ltr'><strong>suisque</strong></span> <span class='ocrx_word' id='word_1_703' title='bbox 1329 4914 1569 4967; x_wconf 90' lang='lat' dir='ltr'><strong>humeris</strong></span> <span class='ocrx_word' id='word_1_704' title='bbox 1621 4913 1790 4967; x_wconf 87' lang='lat' dir='ltr'><strong>sancti</strong></span> 
     </span>
    </p>
   </div>
   <div class='ocr_carea' id='block_1_100' title="bbox 220 5006 1791 5078">
    <p class='ocr_par' dir='ltr' id='par_1_100' title="bbox 220 5006 1791 5078">
     <span class='ocr_line' id='line_1_100' title="bbox 220 5006 1791 5078; baseline 0 -17"><span class='ocrx_word' id='word_1_705' title='bbox 220 5023 415 5064; x_wconf 83' lang='lat' dir='ltr'><strong>manus</strong></span> <span class='ocrx_word' id='word_1_706' title='bbox 463 5009 809 5078; x_wconf 88' lang='lat' dir='ltr'><strong>imponendo,</strong></span> <span class='ocrx_word' id='word_1_707' title='bbox 866 5007 1094 5077; x_wconf 85' lang='lat' dir='ltr'><strong>ejusque</strong></span> <span class='ocrx_word' id='word_1_708' title='bbox 1151 5022 1324 5075; x_wconf 73' lang='lat' dir='ltr'><strong>genua</strong></span> <span class='ocrx_word' id='word_1_709' title='bbox 1378 5006 1492 5059; x_wconf 87' lang='lat' dir='ltr'><strong>suis</strong></span> <span class='ocrx_word' id='word_1_710' title='bbox 1544 5006 1791 5061; x_wconf 84' lang='lat' dir='ltr'><strong>manibus</strong></span> 
     </span>
    </p>
   </div>
   <div class='ocr_carea' id='block_1_101' title="bbox 221 5092 1790 5168">
    <p class='ocr_par' dir='ltr' id='par_1_101' title="bbox 221 5092 1790 5168">
     <span class='ocr_line' id='line_1_101' title="bbox 221 5092 1790 5168; baseline -0.004 -15"><span class='ocrx_word' id='word_1_711' title='bbox 221 5100 324 5155; x_wconf 88' lang='lat' dir='ltr'><strong>hoc</strong></span> <span class='ocrx_word' id='word_1_712' title='bbox 353 5109 511 5168; x_wconf 86' lang='lat' dir='ltr'><strong>pacto</strong></span> <span class='ocrx_word' id='word_1_713' title='bbox 550 5100 862 5164; x_wconf 78' lang='lat' dir='ltr'><strong>fulcienda,</strong></span> <span class='ocrx_word' id='word_1_714' title='bbox 896 5100 962 5152; x_wconf 88' lang='lat' dir='ltr'><strong>ad</strong></span> <span class='ocrx_word' id='word_1_715' title='bbox 1004 5098 1176 5152; x_wconf 87' lang='lat' dir='ltr'><strong>sancti</strong></span> <span class='ocrx_word' id='word_1_716' title='bbox 1222 5094 1478 5155; x_wconf 78' lang='lat' dir='ltr'><strong>Auxentii</strong></span> <span class='ocrx_word' id='word_1_717' title='bbox 1517 5092 1790 5147; x_wconf 86' lang='lat' dir='ltr'><strong>Ceemete-</strong></span> 
     </span>
    </p>
   </div>
   <div class='ocr_carea' id='block_1_102' title="bbox 220 5185 1789 5263">
    <p class='ocr_par' dir='ltr' id='par_1_102' title="bbox 220 5185 1789 5263">
     <span class='ocr_line' id='line_1_102' title="bbox 220 5185 1789 5263; baseline -0.004 -20"><span class='ocrx_word' id='word_1_718' title='bbox 220 5192 360 5246; x_wconf 88' lang='lat' dir='ltr'><strong>rium</strong></span> <span class='ocrx_word' id='word_1_719' title='bbox 412 5191 744 5263; x_wconf 70' lang='lat' dir='ltr'><strong>pervenere,</strong></span> <span class='ocrx_word' id='word_1_720' title='bbox 791 5191 881 5245; x_wconf 84' lang='lat' dir='ltr'><strong>ubi</strong></span> <span class='ocrx_word' id='word_1_721' title='bbox 933 5204 1055 5245; x_wconf 88' lang='lat' dir='ltr'><strong>cum</strong></span> <span class='ocrx_word' id='word_1_722' title='bbox 1107 5199 1353 5244; x_wconf 82' lang='lat' dir='ltr'><strong>sanctum</strong></span> <span class='ocrx_word' id='word_1_723' title='bbox 1389 5186 1567 5240; x_wconf 80' lang='lat' dir='ltr'><strong>virum</strong></span> <span class='ocrx_word' id='word_1_724' title='bbox 1597 5195 1652 5238; x_wconf 87' lang='lat' dir='ltr'><strong>et</strong></span> <span class='ocrx_word' id='word_1_725' title='bbox 1682 5185 1789 5238; x_wconf 85' lang='lat' dir='ltr'><strong>Deo</strong></span> 
     </span>
    </p>
   </div>
   <div class='ocr_carea' id='block_1_103' title="bbox 289 5339 1743 5412">
    <p class='ocr_par' dir='ltr' id='par_1_103' title="bbox 289 5339 1743 5412">
     <span class='ocr_line' id='line_1_103' title="bbox 289 5339 1743 5412; baseline -0.006 -12"><span class='ocrx_word' id='word_1_726' title='bbox 289 5348 336 5382; x_wconf 81' lang='grc'><strong><em>⁸⁸</em></strong></span> <span class='ocrx_word' id='word_1_727' title='bbox 376 5347 517 5401; x_wconf 85' lang='lat' dir='ltr'><strong>Psal.</strong></span> <span class='ocrx_word' id='word_1_728' title='bbox 556 5361 647 5412; x_wconf 79' lang='lat' dir='ltr'><strong>xv,</strong></span> <span class='ocrx_word' id='word_1_729' title='bbox 679 5346 733 5400; x_wconf 91' lang='lat'><strong>8.</strong></span> <span class='ocrx_word' id='word_1_730' title='bbox 809 5347 856 5379; x_wconf 82' lang='lat'><strong>“</strong></span> <span class='ocrx_word' id='word_1_731' title='bbox 895 5344 999 5401; x_wconf 86' lang='lat' dir='ltr'><strong>lsa.</strong></span> <span class='ocrx_word' id='word_1_732' title='bbox 1035 5360 1086 5409; x_wconf 88' lang='lat' dir='ltr'><strong>v,</strong></span> <span class='ocrx_word' id='word_1_733' title='bbox 1110 5344 1201 5400; x_wconf 77' lang='lat'><strong>‘20.</strong></span> <span class='ocrx_word' id='word_1_734' title='bbox 1278 5343 1321 5374; x_wconf 77' lang='grc'><strong>⁸⁷</strong></span> <span class='ocrx_word' id='word_1_735' title='bbox 1365 5341 1506 5395; x_wconf 85' lang='lat' dir='ltr'><strong>Psal.</strong></span> <span class='ocrx_word' id='word_1_736' title='bbox 1537 5355 1658 5402; x_wconf 71' lang='lat' dir='ltr'><strong>CXL,</strong></span> <span class='ocrx_word' id='word_1_737' title='bbox 1692 5339 1743 5393; x_wconf 84' lang='lat'><strong>5.</strong></span> 
     </span>
    </p>
   </div>
   <div class='ocr_carea' id='block_1_104' title="bbox 1898 4452 3473 4522">
    <p class='ocr_par' dir='ltr' id='par_1_104' title="bbox 1898 4452 3473 4522">
     <span class='ocr_line' id='line_1_104' title="bbox 1898 4452 3473 4522; baseline -0.001 -14"><span class='ocrx_word' id='word_1_738' title='bbox 1898 4452 2337 4518; x_wconf 78' lang='grc' dir='ltr'>καταλαϐόντες,</span> <span class='ocrx_word' id='word_1_739' title='bbox 2370 4454 2464 4505; x_wconf 74' lang='grc' dir='ltr'>καὶ</span> <span class='ocrx_word' id='word_1_740' title='bbox 2491 4453 2551 4506; x_wconf 77' lang='grc' dir='ltr'>τὸ</span> <span class='ocrx_word' id='word_1_741' title='bbox 2587 4454 2949 4522; x_wconf 80' lang='grc' dir='ltr'>μοναστήριον</span> <span class='ocrx_word' id='word_1_742' title='bbox 2984 4453 3323 4520; x_wconf 69' lang='grc' dir='ltr'>πεφθακὸτες</span> <span class='ocrx_word' id='word_1_743' title='bbox 3348 4494 3362 4517; x_wconf 94' lang='grc'><strong>,</strong></span> <span class='ocrx_word' id='word_1_744' title='bbox 3395 4457 3473 4515; x_wconf 75' lang='grc' dir='ltr'>ὡς</span> 
     </span>
    </p>
   </div>
   <div class='ocr_carea' id='block_1_105' title="bbox 1898 4543 3471 4616">
    <p class='ocr_par' dir='ltr' id='par_1_105' title="bbox 1898 4543 3471 4616">
     <span class='ocr_line' id='line_1_105' title="bbox 1898 4543 3471 4616; baseline 0 -19"><span class='ocrx_word' id='word_1_745' title='bbox 1898 4544 2066 4616; x_wconf 77' lang='grc' dir='ltr'>θῆρες</span> <span class='ocrx_word' id='word_1_746' title='bbox 2095 4543 2404 4615; x_wconf 76' lang='grc' dir='ltr'>ἁλλόμενοι,</span> <span class='ocrx_word' id='word_1_747' title='bbox 2435 4544 2535 4607; x_wconf 80' lang='grc' dir='ltr'><strong>λὰξ</strong></span> <span class='ocrx_word' id='word_1_748' title='bbox 2563 4544 2703 4596; x_wconf 80' lang='grc' dir='ltr'>κατᾶ</span> <span class='ocrx_word' id='word_1_749' title='bbox 2727 4545 2833 4596; x_wconf 85' lang='grc' dir='ltr'><strong>τῶν</strong></span> <span class='ocrx_word' id='word_1_750' title='bbox 2864 4544 3045 4614; x_wconf 87' lang='grc' dir='ltr'>θυρῶν</span> <span class='ocrx_word' id='word_1_751' title='bbox 3079 4547 3471 4615; x_wconf 67' lang='grc' dir='ltr'>προσέκρουον,</span> 
     </span>
    </p>
   </div>
   <div class='ocr_carea' id='block_1_106' title="bbox 1901 4635 3579 4712">
    <p class='ocr_par' dir='ltr' id='par_1_106' title="bbox 1901 4635 3579 4712">
     <span class='ocr_line' id='line_1_106' title="bbox 1901 4635 3579 4712; baseline 0 -23"><span class='ocrx_word' id='word_1_752' title='bbox 1901 4636 1994 4690; x_wconf 84' lang='grc' dir='ltr'>καὶ</span> <span class='ocrx_word' id='word_1_753' title='bbox 2025 4635 2103 4705; x_wconf 80' lang='grc' dir='ltr'>τῷ</span> <span class='ocrx_word' id='word_1_754' title='bbox 2132 4636 2273 4705; x_wconf 78' lang='grc' dir='ltr'>ἁγίῳ</span> <span class='ocrx_word' id='word_1_755' title='bbox 2311 4635 2562 4704; x_wconf 72' lang='grc' dir='ltr'>σπηλαίῳ</span> <span class='ocrx_word' id='word_1_756' title='bbox 2597 4636 2789 4702; x_wconf 76' lang='grc' dir='ltr'>φονίως</span> <span class='ocrx_word' id='word_1_757' title='bbox 2822 4636 3269 4706; x_wconf 76' lang='grc' dir='ltr'>εἰσπηδήσαντες,</span> <span class='ocrx_word' id='word_1_758' title='bbox 3304 4638 3473 4705; x_wconf 50' lang='lat' dir='ltr'><strong>iaces-</strong></span> <span class='ocrx_word' id='word_1_759' title='bbox 3570 4704 3579 4712; x_wconf 37' lang='lat'>&#39;</span> 
     </span>
    </p>
   </div>
   <div class='ocr_carea' id='block_1_107' title="bbox 1904 4726 3471 4799">
    <p class='ocr_par' dir='ltr' id='par_1_107' title="bbox 1904 4726 3471 4799">
     <span class='ocr_line' id='line_1_107' title="bbox 1904 4726 3471 4799; baseline 0 -19"><span class='ocrx_word' id='word_1_760' title='bbox 1904 4745 2058 4799; x_wconf 85' lang='grc' dir='ltr'>ρουσι</span> <span class='ocrx_word' id='word_1_761' title='bbox 2097 4727 2191 4778; x_wconf 72' lang='grc' dir='ltr'><strong>τὸν</strong></span> <span class='ocrx_word' id='word_1_762' title='bbox 2226 4728 2404 4795; x_wconf 74' lang='grc' dir='ltr'>ἅγιον,</span> <span class='ocrx_word' id='word_1_763' title='bbox 2445 4726 2520 4786; x_wconf 80' lang='grc' dir='ltr'>ὡς</span> <span class='ocrx_word' id='word_1_764' title='bbox 2552 4726 2616 4777; x_wconf 79' lang='grc' dir='ltr'>ἐκ</span> <span class='ocrx_word' id='word_1_765' title='bbox 2659 4726 2869 4779; x_wconf 81' lang='grc' dir='ltr'>παστοῦ</span> <span class='ocrx_word' id='word_1_766' title='bbox 2916 4743 3062 4790; x_wconf 84' lang='grc' dir='ltr'>τινος</span> <span class='ocrx_word' id='word_1_767' title='bbox 3093 4728 3471 4796; x_wconf 75' lang='grc' dir='ltr'>πνευματικοῦ</span> 
     </span>
    </p>
   </div>
   <div class='ocr_carea' id='block_1_108' title="bbox 1904 4814 3473 4890">
    <p class='ocr_par' dir='ltr' id='par_1_108' title="bbox 1904 4814 3473 4890">
     <span class='ocr_line' id='line_1_108' title="bbox 1904 4814 3473 4890; baseline 0.001 -20"><span class='ocrx_word' id='word_1_768' title='bbox 1904 4817 2161 4888; x_wconf 79' lang='grc' dir='ltr'>σύροντες</span> <span class='ocrx_word' id='word_1_769' title='bbox 2184 4815 2309 4880; x_wconf 74' lang='grc' dir='ltr'><strong>ἔξω.</strong></span> <span class='ocrx_word' id='word_1_770' title='bbox 2351 4817 2447 4869; x_wconf 84' lang='grc' dir='ltr'>Ἐκ</span> <span class='ocrx_word' id='word_1_771' title='bbox 2474 4817 2572 4887; x_wconf 80' lang='grc' dir='ltr'>τῆς</span> <span class='ocrx_word' id='word_1_772' title='bbox 2591 4818 2698 4886; x_wconf 84' lang='grc' dir='ltr'>γὰρ</span> <span class='ocrx_word' id='word_1_773' title='bbox 2729 4815 2869 4884; x_wconf 78' lang='grc' dir='ltr'>ἄγαν</span> <span class='ocrx_word' id='word_1_774' title='bbox 2898 4814 3223 4888; x_wconf 74' lang='grc' dir='ltr'>ἐγκρατείας</span> <span class='ocrx_word' id='word_1_775' title='bbox 3252 4821 3345 4871; x_wconf 73' lang='grc' dir='ltr'><strong>καὶ</strong></span> <span class='ocrx_word' id='word_1_776' title='bbox 3373 4821 3473 4890; x_wconf 78' lang='grc' dir='ltr'>τῆς</span> 
     </span>
    </p>
   </div>
   <div class='ocr_carea' id='block_1_109' title="bbox 1902 4908 3473 4981">
    <p class='ocr_par' dir='ltr' id='par_1_109' title="bbox 1902 4908 3473 4981">
     <span class='ocr_line' id='line_1_109' title="bbox 1902 4908 3473 4981; baseline -0.001 -19"><span class='ocrx_word' id='word_1_777' title='bbox 1902 4909 2243 4979; x_wconf 84' lang='grc' dir='ltr'>στενωτάτης</span> <span class='ocrx_word' id='word_1_778' title='bbox 2277 4909 2542 4978; x_wconf 61' lang='grc' dir='ltr'>οἰκήσεως</span> <span class='ocrx_word' id='word_1_779' title='bbox 2591 4908 2698 4960; x_wconf 84' lang='grc' dir='ltr'><strong>τῶν</strong></span> <span class='ocrx_word' id='word_1_780' title='bbox 2729 4910 2958 4981; x_wconf 79' lang='grc' dir='ltr'>κνημῶν</span> <span class='ocrx_word' id='word_1_781' title='bbox 3004 4909 3170 4962; x_wconf 81' lang='grc' dir='ltr'>αὑτοῦ</span> <span class='ocrx_word' id='word_1_782' title='bbox 3214 4913 3326 4973; x_wconf 82' lang='grc' dir='ltr'>τοῖς</span> <span class='ocrx_word' id='word_1_783' title='bbox 3364 4928 3473 4980; x_wconf 75' lang='grc' dir='ltr'><strong>μη-</strong></span> 
     </span>
    </p>
   </div>
   <div class='ocr_carea' id='block_1_110' title="bbox 1905 4998 3473 5071">
    <p class='ocr_par' dir='ltr' id='par_1_110' title="bbox 1905 4998 3473 5071">
     <span class='ocr_line' id='line_1_110' title="bbox 1905 4998 3473 5071; baseline 0.001 -20"><span class='ocrx_word' id='word_1_784' title='bbox 1905 5002 2016 5071; x_wconf 83' lang='grc' dir='ltr'>ροῖς</span> <span class='ocrx_word' id='word_1_785' title='bbox 2048 4998 2584 5068; x_wconf 81' lang='grc' dir='ltr'>προσκολληθέντων,</span> <span class='ocrx_word' id='word_1_786' title='bbox 2618 5000 2839 5070; x_wconf 82' lang='grc' dir='ltr'>στήκειν</span> <span class='ocrx_word' id='word_1_787' title='bbox 2865 4999 2898 5070; x_wconf 83' lang='grc' dir='ltr'>ἢ</span> <span class='ocrx_word' id='word_1_788' title='bbox 2923 4999 3189 5053; x_wconf 80' lang='grc' dir='ltr'>κινεῖσθαι</span> <span class='ocrx_word' id='word_1_789' title='bbox 3215 5001 3311 5052; x_wconf 83' lang='grc' dir='ltr'>οὐκ</span> <span class='ocrx_word' id='word_1_790' title='bbox 3338 4999 3473 5070; x_wconf 52' lang='lat' dir='ltr'><strong>eae-</strong></span> 
     </span>
    </p>
   </div>
   <div class='ocr_carea' id='block_1_111' title="bbox 1900 5089 3469 5161">
    <p class='ocr_par' dir='ltr' id='par_1_111' title="bbox 1900 5089 3469 5161">
     <span class='ocr_line' id='line_1_111' title="bbox 1900 5089 3469 5161; baseline -0.001 -16"><span class='ocrx_word' id='word_1_791' title='bbox 1900 5109 2050 5146; x_wconf 89' lang='grc' dir='ltr'>νατο.</span> <span class='ocrx_word' id='word_1_792' title='bbox 2083 5090 2204 5144; x_wconf 85' lang='grc' dir='ltr'>Τῶν</span> <span class='ocrx_word' id='word_1_793' title='bbox 2252 5090 2307 5143; x_wconf 77' lang='grc' dir='ltr'>δὲ</span> <span class='ocrx_word' id='word_1_794' title='bbox 2337 5090 2718 5161; x_wconf 73' lang='grc' dir='ltr'>ἀσπιδοφόρων</span> <span class='ocrx_word' id='word_1_795' title='bbox 2757 5092 2978 5143; x_wconf 74' lang='grc' dir='ltr'>ἐκείνων</span> <span class='ocrx_word' id='word_1_796' title='bbox 3017 5090 3226 5159; x_wconf 84' lang='grc' dir='ltr'>ἀνδρῶν</span> <span class='ocrx_word' id='word_1_797' title='bbox 3260 5091 3323 5144; x_wconf 83' lang='grc' dir='ltr'>τὸ</span> <span class='ocrx_word' id='word_1_798' title='bbox 3375 5089 3469 5143; x_wconf 78' lang='grc' dir='ltr'><strong>τοῦ</strong></span> 
     </span>
    </p>
   </div>
   <div class='ocr_carea' id='block_1_112' title="bbox 1899 5179 3472 5254">
    <p class='ocr_par' dir='ltr' id='par_1_112' title="bbox 1899 5179 3472 5254">
     <span class='ocr_line' id='line_1_112' title="bbox 1899 5179 3472 5254; baseline -0.001 -20"><span class='ocrx_word' id='word_1_799' title='bbox 1899 5181 2114 5254; x_wconf 64' lang='lat' dir='ltr'><strong>Harpe;</strong></span> <span class='ocrx_word' id='word_1_800' title='bbox 2148 5179 2461 5252; x_wconf 81' lang='grc' dir='ltr'>θαυμαστὸν</span> <span class='ocrx_word' id='word_1_801' title='bbox 2497 5180 2841 5252; x_wconf 78' lang='grc' dir='ltr'>ἑωρακότων,</span> <span class='ocrx_word' id='word_1_802' title='bbox 2877 5180 2975 5234; x_wconf 77' lang='grc' dir='ltr'>καὶ</span> <span class='ocrx_word' id='word_1_803' title='bbox 3006 5179 3210 5250; x_wconf 77' lang='grc' dir='ltr'>πολλὴν</span> <span class='ocrx_word' id='word_1_804' title='bbox 3246 5180 3472 5250; x_wconf 65' lang='grc' dir='ltr'>συμπάη</span> 
     </span>
    </p>
   </div>
   <div class='ocr_carea' id='block_1_113' title="bbox 1496 5492 2181 5551">
    <p class='ocr_par' dir='ltr' id='par_1_113' title="bbox 1496 5492 2181 5551">
     <span class='ocr_line' id='line_1_113' title="bbox 1496 5492 2181 5551; baseline 0.001 -4"><span class='ocrx_word' id='word_1_805' title='bbox 1496 5493 1732 5547; x_wconf 66' lang='grc' dir='ltr'>γΑιιιίΕ</span> <span class='ocrx_word' id='word_1_806' title='bbox 1774 5492 2181 5551; x_wconf 63' lang='lat' dir='ltr'><strong>LECTiONES.</strong></span> 
     </span>
    </p>
   </div>
   <div class='ocr_carea' id='block_1_114' title="bbox 290 5632 1665 5713">
    <p class='ocr_par' dir='ltr' id='par_1_114' title="bbox 290 5632 1665 5713">
     <span class='ocr_line' id='line_1_114' title="bbox 290 5632 1665 5713; baseline -0.01 -15"><span class='ocrx_word' id='word_1_807' title='bbox 290 5655 316 5686; x_wconf 72' lang='grc' dir='ltr'><strong>ν</strong></span> <span class='ocrx_word' id='word_1_808' title='bbox 352 5646 429 5698; x_wconf 79' lang='lat' dir='ltr'><strong>Ad</strong></span> <span class='ocrx_word' id='word_1_809' title='bbox 464 5643 757 5713; x_wconf 79' lang='lat' dir='ltr'><strong>marginem</strong></span> <span class='ocrx_word' id='word_1_810' title='bbox 794 5656 895 5696; x_wconf 91' lang='lat' dir='ltr'><strong>ms.</strong></span> <span class='ocrx_word' id='word_1_811' title='bbox 930 5635 1189 5708; x_wconf 75' lang='grc' dir='ltr'>πρόσθες,</span> <span class='ocrx_word' id='word_1_812' title='bbox 1226 5634 1355 5704; x_wconf 87' lang='grc' dir='ltr'>κύρι</span> <span class='ocrx_word' id='word_1_813' title='bbox 1386 5632 1665 5702; x_wconf 78' lang='grc' dir='ltr'>πατρίκιε.</span> 
     </span>
    </p>
   </div>
  </div>
