3940 6170
288 307 416 376 1125

1325 312 1501 371 VITA
1541 313 1601 372 S.
1637 313 2012 376 STEPHANI
2051 317 2429 380 JUNIORIS.

3396 325 3532 391 1126

285 423 429 475 θειαν
468 416 864 489 ἐνδειξαμένων
894 418 988 471 ἐπὶ
1025 418 1102 489 τῷ
1142 419 1306 490 ἁγίῳ,
1339 420 1428 474 διὰ
1471 420 1534 473 τὸ
1577 422 1676 491 τῆς
1722 422 1853 492 ὁρά-

1965 425 2227 481 firmatam
2291 431 2695 510 monachorum.
2740 435 3218 504 congregationem
3274 453 3394 505 quae
3452 439 3529 492 illi

286 528 418 574 σεως
453 508 793 576 ἔκπληκτον,
845 507 939 561 δύο
988 507 1344 574 συζεύξαντες
1383 508 1478 562 καὶ
1519 512 1631 572 τοῖς
1682 509 1856 580 ῶμοις

285 603 459 658 αὐτῶν
499 602 599 666 τάς
639 604 828 673 χεῖρας
879 601 973 654 τοῦ
1025 602 1176 655 ὁσίου
1217 602 1500 669 ἐπιθέντες
1528 643 1543 667 ,
1597 604 1691 658 καὶ
1738 607 1857 669 ταῖς

291 697 473 765 ιερσὶν
524 696 703 749 αὐτῶν
751 697 822 750 τὰ
868 696 1071 765 γόνατα
1102 684 1245 753 οὓτω
1287 700 1760 766 διαναπαύοντες,
1797 701 1858 756 τὸ

286 789 648 860 κοιμητήριον
690 787 787 843 τοῦ
817 789 976 858 ἁγίου
1021 788 1312 856 Λῦξεντίου
1351 791 1656 846 κατέλαϐον
1679 834 1693 855 ,
1727 794 1785 846 ὲν
1813 789 1858 862 ᾧ

286 879 374 933 τὸν
405 879 563 947 ἆγιον
612 880 1001 948 ἐγκλείσαντες
1045 881 1145 935 σὺν
1184 883 1249 954 τῇ
1287 882 1526 954 συνούσῃ
1556 883 1705 953 αὐτῷ
1737 882 1854 937 θεο-

287 970 563 1040 στηρίκτῳ
593 968 704 1022 τῶν
739 969 992 1041 μοναχῶν
1044 971 1284 1044 συνοδίᾳ,
1330 974 1662 1044 περιέμενον
1704 974 1858 1028 αὐτοὶ

286 1059 389 1132 πρὸ
418 1059 530 1113 τῶν
571 1058 753 1130 θυρῶν
793 1060 1113 1131 ἐφεζόμενοι
1144 1061 1243 1133 τὴν
1273 1063 1367 1117 τοῦ
1403 1064 1669 1134 βασιλέως
1715 1064 1855 1118 ἀπό-

287 1169 470 1222 φασιν.
516 1152 575 1204 Ὁ
604 1152 661 1204 δὲ
691 1152 1006 1224 παμμάκαρ
1042 1154 1466 1230 οὐκρπαύσατο,
1511 1156 1607 1209 καὶ
1637 1156 1747 1210 ἔσω
1780 1155 1857 1210 ῶν

289 1244 427 1317 μετὰ
455 1246 555 1315 τῆς
596 1244 764 1299 αὑτοῦ
816 1246 1065 1310 συνοδίας
1087 1286 1103 1312 ,
1133 1246 1403 1317 ἀριδήλως
1438 1247 1655 1316 ψάλλων
1677 1264 1692 1279 ο
1738 1248 1858 1316 Τὴν

285 1339 585 1408 ἄχραντον
623 1340 829 1392 εἰκόνα
867 1354 984 1392 σου
1006 1339 1499 1408 προσκυνοῦμεν,
1525 1341 1732 1410 ἀγαθὲ,
1762 1340 1858 1394 καὶ

284 1430 351 1482 τά
385 1427 515 1497 ἑξῆς
539 1444 552 1459 ο
584 1429 683 1481 καὶ¹
727 1427 866 1497 μετά
912 1427 1075 1482 τοῦτο
1101 1429 1198 1481 καὶ
1222 1428 1305 1494 τὸ,
1332 1429 1487 1495 Δόξα
1507 1446 1521 1459 '
1565 1429 1698 1495 Τοῖς
1738 1430 1858 1483 τῶν

284 1518 442 1589 ἐμῶν
472 1518 784 1589 λογισμῶν
810 1520 1070 1588 λῃσταῖς
1099 1520 1440 1588 περιπεσὼν
1466 1520 1781 1588 ἐσυλήθην
1823 1524 1857 1576 ὀ

283 1609 468 1676 τάλας
500 1609 608 1662 τὸν
626 1609 800 1674 νοῦν,
832 1609 929 1662 καὶ
956 1609 1024 1664 τά
1049 1608 1178 1680 ἑξῆς
1204 1609 1301 1663 τοῦ
1354 1609 1540 1674 ἔπους.
1574 1613 1641 1664 Οἱ
1671 1611 1726 1664 δὲ
1752 1610 1859 1682 πρὸ

282 1701 391 1753 τῶν
421 1698 607 1771 θυρῶν
632 1699 875 1769 φύλακες
894 1739 910 1766 ,
934 1699 1093 1753 τοῦτο
1123 1700 1252 1771 παρ’
1285 1700 1472 1765 αὐτοῖς
1515 1700 1856 1771 ψαλλόμενον

1964 518 2187 571 suberat
2233 516 2607 586 inclusissent,
2662 521 2759 590 ipsi
2806 533 2932 577 ante
2963 523 3200 593 “ianuam
3251 528 3532 594 sedentes.

1963 607 2307 677 imperatoris
2338 612 2661 665 sententiam
2693 615 3103 681 exspectabant.
3142 618 3361 672 Interim
3399 635 3532 675 vero

1958 698 2306 779 beatissimus
2334 699 2501 757 Pater
2540 703 2685 758 intus
2726 705 2889 759 etiam
2923 706 3187 773 inclusus,
3223 709 3371 764 clara
3400 726 3533 766 voce

1960 803 2081 842 cum
2116 804 2211 843 sua
2243 794 2667 862 congregatione
2712 796 2946 865 psallere
2992 813 3097 851 non
3146 798 3311 853 desiit
3340 815 3354 852 :
3385 799 3533 855 Inte-

1958 891 2216 935 meratam
2247 883 2531 953 imaginem
2565 894 2709 939 tuam
2742 887 3051 955 adoramus,
3086 905 3117 943 0
3147 890 3301 954 bone,
3329 900 3443 946 etc.
3474 900 3533 947 et

1959 979 2083 1037 post
2114 970 2245 1024 illud
2275 983 2330 1027 et
2370 970 2552 1026 Gloria
2581 989 2599 1026 :
2632 971 2698 1027 In
2745 990 2981 1028 mearum
3034 977 3420 1046 cogitationum
3445 976 3531 1030 la-

1959 1070 2133 1115 trones
2171 1062 2428 1126 incidens,
2470 1073 2639 1117 mente
2682 1066 2842 1119 miser
2870 1067 3127 1133 spoliatus
3156 1086 3292 1132 sum,
3323 1079 3377 1122 et
3406 1069 3533 1123 reli-

1958 1166 2122 1220 quum
2186 1165 2428 1206 carmen.
2484 1151 2751 1209 Custodes
2790 1170 2955 1221 vero,
3006 1158 3097 1227 qui
3159 1170 3287 1214 ante
3343 1160 3531 1214 limina

1957 1250 2134 1306 erant,
2178 1246 2292 1297 hac
2329 1244 2393 1296 ab
2425 1242 2532 1298 illis
2575 1245 2785 1299 cantari
2837 1247 3141 1310 audientes.
3193 1251 3372 1317 capita
3419 1252 3533 1320 agi-

1965 1330 2150 1395 tando,
2174 1345 2293 1391 sese
2317 1332 2547 1387 invicem
2574 1336 2799 1389 miseros
2822 1338 3213 1404 prazdicabant.
3243 1338 3408 1411 460
3444 1340 3533 1395 Va:

1959 1424 2150 1488 nobis,
2199 1422 2451 1487 aiebant,
2504 1427 2655 1494 quia
2691 1428 2973 1483 monachis
3036 1424 3389 1497 hominibus,
3436 1432 3530 1503 qui

1962 1515 2172 1568 innoxii
2249 1513 2577 1583 afﬂiguntur,
2642 1516 2879 1574 latrones
2941 1520 3134 1574 merito
3179 1523 3532 1592 appellamur.

1960 1604 2065 1658 Sex
2102 1619 2265 1674 porro
2322 1605 2524 1673 elapsis
2570 1605 2762 1661 diebus
2803 1606 2977 1678 jejuni
3013 1609 3121 1664 illic
3155 1611 3348 1666 inclusi
3383 1626 3536 1665 mau-

1958 1710 2099 1750 sere.
2148 1695 2392 1765 Septima
2423 1706 2601 1749 autem
2636 1697 2722 1751 die
2768 1697 2908 1751 alius
2940 1700 3160 1767 quidam
3191 1699 3478 1769 prwl‘ectus
3503 1716 3533 1753 a

281 1790 598 1855 ἀκούοντες,
635 1789 737 1853 τὰς
769 1793 834 1843 κά
846 1807 944 1861 ρας
973 1789 1410 1854 ἐπισαλεύοντες,
1436 1790 1703 1862 ἀλλήλους
1733 1792 1858 1844 ὲτα-

1965 1794 2190 1856 lyranno
2245 1785 2573 1853 imperatore
2635 1786 2877 1850 advenit,
2934 1799 3185 1843 sanctum
3256 1791 3433 1855 virum
3479 1790 3533 1845 in

282 1881 503 1946 λάνιζον
563 1881 828 1949 λέγοντες
852 1900 865 1915 ι
929 1882 1070 1935 Οὐαὶ
1097 1883 1225 1952 ἡμῖν
1250 1884 1355 1938 εὸτι
1375 1882 1527 1954 παρὰ
1552 1882 1857 1954 ἀνθρώπων

1965 1878 2238 1947 proprium
2313 1878 2707 1931 monasterium
2779 1879 3174 1946 restituturus,
3220 1883 3289 1936 ob
3338 1883 3533 1937 bellum

283 1974 578 2047 μοναχῶν,
624 1974 793 2045 μηδὲν
843 1974 1187 2044 ἠδικηκότων
1231 1974 1326 2027 καὶ
1368 1975 1848 2045 κακουχουμένων,

1965 1968 2216 2019 adversus
2251 1963 2480 2036 Scythas
2517 1968 2859 2020 incumbens.

281 2066 511 2128 εἰκότως
561 2064 757 2138 λῃσταὶ
790 2064 1207 2134 κηρυσσόμεθα.
1268 2062 1365 2127 Ἐξ
1390 2064 1446 2116 δὲ
1476 2062 1868 2135 παρελθουσῶν
1907 2056 2151 2131 ἡμερῶν,
2202 2056 2378 2109 ἄσιτοι
2447 2055 2724 2126 διέμειναν
2791 2059 2840 2110 oi
2887 2059 3012 2128 περὶ
3055 2059 3145 2111 τὶν
3177 2059 3332 2129 ἅγιον
3376 2063 3535 2130 ἐγκε-

279 2158 618 2227 κλεισμένοι.
654 2158 762 2210 Καὶ
791 2160 857 2228 τῇ
899 2158 1102 2230 ἑϐδόμῃ
1143 2160 1337 2228 ἡμέρᾳ.
1369 2159 1433 2210 ὲκ
1461 2156 1554 2210 τοῦ
1622 2157 1888 2228 τυράννου
1931 2150 2199 2223 βασιλέως
2244 2148 2435 2219 ἕτερός
2465 2165 2548 2210 τις
2603 2148 2789 2219 ἄρχων
2862 2150 3215 2220 παρεγένετο,
3252 2153 3344 2205 τὸν
3383 2153 3535 2222 ἅγιον

278 2256 340 2307 ὲν
373 2251 455 2322 τῷ
502 2251 691 2322 οίκείῳ
714 2251 1115 2323 φροντιστηρίῳ
1149 2252 1647 2321 ἀποκαταστήσων,
1683 2250 1926 2318 πολέμου
1959 2244 2094 2318 πρὸς
2121 2242 2337 2306 Σκύθας
2370 2244 2801 2312 παρακειμένου.

364 2348 425 2402 Ὁ
453 2347 512 2401 δὲ
539 2348 799 2410 κάκιστος
829 2348 1034 2409 ἐκεῖνος
1063 2349 1409 2417 παρωνύμως
1433 2345 1735 2407 Κάλλιστος
1760 2345 1856 2398 ἕνα

274 2437 388 2493 τῶν
427 2435 692 2510 μαθητῶν
720 2435 818 2489 τοῦ
844 2435 993 2489 ὁσίου
1043 2435 1163 2488 κατ’
1202 2437 1339 2490 ἰδίαν
1371 2436 1819 2508 προσλαϐόμενος
1839 2475 1853 2498 ,

274 2529 509 2602 χρυσίον
536 2544 597 2580 τε
624 2526 773 2597 αὐτῷ
800 2526 948 2590 δοὺς,
972 2527 1066 2580 καὶ
1087 2528 1273 2597 ἓτερον
1301 2527 1486 2581 δοῦναι
1520 2525 1854 2595 ἐπαγγειλά-

277 2638 469 2693 μενος,
498 2618 677 2673 πείθει
708 2620 798 2671 τὸν
830 2617 1068 2670 ἐλεεινὸν
1115 2618 1322 2671 ἐκεῖνον
1348 2617 1601 2686 δεύτερον
1650 2616 1854 2670 Ἰούδαν

224 2716 235 2729 ¹
274 2709 584 2781 γενέσθαι,
645 2709 739 2761 καὶ
792 2708 934 2761 κατά
985 2705 1081 2760 τοῦ
1134 2707 1454 2761 διδασκάλου
1508 2707 1854 2777 ὀπλισθῆναι.

272 2804 516 2874 Σέργιος
547 2800 603 2853 δὲ
644 2799 815 2868 ὄνομα
843 2796 1020 2867 τούτῳ
1054 2799 1130 2870 τῷ
1157 2797 1395 2868 μαθητῇ.
1433 2797 1507 2850 Τὸ
1530 2797 1587 2851 δὲ
1628 2797 1858 2865 στρατό-

276 2893 448 2947 πεδον
498 2894 681 2945 ἐκεῖνο
722 2890 887 2960 εὐχὴν
918 2888 1074 2960 παρᾲ
1106 2888 1201 2943 τοῦ
1250 2888 1406 2957 ἁγίου
1456 2887 1710 2957 αἰτῆσαν,
1763 2887 1859 2956 τὴν

274 2982 687 3053 βασιλεύουσαν
737 2979 1057 3037 κατέλαϐεν.
1091 2977 1189 3032 καὶ
1233 2978 1331 3031 σὺν
1358 2977 1433 3048 τῷ
1464 2976 1674 3046 βασιλεῖ
1718 2976 1860 3029 κατά

2038 2339 2311 2393 Pessimus
2336 2346 2513 2390 autem
2539 2336 2628 2391 ille
2653 2337 2789 2391 male
2811 2336 3151 2404 Callistus,id
3168 2345 3271 2401 est,
3303 2339 3539 2406 optimus

1966 2430 2279 2498 appellatus,
2304 2444 2466 2479 IIIIIIIII
2494 2443 2521 2481 e
2545 2414 3016 2498 sanctidiscipulis
3039 2429 3292 2497 privatim
3312 2430 3541 2486 adorsus

1963 2531 2064 2585 est,
2092 2533 2331 2586 auroque
2357 2517 2403 2570 ei
2428 2519 2554 2571 dato
2584 2527 2637 2569 et
2666 2517 2812 2569 aliud
2845 2533 2902 2571 se
2935 2518 3036 2586 ipsi
3064 2521 3309 2573 daturum
3333 2521 3540 2590 pollici-

1967 2622 2072 2674 tus,
2103 2602 2391 2663 miseroilli
2421 2609 2707 2677 persuadet
2738 2607 2963 2662 alterum
2987 2610 3100 2663 ﬁeri
3129 2609 3345 2676 Judam,
3370 2628 3541 2666 arma-

1964 2718 2066 2772 que
2099 2712 2287 2757 contra
2325 2702 2639 2770 magistrum
2680 2714 2916 2756 sumere.
2948 2699 3085 2756 Huic
3116 2702 3379 2771 discipulo
3414 2703 3541 2757 Scr-

1961 2797 2080 2866 gius
2117 2809 2311 2847 nomen
2335 2804 2474 2848 erat.
2515 2794 2593 2846 Illi
2628 2806 2755 2846 vero
2798 2793 2997 2848 milites
3027 2796 3275 2848 oratione
3301 2810 3329 2848 a
3352 2805 3538 2850 sancto

1964 2887 2331 2956 postulata,se
2357 2885 2409 2938 in
2433 2885 2836 2953 imperatoriam
2858 2885 3045 2939 urbem
3078 2896 3428 2956 receperunt,
3454 2887 3539 2940 in-

1965 2981 2139 3047 deque
2161 2992 2282 3032 cum
2310 2976 2637 3044 imperatore
2658 2977 2708 3029 in
2732 2974 3001 3045 Europam
3020 2977 3278 3031 adversus
3308 2976 3538 3047 Scythas

272 3074 391 3127 τῶν
443 3070 673 3125 Σκυθῶν
714 3070 807 3122 ἐπὶ
841 3069 944 3140 τὴν
974 3068 1248 3139 Εὐρώπην
1289 3068 1687 3136 ὲφουσάτευσεν
1727 3065 1858 3138 (I0).

1970 3066 2195 3137 profecti
2226 3075 2372 3123 sunt.
2409 3068 2626 3120 Interim
2652 3067 2740 3121 ille
2768 3067 3071 3137 iniquitatis
3105 3067 3248 3125 ﬁlius
3281 3067 3529 3140 Sergius,

282 3164 348 3219 '0
379 3165 442 3218 δὲ
482 3163 590 3234 τῆς
618 3162 846 3229 ἀνομίας
872 3161 1081 3223 ἐκεῖνος
1108 3159 1219 3220 υίὸς
1266 3159 1491 3229 Σέργιος
1514 3200 1527 3220 ,
1560 3161 1588 3211 ὁ
1614 3157 1864 3229 δεύτερος

285 3254 662 3325 Ἰσκαριώτης
687 3291 701 3315 ,
733 3251 829 3304 καὶ
884 3249 984 3319 τῆς
1008 3248 1250 3318 ’ἀγχόνης
1272 3248 1633 3319 κληρονόμος,
1663 3247 1866 3300 παντά-

272 3364 453 3401 πασιν
482 3345 579 3398 διὰ
603 3344 696 3396 τοῦ
718 3342 895 3395 δολίου
924 3340 1150 3410 χρυσίου
1170 3348 1194 3376 ³
1212 3341 1449 3402 ὲνδυθεὶς
1474 3341 1566 3393 τὸν
1597 3341 1863 3401 Σατανᾶν,

275 3440 344 3491 ἐκ
374 3438 507 3490 τότε
549 3435 651 3487 οὐκ
684 3433 964 3485 ἐπαύσατο
1006 3430 1363 3502 λαθροπορῶν
1405 3432 1499 3484 καὶ⁵
1526 3447 1867 3500 κρυφιογνω-

272 3527 399 3600 μῶν
428 3526 585 3580 κατά
614 3522 708 3576 τοῦ
741 3522 1040 3592 σεϐασμίου
1067 3521 1301 3591 Πατρός.
1349 3522 1434 3584 Ὠς
1468 3521 1526 3575 δὲ
1558 3517 1695 3575 εἶδεν
1741 3525 1866 3574 ἑαυ-

268 3617 367 3669 τὸν
405 3611 758 3668 ἀσθενοῦντα
804 3611 940 3681 πρὸς
972 3609 1032 3663 τὸ
1064 3609 1261 3663 ἑαυτοῦ
1300 3610 1530 3678 ἐφετὸν,
1583 3610 1682 3679 τῆς
1718 3610 1867 3679 ἱερᾶς

1966 3157 2104 3212 alter
2149 3157 2401 3211 lscariota
2438 3167 2492 3212 et
2522 3140 2708 3227 laquei
2755 3158 2964 3220 lia-res,
3014 3156 3273 3213 Satanam
3324 3161 3540 3228 penitus

1968 3261 2060 3315 per
2092 3248 2339 3302 dolosmn
2382 3263 2572 3302 aurum
2628 3248 2874 3313 indutus,
2911 3249 2979 3303 ab
3005 3264 3069 3304 eo
3105 3250 3536 3319 temporesclam

1966 3338 2191 3392 insidias
2222 3338 2532 3393 venerando
2570 3337 2719 3392 Patri
2766 3351 2980 3394 struere
3006 3349 3061 3395 et
3101 3341 3402 3394 machinari
3433 3358 3537 3396 non

1967 3431 2191 3485 destitit.
2240 3428 2460 3494 Verum,
2494 3442 2551 3484 ut
2580 3430 2740 3503 ἀει
2775 3432 2909 3486 vilit
2956 3447 3014 3487 se
3056 3433 3106 3487 id
3137 3433 3279 3501 quod
3315 3433 3539 3502 Optabat

1967 3524 2222 3592 consequi
2255 3538 2358 3576 non
2392 3536 2565 3591 posse,
2602 3538 2659 3577 se
2691 3542 2717 3577 ιι
2755 3540 2910 3579 sat-ra
2939 3525 3025 3579 illa
3056 3525 3210 3580 caula
3242 3527 3534 3594 separavit,

1967 3623 2019 3667 et
2052 3614 2116 3665 a‘d
2160 3613 2567 3681 publicanorum
2621 3615 2771 3668 sinus
2826 3614 3153 3670 Nicomedia:
3214 3616 3529 3686 prterectunt

268 3708 510 3779 ἐκείνης
547 3705 796 3775 μάνδρας
840 3702 1034 3756 ἑαυτὸν
1062 3702 1324 3773 χωρίσας,
1357 3700 1453 3753 καὶ
1484 3701 1619 3770 πρὸς
1657 3702 1746 3755 τὸν
1769 3705 1858 3772 ἀρ-

1969 3690 2326 3775 coguomento
2355 3705 2745 3759 Aulicalamum
2796 3707 3121 3773 convolavit,
3158 3721 3389 3778 eumque
3423 3725 3536 3764 sum

266 3797 691 3873 χιτελιιινοῦντα
727 3796 932 3848 κόλπου
968 3802 997 3842 1
1031 3792 1131 3863 τῆς
1165 3791 1531 3861 Νικομηδείας
1578 3791 1858 3863 φορολόγον

1969 3796 2289 3865 perditionis
2338 3806 2645 3850 consortem
2693 3807 2746 3851 et
2796 3797 3000 3852 socium
3067 3801 3295 3868 accepit.
3355 3800 3540 3872 Itaque

266 3890 632 3964 εἰσδραμὼν.
669 3887 1054 3956 Αὐλικάλαμον
1097 3885 1160 3938 τὸ
1205 3884 1460 3951 ἐπίκλην.
1509 3883 1858 3953 συγγνώμονα

1969 3890 2126 3942 ambo
2155 3888 2307 3942 ﬁctas
2335 3888 2633 3943 calumnias
2661 3889 2923 3944 adversus
2950 3890 3283 3961 Stephanum
3319 3892 3370 3945 in
3396 3893 3540 3948 codi-

263 3986 472 4038 τοῦτον
498 3981 782 4051 λαμϐάνει.
809 3980 903 4033 καὶ
938 3975 1196 4032 κοινωνὸν
1225 3977 1324 4047 τῆς
1353 3976 1520 4030 αὐτοῦ
1550 3975 1858 4040 ἀπωλείας,

1969 3980 2094 4036 cillo
2120 3980 2495 4050 conscripsere
2552 3980 2652 4033 hoc
2711 3981 2868 4036 modo
2896 3998 2909 4034 :
2940 3980 3124 4036 Primo
3152 3992 3204 4036 et
3249 3983 3539 4053 praecipue,

265 4077 367 4132 καὶ
411 4076 599 4145 τόμον
641 4069 1057 4141 συγγράψαντες
1094 4071 1152 4122 ὲν
1182 4067 1541 4130 ὲπιπλάστοις
1578 4067 1858 4138 λοιδορίαις

1972 4072 2068 4141 tui,
2104 4078 2363 4138 tanquam
2404 4071 2665 4137 hmretici,
2722 4073 2998 4125 memoriae
3033 4073 3322 4126 anathema
3364 4073 3493 4127 dicit
3527 4092 3538 4125 :

265 4167 418 4222 κατὰ
446 4162 554 4218 τοῦ
583 4163 734 4217 ὁσίου
765 4161 1038 4230 Στεφάνου
1075 4156 1344 4231 ἐνέθηκαν
1384 4157 1584 4223 οὕτως·
1660 4159 1745 4223 Ὦς
1786 4161 1858 4213 ὅτι

1973 4169 2023 4214 te
2052 4162 2245 4233 Syrum
2279 4171 2331 4216 et
2362 4159 2593 4215 Vitalcm
2633 4163 2868 4232 appellat
2903 4181 2916 4217 :
2962 4164 3144 4216 foveas
3199 4164 3459 4216 adversus
3493 4173 3543 4217 te

265 4258 504 4330 πρῶτον
535 4255 641 4309 καὶ
667 4252 947 4323 ἐξαίρετον
975 4249 1368 4320 ἀναθεματίζει
1399 4266 1494 4303 σου
1523 4251 1622 4319 τὴν
1650 4253 1858 4321 μνήμην

1972 4252 2107 4309 fodit
2139 4254 2190 4307 iu
2223 4240 2405 4307 monte
2454 4253 2682 4323 sedens;
2717 4252 2945 4321 aliaque
2986 4252 3380 4322 quamplurima
3426 4255 3542 4321 qui-

262 4352 344 4414 ὡς
385 4345 692 4421 αἱρετικοῦ
736 4361 752 4375 ο
788 4342 1065 4414 Συρογενῆ
1102 4358 1162 4394 τε
1203 4340 1297 4393 καὶ
1332 4339 1564 4409 Βιτάλην
1598 4350 1619 4376 ι
1651 4358 1708 4392 σε
1735 4342 1858 4394 ἀπο-

1975 4344 2073 4397 Ιυιιε
2118 4345 2266 4397 illum
2304 4343 2632 4397 tualelieiose
2669 4343 3020 4406 accusabant,
3074 4358 3192 4410 quze
3228 4343 3543 4397 meminisse

263 4419 477 4494 καλεῖ)
530 4438 637 4490 καὶ
684 4433 910 4506 βόθρους
946 4430 1091 4485 κατά
1126 4429 1220 4482 σοῦ
1267 4427 1490 4499 όρύσσει
1526 4431 1583 4481 ἐν
1627 4429 1704 4499 τῷ
1756 4430 1858 4500 ὄρει

1980 4434 2060 4486 vel
2117 4432 2334 4501 scriptis
2404 4434 2661 4487 mandare
2721 4433 2997 4504 indignum
3049 4442 3152 4486 cst.
3211 4432 3540 4487 Addebaut:

260 4532 629 4602 καθήμενος.
693 4527 801 4580 Καὶ
843 4524 981 4579 ἄλλα
1022 4522 1145 4576 τινὰ
1195 4521 1492 4591 πάμπολλα
1553 4521 1715 4574 αὐτὸν
1767 4522 1858 4574 λοι-

1987 4520 2227 4575 Νοιιίιυιη
2294 4523 2582 4590 quamdam
2651 4521 2927 4576 mulierem
2973 4522 3085 4591 ipse
3138 4523 3551 4576 sedaxitetto-

261 4623 659 4693 δορήσαντες,
694 4611 767 4671 ὧν
798 4615 1102 4687 μνησθῆναι
1125 4613 1227 4666 οὐκ
1259 4611 1406 4665 ἔστιν
1430 4611 1597 4678 ἄξιον,
1625 4612 1657 4682 ἢ
1688 4616 1858 4683 γραφῇ

1982 4614 2183 4675 toudit,‘
2211 4620 2438 4683 eamque
2473 4616 2524 4667 in
2558 4613 2885 4667 monasterio
2933 4613 3188 4667 inferiore
3235 4622 3396 4679 tenet,
3428 4628 3547 4681 qum

262 4711 664 4784 παραδοῦναι.
688 4709 798 4761 Καὶ
824 4708 927 4772 ὅτι,
958 4705 1145 4777 φησὶν,
1201 4703 1438 4771 γυναίκά
1490 4717 1613 4754 τινα
1670 4702 1858 4772 πλανὴ

1978 4704 2193 4773 quidem
2242 4715 2400 4758 noctu
2432 4705 2580 4757 illum
2612 4704 2664 4757 in
2695 4704 2830 4757 colle
2866 4703 3139 4768 convenit,
3188 4703 3458 4758 Ιιιιίιιίοοεί
3494 4712 3548 4756 et

263 4823 373 4867 σας
428 4801 557 4854 τῶν
606 4799 869 4868 εὐγενῶν,
919 4797 1123 4866 ταύτην
1163 4796 1459 4863 ἀπέκειρεν
1502 4795 1595 4845 καὶ
1636 4793 1772 4864 πρὸς
1815 4796 1858 4846 τί

1965 4795 2195 4863 [agitiosi
2271 4794 2581 4848 commercii
2642 4808 2826 4848 causa.
2899 4790 3024 4847 "ac
3077 4808 3235 4864 parre
3295 4795 3405 4862 ipsa
3460 4792 3546 4845 illa

258 4900 429 4953 κάτω
452 4893 584 4965 ἔχει
619 4890 1010 4962 μοναστήριον,
1036 4891 1128 4940 καὶ
1160 4886 1301 4939 κατὰ
1319 4885 1496 4937 νύκτα
1547 4885 1681 4955 πρὸς
1713 4885 1858 4937 αὐτοι

1977 4896 2081 4948 est,
2118 4886 2391 4938 auditores
2440 4884 2759 4949 fidelissimi,
2803 4884 2959 4953 cujus
3006 4875 3255 4967 superius
3302 4882 3544 4947 memini,

258 4990 324 5043 ιν
363 4986 453 5056 τῷ
502 4981 697 5054 βουνῷ
752 4971 1045 5049 ἀνέρχεται
1093 4974 1375 5046 ὲμπαθούς
1417 4974 1510 5027 καὶ
1555 4975 1858 5046 ὲφαμάρτοι

1980 4993 2099 5046 qua:
2130 4992 2342 5044 nempe,
2373 4977 2484 5031 suis
2513 4977 2763 5031 oumibus
2804 4976 2958 5030 bonis
3003 4986 3145 5029 recte
3199 4974 3545 5040 dispensatis,

257 5080 441 5134 ἱν;κα
496 5072 846 5143 ἐπιμιξίαςο
900 5070 1038 5140 αὕτη
1088 5068 1145 5121 δέ
1204 5069 1375 5129 ἐστιν,
1448 5060 1493 5119 ὦ
1560 5068 1858 5121 πιστότατοι

1982 5068 2089 5122 tilia
2133 5068 2394 5137 spiritalis
2434 5068 2608 5121 sancti
2659 5066 2919 5136 Stephani
2970 5081 3066 5134 per
3114 5073 3359 5121 sanctmn
3393 5061 3545 5115 habi-
3647 5120 3656 5153 ί

1604 5198 1836 5254 νΑιιιΑῖ
1891 5197 2297 5254 LECTIONES.

334 5344 365 5374 ι
408 5331 541 5384 Duo
572 5323 787 5377 addunt
821 5320 1104 5393 σαρκικῶς
1131 5323 1326 5375 εἰπεῖν,
1404 5329 1433 5369 γ
1457 5321 1526 5372 al.
1568 5317 1659 5370 τὸν
1692 5314 1907 5367 κόλπον.
1987 5320 2010 5348 ²
2047 5313 2115 5364 al.
2148 5313 2417 5368 Βιτάλιον.

1822 5446 2051 5501 NOTAE.

1989 5562 2279 5629 signiﬁcat.
2309 5560 2604 5614 exercitum
2634 5561 2849 5620 ducere,
2880 5559 3076 5614 bellum
3101 5574 3311 5631 gerere,
3339 5557 3404 5613 ad
3439 5555 3548 5615 bel-

331 5581 460 5645 (m)
513 5571 1049 5645 Ἐφουσάτευσεν.
1097 5570 1266 5624 Alius.
1323 5584 1423 5623 tus.
1456 5567 1625 5645 habet
1664 5562 1878 5645 ὲφωσὰτ
1989 5562 2279 5645 signiﬁcat.
2309 5562 2604 5645 exercitum
2634 5562 2837 5645 ducere

1990 5632 2095 5681 lum
2140 5633 2426 5698 proﬁcisci,
2469 5632 2858 5685 castrametari.

253 5634 471 5705 τεύσεν
509 5666 524 5699 :
566 5634 744 5702 a'ltus,
783 5642 1202 5709 ὲφοσσάτευσεν.
1241 5644 1329 5691 I’oi
1346 5654 1403 5689 ro
1456 5641 1693 5715 luccvox
1741 5634 1878 5701 apud

256 5723 506 5777 Graecos
546 5716 755 5768 Inetlite
808 5727 856 5763 et
897 5713 1090 5764 intimae
1138 5712 1311 5763 artatis
1370 5725 1465 5777 pro
1520 5712 1666 5758 vario
1720 5718 1879 5754 st'thu
