3894 6164
291 193 426 262 1127

1488 195 1622 253 STE
1634 194 1866 254 [ἮΑΝῙ
1910 193 2221 255 DIACONI
2260 193 2369 253 CP.

3401 182 3540 247 1123

288 310 406 360 tum
442 301 585 359 facta
623 309 704 357 est
736 319 751 357 :
782 300 935 370 cujus
982 309 1245 370 praetcrea
1294 299 1544 353 ancillam
1598 302 1858 353 subm-na-

1983 299 2259 368 ικροαταὶ,
2290 300 2320 365 ἡ
2356 293 2905 367 προμνημονευθεῖσα
2950 291 3006 343 ἐν
3041 292 3154 353 τοῖς
3200 288 3538 361 ἔμπροσθεν,

292 406 442 465 runt,
476 396 551 450 illi
587 395 842 451 libertate
876 403 932 448 et
954 394 1223 448 connubio
1257 407 1377 446 cum
1411 392 1590 459 aliquo
1620 406 1683 444 ex
1714 393 1862 461 pala-

296 490 373 544 tio
401 488 711 557 propositis.
738 486 829 541 Sic
856 501 975 541 eam
1002 488 1299 539 docuerunt
1330 484 1587 537 adversus
1613 492 1860 536 sanctum

294 592 349 636 et
381 581 654 634 dominam
689 578 871 634 dicere
898 589 1235 645 quaecunque
1265 578 1318 627 in
1354 573 1535 627 animo
1569 573 1862 625 habebant.

295 667 615 738 Huiusmodi
652 667 817 736 igitur
858 666 1052 719 falsum
1096 663 1258 735 462
1304 663 1538 717 libellum
1589 663 1865 730 composi-

298 770 450 824 tum,
499 774 596 828 par
631 758 757 812 illud
811 756 1011 810 diaboli
1059 771 1154 822 per
1194 756 1434 809 velocem
1483 768 1766 808 cursorem
1811 754 1863 805 in

298 851 579 922 Scythiam
629 850 697 902 ad
749 849 1129 917 imperatorem
1183 847 1363 912 misit,
1410 847 1502 915 qui
1539 862 1604 901 eo
1646 846 1786 899 lecto
1814 854 1868 898 et

298 951 495 1009 praeter
533 938 622 1007 jus
670 939 1052 1001 condemnato,
1109 936 1256 990 velut
1297 936 1638 990 commodam
1677 945 1868 988 nactus

297 1030 662 1092 occasionem,
697 1028 818 1082 sine
864 1041 1013 1080 mora
1075 1029 1304 1081 veredos
1331 1026 1482 1080 misit
1511 1025 1578 1079 ad
1613 1026 1867 1085 Authem,

299 1122 389 1190 qui
415 1120 628 1189 patricii
659 1118 925 1187 dignitate
954 1126 1181 1172 ornatus
1212 1127 1351 1182 erat,
1385 1116 1610 1184 ejusque
1642 1114 1786 1167 vices
1815 1114 1867 1166 in

305 1212 531 1265 civitate
585 1210 841 1280 gerebat,
878 1209 962 1262 cui
995 1223 1090 1277 per
1142 1208 1348 1261 litteras
1394 1208 1507 1259 lucc
1546 1205 1866 1259 mandavit:

300 1304 564 1370 Quoniam
627 1298 968 1370 rebus'ipsis
1018 1314 1160 1369 saepe
1207 1297 1342 1353 certi
1397 1296 1523 1351 facti
1586 1311 1774 1351 sunms
1819 1304 1872 1349 te

301 1396 472 1466 probo
497 1404 551 1448 et
582 1403 738 1462 grato
765 1394 948 1445 animo
975 1405 1101 1459 erga
1127 1400 1309 1444 nostra
1341 1390 1590 1442 mandata
1619 1386 1869 1440 allectum

301 1503 423 1542 esse
445 1525 462 1552 ,
498 1486 706 1539 idcirco
760 1492 957 1537 nostra:
992 1497 1234 1551 personae
1269 1480 1588 1551 dignitatem
1623 1478 1716 1532 tibi
1751 1493 1873 1530 cre-

302 1579 557 1632 didimus.
602 1574 849 1644 Namque
877 1575 1115 1627 siderum
1153 1575 1326 1627 instar
1376 1573 1658 1626 insomnes
1686 1570 1872 1623 oculos

305 1670 370 1723 ad
406 1678 642 1722 nostram
697 1664 1146 1732 tranquillitatem
1203 1677 1496 1717 conservas
1529 1678 1542 1713 :
1572 1670 1625 1716 et
1655 1661 1868 1729 quidem
1901 1646 1942 1700 Β

306 1760 524 1825 merito,
566 1770 818 1825 tauquam
859 1756 1067 1809 amicus
1120 1755 1293 1809 ﬁdelis
1322 1762 1377 1808 et
1404 1763 1587 1821 gratus
1617 1753 1871 1806 famulus.

307 1853 444 1906 lliuc
471 1866 594 1906 eum
625 1866 688 1903 ex
723 1863 957 1920 utraque
1000 1857 1153 1916 parte
1186 1858 1236 1901 te
1269 1847 1422 1903 nobis
1470 1846 1718 1899 idoneum
1751 1857 1874 1898 esse

305 1944 699 2006 existimamus,
730 1942 826 1995 tibi
860 1938 1204 2009 praecipimus
1234 1949 1293 1990 ut
1321 1952 1482 2007 quam
1519 1936 1781 1991 citissime
1817 1943 1870 1989 te

308 2036 361 2088 in
396 2036 783 2089 monasterium
818 2034 1094 2096 centeras,
1125 2030 1267 2100 quod
1299 2031 1365 2083 ad
1395 2031 1583 2099 pedem
1615 2026 1875 2082 Auxentii

306 2122 460 2176 cultis
534 2123 695 2176 situm
770 2131 852 2175 est
903 2138 918 2175 :
964 2120 1056 2174 ubi
1126 2120 1444 2174 meretrices
1505 2117 1758 2171 mulieres
1807 2130 1875 2170 ex

310 2212 907 2276 nefandorum.ordine,
956 2213 1212 2279 pietatem
1264 2210 1501 2264 mentitae
1544 2209 1812 2271 habitant,
1845 2220 1877 2260 e

310 2306 507 2373 quibus
561 2319 719 2355 unam
773 2302 916 2365 tolle,
969 2301 1182 2355 Annam
1231 2301 1468 2365 nomine,
1519 2314 1747 2369 eamque
1781 2312 1879 2367 per

310 2396 411 2448 ltus
448 2394 675 2447 veredos
710 2393 865 2447 nobis
891 2393 1069 2455 mitte,
1090 2401 1144 2445 et
1173 2392 1571 2461 quamprimum
1602 2389 1654 2443 iu
1685 2388 1879 2443 castris

311 2486 395 2539 fac
429 2486 635 2539 adesse.
676 2482 826 2538 Vale.
874 2483 970 2538 llle
1019 2483 1264 2552 improbo
1299 2483 1625 2553 imperatore
1677 2481 1881 2546 impro-

312 2577 431 2630 biur
454 2574 616 2647 463
661 2590 874 2639 servus,
917 2588 1092 2644 neque
1126 2574 1426 2628 litterarum
1462 2574 1697 2629 lectione
1726 2571 1881 2641 peni-

315 2677 399 2721 tus
428 2669 698 2733 absoluta,
750 2666 1036 2721 confestim
1086 2680 1211 2720 cum
1263 2664 1491 2719 militum
1540 2664 1880 2719 multitudine

315 2761 671 2811 barbarorum
703 2772 852 2811 more
883 2757 951 2811 ad
987 2756 1374 2810 monasterium
1410 2769 1469 2810 se
1497 2754 1744 2809 contulit.

315 2852 541 2924 βερίδων
595 2857 725 2925 ἡμῖν
785 2851 1155 2918 ἀποστείλας,
1207 2851 1393 2922 τάχιον
1450 2851 1529 2920 τῷ
1584 2850 1876 2920 φουσσάτῳ

320 2946 510 3006 σιλέως
547 2941 1013 3014 παρανομώτερος
1062 2942 1313 3012 οἰκέτης,
1357 2942 1493 3013 μηδὲ
1538 2942 1759 3005 τελείως
1810 2942 1879 2995 τὰ

316 3038 445 3102 τῶν,
479 3034 825 3106 βαρϐαρικῶς
855 3034 916 3087 τὸ
952 3034 1313 3105 μοναστήριον
1346 3028 1779 3104 καταλαμϐάνει.

1964 391 2084 459 ἥτις
2123 390 2218 442 καὶ
2253 387 2432 440 πάντα
2458 386 2527 439 τὰ
2553 386 2723 454 αὐτῆς
2752 382 2936 445 καλῶς
2966 382 3329 451 διοικήσασα,
3368 381 3539 448 θυγά-

1961 497 2070 550 τηρ
2108 478 2453 549 πνευματικὴ
2489 478 2577 531 διὰ
2630 476 2725 529 τοῦ
2776 475 2933 543 ἁγίου
2980 475 3258 544 σχήματος
3283 474 3359 543 τῷ
3399 474 3542 543 ἁγίῳ

1966 572 2357 646 ἐχρημάτισεν.
2416 563 2524 632 Ἦς
2573 568 2675 638 τὴν
2740 567 2982 620 οἱκέτιδα
3025 566 3539 634 άποπλανήσαντες,

1969 663 2361 732 συνταξάμενοι
2396 660 2602 730 ταύτην
2645 658 2992 728 ἐλευθεροῦν,
3026 658 3120 710 καί
3151 674 3258 710 τινι
3296 657 3404 710 τῶν
3446 657 3543 710 τοῦ

1969 755 2226 809 παλατίου
2256 752 2539 821 ζευγνύειν
2570 751 2758 821 αὐτὴν,
2806 750 2977 812 οὕτως
2999 750 3309 802 διδάσκουσι
3336 749 3543 819 ταύτην

1968 846 2111 899 κατά
2147 845 2248 914 τῆς
2304 842 2592 911 δεσποίνης
2637 844 2813 894 εἰπεῖν
2871 838 2964 894 καὶ
3013 841 3107 893 τοῦ
3166 840 3346 907 ἁγίου,
3394 840 3540 910 ἅπερ

1968 937 2268 989 ἐϐούλοντο.
2299 936 2553 988 Τοιοῦτον
2571 935 2785 1005 δολερὸν
2811 935 2872 986 τὸ
2888 934 3334 1003 ψευδεπίγραφον
3362 950 3543 1004 γραμ-

1973 1032 2193 1097 ματεῖον
2227 1028 2614 1097 συστησαμένη
2659 1029 2691 1097 ὴ
2733 1027 2828 1079 τοῦ
2859 1027 3109 1079 διαϐόλου
3148 1026 3373 1095 ξυνωρὶς
3402 1065 3416 1087 ,
3454 1025 3545 1079 διὰ

1969 1121 2308 1190 ταχυδρόμου
2347 1123 2405 1173 ἐν
2433 1119 2668 1183 Σκύθαις
2700 1121 2839 1188 πρθλς
2879 1118 2979 1182 τὰς
3011 1118 3104 1171 τοῦ
3140 1118 3402 1188 βασιλέως
3438 1119 3547 1170 ἀπ·-

1972 1210 2158 1263 έθεντο
2204 1213 2412 1281 χεῖρας.
2459 1211 2653 1273 Ὅστις
2699 1211 2763 1280 δὴ
2796 1211 3062 1277 ἀναγνοὺς
3095 1211 3190 1262 καὶ
3238 1210 3544 1277 καταγνοὺς

1973 1299 2326 1369 παρανόμως,
2361 1299 2435 1361 ὡς
2466 1298 2686 1350 εὐθέτου
2726 1298 3070 1368 δραξάμενος
3101 1298 3296 1367 καιροῦ
3323 1339 3337 1362 ,
3372 1298 3546 1366 ἀπρὶξ

1974 1387 2188 1458 βερίδας
2260 1388 2375 1459 (Η)
2417 1384 2743 1449 ἀποστείλας
2782 1388 2920 1455 πρὸς
2958 1387 3050 1438 τὺν
3092 1388 3207 1440 ἀνττ
3245 1387 3407 1439 αὐτοῦ
3441 1388 3544 1457 τὴν

1974 1480 2129 1532 πόλιν
2158 1479 2483 1550 κρατοῦντα,
2525 1477 2728 1547 ’Λνθην
2772 1477 3010 1548 τοῦνομα
3031 1518 3044 1542 ,
3076 1479 3170 1531 καὶ
3200 1481 3266 1548 τῇ
3307 1477 3403 1530 τοῦ
3435 1495 3543 1530 πα-

1972 1572 2183 1641 τρικίου
2248 1569 2376 1642 ἀξία
2440 1569 2904 1639 καταλεγόμενον,
2958 1569 3171 1622 κελεύει
3226 1568 3404 1638 τούτῳ
3450 1568 3544 1621 διὰ

1973 1663 2322 1735 γραμμάτων
2356 1664 2719 1733 περιεχόντων
2754 1662 2903 1715 τάδε·
2942 1681 2961 1713 ι
2993 1662 3081 1726 Ὠς
3103 1661 3239 1732 πρὸς
3265 1662 3365 1724 τὰς
3386 1660 3547 1730 ἡμῶν

1973 1755 2236 1822 διαταγὰς
2258 1753 2620 1825 εὐγνωμόνως
2638 1754 2988 1825 διακείμενὸν
3018 1771 3098 1818 σε,
3133 1754 3200 1806 δι’
3228 1753 3411 1808 αὐτῶν
3432 1753 3546 1807 τῶν

1976 1846 2320 1916 πραγμάτων
2372 1845 2663 1915 πολλαχῶς
2731 1844 3246 1919 πληροφορηθέντες
3273 1883 3288 1908 ,
3350 1845 3544 1897 τούτου

1979 1935 2147 1990 ἕνεκα
2194 1936 2290 1988 καὶ
2327 1936 2426 2005 τὴν
2459 1938 2523 1988 ἐκ
2552 1935 2848 2006 προσώπου
2884 1938 3040 2006 ἡμων
3074 1935 3231 2001 ἀξίαν
3262 1951 3344 1988 σοι
3381 1951 3551 1987 πεπι-

1982 2028 2308 2097 στεύκαμεν.
2356 2027 2628 2098 Ἀστέρων
2675 2028 2786 2098 γὰρ
2836 2027 2995 2095 δίκην
3048 2028 3175 2089 τοὺς
3227 2026 3552 2096 ὀφθαλμοὺς

1981 2119 2223 2180 ἀΰπνους
2255 2118 2532 2189 διατηρείς
2562 2119 2702 2188 πρὸς
2733 2118 2830 2187 τὴν
2877 2116 3035 2188 ἡμῶν
3073 2116 3386 2169 ἀνάπαυσιν
3407 2133 3421 2149 ·
3455 2115 3555 2170 τιιαὶ⁵

1982 2210 2242 2275 εἰκότως,
2288 2210 2364 2273 ὡς
2395 2211 2548 2279 φίλος
2583 2209 2775 2272 πιστὸς
2821 2210 2916 2261 καὶ
2962 2208 3186 2279 οἰκέτης
3225 2208 3552 2279 εὐγνώμων.

1996 2301 2236 2355 Ἐνθένδε
2264 2300 2340 2364 ὡς
2368 2301 2761 2371 ἀμφοτέρωθεν
2790 2300 2920 2354 ὅντα
2951 2318 3010 2352 σε
3037 2299 3209 2365 δεξιὸν
3240 2302 3375 2372 πρὸς
3401 2305 3433 2371 ἡ
3443 2303 3557 2371 μᾶς

1984 2393 2286 2464 κελεύομεν
2307 2434 2321 2457 ,
2350 2395 2580 2463 τάχιστα
2613 2395 2676 2447 τὸ
2726 2393 3090 2465 μοναστήριόν
3130 2406 3189 2446 σε
3221 2394 3556 2448 καταλαϐεῖν

1985 2482 2046 2536 τὸ
2095 2484 2230 2555 πρὸς
2271 2484 2405 2537 πόδα
2439 2483 2535 2537 τοῦ
2588 2482 2878 2548 Αὑξεντίου
2921 2483 3149 2554 βουνοῦ,
3195 2485 3325 2538 ἔνθα
3356 2486 3558 2557 πόρναι

1987 2575 2333 2629 κατοικοῦσιν
2384 2577 2644 2642 γυναῖκες
2687 2576 2934 2630 εὐσεϐεῖν
2965 2577 3426 2647 ὑποκρινόμεναι,
3457 2578 3558 2631 τοῦ

1985 2667 2093 2719 τῶν
2137 2666 2565 2736 ἁμνημονεύτων
2613 2667 2940 2736 καταλόγου.
2990 2668 3139 2721 Μίαν
3174 2667 3231 2721 δὲ
3276 2667 3337 2733 ἐξ
3369 2668 3557 2721 αὐτῶν

1986 2757 2216 2827 ὀνόματι
2250 2759 2448 2810 ’Ἄνναν
2502 2759 2882 2829 ἀφαρπάσας,
2924 2759 3020 2811 καὶ
3077 2758 3166 2811 διὰ
3215 2760 3324 2812 τῶν
3372 2760 3561 2812 αὐτῶν

1925 2854 2322 2922 ,παράστησον.
2363 2854 2633 2925 Ἐρῤωσο.
2701 2873 2719 2904 ι
2771 2854 2830 2905 'U
2876 2853 2934 2906 δέ
2963 2853 3058 2906 τοῦ
3101 2855 3418 2924 παρανόμου
3463 2854 3561 2922 βε-

1948 2940 2254 3013 γράμματα
2287 2945 2573 3013 ἀναγνοὺς,
2642 2946 2888 3017 παρευθὺ
2924 2947 3020 2998 σὺν
3054 2945 3249 3017 πλήθει
3290 2965 3557 3017 στρατιω-

386 3127 544 3181 Tunc
589 3138 769 3179 autem
822 3139 945 3177 cum
998 3125 1241 3190 advenit,
1272 3139 1440 3179 sacra
1485 3125 1588 3178 illae
1637 3124 1877 3179 mulieres

2059 3121 2235 3195 Εὗρεν
2255 3126 2309 3178 δὲ
2342 3125 2440 3187 τὰς
2474 3125 2626 3195 ἱερὰς
2676 3125 2894 3189 ἐκείνας
2932 3129 3196 3195 γυναῖκας
3226 3131 3325 3201 τῆς
3365 3132 3561 3201 τρίτης

322 3218 496 3272 tertiae
542 3217 687 3269 hora:
735 3214 969 3269 ofﬁcium
1020 3214 1133 3270 Deo
1181 3215 1586 3285 persolvchant.
1632 3214 1711 3269 llli
1762 3232 1890 3272 vero

322 3322 575 3378 tanquam
624 3307 812 3360 lascivi
859 3307 982 3374 equi
1043 3307 1349 3372 irruentes,
1406 3308 1607 3362 Christi
1654 3309 1892 3379 virgines

320 3397 811 3469 perterrefaciunt,
863 3409 1021 3451 enses
1076 3398 1387 3465 praedonum
1428 3412 1577 3452 more
1639 3399 1892 3453 nudanda

320 3501 376 3545 et
409 3504 531 3543 cum
577 3486 791 3555 fulgore
840 3500 937 3554 per
981 3499 1162 3539 aerem
1230 3485 1502 3555 agitando.
1555 3487 1750 3557 Statim
1792 3489 1894 3541 ita-

319 3593 427 3648 que
487 3576 717 3630 tumultu
751 3574 1022 3640 CXl'illllO,
1076 3574 1382 3644 divinisque
1431 3574 1680 3630 laudibus
1726 3575 1893 3630 inter-

324 3669 514 3739 ruptis,
570 3667 753 3720 videre
806 3673 925 3720 erat
978 3665 1100 3719 illas
1136 3664 1230 3719 Dei
1280 3666 1538 3720 mulieres
1583 3666 1888 3723 lamentari.

323 3759 415 3812 Illa
462 3760 599 3812 intra
651 3771 836 3810 sacros
866 3755 1141 3812 cancellos
1172 3756 1239 3810 ad
1284 3757 1457 3811 altare
1500 3758 1889 3827 confugiebat:

321 3850 436 3903 lucc
475 3863 634 3903 sacro
682 3846 841 3916 peplo
887 3846 1156 3923 retracto,
1209 3861 1334 3902 sese
1385 3849 1485 3902 sub
1518 3863 1672 3903 sacra
1705 3864 1890 3904 mensa

326 3940 559 3994 abdebat
589 3953 604 3992 :
640 3939 740 3992 alia
766 3939 818 3992 in
848 3945 1084 3992 montem
1111 3937 1394 4000 advolans,
1423 3938 1672 3994 celeriter
1703 3941 1893 4009 impio-

321 4046 440 4085 rum
478 4046 667 4083 manus
700 4028 945 4084 evitavit.
981 4029 1052 4081 At
1085 4028 1388 4082 veneranda
1431 4044 1586 4097 anus,
1620 4043 1893 4087 monaste-

325 4121 390 4175 rii
424 4119 699 4190 prml‘ecta,
728 4134 848 4189 quae
877 4120 929 4174 in
959 4118 1098 4173 cella
1128 4119 1308 4188 quiete
1342 4121 1590 4188 sedebat,
1623 4122 1889 4178 scelerata

326 4214 429 4268 hac
479 4212 779 4280 irruptione
823 4212 1059 4281 cognita,
1123 4211 1393 4282 intrepido
1431 4215 1613 4268 animo
1659 4215 1764 4269 illis
1794 4219 1892 4272 ob-

322 4306 463 4359 viam
532 4304 629 4357 ivit
673 4322 687 4357 :
733 4301 778 4357 Ο
831 4302 1162 4368 Christiani,
1216 4304 1414 4370 inquit,
1462 4306 1506 4358 si
1551 4322 1699 4375 spem
1752 4309 1890 4376 apud

321 4396 487 4450 Deum
537 4394 748 4449 habetis
772 4431 789 4459 ,
842 4408 941 4449 cur
972 4392 1260 4462 impiorum
1297 4394 1662 4450 Barbarorum
1698 4401 1890 4452 trium-

320 4487 606 4557 phantiutu
654 4484 1240 4554 moremfsequimiui?
1300 4485 1378 4540 llli
1425 4503 1591 4542 sacra:
1649 4490 1889 4545 mulieris

323 4579 573 4631 libertate
627 4577 1022 4646 obstupefacti,
1072 4593 1194 4632 cunt
1230 4593 1354 4634 eam
1408 4578 1716 4649 praefectam
1768 4597 1888 4636 esse

323 4665 741 4731 intellexissent,
775 4667 1022 4736 deposita
1059 4666 1364 4736 ferocitate,
1409 4669 1617 4739 placide
1666 4688 1890 4740 respon-

250 4774 255 4777 ‘
321 4762 517 4813 derunt
569 4777 582 4814 :
636 4761 846 4815 Annam
890 4761 1153 4829 Stephani
1205 4766 1465 4818 amasiam
1516 4764 1673 4819 nobis
1704 4765 1884 4828 trade;

323 4866 554 4920 namque
596 4866 657 4904 ea
706 4851 1000 4921 imperator
1064 4855 1206 4923 apud
1269 4866 1448 4909 castra
1500 4871 1634 4925 Opus
1705 4857 1886 4910 habet.

321 4939 455 4994 Tum
486 4940 651 5014 464
691 4941 782 4996 illa
808 4945 1015 4997 Annam
1049 4960 1114 4998 ex
1151 4946 1369 5001 nomine
1394 4956 1447 5000 et
1476 4947 1632 5000 aliam
1675 4962 1794 5002 cum
1827 4962 1889 5000 ea

320 5031 705 5103 Thcuphanam
756 5035 956 5090 dictam
997 5036 1300 5101 advocavit,
1363 5038 1557 5107 quibus
1610 5042 1728 5093 ait:
1762 5039 1890 5093 Pro-

325 5125 632 5181 lit-iscitnini
664 5129 730 5182 ad
764 5128 1169 5197 imperatorem,
1208 5128 1329 5183 lilia:
1362 5129 1706 5194 ltouorandae,
1748 5130 1888 5197 ejus-

320 5234 427 5283 que
460 5219 976 5289 interrogatiOuibus
1017 5220 1309 5289 prudenth
1346 5220 1661 5284 satisfacite,
1698 5236 1762 5273 ue
1796 5237 1889 5274 vos
1935 5220 1938 5223 λ

322 5307 460 5364 forte
505 5309 865 5379 deprmdetur.
917 5310 1077 5365 Abite
1105 5310 1158 5365 in
1190 5325 1340 5380 pace,
1377 5312 1541 5375 abite,
1586 5313 1886 5367 vobiscum-

393 5480 502 5554 (l_l)
531 5479 797 5554 Βερίδας,
832 5483 870 5538 i.
907 5484 1155 5550 veredos,
1185 5500 1343 5554 quam
1369 5500 1552 5540 vocem
1586 5496 1643 5538 ut
1672 5496 1722 5540 et
1751 5487 1883 5542 alius

322 5548 579 5618 plurimas
605 5548 640 5604 'a
674 5553 880 5608 Latinis
909 5548 1286 5609 mutuati-sunt
1315 5554 1487 5610 Gncci
1514 5558 1669 5609 melii
1707 5568 1760 5610 et
1793 5559 1874 5611 iu-

1990 3217 2136 3288 ὥρας
2165 3218 2261 3287 τὴν
2307 3216 2615 3285 δοξολογίαν
2658 3217 2733 3284 τῷ
2763 3217 2881 3285 Θεῷ
2918 3219 3299 3285 ἐπιτελούσας.
3339 3224 3450 3276 Καὶ
3482 3226 3552 3294 τῇ

1991 3308 2286 3378 ἐκκλησία,
2320 3308 2395 3370 ὡς
2443 3308 2601 3361 ἵπποι
2655 3308 2991 3378 θηλυμανεῖς
3016 3350 3030 3374 ,
3089 3313 3517 3383 εἰσπηδήσαντες
3541 3355 3558 3381 ,

1992 3400 2214 3469 φοϐοῦσι
2256 3400 2352 3463 τὰς
2399 3401 2494 3453 τοῦ
2537 3402 2772 3471 Χριστοῦ
2812 3402 3114 3472 παρθένους
3143 3447 3158 3471 ,
3203 3404 3303 3469 τὰς
3344 3404 3563 3469 σπάθας

1992 3490 2326 3561 γυμνοῦντες
2351 3491 2682 3562 λῃστρικῶς.
2715 3492 2809 3546 καὶ
2832 3493 2912 3563 τῷ
2933 3493 3056 3565 ἀέρι
3084 3494 3562 3565 καταγλαῖστικῶς

1994 3583 2474 3654 περιστρέφοντες.
2520 3581 2764 3653 Θρύλλου
2816 3583 2873 3636 δὲ
2922 3585 3251 3653 γεγονότος,
3311 3586 3405 3640 καὶ
3457 3588 3564 3656 τῆς

1994 3673 2271 3743 ὑμνῳδίας
2301 3673 2801 3744 κατασιγασθείσης
2826 3715 2842 3740 ,
2869 3669 2937 3745 ἦν
2971 3675 3099 3728 ἰδεῖν
3144 3674 3244 3739 τὰς
3281 3675 3380 3729 τοῦ
3423 3677 3563 3731 Θεοῦ

1992 3768 2257 3835 γυναῖκας
2286 3763 2716 3833 ὀλοφυρομένας.
2761 3766 2872 3819 Καὶ
2913 3766 2946 3836 ἡ
2981 3768 3078 3835 μὲν
3104 3765 3213 3820 ἔσω
3258 3768 3358 3838 τῆς
3406 3770 3564 3839 ἱερᾶς

1993 3857 2267 3926 κιγκλίδος
2298 3859 2356 3911 ἐν
2386 3857 2462 3926 τῷ
2500 3856 2874 3928 θυσιαστηρίῳ
2916 3859 3266 3929 προσέφυγεν
3287 3876 3302 3891 ·
3335 3860 3472 3928 ἄλλη
3501 3862 3566 3914 τὸ

1997 3950 2139 4020 ἱερὸν
2164 3948 2370 4002 πέπλον
2390 3948 2799 4015 ἀντανακλῶσα,
2833 3950 3093 4004 ὑποκάτω
3120 3951 3218 4020 τῆς
3240 3952 3400 4021 ἁγίας
3430 3970 3569 4023 τρα-

1993 4038 2165 4108 πέζης
2219 4036 2556 4108 ἐκρύπτετο·
2611 4039 2957 4119 ἐτέρακπρος
2999 4041 3061 4093 τὸ
3105 4041 3229 4113 ὅρος
3277 4045 3566 4113 ἀπάρασα,

1993 4128 2271 4200 δρομαίως
2319 4128 2519 4198 ἔφευγε
2561 4128 2671 4182 τῶν
2716 4131 2929 4185 ἀσεϐῶν
2970 4132 3068 4196 τὰς
3099 4137 3309 4204 χεῖρας.
3345 4134 3570 4205 Ταύτην

1994 4220 2093 4289 τὴν
2144 4222 2348 4292 μιαρὰν
2381 4221 2566 4289 ἔφοδον
2596 4222 2799 4291 γνοῦσα
2830 4225 2863 4294 ἡ
2907 4225 3064 4295 τιμία
3094 4226 3271 4295 γραῦς
3321 4228 3414 4280 καὶ
3467 4229 3571 4296 τῆς

1997 4311 2167 4380 μονῆς
2189 4311 2509 4381 προεστῶσα
2547 4313 2627 4382 (ἐν
2658 4313 2854 4385 κελλίῳ
2882 4314 2990 4386 γὰρ
3032 4316 3364 4389 ἡσύχαζεν),
3396 4319 3571 4383 ἔξεισι

1994 4396 2130 4467 πρὸς
2184 4399 2381 4462 αὐτοὺς
2453 4400 2670 4472 ἀτρέμα
2718 4404 2783 4473 τῇ
2825 4403 2996 4474 ψυχῇ,
3054 4407 3147 4458 καί
3214 4425 3425 4476 φησιν·
3495 4406 3569 4464 Ὦ

1922 4479 1965 4535 Ῑ)
1993 4490 2340 4559 Χριστιανοὶ,
2370 4493 2421 4544 εί
2450 4493 2585 4564 πρὸς
2614 4494 2747 4547 Θεὸν
2777 4495 2998 4561 ἐλπίδας
3022 4497 3197 4568 ἔχοιτε
3218 4539 3233 4564 ,
3266 4499 3318 4552 τί
3348 4501 3417 4554 τά
3451 4503 3570 4554 τῶν

1994 4582 2167 4638 ἀθέων
2217 4583 2520 4657 Βαρϐάρων
2564 4589 2958 4659 εἰσπράττεσθε
3000 4590 3296 4661 ⁴’τρόπαιας
3363 4595 3427 4647 Οἱ
3504 4595 3565 4648 δὲ

1993 4675 2053 4727 τὸ
2082 4679 2546 4747 παρρησιαστικὸν
2577 4680 2672 4749 τῆς
2708 4683 2860 4752 ἱερᾶς
2891 4684 3106 4754 ἐκείνης
3148 4685 3523 4754 ἐκπλαγέντες
3552 4731 3568 4754 ,

1995 4767 2087 4819 καὶ
2116 4768 2197 4820 ὅτι
2222 4770 2358 4840 αὐτή
2390 4773 2537 4824 ἐστιν
2571 4772 2603 4841 ἡ
2632 4773 2953 4842 προεστῶσα
2984 4776 3248 4845 μαθόντες
3270 4819 3284 4843 ,
3318 4780 3570 4848 μεταϐα-

1994 4858 2175 4922 λόντες
2208 4861 2269 4913 τὸ
2309 4861 2606 4931 θηριῶδες,
2668 4865 2855 4934 ἠρέμα
2910 4867 3307 4937 ἀπεκρίναντο·
3367 4871 3573 4923 ’Δνναν

1995 4950 2126 5018 ἡμῖν
2154 4952 2455 5021 παράσχου,
2486 4953 2583 5024 τὴν
2609 4955 2703 5008 τοῦ
2746 4957 3020 5025 Στεφάνου
3054 4959 3216 5028 φίλην
3238 4976 3251 4990 ·
3309 4962 3502 5031 ὅτιπερ
3534 4964 3568 5016 ὁ

1997 5040 2251 5109 βασιλεὺς
2281 5045 2338 5096 ἐν
2360 5043 2435 5113 τῷ
2464 5049 2747 5118 φουσσὰτῳ
2773 5049 2963 5118 χρείαν
3004 5051 3171 5120 αὐτῆς
3199 5051 3334 5121 ἔχει.
3396 5055 3468 5106 Ἠ
3511 5056 3575 5110 δὲ.

1994 5130 2053 5197 ἐξ
2092 5132 2358 5202 ὀνόματος
2388 5136 2590 5206 ταύτην
2624 5139 3115 5211 προσκαλεσαμένη
3140 5182 3153 5204 ,
3195 5144 3289 5194 καὶ
3325 5144 3425 5196 σὺν
3472 5145 3572 5197 αὐ-

1994 5225 2058 5291 τῇ
2107 5224 2301 5293 ἑτέραν
2351 5225 2582 5311 ὀνόματι
2620 5228 2910 5297 Θεοφανῶ,
2964 5231 3114 5298 λέγει
3169 5233 3303 5304 πρὸς
3351 5236 3524 5300 αὐτάς
3555 5256 3568 5269 ·

1984 5313 2321 5386 ἱῐῐψεύεσθε,
2390 5317 2554 5371 τέκνα
2616 5321 2794 5389 τίμια,
2843 5322 2979 5392 πρὸς
3031 5324 3419 5394 τὸνβασιλέα,
3472 5332 3573 5384 καὶ

1986 5491 2102 5585 ui
2136 5492 2256 5545 reri.
2284 5493 2433 5562 Apud
2472 5497 2729 5562 quosdam
2763 5509 3013 5554 aui-tores
3041 5501 3232 5571 legitur
3270 5502 3492 5574 βέρεδος
3515 5512 3576 5561 et

1985 5578 2169 5631 ρίρτις·
