3940 6170
371 272 501 339 1131

1573 270 1953 334 STEPHANI
2000 265 2307 326 DIACONI
2344 266 2454 325 (ΞΡ.

3484 254 3619 318 1132

371 404 488 442 runt
533 385 848 441 indumento
897 385 1161 454 deposito,
1212 383 1491 457 splendide
1534 399 1655 438 cum
1712 383 1940 449 impera-

2065 376 2251 439 lts‘t'aat,
2301 374 2483 442 γύναι,
2528 372 2753 442 σαυτῆς,
2802 369 2894 423 καὶ
2932 368 3097 440 ζῆσον
3136 368 3315 432 καλῶς
3347 351 3490 436 μετὰ
3520 368 3616 439 τῆς

373 480 504 534 triee
538 479 680 542 vive.
720 487 775 534 et
803 479 1037 533 crastina
1074 478 1161 533 die
1198 479 1478 532 veritatem
1528 476 1788 538 adversus
1823 470 1940 526 Ste-

370 570 607 638 phanum
640 584 821 623 coram
857 570 1116 624 universo
1146 568 1341 638 p0pulo
1373 567 1652 636 eloquere.
1705 562 1839 618 Nam
1871 575 1939 616 eu

369 661 488 726 ipsa
524 656 720 731 att'cilla
765 667 853 712 tua
885 659 1027 729 quod
1060 672 1245 711 verum
1285 666 1369 712 est
1399 655 1692 711 convincit.
1724 652 1780 707 Si
1810 664 1942 705 vero

372 754 423 806 id
465 766 625 820 agere
662 752 921 816 nolueris,
960 748 1279 821 lapideéque
1326 757 1430 803 tuae
1473 746 1671 807 mentis
1707 743 1940 815 pertina-

372 845 455 897 cia
485 844 701 898 mentiri
727 858 939 913 pergas,
974 852 1063 895 tua
1092 843 1332 895 membra
1375 854 1471 909 per
1496 848 1678 909 partes
1707 836 1942 890 lacerata

373 933 442 988 ob
479 933 666 988 oculos
723 941 843 988 tuos
888 946 1177 1002 exponam.
1230 930 1453 995 Verum,
1496 928 1542 983 si
1576 927 1719 998 quod
1757 925 1941 994 cupio,

375 1024 647 1087 t-ﬂeceris,
692 1023 940 1093 illiusque
973 1023 1238 1078 adulteria
1271 1032 1323 1076 et
1350 1032 1533 1091 stupra
1561 1018 1941 1093 declaraveris,

374 1115 556 1169 nmltis
627 1125 677 1169 te
722 1114 1020 1170 honoribus
1075 1123 1130 1169 et
1178 1113 1493 1169 muneribus
1540 1092 1765 1166 ornabo.
1811 1107 1945 1174 Quae

372 1224 492 1259 cum
550 1207 791 1261 audisset
852 1205 1015 1278 467
1079 1208 1384 1261 veneranda
1453 1204 1680 1267 mulier,
1725 1218 1788 1256 ex
1838 1203 1946 1255 imo

372 1309 590 1366 pectore
614 1313 829 1369 gravem
859 1299 1118 1367 gemitum
1142 1297 1390 1361 eiiciens,
1416 1307 1685 1366 caputque
1710 1295 1942 1363 agitans,

373 1392 444 1445 illi
509 1391 786 1469 respondit
818 1408 831 1444 :
875 1409 893 1442 ι
933 1388 1144 1445 Recede
1189 1406 1217 1444 a
1252 1406 1335 1445 me
1359 1432 1372 1455 ,
1407 1405 1439 1442 ο
1472 1391 1653 1452 homo,
1704 1385 1896 1441 recede
1928 1402 1941 1440 :

372 1485 462 1537 ﬁat
496 1484 745 1539 voluntas
772 1482 1013 1553 Domini.
1053 1500 1071 1533 ι

440 1663 595 1717 Mane
645 1677 792 1722 vero.
840 1662 1158 1732 imperator,
1187 1661 1343 1732 plebe
1369 1671 1495 1715 ante
1524 1658 1676 1714 urbis
1705 1657 1945 1712 Phialam

2043 465 2386 537 βασιλίσσης,
2421 464 2738 533 ἀποθεμένη
2766 462 2828 515 τὸ
2849 464 2949 531 τῆς
2985 462 3207 523 σκοτίας
3231 460 3366 513 αὐτὸ
3386 458 3613 528 ἔνδυμα,

2041 558 2136 612 καὶ
2161 558 2221 610 τὸ
2251 555 2447 627 ἀληθὲς
2488 554 2633 609 κατὰ
2674 554 2951 622 Στεφάνου
2986 551 3177 625 αὔριον
3208 551 3332 605 εἰπὲ
3361 551 3455 604 ἐπὶ
3481 568 3615 603 παν-

2040 649 2131 710 τὸς
2157 647 2251 700 τοῦ
2278 646 2432 700 λαοῦ.
2479 646 2612 700 Ἰδοὺ
2644 645 2753 715 γὰρ
2783 645 2878 697 καὶ
2908 645 2941 713 ή
2963 644 3170 711 οἰκέτις
3198 660 3293 696 σου
3322 642 3617 712 ἀπελέγχει

2041 740 2104 795 τὸ
2130 739 2348 810 ἀληθές.
2389 739 2452 792 El
2503 738 2561 791 δέ
2597 737 2674 809 μὴ
2702 737 2970 809 βουληθῇς
3017 735 3179 797 τοῦτο
3228 735 3468 806 πρᾶξαι,
3504 735 3616 790 ἀλλ’

2044 832 2304 902 ἐμμένεις
2324 834 2389 902 τῇ
2420 829 2778 900 λιθογνώμονί
2801 846 2897 883 σου
2919 829 3025 883 ἀπε
3035 828 3176 899 ιθεία
3202 827 3616 898 διαψευδομένη,

2042 923 2151 995 πρὸ
2179 923 2286 976 τῶν
2310 922 2604 992 ὀφθαλμῶν
2637 937 2731 973 σου
2752 920 2850 984 τὰς
2882 920 3091 990 σάρκας
3120 936 3219 973 σου
3250 918 3479 990 μεληδὸν
3516 936 3620 971 πα-

2047 1015 2361 1086 ραθήσομαι
2384 1029 2399 1044 ⁸
2433 1015 2484 1066 εί
2509 1014 2567 1066 δὲ
2601 1012 2764 1067 πάλιν
2790 1011 2853 1065 τὸ
2879 1012 3004 1083 ἐμοὶ
3038 1011 3230 1080 ἐφετὸν
3255 1010 3618 1075 ἐπιδείξεως,

2045 1107 2142 1161 καὶ
2173 1104 2543 1175 ὁμολογήσεις-
2561 1105 2661 1169 τὰς
2697 1103 2888 1157 τούτου
2930 1103 3181 1173 μοιχείας
3211 1102 3307 1156 καὶ
3337 1101 3620 1172 πορνείας,

2047 1198 2259 1252 πολλῶν
2293 1197 2470 1268 τιμῶν
2523 1197 2619 1251 καὶ
2685 1195 2906 1266 δωρεῶν
2946 1194 3076 1266 παρ’
3114 1193 3250 1265 ἐμοῦ
3316 1193 3617 1267 ἀξιωθήσῃ.

2060 1289 2216 1348 Ἦ,δέ
2236 1288 2396 1358 τιμία
2433 1289 2572 1357 γυνὴ
2604 1285 2812 1340 τούτων
2842 1284 3158 1350 ἀκούσασα,
3195 1283 3288 1339 καὶ
3317 1285 3382 1337 ἐκ
3425 1283 3622 1356 βάθους

2048 1381 2277 1454 καρδίας
2314 1379 2590 1463 ὀδυνηρῶς
2635 1377 2956 1449 οἱμώξασα,
2989 1376 3084 1431 καὶ
3107 1358 3208 1448 τῆν
3245 1376 3486 1445 κεφαλὴν
3520 1392 3622 1431 κα-

2047 1474 2348 1528 τασείσασα
2375 1511 2390 1537 ,
2450 1467 2605 1526 εἶπεν
2648 1469 2786 1537 πρὸς
2834 1468 3032 1523 αὐτόν·
3082 1467 3275 1521 Ἀπιθι
3314 1467 3407 1521 ἀπ’
3451 1466 3618 1538 ἐμοῦ,

2049 1566 2327 1637 ἄνθρωπε,
2367 1562 2562 1619 ἄπιθι·
2617 1561 2679 1615 τὸ
2734 1559 2948 1632 θέλημα
2980 1558 3074 1613 τοῦ
3119 1558 3328 1629 Κυρίου
3360 1557 3619 1626 γενέσθω.

2133 1658 2191 1709 '0
2243 1655 2300 1708 δέ
2369 1653 2626 1724 βασιλεὺς
2679 1651 2852 1705 ἐωθεν
2908 1650 3114 1721 πλῆθος
3163 1648 3293 1702 λαοῦ
3367 1648 3474 1718 πρὸ
3525 1646 3619 1700 τοῦ

375 1768 465 1808 seu
522 1751 747 1806 Fontcm
789 1760 1137 1821 congregata,
1189 1758 1341 1803 ratus
1372 1762 1431 1802 se
1460 1746 1604 1801 illam
1657 1744 1945 1807 ﬂexuram,

2065 1750 2242 1814 ἱστεος
2267 1747 2366 1818 τῆς
2394 1747 2598 1817 Φιάλης
2626 1744 3020 1814 ἐκκλησιάσας,
3044 1743 3120 1805 ὡς
3141 1740 3381 1811 νομίζων
3414 1740 3621 1793 πείθειν

373 1844 424 1895 ἱιι
456 1842 693 1895 omnium
750 1848 1039 1907 conspectu
1087 1839 1284 1891 nudam
1338 1837 1455 1892 sisti
1493 1835 1677 1906 jussit,
1728 1833 1948 1888 bovillo-

370 1946 598 1998 rumque
618 1946 911 1985 nervorum
943 1928 1215 1999 manipulo
1233 1937 1356 1981 ante
1374 1927 1490 1996 ejus
1507 1925 1690 1981 oculos
1714 1925 1948 1995 olijecto,

372 2025 549 2078 dixit:
587 2022 692 2076 llos
741 2005 929 2077 oumes
963 2036 1161 2076 nervos
1190 2012 1350 2075 dorso
1416 2029 1470 2072 et
1494 2018 1666 2072 ventri
1701 2028 1793 2071 tuo
1832 2030 1952 2069 ver-

371 2115 611 2169 berando
639 2113 1026 2179 comminuam,
1061 2113 1161 2167 nisi
1195 2112 1455 2166 nefandas
1491 2109 1750 2181 Stephani
1777 2109 1952 2177 impu-

373 2206 610 2271 dicitias,
664 2188 801 2276 quas
843 2205 895 2258 itt
967 2214 1017 2259 te
1057 2204 1348 2268 commisit,
1403 2204 1579 2272 palam
1658 2200 1945 2271 producas.

375 2299 734 2365 Quibuscum
787 2295 1097 2349 veneranda
1153 2294 1344 2348 mulier
1396 2293 1529 2347 nihil
1578 2293 1950 2361 responderet,

378 2393 457 2445 ira
502 2389 741 2444 fremens
777 2398 1037 2459 tyrannus
1062 2426 1078 2452 ,
1126 2386 1270 2440 illam
1308 2388 1648 2439 meretricem
1694 2383 1950 2453 appellat,

375 2492 428 2537 et
459 2481 685 2551 ﬂagellis
736 2463 866 2533 ditias
913 2477 1087 2545 jubet.
1123 2475 1240 2530 Mox
1273 2491 1400 2546 ergo
1448 2487 1570 2529 octo
1600 2466 1818 2551 robusti
1852 2473 1954 2527 viri

378 2587 609 2642 utraque
650 2572 790 2626 illius
838 2585 1000 2625 manu
1054 2570 1417 2639 apprehensa,
1472 2549 1607 2620 eam.
1644 2566 1695 2619 iu
1739 2567 1953 2618 modum

376 2665 558 2720 crucis
600 2665 651 2717 in
685 2678 810 2718 aere
847 2662 1168 2725 extendunt,
1203 2660 1485 2729 ipsamque
1530 2658 1669 2712 alter
1703 2671 1798 2726 per
1826 2670 1956 2708 ven-

379 2772 547 2825 trem,
602 2756 737 2810 alter
773 2770 870 2826 per
918 2755 1136 2819 dorsum
1193 2752 1320 2807 totis
1371 2751 1574 2804 viribus
1629 2748 1955 2819 percutiunt,

380 2850 510 2903 nihil
539 2848 682 2903 aliud
716 2848 803 2901 illa
833 2846 1046 2900 interim
1078 2844 1355 2914 loquente,
1377 2844 1561 2913 quam,
1587 2840 1701 2895 Non
1720 2840 1840 2895 novi
1864 2839 1958 2893 ho-

383 2947 604 3007 minem,
638 2952 697 2995 ut
728 2951 781 2995 tu
815 2939 948 3017 dicis
978 2956 991 2992 :
1021 2948 1096 3001 et,
1117 2924 1361 3009 Domine,
1380 2935 1657 2989 miserere.
1684 2933 1826 2986 Ante
1845 2930 1959 3001 ejus

379 3049 594 3103 quoque
625 3032 839 3095 faciem,
873 3029 1117 3085 dolosam
1160 3027 1333 3096 ipsius
1379 3024 1628 3080 ancillam
1677 3022 1961 3078 collocavit

385 3138 649 3194 tyrannus
681 3162 696 3189 ,
747 3130 806 3172 ut
855 3117 1001 3172 illam
1057 3131 1238 3170 coram
1292 3113 1543 3169 omnibus
1592 3109 1955 3181 convinceret,

379 3209 830 3282 quemadmodum
867 3221 984 3259 eam
1005 3204 1118 3273 ipse
1142 3203 1432 3267 docuerat;
1469 3213 1588 3269 qua:
1612 3197 1962 3267 jurejurando

380 3305 652 3359 dominam
705 3291 992 3369 arguebat,
1029 3295 1200 3368 468
1265 3293 1518 3348 manibus
1571 3301 1759 3345 contra
1816 3288 1959 3343 illam

382 3397 631 3461 sublatis,
666 3393 893 3463 ejusque
945 3389 1135 3444 [aciem
1168 3386 1339 3465 sputis
1376 3383 1652 3440 laedendo.
1682 3382 1962 3438 Postremo

384 3491 483 3558 ipsi
518 3499 732 3557 quoque
777 3468 1069 3550 impietatis
1116 3485 1429 3548 sytnmystte
1458 3473 1572 3529 sive
1607 3473 1762 3537 socii,
1793 3472 1962 3527 Anna:

383 3583 607 3639 auribus
647 3574 1056 3647 obstrepebant,
1099 3583 1155 3626 ut
1185 3571 1238 3625 id
1277 3570 1508 3633 diceret,
1540 3566 1686 3638 quod
1728 3565 1963 3620 maxime

382 3676 602 3746 optabat
628 3675 1013 3743 imperator,et
1032 3668 1103 3721 ita
1125 3664 1352 3719 viveret.
1368 3660 1567 3716 Verum
1610 3659 1698 3714 illa
1715 3658 1964 3715 similiter

384 3786 446 3823 ae
479 3765 728 3839 superius
780 3774 1098 3832 responsum
1147 3757 1330 3826 dabat.
1364 3754 1436 3810 Ut
1465 3759 1645 3807 autem
1702 3761 1963 3822 tyrannus

384 3862 528 3915 illam
547 3836 676 3928 prae
701 3853 905 3911 crudeli
933 3838 1265 3906 laceratione
1286 3847 1552 3915 elinguem
1582 3843 1784 3897 factam
1807 3836 1962 3903 vidit,

385 3961 650 4005 mortuam
691 3962 815 4002 esse
866 3953 1040 4007 ratus,
1097 3940 1303 4010 pudore
1342 3934 1579 3992 suffusus
1622 3948 1681 3989 se
1722 3933 1773 3987 in
1818 3931 1966 4001 pala-

389 4044 520 4095 tium
586 4035 809 4105 recepit,
850 4049 972 4086 cum
1021 4009 1559 4101 praecepisset'illam
1598 4022 1964 4091 inquoddam

387 4130 627 4202 Byzantii
656 4112 1046 4182 monasterium
1074 4119 1284 4191 projici,
1312 4116 1455 4172 nulla
1483 4129 1613 4183 erga
1641 4115 1810 4182 ipsam
1835 4127 1965 4165 cura

385 4223 646 4277 adhibita.
669 4219 1018 4289 lpseinterca
1056 4210 1304 4267 meditari
1335 4223 1440 4262 non
1465 4206 1694 4270 destitit,
1727 4219 1964 4274 quonam

388 4306 546 4370 modo
608 4324 855 4369 sanctum
914 4306 1249 4375 Stephanum
1294 4316 1325 4356 e
1371 4299 1547 4356 medio
1603 4298 1817 4369 penitus
1860 4297 1969 4371 toi-

390 4410 540 4465 leret.

463 4602 595 4657 Eam
620 4600 688 4654 ob
719 4610 829 4651 rem
867 4589 1128 4663 postridie
1160 4603 1323 4643 unum
1359 4603 1389 4643 e
1417 4589 1529 4642 suis
1568 4586 1779 4641 ﬂorenti
1809 4595 1969 4640 aetate

396 4694 634 4765 praeditis
680 4684 1120 4744 adolescentibus
1164 4682 1349 4751 (quem
1412 4679 1630 4748 quidem
1676 4678 1967 4748 plurintum

395 4800 580 4843 amare
617 4799 757 4847 cum
781 4777 1139 4851 jurejurando
1177 4772 1522 4842 atlirmabat),
1553 4772 1840 4842 Georgium
1874 4785 1967 4823 no-

396 4872 562 4942 mine,
592 4884 952 4947 cognomento
982 4868 1296 4941 Synclctum
1332 4863 1637 4927 accersivit,
1672 4863 1831 4931 eique
1857 4861 1969 4941 pri-

393 4976 564 5030 vatim
622 4971 757 5027 dixit
787 4972 867 5040 (ut
899 4967 1015 5034 ipse
1076 4961 1265 5017 tnortis
1300 4969 1545 5028 tempore
1569 4955 1677 5019 his,
1709 4970 1739 5007 a
1774 4955 1971 5023 quibus

396 5070 525 5123 illud
566 5062 774 5132 accepi,
810 5057 1095 5115 confessus
1146 5051 1254 5123 est)
1286 5068 1301 5103 :
1329 5047 1573 5116 Quantus
1620 5055 1722 5113 est,
1751 5043 1969 5115 Georgi,

400 5177 522 5215 tuus
564 5172 691 5229 erga
750 5168 836 5208 me
884 5149 1072 5205 amor?
1120 5148 1220 5201 Cui
1269 5145 1356 5198 ille
1393 5160 1405 5196 :
1444 5140 1717 5204 lnliuitus,
1776 5140 1970 5209 inquit,

398 5257 550 5316 here,
581 5247 839 5314 ontnique
863 5242 1174 5312 conjecwra
1211 5234 1401 5304 major.
1430 5233 1531 5288 Cui
1566 5234 1758 5285 iterum
1800 5232 1966 5300 impe-

402 5342 704 5399 ratorzAu
751 5338 980 5391 libenter
1029 5331 1132 5385 mei
1186 5341 1370 5382 amore
1418 5334 1643 5379 mortem
1699 5323 1975 5375 subiturus

399 5435 496 5490 es?
559 5434 627 5488 At
666 5432 776 5484 ille
823 5442 992 5497 prono
1027 5426 1080 5478 in
1134 5430 1333 5476 terram
1377 5418 1576 5486 capite,
1619 5415 1975 5484 manibusque

402 5528 612 5601 pectori
643 5526 878 5587 innexis,
919 5535 978 5573 se
1007 5515 1155 5571 omni
1198 5513 1479 5567 alacritate
1511 5510 1628 5578 ejus
1670 5523 1830 5563 eausa
1860 5525 1975 5559 tuo-

404 5599 635 5675 riturutn
684 5631 805 5668 esse
835 5610 1000 5684 “9
1043 5607 1283 5678 jurabat.
1324 5603 1459 5656 Tum
1501 5602 1794 5670 imperator
1826 5599 1973 5653 illum

404 5709 740 5777 amplexatus
807 5707 927 5758 ait:
966 5702 1101 5759 Ecce
1146 5713 1314 5753 novus
1388 5696 1533 5750 lsaac
1573 5710 1586 5761 ;
1636 5693 1826 5747 deinde
1878 5693 1973 5761 ipsi

2051 1842 2243 1910 αὐτὴν,
2302 1840 2466 1911 μέσον
2510 1838 2731 1892 πάντων
2787 1836 2957 1908 αὐτὴν
3012 1835 3227 1906 γυμνὴν
3277 1832 3621 1903 παραστῆναι

2054 1933 2518 2005 παρεκελεύσατο.
2570 1930 2779 2000 Πλῆθος
2805 1929 2860 1982 δέ
2897 1926 3206 1998 βουνεύρων
3235 1924 3340 1995 πρὸ
3366 1922 3477 1977 τῶν
3524 1924 3625 1991 ὀφ-

2054 2025 2277 2096 θαλμῶν
2306 2023 2479 2093 αὐτῆς
2505 2021 2730 2094 προθεὶς
2754 2062 2770 2088 ,
2813 2015 2967 2072 εἶπεν
2996 2035 3009 2049 ο
3059 2017 3247 2071 Ταῦτα
3282 2016 3464 2070 πάντα
3514 2018 3623 2078 τοῖς

2055 2115 2244 2178 νώτοις
2276 2131 2370 2167 σου
2395 2115 2487 2167 καὶ
2517 2115 2582 2184 τῇ
2620 2111 2801 2181 κοιλίᾳ
2829 2107 3120 2171 ἁναλώσω,
3155 2107 3205 2159 εί
3232 2106 3308 2177 μὴ
3334 2106 3434 2169 τὰς
3456 2108 3535 2169 είς
3565 2105 3625 2157 σδ

2052 2208 2147 2262 τοῦ
2177 2207 2448 2275 Στεφάνου
2473 2202 2723 2276 μυσαρὰς
2748 2200 3006 2273 πορνείας
3035 2201 3114 2262 είς
3137 2196 3448 2268 τούμφανές
3478 2196 3627 2265 ἐνέγ-

2055 2319 2178 2373 κῃς.
2219 2301 2329 2370 Τῆς
2377 2298 2434 2352 δέ
2499 2296 2690 2367 τιμίας
2750 2291 3013 2363 γυναικὸς
3057 2289 3224 2362 μηδὲν
3264 2288 3628 2359 ἀποκρινομέ-

2055 2410 2184 2464 νης,
2218 2391 2445 2462 ταύτην,
2482 2387 2973 2459 ἐμϐριμησάμενος
3001 2385 3030 2438 ὁ
3052 2383 3349 2455 τύραννος,
3385 2381 3478 2433 καὶ
3500 2396 3629 2464 μοι·

2054 2460 2246 2554 χαλίδα
2281 2460 2665 2542 ἀποκαλέσας,
2700 2474 3068 2548 μαστίζεσθαι
3104 2472 3313 2543 ταύτην
3361 2460 3629 2543 προσέταο

2058 2571 2164 2640 ξεν.
2197 2572 2449 2644 Παρευθὺ
2473 2570 2530 2623 δὲ
2567 2570 2760 2642 ἄνδρες
2789 2562 2936 2622 ὀκτὼ
2966 2568 3204 2636 γενναῖοι
3240 2564 3347 2618 τῶν
3389 2562 3621 2632 ἀμφοτέ-

2061 2684 2169 2742 ρων
2215 2666 2387 2736 αὐτῆς
2434 2662 2819 2733 ἐπιλαϐόμενοι
2862 2658 3093 2731 χειρῶν,
3131 2659 3226 2711 καὶ
3269 2654 3632 2725 σταυροειδῶς

2057 2759 2261 2829 ταύτην
2304 2759 2385 2821 είς
2434 2756 2524 2810 τὸν
2572 2755 2714 2826 ἀέρα
2769 2751 3159 2815 ἁπλὼσαντες,
3212 2743 3294 2813 εἷς
3342 2749 3483 2815 κατὰ
3536 2747 3632 2815 τῆς

2058 2850 2326 2920 γαστρὸς,
2360 2848 2454 2902 καὶ
2501 2842 2582 2910 εἷς
2609 2845 2750 2900 κατὰ
2784 2843 2879 2897 τοῦ
2913 2842 3085 2896 νώτου
3108 2881 3124 2907 ,
3156 2840 3359 2909 ταύτην
3403 2840 3631 2891 ἔτυπτον

2059 2939 2294 3009 ἀφειδῶς
2317 2979 2332 3004 ,
2368 2937 2538 3010 μηδὲν
2571 2938 2737 3006 αὐτῆς
2773 2934 2900 2988 ἄλλο
2946 2933 3211 3003 λεγούσης
3238 2973 3253 2997 ,
3302 2931 3336 3001 ἢ
3383 2931 3467 2983 ὅτι
3522 2929 3635 2982 υύιι

2061 3029 2181 3087 οἶδα
2208 3033 2299 3087 τὸν
2327 3030 2614 3101 ἄνθρωπον
2638 3067 2655 3096 ,
2680 3028 2755 3090 ὡς
2785 3029 2848 3080 σὺ
2893 3024 3073 3093 λέγεις
3104 3040 3117 3053 ·
3149 3023 3245 3077 καὶ
3300 3022 3382 3084 τὸ,
3420 3039 3439 3073 ι
3463 3020 3634 3089 Κύριε

2062 3124 2306 3193 ἐλέησον.
2353 3140 2372 3173 ι
2414 3122 2685 3189 Ἔστησεν
2715 3118 2771 3171 δὲ
2810 3118 2839 3170 ὁ
2869 3116 3133 3186 τύραννος
3158 3112 3279 3166 κατ’
3311 3114 3433 3181 Eri/tv
3467 3111 3636 3178 αὐτῆς

2064 3218 2158 3273 καὶ
2197 3216 2297 3285 τὴν
2324 3212 2505 3268 δολίαν
2533 3212 2705 3281 αὐτῆς
2745 3210 2958 3263 δουλίδα
2994 3208 3237 3277 ἐκείνην,
3277 3206 3526 3273 ἐλέγχειν
3544 3204 3637 3256 αὐ-

2060 3310 2160 3382 τὴν
2210 3308 2374 3380 μέσον
2406 3306 2648 3371 πάντων,
2683 3302 2866 3365 καθὼς
2897 3300 3058 3362 αὐτὸς
3101 3298 3308 3369 ταύτην
3350 3295 3592 3361 ἐδίδαξεν
3616 3309 3630 3324 ⁸

2071 3404 2197 3474 ἥτις
2241 3401 2334 3455 καὶ
2371 3399 2663 3471 ἐξήλεγχεν
2700 3395 3076 3466 ἐξομνυμὲνη,
3120 3395 3309 3463 χεῖρας
3351 3388 3493 3443 κατὰ
3539 3388 3634 3454 τῆς

2062 3493 2260 3566 κυρίας
2305 3490 2650 3561 ἐπαίρουσα,
2703 3486 2796 3539 καὶ
2848 3483 3064 3554 πτυέλῳ
3108 3482 3208 3551 τῆς
3242 3479 3534 3549 δεσποίνης
3574 3477 3635 3529 τὺ

2066 3586 2364 3658 πρόσωπον
2405 3581 2845 3653 καταϐρέχουσα.
2882 3576 3082 3630 Λοιπὸν
3115 3570 3208 3628 οὖν
3235 3571 3467 3626 καὶτῶν
3504 3587 3639 3638 συμ-

2067 3677 2288 3751 μυστῶν
2344 3676 2443 3745 τῆς
2489 3672 2746 3734 ἀσεϐείας
2788 3668 2929 3740 πρὸς
2973 3666 3073 3730 τὰς
3123 3664 3293 3727 ἀκοὰς
3341 3662 3513 3731 αὐτῆς
3555 3662 3638 3713 ἐν·

2065 3770 2347 3843 ηχούντων
2374 3769 2548 3820 εἰπεῖν
2576 3765 2638 3819 τὸ
2658 3763 2752 3817 τοῦ
2788 3761 3052 3833 βασιλέως
3077 3756 3515 3829 θυμηρέστατον,
3548 3754 3639 3807 καὶ

2067 3866 2264 3936 ζῆσαι,
2302 3861 2440 3932 αὑτὴ
2471 3858 2674 3930 ὁμοίως
2718 3858 2786 3927 τῇ
2820 3854 3066 3926 προτέρᾳ
3092 3853 3244 3920 φωνῇ
3278 3848 3635 3918 ἀπεκρίνατο.

2077 3933 2166 4018 Ὦς
2197 3954 2254 4006 δὲ
2299 3948 2438 4004 εἶδεν
2480 3951 2509 4002 ὁ
2539 3947 2802 4019 τύραννος
2853 3946 2955 4016 ἤδη
2997 3941 3169 4011 αὐτὴν
3201 3941 3417 4007 ἄφωνον
3452 3940 3519 3990 ἐκ
3546 3933 3637 3989 τοῦ

2079 4042 2345 4115 ἀνηλεοῦς
2373 4040 2584 4113 δαρμοῦ
2615 4039 2924 4107 γεγονυῖαν,
2957 4036 3049 4088 καὶ
3068 4033 3226 4097 δόξας
3260 4028 3431 4100 αὐτὴν
3454 4027 3642 4098 reflvi-

2071 4153 2181 4203 ναι,
2222 4134 2464 4197 ἀναστὰς
2490 4132 2625 4203 πρὸς
2658 4133 2720 4183 τὸ
2749 4128 3008 4182 παλάτιον
3037 4124 3213 4179 είσέδυ
3246 4120 3639 4192 κατῃσχυμμέ-

2071 4246 2180 4295 νος,
2227 4225 2539 4298 προστάξας
2582 4221 2751 4294 αὐτὴν
2800 4222 2858 4273 ἐν
2914 4220 2996 4273 ἑνὶ
3044 4216 3153 4270 τῶν
3204 4214 3299 4268 τοῦ
3344 4212 3636 4278 Βυζαντίου

2074 4319 2455 4392 μοναστηρίων
2501 4317 2727 4388 ῥιφῆναι
2777 4310 3197 4381 ἀνεπιμέλητονο
3248 4305 3411 4365 αύτδς
3447 4305 3504 4358 δὲ
3542 4304 3638 4356 οὐκ

2073 4412 2306 4466 ἐπαύετο
2353 4406 2741 4481 μηχανώμενος
2771 4406 2833 4459 τὸ
2877 4405 3026 4467 ὅπως
3079 4401 3172 4455 τὸν
3223 4398 3377 4468 ἃγιον
3428 4396 3639 4456 πάντως

2074 4505 2378 4560 ἀποκτενεῖ.

2148 4597 2261 4649 Καὶ
2311 4596 2378 4665 τῇ
2423 4592 2553 4662 ἑξῆς
2610 4588 3129 4661 προσκαλεσάμενος
3175 4585 3272 4637 ἕνα
3319 4583 3431 4635 τῶν
3478 4579 3639 4634 αὑτοῦ

2080 4684 2441 4758 σφριγώντων
2485 4683 2802 4752 νεωτέρων,
2844 4681 2903 4733 ὃν
2946 4679 3044 4731 καὶ
3091 4676 3263 4729 πολλὰ
3295 4675 3515 4744 ἀγαπᾷν
3563 4671 3642 4735 ἐξ·

2076 4778 2315 4850 ὡμνυτο,
2346 4776 2618 4846 Γεώργιον
2639 4772 2898 4843 τοῦνομα,
2929 4772 2991 4824 τὸ
3020 4769 3251 4838 ἐπίκλην
3280 4764 3641 4835 Συγκλητούν,

2077 4870 2225 4939 λέγει
2256 4867 2405 4937 αύτῷ
2433 4865 2554 4919 κατ’
2589 4865 2726 4918 ἰδίαν
2774 4862 2891 4932 (ὠς
2921 4861 3089 4924 αὐτὸς
3129 4860 3248 4928 μεθ’
3280 4859 3463 4928 ὅρκων
3496 4859 3551 4909 ἐν
3576 4854 3646 4922 τῷ

2078 4961 2296 5030 θανάτῳ
2339 4958 2504 5011 αὑτοῦ
2532 4953 2851 5026 ἐξήγγειλεν
2875 4957 2988 5015 τοῖς
3014 4952 3137 5022 ἐμοὶ
3166 4950 3604 5018 ἀπαγγείλασιν)
3631 4961 3641 4973 ·

2083 5054 2254 5115 Πόσος
2290 5047 2400 5122 ἆρα
2423 5090 2438 5115 ,
2471 5046 2711 5120 Γεὼργιε
2737 5087 2751 5110 ,
2801 5048 2829 5099 ὁ
2884 5045 3022 5115 προς
3067 5042 3168 5115 ἐμέ
3204 5059 3301 5095 σου
3337 5040 3543 5105 πόθ’)ςς
3590 5038 3644 5090 Ὀ

2079 5146 2136 5198 δέ
2182 5159 2376 5211 φησιν·
2434 5140 2790 5209 Ἀπέραντος.
2826 5135 3095 5195 δέσποτα,
3130 5132 3225 5185 καὶ
3257 5129 3510 5199 εἰκασμῷ
3555 5130 3646 5195 οὐκ

2080 5232 2537 5300 ὑποϐαλλόμενος.
2574 5229 2743 5284 Πάλιν
2775 5230 2912 5298 πρὸς
2944 5225 3108 5278 αύτδν
3150 5225 3178 5276 ὁ
3212 5222 3469 5293 βασιλεύς
3491 5235 3503 5249 ·
3550 5220 3649 5272 Καὶ

2081 5325 2320 5399 εὐχερῶς
2349 5325 2493 5395 ἔχεις
2522 5322 2663 5394 ὑπὲρ
2692 5321 2791 5391 τῆς
2817 5320 2958 5390 ἐμῆς
2993 5319 3215 5388 ἀγάπης
3248 5316 3642 5384 ἁποθνήσδιεινς

2100 5420 2157 5473 '0
2187 5418 2244 5471 δὲ
2285 5416 2423 5487 πρὸς
2460 5415 2567 5484 γῆν
2597 5409 2896 5474 νενευκὼς,
2933 5411 3028 5462 καὶ
3056 5410 3123 5461 τὰ
3162 5410 3315 5477 χεῖρε
3352 5410 3464 5467 τοῖς
3500 5405 3647 5473 σεεέρ-

2084 5525 2196 5570 νοις
2246 5504 2414 5558 αὐτοῦ
2463 5504 2715 5573 ἐνδήσας,
2758 5498 3039 5570 ἐξώμνυτο
3072 5498 3210 5569 μετὰ
3244 5495 3425 5564 πάσης
3460 5496 3649 5567 119003-

2086 5600 2212 5670 μίας
2249 5598 2390 5667 ὑπὲρ
2422 5595 2587 5650 αὑτοῦ
2623 5593 3009 5660 ἀποθνήσκειν.
3040 5590 3149 5643 Καὶ
3184 5588 3211 5640 ὁ
3245 5586 3499 5657 βασιλεὺς
3540 5581 3650 5635 τοῦ·

2083 5707 2174 5743 τον
2222 5688 2606 5757 ἀσπασάμενος
2797 5696 2809 5709 ·
2858 5681 2959 5733 Ἴδε
3008 5678 3101 5733 καὶ
3152 5677 3267 5738 νέος
3314 5676 3534 5729 ἰσαά-ι·
3571 5672 3653 5725 ιαὶ
