3894 6164
323 308 458 374 1135

1520 314 1898 375 STEPHANI
1939 316 2246 376 DIACONI
2284 318 2394 377 CP.

3440 322 3578 390 1136

322 420 495 476 salute
522 422 574 475 iu
604 420 997 492 captivitatem-
1019 422 1273 488 abducat,
1308 422 1663 494 pt'istinisque
1701 423 1904 493 laqueis

2010 425 2240 497 τρόπου,
2284 424 2392 478 ἰδοὺ
2445 422 2630 479 θεόθεν
2659 426 3026 498 ὀδηγοὺμενος
3050 469 3064 494 ,
3095 429 3164 484 τὰ
3196 428 3322 502 τῇδε
3352 433 3581 488 κατέλα·

324 512 583 583 tmplicet.
624 515 690 566 At
727 513 814 567 ille
855 515 1047 583 iterum
1080 515 1369 584 procidens
1400 515 1642 570 instabat
1668 515 1752 569 his
1778 531 1898 570 ver-

323 607 406 659 bis
436 622 450 658 :
487 604 777 659 Rationem
826 620 923 673 pro
951 619 1036 660 me
1073 606 1180 660 Deo
1230 604 1447 669 reddes,
1478 605 1636 660 sime
1673 606 1901 659 tonden-

324 697 450 749 dum
511 694 717 751 dill‘ers.
774 694 872 751 Cui
926 709 1193 751 sanctus:
1225 694 1281 750 Si
1314 696 1368 750 id
1395 695 1610 765 quidem
1657 695 1898 765 periculo

323 800 561 853 vacaret,
612 802 798 843 vocem
843 786 1210 857 evangelicam
1279 788 1583 857 implerem,
1641 785 1778 841 Eum
1810 789 1902 858 qui

324 880 456 934 venit
494 878 562 933 ad
596 895 676 932 me
711 895 815 935 nan
858 877 1069 948 ejiciam
1105 880 1252 948 [oras
1292 878 1356 935 ".
1389 880 1612 946 Quando
1663 894 1809 944 Vero,
1844 890 1901 935 ut

323 972 549 1034 asseris,
590 984 658 1026 ex
701 978 812 1024 toto
838 969 1007 1025 corde
1054 969 1292 1037 accedis,
1323 969 1555 1042 idipsum
1610 973 1897 1041 praestabo.

327 1059 438 1113 Ilnc
485 1068 692 1112 tantum
743 1072 914 1121 cave,
974 1073 1042 1113 ue
1123 1067 1174 1112 te
1241 1058 1469 1113 tentatin
1508 1060 1903 1130 apprehendat.

324 1151 530 1218 Quibus
572 1151 751 1215 dictis,
785 1150 935 1205 illum
967 1151 1212 1207 saeculari
1249 1164 1403 1207 veste
1437 1154 1610 1220 exuit,
1646 1152 1906 1206 obedien-

325 1244 518 1311 tiaeque
584 1243 914 1299 vestimento
978 1241 1151 1298 induit
1184 1261 1199 1296 :
1228 1242 1393 1316 472
1414 1244 1603 1315 sicque
1656 1244 1749 1301 ille
1797 1257 1905 1300 tres

323 1335 439 1388 dies
479 1339 608 1401 egit.

2005 517 2099 570 60v
2123 534 2137 548 ο
2173 519 2268 570 καὶ
2317 516 2434 581 νῦν,
2492 516 2642 588 τίμιε
2677 518 2883 589 Πάτερ.
2940 521 3014 592 μὴ
3043 520 3454 593 ἑξοστρακισθῶ
3483 525 3582 595 τῆς

2003 607 2357 677 ψυχοσὼστου
2386 624 2482 662 σου
2514 608 2767 673 συνοδίας
2796 627 2809 639 ·
2841 610 2979 664 ἀλλὰ
3011 612 3234 684 τύχοιμι
3280 613 3375 667 τοῦ
3412 614 3582 683 ἀγγε-

2002 699 2155 753 λικοῦ
2189 701 2488 770 σχήματος.
2533 700 2591 753 Ὀ
2624 700 2682 756 δὲ
2705 702 2887 772 τίμιος
2904 704 3179 772 Στέφανος
3204 704 3342 776 πρὸς
3375 706 3540 759 αὐτόν
3564 724 3577 738 ο

2005 792 2081 845 Οὐ
2113 787 2353 862 δύναμαι
2390 791 2549 846 τοῦτο
2573 795 2798 864 ποιῆσαι
2822 782 2912 848 διὰ
2942 794 3036 848 τὸν
3063 795 3451 867 ἐπηρτημένον
3477 798 3585 853 κίν-

2005 884 2162 938 δυνον
2195 883 2290 938 τοῦ
2322 885 2608 956 τυράννου,
2647 886 2723 956 μή
2765 904 2882 950 πως
2913 886 3106 958 μαθὼν
3151 888 3583 961 ὲξανδραποδίσῃ

2010 989 2105 1028 σου
2148 974 2247 1043 τὴν
2292 973 2470 1044 ψυχὴν
2509 975 2613 1045 τῆς
2647 976 2965 1047 σωτηρίας,
3009 978 3105 1032 καὶ
3152 982 3270 1042 ταῖς
3328 968 3586 1051 ἀρχαίαις

2007 1063 2383 1137 περιεμπλέξῃ
2440 1065 2645 1135 πάγαις
2696 1065 2745 1119 δ.
2802 1066 2859 1120 ’0
2909 1068 2968 1121 δὲ
3023 1069 3187 1121 πάλιν
3242 1068 3441 1123 ἔπιπτε
3492 1072 3585 1123 καὶ

2005 1157 2189 1226 ᾐτεῖτο
2220 1155 2393 1225 λέγων
2421 1173 2436 1188 ο
2468 1158 2642 1226 Λόγον
2668 1157 2807 1229 ὑπὲρ
2839 1157 2974 1228 ἐμοῦ
3006 1159 3309 1225 ἀποδώσεις
3340 1160 3419 1231 τῷ
3439 1161 3581 1231 Θεῷ,

2005 1247 2100 1302 ἐὰν
2136 1248 2351 1320 ὑπέρθῃ
2393 1249 2488 1303 τοῦ
2538 1252 2833 1320 ἀποκεῖραι
2889 1269 2977 1322 με.
3027 1252 3089 1305 Ὀ
3139 1253 3196 1306 δὲ
3228 1252 3383 1323 ἅγιος
3423 1254 3584 1308 πάλιν

2007 1340 2144 1410 πρὸς
2169 1341 2353 1395 αὐτόν’
2376 1342 2439 1395 Ei
2465 1337 2534 1412 ἦν
2558 1342 2860 1408 ἀκίνδυνον,
2894 1342 3193 1414 ὲπλὴρωσα
3215 1343 3282 1398 ἂν
3303 1345 3403 1417 τὴν
3423 1346 3585 1415 εὐαγ-

327 1427 546 1500 τελικὴν
576 1428 781 1498 φωνὴν,
812 1432 895 1485 ὅτι
929 1429 1041 1483 Τὸν
1062 1428 1394 1500 ἐρχόμενον
1422 1432 1573 1501 πρός
1592 1448 1673 1502 με
1707 1435 1779 1487 οὺ
1812 1432 1900 1503 μὴ
1939 1432 2174 1490 ἐκϐάλω
2213 1436 2349 1509 ἔξω.
2398 1436 2625 1492 Ἐπείπε
2636 1455 2666 1507 ρ
2725 1437 2782 1491 δὲ
2809 1477 2824 1504 ,
2851 1439 2927 1502 ὡς
2991 1439 3129 1512 ἔφης
3154 1480 3171 1505 ,
3208 1443 3265 1508 ἐξ
3297 1441 3426 1513 ὅλης
3451 1459 3585 1513 καρ⁴

320 1522 439 1586 δίας
479 1524 825 1594 ίπροσέρχῃ,
860 1520 1021 1575 τοῦτο
1076 1520 1289 1593 πλῃρῶ.
1323 1522 1499 1578 Βλέπε
1543 1526 1600 1579 δὲ
1635 1524 1821 1595 μόνον,
1870 1525 1950 1596 μή
1995 1542 2054 1579 σε
2111 1528 2394 1601 καταλάϐῃ
2462 1529 2790 1601 πειρασμός.
2839 1531 2949 1584 Καὶ
2984 1531 3159 1588 ταῦτα
3213 1533 3409 1602 εἰπὼν,
3449 1535 3585 1589 ἀπο·

320 1616 435 1671 δύει
468 1616 630 1670 αὑτὸν
659 1616 758 1687 τὴν
791 1612 1065 1685 κοσμικὴν
1093 1615 1336 1686 ἐσθῆτα,
1377 1618 1472 1670 καὶ
1505 1615 1689 1688 βάλλει
1735 1617 1898 1672 αὑτὸν
1937 1618 2038 1690 τῆς
2104 1621 2387 1692 ὑποταγῆς
2415 1622 2475 1675 τὸ
2514 1620 2720 1692 ἔνδυμα
2741 1637 2755 1652 ο
2792 1622 2887 1675 καὶ
2950 1623 3211 1694 ἐποίησεν
3236 1623 3413 1689 οὕτως
3444 1626 3584 1698 ἡμέ-

323 1725 423 1779 ρας
452 1710 620 1780 τρεῖς.

394 1764 618 1856 interim
647 1810 928 1869 tyrannus,
971 1799 1202 1854 collecta
1271 1764 1461 1867 plebe,
1508 1800 1563 1854 in
1603 1801 1898 1870 hippodro-

2086 1806 2146 1859 Ὀ
2166 1803 2223 1859 δὲ
2251 1806 2515 1878 τύραννος
2538 1805 2629 1860 τὸν
2649 1806 2777 1862 λαὸν
2805 1807 3159 1884 συναθροίσας
3182 1811 3240 1864 ὲν
3260 1810 3338 1880 τῷ
3364 1810 3581 1884 θεάτρῳ

323 1894 416 1947 mii
445 1894 681 1957 theatro,
738 1893 806 1945 ad
836 1893 1041 1962 gradus
1083 1890 1176 1960 qui
1243 1891 1492 1947 [lassatae
1543 1893 1796 1948 [actionis
1820 1895 1906 1949 di-

322 1994 541 2049 cuntur,
573 1983 685 2051 ipse
712 1991 864 2037 stans
892 1982 946 2035 in
985 1983 1260 2053 superiori
1307 1992 1466 2052 parte
1497 1983 1549 2039 iu
1587 1987 1701 2039 haec
1742 1985 1905 2039 verba

322 2078 502 2147 erupit
538 2093 552 2131 :
584 2073 741 2129 Nulla
805 2074 933 2128 mihi
991 2090 1119 2144 pars
1163 2076 1286 2130 vita
1340 2087 1425 2131 est
1469 2092 1593 2135 cum
1646 2078 1907 2132 nefando-

325 2184 443 2222 rum
497 2166 606 2221 Deo
637 2165 814 2221 invisa
850 2174 1047 2219 turma.
1085 2165 1291 2236 Populo
1331 2175 1515 2221 autem
1567 2167 1810 2222 ululante
1852 2177 1907 2223 et

326 2261 657 2314 tumultuose
709 2257 978 2313 clamante
1035 2256 1157 2312 :Ne
1199 2258 1481 2328 vestigium
1515 2258 1733 2328 quidem
1784 2259 1905 2316 illo-

327 2364 446 2404 rum
486 2349 702 2404 habitus
752 2349 804 2403 in
840 2355 931 2402 tua
963 2348 1101 2403 urbe
1141 2357 1444 2419 comparet,
1475 2350 1729 2417 domine;
1787 2351 1903 2421 ipse

328 2442 584 2498 iracunde
609 2442 866 2497 clamavit
898 2458 912 2495 :
944 2441 1142 2503 Eorum
1192 2441 1425 2497 insidias
1455 2443 1733 2498 sustinere
1785 2444 1900 2513 jam

329 2548 564 2604 nequeo.
594 2533 799 2601 Omnes
832 2534 977 2588 enim
1017 2533 1147 2587 mihi
1203 2533 1450 2588 subditos
1493 2534 1807 2590 subduxere
1849 2543 1904 2590 et

328 2627 571 2682 tenebris
616 2627 908 2681 tradidere.
957 2624 1102 2693 Quin
1151 2625 1316 2679 etiam
1359 2625 1443 2681 his
1501 2640 1608 2680 non
1663 2628 1902 2682 contenti

329 2736 463 2774 mea:
497 2719 691 2772 anima:
735 2715 1171 2770 amantissimum
1192 2713 1484 2784 Georgium
1517 2714 1832 2785 Syncletum
1873 2730 1905 2772 θ

327 2826 447 2867 ιιιθο
509 2810 716 2864 feruore
765 2807 1155 2876 arripuerunt,
1195 2804 1501 2875 abbamque
1543 2807 1660 2861 sive
1719 2820 1906 2861 mona-

325 2904 488 2958 chum
540 2900 745 2956 fecere.
787 2898 832 2955 Ο
892 2899 1108 2954 illorum
1160 2896 1509 2952 insidiarum'
1551 2896 1903 2953 violentiantl

328 2992 555 3058 Verum,
587 2991 1009 3048 sollicitudinem
1042 2997 1281 3045 nostram
1339 2992 1406 3043 ad
1454 2987 1744 3043 Dominum
1780 3003 1901 3057 pro-

323 3086 581 3158 jieiamus
643 3103 656 3139 :
715 3085 942 3154 ipseque
996 3082 1147 3136 illum
1194 3081 1305 3135 cito
1357 3079 1667 3150 patefaciet.
1705 3079 1903 3134 Preces

2006 1897 2100 1951 τοῦ
2128 1897 2487 1969 ἱπποδρομίου
2512 1939 2526 1964 ,
2559 1900 2698 1970 πρὸς
2732 1902 2858 1962 τοὺς
2891 1900 3243 1972 ἀναϐαθμοὺς
3276 1903 3389 1973 (14)
3412 1943 3429 1968 ,
3451 1903 3580 1958 ἔνθα

2005 1988 2320 2059 ἑπιλέγεται
2354 1988 2423 2041 τὰ
2453 1988 2548 2042 τοῦ
2575 1991 2825 2061 ρουσίου,
2860 1990 3021 2055 αὐτὸς
3061 1990 3297 2062 ῦπερθεν
3330 1992 3466 2056 στὰς
3494 1992 3579 2059 ἐξ·

2010 2082 2241 2153 εὸὁησεν
2271 2080 2399 2135 τάδε
2422 2097 2435 2112 ·
2474 2081 2587 2134 Οὐκ
2622 2080 2769 2135 ἔστιν
2798 2098 2888 2152 μοι
2917 2081 3064 2151 ζωῆς
3098 2082 3264 2156 μέρος
3317 2083 3458 2154 μετά
3485 2081 3579 2136 τοῦ

2006 2172 2336 2242 θεοστυγοῦς
2364 2172 2472 2235 τῶν
2505 2175 2937 2244 ἀμνημονεύτων
2972 2173 3165 2245 ἑσμοῦ.
3212 2173 3321 2228 Τοῦ
3346 2174 3405 2227 δὲ
3451 2175 3581 2228 λαοῦ

2003 2261 2354 2329 ὁλολύξαντος
2417 2255 2511 2315 καὶ⁵
2568 2260 2823 2333 θορυϐεῖν
2875 2263 3287 2334 ἐπιχειροῦντος
3312 2304 3329 2327 ,
3388 2266 3575 2331 ὅτιπερ

2004 2356 2139 2409 Οὐδὲ
2162 2357 2307 2425 ίχνος
2330 2354 2511 2409 αὐτῶν
2538 2355 2636 2413 τοῦ
2663 2355 2946 2425 σχήματος
2965 2355 3235 2425 πέφανται
3254 2358 3312 2411 ὲν
3332 2361 3399 2428 τῇ
3431 2358 3583 2412 πόλει

2005 2464 2136 2513 σου,
2166 2446 2427 2501 δέσποτα
2454 2463 2468 2477 ⁶
2505 2445 2742 2518 ὀργίλως
2791 2446 2955 2510 αὐτὸς
3010 2446 3328 2519 ἐξεϐόησεν
3383 2451 3582 2504 Οὐκέτι

2005 2539 2338 2609 ὑποφέροιμι
2374 2536 2476 2615 τὰς
2510 2537 2689 2592 αὐτῶν
2720 2524 3035 2602 ἐπιϐουλάς.
3067 2538 3285 2602 Πάντας
3313 2539 3422 2612 γὰρ
3455 2541 3581 2603 τοὺς

2005 2632 2097 2685 ὑπ’
2152 2631 2251 2702 ἐμὲ
2298 2630 2601 2702 ὑπέσυραν,
2630 2631 2725 2683 καὶ
2768 2633 2836 2701 τῇ
2873 2630 3063 2702 σκοτίᾳ
3109 2632 3456 2703 παρέδωκαν,
3489 2634 3584 2686 καὶ

2008 2725 2083 2796 μὴ
2115 2722 2479 2795 ἀρκεσθέντες
2525 2722 2635 2777 ἰδοὺ
2667 2723 2762 2775 καὶ
2788 2723 2881 2775 τὸν
2908 2722 3183 2793 προσφιλῆ
3221 2740 3327 2795 μου
3356 2724 3454 2795 τῆς
3480 2725 3583 2794 ψυ-

2008 2815 2135 2886 χῆς,
2165 2812 2440 2884 Γεὼργιόν
2473 2831 2553 2885 φη
2572 2831 2633 2885 μι
2655 2813 2747 2867 τὸν
2776 2812 3144 2883 Συγκλητοῦν,
3178 2814 3364 2868 ὲκντοῦ
3403 2815 3578 2886 μηροῦ

2006 2922 2110 2976 μο)
2165 2905 2640 2974 ἀφαρπάσαντες,
2698 2901 2873 2956 assa»;
2929 2906 3320 2975 πεποιήκασιν.
3365 2900 3435 2957 Ὦ
3489 2904 3580 2975 βία

2003 2995 2112 3049 ἀπὸ
2160 2997 2259 3066 τῆς
2297 2994 2503 3048 τούτων
2536 2993 2834 3064 ἐπιϐουλῆς
2863 2995 2877 3048 i
2914 2993 3056 3046 ’Δλλν
3083 2991 3176 3048 οὖν
3211 2994 3458 3065 ῥίψωμεν
3489 2999 3581 3051 ἐπὶ

2006 3086 2211 3154 Κύριον
2248 3085 2345 3156 τὴν
2388 3087 2658 3156 μέριμναν
2703 3085 2894 3155 ήμῶν,
2941 3086 3037 3139 καὶ
3078 3086 3240 3161 αὐτὸς
3276 3088 3581 3159 φανερώσει

330 3188 538 3235 tantum
597 3178 974 3232 adhibeamus.
1008 3175 1164 3235 Tunc
1224 3174 1460 3229 universi
1500 3173 1724 3228 dixere:
1762 3171 1901 3227 Vere

2008 3174 2171 3229 αὑτὸν
2203 3176 2261 3227 ὲν
2281 3175 2440 3244 τάχει
2459 3213 2475 3240 ,
2513 3175 2673 3245 μόνον
2703 3175 2868 3246 εὐχὴν
2897 3174 3276 3246 ποιησώμεθα.
3307 3178 3419 3231 Καὶ
3442 3178 3582 3233 πάν-

328 3290 423 3329 cor
450 3282 598 3327 tuum
637 3271 691 3325 in
717 3285 879 3324 mann
902 3267 998 3323 Dei
1022 3285 1038 3335 ;
1075 3276 1235 3336 teque
1254 3273 1503 3321 orantem
1530 3266 1774 3334 profecto
1801 3278 1898 3318 ex-

324 3361 508 3416 audiet
550 3358 825 3415 Dominus.
1272 3414 1279 3419 ,

396 3449 579 3506 Tertia
620 3457 803 3503 autem
838 3448 925 3502 die
962 3445 1273 3515 interiecta,
1300 3444 1644 3501 venerandus
1674 3443 1904 3511 Stepha-

332 3559 434 3600 nus
454 3542 754 3611 Georgium
781 3580 797 3606 ,
831 3554 1088 3610 perversa
1115 3538 1413 3593 calliditate
1443 3536 1755 3607 praeditum,
1786 3543 1906 3605 post

326 3637 559 3710 plurima
612 3630 1012 3688 exhortationis
1070 3628 1273 3696 verba,
1333 3630 1565 3685 totondit
1617 3639 1672 3685 et
1711 3637 1905 3684 sancto

329 3731 519 3788 habitu
571 3727 768 3783 induit.
813 3724 885 3778 At
923 3723 1086 3795 473
1141 3722 1231 3779 ille
1280 3722 1592 3792 iniquitatis
1632 3721 1902 3787 minister,

329 3823 461 3878 nihil
495 3835 684 3876 eorum
721 3833 842 3887 quae
878 3817 971 3872 Dei
1019 3824 1144 3871 sunt
1204 3829 1433 3871 servans
1469 3812 1647 3885 (nam,
1676 3821 1734 3866 ut
1768 3812 1906 3868 scri-

327 3923 477 3985 ptum
505 3921 607 3975 est,
626 3909 692 3964 In
721 3908 1032 3964 maleoolam
1050 3908 1283 3962 animum
1308 3923 1413 3961 non
1433 3905 1674 3961 introibit
1696 3904 1907 3972 sapien-

327 4009 404 4061 tia
437 4003 532 4078 ",)
559 4014 679 4075 post
709 4014 821 4058 tres
852 4001 986 4056 alios
1017 4002 1134 4056 dies
1159 3998 1294 4056 colle
1322 3999 1537 4064 relicto,
1567 3997 1635 4053 ad
1664 3999 1905 4067 impera-

328 4111 462 4156 toris
489 4100 667 4153 aulam
700 4095 1127 4166 aufugit;quem
1159 4092 1536 4152 amantissime
1557 4089 1904 4159 excepitxim-

325 4201 565 4262 perator,
598 4198 783 4259 utpote
808 4187 904 4258 qui
933 4186 1202 4250 fraudem,
1225 4199 1388 4255 quam
1425 4183 1537 4253 ipse
1563 4181 1904 4255 moliebatur,

326 4285 392 4339 ad
428 4283 676 4340 eﬂ‘ectutn
699 4281 1062 4351 perduxerat;
1095 4291 1331 4346 eumque
1354 4274 1630 4330 osculatus
1662 4284 1765 4339 est,
1799 4288 1905 4329 non

328 4379 567 4441 habitus,
619 4377 715 4430 sed
760 4369 1216 4440 transgressionis
1239 4382 1427 4431 causa,
1462 4374 1603 4421 etut
1651 4380 1782 4420 ansa
1821 4379 1899 4418 re-

2004 3283 2097 3329 τες
2126 3263 2278 3319 εἷπον
2308 3283 2321 3296 ο
2361 3266 2600 3338 ’Δληθῶς
2649 3268 2684 3337 ἡ
2727 3266 2926 3339 καρδία
2974 3284 3070 3321 σου
3117 3271 3175 3320 ὲν
3226 3270 3373 3341 χειρὶ
3403 3269 3578 3336 Θεοῦ,

2005 3357 2100 3411 καὶ
2124 3357 2381 3428 δεομένου
2414 3346 2516 3411 σου
2547 3360 2769 3421 πάντως
2801 3359 3181 3412 εἰσακούσεται
3212 3360 3439 3431 Κύριος.

2076 3450 2234 3503 Μετά
2271 3450 2328 3503 δὲ
2370 3450 2561 3521 τρίτην
2610 3451 2822 3521 ἡμέραν
2864 3450 2893 3503 ὁ
2935 3451 3263 3522 τιμιώτατος
3307 3453 3584 3523 Στέφανος

2003 3540 2095 3593 τὸν
2128 3539 2436 3612 πανοῦργον
2471 3542 2529 3594 ὲν
2556 3540 2793 3613 πονηρίᾳ
2826 3541 3099 3611 Γεώργιον
3133 3541 3306 3596 πολλά
3337 3545 3581 3615 κατηχή-

2006 3650 2105 3697 σας
2131 3634 2424 3704 ἀπέκειρεν
2445 3674 2459 3699 ,
2499 3634 2594 3688 καὶ
2627 3634 2876 3689 ἐνέδυσεν
2905 3635 3066 3689 αὑτὸν
3097 3635 3157 3688 τὸ
3189 3635 3343 3705 ἅγιον
3373 3636 3579 3707 σχῆμα.

2018 3727 2076 3780 'O
2100 3726 2155 3780 δὲ
2186 3726 2287 3798 τῆς
2312 3726 2543 3798 ἀνομίας
2577 3727 2874 3798 ὑπουργὸς,
2900 3727 3067 3799 μηδὲν
3096 3730 3444 3800 συντηρήσας
3472 3728 3583 3783 τῶν

2005 3819 2100 3871 τοῦ
2128 3817 2264 3871 Θεοῦ
2293 3817 2424 3888 (καὶ
2458 3817 2564 3890 γὰρ
2600 3819 2704 3882 Εἰς
2734 3818 3108 3887 κακότεχνον
3149 3819 3362 3887 ψυχὴν
3395 3820 3584 3888 σοφία

2007 3913 2121 3966 οὐκ
2154 3909 2591 3976 εισελεύσεται,
2623 3909 2698 3971 ὡς
2720 3912 2815 3964 καὶ
2835 3909 3205 3979 γέγραπται),
3244 3910 3386 3979 μετὰ
3413 3909 3582 3981 ἄλλην

2004 4001 2196 4071 τρίτην
2235 4000 2452 4070 ἡμέραν
2491 4000 2585 4053 τοῦ
2624 3998 2814 4070 βουνοῦ
2859 4000 3039 4070 φυγὰς
3069 4001 3242 4072 ᾤχετο
3277 4003 3359 4064 εἰς
3384 4002 3454 4054 τὰ
3487 4000 3584 4072 βα-

2008 4091 2183 4144 σίλεια
2203 4107 2216 4122 ’
2242 4086 2363 4144 εἶτα
2401 4090 2621 4161 δέχεται
2646 4090 2834 4146 τοῦτον
2863 4093 3117 4163 ἀσμένως
3142 4093 3170 4144 ὁ
3197 4092 3471 4162 βασιλεὺς,
3507 4094 3584 4156 ὡς

2005 4181 2107 4248 τῆς
2144 4180 2281 4244 ἰδίας
2328 4180 2494 4234 αὐτοῦ
2535 4182 2843 4254 σκαιωρίαςι
2889 4182 2952 4236 τὸ
2996 4183 3338 4253 ἐπιτήδευμα
3377 4184 3586 4255 ἐκπλη-

2009 4272 2282 4346 ρώσαντα,
2316 4274 2604 4344 καταφιλεί
2634 4273 2846 4339 τοῦτον,
2886 4276 2945 4329 οὐ
2979 4274 3068 4329 διὰ
3096 4275 3156 4329 τὸ
3204 4277 3411 4347 σχῆμα,
3448 4278 3587 4333 ἀλλὰ

2006 4364 2094 4417 διὰ
2126 4363 2226 4435 τὴν
2268 4364 2617 4436 παράϐασιν,
2666 4367 2763 4418 καί
2806 4365 2881 4430 ὡς
2919 4365 3193 4436 πρόφασιν
3230 4366 3407 4439 εὑρὼν
3444 4368 3585 4421 ἀπο-

328 4480 481 4539 perta
529 4481 718 4522 necent
785 4472 978 4519 saneto
1026 4459 1314 4516 inferendi.
1378 4454 1544 4529 Igitur
1601 4465 1903 4527 opportuna

2008 4458 2221 4511 κτεῖναι
2244 4457 2334 4511 τὸν
2371 4458 2561 4529 ἆγιονξ
2592 4459 2686 4512 καὶ
2716 4457 2975 4528 εὐκαίρου
3010 4458 3373 4528 δεδραγμένος
3402 4459 3417 4509 i
3460 4456 3591 4512 καιέ

327 4563 615 4617 occasione
634 4552 872 4628 arrepta,
909 4569 1067 4613 mane
1092 4553 1400 4626 universam
1437 4558 1649 4606 mtatem
1674 4589 1689 4613 ,
1724 4564 1904 4615 senes,

328 4653 597 4717 seniores,
659 4650 923 4719 juvenes,
970 4644 1364 4708 adolescentes,
1410 4657 1599 4697 recens
1634 4649 1791 4719 natus
1828 4643 1911 4695 in-

330 4745 525 4811 fantes,
589 4718 737 4798 viros
783 4740 951 4797 simul
1004 4750 1059 4795 et
1092 4738 1373 4803 mulieres,
1405 4734 1622 4790 silentio
1650 4718 1810 4799 Iacto,
1853 4732 1909 4786 in

285 4837 545 4957 ‘heatro
589 4831 950 4906 hippodromii
1003 4829 1306 4886 convenire,
1331 4826 1616 4896 imperavit
1666 4843 1679 4879 :
1730 4825 1907 4879 numi-

408 4989 450 5026 ⁶’
480 4993 635 5049 Joan.
666 5006 737 5059 τι,
779 4990 875 5045 37.
942 4986 989 5018 "
1029 4984 1157 5056 Sap.
1187 4999 1227 5048 ι,
1261 4983 1315 5037 ι.

2012 4547 2140 4618 ροῦ,
2181 4550 2511 4620 προστάττει
2549 4548 2718 4604 ἔωθεν
2748 4552 2925 4604 πᾶσαν
2955 4550 3205 4620 ἡλικίαν,
3237 4551 3347 4604 ἀπό
3388 4568 3447 4605 τε
3486 4568 3590 4621 γη-

2012 4641 2204 4712 ραιοῦ,
2258 4641 2597 4712 πρεσϐύτου,
2646 4643 2741 4696 καὶ
2790 4643 3094 4714 νεωτέρου,
3141 4642 3345 4713 ἐφήϐου
3383 4659 3444 4695 τε
3492 4645 3589 4697 καὶ

2009 4734 2312 4805 ἀρτιγενῶν
2341 4733 2588 4805 βρεφῶν,
2618 4734 2816 4805 ἄνδρας
2843 4733 2979 4805 ὁμοῦ
3032 4734 3128 4787 καὶ
3159 4736 3427 4803 γυναῖκας
3445 4775 3459 4797 ,
3494 4751 3588 4787 σε·

2009 4823 2220 4877 λεντίου
2270 4824 2383 4896 (15)
2415 4825 2708 4895 ἀγομένου,
2743 4827 2802 4880 ἐν
2827 4824 2906 4897 τῷ
2940 4824 3154 4899 θεάτρῳ
3194 4826 3288 4880 τοῦ
3323 4826 3595 4897 ἱπποδρο-

1681 5088 1919 5145 νΑιιιΑε
1964 5087 2370 5148 ιεετιοιςεε.

399 5219 426 5259 δ
457 5220 527 5275 al.
565 5218 824 5286 πληγαῖς.
908 5214 926 5254 ί
961 5210 1035 5266 ai.
1063 5207 1264 5280 ψυχῆς.
1344 5204 1361 5257 ι
1402 5204 1475 5261 al.
1506 5202 1803 5275 δεδρακὼς.

1855 5319 2089 5379 NOTAE.

398 5457 515 5528 (Μ)
555 5442 1229 5528 Ἀνασαθμορςοβνειάυε
1260 5438 1748 5528 ετιηυίῖεφξῖῖνὲη
1788 5440 1909 5528 9⁸⁸ξῖ

338 5516 430 5587 [ius
481 5516 841 5579 considebant
893 5516 1180 5587 factiones.
1226 5524 1346 5587 qua:
1405 5525 1630 5587 nurnero
1674 5519 1910 5579 quatuor

338 5581 507 5656 erant,
564 5593 763 5647 Veneta
820 5586 1224 5649 senCaerulea,
1279 5581 1528 5643 l’rasina,
1586 5581 1815 5634 Itussata
1855 5591 1911 5634 et

334 5666 571 5729 gandida
604 5680 696 5734 seu
726 5661 942 5734 Albata.
971 5729 982 5734 _
1204 5724 1214 5734 θ
1451 5720 1461 5730 _

402 5736 514 5809 με)
551 5732 890 5798 Σεβάν-τιον,
933 5729 1019 5784 hic
1060 5729 1379 5783 concionem
1421 5729 1536 5777 sive
1579 5730 1905 5775 conventum

2017 5449 2073 5490 et
2105 5446 2305 5491 emtum
2340 5434 2647 5505 signiﬁcare
2691 5436 2921 5491 videtur.
2957 5436 3096 5490 Alibi
3138 5438 3501 5494 hortationem
3532 5450 3593 5497 et

2017 5508 2345 5580 oratiurmm,
2385 5517 2548 5576 atque
2588 5507 2753 5580 etiam
2794 5507 3085 5580 concilium
3130 5507 3441 5580 signiﬁcat:
3469 5509 3592 5575 Qua

2016 5580 2083 5631 de
2116 5574 2171 5629 r'e
2197 5577 2315 5630 vide
2347 5574 2686 5646 notgeruditi
2711 5574 2900 5646 Jacobi
2942 5574 3107 5631 ϐοειτί
3152 5574 3217 5631 ad
3261 5594 3378 5646 cap.
3408 5579 3446 5634 5
3484 5574 3592 5634 Co-

2015 5648 2125 5702 diui
2151 5645 2404 5713 Curupul.
2436 5645 2511 5698 De
2530 5645 2660 5714 οβε.
2686 5645 3090 5715 Constantinop.
3122 5665 3172 5699 η.
3199 5646 3287 5702 47.
3306 5645 3590 5705 Interdum

2018 5718 2093 5770 σι)
2105 5716 2278 5770 ἑντιον
2309 5733 2385 5772 set
2403 5716 2584 5775 ibitur.
