3940 6170
362 343 491 415 iiii

1410 357 1584 416 VITA
1618 359 1677 417 S.
1711 360 2085 419 STEPHANI
2127 357 2507 421 JUNlORlS.

3472 345 3609 415 1142

356 462 591 533 ἀχθῆναι
649 463 742 516 τὸν
779 464 954 533 ἅγιον.
976 465 1170 543 ,Ἤχθη
1206 466 1261 518 δὲ
1292 450 1318 519 ό
1356 467 1506 535 ἅγιος
1536 471 1640 524 ὑπὸ
1673 471 1763 523 δύο
1804 471 1922 525 ἐπι-

2029 475 2126 538 Qui
2166 475 2381 540 quidem
2426 472 2630 525 duobus
2676 468 3106 524 Sttslentantihns
3164 466 3425 520 adductus
3478 475 3595 529 est;

359 550 773 621 στηριζόμενος,
810 554 900 608 διὰ
926 555 1008 618 τὺ,
1044 556 1119 618 ὡς
1160 558 1506 628 προείρηται,
1559 560 1634 631 μὴ
1666 561 1928 616 δῦνασθαι

358 643 524 696 αὑτὸν
564 647 919 715 περιπατεῖν,
962 647 1059 699 καὶ
1088 646 1278 711 πέδαις
1313 649 1551 720 σιδήρων
1595 652 1723 713 τοὺς
1764 654 1930 716 πόδας
1962 694 1973 705 .

358 730 832 804 ἐγκεκλεισμένον.
886 735 1065 806 Ὅπερ
1095 736 1292 801 ἰδόντες
1323 733 1467 792 οὗτοι
1503 742 1550 793 οἰ
1580 741 1893 810 θεοστυγεῖς
1912 785 1926 808 ,

359 821 687 889 ἐδάκρυσαν.
723 820 858 877 Εἶτα
890 824 1171 886 Θεοδόσιος
1202 827 1336 898 πρός
1367 829 1530 881 αὐτόν
1560 847 1725 900 φησιν
1769 832 1931 901 Ἐφὲυ

363 903 457 963 σου
500 930 513 946 -
555 913 674 965 Τίνι
715 914 938 984 τρόπῳ,
982 914 1239 985 ἄνθρωπε
1281 916 1376 970 τοῦ
1409 918 1582 984 Θεοῦ,
1613 921 1849 991 ᾑρετίσω
1871 923 1930 977 ὲν

362 1001 633 1073 ὑπολήψει
679 1005 828 1075 ἡμᾶς
877 1002 1024 1075 ἔχειν
1067 1007 1355 1077 αἰρετικῇ,
1389 1007 1482 1080 καὶ
1518 1009 1929 1080 ὑπερφρονῆσαι

361 1094 505 1163 ὑπέρ
532 1111 591 1147 τε
631 1093 869 1163 βασιλεῖς
904 1097 998 1149 καί.
1027 1097 1430 1168 ἀρχῖποιμένας
1462 1099 1560 1154 καὶ
1596 1101 1932 1177 ἐπισκόπους

361 1187 456 1237 καὶ
504 1185 712 1249 πάντας
756 1187 1152 1257 Χριστιανούς;
1184 1189 1259 1259 μὴ
1293 1186 1404 1261 ἆρά
1435 1207 1500 1259 γε
1529 1191 1731 1256 πάντες
1778 1195 1931 1263 ἡμεῖς

359 1274 460 1344 τὴν
497 1275 603 1329 τῶν
635 1278 852 1332 οἰκείων
902 1279 1092 1349 ψυχῶν
1137 1279 1340 1351 ζημίαν
1385 1284 1927 1354 πραγματευόμεθας

372 1364 433 1417 ὐ
462 1365 517 1418 δὲ
561 1369 714 1435 ἅγιος
758 1369 1003 1440 ἠρεμαίᾳ
1049 1373 1111 1441 τῇ
1142 1374 1292 1443 φωνῇ
1323 1390 1488 1442 φησιν
1528 1373 1667 1446 πρὸς
1698 1374 1927 1436 αὐτοό;·

362 1454 760 1524 Προσέχετε,τί
788 1459 1096 1528 γέγραπται
1132 1462 1190 1513 ὲν
1216 1462 1375 1530 Ἠλίᾳ
1404 1463 1481 1532 τῷ
1511 1465 1762 1536 προφήτῃ
1796 1458 1931 1534 προς

377 1547 602 1615 ’Λχαάϐ’
631 1551 712 1603 Οὐ
741 1549 1076 1620 διαστρέψω
1103 1549 1236 1620 ἐγὼ,
1264 1553 1424 1606 ἀλλὰ
1448 1553 1552 1616 σὺ,
1580 1555 1681 1608 καὶ
1706 1559 1739 1610 ὀ
1766 1553 1935 1620 οἶκος

364 1636 471 1689 τοῦ
508 1639 730 1705 πατρός
762 1626 900 1696 σοὺ.
943 1642 1057 1694 Καὶ
1086 1642 1195 1710 γὰρ
1231 1643 1331 1696 οὐκ
1359 1643 1471 1709 ὲγὼ
1500 1646 1528 1697 ό
1555 1645 1927 1715 διαστρέφων,

365 1727 480 1779 ἀλλ’
514 1729 692 1797 ὑμεῖς,
722 1730 769 1782 οἱ
810 1732 906 1804 τὴν
930 1734 995 1787 ὲκ
1033 1734 1311 1804 πρόπαλαι
1342 1737 1791 1807 παραϐεϐηκότες
1820 1724 1930 1792 τῶν

2031 566 2178 633 quia,
2210 574 2262 617 nt
2287 563 2531 631 superius
2576 563 2903 623 monuimus,
2957 557 3265 613 ambulandi
3322 558 3591 626 impotens

2030 661 2166 716 erat,
2207 652 2503 722 ferreisque
2539 651 2743 706 catenis
2768 649 3093 705 constrictos
3126 650 3289 716 pedes
3337 648 3591 702 habebat.

2031 740 2198 807 Quem
2245 741 2335 795 ubi
2373 755 2705 811 conspexere
2753 740 2862 794 Deo
2908 738 3069 793 invisi
3109 737 3209 791 viri
3237 776 3253 799 ,
3321 737 3600 807 Iacrymati

2032 845 2178 889 sunt.
2207 835 2412 890 Deinde
2441 834 2776 888 Theodosius
2801 831 2997 901 Ephesi
3033 831 3320 901 cpiscOpns
3364 829 3465 897 ipsi
3519 827 3606 881 di-

2035 926 2111 979 xit
2162 939 2177 978 :
2235 906 2479 990 Quanam
2532 925 2765 989 ratione,
2828 924 2989 978 homo
3015 922 3130 987 Dei,
3161 922 3216 974 in
3248 919 3487 974 animum
3518 919 3604 972 in-

2031 1016 2231 1070 duxisti
2266 1031 2363 1069 nos
2388 1015 2677 1069 bareticos
2722 1014 2940 1077 habere,
2967 1024 3019 1067 et
3050 1013 3166 1081 plus
3207 1026 3400 1080 sapere
3439 1025 3601 1079 quam

2033 1106 2407 1176 imperatores,
2455 1106 2915 1175 archiepiscopos,
2952 1105 3256 1174 episc0pns,
3289 1103 3605 1157 universos-

2031 1213 2137 1266 que
2186 1197 2566 1252 Christianos?
2603 1198 2872 1266 Numquid
2910 1213 3006 1251 nos
3042 1210 3231 1251 omnes
3294 1195 3602 1249 animarum

2033 1301 2346 1345 nostrarum
2380 1291 2578 1343 damno
2609 1290 2953 1344 laboramus”?
2981 1289 3185 1355 Quibus
3214 1299 3437 1343 sanctus
3491 1286 3598 1339 leni

2031 1394 2162 1435 voce
2192 1380 2508 1448 respondit:
2538 1381 2813 1433 Attendite
2838 1379 2968 1447 quid
3003 1380 3061 1457 in
3093 1378 3207 1432 Elia
3237 1380 3501 1447 pmpheta
3538 1376 3604 1427 ad

2030 1472 2215 1526 Achab
2242 1471 2501 1540 scriptum
2521 1470 2589 1523 sit
2627 1488 2641 1523 :
2674 1467 2792 1522 Non
2824 1486 2917 1539 ego
2944 1481 3200 1537 perverto,
3236 1469 3324 1521 sed
3348 1479 3403 1520 tu
3433 1477 3481 1520 et
3505 1466 3600 1518 do-

2031 1579 2145 1615 mus
2174 1564 2341 1631 patris
2375 1564 2451 1616 lui
2501 1563 2572 1616 ".
2607 1560 2715 1615 Nec
2749 1562 2891 1616 enim
2927 1575 3028 1629 ego
3054 1575 3169 1614 smn
3194 1558 3284 1627 qui
3330 1567 3605 1626 perverti).

2031 1653 2126 1706 sed
2168 1652 2406 1720 vosipsi,
2440 1653 2532 1722 qui
2564 1652 2787 1722 antiqua
2832 1651 3053 1704 Patrum
3101 1649 3348 1703 doctrina
3380 1647 3602 1706 violata.

2033 1756 2222 1795 novam
2266 1743 2723 1810 vaniloquentiam
2756 1743 2807 1795 in
2845 1740 3139 1810 Ecclesium
3171 1739 3470 1793 invexistis.
3514 1738 3607 1790 Et-

366 1816 627 1888 Πατέρων
654 1819 1022 1902 διδασκαλίαν,
1056 1803 1152 1877 καὶ
1185 1825 1312 1879 νέαν
1338 1803 1670 1895 κενοφωνίαν
1699 1826 1764 1899 τῇ
1807 1830 1927 1882 Ἐκ-

366 1907 563 1978 κλησίᾳ
596 1911 1043 1982 εἰσηγησάμενοι.
1083 1913 1143 1966 Εἰ
1169 1914 1277 1984 γὰρ
1298 1916 1365 1969 τὸ
1394 1917 1713 1984 ἀρχαιότητι
1743 1920 1927 1984 διαφέ-

2031 1831 2175 1885 enim
2209 1833 2251 1886 si
2295 1835 2440 1902 quod
2472 1833 2800 1901 antiquitate
2835 1805 3470 1984 prmstat(reneratione
3519 1830 3601 1882 di-

2029 1937 2192 1984 gnum
2217 1931 2320 1984 est,
2351 1933 2405 1975 ut
2428 1922 2645 1984 quidam
2678 1922 2889 1984 sapiens
2919 1921 3058 1974 dixit
3111 1934 3174 1974 ea
3207 1920 3389 1973 omnia
3417 1934 3538 1984 quae
3575 1939 3601 1969 ει

362 1907 563 1978 κλησίᾳ
596 1896 1043 1982 εἰσηγησάμενοι.
1083 1913 1143 1966 Εἰ
1169 1914 1277 1986 γὰρ
1298 1916 1365 1969 τὸ
1394 1917 1713 1988 ἀρχαιότητι
1740 1896 1930 1990 διαςρέ-

364 2015 488 2071 ρον,
529 2000 838 2071 αἱδὲσιμον.
871 2003 946 2067 ὥς
985 2022 1070 2068 τις
1112 2006 1274 2075 σοφὸς
1305 2006 1506 2076 ἔφησεν
1530 2027 1541 2038 ·
1568 2010 1635 2062 τὰ
1665 2027 1927 2083 νεωτεροο

361 2089 678 2156 φωνηθὲντα
746 2094 880 2164 παρ’
933 2096 1120 2163 ὑμῶν,
1182 2097 1357 2152 πάντα
1405 2099 1594 2171 ἄσημα
1649 2103 1745 2156 καὶ
1790 2104 1925 2159 Θεοῦ

359 2178 633 2250 ἀλλότρια,
672 2182 731 2235 οὗ
765 2183 873 2255 μὴν
902 2185 1041 2240 ἀλλὰ
1077 2188 1173 2242 καὶ
1204 2180 1664 2263 τῆςχἘκκλησίας
1693 2196 1931 2263 φαλσεύί

362 2285 508 2335 ματα
548 2270 659 2339 (23)
716 2282 760 2325 Ρ.
814 2275 958 2328 Ἀλλ’
991 2272 1084 2331 οῦν
1127 2278 1277 2333 ἔστιν
1308 2284 1487 2336 εἰπεῖν
1530 2288 1920 2357 προφητικῶς·

359 2360 420 2410 υἱ
459 2359 828 2434 βασιλεῖςτῆς
869 2366 978 2435 γῆς
1025 2371 1121 2421 καὶ
1154 2371 1204 2422 οἰ
1250 2373 1510 2443 ἄρχοντες
1557 2378 1925 2448 ἆμαποιμέσι

357 2451 451 2502 καὶ
485 2455 595 2515 τοῖς
630 2455 920 2525 προδόταις
964 2461 1063 2530 τῆς
1097 2460 1331 2535 ποίμνης
1364 2466 1708 2538 συνήχθησαν
1745 2471 1838 2522 ἐπὶ
1865 2473 1927 2524 τὸ

358 2541 679 2598 αὖτὺλκατὰ
737 2546 837 2615 τῆς
862 2547 958 2601 τοῦ
1001 2550 1240 2619 Χριστοῦ
1293 2554 1648 2627 Ἐκκλησίας,
1702 2559 1927 2629 μελετήο

360 2648 552 2695 σαντες
580 2636 711 2690 κενὰ
755 2639 850 2691 καὶ
901 2640 1122 2709 μάταια.
1179 2642 1397 2698 Τούτων
1436 2648 1614 2700 τοίνυν
1656 2649 1808 2718 παρὰ
1832 2650 1924 2704 τοῦ

358 2723 516 2789 ἀγίού
550 2725 859 2794 ῥηθέντων,
894 2731 1306 2798 Κωνσταντῖνος
1341 2738 1369 2789 ὁ
1392 2737 1762 2808 Νικομηδείας
1792 2758 1925 2794 νεωο

356 2814 588 2903 τερίςων
619 2835 678 2870 τε
705 2818 785 2889 τῷ
818 2821 1030 2892 σώματι
1066 2824 1161 2878 καὶ
1192 2825 1269 2897 τῷ
1297 2826 1378 2881 νοῒ
1409 2829 1654 2898 σφριγῶν
1707 2816 1924 2903 (ἀκμὴν

358 2906 468 2973 γὰρ
499 2901 631 2976 ἦγεν
670 2912 994 2977 τριακοστόν
1023 2926 1128 2966 που
1159 2915 1276 2978 ἔτος
1304 2916 1400 2985 τῆς
1426 2918 1677 2989 ἡλικίας)
1709 2901 1925 2993 ἀναπη-

356 2994 546 3064 δήσας.
580 2997 672 3051 τὸν
700 2998 853 3068 ἅγιον
878 3004 1019 3057 κατὰ
1041 3006 1137 3076 τῆς
1162 3005 1338 3077 ὅψεως
1370 3009 1585 3080 χαμᾶζε
1615 3011 1926 3082 καθήμενον

2029 1937 2192 1990 gnum
2217 1931 2320 1987 est,
2351 1933 2405 1975 ut
2428 1922 2645 1991 quidam
2678 1922 2889 1991 sapiens
2919 1920 3078 1984 dixitL
3111 1934 3174 1974 ea
3207 1920 3389 1973 omnia
3417 1934 3538 1988 quae
3575 1939 3602 1969 ει

2028 2014 2183 2068 vobis
2228 2014 2483 2068 innovata
2517 2022 2674 2079 sunt,
2710 2013 3134 2075 contemnenda,
3190 2011 3390 2078 Deique
3438 2009 3607 2082 479

2027 2115 2081 2160 et
2122 2105 2373 2160 Ecclesia!
2408 2105 2579 2159 aliena
2615 2105 2890 2158 mendacia
2944 2113 3090 2157 sunt.
3146 2102 3599 2157 Enitnvero‘cum

2027 2197 2356 2268 Propheta"
2378 2199 2689 2253 dicerelicet
2715 2214 2728 2251 :
2759 2198 2928 2267 Reges
2959 2204 3114 2251 terra:
3133 2196 3478 2265 etprincipes
3497 2212 3600 2248 ttua

2028 2306 2149 2344 cum
2182 2289 2494 2360 pastoribus
2518 2299 2575 2343 et
2614 2288 2980 2358 proditoribus
3007 2288 3186 2357 gregis
3218 2297 3592 2343 convenerunt

2028 2382 2080 2436 in
2100 2398 2263 2435 unum
2302 2380 2569 2436 adversus
2588 2380 2788 2435 Christi
2827 2379 3146 2445 Ecclesiatn,
3178 2396 3313 2434 vana
3351 2380 3601 2433 eliu'ania

2027 2476 2368 2530 meditantes.
2447 2473 2543 2529 His
2608 2488 2637 2526 a
2679 2481 2875 2527 sancto
2941 2473 3144 2536 dictis,
3211 2472 3604 2527 Constantinus

2024 2564 2351 2620 NiComediae
2403 2566 2716 2635 episc0pus,
2769 2565 2964 2636 vigenti
3001 2579 3229 2634 corpore
3274 2573 3329 2618 et
3386 2566 3599 2633 turgido

2025 2653 2229 2709 animo
2263 2654 2519 2724 praeditus
2568 2656 2821 2725 (quippe
2891 2655 2981 2724 qui
3045 2653 3203 2715 modo
3255 2655 3601 2724 trigesimum

2024 2745 2711 2816 tetatisannnm-agebat),
2748 2743 3026 2814 prosiluit,
3070 2753 3130 2797 ut
3200 2754 3447 2800 sanctum
3498 2746 3594 2812 qui

2027 2836 2170 2889 humi
2199 2837 2252 2890 in
2282 2835 2472 2890 faciem
2515 2835 2753 2904 iacebat.
2787 2836 3027 2913 calcibus
3058 2846 3303 2904 peteret,
3342 2838 3600 2904 quemad-

2028 2929 2241 2981 modum
2274 2929 2398 2981 olim
2425 2927 2741 2981 Eleazarum
2782 2914 3123 2981 Antiochus.-
3147 2924 3396 2980 lnsiliens
3416 2926 3602 2994 itaque

2030 3021 2254 3089 quidam
2278 3036 2342 3074 ex
2379 3021 2591 3077 acerbis
2635 3021 2742 3075 illis
2762 3029 2819 3075 et
2848 3021 3008 3075 saevis
3037 3021 3399 3086 satellitibus”
3432 3022 3601 3077 imum

356 3085 610 3141 λικτίσαι
650 3090 958 3163 ἠϐουλήθη,
1005 3098 1265 3171 καθάπερ
1312 3102 1444 3154 ποτὲ
1489 3103 1582 3157 ἐπὶ
1649 3105 1923 3177 Ἀντιόχου

2028 3085 2199 3163 sancti
2226 3108 2321 3162 viri
2353 3119 2592 3164 ventrem
2617 3109 2858 3165 calcibus
2889 3110 3176 3179 percussit,
3207 3109 3462 3180 utjacens
3482 3126 3604 3165 sur-

357 3178 450 3229 τὸν
509 3179 652 3250 ἱερὸν
693 3181 1035 3256 Ἐλεάζαρον.
1074 3189 1189 3254 Λάξ
1218 3190 1281 3259 γέ
1318 3208 1403 3245 τοι
1450 3192 1556 3247 τῶν
1593 3197 1809 3266 πικρῶν
1841 3215 1926 3262 τις

357 3272 453 3357 κα)
474 3268 646 3340 ὠμῶν.
665 3273 976 3346 δορυφόρων
1006 3281 1086 3344 εἰς
1116 3283 1244 3346 τοὺς
1269 3284 1542 3349 κενεῶνας
1571 3287 1926 3359 ἐναλλόμενος

357 3360 610 3426 ἔτυπτεν,
649 3364 797 3430 ὅπως
836 3368 1172 3432 ἐξανίσταιτο
1209 3374 1442 3430 πίπτων.
1523 3378 1579 3432 '0
1633 3379 1695 3432 δὲ
1734 3381 1927 3452 τίμιος

359 3452 627 3521 Στέφανος
677 3457 1005 3532 εὐαγγελικῇ
1047 3464 1233 3536 ἐντολῇ
1287 3466 1689 3537 κρατούμενος,
1714 3471 1937 3525 ’ἑαυτὸν

356 3546 727 3615 ἐσχημάτισεν
751 3587 765 3612 ,
801 3552 861 3603 οὐ
903 3553 1065 3623 μόνον
1108 3556 1245 3627 πρὸς
1277 3558 1375 3630 τὴν
1406 3560 1542 3629 μίαν
1572 3564 1795 3631 σιαγόνα
1831 3564 1926 3619 λα-

356 3635 472 3687 ϐεῖν
491 3677 506 3699 ,
538 3638 673 3692 ἀλλὰ
712 3641 807 3694 καὶ
838 3645 972 3714 πρὸς
1002 3647 1102 3718 τὴν
1132 3649 1355 3716 ἑτέραν.
1388 3645 1453 3706 Di
1478 3654 1533 3706 δὲ
1576 3657 1704 3727 περὶ
1734 3658 1923 3711 Κάλλις

357 3742 485 3779 στον
516 3728 612 3781 καὶ
651 3730 1057 3801 Κομϐοκόνωνα
1098 3737 1249 3802 ὄντες
1301 3739 1402 3811 τῆς
1443 3744 1785 3817 συγκλήτου,
1832 3747 1924 3802 τὸν

357 3818 573 3890 ἀνίερον
631 3823 1040 3881 Κωνσταντϊνον
1099 3833 1611 3904 κατασιγάσαντες,
1664 3838 1741 3910 τῷ
1783 3841 1924 3911 ἁγίῳ

354 3905 509 4003 εἰπον
541 3925 560 3942 ⁸
609 3913 714 3967 Δύο
756 3919 1086 3986 προφάσεων
1134 3923 1309 3976 οὐσῶν
1336 3927 1395 3979 ὲν
1428 3929 1512 3981 σοὶ
1542 3930 1600 3982 τὸ
1637 3905 1925 4003 προκείμε-

354 4001 445 4054 νόν
467 4013 495 4052 q
530 4005 699 4070 ἐστιν,
730 4007 762 4077 ἦ
811 4013 1129 4083 πεπεικέναι
1174 4016 1403 4082 σαυτὸν,
1433 4021 1526 4070 καὶ
1569 4001 1883 4093 ὑπογράψαι
1903 4041 1917 4056 ο

353 4095 403 4184 εἰ
432 4094 490 4147 δὲ
525 4097 598 4166 μῆ
630 4114 711 4165 γε.
746 4099 964 4172 θανάτῳ
1006 4107 1403 4178 παραδοθῆναι,
1433 4110 1509 4174 ὡς
1542 4114 1803 4184 Πατὲρων
1828 4118 1921 4170 καὶ

354 4181 620 4272 βασιλέων
668 4189 733 4240 ὲκ
772 4189 907 4243 Θεοῦ
949 4192 1309 4263 διδαχθέντων
1351 4199 1513 4269 νόμον
1549 4181 1916 4272 ἀντιλέγοντα.

363 4271 423 4325 Ὀ
451 4273 508 4324 δὲ
536 4273 692 4350 ᾂγιός
733 4293 898 4346 φησιν
921 4295 936 4311 ο
967 4280 1230 4352 Πρόσχες,
1276 4271 1760 4359 κυριοπατρίκιοςλ
1796 4293 1922 4361 ἐμοὶ

350 4361 412 4413 τὸ
449 4362 549 4433 ζῇν
589 4366 845 4436 Χριστὸς.
878 4370 973 4422 καὶ
1013 4371 1071 4423 τὸ
1110 4373 1400 4427 ἀποθανεῖν
1432 4376 1714 4449 ὑπὲριτῆς
1758 4380 1918 4449 ἁγίας

2028 3208 2198 3268 geret.
2244 3198 2349 3253 Sed
2386 3199 2726 3254 venerandus
2759 3199 3070 3270 Stephanus
3105 3201 3424 3268 evangelico
3465 3217 3602 3269 pra:-

2028 3300 2181 3357 Cepto
2212 3302 2439 3363 parens,
2497 3293 2734 3360 seipsum
2787 3292 3093 3361 compOSuit
3146 3293 3213 3345 ad
3268 3291 3453 3361 plagas
3491 3308 3598 3346 nun

2030 3392 2232 3435 tantum
2283 3397 2386 3435 nua
2447 3382 2661 3437 maxilla
2707 3384 3076 3454 accipiendas,
3114 3383 3223 3437 Sed‘
3244 3389 3405 3438 etiam
3461 3385 3591 3439 alia.

2029 3468 2243 3539 Verum,
2273 3470 2525 3529 Callistus
2548 3474 3007 3531 et'COmboconon
3044 3475 3321 3531 silentium
3348 3476 3590 3546 imposu-

2026 3574 2184 3620 erunt
2244 3564 2475 3633 profano
2523 3566 2880 3623 Constantino
2927 3567 3178 3638 ;ipsique
3227 3570 3292 3623 ad
3347 3578 3594 3624 sanetum

2025 3657 2314 3711 dixerunt:
2355 3676 2374 3709 ι
2406 3657 2447 3711 E
2486 3659 2696 3713 duobus
2740 3676 2860 3729 quae
2911 3656 3325 3730 proliOIiimus,"
3363 3663 3592 3716 alterum

2027 3746 2119 3801 tibi
2153 3747 2454 3814 eligendum
2485 3761 2590 3812 est,
2628 3750 2710 3804 vel
2743 3754 2936 3805 cedere
2974 3764 3031 3807 et
3078 3755 3419 3810 subscribere
3457 3773 3470 3809 :
3511 3756 3597 3812 vel

2022 3836 2068 3889 si
2097 3836 2148 3889 id
2178 3852 2393 3903 renues,
2419 3839 2580 3893 morti
2608 3840 2767 3904 tradi,
2792 3850 3047 3910 tanquam
3081 3844 3336 3900 rebellem
3360 3845 3463 3916 legi
3496 3846 3598 3901 Pa-

2027 3935 2168 3980 trum
2199 3936 2253 3982 et
2273 3928 2684 3998 imperatorum,
2715 3944 2851 4001 quos
2892 3931 3033 3987 Deus
3075 3935 3194 4003 ipse
3224 3936 3435 3995 bcuit.
3463 3938 3594 4003 Qui-

2022 4021 2121 4073 lms
2149 4019 2328 4073 verbis
2377 4021 2656 4089 respondit
2722 4033 2941 4078 sanctus
2988 4042 3001 4079 :
3058 4026 3311 4088 Attende,
3369 4027 3596 4083 Domino

2019 4108 2187 4181 480
2213 4110 2476 4177 Patricie;
2500 4112 2628 4165 mihi
2654 4113 2818 4167 vivere
2842 4113 3091 4170 Christus
3113 4125 3211 4182 est,
3238 4126 3296 4171 et
3322 4119 3457 4171 mori
3495 4134 3591 4186 pro

2022 4207 2206 4251 sancta
2233 4196 2349 4264 ejus
2402 4200 2636 4268 imagine
2682 4201 2886 4255 lucrum
2920 4212 2970 4256 et
2999 4204 3167 4273 gloria
3210 4206 3277 4261 τι.
3311 4206 3589 4276 Siquidem

2009 4291 2126 4359 .jam
2173 4295 2340 4349 semel
2386 4304 2441 4350 et
2477 4295 2673 4350 iterum
2725 4305 3004 4350 contracta
3040 4296 3214 4366 palma
3264 4297 3359 4352 tibi
3406 4299 3515 4353 dixi
3574 4318 3590 4353 :

2023 4380 2243 4438 Etiamsi
2277 4384 2542 4439 tantulum
2584 4385 2764 4440 vitalis
2801 4388 3082 4455 sanguinis
3117 4387 3247 4442 mihi
3281 4389 3465 4453 fuerit,
3488 4405 3587 4459 pro

349 4451 518 4551 αὑτοῦ
550 4456 757 4519 εἰκόνος
797 4458 990 4531 κέρδος
1032 4461 1125 4514 καὶ
1175 4461 1304 4527 δόξα
1329 4480 1343 4494 ·
1380 4464 1529 4531 ἅπαξ
1567 4467 1676 4539 γὰρ
1719 4471 1814 4523 καὶ
1838 4469 1919 4533 δὶς

2027 4472 2328 4540 huiusmodi
2369 4490 2527 4532 causa
2578 4451 2929 4531 eﬂundatur:
2955 4476 3336 4534 Verumtamen
3385 4451 3591 4551 legatur

348 4540 505 4597 εἰπόν
550 4562 653 4610 σοι,
692 4548 799 4601 τὸν⁵
833 4550 1137 4623 παλαιστὴν
1183 4554 1553 4620 ὑπολακκίσας
1574 4574 1587 4588 ο
1623 4559 1816 4630 ὅτιπερ
1850 4560 1913 4613 Εἰ

348 4634 604 4688 τοσοῦτον
634 4638 696 4690 τὸ
734 4641 814 4703 εἰς
841 4642 945 4710 ἐμὲ
987 4644 1215 4707 ζωτικδν
1246 4641 1419 4716 αἷμα,
1454 4648 1741 4720 ὲκχυθήτω
1778 4650 1920 4722 ὑπὲρ

348 4723 442 4778 τοῦ
469 4725 677 4780 τοιοῦδε
718 4729 922 4785 σκοποῦ
950 4742 972 4770 ι’
992 4749 1007 4764 ο
1043 4735 1158 4788 ἀλλ’
1192 4731 1285 4788 οὖν
1312 4736 1720 4809 ἀναγνωσθήτω
1743 4742 1770 4793 ὁ
1794 4741 1921 4811 ὅρος

347 4815 448 4884 τῆς
490 4815 709 4870 συνόδου
754 4820 939 4889 ὑμῶν,
999 4823 1095 4876 καὶ
1128 4823 1222 4877 ἴδω
1274 4826 1327 4879 τί
1367 4827 1474 4898 ἄρα
1507 4827 1717 4882 δίκαιον
1761 4830 1918 4901 φέρει

350 4906 488 4974 πρὸς
526 4913 919 4983 καταστροφὴν
959 4913 1070 4969 τῶν
1118 4915 1278 4969 θείων
1304 4921 1399 4971 καὶ
1428 4918 1641 4972 σεπτῶν
1674 4920 1917 4977 εἰκόνων.

393 5062 441 5093 ⁷³
467 5063 531 5118 Ill
556 5063 689 5134 Reg.
723 5082 877 5133 xvm,
913 5069 994 5125 l8.
1077 5073 1122 5104 ⁷³
1163 5073 1304 5128 Psal.
1338 5089 1400 5139 ll,
1423 5074 1478 5128 ‘2.
1554 5076 1601 5107 "
1630 5074 1773 5132 Phil.
1805 5093 1844 5145 I,
1873 5079 1964 5133 2|.

2021 4575 2216 4619 vestrae
2246 4569 2435 4638 synodi
2467 4569 2708 4624 definitio
2739 4582 2796 4623 ut
2843 4571 3165 4640 perspiciam
3195 4574 3324 4641 quid
3379 4587 3585 4628 rectum

2019 4655 2298 4710 contineat
2331 4659 2395 4712 ad
2424 4658 2635 4715 divinas
2675 4668 2730 4716 et
2759 4661 3097 4717 venerandas
3142 4663 3407 4735 imagines
3437 4679 3591 4720 ever-

2021 4746 2226 4799 lendas.

1654 5212 1883 5268 VARIAS
1922 5213 2325 5275 LECTIONES.

418 5365 442 5404 P
476 5355 547 5410 al.
575 5358 954 5429 φανσεύματα.
1031 5371 1058 5411 ιι
1080 5362 1151 5418 al.
1180 5363 1238 5415 ὲν
1268 5364 1353 5417 σοὶ
1378 5364 1489 5418 τῶν
1513 5364 1914 5437 προκειμένων.

1994 5375 2015 5402 τ
2047 5367 2118 5420 al.
2142 5367 2365 5439 τρόπου.

1852 5497 2081 5554 NOTAE.

419 5646 529 5729 (25)
560 5649 974 5729 Φαλᾳεύματα.
1008 5652 1060 5729 id
1074 5663 1180 5729 est.
1208 5656 1499 5721 mendacia,
1520 5658 1625 5711 ἀπὸ
1648 5658 1740 5712 τοῦ
1766 5660 1902 5729 φαλ-

349 5714 547 5781 σιύειν,
578 5721 720 5779 quod
752 5714 834 5775 est
878 5725 1226 5792 mentiri,sive
1260 5742 1430 5780 verum
1480 5714 1808 5796 corrumpier}:
1848 5742 1903 5785 et

2016 5665 2330 5719 adulterare.
2368 5665 2517 5722 Unus
2562 5681 2663 5721 tus.
2713 5666 2870 5722 habet
2911 5665 3287 5739 φανσεύματα,
3335 5676 3430 5730 sed
3463 5690 3580 5732 cor-

2012 5748 2184 5803 ΙἾΙρῗΟ.
