3894 6164
213 246 350 312 1145

1264 260 1442 321 νιΤΑ
1478 260 1541 319 S.
1585 255 1965 318 STEPHANI
2002 256 2387 318 JUNIORIS.

3332 251 3468 316 1H6

202 352 523 419 ἀνατείνας,
550 356 648 411 καὶ
669 357 736 412 ὲκ
767 359 997 431 καρδίαις
1030 360 1177 431 μέγα
1191 364 1455 436 οίμώξας,
1485 365 1585 427 τὰς
1607 366 1791 434 χεῖρας

1903 363 2032 425 Dic,
2089 363 2363 431 episcope.
2427 361 2546 428 Quo
2590 363 2797 419 fatente
2838 355 2912 418 ita
2972 376 3031 419 se
3083 376 3200 419 rem
3236 361 3466 426 habere,

204 445 462 507 ἐκτείνας
485 447 592 519 εφη
620 465 635 480 ο
671 450 737 504 Et
760 466 841 513 τις
883 453 945 504 οὐ
988 456 1287 523 προσκυνεῖ
1307 455 1399 510 τὸν
1415 454 1622 526 Κύριον
1637 452 1795 526 ἡμῶν

217 535 433 606 Ἰησοῦν
461 539 701 610 Χριστὸν
724 541 789 594 ὲν
816 541 986 595 εἰκόνι
1016 547 1393 615 περιγραπτδν
1419 545 1562 599 κατὰ
1592 545 1655 599 τὺ
1694 549 1793 601 άν-

204 627 519 699 θρώπινον,
557 632 678 701 ἤτω
714 633 988 705 ἀνάθεμα,
1019 638 1115 690 καὶ
1143 639 1263 715 μετέ
1306 640 1534 695 ἐκείνων
1559 640 1795 695 καταλο-

188 720 431 791 -γισθείη
456 722 568 775 τῶν
622 721 965 793 κραξάντων,
1002 720 1200 798 Ἆρον,
1232 722 1403 799 ἆρον,
1438 734 1797 800 σταύρωσον

199 810 415 865 αὐτόν.
435 810 837 880 Ἐκπλαγέντες
867 815 925 869 δὲ
948 811 1094 872 οὗτοι
1125 821 1176 872 οἱ
1207 818 1592 888 θρυλλο>.ἐκται
1615 822 1709 874 ἐπὶ
1727 823 1793 893 τῇ

200 896 300 951 τοῦ
332 900 495 967 ἁγίου
517 904 820 975 παρρησία,
852 905 933 959 ἔτι
975 907 1141 961 αὐτοῦ
1166 909 1260 962 τὸν
1286 910 1444 979 λόγον
1476 911 1744 985 συνείρειν
1764 922 1794 951 ιι

201 989 509 1055 ἐθέλοντος,
539 993 930 1060 διαναστάντες
958 1000 1134 1065 αὐτοὶ,
1179 1002 1343 1072 μόνον
1373 1002 1435 1056 τὸ
1460 1003 1791 1074 ἐγκλεισθῆ-

203 1099 296 1135 ναι
337 1083 506 1136 αὐτὸν
559 1086 1139 1159 παρακελευσάμενοι.
1189 1093 1643 1164 κατῃσχυμμένοι
1694 1096 1791 1148 ὐπι

203 1172 483 1244 ἔστρεφον
501 1177 584 1239 είς
616 1178 688 1230 τὰ
708 1178 980 1248 βασίλεια.
1009 1182 1118 1235 Τοῦ
1149 1182 1207 1235 δὲ
1230 1183 1500 1253 βασιλέως
1529 1186 1796 1241 πυνθανο-

206 1265 416 1334 μένου·
449 1266 515 1320 Τί
557 1263 671 1338 ἆρα
727 1271 970 1341 ἤνυσανς
1009 1273 1091 1327 ἔτι
1123 1276 1442 1331 ἐπισκόπων
1483 1277 1584 1349 τὴν
1622 1273 1794 1350 ἧτταν

203 1356 480 1429 κρύπτειν
505 1367 534 1393 ν
571 1360 889 1424 ἐθελόντων,
942 1365 992 1417 οἱ
1040 1366 1174 1437 περὶ
1216 1368 1522 1422 Κάλλιστον
1554 1370 1792 1439 ἀπεκρί-

202 1464 372 1502 ναντο
406 1461 422 1477 °
472 1449 822 1521 Ἦττήμεθα,
876 1453 1136 1523 βασιλεῦ,
1182 1459 1490 1528 ἡττήμεθα.
1554 1461 1792 1532 ’Υψηλὸς

201 1538 320 1609 γάρ
367 1541 507 1594 πολὺ
535 1544 565 1595 ὀ
591 1543 732 1613 ἀνὴρ
759 1547 825 1613 τῇ
859 1544 1089 1616 δυνάμει
1139 1549 1236 1602 καὶ
1264 1550 1344 1620 τῷ
1377 1550 1522 1620 λόγῳ
1586 1554 1680 1605 καὶ
1724 1557 1792 1625 τῇ

202 1632 497 1704 παρρησίᾳ
544 1632 639 1686 τοῦ
699 1635 956 1692 θανάτου.
989 1638 1049 1691 ὐ
1080 1638 1138 1692 δὲ
1165 1641 1477 1711 ὐπερζέσας
1511 1643 1589 1713 τῷ
1602 1644 1783 1714 θυμῷ,

1890 448 2072 518 justus
2094 450 2320 506 sublatis
2349 452 2418 505 ad
2454 452 2651 507 ccelum
2675 451 2872 520 oculis,
2927 466 3234 522 magnoque
3263 453 3467 520 gemitu

1895 555 1926 594 e
1975 541 2138 597 corde
2176 543 2397 607 emisso,
2430 543 2673 597 extensis
2726 543 2978 599 manibus
3020 543 3156 597 dixit
3191 561 3205 598 :
3243 540 3298 598 Si
3344 543 3470 613 quis

1896 628 2180 686 Dominum
2206 641 2455 687 nostrum
2501 632 2689 689 Jesum
2719 635 2997 692 Christum
3035 636 3088 689 in
3113 634 3349 704 imagine
3381 648 3459 690 se-

1894 724 2129 803 cundum
2172 724 2565 780 humanitatem
2600 727 3076 795 circumscriptum
3140 741 3249 781 non
3309 726 3455 780 ado-

1896 823 2003 880 rat,
2031 817 2320 872 anathema
2351 818 2445 883 sit,
2479 829 2536 873 et
2566 834 2688 875 cum
2735 818 2843 874 illis
2870 827 3183 883 censeatur,
3210 816 3301 888 qui
3344 816 3463 872 ola-

1896 920 2134 969 mavere,
2188 906 2356 972 Tolle,
2394 907 2517 962 tolle
2538 948 2554 973 ,
2609 910 2856 977 cruciﬁge
2900 924 3019 963 eum
3046 908 3117 962 ⁷⁸.
3148 906 3261 961 Hac
3290 905 3464 959 sancti

1894 995 2144 1050 libertate
2181 997 2546 1065 obstupefacti
2588 999 2663 1052 illi
2704 1013 3053 1061 susurrones,
3092 1012 3214 1052 cum
3246 1010 3458 1051 sermo-

1894 1100 2017 1140 nem
2060 1087 2235 1141 adhuc
2264 1088 2427 1159 483
2458 1090 2757 1157 producere
2799 1090 2983 1153 vellet,
3032 1097 3282 1152 surgunt,
3313 1102 3465 1141 eum-

1893 1190 1999 1244 que
2024 1184 2229 1228 tantum
2256 1178 2457 1231 includi
2477 1176 2690 1246 jttbeul.
2727 1176 2833 1245 Ipsi
2870 1185 3048 1229 autem
3091 1174 3296 1243 pudore
3332 1170 3456 1227 suf-

1894 1265 2000 1319 fusi
2029 1268 2096 1319 ad
2127 1266 2474 1334 imperatoris
2533 1267 2712 1321 aulam
2756 1266 3136 1335 remigrarunt.
3170 1261 3289 1330 Quo
3330 1276 3455 1332 per-

1893 1366 2147 1411 contante
2220 1357 2349 1424 quid
2416 1356 2810 1420 confecissent,
2856 1358 3128 1426 episcOpis
3195 1356 3457 1409 amissam

1894 1450 2175 1503 victoriam
2217 1450 2395 1503 adhuc
2437 1448 2619 1503 celare
2652 1449 2977 1512 volentibus,
3021 1446 3302 1515 respondit
3336 1444 3461 1502 Cal-

1893 1540 2053 1595 listus
2111 1556 2127 1593 :
2188 1537 2326 1594 Victi
2391 1554 2619 1604 sumus,
2672 1540 3009 1610 imperator,
3073 1539 3200 1594 victi
3253 1553 3460 1595 sumus.

1893 1631 2062 1685 Valde
2091 1630 2234 1685 enim
2268 1631 2354 1684 vir
2403 1630 2495 1685 ille
2521 1630 2773 1685 sublimis
2795 1639 2881 1685 est
2925 1629 3146 1695 virtute,
3175 1643 3453 1694 sermone,

202 1723 457 1792 παρευθὺ
512 1726 719 1794 γράφει
765 1727 867 1798 τὴν
916 1726 1136 1800 ὲξορίαν
1170 1731 1337 1786 αὐτοῦ
1374 1734 1512 1801 πρὸς
1560 1712 1646 1788 τὰ
1682 1712 1791 1790 τοῦ

1898 1732 1944 1777 et
1976 1719 2244 1777 moriendi
2278 1721 2494 1774 fiducia.
2533 1719 2606 1774 At
2650 1720 2738 1774 ille
2762 1720 2839 1773 ira
2872 1720 3296 1784 excandescens,
3346 1731 3462 1770 sta—

211 1811 621 1884 Ἑλλησπόντου
643 1817 808 1885 νῶτα,
840 1822 899 1873 ὲν
932 1823 1001 1893 τῇ
1029 1821 1299 1895 λεγομένῃ
1336 1826 1691 1898 Προκονήσῳ.

292 1992 351 2045 Ὀ
395 1993 456 2046 δὲ
512 1993 673 2062 ἅγιος
730 1997 1105 2054 ἑπτακαίδεκα
1152 2000 1371 2073 ἡμέρας
1422 2003 1482 2055 ἐν
1534 2007 1602 2075 τῇ
1652 2008 1788 2076 μονῇ

201 2083 610 2154 Χρυσοπόλεως
639 2088 894 2157 ποιήσας,
934 2090 1121 2153 ἄσιτος
1149 2091 1434 2163 διέμεινεν,
1466 2096 1669 2169 καίπερ
1695 2094 1791 2151 τοῦ

204 2171 483 2241 βασιλέως
512 2174 690 2227 πολλὰ
739 2176 890 2246 αὑτῷ
927 2178 1355 2245 ἀποστείλαντος
1407 2184 1545 2253 πρὸς
1571 2185 1791 2255 διατρο-

206 2262 340 2333 φὴν,
381 2264 550 2326 αὐτὸς
593 2266 760 2319 πάλιν
804 2269 943 2338 πρὸς
988 2270 1152 2324 αὐτὸν
1197 2273 1660 2347 ἀνταπέστρεφεν,
1692 2278 1791 2349 τὴν

204 2356 269 2406 ὲν
300 2355 412 2417 τοῖς
443 2356 733 2427 προτέροις
758 2362 1065 2429 γραφεῖσαν
1101 2362 1263 2433 ῥῆσιν
1292 2363 1571 2434 δηλώσας.
1616 2367 1704 2420 Ἐν
1733 2369 1790 2422 δὲ

202 2446 331 2506 ταῖς
358 2445 599 2516 ἡμέραις
631 2448 870 2514 ἐκείναις
908 2452 936 2504 ὁ
955 2452 1050 2505 τοῦ
1085 2455 1452 2526 μοναστηρίου
1484 2457 1791 2529 ἡγούμενος

203 2536 513 2609 ἀρρωστῶν
568 2538 712 2608 ὑπὲρ
754 2539 1009 2610 δύναμιν,
1070 2544 1399 2617 άπεγνώσθη
1458 2548 1610 2619 παρὰ
1682 2550 1791 2604 τῶν

207 2629 438 2698 ἰατρῶν,
465 2628 545 2699 τῷ
598 2629 823 2689 διακαεί
859 2632 952 2686 τοῦ
999 2635 1239 2705 πυρετοῦ
1293 2639 1589 2709 νοσήματι.
1648 2641 1706 2695 '0
1731 2641 1789 2695 δὲ

205 2717 392 2787 πάντη
458 2716 588 2771 ἰδὼν
631 2720 826 2773 ἑαυτὸν
872 2721 1253 2791 ἐκλελοιπότα,
1300 2728 1429 2789 τοὺς
1478 2730 1575 2798 τῆς
1619 2732 1790 2802 μονῆς

206 2809 554 2880 προῦχοντας
585 2811 851 2881 πρέσϐεις
883 2814 1023 2886 πρὸς
1060 2815 1153 2869 τὸν
1179 2816 1355 2884 ἅγιον,
1388 2817 1521 2871 ἔνθα
1545 2820 1791 2874 ὲκέκλει·

210 2920 329 2967 στο,
360 2903 695 2968 ἀποστείλας
744 2906 1138 2979 παρεκάλει,ἢ
1183 2906 1325 2978 πρὸς
1376 2909 1538 2964 αὑτὸν
1587 2911 1786 2979 ἐλθεῖν,

206 2993 245 3062 ἢ
282 2993 389 3047 κᾶν
414 2992 676 3058 εὔξασθαι
733 2996 873 3068 ὑπὲρ
910 2997 1112 3062 αὐτοί,
1161 3002 1330 3059 εἰπὼν
1352 3038 1369 3063 ,
1420 3001 1503 3053 ὅτι
1550 3002 1793 3071 Σωματι-

209 3084 327 3150 κῶς
396 3086 495 3139 ἀπ’
552 3086 803 3157 ἀλλήλων
881 3089 1265 3160 χωριζόμεοα,
1313 3091 1427 3144 ἀλλ’
1491 3089 1585 3146 οὖν
1646 3093 1789 3155 ἐλθὲ,

208 3178 363 3248 τίμιε
378 3178 597 3250 Πάτερ,
631 3178 735 3234 κᾶν
761 3180 900 3249 πρὸς
930 3182 992 3234 τὸ
1022 3183 1373 3236 ἀσπάσασθαί
1421 3200 1479 3236 σε
1522 3184 1622 3254 τὴν
1648 3186 1793 3255 ἡμε-

208 3269 382 3340 τέραν
412 3270 620 3341 ἀσθενῆ
652 3273 989 3325 ταπείνωσιν
1014 3285 1062 3329 ι.
1095 3273 1264 3336 Μόλις
1297 3274 1406 3342 γὰρ
1431 3275 1531 3344 τὴν
1563 3261 1794 3346 ὲννάτην

208 3361 366 3434 ὥραν
395 3362 769 3434 ὑπουργοῦσιν
793 3365 850 3417 αἱ
895 3364 1158 3434 δυνάμεις
1213 3382 1315 3436 μου
1353 3368 1454 3436 τὴν
1481 3367 1662 3437 ψυχήν
1690 3384 1793 3438 μου

215 3454 545 3526 sapa-aﬂuat."
571 3454 683 3508 Τοῦ
739 3454 797 3510 δὲ
834 3456 990 3524 ἁγίου
1032 3455 1206 3511 ταῦτα
1250 3456 1603 3522 ἀκούσαντος,
1654 3473 1799 3529 προ.

212 3545 469 3616 εθυμήθη
496 3546 778 3603 ἀπελθεῖν.
804 3549 915 3602 Καὶ
941 3547 1021 3618 τῷ
1056 3546 1431 3621 ἀρῥωστοῦντι
1457 3549 1792 3618 περιτυχὼν,

214 3639 313 3692 καὶ
340 3637 436 3691 τοῦ
463 3638 712 3703 τένοντος
735 3648 763 3688 1
802 3638 994 3693 τούτου
1045 3639 1388 3709 δραξάμενος
1408 3678 1423 3703 ,
1475 3635 1629 3692 εἶπεν
1655 3656 1668 3669 ·
1737 3639 1795 3693 '0

214 3727 328 3781 τῶν
375 3726 565 3797 ψυχῶν
592 3726 752 3798 ήμῶν
782 3727 877 3782 καὶ
909 3727 1182 3798 σωμάτων
1215 3728 1417 3797 ἰατρὸς,
1449 3728 1478 3781 ὁ
1504 3726 1603 3788 τὰς
1630 3725 1795 3779 ἀσθε-

215 3817 365 3882 νείας
424 3818 581 3889 ήμῶν
632 3818 792 3895 ἄρας,
851 3820 946 3873 καὶ
995 3817 1095 3881 τὰς
1149 3817 1339 3881 νόσους
1398 3816 1696 3887 βαστάσας,
1730 3819 1796 3885 τῇ

216 3906 385 3960 αὐτοῦ
414 3908 681 3977 ἰαματικῇ
710 3906 938 3973 δυνάμει
969 3906 1412 3975 ἐπισκεψάμενος
1438 3904 1798 3975 ἀναστήσειέν

220 4017 305 4052 σε.
355 3999 466 4053 Καὶ
513 3998 765 4069 παριυθὺ
816 3999 1100 4069 ἐλώφησεν
1139 4001 1168 4052 ὀ
1211 3999 1466 4069 πυρετός.
1510 3998 1620 4050 Καὶ
1649 3997 1798 4065 λέγει

218 4093 245 4141 ὁ
283 4089 474 4156 ἅγιος·
520 4088 657 4157 Οὐχὶ
719 4086 907 4157 ἔφεσίς
948 4088 1032 4151 σοι
1082 4089 1232 4141 ἐστιν
1266 4086 1611 4157 ’μεταλαϐεῖν
1651 4086 1797 4139 οἴνου

216 4180 503 4250 ἀκράτους
569 4179 629 4231 '0
681 4178 761 4241 δὲ,
817 4179 964 4241 Ναὶ,
1011 4179 1228 4250 Πάτερ,
1292 4179 1501 4232 εἰπών’
1559 4177 1798 4246 ὁτίμιος

219 4272 493 4338 Στέφανος
534 4270 597 4324 τὸ
650 4270 847 4324 ἑαυτοῦ
883 4270 1177 4341 βαυκάλιον
1204 4270 1447 4343 ἀκράτου
1478 4270 1624 4324 οἴνου
1651 4270 1796 4340 πλή-

1895 1814 1988 1866 tim
2029 1826 2151 1866 eum
2198 1812 2264 1864 ad
2291 1800 2626 1880 HelleSponti
2652 1812 2834 1878 dorsa,
2868 1810 2922 1865 in
2951 1810 3152 1866 dictam
3183 1811 3458 1866 Procone-

1891 1916 2012 1956 sum
2046 1900 2292 1956 exsulem
2325 1900 2408 1969 agi
2446 1899 2744 1955 mandavit.

1961 1991 2130 2046 Porro
2184 1999 2407 2045 sanctus
2445 2005 2544 2059 per
2599 1991 2985 2061 septemdecim
3043 1990 3179 2054 dies,
3213 2004 3352 2061 quos
3404 1990 3460 2045 in

1890 2082 2226 2137 monasterio
2252 2081 2715 2151 Chrysopolitano
2739 2083 2940 2152 exegit.
2973 2079 3189 2153 jejunus
3224 2082 3458 2148 mansit;

1890 2173 2018 2226 licet
2067 2172 2295 2247 plurima
2372 2172 2635 2225 alimenta
2690 2173 2790 2242 ipsi
2846 2173 3086 2227 mitteret
3142 2172 3462 2240 imperator,

1892 2279 2014 2332 qua!
2059 2262 2149 2317 ille
2181 2266 2247 2316 ad
2279 2276 2401 2316 eum
2450 2263 2790 2329 remittebat,
2832 2263 3024 2317 iisdem
3057 2262 3240 2317 verbis
3279 2272 3462 2327 utens,

1891 2368 2014 2423 qua:
2048 2368 2209 2424 supra
2258 2353 2567 2408 attulimus.
2617 2352 2722 2408 Per
2780 2368 2874 2409 eos
2919 2363 3101 2407 autem
3128 2354 3244 2407 dies
3271 2351 3470 2423 praefe-

1893 2457 2011 2502 ctus
2036 2446 2351 2500 monasterii
2400 2460 2564 2514 supra
2602 2450 2820 2516 modum
2874 2447 3180 2516 aegrotavit,
3234 2447 3370 2500 adeo
3400 2455 3458 2497 ut

1892 2554 2002 2608 pra:
2028 2537 2333 2592 vehementi
2359 2535 2525 2591 febris
2541 2538 2735 2592 ardore
2760 2538 2826 2591 de
2848 2536 2964 2604 ejus
2987 2538 3161 2592 salute
3185 2553 3212 2589 a
3242 2535 3467 2591 medicis

1892 2630 2239 2697 desperaretu
2249 2643 2293 2682 r.
2314 2626 2499 2696 itaque
2516 2643 2637 2683 cum
2658 2642 2718 2682 se
2737 2628 2957 2695 penitus
2979 2628 3208 2681 deficere
3221 2627 3463 2693 videret;

1889 2720 2176 2791 prmcipuis
2204 2720 2517 2773 monasterii
2551 2719 2773 2773 senibus
2798 2719 2865 2772 ad
2889 2728 3138 2786 sanctum
3166 2719 3217 2771 in
3250 2731 3370 2771 eum
3391 2715 3470 2770 lo-

1892 2828 2015 2869 cum
2050 2811 2138 2864 ubi
2166 2808 2407 2865 inclusus
2429 2809 2625 2873 fuerat,
2653 2809 2856 2865 missis.
2878 2809 3025 2862 illum
3055 2807 3263 2878 rogavit
3290 2807 3370 2862 vel
3408 2813 3467 2860 ut

1893 2903 1958 2959 ad
1987 2917 2045 2960 se
2068 2900 2300 2965 veniret,
2317 2900 2403 2954 vel
2425 2900 2612 2956 saltem
2638 2914 2736 2968 pro
2760 2913 2817 2954 se
2840 2899 3008 2953 Deum
3043 2908 3223 2953 oraret
3239 2896 3468 2965 :Corpo-

1894 3011 1952 3051 re
1971 2992 2210 3064 quidem,
2232 2992 2499 3064 inquiens,
2525 2990 2832 3045 abinvicem
2851 2988 3227 3058 disjungimur;
3249 3002 3470 3041 verum-

1911 3096 2089 3140 tamen
2120 3089 2265 3151 veni,
2288 3087 2598 3166 venerande
2623 3079 2785 3136 Pater
2806 3120 2822 3145 ,
2846 3079 2930 3133 vel
2965 3078 3154 3133 saltem
3185 3087 3243 3131 ut
3276 3087 3327 3133 te
3351 3091 3467 3132 mea

1893 3178 2074 3233 vilitas
2113 3177 2280 3250 484
2305 3179 2683 3246 amplectatur.
2713 3173 2811 3228 Vix
2848 3171 2992 3226 enim
3050 3169 3116 3225 ad
3153 3169 3342 3222 horam
3375 3184 3470 3221 no—

1895 3284 2019 3324 nam
2073 3270 2217 3324 vires
2262 3284 2395 3324 mea:
2452 3267 2689 3320 animam
2725 3279 2899 3319 meam
2963 3266 3204 3318 retinere
3258 3260 3466 3317 valent.

1896 3360 2021 3417 Haec
2072 3376 2195 3416 cum
2243 3369 2464 3417 sanctus
2527 3356 2791 3413 audiisset
2822 3395 2838 3421 ,
2882 3356 2949 3409 ad
2997 3355 3147 3409 illum
3211 3353 3470 3407 accedere

1894 3454 2106 3511 statuit.
2140 3451 2326 3522 Itaque
2350 3466 2550 3520 a-grum
2586 3450 2795 3512 invisit,
2833 3463 2992 3518 quem
3022 3448 3241 3501 tendine
3262 3461 3467 3515 appre-

1895 3542 2140 3598 hendens
2184 3540 2356 3595 dixit:
2395 3536 2717 3592 Nostrarum
2747 3536 3050 3590 animarum
3096 3542 3149 3587 et
3179 3544 3468 3598 corporum

1898 3632 2161 3694 medicus,
2190 3631 2282 3700 qui
2325 3629 2675 3683 infirmitates
2695 3635 2908 3679 nostras
2960 3625 3102 3687 tulit,
3143 3623 3473 3690 morbosque

1897 3722 2156 3793 portavit,
2189 3730 2240 3775 te
2270 3734 2365 3776 sua
2402 3719 2608 3772 medica
2660 3716 2864 3768 virtute
2894 3714 3097 3773 visitet,
3126 3721 3181 3767 et
3216 3713 3269 3765 in
3296 3710 3472 3793 saui-

1900 3792 2065 3868 tatem
2125 3811 2399 3867 restituat.
2450 3808 2660 3875 Quibus
2714 3803 2923 3866 dictis,
2980 3804 3162 3856 statim
3230 3792 3469 3857 ce'ssavit

1898 3902 2089 3957 febris.
2133 3901 2333 3955 Postea
2413 3904 2635 3952 sanctus
2688 3895 2827 3950 dixit
2874 3910 2888 3947 :
2940 3893 3023 3946 An
3083 3906 3190 3944 non
3255 3892 3469 3959 appetis

1897 4000 2083 4049 vinum
2144 4007 2357 4048 merum
2416 3987 2708 4058 accipere?
2741 3997 2798 4042 et
2831 3985 2947 4047 illo.
2981 3984 3087 4047 Ita,
3147 3983 3329 4044 Pater,
3387 3994 3471 4034 re-

1900 4088 2220 4157 spondente,
2257 4082 2595 4138 venerandus
2621 4080 2932 4147 Stephanus
2959 4091 3116 4131 suum
3151 4073 3461 4129 baucalium

1900 4190 2050 4232 mero
2088 4175 2353 4245 implevit,
2397 4172 2635 4238 illudque
2684 4171 2976 4223 bibendum
3008 4164 3264 4235 praefecto
3296 4162 3467 4228 dedit,

1901 4268 1992 4336 qui
2030 4266 2219 4321 statim
2292 4272 2457 4333 atque
2502 4262 2661 4324 bibit,
2695 4258 2921 4311 multum
2954 4257 3208 4310 sudorem
3257 4254 3464 4317 emisit,

223 4377 345 4425 σας,
373 4360 454 4431 τῷ
522 4361 815 4430 ἡγουμένῳ
868 4364 1012 4415 πιεῖν
1067 4362 1323 4416 δέδωκεν.
1380 4363 1572 4424 Ὅστις
1630 4359 1791 4425 πιὼν,

1900 4361 2099 4429 illaque
2121 4358 2249 4412 crisi
2306 4357 2594 4409 sanitatem
2653 4352 3020 4421 recuperavit.
3054 4346 3190 4400 Tum
3245 4355 3473 4401 sanctus

222 4448 468 4520 παρευθὺ
494 4449 679 4520 ἱδρῶτι
708 4450 987 4521 πολλοστῷ
1010 4451 1392 4522 κατασχεθεὶς,
1425 4452 1560 4522 πρὸς
1584 4450 1796 4518 ὑγίειαν

221 4543 457 4612 κρίσεως
523 4542 912 4611 μετετρέπετο.
971 4544 1031 4597 ’0
1069 4544 1127 4597 δὲ
1183 4543 1339 4612 ἅγιος
1367 4543 1795 4612 συνταξάμενος,

223 4633 379 4689 εἶπεν
409 4633 560 4704 αὑτῷ
590 4650 603 4663 ·
653 4633 829 4704 Εὖχου
885 4651 1020 4705 μοι,
1081 4636 1177 4689 καὶ⁵
1242 4633 1436 4704 μνείαν
1491 4633 1648 4686 ποιοῦ
1702 4634 1803 4702 τῆς

224 4730 363 4797 ἐμῆς
407 4728 852 4799 χθαμαλότητος,
888 4730 937 4780 εί
997 4727 1239 4799 δεήσειέν
1279 4743 1337 4780 σε
1384 4731 1439 4779 ἐν
1483 4725 1561 4795 τῷ
1622 4725 1797 4795 βουνῷ

224 4820 624 4887 προσπελάσαι.
663 4821 771 4873 Καὶ
798 4819 973 4884 οὕτως
1013 4820 1225 4873 ἐκεῖθεν
1277 4819 1531 4889 ἀπάρας,
1565 4817 1796 4887 ἔστησεν

224 4911 285 4962 ἐν
315 4909 556 4982 θαλάσσῃ
587 4910 650 4964 τὸ
690 4911 943 4982 ὅρμημα,
984 4911 1082 4964 καὶ
1133 4911 1237 4980 τῆς
1270 4912 1395 4981 νηὸς
1449 4909 1671 4974 ἐπιϐὰς,
1699 4908 1802 4979 τὴν

230 4999 638 5071 προρρηθεῖσαν
667 5001 766 5071 τῆς
803 5000 1017 5070 ὲξορίας
1039 5001 1203 5071 νῆσον
1228 5001 1531 5054 κατέλαϐεν
1563 5015 1576 5027 ·
1614 5000 1710 5053 καὶ
1738 5002 1799 5051 ἐν

228 5093 367 5161 αὐτῇ
396 5092 713 5163 ἐκϐληθεὶς,
769 5093 862 5145 καὶ
918 5092 1005 5145 διὰ
1060 5091 1167 5151 τῶν
1222 5090 1574 5164 ἐρημοτέρων
1626 5092 1801 5160 αὐτῆς

229 5183 408 5234 τζπων
443 5180 756 5253 παρελθὼν,
797 5177 963 5253 ἦλθεν
995 5183 1086 5235 ὲπί
1129 5198 1253 5235 τινα
1298 5182 1465 5235 τόπον
1503 5179 1798 5253 κρημνώδη

307 5356 353 5389 ⁷⁸
389 5357 547 5414 Joan.
583 5375 700 5425 χιι,
740 5357 829 5413 13.

1900 4451 1999 4520 Ipsi
2042 4448 2351 4502 valedieens
2382 4445 2457 4498 ait
2503 4461 2518 4497 ι
2607 4442 2713 4496 Ora
2749 4454 2845 4509 pro
2894 4454 2999 4503 me,
3044 4450 3283 4504 uncaeque
3347 4435 3472 4488 vili-

1905 4541 2032 4595 tatis
2055 4538 2373 4593 memoriam
2408 4537 2567 4597 habe,
2596 4530 2874 4601 siquando
2915 4532 2980 4583 ad
3016 4528 3210 4584 collem
3244 4537 3295 4581 te
3323 4540 3480 4580 acce-

1905 4633 2036 4687 dere
2107 4645 2246 4703 Opus
2289 4627 2474 4682 fuerit.
2566 4623 2678 4681 lloc
2718 4635 2877 4692 pacto
2923 4621 3051 4675 inde
3097 4619 3386 4675 discedens
3408 4616 3478 4670 ad

1906 4742 2056 4780 mare
2107 4723 2368 4793 perrexit,
2414 4733 2825 4787 conscensaque
2896 4729 3032 4769 nave
3083 4715 3149 4767 ad
3232 4712 3466 4766 iusulant

1904 4832 2069 4884 supra
2102 4820 2480 4875 memoratam,
2522 4825 2630 4880 quo
2673 4808 2824 4863 exsul
2863 4805 3204 4864 mittebatur,
3237 4801 3474 4855 devenit.

1909 4907 2009 4962 llic
2039 4906 2246 4976 eiectus
2274 4918 2395 4959 cum
2443 4902 2774 4957 desertiores
2822 4909 3005 4968 partes
3053 4902 3388 4964 peragraret,
3426 4892 3478 4943 in

1909 4999 2194 5068 quemdam
2224 4995 2553 5064 praecipitem
2589 5002 2643 5046 et
2677 4987 3077 5045 formidandum
3111 4984 3285 5038 locum
3318 4994 3478 5034 secus

1910 5101 2061 5139 tnare
2115 5083 2375 5143 occurrit,
2436 5081 2616 5150 ibique
2669 5094 2781 5133 orae
2826 5074 3113 5129 maritima:
3162 5068 3480 5138 prtecipitiis

1927 5177 2316 5240 eminentibus,
2365 5172 2673 5228 solitudinis
2715 5182 2922 5232 amore,
2965 5163 3332 5233 perlttslt‘atis,
3365 5168 3482 5213 ιιω-

3118 5256 3335 5320 ,4

1534 5489 1765 5546 vanus
1801 5488 2201 5545 LECTIONES.
2280 5559 2293 5570 ι

303 5650 330 5678 "
357 5648 424 5702 al.
454 5648 756 5719 συναίρειν.
836 5656 859 5682 τ
896 5646 966 5701 al.
996 5647 1238 5700 κοὶϐειν.

1320 5655 1343 5682 ι
1369 5647 1435 5700 al.
1467 5644 1850 5715 ταπεινότητα.

1926 5652 1953 5691 .V
1980 5643 2046 5696 al.
2082 5642 2352 5702 τέναντος,
2400 5640 2473 5693 al.
2509 5636 2803 5697 ταίνοντος.

3525 5031 3651 5115 0
