3940 6170
233 333 370 401 illi)

1270 345 1443 403 VITA
1477 345 1536 405 S.
1578 346 1953 408 STEPHANI
2009 352 2385 413 JUNIORIS.

3336 353 3472 417 1150

224 446 417 502 αὑτοῦ
476 447 707 517 ὑπάρχει
768 450 801 500 ό
849 447 1013 513 Θεές.
1070 448 1176 501 Καὶ
1229 450 1420 519 μηδεὶς
1476 452 1794 517 ἀπιστείτω,

1905 453 2073 511 Nemo
2110 473 2293 527 porro,
2327 460 2545 522 fratres,
2606 457 2764 512 ﬁdem
2802 458 2889 513 hic
2937 459 3197 515 adbibere
3230 462 3460 527 dubitet,

226 540 472 608 ἀδελφοὶ,
501 538 737 608 μάλιστα
754 538 846 590 τοῦ
872 538 1075 608 Κυρίου
1101 539 1352 607 λέγοντος
1369 556 1383 571 ο
1413 542 1475 594 '0
1493 545 1799 596 πιστεύων

221 635 317 698 εἰς
341 631 465 699 ἐμὲ,
496 629 568 682 τὰ
604 630 748 699 ἔργα
778 629 817 684 ἃ
852 629 966 701 ἐγὼ
1008 630 1179 697 ποιῶ,
1215 632 1495 698 κάκεῖνος
1526 634 1794 701 ποιήσει,

223 723 325 777 καὶ
364 721 608 801 ,μείζονα
659 725 883 776 τούτων
919 723 1178 791 ποιήσει,
1210 725 1269 777 οὐ
1319 728 1384 796 τῇ
1432 726 1539 797 ἰδίᾳ
1569 727 1798 797 δυνάμει

227 816 325 882 τὴν
378 812 700 880 εὐεργεσίαν
753 811 1038 882 πηγάζων,
1090 814 1227 866 ἀλλὰ
1260 813 1334 883 τῷ
1372 815 1491 885 ἐμῷ
1545 817 1795 885 ὀνόματι,

223 903 326 956 καὶ
355 905 419 972 τῇ
455 904 642 972 κλήσει
685 905 750 972 τῇ
779 903 906 972 ἐμῇ.
952 901 1093 971 Ἐγὼ
1121 904 1229 975 γάρ
1289 907 1403 974 είμι
1453 907 1480 958 6
1516 904 1586 958 τὰ
1613 906 1793 958 πάντα

222 994 282 1044 ἐν
320 994 485 1046 πᾶσιν
526 993 766 1061 ἐνεργῶν
804 996 868 1064 τῇ
916 995 1225 1065 Δεσποτικῇ
1286 1012 1386 1066 μου
1428 996 1666 1066 ἐξουσία.
1705 997 1796 1049 Ἐν

220 1081 399 1148 τούτῳ
426 1078 520 1135 οὖν
553 1084 580 1134 ὁ
606 1082 993 1154 μέγαςΠατὴρ
1019 1084 1176 1153 ήμῶν
1200 1084 1490 1151 Στέφανος,
1521 1088 1549 1138 6
1578 1085 1798 1157 ἀληθῶς

220 1172 319 1225 τοῦ
350 1170 486 1225 Θεοῦ
521 1172 829 1243 ἄνθρωπος,
866 1176 894 1226 6
922 1175 1101 1243 τίμιος
1125 1176 1190 1244 τῇ
1211 1174 1357 1246 ψυχῇ
1380 1176 1476 1228 καὶ
1506 1176 1585 1247 τῷ
1619 1176 1799 1246 σώμα-

220 1285 298 1334 τι,
335 1271 363 1321 6
402 1267 494 1320 τὸν
543 1264 828 1342 ἀκτήμονα
865 1266 979 1337 βίον
1022 1269 1285 1339 ποθήσας,
1315 1270 1412 1323 καὶ
1465 1270 1636 1339 μόνην
1696 1271 1794 1341 τὴν

222 1358 321 1412 τοῦ
351 1357 588 1430 Χριστοῦ
616 1359 799 1411 είκόνα
830 1358 924 1411 καὶ
948 1361 1048 1429 τῆς
1071 1359 1279 1428 μητρὸς
1311 1360 1477 1413 αὑτοῦ
1514 1362 1594 1423 εἰς
1622 1360 1796 1429 φυλαο

221 1450 454 1519 κτήριον
483 1448 794 1519 κατασχὼν,
831 1450 860 1501 6
905 1446 988 1512 είς
1016 1449 1150 1502 Θεὸν
1195 1451 1531 1520 πλουτήσας,
1569 1452 1664 1505 καὶ
1694 1453 1797 1521 τῆς

223 1536 558 1601 πολυτελοῦς
621 1538 982 1604 καταξιωθεὶς
1045 1538 1265 1608 χάριτος
1297 1579 1313 1605 ,
1383 1533 1540 1602 οὗτος
1599 1539 1787 1593 λαϐὼν

221 1625 473 1697 παρευθὺ
491 1626 745 1693 ἐξουσίαν
759 1630 949 1681 πατεῖν
969 1628 1155 1681 ἐπάνω
1183 1628 1361 1698 ὄφεων
1378 1630 1474 1682 καὶ
1493 1631 1791 1701 σκορπίων,

221 1716 318 1769 καὶ
353 1717 446 1769 ἐπὶ⁸
485 1719 666 1770 πᾶσαν
690 1718 790 1787 τὴν
832 1717 1064 1787 δύναμιν
1108 1717 1202 1772 τοῦ
1269 1718 1512 1789 πονηροῦ
1561 1718 1782 1790 ἐχθροῦ,

1902 548 2134 601 maxime
2182 565 2303 602 eum
2355 550 2610 603 Dominus
2660 551 2848 603 dicat:
2905 548 3007 614 Qui
3061 551 3230 604 credit
3270 569 3327 606 tu
3359 571 3457 616 me,

1898 653 2052 706 opera
2079 655 2194 709 qua:
2228 656 2320 709 ego
2346 638 2509 709 facio,
2537 649 2587 694 et
2618 642 2726 707 ipse
2760 641 2944 709 faciet,
2969 652 3017 694 et
3046 642 3255 710 majora
3281 646 3470 698 horum

1899 724 2056 793 faciet
2080 725 2147 787 ⁷⁸,
2172 742 2276 779 non
2307 730 2521 794 propria
2557 729 2755 783 virtute
2801 729 3122 783 beneﬁcium
3160 746 3227 785 ex
3261 744 3318 786 se
3344 743 3468 786 tan-

1900 816 2058 882 quam
2094 831 2159 868 ex
2204 815 2347 870 fonte
2372 817 2675 881 effundens,
2716 810 2810 872 sed
2845 836 2963 874 meo
2996 824 3214 876 nomine
3246 834 3301 876 et
3327 840 3444 879 mea

1899 905 2255 981 appellatione
2314 904 2593 976 Siquidem
2620 924 2718 979 ego
2771 910 2888 977 ipse
2922 927 3040 966 smn
3073 916 3163 980 qui
3193 916 3374 969 omnia
3413 917 3468 970 in

1898 998 2148 1050 oumibus
2179 999 2393 1066 propria
2427 1015 2542 1053 mea
2568 1011 2853 1067 potestate,
2889 1010 3144 1070 tanquam
3172 1003 3454 1069 Dominus,

1898 1085 2088 1139 cilicio.
2121 1087 2303 1155 Itaque
2338 1104 2562 1157 magnus
2594 1088 2754 1142 Pater
2795 1099 2981 1144 noster
3012 1089 3347 1161 Stephanus,
3379 1108 3468 1147 re-

1898 1188 2023 1227 vera
2055 1174 2215 1229 ltomo
2251 1175 2366 1240 Dei,
2401 1177 2578 1228 anima
2611 1186 2666 1230 et
2694 1191 2920 1245 corpore
2951 1180 3291 1233 venerandus
3313 1221 3329 1245 ,
3372 1180 3464 1249 qui

1898 1265 2155 1334 pauperis
2178 1265 2298 1319 vitae
2337 1267 2605 1320 desiderio
2636 1269 2940 1333 tenebatur,
2968 1281 3020 1322 et
3040 1270 3210 1323 solam
3247 1272 3455 1325 Christi

1897 1354 2120 1423 ejusque
2170 1356 2359 1408 matris
2403 1357 2688 1425 imaginem
2719 1358 2773 1409 in
2805 1358 2886 1412 sui
2915 1362 3217 1412 custodiam
3255 1362 3459 1415 retine-

1898 1446 2007 1509 bat,
2034 1445 2122 1514 qui
2152 1445 2448 1500 secundum
2501 1447 2665 1499 Deum
2708 1445 2861 1500 dives
2909 1450 3304 1518 magniﬁcaque
3336 1467 3462 1520 gra-

1899 1538 1969 1592 tia
1996 1548 2223 1592 ornatus
2253 1547 2371 1592 erat
2403 1553 2416 1590 :
2453 1538 2589 1607 ipse,
2622 1538 2860 1608 inquam,
2896 1554 3018 1592 mox
3047 1545 3267 1609 accepta
3307 1551 3463 1610 pule-

1896 1639 2039 1685 state
2066 1642 2348 1697 serpentes
2379 1636 2434 1682 et
2486 1631 2827 1698 scorpiones,
2877 1643 3204 1698 omnemque
3248 1631 3466 1701 maligni

1899 1720 2105 1775 inimici
2158 1721 2417 1773 virtutem
2454 1718 2720 1783 calcandi,
2757 1733 2820 1772 ac
2867 1733 3086 1772 onmem
3126 1721 3371 1776 morbum
3410 1731 3465 1777 et

219 1807 550 1876 θεραπεύειν
592 1824 652 1860 τε
702 1809 886 1861 πᾶσαν
936 1809 1092 1861 νόσον
1134 1809 1229 1862 καὶ
1269 1810 1452 1861 πᾶσαν
1491 1809 1789 1879 μαλακίαν,

1903 1811 2218 1879 languorem
2246 1808 2492 1875 curandi,
2524 1809 2841 1863 admiranda
2876 1810 3091 1864 miriﬁci
3139 1811 3232 1865 Dei
3269 1828 3461 1881 Opera,

216 1895 424 1961 ἔδειξεν
449 1900 580 1966 ήμϊν
627 1897 696 1951 τὰ
724 1898 819 1952 τοῦ
852 1897 1286 1970 παραδοξοποιοῦ
1320 1899 1455 1953 Θεοῦ
1490 1900 1793 1970 θαυμάσια,

214 1988 316 2058 τὴν
345 1989 578 2058 ἄφθονον
610 1991 793 2060 χάριν,
817 1990 916 2061 τὴν
946 1990 1220 2062 βρύουσαν
1266 1991 1470 2062 πηγὴν,
1513 1992 1581 2045 τὰ
1614 1983 1798 2064 μελίρ-

214 2083 356 2155 ρντα
386 2081 623 2151 νάματα.
657 2081 848 2153 Τούτῳ
867 2084 975 2152 γάρ
1004 2101 1134 2137 ποτε
1157 2082 1234 2154 τῷ
1264 2082 1519 2155 μακαρίῳ
1541 2085 1798 2157 Στεφάνῳ

210 2176 419 2245 τυφλός
442 2191 543 2238 τις,
581 2174 724 2227 κατὰ
753 2175 844 2228 τὸν
875 2175 940 2228 ἐκ
974 2174 1205 2243 γενετῆς
1246 2175 1471 2243 τυφλὸν,
1521 2178 1797 2246 προσέπε-

213 2281 309 2320 σεν
335 2267 395 2318 ἐν
424 2267 491 2336 τῇ
523 2264 674 2336 νήσῳ
706 2265 927 2335 κράζων
953 2282 969 2295 ο
1019 2263 1185 2317 Δοῦλε
1226 2262 1322 2317 τοῦ
1368 2263 1505 2317 Θεοῦ
1538 2263 1632 2318 τοῦ
1675 2266 1799 2335 ὑψί-

216 2375 371 2423 στου,
413 2358 679 2425 Στέφανε,
707 2357 860 2410 ίασαί
900 2356 1163 2427 μαστοὺς
1201 2354 1542 2422 ὀφθαλμοὺς,
1582 2357 1796 2423 ἄνοιξόν

215 2468 322 2521 μου
352 2451 454 2521 τὴν
497 2451 775 2520 πήρωσιν,
810 2448 906 2503 καὶ
949 2447 1185 2518 φώτισόν
1237 2464 1304 2519 με
1334 2447 1427 2500 τὸν
1466 2448 1797 2519 ἐσκοτισμέ-

212 2558 306 2593 νον
328 2556 346 2572 ο
378 2539 550 2600 εἴπως
578 2539 666 2592 διὰ
692 2538 788 2590 σοῦ
820 2538 919 2609 τὴν
972 2537 1082 2590 τῶν
1116 2537 1414 2607 ὁρωμένων
1457 2537 1797 2608 θεασάμενος

210 2632 489 2701 ἁρμονίαν
514 2647 573 2682 τε
600 2631 694 2683 καὶ
724 2632 1004 2695 σύστασιν,
1051 2630 1147 2683 καὶ
1200 2628 1490 2699 θαυμάσας
1524 2631 1709 2685 αὐτῶν
1735 2631 1798 2685 τὸ

212 2723 517 2792 ἐξαίρετον,
549 2720 777 2797 ὑμνήσω
806 2719 895 2773 διὰ
942 2718 1053 2772 τῶν
1086 2718 1408 2787 κτισμάτων
1444 2718 1535 2771 τὸν
1564 2720 1798 2773 Κτίσαν-

210 2829 297 2866 τα.
378 2810 581 2863 Τοῦτον
640 2812 670 2864 6
743 2810 1021 2881 μακάριος
1080 2808 1355 2876 Στέφανος
1404 2806 1554 2871 ἰδὼν,
1606 2807 1797 2870 δεινῶς

217 2902 315 2972 μὲν
357 2900 463 2959 ὑπὸ
486 2899 581 2954 τοῦ
608 2898 775 2969 ζόφου
808 2901 890 2962 είς
932 2896 1197 2967 ἀϐλεψίαν
1253 2895 1676 2967 ἁμαυρωθέντα,
1707 2896 1798 2950 πί-

216 3015 337 3050 στιν
369 2997 429 3049 δὲ
458 2995 653 3063 ἔχοντα
680 2993 780 3065 τὴν
802 2993 904 3063 ὅρη
939 2991 1201 3044 ποιοῦσαν
1235 2989 1620 3061 μεθίστασθαι,
1655 2990 1794 3060 πρὸς

213 3089 385 3143 αὐτὸν
439 3087 774 3158 ἀπεκρίνατο
805 3102 819 3117 ο
874 3084 939 3136 Τί
986 3100 1120 3152 μοι,
1179 3081 1387 3148 νεανία,
1430 3081 1690 3152 προσιὼν,
1726 3080 1794 3134 τὰ

212 3181 361 3253 ὑπὲρ
403 3179 502 3250 ἐμὲ
526 3178 725 3232 διδόναι
779 3193 863 3229 σοι
896 3174 1208 3245 ἐπιζητεῖς;
1255 3173 1320 3226 Τί
1354 3173 1463 3225 τῶν
1493 3172 1703 3242 ἀρετῶν
1734 3174 1792 3224 ἐν

214 3273 344 3342 ἐμοὶ
376 3271 736 3339 θεασάμενος,
764 3266 975 3336 ταύτην
1015 3265 1146 3335 παρ’
1175 3263 1310 3334 ἐμοῦ
1341 3262 1552 3324 λαϐεῖν,
1586 3262 1794 3333 ἄνθρω-

215 3380 307 3424 πε,
345 3359 447 3429 τὴν
476 3357 776 3426 θεραπείαν
804 3357 997 3419 αίτεῖς,
1033 3355 1101 3425 ἣν
1137 3355 1299 3423 μόνος
1333 3354 1360 3406 6
1413 3352 1655 3422 Κτίστης
1698 3351 1794 3404 καὶ

214 3451 326 3504 τῶν
364 3450 503 3504 ὅλων
557 3447 710 3512 Θεὸς,
752 3446 883 3500 ἔνθα
930 3445 1026 3500 καὶ
1070 3446 1205 3497 ὅπου
1265 3443 1360 3497 καὶ
1404 3439 1486 3506 οἷς
1519 3442 1791 3513 βούλεται,

216 3541 506 3611 διανέμει;
559 3540 625 3592 Τί
656 3540 731 3609 μὴ
769 3538 906 3608 πρὸς
966 3539 1172 3589 ἐκεῖνον
1221 3535 1553 3603 ἀνέδραμες;
1608 3535 1672 3586 Τί
1702 3534 1793 3587 τὸν

218 3633 465 3702 Kcin-qv
517 3630 696 3700 ἀφεὶς,
755 3629 894 3699 πρὸς
924 3627 984 3680 τὸ
1016 3626 1221 3694 κτίσμα
1254 3625 1552 3692 ἐλήλυθας;
1604 3625 1669 3676 Τί
1700 3624 1793 3677 τὸν

217 3722 502 3790 Δεσπότην
533 3715 872 3781 καταλιπὼν,
904 3716 1037 3785 πρὸς
1066 3716 1157 3767 τὸν
1179 3714 1365 3766 δοῦλον
1400 3711 1701 3774 κατέλαϐες
1730 3722 1790 3776 ας

217 3813 316 3864 οὐκ
362 3808 533 3873 οἶδας,
566 3810 645 3863 ὅτι
675 3811 827 3877 κοινῇ
860 3807 1064 3867 πάντες
1087 3805 1186 3873 τῆς
1220 3803 1434 3855 ἐκείνου
1472 3800 1794 3871 συμμαχίας

218 3902 385 3970 ἐσμὲν
420 3900 656 3963 ἐνδεεῖς;
684 3898 785 3950 οὐκ
807 3892 979 3961 οἶδας,
1008 3895 1093 3948 ὅτι
1127 3893 1225 3946 καὶ
1253 3892 1417 3954 αὐτὸς
1440 3891 1553 3958 ἐγὼ
1582 3890 1794 3961 ἄνθρω-

220 3992 318 4055 πός
352 3994 473 4059 εἰμι
512 3991 587 4052 ὡς
619 3989 712 4042 καὶ
759 3986 857 4051 σύ;
899 3988 952 4039 τί
1001 3978 1093 4038 οῦν
1143 3980 1329 4055 ζήτεῖς
1357 3982 1504 4053 άπερ
1552 3981 1698 4052 ἔχειν
1730 3983 1791 4035 οὐ

217 4085 495 4153 δύναμαις
549 4081 604 4134 τί
644 4080 902 4149 τοιαύτης
934 4078 1108 4140 θέλεις
1156 4094 1223 4147 με
1255 4076 1411 4130 νόσου
1447 4074 1793 4146 θεραπευτὴν

219 4176 498 4243 γενέσθαι,
528 4168 597 4246 ἧς
622 4172 684 4227 τὸ
710 4169 974 4224 δύνασθαι
1018 4169 1181 4239 μόνος
1214 4169 1422 4230 ἐκεῖνος
1452 4167 1571 4237 ἔχει
1603 4168 1666 4220 τὸ
1693 4167 1793 4219 δω-

223 4263 500 4335 ρήσασθαι
536 4263 635 4331 τὴν
667 4261 834 4327 ἴασιν,
864 4261 892 4311 6
946 4259 1041 4312 καὶ
1076 4258 1207 4329 πρὶν
1264 4260 1357 4311 τὸν
1390 4258 1589 4327 τυφλὸν
1631 4259 1792 4312 ίασά·

223 4372 418 4424 μενος;
470 4352 694 4416 Τούτοις
724 4353 825 4423 μὲν
862 4350 958 4404 τοῦ
988 4349 1139 4404 ὁσίου
1168 4354 1284 4414 τοῖς
1319 4352 1559 4421 ῥήμασιν
1587 4352 1792 4403 ἀποσο-

1897 1902 2171 1969 cepiosam
2220 1901 2474 1971 gratiam,
2525 1900 2915 1954 scaturientem
2965 1899 3207 1967 fontem,
3256 1896 3457 1959 ﬂuenta

1899 1990 2151 2047 ntellillua
2194 1993 2347 2046 nobis
2380 1993 2648 2046 ostendit.
2693 1990 2921 2058 Quidam
2959 1993 3106 2046 enim
3128 1994 3467 2050 eaeeusillius

1896 2081 2089 2136 similis
2115 2082 2208 2151 qui
2236 2097 2264 2134 a
2295 2083 2573 2137 nativitate
2599 2084 2838 2137 caecus"
2864 2084 3061 2146 fuerat,
3094 2083 3144 2136 in
3170 2084 3257 2137 illa
3291 2084 3465 2138 insula

1897 2175 2029 2227 sead
2051 2173 2191 2226 beati
2208 2171 2460 2241 Stephani
2487 2189 2663 2243 genua
2701 2173 2933 2242 projecit
2956 2173 3199 2227 clamans
3238 2193 3251 2228 :
3294 2176 3465 2231 Serve

1897 2264 1991 2319 Dei
2026 2264 2299 2327 altissimi,
2321 2262 2492 2337 488
2515 2264 2812 2333 Stephane,
2851 2268 3067 2320 medere
3095 2268 3228 2320 meis
3262 2268 3460 2333 oculis,

1896 2356 2043 2425 aperi
2090 2372 2264 2410 meam
2312 2360 2632 2419 ca-citatein,
2683 2371 2876 2424 meque
2922 2358 3164 2412 tenebris
3223 2354 3459 2414 oﬂ'usu‘m

1896 2446 2163 2507 illumina,
2204 2456 2263 2498 ut
2294 2453 2466 2514 perte
2509 2458 2685 2497 rerum
2729 2459 2851 2513 qua:
2899 2453 3196 2498 cernuntur
3228 2459 3464 2500 concen-

1897 2545 2009 2591 tum
2041 2547 2095 2591 et
2118 2534 2584 2591 constructionem
2629 2534 3046 2601 contemplatus,
3091 2537 3458 2605 eximiamque

1895 2642 2082 2681 earum
2136 2614 2593 2694 pulchritudinem
2631 2625 2953 2689 admiratus,
2986 2641 3081 2692 per
3114 2641 3201 2680 res
3236 2636 3452 2681 creatas

1892 2715 2205 2772 Creatorem
2246 2716 2478 2770 laudem.
2519 2715 2671 2770 Hunc
2725 2731 2846 2770 cum
2906 2718 3096 2770 beatus
3152 2717 3462 2784 Stephanus

1895 2810 2043 2879 gravi
2074 2809 2291 2878 quidem
2324 2808 2569 2861 caecitate
2602 2808 2949 2860 obScuratnm
2975 2818 3242 2871 cerneret,
3272 2807 3365 2861 sed
3397 2822 3459 2860 ea

1899 2901 2002 2955 ﬁde
2035 2900 2342 2969 praeditum,
2370 2912 2490 2967 quae
2518 2907 2731 2952 montes
2763 2896 3040 2960 transfert,
3064 2896 3113 2951 ei
3145 2898 3458 2966 respondit:

1892 2993 2033 3059 Quid
2099 2992 2163 3044 ad
2222 3006 2329 3054 me,
2388 2990 2736 3054 adolescens,
2788 2990 3024 3067 accedis,
3084 2997 3144 3041 ut
3203 3003 3288 3053 ea,
3335 3004 3458 3057 qua:

1896 3100 2057 3152 supra
2087 3099 2172 3137 me
2197 3092 2344 3146 sunt,
2374 3100 2402 3135 a
2429 3096 2515 3134 me
2551 3083 2644 3136 tibi
2677 3081 2850 3135 danda
2887 3080 3144 3150 quaeras?
3167 3079 3308 3146 Quid
3349 3082 3458 3134 vir-

1898 3175 2026 3228 tutis
2057 3173 2109 3227 in
2142 3161 2228 3226 me
2249 3174 2615 3242 conspicatus,
2646 3171 2789 3223 illaut
2823 3187 2852 3224 a
2882 3186 2987 3235 me,
3024 3187 3055 3224 ο
3083 3174 3263 3234 homo,
3295 3185 3457 3225 sana-

1898 3267 2096 3316 tionem
2128 3263 2329 3329 poscis,
2361 3280 2521 3331 quam
2558 3264 2705 3316 solus
2726 3261 2958 3315 Creator
2985 3271 3040 3314 et
3071 3261 3449 3314 universorum

1896 3352 2062 3418 Deus,
2104 3354 2191 3406 ubi
2219 3364 2272 3406 et
2309 3355 2503 3422 quibus
2538 3353 2768 3407 voluerit
2793 3352 3060 3421 largitur?
3114 3350 3224 3406 Cur
3254 3368 3355 3403 non
3393 3350 3461 3405 ad

1896 3441 2040 3495 illum
2071 3442 2389 3495 accnrristi?
2418 3444 2547 3503 Cur,
2581 3439 3116 3503 dimissoCreatore,
3150 3440 3214 3491 ad
3242 3446 3459 3490 creatu-

1897 3546 2009 3583 ram
2047 3529 2279 3583 venisti?
2307 3529 2439 3593 Cur,
2479 3529 2707 3582 Domino
2747 3530 2954 3590 relicto,
2988 3542 3204 3581 servum
3236 3524 3464 3579 adiisti?

1894 3622 1976 3676 An
2015 3622 2190 3675 nescis
2222 3636 2319 3673 nos
2347 3636 2538 3675 onmes
2573 3622 2828 3687 universe
2861 3620 2979 3687 ejus
3012 3619 3215 3673 auxilio
3252 3619 3460 3687 indige-

1897 3715 1992 3769 re?
2052 3714 2132 3767 Au
2193 3714 2367 3768 nescis
2401 3718 2541 3782 quod
2577 3729 2678 3782 ego
2731 3714 2892 3766 homo
2949 3728 3090 3775 sum,
3162 3720 3218 3763 ut
3278 3718 3333 3762 et
3373 3708 3463 3761 tu?

1895 3807 2022 3875 quid
2062 3807 2224 3875 igitur
2253 3806 2447 3873 quaeris
2485 3820 2605 3873 qua:
2636 3806 2838 3858 habere
2893 3819 2995 3856 non
3034 3818 3249 3869 possum
3274 3802 3299 3855 ?
3325 3802 3452 3867 quid

1897 3910 1983 3950 me
2032 3895 2188 3962 hujus
2233 3893 2402 3947 morbi
2446 3894 2528 3946 vis
2555 3907 2673 3947 esse
2738 3892 3025 3954 medicum,
3073 3892 3158 3945 cui
3189 3890 3335 3943 solus
3369 3890 3461 3942 ille

1896 3989 2190 4043 remedium
2221 3988 2413 4039 alTet't'e
2468 3994 2663 4053 potest,
2685 3984 2773 4052 qui
2821 3999 3018 4037 caecum
3070 3980 3462 4035 olimsanavit?

1896 4077 2058 4133 Hisce
2095 4086 2281 4131 sancto
2304 4076 2578 4144 Stephano
2624 4076 2801 4127 verbis
2831 4073 3223 4127 adulescentem
3258 4071 3454 4124 leniter

1895 4171 2170 4239 rejiciente
2215 4178 2270 4223 et
2313 4169 2466 4237 quasi
2514 4166 2680 4238 489
2737 4166 3031 4219 mansuetis
3087 4164 3456 4218 sermonibus

1895 4262 2144 4330 abigente
2172 4300 2188 4327 ,
2254 4260 2487 4313 insuabat
2542 4259 2627 4311 ille
2672 4259 2899 4321 iterum,
2942 4256 3269 4324 etpriscum
3310 4254 3457 4307 illum

1898 4368 2100 4407 crocum
2137 4351 2402 4413 imitatus,
2451 4364 2642 4419 magna
2673 4363 2804 4402 voce
2849 4347 3072 4416 supplex
3110 4346 3400 4399 'clamabat
3440 4363 3455 4399 :

220 4446 448 4508 ϐοῦντος
504 4445 687 4515 ἡρέμα
743 4444 835 4497 τὸν
892 4442 1151 4508 νεανίαν,
1222 4442 1318 4493 καὶ
1373 4442 1632 4510 χρηστοῖς
1703 4435 1792 4492 οἶα

1898 4442 2156 4498 Miserere
2206 4442 2342 4505 mei,
2385 4457 2417 4495 ο
2467 4456 2722 4509 germane
2771 4440 2861 4492 Dei
2913 4453 3070 4493 serve
3100 4476 3116 4501 ,
3158 4437 3457 4506 Slepliane.

218 4537 404 4605 λόγοις
457 4535 621 4587 αὐτὸν
662 4533 1046 4598 ἐκδιὼκοντος,
1094 4532 1305 4593 ἐκεῖνος
1350 4525 1509 4590 αὖθις
1543 4528 1793 4582 ἐνίστατο

219 4629 315 4682 καὶ
347 4627 442 4680 τὸν
469 4627 599 4695 πρὶν
636 4625 837 4693 τυφλὸν
876 4621 1311 4693 ἐκμιμούμενος,
1373 4619 1591 4690 μεγαλα
1625 4619 1789 4688 βοῶν,

218 4720 416 4773 τοῦτον
470 4716 848 4779 καθικέτευεν,
897 4714 1154 4784 Ἐλέησόν
1212 4730 1303 4783 με,
1349 4712 1553 4780 λέγων,
1581 4706 1625 4764 ὦ
1659 4712 1795 4782 γνή-

220 4825 304 4863 σιε
352 4806 447 4861 τοῦ
481 4805 619 4859 Θεοῦ
663 4804 905 4877 θεράπον
959 4805 1237 4873 Στέφανε·
1271 4803 1356 4856 σοὶ
1412 4802 1523 4872 γὰρ
1590 4802 1795 4871 ταύτην

220 4903 433 4963 ἐκεῖνος
464 4899 563 4968 τὴν
612 4901 775 4968 χάριν
827 4896 1153 4968 δεδώρηται,
1197 4896 1292 4949 καὶ
1324 4895 1411 4947 διὰ
1458 4894 1551 4947 σοῦ
1589 4913 1678 4963 μοι
1729 4895 1790 4946 τὸ

221 4993 340 5063 φῶς
366 4993 427 5046 τὸ
451 4990 706 5059 ἀληθινὸν
724 4990 825 5060 τὴν
854 4989 1028 5059 αὐγὴν
1048 4990 1325 5057 δωριεῖται
1344 4987 1451 5040 τῶν
1468 4985 1789 5056 ὀφθαλμῶν.

237 5082 401 5137 Ἀλλὰ
436 5083 513 5152 μή
542 5081 688 5152 ὄκνῳ
744 5082 846 5152 τὴν
896 5080 1214 5152 παρρησίαν
1262 5077 1577 5149 ἀμϐλύνῃς,
1614 5078 1793 5146 μακά-

224 5192 333 5246 ριε,
389 5174 527 5244 μηδέ
563 5172 801 5243 ἀναϐολῇ
849 5171 949 5242 τὴν
1003 5171 1210 5240 δωρεὰν
1262 5169 1617 5240 ὑπερτίθεσο,
1658 5167 1795 5238 μηδὲ

223 5267 428 5338 νεφέλῃ
477 5263 723 5335 καλύψῃς
758 5266 847 5316 τὸν
877 5263 1029 5333 ἥλιον
1051 5278 1064 5292 ο
1120 5260 1236 5315 ἀλλ’
1266 5259 1388 5314 ἰδών
1414 5277 1516 5326 μου
1550 5258 1649 5330 τὴν
1694 5260 1795 5312 κά-

223 5375 419 5421 κωσιν,
456 5357 740 5427 παράσχου
769 5355 866 5427 τὴν
890 5356 1064 5408 ἴασιν·
1110 5354 1388 5424 μετρήσας
1421 5370 1524 5421 μου
1557 5351 1656 5421 τὴν
1695 5351 1787 5405 πί-

295 5512 344 5545 ⁷⁸
372 5509 528 5566 Joan.
564 5528 652 5566 τιν
709 5509 796 5566 12.
874 5511 918 5543 τ’
962 5500 1120 5558 Joan.
1147 5517 1223 5578 Ix,
1254 5502 1305 5565 l.

306 5750 329 5778 ⁶
361 5740 445 5791 ἷσ.
485 5734 804 5796 κατέϐαλες.

1897 4524 2114 4589 Etenim
2174 4535 2311 4587 banc
2353 4532 2447 4584 tibi
2518 4530 2604 4582 ille
2660 4531 2883 4599 gratiam
2937 4529 3175 4593 donavit,
3219 4529 3458 4596 mihique

1897 4636 2060 4695 perte
2083 4625 2171 4678 lux
2200 4640 2323 4678 vera
2341 4622 2622 4676 oculorum
2656 4622 2830 4676 lumen
2856 4622 3080 4676 daturus
3098 4633 3198 4675 est.
3233 4619 3454 4685 Verum,

1902 4730 1970 4769 ne
2009 4731 2180 4769 meam
2213 4714 2460 4767 ﬁduciam
2514 4726 2663 4764 mora
2708 4698 2965 4773 ubiunde.
2997 4727 3028 4765 ο
3069 4714 3249 4774 beate,
3280 4726 3453 4779 neque

1902 4805 2385 4876 procrastinatione
2408 4807 2605 4857 donum
2638 4802 2811 4865 differ,
2852 4820 3015 4874 neque
3043 4807 3236 4858 nebula
3289 4805 3454 4856 sulem

1902 4900 2172 4952 absconde
2206 4915 2219 4950 :
2252 4897 2343 4950 sed
2386 4912 2557 4948 meam
2617 4893 2953 4948 alllictionem
3004 4895 3255 4954 intuitus,
3282 4893 3458 4959 praebe

1899 4989 2258 5043 sanationem.
2291 4987 2423 5041 Fide
2447 5004 2565 5041 mea
2600 5002 2838 5055 expensa
2859 4986 2921 5038 da
2952 4989 3194 5054 gratiam.
3222 4982 3455 5037 Trutina

1900 5096 2076 5135 meum
2138 5095 2375 5133 amorem
2430 5080 2759 5147 pouderaus,
2814 5090 2945 5128 sana
3001 5076 3259 5129 laborem.
3310 5073 3449 5140 Quid

1897 5184 2027 5240 ergo
2056 5171 2393 5224 venerandus
2414 5168 2763 5239 Stephanus?
2786 5166 2982 5230 Habes,
3015 5167 3205 5235 inquit,
3241 5166 3394 5218 ﬁdem
3419 5164 3441 5216 ?

1899 5261 2097 5315 Christi
2122 5263 2346 5330 ejusque
2369 5259 2556 5314 Matris
2580 5270 2633 5313 et
2662 5271 2971 5313 sanctorum
3001 5258 3256 5329 imagines
3283 5256 3454 5311 colis?

1903 5353 2091 5406 Credis
2126 5355 2231 5407 Deo
2273 5353 2433 5406 etiam
2461 5367 2557 5422 per
2599 5351 2862 5420 imagines
2912 5355 3144 5417 sanauti,
3188 5361 3244 5404 ιιι
3283 5367 3453 5422 quou-

1513 5598 1748 5653 VARIJE
1788 5595 2186 5653 LECTIONES.
