3940 6170
477 200 603 267 1151

1635 207 2010 268 STEPHANI
2050 204 2354 268 DIACONI
2396 209 2504 268 ΟΡ.

3578 206 3716 273 1152

471 320 598 371 dam
635 317 941 372 veneranda
968 313 1134 372 Maria
1158 314 1476 390 Egyptiaca
1505 318 1756 384 credidit,
1786 328 1841 373 et
1875 334 2023 386 spon-

2141 336 2281 382 στιν,
2310 318 2455 371 δίδου
2508 317 2604 388 τὴν
2634 318 2819 389 χάριν.
2868 318 3295 401 Ζυγοστατήσας
3355 336 3460 390 μου
3487 318 3583 373 τὸν
3612 323 3715 376 πό-

474 412 627 464 sione
675 410 743 465 ab
792 409 1029 480 imagine
1068 418 1310 477 accepta,
1352 410 1726 478 paenitentiam
1799 410 1930 479 egit,
1985 418 2040 464 et

472 501 700 555 salutem
755 509 1046 555 consecuta
1098 499 1215 554 est?
1271 496 1366 554 Ille
1418 513 1547 554 vero
1578 499 1789 561 iterum
1841 500 2031 553 dixit:

470 592 668 655 Credo,
727 592 963 656 domine,
1012 600 1065 646 et
1112 592 1346 645 credens
1397 591 1596 645 accedo
1625 599 1679 644 et
1708 592 1895 644 adoro.
1935 589 2032 644 Cui

472 691 691 736 Sanctus
752 699 766 735 :
831 680 886 735 ln
949 682 1166 735 nomine
1230 681 1445 735 Domini
1493 679 1619 736 Jesu
1657 680 1897 742 Christi,
1944 682 2035 750 qui

469 760 670 826 caecum
700 772 934 837 sanavit,
979 772 1031 825 in
1077 786 1236 839 quem
1280 771 1552 825 credendo
1599 771 1701 825 huc
1747 772 2033 835 advenisti,

470 876 628 930 quem
682 877 845 917 carne
897 861 1366 930 circumscriptum
1408 861 1463 914 in
1507 844 1739 930 imagine
1807 862 2037 915 aderare

470 956 750 1008 cotalessus
776 970 855 1018 es,
898 954 1063 1008 solem
1111 955 1317 1022 aspice,
1371 954 1612 1024 nihilque
1659 963 1710 1009 te
1742 954 1809 1008 ab
1857 970 1923 1009 eo
1956 954 2038 1006 vi-

469 1044 642 1098 dendo
695 1043 970 1112 impediat.
992 1043 1157 1115 490
1184 1043 1368 1113 Itaque
1426 1057 1650 1113 repente
1675 1045 2036 1100 adolescentis

471 1133 611 1187 oculi
639 1135 809 1202 aperti
860 1144 1007 1200 sunt,
1054 1151 1324 1204 sanusque
1353 1135 1530 1190 factus
1556 1145 1660 1199 est,
1702 1137 1854 1205 quasi
1892 1152 2035 1190 nun-

471 1239 635 1291 quam
664 1225 835 1279 oculis
864 1237 1077 1294 captus,
1111 1226 1197 1280 vcl
1228 1226 1532 1290 huiusmodi
1565 1228 1811 1281 morbum
1836 1241 2033 1295 exper-

474 1324 559 1367 tus
595 1314 806 1369 fuisset.
847 1316 936 1370 Illa
973 1332 1102 1385 ergo
1124 1318 1432 1371 admirabili
1459 1318 1511 1371 in
1545 1333 1604 1373 se
1631 1327 1844 1387 peracta
1875 1333 2035 1373 sana-

473 1406 618 1460 tione
642 1407 791 1462 laetus
803 1415 855 1461 et
873 1408 1064 1463 hilaris
1079 1410 1231 1472 abiit,
1252 1409 1344 1464 Dei
1361 1410 1545 1465 laudes
1559 1409 1922 1480 praedicando,
1941 1410 2030 1480 qui

481 1495 606 1548 talia
644 1495 906 1551 adversus
936 1499 1154 1552 morbos
1180 1498 1509 1552 charismata
1543 1498 1655 1553 suis
1686 1498 1892 1552 sanctis
1926 1498 2030 1552 lar-

471 1586 636 1655 gitur.
674 1585 784 1641 Hoc
830 1587 1061 1656 primum
1105 1585 1206 1641 fuit
1239 1587 1580 1651 miraculum,
1627 1589 1771 1657 quod
1809 1596 2030 1641 sanctus

2139 407 2252 473 θον,
2287 409 2626 477 θεράπευσον
2659 409 2750 461 τδν
2801 408 2985 464 πόνον.
3015 409 3079 463 Τί
3106 405 3199 464 οὗν
3229 409 3258 462 6
3288 410 3470 479 τίμιος
3497 412 3713 481 Στέφα-

2138 515 2255 564 νος;
2322 500 2506 569 Ἔχεις
2567 499 2772 560 πίστιν,
2829 499 3039 570 φησίνς
3096 502 3428 569 προσκυνεῖς
3481 500 3711 572 τὴν.τοῦ

2139 590 2378 662 Χριστοῦ
2442 590 2628 642 εἰκόνα
2660 591 2755 644 καὶ
2807 590 2907 659 τῆς
2956 590 3181 661 Μητρὸς
3216 590 3384 644 αὐτοῦ
3442 592 3543 646 καὶ
3600 593 3710 646 τῶν

2137 678 2340 746 ἁγίων;
2397 679 2675 742 πιστεύεις
2725 678 2803 747 τῷ
2860 679 2956 732 καὶ
3008 680 3066 731 ἐν
3120 679 3296 733 εἰκόσι
3337 679 3707 750 θεραπεύοντι

2139 767 2278 838 Θεῷ,
2307 769 2383 831 ὡς
2416 768 2532 833 καὶ,
2564 769 2750 838 φησὶν,
2774 768 2835 821 τὸ
2875 771 3003 840 πρὶν
3016 769 3246 840 κάκείνη
3276 771 3488 841 ήτιμία
3519 773 3709 840 Μαρία

2139 857 2172 928 ἡ
2202 858 2473 925 Αἰγυπτία
2505 856 2845 911 πιστεύσασα
2872 859 2969 928 τὴν
3017 862 3224 930 ἐγγύην
3272 863 3335 913 ἐκ
3368 863 3468 932 τῆς
3498 863 3707 925 εἰκόνος

2137 949 2414 1019 εἰληφυῖα,
2441 951 2506 1019 τῇ
2535 949 2797 1019 μετανοίᾳ
2814 951 3248 1018 προσεπέλασεν,
3274 940 3702 1016 καὶσέσωσταις

2136 1040 2401 1105 Κάκεῖνος
2422 1036 2579 1103 αὖθις
2598 1057 2784 1110 φησιν·
2806 1040 3078 1105 Πιστεύω,
3100 1042 3296 1114 Κύριε,
3319 1045 3415 1097 καὶ
3436 1046 3704 1099 πιστεύων

2138 1128 2514 1198 προσέρχομαι
2546 1130 2641 1182 καὶ
2663 1129 2975 1200 προσκυνῶ.
3020 1132 3080 1185 Ὀ
3111 1130 3168 1184 δὲ
3194 1133 3330 1203 πρὸς
3371 1135 3536 1187 αὐτόν
3561 1151 3576 1166 ·
3618 1137 3701 1189 ἐν

2136 1219 2214 1290 τῷ
2237 1219 2462 1290 ὀνόματι
2493 1219 2702 1291 Κυρίου
2750 1219 2924 1291 Ἰησοῦ
2974 1220 3216 1292 Χριστοῦ
3261 1222 3353 1277 τοῦ
3381 1225 3474 1278 τὸν
3502 1224 3700 1293 τυφλὸν

2136 1308 2576 1379 θεραπεύσαντος
2603 1347 2619 1372 ,
2653 1310 2732 1372 είς
2765 1308 2824 1362 ὃν
2875 1310 3061 1365 ἐνθάδε
3104 1312 3485 1377 πεπιστευκὼς
3524 1332 3699 1384 παρα-

2133 1401 2394 1470 γέγονας,
2430 1403 2527 1455 καὶ
2568 1401 2708 1455 κατὰ
2758 1402 2940 1474 σάρκα
2998 1405 3378 1476 περιγραπτδν
3428 1410 3485 1459 ἐν
3528 1408 3697 1461 εἰκόνι

2134 1494 2510 1564 προσκυνῆσαι
2565 1493 2958 1563 ὡμολόγησας,
3008 1493 3102 1548 ἔσο
3153 1494 3368 1564 βλέπων
3400 1496 3491 1549 τὸν
3524 1499 3693 1567 ἥλιον,

2136 1582 2448 1654 μηδαμόθεν
2501 1584 2842 1654 εἰργόμενος.
2898 1585 3109 1639 Αὐτίκα
3160 1586 3295 1654 γοῦν
3346 1588 3691 1659 ἠνεῴχθησαν

472 1675 527 1729 in
559 1675 730 1730 insula
762 1677 1018 1746 patravit.
1055 1675 1149 1732 Hae
1181 1686 1308 1731 sunt
1331 1676 1723 1745 ejus'laborum
1753 1675 2023 1745 primitias,

2131 1671 2299 1726 αὑτοῦ
2331 1673 2383 1726 οί
2433 1671 2721 1743 ὀφθαλμοὶ,
2774 1675 2870 1728 καὶ⁹
2902 1675 3126 1743 γέγονεν
3160 1676 3321 1748 ὑγιὴς
3369 1679 3398 1731 ὁ
3448 1682 3691 1745 νεανίας,

449 1766 540 1824 .nh
587 1779 722 1834 quas
768 1781 893 1828 nos,
926 1767 1143 1823 Christo
1172 1768 1360 1822 datore
1409 1776 1465 1823 et
1501 1777 1689 1823 sancto
1729 1767 1844 1820 viro
1872 1765 2032 1835 digne

470 1854 779 1921 celebratis,
813 1859 879 1912 ad
917 1858 1061 1913 aliud
1095 1858 1212 1928 ejus
1263 1859 1513 1914 mirabile
1559 1852 1756 1912 factum
1787 1867 2031 1911 transea-

468 1961 606 2002 111118.

2142 1763 2219 1828 ὼς
2275 1764 2549 1836 μηδέποτε
2610 1764 2888 1836 πηρωθεὶς
2939 1766 3039 1832 τὰς
3097 1768 3269 1839 κόρας
3336 1769 3446 1823 τῶν
3487 1770 3696 1839 οφθαλ-

2138 1854 2278 1926 μῶν,
2318 1854 2350 1927 ἥ
2403 1854 2501 1908 τοῦ
2542 1856 2781 1910 τοιούτου
2833 1858 3038 1922 πάθους
3072 1860 3130 1912 Exi
3161 1861 3328 1931 πείρα
3386 1864 3689 1931 γενόμενος.

2152 1945 2370 2016 Ἀμέλει
2427 1946 2630 2017 ταύτης
2681 1949 2763 2011 είς
2818 1949 2982 2019 αὑτὸν
3035 1948 3137 2019 τῆς
3188 1951 3492 2022 παραδόξου
3541 1969 3695 2021 γενο-

471 2035 638 2107 μένης
660 2039 881 2105 ,ιάσεως
914 2041 1079 2112 ἀπῄει
1126 2040 1377 2112 γεγηθὼς
1430 2043 1527 2096 καὶ
1565 2040 1922 2111 γαννύμενος,
1974 2037 2140 2092 αίνῶν
2188 2037 2279 2089 τὸν
2317 2035 2451 2089 Θεὺν
2490 2039 2585 2091 καὶ
2617 2037 2856 2104 δοξάζων
2885 2039 2978 2093 τὸν
3006 2041 3074 2094 τὰ
3114 2040 3341 2103 τοιαῦτα
3373 2047 3486 2107 τοῖς
3521 2046 3694 2111 ἁγίοις

466 2129 630 2184 αὐτοῦ
678 2132 987 2201 παρέχοντα
1032 2133 1177 2185 κατὰ
1220 2131 1331 2186 τῶν
1387 2134 1711 2206 νοσημάτων
1783 2132 2120 2203 χαρίσματα.
2178 2128 2349 2182 Τοῦτο
2414 2128 2631 2198 πρῶτον
2674 2130 2770 2183 τοῦ
2826 2132 2980 2185 ὁσίου
3038 2133 3263 2201 γέγονεν
3316 2137 3374 2189 ὲν
3428 2140 3496 2204 τῇ
3552 2141 3696 2208 νήσῳ

468 2221 965 2295 θαυματούργημα,
1006 2224 1170 2279 αὐτοῦ
1235 2224 1345 2278 τῶν
1409 2225 1585 2279 πόνων
1624 2227 1655 2293 ή
1703 2225 1952 2295 ἀπαρχὴ,
1983 2217 2050 2295 ἦς
2099 2221 2263 2290 ἡμεῖς
2306 2219 2397 2272 τὸν
2444 2218 2647 2292 δοτῆρα
2705 2223 2942 2293 Χριστὸν
2987 2228 3085 2279 καὶ
3128 2225 3224 2279 τὸν
3272 2227 3423 2282 ὅσιον
3460 2229 3696 2296 ἐπαξίως

468 2314 833 2385 ὑμνήσαντες,
874 2315 959 2384 ἐφ’
998 2315 1190 2388 ἑτέραν
1224 2314 1391 2370 αὐτοῦ
1435 2314 1879 2385 θαυματουργίαν
1911 2310 2286 2385 μετέλθωμεν.

544 2408 800 2475 Quaedam
868 2408 1063 2463 mulier
1092 2423 1197 2463 non
1243 2406 1532 2476 ignobilis,
1572 2407 1752 2478 Cyzici
1812 2409 2032 2476 degens,

472 2501 639 2555 filium
671 2517 699 2555 a
731 2502 974 2557 dtemone
1009 2504 1076 2556 ab
1119 2503 1279 2557 annis
1328 2502 1441 2556 fere
1481 2517 1669 2555 novem
1720 2515 2029 2570 possessum

470 2589 725 2652 habebat,
757 2604 876 2659 qua:
912 2590 1084 2644 sancti
1122 2590 1264 2643 fama
1296 2588 1499 2652 audita,
1528 2587 1594 2641 ad
1635 2586 1864 2640 insulam
1907 2599 2028 2638 cum

470 2676 581 2730 tilio
621 2689 679 2731 se
706 2676 958 2731 contulit.
990 2676 1059 2732 Ut
1094 2693 1223 2732 vero
1246 2691 1276 2730 a
1301 2676 1458 2746 longe
1478 2691 1695 2731 caveam
1742 2675 1878 2729 vidit
1913 2675 2025 2744 agi-

468 2772 610 2817 tatus
639 2779 790 2833 puer,
824 2779 854 2818 a
880 2766 1123 2826 daamoue
1148 2765 1409 2832 iactatus,
1448 2764 1564 2821 sine
1612 2764 1716 2818 ulla
1755 2765 2028 2818 intermis-

464 2857 616 2910 sione
665 2857 1096 2924 concutiebatur,
1149 2858 1219 2911 ita
1255 2867 1314 2911 ut
1343 2857 1398 2912 in
1446 2872 1627 2912 aerem
1659 2857 1941 2909 tolleretur
1970 2865 2025 2909 et

463 2948 865 3013 extenderetur,
904 2950 1162 3019 humique
1196 2951 1373 3005 subito
1408 2965 1598 3004 rursus
1635 2949 2020 3018 projiceretur.

2208 2399 2435 2455 Γύναιὸν
2464 2418 2516 2455 τι
2555 2399 2665 2452 τῶν
2700 2403 2801 2455 οὐκ
2856 2402 3089 2474 ἀσήμων
3114 2404 3172 2459 ὲν
3204 2406 3436 2479 Κυζίκῳ
3487 2410 3690 2479 διάγον,

2133 2490 2348 2547 παιδίον
2379 2488 2527 2564 εἶχεν
2576 2493 3025 2565 δαιμονιζόμενον
3076 2496 3210 2551 ὡσεὶ
3261 2498 3474 2570 χρόνων
3517 2503 3691 2557 ἐννέα.

2132 2581 2282 2652 Αὕτη
2316 2582 2409 2637 οὖν
2460 2582 2716 2655 περὶτοῦ
2767 2586 2924 2653 ἁγίου
2971 2586 3320 2654 ἀκιύσασαά,
3384 2593 3489 2661 τὴν
3538 2595 3696 2662 νῆσον

2135 2671 2442 2725 κατέλαϐεν
2476 2671 2575 2737 σὺν
2618 2670 2695 2742 τῷ
2751 2673 2926 2727 παιδί.
2969 2675 3056 2737 Ὠς
3086 2674 3143 2729 δὲ
3190 2679 3351 2747 μόνον
3397 2679 3458 2732 τὸ
3489 2679 3695 2748 ἐγκλειο

2137 2777 2298 2831 στρον
2331 2764 2578 2831 ἑώρακεν
2606 2762 2881 2833 μακρόθεν
2934 2764 2995 2818 τὸ
3040 2766 3429 2839 ἐνοχλούμενον
3464 2772 3691 2835 παιδίον,

2134 2852 2475 2922 ἀναϐρασθὲν
2524 2852 2628 2906 ὑπὸ
2663 2853 2757 2905 τοῦ
2795 2853 3073 2923 δαίμονος,
3113 2858 3356 2929 συνεχῶς
3412 2861 3695 2916 ἁνετινὰσο

2135 2959 2263 2996 σετο
2291 2940 2384 2994 τοῦ
2415 2942 2577 3013 ἀέρος
2614 2945 3093 3014 ἁποκρεμάμενον,
3117 2949 3491 3020 ὲκτεινόμενόν
3518 2970 3578 3006 τε
3607 2954 3696 3007 καί

462 3037 694 3091 Crebras
717 3053 844 3092 vero
870 3048 925 3092 et
954 3038 1214 3094 informes
1266 3054 1428 3094 voces
1464 3040 1529 3092 ad
1562 3049 1809 3094 sanctum
1852 3041 2018 3094 emit.-

2129 3034 2291 3086 πάλιν
2317 3032 3082 3107 αἷφνηςκαταρῤιπτούμενον.
3123 3040 3265 3110 Πρὸς
3312 3043 3368 3094 δὲ
3411 3044 3504 3094 τὸν
3534 3044 3686 3111 ἆγιον

465 3127 631 3191 lebat,
673 3138 731 3181 ut
763 3130 899 3183 solet
928 3130 1067 3193 ﬁeri,
1098 3146 1221 3187 cum
1279 3131 1487 3186 daemon
1520 3145 1889 3202 energumeno
1924 3131 2027 3183 im-

463 3228 672 3273 mutato
715 3228 862 3274 tctus
909 3221 997 3275 ille
1059 3222 1316 3291 loquitur,
1363 3232 1419 3277 et
1471 3224 1730 3292 patientis
1799 3237 2027 3292 corpore

465 3317 717 3377 tanquam
747 3311 962 3378 proprio
988 3327 1192 3381 organo
1220 3314 1410 3369 utitur.
1448 3316 1518 3368 At
1543 3322 1716 3367 mater
1748 3313 1855 3366 lilio
1888 3327 2024 3368 mm-

461 3398 617 3460 Stior,
653 3398 921 3470 lacrymas
948 3399 1106 3473 491
1166 3400 1472 3469 effundens,
1506 3413 1560 3458 et
1603 3413 1792 3472 pectus
1829 3410 2023 3472 percu-

463 3488 624 3551 tiens,
650 3487 795 3543 illnm
826 3506 983 3543 manu
1012 3494 1440 3561 apprehendens,
1480 3496 1577 3549 has
1595 3509 1756 3549 voces
1784 3494 1983 3549 edebat
2007 3518 2018 3550 :

461 3577 561 3632 Mei
609 3579 1110 3638 infortunatissimae
1183 3587 1480 3649 miserere,
1517 3600 1551 3640 ο
1589 3596 1800 3642 sancte.
1868 3585 2023 3642 Unus

464 3670 594 3723 mihi
635 3671 685 3724 in
741 3673 878 3728 vivis
909 3684 990 3727 est
1047 3675 1211 3739 tilius,
1273 3692 1432 3746 quem
1487 3694 1626 3731 nunc
1681 3695 1711 3732 a
1772 3680 2037 3734 dazutone.

459 3770 778 3829 occupatum
813 3763 982 3818 vides.
1022 3762 1076 3819 Si
1109 3766 1226 3833 ejus
1277 3777 1502 3821 mortem
1557 3783 1587 3822 a
1627 3769 1736 3823 Deo
1772 3784 2017 3837 poscam,

463 3864 548 3903 tne
587 3851 834 3906 vulnerat
867 3855 1093 3909 orbitas.
1123 3854 1342 3919 Verum,
1364 3873 1462 3912 nec
1482 3873 1604 3911 eum
1633 3860 1792 3912 etiam
1823 3861 2023 3912 dtemo-

462 3941 673 3995 niacum
717 3942 914 3998 habere
965 3960 1205 4013 possum.
1265 3946 1398 4000 Nam
1445 3949 1530 4004 die
1564 3964 1627 4005 ac
1674 3960 1832 4005 nocte
1876 3952 2019 4005 insa-

463 4032 617 4085 niens
649 4048 823 4086 meam
855 4035 1085 4089 animam
1130 4038 1358 4091 cruciat.
1399 4038 1652 4093 Geminas
1680 4041 1890 4094 animas
1918 4044 2020 4094 mi-

460 4132 663 4183 serare,
694 4119 974 4190 illumque,
995 4138 1027 4176 ο
1056 4133 1262 4189 sancte,
1294 4139 1322 4176 a
1350 4125 1612 4190 dtemone,
1649 4143 1734 4182 me
1771 4143 1799 4181 a
1834 4130 2020 4186 dolore

462 4208 654 4273 libera,
702 4211 928 4279 aliisque
965 4214 1208 4268 tristibus
1252 4213 1429 4276 rebus,
1480 4231 1598 4284 qua:
1630 4220 1894 4273 matrihus
1932 4236 2014 4274 su-

462 4296 567 4350 ιυιιι
595 4300 866 4362 accidere,
901 4315 1020 4354 cum
1076 4303 1302 4356 dilectus
1343 4303 1483 4357 filius
1528 4304 1733 4374 aliquid
1786 4310 2008 4376 patitur.

2127 3124 2283 3194 ἠφίει
2331 3123 2528 3193 συχνὰς
2588 3125 2681 3176 καὶ
2723 3126 2972 3196 ἀσήμους
3011 3128 3217 3197 φωνὰς,
3272 3125 3363 3184 οἷα
3399 3133 3683 3202 συμϐαίνει

2125 3216 2222 3269 καὶ
2244 3214 2513 3283 γίνεσθαι,
2551 3216 2680 3269 ὅταν
2711 3219 2738 3269 ὁ
2764 3218 2972 3287 δαίμων
3027 3221 3117 3272 τὸν
3157 3222 3551 3292 ἐνεργούμενον
3600 3226 3688 3278 άλο

2124 3305 2378 3371 λοιὼσας,
2418 3306 2627 3367 ἐκεῖνος
2651 3308 2772 3372 ὅλος
2803 3321 2826 3348 ο
2860 3310 3033 3375 λαλεῖ,
3077 3312 3133 3365 τὸ
3157 3313 3317 3383 σῶμα
3341 3315 3435 3367 τοῦ
3468 3319 3692 3386 πάσχονο

2123 3413 2213 3460 τος
2246 3397 2376 3451 ῐδιον
2396 3398 2787 3469 τεχναζόμενος
2817 3400 3071 3473 ὄργανον.
3113 3404 3173 3456 Ἦ
3202 3405 3260 3457 δὲ
3295 3408 3480 3478 μήτηρ
3503 3408 3689 3462 τούτου

2122 3487 2486 3561 όδυνηροτέρα
2509 3489 2604 3542 τοῦ
2638 3491 2942 3561 πάσχοντος
2968 3494 3375 3568 δακρυρροοῦσα
3391 3502 3487 3553 καὶ
3499 3518 3688 3553 κοπτοο

2124 3579 2286 3648 μένη,
2314 3580 2411 3633 καὶ
2456 3580 2516 3633 τὸ
2548 3581 2739 3635 τέκνον
2766 3584 2868 3651 τῆς
2907 3585 3089 3656 χειρὸς
3115 3587 3391 3656 κρατοῦσα
3427 3589 3688 3662 ἔρριπτεν

2122 3670 2343 3736 φωνάς·
2387 3669 2642 3739 Ἐλέησόν
2687 3688 2778 3741 με,
2811 3671 2956 3740 ἆγιε,
3008 3673 3106 3744 τὴν
3155 3676 3549 3734 παντάλαιναν.
3594 3678 3687 3730 Ἕν

2124 3761 2284 3830 μόνον
2313 3778 2403 3829 μοι
2450 3747 2640 3814 τέκνον
2694 3763 2959 3833 πάρεστιν
2986 3767 3041 3817 ὲν
3073 3768 3138 3835 τῇ
3168 3768 3304 3837 ζωῇ,
3345 3767 3375 3820 ὃ
3427 3769 3524 3821 νῦν
3552 3770 3683 3840 ὁρᾷς

2117 3849 2566 3921 δαιμονιζόμενον
2599 3869 2612 3883 ο
2681 3854 2777 3906 καὶ
2826 3855 2876 3907 εἰ
2922 3855 3303 3928 θανατωθῆναι
3346 3859 3508 3912 τοῦτο
3553 3862 3687 3932 πρὸς

2118 3937 2252 3991 Θεὸν
2287 3937 2537 4010 εὔξομαι,
2566 3942 2599 4011 ή
2657 3943 2883 3996 ἁτεκνία
2909 3944 3203 4014 τιτρώσκει
3249 3964 3315 4017 με
3337 3965 3350 3978 ·
3388 3949 3483 4001 καὶ
3523 3949 3688 4002 πάλιν

2116 4028 2478 4098 δαιμονιῶντα
2517 4031 2661 4100 ἔχειν
2690 4033 2849 4085 τοῦτο
2878 4034 2937 4086 οὐ
2975 4034 3236 4109 δύναμαι.
3283 4037 3373 4090 Ἐν
3394 4042 3550 4093 νυκτὶ
3580 4041 3686 4112 γάρ

2117 4118 2213 4171 καὶ
2232 4120 2288 4171 ἓν
2312 4118 2496 4191 ἡμέρα
2519 4124 3007 4191 παρατρεπόμενον
3037 4125 3200 4198 όδυνᾷ
3228 4145 3330 4194 μου
3348 4130 3449 4198 τὴν
3478 4130 3677 4201 ψυχήν.

2115 4210 2220 4261 Δύο
2249 4209 2426 4280 ψυχὰς
2450 4211 2671 4280 ἐλέησον
2708 4214 2803 4266 καὶ
2833 4214 3134 4285 ίάτρευσον,
3167 4217 3288 4285 ἆγιε
3316 4235 3329 4248 ·
3364 4219 3555 4273 τοῦτον
3581 4222 3673 4275 τοῦ

2114 4299 2388 4368 δαίμονος,
2422 4302 2567 4372 κάμὲ
2585 4304 2684 4369 τῆς
2706 4303 2922 4375 ὀδύνης,
2949 4308 3045 4360 καὶ
3071 4303 3159 4361 οἶα
3184 4310 3477 4378 συμϐαίνει
3512 4312 3684 4383 λυπη-

462 4388 595 4441 Cum
625 4400 803 4459 autem
843 4406 977 4460 puer
1007 4393 1172 4462 magis
1222 4396 1494 4464 magisque
1528 4373 1845 4467 agitaretur,
1886 4401 2006 4470 ejus

2129 4389 2193 4461 ρὰ
2216 4392 2336 4453 ταῖς
2365 4393 2656 4462 μητράσιν,
2705 4373 2892 4448 eme
2942 4373 3269 4466 φιλούμενος
3318 4405 3452 4466 παῖς
3484 4373 3684 4475 πάσχει

463 4490 633 4531 mater
685 4492 970 4549 conspecta
1029 4485 1195 4539 sancti
1252 4497 1442 4554 matre,
1471 4491 1537 4542 ad
1589 4506 1706 4543 eam
1754 4497 2016 4559 cucurrit,

461 4568 612 4636 cujus
671 4573 837 4640 pedes
895 4577 1190 4646 amplexata
1238 4577 1586 4649 lacrymando
1626 4585 1700 4637 ait
1736 4604 1750 4641 :
1786 4584 1863 4639 Tn
1899 4590 2012 4644 sola

466 4661 565 4714 mei
594 4660 798 4718 doloris
836 4669 1051 4721 conscia
1068 4683 1142 4733 es,
1184 4683 1302 4736 qua:
1332 4670 1560 4725 similem
1589 4673 1817 4730 ﬁliorum
1844 4677 2012 4746 legem

465 4749 698 4806 subiiti.
728 4752 806 4807 Tu
822 4770 951 4824 ergo
973 4772 1115 4811 meas
1142 4773 1411 4813 aerumnas
1433 4765 1725 4831 perpende,
1756 4776 2013 4837 tuumque

472 4839 638 4895 lilium
674 4858 821 4914 roga,
849 4855 905 4900 ut
931 4861 1020 4916 pro
1049 4862 1166 4901 meo
1199 4848 1397 4904 infelici
1437 4852 1548 4906 tilio
1592 4865 1731 4911 oret.
1768 4857 2007 4927 Namque

466 4940 682 4997 propter
708 4936 895 4989 matris
930 4945 1140 5005 peccata
1171 4940 1489 5006 gravissime
1533 4959 1667 5012 puer
1698 4947 2011 5017 castigatur.

464 5018 575 5072 llac
611 5021 817 5093 luguhri
873 5028 1112 5082 oratione
1164 5031 1356 5083 mulier
1415 5047 1521 5086 non
1567 5044 1772 5089 tantum
1827 5044 1999 5097 sancti

466 5121 711 5176 matrem,
745 5115 835 5169 sed
867 5116 1025 5168 etiam
1084 5134 1271 5174 omnes
1324 5122 1415 5190 qui
1478 5125 1703 5180 aderant
1738 5129 1803 5182 ad
1834 5131 2010 5203 lact-y-

466 5205 713 5256 tuandum
746 5207 982 5261 adduxit.
1012 5208 1190 5274 Quare
1234 5215 1420 5267 hcalus
1449 5215 1755 5284 Stephanus
1786 5223 2013 5278 commi-

465 5294 732 5351 Sc-ratione
791 5309 1084 5364 permotus,
1169 5305 1259 5357 nui
1320 5321 1350 5360 e
1407 5309 1687 5363 monachis
1758 5313 2010 5382 prazcepit

464 5379 726 5451 integrum
773 5388 920 5454 pueri
956 5403 1150 5459 corpus
1208 5393 1362 5463 signo
1395 5399 1574 5453 crucis
1614 5400 1852 5467 signare.
1887 5379 2009 5474 Ipse

533 5556 558 5594 ﬁ
590 5556 656 5606 nl.
690 5556 905 5612 τοῦτο...
934 5560 1192 5619 ἀκοῦσαν.

1274 5579 1296 5605 ο
1326 5568 1392 5620 al.
1425 5569 1577 5635 ὅλως.
1662 5571 1681 5611 ἲ
1713 5574 1783 5627 al.
1827 5577 2020 5633 ποδῶν.

2114 4498 2186 4535 τι.
2249 4483 2373 4536 Ἐπὶ
2418 4485 2669 4539 πλεῖστον
2715 4487 2770 4540 δὲ
2830 4488 2974 4543 οὓτω
3018 4492 3113 4545 τοῦ
3172 4493 3366 4559 παιδὸς
3421 4500 3686 4567 χειμαζο-

2122 4572 2306 4643 μένου,
2361 4575 2394 4645 ή
2452 4574 2646 4629 τούτου
2705 4579 2895 4650 μήτηρ
2956 4582 3054 4652 τὴν
3092 4584 3311 4655 μητέρα
3364 4588 3462 4640 τοῦ
3521 4591 3683 4657 ἁγίου

2120 4667 2325 4733 ἰδοῦσα,
2352 4667 2494 4741 αὕτη
2529 4669 2812 4740 δραμοῦσα
2844 4674 3073 4729 ἅπτεται
3103 4678 3213 4730 τῶν
3241 4680 3417 4748 αὐτῆς
3444 4682 3606 4752 ίχνῶν
3636 4682 3682 4749 τ,

2114 4759 2411 4832 ὀδυρομένη
2471 4764 2565 4817 καὶ
2612 4764 2845 4831 λέγουσα
2871 4786 2883 4798 υ
2949 4768 3020 4821 Σύ
3084 4786 3188 4838 μου
3240 4772 3334 4826 καὶ
3397 4775 3537 4845 μόνη
3592 4777 3684 4829 τὸν

2118 4851 2280 4905 πόνον
2312 4855 2622 4920 ἐπίστασαι,
2679 4858 2713 4926 ή
2746 4857 2838 4911 τὸν
2876 4859 3063 4929 ὅμοιον
3114 4862 3281 4932 νόμον
3332 4865 3442 4917 τῶν
3477 4867 3684 4920 τέκνων

2116 4943 2531 5014 ὑπουργήσασα.
2560 4947 2631 5000 Σύ
2664 4964 2766 5017 μου
2792 4951 2886 5003 καὶ
2912 4953 3288 5023 ὲπιμέτρησον
3309 4956 3372 5009 τὸ
3396 4957 3681 5029 ὀδυνηρὸν,
3708 4961 3713 4965 ’

2117 5035 2212 5095 καὶ
2252 5036 2343 5090 τὸν
2398 5038 2514 5090 υἱόν
2548 5055 2640 5092 σου
2663 5039 2924 5107 εὖξασθαι
2975 5044 3113 5116 ὑπὲρ
3163 5046 3259 5099 τοῦ
3307 5048 3545 5103 ὲλεεινοῦ
3579 5069 3683 5120 μου

2122 5128 2307 5190 παιδὸς
2345 5128 2685 5199 δυσώπησον,
2740 5134 2822 5186 ὅτι
2874 5136 3080 5206 μητρὸς
3113 5138 3520 5212 άμαρτησάσης
3552 5143 3683 5197 πάν-

2117 5215 2285 5283 δεινα,
2310 5218 2370 5271 τὸ
2421 5219 2619 5291 βρέφος
2673 5224 3009 5281 παιδεύεται.
3044 5228 3271 5293 Τούτοις
3305 5235 3419 5295 τοῖς
3469 5235 3681 5302 γοεροῖς

2120 5308 2361 5379 ῥήμασιν
2391 5311 2449 5363 οὐ
2483 5312 2642 5381 μόνον
2678 5313 2777 5385 τὴν
2806 5318 2900 5369 τοῦ
2938 5318 3098 5386 ἁγίου
3148 5322 3389 5393 μητέρα,
3419 5323 3558 5378 am
3587 5326 3678 5378 καὶ

2118 5400 2324 5466 πάντας
2355 5402 2480 5467 τοὺς
2507 5405 2762 5486 συνόντας
2792 5410 2823 5478 ή
2851 5411 2990 5479 γυνή
3028 5411 3165 5481 πρὸς
3211 5412 3410 5484 θρῆνον
3454 5416 3675 5488 κινήσα-
