3940 6170
244 455 342 501 σα,
429 432 801 511 συμπαθήσας
879 435 907 486 ὁ
993 433 1264 502 μακάριος
1337 431 1644 499 Στέφανος,

241 528 451 599 σημείῳ
473 525 567 580 τοῦ
598 525 832 598 σταυροῦ
879 524 1020 578 κατὰ
1056 525 1257 587 παντὸς
1300 523 1396 577 τοῦ
1438 523 1684 594 σώματος
1713 521 1807 577 τοῦ

244 618 428 680 παιδὸς
451 617 549 679 ἐνα
573 617 683 671 τῶν
739 615 988 686 μοπχῶν
1020 619 1462 686 ητασφραγῖσαι
1496 616 1761 679 κελεύσας
1790 630 1805 645 ’

243 710 403 772 αὑτός
454 725 514 762 τε
568 709 635 760 ἐκ
682 706 778 760 τοῦ
833 706 1190 777 ἐγκλείστρου
1239 707 1611 777 ἐπευξάμενος
1670 707 1808 776 μετὰ

242 799 514 871 δακρύων.
579 798 688 852 Τοῦ
734 798 794 851 δέ
846 797 1109 868 ῥαγέντος
1156 799 1295 868 μετὰ
1352 798 1451 869 τὴν
1504 798 1692 869 εὐχὴν,
1751 797 1809 862 ἐξ

243 890 503 960 ὀνόματος
532 889 625 942 τὸν
660 888 830 942 παῖδα
857 888 1098 952 καλέσας
1114 889 1210 942 καὶ
1231 889 1327 943 τοῦ
1357 888 1599 959 Χριστοῦ
1624 887 1808 941 εἰκόνα

236 982 625 1056 προσκυνῆσαι
677 982 934 1053 ποιήσας,
995 981 1113 1053 ἅμα
1186 985 1252 1053 τῇ
1315 983 1485 1053 μητρὶ
1539 982 1810 1035 ἀπέλυσεν

250 1077 412 1131 αὑτὸν
439 1076 521 1139 είς
549 1073 619 1128 τά
656 1074 762 1128 ῑδια
789 1074 943 1146 ὑγιῆ.
989 1074 1101 1128 Καὶ
1130 1074 1379 1145 ἐναργῶς
1406 1070 1476 1145 ἦν
1515 1074 1811 1145 πεπληρω-

248 1167 415 1238 μένον
443 1168 501 1219 ἐν
538 1166 722 1229 αὐτοῖς
760 1166 937 1218 ἐκεῖνο
983 1166 1043 1218 τὸ
1098 1165 1405 1233 Δαυῖτικὸν,
1455 1167 1666 1238 μητέρα
1715 1166 1811 1220 ἐπὶ

248 1260 420 1330 τέκνῳ
450 1256 886 1330 εὑφραινομένην
911 1266 939 1305 ι
966 1256 1319 1328 πορεύεσθαι.

314 1346 622 1417 Αίμόρρους
641 1344 820 1398 τοίνυν
842 1344 976 1416 άλλη
999 1361 1083 1409 τις
1105 1345 1244 1418 γυνὴ
1268 1346 1570 1417 σεμνοτάτη
1593 1345 1653 1411 ἐξ
1674 1345 1813 1400 ἐτῶν

247 1437 386 1492 ἑπτὰ
420 1440 488 1508 τῇ
526 1436 681 1507 ῥύσει
713 1438 1087 1509 μαραινομένη
1122 1436 1220 1491 τοῦ
1248 1438 1482 1509 αἵματος
1511 1438 1809 1508 ᾐσχύνετο,

248 1531 346 1600 ἠδη
356 1528 527 1601 μόνοι,
554 1530 751 1599 ἠπόρει
766 1531 863 1583 ὅτι
888 1531 983 1584 καί
1002 1530 1274 1601 δράσειεν,
1298 1529 1608 1583 ἀπειποῦσα
1629 1528 1814 1582 λοιπὸν

248 1621 324 1691 τῷ
369 1622 547 1692 χρόνῳ
588 1621 687 1690 τὴν
722 1621 892 1675 ίασιν.
928 1618 1073 1690 Αὕτη
1126 1620 1464 1675 κατοικοῦσαι
1507 1621 1566 1674 ἐν
1609 1623 1675 1689 τῇ
1711 1619 1813 1689 τῆς

248 1713 468 1784 θρᾴκης
512 1710 809 1783 Ἡρακλείᾳ
837 1713 1065 1782 πλησίον
1092 1712 1187 1766 τοῦ
1213 1711 1487 1781 αἰγιαλοῦ,
1517 1712 1612 1766 καὶ
1644 1712 1814 1764 ἀκου-

1244 326 1423 385 VlTA
1452 324 1513 385 S.
1554 322 1933 384 STEPHANI
1970 322 2355 383 JUNIORIS.

3339 320 3474 388 1154

1731 429 1810 500 τῷ
1839 437 1884 492 Α
1918 444 2046 485 vero
2076 429 2292 483 interim
2324 444 2355 483 e
2398 442 2493 482 sua
2525 441 2687 481 cavea
2719 443 2907 497 preces
2945 429 3108 502 492
3142 444 3263 485 eum
3295 430 3474 502 lacry-

1918 519 2021 573 mis
2075 518 2352 573 fundebat.
2413 515 2548 571 Cum
2594 524 2771 570 autem
2832 533 2966 587 puer
3002 529 3121 589 post
3174 518 3476 575 orationem

1916 612 2267 666 vehementer
2332 611 2655 678 agitaretur,
2689 622 2813 663 eum
2861 623 2930 664 ex
2961 610 3180 665 nomine
3241 610 3474 674 vocavit,

1917 699 2230 767 Christique
2271 698 2563 766 imaginem
2609 699 2840 755 adorare
2883 695 3099 766 jussit:
3154 714 3263 767 quo
3309 698 3476 762 facto,

1916 805 2107 846 sanum
2144 804 2249 843 una
2299 805 2420 843 cum
2482 798 2656 843 matre
2704 791 2770 844 ad
2822 791 3039 860 propria
3085 788 3318 846 dimisit.
3363 793 3480 858 Qua

1918 880 2136 950 quidem
2183 881 2233 932 iu
2284 895 2344 934 re
2377 879 2506 934 illud
2552 878 2867 934 Davidicum
2924 882 2979 936 in
3014 880 3144 936 ‘illis
3193 879 3482 935 manifeste
3555 885 3559 889 ’

1919 969 2201 1038 impletum
2256 970 2601 1035 cernebatur,
2684 978 2910 1025 matrem
2966 972 3021 1026 in
3065 968 3177 1025 ﬁlio
3206 969 3481 1025 istantem

1917 1058 2185 1129 proficisci
2210 1058 2278 1112 ⁸ο.

1989 1351 2106 1407 Alia
2133 1352 2377 1421 quaedam
2426 1352 2758 1408 nobilissima
2788 1354 2983 1416 mulier
3012 1368 3043 1407 a
3082 1339 3288 1417 septem
3328 1355 3484 1410 annis

1919 1444 2201 1514 sanguinis
2232 1442 2377 1498 ﬂuxu
2408 1458 2516 1498 non
2542 1444 2661 1498 sine
2688 1446 2893 1512 pudore
2924 1454 2981 1500 et
3010 1445 3206 1499 rubore
3238 1445 3481 1500 tabesce~

1920 1536 2034 1598 bat,
2068 1535 2494 1605 gravissimeque
2527 1536 2826 1605 angebatur
2864 1535 3050 1603 ignara
3090 1535 3219 1603 quid
3264 1546 3485 1605 ageret,

1917 1625 2140 1697 jamque
2184 1628 2444 1695 temporis
2482 1626 2835 1681 diuturnitate
2875 1628 2943 1681 de
2988 1628 3160 1681 morbi
3205 1628 3489 1687 sanatione

1924 1718 2239 1788 desperans.
2296 1716 2421 1771 llaec
2470 1722 2613 1787 apud
2665 1715 2983 1772 Heracleam
3037 1715 3284 1771 Thraciae
3324 1732 3491 1787 prope

249 1804 496 1858 τισθεῖσα
528 1804 683 1873 παρὰ
713 1808 826 1857 τῶν
851 1804 1271 1874 προσπλεόντων
1302 1807 1434 1876 περὶ
1464 1804 1575 1857 τῶν
1603 1803 1818 1874 θαυμα-

1936 1811 2073 1867 ,ittus
2103 1807 2376 1874 manebat,
2412 1818 2530 1878 qua
2558 1823 2679 1861 cum
2713 1822 2744 1861 a
2782 1807 3158 1873 navigantibus
3178 1808 3363 1862 sancti
3393 1808 3493 1861 mi-

248 1895 516 1967 τιυργιῶν
564 1896 659 1949 τοῦ
703 1895 888 1960 ὁσίου,
938 1894 1142 1967 ἤρξατο
1174 1896 1438 1966 διερωτᾷν
1476 1894 1821 1966 ποτνιωμένη

250 1989 343 2042 καὶ
367 1985 785 2058 παρακαλοῦσα·
806 1986 917 2040 Ποῦ
948 1984 1059 2058 ἆρά
1084 2003 1148 2055 γε
1180 1989 1208 2039 ὁ
1238 1986 1332 2039 τοῦ
1367 1984 1507 2039 Θεοῦ
1545 1986 1695 2054 φίλος
1728 1987 1826 2038 καὶ

252 2079 427 2148 αὐτῆς
463 2078 647 2146 ἰατρὸς
678 2077 1062 2148 ἐπισχολάζει;
1092 2078 1215 2132 Τῶν
1243 2078 1299 2131 δὲ
1321 2077 1827 2133 δακτυλοδεικτούν-

248 2186 356 2223 των
375 2170 631 2239 ἀντικρὺ,
653 2169 752 2239 τήν
771 2184 831 2221 τε
851 2168 1013 2236 νῆσον
1042 2170 1136 2223 καὶ
1157 2168 1250 2221 τὸν
1275 2168 1439 2223 τόπον
1459 2169 1827 2222 ἐπιδεικνυόν-

249 2278 380 2326 των,
409 2259 549 2329 αῦτη
579 2260 739 2315 ὖκνον
760 2258 1074 2329 ἀποθεμένη
1105 2260 1313 2326 πάντα,
1332 2262 1391 2313 ἐν
1419 2260 1628 2331 νηαρίῳ
1649 2259 1679 2299 h
1709 2261 1826 2312 eic-

252 2352 434 2416 ιοῦσα,
468 2351 743 2422 δρομαίως
793 2353 862 2423 τῇ
914 2351 1064 2422 νήσῳ
1108 2352 1439 2424 προσπλέει,
1478 2352 1575 2406 καὶ
1618 2351 1695 2422 τῷ
1728 2351 1824 2405 τοῦ

251 2443 404 2499 ὁσίου
445 2444 751 2514 παρορμᾷί
796 2444 1043 2514 ἰατρείῳ,
1081 2442 1142 2497 τὸ
1172 2442 1342 2506 πάθος
1387 2442 1820 2509 ἐπιδεικνύουσα,

248 2533 341 2588 τδν
369 2533 564 2606 χρόνον
585 2533 1026 2601 ἀπαγγέλλουσα,
1051 2534 1144 2587 καὶ
1169 2534 1423 2605 ὀδυρμοῖς
1447 2534 1542 2587 καὶ
1565 2532 1826 2603 δάκρυσιν

250 2623 649 2696 παρακαλοῦσα
679 2622 774 2678 τοῦ
816 2623 1049 2694 ἰαθῆναι.
1099 2624 1261 2677 nm
1290 2624 1496 2696 ταύτην
1530 2625 1827 2694 εὐξάμενος

248 2718 278 2768 ὸ
306 2716 504 2786 Πατὴρ
547 2714 919 2785 ἐθεράπευσεν
946 2718 1013 2786 τῇ
1056 2718 1116 2770 ἐν
1160 2716 1385 2787 Χριστῷ
1432 2717 1688 2788 σφραγῖδι
1731 2715 1829 2769 καὶ

250 2810 316 2879 τῇ
351 2807 726 2877 προσκυνήσει
753 2806 854 2876 τῆς
886 2806 1053 2859 αὑτοῦ
1080 2806 1309 2870 εἰκόνος.
1345 2806 1559 2877 Στερρὰ
1585 2807 1642 2859 δέ
1672 2821 1830 2874 γενο-

252 2900 392 2971 μὲνη
421 2896 503 2968 τῷ
540 2895 774 2967 σώματι,
809 2900 876 2968 τῇ
905 2896 1064 2969 τρίτη
1096 2899 1283 2968 ἡμέρᾳ
1307 2897 1525 2954 τελείαν
1551 2898 1588 2967 ἡ
1614 2897 1827 2967 ἅνθρω-

249 3007 351 3053 πος
401 2989 502 3043 καὶ
558 2987 853 3042 σθένουσαν
903 2988 1073 3051 ὅντως
1122 2988 1221 3057 τὴν
1267 2986 1430 3056 φύσιν
1481 2985 1581 3056 τὴν
1630 2984 1831 3056 ἐαυτῆς

248 3079 649 3152 ἀνεγνώρισεν,
697 3077 1011 3149 μηδαμόθεν
1040 3077 1406 3149 μεριζομένην
1435 3077 1471 3148 ἢ
1501 3078 1829 3148 ἐκκενουμέ-

248 3191 349 3244 νην
380 3173 463 3242 τῷ
490 3172 860 3242 άσθενήματι.
898 3174 910 3185 ⁸

335 3265 481 3319 Ἀλλ’
502 3265 564 3328 ἐξ
600 3265 803 3332 ἐτέρων
834 3264 920 3332 ἐφ’
946 3263 1110 3334 ἕτερά
1144 3281 1213 3334 με
1248 3262 1561 3332 ἀπαγαγὼν
1593 3265 1621 3317 ὁ
1649 3264 1828 3332 λόγος,

253 3357 378 3413 σξιδέ
406 3357 735 3427 βουλόμενον
764 3356 833 3426 ἐᾷ
862 3359 1100 3427 σιωπᾷν.
1132 3357 1240 3409 Καὶ
1270 3358 1381 3430 γὰρ
1401 3357 1496 3410 καὶ
1527 3356 1835 3428 προωμολό-

251 3448 548 3520 γησα-την
590 3447 927 3516 πτωχόνοιαν
968 3447 1044 3518 μὴ
1070 3449 1336 3518 ἐπαρκεῖν
1388 3448 1525 3518 πρὸς
1568 3447 1629 3500 τὸ
1659 3448 1834 3516 πέρας

249 3540 365 3596 τῶν
414 3541 755 3612 ἐξηγήσεων.
804 3539 998 3602 Πόσσις
1040 3539 1150 3610 γὰρ
1193 3540 1541 3611 ὁδοιποροῦσι
1588 3540 1655 3609 τῇ
1697 3539 1830 3609 εὐχῇ

254 3630 483 3700 γέγονεν
517 3628 818 3699 συνοδίτης,
851 3629 945 3682 καὶ
972 3631 1084 3691 τοῖς
1114 3631 1172 3682 ἐν
1203 3628 1338 3700 ζάλῃ
1381 3629 1604 3682 πλέουσι
1632 3628 1833 3700 κυϐερ-

252 3725 447 3794 νήτης,
497 3721 735 3794 μάλιστα
774 3720 831 3774 δὲ
876 3722 935 3774 ἐν
985 3718 1167 3791 καιρῷ
1220 3720 1458 3790 σφοδρᾶς
1487 3721 1832 3788 καταιγίδος;

256 3813 430 3867 Ὅταν
459 3813 571 3887 γάρ
591 3812 781 3883 άγριον
805 3813 952 3883 ἐώρα
968 3810 1059 3865 τδν
1072 3813 1170 3880 τῆς
1186 3809 1463 3881 θαλάσσης
1488 3808 1647 3864 σάλον
1671 3827 1836 3881 κορυ-

239 3901 555 3979 ’φούμενοη
584 3906 680 3958 καὶ
707 3905 800 3957 τὸν
817 3904 1025 3973 ταύτης
1050 3903 1225 3975 ῥοῖζον
1251 3903 1351 3966 τάς
1374 3903 1545 3965 ἀκοὰς
1574 3901 1832 3956 νικῶνταο

251 4000 379 4053 τότε
423 4000 558 4061 τοὺς
607 3997 873 4066 ἀδελφοὺς
928 3995 1271 4066 προέτρεπεν
1319 3997 1400 4059 εἰς
1444 3994 1607 4067 εὐχὴν
1641 3995 1835 4067 ἐκτενῆ

254 4091 400 4163 ὑπὲρ
441 4090 558 4144 τῶν
593 4089 868 4142 πλεόντων
915 4088 1009 4142 καὶ
1041 4088 1219 4141 ἐκεῖνο
1259 4087 1485 4157 ψάλλειν
1525 4086 1586 4140 τὸ
1616 4102 1834 4157 προφη-

251 4183 428 4236 τικόν·
472 4184 573 4248 Μὴ
604 4180 674 4233 ἐν
717 4177 1007 4248 ποταμοῖς
1056 4177 1378 4247 ὀργισθῇς,
1412 4179 1610 4247 Κύριε,
1652 4177 1738 4245 μὴ
1767 4177 1839 4230 ἐν

248 4274 550 4343 ποταμοῖς
584 4277 617 4328 ό
650 4272 837 4342 θυμός
858 4286 998 4337 σου,
1041 4270 1077 4339 ἢ
1103 4271 1175 4324 ἐν
1205 4272 1488 4338 θαλάσσῃ
1516 4272 1584 4323 τὸ
1604 4267 1839 4340 ὅρμημά

248 4384 370 4422 σου
392 4384 413 4433 ;
441 4365 558 4419 Καὶ
577 4360 645 4433 ἦν
676 4363 826 4424 ἰδεῖν,
853 4359 1385 4431 καταστορεσθείσης
1409 4359 1508 4428 τῆς
1537 4359 1833 4431 θαλάσσης,

246 4459 596 4532 ἐρχομένους
624 4454 778 4518 τινὰς
801 4453 895 4508 καὶ
927 4450 1293 4521 ἀπαγγέλλειν
1322 4450 1422 4522 τὴν
1444 4450 1533 4504 διὰ
1561 4449 1656 4503 τοῦ
1688 4451 1834 4505 ὁσίου
1866 4493 1911 4548 D

245 4553 439 4607 αὐτῶν
477 4551 806 4622 περίσωσιν.
841 4547 954 4602 Καὶ
986 4547 1070 4603 ὅτι
1094 4586 1110 4611 ,
1152 4547 1350 4615 φησὶν,
1419 4546 1478 4598 ἐν
1523 4542 1700 4616 καιρῷ
1734 4544 1835 4614 τῆς

247 4645 518 4715 ἀνάγκης
561 4638 823 4714 ὼράθηςί
864 4638 1157 4709 συμπλέων
1211 4639 1383 4708 ἡμῖν,
1436 4637 1531 4690 καὶ
1565 4638 1667 4707 τὴν
1708 4636 1842 4691 ναῦν

251 4733 460 4787 ἰθύνων
490 4734 543 4797 ιι,
576 4731 868 4802 πρυμνίως
912 4746 972 4782 τε
1018 4728 1305 4798 ἱστάμενος
1340 4727 1436 4779 καὶ
1464 4724 1843 4796 πηδαλιουχῶν

245 4825 665 4897 ἁρμοδέστατα.
749 4823 861 4877 Καὶ
926 4820 1098 4884 οὕτως
1155 4820 1397 4882 ἅπαντας
1451 4816 1699 4882 ἐδόξαζον
1746 4817 1840 4871 τὸν

241 4916 407 4970 Θεόν.
446 4926 449 4927 ⁷

330 5008 427 5061 Ἐν
462 5004 683 5066 τούτοις
713 5001 808 5056 οὖν
831 5004 943 5064 τοῖς
970 5001 1352 5072 προτερήμασι
1382 4999 1475 5053 τοῦ
1506 5000 1691 5070 τιμίου
1721 5001 1835 5055 Πα-

235 5096 380 5167 τρός
411 5094 582 5165 ἡμῶν
612 5093 887 5161 Στεφάνου
917 5093 977 5144 ἐν
1002 5095 1067 5161 τῇ
1107 5092 1288 5161 νήσῳ,
1324 5091 1404 5161 τῷ
1443 5091 1540 5161 τῆς
1585 5092 1844 5162 κατοική-

243 5170 391 5250 σεως
418 5184 599 5239 αὐτοῦ
631 5183 875 5254 δευτέρῳ
904 5183 1083 5254 χρόνῳ
1111 5183 1206 5234 καὶ
1227 5180 1463 5253 ἐξορίας,
1491 5185 1525 5251 ὴ
1553 5181 1719 5244 ὅντως
1753 5183 1843 5234 εύ-

244 5277 448 5349 σεϐὴς,
483 5278 585 5330 καὶ
617 5275 898 5343 φιλόπαις,
931 5278 1028 5328 καὶ
1051 5273 1149 5341 τῆς
1190 5271 1568 5343 ’Δδραμιακῆς
1605 5272 1842 5341 μερίδος,

311 5431 366 5464 ⁸⁸
403 5430 561 5485 Psal.
599 5444 734 5494 cm,
763 5430 814 5484 9.
891 5429 935 5461 ⁸³
974 5429 1180 5485 ilabac.
1212 5442 1297 5488 ιιι.
1329 5430 1379 5483 8.

1928 1900 2108 1954 racula
2127 1899 2438 1967 didicisset,
2475 1898 2781 1969 percontari
2812 1897 3014 1967 incepit
3045 1912 3210 1952 orans
3241 1907 3295 1953 et
3327 1899 3488 1953 obse-

1926 2004 2112 2057 crans,
2144 1990 2363 2045 ubinam
2410 1988 2503 2044 Dei
2551 1990 2759 2044 amicus
2787 2001 3025 2055 suusque
3067 1986 3310 2043 medicus
3342 2002 3492 2042 com-

1927 2070 2278 2137 moraretur?
2307 2080 2416 2159 illis
2462 2095 2593 2136 vero
2637 2095 2670 2135 e
2717 2080 2940 2150 regione
2969 2080 3131 2134 sitam
3164 2080 3396 2133 insulam
3436 2090 3492 2134 et

1926 2173 2100 2227 locum
2137 2170 2304 2241 digito
2335 2172 2770 2234 ostendentibus,
2802 2171 2917 2225 haec
2947 2170 3065 2225 sine
3093 2169 3198 2224 ulla
3230 2186 3383 2223 mora
3413 2172 3493 2222 vel

1927 2275 2073 2319 metu
2100 2263 2399 2317 naviculam
2428 2261 2767 2326 conscendit,
2796 2273 2851 2318 et
2887 2263 3137 2318 celeriter
3167 2263 3233 2315 ad
3261 2261 3497 2315 insulam—

1926 2355 2150 2425 appuiit.
2189 2354 2323 2408 Tum
2353 2354 2624 2409 concitato
2656 2355 2822 2425 gradu
2848 2356 2914 2408 ad
2941 2355 3114 2409 sancti
3149 2354 3344 2408 medici
3374 2354 3494 2408 οω-

1927 2448 2104 2501 cinam
2133 2447 2415 2511 advolans,
2443 2446 2688 2501 morbum
2715 2446 2789 2500 illi
2818 2456 2871 2501 et
2906 2456 3116 2515 tempus
3151 2461 3180 2499 a
3212 2461 3318 2515 quo
3351 2445 3499 2498 labo-

1931 2540 2109 2606 rabat,
2145 2539 2462 2603 declaravit,
2491 2553 2723 2608 eumque
2754 2554 2875 2592 cum
2919 2537 3207 2605 gemitibus
3233 2547 3285 2591 ct
3317 2541 3495 2608 lat-ry-

1929 2632 2031 2687 tnis
2067 2632 2292 2701 rogavit,
2336 2638 2394 2684 ut
2440 2630 2541 2685 sibi
2581 2632 2917 2686 sanationem
2967 2630 3290 2699 impertiret.
3327 2629 3497 2698 igitur

1928 2732 2148 2779 Sanctus
2187 2722 2369 2786 Pater,
2426 2721 2558 2777 fusis
2599 2724 2872 2791 precibus,
2912 2720 3058 2775 illam
3084 2720 3283 2775 Christi
3322 2720 3498 2790 sigillo

1929 2811 2154 2880 ejusque
2185 2810 2436 2878 imaginis
2462 2810 2777 2864 adoratioue
2806 2825 2994 2864 sanam
3029 2809 3279 2864 reddidit.
3314 2806 3496 2863 Firma

1932 2912 2112 2955 autem
2143 2898 2308 2973 493
2349 2901 2491 2955 facta
2532 2915 2759 2970 corpore
2795 2901 3007 2963 mulier,
3046 2901 3206 2954 tertia
3241 2899 3331 2954 die
3369 2915 3496 2968 pcr-

1933 2992 2130 3047 fectam
2154 3003 2209 3046 et
2234 3009 2360 3046 vere
2383 2992 2613 3047 validam
2635 3007 2788 3045 suam
2814 2993 3171 3047 substantiam
3197 3004 3318 3045 esse
3339 3005 3501 3058 agno-

1933 3085 2032 3146 vit,
2068 3097 2244 3151 neque
2281 3084 2473 3137 morbo
2512 3081 2621 3136 ulla
2649 3088 2727 3137 ex'
2752 3091 2905 3152 parte
2951 3082 3195 3152 separari
3225 3090 3281 3135 et
3307 3081 3496 3136 exina-

1933 3175 2056 3229 uiri.

2002 3265 2229 3329 Verum,
2280 3264 2460 3319 oratio
2500 3279 2586 3319 me
2631 3279 2696 3319 ex
2730 3264 2850 3319 aliis
2897 3265 2962 3319 ad
3004 3264 3109 3320 alia
3157 3266 3492 3330 conducens,

1935 3372 2113 3426 neque
2142 3356 2409 3409 volentem
2459 3354 2622 3409 silere
2655 3355 2918 3424 permittit
2952 3372 2968 3411 :
3007 3356 3218 3411 tametsi
3262 3356 3366 3410 mei
3418 3357 3521 3410 iu-.

1933 3449 2077 3519 genii
2135 3456 2511 3516 paupertatem
2564 3448 2630 3500 ad
2682 3446 2862 3500 omnia
2918 3448 3220 3502 enarranda
3278 3449 3502 3503 minime

1933 3538 2182 3594 suilloere
2222 3536 2335 3606 jam
2388 3551 2549 3604 supra
2589 3536 2874 3591 confessus
2916 3534 3136 3591 fuerim.
3168 3537 3310 3604 Quot
3356 3539 3499 3592 enim

1935 3633 2202 3686 viatorum
2250 3644 2309 3685 se
2348 3629 2554 3682 socium
2605 3629 2851 3682 oratione
2893 3630 3161 3697 praebuit?
3210 3630 3353 3696 Quot
3407 3647 3505 3701 per

1937 3737 2084 3777 mare
2115 3723 2484 3788 navigantium
2515 3718 2846 3773 vehementis
2875 3719 3173 3787 praesertim
3203 3729 3501 3788 tempesta-

1938 3817 2006 3869 tis
2053 3825 2291 3883 tempore
2322 3812 2655 3882 gubernator
2680 3809 2906 3865 eﬂ'ectus
2934 3809 3054 3867 est?
3085 3810 3217 3877 Cum
3249 3813 3393 3866 enim
3426 3810 3506 3867 fec

1934 3920 2094 3960 roces
2126 3904 2289 3957 maris
2315 3901 2511 3956 ﬂuctus
2552 3902 2949 3966 intumescere,
2982 3914 3281 3968 eorumque
3314 3900 3501 3955 fremi-

1939 4007 2052 4050 tum
2093 3996 2161 4050 ad
2212 4009 2374 4049 aures
2420 4008 2593 4061 usque
2627 3992 2934 4062 pertingere
2971 3992 3326 4057 advertebat;
3376 4002 3503 4046 tunc

1939 4088 2134 4143 fratres
2178 4086 2518 4149 hortabatur,
2557 4094 2616 4136 ut
2646 4082 2910 4153 prolixam
2945 4084 3247 4137 orationem
3279 4098 3376 4152 pro
3407 4100 3503 4136 na-

1937 4179 2247 4249 vigantibus
2293 4185 2645 4246 peragerent,
2692 4174 2931 4243 illudque
2982 4175 3257 4243 pr0phela:
3310 4175 3507 4242 psalle-

1938 4282 2058 4326 rent
2097 4288 2111 4324 :
2164 4268 2417 4340 Nunquid
2471 4269 2525 4322 in
2566 4267 2871 4335 [luminibus
2927 4268 3100 4320 iratus
3134 4283 3210 4331 es,
3262 4265 3504 4332 Domine,
3538 4252 3559 4261 ”

1939 4371 2030 4416 aut
2062 4362 2116 4414 in
2146 4359 2457 4430 ﬂuminibus
2490 4357 2642 4428 furor
2673 4366 2816 4421 tuus,
2849 4356 2925 4410 rei
2951 4357 3004 4410 in
3045 4358 3182 4410 mari
3212 4357 3509 4427 indignatio

1940 4451 2136 4508 tua“?
2183 4452 2325 4506 Hinc
2376 4451 2583 4520 placato
2622 4448 2799 4515 mari,
2841 4448 3022 4503 videre
3067 4459 3183 4503 erat
3224 4451 3510 4505 nonnullos

1941 4547 2032 4615 qui
2080 4553 2326 4599 sanctum
2366 4543 2665 4605 adeuntes,
2713 4554 2773 4594 se
2823 4539 2937 4607 ejus
2984 4540 3512 4610 precibus'salutenr

1947 4646 2276 4691 consecutos
2312 4650 2433 4688 esse
2478 4634 2815 4686 nuntiabant.
2868 4631 3216 4688 Necessitatis
3246 4645 3510 4703 tempore,

1947 4729 2288 4796 inquiebant,
2333 4741 2437 4780 una
2485 4725 2762 4779 nobiscum
2813 4726 3092 4795 navigare,
3141 4741 3328 4780 navem
3379 4726 3509 4778 diri-

1941 4835 2091 4891 gere,
2144 4821 2195 4873 in
2230 4820 2386 4889 puppi
2451 4830 2596 4872 stare
2633 4818 2778 4871 visus
2818 4834 2900 4872 es.
2940 4817 3029 4872 Sic
3085 4817 3359 4884 universi,
3416 4817 3511 4872 Dei
3612 4836 3619 4841 ·

1943 4912 2135 4966 laudes
2163 4910 2546 4980 praedicabant.

2019 5004 2152 5057 Dum
2184 5003 2295 5056 huic
2325 5000 2582 5070 praeclara
2606 5008 2753 5068 gesta
2776 4998 3112 5053 venerandus
3139 4982 3297 5051 Pater
3325 5007 3510 5052 noster

1946 5090 2258 5159 Stephanus
2301 5089 2352 5143 in
2381 5088 2553 5143 insula
2588 5091 2800 5152 edebat,
2837 5102 2978 5142 anno
3008 5087 3244 5142 secundo
3268 5085 3511 5153 ejusdem

1952 5180 2305 5235 habitationis
2346 5177 2512 5252 494
2561 5193 2612 5232 et
2648 5181 2859 5242 exsilii,
2914 5195 3037 5232 vere
3085 5179 3202 5245 pia,
3240 5178 3512 5246 prolisque

1947 5287 2141 5326 amans
2172 5282 2224 5325 et
2256 5286 2323 5325 ex
2354 5275 2632 5326 Abrama‘a
2666 5282 2838 5339 parte,
2885 5285 3018 5324 nova
3049 5266 3207 5334 Sara,
3246 5283 3342 5322 nec
3372 5269 3509 5331 tnui-

1558 5562 1794 5620 VARIE
1832 5558 2231 5617 LECTlOKEb‘.

322 5727 349 5765 ε
380 5726 457 5779 al.
490 5721 907 5794 53“;._'~:iv:c93t.
988 5722 1015 5762 ιι
1050 5710 1118 5775 al.
1153 5720 1415 5789 πλοιαρίῳ
1520 5720 1537 5757 ⁸
1572 5719 1641 5773 al.
1674 5717 1826 5791 καθοι

1936 5757 1949 5770 .
2028 5715 2041 5765 i
2078 5716 2147 5769 al.
2181 5713 2391 5786 ὡράίη.
2470 5710 2493 5749 ι
2530 5712 2601 5768 a'.
2633 5713 2890 5771 εὐθύνων.
