3940 6170
275 305 412 372 1157
460 274 471 285 ’
576 293 639 307 ““

1362 305 1537 366 VlTA
1576 305 1637 365 S.
1670 305 2047 366 STEPHANI
2087 306 2468 367 JUNIORlS.

3401 309 3534 376 1158

271 423 715 495 ἀποκρινομένου
734 421 920 505 ,ἀλλὰ
942 420 1156 493 χαμᾶζε
1188 419 1509 491 κεκυφότος,
1540 423 1568 475 6
1597 420 1867 492 τύραννος

1969 421 2138 483 cunde
2195 421 2459 486 intuitus,
2513 421 2841 491 sanguineos
2893 422 3077 479 oculos
3131 432 3530 493 contorquens.

275 516 414 587 πρὸς
435 515 598 569 αὑτὸν
618 514 852 586 ὀργίλως
881 513 1101 578 ἐπιδὼν,
1128 514 1386 584 ὲναίμους
1415 530 1476 566 τε
1507 515 1632 577 τοὺς
1657 512 1859 581 ὀφθαλι

277 609 417 679 μοῦς
451 608 796 677 συνταράξας
821 647 837 671 ,
866 605 964 660 καὶ
1002 605 1262 677 αἰθερίως
1294 605 1394 677 τὴν
1436 609 1598 677 χεῖρα
1631 622 1862 675 περιγυο

279 699 443 770 ρίσας
468 704 515 762 ο,
537 695 921 767 δρακοντιαϊόν
951 713 1012 748 τε
1039 694 1250 765 συριεὶς
1286 696 1435 765 μέγα
1477 691 1632 749 εἶπεν
1650 710 1663 724 ·
1704 694 1860 762 Ἐμοὶ

273 771 379 841 οῦκ
417 787 716 858 ἀποκρίνῃ,
756 787 1080 857 μιαρωτάτη
1111 786 1353 858 κεφαλῇ
1396 787 1455 840 '0
1480 785 1537 840 δὲ
1569 786 1724 855 ἆγιος
1753 784 1858 856 ἔφη

279 879 418 949 πρὸς
443 879 628 931 αὐτόν·
667 877 924 940 Βασιλεῦ,
955 877 1004 930 εἰ
1032 877 1420 940 καταδικάζειν
1454 877 1648 943 θέλεις,
1681 877 1856 948 τιμώο

264 972 434 1043 ρησαί
452 985 541 1041 με·
559 969 607 1021 εἰ
632 968 689 1021 δὲ
722 970 1009 1040 ἐπερωτᾷν
1028 1008 1044 1034 ,
1079 970 1407 1039 μετρησάτω
1446 987 1540 1022 σου
1571 970 1661 1023 τὸν
1689 969 1860 1041 θυμὸν

278 1060 313 1130 ή
346 1059 615 1130 πραότης.
646 1058 834 1122 Οὕτως
864 1059 975 1130 γὰρ
995 1058 1239 1124 δικάζειν
1268 1060 1394 1124 τοὺς
1418 1061 1611 1131 κριτὰς
1632 1061 1684 1114 οἰ
1707 1061 1860 1130 νόμοι

278 1150 620 1203 κελεύουσιν.
650 1150 707 1203 '0
735 1150 793 1203 δὲ
823 1149 1103 1220 βασιλεὺς,
1137 1150 1297 1217 Εἰπὲ,
1324 1153 1507 1223 φησὶν,
1539 1152 1682 1206 τίσιν
1711 1154 1861 1224 ὅροις

278 1243 376 1294 καὶ
417 1243 715 1311 πατρικαῖς
747 1241 987 1304 ἐντολαῖς
1018 1241 1097 1313 μὴ
1142 1241 1547 1312 ὑποκύψαντες,
1580 1245 1861 1316 αἰρετικῆς

280 1332 609 1404 ὑπολήψεως
644 1332 937 1403 ὑπόκρισιν
981 1332 1126 1403 ἔχειν
1160 1335 1312 1407 παρὰ
1341 1336 1425 1389 σοι
1454 1335 1859 1407 νενομίσμεθα;

294 1424 353 1477 '0
374 1426 525 1492 ἅγιος
544 1419 719 1478 εἶπεν·
746 1424 856 1495 Τὴν
876 1426 939 1477 ὲκ
962 1424 1242 1495 πρόπαλαι
1259 1426 1586 1498 περιοδικῶς
1603 1428 1711 1481 ὑπὸ
1726 1428 1861 1482 πάν-

278 1533 391 1568 των
428 1516 683 1586 Πατέρων
713 1515 999 1586 δεχθείσαν
1029 1518 1126 1571 καὶ
1160 1518 1631 1590 προσκυνηθείσαν
1662 1520 1862 1573 εἰκονι-

280 1608 388 1677 κὴν
426 1607 868 1677 στηλογραφίαν,
903 1608 971 1679 ἢν
1002 1608 1222 1679 ἀνόμως
1267 1610 1380 1664 τῶν
1426 1611 1735 1680 ἐκκλησιῶν
1772 1610 1863 1675 ἐξ·

281 1698 619 1767 εποιήσασθε
640 1739 655 1763 ,
683 1699 891 1768 ταύτην
923 1699 1300 1768 ἐξορύξαντες.
1334 1703 1444 1755 Καὶ
1488 1703 1516 1755 6
1567 1684 1820 1771 βασιλεύς
1843 1718 1860 1736 ο

280 1788 377 1860 Μὴ
420 1789 544 1858 λέγε
581 1790 784 1856 ταύτας
809 1829 826 1856 ,
883 1792 1077 1846 ἀνοσία
1124 1793 1376 1864 κεφαλὴ,
1429 1794 1856 1865 στηλογραφίαςρ
1893 1772 1935 1828 Β

280 1881 401 1935 ἀλλ’
435 1880 884 1953 εἰδωλογραφίας.
915 1884 1028 1937 Καὶ
1065 1887 1217 1938 ποῖον
1240 1886 1348 1956 γὰρ
1376 1885 1584 1941 δίκαιον
1617 1886 1864 1941 εἰδωλεῑα

282 1972 427 2041 μετὰ
456 1971 661 2040 ἁγίωνς
702 1974 778 2027 Ἦ
809 1974 1093 2028 κοινωνία
1125 1976 1219 2042 τις
1248 1976 1396 2043 ερωεί
1425 1976 1576 2043 πρὸς
1595 1978 1862 2043 σκότος;

280 2064 428 2134 Πρὸς
448 2063 508 2117 ὃν
536 2066 565 2116 ὁ
591 2063 766 2132 ἅγιος·
797 2064 1054 2131 Βασιλεῦ,
1082 2066 1208 2137 οὐχὶ
1236 2069 1302 2136 τῇ
1332 2064 1437 2139 ὕλῃ
1462 2067 1512 2123 οἰ
1543 2068 1866 2137 Χριστιανοὶ

279 2156 573 2226 λατρεύειν
602 2159 664 2210 ὲν
694 2158 868 2211 εἰκόσι
897 2158 1029 2211 ποτὲ
1069 2158 1387 2213 ὲθέσπισανο
1422 2158 1560 2212 ἀλλὰ
1598 2160 1698 2229 τὴν
1732 2159 1866 2231 κλῆ-

284 2264 370 2301 σιν
397 2236 500 2316 τῆς
532 2247 660 2312 θέας
699 2248 1150 2320 προσκυνοῦμεν,
1187 2250 1391 2320 νοερῶς
1433 2253 1514 2314 εἰς
1554 2250 1652 2314 τὰς
1681 2253 1864 2315 αἰτίας

278 2339 394 2391 τῶν
420 2338 794 2408 πρωτοτύπων
819 2340 1170 2409 ἀναγόμενοι.
1203 2342 1314 2393 Καὶ
1334 2341 1443 2413 γὰρ
1470 2342 1560 2395 διὰ
1581 2343 1742 2412 τῆσδε
1762 2342 1864 2413 τῆς

258 2416 537 2499 ’ὁράσεως
578 2430 640 2483 τὸ
687 2430 1018 2502 ἡγεμονικὸν
1064 2431 1441 2502 διηπλωμένον
1480 2435 1590 2497 τοῖς
1629 2432 1864 2503 δόγμασι

283 2524 380 2575 καὶ
422 2520 503 2592 τῷ
538 2522 727 2593 σκοπῷ
759 2523 862 2592 τῆς
888 2523 1209 2591 εὐσεϐείας,
1245 2525 1382 2595 πρὸς
1424 2525 1766 2601 τάςρύψηλὰς
1805 2543 1865 2580 τε

284 2612 385 2669 καὶ
412 2613 932 2685 μετεωροπορούσας
973 2614 1083 2669 τῶν
1128 2616 1377 2687 οὐρανῶν
1405 2619 1646 2688 σκηνὰς,
1680 2621 1760 2682 εἰς
1796 2619 1869 2671 τὸ

284 2703 651 2775 δύνασθαιτῷ
680 2704 903 2775 μεγέθει
933 2705 1044 2758 τῶν
1065 2688 1323 2759 τοιούτων
1347 2708 1651 2762 ὲννοσεύειν
1674 2719 1701 2758 P
1726 2709 1870 2779 ἐφιέ-

290 2795 657 2869 μεθαοῐκαλιὰ
689 2797 797 2869 γάρ
838 2814 922 2860 τις
962 2797 1127 2850 οἰονεί
1160 2799 1310 2853 ἐστιν
1341 2798 1520 2869 ψυχῆς
1561 2801 1596 2871 ὴ
1644 2801 1776 2872 περὶ
1805 2800 1868 2855 τὸ

289 2885 626 2957 ζητούμενον
652 2888 1071 2956 συγκατάθεσις,
1098 2888 1454 2960 τὴννᾶστατον
1474 2891 1569 2944 τοῦ
1591 2891 1682 2947 νοῦ
1708 2893 1869 2946 πολυ-

291 2978 727 3049 πραγμοσύνην,
785 2978 1040 3049 καθάπερ
1087 2979 1212 3033 τινὰ
1261 2980 1580 3052 πολυπλανῆ
1614 2983 1867 3053 πτῆσινίι

289 3071 375 3139 ἐφ’
401 3071 600 3141 ἑαυτῆς
624 3071 998 3125 ἀναπαύουσα.
1028 3071 1135 3125 Καὶ
1162 3074 1190 3126 6
1217 3071 1494 3142 βασιλεύς
1524 3071 1672 3144 *Αρά
1691 3092 1755 3143 γε
1785 3075 1866 3127 δί-

289 3162 451 3218 καιόν
479 3164 625 3215 ἐστιν
653 3162 721 3216 τὰ
755 3162 905 3218 παρὰ
936 3164 1239 3218 ἀνθρώπων
1274 3164 1620 3218 κηουνθέντα
1663 3166 1867 3218 ἄπειρα

1972 3071 2169 3125 inquit,
2202 3073 2414 3127 a-quum
2456 3071 2537 3111 est
2568 3071 2805 3112 munitas
2847 3076 2933 3114 res
2967 3071 3034 3113 ab
3061 3071 3368 3118 tioiuinibus
3398 3071 3539 3119 cele-

1972 3150 2201 3214 bratas,
2252 3149 2615 3218 contemplatu
2676 3150 2956 3218 dilliciles,
3003 3168 3102 3207 nec
3145 3164 3308 3208 etiam
3360 3166 3539 3212 mente

289 3162 451 3218 καιόν
479 3164 625 3215 ἐστιν
653 3162 721 3216 τὰ
755 3162 905 3233 παρὰ
936 3164 1239 3235 ἀνθρώπων
1274 3164 1620 3236 κηρυχθέντα
1663 3166 1867 3236 ἄπειρα

289 3255 392 3307 καί
426 3252 813 3322 δυσθεώρητα,
856 3252 951 3305 καὶ
988 3255 1125 3323 μήτε
1169 3253 1244 3323 νῷ
1289 3254 1490 3318 λεπτὰ,
1534 3253 1868 3322 αἰσθητικῶς

290 3341 569 3396 ἑκτυποῦν
609 3341 702 3394 καὶ
745 3341 833 3395 διὰ
871 3339 1002 3411 ῦλης
1034 3346 1395 3412 προσκυνεῖν,
1442 3343 1516 3414 μὴ
1543 3343 1695 3405 ὄντος
1723 3343 1869 3407 τινὸς

290 3431 407 3484 τῶν
433 3430 691 3484 τοιούτων
721 3431 778 3482 ὲν
816 3429 1038 3498 γνώσει,
1071 3430 1104 3500 ἢ
1135 3431 1230 3483 καὶ
1264 3432 1434 3500 μόνης
1459 3431 1561 3500 τῆς
1589 3429 1867 3501 ἀπειρίας,

293 3524 374 3585 ὥς
409 3540 574 3594 φησιν
601 3525 628 3576 6
660 3521 919 3590 Θεολόγος
950 3521 1285 3593 Γρηγόριος;
1322 3517 1455 3573 Εἶτα
1484 3524 1511 3574 6
1540 3521 1696 3590 ἅγιος
1717 3538 1732 3552 ο
1761 3522 1871 3576 Καὶ

296 3616 451 3678 ποῖος
484 3612 593 3684 ἆρά
620 3631 680 3683 γε
725 3614 989 3684 λογισμοῦ
1043 3614 1233 3685 κύριος
1265 3611 1362 3677 ῶν,
1394 3613 1464 3666 τὰ
1496 3613 1553 3665 ὲν
1581 3616 1645 3683 τῇ
1677 3613 1875 3682 ἐκκλη-

300 3707 401 3774 σίᾳ
432 3704 773 3777 προσκυνῶν,
803 3706 910 3757 εἴτε
940 3703 1123 3768 λίθον,
1155 3702 1264 3755 εἴτε
1296 3701 1529 3772 χρυσὸν,
1571 3703 1680 3755 εἴτε
1705 3704 1875 3771 ἄργυ-

303 3816 422 3870 ρον,
446 3796 926 3866 κτισματολατρεῖ,
951 3794 1088 3847 διότι
1117 3796 1184 3865 τῇ
1210 3793 1404 3864 κλήσει
1438 3793 1874 3863 μετεποιήθησαν

299 3892 383 3952 εἰς
417 3890 582 3955 ἆγια;
632 3886 817 3956 Ὑμεῖς
842 3886 899 3939 δὲ
928 3886 1204 3955 ἀναμέσον
1230 3885 1388 3953 ἁγίου
1418 3885 1511 3939 κα)⁵
1535 3884 1762 3956 βεϐήλου
1800 3884 1874 3957 μὴ

299 3976 728 4041 διαστείλαντες,
761 3976 863 4029 οὐκ
894 3974 1149 4046 ὲφρίξατε
1179 3976 1351 4028 εἰπεῖν
1381 3975 1480 4045 τὴν
1513 3976 1606 4029 τοῦ
1638 3976 1873 4047 Χριστοῦ

301 4068 491 4120 εἰκόνα
522 4069 580 4121 ἐν
607 4067 868 4140 παροινίᾳ
898 4066 1135 4130 εἴδωλον,
1169 4065 1242 4129 ὡς
1288 4062 1614 4131 Ἀπόλλωνα,
1650 4068 1742 4120 καὶ
1779 4069 1879 4137 τῆς

1962 528 2180 568 niauum
2216 528 2308 584 per
2342 515 3002 584 aerem'circumagitans,
3031 527 3086 570 et
3124 516 3374 583 immani,
3399 519 3529 571 dra-

1961 602 2113 658 conis
2147 602 2355 669 instar,
2386 601 2590 657 emisso
2646 603 2807 657 sibilo
2868 605 3049 658 dixit:
3101 605 3225 659 Mihi
3287 620 3392 660 non
3443 621 3531 660 re-

1960 691 2217 759 spondes,
2250 691 2677 759 impurissimum
2713 692 2915 761 caput?
2947 693 3046 747 Cui
3090 705 3334 763 sanctus,
3354 694 3532 766 Impe-

1959 794 2130 846 rator,
2169 782 2374 851 inquit,
2407 783 2452 837 si
2490 798 2590 837 me.
2617 784 2979 839 condemnare
3014 786 3066 839 in
3104 788 3290 843 animo
3324 788 3493 844 babes
3516 828 3531 851 ,

1962 884 2048 924 me
2077 870 2347 938 supplicio
2373 870 2545 926 aliice.
2581 869 2637 925 Si
2666 887 2793 926 vero
2817 889 2904 928 me
2931 875 3269 944 interrogare
3302 874 3393 953 tibi
3418 876 3534 945 pla-

1962 968 2068 1025 cet,
2105 969 2252 1014 tuum
2286 964 2529 1016 animum
2569 972 2834 1033 temperet
2870 968 3242 1029 mansuetudo.
3273 965 3365 1022 Sic
3385 966 3532 1021 enim

1955 1050 2204 1120 judicare
2221 1051 2497 1121 judicibus
2522 1052 2667 1121 leges
2690 1054 3033 1124 praecipiunt.
3058 1055 3190 1109 Tum
3215 1057 3531 1126 imperator,

1964 1141 2083 1208 Dic,
2118 1142 2315 1212 inquit,
2348 1144 2547 1211 quibus
2587 1143 2822 1200 decretis
2865 1145 2950 1200 vel
2988 1145 3206 1200 Patrum
3248 1149 3535 1216 praeceptis

1960 1249 2069 1289 nou
2110 1235 2502 1303 obsequentes,
2540 1237 2778 1290 hazretici
2810 1252 2841 1290 a
2889 1248 2938 1291 te
2982 1238 3403 1294 existimamur?
3432 1237 3532 1295 Cui

1961 1334 2183 1382 sanctus
2215 1327 2497 1390 respondit
2536 1344 2549 1379 :
2583 1327 2720 1391 Quia
2765 1329 3030 1398 imagines
3053 1368 3069 1392 ,
3112 1345 3246 1397 quas
3275 1330 3344 1386 ab
3381 1331 3534 1385 initio

1965 1417 2222 1471 continua
2247 1417 2389 1471 serie
2412 1417 2651 1470 universi
2677 1417 2868 1472 Patres
2886 1423 3307 1489 comprobavere
3327 1428 3382 1475 et
3407 1422 3535 1476 ado-
3564 1408 3581 1461 ί

1963 1523 2180 1572 ravere,
2209 1507 2373 1579 £97
2412 1506 2624 1569 nefarie
2656 1508 2724 1562 ab
2771 1508 3445 1589 ecclesiis-exterminastis
3482 1522 3538 1567 et

1962 1602 2264 1673 excidistis,
2300 1602 2362 1654 Et
2390 1601 2726 1679 imperator:
2761 1598 2860 1663 Ne,
2893 1601 3088 1669 inquit,
3113 1598 3407 1673 profanum
3439 1617 3536 1657 ca-

1963 1702 2079 1760 put,
2104 1692 2374 1761 imagines
2394 1691 2652 1760 appelles,
2681 1693 2773 1746 sed
2807 1691 2972 1747 idola.
3003 1693 3070 1747 Et
3096 1707 3225 1746 vero
3248 1693 3375 1761 quid
3400 1693 3534 1761 juSIi

1964 1793 2049 1839 est
2082 1784 2223 1838 idola
2262 1784 2400 1837 inter
2429 1795 2483 1837 et
2513 1793 2734 1837 sanctos
2758 1783 2780 1837 ?
2808 1785 2912 1837 Aut
2940 1800 3056 1854 qua:
3082 1785 3437 1843 societasluci
3467 1787 3536 1841 ad

1966 1876 2203 1929 tenebras
2223 1873 2309 1926 3’?
2334 1875 2411 1927 Ad
2442 1889 2560 1942 quae
2597 1883 2819 1928 sanctus
2850 1892 2863 1928 :
2893 1874 3223 1945 Imperator,
3259 1893 3533 1947 nunquam

1964 1964 2262 2020 Christiani
2312 1974 2643 2029 statuerunt,
2696 1975 2755 2020 ut
2793 1966 3019 2019 materia
3072 1967 3124 2020 in
3160 1968 3404 2038 imagine
3445 1984 3536 2023 co-

1964 2057 2187 2111 leretur.
2235 2055 2464 2120 Verum,
2524 2072 2720 2113 nomen
2768 2058 2844 2111 rei
2891 2073 2989 2126 per
3038 2057 3328 2127 imaginem
3381 2058 3536 2113 nobis

1963 2149 2219 2201 exhibita:
2251 2149 2564 2212 adoramus,
2595 2149 2661 2201 ad
2693 2147 2838 2215 ipsos
2877 2158 3128 2202 auctores
3159 2158 3211 2202 et
3248 2139 3533 2221 prototypa

1963 2250 2144 2291 mente
2183 2240 2561 2295 ascendentes.
2619 2238 2831 2292 Etenim
2888 2240 3153 2293 rationem
3204 2254 3298 2308 per
3334 2241 3536 2295 hancce

1930 2337 2247 2381 textcrnam
2276 2328 2885 2396 specicmdogmatibus
2913 2339 2965 2382 et
3000 2329 3108 2382 line
3157 2328 3437 2397 religionis
3478 2344 3536 2383 se

1965 2419 2129 2472 veluti
2153 2422 2573 2488 expandentem,
2608 2421 2660 2473 in
2693 2420 2927 2475 excelsis
2945 2429 3000 2474 et
3028 2420 3345 2475 sublimibus
3368 2421 3535 2477 caelo-

1965 2524 2082 2563 rum
2135 2510 2540 2577 tabernaculis,
2592 2518 2856 2579 quantum
2912 2525 3008 2580 per
3058 2512 3315 2566 harumce
3355 2528 3533 2567 rerum

1968 2600 2397 2669 magnitudinem
2434 2600 2589 2664 licet,
2623 2601 2806 2654 nidum
2848 2612 3060 2657 struere
3098 2604 3367 2672 cupimus.
3401 2604 3535 2670 Qui-

1968 2692 2091 2748 dam
2117 2694 2261 2747 enim
2298 2695 2452 2761 quasi
2487 2695 2680 2749 animae
2703 2696 2862 2750 nidus
2886 2705 2988 2762 est,
3016 2696 3256 2766 ejusdem
3278 2700 3425 2754 circa
3457 2700 3533 2765 id,

1969 2786 2112 2854 quod
2143 2785 2354 2851 quarrit,
2389 2783 2678 2848 confessio,
2706 2801 2827 2855 quae
2853 2787 3154 2840 instabilem
3191 2789 3389 2842 mentis
3424 2788 3535 2845 sol—

1969 2878 2329 2937 licitudiuem,
2364 2887 2622 2944 tanquam
2658 2893 2848 2947 vagum
2885 2880 3125 2932 volatum
3158 2880 3212 2933 in
3244 2881 3418 2949 seipsa
3443 2881 3536 2950 ju-

1968 2966 2059 3019 bet
2101 2968 2509 3034 conquiescere.
2545 2966 2754 3021 Rursus
2806 2969 3097 3037 imperator
3130 2989 3144 3024 :
3180 2969 3315 3024 Num
3353 2973 3535 3043 igitur,

1971 3057 2169 3125 inquit,
2202 3073 2414 3127 a-qunni
2456 3067 2537 3111 est
2568 3059 2805 3112 inﬁnitas
2847 3076 2933 3114 res
2967 3062 3034 3113 ab
3061 3058 3368 3118 ho’minibus
3398 3065 3540 3119 cele-

1974 3241 2520 3308 comprebeusibiles,
2572 3243 2731 3295 modo
2773 3243 2863 3311 qui
2906 3244 3006 3297 sub
3045 3260 3240 3299 sensus
3266 3248 3421 3300 cadat
3445 3263 3543 3302 ex-

1972 3336 2208 3405 primere
2235 3345 2287 3389 et
2312 3350 2408 3404 per
2438 3337 2718 3389 materiam
2747 3338 3009 3404 adorare;
3040 3355 3162 3392 cum
3191 3341 3324 3393 nihil
3359 3341 3541 3408 hujus-

1975 3427 2185 3478 cemodi
2217 3440 2393 3478 rerum
2426 3425 2478 3478 in
2512 3427 2871 3495 cognitionem
2904 3428 3104 3494 veniat,
3138 3430 3241 3482 uisi
3275 3431 3388 3484 sola
3422 3431 3544 3484 iuli-

1974 3514 2138 3578 ttitas,
2180 3524 2241 3569 ut
2280 3515 2357 3567 ait
2401 3513 2708 3583 Theologus
2744 3515 3080 3584 Gregorius?
3110 3518 3341 3586 Reponit
3386 3538 3545 3576 sane-

1976 3614 2062 3660 tus
2096 3622 2111 3657 :
2144 3605 2210 3657 Et
2233 3621 2363 3659 vero
2384 3607 2503 3674 quis
2532 3609 2732 3661 mentis
2764 3623 3007 3677 compos,
3035 3627 3095 3663 ea
3124 3610 3291 3682 498
3331 3629 3448 3678 qute
3487 3613 3545 3667 in

1975 3695 2203 3750 ecclesia
2252 3705 2411 3760 sunt,
2444 3698 2709 3760 adorans,
2746 3699 2859 3752 sive
2892 3700 3025 3769 lapis
3062 3703 3154 3766 sit,
3189 3704 3304 3757 sive
3333 3719 3545 3771 aurum,

1975 3790 2092 3844 sive
2122 3800 2428 3858 argentum,
2460 3799 2660 3843 creatae
2694 3792 2766 3844 rei
2794 3791 2998 3845 cultum
3024 3795 3276 3860 exhibet;
3305 3799 3550 3865 quando-

1977 3882 2199 3952 quidem
2237 3882 2291 3936 itt
2346 3897 2434 3936 res
2475 3894 2692 3939 sanctas
2725 3886 3085 3953 appellatione
3136 3897 3339 3942 mutata
3383 3890 3551 3945 sunt?

1985 3974 2090 4028 Vos
2121 3989 2248 4027 vero
2275 3972 2414 4027 inter
2437 3985 2686 4028 sanctum
2714 3984 2761 4030 et
2790 3978 3072 4046 profanum
3101 3995 3205 4032 non
3239 3981 3550 4034 discernen-

1982 4074 2100 4124 lcs.
2140 4080 2249 4133 pne
2282 4066 2578 4133 petulantia
2602 4105 2617 4129 ,
2655 4065 2861 4121 Christi
2902 4078 2961 4121 et
3011 4068 3251 4138 Deiparte
3286 4071 3548 4141 imagines

300 4160 571 4233 θεοτόκου
627 4160 827 4230 ὁμοίως
860 4161 936 4224 ὡς
981 4158 1271 4229 Ἀρτέμιδα
1296 4199 1310 4224 ,
1356 4160 1450 4213 καὶ
1493 4159 1867 4228 καταπατῆσαι

1988 4157 2129 4210 idola
2160 4157 2429 4225 appellare
2458 4169 2514 4211 ut
2538 4158 2834 4227 Apollinem
2858 4170 2911 4213 et
2940 4161 3296 4225 Artemidem,
3323 4162 3549 4231 illasque

302 4252 534 4318 ταύτας,
567 4253 660 4305 καὶ
687 4249 1053 4305 κατακαῦσαι.
1090 4249 1199 4303 Καὶ
1233 4251 1261 4302 ὁ
1293 4247 1577 4318 βασιλεύς·
1613 4250 1867 4319 Πεπηρω-

1985 4247 2314 4305 coneulcare
2342 4258 2395 4303 et
2432 4262 2809 4303 cremare‘nou
2840 4251 3168 4307 borruistis?
3194 4251 3276 4305 Ad
3302 4269 3419 4320 «tua:
3454 4256 3550 4307 im-
3636 4326 3643 4331 ο

303 4344 441 4414 μένε
482 4340 562 4411 τῷ
617 4341 716 4406 νοῒ,
749 4339 845 4394 καὶ
894 4338 1321 4410 ἀμνημονεύτων
1377 4337 1867 4410 ἀμνημονευτότερι

1981 4348 2204 4406 perator
2232 4357 2245 4393 :
2283 4338 2328 4394 0
2360 4349 2540 4394 mente
2573 4342 2846 4396 obcaecate
2882 4351 2937 4395 et
2970 4342 3217 4399 nefandis
3250 4347 3419 4413 magis
3456 4359 3550 4398 ue-

300 4433 649 4497 τάςέἰκόνας
682 4434 1045 4505 πατήσαντες,
1066 4431 1301 4501 Χριστὸν
1327 4432 1759 4501 πεπατήκαμεν;
1787 4432 1867 4502 Μὴ

1991 4426 2153 4483 fantle
2174 4445 2189 4495 ;
2209 4443 2406 4498 ergone
2429 4428 2631 4485 Christi
2665 4431 2927 4501 imagines
2979 4434 3367 4498 conculcando,
3395 4436 3553 4491 Chri-

303 4531 553 4597 γένοιτοε
589 4528 646 4579 '0
684 4525 739 4580 δὲ
774 4523 1138 4597 σημειοφόρος
1187 4522 1459 4591 Στέφανος
1484 4522 1571 4575 ἀεὶ
1610 4524 1667 4574 ἐν
1698 4522 1867 4593 ἐαυτῷ

1985 4530 2128 4576 ειυιιι
2153 4521 2635 4577 οοηουίοιινὶιιιυεί
2660 4525 2835 4579 Absit.
2873 4523 3008 4578 Tum
3066 4528 3291 4594 signifer
3323 4528 3546 4598 Stepha-

300 4620 400 4673 τὸν
432 4617 667 4689 Χριστὸν
692 4617 1027 4689 περιφέρων,
1054 4616 1147 4670 καὶ
1174 4615 1292 4677 ὅλος
1321 4614 1411 4667 ὑπ’
1439 4612 1603 4667 αὑτοῦ
1629 4613 1867 4668 διδασκό-

1985 4627 2108 4677 nus,
2139 4613 2228 4681 qui
2254 4612 2532 4669 Christum
2560 4617 2612 4669 in
2655 4619 2835 4685 seipso
2871 4634 3085 4686 semper
3109 4621 3354 4690 gerebat,
3392 4631 3445 4677 et
3473 4635 3555 4677 tu-

307 4727 495 4781 μενος,
542 4709 644 4777 τὴν
691 4711 850 4778 χεῖρα
899 4706 977 4777 τῷ
1033 4706 1247 4776 στέρνει
1291 4701 1734 4771 ἀντανακλάσας,
1784 4705 1879 4758 καὶ⁵

302 4802 460 4853 ἔνδον
494 4809 515 4837 τ
543 4798 748 4870 ταύτην
790 4797 1042 4859 εἰσδύσας
1087 4796 1179 4850 τοῦ
1219 4794 1363 4867 ἱεροῦ
1410 4795 1782 4860 κουκουλλίου,
1820 4796 1880 4849 τὸ

303 4893 559 4963 νόμισμα
590 4889 917 4959 ἐξενεγκὼν,
946 4889 1292 4942 ἐπεδείκνυεν
1312 4928 1328 4954 ,
1360 4886 1612 4959 καθάπερ
1646 4886 1881 4957 Χριστὸς

272 5008 283 5013 ⁴
304 4988 375 5055 τῇ
411 4985 542 5055 πρὶν
568 4983 676 5035 τῶν
726 4981 999 5035 Ἰουδαίων
1036 4981 1347 5050 συναγωγῇ,
1372 4979 1558 5033 εἰκόνα
1587 4978 1683 5031 καί⁵
1712 4977 1881 5048 ὄνομα

306 5080 478 5146 φέρον
516 5075 609 5128 τοῦ
654 5074 988 5143 ἀλάστορος,
1025 5072 1120 5124 καί
1159 5088 1323 5141 φησιν
1355 5086 1371 5102 ο
1421 5071 1590 5136 Τίνος
1626 5070 1665 5136 ἠ
1704 5069 1882 5123 εἰκὼν

306 5170 486 5234 αὕτη,
510 5164 796 5231 βασιλεῦ,
833 5163 932 5219 καί
966 5166 1004 5233 ἠ
1028 5162 1323 5232 ἐπιγραφή
1345 5169 1367 5198 ⁸
1391 5179 1406 5230 ;
1452 5162 1510 5216 ’0
1537 5162 1593 5215 δὲ
1622 5162 1882 5233 τύραννος

306 5259 613 5331 θαμϐηθεὶς
666 5256 772 5327 ἔφη
798 5274 812 5289 ν
842 5254 962 5310 Τῶν
1007 5254 1420 5326 βασιλευόντων.
1472 5253 1583 5306 Καὶ
1629 5256 1655 5306 6
1685 5252 1838 5322 ἅγιος
1865 5269 1878 5283 ο

379 5439 427 5470 ⁸¹
459 5438 496 5490 li
538 5437 665 5490 Cor.
708 5450 782 5500 vi,
818 5433 903 5489 M.

1988 4714 2075 4758 tus
2099 4705 2167 4759 ab
2195 4720 2259 4760 eo
2285 4707 2582 4761 docebatur
2605 4745 2621 4771 ,
2651 4726 2809 4763 manu
2842 4712 2907 4762 ad
2940 4723 3128 4776 pectus
3158 4725 3390 4769 retracta
3423 4726 3473 4770 et
3501 4717 3554 4772 in

1987 4810 2200 4850 sacram
2252 4798 2515 4850 cucullam
2565 4799 2829 4864 immissa,
2879 4816 3154 4855 numnqu
3202 4805 3413 4869 extulit,
3464 4809 3555 4875 qui

1991 4887 2219 4955 improbi
2277 4886 2629 4956 imperatoris
2685 4891 2909 4957 cﬂigicm
2960 4904 3011 4945 ct
3069 4909 3263 4947 nomen
3318 4894 3557 4959 ferebat,

1989 4994 2221 5048 eumque
2248 4979 2346 5044 illi,
2376 4986 2433 5034 ut
2465 4981 2593 5034 olim
2619 4979 2869 5036 Christus
2898 4982 3200 5037 Juda-orum
3234 4984 3554 5055 Syttagogm,

1992 5073 2228 5127 ostendit
2260 5073 2446 5127 dicens
2474 5092 2489 5128 :
2523 5072 2688 5142 Cujus
2716 5087 2812 5140 est,
2838 5091 2869 5129 ο
2895 5078 3207 5146 imperator,
3244 5078 3415 5146 imago
3446 5079 3556 5131 lucc

1984 5170 2032 5214 et
2061 5163 2434 5229 ειιρδγειϊίριίο
2463 5163 2928 5232 ?0bstupelactus
2957 5173 3221 5233 tyrannus
3241 5165 3553 5233 respondit:

1989 5251 2404 5321 lmpet‘alurum.
2437 5256 2504 5310 Et
2539 5266 2763 5311 sanctus
2792 5274 2806 5309 :
2839 5254 2975 5308 Num
3010 5258 3054 5310 si
3092 5256 3220 5310 illud
3249 5257 3395 5311 humi
3434 5272 3559 5328 pro-

1606 5562 1838 5618 VARl/f.
1872 5560 2266 5617 LECTIONES.

381 5714 408 5739 ⁸
434 5703 799 5775 ύτξογυρίσας.
871 5712 899 5752 P
930 5703 1001 5758 al.
1032 5700 1379 5771 ἐννοσιεύειν.
1455 5708 1481 5747 ιι
1506 5700 1574 5752 al.
1614 5699 1812 5752 :z’cztv.

1962 5701 2031 5753 ..l.
2068 5702 2193 5753 ἔσω.

2277 5711 2295 5737 ³
2333 5703 2396 5755 ἰιι.
2477 5702 2753 5772 πο“ι”ξαφήο
