3894 6164
406 294 544 360 1159
1565 289 1944 349 sumam

2091 290 2262 349 \CON
2272 291 2295 348 1
2337 291 2446 349 ΟΡ.
3526 287 3667 354 1160

401 411 585 482 jiciam
610 420 665 465 et
686 419 880 481 sponte
918 392 1273 475 conculcabo,
1304 422 1492 477 poenas
1521 406 1697 460 luam?
1724 405 1981 469 Omnino,

2091 402 2234 478 'Apc't
2261 423 2325 475 γε
2365 409 2414 460 εί
2438 406 2596 461 τοῦτο
2622 405 2936 477 προσρίψας
2963 407 2980 442 ί
3009 404 3102 458 ἐπὶ
3128 409 3228 474 τῆς
3255 405 3358 473 γῆς
3403 407 3669 471 ἑκουσίως

407 504 657 573 inquiunt
700 503 777 568 hi,
806 502 898 571 qui
942 504 1233 556 astabant:
1278 498 1714 568 quandoquidem
1755 497 1982 553 inviCto-

2091 499 2339 569 πατήσω,
2371 497 2579 551 ὑποίσω
2607 497 2769 567 δίκην
2789 513 2804 563 ;
2825 496 2892 550 Ol
2922 496 2981 550 δὲ
3007 496 3382 567 παρεστῶτες,
3410 497 3507 550 Ἐκ
3533 516 3671 550 παν-

408 608 524 647 rum
552 595 943 663 imperatorum
968 585 1142 661 eliigie
1166 601 1221 645 et
1248 590 1469 644 nurnine
1502 588 1814 659 insignilur.
1841 586 1978 641 Tum

2091 587 2192 650 τός·
2248 588 2476 657 ὅτιπερ,
2535 586 2739 656 φησιν,
2785 586 3116 658 χαρακτῆρα
3162 587 3259 640 καὶ
3313 586 3511 657 κλῆσιν
3555 587 3671 640 τῶν

407 695 631 739 sanctus
653 686 894 755 graviter
923 687 1209 753 suspirans
1235 683 1311 736 ait
1345 699 1360 735 :
1391 680 1446 735 Si
1476 691 1655 734 vester
1686 680 1775 734 hic
1801 694 1980 735 sermo

2091 680 2369 749 ἂηττήτων
2401 681 2556 749 φέρει
2598 679 2889 751 βασιλέων.
2931 679 2993 733 '0
3020 679 3079 732 δέ
3108 678 3264 747 ἀγιος
3306 679 3450 747 μέγα
3482 680 3675 736 στενά-

406 784 515 839 est,
538 776 751 844 qualem
792 789 919 844 ergo
949 773 1220 828 infelicem
1246 786 1459 841 poenam
1482 770 1650 844 499
1672 770 1978 836 sustinebit,

408 868 499 934 qui
530 865 740 920 Christi
772 866 998 933 ejusque
1034 862 1229 918 Matris
1259 879 1452 917 nomen
1491 864 1543 916 in
1580 864 1819 933 imagine
1858 876 1983 916 con-

409 957 704 1010 calcaverit
733 966 785 1008 et
808 953 1167 1009 cremaverit?
1193 953 1273 1007 An
1308 969 1414 1007 non
1455 967 1676 1032 prorsus
1702 952 1815 1023 igni
1844 968 1983 1007 nuu-

408 1062 570 1116 quam
602 1046 889 1100 interitura
914 1057 968 1100 et
997 1056 1225 1109 aeterno,
1251 1044 1530 1114 vermiqne
1557 1059 1822 1114 nusquam
1852 1044 1974 1099 dor-

410 1136 598 1190 mienti
625 1135 913 1189 tradetur?
954 1136 1146 1189 Postea
1196 1150 1471 1188 nummum
1514 1133 1744 1203 projecit
1773 1149 1826 1188 et
1861 1133 1975 1188 cal-

410 1228 579 1281 cavit.
605 1227 727 1280 Mox
751 1241 878 1280 vero
906 1227 959 1279 hi
987 1226 1080 1293 qui
1105 1225 1419 1293 imperatori
1449 1225 1800 1290 assistebant,
1837 1225 1983 1279 velut

410 1320 654 1388 quaedam
687 1318 896 1373 feroces
941 1319 1130 1372 bellua:
1160 1318 1212 1371 in
1255 1328 1505 1372 sanctum
1534 1320 1820 1382 irruentes,
1857 1333 1981 1371 eum

412 1425 444 1466 θ
477 1408 681 1465 solario
709 1411 958 1463 deorsum
995 1408 1329 1477 pmcipitem
1373 1423 1535 1478 agere
1562 1409 1839 1462 volebant.
1878 1408 1983 1462 Ve-

412 1515 550 1565 rum,
578 1501 872 1569 imperator
897 1498 1120 1553 subdole
1142 1500 1397 1569 (namque
1427 1509 1726 1567 utserpens
1755 1498 1982 1552 fortnam

413 1591 628 1645 mentiri
662 1589 921 1660 noverat)
950 1589 1230 1658 impedivit
1257 1630 1272 1655 ,
1300 1590 1591 1659 quominus
1632 1590 1682 1644 id
1713 1598 1936 1659 agerent
1965 1607 1980 1646 :

410 1697 645 1750 eumque
689 1683 873 1736 statim
907 1681 1046 1736 collo
1083 1682 1325 1735 vinctum
1348 1719 1363 1745 ,
1397 1690 1451 1736 et
1484 1682 1734 1736 manibus
1766 1696 1795 1735 a
1830 1690 1983 1750 tergo

2082 768 2177 836 ξας
2200 766 2374 823 εῐπεν·
2409 772 2472 823 Εί
2510 771 2669 839 ὑμεῖς
2697 769 2873 834 οὕτως
2901 771 3061 840 φατὲ,
3090 770 3253 824 ποίαν
3294 770 3401 840 ἄρα
3429 770 3672 838 ἐλεεινὴν

2081 858 2294 911 ὐποίσει
2322 860 2480 930 δίκην
2505 846 2533 912 ό
2564 859 2625 913 τὸ
2650 859 2742 913 τοῦ
2774 858 3015 929 Χριστοῦ
3052 861 3148 913 καὶ
3184 861 3284 930 τῆς
3321 862 3546 932 Μητρδς
3571 863 3672 916 αύ-

2078 946 2183 1000 τοῦ
2217 947 2387 1018 ὄνομα
2428 949 2488 1000 ἐν
2531 949 2701 1002 εἰκόνι
2743 951 2999 1020 πατήσας
3048 952 3143 1004 καὶ
3199 952 3596 1016 κατακαύσας,
3633 952 3669 1023 ῆ

2081 1035 2301 1100 πάντως
2346 1036 2425 1108 τῷ
2471 1037 2820 1109 ἀτελευτήτῳ
2866 1040 3002 1110 πυρὶ
3052 1039 3150 1093 καὶ
3197 1041 3404 1111 αἰωνίῳ
3445 1043 3543 1096 καὶ
3590 1042 3673 1113 τῷ

2081 1131 2371 1202 ἀκοιμήτῳ
2427 1131 2677 1201 σκώληκι
2726 1131 3112 1203 ἐκδοθήσεται;
3157 1134 3267 1186 Καὶ
3302 1134 3464 1204 ῥίψας
3493 1136 3556 1189 τὸ
3583 1137 3674 1190 νό-

2086 1238 2300 1292 μισμα,
2352 1223 2743 1293 κατεπάτησεν
2779 1223 2935 1279 αὑτό.
2977 1225 3043 1277 Ol
3075 1224 3135 1277 δὲ
3166 1225 3246 1293 τῷ
3280 1225 3495 1292 βασιλεί
3527 1244 3674 1297 παρ-

2087 1314 2369 1384 ιστάμενοι
2394 1356 2408 1377 ,
2446 1314 2521 1378 ὡς
2552 1316 2604 1368 εί
2639 1331 2787 1379 τινες
2812 1315 2996 1386 άγριοι
3040 1315 3208 1387 θῆρες
3240 1317 3674 1387 εἰσπηδήσαντες

2085 1406 2229 1459 κατὰ
2249 1406 2346 1459 τοῦ
2368 1408 2548 1475 άγίου.
2581 1406 2886 1478 κρημνίσαι
2910 1407 3099 1463 τοῦτον
3121 1408 3545 1480 ἠϐουλήθησανιι
3573 1410 3673 1464 τοῦ

2082 1496 2308 1566 ἡλιακοῦ
2342 1498 2480 1568 πρὸς
2515 1499 2576 1550 τὸ
2612 1499 2907 1565 κάταντες.
2948 1500 3008 1554 '0
3036 1500 3094 1554 δὲ
3129 1501 3386 1571 βασιλεὺς
3418 1502 3675 1568 ὑπούλως

2084 1604 2199 1650 πως
2244 1589 2689 1660 (παρεμορφοῦτο
2749 1592 2855 1665 γὰρ
2902 1592 2978 1656 ὡς
3018 1591 3171 1663 ὄφις)
3204 1595 3429 1660 τούτους
3468 1590 3675 1652 ἀπεσό-

2084 1680 2253 1752 6ησεν
2282 1682 2441 1734 τοῦτο
2474 1683 2548 1753 μὴ
2581 1682 2812 1753 πρᾶξαι.
2854 1686 2964 1738 Καὶ
2991 1686 3239 1756 παρευθὺ
3269 1685 3362 1739 τὸν
3397 1689 3552 1756 ᾰγιον
3583 1689 3675 1741 δε-

411 1774 589 1845 ligatis
621 1776 672 1828 in
701 1773 974 1844 publicum
1002 1774 1245 1844 Byzantii
1275 1788 1577 1838 carcerem,
1612 1788 1827 1829 sacrum
1858 1787 1985 1843 prae-

2091 1770 2310 1840 δεμένον
2354 1775 2417 1825 ἐκ
2462 1773 2557 1826 τοῦ
2589 1776 2884 1848 τραχήλου,
2929 1752 3155 1831 δπισθεν
3204 1779 3263 1832 δὲ
3307 1779 3407 1843 τὰς
3445 1752 3671 1851 *χεῖρακ

413 1865 613 1918 torium
646 1865 847 1918 dictant
870 1902 885 1928 ,
924 1865 1106 1931 misit;
1132 1875 1191 1918 ut
1225 1866 1520 1919 secundum
1551 1865 1699 1935 leges
1722 1865 1987 1935 judicium

419 1954 655 2019 subiret,
683 1969 750 2010 eo
775 1956 920 2023 quod
945 1957 1292 2024 imperatoris
1313 1956 1602 2024 imaginem
1628 1968 1817 2012 contra
1845 1956 1988 2028 leges

419 2045 818 2101 conculcasset.
861 2044 906 2100 Ο
952 2047 1364 2116 stupiditatem!
1403 2047 1486 2102 llli
1528 2049 1619 2116 qui
1659 2060 1847 2119 aperte
1894 2050 1989 2104 Dei

414 2137 585 2205 legem
629 2138 981 2207 transgressi,
1030 2135 1147 2204 ejus
1183 2138 1470 2206 imaginem
1501 2140 1908 2203 conculcavere,
1952 2138 1987 2194 ii

416 2227 470 2279 in
505 2220 723 2295 propria
764 2244 862 2282 sua
908 2226 1150 2295 imagine
1189 2228 1357 2297 legem
1400 2230 1872 2298 propugnatricem
1909 2230 1989 2284 la-

415 2313 603 2368 ciunt?
624 2315 778 2379 Quis,
800 2330 1006 2386 quaeso,
1031 2316 1246 2370 illorum
1272 2317 1563 2372 amentiam
1588 2332 1694 2372 non
1722 2318 1989 2374 irriserit?

487 2576 671 2645 itaque
725 2576 1068 2631 beatissimus
1117 2575 1280 2632 Pater
1336 2588 1523 2633 noster
1578 2579 1886 2650 Stephanus
1933 2582 1985 2635 in

415 2670 723 2737 praetorium
766 2670 963 2723 ductus
1006 2679 1116 2732 est,
1159 2672 1312 2741 cujus
1358 2674 1683 2729 vestibulum
1718 2676 1890 2730 solum
1930 2686 1987 2731 ut

416 2761 617 2822 subiit,
652 2761 919 2815 concaluit
980 2777 1075 2816 cor
1126 2763 1249 2833 ejus
1294 2764 1436 2818 intra
1476 2765 1697 2834 ipsum,
1752 2779 1813 2821 ut
1848 2768 1988 2822 Pro-

417 2853 593 2921 phetae
622 2856 782 2905 verba
811 2868 1089 2922 usurpem,
1115 2865 1172 2908 ct
1201 2855 1321 2923 igne
1353 2858 1719 2912 meditationis
1750 2873 1864 2913 suae
1892 2875 1988 2914 ac-

2088 1862 2229 1933 πρὸς
2267 1864 2367 1935 τὴν
2408 1864 2502 1918 τοῦ
2548 1864 2848 1932 Βυζαντίου
2879 1869 3148 1940 δημοσίαν
3180 1870 3431 1944 φυλακὴν
3482 1871 3678 1926 τοῦτον

2090 1954 2473 2025 παρέπεμψεν,
2508 1956 2640 2011 ἔνθα
2677 1957 2989 2027 ἐπιλέγεται
3027 1961 3089 2015 τὸ
3125 1962 3270 2032 ἱερὸν
3311 1962 3673 2035 πραιτώριον,

2088 2045 2165 2108 ὡς
2193 2046 2435 2116 ἐννόμως
2471 2047 2731 2120 κριθῆναι
2778 2050 2962 2115 αὑτὸν,
3004 2052 3139 2106 διότι
3176 2054 3438 2123 βασιλέως
3492 2073 3675 2127 χαρα-

2089 2138 2268 2209 κτῆρα
2301 2140 2521 2209 ἀνόμως
2551 2142 2887 2215 πεπάτηκεν.
2928 2145 2992 2197 Ὢ
3019 2146 3118 2215 τῆς
3148 2149 3571 2219 παραπληξὶαςί
3608 2150 3676 2204 Οἱ

2088 2230 2197 2302 γὰρ
2240 2233 2537 2302 προφανῶς
2561 2233 2654 2288 τὸν
2694 2235 2790 2289 τοῦ
2824 2235 2960 2290 Θεοῦ
2995 2238 3449 2311 παραϐεϐηκότες
3484 2242 3672 2314 νόμον,

2090 2323 2186 2374 καὶ
2215 2322 2316 2394 τὴν
2347 2324 2519 2378 αὐτοῦ
2547 2328 2735 2382 εἰκόνα
2774 2333 3143 2400 πατήσαντες,
3179 2328 3327 2387 οὗτοι
3362 2337 3420 2386 ἐν
3454 2337 3521 2406 τῇ
3558 2324 3678 2407 Δἰδίει.

2089 2414 2260 2467 εἰκόνι
2296 2415 2391 2469 τὸν
2434 2416 2598 2487 νόμον
2629 2419 2916 2490 πρόμαχον
2947 2421 3248 2477 ποιοῦνται.
3288 2426 3399 2478 Καὶ
3438 2427 3521 2491 τίς
3561 2421 3679 2497 ἆρα

2089 2506 2152 2557 ού
2177 2506 2460 2574 γελάσειεν
2502 2509 2602 2578 τὴν
2627 2511 2836 2564 τούτων
2864 2511 3052 2565 ἄνοιαν
3075 2531 3091 2579 ;

2173 2595 2232 2647 Ὀ
2255 2595 2311 2648 δὲ
2341 2597 2658 2676 παμμάκαρ
2684 2599 2875 2672 Πατὴρ
2906 2603 3064 2672 ήμῶν
3095 2602 3370 2671 Στέφανος
3395 2605 3473 2675 τῷ
3501 2621 3677 2676 πραι-

2088 2686 2272 2756 τωρίῳ
2301 2674 2765 2758 παραπεμφθεὶς,
2813 2691 2891 2755 ὡς
2926 2692 3087 2763 μόνον
3131 2695 3269 2765 πρὸς
3306 2697 3373 2749 τά
3423 2674 3678 2768 πρόθυρα

2089 2777 2291 2844 είσέδυ,
2319 2779 2636 2852 ἐθερμάνθη
2665 2784 2698 2853 ή
2737 2783 2934 2854 καρδία
2969 2785 3158 2848 αὐτοῦ,
3207 2789 3559 2859 προφητικῶς
3590 2792 3678 2844 ει-

2092 2871 2236 2935 πεῖν,
2262 2871 2418 2935 ἐντὸς
2442 2871 2634 2939 αὑτοῦ,
2670 2875 2765 2927 καὶ
2794 2877 2855 2927 τὸ
2878 2875 2979 2946 τῆς
3007 2878 3245 2947 μελέτης
3272 2879 3438 2933 αὐτοῦ
3463 2880 3678 2935 ἐκκαύ-

416 2958 583 2997 cense
605 2942 671 3006 ⁸³,
710 2943 922 2996 locutus
953 2953 1039 2998 est
1070 2944 1251 3014 lingua
1288 2962 1382 3001 sua
1421 2948 1580 3001 linem
1617 2950 1827 3003 dierum
1862 2953 1985 3005 vita:

2095 2976 2193 3025 σας
2220 2962 2355 3034 πῦρ,
2385 2962 2645 3033 ἐλάλησεν
2676 2968 2742 3039 τῇ
2781 2942 3017 3039 γλώσσῃ-
3036 2942 3223 3033 αὐτοῦ’,
3261 2973 3322 3024 τὺ
3354 2974 3531 3044 πέρας
3562 2974 3679 3029 τῶν

392 3032 548 3094 'suat,
599 3033 830 3089 dicens:
869 3035 994 3090 Haec
1065 3052 1183 3089 mea
1242 3037 1467 3106 hujusce
1518 3041 1641 3092 vita:
1698 3039 1860 3111 500
1903 3057 1990 3097 re-

413 3123 602 3191 quies,
641 3135 696 3176 et
747 3125 836 3179 hic
876 3126 1138 3182 habitabo
1184 3142 1355 3196 usque
1411 3129 1477 3182 ad
1519 3140 1824 3185 extremum
1869 3134 1990 3188 vita

416 3227 548 3267 mea:
581 3214 831 3277 halitum,
856 3216 981 3284 quia
1018 3231 1114 3285 pro
1147 3217 1384 3286 imagine
1413 3219 1615 3274 Christi
1648 3224 1864 3277 nomine
1891 3224 1989 3279 de-

414 3316 596 3359 corata
630 3306 768 3376 elegi
796 3323 914 3362 eam
943 3307 1011 3363 “.
1049 3310 1249 3364 Ibidem
1299 3311 1464 3364 etiam
1513 3312 1750 3369 delectos
1812 3319 1989 3373 sancti

415 3401 801 3453 monachorum
835 3400 1068 3456 instituti
1108 3404 1284 3467 viros,
1318 3405 1386 3457 ad
1437 3414 1711 3462 trecentos
1746 3413 1987 3479 quadra-

413 3487 563 3556 ginta
596 3489 735 3543 duos
769 3506 1018 3556 numero,
1058 3507 1126 3547 ex
1171 3494 1342 3549 variis
1378 3494 1512 3550 locis
1561 3497 1801 3561 inclusos
1837 3503 1988 3556 inve-

414 3578 531 3638 nit;
563 3594 795 3647 quorum
831 3582 953 3636 aliis
986 3599 1145 3639 nares
1184 3586 1442 3641 abscissa:
1475 3585 1714 3656 fuerant,
1753 3590 1879 3646 aliis
1908 3591 1989 3646 ef-

413 3666 550 3722 fossi
589 3670 756 3735 oculi,
787 3671 909 3727 aliis
948 3685 1242 3744 amputata:
1276 3693 1495 3743 manus,
1525 3696 1592 3736 eo
1624 3683 1768 3752 quod
1797 3685 1989 3738 adver-

413 3772 508 3813 sus
552 3768 774 3814 sanctas
823 3761 1090 3832 imagines
1138 3766 1485 3821 subscribere
1531 3782 1848 3825 retulerant.
1882 3771 1986 3826 Alii

410 3851 640 3904 auribus
671 3852 955 3907 carebant.
985 3854 1084 3908 Alii
1119 3857 1552 3912 intolerabilium‘
1577 3861 1860 3915 verberum
1897 3877 1987 3917 re-

416 3939 616 4010 liquias
640 3944 996 4001 exhibebant.
1022 3947 1127 4002 Alii
1150 3964 1209 4002 se
1231 3950 1355 4017 pilis
1377 3951 1618 4018 privatos
1641 3963 1695 4006 et
1717 3953 1786 4008 ab
1808 3953 1990 4023 impiis

416 4027 795 4087 leouocaustis
830 4035 1056 4088 abrasos
1092 4039 1472 4093 ostendebant.
1506 4040 1699 4096 Plures
1732 4056 1862 4096 vero
1894 4058 1988 4099 ve-

417 4124 716 4178 nerandam
751 4125 975 4179 barbam
1009 4127 1126 4194 pice
1155 4138 1372 4183 unctam
1404 4138 1572 4200 atque
1600 4133 1852 4190 adustam
1889 4136 1987 4190 ba-

414 4213 634 4268 bebant.
668 4213 741 4270 Ut
771 4218 883 4271 haec
928 4221 1122 4273 acerba
1157 4230 1215 4274 et
1252 4223 1400 4275 varia
1441 4225 1659 4291 pietatis
1689 4238 1987 4298 mystarum

2096 3052 2319 3121 ἡμερῶν
2367 3056 2468 3123 τῆς
2516 3052 2662 3125 ζωῆς
2708 3056 2872 3110 αὐτοῦ
2925 3058 3096 3112 εἰπών
3128 3077 3143 3092 ·
3205 3061 3353 3134 Αὕτη
3422 3083 3522 3134 μου
3572 3068 3679 3137 τῆς

2095 3140 2241 3209 ζωῆς
2262 3141 2467 3212 ταύτης
2498 3146 2532 3213 ἡ
2562 3144 2930 3214 κατάπαυσις,
2965 3151 3062 3203 καὶ
3089 3145 3190 3204 ὧδε
3222 3156 3534 3225 κατοικήσω
3565 3157 3679 3221 ἕως

2095 3232 2333 3301 ἐσχάτης
2362 3232 2455 3285 τοῦ
2488 3233 2605 3305 βίου
2639 3254 2739 3307 μου
2767 3239 3078 3312 ἀναπνοῆς,
3111 3243 3193 3296 ὅτι
3225 3245 3366 3312 ὑπὲρ
3400 3247 3496 3316 τῆς
3535 3247 3680 3318 Χρι-

2096 3322 2381 3394 στωνύμου
2430 3326 2637 3391 εἰκόνος
2672 3330 3017 3403 ᾑρετισάμην
3067 3335 3257 3406 αὐτήν.
3317 3333 3488 3407 Εὗρεν
3525 3339 3581 3391 δὲ
3617 3343 3680 3391 ἐν

2093 3412 2204 3473 τοῖς
2231 3413 2409 3465 ἐκεῖσε
2444 3415 2933 3487 ἐγκεκλεισμένους
2967 3419 3198 3489 λογάδας
3234 3423 3329 3476 τοῦ
3365 3425 3523 3491 ἁγίου
3559 3424 3679 3477 τῶν

2098 3506 2347 3573 μοναχῶν
2381 3507 2684 3578 σχήματος,
2714 3509 2847 3563 ὡσεὶ
2879 3513 3227 3582 τριακοσίους
3256 3519 3683 3589 τεσσαράκοντα

2093 3593 2188 3647 δύο
2217 3598 2308 3648 τὸν
2331 3598 2585 3669 ἀριθμὸν,
2614 3602 2677 3653 ὲκ
2696 3601 2970 3674 διαφόρων
2992 3605 3207 3676 χωρῶν,
3245 3609 3370 3673 τοὺς
3407 3609 3504 3679 μὲν
3528 3612 3684 3682 ῥινο-

2093 3686 2354 3755 τμήτους,
2378 3688 2505 3753 τοὺς
2530 3690 2588 3744 δὲ
2614 3693 2993 3764 ἀπομμὰτους,
3022 3696 3218 3761 ἄλλους
3246 3702 3433 3770 χεῖρας
3464 3718 3683 3772 κεκομ-

2098 3776 2269 3844 μένας
2311 3776 2572 3848 ἔχοντας,
2614 3781 2691 3847 ὼς
2747 3787 2821 3856 μὴ
2879 3787 3308 3859 ὑπογράψαντας
3361 3791 3504 3845 κατὰ
3557 3792 3683 3849 τῶν

2095 3867 2267 3935 ἁγίων
2289 3871 2519 3925 εἰκόνων
2537 3882 2588 3939 ν,
2611 3876 2831 3948 ἐτέρους
2851 3874 2966 3947 ὦτα
2993 3879 3069 3952 μὴ
3093 3880 3334 3951 ἔχοντας.
3359 3883 3468 3937 Καὶ
3489 3886 3537 3938 οἱ
3566 3886 3680 3956 μὲν

2092 3960 2203 4014 τῶν
2224 3962 2560 4019 ἀνεικάστων
2586 3966 2810 4038 δαρμῶν
2834 3970 2901 4024 τὰ
2926 3970 3160 4042 λείψανα
3194 3974 3490 4031 ἐδείκνυον.
3517 3979 3580 4031 Οἱ
3613 3978 3680 4035 δὲ

2092 4049 2286 4118 τρίχας
2332 4052 2407 4120 μὴ
2458 4052 2603 4123 ἔχειν
2634 4058 2860 4122 ἑαυτοὺς
2907 4061 3291 4131 ἐπεδείκνυον,
3325 4065 3680 4139 ξυρισθὲντες

2095 4140 2247 4210 παρά
2268 4141 2376 4194 τῶν
2401 4144 2614 4199 ἀσεϐῶν
2643 4150 3101 4231 είκονρκαυστῶν·
3130 4157 3227 4210 καὶ
3246 4159 3296 4211 οἱ
3323 4158 3543 4224 πλείους
3566 4163 3679 4236 τὴν

2094 4231 2283 4301 τιμίαν
2317 4236 2571 4320 γενειάδα
2602 4239 2668 4291 ἐκ
2698 4240 2897 4313 πίσσης
2935 4246 3305 4320 κεχρισμὲνην
3340 4252 3435 4303 καὶ
3462 4231 3675 4309 uexati-

412 4308 680 4376 supplicia
733 4310 865 4362 vidit
909 4323 1169 4375 sanctus,
1213 4312 1345 4380 Deo,
1378 4318 1470 4384 qui
1513 4318 1624 4371 illis
1669 4320 1985 4388 patientiam

2095 4321 2265 4414 μένην
2305 4318 2469 4394 εἶχον.
2504 4327 2719 4392 Ταύτας
2748 4308 3454 4414 τὰς-χαλεπάξπολυειδείς
3492 4359 3679 4414 τιμω-

414 4397 704 4462 tribuerat,
742 4400 947 4468 gratias
981 4403 1112 4470 egit.
1146 4403 1265 4472 lpse
1299 4420 1424 4461 vero
1452 4408 1639 4464 dolore
1672 4420 1728 4465 et
1763 4408 1987 4467 tristitia

409 4485 773 4555 adiciebatur,
814 4494 957 4559 quod
993 4495 1229 4548 nomium
1273 4507 1601 4556 tormentum
1643 4505 1863 4575 aliquod
1905 4508 1987 4561 vel

412 4582 645 4634 Illelllill'i
682 4584 1019 4637 avulsionem
1058 4587 1131 4640 ob
1169 4591 1414 4646 eamdem
1465 4610 1684 4651 caussam
1730 4609 1991 4669 expertus

408 4678 548 4723 erat.
607 4671 896 4739 Caeterum,
941 4692 1131 4732 onmes
1183 4678 1261 4734 illi
1306 4681 1496 4741 Patres
1546 4702 1673 4742 eum
1731 4699 1988 4760 tanquam

412 4776 685 4815 stunmum
721 4777 993 4831 pastorem
1023 4780 1078 4824 et
1124 4773 1421 4829 salutarem
1466 4779 1783 4849 magistrum
1816 4798 1981 4840 exce-

410 4864 564 4921 pere,
609 4855 676 4906 ab
724 4869 896 4923 eoque
945 4860 1303 4927 docebantur,
1341 4880 1408 4921 ac
1457 4883 1583 4924 suas
1620 4873 1980 4938 cogitationes

411 4938 512 5008 ipsi
540 4940 868 4999 referebant.
905 4945 1148 5017 Denique
1178 4955 1488 5021 praetorium
1526 4959 1725 5014 laetum
1751 4972 1836 5017 est
1865 4979 1982 5020 mo-

409 5032 742 5099 nasterium,
774 5050 896 5089 cum
938 5037 1049 5094 illic
1076 5054 1252 5096 canon
1285 5048 1620 5105 monasticus
1657 5052 1982 5111 observare-

409 5133 520 5176 tur.
562 5121 740 5178 .Porro
774 5128 1017 5184 carceris
1061 5135 1347 5201 custodes,
1394 5149 1448 5192 et
1495 5143 1685 5197 cuncti
1736 5145 1804 5198 ad
1845 5160 1983 5214 quos

401 5213 515 5284 jam
541 5212 699 5285 501
738 5217 946 5285 pridem
978 5225 1156 5278 sancti
1189 5226 1288 5279 viri
1316 5226 1459 5283 fama
1488 5240 1832 5300 pervenerat,
1856 5212 1978 5291 cum

476 5367 526 5400 ⁸³
554 5366 696 5425 Psal.
737 5386 965 5442 xxxvm,
994 5377 1050 5429 4.
1125 5378 1175 5409 ⁸⁵
1211 5378 1350 5435 l’sal.
1377 5397 1564 5451 cxxxl,
1599 5385 1684 5441 M.

2088 4413 2210 4508 ρίας
2233 4414 2341 4469 τῶν
2377 4419 2478 4489 τῆς
2506 4421 2788 4488 εὐσεϐείας
2820 4427 3039 4496 μυστῶν
3072 4428 3195 4483 ἰδὼν
3220 4413 3248 4485 ὃ
3277 4433 3453 4502 ἅγιος,
3492 4413 3678 4508 ηύχαο

2091 4506 2264 4578 ρίστει
2286 4510 2363 4580 τῷ
2388 4511 2506 4584 Θεῷ
2524 4514 2604 4585 τῷ
2627 4518 2727 4586 τὴν
2758 4518 3032 4592 ὑπομονὴν
3058 4523 3241 4588 αὐτοῖς
3264 4524 3676 4603 δωρησαμένῳ.

2091 4600 2400 4671 Ἤσχαλλεν
2424 4606 2482 4659 δέ
2512 4610 2607 4660 καὶ
2634 4610 2938 4685 ἐδυσφόρει,
2970 4616 3051 4668 ὅτι
3071 4617 3172 4670 οὐκ
3196 4613 3263 4689 ἦν
3290 4620 3452 4684 αὐτὸς
3483 4600 3685 4694 ἁκμῆν

2089 4694 2289 4765 πεῖραν
2314 4697 2497 4750 λαϐὼν
2519 4716 2666 4764 τινος
2695 4701 2929 4772 βασάνου
2951 4706 2982 4777 ἢ
3006 4708 3294 4779 ἀφαίρεσιν
3322 4711 3516 4780 μέλους
3541 4717 3686 4787 περὶ

2087 4784 2182 4838 τοῦ
2208 4791 2593 4859 προκειμένου.
2614 4794 2677 4846 Ui
2696 4795 2753 4846 δέ
2779 4796 3018 4866 Πατέρες
3035 4792 3179 4853 οὗτοι
3196 4802 3395 4866 πάντες
3417 4784 3688 4873 ἐδέξαντο

2087 4875 2276 4930 τοῦτον
2331 4879 2406 4944 ὼς
2456 4883 2827 4954 ἁρχιποιμένα
2871 4890 2966 4943 καὶ
3006 4890 3327 4967 καθηγητὴν
3362 4900 3683 4970 σωτήριον,

2088 4969 2180 5022 καί
2222 4972 2355 5042 παρ’
2384 4973 2551 5027 αὐτοῦ
2598 4978 2975 5047 ἐδιδάσκοντο,
3020 4984 3114 5038 καὶ
3152 4986 3300 5055 αὐτῷ
3342 4991 3473 5053 τοὺς
3518 4969 3685 5062 λογιέ

2089 5060 2263 5131 σμοὺς
2288 5064 2573 5138 ἀνέφερον.
2597 5069 2798 5123 Λοιπὸν
2829 5074 3021 5142 γέγονε
3054 5075 3115 5129 τὸ
3139 5078 3475 5151 πραιτώριον
3501 5060 3685 5154 μονα-

2088 5155 2343 5224 στήριον,
2374 5158 2577 5223 παντὸς
2626 5161 2721 5215 τοῦ
2775 5167 3070 5237 μοναχικοῦ
3116 5171 3341 5235 κανόνος
3390 5175 3689 5232 ἐπιτελου-

2093 5245 2289 5314 μένου.
2317 5251 2381 5301 Οί
2406 5248 2463 5301 δέ
2496 5252 2594 5315 τὰς
2634 5253 2883 5322 φυλακὰς
2918 5264 3343 5335 πεπιστευμένα
3362 5305 3378 5331 ,
3406 5267 3503 5321 καὶ
3532 5272 3686 5325 πάν-

1713 5520 1944 5581 VARMS
1974 5523 2377 5587 LECTIONES.

481 5665 503 5706 ι
528 5663 604 5720 al.
635 5667 971 5739 προσρήξας.
1050 5683 1077 5712 υ
1111 5673 1259 5731 Unus
1296 5679 1440 5734 addit
1475 5684 1641 5737 κατά.
1720 5694 1744 5722 ν
1781 5686 1850 5740 al.
1883 5687 1959 5752 ὡς
1988 5690 2309 5761 γράψαντας
2331 5696 2469 5769 ὑπὲρ
2499 5699 2605 5756 τῶν
2634 5699 2806 5771 ἁγίων
2826 5703 3072 5767 εἰκόνων.

592 5882 667 5919 η
