3950 6166
429 235 565 301 118¹ῑ

1583 241 1956 303 STEPiIANi
2003 243 2308 304 DIACONI
2347 245 2454 305 (ΣΡ.

3530 242 3660 308 HS!

428 349 592 400 missa
617 354 796 409 erant,
821 343 1115 409 obtineret;
1141 359 1299 414 supra
1327 357 1684 399 memoratum
1707 347 1984 400 Callistum

2104 350 2554 404 κατεπανίσταται
2587 349 2665 420 τῷ
2733 349 3082 421 προλεχθέντι
3129 350 3416 423 Καλλίστῳ
3445 355 3534 406 καὶ
3583 355 3665 424 τῷ

427 447 480 490 et
511 434 854 504 publicanum
886 435 1277 490 Aulicalamutn
1305 437 1388 492 bis
1417 439 1594 491 verbis
1635 439 1825 492 adorsa
1858 449 1940 495 est
1973 456 1988 493 :

427 525 541 580 Nisi
611 541 674 580 ea
741 541 862 594 quae
915 527 1045 580 mihi
1107 527 1330 594 polliciti
1360 528 1513 588 estis,
1543 529 1856 597 implebitis,
1900 545 1992 585 ve-

427 629 570 672 stras
605 615 826 671 fraudes
857 627 912 674 et
954 617 1331 682 contumelias,
1363 634 1500 686 quas
1529 621 1580 671 in
1605 631 1851 674 sanctum
1876 637 1991 674 ma-

427 687 634 763 chinati
663 707 816 771 estis,
849 722 944 775 per
997 709 1228 761 mediam
1261 703 1448 762 urbem
1496 711 1820 777 praedicabo.
1883 713 1992 764 An-

425 797 500 848 xii
535 797 608 850 illi
633 795 784 860 facti,
827 797 1208 852 deliberatione
1245 797 1422 852 habita
1448 838 1464 864 ,
1516 803 1798 868 quemdam
1839 813 1993 854 neta-

433 887 570 940 rium
595 887 836 954 ejusdem
869 887 1193 941 Nicomedia:
1220 889 1490 956 publicani
1517 889 1618 958 ipsi
1649 891 1993 946 matrimonio

429 977 940 1046 junguntuYertuu,
965 993 1088 1031 cum
1118 979 1362 1046 pariendi
1407 989 1616 1049 tempus
1661 981 1988 1043 advenisset,

433 1083 566 1120 nova
603 1067 692 1122 illa
735 1069 915 1136 vipera
976 1071 1110 1124 duos
1165 1069 1302 1126 filios
1354 1073 1559 1142 genuit.
1597 1071 1722 1127 Post
1776 1073 1992 1142 aliquod

433 1160 627 1214 deinde
661 1170 872 1228 tempus
894 1161 1056 1214 vidua
1086 1162 1200 1215 viro
1234 1161 1400 1225 facta,
1431 1177 1550 1216 cum
1577 1163 1688 1218 sola
1718 1165 1890 1220 media
1921 1157 1994 1220 iti-

431 1263 513 1310 ter
544 1252 682 1306 lilios
709 1257 992 1318 dormiret,
1027 1255 1129 1308 sub
1165 1255 1394 1308 mediam
1425 1265 1636 1310 noctem
1675 1256 1858 1310 nescio
1887 1273 1994 1326 quo

435 1344 634 1412 impetu
669 1345 856 1412 agitati
913 1343 1146 1399 infantes
1199 1355 1578 1412 surrexerunt,
1610 1355 1772 1414 atque
1807 1345 1880 1400 illi
1912 1350 1992 1400 vi-

432 1448 572 1500 ραι-ιιι
606 1445 792 1502 partus
825 1435 928 1487 duo
957 1437 1146 1488 matris
1175 1436 1337 1488 ubera
1383 1438 1720 1506 apprehensa
1745 1439 1992 1492 comede-

434 1535 576 1578 runt.
613 1523 798 1594 Itaque
818 1535 938 1581 orto
970 1527 1056 1580 die
1082 1527 1297 1580 inventa
1325 1538 1407 1581 est
1437 1537 1610 1582 mater
1637 1537 1846 1582 mortua
1871 1544 1992 1583 cum

433 1615 578 1679 liliis,
611 1617 700 1684 qui
747 1615 905 1687 527
939 1619 1113 1672 adhuc
1164 1628 1478 1672 cruentatas
1517 1619 1742 1673 uberum
1799 1636 1995 1676 carnes

2096 439 2375 508 φορολὸγῳ
2470 438 2878 511 Δὺλικαλάμῳ,
2931 441 3122 510 ὅτιπερ
3193 442 3252 493 Εἰ
3312 441 3387 512 μὴ
3453 443 3524 495 τά
3583 445 3666 505 είς

2094 531 2192 597 ἐμὲ
2241 529 2606 598 συνταχθέντα
2656 529 3017 600 πληρώσητε,
3079 531 3242 598 μέσον
3290 531 3514 602 κηρύξω
3562 533 3664 594 τῆς

2094 618 2336 682 πόλεως,
2377 618 2474 681 τάς
2530 635 2588 674 τε
2627 620 2962 688 πανουργίας
3008 619 3163 688 ὑμῶν
3211 619 3306 672 καὶ
3355 621 3454 683 τὰς
3512 621 3648 688 πρὸς

2095 709 2184 761 τὸν
2263 709 2418 776 ἆγιον
2499 709 2785 778 λοιδορίας.
2851 709 2940 762 ‘Ev
3017 710 3301 780 ἀμηχανίᾳ
3351 710 3406 764 δὲ
3454 712 3664 764 τούτων

2093 799 2427 867 γεγονότων,
2496 797 2822 870 συμϐούλιόν
2905 817 2964 853 τε
3027 800 3388 870 ποιήσαντες,
3462 803 3662 864 συζευ-

2093 892 2312 960 γνύουσι
2339 881 2508 962 ταύτῃ
2535 891 2784 962 νοτάριόν
2813 908 2934 945 τινα
2964 891 3056 944 τοῦ
3093 893 3260 945 αὐτοῦ
3287 892 3386 960 τῆς
3415 892 3662 964 Νικομηη

2093 981 2242 1044 δεὶας
2274 975 2568 1054 ῴορολόγου
2589 1001 2602 1024 ε
2631 983 2727 1045 καὶ
2752 985 2810 1036 ὲν
2852 983 3030 1054 καιρῷ
3079 983 3332 1053 φθάσασα
3373 986 3601 1038 τοκετοῦ
3627 987 3662 1055 ἡ

2094 1073 2189 1132 νέα
2218 1071 2356 1143 αὕτη
2382 1072 2582 1144 ἔχιδνα,
2613 1075 2780 1154 γεννᾷ
2806 1075 3004 1154 παῖδας
3039 1075 3152 1129 δύο.
3190 1075 3344 1128 Μετὰ
3373 1075 3431 1128 δὲ
3464 1076 3663 1146 χρόνον

2095 1165 2215 1218 τινὰ
2253 1164 2444 1234 μονιὰν
2479 1165 2684 1234 σχοῦσα
2709 1147 2772 1218 ἐκ
2795 1147 2888 1218 τοῧ
2914 1165 3128 1235 ἀνδρὸς,
3164 1167 3260 1219 καὶ
3294 1165 3464 1236 μόνης
3490 1167 3662 1236 αὐτῆς

2099 1252 2236 1322 μετά
2274 1252 2385 1306 τῶν
2417 1253 2625 1305 τέκνων
2668 1251 2830 1322 μέσον
2875 1255 3248 1324 κοιμωμένης,
3283 1255 3409 1326 περὶ
3439 1255 3664 1326 τάςιμε-

2097 1340 2412 1402 σονυκτίους
2453 1339 2601 1411 ῶρας
2635 1341 2692 1392 ὲν
2730 1341 2984 1394 ἐκστάσει
3033 1341 3304 1415 γενόμενα
3343 1343 3412 1399 τὰ
3461 1341 3660 1412 βρέφη.

2095 1429 2452 1484 διαναστάντα
2482 1433 2576 1488 καὶ
2614 1431 2984 1502 ὲπιλαϐόμενα
3006 1431 3113 1484 τῶν
3133 1433 3460 1502 ἀμφοτέρων
3487 1423 3663 1501 αὐτῆς

2101 1523 2344 1592 μασθῶν,
2379 1525 2446 1577 τά
2473 1523 2780 1594 ὲχιδνότοκα
2803 1523 2976 1578 ταῦτα
3006 1525 3266 1594 διέφαγον
3293 1523 3510 1587 αὐτούς.
3547 1524 3664 1578 Καὶ

2097 1611 2270 1676 οὓτως
2292 1605 2505 1682 ἡμέρας
2539 1614 2856 1682 γενομένης,
2905 1607 3064 1683 εὗρον
3100 1619 3198 1682 τήν
3230 1629 3288 1666 τε
3316 1613 3527 1682 μητέρα
3566 1615 3664 1666 καὶ

431 1706 687 1761 dentibus
735 1709 1005 1762 tenebant.
1057 1706 1168 1762 Huc
1217 1709 1512 1764 miserabili
1563 1725 1720 1778 ptena
1767 1710 1990 1764 fraudu-

2104 1703 2159 1756 τὰ
2183 1703 2356 1773 βρέφη
2377 1702 2569 1772 νεκρὰ,
2591 1703 2774 1772 ἀκμὴν
2798 1703 3100 1774 κρατοῦντα
3122 1707 3233 1765 τοῖς
3247 1701 3458 1757 ὀδοῦσιν
3476 1704 3686 1784 ᾑμαγο.

433 1797 576 1851 lenta
607 1799 692 1853 illa
724 1809 778 1864 et
801 1802 976 1856 sancti
1001 1806 1312 1856 accusatrix
1343 1801 1536 1856 ancilla
1564 1803 1726 1856 vitam
1762 1803 1996 1870 pessime

440 1887 680 1960 abrupit,
717 1899 880 1960 atque
912 1893 963 1944 iu
990 1901 1251 1945 aeternum
1279 1891 1602 1961 supplicium
1655 1885 1860 1958 deiecta
1891 1901 1992 1947 est.

431 1977 541 2034 Nec
567 1996 627 2034 ea
665 1982 716 2035 in
753 1997 808 2036 re
843 1985 1058 2052 iniquus
1083 1984 1184 2038 l'uit
1213 1983 1376 2046 Deus,
1411 1985 1509 2054 qui
1546 1984 1687 2038 labia
1725 1985 1914 2039 dolosa
1939 1993 1993 2038 et

431 2069 669 2140 linguam
697 2075 1102 2145 magniloquam
1130 2075 1172 2138 ³,
1194 2085 1251 2128 ιιι
1285 2091 1404 2130 cum
1425 2075 1623 2130 Davide
1654 2075 1865 2145 loquar,
1890 2079 1996 2131 cito

435 2163 701 2232 disperdit
749 2181 762 2216 :
817 2167 906 2234 qui
936 2180 1066 2219 vero
1117 2166 1265 2220 illum
1317 2165 1640 2236 gloriﬁcant,
1688 2166 1805 2224 illos
1833 2168 1994 2222 etiam

432 2263 555 2320 post
589 2262 814 2308 mortem
843 2255 1124 2324 gloriﬁcat.

507 2448 598 2504 liae
619 2461 747 2507 sunt
776 2450 932 2506 istius
959 2453 1062 2508 mei
1099 2453 1310 2508 minimi
1341 2457 1523 2523 operis
1549 2469 1687 2510 verae
1734 2455 1996 2526 historiae,

434 2555 570 2609 quas
594 2557 692 2611 ego
721 2543 940 2611 quidem
995 2543 1183 2616 collegi
1223 2562 1255 2600 a
1299 2547 1472 2601 sancti
1514 2547 1796 2614 proximis,
1830 2547 1996 2614 notis,

437 2633 704 2702 cognatis,
741 2634 929 2694 Sociis.
957 2637 1440 2709 contubernalibus
1467 2647 1522 2692 et
1553 2637 1862 2706 discipulis.
1913 2641 1998 2691 at-

434 2736 541 2788 que
570 2724 730 2780 etiam
759 2739 790 2777 ιι
850 2727 1063 2794 tyranni
1111 2728 1449 2798 symmyslis,
1503 2729 1593 2796 qui
1648 2729 1698 2782 in
1742 2727 1843 2783 bac
1889 2729 1996 2782 vita

432 2814 726 2868 etimnnum
757 2817 1079 2884 superstites
1108 2828 1255 2873 sunt.
1305 2818 1385 2873 Tu
1425 2835 1576 2884 vero,
1610 2835 1643 2875 o
1690 2821 1999 2876 venerande

436 2901 620 2968 Pater,
657 2905 802 2962 illius
827 2909 1007 2974 collis,
1045 2910 1340 2979 speluncae,
1373 2913 1603 2982 vitaeque
1633 2899 1850 2982 generis
1877 2927 1998 2965 suc-

435 3007 638 3058 cessor,
675 2996 1021 3052 sanctissime
1049 2997 1312 3066 Epipltani
1335 3039 1352 3064 ,
1387 3000 1476 3067 qui
1515 3015 1647 3055 meae
1676 3001 1998 3068 ignorantia:

434 3093 488 3136 et
519 3083 718 3154 ingenii
777 3087 1053 3144 tarditatis
1086 3089 1227 3142 nulla
1263 3091 1478 3154 ratione
1528 3092 1706 3147 habita
1731 3123 1748 3155 ν
1793 3094 1858 3146 ad
1896 3093 1998 3146 boc

441 3189 576 3240 opus
601 3177 1022 3245 aggrediendum
1051 3195 1184 3234 mete
1219 3180 1414 3234 vilitati
1449 3191 1639 3236 auctor
1671 3192 1724 3236 et
1757 3185 2002 3237 hortator

445 3268 627 3332 luisti,
660 3269 775 3322 haec
803 3285 972 3338 pauca
1006 3287 1123 3338 qua:
1153 3287 1217 3326 ex
1251 3272 1437 3327 multis
1463 3273 1669 3340 absque
1703 3273 1804 3326 ulla
1851 3289 2000 3328 mora

442 3367 652 3410 tuarum
687 3361 998 3415 orationum
1029 3361 1140 3431 Deo
1163 3363 1594 3433 gratissimarum
1623 3366 1822 3422 virtute
1855 3366 2004 3436 adju-

438 3461 527 3504 tus
563 3452 806 3523 eacerpsi
843 3461 898 3507 et
931 3454 1024 3508 tibi
1055 3454 1251 3520 oll‘ero,
1279 3471 1481 3525 quteso,
1517 3459 1722 3539 accipe.

512 3721 676 3796 528
701 3723 838 3792 Quid
883 3736 1010 3781 vero
1039 3727 1104 3781 ad
1142 3736 1193 3782 te
1232 3725 1446 3796 loquar,
1489 3743 1522 3783 ο
1555 3727 1718 3782 Pater
1740 3735 1788 3782 et
1819 3736 2007 3783 sancte

443 3825 671 3885 litat-lyr,
707 3797 877 3871 v‘ictor
898 3818 1108 3872 caeteris
1127 3818 1424 3872 victoribus
1446 3819 1606 3889 longe
1637 3818 2006 3887 praestantior,

441 3923 499 3962 re
527 3919 579 3960 et
603 3909 822 3964 nomine
845 3909 1142 3980 Stephane,
1197 3911 1310 3964 sive
1340 3925 1541 3964 corOua
1564 3911 1588 3964 ἳ
1617 3909 1893 3979 Siquidem
1920 3926 2008 3964 su-

442 4015 537 4069 pra
574 4001 834 4056 bumanas
859 4002 1001 4056 vires
1039 4010 1126 4058 est
1154 4012 1302 4054 tuum
1335 4003 1679 4073 martyrium.
1708 4001 2008 4071 CunLergo

443 4089 655 4144 illorum
697 4090 880 4146 laudes
916 4093 1204 4146 humanam
1232 4091 1542 4146 facultatem
1573 4079 1835 4162 superant
1866 4107 2006 4160 quo-

443 4197 559 4236 rmn
591 4181 730 4235 facta
785 4184 1076 4253 singularia
1143 4191 1314 4240 sunt:
1370 4185 1570 4239 idcirco
1632 4199 1765 4238 mea?
1815 4185 2009 4254 inopia:

441 4273 686 4325 obicibus
721 4282 811 4325 tuo
877 4273 1180 4327 interventu
1232 4287 1298 4327 ex
1357 4284 1510 4341 parte
1544 4272 1834 4341 perfractis
1863 4312 1878 4336 ,
1918 4283 2005 4326 ttta

441 4375 591 4430 tgusta
648 4361 859 4416 illustro
921 4371 982 4428 et
1028 4362 1262 4427 celebro,

446 4467 592 4515 rcus,
643 4460 790 4504 tuum
849 4458 1010 4520 caput
1061 4451 1168 4505 Deo
1239 4449 1354 4520 ipso
1401 4459 1720 4505 coronatum
1785 4449 2002 4520 hymnis

444 4557 666 4595 exorno.
735 4537 930 4594 Verum
985 4541 1300 4606 enimvero,
1359 4539 1666 4594 dum-llaec
1727 4539 1823 4592 tibi
1889 4552 2004 4592 mu-

446 4652 573 4690 ιιι-ιιι
625 4633 812 4700 offero,
847 4634 1112 4690 malorum
1158 4637 1354 4706 quibus
1405 4650 1522 4688 mea
1585 4634 1914 4690 infortunata
1950 4644 2004 4688 et

445 4729 715 4796 poet-atri:
761 4728 942 4780 anima
987 4728 1270 4795 premitur,
1309 4727 1688 4783 liberationem
1721 4736 1862 4796 peto.
1896 4725 2004 4780 lta-

445 4833 574 4888 que,
615 4834 648 4872 ο
677 4818 772 4872 Dei
800 4831 1028 4890 martyr,
1058 4831 1110 4874 ιιι
1135 4821 1226 4890 qui
1254 4821 1400 4875 solus
1419 4819 1696 4874 Christum
1721 4818 2004 4873 Dominum

443 4925 542 4982 pro
565 4911 732 4982 ipsius
754 4913 989 4984 imagine
1011 4914 1260 4984 patiendo
1273 4923 1328 4966 et
1349 4913 1665 4982 sanguinem
1681 4909 2004 4967 ell’undendo

444 5001 687 5059 imitatus
731 5019 836 5060 es:
879 5021 911 5059 ο
964 5020 1099 5059 nove
1129 5013 1312 5058 custos
1358 5013 1414 5058 et
1463 5005 1792 5058 intercessor
1835 4999 2003 5054 nostri

447 5097 664 5164 grncris
695 5115 708 5150 :
739 5111 773 5150 ο
820 5099 1119 5150 (Ιωιιιοιιιιηι
1153 5095 1562 5158 cxterminator,
1599 5094 1803 5148 erroris
1837 5091 2007 5146 idolo-

446 5199 566 5240 rum
603 5199 845 5250 eversor,
899 5183 1210 5242 sanctarum
1260 5185 1555 5254 imaginum
1606 5185 1858 5238 adorator
1910 5201 1924 5235 :
1973 5198 2006 5264 ο

540 5360 560 5392 ⁸
591 5359 731 5416 ΡεῑιΙ.
777 5378 850 5426 xt,
886 5364 941 5415 -ὶι

2100 1795 2265 1863 μένας
2309 1793 2409 1856 τὰς
2461 1793 2570 1848 τῶν
2620 1792 2814 1862 μαζῶν
2873 1795 3104 1863 σάρκας.
3161 1796 3272 1847 Καὶ.
3312 1793 3518 1862 ταύτην
3547 1795 3664 1864 τὴν

2097 1885 2336 1956 ἐλεεινὴν
2365 1886 2519 1955 δίκην
2538 1885 2809 1938 ὑποίσασα
2832 1887 2866 1954 ἡ
2894 1886 3043 1938 δολία
3073 1884 3251 1946 δουλὶς
3273 1885 3368 1938 καί
3391 1883 3486 1936 τοῦ
3512 1883 3662 1937 ὁσίου

2097 1979 2526 2049 κατηγορήτρια,
2579 1979 2928 2040 κακινκάκως
2973 1977 3035 2030 τὸ
3083 1979 3182 2047 ζῇν
3223 1971 3534 2046 ἀπέρρηξεν
3583 1978 3664 2040 είς

2097 2066 2452 2138 ἀτελεύτητον
2484 2067 2950 2138 παραπεμφθεϊσα
2983 2067 3222 2120 κόλασιν.
3261 2067 3380 2134 Καὶ,
3401 2068 3462 2121 ἐν
3485 2064 3666 2134 τούτῳ

2096 2158 2196 2210 οὐκ
2223 2157 2410 2222 ἄδικος
2434 2159 2462 2209 ό
2492 2157 2682 2233 ΘεὸςΙό
2711 2157 2898 2226 τάχιον
2932 2155 3291 2226 ὲξολοθρεύων
3315 2155 3467 2226 χείλη
3490 2153 3662 2217 δόλια,

2098 2249 2398 2312 Δαυῖδικῶς
2423 2249 2618 2323 εἰπεῖν.
2649 2248 2741 2303 καὶ
2791 2247 3044 2316 γλῶσσαν
3078 2247 3350 2318 μεγαλορή
3362 2263 3518 2314 μονα,
3541 2247 3666 2332 τοὺς

2094 2340 2154 2393 δὲ
2191 2339 2512 2404 δοξάζοντας
2538 2339 2701 2392 αὐτὸν
2731 2337 2970 2416 δοξάζων
2991 2336 3084 2395 καὶ
3116 2337 3255 2408 μετὰ
3299 2335 3552 2394 θάνατον.

2171 2453 2356 2508 Ταῦτά
2385 2471 2488 2532 μου
2533 2451 2628 2506 τοῦ
2679 2453 2960 2522 ἐλαχίστου
3001 2451 3156 2527 τοῦδε
3210 2451 3545 2521 πονήματος,
3595 2450 3666 2505 τά

2097 2545 2424 2615 ὲκλεχθέντα
2444 2531 2607 2614 παρά
2633 2543 2741 2596 τῶν
2768 2543 2861 2596 τοῦ
2887 2543 3036 2596 ὁσίου
3065 2537 3406 2612 ἀγχιστέων,
3461 2531 3664 2612 γνωρί-

2102 2653 2238 2706 μων,
2283 2635 2583 2704 συγγενῶν,
2632 2635 2895 2689 συνοίκων
2925 2637 2969 2700 ⁸,
3001 2632 3311 2703 όμορόφων,
3345 2631 3442 2685 καὶ
3469 2647 3662 2701 φοιτη-

2098 2729 2226 2794 τῶν,
2257 2728 2317 2781 οὐ
2358 2728 2463 2800 μὴν
2498 2727 2633 2782 ἀλλὰ
2667 2727 2762 2780 καὶ
2792 2725 2943 2796 παρά
2965 2725 3072 2779 τῶν
3105 2723 3196 2778 τοῦ
3229 2723 3496 2794 τυράννου
3530 2730 3667 2790 συμ-

2103 2805 2342 2890 μυστῶν,
2384 2819 2492 2872 τῶν
2551 2817 2736 2889 ἀκμὴν
2788 2818 2844 2868 ὲν
2891 2815 3024 2884 τῷδε
3075 2813 3155 2885 τῷ
3214 2813 3312 2885 βίῳ
3358 2811 3666 2875 συζώντων,

2087 2909 2329 2982 ’ἀληθινὰ
2360 2911 2695 2982 διηγήματα.
2735 2908 2898 2977 Ἄλλο,
2931 2901 2986 2960 ῶ-
3013 2907 3193 2976 Πάτερ
3240 2905 3412 2975 τίμιε,
3447 2904 3542 2958 καὶ
3573 2902 3666 2955 τοῦ

2101 3003 2266 3056 αὐτοῦ
2297 3001 2486 3074 βουνοῦ
2519 3001 2612 3054 καὶ⁸
2641 2999 2734 3053 τοῦ
2776 2998 3038 3069 σπηλαίου
3067 2990 3160 3051 καὶ
3192 2997 3284 3049 τοῦ
3318 2996 3522 3066 τρόπου
3546 2993 3666 3046 διά-

2099 3097 2244 3166 δοχε,
2299 3085 2566 3148 όσιώτατέ
2613 3093 2917 3162 Ἐπιφάνιε,
2945 3095 2994 3147 ’ό
3023 3091 3144 3146 οιαὶ
3189 3089 3326 3162 πρὸς
3370 3089 3436 3154 τὸ
3464 3089 3668 3144 τοιόνδε

2104 3185 2416 3256 ἐγχείρημα
2469 3185 2732 3252 ἐπιτάξας
2789 3185 2882 3238 καὶ
2916 3182 3364 3253 προτρεψάμενος
3394 3179 3495 3250 τὴν
3527 3179 3670 3248 ἐμὴν

2103 3279 2489 3350 ταπεινότητα,
2520 3277 2762 3350 παριδὼν
2783 3278 2882 3348 τήν
2907 3294 2964 3329 τε
2991 3275 3264 3330 ίδιωτείαν
3279 3275 3375 3327 καὶ
3405 3271 3669 3340 νωθρείαν

2109 3389 2234 3442 μου,
2267 3371 2442 3441 δέχοιο
2493 3369 2770 3440 amp-xui
2795 3368 2954 3422 δκνου
3010 3367 3214 3429 παντὸς
3273 3365 3420 3434 δίχα,
3453 3364 3525 3415 ὲκ
3562 3361 3670 3414 τῶν

2107 3463 2316 3518 πολλῶν
2362 3462 2519 3530 ὀλίγα
2571 3459 2970 3529 συλλεξάμενος
3021 3456 3362 3524 ἐπιφέροιμι,
3408 3452 3672 3522 συνεργόν

2107 3552 2506 3624 προκατασχὼν
2533 3553 2592 3607 ἐν
2614 3549 2824 3611 τούτοις
2847 3547 2958 3602 τῶν
2983 3547 3096 3600 ’σῶν
3118 3543 3528 3614 εὐπροσδέκτων
3552 3539 3670 3611 Θεῷ

2107 3645 2280 3715 εὐχῶν
2315 3643 2412 3711 τὴν
2441 3642 2814 3696 καλλιὲπειαν.
2969 3679 2973 3684 .
3307 3691 3314 3698 ,

2177 3736 2242 3788 Τί
2271 3735 2326 3788 δὲ
2359 3735 2452 3788 καὶ
2485 3735 2622 3804 πρὸς
2662 3733 2722 3785 σὲ
2757 3730 3082 3800 φθέγξομαι,
3115 3721 3160 3782 ὧ
3195 3727 3379 3795 Πάτερ
3407 3724 3670 3794 όσιόμαρο

2105 3842 2202 3888 τυς
2241 3824 2336 3877 καὶ
2379 3823 2647 3890 ἀθλοφόρε
2687 3823 2828 3890 ὑπὲρ
2862 3819 3175 3889 ἀθλοφόρων
3225 3813 3672 3904 φερώνυμεξτὲ-

2109 3929 2274 3982 φανε;
2304 3913 2444 3981 ὑπὲρ
2463 3911 2572 3980 γὰρ
2595 3909 2884 3981 ἄνθρωπον
2905 3908 3144 3978 ὑπάρχει
3168 3923 3260 3959 σου
3276 3901 3336 3958 ca
3351 3897 3667 3974 μαρτύριον·

2106 4000 2181 4059 ὧν
2209 4006 2234 4044 δ
2267 4004 2321 4056 δὲ
2347 4004 2408 4056 τδ
2437 4003 2598 4074 ἔργον
2629 4001 2927 4072 ἐξαίρετον,
2971 3999 3066 4054 καὶ
3107 4002 3136 4052 ὁ
3159 3998 3379 4061 ἔπαινος
3407 3996 3548 4066 ὑπὲρ
3577 3995 3672 4046 ἀν-

2110 4098 2344 4170 θρωπον.
2369 4095 2460 4148 Διὸ
2499 4097 2600 4166 τῆς
2625 4094 2857 4161 ἀπορίας
2895 4093 2954 4145 τὺ
3008 4089 3328 4160 σκυθρωπὸν
3374 4091 3439 4142 ὲκ
3475 4087 3678 4160 μέρους

2107 4190 2226 4250 ταῖς
2264 4189 2382 4250 σαῖς
2421 4185 2739 4256 πρεσϐείαις
2768 4181 3134 4254 παρανοίξας,
3158 4181 3224 4237 τὰ
3277 4177 3345 4249 σὰ
3393 4175 3663 4243 καταλαμ·

2111 4279 2330 4352 πρύνων
2359 4283 2625 4350 γεραίρω,
2655 4275 2835 4329 καὶτὰ
2867 4275 2936 4344 se
2971 4267 3482 4346 σοὶπροσκομίζων,
3511 4267 3587 4331 ὡς

1349 4363 1554 4431 tibique
1609 4372 1811 4415 ιιιῖιιποι
1866 4362 2000 4417 οίΪΕ-
2037 4369 2078 4423 D
2109 4368 2388 4440 λειμώνων
2417 4357 2607 4432 ἄνθεά,
2643 4356 2741 4436 τὴν
2773 4365 2875 4434 σὴν
2927 4361 3189 4431 θεοστεφῆ
3230 4358 3454 4428 ἀνυμνῶ
3476 4357 3671 4427 κάραν.

2109 4461 2220 4514 Καὶ
2247 4461 2418 4514 ταῦτά
2442 4477 2523 4512 σοι
2553 4457 2902 4526 δωροφορῶν,
2924 4452 3233 4523 ἐλευθερίαν
3254 4450 3390 4526 αἰτῶ
3415 4449 3524 4502 τῶν
3544 4463 3676 4501 κατ-

2111 4552 2345 4622 εχόντων
2408 4548 2596 4604 δεινῶν
2625 4549 2726 4618 τὴν
2746 4548 2804 4600 ὲν
2830 4545 3052 4608 πολλαῖς
3075 4541 3371 4613 ἁμαρτίαις
3399 4537 3674 4592 ταλαιπω-

2115 4641 2317 4712 ροῦσάν
2345 4658 2448 4710 μου
2489 4639 2686 4709 ψυχήν.
2733 4636 2899 4700 Ἀλλ’,
2930 4629 2974 4688 ὦ
3002 4634 3136 4686 Θεοῦ
3179 4627 3473 4701 μάρτυς,,δ
3515 4625 3676 4694 μόνος

2111 4736 2202 4787 τὸν
2227 4733 2502 4801 Δεσπότην
2564 4729 2796 4802 Χριστὸν
2841 4728 2919 4798 τῷ
2967 4726 3107 4794 ὑπὲρ
3139 4720 3308 4776 αὐτοῦ
3336 4720 3436 4788 τῆς
3467 4716 3676 4802 εἰκόνος

2053 4871 2058 4876 ,
2114 4823 2278 4880 πάθει
2309 4823 2404 4878 κοιλ⁵
2431 4827 2499 4894 τῇ
2543 4819 2890 4894 ἐκχύσειητοῦ
2933 4817 3165 4890 uitiato:
3199 4809 3600 4894 μιμησάμενος
3631 4801 3677 4858 ὦ

2114 4917 2268 4972 καινὲ
2293 4892 2589 4984 φύλαξίκαὶ
2613 4892 2925 4982 πρεσϐευτὰ
2947 4907 3041 4961 τοῦ
3069 4907 3258 4974 γένους
3279 4899 3437 4970 ἡμῶν
3460 4915 3472 4928 °
3497 4892 3542 4952 ὦ
3565 4896 3678 4954 δίει⁴

2118 5005 2296 5075 μόνων
2338 5002 2654 5075 ὀλοθρευτὰ,
2709 4999 2947 5054 εἰδώλων
2995 5013 3054 5049 τε
3097 4993 3304 5062 πλάνης
3358 4987 3673 5075 καθαιρέτα,

2117 5073 2209 5147 καί⁵
2240 5093 2408 5158 ἁγίων
2435 5073 2658 5144 εέκόνων
2699 5085 3082 5160 προσέιυνητά·
3112 5075 3158 5134 ὧ
3192 5079 3495 5133 νοσούντων
3531 5073 3676 5144 ίατρέ

2118 5183 2211 5236 καὶ
2239 5181 2506 5236 παντοίων
2532 5179 2858 5248 νοσημάτων
2889 5173 3201 5246 φυγαδευτὰ
3226 5185 3238 5196 ”
3269 5164 3314 5224 ὧ
3343 5179 3675 5222 καταπονου-

1715 5469 1946 5525 ΥΛΙΞΙΑΞ
1992 5467 2388 5526 LICCTIONES.

526 5612 552 5648 ε
581 5613 656 5667 al.
682 5612 968 5666 συσσίτων.
1053 5608 1081 5649 Ιι
1111 5607 1180 5664 al.
1210 5600 1292 5664 οὗ.
