3938 6168
208 280 320 347 1135

1235 288 1405 351 VITA
1460 290 1521 347 Ξ.
1563 288 1935 348 STEPHANI
1976 290 2357 353 JUNIORIS.

3282 297 3417 363 1186

206 400 354 469 μένων
417 401 733 472 ὐπέρμαχε,
798 402 893 456 καὶ
928 402 1372 473 χειμαζομένων
1431 403 1746 472 ἀκύμαντον

1851 406 2229 472 argrotantium
2266 407 2478 461 medice
2506 417 2559 463 ct
2588 410 2720 462 varii
2746 412 2958 479 generis
2988 414 3296 468 morborum
3328 421 3416 470 de-

201 492 537 563 ὁρμητήριον
601 487 646 546 ὦ
700 492 1088 564 πτωχευόντων
1153 494 1356 564 χορηγὲ
1392 533 1405 553 ,
1470 493 1566 546 καί
1622 495 1741 545 ἐπι-

202 582 500 651 ξενουμένων
552 584 843 647 ἀνελλιπὲς
905 583 1259 655 παραμύθιον
1292 600 1306 614 ⁸
1368 576 1414 635 ὦ
1460 583 1744 650 neniam-

203 671 349 740 μένων
400 672 587 742 ὁδηγὲ,
643 673 740 726 καὶ
804 672 915 746 τῶν
995 671 1097 742 ἢδη
1151 670 1597 725 πεπιστευκότων
1652 671 1744 740 ὁρ-

198 748 392 828 0066qu
446 762 507 815 τὸ
549 746 830 834 στήριγμα
864 756 954 839 ’κῶ
992 761 1217 832 φωστὴρ
1277 763 1587 832 παγκόσμιε
1636 778 1747 830 φω-

197 853 333 917 τίζων
353 853 642 925 ψυχὰς.τῇ
684 854 895 924 αἱρέσει
936 854 1340 924 ὲσκοτισμένας
1360 869 1373 882 ⁸
1398 848 1444 907 ὧ
1492 853 1746 921 ἀγγέλων

198 940 445 1010 συνόμιλε,
481 941 577 995 καλ¹
613 941 723 994 τῶν
755 940 1111 1012 ἀρχαγγέλων
1152 942 1494 1012 συγχορευτά
1521 957 1535 971 ’
1569 936 1614 993 ὧ
1647 943 1744 1011 τῆς

196 1032 325 1100 ἁγίας
357 1033 593 1102 Τριάδος
621 1032 863 1103 θεράπον
895 1035 991 1087 καὶ
1028 1033 1219 1104 ψυχῶν
1249 1033 1607 1104 ἀνθρωπίνων
1636 1035 1747 1102 ίερ-

194 1123 355 1195 ουργέ·
391 1121 443 1177 ὧ
490 1124 889 1194 εὐπρόσδεκτος
952 1126 1372 1195 προσφερομένη
1432 1124 1552 1194 Θεῷ
1607 1125 1740 1194 εὐχὴ

196 1216 312 1286 ὑπὲρ
334 1216 448 1269 τῶν
477 1217 538 1269 ὲν
562 1216 793 1287 ἀληθινῇ
823 1218 1008 1269 πίστει
1029 1216 1337 1286 δεχομένων
1365 1218 1459 1268 καὶ
1489 1215 1743 1278 δοξαζόν-

192 1322 282 1360 των
304 1292 391 1358 σου
422 1306 486 1359 τὸ
525 1307 859 1378 μαρτύριον,
890 1301 934 1360 ὦ
970 1306 1171 1379 ἐλατὴρ
1210 1308 1276 1359 ἐκ
1312 1305 1448 1359 Θεοῦ
1480 1310 1592 1369 τοῖς
1648 1307 1747 1359 ἀκ-

197 1395 285 1466 μὴν
305 1399 365 1466 τῇ
400 1398 618 1467 αἱρέσει
664 1397 777 1449 τῶν
814 1398 1435 1468 Χριστιανοκατηγόρων
1477 1397 1747 1469 ἐμμένου-

196 1503 280 1551 σιν,
301 1489 392 1540 καὶ
428 1488 591 1559 δίκην
632 1488 861 1551 ἀσπίδος
910 1488 1102 1558 κωφῆς
1136 1487 1365 1557 μύουσιν
1394 1487 1464 1539 τὰ
1494 1481 1627 1551 ὦτα,
1671 1486 1743 1555 μὴ

193 1576 443 1641 ἐθέλοντες
478 1579 497 1619 ῖ
521 1574 743 1630 ἀκούειν
780 1577 813 1646 ἢ
858 1576 1138 1630 πιστεύειν
1167 1576 1266 1637 τὰς
1312 1574 1409 1639 σάς
1438 1575 1742 1643 ἀθλητικὰς

194 1668 529 1737 παλαίστρας·
549 1669 642 1723 καὶ
666 1668 752 1721 ἵνα
771 1667 1052 1737 συντόμως
1076 1666 1238 1731 εἴπω,
1267 1659 1312 1718 ὦ
1330 1666 1530 1729 παντὸς
1551 1665 1744 1734 ὀνόμα-

190 1776 267 1822 τος
284 1759 491 1828 ἀγαθοῦ
507 1760 603 1813 καὶ
623 1760 805 1828 πάσης
824 1760 1132 1828 κρείττονος
1154 1757 1407 1828 πράξεως
1427 1758 1740 1827 ὑπερεκτει-

191 1850 358 1920 νόμενε
414 1850 592 1903 δίκαιε
635 1848 681 1913 i,
735 1850 994 1916 ἀσκητῶν
1068 1840 1532 1917 ὲγκαλλώπὶσμα,
1582 1846 1743 1899 ὁσίων

191 1940 437 2008 ὲκλόγιον,
485 1939 770 2009 μοναστῶν
793 1939 1066 2009 σύστημα,
1105 1937 1432 2008 καθηγητῶν
1461 1937 1740 2006 λαμπτὴρ,

190 2031 557 2087 ὐποτακτικῶν
586 2026 809 2101 ἅμιλλα,
847 2034 943 2083 καὶ
985 2029 1277 2099 μαρτύρων
1315 2029 1581 2099 ὁμόστεφε
1623 2030 1745 2096 an:

190 2122 433 2192 Στέφανε,
483 2118 648 2192 δέχού
673 2122 767 2174 νῦν
809 2121 899 2175 τὸν
953 2121 1085 2190 παρ’
1115 2120 1461 2190 ἐμοῐῒλόγον,
1504 2120 1579 2182 ὡς
1610 2117 1744 2171 Θεοῦ

189 2217 341 2284 Λόγου
377 2215 602 2286 γνήσιος
628 2213 901 2285 Θεράπων,
943 2213 1181 2283 μίμησαι
1215 2212 1308 2265 καὶ
1333 2214 1389 2265 ἐν
1418 2211 1745 2281 τούτῳΧρι-

190 2309 319 2374 στὸν,
358 2308 455 2361 τὸν
480 2309 551 2360 τὰ
585 2307 679 2359 δύο
714 2307 888 2360 λεπτὰ
941 2308 1041 2375 τῆς
1071 2308 1248 2378 χήρας
1277 2304 1420 2374 ὐπὲρ
1443 2304 1541 2367 τὰς
1572 2304 1748 2356 ἄλλων

190 2399 507 2470 πολυτίμους
531 2399 848 2469 προσφορὰς
884 2399 1250 2472 ἐπαινέσαντα
1266 2404 1292 2428 λ’
1348 2397 1423 2466 μὴ
1470 2394 1747 2464 ἀποστρέ-

189 2492 282 2564 lin;
321 2509 422 2562 μου
464 2491 528 2543 τὸ
569 2489 678 2542 τῶν
706 2489 883 2557 λόγων
922 2488 1292 2557 ἀλάϐαστρον,
1328 2487 1403 2549 ὡς
1433 2485 1553 2538 οὐδὲ
1593 2488 1619 2538 ὁ
1661 2486 1749 2536 Δε-

191 2585 380 2654 σπότης
411 2581 656 2652 Χριστὸς
703 2582 801 2651 τῆς
831 2580 1082 2651 πόρνης,’
1114 2581 1161 2632 εί
1197 2579 1291 2632 καὶ
1333 2579 1408 2648 μὴ
1450 2579 1512 2630 τὺ
1549 2577 1749 2638 εὐῶδες

189 2671 380 2740 nam
402 2670 511 2728 τῶν
531 2664 753 2738 ἀγαθῶν
784 2668 960 2738 ἔργων
990 2668 1267 2737 ἐπάγομαι
1288 2685 1300 2696 ·
1328 2667 1495 2736 μονὴν
1523 2666 1750 2735 ποίησον

189 2766 239 2816 ὲν
261 2768 321 2836 τῇ
348 2766 586 2833 ταπεινῇ
621 2780 721 2832 μου
750 2763 918 2832 ψυχῇ.
943 2760 1019 2825 ὡς
1050 2761 1143 2814 κα)⁸
1163 2762 1190 2813 ὁ
1215 2758 1451 2830 Χριστὸς
1481 2760 1540 2811 ὲν
1567 2761 1631 2828 τῇ
1653 2756 1748 2811 τοῦ

190 2856 440 2925 Ζακχαίου
460 2854 651 2925 οἰκίᾳ*
674 2852 980 2922 τελώνησον
1014 2855 1071 2906 ὲν
1088 2850 1374 2921 ἐξετασμῷ
1391 2851 1481 2921 τὸν
1509 2850 1749 2919 τελωνή-

191 2949 340 3003 σαντά
366 2948 481 3019 (28)
512 2966 579 3017 με
606 2936 885 3000 διάϐολονέ
918 2945 1212 2998 ἀνέλκυσόν
1246 2962 1312 3014 με
1343 2943 1436 2997 τοῦ
1470 2943 1634 3015 βυθοῦ
1656 2943 1750 2996 τὸν

191 3039 609 3111 βεϐαπτισμένον
635 3041 750 3102 τοῖς
786 3036 1016 3091 πάθεσιν
1040 3053 1054 3069 ’
1094 3035 1432 3106 ζωοποίησον
1456 3037 1580 3097 ταῖς
1627 3037 1750 3097 σαῖς

1853 494 2047 565 pulsor
2071 511 2083 545 ε
2112 507 2146 547 ο
2173 493 2496 549 ιιίῐιιιξισιτιιιιι
2527 496 2802 559 defensor,
2842 510 2896 553 et
2935 501 3130 555 mediis
3157 502 3208 556 in
3234 501 3417 557 ﬁucti-

1846 583 1946 636 bus
1976 584 2396 651 periclitantium
2440 596 2627 651 portus
2659 587 3141 656 tranquillissimus
3176 606 3191 644 ε
3226 607 3258 644 ο
3286 608 3417 659 pau-

1846 687 2030 738 perum
2081 677 2493 728 administrator
2543 686 2598 728 et
2657 678 3070 746 peregrinorum
3135 695 3411 750 nunquam

1845 759 2105 813 deﬁciens
2126 762 2424 815 consolatio
2452 779 2466 815 :
2498 777 2531 814 o
2563 763 2667 816 dux
2698 765 3024 831 errantium,
3053 775 3108 819 et
3134 765 3419 822 fulcimen—

1844 857 1955 902 tnnt
2010 853 2436 907 orthodoxorum
2479 854 2588 923 jam
2640 856 2975 909 credentium
3040 872 3120 911 :o
3149 858 3417 913 luminare

1846 940 2266 1007 pulcherrimum
2303 942 2466 1013 529
2507 942 2719 998 animus
2754 946 2992 1000 tenebris
3020 947 3296 1004 haereseos
3326 951 3417 1001 ob-

1846 1030 2054 1084 volutas
2095 1032 2449 1088 illuminans:
2505 1048 2538 1088 ο
2593 1035 2904 1104 angelorum
2968 1037 3171 1091 sodalis
3228 1049 3280 1092 et
3328 1057 3416 1090 ar-

1848 1122 2231 1192 cbangelorum
2264 1126 2504 1180 soeie:o
2532 1137 2732 1182 sanctae
2784 1126 3070 1183 Trinitatis
3124 1130 3325 1193 cultor,
3364 1142 3418 1184 ιι

1845 1215 2148 1267 animarum
2180 1214 2541 1268 humanarum
2577 1217 2869 1270 sacerdos:
2909 1233 2942 1269 ο
2979 1229 3289 1286 pergratum
3326 1237 3417 1269 vn-

1844 1312 1954 1361 tum
1990 1305 2097 1358 Deo
2131 1304 2369 1359 oblatum
2410 1321 2509 1374 pro
2547 1306 2633 1360 bis
2681 1307 2773 1374 qui
2804 1323 2923 1359 cum
2957 1323 3083 1363 vera
3122 1308 3226 1365 ﬁde
3265 1321 3413 1362 tuum

1846 1396 2167 1465 martyrium
2206 1398 2531 1465 suscipiunt,
2584 1408 2638 1451 et
2691 1398 2940 1453 laudibus
2999 1400 3325 1456 celebrant:
3383 1419 3415 1454 o

1845 1485 2026 1540 divine
2059 1486 2314 1553 expulsor
2345 1487 2560 1540 iliorum
2611 1488 2703 1556 qui
2733 1488 2785 1540 in
2827 1490 3020 1543 breresi
3073 1490 3416 1546 Christianos

1846 1576 2292 1630 calumniantium
2354 1579 2648 1645 persistunt
2677 1619 2691 1644 ,
2744 1581 2949 1649 quique
2996 1581 3171 1634 instar
3219 1584 3421 1647 aspidis

1847 1667 2023 1719 surdae
2063 1678 2383 1722 suas‘aures
2436 1669 2747 1732 obstruunt,
2781 1679 2903 1724 tuas
2932 1673 3217 1726 athleticas
3264 1674 3425 1742 palm-

1783 1749 1823 1801 B
1849 1767 1989 1808 stt-as
2018 1757 2133 1811 sive
2162 1758 2457 1812 certamina
2485 1761 2685 1814 audire
2705 1763 2782 1815 vel
2806 1763 3026 1816 credere
3056 1778 3412 1818 recusantes.

1853 1845 2114 1917 Denique,
2151 1861 2209 1902 ut
2242 1850 2479 1904 breviter
2512 1852 2706 1913 dicam.
2732 1866 2764 1904 ο
2786 1850 2953 1919 juste,
2988 1855 3079 1922 qui
3105 1856 3254 1907 omni
3279 1855 3423 1909 bono

1860 1942 2079 1991 notn‘mc
2102 1948 2155 1991 et
2183 1940 2328 1995 oumi
2366 1941 2589 1995 meliore
2618 1943 2832 1997 actione
2879 1955 3108 2011 praestas
3146 1963 3160 1998 :
3197 1960 3231 2000 ο
3265 1962 3423 1999 asce-

1854 2038 2028 2082 tarum
2059 2039 2464 2095 ornamentum,
2496 2043 2807 2088 sanctorum
2834 2035 3096 2098 delectus,
3119 2039 3420 2090 monacho-

1856 2136 1973 2175 rttm
1998 2121 2274 2175 vinculum
2300 2136 2367 2175 ac
2389 2119 2572 2188 robu'r,
2605 2125 2692 2178 fax
2716 2126 3080 2194 superiorum,
3102 2126 3314 2181 inferior
3332 2144 3423 2183 um

1853 2214 2150 2274 aemulatio,
2218 2228 2320 2266 una
2378 2229 2500 2267 cum
2568 2217 2897 2288 martyribus
2928 2225 3185 2272 coronate
3240 2231 3426 2271 sancte

1854 2303 2148 2372 Steplt’ane,
2203 2323 2319 2361 mea
2366 2312 2526 2363 verba
2581 2320 2733 2379 grata
2797 2311 2957 2373 habe,
3016 2322 3072 2364 ut
3128 2327 3293 2387 verus
3334 2312 3426 2366 Dei

1856 2393 2015 2449 Verbi
2052 2411 2264 2453 servus.
2302 2398 2355 2451 In
2386 2400 2488 2453 hoc
2518 2416 2737 2470 quoque
2770 2404 2985 2455 imitare
3007 2403 3305 2467 Christum,
3335 2406 3425 2470 qui

1855 2488 1990 2540 duos
2049 2489 2221 2543 viduae
2262 2490 2452 2545 obolos
2490 2493 2746 2561 pretiosis
2797 2492 3026 2548 aliorum
3058 2494 3428 2549 oblationibus

1855 2577 2024 2647 pluris
2058 2577 2203 2634 fecit.
2238 2580 2318 2633 Ne
2354 2597 2532 2636 meum
2566 2583 2853 2637 verborum
2885 2585 3217 2638 alabastrum
3257 2601 3420 2654 rcpno

1854 2666 2087 2720 diaveris
2122 2668 2165 2732 ⁸,
2195 2668 2269 2722 uti
2293 2684 2468 2738 neque
2494 2670 2747 2725 Christus
2775 2671 3052 2733 Dominus,
3087 2675 3426 2740 meretricis;

1853 2754 1982 2810 licet
2019 2773 2118 2827 ego
2151 2774 2369 2813 suavem
2409 2763 2630 2815 odorem
2663 2763 2819 2815 bonis
2869 2763 3123 2830 operibus
3156 2778 3264 2834 non
3299 2764 3426 2818 alle-

1857 2864 1994 2903 ram.
2025 2851 2178 2919 Apud
2229 2867 2401 2905 meam
2440 2851 2695 2906 humilem
2744 2853 2978 2905 animam
3015 2856 3423 2919 commorare",

1857 2950 1913 2992 ιιι
1941 2940 2187 2995 Christus
2210 2943 2262 2995 in
2287 2941 2495 2997 Zachaei
2518 2943 2698 2996 domo.
2737 2943 2925 2997 Severi
2954 2940 3225 3012 publicani
3264 2943 3429 3017 53o

1859 3047 2052 3085 munus
2095 3033 2352 3087 adversus
2395 3032 2668 3086 diabolum
2700 3049 2917 3099 exerce,
2959 3034 3050 3104 qui
3082 3036 3134 3089 id
3184 3041 3427 3092 muneris

188 3132 422 3203 δεήσεσιν
444 3131 547 3203 ἐμὲ
571 3130 664 3184 τὸν
691 3130 1099 3201 νενεκρωμένον
1122 3131 1237 3191 τοῖς
1266 3126 1712 3199 παραπτώμασιν
1731 3140 1746 3156 ⁸

1853 3118 2135 3173 adversum
2186 3136 2271 3173 me
2333 3130 2575 3176 exercet.
2642 3122 2726 3176 Me
2780 3123 2917 3177 meis
2973 3123 3256 3179 allectibus
3291 3127 3427 3179 sub-

188 3223 492 3288 προσάγαγε
545 3217 625 3286 τῷ
682 3216 904 3287 Χριστῷ
961 3216 1054 3269 τὸν
1109 3216 1487 3285 μακρυνθέντα
1536 3214 1748 3278 τούτου,

188 3312 287 3373 rei;
334 3311 491 3381 ἐμοῖς
539 3309 936 3380 ἁμαρτήμασιν
960 3325 975 3341 ·
1006 3307 1344 3377 συγκέρασον
1376 3306 1541 3377 ἐλαίῳ
1580 3303 1744 3374 οἶνον,

188 3400 255 3463 ὡς
301 3402 501 3470 ίατρδς
553 3399 964 3470 εὐσπλαγχνος⁸
1017 3400 1114 3453 καὶ
1165 3400 1263 3461 τὰς
1307 3399 1596 3485 ἀσθενείας
1654 3398 1750 3452 τοῦ

190 3491 504 3564 ἁμαρτωλοῦ
550 3508 653 3561 μου
682 3490 936 3560 σώματος
961 3490 1130 3553 ῐασαι,
1163 3490 1249 3542 ἵνα
1289 3488 1444 3557 κάγὼ
1475 3491 1503 3542 ὁ
1533 3488 1753 3555 ἀνάξιος

188 3587 274 3654 τῆς
290 3602 353 3637 τε
377 3584 624 3656 ψυχικῆς
650 3585 767 3651 ἅμα
788 3584 881 3637 καλ⁸
912 3584 1231 3654 σωματικῆς
1257 3582 1502 3652 ἰατρείας
1531 3584 1588 3633 ὲν
1616 3583 1754 3634 ἀπο-

189 3675 365 3729 λαύσει
396 3676 488 3729 διὰ
518 3668 612 3728 σοῦ
635 3675 883 3744 γένωμαι
906 3687 921 3703 °
958 3676 1052 3727 καὶ
1078 3674 1153 3736 ὡς
1184 3678 1242 3728 ὲν
1279 3674 1413 3743 τῷδε
1440 3673 1516 3745 τῷ
1540 3673 1657 3743 βίῳ.
1683 3675 1749 3744 τῇ

189 3767 441 3838 ὀνομασίᾳ
462 3770 565 3836 τῆς
581 3766 851 3835 κλήσεως,
872 3784 946 3818 πα
956 3767 1305 3836 μμακάριστε
1327 3766 1588 3832 Στέφανε,
1621 3781 1751 3816 συν-

188 3836 391 3926 ώνυμὸς
417 3836 499 3911 σοι
515 3859 737 3925 γέγονα,
756 3856 852 3909 xui.
870 3860 970 3927 τῆς
992 3856 1180 3909 αὐτόθι
1201 3858 1505 3927 ὁμόκληρος
1528 3856 1554 3895 ι
1600 3854 1754 3923 ὁιρθῶ
1778 3836 1805 3859 ⁸

186 3948 356 4015 δεξιᾶς
386 3948 808 4021 παραστάσεως.
847 3950 945 4002 σὺν
986 3947 1140 4019 πάσῃ
1186 3947 1356 4019 ταύτῃ
1386 3951 1452 4019 τῇ
1483 3947 1752 4018 ὀρθοδόξῳ

186 4040 446 4112 ὀμηγύρει
482 4040 502 4080 ι
544 4045 613 4112 τῇ
651 4040 861 4101 πιστῶς
900 4039 1223 4109 εὐφημούσῃ
1271 4055 1331 4091 σε
1376 4038 1513 4109 μετὰ
1543 4038 1752 4110 μαρτύ-

189 4148 293 4201 ρων
322 4134 473 4200 ἀγιον
521 4133 814 4203 μάρτυρα,
845 4132 964 4192 ταῖς
1016 4130 1114 4199 τῆς
1163 4129 1437 4195 παναγίας
1485 4129 1751 4182 Θεοτόκου

190 4223 480 4291 μητρικαῖς
509 4220 854 4291 πρεσϐείαις,
884 4220 978 4272 καὶ
1016 4220 1235 4271 πάντων
1266 4219 1375 4272 τῶν
1410 4221 1600 4287 ἁγίων,
1637 4221 1755 4288 ἅμα

196 4311 277 4360 (at
299 4314 417 4375 ταῖς
434 4310 870 4382 εὐπροσδέκτοις
894 4310 1014 4380 θεῷ
1038 4310 1216 4373 ὁσίαις
1244 4312 1430 4380 εὐχαῖς
1462 4329 1577 4375 σου,
1596 4311 1753 4375 δόξαν

194 4401 519 4472 ὶναπέμπων
545 4406 643 4457 σὺν
688 4403 823 4472 αὐτῇ
859 4403 947 4455 ἐπὶ
978 4404 1162 4464 πᾶσιν,
1192 4401 1270 4471 τῷ
1309 4419 1370 4454 σε
1417 4404 1755 4471 φερωνύμως

197 4497 593 4561 πεφανώσαντι
634 4495 857 4567 Χριστῷ
908 4495 986 4563 τῷ
1040 4488 1379 4563 παμϐασιλεί
1425 4495 1543 4563 Θεῴ
1573 4494 1752 4564 ἡμῶν,

201 4577 227 4649 ξι
252 4588 450 4658 πρέπει
476 4589 615 4660 τιμὴ
650 4590 747 4641 καλ⁵
773 4588 1143 4658 προσκύνησις
1184 4589 1280 4640 σὺν
1320 4586 1397 4656 τῷ
1423 4588 1643 4657 ἀνάρχῳ
1668 4588 1759 4640 αὐ-

188 4676 272 4728 τοῦ
300 4679 474 4752 Πατρὶ
507 4680 701 4750 καὶτῷ
727 4679 978 4749 ζωοποιῷ
1011 4681 1107 4731 καὶ
1136 4679 1278 4750 ἁγίῳ
1320 4678 1628 4746 Πνεύματι,
1661 4678 1758 4729 νῦν

184 4767 271 4819 καὶ
299 4771 385 4822 ἀεὶ
410 4773 504 4825 καὶ
533 4774 612 4834 εἰς
643 4774 768 4834 τοὺς
794 4769 993 4833 αἰῶνας
1043 4757 1150 4838 τῷν
1201 4770 1436 4823 αἰώνων.
1489 4770 1682 4838 Ἀμήν.

1856 3223 2091 3264 mersum
2135 3226 2166 3265 e
2219 3212 2484 3282 profundo
2549 3216 2788 3268 retrabe.
2846 3215 2928 3269 Me
2992 3219 3127 3270 meis
3186 3219 3427 3286 peccatis

1855 3308 2146 3364 mortuum,
2194 3302 2245 3355 in
2305 3304 2466 3356 vitam
2497 3305 2603 3358 tuis
2654 3305 2907 3374 precibus
2967 3322 3178 3361 revoca.
3214 3307 3426 3379 Μελιιηὶ

1855 3393 1989 3444 meis
2019 3391 2339 3449 criminibus
2362 3411 2390 3447 a
2413 3394 2636 3450 Chrism
2673 3397 2858 3465 procul
2896 3400 3098 3463 erravi,
3158 3400 3225 3453 ad
3270 3415 3427 3454 eum-

1844 3484 1973 3543 .detn
2054 3485 2317 3540 reducere
2396 3502 2464 3540 ne
2530 3503 2789 3557 gravare.
2856 3488 3054 3544 Vinum
3119 3507 3240 3546 cum
3308 3478 3435 3546 υιυά

1857 3575 2043 3640 tuisce,
2103 3575 2179 3627 uti
2220 3577 2531 3631 misericors
2594 3580 2853 3644 medicus,
2908 3584 3124 3650 meique
3176 3583 3425 3637 scelerati

1853 3664 2103 3735 corporis
2141 3664 2553 3721 inﬁrmitatibus
2592 3670 2810 3723 medere
2835 3709 2849 3732 ,
2878 3680 2936 3722 nt
2973 3683 3027 3725 et
3047 3686 3146 3742 ego
3179 3673 3431 3743 indignus

1853 3759 2047 3811 animae
2092 3765 2142 3811 et
2182 3757 2429 3827 corporis
2468 3758 2698 3812 salutem
2731 3775 2829 3828 per
2879 3771 2931 3813 te
2972 3778 3293 3832 consequar.
3328 3766 3429 3818 Po-

1854 3864 2079 3916 stremo,
2110 3852 2565 3919 quemadmodum
2599 3852 2651 3906 in
2676 3853 2843 3906 hacce
2873 3854 3007 3913 vita.
3047 3872 3079 3909 ο
3112 3857 3428 3912 beatissime

1856 3942 2149 4012 Stephane,
2177 3943 2394 3997 nomine
2409 3953 2464 3997 et
2489 3944 2865 4013 appellatione,
2889 3947 2961 3998 tui
2984 3945 3163 4001 factus
3191 3962 3428 4002 summ-

1854 4035 2165 4103 gnominis:
2198 4035 2267 4088 ita
2295 4043 2352 4089 et
2382 4035 2436 4088 in
2477 4034 2839 4103 collocatione
2869 4037 2934 4089 ad
2990 4039 3293 4102 dexteram,
3350 4041 3426 4094 tui

1856 4140 2080 4178 consors
2135 4139 2445 4194 appaream,
2500 4142 2620 4177 ctnn
2675 4126 2929 4180 universo
2973 4126 3077 4182 hoc
3125 4130 3429 4183 orthodoxe

1862 4229 2031 4281 cmtu,
2066 4221 2157 4286 qui
2187 4227 2239 4272 te
2263 4234 2384 4272 cum
2413 4220 2619 4273 sanctis
2643 4219 2975 4290 martyribus
2997 4230 3243 4275 sanctum
3275 4239 3427 4276 mar—

1859 4314 2029 4376 tyrem
2061 4307 2289 4361 ﬁdeliter
2318 4309 2607 4373 praedicat;
2639 4310 3008 4376 quodntiuam
3043 4310 3138 4365 ﬁat
3164 4313 3430 4367 maternis

1860 4396 2220 4450 sanetissimaa
2260 4397 2504 4464 Dciparae
2548 4407 2605 4452 et
2642 4399 2886 4452 onmium
2932 4411 3243 4454 sanctorum
3270 4401 3432 4455 inter-

1861 4487 2223 4550 cessionibus,
2253 4489 2468 4555 tuisque
2499 4487 2607 4543 Deo
2640 4491 2879 4559 acceptis
2911 4493 3116 4546 sanctis
3151 4494 3429 4562 precibus,

1861 4590 1917 4633 ut
1967 4580 2018 4632 in
2069 4579 2320 4633 omnibus
2363 4595 2483 4633 cum
2538 4580 2707 4635 haece
2762 4584 3028 4638 concione
3055 4588 3118 4636 ad
3152 4584 3432 4641 Christum

1860 4674 2233 4725 universorum
2275 4687 2454 4740 regem
2494 4683 2549 4726 et
2586 4673 2756 4727 Deum
2814 4687 3054 4728 nostrum
3095 4679 3315 4746 gloriam
3355 4697 3439 4729 rc-

1863 4765 1891 4818 l'-
1919 4781 2056 4829 rant,
2084 4765 2171 4831 qui
2198 4766 2419 4832 tcjutta
2454 4780 2652 4818 nomen
2675 4776 2824 4818 tuum
2846 4769 3125 4822 coronavit
3147 4768 3330 4840 ;531
3384 4771 3435 4822 ui

185 4864 630 4917 convenithoeor
659 4876 711 4916 et
739 4865 983 4917 atluralio
1033 4878 1155 4917 cum
1202 4861 1444 4929 ejusdem
1490 4860 1673 4937 Patre,
1729 4860 1819 4928 qui
1880 4860 1998 4911 sine
2031 4856 2297 4925 principio
2322 4867 2424 4919 (πει,
2457 4866 2511 4910 et
2559 4858 2772 4912 viviﬁco
2815 4870 3003 4913 sant-to
3037 4859 3261 4929 Spiritu,
3295 4876 3437 4914 nunc

183 4957 235 5002 et
256 4965 490 5022 semper,
527 4962 580 5005 et
614 4954 666 5005 in
702 4953 895 5005 saecula
930 4951 1276 5005 sreculurum.
1319 4953 1512 5002 Amen.

247 5102 271 5136 ⁵
305 5105 493 5163 Matth.
533 5123 683 5172 xxvi,
717 5107 775 5159 7.
883 5106 904 5136 ⁸
932 5103 1064 5160 an.
1104 5121 1224 5167 xix,
1257 5104 1291 5159 6

1480 5217 1716 5273 Vitlile
1760 5218 2165 5274 LECTIONES.

250 5350 269 5396 ί
308 5354 454 5416 Unus
472 5361 632 5416 addit
661 5361 758 5414 καὶ
787 5358 1013 5422 ῐῖοντες.
1096 5358 1108 5407 l
1147 5356 1214 5409 al.
1254 5355 1375 5424 ἅγιε
1399 5355 1660 5423 Στέφανε.
1736 5350 1761 5389 ιι

1790 5354 1860 5407 al.
1889 5354 2208 5433 ὁμόκλητος.
2294 5353 2309 5391 ι
2345 5356 2413 5406 al.
2452 5354 2773 5425 πανηγύρει.

1658 5491 1883 5548 NOTAE.

245 5614 357 5685 (28)
383 5616 552 5689 Graeci
574 5618 844 5672 vocabant
869 5614 1144 5689 daemones
1168 5610 1430 5689 τελῶνας,
1460 5611 1510 5662 id
1531 5622 1762 5689 est,_pn-

184 5679 458 5756 h‘li'canos;
487 5688 553 5742 ad
599 5704 766 5756 quam
800 5699 987 5738 vocctn
1032 5684 1120 5756 hic
1149 5684 1336 5756 alludit
1375 5689 1598 5756 Elllt'tOI“:
1634 5681 1763 5756 Vide

186 5750 509 5814 Glossarium
539 5750 941 5826 ad'scriptores
984 5754 1172 5808 medias
1213 5762 1267 5806 et
1308 5752 1503 5805 inﬁmae
1559 5750 1763 5806 Grami-

1871 5610 1998 5688 tatis
2033 5611 2452 5688 viri_clarissimi
2496 5621 2546 5668 et
2580 5613 2926 5669 eruditissimi
2957 5612 3144 5688 Cangii
3178 5617 3244 5671 ad
3284 5633 3444 5675 voca-

1870 5681 2053 5736 bulum
2083 5682 2334 5737 τελώνια.
