3950 6166
235 269 365 335 1189

1207 277 1612 339 ENCOMIUM
1651 278 1736 339 IN
1777 279 1838 341 S.
1879 281 2203 353 MARCUM
2239 287 2496 349 APOST.

3335 290 3470 356 £190

2734 355 2748 384 Ι

231 384 534 453 σκιρτῶσαν
557 427 571 447 ,
617 385 710 440 καὶ
742 383 853 438 τῶν
901 385 1112 441 ἐκείνου
1146 387 1326 441 καλῶν
1355 389 1430 453 ὡς
1457 385 1566 446 οἷόν
1597 407 1655 443 τε
1695 389 1781 460 τὴι

1900 401 2078 448 tamen
2120 398 2188 449 ob
2237 397 2514 466 ingentem
2570 383 2739 454 Marci
2793 400 3056 469 gloriam,
3099 410 3156 458 et
3186 416 3368 456 rerum
3401 401 3469 454 ah

231 476 542 545 περιουσίαν
587 476 1108 548 ἀποθαυμάζουσαν.
1167 479 1394 549 Μάρκου
1435 481 1528 534 τοῦ
1580 481 1788 552 Πέτρου

232 565 362 627 υἱοῦ,
393 565 488 620 τοῦ
523 568 631 646 τῶν
655 557 901 640 οὐρανῶν
939 569 1250 642 κλειδούχου
1281 573 1668 643 συηίχορευτοῦ,
1699 571 1792 625 τοῦ

229 659 329 708 τῶν
359 661 692 731 ἀπορρήτων
729 653 1122 730 εὐαγγελιστὸῦ
1162 681 1223 716 τε
1262 666 1358 718 καὶ⁸
1409 667 1669 734 κήρυκος,
1701 664 1792 718 τοῦ

228 751 320 820 τῆς
373 751 1052 832 ρἱύπτουιφωταγωγοῦ,
1093 755 1191 808 καὶ
1231 756 1310 828 τῷ
1358 756 1574 828 ἐκείνης
1620 758 1795 828 θρόνῳ

230 825 452 908 πρώτως
492 825 881 908 ὲγκαθίσαντος
908 860 920 873 ·
945 845 1068 899 οὐδὲ
1096 846 1204 915 γὰρ
1249 825 1371 902 ούδὲ
1404 825 1562 900 τοῦτο
1599 825 1794 918 μικρὸν

229 934 304 993 εἰς
337 933 589 1003 ἀφορμὴν
619 934 860 1000 εὐδοξίας
885 953 900 968 ο
923 937 1321 1008 ἐργωδέστερον
1345 940 1454 1010 γὰρ
1483 939 1794 1011 ὲξηκανθω-

232 1025 392 1094 μένην
433 1030 701 1097 γεωργεῖν
750 1029 1006 1099 ἄρουραν,
1051 1021 1085 1100 ἧ
1123 1031 1220 1099 τὴν
1265 1033 1684 1104 κεκαθαρμένην
1714 1037 1791 1096 είς

230 1115 539 1184 φιλοπονίαν
592 1109 1145 1186 ἐπάγεσθαι.’οὗτος
1191 1122 1300 1193 γὰρ
1350 1124 1496 1192 ἡμᾶς
1552 1128 1795 1196 σήμερον

231 1209 467 1260 έστιοῖται
491 1248 505 1273 ,
537 1203 692 1272 οὗτος
735 1213 868 1280 ἡμῖν
905 1213 980 1274 ὡς
1022 1213 1128 1282 ὄψα.
1157 1217 1227 1266 τὰ
1273 1217 1450 1268 οἰκεῖα
1489 1217 1792 1287 προϐάλλε-

229 1315 309 1350 ται
340 1299 734 1368 προτερήματα.
759 1317 772 1328 ·
808 1303 1181 1354 συνανέστειλε
1206 1305 1314 1374 γὰρ
1345 1305 1421 1374 τῷ
1447 1305 1641 1374 γλυκεῖ
1669 1306 1792 1378 ἔαρι

228 1387 582 1457 φαιδροτέραν
614 1389 710 1456 τὴν
739 1388 888 1454 ὤραν
915 1389 1266 1443 ἁποτελοῦντι
1298 1393 1330 1461 ἡ
1365 1393 1571 1462 έὸρτιος
1600 1392 1791 1446 τούτου

225 1476 420 1545 ἡμέρα,
457 1476 549 1528 καὶ
577 1476 652 1540 ὡς
685 1478 1008 1550 φωτοφανὴς
1036 1479 1188 1548 ἣλιος
1223 1480 1325 1542 τὰς
1353 1481 1461 1532 τῶν
1489 1479 1791 1551 ἀνθρώπων

225 1565 392 1636 ψυχὰς
427 1569 846 1640 κατελάμπρυνε
869 1586 883 1598 ·
919 1570 1241 1640 συνήθροισε
1267 1573 1492 1640 πάντας,
1521 1574 1612 1627 τοῦ
1637 1575 1792 1644 Μάρ-

227 1673 316 1710 κου
347 1659 797 1731 καθωραῖξομένη
822 1663 931 1724 τοῖς
957 1661 1397 1734 κατορθώμασιν,
1420 1664 1494 1729 ὡς
1525 1665 1621 1718 νῦν
1651 1668 1684 1738 η
1717 1667 1788 1737 γῆ

1899 485 2016 554 ipso
2033 487 2290 554 praeclare
2317 501 2592 557 gestatum
2616 493 2826 557 roniam
2855 507 3064 548 summe
3083 493 3466 550 demirantem.

1899 576 2088 641 Marci,
2145 579 2397 634 videlicet
2447 573 2551 650 (α),
2581 581 2722 634 Prtri
2771 583 2862 652 lilii
2910 585 3165 654 clavigeri
3205 585 3468 642 malorum

1896 670 2056 733 socii,
2089 684 2416 724 arcanorum
2459 672 2810 728 ineli'abilium
2859 677 3204 744 evangelista:
3245 686 3302 732 et
3329 691 3468 745 prae-

1896 759 2066 826 conis,
2117 764 2284 817 totius
2317 761 2535 833 Egypti
2559 765 2827 829 .luminis,
2867 781 2930 820 ae
2957 769 3022 820 ad
3060 767 3204 821 illius
3233 767 3474 836 regionis

1896 849 2090 902 solium
2121 851 2352 917 primum
2388 852 2596 918 evecti;
2635 849 2822 924 neque
2843 871 2970 910 vero
3002 859 3053 911 id
3087 857 3358 911 modicum
3390 867 3474 910 est

1896 955 1993 1006 pro
2029 954 2352 1009 argumento
2395 945 2744 1010 laudationis,
2783 964 2905 1000 nam
2948 947 3220 1004 difﬁcilius
3249 957 3332 1002 est
3363 947 3474 1016 spi-

1896 1030 1980 1083 nis
2009 1032 2239 1086 ohsitam
2275 1034 2521 1090 tellurem
2558 1038 2832 1108 subigere,
2863 1053 3022 1106 quam
3056 1039 3168 1105 jam
3196 1055 3468 1106 expurga-

1896 1132 2006 1173 tnm
2037 1139 2224 1192 agrum
2263 1129 2535 1180 excolere.
2569 1127 2666 1181 llic
2697 1145 2798 1183 uos
2829 1130 2989 1184 hodie
3021 1131 3186 1184 veluti
3215 1132 3468 1186 cunvivin

1894 1212 2117 1279 excipit,
2149 1221 2208 1264 et
2242 1227 2338 1280 pro
2381 1212 2603 1270 ferculis
2642 1231 2736 1269 sua
2773 1218 2930 1270 nobis
2969 1217 3190 1272 exhibet
3239 1219 3479 1276 illustria.

1897 1300 2034 1353 facta
2063 1317 2078 1366 ;
2117 1297 2260 1356 dulci
2294 1305 2440 1357 enim
2479 1321 2627 1369 vere,
2661 1306 2976 1361 hilariorem
3009 1309 3136 1362 anni
3170 1317 3468 1376 tempesta-

1895 1401 2000 1446 tem
2035 1395 2311 1458 reddente,
2363 1395 2590 1450 festivus
2638 1399 2808 1465 ipsius
2839 1401 2952 1452 dies
2985 1399 3178 1462 eluxit.
3225 1411 3281 1454 et
3321 1400 3469 1456 sicut

1894 1485 2369 1552 splendidissimus
2404 1489 2484 1541 sol
2534 1491 2814 1542 hominum
2889 1499 3100 1544 mentes
3153 1491 3466 1546 illustratit.

1895 1573 2096 1629 Omnes
2139 1577 2338 1646 quippe
2371 1579 2722 1649 congregavit
2759 1579 2847 1634 hic
2873 1581 3010 1641 dies.
3043 1579 3210 1635 Marci
3240 1581 3468 1634 illustri-

1897 1663 1996 1720 bus
2029 1668 2196 1735 gestis
2223 1669 2294 1720 ita
2319 1667 2631 1729 decoratus.
2671 1668 2816 1723 sicut
2849 1685 2991 1726 nunc
3040 1683 3184 1726 terra
3233 1671 3468 1725 circnm-

227 1749 574 1822 στολιζομένη
603 1755 715 1815 τοῖς
741 1751 946 1819 ἄνθεσι,
985 1755 1076 1806 καὶ
1097 1731 1179 1818 ῶς
1299 1755 1642 1827 συνθήματος
1665 1731 1781 1810 ἆυνέ

1892 1731 2084 1810 amicis
2106 1765 2190 1811 est
2217 1757 2444 1813 ﬂoribus
2475 1776 2488 1812 :
2521 1759 2660 1812 unde
2702 1769 2758 1812 et
2787 1759 3020 1814 ﬁdelium
3049 1771 3224 1815 coetus
3250 1759 3468 1814 beatum

223 1840 397 1896 αυλίαι
421 1841 628 1896 πιστῶν
662 1843 752 1896 τὸν
799 1844 1121 1899 Ἀπόστολον
1157 1845 1569 1916 μακαρίζουσιν.
1589 1845 1788 1900 Ἐθνῶν

227 1935 541 2004 συστήματα
574 1936 661 1988 τον
695 1933 1064 2004 ’μυσταγωγὸν
1113 1939 1375 2008 ἀνυμνεί,
1425 1939 1500 2002 ὡς
1539 1940 1784 2009 ὑπογρα-

225 2024 327 2092 φέα
359 2025 653 2094 μεγαλύνει
684 2011 945 2097 Χριστοῦ,
983 2027 1078 2080 καὶ
1105 2029 1181 2092 ὡς
1214 2031 1469 2100 μάρτυρα
1495 2030 1594 2100 τῆς
1619 2030 1784 2083 αὑτοῦ

222 2118 517 2187 παρουσίας
535 2120 956 2190 καταγεραίρει*
983 2121 1157 2173 εἰπεῖν
1182 2121 1240 2174 δὲ
1260 2121 1480 2190 μᾶλλον,
1501 2121 1704 2192 κόσμος
1719 2122 1788 2176 τὰ

221 2207 452 2283 τοσαῦτα
493 2209 686 2263 τούτου
721 2210 1040 2276 ἀποθειάζει
1075 2211 1169 2264 καὶ
1209 2214 1394 2280 κροτεῖ
1437 2213 1787 2286 ἀγαθουργή-

223 2316 398 2366 ματα·
439 2300 662 2370 σύμπας
721 2301 832 2372 γὰρ
873 2303 972 2374 τῆς
1034 2302 1244 2355 ἐκείνου
1287 2301 1632 2366 διδασκαλίας
1681 2307 1786 2358 ἀπ·

222 2409 412 2446 ωνατο.

289 2569 353 2640 β’.
405 2571 548 2626 Ἀλλ’
577 2574 636 2652 οὐ
667 2573 846 2642 λόγος,
881 2573 942 2626 οὐ
989 2575 1212 2642 γλῶσσα
1239 2575 1430 2628 τοῦτον
1479 2576 1554 2640 ὡς
1614 2594 1783 2652 προσ-

217 2663 348 2730 ῆκεν
381 2647 626 2719 ἐπαινεῖν
651 2665 892 2737 ἐξαρκεῖ.
920 2667 985 2720 Τί
1014 2666 1124 2738 γὰρ
1151 2666 1460 2736 πρῶτον,τί
1487 2667 1532 2722 δ’
1557 2647 1785 2723 ὕστατον

215 2756 610 2828 ἀνυμνήσειεν;
647 2756 776 2810 αίτε
807 2756 916 2828 γὰρ
943 2757 1303 2835 προσηγορίαι
1335 2758 1654 2823 πολυειδεῖς,
1692 2760 1786 2814 καὶ

214 2845 261 2897 οἱ
289 2847 501 2914 ἀγῶνες
539 2848 936 2917 κατάπληκτοι.
969 2848 1230 2901 Τεθέαται
1261 2849 1369 2918 γὰρ
1399 2849 1458 2900 ὃν
1507 2849 1785 2920 ὀφθαλμὸς

213 2938 341 3009 ὁρᾷν
382 2941 444 2993 οὐ
475 2939 780 3008 δεδύνηται,
805 2939 884 3010 τῷ
926 2941 1180 3011 ἡμετέρῳ
1221 2940 1546 3010 φαινόμενον
1578 2952 1782 3013 προκα-

1887 1845 2190 1914 apostolum
2225 1861 2330 1902 uno
2359 1861 2455 1901 ore
2505 1847 2838 1916 praedicant,
2894 1853 3136 1920 gentium
3185 1850 3354 1905 turba:
3389 1851 3466 1904 uti

1888 1952 2168 1992 sacrorum
2218 1939 2540 2008 magistrum
2575 1941 2749 2008 ipsum
2791 1939 3092 2004 celebrant.
3121 1941 3194 1995 uti
3221 1956 3404 1996 rerum
3431 1959 3464 1995 ιι

1887 2027 2106 2083 Christo
2129 2040 2404 2098 gestarum
2435 2031 2758 2099 scriptorem
2793 2033 3083 2096 extollunt,
3117 2047 3180 2088 ac
3213 2033 3294 2088 uti
3321 2033 3465 2087 illius

1889 2121 2155 2177 adventus
2207 2130 2397 2175 testem
2430 2123 2636 2176 honore
2679 2135 3114 2193 prosequuntur;
3148 2125 3324 2179 dicam
3347 2141 3464 2178 am-

1887 2209 2049 2278 plius,
2089 2209 2326 2262 mundus
2364 2210 2650 2264 universus
2687 2220 2766 2264 tot
2794 2221 3054 2281 tantaque
3085 2213 3153 2268 ab
3182 2213 3298 2281 ipso
3323 2227 3464 2280 prai—

1887 2299 2034 2352 clare
2056 2309 2226 2368 gesta,
2249 2309 2307 2350 ut
2335 2299 2515 2353 divina
2539 2301 2788 2367 suspicit,
2813 2310 2867 2354 et
2888 2301 3078 2370 plausu
3107 2306 3459 2375 comprobat:

1889 2401 2034 2446 totus
2074 2393 2218 2447 enim
2262 2401 2532 2444 terrarum
2579 2392 2728 2446 orbis
2767 2407 2828 2447 ex
2873 2393 3022 2448 illius
3055 2393 3301 2447 doctrina
3350 2393 3465 2448 fru-

1885 2496 2032 2540 ctum
2061 2495 2115 2538 ct
2145 2485 2430 2538 utilitatem
2465 2485 2690 2554 recepit.

1954 2577 2012 2632 2.
2055 2577 2162 2630 Sed
2200 2592 2300 2631 nec
2351 2576 2492 2630 ullus
2544 2591 2751 2638 sermo,
2799 2591 2900 2630 nec
2945 2575 3051 2630 ulla
3081 2575 3263 2646 lingua
3307 2576 3462 2633 illum

1887 2676 2045 2736 prout
2085 2668 2422 2730 conveniret,
2461 2667 2739 2722 celebrare
2767 2667 2910 2721 valet
2939 2685 2952 2721 :
2983 2668 3112 2736 quid
3165 2668 3309 2724 enim
3333 2669 3461 2744 pri-

1887 2773 2056 2821 mum,
2076 2757 2205 2826 quid
2230 2766 2562 2824 postremum
2587 2757 3116 2812 commendandum?
3134 2759 3460 2830 multiplices

1884 2855 2028 2907 enim
2061 2863 2186 2906 sunt
2214 2852 2356 2906 illius
2398 2843 2886 2919 denominationés,
2915 2862 2971 2907 et
3001 2853 3268 2908 mirabilia
3297 2854 3460 2924 plane

1885 2947 2206 3000 certamina.
2265 2943 2410 2998 Vidit
2459 2945 2632 3008 illum,
2684 2960 2846 3013 quem
2894 2947 3085 3000 oculus
3131 2947 3317 3002 videre
3349 2963 3458 3001 non

212 3023 456 3094 λύμματι
476 3019 504 3090 ,’
530 3028 625 3079 καὶ
650 3027 751 3097 τὴν
796 3028 1172 3098 ὲνεγκαμὲνην
1213 3029 1505 3082 κατέλιπεν
1527 3046 1540 3060 ⁸
1579 3031 1780 3104 κέκλη-

1890 3039 2316 3112 potum-nostrae
2352 3037 2698 3094 mortalitatis
2751 3040 2998 3094 indutum
3033 3042 3375 3108 legumento;
3405 3051 3462 3094 et

211 3131 298 3168 ται
337 3115 458 3186 θεία¹
487 3119 675 3188 φωνῇ,
711 3117 806 3170 καὶ
863 3117 1171 3190 ἀγχιστέων
1205 3120 1495 3174 ἀπεώσατο
1527 3122 1780 3188 φίλτρον*

214 3205 340 3276 παρ’
373 3208 530 3260 οὐδὲν
557 3209 705 3281 αύτῷ
749 3210 842 3264 τοῦ
874 3213 1066 3278 γένους
1102 3211 1174 3264 τὰ
1199 3212 1357 3282 τίμια
1380 3252 1396 3277 ,
1435 3211 1570 3282 ὄναρ
1610 3212 1782 3286 τούτῳ

213 3301 416 3374 ῥοώδης
439 3305 777 3374 περιουσία,
811 3305 971 3374 μόνον
1011 3304 1272 3376 ἔστεργεν
1309 3309 1400 3358 τὸν
1428 3307 1516 3357 ἐπὶ
1561 3307 1782 3360 πάντων

211 3392 363 3458 θεὸν,
395 3395 568 3464 μόνην
597 3396 943 3466 εὐδαιμονίαν
974 3397 1158 3468 ἡγεῖτο
1190 3393 1226 3450 ἃ
1251 3396 1656 3467 ἐπηγγέλλετο,
1687 3399 1782 3452 καὶ

209 3480 302 3550 τὴν
343 3482 647 3553 μαθητείαν
676 3479 820 3558 ⁴ᾗπερ
849 3486 1126 3538 ἐτέτακτο.
1161 3485 1250 3556 Τῷ
1274 3485 1626 3555 ἀποστολικῷ
1669 3486 1779 3555 γὰρ

211 3571 448 3644 συλλόγῳ
465 3575 578 3627 τῶν
601 3575 971 3646 ἐϐδομήκοντα
989 3577 1412 3646 συνηρίθμηται,
1442 3575 1630 3647 ὥσπερ
1649 3577 1780 3645 φέγο

205 3677 298 3729 γος
325 3662 587 3735 λαμπρὸν
614 3667 928 3732 διαφανέσιν
951 3668 1174 3738 ἄστροις
1217 3667 1368 3739 παρά
1396 3667 1490 3720 τοῦ
1518 3668 1781 3738 κεκληκό-

208 3769 294 3816 τος
332 3757 779 3827 κατειλεγμένον,
879 3759 994 3828 ιτῆς
1028 3759 1176 3812 κάτω
1203 3758 1412 3829 σκηνῆς
1439 3775 1498 3811 τε
1524 3760 1619 3812 καὶ
1655 3759 1780 3832 τέρ-

205 3841 345 3911 ψεως
369 3848 494 3902 οὐδὲ
509 3849 744 3920 παρισοῦ
755 3867 934 3920 μενον.

1884 3146 2086 3188 terram
2113 3145 2234 3198 qua:
2263 3131 2436 3197 ipsum
2469 3131 2742 3198 produxit,
2787 3133 3028 3187 deseruit
3060 3149 3074 3186 :
3106 3145 3238 3189 voce
3273 3131 3460 3186 divina

1881 3231 2179 3278 advocatus
2223 3221 2346 3282 fuit,
2375 3237 2439 3274 ac
2471 3223 2894 3291 propinquorum
2923 3238 3166 3278 amorem
3195 3211 3460 3292 gener‘om

1881 3313 2102 3375 devicit,
2135 3325 2234 3380 pro
2266 3309 2433 3363 nihilo
2458 3311 2602 3363 enim
2655 3312 2770 3380 ipse
2816 3310 3004 3372 habuit
3037 3311 3252 3379 generis
3285 3311 3458 3363 honu-

1879 3417 1968 3456 res
2015 3415 2286 3470 opumque
2311 3400 2720 3462 abundantiam,
2751 3399 2913 3454 veluti
2934 3399 3180 3469 fugacem
3209 3400 3457 3454 umbram
3481 3454 3484 3458 .

1882 3493 2194 3547 aestimavit.
2231 3489 2409 3546 Unum
2442 3507 2606 3560 super
2633 3493 2810 3546 omnia
2862 3490 3030 3545 Deum
3066 3492 3306 3557 amavit;
3336 3509 3455 3546 eam

1885 3583 2099 3636 unicam
2140 3579 2451 3635 felicitatem
2483 3584 2714 3644 censuit,
2759 3598 2920 3650 quam
2955 3583 3067 3652 ipse
3099 3583 3460 3636 denuntiave-

1883 3682 2005 3738 rat;
2056 3671 2315 3742 illamque
2375 3674 2587 3726 unicam
2639 3674 3004 3740 disciplinam,
3057 3675 3145 3726 cui
3186 3673 3456 3740 ascriptus

1881 3763 2080 3818 fuerat.
2121 3755 2439 3833 Apostolico
2475 3749 2635 3820 coetui
2681 3765 3025 3833 septuaginta
3065 3765 3454 3832 discipulorum

1883 3867 2270 3910 annumeratus
2295 3857 2413 3923 fuit,
2443 3857 2605 3910 veluti
2631 3855 2909 3924 splendida
2941 3857 3034 3909 lux
3064 3855 3230 3910 claris
3257 3855 3458 3908 sideri-

207 3932 301 3989 bus
327 3938 584 4007 adjuncta
623 3941 692 3994 ab
731 3941 824 3994 illo
853 3941 942 4008 qui
970 3955 1092 3996 eum
1128 3935 1436 4005 vocaverat,
1463 3943 1549 3997 cui
1585 3945 1637 3998 in
1671 3944 1774 4000 hac
1811 3959 2010 4001 nostrae
2053 3949 2402 4003 mortalitatis
2432 3963 2591 4002 scena
2657 3948 2793 4002 nihil
2823 3941 2832 3948 ”
2859 3947 3019 4016 plane
3048 3955 3132 4000 est
3161 3946 3303 4015 quod
3332 3958 3462 4012 apte

205 4039 453 4098 compara
463 4030 508 4085 ri
555 4031 744 4098 possit.

267 4125 336 4189 γ.
372 4121 590 4184 Ὄντως
627 4120 724 4174 τοῦ
745 4120 966 4197 ,Πέτρου
999 4121 1028 4173 ὁ
1057 4119 1282 4191 Μάρκος
1315 4120 1452 4185 υἱὸς,
1477 4121 1648 4186 ὅντως
1671 4122 1774 4193 τῆς

203 4210 408 4264 ἐκείνου
438 4211 675 4298 γνῴμης
704 4211 1004 4282 ἐφάμιλλος
1023 4227 1038 4243 ο
1083 4211 1388 4265 ἀντιδίδωσι
1418 4212 1527 4283 γὰρ
1556 4214 1588 4283 ἡ
1613 4213 1776 4282 φύσις

1948 4124 2000 4178 5.
2047 4123 2257 4190 Revera
2310 4123 2450 4206 Petri
2509 4125 2650 4179 illius
2699 4115 2970 4180 dicendus
2998 4105 3356 4206 est‘biarcus,
3396 4141 3452 4181 et

1883 4230 2007 4270 vere
2051 4217 2125 4270 illi
2173 4200 2408 4272 similis:
2445 4219 2659 4287 utrique
2701 4219 2842 4271 enim
2888 4217 3034 4271 dedit
3065 4200 3260 4272 natura
3305 4235 3454 4271 eain-

205 4302 268 4354 τὰ
299 4305 482 4358 οἰκεῖα
509 4303 588 4374 τῷ
617 4305 800 4372 γένει,
839 4304 933 4358 καὶ
969 4303 1035 4356 τὰ
1063 4305 1295 4357 ἑκάστου
1325 4303 1778 4376 πλεονεκτήματα

1890 4305 2002 4358 dem
2051 4306 2324 4361 nationem
2356 4318 2410 4360 et
2452 4323 2642 4377 genus,
2691 4323 2753 4362 ac
2799 4322 3115 4362 communes
3170 4310 3457 4376 utriusque

158 4447 165 4475 ι
205 4396 354 4447 κοινά
403 4395 658 4449 τίθεται’
707 4395 861 4463 δηλοῖ
893 4394 1000 4465 γάρ
1049 4396 1082 4464 ή
1135 4393 1344 4456 πειθὼ,
1384 4394 1594 4466 δηλοῖὴ
1641 4403 1776 4468 πρὸς

159 4495 163 4522 ε
203 4486 488 4540 πλάσαντα
541 4487 938 4558 ἀκολούθησις,
995 4490 1092 4540 καί
1137 4487 1188 4538 τ’
1239 4485 1376 4539 ἄλλα
1424 4486 1530 4539 τῶν
1600 4489 1778 4544 καλῶν

141 4570 161 4632 .’
202 4575 405 4646 ἁδελφά
447 4581 544 4632 καὶ
576 4579 862 4649 ὁμότροπα
911 4578 1008 4650 τῆς
1047 4577 1384 4650 θερμότητος
1410 4593 1423 4610 ι
1471 4581 1614 4632 κατὰ
1666 4585 1775 4651 γὰρ

198 4669 286 4721 τὸν
316 4672 614 4742 προφήτην
655 4668 858 4740 Ἀμὼς,
895 4672 959 4722 ὲκ
1013 4669 1306 4740 προσώπου
1339 4669 1433 4724 τοῦ
1481 4669 1773 4741 θεαρχικοῦ

200 4761 520 4834 Πνεύματος
542 4763 1004 4834 προαγγέλλοντα,
1041 4764 1170 4817 Ἰδοὺ
1207 4763 1321 4831 ἐγὼ
1352 4762 1586 4833 στερεῶν
1618 4763 1776 4833 βρον-

197 4851 313 4920 τὴν,
358 4853 456 4904 καὶ
487 4854 694 4917 κτίζων
725 4853 942 4923 πνεῦμα
973 4854 1064 4906 καὶ
1095 4853 1442 4922 ἀναγγέλλων
1489 4853 1568 4916 είς
1608 4854 1774 4922 ούρα-

197 4944 318 5005 νοὺς
370 4933 466 4996 τὸν
501 4945 745 5014 Χριστὸν
787 4943 953 4997 αὑτοῦ
975 4960 988 4972 ’
1023 4945 1080 5010 ἐξ
1115 4944 1299 5014 ἄκρων
1345 4944 1508 5014 μέχρι
1541 4943 1648 4996 τῶν
1676 4943 1774 5013 τῆς

195 5035 295 5103 γῆς
324 5035 414 5105 ᾔει
475 5038 790 5106 τερμάτων,
819 5037 953 5088 Θεὸν
990 5036 1081 5088 τδν
1112 5036 1440 5106 δημιουργὸν
1487 5034 1771 5102 εὐαγγελι-

194 5123 457 5192 ζόμενος,
491 5127 590 5178 καὶ
640 5130 709 5180 τὰ
753 5127 972 5180 ποικίλα
1010 5125 1272 5194 γεωργῶν
1325 5127 1728 5196 κατορθώματα
1754 5142 1768 5156 ν

199 5213 545 5284 κατεφώτισε
596 5217 705 5286 γὰρ
732 5216 830 5286 τὴν
860 5215 1106 5286 ὑφήλιον,
1148 5215 1247 5284 τὴν
1267 5215 1366 5284 τῆς
1390 5215 1599 5286 πλάνης
1631 5231 1767 5267 κατ·-

259 5349 282 5382 ⁶
314 5353 491 5408 Amos
524 5367 598 5415 tv,
634 5353 723 5406 15.

258 5469 337 5538 (τι)
367 5467 772 5524 Eodem'modo
798 5465 1018 5522 Nicetas
1049 5466 1290 5538 Marcum
1335 5466 1474 5518 inter
1501 5466 1571 5520 70
1599 5465 1765 5517 disci-

190 5535 343 5602 pulos
391 5549 668 5600 numerat,
709 5541 852 5604 quod
894 5537 982 5590 alii
1015 5553 1118 5588 non
1144 5535 1347 5588 faciunt
1376 5552 1390 5588 :
1420 5538 1550 5602 quin
1599 5539 1762 5586 etiam

188 5609 292 5659 duo
335 5607 532 5670 Marci,
566 5614 632 5658 ah
668 5612 768 5662 huc
803 5609 1023 5674 diversi,
1077 5609 1385 5659 rcl'eruutur
1411 5605 1464 5656 in
1493 5605 1764 5671 Catalngis

191 5678 332 5730 ‘nter
383 5684 486 5730 hos
546 5678 747 5731 Christi
806 5679 1096 5746 discipulos
1138 5694 1150 5728 :
1195 5674 1334 5743 quod
1393 5689 1614 5726 monere
1667 5689 1762 5725 vo-

1881 4399 2270 4468 praerogativas
2304 4396 2508 4462 eil'ecit,
2537 4409 2692 4468 prout
2741 4399 2945 4452 imlicat
2991 4399 3216 4468 aequalis
3245 4403 3447 4451 utrius-

1877 4502 1982 4556 qne
2001 4490 2259 4542 suadendi
2281 4489 2365 4542 cili
2379 4493 2492 4544 caci
2509 4509 2556 4555 ιι,
2583 4492 2888 4546 communis
2907 4490 3184 4546 Creatoris
3205 4499 3446 4558 sequeta,

1879 4579 2179 4632 consimilis
2226 4581 2387 4649 plane
2439 4581 2640 4648 fervor,
2690 4595 2742 4636 et
2793 4585 2892 4635 alia
2945 4584 3100 4652 plene
3147 4588 3455 4636 contui-nua

1880 4669 2074 4722 decora
2101 4674 2412 4726 ostendunt.
2439 4669 2664 4726 Utennn
2680 4683 2764 4726 est
2787 4677 2923 4742 apud
2950 4675 3267 4744 prophetam
3285 4677 3452 4730 Allius

1879 4776 1943 4814 ex
1979 4777 2206 4828 persona
2241 4763 2406 4817 divini
2451 4765 2688 4834 Spiritus
2726 4764 3106 4832 praedicentem
3139 4783 3152 4819 :
3183 4765 3325 4820 Ecce
3347 4784 3454 4834 ego

1882 4851 2104 4905 ﬁrmans
2142 4857 2341 4906 tonitru
2387 4851 2486 4924 (b),
2534 4865 2590 4909 et
2633 4870 2825 4910 creatis
2876 4865 3117 4918 ventum,
3153 4865 3206 4906 et
3232 4870 3444 4906 annun-

1883 4944 2020 4996 tians
2066 4943 2118 4996 in
2149 4941 2316 4998 caelos
2355 4943 2630 5003 Christum
2664 4945 2781 5014 ejus
2800 4942 2844 5009 ⁶;
2871 4947 2938 4998 ab
2981 4943 3242 5004 extremis
3287 4951 3447 4997 terra»

1879 5034 2123 5103 partibus
2163 5050 2335 5103 usque
2384 5038 2447 5090 ad
2493 5037 2712 5091 ultimos
2767 5037 2901 5090 lines
2950 5035 3231 5105 perrexit,
3277 5033 3444 5086 Deum

1880 5141 2060 5180 rerum
2091 5127 2328 5182 omnium
2359 5128 2605 5197 opilicem
2631 5127 3002 5196 promulgatis,
3034 5134 3194 5193 atque
3224 5122 3448 5176 uberem

1878 5209 2109 5285 plurium
2177 5218 2436 5274 bonorum
2492 5233 2713 5287 operum
2765 5232 2996 5271 messem
3049 5215 3388 5286 recolligeIIS.

1875 5461 2095 5516 luimus.

1944 5531 2017 5598 (ὁ)
2055 5531 2131 5584 lta
2165 5531 2325 5586 LXX.
2354 5533 2574 5601 Vulgata
2598 5536 2724 5603 legit
2755 5553 2767 5588 :
2803 5535 2937 5590 Ecce
2959 5536 3194 5603 formans
3217 5542 3446 5588 montem

1870 5612 1916 5654 et
1947 5617 2129 5654 tremis
2182 5613 2406 5667 ventum,
2455 5613 2502 5656 et
2554 5607 2877 5660 annuntians
2927 5607 3126 5660 Ιιυιιιὶηἰ
3175 5607 3440 5678 eloquia»:

1869 5687 2043 5724 suum.
