3950 6166
455 267 584 337 1191

1639 277 1642 279 λ
1719 268 2074 330 PROCOPII
2118 265 2428 331 DIACONI

3579 266 3715 333 1192

449 382 586 439 Nam
612 382 801 436 orbem
836 388 1105 435 terrarum
1158 379 1473 445 illustravit,
1527 380 1857 448 impietatem
1906 396 2033 448 pro-

2145 378 2362 448 ἔφλεξεν
2417 376 2708 445 ἀθεότητα,
2733 374 3016 447 ἀπὲσμυξε
3047 376 3173 441 τοὺς
3195 378 3630 467 ἐῤῥιπωμένουὶ
3642 384 3717 435 sl-

450 475 677 547 fligavit,
704 472 1027 528 idololatria:
1053 473 1264 527 macula
1295 472 1526 527 foedatos
1553 472 1837 551 abstersit,
1862 483 1915 527 et
1935 487 2030 541 per

450 569 781 636 baptismum
837 574 1168 635 expurgatos
1216 565 1308 635 (ne
1356 565 1459 618 alia
1497 564 1647 635 plura
1687 563 1888 635 dicam)
1921 564 2030 618 Deo

453 659 695 712 admovit
731 677 744 711 :
785 656 976 710 ltabttit
1021 658 1169 710 enim
1206 655 1443 725 linguam
1493 655 1655 710 veluti
1703 640 1946 725 clypeum
1977 662 2032 709 et

455 748 699 807 hastam,
736 755 790 799 et
821 761 883 800 ea
930 761 1050 814 qum
1099 745 1430 814 praedicabat
1461 746 1768 800 certissima
1820 747 2031 800 cunctis

453 840 813 904 ostendebat,
897 850 1194 908 gentesque
1248 842 1314 893 ad
1388 854 1568 892 veram
1635 838 1802 890 vitam
1873 852 2031 891 revo-

454 936 636 986 cubat.

523 1022 576 1076 4.
621 1021 776 1076 Unde
839 1022 1155 1090 multiplicia
1208 1022 1541 1075 emanabant
1592 1021 1855 1090 prodigia,
1884 1020 2031 1076 illinc

455 1117 628 1171 turba:
668 1116 732 1169 ad
787 1115 880 1170 Dei
931 1116 1300 1184 cognitionem
1350 1129 1648 1182 veramque
1715 1114 2028 1183 religionem

456 1207 879 1262 traducebantur
911 1222 925 1259 :
955 1207 1046 1274 qui
1084 1205 1310 1273 pedibus
1341 1214 1499 1258 antea
1533 1205 1693 1259 laesus
1721 1217 1857 1271 erat,
1893 1207 2031 1258 lute-

454 1315 548 1369 ger
606 1308 790 1365 poSIea
847 1297 1127 1361 redditus,
1181 1297 1322 1351 bene
1374 1297 1710 1351 currentium
1777 1296 2034 1362 magister

455 1391 614 1441 tiebat
652 1408 663 1443 ;
699 1390 789 1457 qui
825 1388 997 1442 oculis
1035 1386 1472 1441 antea-orbatus
1516 1397 1657 1451 erat,
1706 1387 2029 1457 pupillarum

454 1484 625 1534 aciem
653 1481 1024 1533 acutissimam
1090 1490 1275 1548 pOStea
1343 1494 1708 1548 recuperatis,
1774 1479 1909 1535 alios
1965 1480 2033 1533 ad

452 1571 782 1637 cognitionis
821 1571 990 1625 lucem
1024 1571 1365 1636 deducebat;
1403 1569 1523 1640 ejus
1558 1581 1840 1625 contactus
1866 1586 2031 1624 exsu-

454 1668 754 1734 perantiam
788 1665 1007 1727 caloris,
1039 1665 1090 1718 in
1120 1664 1558 1719 mediocritatem
1601 1677 1876 1720 consuetae
1902 1680 2032 1719 ron-

2137 470 2388 531 δωλικοτς
2431 470 2651 537 αἵμασι,
2691 468 2787 521 καὶ
2842 468 3318 539 καθηγνισμένους
3340 470 3478 524 Θεοῦ
3513 473 3592 543 τῷ
3622 472 3720 544 βαι-

2142 561 2390 633 πτισμῷ,
2424 562 2511 614 ἴνα
2545 561 2620 631 μὴ
2649 560 2821 618 πλείω
2847 560 3038 629 φαίην,
3061 560 3426 633 παρέστησεν.
3456 559 3721 635 Εἶχενγάρ

2136 655 2235 725 τὴν
2256 654 2508 722 γλῶσσαν
2529 653 2644 707 ἀντ’
2663 652 2888 717 ἀσπίδος
2898 652 2994 721 κα).
3003 652 3249 722 δόρατος,
3266 654 3362 707 καὶ
3381 655 3721 726 τδκήρυγμα

2136 746 2401 800 διεδείκνυ
2424 736 2566 799 ’πᾶσι
2605 744 2970 815 βεϐαιότερον,
3014 744 3109 797 καὶ
3147 744 3216 799 τὰ
3239 746 3420 817 πλήθη
3457 749 3591 818 πρδς
3617 748 3723 818 τὴν

2137 839 2316 912 ἀληθῆ
2347 839 2494 909 ζωὴν
2528 836 2915 907 προενόμευεν.

2209 1019 2242 1082 ζ
2257 1021 2290 1076 ’.
2327 1018 2522 1075 Ἔνθεν
2546 1018 2858 1090 γάρὲὅρυεν
2880 1009 2913 1089 ἢ
2941 1019 3049 1071 τῶν
3073 1018 3363 1088 θαυμάτων
3388 1018 3716 1092 πλημμύρα,

2139 1111 2352 1165 ἐκεῖθεν
2378 1113 2427 1165 οἱ
2449 1112 2596 1182 ὄχλοι
2614 1112 2752 1183 πρὸς
2773 1111 2870 1181 τὴν
2890 1112 3221 1178 θεογνωοίαν
3251 1114 3715 1182 μετωχετεύοντοο

2138 1206 2167 1257 ὁ
2195 1204 2296 1267 τὰς
2336 1205 2522 1275 βάσεις
2567 1204 3030 1275 πεπληρωμένος,
3067 1205 3333 1275 ἀρτίπους
3383 1207 3714 1273 ἀναφανεὶς,

2139 1292 2208 1367 ἦν
2242 1298 2357 1358 τοῖς
2390 1296 2714 1366 εὐδρομοῦσι
2749 1295 3068 1359 διδάσκαλος
3092 1313 3107 1328 ο
3144 1298 3427 1365 ἁόμματος
3470 1296 3718 1361 ταῖς⁶κόο

2143 1406 2266 1461 ραις
2290 1429 2302 1451 ,
2334 1388 2639 1460 όξυδορκῶν
2660 1429 2673 1450 .
2706 1376 2900 1452 ἄλλους
2932 1389 3069 1459 πρὸς
3102 1388 3163 1440 τὸ
3198 1389 3315 1457 φῶς
3361 1389 3718 1459 ἐχειραγώγει

2138 1482 2236 1551 τῆς
2275 1480 2665 1549 ἐπιγνώσεωςο
2701 1484 2730 1551 ἡ
2785 1480 2897 1550 ἁφὴ
2942 1479 3041 1550 τὴν
3084 1478 3178 1533 τοῦ
3254 1480 3462 1550 θερμοῦ
3518 1481 3715 1533 πλεον-

2142 1573 2294 1637 εξίαν
2336 1573 2474 1645 πρδς
2505 1572 2605 1636 τὰς
2644 1573 2896 1643 συνήθεις
2938 1572 3171 1635 σπονδὰς
3207 1572 3592 1643 μετερύθμιζε,
3623 1573 3721 1625 καὶ

2138 1667 2199 1719 τὸ
2250 1666 2362 1735 πῦρ
2404 1666 2512 1718 τῶν
2548 1664 2843 1718 εἰδωλικῶν
2874 1664 3077 1718 θυσιῶν
3092 1664 3486 1718 ἀπαιθαλοῦτοο
3537 1664 3587 1716 οἱ
3617 1665 3720 1734 τῆς

456 1758 802 1811 fmderationi
869 1757 1226 1825 pugnantium
1284 1756 1608 1826 qualitattnn
1663 1757 2031 1811 necessariam

2145 1758 2344 1828 πλάνης
2377 1758 2669 1827 φυτουργοὶ
2692 1758 2944 1827 δαίμονες
2976 1755 3304 1827 ἐτεφροῦντο
3327 1796 3342 1821 ,
3376 1756 3470 1809 καὶ
3518 1758 3552 1824 ἡ
3584 1757 3720 1823 cur;-

457 1847 819 1914 temperabat,
854 1856 1016 1910 testu,
1036 1861 1146 1916 quo
1178 1847 1231 1899 in
1265 1846 1686 1915 superstitiones
1710 1844 2035 1901 edervesce-

455 1940 581 1991 baut
638 1939 1002 2007 refrigerato;
1055 1939 1196 1993 unde
1250 1938 1390 2007 ignis
1442 1937 1862 2003 sacriﬁciorum,
1916 1954 2036 2006 qua:

455 2029 614 2081 idolis
666 2027 1058 2095 otlerebantur,
1105 2030 1157 2083 in
1195 2028 1400 2082 bunum
1431 2036 1487 2082 et
1531 2029 1818 2100 caliginem
1857 2040 2035 2084 verte-

458 2123 637 2184 batur,
663 2121 937 2176 d:emoncs
980 2121 1185 2175 fraudis
1212 2132 1467 2183 auctores
1501 2121 1556 2175 in
1613 2122 1853 2176 cinerem
1889 2121 2035 2175 redi-

453 2212 743 2280 gebautur,
780 2220 833 2266 et
864 2228 985 2266 vera
1026 2214 1211 2283 religio
1245 2198 1492 2269 ﬂorebat.
1521 2211 1636 2267 Tua
1658 2213 1771 2268 haec
1797 2213 2035 2278 fuerunt,

452 2318 487 2353 o
516 2302 714 2369 Marce,
760 2303 993 2356 illustria
1046 2315 1196 2375 gesta
1249 2314 1303 2359 et
1347 2305 1691 2359 admirabilia
1748 2305 2032 2374 trophaea:

455 2395 540 2450 bis
575 2398 718 2449 enim
759 2396 971 2448 artibus
1022 2397 1267 2465 captivos
1311 2398 1513 2452 duxisti
1560 2397 1898 2452 exercituum
1935 2397 2034 2448 dn-

454 2502 567 2550 ces,
602 2500 655 2539 tn
687 2487 766 2540 vir
794 2486 920 2541 olim
951 2488 1155 2552 idiota;
1184 2489 1268 2542 his
1306 2490 1474 2543 armis
1504 2490 1844 2544 ethnicorum
1882 2507 2034 2543 erro-

456 2591 567 2630 rem
601 2577 941 2644 expugnasti,
976 2587 1028 2630 tu
1055 2592 1257 2647 pauper
1289 2589 1343 2631 et
1367 2580 1525 2633 unica
1560 2578 1785 2633 indutus
1816 2579 2030 2645 tunica;

456 2668 543 2722 his
572 2668 778 2722 viribus
825 2683 930 2721 una
979 2683 1100 2722 cum
1153 2667 1338 2733 Petro,
1372 2680 1425 2722 tu
1454 2669 1598 2723 Petri
1653 2670 1820 2734 (ilius,
1870 2669 2036 2724 Italo-

457 2777 574 2815 rum
608 2761 678 2831 (ο)
711 2773 925 2830 gentem
978 2762 1274 2830 subegisn;
1313 2777 1341 2815 a
1380 2763 1512 2817 solis
1553 2773 1675 2817 ortu
1721 2763 2032 2827 discedens,

2140 1848 2238 1919 θὴς
2280 1846 2497 1918 ἤκμαζε
2534 1848 2838 1903 θεοσέϐεια.
2881 1847 3285 1918 Ὑπέρλαμπρά
3329 1865 3421 1901 σου
3444 1890 3459 1913 ,
3482 1849 3716 1918 Μάρκε,

2135 1942 2207 1995 τὰ
2234 1940 2411 2029 ἔργα,
2448 1940 2731 2012 παράδοξα
2767 1941 2866 1994 καὶ
2916 1940 2986 1993 τὰ
3027 1924 3268 2012 τρόπαια
3293 1956 3308 1971 °
3350 1940 3564 2021 τούτοις
3605 1945 3719 2010 γὰρ

2136 2031 2459 2102 ἐζώγρησας
2486 2033 2614 2097 τοὺς
2646 2032 3121 2104 στρατηγοῦντας,
3154 2033 3182 2085 ὁ
3217 2030 3468 2101 ἰδιώτης·
3505 2035 3720 2095 τούτοις

2137 2123 2538 2194 ἐπολιόρκησας
2566 2124 2664 2195 τὴν
2694 2123 2946 2191 πλάνηνό
2976 2124 3294 2193 μονοχίτων,
3328 2124 3545 2187 τούτοις
3578 2126 3721 2194 μετά

2143 2213 2239 2266 τοῦ
2276 2213 2488 2285 Πέτρου
2513 2215 2542 2266 ὁ
2570 2212 2665 2266 τοῦ
2700 2214 2909 2284 Πέτρου
2945 2212 3061 2276 υίὸς
3083 2214 3144 2266 τὸ
3192 2212 3409 2267 Ἰταλῶν
3436 2212 3720 2285 ἐχειρὼσω

2140 2305 2296 2374 γένος
2321 2346 2336 2370 ,
2368 2307 2427 2370 ἐξ
2471 2305 2614 2375 ἐῴας
2651 2305 2751 2376 μὲν
2780 2307 3141 2377 ἀφορμήσας,
3187 2307 3326 2375 πρὸς
3371 2304 3632 2377 δυόμενον
3659 2308 3721 2360 δὲ

2141 2395 2430 2459 καταπτὰς
2447 2395 2622 2465 ἥλιον,
2640 2396 2734 2449 καὶ
2757 2396 2847 2449 τὸν
2871 2393 3027 2463 λόγον
3049 2396 3328 2467 πανταχοῦ
3345 2396 3718 2468 κατευρύνων,

2141 2482 2176 2561 ᾖ
2214 2490 2424 2551 ἐκεῖνος
2457 2487 2557 2558 τὴν
2584 2490 2780 2541 ἀκτῖνα
2809 2491 2923 2552 τοῖς
2955 2489 3213 2559 πέρασιν,
3243 2489 3305 2542 οὐ
3349 2489 3598 2558 μεθόδοις
3627 2507 3719 2544 κε·-

2141 2577 2419 2649 χρημένος
2448 2582 2817 2646 σοφιστικαῖς,
2841 2580 2902 2632 ού
2934 2579 3418 2651 κεκομψευμέναις
3454 2598 3717 2653 μεταχει-

2144 2673 2400 2745 ρὴσεσιν,
2456 2672 2574 2726 ἀλλ’
2624 2672 2782 2743 ἁπλῷ
2832 2672 2977 2742 λόγῳ
3030 2675 3124 2726 καὶ
3175 2673 3408 2746 ἀληθείᾳ.
3471 2674 3631 2747 μόνῃ.
3681 2668 3718 2750 ᾖ

2143 2763 2366 2837 πάντων
2392 2762 2458 2815 τὸ
2482 2760 2688 2834 κράτος
2716 2763 3191 2831 ἀνανταγώνιστον
3225 2765 3591 2835 ἀποφέρεται.

455 2871 508 2909 ct
535 2858 600 2909 ad
631 2871 882 2910 occasum
916 2857 1199 2922 advolans,
1251 2871 1314 2911 ac
1375 2858 1577 2927 ubique
1623 2857 2068 2928 praedicationem
2108 2871 2393 2927 spargens,
2428 2873 2533 2928 qua
2564 2857 2644 2911 sol
2685 2859 2802 2927 ipse
2833 2860 3098 2912 extremis
3131 2868 3287 2914 terra:
3354 2848 3719 2915 fittibus'suos

458 2947 639 3001 radios
677 2946 930 3003 ditl‘undit
973 2967 986 3002 :
1052 2963 1157 3002 non
1189 2950 1502 3018 sophisticis
1533 2950 2098 3019 argumentationibus
2137 2966 2290 3013 usus,
2320 2967 2424 3005 non
2459 2951 2671 3005 ornatis
2718 2949 3155 3016 tractationibus,
3192 2952 3290 3007 sed
3327 2932 3558 3022 simplici
3585 2967 3717 3006 ora-

458 3039 604 3091 tione
646 3047 703 3092 et
741 3039 854 3092 sola
890 3039 1137 3102 veritate,
1171 3052 1280 3107 qua
1325 3040 1556 3093 victoria
1601 3042 1666 3093 de
1694 3041 1907 3095 cunctis
1945 3038 2148 3096 frustra
2177 3042 2567 3097 reluctantibus
2608 3052 2938 3110 reportatur.

531 3130 603 3218 5..
626 3129 777 3195 Quod
803 3129 946 3182 enim
970 3130 1149 3184 omnis
1172 3129 1349 3182 oratio
1380 3128 1542 3183 facile
1574 3129 1812 3197 labatur,
1841 3130 1941 3184 nisi
1973 3144 2037 3184 ea
2065 3137 2108 3194 c

457 3236 581 3291 qua:
610 3236 733 3279 vera
785 3231 909 3273 sunt
944 3235 1041 3289 pro
1074 3235 1285 3273 summa
1342 3222 1541 3274 habeat
1567 3231 1623 3275 et
1654 3223 1930 3290 praedicet,
1968 3238 2033 3275 ex

460 3311 563 3364 hoc
593 3311 706 3378 ipso
731 3307 890 3362 facile
919 3311 1202 3377 diguosces
1225 3326 1239 3362 :
1265 3309 1601 3379 Pythagoras
1633 3312 1900 3379 siquidem
1933 3311 2037 3365 fal-

458 3416 550 3455 sas
589 3401 895 3453 sententias
935 3414 1305 3469 propugnans,
1337 3412 1391 3454 et
1421 3401 1620 3455 multas
1654 3401 1866 3457 fabulas
1907 3418 2038 3457 con-

462 3497 701 3557 tingens,
754 3493 876 3546 illas
932 3492 1082 3546 Italis
1132 3509 1405 3562 nunquam
1462 3495 1635 3565 potuit
1689 3496 2035 3563 persuadere.

461 3589 802 3644 Democritus
840 3590 889 3641 id
932 3588 1107 3656 ipsum
1147 3605 1435 3659 peragens,
1487 3591 1758 3653 neminem
1803 3591 2037 3645 Abderi-

463 3693 637 3735 tarum
666 3683 856 3736 habuit
891 3681 1220 3736 auditorem.
1258 3683 1530 3752 Orpheus,
1564 3682 1708 3738 feras
1738 3698 1930 3737 omnes
1953 3683 2038 3736 sui

458 3778 726 3829 sermonis
791 3777 1061 3829 suavitate
1116 3775 1465 3841 demulcens,
1525 3776 1876 3846 popularibus
1923 3777 2039 3830 suis

460 3867 760 3922 Thracibus
818 3867 1068 3932 fabulas,
1117 3883 1252 3937 quas
1296 3868 1546 3932 canebat,
1600 3884 1704 3921 non
1741 3868 2035 3935 persuasit.

461 3960 706 4029 Namque
754 3962 840 4014 isti
891 3974 1080 4014 onmes
1118 3960 1304 4013 multis
1353 3960 1690 4014 abundantes
1742 3960 1954 4023 verbis,
1985 3968 2039 4013 et

458 4052 607 4107 inani
644 4054 906 4123 sapientia
958 4055 1356 4122 superbientes,
1396 4053 1560 4107 veluti
1593 4054 1825 4121 quadam
1859 4053 2039 4106 ebrie-

459 4156 569 4199 tate
597 4162 821 4215 prorsns
854 4146 1046 4214 perditi
1099 4155 1248 4209 sunt,
1279 4154 1443 4212 atque
1479 4145 1592 4199 alto
1633 4145 1846 4200 silentio
1875 4144 2038 4198 simul

456 4240 688 4293 (lctiiersi
734 4238 989 4303 l'uernut;
1024 4241 1073 4292 id
1111 4241 1256 4291 enim
1284 4236 1445 4291 efficit
1482 4236 1654 4301 falsa,
1688 4246 1743 4291 et
1772 4236 2035 4290 imbecilla

458 4331 768 4400 sapientia;
813 4330 1024 4383 Marcus
1055 4345 1185 4383 vero
1220 4328 1385 4381 divini
1419 4328 1655 4395 Spiritus
1684 4328 1986 4392 doctrinas,
2008 4343 2035 4380 a

451 4424 719 4494 iactantia
746 4424 974 4486 alienas,
1007 4438 1285 4492 exponens
1315 4438 1377 4475 ac
1401 4434 1681 4489 promens,
1703 4419 1867 4473 etiam
1898 4434 2034 4487 quos

461 4516 655 4568 habuit
704 4516 1051 4568 adversarios
1101 4515 1167 4567 ad
1223 4515 1325 4568 sibi
1378 4512 1736 4564 obedientium
1790 4511 2032 4565 adduxit.
2067 4484 2112 4540 θ

459 4604 593 4657 Nam
643 4620 881 4674 superno
930 4606 1134 4659 auxilio
1183 4602 1558 4665 muniebatur,
1605 4615 1851 4670 puraque
1904 4600 2038 4653 fides

461 4696 759 4750 inferorum
797 4697 966 4763 portis
996 4700 1267 4765 potentior
1301 4705 1452 4758 erat;
1490 4708 1659 4763 usque
1691 4697 1826 4747 adeo
1852 4702 2034 4747 autem

458 4787 673 4840 celebre
714 4802 907 4841 nomen
941 4787 1152 4850 habuit,
1196 4794 1255 4839 nt
1290 4784 1535 4841 veritatis
1584 4798 1761 4852 prtero
1796 4783 1861 4836 ad
1895 4784 2034 4834 hanc

460 4894 630 4947 usque
707 4862 846 4932 diem
915 4880 1233 4948 appelletur.
1304 4876 1460 4933 Unde
1531 4875 1673 4930 sicut
1746 4877 2035 4941 Oportebat

455 4970 659 5023 Chriin
699 4972 1240 5039 incarnationutupro
1272 4968 1427 5021 nobis
1453 4968 1519 5020 ad
1552 4967 1845 5020 salutarem
1874 4966 2031 5015 finem

460 5063 704 5130 pt'l'tittt‘i,
742 5062 810 5113 ita
848 5062 1007 5115 simul
1044 5061 1200 5129 huius
1234 5060 1403 5121 sancti
1445 5058 1545 5110 viri
1586 5056 1901 5107 memoriam
1934 5055 2033 5105 im-

2213 3139 2277 3187 ε’.
2305 3132 2429 3186 Ὀτι
2455 3132 2566 3202 γὰρ
2596 3133 2952 3203 εὐέμπτωτος
2980 3132 3126 3196 ἄπας
3154 3131 3331 3201 λόγος,
3362 3136 3411 3187 εἰ
3446 3134 3521 3205 μὴ
3544 3135 3711 3206 τάλη-

2142 3224 2211 3293 θῆ
2262 3224 2560 3296 πρεσϐεύει
2615 3225 2711 3279 καὶ
2760 3224 3111 3293 διαγγέλλει,
3146 3224 3334 3296 γνοίης
3381 3225 3714 3280 κάντεῦθεν·

2140 3315 2468 3386 Πυθαγόρας
2513 3316 2612 3386 μὲν
2646 3316 2785 3388 γὰρ’,
2836 3317 2938 3387 τὴν
2973 3316 3143 3386 ψευδῆ
3190 3316 3350 3382 δόξαν
3404 3318 3712 3388 κρατύνων.

2140 3408 2235 3463 καὶ
2264 3408 2435 3462 πολλὰ
2469 3407 2849 3479 λεσχηνεύων,
2884 3409 3094 3461 πείθειν
3126 3408 3361 3473 Ἰταλοὺς
3400 3409 3462 3464 οὐ
3492 3411 3718 3477 δεδύνηο

2140 3519 2273 3556 ταιο
2334 3502 2718 3573 Δημόκριτος,
2794 3501 2927 3554 αὐτό
2986 3519 3050 3570 γε
3108 3500 3267 3555 τοῦτο
3322 3504 3713 3573 συμπράττων,

2150 3589 2486 3661 Ἀϐδηριτῶν
2535 3590 2726 3644 οὐδένα
2758 3592 3030 3661 κατήκοον
3063 3589 3256 3661 ἔσχεν·
3324 3591 3581 3663 Ὀρφεὺς,
3639 3592 3718 3662 τῷ

2142 3681 2297 3752 μύθῳ
2352 3680 2574 3744 πάντως
2609 3681 2775 3752 θηρία
2805 3681 3159 3751 κατακηλῶν,
3217 3683 3346 3746 τοὺς
3395 3684 3719 3754 ὁμοχὼρους

2138 3770 2239 3823 οὐκ
2273 3768 2456 3822 ἔπειθε
2490 3769 2732 3841 Θρᾷκας.
2767 3771 3031 3839 Καίτοιγε
3068 3771 3248 3842 πολλῷ
3282 3773 3500 3843 ῥέοντες
3535 3774 3677 3844 λόγῳ
3698 3814 3716 3839 ,

2140 3861 2235 3915 καὶ
2273 3861 2438 3932 σοφίᾳ
2496 3864 2628 3932 κενῇ
2684 3862 3077 3933 βρενθυόμενοι
3134 3864 3307 3933 μέθης
3366 3865 3591 3930 πάντως
3634 3866 3715 3918 δι·-

2141 3951 2376 4015 ώλοντο,
2415 3954 2510 4006 καὶ
2566 3954 2729 4023 σιγῆς
2773 3954 2957 4024 βυθοῖς
3014 3956 3425 4024 συγκατέδυσαν
3454 3957 3717 4027 (τοιοῦτον

2137 4047 2247 4118 γὰρ
2281 4048 2314 4117 ἡ
2344 4047 2548 4118 ψευδὴς
2579 4046 2705 4111 δόξα
2746 4049 2841 4100 καὶ
2891 4047 3203 4123 ἀδρανής).¹
3227 4048 3457 4119 Μάρκος
3514 4050 3572 4103 δέ
3617 4049 3717 4111 τὰς

2139 4139 2420 4209 ἀκόμπους
2456 4139 2547 4191 τοῦ
2582 4138 2896 4209 Πνεύματος
2928 4140 3166 4202 ἐκτιθεὶς
3195 4139 3440 4210 διδαχάς,
3475 4141 3571 4194 καὶ
3592 4143 3718 4201 τοὺς

2140 4228 2420 4291 ἐναντίους
2493 4229 2767 4291 εὐπειθεῖς
2828 4230 3233 4299 μετεπλάσατο.
3296 4232 3540 4285 Ἀνωθεν
3611 4233 3721 4302 γὰρ

2139 4319 2511 4390 ἐκρατύνετο,
2562 4320 2659 4373 καὶ
2701 4323 2733 4388 ή
2771 4322 3084 4393 ἀκραιφνὴς
3124 4322 3304 4386 πίστις
3354 4323 3543 4377 πυλῶν
3591 4323 3719 4395 ᾆδον

2140 4412 2508 4482 κραταιοτέρα
2534 4428 2547 4440 ·
2576 4413 2671 4464 καὶ
2699 4408 2854 4477 οὗτος
2892 4414 3143 4483 ἀοίδιμος
3165 4453 3180 4476 ,
3211 4414 3287 4478 ὡς
3318 4414 3583 4484 ἀληθείας
3614 4415 3718 4484 κῆ-

2144 4504 2276 4575 ρυξ,
2320 4504 2483 4576 μέχρι
2534 4504 2695 4576 δεῦρο
2740 4506 3241 4579 συναποδέδεικται.
3278 4504 3423 4559 Ἔδει
3480 4507 3588 4577 γὰρ
3620 4505 3720 4560 τὴν

2142 4595 2260 4647 καθ’
2293 4596 2439 4664 ἡμᾶς
2469 4596 2782 4663 οἰκονομίαν
2803 4598 2882 4657 εἰς
2913 4596 3086 4665 πέρας
3118 4595 3469 4667 σωτηριῶδες
3499 4599 3717 4667 χωρεῖν,

2140 4686 2234 4737 καὶ
2262 4690 2360 4755 τὴν
2407 4685 2601 4738 τούτου
2639 4688 2862 4755 μνήμην
2887 4686 3161 4739 ἀθάνατον
3208 4686 3286 4758 τῷ
3323 4686 3429 4757 βίῳ
3464 4689 3586 4756 μετ’
3616 4689 3717 4755 ἐγ-

2140 4780 2366 4847 κωμίων
2418 4777 2916 4841 συνδιασώζεσθαι·
2951 4776 3018 4830 δι’
3045 4777 3209 4830 αὑτοῦ
3237 4779 3347 4851 γὰρ
3377 4780 3718 4849 κεκήρυκται

2138 4873 2204 4939 τῇ
2242 4870 2415 4922 κτίσει
2460 4870 2592 4931 Θεὸς
2618 4909 2632 4932 ,
2689 4869 2755 4921 δι’
2822 4870 2988 4922 αὐτοῦ
3031 4874 3144 4934 τοῖς
3194 4873 3642 4941 πεπλανημένοις
3684 4874 3716 4941 ὴ

2144 4965 2451 5033 ἐπιστροφὴ
2485 4963 3022 5033 πεπραγμάτευται,
3054 4964 3151 5015 καὶ
3185 4965 3218 5033 ἠ
3262 4964 3400 5034 πρὸς
3452 4965 3547 5017 τὸν
3585 4963 3717 5018 πλά-

2144 5071 2275 5125 στην
2309 5053 2501 5122 ὁδηγία
2533 5053 2956 5123 διῳκονὸμηται.

459 5156 742 5208 mortalem
769 5155 1017 5207 laudibus
1051 5151 1359 5206 conservari
1425 5147 1754 5202 conveniens
1818 5143 2103 5209 fuit;nam
2147 5160 2242 5210 per
2294 5144 2465 5210 ipsum
2538 5145 2805 5197 creaturis
2866 5143 3007 5196 Deus
3073 5143 3398 5231 pratdicatus
3460 5153 3573 5208 est,
3624 5159 3716 5214 per

460 5251 634 5318 ipsum
696 5250 763 5302 iis
806 5252 896 5317 qui
964 5248 1353 5300 aberraverant
1420 5239 1794 5296 couvet-siOuis
1861 5240 2035 5306 gratia
2078 5248 2389 5306 comparata
2466 5235 2607 5299 fuit,
2666 5248 2721 5290 ct
2780 5236 2861 5289 via
2952 5237 3018 5289 ad
3073 5234 3389 5290 Creatorem

455 5357 657 5400 Strata.

529 5439 585 5493 b'.
630 5437 920 5503 Postquam
970 5450 1098 5489 vero
1143 5431 1548 5487 misericordem
1599 5429 1689 5482 Dei
1737 5427 2028 5481 adventum

529 5632 608 5704 (cl
648 5632 770 5686 lla'c
804 5631 1116 5684 indicantur
1145 5643 1302 5704 supra
1328 5623 1707 5704 inapustulatu
1728 5622 1843 5691 ejus
1871 5620 2036 5704 aqui-

460 5695 667 5757 leit'ensi.
729 5702 782 5754 lu
841 5701 1075 5753 Historia
1137 5699 1567 5766 patriarcharum
1646 5695 2029 5755 .-\lr.\:ut-.Zri;r,

3493 5238 3714 5293 demon-

2219 5424 2296 5487 ς’.
2347 5424 2503 5476 Ἐπεὶ
2536 5419 2629 5476 οὖν
2667 5422 3046 5491 εὐσπλάγχνου
3091 5420 3226 5475 Θεοῦ
3264 5423 3566 5492 παρουσίαν
3599 5422 3715 5477 εὕσ-

2148 5617 2345 5671 dicitur
2375 5615 2538 5669 etiam
2583 5613 2824 5669 adfuisse
2876 5613 3139 5684 martyrio
3170 5615 3399 5666 duorum
3446 5610 3712 5683 apostolo-

2149 5704 2286 5752 rum,
2314 5696 2367 5741 et
2402 5685 2598 5738 iterum
2632 5684 3014 5738 Alexandriam
3055 5698 3324 5739 reversus.
