3950 6166
276 325 406 392 1193

1263 327 1666 392 ENCOMIUM
1704 329 1787 391 IN
1827 330 1889 391 S.
1931 327 2255 390 MARCUM
2296 325 2551 385 APOST.

3382 313 3514 378 1194

277 438 543 507 πλαγχνον
583 437 944 509 ἀνεκήρυξεν,
979 439 1075 493 καὶ
1112 438 1334 511 γλώσσῃ
1379 439 1616 510 θεολόγῳ
1644 439 1840 504 ἄλλους

1953 437 2329 508 promulgavit,
2378 451 2442 490 ac
2483 435 2662 505 lllgllil
2711 431 2819 486 Deo
2863 430 3018 502 plena
3073 429 3255 500 plures
3290 429 3507 496 quidem

278 546 329 582 τε
361 528 578 591 πλείους
611 529 710 581 καὶ
749 528 1061 594 Ἰταλιώτας
1101 531 1238 601 πρὸς
1275 530 1376 602 τὴν
1403 531 1702 600 ἐπίγνωσιν
1734 530 1844 584 εἵλ-

274 633 401 669 κυσε
427 656 442 680 ,
473 609 880 682 κατασκευάζει
931 617 1143 682 τούτοις
1171 617 1247 682 ὡς
1290 619 1628 689 ἀρχιτέκτων
1682 620 1844 688 σοφὸς

272 709 365 778 τὴν
390 708 484 761 τοῦ
523 709 858 776 Εὐαγγελίου
896 710 1112 776 πυξίδα,
1145 715 1239 765 καὶ
1273 712 1450 784 ταύτῃ
1493 713 1649 776 νέους
1687 715 1845 781 ὲγκο-

271 801 476 854 λάπτει
505 800 742 870 θεσμοὺς
771 841 785 865 ,
841 801 935 866 οὒς
970 804 1002 874 ή
1057 803 1153 856 τοῦ
1197 803 1464 873 ⁹Ιερεμίου
1513 806 1844 877 προῃνίξατο

273 892 570 963 πρόρρησις
609 893 895 961 φάσκουσα
921 911 935 926 ·
967 895 1074 950 Kal
1116 896 1466 952 συντελέσω
1502 898 1600 951 ἐπὶ
1621 900 1731 953 τὸν
1765 897 1845 953 οἶ-

269 1000 378 1037 κον
409 984 676 1052 Ἰσραὴλ,
715 985 816 1038 καὶ
861 987 961 1040 ἐπὶ
997 988 1106 1041 τὸν
1130 985 1300 1042 οἶκον
1326 991 1514 1045 Ἰούδα
1548 987 1846 1060 διαθήκην

271 1076 503 1142 καινὴν,
531 1076 736 1142 διδοὺς
752 1081 978 1148 νόμους
989 1097 1106 1148 μου
1126 1083 1213 1146 εἰς
1231 1083 1338 1147 τὰς
1358 1083 1606 1151 καρδίας
1625 1083 1840 1148 αὐτῶν,

270 1166 342 1229 ὡς
383 1166 449 1219 ἂν
490 1167 562 1236 μὴ
613 1168 794 1236 λόγοις
850 1171 1032 1240 μόνον,
1081 1172 1216 1225 ἀλλά
1253 1173 1347 1225 καὶ
1395 1177 1460 1243 τῇ
1512 1175 1841 1247 εὑαγγελικῇ

273 1262 583 1329 συγγραφῇ,
610 1261 706 1313 καὶ
732 1263 844 1323 τοῖς
876 1262 1104 1332 ὕστερον
1125 1265 1224 1335 τὴν
1246 1265 1339 1318 τοῦ
1361 1267 1534 1334 Λόγου
1569 1264 1847 1337 διατρανοῖ

272 1352 705 1422 ἐνανθρὼπησιν,
741 1353 840 1416 τὰς
893 1352 1225 1424 θεοσημείας
1259 1357 1352 1408 ὑπ’
1386 1357 1508 1427 ὖψιν
1541 1358 1745 1423 τιθεὶς,
1779 1361 1846 1414 τὰ

273 1443 409 1512 ὑπὲρ
435 1443 595 1513 ἡμῶν
620 1443 790 1512 πάθη,
817 1443 918 1515 τὴν
955 1448 1020 1498 ὲκ
1049 1445 1141 1498 τοῦ
1173 1435 1456 1518 μνήματος
1480 1448 1716 1520 ἔγερσιν,
1751 1451 1846 1504 καὶ

269 1534 366 1603 τὴν
403 1536 483 1596 si;
519 1535 806 1605 οὐρανοὺς,
833 1533 956 1588 ὅθεν
981 1536 1368 1607 κατελήλυθεν,
1405 1538 1656 1614 ἔπαρσιν.
1686 1543 1848 1609 Μέγα

270 1643 372 1680 που
406 1626 467 1678 τὸ
505 1626 686 1696 ἔργον.
722 1620 767 1680 ὦ
797 1627 1024 1698 Μάρκε,
1056 1629 1152 1682 καὶ
1185 1628 1450 1694 ἀξιόθεονί
1485 1631 1844 1704 κοσμωφελὴς

269 1719 300 1787 ἡ
341 1716 575 1788 ἐργασία
623 1718 721 1771 κα)⁸
765 1718 1086 1787 διαϐόητοςί
1128 1720 1201 1772 Ἢ
1250 1721 1315 1792 σὴ
1362 1721 1472 1793 γὰρ
1509 1723 1668 1795 φωνὴ
1704 1723 1844 1796 ὑπὲρ

266 1806 397 1880 ἦχον
425 1809 685 1880 βροντῆς·
709 1811 770 1863 τὸ
790 1810 884 1862 τοῦ
910 1811 1244 1879 Εὑαγγελίου
1276 1831 1369 1867 σου
1397 1814 1511 1883 φῶς
1529 1816 1668 1889 ὑπὲρ
1689 1817 1844 1888 ἡλίου
1878 1798 1920 1856 Β

268 1898 434 1968 βολάς
455 1915 468 1928 ·
505 1892 667 1952 αὗται
713 1900 962 1972 μὲνγὰρ
1001 1901 1098 1954 καὶ
1124 1901 1274 1971 νέφει
1314 1903 1684 1959 καλύπτονται
1708 1946 1724 1972 ,
1754 1909 1848 1962 καὶ⁵

271 1991 454 2060 μικρῶ
480 2008 588 2043 τινι
614 1991 690 2059 τῷ
723 1991 1151 2062 ὲπιπροσθοῦντι
1182 1993 1498 2058 σκιάζονται
1520 2013 1534 2026 ’
1557 1999 1591 2068 ή
1620 1999 1849 2068 εὐαγγε-

266 2082 390 2152 λικσὶ⁸
421 2083 479 2135 δὲ
515 2085 830 2150 φωταύγεια
859 2086 955 2137 καὶ
978 2087 1078 2156 τὴν
1108 2087 1206 2158 σὴν
1241 2088 1580 2143 ὲκκαλῦπτει
1611 2090 1713 2161 τῆς
1739 2091 1844 2161 ψυ-

265 2174 366 2244 χῆς
397 2174 736 2244 ὡραιότητα.
755 2176 831 2228 Οὐ
859 2176 968 2248 γὰρ
995 2177 1061 2231 ἂν
1087 2180 1182 2232 ἐπὶ
1211 2179 1369 2233 τοῦτο
1398 2181 1758 2254 προϐέϐλητο,
1799 2185 1847 2237 εἰ

269 2261 370 2333 μὴ’
388 2267 487 2319 καὶ
519 2267 550 2336 ἡ
600 2265 749 2318 ἔνδον
778 2269 1176 2338 ἀπήστραπτεν
1203 2271 1394 2341 ἀρετὴ,
1423 2272 1643 2326 utdel.
1683 2291 1849 2327 κατα-

263 2355 470 2426 λάμπει
491 2398 506 2420 ,
537 2359 633 2410 καὶ
665 2359 917 2430 δᾳδουχεῖ
949 2361 1076 2424 τοὺς
1120 2364 1306 2431 ἐγγὺς,
1347 2365 1698 2419 ἀνακαλεῖται
1720 2369 1848 2432 τοὺς

263 2451 478 2520 πόρρω,
513 2451 607 2502 καὶ
647 2451 726 2522 τῷ
750 2469 809 2504 τε
837 2454 1246 2525 ἀνεπιτηδεύτῳ
1289 2457 1474 2510 κάλλει
1501 2456 1845 2530 καθωραῖζο-

266 2542 405 2612 μένη
433 2579 450 2606 ,
501 2543 596 2594 καὶ
633 2547 696 2612 τῇ
739 2544 984 2614 ὲπιτόμῳ
1028 2546 1190 2616 σοφίᾳ
1226 2547 1658 2620 λαμπρυνομένη
1680 2591 1693 2614 ,
1729 2553 1848 2614 ταῖς

260 2633 527 2689 ἁπάντων
549 2636 739 2698 ἀκοαῖς
771 2635 1060 2706 ὑφηγεῖται
1091 2638 1184 2692 τοῦ
1209 2637 1346 2692 Θεοῦ
1367 2640 1437 2694 τὰ
1474 2641 1776 2713 παράδοξα.

335 2813 403 2878 ζ’.
446 2802 639 2878 οστωξ
662 2815 864 2888 ἤνθησε
895 2818 964 2872 τὰ
995 2819 1094 2888 τῆς
1119 2819 1377 2885 πίστεως,
1399 2820 1572 2885 οὕτως
1605 2822 1851 2894 ἐξενίκη-

263 2925 354 2961 σεν
387 2911 422 2978 ἡ
454 2908 693 2979 ἀλήθεια
714 2948 730 2971 ,
760 2908 903 2962 οὕτω
932 2909 1101 2980 Τριάς
1153 2912 1211 2964 ὲν
1253 2911 1468 2981 μονάδι,
1503 2913 1600 2967 καὶ
1645 2908 1858 2979 ὲνΤριά

258 2998 310 3050 δι
371 3004 542 3070 μονὰς
634 3001 1024 3070 προσκυνεῖται
1076 3001 1170 3054 καὶ
1202 3002 1629 3072 καταγγέλλεται
1656 3020 1670 3036 ο
1707 3003 1850 3060 οὕτω

258 3087 415 3159 παρά
459 3088 646 3158 πάσης
696 3090 799 3160 τῆς
845 3089 1078 3153 κτίσεως
1111 3092 1140 3143 ὁ
1179 3094 1412 3164 ἄναρχος
1465 3096 1656 3167 Πατὴρ
1683 3135 1698 3162 ,
1754 3097 1851 3151 καὶ

259 3178 392 3244 Υἱὸς
421 3181 450 3232 ὁ
505 3181 840 3250 συνάναρχος
867 3223 878 3243 ,
927 3181 1026 3233 σὺν
1054 3181 1132 3251 τῷ
1165 3185 1439 3253 ὁμοουσίῳ
1473 3186 1568 3240 καὶ
1603 3187 1851 3259 ζωοποιῷ

259 3269 554 3340 Πνεύματι
586 3270 914 3338 θεολογεῖταί
949 3288 1006 3324 τε
1035 3275 1129 3325 καὶ
1164 3275 1458 3340 σεϐἀζεται
1477 3318 1492 3342 ,
1523 3281 1551 3332 ὁ
1586 3281 1644 3332 ὲν
1671 3285 1852 3351 τρισὶν

256 3357 634 3412 ὑποστάσεσιν
665 3355 743 3423 εἷς
777 3359 936 3426 Θεὸς,
966 3361 1192 3430 ήὲνιαία
1222 3366 1314 3417 καὶ
1341 3365 1464 3419 θεία
1485 3366 1667 3442 φύσις,
1693 3371 1727 3440 ἡ
1756 3369 1854 3439 μία

259 3452 613 3522 παντουργὸς
647 3453 742 3504 καὶ
772 3451 1133 3525 ἀπερινόητος
1160 3455 1389 3527 δύναμις
1411 3475 1426 3489 ·
1469 3461 1502 3530 ή
1537 3459 1710 3531 πλάνη
1744 3461 1854 3533 γάρ

257 3543 639 3612 ἀπελήλαται,
675 3543 736 3597 τὸ
772 3545 1034 3600 πολύθεον
1066 3547 1296 3619 φροῦδον
1325 3549 1518 3617 γέγονε
1561 3550 1810 3620 σέϐασμα
1835 3591 1850 3616 ,

257 3633 310 3686 oi
338 3634 546 3705 τριχθὰ
580 3635 757 3688 πάντα
788 3635 865 3705 τῷ
902 3636 1057 3708 μύθῳ
1087 3640 1299 3702 ἑαυτοῖς
1324 3679 1339 3704 ,
1369 3639 1474 3709 φεῦ
1499 3640 1599 3711 τῆς
1630 3641 1850 3706 ἀνοίαςι

253 3727 438 3798 τά·μὴ
475 3729 657 3780 οἰκεῖα
704 3727 1004 3798 δασάμενοι
1027 3769 1043 3794 ,
1096 3731 1216 3802 μετ’
1272 3733 1407 3802 ἤχου
1441 3732 1723 3788 ἀπώλοντο
1748 3775 1762 3798 ,
1801 3733 1854 3787 oi

256 3816 689 3886 ἀνθρωπολέται
720 3819 1100 3889 κατήργηνται
1131 3820 1382 3892 δαίμονες
1405 3838 1420 3854 ο
1453 3823 1515 3875 οὐ
1551 3823 1660 3895 γὰρ
1688 3824 1850 3896 ἠνεγ-

254 3925 357 3960 καν
389 3908 536 3961 Θεὸν
584 3908 1084 3981 ὲνανθρωπήσαντα
1111 3911 1370 3983 καθορᾷν,
1401 3911 1750 3983 ᾐσχύνθησαν
1785 3913 1854 3966 δι’

254 3998 612 4068 ἀνθρωπείου
643 3999 892 4071 σώματος
941 4002 1506 4063 καταπαλαισθέντες·
1552 4005 1614 4057 οὐ
1648 4003 1756 4076 γὰρ
1788 4005 1854 4058 ἂν

250 4089 526 4159 ᾠήθησαν
550 4090 772 4160 ἥττημα
797 4092 894 4162 τὴν
925 4091 1018 4144 τοῦ
1051 4091 1362 4162 κρείττονος
1393 4092 1552 4164 νίκην
1625 4095 1737 4148 Καὶ
1757 4094 1854 4148 νῦν

255 4180 284 4250 Ιι
322 4181 422 4234 τοῦ
457 4181 602 4234 Θεοῦ
637 4183 842 4246 αῖνεσις
894 4185 986 4236 ἐπὶ
1016 4183 1191 4237 πάντα
1221 4184 1321 4253 τῆς
1351 4186 1455 4254 γῆς
1497 4189 1854 4257 προφητικῶς

251 4273 538 4345 διηχεῖται
570 4273 640 4328 τὰ
669 4275 907 4342 πέρατα.

317 4559 393 4622 η’.
459 4553 810 4625 Ἑπέστρεψε
843 4555 942 4625 μὲν
972 4553 1066 4609 οὖν
1090 4557 1170 4619 εἰς
1201 4557 1433 4626 Χριστὸν
1461 4560 1490 4610 ὁ
1531 4558 1852 4622 Ἀπόστολος

255 4642 568 4716 Ἑσπέρη,
608 4648 1053 4718 μυσταγωγήσας
1100 4647 1198 4719 τὴν
1228 4647 1610 4719 φιλάνθρωπον
1641 4666 1852 4718 συγκα-

249 4737 516 4800 τάὒασιν,
555 4735 774 4801 διδάξας
801 4737 934 4791 Θεὸν
969 4740 1130 4808 μόνον
1165 4740 1344 4794 σέϐειν
1377 4741 1473 4794 καὶ
1501 4744 1850 4809 προσκυνεῖν.

247 4829 358 4882 Καὶ
393 4828 516 4880 τῶν
545 4829 759 4880 πολλῶν
789 4830 1016 4884 ἐκείνων
1044 4832 1284 4897 ἱδρώτων
1305 4834 1367 4887 οὐ
1398 4833 1497 4904 μὲν
1525 4831 1617 4887 οὖν
1640 4833 1850 4906 ἔληξεν,

245 4921 348 4976 οὐκ
405 4924 698 4994 ὲνάρκησε
744 4924 846 4994 τῆς
890 4926 1198 4998 ἀποστολῆς
1242 4929 1415 4983 ἕλκων
1459 4929 1522 4982 τὸ
1571 4928 1805 5000 ἄροτρον
1829 4949 1843 4962 ·

245 5009 425 5066 διέθεε
456 5011 522 5066 δὲ
568 5018 663 5066 καὶ
695 5013 796 5084 τὴν
825 5014 1103 5070 Λίϐυσσαν
1142 5017 1246 5089 γῆν
1272 5060 1287 5084 ,
1323 5020 1536 5073 ἐκεῖθεν
1575 5021 1716 5091 πρὸς
1755 5022 1852 5074 ἀν-

244 5101 523 5173 ίσχουσαν
567 5108 976 5177 μεταφοιτήσας
1017 5109 1216 5178 αὐγὴν,
1241 5112 1346 5164 λκαὶ
1376 5111 1707 5184 διασπείρων
1747 5116 1852 5167 κάν

239 5191 424 5264 ταύτῃ
461 5191 568 5246 τοῦ
608 5193 941 5262 Εὑαγγελίσυ
967 5195 1036 5248 τὰ
1079 5197 1374 5268 σπέρματα
1396 5239 1410 5263 ,
1454 5200 1547 5253 τὸν
1579 5203 1848 5271 κηρυττό-

243 5300 414 5348 μενον
449 5284 771 5351 ἐπιγνῶναι
802 5286 937 5341 Θεὸν
963 5287 1200 5343 επεισεν.
1235 5290 1356 5342 Ἔτι
1388 5307 1445 5342 τε
1472 5291 1568 5350 καὶ
1596 5295 1717 5355 ταῖς
1749 5294 1847 5349 ἄλ-

236 5364 368 5440 λαις
407 5374 510 5429 ἐπ’
542 5377 830 5446 Αίγύπτου
858 5379 1394 5451 πολυανδρουμὲναις
1434 5382 1621 5437 πόλεσι
1660 5383 1731 5437 τά
1761 5389 1850 5437 οὕ·-

311 5529 339 5564 ⁶
370 5531 601 5587 Jerem.
631 5549 783 5602 xm,
815 5528 867 5595 Ι.
892 5532 982 5589 55.

1946 529 2220 594 nationes,
2254 526 2551 596 praesertim
2581 540 2710 578 vero
2748 520 2929 587 Italus,
2963 523 3026 574 ad
3061 521 3302 575 veritatis
3328 519 3517 591 cogni-

1947 618 2146 673 tionem
2195 615 2451 679 attraxit;
2495 629 2592 684 pro
2643 613 2764 667 istis
2810 613 2887 664 uti
2929 609 3146 676 sapiens
3189 611 3520 663 architectus

1944 708 2220 776 Evangelii
2246 723 2340 762 vas
2362 706 2628 768 condidit,
2648 704 2702 757 in
2728 717 2833 772 quo
2863 717 3029 761 novas
3048 700 3193 771 leges
3213 697 3518 769 insculpsit,

1945 815 2081 870 quas
2121 803 2282 855 antea
2333 798 2793 868 przmtuntimerat
2828 794 3082 849 Ieremia:
3127 793 3522 863 prmdirtiodi-

1946 896 2118 950 centis
2152 914 2166 950 :
2203 893 2272 947 Et
2309 896 2585 963 disponant
2626 892 2810 945 domui
2860 889 3030 944 Israel
3061 899 3108 943 et
3148 887 3326 941 domui
3364 886 3522 942 lude

1946 983 2315 1041 testamentum
2379 1001 2589 1047 novum,
2651 985 2785 1037 dans
2829 981 2961 1052 leges
3010 997 3152 1035 mea:
3188 981 3240 1033 in
3275 977 3521 1034 cordibus

1946 1081 2178 1147 ipsorum
2207 1080 2228 1109 ²
2257 1095 2269 1130 :
2297 1088 2354 1131 ιιι
2375 1079 2446 1130 ita
2471 1092 2575 1130 non
2607 1077 2764 1129 modo
2796 1073 3206 1143 praedicatione,
3238 1073 3332 1125 sed
3357 1071 3521 1126 etiam

1947 1171 2257 1241 evangelica
2294 1169 2605 1236 Scriptura,
2655 1168 2842 1221 aeterni
2875 1165 3037 1220 Verbi
3089 1164 3520 1218 incarnationem

1946 1262 2172 1332 ejusque
2220 1260 2390 1314 vitam
2437 1259 2579 1314 inter
2628 1259 2873 1313 homines
2929 1258 3233 1311 traductam
3290 1255 3524 1322 posteris

1948 1353 2352 1419 manifestaret;
2406 1362 2535 1405 ante
2583 1350 2771 1406 oculos
2821 1348 3078 1402 nimirum
3133 1361 3339 1418 ponens
3379 1345 3523 1399 illius

1947 1444 2128 1498 divina
2159 1441 2442 1509 miracula,
2478 1450 2531 1496 et
2566 1450 2831 1494 tormenta
2862 1454 2981 1509 qua:
3011 1453 3108 1508 pro
3145 1438 3302 1492 nobis
3335 1447 3522 1492 sustu-

1946 1536 2047 1600 lit;
2086 1537 2544 1591 resurrectionem
2576 1549 2606 1588 e
2637 1533 2909 1602 sepulcro,
2956 1540 3012 1586 et
3058 1530 3124 1586 ad
3169 1530 3336 1584 caelos
3383 1530 3526 1583 unde

1942 1629 2307 1700 descenderat
2335 1629 2730 1683 ascensionem.
2759 1625 3010 1696 Magnum
3036 1624 3224 1693 utique
3251 1632 3398 1676 tuum
3425 1623 3527 1677 hoc

1949 1735 2082 1789 opus
2102 1719 2224 1788 fuit,
2249 1738 2280 1775 ο
2314 1721 2516 1785 Marce,
2543 1728 2596 1774 ct
2623 1719 2782 1788 plane
2819 1718 3080 1784 divinum,
3107 1731 3243 1788 Opus
3275 1715 3526 1770 universo

1951 1817 2152 1868 mundo
2200 1815 2332 1869 u'tile
2375 1822 2434 1868 et
2489 1813 2775 1868 auxiliare.
2821 1812 2934 1866 Tua
2971 1811 3117 1878 enim
3164 1826 3263 1864 vox
3300 1809 3522 1864 tonitrni

1949 1907 2184 1961 sonitum
2237 1906 2536 1976 superavit,
2580 1914 2635 1960 et
2681 1904 2952 1975 Evangelii
3006 1904 3083 1958 tui
3134 1897 3312 1957 lumen
3358 1918 3520 1972 supra

1948 1997 2079 2052 solis
2121 1998 2303 2052 radios
2343 1996 2583 2053 elfulsit.-
2613 1995 2692 2051 Illi
2730 1997 2998 2064 siquidem
3053 1995 3193 2048 nube
3240 2007 3345 2048 non
3398 2009 3526 2048 raro

1950 2099 2228 2162 leguntur,
2263 2098 2318 2146 et
2347 2105 2511 2161 parva
2546 2091 2708 2145 etiam
2744 2089 2936 2142 nebula
2977 2087 3300 2152 interposita
3333 2085 3524 2139 obum-

1947 2183 2208 2250 brantur;
2249 2181 2316 2236 at'
2343 2181 2618 2251 Evangelii
2671 2180 2745 2234 tui
2777 2179 3033 2248 splendor
3084 2187 3375 2247 perpetuus
3422 2186 3525 2230 tune

1945 2273 2108 2329 etiam
2141 2274 2335 2326 animm
2379 2271 2581 2340 detegit
2625 2268 3113 2340 pulchritudinem.
3151 2269 3341 2320 Annon
3377 2266 3523 2319 enim

1946 2379 2014 2419 ex
2050 2365 2156 2420 hoc
2185 2373 2241 2418 et
2277 2359 2494 2431 semper
2535 2361 2792 2430 refulget,
2838 2370 2893 2415 et
2934 2359 3002 2414 iis
3047 2359 3138 2428 qui
3189 2373 3355 2428 prope
3400 2368 3526 2411 sunt

1947 2456 2123 2511 instar
2161 2455 2295 2510 facis
2341 2456 2553 2522 illucet,
2591 2464 2645 2508 et
2671 2469 2764 2508 eos
2808 2452 2900 2522 qui
2949 2451 3107 2521 longe
3150 2450 3440 2505 absuntad
3467 2465 3526 2504 se

1935 2559 2192 2614 .revoeat,
2225 2556 2413 2603 et‘non
2446 2548 2698 2604 affectata
2725 2548 2924 2601 decore
2954 2555 3240 2610 exornata,
3269 2544 3526 2612 brevique

1949 2654 2014 2695 ac
2067 2642 2456 2708 compendibsa
2504 2639 2771 2709 sapientia
2831 2638 3125 2703 illustrata,
3178 2637 3523 2691 admirabilia

1948 2729 2044 2785 Dei
2081 2731 2310 2786 iactatio
2343 2730 2605 2786 omnium
2631 2738 2791 2784 aures
2828 2728 3106 2783 infundit?

2024 2823 2076 2876 7.
2122 2820 2198 2876 Ita
2227 2823 2358 2876 ﬁdes
2375 2821 2686 2877 Christiana
2709 2821 2977 2876 eﬂloruit:
3010 2821 3080 2874 ita
3103 2820 3306 2874 veritas
3330 2819 3520 2874 victrix

1950 2899 2162 2970 evasit:
2199 2916 2274 2969 ita
2299 2914 2535 2972 Trinitas
2559 2915 2612 2969 in
2641 2914 2869 2980 unitate,
2891 2923 2946 2969 et
2969 2915 3146 2968 unitas
3178 2912 3237 2966 iii
3257 2912 3526 2967 Trinitate

1949 3009 2208 3071 adorator
2237 3047 2250 3070 ,
2296 3015 2352 3060 et
2399 3007 2774 3076 praedicatur:
2813 3005 2886 3060 ita
2937 3005 3006 3059 ab
3054 3005 3199 3058 omni
3273 3013 3526 3057 creatura

1950 3100 2115 3154 Pater
2142 3101 2264 3156 sine
2307 3099 2597 3171 principio,
2639 3109 2694 3155 et
2732 3097 2988 3154 similiter
3022 3097 3192 3152 Filius
3219 3097 3340 3151 sine
3375 3097 3526 3165 prin-

1953 3193 2118 3262 cipio,
2149 3208 2254 3247 una
2282 3208 2402 3248 cum
2431 3189 2883 3248 consubstantiali
2911 3198 2964 3244 et
2989 3189 3298 3244 vivificante
3324 3186 3527 3258 Spiritu

1952 3285 2154 3341 dicitur
2189 3294 2244 3342 et
2271 3285 2494 3351 colitur,
2529 3285 2583 3339 in
2612 3285 2787 3341 tribus
2826 3283 3083 3339 nimirum
3114 3281 3364 3352 personis
3392 3295 3530 3334 unus

1955 3377 2120 3442 Dens,
2169 3377 2466 3448 singularis
2493 3385 2548 3432 et
2572 3376 2756 3432 divina
2785 3376 2879 3430 illa
2933 3385 3148 3443 natura,
3193 3391 3298 3430 una
3345 3388 3528 3430 rerum

1953 3468 2196 3522 omnium
2242 3466 2501 3531 creatrix,
2535 3475 2592 3522 et
2633 3466 3206 3538 incomprehensibilis
3235 3465 3478 3536 potentia‘
3508 3481 3527 3521 :

1953 3573 2112 3613 error
2137 3565 2274 3614 vero
2316 3559 2554 3628 gentium
2591 3558 2847 3628 depulsus
2885 3568 2990 3625 est,
3020 3557 3254 3626 plurium
3306 3557 3528 3611 deorum
3565 3569 3570 3576 ‘

1953 3649 2132 3705 cultus
2168 3650 2411 3717 evanuit,
2444 3659 2499 3705 et
2535 3650 2628 3720 qui
2661 3649 2713 3703 in
2744 3659 2857 3704 tres
2896 3659 3100 3717 partes,
3145 3657 3202 3703 ut
3245 3658 3329 3704 est
3357 3648 3408 3704 in
3444 3648 3528 3702 fa.

1954 3741 2077 3797 bula
2111 3740 2190 3815 (ά)
2222 3757 2314 3798 res
2341 3757 2532 3797 omnes
2575 3757 2680 3798 non
2713 3756 2863 3805 suas,
2893 3741 3031 3795 eheu
3073 3742 3397 3796 amentiam!
3425 3741 3525 3795 sibi

1955 3833 2277 3899 diviserant,
2308 3848 2432 3888 cum
2461 3833 2639 3888 sonitu
2672 3833 2982 3902 perierunt;
3016 3831 3310 3896 daemones,
3349 3833 3524 3888 homi-

1958 3940 2084 3978 num
2122 3924 2415 3994 pernicies,
2452 3925 2746 3994 expugnati
2797 3934 2946 3987 sunt,
2983 3939 3105 3978 nam
3145 3925 3315 3979 Deum
3349 3927 3526 3980 hemi-

1957 4031 2078 4072 nem
2139 4017 2338 4071 factum
2388 4018 2572 4071 ridere
2638 4033 2740 4070 non
2809 4025 3138 4085 potuerunt;
3192 4016 3529 4072 erubuerint

1955 4108 2246 4176 siquidem,
2298 4122 2421 4162 sese
2473 4107 2715 4161 devictos
2755 4107 2824 4162 ab
2859 4108 3093 4162 humano
3141 4123 3369 4176 corpore
3411 4125 3528 4161 crr-

1958 4208 2184 4265 nentes;
2232 4214 2336 4253 non
2389 4199 2534 4252 enim
2600 4198 2876 4268 propriam
2936 4197 3146 4252 cladem
3197 4207 3254 4251 et
3299 4199 3529 4251 dedi-eus

1955 4291 2360 4344 existimassem
2390 4306 2418 4344 a
2454 4292 2735 4360 superiore
2781 4300 2836 4344 et
2877 4292 3185 4359 potentiore
3235 4291 3402 4344 vinci.
3461 4292 3528 4345 Et

1957 4397 2101 4435 nune
2137 4381 2227 4435 Dei
2259 4381 2396 4447 laus,
2426 4389 2484 4435 ut
2510 4383 2784 4453 propheta:
2831 4384 3104 4446 dixerunt,
3140 4383 3331 4439 diﬂ'usa
3360 4395 3434 4437 est
3473 4372 3525 4437 in

1887 4470 1929 4523 ι)
1959 4487 2150 4525 omnes
2185 4474 2320 4528 lines
2349 4483 2529 4527 terrae.

2029 4568 2084 4622 8.
2123 4563 2406 4619 Convertit
2449 4575 2628 4620 autem
2684 4563 2969 4634 Apostolus
3005 4565 3070 4618 ad
3113 4565 3313 4619 Christi
3372 4567 3527 4620 [idem

1955 4657 2120 4707 etiam
2169 4655 2534 4709 occidentales
2583 4656 2791 4725 plagas,
2837 4645 3130 4725 exillii-aus
3166 4657 3256 4710 Dei
3303 4659 3527 4712 descen-

1957 4759 2074 4798 sum
2105 4761 2170 4800 ac
2203 4746 2633 4800 cxinanitionetn
2661 4749 2730 4802 ob
2763 4749 2979 4802 humani
3032 4751 3244 4816 petieris
3293 4749 3528 4802 benevo-

1954 4836 2177 4890 lentiam
2231 4847 2286 4890 et
2341 4839 2540 4892 docens
2599 4839 2764 4898 Deum
2829 4840 3001 4894 solum
3063 4840 3347 4894 colendum
3407 4855 3528 4894 esse

1954 4939 2118 4997 atque
2144 4931 2499 4985 adorandum.
2529 4931 2598 4984 At
2632 4944 2754 5001 post
2781 4934 2976 4987 multos
3004 4934 3136 4986 istos
3168 4934 3394 4987 sudores
3421 4949 3525 4986 non

1955 5022 2134 5076 adhuc
2159 5023 2387 5092 quierit,
2411 5040 2512 5079 nec
2545 5027 2610 5079 ad
2639 5027 2997 5096 apostolicum
3027 5027 3269 5076 aratmm
3305 5023 3526 5078 trahen-

1953 5113 2079 5166 dum
2113 5113 2405 5169 inralidior
2437 5118 2608 5171 evasit
2635 5133 2650 5180 ;
2676 5133 2796 5170 nam
2830 5126 2882 5171 et
2910 5113 3091 5184 Libyae
3122 5123 3322 5168 terram
3356 5128 3521 5182 pera-

1954 5205 2150 5271 gravit,
2218 5221 2282 5260 ac
2323 5207 2445 5260 inde
2478 5209 2544 5260 ad
2588 5206 2884 5259 orientales
2928 5205 3178 5273 regiones
3220 5201 3532 5271 prolectus,

1955 5293 2134 5363 ibique
2169 5295 2442 5367 Evangelii
2473 5296 2681 5350 semina
2714 5295 3048 5358 diffundens,
3081 5305 3270 5362 gentes
3307 5294 3429 5346 illas
3457 5293 3522 5344 ad

1955 5384 2072 5450 Dei,
2105 5402 2264 5456 quem
2309 5389 2422 5458 ipse
2456 5387 2815 5458 prmdicubnt,
2853 5387 3220 5456 cogititiunem
3271 5401 3299 5438 ιι
3323 5386 3519 5440 ‘duxit.

273 5674 399 5755 “((1)
440 5671 683 5727 Scilicet
756 5670 1000 5741 Jupiter,
1057 5670 1340 5744 Neptunus
1409 5681 1461 5728 et
1512 5669 1688 5741 Pluto,
1741 5672 1833 5730 lilii
1912 5676 2169 5743 Saturni,
2224 5677 2464 5748 regimen
2511 5680 2658 5736 orbis
2707 5679 2846 5736 inter
2893 5695 2952 5736 se
3003 5682 3235 5751 partiti,
3311 5691 3365 5737 ut
3421 5681 3522 5746 Gn-

234 5749 412 5808 {Hum

584 5827 848 5890 Parnm.
889 5832 982 5890 Gn
1059 5834 1121 5897 ιζ,

3073 5840 3152 5901 38
