3950 6166
497 395 518 460 l
543 398 633 467 .95

1769 390 2122 480 mecum
2165 389 2474 448 omnem

3616 383 3751 449 1196

495 510 690 564 l'ostea
741 516 796 560 et
823 505 944 559 aliis
993 503 1156 558 etiam
1203 502 1419 573 Aigypti
1467 501 1731 566 urbibus,
1786 502 2073 556 multorum

2184 499 2490 570 ρανόπλοκα
2512 498 2701 552 δίκτυα
2719 497 2999 568 ὑφαπλῶν,
3020 498 3352 568 ὲσαγήνευσε
3371 497 3543 559 πάσας
3574 496 3750 564 λόγοις

497 601 777 657 hominum
813 597 966 666 copia
997 593 1246 658 refertis,
1293 593 1538 648 cmlestia
1577 593 1710 647 retia
1753 594 2075 656 extendens,

495 706 684 747 onmes
739 690 858 743 illas
905 685 1299 758 praedicatione
1347 693 1401 738 et
1443 684 1724 738 miraculis
1773 685 1824 737 in
1873 683 2077 738 Christi

494 799 719 855 egenam
771 780 993 836 attraxit
1039 797 1052 834 :
1094 777 1398 832 daemonum
1465 777 1734 846 sculptilia
1771 792 1889 845 qua:
1936 775 2078 830 colc-

495 875 712 938 bantur,
734 866 1149 931 exterminavit;
1171 875 1335 934 atque
1369 875 1428 919 ut
1454 875 1676 922 sanctus
1701 865 1836 933 lapis
1865 864 2045 933 (quem

489 963 784 1021 admodum
825 957 1109 1029 prophetia
1139 955 1320 1023 dixit),
1355 955 1558 1008 erroris
1607 954 1798 1008 altaria
1828 954 2064 1018 evertit;

493 1063 549 1109 et
583 1067 704 1124 qua:
736 1052 788 1104 in
825 1049 932 1103 illis
962 1055 1122 1100 erant
1158 1044 1414 1098 vanitatis
1453 1053 1506 1096 et
1539 1042 1866 1112 insipientia:
1892 1044 2065 1098 simu-

493 1147 639 1202 lacra
685 1142 802 1198 solo
831 1139 1089 1209 aequavit,
1133 1154 1238 1191 non
1278 1137 1529 1190 tubarum
1580 1125 1866 1203 clangores
1915 1133 2073 1187 emit-

497 1251 618 1294 tcns
668 1250 770 1292 nec
815 1231 1192 1288 Jerichuntina
1267 1228 1464 1280 moenia
1537 1238 1923 1295 prosternens;
1979 1224 2070 1280 sed

490 1329 798 1388 communis
829 1325 1112 1381 hominum
1163 1321 1338 1376 hostis
1390 1319 1628 1381 fraudes,
1663 1317 1771 1372 illis
1804 1319 2087 1371 mmnibus

495 1417 1050 1491 inexpugnabiliores,
1091 1413 1204 1467 suis
1245 1409 1425 1466 verbis
1480 1408 1737 1472 evellens,
1773 1423 1836 1461 ac
1870 1407 2068 1475 templa

2178 591 2271 644 καὶ
2301 589 2606 660 θαύμασιν·
2642 589 3022 659 ἐξωστράκισε
3050 588 3378 660 δαιμονιὼδη
3409 587 3750 658 σεϐάσματα.

2177 683 2272 736 καὶ
2299 681 2374 744 ὡς
2401 680 2546 745 λίθος
2567 681 2742 750 ᾆγιος,
2826 699 2991 752 φησιν
3011 683 3044 752 η
3063 681 3392 752 προφητεία,
3415 676 3754 748 κατέστρεψε

2176 774 2300 835 τοὺς
2315 775 2412 843 τῆς
2439 771 2643 842 πλάνης
2663 771 2905 842 βωμοὺς,
2919 771 3094 825 καὶτὰ
3116 775 3174 825 ὲν
3191 771 3400 834 τούτοις
3417 769 3755 840 κατηδαφισι

2175 865 2273 935 τῆς
2299 868 2662 934 ματαιότητος
2688 864 2870 929 ξόανα·
2886 865 2946 917 ού
2971 863 3290 932 σαλπίγγων
3316 863 3585 931 φθόγγους
3606 860 3756 928 ηχῶν

2179 956 2239 1008 ού
2254 957 2409 1028 τείχη
2429 957 2733 1011 κατασείων
2749 956 3149 1026 Ἰεριχούντεια,
3175 955 3311 1008 ἀλλά
3335 954 3427 1024 τὴν
3442 953 3534 1006 τοῦ
3552 951 3756 1022 ἀνθρω-

2178 1047 2441 1102 ποκτόνου
2478 1048 2658 1116 λόγοις
2693 1046 3081 1119 ἀναμοχλεύων
3111 1046 3347 1115 ἀπάτην,
3390 1045 3510 1112 ἥτις
3534 1043 3756 1096 ἐκείνων

2175 1138 2594 1212 δυσμαχωτέρα,
2621 1142 2716 1194 καὶ
2732 1142 2897 1204 ναοὺς
2917 1140 3134 1209 ἀντεγεί
3141 1156 3250 1209 ρων
3272 1138 3350 1207 τῷ
3371 1136 3591 1190 πάντων
3607 1133 3756 1198 ἐξου-

2177 1229 2454 1292 σιάζοντι·
2507 1233 2562 1285 ὲν
2601 1225 2683 1295 οἷς
2721 1232 2818 1284 καὶ
2847 1229 2946 1293 τὰς
3003 1226 3264 1296 ζοφώδεις
3314 1223 3758 1279 καταλευκαίνων

2173 1321 2281 1371 τῶν
2329 1321 2527 1373 αὐτόσε
2589 1325 2698 1390 dux
2723 1321 2826 1385 ἀς,
2901 1316 3204 1388 κατήλλαξε
3238 1316 3395 1385 Θεῷ,
3449 1315 3544 1367 καὶ
3588 1328 3759 1383 προσ-

2171 1409 2486 1480 ῳκειώσατο
2515 1412 2592 1483 τῷ
2625 1412 2984 1483 βαπτίσματι.

491 1517 738 1570 excitans
763 1511 873 1566 Deo
911 1523 1090 1563 rerum
1118 1505 1359 1561 omnium
1392 1505 1715 1558 dominatori
1743 1521 1757 1566 ;
1808 1503 1858 1556 in
1889 1505 2086 1573 quibus
2127 1507 2308 1575 nigras
2380 1518 2434 1562 el,
2473 1510 2736 1564 obscuras
2803 1523 2988 1564 eorum
3011 1549 3024 1573 ν
3073 1507 3163 1577 qui
3196 1506 3303 1562 iﬂic
3333 1513 3512 1569 erant.
3546 1503 3757 1558 gnimas

494 1607 756 1662 dealbans
789 1613 952 1671 atque
981 1597 1294 1669 puriﬁcans,
1331 1597 1438 1650 Deo
1464 1595 1583 1649 illas
1621 1595 1992 1649 reconciliavit
2021 1604 2075 1648 et
2115 1611 2209 1664 per
2239 1599 2568 1667 baptismum
2604 1598 2904 1668 conjunxit.

567 1702 620 1757 9.
668 1698 767 1753 llic
799 1697 942 1752 enim
984 1693 1247 1763 IEgypto,
1295 1707 1413 1761 qua:
1445 1691 1516 1744 illi
1551 1693 1605 1744 in
1637 1692 1904 1746 divisione
1929 1692 2073 1747 obti-

2253 1692 2315 1746 θ’.
2386 1687 2555 1758 Οὗτος
2611 1694 2722 1766 γάρ
2779 1698 2877 1766 τῆς
2929 1692 3310 1763 Αἰγυπτιακῆς
3367 1690 3574 1762 λήξεως
3630 1688 3758 1759 θείᾳ

497 1793 598 1862 git,
631 1806 660 1844 ιι
696 1789 878 1843 divino
933 1785 1139 1856 Spiritu
1181 1798 1289 1851 prae
1319 1782 1442 1837 aliis
1476 1782 1735 1849 magister
1765 1783 2076 1851 assignatus

2184 1782 2459 1854 Πνεύματι
2491 1784 2878 1854 κατεξαίρετον
2905 1782 3192 1854 ἀφωρίσθη
3225 1779 3564 1840 διδάσκαλος,
3603 1769 3762 1837 οὗτος

495 1892 575 1937 est
611 1898 624 1933 :
659 1881 749 1935 hic
787 1877 862 1933 illi
918 1877 1122 1947 regioni
1181 1879 1388 1944 primus
1443 1873 1684 1944 pontifex
1737 1886 1791 1927 et
1833 1886 2014 1942 pastor
2040 1891 2069 1926 a

497 1986 691 2041 magno
743 1969 904 2023 Petro
956 1965 1250 2035 prml'eetus
1303 1964 1432 2030 luit;
1484 1962 1742 2017 wrnmnis
1792 1963 2072 2018 illustrans

494 2060 853 2134 apostblicum
937 2070 1074 2127 Opus
1143 2055 1288 2124 quod
1335 2061 1746 2122 assumpserat,
1801 2054 2072 2122 variisque

494 2151 778 2210 laboribus
826 2148 1100 2220 publicum
1163 2147 1530 2201 ministerium
1607 2159 1912 2212 exornans;
1966 2160 2071 2197 non

496 2246 706 2302 deliciis
759 2255 946 2305 utens,
1000 2253 1108 2293 non
1162 2239 1276 2293 otio
1328 2247 1382 2291 et
1429 2237 1640 2292 inertiae
1689 2236 1945 2300 deditus;
1979 2235 2074 2289 sed

498 2333 932 2397 tentationibus,
986 2340 1092 2384 tam
1127 2344 1158 2382 a
1209 2328 1506 2396 majoribus
1561 2343 1722 2397 quam
1760 2343 1788 2380 a
1836 2326 2075 2381 minimis

497 2427 832 2494 hominibus,
865 2424 1104 2494 undique
1126 2431 1379 2484 vexatas,
1403 2439 1464 2476 ac
1491 2420 1868 2490 multiplicium
1902 2420 2074 2474 malo-

498 2539 616 2578 rqu
670 2521 890 2591 agmine
935 2517 1329 2580 circumdatus,
1384 2527 1441 2569 ut
1484 2519 1578 2578 ita,
1617 2514 2074 2582 quemadmodum

494 2626 550 2671 et
577 2612 793 2678 Paulus,
829 2621 1094 2665 tumorem
1124 2623 1340 2664 omnem
1363 2617 1416 2659 et
1440 2605 1638 2660 fastum
1664 2606 2071 2675 comprimeret.

499 2707 544 2761 0
580 2705 825 2761 divinum
868 2701 1220 2769 discipulum,
1253 2698 1348 2767 qui
1390 2707 1558 2754 totum
1592 2707 1860 2753 terrarum
1889 2697 2074 2751 orbem

500 2794 850 2867 peragravit!
889 2792 934 2849 0
969 2806 1166 2862 corpus
1220 2799 1298 2844 tot
1338 2788 1610 2858 tantisque
1659 2786 1916 2858 operibus
1971 2801 2074 2840 non

494 2887 892 2959 defatigatum!
951 2880 1306 2954 O;salotaris
1383 2878 1788 2951 praedicationis
1862 2891 2078 2946 semper

502 2985 764 3038 virentem
805 2988 862 3035 et
911 2976 1274 3034 immortalem
1328 2974 1662 3045 potentiam!
1705 2971 1894 3025 Divina
1933 2970 2076 3025 enim

495 3091 666 3146 opera
696 3084 747 3127 et
777 3087 898 3142 quae
929 3086 958 3125 a
997 3070 1105 3125 Deo
1139 3077 1268 3122 sunt
1294 3065 1704 3136 corruptionem
1733 3076 1842 3118 non
1871 3061 2079 3131 patiun-

2179 1873 2385 1944 ταύτης
2414 1876 2470 1927 ἔν
2505 1873 2741 1946 πρώτοις
2772 1875 3059 1945 ἀρχιερεὺς
3106 1873 3201 1926 καὶ
3256 1870 3461 1940 ποιμὴν
3506 1869 3612 1922 ύπό
3665 1866 3760 1919 τοῦ

2185 1966 2424 2035 μεγάλου
2476 1969 2684 2038 Πέτρου
2748 1965 3159 2036 προϐέϐληται,
3205 1963 3389 2026 πόνοις
3449 1957 3761 2030 φαιδρύνων

2181 2059 2562 2126 ἀποστολικοξ
2587 2061 2649 2112 τὸ
2677 2061 2985 2131 ἐγχείρημα
3003 2099 3018 2124 ,
3065 2059 3160 2112 καὶ
3191 2055 3457 2116 ποικίλοις
3490 2053 3760 2121 καμάτοις

2184 2150 2555 2222 κατακοσμῶν
2579 2151 2640 2204 τὸ
2669 2150 3041 2221 λειτούργημα
3063 2167 3076 2180 ·
3101 2149 3162 2202 οὐ
3192 2148 3427 2217 τρυφαῖς
3453 2143 3761 2216 χρώμενος.

2182 2245 2242 2296 οὗ
2277 2244 2531 2316 ῥᾳστώνῃ
2561 2245 2954 2316 προστετηκὼς
2977 2260 2988 2273 ·
3029 2244 3356 2313 πειρασμοῖς
3386 2239 3443 2293 δὲ
3484 2238 3622 2307 πρὸς
3645 2252 3766 2307 μει-

2184 2335 2354 2398 ζόνων
2387 2336 2483 2389 καὶ
2529 2337 2662 2406 πρὸς
2700 2337 3000 2406 ἐλαχίστων
3039 2331 3580 2405 περιστοιχιζόμενος
3605 2317 3630 2388 .’
3670 2328 3766 2382 καὶ

2141 2497 2146 2504 _
2187 2429 2408 2499 μυρίαις
2437 2430 2626 2483 δεινῶν
2657 2431 2898 2498 νιφάσιν,
2931 2430 3018 2484 ἵνα
3036 2429 3126 2483 τὸν
3145 2429 3307 2495 ὄγκον
3328 2430 3535 2480 ἐκεῖνον
3559 2425 3765 2479 συνέλω

2185 2522 2326 2576 κατὰ
2359 2521 2568 2576 Παῦλον
2600 2523 3112 2593 περιαντλούμενος.
3150 2522 3214 2574 Ὢ
3251 2518 3499 2590 μαθητοῦ
3529 2517 3762 2586 θεοφάν-

2184 2629 2339 2684 τορος
2359 2653 2375 2677 .
2419 2613 2518 2684 τὴν
2546 2613 2654 2682 γῆν
2688 2613 3254 2683 ὲκπερινοστήσαντος
3289 2608 3546 2672 ἇπασανί
3576 2605 3624 2659 ὣ
3655 2603 3760 2660 σώ-

2189 2722 2388 2774 ματος,
2421 2707 2495 2775 μὴ
2539 2707 2653 2768 τοῖς
2693 2704 2971 2767 τοσούτοις
3006 2706 3190 2774 ἔργοις
3233 2699 3758 2772 ἀπαγορεύσαντοςί

2185 2795 2230 2848 ὣ
2262 2797 2616 2869 κηρύγματο;
2639 2838 2653 2862 ,
2687 2797 2915 2868 ἀειθαλῆ
2939 2797 3038 2867 τὴν
3067 2797 3227 2867 ίσχὺν
3259 2793 3643 2857 ἀποσώζοντας
3669 2789 3757 2842 κει-ἱ

2175 2889 2480 2948 ἁθάνατονί
2517 2889 2648 2942 Θεῖα
2677 2889 2785 2961 γάρ
2816 2889 2953 2961 ἔργα
2981 2891 3075 2944 καὶ
3105 2892 3167 2945 ὲκ
3195 2888 3334 2943 Θεοῦ
3367 2888 3661 2960 μαρασμδν
3697 2882 3758 2935 οὐ

2187 2981 2506 3053 aspectant:
2539 2981 2820 3036 Ἐντεῦθεν
2852 2981 3072 3046 ἐπάξιον
3105 2981 3202 3052 τὴν
3255 2982 3551 3052 Δαυῖτικὴν
3583 2979 3762 3051 ῥῆσιν,

2185 3075 2246 3126 τὸ
2280 3073 2700 3144 μεγαλοπρεπὲς
2719 3074 2828 3128 τῶν
2853 3075 3158 3146 δημιουργη
3169 3075 3354 3144 μάτων
3379 3072 3764 3144 θαυμάζουσαν

499 3179 608 3222 tur.
645 3165 954 3235 Congruum
987 3171 1071 3216 est
1098 3161 1198 3215 hoc
1229 3159 1348 3215 loco
1375 3155 1580 3213 referre
1609 3153 1830 3226 Davidis
1851 3153 2076 3217 dictum,

2184 3165 2278 3217 καὶ
2310 3166 2443 3231 πρὶς
2467 3163 2555 3216 τὸν
2588 3162 2824 3232 θεόπτην
2851 3164 3078 3234 Μάρκον
3108 3163 3563 3234 ,μεθαρμόζοντας
3593 3179 3764 3232 προσ-

498 3273 608 3328 quo
652 3258 768 3326 ipse
813 3254 1117 3308 divinorum
1171 3249 1513 3319 opilicinrum
1573 3244 2027 3317 magniﬁcentiam
2060 3283 2074 3306 ,

494 3349 734 3412 extollit,
757 3347 1001 3415 illudque
1024 3345 1184 3398 beato
1203 3341 1384 3396 Marco
1404 3341 1686 3408 adoptare,
1708 3338 1991 3399 nimirum,
2023 3338 2074 3388 in

495 3456 717 3497 omnem
756 3451 954 3494 terram
995 3435 1166 3491 exivit
1210 3449 1376 3490 sonus
1416 3432 1551 3504 ejus,
1589 3442 1645 3485 et
1678 3432 1730 3484 in
1763 3430 1902 3484 lines
1927 3430 2086 3483 orbis»

505 3545 666 3588 terrm
716 3532 1004 3586 verborum
1057 3528 1230 3596 ipsius
1290 3519 1496 3581 utilitas
1531 3525 1570 3578 ³.
1609 3522 1736 3578 ιίωο
1792 3524 1936 3576 enim
1975 3535 2078 3574 vox

506 3626 600 3680 tibi
630 3637 840 3679 summe
864 3621 1193 3675 conveniens
1218 3631 1322 3685 est,
1345 3635 1376 3673 ο
1405 3617 1583 3672 Marce
1610 3616 1790 3670 divina
1813 3615 2075 3683 sapientia

504 3717 713 3787 pollens
740 3734 753 3768 :
789 3715 902 3768 bzec
937 3712 1049 3766 sola
1086 3711 1180 3766 tibi
1211 3727 1374 3780 supra
1402 3725 1594 3765 omnes
1627 3708 1930 3763 rhetOricas
1961 3720 2078 3758 am-

505 3811 864 3882 plificationes
915 3806 1361 3871 aceonnuodata;
1409 3805 1546 3858 bene
1586 3801 1856 3869 siquidem
1904 3800 2079 3867 expli-

504 3915 593 3956 unt
627 3914 774 3956 tuum
807 3915 1052 3964 cursum,
1105 3907 1192 3951 tua
1230 3897 1550 3958 certamina,
1591 3895 1825 3956 labores,
1870 3891 2084 3954 cru_cia-

506 4008 611 4061 tns,
665 4008 874 4049 necnon
927 4006 1182 4047 coronam
1234 3986 1766 4048 immarcescibileut,
1822 4000 1939 4051 quae
1972 3999 2080 4035 non

505 4104 639 4142 auro
675 4104 740 4140 ex
776 4086 995 4156 regione
1049 4081 1219 4152 Opbir
1259 4078 1509 4136 confecta
1560 4087 1666 4144 est,
1707 4092 1813 4129 non
1856 4074 2083 4144 genuuis

2175 3258 2376 3318 ειπεῖν,
2401 3256 2493 3318 Et;
2525 3257 2704 3309 πᾶσαν
2725 3257 2825 3325 τὴν
2849 3256 2952 3325 γῆν
2976 3255 3198 3326 ἐξῆλθεν
3227 3258 3256 3310 ὁ
3283 3255 3522 3324 φθόγγος
3551 3255 3720 3310 αὑτοῦ
3747 3295 3760 3316 ,

2175 3350 2267 3402 καὶ
2297 3349 2376 3412 είς
2406 3349 2476 3401 τὰ
2517 3350 2732 3418 πέρατα
2770 3348 2873 3418 τῆς
2912 3349 3238 3418 οἰκουμένης
3284 3351 3314 3419 ή
3357 3349 3468 3402 τῶν
3505 3348 3765 3419 ῥημάτων

2173 3437 2432 3508 ὠφέλεια.
2463 3438 2614 3507 Αὕτη
2642 3440 2750 3509 γάρ
2775 3455 2884 3504 σοι,
2914 3437 3159 3508 θεόσοφε,
3188 3439 3393 3509 ἡφωνὴ
3428 3438 3761 3510 πρόσφορος.

2175 3530 2313 3600 αῦτη
2349 3529 2483 3602 μόνη
2519 3530 2659 3599 ὑπὲρ
2686 3532 2868 3584 πᾶσαν
2909 3531 3202 3602 ῥητορείαν
3252 3530 3520 3600 ἁρμόδιος
3545 3547 3558 3561 ·
3586 3531 3764 3600 ἐμφα-

2169 3620 2314 3684 νίζει
2342 3620 2454 3690 γὰρ
2479 3621 2569 3672 τὸν
2598 3619 2824 3691 δρόμον,
2854 3621 2980 3683 τοὺς
3009 3619 3227 3689 ἀγῶνας
3253 3659 3268 3683 ,
3307 3620 3403 3683 τάς
3437 3618 3760 3690 ἀλγηδόνας,

2182 3713 2250 3765 τὰ
2279 3711 2513 3782 δυσχερῆ
2541 3753 2556 3776 ,
2593 3712 2688 3766 καὶ
2725 3713 2818 3765 τὸν
2867 3713 3238 3782 ἀμαράντινον
3281 3712 3571 3780 στέφανον,
3615 3710 3675 3762 ὃν
3706 3711 3763 3762 οὐ

2183 3804 2406 3872 χρυσίον
2438 3803 2752 3873 καταρτίζει
2777 3803 2838 3856 τὸ
2875 3803 2934 3869 ἐξ
2965 3805 3174 3874 Οὐφεὶρ
3201 3843 3216 3864 ,
3247 3802 3307 3854 ού
3338 3800 3478 3856 λίθοι
3504 3802 3603 3855 καὶ
3633 3818 3767 3871 μαρο

2183 3899 2406 3966 γαρίται
2436 3895 2961 3951 καταποικίλλουσιν
3000 3893 3236 3960 Ἰνδικοὶ,
3268 3894 3328 3946 ὃν
3357 3893 3413 3945 δὲ
3434 3894 3463 3945 ό
3500 3892 3766 3954 ἀθάνατος

2153 3989 2156 3992 ”
2183 3976 2532 4058 ἀγωνοθέτης
2575 3983 2917 4057 φιλοτεχνεῖ,
2949 3988 3045 4042 καὶ
3071 3980 3116 4054 ᾧ
3163 3985 3292 4050 τοὺς
3335 3984 3572 4050 οἰκείους
3603 3985 3767 4056 θερα-

2186 4077 2362 4146 πευτῆ
2371 4093 2472 4146 ρας
2506 4077 2818 4146 ἀμείϐεται.

501 4188 560 4234 et
607 4178 923 4249 margaritis
974 4175 1171 4248 Indicis
1216 4173 1517 4238 distincta;
1569 4171 1664 4225 sed
1713 4170 1803 4224 illa
1841 4169 1953 4240 ipsa
1991 4177 2074 4222 est
2113 4183 2279 4236 quam
2338 4170 2666 4226 immortalis
2721 4171 2882 4240 jndex
2915 4183 2965 4226 et
2988 4171 3346 4224 certaminum
3377 4183 3577 4237 praises
3605 4171 3759 4231 Deus,

504 4285 692 4328 amore
724 4282 852 4323 vere
888 4276 1143 4336 paterno,
1195 4263 1386 4356 electis
1420 4261 1824 4332 impertiturac
1851 4259 1967 4315 suis
1993 4258 2291 4314 cultoribus
2324 4261 2596 4316 retribuit.

577 4363 648 4418 10
711 4361 813 4416 Tui
843 4362 988 4415 enim
1023 4359 1189 4428 pedes
1221 4352 1451 4425 speciosi
1489 4365 1638 4420 sunt,
1659 4352 1812 4426 juxta
1846 4352 2082 4423 prephe-

2264 4359 2314 4406 ι’.
2350 4351 2451 4406 Σοῦ
2487 4352 2597 4422 γὰρ
2643 4354 2692 4405 οἱ
2735 4353 2893 4416 πόδες
2923 4352 3114 4424 ὡραῖοι
3139 4393 3153 4418 ,
3199 4352 3340 4406 κατά
3364 4352 3464 4424 τὴν
3500 4370 3767 4424 προφητι-

506 4458 667 4510 ticam
742 4451 1148 4522 praedictionem
1190 4448 1235 4515 δ,
1297 4447 1389 4517 (ιιιί
1418 4455 1577 4501 terrae
1627 4445 1890 4500 ambitum
1919 4459 2076 4513 pera-

2191 4445 2730 4516 xbvmpoaydpeuaw,
2772 4446 2860 4498 τὸν
2886 4446 2986 4516 τῆς
3022 4445 3124 4514 γῆς
3151 4444 3504 4508 διανύσαντες
3535 4445 3763 4498 κύκλον·

502 4553 753 4620 grarunt:
788 4543 970 4611 lingua
1014 4549 1102 4594 tua
1146 4541 1415 4609 speciosa,
1439 4553 1558 4607 quae
1584 4552 1772 4608 pacem
1799 4537 1942 4591 illam
1969 4550 2084 4590 om-

504 4639 655 4692 nium
688 4643 900 4688 mentes
920 4633 1274 4687 excedentem
1302 4630 1536 4686 feliciter
1555 4629 1900 4684 annuntiavit
1929 4643 2081 4682 :ma-

506 4740 608 4780 nus
629 4723 886 4780 similiter
911 4723 1328 4794 speciosaque
1349 4723 1564 4776 calamo
1584 4723 1635 4774 iu
1659 4719 1946 4790 Evangelio
1975 4721 2079 4773 mi-

503 4817 828 4872 nistrarum.
858 4814 964 4870 Sed
987 4813 1119 4884 quid
1145 4816 1259 4870 hac
1291 4814 1404 4869 sola
1431 4811 1808 4869 sacratissima
1829 4811 2078 4866 membra

501 4906 873 4964 commendo?
901 4905 1073 4963 Totus
1105 4905 1421 4976 apostolicis
1472 4904 1752 4958 laboribus
1786 4915 2078 4956 consecra-

505 5010 616 5064 tus,
651 4999 1094 5068 totus'martyrii
1149 4996 1496 5068 stigmatibus
1526 5002 1754 5050 ornatus
1788 4991 1909 5058 fuit,
1946 4991 2081 5044 adeo

505 5100 564 5145 ut
595 5097 896 5159 martyrum
937 5087 1177 5158 praemiis
1214 5087 1468 5141 omnibus
1495 5095 1550 5139 et
1581 5082 1788 5137 braviis
1835 5080 2082 5150 perfrua-

505 5194 608 5236 tur.
654 5181 754 5250 Qui
805 5181 949 5235 enim
992 5180 1250 5235 sacerdos
1293 5188 1414 5232 erat
1443 5188 1498 5231 et
1528 5175 1858 5234 sacriﬁcium
1893 5171 2085 5227 olfere-

508 5277 621 5338 bat,
667 5285 891 5344 propter
935 5272 1209 5328 Christum
1265 5271 1430 5326 etiam
1482 5263 1814 5324 sacriﬁcium
1863 5265 2086 5320 eﬂ’ectus

504 5365 625 5426 luit,
671 5375 725 5417 et
771 5373 961 5433 pastor
1011 5377 1073 5415 ea
1124 5375 1243 5430 qua:
1297 5360 1476 5430 gregis
1525 5356 1746 5428 propria
1783 5365 1940 5409 erant
1982 5370 2085 5407 una

505 5473 627 5510 cum
662 5455 778 5526 ipso
805 5469 966 5525 grege
993 5453 1256 5522 suscepit.
1284 5449 1420 5506 Nam
1449 5461 1498 5503 et
1535 5453 1647 5520 ipse
1675 5458 1937 5516 tanquam
1968 5447 2086 5501 ovis

505 5563 614 5600 una
652 5561 774 5600 cum
827 5547 936 5599 alio
983 5543 1288 5613 apostolico
1337 5553 1477 5597 coetu
1510 5544 1561 5594 in
1605 5541 1784 5596 medio
1834 5539 2083 5605 lnpormn

507 5639 707 5694 missus
767 5641 886 5703 fuit,
923 5648 979 5692 et
1013 5637 1188 5692 hostia
1239 5637 1430 5690 virens
1488 5635 1596 5688 Deo
1649 5636 1866 5689 oblatus
1916 5640 1997 5683 est
2036 5629 2080 5682 '.

593 5813 611 5842 ‘
644 5807 778 5865 l“sal.
813 5823 926 5875 vui,
1095 5811 1117 5836 ‘
1150 5809 1248 5865 Isa.
1283 5825 1381 5876 ιιι,
1417 5809 1464 5863 7.

2194 4539 2289 4592 σοῦ
2342 4539 2375 4609 ἡ
2418 4537 2646 4607 γλῶσσα·
2693 4537 2869 4608 ὡραία
2899 4553 2911 4566 ’
2963 4538 3354 4606 εὐηγγελίσατο
3390 4537 3501 4608 γὰρ
3544 4542 3766 4610 εἰρήνην

2188 4630 2288 4702 τὴν
2320 4631 2498 4684 πάντα
2518 4629 2646 4683 νοῦν
2671 4629 3047 4700 ὑπερέχουσαν
3069 4646 3082 4660 ·
3117 4629 3210 4702 σοῦ
3243 4631 3299 4683 αἱ
3338 4632 3520 4700 χεῖρες
3546 4630 3763 4700 ὡραῖαι,

2190 4720 2267 4791 τῷ
2301 4719 2532 4790 καλάμῳ
2576 4719 2669 4773 τοῦ
2722 4720 3056 4787 Εὐαγγελίου
3100 4721 3547 4790 ὑπηρετήσασαι.
3611 4720 3767 4773 Ἀλὶά

2187 4811 2445 4866 τι-ταῦτα
2481 4812 2617 4881 μόνα
2661 4811 2732 4865 τὰ
2773 4811 3045 4882 ἱερώτατα
3088 4813 3223 4882 μέλη
3253 4813 3430 4884 enni;
3474 4813 3634 4876 Ὄλος
3667 4831 3762 4866 κα-

2191 4903 2382 4973 μάτοις
2413 4902 2796 4966 ἀποστώικοῖς
2826 4903 3216 4971 καθηγίασται,
3247 4905 3368 4966 ὅλος
3408 4908 3764 4976 μαρτυρικοῐς

2189 4993 2630 5059 κεκαλλωπισται
2667 4996 2980 5065 στίγμασιν,
3013 4996 3103 5049 ἵνα
3139 4997 3232 5050 καὶ
3263 4997 3625 5067 μαρτυρικῶν
3669 4999 3764 5048 ἐπ·

2192 5087 2369 5160 ἀθλων
2391 5088 2486 5143 καὶ
2513 5086 2786 5158 βραϐείων
2807 5088 3136 5158 ἐπαύρηται.
3169 5089 3226 5141 '0
3251 5090 3360 5159 γὰρ
3383 5089 3554 5156 θύτης
3576 5089 3761 5156 γέγονε

2193 5180 2288 5233 καὶ
2327 5177 2474 5248 θῦμα
2523 5178 2613 5232 διὰ
2639 5179 2909 5249 Χριστὸν,
2941 5180 3034 5234 καὶ
3064 5183 3092 5232 ό
3120 5180 3326 5249 ποιμὴν
3358 5181 3428 5232 τὰ
3457 5183 3568 5242 τοῖς
3601 5180 3760 5250 θρέμ-

2198 5285 2332 5338 μασι
2385 5269 2850 5339 παρομαρτοῦντα
2904 5270 3325 5336 συνωεδέξατο·
3367 5271 3443 5334 ὠς
3495 5272 3759 5341 πρόϐατον

2191 5360 2300 5430 γὰρ
2335 5361 2431 5413 καὶ
2458 5354 2637 5424 οὗτος,
2666 5359 2803 5430 μετά
2833 5361 2932 5430 τῆς
2967 5361 3134 5430 ἄλλης
3166 5362 3760 5430 ἀπστολικῆςόμηγὺ-

2194 5466 2352 5520 ρεως,
2383 5451 2441 5502 ὲν
2474 5449 2627 5519 μέσῳ
2660 5448 2839 5502 λύκων
2891 5450 3250 5513 ἀπέσταλται,
3282 5451 3376 5502 καὶ
3423 5451 3586 5504 θυσία
3618 5451 3760 5515 ζῶσα

2190 5537 2307 5607 Θεῷ
2351 5540 2801 5608 προσενήνεκται.
2846 5535 3148 5606 Ἑδεσμήθη
3205 5537 3316 5606 γὰρ
3351 5537 3492 5607 πρὸς
3545 5537 3760 5604 ἀνόμων

2189 5629 2406 5699 χειρῶν,
2442 5630 2664 5693 πολλοὺς
2703 5629 3018 5700 ἐξαρπάσας
3068 5628 3161 5682 τοῦ
3195 5628 3509 5683 διαϐολικοῦ
3565 5631 3769 5697 φάρυγ’.

1544 5813 1563 5842 ⁵
1598 5809 1793 5865 Matth.
1839 5821 1889 5869 ιι,
1933 5805 2025 5867 lli;
2055 5797 2208 5851 Rom.
2245 5810 2337 5860 xu,
2369 5791 2420 5845 l.
