3950 6166
329 386 467 458 1197

1293 393 1696 453 ENCOMIUM
1738 395 1817 453 ΙΝ
1860 395 1918 453 S.
1961 396 2279 456 MARCUM
2317 397 2572 457 APOST.

3427 401 3563 468 1298

323 521 445 575 γος·
464 504 732 576 περιήχθη
758 504 1062 576 δεσμώτης,
1086 496 1621 578 προπεπηλάκισται.
1644 508 1872 578 assume

1975 563 1976 568 η
2008 509 2062 565 lu
2097 510 2308 563 vincula
2351 512 2493 564 enim
2542 511 2710 578 runje-
2735 521 2816 568 tus
2852 513 2953 569 l'uit
2981 514 3048 569 ab
3071 515 3270 584 iniquis
3318 520 3566 573 manibus

328 613 538 667 μηται,
588 596 681 649 καὶ
732 595 895 668 ἔφερε
939 597 1128 666 πράως
1162 614 1220 650 τε
1268 599 1362 652 καὶ
1395 598 1751 669 ἀνεπαχθῶς,
1804 599 1872 652 τὸλ

2005 599 2115 661 illc,
2149 599 2239 666 qui
2289 601 2487 655 multos
2514 616 2541 653 a
2567 601 2763 656 diaboli
2812 602 3059 659 faucibus
3090 605 3308 674 eripuit.
3348 604 3565 662 Vinctus

324 684 602 754 Δεσπότην
619 684 1071 756 ἀπομιμούμενος
1090 702 1102 715 ·
1123 686 1403 758 ἐφοινῖχθη
1427 690 1541 750 τοῖς
1568 687 1666 756 τῆς
1694 687 1894 758 σαρκὸς

300 775 576 853 Ῑατμασιν,
606 779 635 831 δ
656 776 755 849 τὴν
786 778 892 848 γῆν
935 777 1150 848 eniqu
1176 779 1287 831 τῶν
1323 777 1652 849 δαιμονικῶν
1679 779 1895 833 ἀποκα-

325 866 497 939 θάρας
534 867 773 939 ρυπίδων
798 871 816 938 (
844 868 1015 922 ταῦτα
1044 869 1153 940 γὰρ
1186 868 1295 927 τῶν
1329 870 1827 939 ἀγνωμονεστέρων
1860 868 1892 938 ἡ

321 958 518 1027 ἀλογία
541 1000 557 1025 ,
589 962 704 1025 τοῖς
751 960 861 1013 τῶν
906 960 1128 1027 ἀγαθῶν
1142 946 1507 1030 ’ἀντεπιφὲρει
1538 960 1892 1031 ’προξένοιςγ

320 1053 417 1107 καὶ
446 1054 599 1118 τέλος
622 1093 636 1119 ,
674 1056 1040 1119 παντοδαπαῖς
1084 1055 1363 1109 κακώσεσι
1410 1056 1889 1124 δεδοκιμασμένος,

318 1138 411 1198 οἷα
440 1145 643 1215 χρυσὸς
674 1145 808 1218 πρὸς
835 1145 895 1198 τὸ
928 1144 1115 1200 ἄδυτον
1145 1145 1260 1216 φῶς
1288 1140 1554 1215 ὲξανέπτη
1579 1186 1593 1209 ,
1629 1148 1736 1199 τῶν
1768 1164 1890 1200 ποι-

318 1235 486 1289 κὶλων
510 1236 688 1290 ἄθλων
718 1237 984 1308 ’πολυειδῆ
1032 1238 1127 1292 καὶ
1158 1238 1225 1292 τὰ
1257 1239 1509 1310 ἀριστεῖα
1540 1238 1886 1308 δρεψάμενος.

2000 692 2105 747 huc
2147 704 2309 763 atque
2350 694 2477 749 illuc
2508 695 2768 750 adductus
2809 695 2934 761 fuit.
2970 697 3313 754 contumeliis
3343 713 3406 754 ac
3438 715 3566 767 pro-

1999 782 2113 840 bris
2159 783 2406 851 aﬂectus,
2453 776 2515 840 et
2558 797 2736 843 tamen
2779 787 2962 843 omnia
2995 799 3374 846 mansuctect
3410 807 3563 862 aequo

2002 875 2183 930 animo
2219 875 2549 945 perferebat,
2580 877 2862 932 Dominum
2890 893 3049 933 suum
3084 879 3325 936 imitatus
3354 899 3369 935 :
3396 882 3562 937 multo

2001 968 2182 1035 carnis
2216 969 2445 1037 propria:
2476 970 2742 1041 sanguine
2790 969 3038 1037 perfusus
3078 979 3185 1037 est,
3223 971 3315 1040 qui
3361 980 3561 1029 terram

2000 1055 2144 1108 illam
2173 1056 2475 1112 daemonum
2522 1060 2771 1115 sordibus
2814 1071 3229 1131 expurgarent.
3267 1061 3392 1117 llaec
3417 1063 3561 1119 enim

1996 1154 2127 1221 sunt
2163 1160 2282 1213 quae
2316 1147 2651 1217 ingratorum
2679 1157 2734 1204 et
2762 1149 3067 1220 iniquorum
3094 1152 3376 1208 hominum
3426 1154 3561 1209 iusi-

1999 1236 2199 1304 pientia
2247 1235 2353 1292 illis
2388 1239 2660 1308 pependit,
2688 1240 2779 1309 qui
2810 1241 3072 1297 brnellcia
3108 1242 3161 1296 in
3194 1257 3288 1299 eos
3313 1244 3561 1300 contule-

319 1338 466 1386 runt.
516 1330 739 1387 Demum
791 1334 1095 1403 omnigenis
1140 1328 1475 1401 cruciatibus
1520 1334 1666 1387 velut
1703 1348 1891 1387 aurum
1930 1331 2215 1403 probatus,
2248 1332 2314 1386 ad
2377 1319 2805 1407 inaccessibilem
2858 1336 3001 1391 illam
3054 1337 3227 1394 lucem
3302 1324 3556 1407 evolavit,

316 1421 593 1477 variorum
651 1422 1006 1477 certaminum
1073 1423 1398 1493 multiplices
1462 1433 1625 1491 atque
1690 1424 1883 1479 uberes
1924 1422 2129 1476 fructus
2162 1432 2534 1493 percepturus.

392 1540 481 1589 ια’.
530 1533 783 1600 Τοιοῦτος
825 1539 855 1590 ὁ
883 1536 1083 1607 δρόμος
1136 1536 1231 1590 τοῦ
1287 1539 1586 1592 ἀποστόλου
1614 1578 1627 1603 ,
1666 1539 1889 1593 τοιαῦτα

260 1694 267 1697 ν
315 1623 412 1678 τοῦ
444 1626 831 1695 εὐαγγελιστοῦ
882 1627 952 1682 τὰ
986 1627 1240 1699 ἐπίχειρα
1265 1628 1590 1701 ,λθαύματος
1638 1630 1848 1699 ἔμπλεα
1871 1670 1885 1693 ,

312 1714 411 1768 καὶ
441 1714 549 1768 τῶν
575 1716 686 1770 ἀνω
719 1716 934 1787 κρότων
968 1715 1188 1782 ἐπάξια.
1231 1717 1342 1771 Καὶ
1373 1718 1492 1783 πῶς
1522 1720 1582 1774 ού
1616 1720 1678 1773 τὸ
1721 1721 1888 1790 ὑπερ-

2068 1538 2151 1591 tl.
2194 1536 2338 1594 Talis
2389 1538 2487 1593 fuit
2518 1541 2746 1609 apostoli
2779 1549 2972 1600 cursus
3002 1564 3016 1601 :
3051 1546 3185 1601 tales
3215 1550 3560 1621 evangelista:

1992 1636 2217 1689 conatus
2249 1629 2511 1684 miraculo
2538 1631 2701 1700 pleni,
2731 1643 2787 1688 et
2808 1637 3062 1704 supernis
3091 1637 3366 1707 plausibus
3387 1641 3552 1711 digni.

1989 1714 2057 1770 Et
2091 1715 2361 1786 quomodo
2391 1717 2442 1770 in
2472 1719 2727 1774 omnibus
2768 1736 2994 1792 magnus
3024 1727 3305 1796 apostolus
3349 1728 3557 1785 Marcus

312 1804 483 1876 φέρον
513 1807 541 1858 ό
572 1805 750 1875 μέγας
796 1808 1026 1877 Μάρκος
1062 1809 1205 1864 κατά
1242 1809 1471 1865 πάντων
1491 1811 1872 1883 ἀποκεκλήρω-

1985 1824 2228 1866 summas
2278 1810 2462 1866 laudes
2490 1828 2593 1867 non
2624 1815 2929 1886 sortiatur?
2957 1818 3097 1885 Quid
3135 1820 3280 1877 enim
3310 1834 3396 1881 εει
3428 1839 3556 1895 apo-

307 1914 434 1965 ται;
467 1898 533 1953 Τί
567 1899 676 1972 γὰρ
703 1900 1004 1963 ἀποστόλου
1031 1902 1228 1972 γένοιτ’
1251 1902 1318 1957 ἀν
1347 1900 1713 1974 ὑψηλότεροη
1738 1903 1792 1956 τί
1821 1902 1878 1956 δὲ

308 1988 677 2061 ὑπογραφέως
733 1991 973 2064 Χριστοῦ
1021 1995 1384 2064 τιμιώτερονς
1432 1992 1779 2064 μαρτυρικῆς
1821 1993 1879 2047 δὲ

305 2078 467 2150 δόξης
513 2080 566 2134 τί
608 2080 1053 2152 παρισούμενον;
1099 2082 1294 2137 Ὀπότε
1338 2082 1396 2136 δὲ
1452 2084 1546 2136 καὶ
1589 2084 1879 2156 ἱεραρχικὴ

309 2170 686 2239 συμπάρεστιν
715 2171 956 2242 ἐπωμὶς,
991 2171 1306 2241 ἀθλητικοῖς
1340 2170 1660 2243 κλεῖζομένη
1688 2171 1881 2227 παλαί-

310 2276 506 2329 σμασι,
543 2262 595 2314 τί
624 2262 751 2317 ἄλλο
779 2279 843 2332 γε
869 2263 948 2326 είς
988 2261 1239 2317 εὔκλειαν
1265 2263 1688 2332 ύπολὲλειπταις
1733 2265 1787 2320 τί
1833 2264 1880 2321 δ’

307 2352 501 2425 ἕτερον
521 2394 537 2419 ,
570 2355 653 2407 ὅτι
701 2354 775 2426 μὴ
809 2354 1098 2424 ἀγγελικαὶ
1131 2355 1433 2424 φάλαγγες,
1478 2356 1572 2411 καὶ
1604 2356 1880 2431 ἀνάκτορα

308 2445 454 2511 θεῖα,
491 2442 585 2511 οἷς
613 2446 753 2519 μετά
772 2447 880 2504 τῶν
919 2447 1095 2503 ἄλλων
1123 2450 1394 2520 ἑγκρίτων
1427 2450 1715 2521 ὑπηρετῶν
1741 2452 1877 2506 θεοῦ

309 2541 736 2608 συναγελάζεταί
753 2558 812 2595 τε
835 2541 927 2596 καὶ
939 2542 1351 2611 συναγάλλεται,
1374 2543 1435 2596 τὸ
1452 2543 1546 2595 τοῦ
1560 2544 1878 2598 διδασκάλου

305 2630 628 2702 συνεφορῶν
651 2633 968 2701 πρόσωπον,
1002 2632 1098 2686 καὶ
1134 2634 1248 2696 τοῖς
1275 2630 1497 2685 κάλλεσι
1535 2631 1635 2703 τῆς
1661 2633 1880 2704 θεαρχι-

306 2717 412 2789 κῆς
448 2720 749 2792 μοναρχίας
788 2719 1378 2791 λαμπαδσυχούμενοςς
1426 2714 1470 2789 ᾧ
1501 2721 1607 2790 γάρ
1664 2724 1695 2791 ἡ
1743 2725 1879 2793 πρὸς

307 2809 446 2863 Θεδν
476 2810 609 2877 δόξα
636 2808 821 2876 αὐτοῖς
855 2812 1040 2883 μέλεσι
1068 2812 1505 2878 διεσπούδασται,
1527 2812 1702 2883 τούτῳ
1724 2815 1757 2885 η
1784 2815 1877 2873 οὐδ

305 2902 470 2975 ρανίά
499 2920 556 2956 τε
586 2904 681 2958 καὶ
706 2905 1011 2975 ἀπέραντος
1039 2903 1418 2975 ωνεφέπεται.

377 3011 468 3083 ιβ’.
522 3013 663 3067 Ἀλλ’
705 3014 825 3068 οὐδὲ
855 3014 964 3068 τῶν
994 3014 1142 3069 κάτω
1175 3015 1464 3086 εὐφημιῶν
1502 3018 1741 3088 ἀμοιρεῖ,
1775 3018 1878 3071 κᾶν

303 3107 382 3177 μὴ
414 3106 617 3159 τούτων
654 3107 986 3178 προσδέοιτο.
1002 3106 1144 3178 Ἤδη
1177 3106 1286 3177 γὰρ
1310 3108 1404 3160 καὶ
1433 3110 1466 3178 ἡ
1503 3108 1872 3178 Ἀλεξάνδρου,

306 3199 510 3272 μᾶλλον
537 3198 593 3251 δὲ
621 3199 654 3269 ἡ
680 3198 955 3265 Αἴγυπτος
990 3198 1160 3261 πᾶσα,
1190 3198 1563 3269 πρωτόθρονον
1594 3197 1686 3251 τὸν
1711 3199 1873 3269 Mdg-
1894 3180 1944 3236 ὀ

301 3305 401 3343 κον
447 3287 689 3357 λαχοῦσα
708 3326 724 3352 ,
753 3285 849 3339 καὶ
895 3284 1088 3338 Νεῖλον
1119 3284 1380 3355 μυστικὸν
1431 3285 1707 3356 εὑραμένη
1731 3328 1745 3351 ,
1776 3288 1875 3351 τὰς

301 3377 504 3448 νοητὰς
536 3375 719 3428 αὐτῶν
751 3374 993 3445 ἀρούρας
1018 3371 1388 3442 κατάρδοντα,
1430 3372 1570 3426 καθά
1599 3373 1696 3435 τάς
1727 3389 1871 3426 σιτο-

300 3469 508 3539 φόρους
532 3469 560 3520 ὁ
588 3465 868 3536 αἰσθητὸς,
896 3464 972 3527 ὡς
997 3462 1321 3532 ἀπόστολον,
1347 3464 1424 3527 ὡς
1452 3462 1866 3534 εὐαγγελιστὴν,

297 3560 377 3622 ὡς
418 3560 670 3630 μάρτυρα
702 3555 1135 3628 μεγαλύνει,,καὶ
1164 3555 1291 3619 τοὺς
1320 3553 1522 3626 ὕμνους
1553 3555 1701 3626 αὐτῷ
1741 3572 1872 3609 κατ-

295 3649 543 3721 αλλήλως
571 3651 690 3712 ταῖς
736 3648 1129 3721 προσηγορίαις
1191 3648 1514 3733 συναπηχεῖ.
1565 3646 1697 3717 Ὁρᾷ
1740 3662 1868 3711 τρυ-

294 3742 416 3811 τσνὶ
438 3744 505 3812 τῇ
537 3739 699 3811 θήκῃ,
747 3740 796 3792 εἰ
828 3740 924 3792 καὶ
951 3738 1061 3801 τοῖς
1093 3736 1206 3791 ἄνω
1239 3736 1464 3807 περιπο)
1478 3739 1526 3790 εἴ
1548 3778 1564 3799 ,
1609 3739 1703 3791 καὶ
1732 3736 1866 3805 γάν-

298 3851 459 3889 νυται
493 3830 796 3887 πλουτοῦσα
840 3831 931 3883 τὸν
964 3829 1065 3900 τῆς
1095 3831 1298 3893 κόνεως
1335 3828 1608 3901 θησαυρόν
1632 3845 1645 3859 ·
1695 3844 1867 3901 προσ-

296 3928 468 3995 φωνεῖ
502 3924 677 3993 τούτῳ
727 3923 797 3977 τὰ
836 3922 1101 3991 ὲπιτάφια
1150 3921 1404 3993 ᾄσματα,
1453 3936 1546 3973 και
1595 3919 1671 3984 ὡς
1706 3918 1867 3984 ζῶντι

294 4017 771 4088 προσδιαλέγεται,
799 4014 878 4074 ὡς
903 4013 1121 4067 συνόντι
1136 4012 1215 4082 τῷ
1248 4009 1519 4081 πνεύματι
1550 4009 1864 4080 προσλαλεῖ,

293 4108 528 4164 καὶτῶν
564 4104 773 4158 ἐκεῖθεν
805 4104 1043 4174 χαρίτων
1073 4107 1396 4174 κατατρυιρᾳ
1419 4117 1433 4131 θ
1473 4095 1517 4169 ᾧ
1549 4100 1595 4154 δ’
1632 4101 1738 4172 ἔπη
1766 4101 1867 4164 τὰς

292 4194 640 4268 προσφόρους
670 4192 749 4264 τῷ
783 4192 1093 4262 ’Δποστόλῳ
1132 4190 1516 4264 δωροφοροῦσα
1535 4190 1724 4269 τιμὰς,
1767 4190 1865 4256 τάς

295 4286 521 4359 μείζους
556 4287 784 4358 χάριτας
812 4285 1178 4355 ἀντιδέχεται.

1980 1901 2124 1957 Stolo
2157 1903 2482 1959 sublimius?
2508 1906 2638 1975 quid
2676 1904 2887 1965 Christi
2936 1910 3115 1967 scriba
3149 1910 3556 1971 honorabilins?

1983 1993 2109 2061 quid
2138 2009 2259 2049 cum
2288 1997 2529 2068 martyrii
2561 1998 2729 2071 gloria
2754 2004 3221 2072 comparandum?
3243 2005 3377 2060 Cum
3407 2024 3552 2071 veru,

1981 2093 2037 2139 et
2065 2086 2373 2153 poutiﬁcius
2394 2091 2812 2162 amictuseidem
2836 2094 3148 2158 accesserit,
3174 2094 3552 2153 athleticatum
3593 2102 3609 2116 '

1982 2176 2337 2233 luctatimtum
2388 2183 2558 2251 gloria
2612 2184 2936 2251 decoratus,
2988 2188 3247 2257 quidnam
3293 2192 3435 2246 aliud
3485 2194 3551 2246 ad

1981 2280 2247 2323 summum
2280 2270 2464 2339 gloriae
2494 2272 2706 2341 pondus
2755 2274 3018 2345 reliquum
3052 2276 3195 2333 fuit?
3222 2278 3334 2334 Non
3364 2281 3551 2349 utique

1982 2356 2144 2420 aliud,
2197 2360 2297 2414 nisi
2356 2361 2669 2432 angelorum
2713 2365 3025 2428 comitatus,
3070 2379 3124 2422 et
3175 2370 3411 2425 cmlestis
3462 2372 3548 2425 illa

1983 2441 2168 2520 regia;
2220 2451 2274 2505 iu
2325 2467 2429 2521 qua
2474 2469 2579 2508 una
2621 2471 2745 2510 cum
2798 2458 2920 2512 aliis
2983 2459 3171 2515 electis
3228 2462 3316 2516 Dei
3375 2468 3550 2519 seri-is

1983 2541 2140 2594 modo
2193 2553 2437 2598 versatur
2482 2555 2535 2598 et
2591 2547 2868 2612 exsultat,
2912 2549 2993 2602 sui
3052 2552 3291 2620 magistri
3351 2553 3545 2609 faciunt

1981 2634 2338 2698 conspiciens,
2383 2645 2437 2689 et
2464 2636 2661 2691 divinis
2697 2638 2839 2693 illius
2870 2640 3018 2709 regni
3061 2644 3467 2709 pulchritudine
3495 2661 3547 2701 ιιι

1981 2718 2182 2777 lumine
2203 2725 2642 2783 illustratus.Cui
2666 2731 2809 2784 enim
2832 2730 2926 2785 Dei
2953 2733 3121 2802 gloria
3147 2733 3198 2787 in
3226 2735 3327 2791 hoc
3347 2742 3546 2793 mundo

1979 2826 2123 2867 cura:
2156 2813 2291 2881 fuit,
2326 2819 2519 2871 merito
2569 2819 2712 2875 hunc
2749 2821 2987 2877 cmlestis
3033 2833 3087 2876 et
3133 2826 3337 2882 inﬁnita
3375 2830 3543 2898 gloria

1980 2904 2032 2957 in
2059 2906 2197 2961 caelo
2226 2918 2588 2965 consectatur.
3356 2934 3359 2937 ‘

2053 3020 2137 3072 1‘2.
2183 3021 2247 3072 At
2280 3036 2450 3091 neque
2480 3006 2938 3084 celebrationibus
2968 3031 3124 3101 hujus
3162 3037 3344 3090 tumuli
3378 3039 3543 3091 desti-

1981 3112 2172 3179 tuitur,
2212 3113 2335 3167 licet
2365 3117 2447 3167 his
2475 3131 2578 3169 non
2629 3118 2884 3189 indigeat.
2928 3121 3076 3178 Nunc
3119 3127 3263 3181 enim
3314 3129 3548 3183 Alexan-

1978 3203 2115 3268 dria,
2165 3209 2271 3261 imo
2302 3221 2427 3264 vero
2461 3219 2568 3264 tota
2619 3209 2905 3281 Egyptns,
2958 3213 3193 3270 Marcum
3245 3234 3398 3274 suum
3434 3223 3546 3289 pri-

1979 3310 2121 3375 tnum
2167 3297 2449 3365 praesulem
2488 3302 2699 3361 sortita.
2745 3320 2806 3357 ac
2837 3306 2997 3358 veluti
3037 3311 3325 3378 Iltysllt'tlm
3361 3311 3542 3367 Nilum
3613 3330 3618 3341 λ

1978 3394 2176 3448 nacta,
2249 3388 2524 3457 Spiritales
2619 3394 2920 3449 animarum
2991 3415 3151 3467 agros
3230 3401 3541 3472 irrigantcm

1976 3466 2448 3546 (quemadmodum
2479 3498 2638 3537 verus
2686 3485 2834 3539 Nilus
2884 3488 3089 3545 feraces
3129 3501 3286 3548 terra;
3324 3511 3543 3564 campos

1975 3566 2200 3637 irrigare
2230 3572 2389 3639 solet)
2416 3574 2586 3640 illum,
2617 3586 2669 3630 ut
2695 3579 3022 3646 apostolum,
3048 3595 3109 3636 ut
3131 3587 3541 3656 evangelNum,

1975 3666 2032 3709 ut
2077 3671 2370 3731 martyrem
2423 3666 2719 3735 magniﬁce
2777 3671 3033 3736 extollit,
3086 3687 3251 3744 atque
3313 3679 3543 3749 hymnos

1972 3748 2118 3801 canit
2137 3748 2255 3819 ejus
2282 3752 2737 3820 appellationibus
2754 3767 2810 3812 et
2836 3760 3044 3814 meritis
3067 3748 3357 3820 consonos.
3388 3750 3542 3822 Videt.

1971 3837 2087 3906 ejus
2116 3854 2314 3910 corpus
2340 3842 2392 3896 in
2426 3858 2787 3903 monumento.
2805 3850 3064 3918 positum,
3097 3854 3225 3909 licet
3269 3859 3448 3913 anima
3485 3862 3536 3914 iu

1971 3929 2222 3998 supernis
2248 3932 2558 3999 regionibus
2585 3946 2855 3999 versetur,
2880 3954 2945 3995 ac
2969 3955 3152 3996 secum
3188 3945 3298 4014 ipsa
3328 3948 3539 4006 laztatur

1970 4018 2112 4072 illius
2143 4034 2423 4076 sacrorum
2447 4023 2689 4079 cinerum
2726 4027 2989 4084 thesauro
3010 4031 3179 4086 ditata
3213 4052 3227 4089 :
3254 4035 3398 4092 circa
3424 4038 3540 4106 ejus

1968 4109 2273 4178 sepulcrum
2310 4110 2520 4168 festivis
2544 4116 2772 4173 canticis
2799 4118 2974 4189 ipsum
3006 4124 3313 4193 compellat,
3341 4136 3396 4183 et
3428 4139 3542 4185 tan-

1966 4216 2128 4268 quam
2173 4219 2295 4258 cum
2346 4207 2560 4262 vivente
2611 4209 2791 4279 aliquo
2837 4221 2891 4266 et
2937 4213 2991 4267 in
3037 4216 3228 4283 spiritu
3282 4234 3536 4279 versante

1922 4324 1927 4331 η
1964 4295 2312 4366 colloquitur,
2363 4314 2425 4353 ac
2473 4301 2665 4370 gratiis
2701 4303 2896 4359 ibidem
2939 4302 3004 4360 ab
3039 4323 3102 4361 eo
3132 4315 3362 4380 receptis
3410 4330 3536 4384 per-

1964 4382 2181 4440 fruitur.

365 4490 462 4561 ιγ’.
501 4490 832 4563 Πειρασμῶν
864 4490 973 4561 γὰρ
1016 4491 1361 4579 ἐπιπνέρυσιν
1390 4483 1591 4562 αὖραι,
1636 4489 1730 4545 καὶ
1769 4490 1871 4545 τὺν

2038 4495 2121 4553 i5.
2167 4494 2269 4552 Pro
2298 4498 2401 4553 illis
2430 4515 2557 4557 vero
2607 4502 2924 4570 hottoribus,
2960 4524 3095 4577 quos
3124 4513 3366 4579 apostolo
3394 4532 3529 4572 con-

286 4588 462 4658 τάφον
482 4588 768 4643 κυκλοῦσιν
797 4591 844 4642 οἱ
865 4582 1114 4652 ἀστικοὶ,
1139 4570 1236 4640 καὶ
1254 4586 1362 4640 τῶν
1382 4585 1570 4639 δεινῶν
1600 4584 1861 4639 ἀπολύον-

283 4698 403 4736 ται.
448 4679 691 4732 ’Ᾱπειλεῖ
719 4679 928 4742 τούτοις
955 4678 1225 4750 βάρϐαρος
1263 4678 1436 4763 ὀςρρὺς
1469 4679 1535 4730 τὰ
1561 4677 1855 4748 ἀνήκεστα,

284 4772 336 4825 oi
385 4770 441 4822 δὲ
486 4769 623 4840 πρδς
677 4769 771 4823 τὸν
814 4764 1198 4840 Ποιμενᾶρχην
1251 4767 1431 4822 ἱκέται
1484 4768 1853 4840 ὀυῤῥέουσινο

286 4861 457 4930 ἐσμὸς
498 4860 688 4914 παθῶν
717 4858 923 4930 ἐνοχλεῖ
948 4897 966 4927 ,
991 4862 1083 4913 καὶ
1117 4859 1267 4928 παρά
1305 4857 1492 4911 τοῦτον
1518 4858 1592 4922 ὡς
1622 4859 1857 4930 ἰατρεῖον

281 4951 385 5014 τὰς
417 4949 718 5021 θεραπείας
755 4949 946 5021 protev
989 4948 1507 5018 καταφυγγάνουσι·
1561 4948 1759 5020 μᾶλλον
1797 4947 1855 5004 δὲ

279 5041 315 5110 ἡ
354 5040 616 5110 σύμπασα
648 5040 969 5095 διδάσκαλον
1000 5042 1091 5094 καὶ
1112 5040 1406 5111 ἒπίκουρον
1438 5042 1854 5115 ὲπιγραφομένη

264 5116 381 5185 ’τὸν
414 5131 659 5198 Μάρκον,
697 5132 797 5199 τὴ)
848 5129 1012 5203 αύτοῦ
1054 5131 1408 5201 προκαλεῖται
1452 5133 1510 5185 ὲν
1541 5135 1654 5195 τοῖς
1709 5150 1852 5204 συμ-

282 5221 577 5293 πίπτουσιν
623 5220 846 5291 ἀρωγὴι
872 5262 887 5286 ,
920 5222 1015 5274 καὶ
1060 5224 1182 5285 ταῖς
1231 5223 1475 5293 ἐτησίαις
1517 5224 1730 5295 ἑορταῖς
1775 5224 1854 5289 ὡς

278 5312 420 5383 χρέα
450 5314 574 5374 τοὺς
606 5312 858 5374 ἐπαίνους
903 5311 1352 5382 καρποφοροῦσα,
1402 5314 1675 5384 κομπάζει
1721 5331 1851 5385 κρο-

275 5402 471 5466 τοῦσα,
501 5402 595 5454 καὶ
615 5400 832 5473 χορεύει
864 5402 1333 5475 πανηγυρίζουσαο
1354 5405 1415 5456 τό
1439 5421 1497 5457 τε
1523 5406 1666 5460 θεῖον
1685 5405 1850 5462 αὐτοῦ

277 5494 619 5563 Ε’ἒαγγέλιου
650 5512 1033 5569 περιπτυσσομ
1065 5514 1128 5566 νη
1157 5535 1172 5559 ,
1210 5495 1285 5558 ὡς
1329 5496 1541 5560 πλάκας
1588 5499 1851 5569 θεοχαρά-

279 5606 444 5653 κτους
479 5587 887 5656 ἐναγκαλίζεται
914 5628 928 5652 ,
959 5588 991 5657 ἢ
1025 5590 1269 5659 κρεῖττον
1300 5589 1493 5653 εἰπεῖν,
1525 5588 1600 5653 ὡς
1633 5589 1765 5644 αὑτό
1784 5606 1848 5658 γε

277 5676 514 5749 Χρισῖοῦ
561 5680 735 5749 στόμα
798 5680 1119 5748 σεϐάζεται,
1155 5679 1251 5732 καλ⁵
1276 5681 1404 5751 παρ’
1438 5681 1602 5734 αὑτοῦ
1633 5682 1698 5736 τά
1728 5681 1847 5736 θεό-

279 5772 495 5844 ςρθογγα
519 5770 688 5826 τίεται
720 5770 1091 5835 ἀκοντίζεσθαι
1120 5771 1356 5842 ῥήματα.

1959 4596 2215 4654 grueutes
2259 4589 2439 4655 oﬂ'ert.
2484 4592 2692 4675 majora
2737 4596 2977 4652 vicissim
3024 4600 3282 4659 beneﬁcia
3316 4608 3526 4678 recipit.

1958 4676 2093 4745 Cum
2114 4680 2256 4735 enim
2290 4684 2659 4741 calamitatum
2691 4687 2850 4744 ﬂatus
2882 4691 3093 4747 adversi
3128 4696 3361 4763 Spirant,
3392 4676 3518 4756 tunc

1910 4774 1913 4777 '
1960 4771 2111 4825 urbis
2137 4771 2325 4827 incolae
2353 4773 2516 4830 Marci
2549 4776 2861 4846 sepulcrum
2910 4781 3274 4853 circumdant,
3300 4801 3351 4843 et
3382 4791 3528 4848 illico

1957 4872 1988 4911 a
2021 4856 2176 4916 malis
2206 4861 2543 4919 liberantur:
2573 4880 2694 4921 cum
2735 4866 3102 4928 Barbarorum
3137 4875 3286 4931 furor
3315 4885 3525 4953 gravis-

1956 4949 2091 5005 sima
2143 4951 2287 5006 mala
2337 4954 2610 5025 minatur,
2667 4956 2766 5027 ipsi
2816 4962 2882 5014 ad
2932 4971 3203 5030 pastorem
3254 4949 3523 5037 supplices

1955 5040 2229 5096 conlinunt
2264 5061 2279 5098 ε
2317 5045 2629 5101 morborum
2678 5049 2834 5121 c0pia
2894 5067 3013 5106 cum
3059 5044 3518 5124 eos'perturbat,

1955 5143 2082 5190 tunc
2121 5137 2189 5190 ad
2226 5135 2399 5205 ipsum
2441 5138 2602 5193 veluti
2650 5140 2717 5194 ad
2769 5142 2963 5203 medici
3019 5143 3325 5219 alliciuam,
3355 5165 3385 5203 e
3415 5166 3520 5220 qua

1953 5235 2209 5279 emanant
2255 5229 2495 5283 remedia
2544 5231 2896 5299 confugiunt;
2944 5233 3052 5287 imo
3089 5251 3216 5290 vero
3269 5239 3518 5297 universa

1960 5315 2241 5387 Egyptus,
2310 5319 2634 5389 magistrum
2669 5331 2721 5375 et
2770 5323 3071 5390 adjutorem
3124 5326 3224 5383 sibi
3281 5328 3520 5387 Marcum

1951 5408 2253 5474 ascribens,
2290 5410 2343 5463 in
2370 5411 2613 5466 adversis
2641 5413 2894 5468 omnibus
2920 5430 3041 5485 qua:
3068 5418 3172 5472 sibi
3200 5421 3525 5493 contingunt

1953 5497 2094 5553 illius
2121 5500 2381 5553 auxilium
2417 5501 2654 5565 invocat,
2682 5513 2736 5556 et
2768 5518 2948 5559 annuo
2974 5506 3063 5559 die
3091 5507 3208 5576 cjus
3230 5508 3370 5566 festo
3404 5513 3521 5567 lau-

1950 5585 2078 5640 dum
2112 5589 2352 5643 debitum
2389 5590 2490 5658 ipsi
2521 5590 2862 5661 persolvens,
2903 5596 3162 5665 exsultat,
3196 5600 3423 5669 plaudit,
3457 5620 3523 5660 ac

1949 5676 2151 5731 celebri
2198 5680 2459 5750 pancgyri
2508 5673 2672 5737 illius
2724 5685 2918 5738 merita
2959 5690 3351 5758 prosequitur:
3386 5696 3517 5748 diri-

1951 5785 2184 5840 numque
2218 5771 2388 5842 ipsius
2414 5772 2783 5846 Erangelium,
2805 5788 2861 5834 ut
2883 5779 3090 5836 tabulas
3120 5800 3151 5837 at
3174 5784 3281 5841 Dco
3315 5785 3518 5845 inscul-
