  <div class='ocr_page' id='page_1' title='image "/cluster/home/n/w/nwhite01/storage/ocr_20150623/100/mdp.39015005675668/609.png"; bbox 0 0 3950 6166; ppageno 0'>
   <div class='ocr_carea' id='block_1_1' title="bbox 478 399 613 464">
    <p class='ocr_par' dir='ltr' id='par_1_1' title="bbox 478 399 613 464">
     <span class='ocr_line' id='line_1_1' title="bbox 478 399 613 464; baseline 0.022 -3"><span class='ocrx_word' id='word_1_1' title='bbox 478 399 496 461; x_wconf 87' lang='grc' dir='ltr'><strong>ι</strong></span> <span class='ocrx_word' id='word_1_2' title='bbox 521 400 613 464; x_wconf 68' lang='lat'><strong>2-99</strong></span> 
     </span>
    </p>
   </div>
   <div class='ocr_carea' id='block_1_2' title="bbox 1560 406 2593 500">
    <p class='ocr_par' dir='ltr' id='par_1_2' title="bbox 1560 406 2593 500">
     <span class='ocr_line' id='line_1_2' title="bbox 1560 406 2593 500; baseline 0.006 -37"><span class='ocrx_word' id='word_1_3' title='bbox 1560 407 1620 466; x_wconf 91' lang='lat' dir='ltr'><strong>S.</strong></span> <span class='ocrx_word' id='word_1_4' title='bbox 1662 406 2068 466; x_wconf 71' lang='lat' dir='ltr'><strong>GIiEGOR’l-II</strong></span> <span class='ocrx_word' id='word_1_5' title='bbox 2110 409 2593 500; x_wconf 75' lang='lat' dir='ltr'><strong>DECA‘POLIT/E</strong></span> 
     </span>
    </p>
   </div>
   <div class='ocr_carea' id='block_1_3' title="bbox 3587 413 3726 478">
    <p class='ocr_par' dir='ltr' id='par_1_3' title="bbox 3587 413 3726 478">
     <span class='ocr_line' id='line_1_3' title="bbox 3587 413 3726 478; baseline 0.029 -4"><span class='ocrx_word' id='word_1_6' title='bbox 3587 413 3726 478; x_wconf 77' lang='grc' dir='ltr'><strong>12ῡο</strong></span> 
     </span>
    </p>
   </div>
   <div class='ocr_carea' id='block_1_4' title="bbox 471 513 3724 599">
    <p class='ocr_par' dir='ltr' id='par_1_4' title="bbox 471 513 3724 599">
     <span class='ocr_line' id='line_1_4' title="bbox 471 513 3724 599; baseline 0.006 -37"><span class='ocrx_word' id='word_1_7' title='bbox 471 521 589 579; x_wconf 79' lang='lat' dir='ltr'><strong>ptas</strong></span> <span class='ocrx_word' id='word_1_8' title='bbox 635 513 1000 582; x_wconf 73' lang='lat' dir='ltr'><strong>amplectitur,</strong></span> <span class='ocrx_word' id='word_1_9' title='bbox 1039 515 1140 580; x_wconf 84' lang='lat' dir='ltr'><strong>vel,</strong></span> <span class='ocrx_word' id='word_1_10' title='bbox 1185 526 1240 570; x_wconf 93' lang='lat' dir='ltr'><strong>ut</strong></span> <span class='ocrx_word' id='word_1_11' title='bbox 1278 515 1470 570; x_wconf 83' lang='lat' dir='ltr'><strong>melius</strong></span> <span class='ocrx_word' id='word_1_12' title='bbox 1523 517 1696 570; x_wconf 78' lang='lat' dir='ltr'><strong>dicam</strong></span> <span class='ocrx_word' id='word_1_13' title='bbox 1720 561 1734 583; x_wconf 92' lang='lat'><strong>,</strong></span> <span class='ocrx_word' id='word_1_14' title='bbox 1794 529 2043 588; x_wconf 86' lang='lat' dir='ltr'><strong>tanquam</strong></span> <span class='ocrx_word' id='word_1_15' title='bbox 2088 520 2260 590; x_wconf 76' lang='lat' dir='ltr'><strong>ipsum</strong></span> <span class='ocrx_word' id='word_1_16' title='bbox 2309 522 2510 577; x_wconf 90' lang='lat' dir='ltr'><strong>Christi</strong></span> <span class='ocrx_word' id='word_1_17' title='bbox 2541 539 2602 578; x_wconf 90' lang='lat' dir='ltr'><strong>os</strong></span> <span class='ocrx_word' id='word_1_18' title='bbox 2635 533 2945 591; x_wconf 79' lang='lat' dir='ltr'><strong>veneratur,</strong></span> <span class='ocrx_word' id='word_1_19' title='bbox 3011 534 3065 580; x_wconf 93' lang='lat' dir='ltr'><strong>ct</strong></span> <span class='ocrx_word' id='word_1_20' title='bbox 3095 525 3189 599; x_wconf 22' lang='lat' dir='ltr'><strong>ab.</strong></span> <span class='ocrx_word' id='word_1_21' title='bbox 3221 524 3314 579; x_wconf 70' lang='lat' dir='ltr'><strong>.llo</strong></span> <span class='ocrx_word' id='word_1_22' title='bbox 3345 525 3521 582; x_wconf 83' lang='lat' dir='ltr'><strong>divina</strong></span> <span class='ocrx_word' id='word_1_23' title='bbox 3561 529 3724 582; x_wconf 78' lang='lat' dir='ltr'><strong>verba</strong></span> 
     </span>
    </p>
   </div>
   <div class='ocr_carea' id='block_1_5' title="bbox 471 606 1089 662">
    <p class='ocr_par' dir='ltr' id='par_1_5' title="bbox 471 606 1089 662">
     <span class='ocr_line' id='line_1_5' title="bbox 471 606 1089 662; baseline 0.011 -7"><span class='ocrx_word' id='word_1_24' title='bbox 471 624 528 657; x_wconf 74' lang='lat' dir='ltr'><strong>sc</strong></span> <span class='ocrx_word' id='word_1_25' title='bbox 556 606 742 659; x_wconf 89' lang='lat' dir='ltr'><strong>audire</strong></span> <span class='ocrx_word' id='word_1_26' title='bbox 771 609 1089 662; x_wconf 75' lang='lat' dir='ltr'><strong>arbitratur.</strong></span> 
     </span>
    </p>
   </div>
   <div class='ocr_carea' id='block_1_6' title="bbox 545 697 2118 769">
    <p class='ocr_par' dir='ltr' id='par_1_6' title="bbox 545 697 2118 769">
     <span class='ocr_line' id='line_1_6' title="bbox 545 697 2118 769; baseline 0.008 -20"><span class='ocrx_word' id='word_1_27' title='bbox 545 697 632 750; x_wconf 74' lang='grc' dir='ltr'><strong>Μ.</strong></span> <span class='ocrx_word' id='word_1_28' title='bbox 675 700 845 764; x_wconf 80' lang='lat' dir='ltr'><strong>Quem</strong></span> <span class='ocrx_word' id='word_1_29' title='bbox 899 709 952 753; x_wconf 91' lang='lat' dir='ltr'><strong>et</strong></span> <span class='ocrx_word' id='word_1_30' title='bbox 1003 701 1200 766; x_wconf 86' lang='lat' dir='ltr'><strong>nobis,</strong></span> <span class='ocrx_word' id='word_1_31' title='bbox 1253 716 1285 754; x_wconf 96' lang='lat' dir='ltr'><strong>o</strong></span> <span class='ocrx_word' id='word_1_32' title='bbox 1334 704 1681 765; x_wconf 83' lang='lat' dir='ltr'><strong>sanctissime</strong></span> <span class='ocrx_word' id='word_1_33' title='bbox 1741 705 1932 759; x_wconf 84' lang='lat' dir='ltr'><strong>doctor</strong></span> <span class='ocrx_word' id='word_1_34' title='bbox 1991 715 2045 760; x_wconf 83' lang='lat' dir='ltr'><strong>et</strong></span> <span class='ocrx_word' id='word_1_35' title='bbox 2076 713 2118 769; x_wconf 83' lang='grc' dir='ltr'><strong>Δ</strong></span> 
     </span>
    </p>
   </div>
   <div class='ocr_carea' id='block_1_7' title="bbox 470 790 2100 865">
    <p class='ocr_par' dir='ltr' id='par_1_7' title="bbox 470 790 2100 865">
     <span class='ocr_line' id='line_1_7' title="bbox 470 790 2100 865; baseline 0.007 -24"><span class='ocrx_word' id='word_1_36' title='bbox 470 790 826 859; x_wconf 83' lang='lat' dir='ltr'><strong>evangelista,</strong></span> <span class='ocrx_word' id='word_1_37' title='bbox 862 793 1152 861; x_wconf 85' lang='lat' dir='ltr'><strong>propitium</strong></span> <span class='ocrx_word' id='word_1_38' title='bbox 1191 794 1418 850; x_wconf 88' lang='lat' dir='ltr'><strong>reddere</strong></span> <span class='ocrx_word' id='word_1_39' title='bbox 1451 810 1517 849; x_wconf 86' lang='lat' dir='ltr'><strong>ne</strong></span> <span class='ocrx_word' id='word_1_40' title='bbox 1543 797 1787 865; x_wconf 81' lang='lat' dir='ltr'><strong>graveris</strong></span> <span class='ocrx_word' id='word_1_41' title='bbox 1819 815 1834 851; x_wconf 93' lang='lat'><strong>:</strong></span> <span class='ocrx_word' id='word_1_42' title='bbox 1865 799 2041 852; x_wconf 86' lang='lat' dir='ltr'><strong>tristia</strong></span> <span class='ocrx_word' id='word_1_43' title='bbox 2093 853 2100 859; x_wconf 47' lang='lat'><em>.</em></span> 
     </span>
    </p>
   </div>
   <div class='ocr_carea' id='block_1_8' title="bbox 469 879 2042 958">
    <p class='ocr_par' dir='ltr' id='par_1_8' title="bbox 469 879 2042 958">
     <span class='ocr_line' id='line_1_8' title="bbox 469 879 2042 958; baseline 0.009 -28"><span class='ocrx_word' id='word_1_44' title='bbox 469 896 589 950; x_wconf 77' lang='lat' dir='ltr'><strong>qua:</strong></span> <span class='ocrx_word' id='word_1_45' title='bbox 621 898 721 937; x_wconf 80' lang='lat' dir='ltr'><strong>nos</strong></span> <span class='ocrx_word' id='word_1_46' title='bbox 753 885 1077 952; x_wconf 82' lang='lat' dir='ltr'><strong>perturbant</strong></span> <span class='ocrx_word' id='word_1_47' title='bbox 1119 885 1275 939; x_wconf 89' lang='lat' dir='ltr'><strong>tollas</strong></span> <span class='ocrx_word' id='word_1_48' title='bbox 1311 903 1324 940; x_wconf 88' lang='lat'><strong>:</strong></span> <span class='ocrx_word' id='word_1_49' title='bbox 1357 883 1548 955; x_wconf 82' lang='lat' dir='ltr'><strong>aspera</strong></span> <span class='ocrx_word' id='word_1_50' title='bbox 1581 879 1701 958; x_wconf 72' lang='lat' dir='ltr'><strong>qua:</strong></span> <span class='ocrx_word' id='word_1_51' title='bbox 1731 890 1785 943; x_wconf 93' lang='lat' dir='ltr'><strong>in</strong></span> <span class='ocrx_word' id='word_1_52' title='bbox 1814 890 1920 944; x_wconf 87' lang='lat' dir='ltr'><strong>vita</strong></span> <span class='ocrx_word' id='word_1_53' title='bbox 1948 906 2042 944; x_wconf 85' lang='lat' dir='ltr'><strong>ac—</strong></span> 
     </span>
    </p>
   </div>
   <div class='ocr_carea' id='block_1_9' title="bbox 470 974 2044 1051">
    <p class='ocr_par' dir='ltr' id='par_1_9' title="bbox 470 974 2044 1051">
     <span class='ocr_line' id='line_1_9' title="bbox 470 974 2044 1051; baseline 0.008 -28"><span class='ocrx_word' id='word_1_54' title='bbox 470 974 678 1038; x_wconf 74' lang='lat' dir='ltr'><strong>cidunt,</strong></span> <span class='ocrx_word' id='word_1_55' title='bbox 716 977 1025 1045; x_wconf 80' lang='lat' dir='ltr'><strong>complaues</strong></span> <span class='ocrx_word' id='word_1_56' title='bbox 1059 996 1072 1031; x_wconf 92' lang='lat'><strong>:</strong></span> <span class='ocrx_word' id='word_1_57' title='bbox 1107 993 1327 1048; x_wconf 79' lang='lat' dir='ltr'><strong>rumpas</strong></span> <span class='ocrx_word' id='word_1_58' title='bbox 1353 980 1773 1051; x_wconf 71' lang='lat' dir='ltr'><strong>chirographum</strong></span> <span class='ocrx_word' id='word_1_59' title='bbox 1807 982 1955 1046; x_wconf 91' lang='lat' dir='ltr'><strong>illud,</strong></span> <span class='ocrx_word' id='word_1_60' title='bbox 1991 983 2044 1036; x_wconf 90' lang='lat' dir='ltr'><strong>in</strong></span> 
     </span>
    </p>
   </div>
   <div class='ocr_carea' id='block_1_10' title="bbox 377 1053 2037 1144">
    <p class='ocr_par' dir='ltr' id='par_1_10' title="bbox 377 1053 2037 1144">
     <span class='ocr_line' id='line_1_10' title="bbox 377 1053 2037 1144; baseline 0.01 -34"><span class='ocrx_word' id='word_1_61' title='bbox 377 1092 387 1144; x_wconf 21' lang='grc' dir='ltr'><strong><em>ᾧ</em></strong></span> <span class='ocrx_word' id='word_1_62' title='bbox 470 1076 576 1129; x_wconf 86' lang='lat' dir='ltr'><strong>quo</strong></span> <span class='ocrx_word' id='word_1_63' title='bbox 627 1074 810 1117; x_wconf 86' lang='lat' dir='ltr'><strong>nostra</strong></span> <span class='ocrx_word' id='word_1_64' title='bbox 855 1053 1081 1119; x_wconf 82' lang='lat' dir='ltr'><strong>crimina</strong></span> <span class='ocrx_word' id='word_1_65' title='bbox 1133 1069 1407 1137; x_wconf 85' lang='lat' dir='ltr'><strong>descripta</strong></span> <span class='ocrx_word' id='word_1_66' title='bbox 1455 1081 1604 1137; x_wconf 87' lang='lat' dir='ltr'><strong>sunt,</strong></span> <span class='ocrx_word' id='word_1_67' title='bbox 1647 1083 1703 1125; x_wconf 90' lang='lat' dir='ltr'><strong>et</strong></span> <span class='ocrx_word' id='word_1_68' title='bbox 1733 1081 2037 1127; x_wconf 89' lang='lat' dir='ltr'><strong>erratorum</strong></span> 
     </span>
    </p>
   </div>
   <div class='ocr_carea' id='block_1_11' title="bbox 374 1144 2045 1234">
    <p class='ocr_par' dir='ltr' id='par_1_11' title="bbox 374 1144 2045 1234">
     <span class='ocr_line' id='line_1_11' title="bbox 374 1144 2045 1234; baseline 0.011 -34"><span class='ocrx_word' id='word_1_69' title='bbox 374 1145 385 1176; x_wconf 72' lang='grc' dir='ltr'>ῖ</span> <span class='ocrx_word' id='word_1_70' title='bbox 470 1153 564 1205; x_wconf 86' lang='lat' dir='ltr'><strong>des</strong></span> <span class='ocrx_word' id='word_1_71' title='bbox 594 1155 804 1207; x_wconf 82' lang='lat' dir='ltr'><strong>veniam</strong></span> <span class='ocrx_word' id='word_1_72' title='bbox 835 1173 850 1222; x_wconf 90' lang='lat'><strong>;</strong></span> <span class='ocrx_word' id='word_1_73' title='bbox 893 1156 1055 1211; x_wconf 84' lang='lat' dir='ltr'><strong>talem</strong></span> <span class='ocrx_word' id='word_1_74' title='bbox 1098 1162 1242 1214; x_wconf 91' lang='lat' dir='ltr'><strong>enim</strong></span> <span class='ocrx_word' id='word_1_75' title='bbox 1281 1171 1603 1230; x_wconf 88' lang='lat' dir='ltr'><strong>potestatem</strong></span> <span class='ocrx_word' id='word_1_76' title='bbox 1639 1144 1705 1218; x_wconf 78' lang='lat' dir='ltr'><strong>ab</strong></span> <span class='ocrx_word' id='word_1_77' title='bbox 1742 1165 1911 1234; x_wconf 82' lang='lat' dir='ltr'><strong>ipsius</strong></span> <span class='ocrx_word' id='word_1_78' title='bbox 1947 1166 2045 1219; x_wconf 87' lang='lat' dir='ltr'><strong>Do-</strong></span> 
     </span>
    </p>
   </div>
   <div class='ocr_carea' id='block_1_12' title="bbox 470 1245 2046 1325">
    <p class='ocr_par' dir='ltr' id='par_1_12' title="bbox 470 1245 2046 1325">
     <span class='ocr_line' id='line_1_12' title="bbox 470 1245 2046 1325; baseline 0.011 -32"><span class='ocrx_word' id='word_1_79' title='bbox 470 1245 603 1296; x_wconf 85' lang='lat' dir='ltr'><strong>mini</strong></span> <span class='ocrx_word' id='word_1_80' title='bbox 639 1245 819 1316; x_wconf 76' lang='lat' dir='ltr'><strong>lingua</strong></span> <span class='ocrx_word' id='word_1_81' title='bbox 853 1251 1109 1318; x_wconf 88' lang='lat' dir='ltr'><strong>accepisti</strong></span> <span class='ocrx_word' id='word_1_82' title='bbox 1143 1270 1154 1305; x_wconf 93' lang='lat'><strong>:</strong></span> <span class='ocrx_word' id='word_1_83' title='bbox 1190 1249 1554 1320; x_wconf 79' lang='lat' dir='ltr'><strong>Siligaveris,</strong></span> <span class='ocrx_word' id='word_1_84' title='bbox 1597 1255 1647 1308; x_wconf 88' lang='lat' dir='ltr'><strong>id</strong></span> <span class='ocrx_word' id='word_1_85' title='bbox 1679 1259 1819 1322; x_wconf 84' lang='lat' dir='ltr'><strong>quod</strong></span> <span class='ocrx_word' id='word_1_86' title='bbox 1849 1255 2046 1325; x_wconf 81' lang='lat' dir='ltr'><strong>ligatur</strong></span> 
     </span>
    </p>
   </div>
   <div class='ocr_carea' id='block_1_13' title="bbox 470 1337 2042 1403">
    <p class='ocr_par' dir='ltr' id='par_1_13' title="bbox 470 1337 2042 1403">
     <span class='ocr_line' id='line_1_13' title="bbox 470 1337 2042 1403; baseline 0.01 -17"><span class='ocrx_word' id='word_1_87' title='bbox 470 1337 572 1387; x_wconf 81' lang='lat' dir='ltr'><strong>erit</strong></span> <span class='ocrx_word' id='word_1_88' title='bbox 621 1337 941 1403; x_wconf 88' lang='lat' dir='ltr'><strong>insolubile;</strong></span> <span class='ocrx_word' id='word_1_89' title='bbox 991 1342 1033 1394; x_wconf 88' lang='lat' dir='ltr'><strong>si</strong></span> <span class='ocrx_word' id='word_1_90' title='bbox 1076 1343 1139 1395; x_wconf 89' lang='lat' dir='ltr'><strong>ad</strong></span> <span class='ocrx_word' id='word_1_91' title='bbox 1170 1344 1703 1400; x_wconf 81' lang='lat' dir='ltr'><strong>commiserationem</strong></span> <span class='ocrx_word' id='word_1_92' title='bbox 1741 1357 1796 1400; x_wconf 91' lang='lat' dir='ltr'><strong>et</strong></span> <span class='ocrx_word' id='word_1_93' title='bbox 1833 1349 2042 1401; x_wconf 87' lang='lat' dir='ltr'><strong>veniam</strong></span> 
     </span>
    </p>
   </div>
   <div class='ocr_carea' id='block_1_14' title="bbox 471 1427 2043 1509">
    <p class='ocr_par' dir='ltr' id='par_1_14' title="bbox 471 1427 2043 1509">
     <span class='ocr_line' id='line_1_14' title="bbox 471 1427 2043 1509; baseline 0.009 -29"><span class='ocrx_word' id='word_1_94' title='bbox 471 1428 834 1494; x_wconf 70' lang='lat' dir='ltr'><strong>incli‘.iaveris,</strong></span> <span class='ocrx_word' id='word_1_95' title='bbox 889 1427 1178 1487; x_wconf 71' lang='lat' dir='ltr'><strong>viuculum&#39;</strong></span> <span class='ocrx_word' id='word_1_96' title='bbox 1213 1436 1368 1490; x_wconf 78' lang='lat' dir='ltr'><strong>facile</strong></span> <span class='ocrx_word' id='word_1_97' title='bbox 1413 1437 1760 1492; x_wconf 86' lang='lat' dir='ltr'><strong>dissolvetur.</strong></span> <span class='ocrx_word' id='word_1_98' title='bbox 1795 1438 1872 1494; x_wconf 78' lang='lat' dir='ltr'><strong>Ne</strong></span> <span class='ocrx_word' id='word_1_99' title='bbox 1915 1456 2043 1509; x_wconf 79' lang='lat' dir='ltr'><strong>ergo</strong></span> 
     </span>
    </p>
   </div>
   <div class='ocr_carea' id='block_1_15' title="bbox 472 1519 2044 1595">
    <p class='ocr_par' dir='ltr' id='par_1_15' title="bbox 472 1519 2044 1595">
     <span class='ocr_line' id='line_1_15' title="bbox 472 1519 2044 1595; baseline 0.009 -24"><span class='ocrx_word' id='word_1_100' title='bbox 472 1519 741 1586; x_wconf 78' lang='lat' dir='ltr'><strong>despicias</strong></span> <span class='ocrx_word' id='word_1_101' title='bbox 779 1537 876 1576; x_wconf 92' lang='lat' dir='ltr'><strong>nos</strong></span> <span class='ocrx_word' id='word_1_102' title='bbox 905 1525 1112 1581; x_wconf 84' lang='lat' dir='ltr'><strong>catenis</strong></span> <span class='ocrx_word' id='word_1_103' title='bbox 1162 1537 1510 1595; x_wconf 87' lang='lat' dir='ltr'><strong>peccatorum</strong></span> <span class='ocrx_word' id='word_1_104' title='bbox 1565 1531 1912 1594; x_wconf 62' lang='lat' dir='ltr'><strong>constrictos,</strong></span> <span class='ocrx_word' id='word_1_105' title='bbox 1951 1533 2044 1585; x_wconf 92' lang='lat' dir='ltr'><strong>sed</strong></span> 
     </span>
    </p>
   </div>
   <div class='ocr_carea' id='block_1_16' title="bbox 473 1611 2045 1690">
    <p class='ocr_par' dir='ltr' id='par_1_16' title="bbox 473 1611 2045 1690">
     <span class='ocr_line' id='line_1_16' title="bbox 473 1611 2045 1690; baseline 0.008 -29"><span class='ocrx_word' id='word_1_106' title='bbox 473 1611 674 1676; x_wconf 86' lang='lat' dir='ltr'><strong>impera</strong></span> <span class='ocrx_word' id='word_1_107' title='bbox 727 1613 960 1668; x_wconf 74' lang='lat' dir='ltr'><strong>vinculis</strong></span> <span class='ocrx_word' id='word_1_108' title='bbox 1010 1616 1164 1684; x_wconf 90' lang='lat' dir='ltr'><strong>ipsis,</strong></span> <span class='ocrx_word' id='word_1_109' title='bbox 1203 1629 1255 1671; x_wconf 86' lang='lat' dir='ltr'><strong>ct</strong></span> <span class='ocrx_word' id='word_1_110' title='bbox 1291 1617 1720 1690; x_wconf 76' lang='lat' dir='ltr'><strong>confringeutur.</strong></span> <span class='ocrx_word' id='word_1_111' title='bbox 1769 1621 2045 1675; x_wconf 85' lang='lat' dir='ltr'><strong>Ecclesias</strong></span> 
     </span>
    </p>
   </div>
   <div class='ocr_carea' id='block_1_17' title="bbox 467 1699 2048 1780">
    <p class='ocr_par' dir='ltr' id='par_1_17' title="bbox 467 1699 2048 1780">
     <span class='ocr_line' id='line_1_17' title="bbox 467 1699 2048 1780; baseline 0.008 -27"><span class='ocrx_word' id='word_1_112' title='bbox 467 1699 526 1754; x_wconf 86' lang='lat' dir='ltr'><strong>in</strong></span> <span class='ocrx_word' id='word_1_113' title='bbox 556 1716 687 1768; x_wconf 84' lang='lat' dir='ltr'><strong>pace</strong></span> <span class='ocrx_word' id='word_1_114' title='bbox 716 1711 770 1757; x_wconf 89' lang='lat' dir='ltr'><strong>et</strong></span> <span class='ocrx_word' id='word_1_115' title='bbox 801 1707 1188 1774; x_wconf 87' lang='lat' dir='ltr'><strong>tranquillitate</strong></span> <span class='ocrx_word' id='word_1_116' title='bbox 1216 1708 1514 1774; x_wconf 82' lang='lat' dir='ltr'><strong>custodias,</strong></span> <span class='ocrx_word' id='word_1_117' title='bbox 1549 1726 1685 1780; x_wconf 87' lang='lat' dir='ltr'><strong>quas</strong></span> <span class='ocrx_word' id='word_1_118' title='bbox 1715 1719 1817 1764; x_wconf 66' lang='lat' dir='ltr'><strong>tuac</strong></span> <span class='ocrx_word' id='word_1_119' title='bbox 1854 1712 2048 1780; x_wconf 67' lang='lat' dir='ltr'><strong>pracdi-</strong></span> 
     </span>
    </p>
   </div>
   <div class='ocr_carea' id='block_1_18' title="bbox 472 1794 2048 1871">
    <p class='ocr_par' dir='ltr' id='par_1_18' title="bbox 472 1794 2048 1871">
     <span class='ocr_line' id='line_1_18' title="bbox 472 1794 2048 1871; baseline 0.008 -26"><span class='ocrx_word' id='word_1_120' title='bbox 472 1794 673 1846; x_wconf 88' lang='lat' dir='ltr'><strong>cationi</strong></span> <span class='ocrx_word' id='word_1_121' title='bbox 728 1795 1080 1852; x_wconf 87' lang='lat' dir='ltr'><strong>fundamento</strong></span> <span class='ocrx_word' id='word_1_122' title='bbox 1129 1801 1355 1855; x_wconf 87' lang='lat' dir='ltr'><strong>firmasti</strong></span> <span class='ocrx_word' id='word_1_123' title='bbox 1393 1817 1530 1870; x_wconf 90' lang='lat' dir='ltr'><strong>:pro</strong></span> <span class='ocrx_word' id='word_1_124' title='bbox 1573 1803 1676 1856; x_wconf 90' lang='lat' dir='ltr'><strong>illis</strong></span> <span class='ocrx_word' id='word_1_125' title='bbox 1718 1804 1913 1871; x_wconf 80' lang='lat' dir='ltr'><strong>quippe</strong></span> <span class='ocrx_word' id='word_1_126' title='bbox 1943 1804 2048 1856; x_wconf 84' lang='lat' dir='ltr'><strong>Do-</strong></span> 
     </span>
    </p>
   </div>
   <div class='ocr_carea' id='block_1_19' title="bbox 475 1885 2048 1957">
    <p class='ocr_par' dir='ltr' id='par_1_19' title="bbox 475 1885 2048 1957">
     <span class='ocr_line' id='line_1_19' title="bbox 475 1885 2048 1957; baseline 0.008 -19"><span class='ocrx_word' id='word_1_127' title='bbox 475 1885 605 1938; x_wconf 86' lang='lat' dir='ltr'><strong>mini</strong></span> <span class='ocrx_word' id='word_1_128' title='bbox 645 1890 865 1956; x_wconf 77' lang='lat' dir='ltr'><strong>sanguis</strong></span> <span class='ocrx_word' id='word_1_129' title='bbox 898 1889 1102 1946; x_wconf 73' lang='lat' dir='ltr'><strong>ell‘usus</strong></span> <span class='ocrx_word' id='word_1_130' title='bbox 1124 1902 1232 1957; x_wconf 90' lang='lat' dir='ltr'><strong>est,</strong></span> <span class='ocrx_word' id='word_1_131' title='bbox 1265 1903 1317 1947; x_wconf 89' lang='lat' dir='ltr'><strong>et</strong></span> <span class='ocrx_word' id='word_1_132' title='bbox 1344 1895 1606 1949; x_wconf 87' lang='lat' dir='ltr'><strong>bonorum</strong></span> <span class='ocrx_word' id='word_1_133' title='bbox 1635 1895 1935 1950; x_wconf 70' lang='lat' dir='ltr'><strong>cmlestium</strong></span> <span class='ocrx_word' id='word_1_134' title='bbox 1963 1895 2048 1950; x_wconf 87' lang='lat' dir='ltr'><strong>fac</strong></span> 
     </span>
    </p>
   </div>
   <div class='ocr_carea' id='block_1_20' title="bbox 471 1981 2044 2054">
    <p class='ocr_par' dir='ltr' id='par_1_20' title="bbox 471 1981 2044 2054">
     <span class='ocr_line' id='line_1_20' title="bbox 471 1981 2044 2054; baseline 0.006 -24"><span class='ocrx_word' id='word_1_135' title='bbox 471 1992 573 2032; x_wconf 88' lang='lat' dir='ltr'><strong>nos</strong></span> <span class='ocrx_word' id='word_1_136' title='bbox 608 1993 729 2034; x_wconf 91' lang='lat' dir='ltr'><strong>esse</strong></span> <span class='ocrx_word' id='word_1_137' title='bbox 774 1981 1099 2052; x_wconf 86' lang='lat' dir='ltr'><strong>participes,</strong></span> <span class='ocrx_word' id='word_1_138' title='bbox 1149 1986 1323 2054; x_wconf 74' lang='lat' dir='ltr'><strong>gratia</strong></span> <span class='ocrx_word' id='word_1_139' title='bbox 1353 1997 1408 2039; x_wconf 89' lang='lat' dir='ltr'><strong>et</strong></span> <span class='ocrx_word' id='word_1_140' title='bbox 1452 1986 1785 2054; x_wconf 82' lang='lat' dir='ltr'><strong>benignitate</strong></span> <span class='ocrx_word' id='word_1_141' title='bbox 1833 1987 2044 2041; x_wconf 87' lang='lat' dir='ltr'><strong>Domini</strong></span> 
     </span>
    </p>
   </div>
   <div class='ocr_carea' id='block_1_21' title="bbox 2226 703 3726 782">
    <p class='ocr_par' dir='ltr' id='par_1_21' title="bbox 2226 703 3726 782">
     <span class='ocr_line' id='line_1_21' title="bbox 2226 703 3726 782; baseline 0.005 -20"><span class='ocrx_word' id='word_1_142' title='bbox 2226 709 2306 763; x_wconf 83' lang='grc' dir='ltr'>ιδ’.</span> <span class='ocrx_word' id='word_1_143' title='bbox 2341 709 2435 762; x_wconf 91' lang='grc' dir='ltr'><strong>Ὃν</strong></span> <span class='ocrx_word' id='word_1_144' title='bbox 2459 711 2553 764; x_wconf 78' lang='grc' dir='ltr'><strong>καὶ</strong></span> <span class='ocrx_word' id='word_1_145' title='bbox 2579 712 2732 780; x_wconf 76' lang='grc' dir='ltr'>ἡμῖν,</span> <span class='ocrx_word' id='word_1_146' title='bbox 2764 703 2808 765; x_wconf 79' lang='grc' dir='ltr'>ὧ</span> <span class='ocrx_word' id='word_1_147' title='bbox 2831 711 3012 782; x_wconf 87' lang='grc' dir='ltr'>μύστα</span> <span class='ocrx_word' id='word_1_148' title='bbox 3041 713 3134 765; x_wconf 72' lang='grc' dir='ltr'><strong>καὶ</strong></span> <span class='ocrx_word' id='word_1_149' title='bbox 3160 712 3548 781; x_wconf 77' lang='grc' dir='ltr'>εὑαγγελιστᾶ,</span> <span class='ocrx_word' id='word_1_150' title='bbox 3566 714 3726 769; x_wconf 82' lang='grc' dir='ltr'><strong>ἵλεων</strong></span> 
     </span>
    </p>
   </div>
   <div class='ocr_carea' id='block_1_22' title="bbox 2150 797 3730 876">
    <p class='ocr_par' dir='ltr' id='par_1_22' title="bbox 2150 797 3730 876">
     <span class='ocr_line' id='line_1_22' title="bbox 2150 797 3730 876; baseline 0.008 -27"><span class='ocrx_word' id='word_1_151' title='bbox 2150 797 2225 868; x_wconf 80' lang='grc' dir='ltr'>μὴ</span> <span class='ocrx_word' id='word_1_152' title='bbox 2258 799 2564 869; x_wconf 81' lang='grc' dir='ltr'>ὰποκάμοις</span> <span class='ocrx_word' id='word_1_153' title='bbox 2583 800 2882 870; x_wconf 80' lang='grc' dir='ltr'><strong>τιθέμενος,</strong></span> <span class='ocrx_word' id='word_1_154' title='bbox 2915 801 2983 855; x_wconf 82' lang='grc' dir='ltr'>τὰ</span> <span class='ocrx_word' id='word_1_155' title='bbox 3007 803 3259 870; x_wconf 66' lang='grc' dir='ltr'>κυιιῶντα</span> <span class='ocrx_word' id='word_1_156' title='bbox 3293 803 3514 876; x_wconf 80' lang='grc' dir='ltr'>λυπηρά</span> <span class='ocrx_word' id='word_1_157' title='bbox 3534 808 3730 861; x_wconf 53' lang='lat' dir='ltr'><strong>siceli-</strong></span> 
     </span>
    </p>
   </div>
   <div class='ocr_carea' id='block_1_23' title="bbox 2146 892 3727 968">
    <p class='ocr_par' dir='ltr' id='par_1_23' title="bbox 2146 892 3727 968">
     <span class='ocr_line' id='line_1_23' title="bbox 2146 892 3727 968; baseline 0.006 -24"><span class='ocrx_word' id='word_1_158' title='bbox 2146 907 2317 961; x_wconf 80' lang='grc' dir='ltr'>φρυνε</span> <span class='ocrx_word' id='word_1_159' title='bbox 2343 935 2357 957; x_wconf 96' lang='grc'><strong>,</strong></span> <span class='ocrx_word' id='word_1_160' title='bbox 2388 892 2456 944; x_wconf 74' lang='grc' dir='ltr'><strong>τὰ</strong></span> <span class='ocrx_word' id='word_1_161' title='bbox 2484 895 2542 944; x_wconf 83' lang='grc' dir='ltr'>ὲν</span> <span class='ocrx_word' id='word_1_162' title='bbox 2575 893 2674 964; x_wconf 84' lang='grc' dir='ltr'><strong>βίῳ</strong></span> <span class='ocrx_word' id='word_1_163' title='bbox 2723 893 2963 964; x_wconf 81' lang='grc' dir='ltr'>δυσαχθῆ</span> <span class='ocrx_word' id='word_1_164' title='bbox 3015 895 3386 967; x_wconf 81' lang='grc' dir='ltr'>κατευμάριζε</span> <span class='ocrx_word' id='word_1_165' title='bbox 3413 938 3427 962; x_wconf 92' lang='grc'><strong>,</strong></span> <span class='ocrx_word' id='word_1_166' title='bbox 3463 898 3625 968; x_wconf 81' lang='grc' dir='ltr'><strong>ῥῆξον</strong></span> <span class='ocrx_word' id='word_1_167' title='bbox 3662 901 3727 954; x_wconf 78' lang='grc' dir='ltr'>τὸ</span> 
     </span>
    </p>
   </div>
   <div class='ocr_carea' id='block_1_24' title="bbox 2146 974 3728 1056">
    <p class='ocr_par' dir='ltr' id='par_1_24' title="bbox 2146 974 3728 1056">
     <span class='ocr_line' id='line_1_24' title="bbox 2146 974 3728 1056; baseline 0.005 -20"><span class='ocrx_word' id='word_1_168' title='bbox 2146 983 2252 1036; x_wconf 85' lang='grc' dir='ltr'><strong>τῶν</strong></span> <span class='ocrx_word' id='word_1_169' title='bbox 2271 983 2630 1055; x_wconf 77' lang='grc' dir='ltr'><strong>ἐγκλημάτων</strong></span> <span class='ocrx_word' id='word_1_170' title='bbox 2659 987 3046 1056; x_wconf 70' lang='grc' dir='ltr'><strong>χειρόγραφον,</strong></span> <span class='ocrx_word' id='word_1_171' title='bbox 3069 988 3211 1040; x_wconf 84' lang='grc' dir='ltr'>δίδου</span> <span class='ocrx_word' id='word_1_172' title='bbox 3226 974 3381 1043; x_wconf 77' lang='grc' dir='ltr'>λύσιν</span> <span class='ocrx_word' id='word_1_173' title='bbox 3403 992 3513 1044; x_wconf 88' lang='grc' dir='ltr'><strong>τῶν</strong></span> <span class='ocrx_word' id='word_1_174' title='bbox 3533 993 3728 1046; x_wconf 80' lang='grc' dir='ltr'>ἐπται-</span> 
     </span>
    </p>
   </div>
   <div class='ocr_carea' id='block_1_25' title="bbox 2148 1077 3727 1153">
    <p class='ocr_par' dir='ltr' id='par_1_25' title="bbox 2148 1077 3727 1153">
     <span class='ocr_line' id='line_1_25' title="bbox 2148 1077 3727 1153; baseline 0.006 -25"><span class='ocrx_word' id='word_1_175' title='bbox 2148 1078 2401 1145; x_wconf 71' lang='grc' dir='ltr'>σμένων·</span> <span class='ocrx_word' id='word_1_176' title='bbox 2447 1077 2705 1148; x_wconf 77' lang='grc' dir='ltr'><strong>τοιαύτην</strong></span> <span class='ocrx_word' id='word_1_177' title='bbox 2745 1078 2882 1146; x_wconf 82' lang='grc' dir='ltr'>πρὸς</span> <span class='ocrx_word' id='word_1_178' title='bbox 2930 1083 3026 1148; x_wconf 79' lang='grc' dir='ltr'>τῆς</span> <span class='ocrx_word' id='word_1_179' title='bbox 3084 1083 3422 1153; x_wconf 79' lang='grc' dir='ltr'>Δεσποτικῆς</span> <span class='ocrx_word' id='word_1_180' title='bbox 3472 1082 3727 1152; x_wconf 73' lang='grc' dir='ltr'><strong>γλώσσης</strong></span> 
     </span>
    </p>
   </div>
   <div class='ocr_carea' id='block_1_26' title="bbox 2145 1161 3725 1242">
    <p class='ocr_par' dir='ltr' id='par_1_26' title="bbox 2145 1161 3725 1242">
     <span class='ocr_line' id='line_1_26' title="bbox 2145 1161 3725 1242; baseline 0.004 -25"><span class='ocrx_word' id='word_1_181' title='bbox 2145 1166 2378 1235; x_wconf 78' lang='grc' dir='ltr'><strong>εἴληφας</strong></span> <span class='ocrx_word' id='word_1_182' title='bbox 2416 1161 2663 1230; x_wconf 70' lang='grc' dir='ltr'>ὲξούσίαν</span> <span class='ocrx_word' id='word_1_183' title='bbox 2687 1182 2701 1195; x_wconf 86' lang='grc'><em>’</em></span> <span class='ocrx_word' id='word_1_184' title='bbox 2739 1168 2787 1218; x_wconf 73' lang='grc' dir='ltr'>εἰ</span> <span class='ocrx_word' id='word_1_185' title='bbox 2836 1168 3133 1238; x_wconf 76' lang='grc' dir='ltr'>δεσμήσεις</span> <span class='ocrx_word' id='word_1_186' title='bbox 3171 1212 3186 1236; x_wconf 90' lang='grc'><strong>,</strong></span> <span class='ocrx_word' id='word_1_187' title='bbox 3211 1171 3491 1242; x_wconf 69' lang='grc' dir='ltr'>ἄρρηκτον</span> <span class='ocrx_word' id='word_1_188' title='bbox 3537 1173 3600 1226; x_wconf 75' lang='grc' dir='ltr'>τὸ</span> <span class='ocrx_word' id='word_1_189' title='bbox 3633 1174 3725 1226; x_wconf 74' lang='grc' dir='ltr'><strong>δε⁸</strong></span> 
     </span>
    </p>
   </div>
   <div class='ocr_carea' id='block_1_27' title="bbox 2101 1259 3725 1334">
    <p class='ocr_par' dir='ltr' id='par_1_27' title="bbox 2101 1259 3725 1334">
     <span class='ocr_line' id='line_1_27' title="bbox 2101 1259 3725 1334; baseline 0.005 -24"><span class='ocrx_word' id='word_1_190' title='bbox 2101 1317 2105 1321; x_wconf 49' lang='grc'><strong>,</strong></span> <span class='ocrx_word' id='word_1_191' title='bbox 2147 1259 2473 1328; x_wconf 85' lang='grc' dir='ltr'>σμούμενον·</span> <span class='ocrx_word' id='word_1_192' title='bbox 2503 1262 2550 1312; x_wconf 74' lang='grc' dir='ltr'>εἰ</span> <span class='ocrx_word' id='word_1_193' title='bbox 2605 1260 2742 1332; x_wconf 77' lang='grc' dir='ltr'>πρὸς</span> <span class='ocrx_word' id='word_1_194' title='bbox 2768 1261 3111 1330; x_wconf 82' lang='grc' dir='ltr'>συμπάθειαν</span> <span class='ocrx_word' id='word_1_195' title='bbox 3164 1262 3433 1330; x_wconf 81' lang='grc' dir='ltr'>νεύσειας,</span> <span class='ocrx_word' id='word_1_196' title='bbox 3472 1268 3498 1318; x_wconf 86' lang='grc' dir='ltr'>ὁ</span> <span class='ocrx_word' id='word_1_197' title='bbox 3525 1265 3725 1334; x_wconf 70' lang='grc' dir='ltr'>δεσμὸς</span> 
     </span>
    </p>
   </div>
   <div class='ocr_carea' id='block_1_28' title="bbox 2145 1349 3726 1423">
    <p class='ocr_par' dir='ltr' id='par_1_28' title="bbox 2145 1349 3726 1423">
     <span class='ocr_line' id='line_1_28' title="bbox 2145 1349 3726 1423; baseline 0.004 -23"><span class='ocrx_word' id='word_1_198' title='bbox 2145 1349 2529 1416; x_wconf 79' lang='grc' dir='ltr'>εὑαφὰνιστος.</span> <span class='ocrx_word' id='word_1_199' title='bbox 2573 1351 2665 1419; x_wconf 81' lang='grc' dir='ltr'><strong>Μὴ</strong></span> <span class='ocrx_word' id='word_1_200' title='bbox 2710 1351 2946 1419; x_wconf 73' lang='grc' dir='ltr'>παρὸψει</span> <span class='ocrx_word' id='word_1_201' title='bbox 2994 1353 3116 1414; x_wconf 83' lang='grc' dir='ltr'>ταῖς</span> <span class='ocrx_word' id='word_1_202' title='bbox 3163 1355 3375 1423; x_wconf 82' lang='grc' dir='ltr'>σειραῖς</span> <span class='ocrx_word' id='word_1_203' title='bbox 3413 1355 3558 1423; x_wconf 78' lang='grc' dir='ltr'><strong>ἡμᾶς</strong></span> <span class='ocrx_word' id='word_1_204' title='bbox 3612 1355 3726 1407; x_wconf 86' lang='grc' dir='ltr'><strong>τῶν</strong></span> 
     </span>
    </p>
   </div>
   <div class='ocr_carea' id='block_1_29' title="bbox 2145 1439 3723 1515">
    <p class='ocr_par' dir='ltr' id='par_1_29' title="bbox 2145 1439 3723 1515">
     <span class='ocr_line' id='line_1_29' title="bbox 2145 1439 3723 1515; baseline 0.001 -19"><span class='ocrx_word' id='word_1_205' title='bbox 2145 1443 2430 1514; x_wconf 82' lang='grc' dir='ltr'>ἁμαρτιῶν</span> <span class='ocrx_word' id='word_1_206' title='bbox 2456 1444 2835 1512; x_wconf 75' lang='grc' dir='ltr'>ἐσφιγμένους,</span> <span class='ocrx_word' id='word_1_207' title='bbox 2857 1443 2970 1496; x_wconf 80' lang='grc' dir='ltr'><strong>ἀλλ’</strong></span> <span class='ocrx_word' id='word_1_208' title='bbox 2995 1443 3314 1514; x_wconf 74' lang='grc' dir='ltr'><strong>ἐπιτίμησον</strong></span> <span class='ocrx_word' id='word_1_209' title='bbox 3335 1439 3444 1508; x_wconf 80' lang='grc' dir='ltr'>τοῖς</span> <span class='ocrx_word' id='word_1_210' title='bbox 3483 1446 3723 1515; x_wconf 81' lang='grc' dir='ltr'>δεσμοῖς.</span> 
     </span>
    </p>
   </div>
   <div class='ocr_carea' id='block_1_30' title="bbox 2145 1532 3727 1605">
    <p class='ocr_par' dir='ltr' id='par_1_30' title="bbox 2145 1532 3727 1605">
     <span class='ocr_line' id='line_1_30' title="bbox 2145 1532 3727 1605; baseline 0.001 -19"><span class='ocrx_word' id='word_1_211' title='bbox 2145 1533 2239 1586; x_wconf 76' lang='grc' dir='ltr'>καὶ</span> <span class='ocrx_word' id='word_1_212' title='bbox 2284 1533 2644 1603; x_wconf 74' lang='grc' dir='ltr'><strong>ῥαγήσονται⁵</strong></span> <span class='ocrx_word' id='word_1_213' title='bbox 2700 1533 2868 1598; x_wconf 82' lang='grc' dir='ltr'>δεῖξον</span> <span class='ocrx_word' id='word_1_214' title='bbox 2908 1532 3004 1597; x_wconf 78' lang='grc' dir='ltr'>τὰς</span> <span class='ocrx_word' id='word_1_215' title='bbox 3055 1535 3381 1605; x_wconf 62' lang='grc' dir='ltr'>Ἐκὸιλησίιις</span> <span class='ocrx_word' id='word_1_216' title='bbox 3421 1535 3727 1604; x_wconf 65' lang='grc' dir='ltr'>εἰρηνεωύ-</span> 
     </span>
    </p>
   </div>
   <div class='ocr_carea' id='block_1_31' title="bbox 2147 1613 3720 1698">
    <p class='ocr_par' dir='ltr' id='par_1_31' title="bbox 2147 1613 3720 1698">
     <span class='ocr_line' id='line_1_31' title="bbox 2147 1613 3720 1698; baseline 0.001 -20"><span class='ocrx_word' id='word_1_217' title='bbox 2147 1613 2279 1691; x_wconf 73' lang='grc' dir='ltr'>σας,</span> <span class='ocrx_word' id='word_1_218' title='bbox 2307 1627 2374 1688; x_wconf 78' lang='grc' dir='ltr'><strong>ἃς</strong></span> <span class='ocrx_word' id='word_1_219' title='bbox 2416 1624 2494 1695; x_wconf 82' lang='grc' dir='ltr'>τῷ</span> <span class='ocrx_word' id='word_1_220' title='bbox 2527 1623 2763 1695; x_wconf 76' lang='grc' dir='ltr'><strong>θεμελίῳ</strong></span> <span class='ocrx_word' id='word_1_221' title='bbox 2799 1625 2908 1677; x_wconf 89' lang='grc' dir='ltr'><strong>τῶν</strong></span> <span class='ocrx_word' id='word_1_222' title='bbox 2956 1627 3062 1679; x_wconf 86' lang='grc' dir='ltr'><strong>σῶν</strong></span> <span class='ocrx_word' id='word_1_223' title='bbox 3099 1626 3480 1698; x_wconf 79' lang='grc' dir='ltr'><strong>ὲκρηπίδωσας</strong></span> <span class='ocrx_word' id='word_1_224' title='bbox 3523 1626 3720 1692; x_wconf 69' lang='grc' dir='ltr'>λόγων,</span> 
     </span>
    </p>
   </div>
   <div class='ocr_carea' id='block_1_32' title="bbox 2147 1709 3724 1788">
    <p class='ocr_par' dir='ltr' id='par_1_32' title="bbox 2147 1709 3724 1788">
     <span class='ocr_line' id='line_1_32' title="bbox 2147 1709 3724 1788; baseline -0.001 -19"><span class='ocrx_word' id='word_1_225' title='bbox 2147 1717 2286 1786; x_wconf 81' lang='grc' dir='ltr'>ὑπὲρ</span> <span class='ocrx_word' id='word_1_226' title='bbox 2325 1709 2400 1769; x_wconf 82' lang='grc' dir='ltr'>ὧν</span> <span class='ocrx_word' id='word_1_227' title='bbox 2433 1718 2466 1788; x_wconf 80' lang='grc' dir='ltr'><strong>ἠ</strong></span> <span class='ocrx_word' id='word_1_228' title='bbox 2497 1715 2590 1768; x_wconf 78' lang='grc' dir='ltr'>τοῦ</span> <span class='ocrx_word' id='word_1_229' title='bbox 2621 1716 2956 1769; x_wconf 80' lang='grc' dir='ltr'>Δεσποτικοῦ</span> <span class='ocrx_word' id='word_1_230' title='bbox 2990 1716 3143 1786; x_wconf 78' lang='grc' dir='ltr'>ῥύσις</span> <span class='ocrx_word' id='word_1_231' title='bbox 3185 1717 3443 1786; x_wconf 75' lang='grc' dir='ltr'>αἵματοςο</span> <span class='ocrx_word' id='word_1_232' title='bbox 3490 1716 3585 1768; x_wconf 74' lang='grc' dir='ltr'><strong>καὶ</strong></span> <span class='ocrx_word' id='word_1_233' title='bbox 3614 1717 3724 1768; x_wconf 86' lang='grc' dir='ltr'><strong>τῶν</strong></span> 
     </span>
    </p>
   </div>
   <div class='ocr_carea' id='block_1_33' title="bbox 2149 1807 3728 1878">
    <p class='ocr_par' dir='ltr' id='par_1_33' title="bbox 2149 1807 3728 1878">
     <span class='ocr_line' id='line_1_33' title="bbox 2149 1807 3728 1878; baseline -0.001 -17"><span class='ocrx_word' id='word_1_234' title='bbox 2149 1809 2357 1862; x_wconf 78' lang='grc' dir='ltr'>ἐκεῖθεν</span> <span class='ocrx_word' id='word_1_235' title='bbox 2385 1809 2531 1878; x_wconf 77' lang='grc' dir='ltr'><strong>ἡμᾶς</strong></span> <span class='ocrx_word' id='word_1_236' title='bbox 2562 1811 2852 1878; x_wconf 81' lang='grc' dir='ltr'>μετασχεῖν</span> <span class='ocrx_word' id='word_1_237' title='bbox 2885 1807 3104 1876; x_wconf 80' lang='grc' dir='ltr'>ἀγαθῶν</span> <span class='ocrx_word' id='word_1_238' title='bbox 3147 1807 3589 1878; x_wconf 81' lang='grc' dir='ltr'>παρασκεύασον,</span> <span class='ocrx_word' id='word_1_239' title='bbox 3629 1808 3728 1877; x_wconf 70' lang='grc' dir='ltr'><strong>κά-</strong></span> 
     </span>
    </p>
   </div>
   <div class='ocr_carea' id='block_1_34' title="bbox 2150 1897 3723 1973">
    <p class='ocr_par' dir='ltr' id='par_1_34' title="bbox 2150 1897 3723 1973">
     <span class='ocr_line' id='line_1_34' title="bbox 2150 1897 3723 1973; baseline -0.002 -20"><span class='ocrx_word' id='word_1_240' title='bbox 2150 1919 2258 1973; x_wconf 88' lang='grc' dir='ltr'>ριτι</span> <span class='ocrx_word' id='word_1_241' title='bbox 2310 1903 2404 1953; x_wconf 71' lang='grc' dir='ltr'>καὶ</span> <span class='ocrx_word' id='word_1_242' title='bbox 2462 1899 2842 1970; x_wconf 74' lang='grc' dir='ltr'>φιλανθρωπίᾳ</span> <span class='ocrx_word' id='word_1_243' title='bbox 2897 1898 2992 1951; x_wconf 79' lang='grc' dir='ltr'>τοῦ</span> <span class='ocrx_word' id='word_1_244' title='bbox 3059 1897 3265 1967; x_wconf 79' lang='grc' dir='ltr'>Κυρίου</span> <span class='ocrx_word' id='word_1_245' title='bbox 3325 1898 3486 1968; x_wconf 79' lang='grc' dir='ltr'>ἡμῶν</span> <span class='ocrx_word' id='word_1_246' title='bbox 3550 1897 3723 1968; x_wconf 77' lang='grc' dir='ltr'>Ἰησοῦ</span> 
     </span>
    </p>
   </div>
   <div class='ocr_carea' id='block_1_35' title="bbox 2149 1987 3726 2064">
    <p class='ocr_par' dir='ltr' id='par_1_35' title="bbox 2149 1987 3726 2064">
     <span class='ocr_line' id='line_1_35' title="bbox 2149 1987 3726 2064; baseline -0.001 -20"><span class='ocrx_word' id='word_1_247' title='bbox 2149 1992 2406 2064; x_wconf 81' lang='grc' dir='ltr'>Χριστοῦ,</span> <span class='ocrx_word' id='word_1_248' title='bbox 2515 1994 2548 2062; x_wconf 77' lang='grc' dir='ltr'><strong>ἡ</strong></span> <span class='ocrx_word' id='word_1_249' title='bbox 2591 1991 2717 2056; x_wconf 78' lang='grc' dir='ltr'>δόξα</span> <span class='ocrx_word' id='word_1_250' title='bbox 2758 1991 2851 2044; x_wconf 75' lang='grc' dir='ltr'><strong>καὶ</strong></span> <span class='ocrx_word' id='word_1_251' title='bbox 2881 1990 2940 2042; x_wconf 83' lang='grc' dir='ltr'><strong>τὸ</strong></span> <span class='ocrx_word' id='word_1_252' title='bbox 2978 1989 3178 2060; x_wconf 80' lang='grc' dir='ltr'>κράτος</span> <span class='ocrx_word' id='word_1_253' title='bbox 3201 2030 3214 2056; x_wconf 88' lang='grc'><strong>,</strong></span> <span class='ocrx_word' id='word_1_254' title='bbox 3242 1988 3336 2043; x_wconf 83' lang='grc' dir='ltr'>νῦν</span> <span class='ocrx_word' id='word_1_255' title='bbox 3362 1990 3457 2043; x_wconf 77' lang='grc' dir='ltr'><strong>καὶ</strong></span> <span class='ocrx_word' id='word_1_256' title='bbox 3486 1992 3564 2052; x_wconf 74' lang='grc' dir='ltr'><strong>εἰς</strong></span> <span class='ocrx_word' id='word_1_257' title='bbox 3598 1991 3726 2052; x_wconf 80' lang='grc' dir='ltr'>τοὺς</span> 
     </span>
    </p>
   </div>
   <div class='ocr_carea' id='block_1_36' title="bbox 475 2068 2052 2154">
    <p class='ocr_par' dir='ltr' id='par_1_36' title="bbox 475 2071 2050 2148">
     <span class='ocr_line' id='line_1_36' title="bbox 475 2071 2050 2148; baseline 0.006 -25"><span class='ocrx_word' id='word_1_258' title='bbox 475 2075 644 2126; x_wconf 90' lang='lat' dir='ltr'><strong>nostri</strong></span> <span class='ocrx_word' id='word_1_259' title='bbox 692 2071 819 2128; x_wconf 87' lang='lat' dir='ltr'><strong>Jesu</strong></span> <span class='ocrx_word' id='word_1_260' title='bbox 859 2074 1088 2140; x_wconf 89' lang='lat' dir='ltr'><strong>Christi,</strong></span> <span class='ocrx_word' id='word_1_261' title='bbox 1128 2077 1213 2130; x_wconf 92' lang='lat' dir='ltr'><strong>cui</strong></span> <span class='ocrx_word' id='word_1_262' title='bbox 1249 2076 1419 2146; x_wconf 83' lang='lat' dir='ltr'><strong>gloria</strong></span> <span class='ocrx_word' id='word_1_263' title='bbox 1451 2086 1505 2134; x_wconf 89' lang='lat' dir='ltr'><strong>et</strong></span> <span class='ocrx_word' id='word_1_264' title='bbox 1531 2081 1796 2148; x_wconf 88' lang='lat' dir='ltr'><strong>potentia,</strong></span> <span class='ocrx_word' id='word_1_265' title='bbox 1828 2094 1970 2135; x_wconf 91' lang='lat' dir='ltr'><strong>nunc</strong></span> <span class='ocrx_word' id='word_1_266' title='bbox 1995 2089 2050 2133; x_wconf 93' lang='lat' dir='ltr'><strong>et</strong></span> 
     </span>
    </p>
   </div>
   <div class='ocr_carea' id='block_1_37' title="bbox 2149 2068 2995 2154">
    <p class='ocr_par' dir='ltr' id='par_1_37' title="bbox 2154 2082 2995 2154">
     <span class='ocr_line' id='line_1_37' title="bbox 2154 2082 2995 2154; baseline -0.005 -16"><span class='ocrx_word' id='word_1_267' title='bbox 2154 2082 2356 2146; x_wconf 75' lang='grc' dir='ltr'>αἰῶνας</span> <span class='ocrx_word' id='word_1_268' title='bbox 2386 2083 2495 2137; x_wconf 85' lang='grc' dir='ltr'><strong>τῶν</strong></span> <span class='ocrx_word' id='word_1_269' title='bbox 2522 2082 2755 2136; x_wconf 69' lang='grc' dir='ltr'>αἰώνων.</span> <span class='ocrx_word' id='word_1_270' title='bbox 2800 2082 2995 2154; x_wconf 84' lang='grc' dir='ltr'>Ἀμήν.</span> 
     </span>
    </p>
   </div>
   <div class='ocr_carea' id='block_1_38' title="bbox 475 2163 1351 2223">
    <p class='ocr_par' dir='ltr' id='par_1_38' title="bbox 475 2163 1351 2223">
     <span class='ocr_line' id='line_1_38' title="bbox 475 2163 1351 2223; baseline 0.007 -7"><span class='ocrx_word' id='word_1_271' title='bbox 475 2163 527 2217; x_wconf 87' lang='lat' dir='ltr'><strong>in</strong></span> <span class='ocrx_word' id='word_1_272' title='bbox 559 2165 751 2219; x_wconf 80' lang='lat' dir='ltr'><strong>sa-cula</strong></span> <span class='ocrx_word' id='word_1_273' title='bbox 780 2167 1126 2222; x_wconf 84' lang='lat' dir='ltr'><strong>saeculorum.</strong></span> <span class='ocrx_word' id='word_1_274' title='bbox 1159 2170 1351 2223; x_wconf 87' lang='lat' dir='ltr'><strong>Amen.</strong></span> 
     </span>
    </p>
   </div>
   <div class='ocr_carea' id='block_1_39' title="bbox 1676 2549 2500 2594">
    <p class='ocr_par' dir='ltr' id='par_1_39' title="bbox 1676 2549 2500 2594">
     <span class='ocr_line' id='line_1_39' title="bbox 1676 2549 2500 2594; baseline 0.001 -3"><span class='ocrx_word' id='word_1_275' title='bbox 1676 2549 1846 2592; x_wconf 72' lang='lat' dir='ltr'><strong>ANNO</strong></span> <span class='ocrx_word' id='word_1_276' title='bbox 1889 2549 2132 2593; x_wconf 64' lang='lat' dir='ltr'><strong>‘DOMINI</strong></span> <span class='ocrx_word' id='word_1_277' title='bbox 2183 2549 2500 2594; x_wconf 75' lang='lat' dir='ltr'><strong>DCCCXVII.</strong></span> 
     </span>
    </p>
   </div>
   <div class='ocr_carea' id='block_1_40' title="bbox 470 2625 3706 2933">
    <p class='ocr_par' dir='ltr' id='par_1_40' title="bbox 470 2625 3706 2933">
     <span class='ocr_line' id='line_1_40' title="bbox 470 2625 3706 2933; baseline -0.002 -2"><span class='ocrx_word' id='word_1_278' title='bbox 470 2755 647 2931; x_wconf 83' lang='lat' dir='ltr'><strong>s.</strong></span> <span class='ocrx_word' id='word_1_279' title='bbox 717 2625 2015 2933; x_wconf 74' lang='lat' dir='ltr'><strong>GREGOBIUS</strong></span> <span class='ocrx_word' id='word_1_280' title='bbox 2142 2747 3706 2931; x_wconf 73' lang='lat' dir='ltr'><strong>DECAPOLITA‘”.</strong></span> 
     </span>
    </p>
   </div>
   <div class='ocr_carea' id='block_1_41' title="bbox 1815 3093 2860 3200">
    <p class='ocr_par' dir='ltr' id='par_1_41' title="bbox 1815 3093 2860 3200">
     <span class='ocr_line' id='line_1_41' title="bbox 1815 3093 2860 3200; baseline -0.001 -17"><span class='ocrx_word' id='word_1_281' title='bbox 1815 3093 2358 3186; x_wconf 68' lang='lat' dir='ltr'><strong>NOTITIA.</strong></span> <span class='ocrx_word' id='word_1_282' title='bbox 2849 3171 2860 3200; x_wconf 63' lang='grc'><strong>,</strong></span> 
     </span>
    </p>
   </div>
   <div class='ocr_carea' id='block_1_42' title="bbox 1394 3312 2802 3379">
    <p class='ocr_par' dir='ltr' id='par_1_42' title="bbox 1394 3312 2802 3379">
     <span class='ocr_line' id='line_1_42' title="bbox 1394 3312 2802 3379; baseline 0.002 -16"><span class='ocrx_word' id='word_1_283' title='bbox 1394 3312 1662 3373; x_wconf 65' lang='lat' dir='ltr'><strong>(Cauno.</strong></span> <span class='ocrx_word' id='word_1_284' title='bbox 1705 3315 1813 3363; x_wconf 76' lang='lat' dir='ltr'><strong>Vel.</strong></span> <span class='ocrx_word' id='word_1_285' title='bbox 1850 3315 2078 3365; x_wconf 85' lang='lat' dir='ltr'><strong>Patrum.</strong></span> <span class='ocrx_word' id='word_1_286' title='bbox 2107 3313 2340 3367; x_wconf 68' lang='lat' dir='ltr'><strong>Bibliotlt.</strong></span> <span class='ocrx_word' id='word_1_287' title='bbox 2373 3321 2405 3364; x_wconf 86' lang='lat' dir='ltr'><strong>t.</strong></span> <span class='ocrx_word' id='word_1_288' title='bbox 2442 3315 2570 3377; x_wconf 81' lang='lat' dir='ltr'><strong>XIII,</strong></span> <span class='ocrx_word' id='word_1_289' title='bbox 2599 3330 2648 3379; x_wconf 91' lang='lat' dir='ltr'><strong>p.</strong></span> <span class='ocrx_word' id='word_1_290' title='bbox 2674 3318 2802 3378; x_wconf 80' lang='lat' dir='ltr'><strong>xui.)</strong></span> 
     </span>
    </p>
   </div>
   <div class='ocr_carea' id='block_1_43' title="bbox 550 3471 2052 3554">
    <p class='ocr_par' dir='ltr' id='par_1_43' title="bbox 550 3475 2052 3550">
     <span class='ocr_line' id='line_1_43' title="bbox 550 3475 2052 3550; baseline 0.001 -20"><span class='ocrx_word' id='word_1_291' title='bbox 550 3478 716 3531; x_wconf 73' lang='lat' dir='ltr'><strong>Natus</strong></span> <span class='ocrx_word' id='word_1_292' title='bbox 744 3488 827 3531; x_wconf 83' lang='lat' dir='ltr'><strong>est</strong></span> <span class='ocrx_word' id='word_1_293' title='bbox 865 3475 1708 3550; x_wconf 36' lang='lat' dir='ltr'><strong>sanctusI‘Gregorius&#39;lrcnopoli</strong></span> <span class='ocrx_word' id='word_1_294' title='bbox 1733 3480 1954 3534; x_wconf 83' lang='lat' dir='ltr'><strong>civitate</strong></span> <span class='ocrx_word' id='word_1_295' title='bbox 1987 3480 2052 3548; x_wconf 82' lang='grc' dir='ltr'>τῆ</span> 
     </span>
    </p>
   </div>
   <div class='ocr_carea' id='block_1_44' title="bbox 2149 3471 3721 3554">
    <p class='ocr_par' dir='ltr' id='par_1_44' title="bbox 2149 3471 3721 3554">
     <span class='ocr_line' id='line_1_44' title="bbox 2149 3471 3721 3554; baseline 0.004 -21"><span class='ocrx_word' id='word_1_296' title='bbox 2149 3482 2453 3545; x_wconf 79' lang='grc' dir='ltr'>εκαπόλεως</span> <span class='ocrx_word' id='word_1_297' title='bbox 2483 3482 2582 3550; x_wconf 83' lang='grc' dir='ltr'><strong>τῆς</strong></span> <span class='ocrx_word' id='word_1_298' title='bbox 2610 3481 2910 3554; x_wconf 78' lang='grc' dir='ltr'>Ἰσαυρίας,</span> <span class='ocrx_word' id='word_1_299' title='bbox 2939 3481 3273 3554; x_wconf 82' lang='lat' dir='ltr'><strong>Decapoleos</strong></span> <span class='ocrx_word' id='word_1_300' title='bbox 3297 3484 3538 3548; x_wconf 72' lang='lat' dir='ltr'><strong>lsauriaa,</strong></span> <span class='ocrx_word' id='word_1_301' title='bbox 3563 3471 3721 3540; x_wconf 72' lang='lat' dir='ltr'><strong>vixit-</strong></span> 
     </span>
    </p>
   </div>
   <div class='ocr_carea' id='block_1_45' title="bbox 476 3564 3724 3638">
    <p class='ocr_par' dir='ltr' id='par_1_45' title="bbox 476 3564 3724 3638">
     <span class='ocr_line' id='line_1_45' title="bbox 476 3564 3724 3638; baseline 0.003 -18"><span class='ocrx_word' id='word_1_302' title='bbox 476 3583 594 3636; x_wconf 70' lang='lat' dir='ltr'><strong>que</strong></span> <span class='ocrx_word' id='word_1_303' title='bbox 625 3567 723 3619; x_wconf 92' lang='lat' dir='ltr'><strong>sub</strong></span> <span class='ocrx_word' id='word_1_304' title='bbox 755 3564 933 3622; x_wconf 87' lang='lat' dir='ltr'><strong>Leone</strong></span> <span class='ocrx_word' id='word_1_305' title='bbox 972 3565 1208 3620; x_wconf 84' lang='lat' dir='ltr'><strong>Armeuo</strong></span> <span class='ocrx_word' id='word_1_306' title='bbox 1231 3565 1333 3636; x_wconf 75' lang='lat'><strong>(‘2),</strong></span> <span class='ocrx_word' id='word_1_307' title='bbox 1364 3582 1473 3620; x_wconf 87' lang='lat' dir='ltr'><strong>non</strong></span> <span class='ocrx_word' id='word_1_308' title='bbox 1499 3582 1630 3622; x_wconf 89' lang='lat' dir='ltr'><strong>vero</strong></span> <span class='ocrx_word' id='word_1_309' title='bbox 1658 3566 1922 3631; x_wconf 86' lang='lat' dir='ltr'><strong>Isaurico,</strong></span> <span class='ocrx_word' id='word_1_310' title='bbox 1955 3577 2013 3620; x_wconf 92' lang='lat' dir='ltr'><strong>ut</strong></span> <span class='ocrx_word' id='word_1_311' title='bbox 2035 3568 2226 3624; x_wconf 86' lang='lat' dir='ltr'><strong>scribit</strong></span> <span class='ocrx_word' id='word_1_312' title='bbox 2261 3566 2523 3623; x_wconf 89' lang='lat' dir='ltr'><strong>Baronius</strong></span> <span class='ocrx_word' id='word_1_313' title='bbox 2563 3571 2629 3624; x_wconf 84' lang='lat' dir='ltr'><strong>ad</strong></span> <span class='ocrx_word' id='word_1_314' title='bbox 2655 3586 2743 3624; x_wconf 88' lang='lat' dir='ltr'><strong>an.</strong></span> <span class='ocrx_word' id='word_1_315' title='bbox 2775 3571 2903 3624; x_wconf 74' lang='lat'><strong>73!.</strong></span> <span class='ocrx_word' id='word_1_316' title='bbox 2965 3571 3085 3638; x_wconf 87' lang='lat' dir='ltr'><strong>Quo</strong></span> <span class='ocrx_word' id='word_1_317' title='bbox 3105 3573 3170 3625; x_wconf 89' lang='lat' dir='ltr'><strong>de</strong></span> <span class='ocrx_word' id='word_1_318' title='bbox 3204 3572 3423 3628; x_wconf 86' lang='lat' dir='ltr'><strong>abunde</strong></span> <span class='ocrx_word' id='word_1_319' title='bbox 3445 3575 3724 3629; x_wconf 81' lang='lat' dir='ltr'><strong>erudimur</strong></span> 
     </span>
    </p>
   </div>
   <div class='ocr_carea' id='block_1_46' title="bbox 463 3651 3721 3732">
    <p class='ocr_par' dir='ltr' id='par_1_46' title="bbox 463 3651 3721 3732">
     <span class='ocr_line' id='line_1_46' title="bbox 463 3651 3721 3732; baseline 0.003 -24"><span class='ocrx_word' id='word_1_320' title='bbox 463 3671 506 3708; x_wconf 84' lang='lat' dir='ltr'><strong>.a</strong></span> <span class='ocrx_word' id='word_1_321' title='bbox 532 3652 745 3708; x_wconf 85' lang='lat' dir='ltr'><strong>Joanne</strong></span> <span class='ocrx_word' id='word_1_322' title='bbox 809 3651 1675 3724; x_wconf 84' lang='lat' dir='ltr'><strong>DiaconoConstantinopolitano</strong></span> <span class='ocrx_word' id='word_1_323' title='bbox 1705 3657 1978 3724; x_wconf 88' lang='lat' dir='ltr'><strong>scriptore</strong></span> <span class='ocrx_word' id='word_1_324' title='bbox 2010 3654 2142 3710; x_wconf 75' lang='lat' dir='ltr'><strong>Vitae</strong></span> <span class='ocrx_word' id='word_1_325' title='bbox 2170 3659 2343 3712; x_wconf 88' lang='lat' dir='ltr'><strong>sancti</strong></span> <span class='ocrx_word' id='word_1_326' title='bbox 2375 3655 2603 3729; x_wconf 67' lang='lat' dir='ltr'><strong>Josephi</strong></span> <span class='ocrx_word' id='word_1_327' title='bbox 2640 3661 3044 3730; x_wconf 78' lang='lat' dir='ltr'><strong>hymnograpbi</strong></span> <span class='ocrx_word' id='word_1_328' title='bbox 3079 3662 3216 3730; x_wconf 85' lang='lat' dir='ltr'><strong>apud</strong></span> <span class='ocrx_word' id='word_1_329' title='bbox 3257 3663 3506 3716; x_wconf 87' lang='lat' dir='ltr'><strong>eumdem</strong></span> <span class='ocrx_word' id='word_1_330' title='bbox 3549 3662 3721 3732; x_wconf 87' lang='lat' dir='ltr'><strong>Pape-</strong></span> 
     </span>
    </p>
   </div>
   <div class='ocr_carea' id='block_1_47' title="bbox 477 3741 3718 3818">
    <p class='ocr_par' dir='ltr' id='par_1_47' title="bbox 477 3741 3718 3818">
     <span class='ocr_line' id='line_1_47' title="bbox 477 3741 3718 3818; baseline 0.003 -23"><span class='ocrx_word' id='word_1_331' title='bbox 477 3742 882 3811; x_wconf 63' lang='lat' dir='ltr'><strong>brochiumtﬁ).</strong></span> <span class='ocrx_word' id='word_1_332' title='bbox 913 3741 1225 3812; x_wconf 75' lang='lat' dir='ltr'><strong>Discipulos</strong></span> <span class='ocrx_word' id='word_1_333' title='bbox 1278 3743 1469 3797; x_wconf 79' lang='lat' dir='ltr'><strong>[tabuit</strong></span> <span class='ocrx_word' id='word_1_334' title='bbox 1513 3744 1916 3815; x_wconf 65' lang='lat' dir='ltr'><strong>praelaudatum</strong></span> <span class='ocrx_word' id='word_1_335' title='bbox 1969 3743 2293 3812; x_wconf 81' lang='lat' dir='ltr'><strong>Josephum,</strong></span> <span class='ocrx_word' id='word_1_336' title='bbox 2337 3753 2390 3799; x_wconf 88' lang='lat' dir='ltr'><strong>et</strong></span> <span class='ocrx_word' id='word_1_337' title='bbox 2448 3743 2712 3800; x_wconf 80' lang='lat' dir='ltr'><strong>Joannem</strong></span> <span class='ocrx_word' id='word_1_338' title='bbox 2739 3749 3029 3815; x_wconf 86' lang='lat' dir='ltr'><strong>quemdam</strong></span> <span class='ocrx_word' id='word_1_339' title='bbox 3075 3764 3187 3802; x_wconf 84' lang='lat' dir='ltr'><strong>:ex</strong></span> <span class='ocrx_word' id='word_1_340' title='bbox 3245 3748 3448 3818; x_wconf 88' lang='lat' dir='ltr'><strong>quibus</strong></span> <span class='ocrx_word' id='word_1_341' title='bbox 3480 3752 3718 3816; x_wconf 86' lang='lat' dir='ltr'><strong>priorem</strong></span> 
     </span>
    </p>
   </div>
   <div class='ocr_carea' id='block_1_48' title="bbox 469 3829 3712 3902">
    <p class='ocr_par' dir='ltr' id='par_1_48' title="bbox 469 3829 3712 3902">
     <span class='ocr_line' id='line_1_48' title="bbox 469 3829 3712 3902; baseline 0.002 -20"><span class='ocrx_word' id='word_1_342' title='bbox 469 3829 705 3885; x_wconf 69' lang='lat' dir='ltr'><strong>Romam</strong></span> <span class='ocrx_word' id='word_1_343' title='bbox 744 3829 915 3894; x_wconf 89' lang='lat' dir='ltr'><strong>misit,</strong></span> <span class='ocrx_word' id='word_1_344' title='bbox 943 3838 1001 3884; x_wconf 86' lang='lat' dir='ltr'><strong>ut</strong></span> <span class='ocrx_word' id='word_1_345' title='bbox 1025 3830 1335 3898; x_wconf 78' lang='lat' dir='ltr'><strong>pontificem</strong></span> <span class='ocrx_word' id='word_1_346' title='bbox 1369 3832 1664 3886; x_wconf 83' lang='lat' dir='ltr'><strong>certiorem</strong></span> <span class='ocrx_word' id='word_1_347' title='bbox 1690 3829 1904 3887; x_wconf 76' lang='lat' dir='ltr'><strong>faceret</strong></span> <span class='ocrx_word' id='word_1_348' title='bbox 1942 3833 2007 3886; x_wconf 90' lang='lat' dir='ltr'><strong>de</strong></span> <span class='ocrx_word' id='word_1_349' title='bbox 2056 3832 2260 3888; x_wconf 86' lang='lat' dir='ltr'><strong>infelici</strong></span> <span class='ocrx_word' id='word_1_350' title='bbox 2295 3833 2652 3902; x_wconf 89' lang='lat' dir='ltr'><strong>quarumdam</strong></span> <span class='ocrx_word' id='word_1_351' title='bbox 2707 3833 3075 3891; x_wconf 88' lang='lat' dir='ltr'><strong>Ecclesiarum</strong></span> <span class='ocrx_word' id='word_1_352' title='bbox 3107 3844 3253 3890; x_wconf 88' lang='lat' dir='ltr'><strong>statu</strong></span> <span class='ocrx_word' id='word_1_353' title='bbox 3301 3837 3400 3891; x_wconf 92' lang='lat' dir='ltr'><strong>sub</strong></span> <span class='ocrx_word' id='word_1_354' title='bbox 3432 3837 3712 3892; x_wconf 84' lang='lat' dir='ltr'><strong>lconoma-</strong></span> 
     </span>
    </p>
   </div>
   <div class='ocr_carea' id='block_1_49' title="bbox 475 3916 3723 3992">
    <p class='ocr_par' dir='ltr' id='par_1_49' title="bbox 475 3916 3723 3992">
     <span class='ocr_line' id='line_1_49' title="bbox 475 3916 3723 3992; baseline 0.002 -24"><span class='ocrx_word' id='word_1_355' title='bbox 475 3919 614 3973; x_wconf 65' lang='lat' dir='ltr'><strong>trhis.</strong></span> <span class='ocrx_word' id='word_1_356' title='bbox 657 3916 822 3972; x_wconf 78' lang='lat' dir='ltr'><strong>Multa</strong></span> <span class='ocrx_word' id='word_1_357' title='bbox 869 3919 1072 3986; x_wconf 90' lang='lat' dir='ltr'><strong>passim</strong></span> <span class='ocrx_word' id='word_1_358' title='bbox 1109 3918 1284 3973; x_wconf 86' lang='lat' dir='ltr'><strong>edidit</strong></span> <span class='ocrx_word' id='word_1_359' title='bbox 1326 3918 1606 3984; x_wconf 89' lang='lat' dir='ltr'><strong>miracula,</strong></span> <span class='ocrx_word' id='word_1_360' title='bbox 1641 3920 1948 3990; x_wconf 74' lang='lat' dir='ltr'><strong>peragratis</strong></span> <span class='ocrx_word' id='word_1_361' title='bbox 1977 3921 2148 3974; x_wconf 80' lang='lat' dir='ltr'><strong>variis</strong></span> <span class='ocrx_word' id='word_1_362' title='bbox 2188 3921 2413 3976; x_wconf 91' lang='lat' dir='ltr'><strong>urbibus</strong></span> <span class='ocrx_word' id='word_1_363' title='bbox 2447 3936 2510 3976; x_wconf 88' lang='lat' dir='ltr'><strong>ac</strong></span> <span class='ocrx_word' id='word_1_364' title='bbox 2545 3922 2880 3990; x_wconf 77' lang='lat' dir='ltr'><strong>regionibus,</strong></span> <span class='ocrx_word' id='word_1_365' title='bbox 2939 3922 3251 3992; x_wconf 85' lang='lat' dir='ltr'><strong>Syracusis,</strong></span> <span class='ocrx_word' id='word_1_366' title='bbox 3293 3920 3723 3988; x_wconf 73' lang='lat' dir='ltr'><strong>Thessalonica,</strong></span> 
     </span>
    </p>
   </div>
   <div class='ocr_carea' id='block_1_50' title="bbox 481 4007 3728 4080">
    <p class='ocr_par' dir='ltr' id='par_1_50' title="bbox 481 4007 3728 4080">
     <span class='ocr_line' id='line_1_50' title="bbox 481 4007 3728 4080; baseline 0 -16"><span class='ocrx_word' id='word_1_367' title='bbox 481 4009 772 4080; x_wconf 77' lang='lat' dir='ltr'><strong>Byzantio,</strong></span> <span class='ocrx_word' id='word_1_368' title='bbox 815 4009 1007 4074; x_wconf 82' lang='lat' dir='ltr'><strong>Roma,</strong></span> <span class='ocrx_word' id='word_1_369' title='bbox 1069 4021 1178 4065; x_wconf 90' lang='lat' dir='ltr'><strong>etc.</strong></span> <span class='ocrx_word' id='word_1_370' title='bbox 1212 4007 1358 4063; x_wconf 75' lang='lat' dir='ltr'><strong>.Cum</strong></span> <span class='ocrx_word' id='word_1_371' title='bbox 1409 4025 1628 4066; x_wconf 88' lang='lat' dir='ltr'><strong>omnem</strong></span> <span class='ocrx_word' id='word_1_372' title='bbox 1693 4008 1808 4064; x_wconf 86' lang='lat' dir='ltr'><strong>fere</strong></span> <span class='ocrx_word' id='word_1_373' title='bbox 1851 4010 2239 4065; x_wconf 82' lang='lat' dir='ltr'><strong>occidentalem</strong></span> <span class='ocrx_word' id='word_1_374' title='bbox 2283 4009 2556 4080; x_wconf 76' lang='lat' dir='ltr'><strong>regionem</strong></span> <span class='ocrx_word' id='word_1_375' title='bbox 2605 4009 2848 4072; x_wconf 65' lang='lat' dir='ltr'><strong>ob&#39;iisset,</strong></span> <span class='ocrx_word' id='word_1_376' title='bbox 2904 4009 3440 4079; x_wconf 88' lang='lat' dir='ltr'><strong>Constantinopolim</strong></span> <span class='ocrx_word' id='word_1_377' title='bbox 3476 4027 3728 4066; x_wconf 80' lang='lat' dir='ltr'><strong>reversus</strong></span> 
     </span>
    </p>
   </div>
   <div class='ocr_carea' id='block_1_51' title="bbox 473 4096 3720 4168">
    <p class='ocr_par' dir='ltr' id='par_1_51' title="bbox 473 4096 3720 4168">
     <span class='ocr_line' id='line_1_51' title="bbox 473 4096 3720 4168; baseline -0 -16"><span class='ocrx_word' id='word_1_378' title='bbox 473 4107 557 4152; x_wconf 77' lang='lat' dir='ltr'><strong>est</strong></span> <span class='ocrx_word' id='word_1_379' title='bbox 587 4098 685 4168; x_wconf 61' lang='lat' dir='ltr'><strong>(si.</strong></span> <span class='ocrx_word' id='word_1_380' title='bbox 717 4097 934 4153; x_wconf 88' lang='lat' dir='ltr'><strong>Interea</strong></span> <span class='ocrx_word' id='word_1_381' title='bbox 959 4096 1256 4168; x_wconf 81' lang='lat' dir='ltr'><strong>Josephus,</strong></span> <span class='ocrx_word' id='word_1_382' title='bbox 1312 4113 1472 4167; x_wconf 87' lang='lat' dir='ltr'><strong>quem</strong></span> <span class='ocrx_word' id='word_1_383' title='bbox 1504 4099 1738 4153; x_wconf 67' lang='lat' dir='ltr'><strong>Romam</strong></span> <span class='ocrx_word' id='word_1_384' title='bbox 1772 4099 2017 4163; x_wconf 84' lang='lat' dir='ltr'><strong>miserat,</strong></span> <span class='ocrx_word' id='word_1_385' title='bbox 2049 4099 2292 4168; x_wconf 86' lang='lat' dir='ltr'><strong>captivus</strong></span> <span class='ocrx_word' id='word_1_386' title='bbox 2322 4099 2517 4152; x_wconf 90' lang='lat' dir='ltr'><strong>ductus</strong></span> <span class='ocrx_word' id='word_1_387' title='bbox 2549 4107 2632 4151; x_wconf 86' lang='lat' dir='ltr'><strong>est</strong></span> <span class='ocrx_word' id='word_1_388' title='bbox 2661 4097 2713 4150; x_wconf 92' lang='lat' dir='ltr'><strong>in</strong></span> <span class='ocrx_word' id='word_1_389' title='bbox 2757 4096 3008 4161; x_wconf 84' lang='lat' dir='ltr'><strong>Cretam,</strong></span> <span class='ocrx_word' id='word_1_390' title='bbox 3057 4097 3150 4152; x_wconf 86' lang='lat' dir='ltr'><strong>ubi</strong></span> <span class='ocrx_word' id='word_1_391' title='bbox 3183 4099 3390 4153; x_wconf 88' lang='lat' dir='ltr'><strong>mansit</strong></span> <span class='ocrx_word' id='word_1_392' title='bbox 3453 4114 3627 4168; x_wconf 80' lang='lat' dir='ltr'><strong>usque</strong></span> <span class='ocrx_word' id='word_1_393' title='bbox 3654 4101 3720 4152; x_wconf 88' lang='lat' dir='ltr'><strong>ad</strong></span> 
     </span>
    </p>
   </div>
   <div class='ocr_carea' id='block_1_52' title="bbox 459 4182 3716 4256">
    <p class='ocr_par' dir='ltr' id='par_1_52' title="bbox 459 4182 3716 4256">
     <span class='ocr_line' id='line_1_52' title="bbox 459 4182 3716 4256; baseline 0 -16"><span class='ocrx_word' id='word_1_394' title='bbox 459 4187 681 4240; x_wconf 86' lang='lat' dir='ltr'><strong>.obitum</strong></span> <span class='ocrx_word' id='word_1_395' title='bbox 722 4185 944 4252; x_wconf 88' lang='lat' dir='ltr'><strong>Leonis,</strong></span> <span class='ocrx_word' id='word_1_396' title='bbox 975 4186 1065 4255; x_wconf 89' lang='lat' dir='ltr'><strong>qui</strong></span> <span class='ocrx_word' id='word_1_397' title='bbox 1100 4185 1424 4240; x_wconf 87' lang='lat' dir='ltr'><strong>interfectus</strong></span> <span class='ocrx_word' id='word_1_398' title='bbox 1454 4195 1540 4241; x_wconf 86' lang='lat' dir='ltr'><strong>est</strong></span> <span class='ocrx_word' id='word_1_399' title='bbox 1596 4195 1757 4240; x_wconf 86' lang='lat' dir='ltr'><strong>nocte</strong></span> <span class='ocrx_word' id='word_1_400' title='bbox 1783 4185 1900 4256; x_wconf 84' lang='lat' dir='ltr'><strong>ipsa</strong></span> <span class='ocrx_word' id='word_1_401' title='bbox 1952 4182 2158 4240; x_wconf 85' lang='lat' dir='ltr'><strong>Natalis</strong></span> <span class='ocrx_word' id='word_1_402' title='bbox 2208 4182 2412 4240; x_wconf 88' lang='lat' dir='ltr'><strong>Christi</strong></span> <span class='ocrx_word' id='word_1_403' title='bbox 2445 4199 2537 4239; x_wconf 89' lang='lat' dir='ltr'><strong>an.</strong></span> <span class='ocrx_word' id='word_1_404' title='bbox 2589 4182 2714 4239; x_wconf 62' lang='grc' dir='ltr'>εει).</span> <span class='ocrx_word' id='word_1_405' title='bbox 2769 4182 2983 4252; x_wconf 69' lang='lat' dir='ltr'><strong>Ioseph</strong></span> <span class='ocrx_word' id='word_1_406' title='bbox 3019 4184 3559 4255; x_wconf 72' lang='lat' dir='ltr'><strong>Constantinopolim</strong></span> <span class='ocrx_word' id='word_1_407' title='bbox 3595 4202 3716 4242; x_wconf 79' lang='lat' dir='ltr'><strong>mox</strong></span> 
     </span>
    </p>
   </div>
   <div class='ocr_carea' id='block_1_53' title="bbox 476 4266 3730 4343">
    <p class='ocr_par' dir='ltr' id='par_1_53' title="bbox 476 4266 3730 4343">
     <span class='ocr_line' id='line_1_53' title="bbox 476 4266 3730 4343; baseline -0.002 -13"><span class='ocrx_word' id='word_1_408' title='bbox 476 4291 756 4340; x_wconf 83' lang='lat' dir='ltr'><strong>reversus,</strong></span> <span class='ocrx_word' id='word_1_409' title='bbox 817 4275 1022 4330; x_wconf 87' lang='lat' dir='ltr'><strong>invenit</strong></span> <span class='ocrx_word' id='word_1_410' title='bbox 1055 4285 1301 4329; x_wconf 88' lang='lat' dir='ltr'><strong>sanctum</strong></span> <span class='ocrx_word' id='word_1_411' title='bbox 1357 4273 1675 4343; x_wconf 78' lang='lat' dir='ltr'><strong>Gregorium</strong></span> <span class='ocrx_word' id='word_1_412' title='bbox 1712 4275 1824 4342; x_wconf 84' lang='lat' dir='ltr'><strong>jam</strong></span> <span class='ocrx_word' id='word_1_413' title='bbox 1857 4274 1970 4330; x_wconf 81' lang='lat' dir='ltr'><strong>vita</strong></span> <span class='ocrx_word' id='word_1_414' title='bbox 2021 4272 2265 4325; x_wconf 86' lang='lat' dir='ltr'><strong>functum</strong></span> <span class='ocrx_word' id='word_1_415' title='bbox 2292 4268 2390 4340; x_wconf 82' lang='lat'><strong>(5).</strong></span> <span class='ocrx_word' id='word_1_416' title='bbox 2426 4266 2647 4324; x_wconf 89' lang='lat' dir='ltr'><strong>Scilicet</strong></span> <span class='ocrx_word' id='word_1_417' title='bbox 2700 4284 2821 4321; x_wconf 87' lang='lat' dir='ltr'><strong>cum</strong></span> <span class='ocrx_word' id='word_1_418' title='bbox 2872 4267 3213 4338; x_wconf 75' lang='lat' dir='ltr'><strong>Byzantium</strong></span> <span class='ocrx_word' id='word_1_419' title='bbox 3250 4271 3489 4324; x_wconf 77' lang='lat' dir='ltr'><strong>rediisset</strong></span> <span class='ocrx_word' id='word_1_420' title='bbox 3555 4283 3730 4325; x_wconf 76' lang='lat' dir='ltr'><strong>noster</strong></span> 
     </span>
    </p>
   </div>
   <div class='ocr_carea' id='block_1_54' title="bbox 479 4357 3728 4434">
    <p class='ocr_par' dir='ltr' id='par_1_54' title="bbox 479 4357 3728 4434">
     <span class='ocr_line' id='line_1_54' title="bbox 479 4357 3728 4434; baseline -0.002 -17"><span class='ocrx_word' id='word_1_421' title='bbox 479 4365 817 4434; x_wconf 84' lang='lat' dir='ltr'><strong>Decapolita,</strong></span> <span class='ocrx_word' id='word_1_422' title='bbox 856 4374 912 4416; x_wconf 86' lang='lat' dir='ltr'><strong>ut</strong></span> <span class='ocrx_word' id='word_1_423' title='bbox 941 4361 1242 4416; x_wconf 83' lang='lat' dir='ltr'><strong>Simeonem</strong></span> <span class='ocrx_word' id='word_1_424' title='bbox 1272 4373 1488 4429; x_wconf 74' lang='lat' dir='ltr'><strong>propter</strong></span> <span class='ocrx_word' id='word_1_425' title='bbox 1518 4363 1776 4433; x_wconf 78' lang='lat' dir='ltr'><strong>imagines</strong></span> <span class='ocrx_word' id='word_1_426' title='bbox 1818 4360 2081 4414; x_wconf 80' lang='lat' dir='ltr'><strong>inclusum</strong></span> <span class='ocrx_word' id='word_1_427' title='bbox 2127 4358 2384 4419; x_wconf 68' lang='lat' dir='ltr'><strong>uisitaret,</strong></span> <span class='ocrx_word' id='word_1_428' title='bbox 2422 4373 2482 4409; x_wconf 84' lang='lat' dir='ltr'><strong>eo</strong></span> <span class='ocrx_word' id='word_1_429' title='bbox 2517 4357 2626 4410; x_wconf 79' lang='lat' dir='ltr'><strong>viso</strong></span> <span class='ocrx_word' id='word_1_430' title='bbox 2679 4366 2794 4424; x_wconf 79' lang='lat' dir='ltr'><strong>post</strong></span> <span class='ocrx_word' id='word_1_431' title='bbox 2831 4373 3030 4426; x_wconf 73' lang='lat' dir='ltr'><strong>paucos</strong></span> <span class='ocrx_word' id='word_1_432' title='bbox 3076 4358 3187 4412; x_wconf 79' lang='lat' dir='ltr'><strong>dies</strong></span> <span class='ocrx_word' id='word_1_433' title='bbox 3224 4357 3448 4412; x_wconf 85' lang='lat' dir='ltr'><strong>Domino</strong></span> <span class='ocrx_word' id='word_1_434' title='bbox 3479 4359 3728 4425; x_wconf 74' lang='lat' dir='ltr'><strong>spiritum</strong></span> 
     </span>
    </p>
   </div>
   <div class='ocr_carea' id='block_1_55' title="bbox 475 4443 3731 4519">
    <p class='ocr_par' dir='ltr' id='par_1_55' title="bbox 475 4443 3731 4519">
     <span class='ocr_line' id='line_1_55' title="bbox 475 4443 3731 4519; baseline -0.002 -15"><span class='ocrx_word' id='word_1_435' title='bbox 475 4451 850 4504; x_wconf 81' lang='lat' dir='ltr'><strong>commendavit</strong></span> <span class='ocrx_word' id='word_1_436' title='bbox 876 4448 985 4519; x_wconf 91' lang='lat'><strong>(6).</strong></span> <span class='ocrx_word' id='word_1_437' title='bbox 1023 4447 1237 4502; x_wconf 90' lang='lat' dir='ltr'><strong>Colitur</strong></span> <span class='ocrx_word' id='word_1_438' title='bbox 1267 4456 1298 4501; x_wconf 88' lang='lat' dir='ltr'><strong>a</strong></span> <span class='ocrx_word' id='word_1_439' title='bbox 1329 4447 1534 4502; x_wconf 66' lang='lat' dir='ltr'><strong>Grzecis</strong></span> <span class='ocrx_word' id='word_1_440' title='bbox 1566 4450 1664 4502; x_wconf 91' lang='lat' dir='ltr'><strong>sub</strong></span> <span class='ocrx_word' id='word_1_441' title='bbox 1691 4448 1779 4502; x_wconf 91' lang='lat' dir='ltr'><strong>die</strong></span> <span class='ocrx_word' id='word_1_442' title='bbox 1800 4446 1874 4501; x_wconf 78' lang='lat'><strong>20</strong></span> <span class='ocrx_word' id='word_1_443' title='bbox 1901 4447 2242 4512; x_wconf 80' lang='lat' dir='ltr'><strong>Novembris,</strong></span> <span class='ocrx_word' id='word_1_444' title='bbox 2269 4445 2368 4501; x_wconf 87' lang='lat' dir='ltr'><strong>etsi</strong></span> <span class='ocrx_word' id='word_1_445' title='bbox 2395 4443 2650 4498; x_wconf 89' lang='lat' dir='ltr'><strong>nonnulla</strong></span> <span class='ocrx_word' id='word_1_446' title='bbox 2682 4446 2876 4500; x_wconf 88' lang='lat' dir='ltr'><strong>Meuea</strong></span> <span class='ocrx_word' id='word_1_447' title='bbox 2909 4455 3119 4515; x_wconf 85' lang='lat' dir='ltr'><strong>ponant</strong></span> <span class='ocrx_word' id='word_1_448' title='bbox 3152 4448 3255 4502; x_wconf 88' lang='lat' dir='ltr'><strong>sub</strong></span> <span class='ocrx_word' id='word_1_449' title='bbox 3295 4447 3383 4500; x_wconf 91' lang='lat' dir='ltr'><strong>die</strong></span> <span class='ocrx_word' id='word_1_450' title='bbox 3419 4445 3486 4500; x_wconf 74' lang='grc'><strong>18</strong></span> <span class='ocrx_word' id='word_1_451' title='bbox 3526 4445 3731 4517; x_wconf 82' lang='lat' dir='ltr'><strong>Aprilis</strong></span> 
     </span>
    </p>
   </div>
   <div class='ocr_carea' id='block_1_56' title="bbox 477 4523 3722 4607">
    <p class='ocr_par' dir='ltr' id='par_1_56' title="bbox 477 4523 3722 4607">
     <span class='ocr_line' id='line_1_56' title="bbox 477 4523 3722 4607; baseline -0 -19"><span class='ocrx_word' id='word_1_452' title='bbox 477 4540 618 4607; x_wconf 85' lang='lat' dir='ltr'><strong>apud</strong></span> <span class='ocrx_word' id='word_1_453' title='bbox 650 4536 1053 4590; x_wconf 83' lang='lat' dir='ltr'><strong>Bollandianos.</strong></span> <span class='ocrx_word' id='word_1_454' title='bbox 1115 4533 1244 4602; x_wconf 83' lang='lat' dir='ltr'><strong>Ejus</strong></span> <span class='ocrx_word' id='word_1_455' title='bbox 1274 4543 1330 4588; x_wconf 85' lang='lat' dir='ltr'><strong>et</strong></span> <span class='ocrx_word' id='word_1_456' title='bbox 1371 4534 1625 4602; x_wconf 71' lang='lat' dir='ltr'><strong>dtSt-ipuli</strong></span> <span class='ocrx_word' id='word_1_457' title='bbox 1660 4535 1833 4604; x_wconf 89' lang='lat' dir='ltr'><strong>ipsius</strong></span> <span class='ocrx_word' id='word_1_458' title='bbox 1885 4533 2111 4590; x_wconf 78' lang='lat' dir='ltr'><strong>Joannis</strong></span> <span class='ocrx_word' id='word_1_459' title='bbox 2157 4533 2414 4602; x_wconf 85' lang='lat' dir='ltr'><strong>reliquias</strong></span> <span class='ocrx_word' id='word_1_460' title='bbox 2453 4532 2505 4584; x_wconf 92' lang='lat' dir='ltr'><strong>in</strong></span> <span class='ocrx_word' id='word_1_461' title='bbox 2552 4523 2789 4600; x_wconf 82' lang='lat' dir='ltr'><strong>quodam</strong></span> <span class='ocrx_word' id='word_1_462' title='bbox 2821 4533 3161 4588; x_wconf 88' lang='lat' dir='ltr'><strong>monasterio</strong></span> <span class='ocrx_word' id='word_1_463' title='bbox 3213 4533 3267 4587; x_wconf 92' lang='lat' dir='ltr'><strong>in</strong></span> <span class='ocrx_word' id='word_1_464' title='bbox 3320 4535 3540 4589; x_wconf 84' lang='lat' dir='ltr'><strong>deserto</strong></span> <span class='ocrx_word' id='word_1_465' title='bbox 3595 4537 3722 4587; x_wconf 81' lang='lat' dir='ltr'><strong>loco</strong></span> 
     </span>
    </p>
   </div>
   <div class='ocr_carea' id='block_1_57' title="bbox 474 4619 2355 4695">
    <p class='ocr_par' dir='ltr' id='par_1_57' title="bbox 474 4619 2355 4695">
     <span class='ocr_line' id='line_1_57' title="bbox 474 4619 2355 4695; baseline -0.003 -16"><span class='ocrx_word' id='word_1_466' title='bbox 474 4625 809 4680; x_wconf 65' lang='lat' dir='ltr'><strong>exasdilicato</strong></span> <span class='ocrx_word' id='word_1_467' title='bbox 846 4640 945 4694; x_wconf 89' lang='lat' dir='ltr'><strong>per</strong></span> <span class='ocrx_word' id='word_1_468' title='bbox 965 4622 1259 4693; x_wconf 83' lang='lat' dir='ltr'><strong>Josephum</strong></span> <span class='ocrx_word' id='word_1_469' title='bbox 1296 4624 1772 4695; x_wconf 77' lang='lat' dir='ltr'><strong>bymnographum</strong></span> <span class='ocrx_word' id='word_1_470' title='bbox 1805 4624 2068 4680; x_wconf 84' lang='lat' dir='ltr'><strong>collocata</strong></span> <span class='ocrx_word' id='word_1_471' title='bbox 2101 4630 2228 4678; x_wconf 84' lang='lat' dir='ltr'><strong>sunt</strong></span> <span class='ocrx_word' id='word_1_472' title='bbox 2250 4619 2355 4691; x_wconf 86' lang='lat'><strong>(7).</strong></span> 
     </span>
    </p>
   </div>
   <div class='ocr_carea' id='block_1_58' title="bbox 551 4704 3729 4784">
    <p class='ocr_par' dir='ltr' id='par_1_58' title="bbox 551 4704 3729 4784">
     <span class='ocr_line' id='line_1_58' title="bbox 551 4704 3729 4784; baseline -0 -15"><span class='ocrx_word' id='word_1_473' title='bbox 551 4715 812 4784; x_wconf 87' lang='lat' dir='ltr'><strong>Superest</strong></span> <span class='ocrx_word' id='word_1_474' title='bbox 847 4730 911 4768; x_wconf 82' lang='lat' dir='ltr'><strong>ex</strong></span> <span class='ocrx_word' id='word_1_475' title='bbox 950 4713 1168 4782; x_wconf 86' lang='lat' dir='ltr'><strong>scriptis</strong></span> <span class='ocrx_word' id='word_1_476' title='bbox 1220 4712 1335 4782; x_wconf 85' lang='lat' dir='ltr'><strong>ejus</strong></span> <span class='ocrx_word' id='word_1_477' title='bbox 1372 4727 1552 4769; x_wconf 89' lang='lat' dir='ltr'><strong>sermo</strong></span> <span class='ocrx_word' id='word_1_478' title='bbox 1590 4713 1811 4783; x_wconf 85' lang='lat' dir='ltr'><strong>quidam</strong></span> <span class='ocrx_word' id='word_1_479' title='bbox 1845 4711 2161 4778; x_wconf 89' lang='lat' dir='ltr'><strong>historicus,</strong></span> <span class='ocrx_word' id='word_1_480' title='bbox 2193 4710 2347 4777; x_wconf 90' lang='lat' dir='ltr'><strong>cujus</strong></span> <span class='ocrx_word' id='word_1_481' title='bbox 2370 4704 2624 4777; x_wconf 80' lang='lat' dir='ltr'><strong>frequens</strong></span> <span class='ocrx_word' id='word_1_482' title='bbox 2650 4722 2780 4763; x_wconf 89' lang='lat' dir='ltr'><strong>usus</strong></span> <span class='ocrx_word' id='word_1_483' title='bbox 2809 4707 2984 4764; x_wconf 86' lang='lat' dir='ltr'><strong>fuisse</strong></span> <span class='ocrx_word' id='word_1_484' title='bbox 3018 4709 3232 4765; x_wconf 84' lang='lat' dir='ltr'><strong>videtur</strong></span> <span class='ocrx_word' id='word_1_485' title='bbox 3258 4711 3318 4764; x_wconf 85' lang='lat' dir='ltr'><strong>in</strong></span> <span class='ocrx_word' id='word_1_486' title='bbox 3353 4715 3729 4768; x_wconf 83' lang='lat' dir='ltr'><strong>monasteriis.</strong></span> 
     </span>
    </p>
   </div>
   <div class='ocr_carea' id='block_1_59' title="bbox 469 4794 3728 4869">
    <p class='ocr_par' dir='ltr' id='par_1_59' title="bbox 469 4794 3728 4869">
     <span class='ocr_line' id='line_1_59' title="bbox 469 4794 3728 4869; baseline -0 -13"><span class='ocrx_word' id='word_1_487' title='bbox 469 4803 631 4857; x_wconf 84' lang='lat' dir='ltr'><strong>‘llunc</strong></span> <span class='ocrx_word' id='word_1_488' title='bbox 653 4800 841 4857; x_wconf 70' lang='lat' dir='ltr'><strong>Gmce</strong></span> <span class='ocrx_word' id='word_1_489' title='bbox 867 4809 920 4854; x_wconf 91' lang='lat' dir='ltr'><strong>et</strong></span> <span class='ocrx_word' id='word_1_490' title='bbox 947 4797 1139 4856; x_wconf 88' lang='lat' dir='ltr'><strong>Latine</strong></span> <span class='ocrx_word' id='word_1_491' title='bbox 1170 4801 1340 4856; x_wconf 88' lang='lat' dir='ltr'><strong>edidit</strong></span> <span class='ocrx_word' id='word_1_492' title='bbox 1363 4816 1484 4855; x_wconf 90' lang='lat' dir='ltr'><strong>cum</strong></span> <span class='ocrx_word' id='word_1_493' title='bbox 1524 4803 1669 4857; x_wconf 90' lang='lat' dir='ltr'><strong>notis</strong></span> <span class='ocrx_word' id='word_1_494' title='bbox 1715 4803 1828 4856; x_wconf 88' lang='lat' dir='ltr'><strong>suis</strong></span> <span class='ocrx_word' id='word_1_495' title='bbox 1858 4799 2042 4854; x_wconf 63' lang='lat' dir='ltr'><strong>Renum</strong></span> <span class='ocrx_word' id='word_1_496' title='bbox 2072 4797 2229 4868; x_wconf 80' lang='lat' dir='ltr'><strong>Tgpis</strong></span> <span class='ocrx_word' id='word_1_497' title='bbox 2277 4794 2840 4866; x_wconf 71' lang='lat' dir='ltr'><strong>Grignanislsidorus</strong></span> <span class='ocrx_word' id='word_1_498' title='bbox 2878 4814 2909 4852; x_wconf 80' lang='grc' dir='ltr'><strong>ιι</strong></span> <span class='ocrx_word' id='word_1_499' title='bbox 2944 4798 3146 4854; x_wconf 85' lang='lat' dir='ltr'><strong>Sancto</strong></span> <span class='ocrx_word' id='word_1_500' title='bbox 3186 4798 3408 4869; x_wconf 84' lang='lat' dir='ltr'><strong>Josepb,</strong></span> <span class='ocrx_word' id='word_1_501' title='bbox 3445 4817 3537 4855; x_wconf 90' lang='lat' dir='ltr'><strong>an.</strong></span> <span class='ocrx_word' id='word_1_502' title='bbox 3567 4801 3728 4856; x_wconf 68' lang='grc'><strong>1642.</strong></span> 
     </span>
    </p>
   </div>
   <div class='ocr_carea' id='block_1_60' title="bbox 474 4882 3729 4960">
    <p class='ocr_par' dir='ltr' id='par_1_60' title="bbox 474 4882 3729 4960">
     <span class='ocr_line' id='line_1_60' title="bbox 474 4882 3729 4960; baseline -0.002 -14"><span class='ocrx_word' id='word_1_503' title='bbox 474 4893 565 4946; x_wconf 79' lang='lat' dir='ltr'><strong>Ait</strong></span> <span class='ocrx_word' id='word_1_504' title='bbox 589 4911 616 4945; x_wconf 89' lang='lat' dir='ltr'><strong>a</strong></span> <span class='ocrx_word' id='word_1_505' title='bbox 643 4892 1093 4960; x_wconf 81' lang='lat' dir='ltr'><strong>setlepromptum</strong></span> <span class='ocrx_word' id='word_1_506' title='bbox 1125 4905 1193 4946; x_wconf 82' lang='lat' dir='ltr'><strong>ex</strong></span> <span class='ocrx_word' id='word_1_507' title='bbox 1218 4890 1407 4945; x_wconf 83' lang='lat' dir='ltr'><strong>codice</strong></span> <span class='ocrx_word' id='word_1_508' title='bbox 1439 4887 1540 4945; x_wconf 82' lang='lat' dir='ltr'><strong>ms.</strong></span> <span class='ocrx_word' id='word_1_509' title='bbox 1572 4890 1861 4946; x_wconf 88' lang='lat' dir='ltr'><strong>cardinalis</strong></span> <span class='ocrx_word' id='word_1_510' title='bbox 1896 4887 2234 4942; x_wconf 88' lang='lat' dir='ltr'><strong>Bessariouis</strong></span> <span class='ocrx_word' id='word_1_511' title='bbox 2259 4885 2349 4953; x_wconf 90' lang='lat' dir='ltr'><strong>qui</strong></span> <span class='ocrx_word' id='word_1_512' title='bbox 2375 4883 2631 4938; x_wconf 79' lang='lat' dir='ltr'><strong>esstatin</strong></span> <span class='ocrx_word' id='word_1_513' title='bbox 2651 4882 2987 4940; x_wconf 87' lang='lat' dir='ltr'><strong>Bibliotheca</strong></span> <span class='ocrx_word' id='word_1_514' title='bbox 3011 4897 3198 4940; x_wconf 79' lang='lat' dir='ltr'><strong>nostra</strong></span> <span class='ocrx_word' id='word_1_515' title='bbox 3217 4887 3408 4942; x_wconf 84' lang='lat' dir='ltr'><strong>Sancti</strong></span> <span class='ocrx_word' id='word_1_516' title='bbox 3437 4885 3626 4942; x_wconf 80' lang='lat' dir='ltr'><strong>Marci.</strong></span> <span class='ocrx_word' id='word_1_517' title='bbox 3659 4891 3729 4941; x_wconf 79' lang='lat' dir='ltr'><strong>At</strong></span> 
     </span>
    </p>
   </div>
   <div class='ocr_carea' id='block_1_61' title="bbox 476 4974 3731 5047">
    <p class='ocr_par' dir='ltr' id='par_1_61' title="bbox 476 4974 3731 5047">
     <span class='ocr_line' id='line_1_61' title="bbox 476 4974 3731 5047; baseline -0.001 -13"><span class='ocrx_word' id='word_1_518' title='bbox 476 4997 598 5036; x_wconf 83' lang='lat' dir='ltr'><strong>cum</strong></span> <span class='ocrx_word' id='word_1_519' title='bbox 631 4995 733 5035; x_wconf 89' lang='lat' dir='ltr'><strong>nec</strong></span> <span class='ocrx_word' id='word_1_520' title='bbox 761 4979 848 5034; x_wconf 89' lang='lat' dir='ltr'><strong>ille</strong></span> <span class='ocrx_word' id='word_1_521' title='bbox 876 4978 1119 5034; x_wconf 85' lang='lat' dir='ltr'><strong>codicem</strong></span> <span class='ocrx_word' id='word_1_522' title='bbox 1151 4986 1425 5041; x_wconf 85' lang='lat' dir='ltr'><strong>numeret,</strong></span> <span class='ocrx_word' id='word_1_523' title='bbox 1459 4993 1557 5033; x_wconf 81' lang='lat' dir='ltr'><strong>nec</strong></span> <span class='ocrx_word' id='word_1_524' title='bbox 1587 4979 1637 5032; x_wconf 91' lang='lat' dir='ltr'><strong>in</strong></span> <span class='ocrx_word' id='word_1_525' title='bbox 1663 4979 1914 5033; x_wconf 83' lang='lat' dir='ltr'><strong>codicum</strong></span> <span class='ocrx_word' id='word_1_526' title='bbox 1945 4975 2126 5029; x_wconf 87' lang='lat' dir='ltr'><strong>indice</strong></span> <span class='ocrx_word' id='word_1_527' title='bbox 2162 4974 2462 5042; x_wconf 87' lang='lat' dir='ltr'><strong>reperiatur</strong></span> <span class='ocrx_word' id='word_1_528' title='bbox 2490 4982 2600 5027; x_wconf 87' lang='lat' dir='ltr'><strong>tam</strong></span> <span class='ocrx_word' id='word_1_529' title='bbox 2640 4974 2944 5030; x_wconf 86' lang='lat' dir='ltr'><strong>mediocris</strong></span> <span class='ocrx_word' id='word_1_530' title='bbox 2969 4975 3172 5045; x_wconf 89' lang='lat' dir='ltr'><strong>opella,</strong></span> <span class='ocrx_word' id='word_1_531' title='bbox 3200 4977 3449 5032; x_wconf 86' lang='lat' dir='ltr'><strong>invenire</strong></span> <span class='ocrx_word' id='word_1_532' title='bbox 3480 4992 3587 5033; x_wconf 89' lang='lat' dir='ltr'><strong>non</strong></span> <span class='ocrx_word' id='word_1_533' title='bbox 3625 4994 3731 5047; x_wconf 78' lang='lat' dir='ltr'><strong>po-</strong></span> 
     </span>
    </p>
   </div>
   <div class='ocr_carea' id='block_1_62' title="bbox 474 5062 3302 5135">
    <p class='ocr_par' dir='ltr' id='par_1_62' title="bbox 474 5062 3302 5135">
     <span class='ocr_line' id='line_1_62' title="bbox 474 5062 3302 5135; baseline -0.002 -11"><span class='ocrx_word' id='word_1_534' title='bbox 474 5070 701 5124; x_wconf 88' lang='lat' dir='ltr'><strong>tuimus.</strong></span> <span class='ocrx_word' id='word_1_535' title='bbox 741 5068 956 5135; x_wconf 75' lang='lat' dir='ltr'><strong>Qute‘iu</strong></span> <span class='ocrx_word' id='word_1_536' title='bbox 1013 5066 1156 5122; x_wconf 88' lang='lat' dir='ltr'><strong>notis</strong></span> <span class='ocrx_word' id='word_1_537' title='bbox 1193 5065 1675 5120; x_wconf 80' lang='lat' dir='ltr'><strong>animadversione</strong></span> <span class='ocrx_word' id='word_1_538' title='bbox 1729 5065 1887 5133; x_wconf 85' lang='lat' dir='ltr'><strong>digna</strong></span> <span class='ocrx_word' id='word_1_539' title='bbox 1921 5063 2034 5115; x_wconf 87' lang='lat' dir='ltr'><strong>visa</strong></span> <span class='ocrx_word' id='word_1_540' title='bbox 2065 5073 2212 5126; x_wconf 88' lang='lat' dir='ltr'><strong>sunt,</strong></span> <span class='ocrx_word' id='word_1_541' title='bbox 2269 5063 2382 5117; x_wconf 90' lang='lat' dir='ltr'><strong>suis</strong></span> <span class='ocrx_word' id='word_1_542' title='bbox 2431 5062 2560 5117; x_wconf 90' lang='lat' dir='ltr'><strong>locis</strong></span> <span class='ocrx_word' id='word_1_543' title='bbox 2609 5062 2677 5116; x_wconf 89' lang='lat' dir='ltr'><strong>ad</strong></span> <span class='ocrx_word' id='word_1_544' title='bbox 2733 5063 2934 5118; x_wconf 88' lang='lat' dir='ltr'><strong>calcem</strong></span> <span class='ocrx_word' id='word_1_545' title='bbox 2986 5065 3302 5135; x_wconf 79' lang='lat' dir='ltr'><strong>paginarum</strong></span> 
     </span>
    </p>
   </div>
   <div class='ocr_carea' id='block_1_63' title="bbox 474 5158 831 5228">
    <p class='ocr_par' dir='ltr' id='par_1_63' title="bbox 474 5158 831 5228">
     <span class='ocr_line' id='line_1_63' title="bbox 474 5158 831 5228; baseline -0.008 -14"><span class='ocrx_word' id='word_1_546' title='bbox 474 5158 831 5228; x_wconf 71' lang='lat' dir='ltr'><strong>subiecimus.</strong></span> 
     </span>
    </p>
   </div>
   <div class='ocr_carea' id='block_1_64' title="bbox 545 5323 2040 5401">
    <p class='ocr_par' dir='ltr' id='par_1_64' title="bbox 545 5323 2040 5401">
     <span class='ocr_line' id='line_1_64' title="bbox 545 5323 2040 5401; baseline -0.004 -17"><span class='ocrx_word' id='word_1_547' title='bbox 545 5332 622 5401; x_wconf 83' lang='grc' dir='ltr'><strong>(Ι)</strong></span> <span class='ocrx_word' id='word_1_548' title='bbox 655 5329 776 5401; x_wconf 64' lang='lat' dir='ltr'><strong>Vita</strong></span> <span class='ocrx_word' id='word_1_549' title='bbox 823 5327 884 5382; x_wconf 88' lang='lat' dir='ltr'><strong>S.</strong></span> <span class='ocrx_word' id='word_1_550' title='bbox 913 5327 1422 5401; x_wconf 37' lang='lat' dir='ltr'><strong>Cregor._:Decap.</strong></span> <span class='ocrx_word' id='word_1_551' title='bbox 1473 5325 1740 5401; x_wconf 57' lang='lat' dir='ltr'><strong>indm-il.</strong></span> <span class='ocrx_word' id='word_1_552' title='bbox 1785 5323 2040 5401; x_wconf 79' lang='lat' dir='ltr'><strong>_Bo_i_laud.</strong></span> 
     </span>
    </p>
   </div>
   <div class='ocr_carea' id='block_1_65' title="bbox 473 5395 2040 5482">
    <p class='ocr_par' dir='ltr' id='par_1_65' title="bbox 473 5395 2040 5482">
     <span class='ocr_line' id='line_1_65' title="bbox 473 5395 2040 5482; baseline -0.003 -29"><span class='ocrx_word' id='word_1_553' title='bbox 473 5395 612 5482; x_wconf 62' lang='lat' dir='ltr'><strong>toti».</strong></span> <span class='ocrx_word' id='word_1_554' title='bbox 645 5399 712 5482; x_wconf 50' lang='grc' dir='ltr'><strong>ΙΙ,</strong></span> <span class='ocrx_word' id='word_1_555' title='bbox 751 5410 883 5469; x_wconf 61' lang='lat' dir='ltr'><strong>pag.</strong></span> <span class='ocrx_word' id='word_1_556' title='bbox 908 5395 1117 5460; x_wconf 56' lang='lat' dir='ltr'><strong>585,&#39;et</strong></span> <span class='ocrx_word' id='word_1_557' title='bbox 1176 5397 1437 5468; x_wconf 79' lang='lat' dir='ltr'><strong>Menolog.</strong></span> <span class='ocrx_word' id='word_1_558' title='bbox 1493 5395 1674 5449; x_wconf 66' lang='lat' dir='ltr'><strong>Sit-leti</strong></span> <span class='ocrx_word' id='word_1_559' title='bbox 1716 5395 1817 5448; x_wconf 80' lang='lat' dir='ltr'><strong>sub</strong></span> <span class='ocrx_word' id='word_1_560' title='bbox 1849 5397 1935 5449; x_wconf 84' lang='lat' dir='ltr'><strong>die</strong></span> <span class='ocrx_word' id='word_1_561' title='bbox 1972 5411 2040 5448; x_wconf 77' lang='lat' dir='ltr'><strong>xx</strong></span> 
     </span>
    </p>
   </div>
   <div class='ocr_carea' id='block_1_66' title="bbox 476 5471 2040 5608">
    <p class='ocr_par' dir='ltr' id='par_1_66' title="bbox 476 5471 2040 5608">
     <span class='ocr_line' id='line_1_66' title="bbox 476 5471 1029 5536; baseline -0.016 -12"><span class='ocrx_word' id='word_1_562' title='bbox 476 5471 738 5524; x_wconf 73' lang='lat' dir='ltr'><strong>Novemb.</strong></span> <span class='ocrx_word' id='word_1_563' title='bbox 1007 5523 1029 5536; x_wconf 30' lang='grc' dir='ltr'><strong>κ</strong></span> 
     </span>
     <span class='ocr_line' id='line_1_67' title="bbox 547 5531 2040 5608; baseline -0.005 -15"><span class='ocrx_word' id='word_1_564' title='bbox 547 5540 623 5608; x_wconf 74' lang='lat'><strong>(2)</strong></span> <span class='ocrx_word' id='word_1_565' title='bbox 655 5538 853 5606; x_wconf 81' lang='lat' dir='ltr'><strong>Pagius</strong></span> <span class='ocrx_word' id='word_1_566' title='bbox 883 5538 947 5590; x_wconf 89' lang='lat' dir='ltr'><strong>ad</strong></span> <span class='ocrx_word' id='word_1_567' title='bbox 985 5555 1074 5590; x_wconf 89' lang='lat' dir='ltr'><strong>an.</strong></span> <span class='ocrx_word' id='word_1_568' title='bbox 1111 5538 1234 5604; x_wconf 83' lang='lat' dir='ltr'><strong>73l,</strong></span> <span class='ocrx_word' id='word_1_569' title='bbox 1265 5552 1415 5592; x_wconf 91' lang='lat' dir='ltr'><strong>num.</strong></span> <span class='ocrx_word' id='word_1_570' title='bbox 1440 5535 1496 5600; x_wconf 78' lang='grc'>2,</span> <span class='ocrx_word' id='word_1_571' title='bbox 1527 5548 1578 5590; x_wconf 88' lang='lat' dir='ltr'><strong>et</strong></span> <span class='ocrx_word' id='word_1_572' title='bbox 1611 5534 1737 5598; x_wconf 78' lang='lat'><strong>817,</strong></span> <span class='ocrx_word' id='word_1_573' title='bbox 1773 5551 1919 5588; x_wconf 87' lang='lat' dir='ltr'><strong>num.</strong></span> <span class='ocrx_word' id='word_1_574' title='bbox 1957 5531 2040 5586; x_wconf 89' lang='lat' dir='ltr'><strong>l8.</strong></span> 
     </span>
    </p>
   </div>
   <div class='ocr_carea' id='block_1_67' title="bbox 549 5610 1185 5679">
    <p class='ocr_par' dir='ltr' id='par_1_67' title="bbox 549 5610 1185 5679">
     <span class='ocr_line' id='line_1_68' title="bbox 549 5610 1185 5679; baseline -0.003 -17"><span class='ocrx_word' id='word_1_575' title='bbox 549 5610 626 5677; x_wconf 70' lang='grc' dir='ltr'>ιδ)</span> <span class='ocrx_word' id='word_1_576' title='bbox 657 5610 767 5661; x_wconf 79' lang='lat' dir='ltr'><strong>Sub</strong></span> <span class='ocrx_word' id='word_1_577' title='bbox 804 5611 888 5662; x_wconf 84' lang='lat' dir='ltr'><strong>die</strong></span> <span class='ocrx_word' id='word_1_578' title='bbox 923 5623 980 5663; x_wconf 93' lang='grc' dir='ltr'><strong>ιιι</strong></span> <span class='ocrx_word' id='word_1_579' title='bbox 1013 5611 1185 5679; x_wconf 75' lang='lat' dir='ltr'><strong>April.</strong></span> 
     </span>
    </p>
   </div>
   <div class='ocr_carea' id='block_1_68' title="bbox 3410 5067 3723 5137">
    <p class='ocr_par' dir='ltr' id='par_1_68' title="bbox 3410 5067 3723 5137">
     <span class='ocr_line' id='line_1_69' title="bbox 3410 5067 3723 5137; baseline 0.019 -21"><span class='ocrx_word' id='word_1_580' title='bbox 3410 5067 3723 5137; x_wconf 79' lang='lat' dir='ltr'><strong>compendio</strong></span> 
     </span>
    </p>
   </div>
   <div class='ocr_carea' id='block_1_69' title="bbox 2215 5323 2749 5394">
    <p class='ocr_par' dir='ltr' id='par_1_69' title="bbox 2215 5323 2749 5394">
     <span class='ocr_line' id='line_1_70' title="bbox 2215 5323 2749 5394; baseline 0.007 -18"><span class='ocrx_word' id='word_1_581' title='bbox 2215 5325 2302 5394; x_wconf 69' lang='grc'><strong>(4)</strong></span> <span class='ocrx_word' id='word_1_582' title='bbox 2331 5323 2598 5391; x_wconf 72' lang='lat' dir='ltr'><strong>Menolog.</strong></span> <span class='ocrx_word' id='word_1_583' title='bbox 2632 5324 2668 5379; x_wconf 91' lang='lat' dir='ltr'><strong>l.</strong></span> <span class='ocrx_word' id='word_1_584' title='bbox 2701 5340 2749 5381; x_wconf 92' lang='lat' dir='ltr'><strong>c.</strong></span> 
     </span>
    </p>
   </div>
   <div class='ocr_carea' id='block_1_70' title="bbox 2213 5396 2682 5464">
    <p class='ocr_par' dir='ltr' id='par_1_70' title="bbox 2213 5396 2682 5464">
     <span class='ocr_line' id='line_1_71' title="bbox 2213 5396 2682 5464; baseline 0.002 -16"><span class='ocrx_word' id='word_1_585' title='bbox 2213 5397 2302 5464; x_wconf 68' lang='lat' dir='ltr'><strong>t5)</strong></span> <span class='ocrx_word' id='word_1_586' title='bbox 2339 5396 2528 5464; x_wconf 77' lang='lat' dir='ltr'><strong>l’agitls</strong></span> <span class='ocrx_word' id='word_1_587' title='bbox 2561 5397 2595 5447; x_wconf 92' lang='grc' dir='ltr'><strong>Ι.</strong></span> <span class='ocrx_word' id='word_1_588' title='bbox 2631 5410 2682 5449; x_wconf 91' lang='lat' dir='ltr'><strong>c.</strong></span> 
     </span>
    </p>
   </div>
   <div class='ocr_carea' id='block_1_71' title="bbox 2223 5465 2751 5535">
    <p class='ocr_par' dir='ltr' id='par_1_71' title="bbox 2223 5465 2751 5535">
     <span class='ocr_line' id='line_1_72' title="bbox 2223 5465 2751 5535; baseline 0.002 -15"><span class='ocrx_word' id='word_1_589' title='bbox 2223 5471 2300 5535; x_wconf 76' lang='lat' dir='ltr'><strong>(t5)</strong></span> <span class='ocrx_word' id='word_1_590' title='bbox 2330 5465 2596 5534; x_wconf 79' lang='lat' dir='ltr'><strong>Mcuelog.</strong></span> <span class='ocrx_word' id='word_1_591' title='bbox 2631 5466 2668 5520; x_wconf 95' lang='lat' dir='ltr'><strong>l.</strong></span> <span class='ocrx_word' id='word_1_592' title='bbox 2702 5481 2751 5521; x_wconf 93' lang='lat' dir='ltr'><strong>c.</strong></span> 
     </span>
    </p>
   </div>
   <div class='ocr_carea' id='block_1_72' title="bbox 2223 5536 2740 5607">
    <p class='ocr_par' dir='ltr' id='par_1_72' title="bbox 2223 5536 2740 5607">
     <span class='ocr_line' id='line_1_73' title="bbox 2223 5536 2740 5607; baseline 0.008 -19"><span class='ocrx_word' id='word_1_593' title='bbox 2223 5538 2298 5607; x_wconf 82' lang='lat'><strong>(7)</strong></span> <span class='ocrx_word' id='word_1_594' title='bbox 2340 5537 2583 5592; x_wconf 79' lang='lat' dir='ltr'><strong>Bolland.</strong></span> <span class='ocrx_word' id='word_1_595' title='bbox 2618 5536 2654 5590; x_wconf 91' lang='lat' dir='ltr'><strong>I.</strong></span> <span class='ocrx_word' id='word_1_596' title='bbox 2689 5551 2740 5592; x_wconf 92' lang='lat' dir='ltr'><strong>c.</strong></span> 
     </span>
    </p>
   </div>
  </div>
