  <div class='ocr_page' id='page_1' title='image "/cluster/home/n/w/nwhite01/storage/ocr_20150623/100/mdp.39015005675668/615.png"; bbox 0 0 3950 6166; ppageno 0'>
   <div class='ocr_carea' id='block_1_1' title="bbox 409 236 537 300">
    <p class='ocr_par' dir='ltr' id='par_1_1' title="bbox 409 236 537 300">
     <span class='ocr_line' id='line_1_1' title="bbox 409 236 537 300; baseline -0.016 0"><span class='ocrx_word' id='word_1_1' title='bbox 409 236 537 300; x_wconf 71' lang='lat'><strong>1211</strong></span> 
     </span>
    </p>
   </div>
   <div class='ocr_carea' id='block_1_2' title="bbox 1388 247 2721 310">
    <p class='ocr_par' dir='ltr' id='par_1_2' title="bbox 1388 247 2721 310">
     <span class='ocr_line' id='line_1_2' title="bbox 1388 247 2721 310; baseline -0.003 -4"><span class='ocrx_word' id='word_1_2' title='bbox 1388 247 1448 306; x_wconf 91' lang='lat' dir='ltr'><strong>S.</strong></span> <span class='ocrx_word' id='word_1_3' title='bbox 1491 248 1860 309; x_wconf 81' lang='lat' dir='ltr'><strong>GREGORI]</strong></span> <span class='ocrx_word' id='word_1_4' title='bbox 1904 249 2392 310; x_wconf 52' lang='lat' dir='ltr'><strong>DECAPOLITEE</strong></span> <span class='ocrx_word' id='word_1_5' title='bbox 2449 247 2721 308; x_wconf 77' lang='lat' dir='ltr'><strong>SERMO.</strong></span> 
     </span>
    </p>
   </div>
   <div class='ocr_carea' id='block_1_3' title="bbox 3515 235 3646 301">
    <p class='ocr_par' dir='ltr' id='par_1_3' title="bbox 3515 235 3646 301">
     <span class='ocr_line' id='line_1_3' title="bbox 3515 235 3646 301; baseline 0.015 -2"><span class='ocrx_word' id='word_1_6' title='bbox 3515 235 3646 301; x_wconf 63' lang='lat' dir='ltr'><strong>illi</strong></span> 
     </span>
    </p>
   </div>
   <div class='ocr_carea' id='block_1_4' title="bbox 408 349 1968 431">
    <p class='ocr_par' dir='ltr' id='par_1_4' title="bbox 408 351 1968 430">
     <span class='ocr_line' id='line_1_4' title="bbox 408 351 1968 430; baseline 0.012 -30"><span class='ocrx_word' id='word_1_7' title='bbox 408 371 504 420; x_wconf 71' lang='lat' dir='ltr'><strong>pus</strong></span> <span class='ocrx_word' id='word_1_8' title='bbox 532 363 648 420; x_wconf 87' lang='lat' dir='ltr'><strong>est,</strong></span> <span class='ocrx_word' id='word_1_9' title='bbox 697 352 826 421; x_wconf 87' lang='lat' dir='ltr'><strong>quid</strong></span> <span class='ocrx_word' id='word_1_10' title='bbox 867 355 917 408; x_wconf 90' lang='lat' dir='ltr'><strong>ei</strong></span> <span class='ocrx_word' id='word_1_11' title='bbox 971 351 1273 412; x_wconf 76' lang='lat' dir='ltr'><strong>faciamus?</strong></span> <span class='ocrx_word' id='word_1_12' title='bbox 1313 357 1500 428; x_wconf 76' lang='lat' dir='ltr'><strong>Ejicite</strong></span> <span class='ocrx_word' id='word_1_13' title='bbox 1531 375 1652 415; x_wconf 87' lang='lat' dir='ltr'><strong>eum</strong></span> <span class='ocrx_word' id='word_1_14' title='bbox 1705 361 1878 430; x_wconf 77' lang='lat' dir='ltr'><strong>foras,</strong></span> <span class='ocrx_word' id='word_1_15' title='bbox 1917 373 1968 418; x_wconf 87' lang='lat' dir='ltr'><strong>et</strong></span> 
     </span>
    </p>
   </div>
   <div class='ocr_carea' id='block_1_5' title="bbox 2093 349 3643 431">
    <p class='ocr_par' dir='ltr' id='par_1_5' title="bbox 2093 349 3643 431">
     <span class='ocr_line' id='line_1_5' title="bbox 2093 349 3643 431; baseline -0.012 -15"><span class='ocrx_word' id='word_1_16' title='bbox 2093 366 2266 431; x_wconf 65' lang='grc' dir='ltr'>ἱφρων</span> <span class='ocrx_word' id='word_1_17' title='bbox 2293 360 2442 425; x_wconf 78' lang='grc' dir='ltr'>ἐστὶ,</span> <span class='ocrx_word' id='word_1_18' title='bbox 2473 361 2526 413; x_wconf 81' lang='grc' dir='ltr'><strong>τί</strong></span> <span class='ocrx_word' id='word_1_19' title='bbox 2564 361 2875 425; x_wconf 77' lang='grc' dir='ltr'>ποιήσωμεν</span> <span class='ocrx_word' id='word_1_20' title='bbox 2916 353 3099 423; x_wconf 53' lang='lat' dir='ltr'><strong>abst};</strong></span> <span class='ocrx_word' id='word_1_21' title='bbox 3147 349 3433 403; x_wconf 79' lang='grc' dir='ltr'>Ἐκϐάλετε</span> <span class='ocrx_word' id='word_1_22' title='bbox 3481 349 3643 400; x_wconf 70' lang='grc' dir='ltr'>αὑτὸν</span> 
     </span>
    </p>
   </div>
   <div class='ocr_carea' id='block_1_6' title="bbox 405 447 1109 516">
    <p class='ocr_par' dir='ltr' id='par_1_6' title="bbox 405 447 1109 516">
     <span class='ocr_line' id='line_1_6' title="bbox 405 447 1109 516; baseline 0.007 -19"><span class='ocrx_word' id='word_1_23' title='bbox 405 457 610 514; x_wconf 74' lang='lat' dir='ltr'><strong>quanio</strong></span> <span class='ocrx_word' id='word_1_24' title='bbox 640 447 800 502; x_wconf 90' lang='lat' dir='ltr'><strong>citius</strong></span> <span class='ocrx_word' id='word_1_25' title='bbox 838 447 1109 516; x_wconf 70' lang='lat' dir='ltr'><strong>expellite.</strong></span> 
     </span>
    </p>
   </div>
   <div class='ocr_carea' id='block_1_7' title="bbox 476 554 1970 632">
    <p class='ocr_par' dir='ltr' id='par_1_7' title="bbox 476 554 1970 632">
     <span class='ocr_line' id='line_1_7' title="bbox 476 554 1970 632; baseline 0.006 -25"><span class='ocrx_word' id='word_1_26' title='bbox 476 554 716 608; x_wconf 85' lang='lat' dir='ltr'><strong>XXXIV.</strong></span> <span class='ocrx_word' id='word_1_27' title='bbox 752 556 820 608; x_wconf 84' lang='lat' dir='ltr'><strong>At</strong></span> <span class='ocrx_word' id='word_1_28' title='bbox 864 570 993 610; x_wconf 90' lang='lat' dir='ltr'><strong>vero</strong></span> <span class='ocrx_word' id='word_1_29' title='bbox 1035 557 1126 625; x_wconf 92' lang='lat' dir='ltr'><strong>qui</strong></span> <span class='ocrx_word' id='word_1_30' title='bbox 1167 558 1477 613; x_wconf 83' lang='lat' dir='ltr'><strong>assidebam</strong></span> <span class='ocrx_word' id='word_1_31' title='bbox 1515 561 1770 616; x_wconf 80' lang='lat' dir='ltr'><strong>dixerunt</strong></span> <span class='ocrx_word' id='word_1_32' title='bbox 1803 562 1916 632; x_wconf 79' lang='lat' dir='ltr'><strong>regi</strong></span> <span class='ocrx_word' id='word_1_33' title='bbox 1957 580 1970 616; x_wconf 90' lang='lat'><strong>:</strong></span> 
     </span>
    </p>
   </div>
   <div class='ocr_carea' id='block_1_8' title="bbox 407 642 1975 713">
    <p class='ocr_par' dir='ltr' id='par_1_8' title="bbox 407 642 1975 713">
     <span class='ocr_line' id='line_1_8' title="bbox 407 642 1975 713; baseline 0.01 -21"><span class='ocrx_word' id='word_1_34' title='bbox 407 642 586 697; x_wconf 74' lang='lat' dir='ltr'><strong>Voluit</strong></span> <span class='ocrx_word' id='word_1_35' title='bbox 622 645 708 699; x_wconf 93' lang='lat' dir='ltr'><strong>hic</strong></span> <span class='ocrx_word' id='word_1_36' title='bbox 738 645 979 713; x_wconf 78' lang='lat' dir='ltr'><strong>polluere</strong></span> <span class='ocrx_word' id='word_1_37' title='bbox 1009 661 1072 700; x_wconf 91' lang='lat' dir='ltr'><strong>ac</strong></span> <span class='ocrx_word' id='word_1_38' title='bbox 1103 648 1381 703; x_wconf 86' lang='lat' dir='ltr'><strong>destruere</strong></span> <span class='ocrx_word' id='word_1_39' title='bbox 1423 649 1845 706; x_wconf 85' lang='lat' dir='ltr'><strong>Sarracenorum</strong></span> <span class='ocrx_word' id='word_1_40' title='bbox 1883 668 1975 706; x_wconf 89' lang='lat' dir='ltr'><strong>re-</strong></span> 
     </span>
    </p>
   </div>
   <div class='ocr_carea' id='block_1_9' title="bbox 406 737 1977 813">
    <p class='ocr_par' dir='ltr' id='par_1_9' title="bbox 406 737 1977 813">
     <span class='ocr_line' id='line_1_9' title="bbox 406 737 1977 813; baseline 0.007 -23"><span class='ocrx_word' id='word_1_41' title='bbox 406 737 682 804; x_wconf 73' lang='lat' dir='ltr'><strong>Iigionem.</strong></span> <span class='ocrx_word' id='word_1_42' title='bbox 739 739 856 792; x_wconf 89' lang='lat' dir='ltr'><strong>Non</strong></span> <span class='ocrx_word' id='word_1_43' title='bbox 906 739 1059 793; x_wconf 82' lang='lat' dir='ltr'><strong>audis</strong></span> <span class='ocrx_word' id='word_1_44' title='bbox 1124 743 1574 808; x_wconf 87' lang='lat' dir='ltr'><strong>quemadmodum</strong></span> <span class='ocrx_word' id='word_1_45' title='bbox 1636 745 1977 813; x_wconf 88' lang='lat' dir='ltr'><strong>blasphemet</strong></span> 
     </span>
    </p>
   </div>
   <div class='ocr_carea' id='block_1_10' title="bbox 407 829 1867 902">
    <p class='ocr_par' dir='ltr' id='par_1_10' title="bbox 407 829 1867 902">
     <span class='ocr_line' id='line_1_10' title="bbox 407 829 1867 902; baseline 0.008 -22"><span class='ocrx_word' id='word_1_46' title='bbox 407 839 459 880; x_wconf 87' lang='lat' dir='ltr'><strong>et</strong></span> <span class='ocrx_word' id='word_1_47' title='bbox 491 829 910 884; x_wconf 79' lang='lat' dir='ltr'><strong>anathematizet</strong></span> <span class='ocrx_word' id='word_1_48' title='bbox 943 846 1193 900; x_wconf 83' lang='lat' dir='ltr'><strong>magnum</strong></span> <span class='ocrx_word' id='word_1_49' title='bbox 1230 835 1546 902; x_wconf 72' lang='lat' dir='ltr'><strong>prophetam</strong></span> <span class='ocrx_word' id='word_1_50' title='bbox 1579 837 1867 891; x_wconf 74' lang='lat' dir='ltr'><strong>nostrum?</strong></span> 
     </span>
    </p>
   </div>
   <div class='ocr_carea' id='block_1_11' title="bbox 481 945 1973 1017">
    <p class='ocr_par' dir='ltr' id='par_1_11' title="bbox 481 945 1973 1017">
     <span class='ocr_line' id='line_1_11' title="bbox 481 945 1973 1017; baseline 0.008 -19"><span class='ocrx_word' id='word_1_51' title='bbox 481 945 693 998; x_wconf 83' lang='lat' dir='ltr'><strong>XXXV.</strong></span> <span class='ocrx_word' id='word_1_52' title='bbox 740 946 1029 1002; x_wconf 81' lang='lat' dir='ltr'><strong>Monachus</strong></span> <span class='ocrx_word' id='word_1_53' title='bbox 1070 949 1160 1017; x_wconf 86' lang='lat' dir='ltr'><strong>qui</strong></span> <span class='ocrx_word' id='word_1_54' title='bbox 1195 949 1525 1006; x_wconf 89' lang='lat' dir='ltr'><strong>Sarracenus</strong></span> <span class='ocrx_word' id='word_1_55' title='bbox 1557 951 1734 1008; x_wconf 79' lang='lat' dir='ltr'><strong>fuerat</strong></span> <span class='ocrx_word' id='word_1_56' title='bbox 1767 952 1973 1010; x_wconf 86' lang='lat' dir='ltr'><strong>intenta</strong></span> 
     </span>
    </p>
   </div>
   <div class='ocr_carea' id='block_1_12' title="bbox 399 1035 1974 1114">
    <p class='ocr_par' dir='ltr' id='par_1_12' title="bbox 399 1035 1974 1114">
     <span class='ocr_line' id='line_1_12' title="bbox 399 1035 1974 1114; baseline 0.011 -29"><span class='ocrx_word' id='word_1_57' title='bbox 399 1049 537 1090; x_wconf 85' lang='lat' dir='ltr'><strong>voce</strong></span> <span class='ocrx_word' id='word_1_58' title='bbox 571 1035 878 1090; x_wconf 89' lang='lat' dir='ltr'><strong>clamabat:</strong></span> <span class='ocrx_word' id='word_1_59' title='bbox 909 1037 1198 1094; x_wconf 86' lang='lat' dir='ltr'><strong>Plurimum</strong></span> <span class='ocrx_word' id='word_1_60' title='bbox 1233 1057 1392 1110; x_wconf 87' lang='lat' dir='ltr'><strong>super</strong></span> <span class='ocrx_word' id='word_1_61' title='bbox 1443 1053 1494 1098; x_wconf 90' lang='lat' dir='ltr'><strong>te</strong></span> <span class='ocrx_word' id='word_1_62' title='bbox 1530 1044 1705 1114; x_wconf 89' lang='lat' dir='ltr'><strong>doleo,</strong></span> <span class='ocrx_word' id='word_1_63' title='bbox 1733 1061 1766 1101; x_wconf 88' lang='grc' dir='ltr'><strong>ο</strong></span> <span class='ocrx_word' id='word_1_64' title='bbox 1810 1047 1974 1104; x_wconf 81' lang='lat' dir='ltr'><strong>Ame-</strong></span> 
     </span>
    </p>
   </div>
   <div class='ocr_carea' id='block_1_13' title="bbox 405 1128 1973 1197">
    <p class='ocr_par' dir='ltr' id='par_1_13' title="bbox 405 1128 1973 1197">
     <span class='ocr_line' id='line_1_13' title="bbox 405 1128 1973 1197; baseline 0.011 -19"><span class='ocrx_word' id='word_1_65' title='bbox 405 1140 644 1193; x_wconf 86' lang='lat' dir='ltr'><strong>rumnes,</strong></span> <span class='ocrx_word' id='word_1_66' title='bbox 675 1128 796 1195; x_wconf 89' lang='lat' dir='ltr'><strong>quia</strong></span> <span class='ocrx_word' id='word_1_67' title='bbox 839 1129 1035 1183; x_wconf 88' lang='lat' dir='ltr'><strong>salvari</strong></span> <span class='ocrx_word' id='word_1_68' title='bbox 1064 1146 1167 1184; x_wconf 92' lang='lat' dir='ltr'><strong>non</strong></span> <span class='ocrx_word' id='word_1_69' title='bbox 1199 1133 1300 1197; x_wconf 90' lang='lat' dir='ltr'><strong>vis,</strong></span> <span class='ocrx_word' id='word_1_70' title='bbox 1327 1133 1537 1191; x_wconf 80' lang='lat' dir='ltr'><strong>inlelix.</strong></span> <span class='ocrx_word' id='word_1_71' title='bbox 1569 1138 1742 1192; x_wconf 85' lang='lat' dir='ltr'><strong>Crede</strong></span> <span class='ocrx_word' id='word_1_72' title='bbox 1773 1138 1835 1192; x_wconf 83' lang='lat' dir='ltr'><strong>in.</strong></span> <span class='ocrx_word' id='word_1_73' title='bbox 1862 1136 1973 1194; x_wconf 88' lang='lat' dir='ltr'><strong>Do-</strong></span> 
     </span>
    </p>
   </div>
   <div class='ocr_carea' id='block_1_14' title="bbox 405 1216 1976 1296">
    <p class='ocr_par' dir='ltr' id='par_1_14' title="bbox 405 1216 1976 1296">
     <span class='ocr_line' id='line_1_14' title="bbox 405 1216 1976 1296; baseline 0.011 -29"><span class='ocrx_word' id='word_1_74' title='bbox 405 1216 606 1268; x_wconf 86' lang='lat' dir='ltr'><strong>minum</strong></span> <span class='ocrx_word' id='word_1_75' title='bbox 661 1228 904 1272; x_wconf 91' lang='lat' dir='ltr'><strong>nostrum</strong></span> <span class='ocrx_word' id='word_1_76' title='bbox 956 1220 1136 1274; x_wconf 79' lang='lat' dir='ltr'><strong>Jesutn</strong></span> <span class='ocrx_word' id='word_1_77' title='bbox 1184 1223 1480 1292; x_wconf 75' lang='lat' dir='ltr'><strong>Christum,</strong></span> <span class='ocrx_word' id='word_1_78' title='bbox 1537 1229 1880 1296; x_wconf 80' lang='lat' dir='ltr'><strong>cruciﬁxum,</strong></span> <span class='ocrx_word' id='word_1_79' title='bbox 1920 1238 1976 1286; x_wconf 85' lang='lat' dir='ltr'><strong>et</strong></span> 
     </span>
    </p>
   </div>
   <div class='ocr_carea' id='block_1_15' title="bbox 405 1303 1976 1383">
    <p class='ocr_par' dir='ltr' id='par_1_15' title="bbox 405 1303 1976 1383">
     <span class='ocr_line' id='line_1_15' title="bbox 405 1303 1976 1383; baseline 0.01 -27"><span class='ocrx_word' id='word_1_80' title='bbox 405 1303 798 1358; x_wconf 86' lang='lat' dir='ltr'><strong>anathematiza</strong></span> <span class='ocrx_word' id='word_1_81' title='bbox 875 1309 1313 1376; x_wconf 73' lang='lat' dir='ltr'><strong>superstitionem</strong></span> <span class='ocrx_word' id='word_1_82' title='bbox 1385 1311 1844 1383; x_wconf 85' lang='lat' dir='ltr'><strong>Sarracenorum,</strong></span> <span class='ocrx_word' id='word_1_83' title='bbox 1920 1325 1976 1372; x_wconf 85' lang='lat' dir='ltr'><strong>et</strong></span> 
     </span>
    </p>
   </div>
   <div class='ocr_carea' id='block_1_16' title="bbox 402 1396 1973 1476">
    <p class='ocr_par' dir='ltr' id='par_1_16' title="bbox 402 1396 1973 1476">
     <span class='ocr_line' id='line_1_16' title="bbox 402 1396 1973 1476; baseline 0.011 -32"><span class='ocrx_word' id='word_1_84' title='bbox 402 1408 590 1445; x_wconf 85' lang='lat' dir='ltr'><strong>eorum</strong></span> <span class='ocrx_word' id='word_1_85' title='bbox 642 1396 1160 1466; x_wconf 80' lang='lat' dir='ltr'><strong>pseudoprophetam</strong></span> <span class='ocrx_word' id='word_1_86' title='bbox 1217 1399 1519 1468; x_wconf 84' lang='lat' dir='ltr'><strong>Mahomet,</strong></span> <span class='ocrx_word' id='word_1_87' title='bbox 1577 1404 1720 1459; x_wconf 88' lang='lat' dir='ltr'><strong>sicut</strong></span> <span class='ocrx_word' id='word_1_88' title='bbox 1760 1413 1816 1462; x_wconf 85' lang='lat' dir='ltr'><strong>et</strong></span> <span class='ocrx_word' id='word_1_89' title='bbox 1873 1420 1973 1476; x_wconf 80' lang='lat' dir='ltr'><strong>ego</strong></span> 
     </span>
    </p>
   </div>
   <div class='ocr_carea' id='block_1_17' title="bbox 406 1481 904 1536">
    <p class='ocr_par' dir='ltr' id='par_1_17' title="bbox 406 1481 904 1536">
     <span class='ocr_line' id='line_1_17' title="bbox 406 1481 904 1536; baseline 0.004 -2"><span class='ocrx_word' id='word_1_90' title='bbox 406 1481 567 1536; x_wconf 78' lang='lat' dir='ltr'><strong>facio.</strong></span> <span class='ocrx_word' id='word_1_91' title='bbox 895 1515 904 1518; x_wconf 99' lang='lat'><strong><em>-</em></strong></span> 
     </span>
    </p>
   </div>
   <div class='ocr_carea' id='block_1_18' title="bbox 478 1592 1964 1674">
    <p class='ocr_par' dir='ltr' id='par_1_18' title="bbox 478 1592 1964 1674">
     <span class='ocr_line' id='line_1_18' title="bbox 478 1592 1964 1674; baseline 0.011 -29"><span class='ocrx_word' id='word_1_92' title='bbox 478 1592 714 1648; x_wconf 83' lang='lat' dir='ltr'><strong>XXXVI.</strong></span> <span class='ocrx_word' id='word_1_93' title='bbox 765 1595 1095 1652; x_wconf 86' lang='lat' dir='ltr'><strong>Sarracenus</strong></span> <span class='ocrx_word' id='word_1_94' title='bbox 1139 1601 1497 1658; x_wconf 88' lang='lat' dir='ltr'><strong>Amernmnes</strong></span> <span class='ocrx_word' id='word_1_95' title='bbox 1546 1604 1726 1660; x_wconf 79' lang='lat' dir='ltr'><strong>dixit:</strong></span> <span class='ocrx_word' id='word_1_96' title='bbox 1771 1605 1964 1674; x_wconf 83' lang='lat' dir='ltr'><strong>Ejicite</strong></span> 
     </span>
    </p>
   </div>
   <div class='ocr_carea' id='block_1_19' title="bbox 2080 447 2802 520">
    <p class='ocr_par' dir='ltr' id='par_1_19' title="bbox 2080 447 2802 520">
     <span class='ocr_line' id='line_1_19' title="bbox 2080 447 2802 520; baseline -0.008 -14"><span class='ocrx_word' id='word_1_97' title='bbox 2080 454 2208 520; x_wconf 73' lang='grc' dir='ltr'>ἔξω,</span> <span class='ocrx_word' id='word_1_98' title='bbox 2246 452 2338 504; x_wconf 74' lang='grc' dir='ltr'>καὶ</span> <span class='ocrx_word' id='word_1_99' title='bbox 2366 447 2590 514; x_wconf 56' lang='lat' dir='ltr'><strong>aream</strong></span> <span class='ocrx_word' id='word_1_100' title='bbox 2622 447 2802 501; x_wconf 78' lang='grc' dir='ltr'>αὐτόν.</span> 
     </span>
    </p>
   </div>
   <div class='ocr_carea' id='block_1_20' title="bbox 2146 544 3641 629">
    <p class='ocr_par' dir='ltr' id='par_1_20' title="bbox 2146 544 3641 629">
     <span class='ocr_line' id='line_1_20' title="bbox 2146 544 3641 629; baseline -0.01 -14"><span class='ocrx_word' id='word_1_101' title='bbox 2146 566 2208 617; x_wconf 82' lang='lat' dir='ltr'><strong>0i</strong></span> <span class='ocrx_word' id='word_1_102' title='bbox 2243 561 2298 613; x_wconf 85' lang='grc' dir='ltr'><strong>δὲ</strong></span> <span class='ocrx_word' id='word_1_103' title='bbox 2332 558 2837 629; x_wconf 77' lang='grc' dir='ltr'>παρακαθεζόμενοι</span> <span class='ocrx_word' id='word_1_104' title='bbox 2884 555 2962 625; x_wconf 79' lang='grc' dir='ltr'>τῷ</span> <span class='ocrx_word' id='word_1_105' title='bbox 2993 554 3204 624; x_wconf 82' lang='grc' dir='ltr'>βασιλεῖ</span> <span class='ocrx_word' id='word_1_106' title='bbox 3249 548 3432 606; x_wconf 79' lang='grc' dir='ltr'>εἷπον·</span> <span class='ocrx_word' id='word_1_107' title='bbox 3475 544 3641 612; x_wconf 66' lang='grc' dir='ltr'>Οἶκος</span> 
     </span>
    </p>
   </div>
   <div class='ocr_carea' id='block_1_21' title="bbox 2075 641 3640 726">
    <p class='ocr_par' dir='ltr' id='par_1_21' title="bbox 2075 641 3640 726">
     <span class='ocr_line' id='line_1_21' title="bbox 2075 641 3640 726; baseline -0.008 -22"><span class='ocrx_word' id='word_1_108' title='bbox 2075 650 2350 726; x_wconf 74' lang='grc' dir='ltr'>ἠϐουλήθη</span> <span class='ocrx_word' id='word_1_109' title='bbox 2376 651 2561 720; x_wconf 81' lang='grc' dir='ltr'>μιᾶναι</span> <span class='ocrx_word' id='word_1_110' title='bbox 2577 650 2670 702; x_wconf 70' lang='grc' dir='ltr'>καὶ</span> <span class='ocrx_word' id='word_1_111' title='bbox 2693 647 3001 718; x_wconf 78' lang='grc' dir='ltr'>διαφθεῖραι</span> <span class='ocrx_word' id='word_1_112' title='bbox 3023 645 3120 717; x_wconf 79' lang='grc' dir='ltr'>τὴν</span> <span class='ocrx_word' id='word_1_113' title='bbox 3147 645 3252 698; x_wconf 86' lang='grc' dir='ltr'>τῶν</span> <span class='ocrx_word' id='word_1_114' title='bbox 3275 641 3640 714; x_wconf 79' lang='grc' dir='ltr'>Σαῤῥακηνῶν</span> 
     </span>
    </p>
   </div>
   <div class='ocr_carea' id='block_1_22' title="bbox 2075 733 3636 816">
    <p class='ocr_par' dir='ltr' id='par_1_22' title="bbox 2075 733 3636 816">
     <span class='ocr_line' id='line_1_22' title="bbox 2075 733 3636 816; baseline -0.01 -17"><span class='ocrx_word' id='word_1_115' title='bbox 2075 743 2397 816; x_wconf 79' lang='grc' dir='ltr'><strong>θρησκείαν.</strong></span> <span class='ocrx_word' id='word_1_116' title='bbox 2440 741 2554 793; x_wconf 86' lang='grc' dir='ltr'><strong>Οὐκ</strong></span> <span class='ocrx_word' id='word_1_117' title='bbox 2583 738 2798 801; x_wconf 80' lang='grc' dir='ltr'><strong>ἀκούεις</strong></span> <span class='ocrx_word' id='word_1_118' title='bbox 2839 738 2956 800; x_wconf 85' lang='grc' dir='ltr'>πῶς</span> <span class='ocrx_word' id='word_1_119' title='bbox 2989 737 3297 806; x_wconf 83' lang='grc' dir='ltr'>βλασφημεῖ</span> <span class='ocrx_word' id='word_1_120' title='bbox 3324 735 3417 788; x_wconf 77' lang='grc' dir='ltr'>καὶ</span> <span class='ocrx_word' id='word_1_121' title='bbox 3444 733 3636 786; x_wconf 83' lang='grc' dir='ltr'>ἀναθε-</span> 
     </span>
    </p>
   </div>
   <div class='ocr_carea' id='block_1_23' title="bbox 2078 830 3160 905">
    <p class='ocr_par' dir='ltr' id='par_1_23' title="bbox 2078 830 3160 905">
     <span class='ocr_line' id='line_1_23' title="bbox 2078 830 3160 905; baseline -0.008 -16"><span class='ocrx_word' id='word_1_122' title='bbox 2078 836 2292 905; x_wconf 77' lang='grc' dir='ltr'>ματίζει</span> <span class='ocrx_word' id='word_1_123' title='bbox 2323 832 2416 887; x_wconf 67' lang='grc' dir='ltr'>τὸν</span> <span class='ocrx_word' id='word_1_124' title='bbox 2447 831 2618 902; x_wconf 79' lang='grc' dir='ltr'>μέγαν</span> <span class='ocrx_word' id='word_1_125' title='bbox 2651 831 2933 901; x_wconf 80' lang='grc' dir='ltr'><strong>προφήτην</strong></span> <span class='ocrx_word' id='word_1_126' title='bbox 2969 830 3160 899; x_wconf 79' lang='grc' dir='ltr'>ἡμῶν;</span> 
     </span>
    </p>
   </div>
   <div class='ocr_carea' id='block_1_24' title="bbox 2159 935 3639 1015">
    <p class='ocr_par' dir='ltr' id='par_1_24' title="bbox 2159 935 3639 1015">
     <span class='ocr_line' id='line_1_24' title="bbox 2159 935 3639 1015; baseline -0.009 -14"><span class='ocrx_word' id='word_1_127' title='bbox 2159 948 2215 1002; x_wconf 87' lang='grc'><strong>’0</strong></span> <span class='ocrx_word' id='word_1_128' title='bbox 2247 947 2302 1000; x_wconf 80' lang='grc' dir='ltr'><strong>δὲ</strong></span> <span class='ocrx_word' id='word_1_129' title='bbox 2355 945 2588 1015; x_wconf 76' lang='grc' dir='ltr'>μοναχδς</span> <span class='ocrx_word' id='word_1_130' title='bbox 2619 943 2710 996; x_wconf 87' lang='grc' dir='ltr'><strong>καί</strong></span> <span class='ocrx_word' id='word_1_131' title='bbox 2758 959 2890 994; x_wconf 85' lang='grc' dir='ltr'>ποτε</span> <span class='ocrx_word' id='word_1_132' title='bbox 2941 940 3295 1011; x_wconf 77' lang='grc' dir='ltr'>Σαῤῥακηνὸς</span> <span class='ocrx_word' id='word_1_133' title='bbox 3333 935 3639 1008; x_wconf 72' lang='grc' dir='ltr'>ἐκραύγαζε</span> 
     </span>
    </p>
   </div>
   <div class='ocr_carea' id='block_1_25' title="bbox 2077 1027 3637 1110">
    <p class='ocr_par' dir='ltr' id='par_1_25' title="bbox 2077 1027 3637 1110">
     <span class='ocr_line' id='line_1_25' title="bbox 2077 1027 3637 1110; baseline -0.01 -18"><span class='ocrx_word' id='word_1_134' title='bbox 2077 1038 2324 1110; x_wconf 77' lang='grc' dir='ltr'><strong>μεγάλως</strong></span> <span class='ocrx_word' id='word_1_135' title='bbox 2342 1052 2355 1067; x_wconf 96' lang='grc'><strong>·</strong></span> <span class='ocrx_word' id='word_1_136' title='bbox 2378 1035 2647 1106; x_wconf 81' lang='grc' dir='ltr'>Ἀχθομαι</span> <span class='ocrx_word' id='word_1_137' title='bbox 2681 1035 2810 1104; x_wconf 79' lang='grc' dir='ltr'>περὶ</span> <span class='ocrx_word' id='word_1_138' title='bbox 2832 1032 2949 1098; x_wconf 79' lang='grc' dir='ltr'>σοῦ,</span> <span class='ocrx_word' id='word_1_139' title='bbox 2995 1029 3366 1102; x_wconf 82' lang='grc' dir='ltr'><strong>’Δμερουμνῆ.</strong></span> <span class='ocrx_word' id='word_1_140' title='bbox 3400 1027 3601 1097; x_wconf 81' lang='grc' dir='ltr'>μᾶλλον</span> <span class='ocrx_word' id='word_1_141' title='bbox 3622 1041 3637 1054; x_wconf 85' lang='grc'>·</span> 
     </span>
    </p>
   </div>
   <div class='ocr_carea' id='block_1_26' title="bbox 2073 1117 3642 1197">
    <p class='ocr_par' dir='ltr' id='par_1_26' title="bbox 2073 1117 3642 1197">
     <span class='ocr_line' id='line_1_26' title="bbox 2073 1117 3642 1197; baseline -0.01 -16"><span class='ocrx_word' id='word_1_142' title='bbox 2073 1128 2135 1181; x_wconf 85' lang='grc' dir='ltr'><strong>ού</strong></span> <span class='ocrx_word' id='word_1_143' title='bbox 2171 1127 2280 1197; x_wconf 82' lang='grc' dir='ltr'><strong>γάρ</strong></span> <span class='ocrx_word' id='word_1_144' title='bbox 2327 1124 2507 1197; x_wconf 84' lang='grc' dir='ltr'><strong>βούλει</strong></span> <span class='ocrx_word' id='word_1_145' title='bbox 2545 1123 2811 1193; x_wconf 83' lang='grc' dir='ltr'>σωθῆναι,</span> <span class='ocrx_word' id='word_1_146' title='bbox 2850 1121 3194 1192; x_wconf 79' lang='grc' dir='ltr'>ταλαίπωρε’</span> <span class='ocrx_word' id='word_1_147' title='bbox 3231 1120 3518 1172; x_wconf 79' lang='grc' dir='ltr'><strong>πίστευσον</strong></span> <span class='ocrx_word' id='word_1_148' title='bbox 3562 1117 3642 1178; x_wconf 84' lang='grc' dir='ltr'><strong>είς</strong></span> 
     </span>
    </p>
   </div>
   <div class='ocr_carea' id='block_1_27' title="bbox 2071 1207 3640 1287">
    <p class='ocr_par' dir='ltr' id='par_1_27' title="bbox 2071 1207 3640 1287">
     <span class='ocr_line' id='line_1_27' title="bbox 2071 1207 3640 1287; baseline -0.009 -14"><span class='ocrx_word' id='word_1_149' title='bbox 2071 1219 2163 1273; x_wconf 80' lang='grc' dir='ltr'><strong>τὸν</strong></span> <span class='ocrx_word' id='word_1_150' title='bbox 2193 1218 2396 1286; x_wconf 80' lang='grc' dir='ltr'><strong>Κύριον</strong></span> <span class='ocrx_word' id='word_1_151' title='bbox 2437 1215 2593 1287; x_wconf 80' lang='grc' dir='ltr'>ἡμῶν</span> <span class='ocrx_word' id='word_1_152' title='bbox 2632 1214 2840 1285; x_wconf 80' lang='grc' dir='ltr'><strong>Ἰησοῦν</strong></span> <span class='ocrx_word' id='word_1_153' title='bbox 2871 1213 3128 1284; x_wconf 80' lang='grc' dir='ltr'>Χριστδν,</span> <span class='ocrx_word' id='word_1_154' title='bbox 3171 1212 3260 1264; x_wconf 81' lang='grc' dir='ltr'>τὸν</span> <span class='ocrx_word' id='word_1_155' title='bbox 3293 1207 3640 1278; x_wconf 74' lang='grc' dir='ltr'>ἐσταυρωμὲ-</span> 
     </span>
    </p>
   </div>
   <div class='ocr_carea' id='block_1_28' title="bbox 2072 1298 3636 1378">
    <p class='ocr_par' dir='ltr' id='par_1_28' title="bbox 2072 1298 3636 1378">
     <span class='ocr_line' id='line_1_28' title="bbox 2072 1298 3636 1378; baseline -0.008 -14"><span class='ocrx_word' id='word_1_156' title='bbox 2072 1327 2182 1374; x_wconf 92' lang='grc' dir='ltr'>νον,</span> <span class='ocrx_word' id='word_1_157' title='bbox 2233 1311 2327 1363; x_wconf 78' lang='grc' dir='ltr'>καὶ</span> <span class='ocrx_word' id='word_1_158' title='bbox 2369 1307 2764 1378; x_wconf 85' lang='grc' dir='ltr'>άναθεμάτισον</span> <span class='ocrx_word' id='word_1_159' title='bbox 2807 1301 2909 1377; x_wconf 84' lang='grc' dir='ltr'>τὴν</span> <span class='ocrx_word' id='word_1_160' title='bbox 2947 1305 3056 1357; x_wconf 84' lang='grc' dir='ltr'><strong>τῶν</strong></span> <span class='ocrx_word' id='word_1_161' title='bbox 3096 1300 3464 1374; x_wconf 81' lang='grc' dir='ltr'>Σαῤῥακηνῶν</span> <span class='ocrx_word' id='word_1_162' title='bbox 3506 1298 3636 1368; x_wconf 82' lang='grc' dir='ltr'>θρη-</span> 
     </span>
    </p>
   </div>
   <div class='ocr_carea' id='block_1_29' title="bbox 2073 1391 3506 1468">
    <p class='ocr_par' dir='ltr' id='par_1_29' title="bbox 2073 1391 3506 1468">
     <span class='ocr_line' id='line_1_29' title="bbox 2073 1391 3506 1468; baseline -0.008 -13"><span class='ocrx_word' id='word_1_163' title='bbox 2073 1401 2280 1467; x_wconf 88' lang='grc' dir='ltr'>σκείαν,</span> <span class='ocrx_word' id='word_1_164' title='bbox 2301 1401 2395 1455; x_wconf 75' lang='grc' dir='ltr'>καὶ</span> <span class='ocrx_word' id='word_1_165' title='bbox 2421 1399 2511 1452; x_wconf 73' lang='grc' dir='ltr'><strong>τὸν</strong></span> <span class='ocrx_word' id='word_1_166' title='bbox 2537 1397 2987 1468; x_wconf 82' lang='grc' dir='ltr'><strong>ψευδοπροφήτην</strong></span> <span class='ocrx_word' id='word_1_167' title='bbox 3009 1395 3205 1459; x_wconf 81' lang='grc' dir='ltr'>αὐτῶν,</span> <span class='ocrx_word' id='word_1_168' title='bbox 3232 1392 3308 1455; x_wconf 83' lang='grc' dir='ltr'>ὡς</span> <span class='ocrx_word' id='word_1_169' title='bbox 3333 1391 3506 1460; x_wconf 71' lang='grc' dir='ltr'><strong>κάγώ.</strong></span> 
     </span>
    </p>
   </div>
   <div class='ocr_carea' id='block_1_30' title="bbox 2154 1586 3630 1672">
    <p class='ocr_par' dir='ltr' id='par_1_30' title="bbox 2154 1586 3630 1672">
     <span class='ocr_line' id='line_1_30' title="bbox 2154 1586 3630 1672; baseline -0.013 -16"><span class='ocrx_word' id='word_1_170' title='bbox 2154 1602 2213 1656; x_wconf 87' lang='grc' dir='ltr'><strong>Ὀ</strong></span> <span class='ocrx_word' id='word_1_171' title='bbox 2249 1601 2304 1655; x_wconf 76' lang='grc' dir='ltr'><strong>δὲ</strong></span> <span class='ocrx_word' id='word_1_172' title='bbox 2343 1597 2695 1672; x_wconf 81' lang='grc' dir='ltr'>Σαρῤακηνδς</span> <span class='ocrx_word' id='word_1_173' title='bbox 2735 1593 3111 1667; x_wconf 84' lang='grc' dir='ltr'>Ἀμερουμνῆς</span> <span class='ocrx_word' id='word_1_174' title='bbox 3145 1590 3249 1660; x_wconf 79' lang='grc' dir='ltr'><strong>ἔφη</strong></span> <span class='ocrx_word' id='word_1_175' title='bbox 3271 1605 3283 1619; x_wconf 80' lang='grc' dir='ltr'><strong><em>ο</em></strong></span> <span class='ocrx_word' id='word_1_176' title='bbox 3345 1586 3630 1652; x_wconf 79' lang='grc' dir='ltr'>Ὲκὸάλετε</span> 
     </span>
    </p>
   </div>
   <div class='ocr_carea' id='block_1_31' title="bbox 406 1679 1968 1765">
    <p class='ocr_par' dir='ltr' id='par_1_31' title="bbox 406 1682 1968 1765">
     <span class='ocr_line' id='line_1_31' title="bbox 406 1682 1968 1765; baseline 0.012 -30"><span class='ocrx_word' id='word_1_177' title='bbox 406 1698 528 1736; x_wconf 87' lang='lat' dir='ltr'><strong>eum</strong></span> <span class='ocrx_word' id='word_1_178' title='bbox 577 1682 746 1750; x_wconf 71' lang='lat' dir='ltr'><strong>foras,</strong></span> <span class='ocrx_word' id='word_1_179' title='bbox 793 1695 848 1737; x_wconf 90' lang='lat' dir='ltr'><strong>ut</strong></span> <span class='ocrx_word' id='word_1_180' title='bbox 884 1701 981 1755; x_wconf 82' lang='lat' dir='ltr'><strong>ego</strong></span> <span class='ocrx_word' id='word_1_181' title='bbox 1011 1687 1208 1756; x_wconf 86' lang='lat' dir='ltr'><strong>jubeo,</strong></span> <span class='ocrx_word' id='word_1_182' title='bbox 1238 1691 1365 1759; x_wconf 84' lang='lat' dir='ltr'><strong>quia</strong></span> <span class='ocrx_word' id='word_1_183' title='bbox 1405 1702 1580 1748; x_wconf 86' lang='lat' dir='ltr'><strong>mente</strong></span> <span class='ocrx_word' id='word_1_184' title='bbox 1628 1705 1818 1765; x_wconf 88' lang='lat' dir='ltr'><strong>captus</strong></span> <span class='ocrx_word' id='word_1_185' title='bbox 1847 1706 1968 1765; x_wconf 83' lang='lat' dir='ltr'><strong>est,</strong></span> 
     </span>
    </p>
   </div>
   <div class='ocr_carea' id='block_1_32' title="bbox 2093 1679 3635 1765">
    <p class='ocr_par' dir='ltr' id='par_1_32' title="bbox 2093 1679 3635 1758">
     <span class='ocr_line' id='line_1_32' title="bbox 2093 1679 3635 1758; baseline -0.011 -13"><span class='ocrx_word' id='word_1_186' title='bbox 2093 1692 2235 1746; x_wconf 84' lang='grc' dir='ltr'>ιύτὸν</span> <span class='ocrx_word' id='word_1_187' title='bbox 2263 1691 2389 1758; x_wconf 73' lang='grc' dir='ltr'>ἔξω,</span> <span class='ocrx_word' id='word_1_188' title='bbox 2409 1691 2483 1754; x_wconf 85' lang='grc' dir='ltr'><strong>ὡς</strong></span> <span class='ocrx_word' id='word_1_189' title='bbox 2510 1689 2620 1758; x_wconf 70' lang='grc' dir='ltr'><strong>ἐγὼ</strong></span> <span class='ocrx_word' id='word_1_190' title='bbox 2645 1687 2870 1752; x_wconf 81' lang='grc' dir='ltr'><strong>κελεύω,</strong></span> <span class='ocrx_word' id='word_1_191' title='bbox 2920 1687 3001 1740; x_wconf 80' lang='grc' dir='ltr'>ὅτι</span> <span class='ocrx_word' id='word_1_192' title='bbox 3029 1684 3216 1754; x_wconf 76' lang='grc' dir='ltr'>ἄφρων</span> <span class='ocrx_word' id='word_1_193' title='bbox 3247 1681 3383 1744; x_wconf 71' lang='grc' dir='ltr'>ἐστὶ,</span> <span class='ocrx_word' id='word_1_194' title='bbox 3419 1681 3510 1732; x_wconf 68' lang='grc' dir='ltr'><strong>καὶ</strong></span> <span class='ocrx_word' id='word_1_195' title='bbox 3534 1679 3635 1729; x_wconf 78' lang='grc' dir='ltr'><strong>οὐκ</strong></span> 
     </span>
    </p>
   </div>
   <div class='ocr_carea' id='block_1_33' title="bbox 407 1775 1248 1848">
    <p class='ocr_par' dir='ltr' id='par_1_33' title="bbox 407 1775 1248 1848">
     <span class='ocr_line' id='line_1_33' title="bbox 407 1775 1248 1848; baseline 0.007 -22"><span class='ocrx_word' id='word_1_196' title='bbox 407 1789 504 1828; x_wconf 87' lang='lat' dir='ltr'><strong>nec</strong></span> <span class='ocrx_word' id='word_1_197' title='bbox 538 1775 677 1842; x_wconf 87' lang='lat' dir='ltr'><strong>quod</strong></span> <span class='ocrx_word' id='word_1_198' title='bbox 709 1775 945 1841; x_wconf 81' lang='lat' dir='ltr'><strong>loquitur</strong></span> <span class='ocrx_word' id='word_1_199' title='bbox 976 1777 1248 1848; x_wconf 81' lang='lat' dir='ltr'><strong>intelligit.</strong></span> 
     </span>
    </p>
   </div>
   <div class='ocr_carea' id='block_1_34' title="bbox 474 1880 1971 1958">
    <p class='ocr_par' dir='ltr' id='par_1_34' title="bbox 474 1880 1971 1958">
     <span class='ocr_line' id='line_1_34' title="bbox 474 1880 1971 1958; baseline 0.01 -24"><span class='ocrx_word' id='word_1_200' title='bbox 474 1880 739 1936; x_wconf 80' lang='lat' dir='ltr'><strong>XXXVII.</strong></span> <span class='ocrx_word' id='word_1_201' title='bbox 786 1881 884 1949; x_wconf 86' lang='lat' dir='ltr'><strong>Qui</strong></span> <span class='ocrx_word' id='word_1_202' title='bbox 937 1899 1064 1939; x_wconf 89' lang='lat' dir='ltr'><strong>vero</strong></span> <span class='ocrx_word' id='word_1_203' title='bbox 1105 1887 1456 1943; x_wconf 85' lang='lat' dir='ltr'><strong>considebant</strong></span> <span class='ocrx_word' id='word_1_204' title='bbox 1504 1889 1606 1958; x_wconf 91' lang='lat' dir='ltr'><strong>ipsi</strong></span> <span class='ocrx_word' id='word_1_205' title='bbox 1661 1892 1915 1947; x_wconf 82' lang='lat' dir='ltr'><strong>dixerunt</strong></span> <span class='ocrx_word' id='word_1_206' title='bbox 1957 1913 1971 1950; x_wconf 91' lang='lat'><strong>:</strong></span> 
     </span>
    </p>
   </div>
   <div class='ocr_carea' id='block_1_35' title="bbox 402 1970 1972 2048">
    <p class='ocr_par' dir='ltr' id='par_1_35' title="bbox 402 1970 1972 2048">
     <span class='ocr_line' id='line_1_35' title="bbox 402 1970 1972 2048; baseline 0.008 -23"><span class='ocrx_word' id='word_1_207' title='bbox 402 1971 544 2038; x_wconf 63' lang='lat' dir='ltr'><strong>Ergo</strong></span> <span class='ocrx_word' id='word_1_208' title='bbox 581 1970 1006 2026; x_wconf 84' lang='lat' dir='ltr'><strong>Sarracenorum</strong></span> <span class='ocrx_word' id='word_1_209' title='bbox 1051 1975 1294 2044; x_wconf 80' lang='lat' dir='ltr'><strong>religioni</strong></span> <span class='ocrx_word' id='word_1_210' title='bbox 1331 1977 1738 2034; x_wconf 85' lang='lat' dir='ltr'><strong>maledicentem</strong></span> <span class='ocrx_word' id='word_1_211' title='bbox 1763 2021 1778 2048; x_wconf 93' lang='lat'><strong>,</strong></span> <span class='ocrx_word' id='word_1_212' title='bbox 1814 1992 1866 2037; x_wconf 89' lang='lat' dir='ltr'><strong>et</strong></span> <span class='ocrx_word' id='word_1_213' title='bbox 1919 1983 1972 2038; x_wconf 93' lang='lat' dir='ltr'><strong>in</strong></span> 
     </span>
    </p>
   </div>
   <div class='ocr_carea' id='block_1_36' title="bbox 405 2062 1976 2141">
    <p class='ocr_par' dir='ltr' id='par_1_36' title="bbox 405 2062 1976 2141">
     <span class='ocr_line' id='line_1_36' title="bbox 405 2062 1976 2141; baseline 0.008 -28"><span class='ocrx_word' id='word_1_214' title='bbox 405 2073 649 2114; x_wconf 87' lang='lat' dir='ltr'><strong>nostrum</strong></span> <span class='ocrx_word' id='word_1_215' title='bbox 701 2062 1016 2130; x_wconf 73' lang='lat' dir='ltr'><strong>prophetam</strong></span> <span class='ocrx_word' id='word_1_216' title='bbox 1065 2064 1426 2132; x_wconf 87' lang='lat' dir='ltr'><strong>blasphemias</strong></span> <span class='ocrx_word' id='word_1_217' title='bbox 1465 2065 1754 2141; x_wconf 77' lang='lat' dir='ltr'><strong>iacientem</strong></span> <span class='ocrx_word' id='word_1_218' title='bbox 1823 2072 1976 2127; x_wconf 85' lang='lat' dir='ltr'><strong>audis</strong></span> 
     </span>
    </p>
   </div>
   <div class='ocr_carea' id='block_1_37' title="bbox 402 2153 1973 2222">
    <p class='ocr_par' dir='ltr' id='par_1_37' title="bbox 402 2153 1973 2222">
     <span class='ocr_line' id='line_1_37' title="bbox 402 2153 1973 2222; baseline 0.009 -18"><span class='ocrx_word' id='word_1_219' title='bbox 402 2163 457 2204; x_wconf 88' lang='lat' dir='ltr'><strong>et</strong></span> <span class='ocrx_word' id='word_1_220' title='bbox 487 2153 644 2217; x_wconf 84' lang='lat' dir='ltr'><strong>dicis,</strong></span> <span class='ocrx_word' id='word_1_221' title='bbox 677 2154 887 2222; x_wconf 79' lang='lat' dir='ltr'><strong>ignorat</strong></span> <span class='ocrx_word' id='word_1_222' title='bbox 921 2155 1060 2222; x_wconf 85' lang='lat' dir='ltr'><strong>quod</strong></span> <span class='ocrx_word' id='word_1_223' title='bbox 1088 2155 1307 2211; x_wconf 70' lang='grc' dir='ltr'>εσυιίιῖ</span> <span class='ocrx_word' id='word_1_224' title='bbox 1339 2161 1408 2212; x_wconf 79' lang='lat' dir='ltr'><strong>At</strong></span> <span class='ocrx_word' id='word_1_225' title='bbox 1446 2160 1492 2214; x_wconf 88' lang='lat' dir='ltr'><strong>si</strong></span> <span class='ocrx_word' id='word_1_226' title='bbox 1529 2173 1634 2214; x_wconf 89' lang='lat' dir='ltr'><strong>non</strong></span> <span class='ocrx_word' id='word_1_227' title='bbox 1661 2176 1781 2215; x_wconf 92' lang='lat' dir='ltr'><strong>eum</strong></span> <span class='ocrx_word' id='word_1_228' title='bbox 1816 2164 1973 2218; x_wconf 87' lang='lat' dir='ltr'><strong>morti</strong></span> 
     </span>
    </p>
   </div>
   <div class='ocr_carea' id='block_1_38' title="bbox 405 2243 1972 2310">
    <p class='ocr_par' dir='ltr' id='par_1_38' title="bbox 405 2243 1972 2310">
     <span class='ocr_line' id='line_1_38' title="bbox 405 2243 1972 2310; baseline 0.007 -15"><span class='ocrx_word' id='word_1_229' title='bbox 405 2243 725 2308; x_wconf 70' lang='lat' dir='ltr'><strong>tradideris,</strong></span> <span class='ocrx_word' id='word_1_230' title='bbox 788 2258 975 2299; x_wconf 90' lang='lat' dir='ltr'><strong>eamus</strong></span> <span class='ocrx_word' id='word_1_231' title='bbox 1032 2257 1085 2300; x_wconf 87' lang='lat' dir='ltr'><strong>et</strong></span> <span class='ocrx_word' id='word_1_232' title='bbox 1147 2263 1280 2310; x_wconf 87' lang='lat' dir='ltr'><strong>nos,</strong></span> <span class='ocrx_word' id='word_1_233' title='bbox 1349 2258 1406 2303; x_wconf 86' lang='lat' dir='ltr'><strong>et</strong></span> <span class='ocrx_word' id='word_1_234' title='bbox 1461 2248 1758 2306; x_wconf 78' lang='lat' dir='ltr'><strong>elliciamur</strong></span> <span class='ocrx_word' id='word_1_235' title='bbox 1815 2252 1972 2308; x_wconf 89' lang='lat' dir='ltr'><strong>Chri-</strong></span> 
     </span>
    </p>
   </div>
   <div class='ocr_carea' id='block_1_39' title="bbox 404 2345 591 2387">
    <p class='ocr_par' dir='ltr' id='par_1_39' title="bbox 404 2345 591 2387">
     <span class='ocr_line' id='line_1_39' title="bbox 404 2345 591 2387; baseline 0 0"><span class='ocrx_word' id='word_1_236' title='bbox 404 2345 591 2387; x_wconf 83' lang='lat' dir='ltr'><strong>suam.</strong></span> 
     </span>
    </p>
   </div>
   <div class='ocr_carea' id='block_1_40' title="bbox 472 2441 1973 2521">
    <p class='ocr_par' dir='ltr' id='par_1_40' title="bbox 472 2441 1973 2521">
     <span class='ocr_line' id='line_1_40' title="bbox 472 2441 1973 2521; baseline 0.007 -23"><span class='ocrx_word' id='word_1_237' title='bbox 472 2441 761 2500; x_wconf 79' lang='lat' dir='ltr'><strong>XXXVIII.</strong></span> <span class='ocrx_word' id='word_1_238' title='bbox 821 2447 1024 2511; x_wconf 82' lang='lat' dir='ltr'><strong>Quibus</strong></span> <span class='ocrx_word' id='word_1_239' title='bbox 1061 2450 1466 2504; x_wconf 26' lang='lat' dir='ltr'><strong>.Anterumnes:</strong></span> <span class='ocrx_word' id='word_1_240' title='bbox 1503 2451 1613 2520; x_wconf 81' lang='lat' dir='ltr'><strong>Ego</strong></span> <span class='ocrx_word' id='word_1_241' title='bbox 1666 2454 1838 2521; x_wconf 87' lang='lat' dir='ltr'><strong>ipsum</strong></span> <span class='ocrx_word' id='word_1_242' title='bbox 1892 2472 1973 2508; x_wconf 87' lang='lat' dir='ltr'><strong>tn-</strong></span> 
     </span>
    </p>
   </div>
   <div class='ocr_carea' id='block_1_41' title="bbox 408 2535 1970 2610">
    <p class='ocr_par' dir='ltr' id='par_1_41' title="bbox 408 2535 1970 2610">
     <span class='ocr_line' id='line_1_41' title="bbox 408 2535 1970 2610; baseline 0.006 -22"><span class='ocrx_word' id='word_1_243' title='bbox 408 2535 652 2589; x_wconf 89' lang='lat' dir='ltr'><strong>terlicere</strong></span> <span class='ocrx_word' id='word_1_244' title='bbox 685 2551 788 2592; x_wconf 89' lang='lat' dir='ltr'><strong>non</strong></span> <span class='ocrx_word' id='word_1_245' title='bbox 831 2537 1020 2602; x_wconf 84' lang='lat' dir='ltr'><strong>valeo,</strong></span> <span class='ocrx_word' id='word_1_246' title='bbox 1071 2539 1280 2606; x_wconf 89' lang='lat' dir='ltr'><strong>ipsique</strong></span> <span class='ocrx_word' id='word_1_247' title='bbox 1327 2540 1608 2604; x_wconf 89' lang='lat' dir='ltr'><strong>condoleo,</strong></span> <span class='ocrx_word' id='word_1_248' title='bbox 1659 2544 1782 2610; x_wconf 86' lang='lat' dir='ltr'><strong>quia</strong></span> <span class='ocrx_word' id='word_1_249' title='bbox 1821 2561 1970 2598; x_wconf 89' lang='lat' dir='ltr'><strong>meus</strong></span> 
     </span>
    </p>
   </div>
   <div class='ocr_carea' id='block_1_42' title="bbox 408 2626 1972 2703">
    <p class='ocr_par' dir='ltr' id='par_1_42' title="bbox 408 2626 1972 2703">
     <span class='ocr_line' id='line_1_42' title="bbox 408 2626 1972 2703; baseline 0.007 -26"><span class='ocrx_word' id='word_1_250' title='bbox 408 2626 668 2703; x_wconf 81' lang='lat' dir='ltr'><strong>patruelis</strong></span> <span class='ocrx_word' id='word_1_251' title='bbox 708 2635 790 2680; x_wconf 84' lang='lat' dir='ltr'><strong>est.</strong></span> <span class='ocrx_word' id='word_1_252' title='bbox 821 2644 834 2680; x_wconf 92' lang='lat'><strong>:</strong></span> <span class='ocrx_word' id='word_1_253' title='bbox 868 2628 958 2681; x_wconf 90' lang='lat' dir='ltr'><strong>sed</strong></span> <span class='ocrx_word' id='word_1_254' title='bbox 999 2629 1227 2698; x_wconf 89' lang='lat' dir='ltr'><strong>accipite</strong></span> <span class='ocrx_word' id='word_1_255' title='bbox 1283 2645 1404 2684; x_wconf 90' lang='lat' dir='ltr'><strong>eum</strong></span> <span class='ocrx_word' id='word_1_256' title='bbox 1451 2647 1579 2696; x_wconf 88' lang='lat' dir='ltr'><strong>vos,</strong></span> <span class='ocrx_word' id='word_1_257' title='bbox 1633 2643 1686 2688; x_wconf 86' lang='lat' dir='ltr'><strong>et</strong></span> <span class='ocrx_word' id='word_1_258' title='bbox 1713 2634 1972 2703; x_wconf 86' lang='lat' dir='ltr'><strong>quidquid</strong></span> 
     </span>
    </p>
   </div>
   <div class='ocr_carea' id='block_1_43' title="bbox 407 2702 1044 2784">
    <p class='ocr_par' dir='ltr' id='par_1_43' title="bbox 407 2702 1044 2784">
     <span class='ocr_line' id='line_1_43' title="bbox 407 2702 1044 2784; baseline 0.008 -16"><span class='ocrx_word' id='word_1_259' title='bbox 407 2702 619 2770; x_wconf 72' lang='lat' dir='ltr'><strong>libitum</strong></span> <span class='ocrx_word' id='word_1_260' title='bbox 647 2717 829 2784; x_wconf 80' lang='lat' dir='ltr'><strong>fuerit,</strong></span> <span class='ocrx_word' id='word_1_261' title='bbox 861 2716 1044 2773; x_wconf 84' lang='lat' dir='ltr'><strong>facile.</strong></span> 
     </span>
    </p>
   </div>
   <div class='ocr_carea' id='block_1_44' title="bbox 480 2827 1973 2899">
    <p class='ocr_par' dir='ltr' id='par_1_44' title="bbox 480 2827 1973 2899">
     <span class='ocr_line' id='line_1_44' title="bbox 480 2827 1973 2899; baseline 0.007 -18"><span class='ocrx_word' id='word_1_262' title='bbox 480 2827 720 2883; x_wconf 83' lang='lat' dir='ltr'><strong>XXXIX.</strong></span> <span class='ocrx_word' id='word_1_263' title='bbox 755 2830 922 2899; x_wconf 81' lang='lat' dir='ltr'><strong>Igitur</strong></span> <span class='ocrx_word' id='word_1_264' title='bbox 943 2841 1223 2899; x_wconf 89' lang='lat' dir='ltr'><strong>acceptum</strong></span> <span class='ocrx_word' id='word_1_265' title='bbox 1253 2833 1568 2886; x_wconf 88' lang='lat' dir='ltr'><strong>monachum</strong></span> <span class='ocrx_word' id='word_1_266' title='bbox 1601 2832 1784 2890; x_wconf 82' lang='lat' dir='ltr'><strong>furore</strong></span> <span class='ocrx_word' id='word_1_267' title='bbox 1808 2835 1973 2891; x_wconf 90' lang='lat' dir='ltr'><strong>multo</strong></span> 
     </span>
    </p>
   </div>
   <div class='ocr_carea' id='block_1_45' title="bbox 412 2921 1975 2988">
    <p class='ocr_par' dir='ltr' id='par_1_45' title="bbox 412 2921 1975 2988">
     <span class='ocr_line' id='line_1_45' title="bbox 412 2921 1975 2988; baseline 0.006 -17"><span class='ocrx_word' id='word_1_268' title='bbox 412 2930 695 2973; x_wconf 83' lang='lat' dir='ltr'><strong>traxerunt</strong></span> <span class='ocrx_word' id='word_1_269' title='bbox 740 2931 894 2974; x_wconf 85' lang='lat' dir='ltr'><strong>extra</strong></span> <span class='ocrx_word' id='word_1_270' title='bbox 941 2921 1223 2988; x_wconf 89' lang='lat' dir='ltr'><strong>palatium,</strong></span> <span class='ocrx_word' id='word_1_271' title='bbox 1245 2931 1300 2976; x_wconf 87' lang='lat' dir='ltr'><strong>et</strong></span> <span class='ocrx_word' id='word_1_272' title='bbox 1332 2923 1515 2978; x_wconf 84' lang='lat' dir='ltr'><strong>multis</strong></span> <span class='ocrx_word' id='word_1_273' title='bbox 1547 2923 1840 2978; x_wconf 72' lang='lat' dir='ltr'><strong>affecerunt</strong></span> <span class='ocrx_word' id='word_1_274' title='bbox 1871 2937 1975 2980; x_wconf 91' lang='lat' dir='ltr'><strong>tor-</strong></span> 
     </span>
    </p>
   </div>
   <div class='ocr_carea' id='block_1_46' title="bbox 2078 1779 2456 1851">
    <p class='ocr_par' dir='ltr' id='par_1_46' title="bbox 2078 1779 2456 1851">
     <span class='ocr_line' id='line_1_46' title="bbox 2078 1779 2456 1851; baseline 0.011 -16"><span class='ocrx_word' id='word_1_275' title='bbox 2078 1779 2183 1838; x_wconf 75' lang='grc' dir='ltr'>οἶδε</span> <span class='ocrx_word' id='word_1_276' title='bbox 2209 1783 2263 1837; x_wconf 86' lang='grc' dir='ltr'><strong>τί</strong></span> <span class='ocrx_word' id='word_1_277' title='bbox 2289 1783 2456 1851; x_wconf 79' lang='grc' dir='ltr'>λέγει.</span> 
     </span>
    </p>
   </div>
   <div class='ocr_carea' id='block_1_47' title="bbox 2145 1879 3638 1961">
    <p class='ocr_par' dir='ltr' id='par_1_47' title="bbox 2145 1879 3638 1961">
     <span class='ocr_line' id='line_1_47' title="bbox 2145 1879 3638 1961; baseline -0.009 -15"><span class='ocrx_word' id='word_1_278' title='bbox 2145 1895 2206 1947; x_wconf 87' lang='lat' dir='ltr'><strong>Ol</strong></span> <span class='ocrx_word' id='word_1_279' title='bbox 2236 1893 2292 1946; x_wconf 85' lang='grc' dir='ltr'><strong>δὲ</strong></span> <span class='ocrx_word' id='word_1_280' title='bbox 2310 1891 2767 1961; x_wconf 79' lang='grc' dir='ltr'><strong>συγκαθεζόμενοι</strong></span> <span class='ocrx_word' id='word_1_281' title='bbox 2793 1886 2941 1957; x_wconf 83' lang='grc' dir='ltr'>αύτῷ</span> <span class='ocrx_word' id='word_1_282' title='bbox 2969 1881 3117 1939; x_wconf 75' lang='grc' dir='ltr'>εἷπον</span> <span class='ocrx_word' id='word_1_283' title='bbox 3137 1901 3148 1913; x_wconf 92' lang='grc'><strong>·</strong></span> <span class='ocrx_word' id='word_1_284' title='bbox 3179 1882 3377 1938; x_wconf 76' lang='grc' dir='ltr'>Λοιπδν</span> <span class='ocrx_word' id='word_1_285' title='bbox 3408 1884 3505 1949; x_wconf 80' lang='grc' dir='ltr'>τὴν</span> <span class='ocrx_word' id='word_1_286' title='bbox 3529 1879 3638 1933; x_wconf 84' lang='grc' dir='ltr'>τῶν</span> 
     </span>
    </p>
   </div>
   <div class='ocr_carea' id='block_1_48' title="bbox 2075 1971 3638 2056">
    <p class='ocr_par' dir='ltr' id='par_1_48' title="bbox 2075 1971 3638 2056">
     <span class='ocr_line' id='line_1_48' title="bbox 2075 1971 3638 2056; baseline -0.009 -20"><span class='ocrx_word' id='word_1_287' title='bbox 2075 1983 2440 2056; x_wconf 72' lang='grc' dir='ltr'>Σαρῤακηνῶν</span> <span class='ocrx_word' id='word_1_288' title='bbox 2467 1981 2760 2054; x_wconf 80' lang='grc' dir='ltr'>θρησκείαν</span> <span class='ocrx_word' id='word_1_289' title='bbox 2789 1977 3286 2048; x_wconf 83' lang='grc' dir='ltr'>ἀναθεματίσαντα,</span> <span class='ocrx_word' id='word_1_290' title='bbox 3317 1974 3411 2027; x_wconf 78' lang='grc' dir='ltr'>καὶ</span> <span class='ocrx_word' id='word_1_291' title='bbox 3443 1973 3524 2034; x_wconf 86' lang='grc' dir='ltr'><strong>είς</strong></span> <span class='ocrx_word' id='word_1_292' title='bbox 3545 1971 3638 2023; x_wconf 71' lang='grc' dir='ltr'><strong>τὸν</strong></span> 
     </span>
    </p>
   </div>
   <div class='ocr_carea' id='block_1_49' title="bbox 2078 2063 3633 2147">
    <p class='ocr_par' dir='ltr' id='par_1_49' title="bbox 2078 2063 3633 2147">
     <span class='ocr_line' id='line_1_49' title="bbox 2078 2063 3633 2147; baseline -0.01 -18"><span class='ocrx_word' id='word_1_293' title='bbox 2078 2075 2250 2147; x_wconf 83' lang='grc' dir='ltr'>μέγαν</span> <span class='ocrx_word' id='word_1_294' title='bbox 2280 2075 2561 2144; x_wconf 74' lang='grc' dir='ltr'>προφήτην</span> <span class='ocrx_word' id='word_1_295' title='bbox 2591 2069 3033 2142; x_wconf 70' lang='grc' dir='ltr'>βλασφημοῦντα,</span> <span class='ocrx_word' id='word_1_296' title='bbox 3065 2066 3283 2128; x_wconf 81' lang='grc' dir='ltr'>ἀκούεις</span> <span class='ocrx_word' id='word_1_297' title='bbox 3308 2064 3404 2118; x_wconf 79' lang='grc' dir='ltr'>καὶ</span> <span class='ocrx_word' id='word_1_298' title='bbox 3424 2063 3633 2130; x_wconf 74' lang='grc' dir='ltr'>λέγεις’</span> 
     </span>
    </p>
   </div>
   <div class='ocr_carea' id='block_1_50' title="bbox 2075 2153 3639 2230">
    <p class='ocr_par' dir='ltr' id='par_1_50' title="bbox 2075 2153 3639 2230">
     <span class='ocr_line' id='line_1_50' title="bbox 2075 2153 3639 2230; baseline -0.01 -13"><span class='ocrx_word' id='word_1_299' title='bbox 2075 2165 2188 2217; x_wconf 89' lang='grc' dir='ltr'>Ούκ</span> <span class='ocrx_word' id='word_1_300' title='bbox 2216 2157 2323 2215; x_wconf 73' lang='grc' dir='ltr'>οἶδε</span> <span class='ocrx_word' id='word_1_301' title='bbox 2361 2161 2414 2214; x_wconf 87' lang='grc' dir='ltr'><strong>τί</strong></span> <span class='ocrx_word' id='word_1_302' title='bbox 2446 2161 2690 2230; x_wconf 80' lang='grc' dir='ltr'>φλυαρεῖ,</span> <span class='ocrx_word' id='word_1_303' title='bbox 2730 2160 2854 2212; x_wconf 65' lang='grc' dir='ltr'><strong>Ἐὰν</strong></span> <span class='ocrx_word' id='word_1_304' title='bbox 2883 2159 2939 2211; x_wconf 80' lang='grc' dir='ltr'><strong>δὲ</strong></span> <span class='ocrx_word' id='word_1_305' title='bbox 2975 2159 3075 2210; x_wconf 89' lang='grc' dir='ltr'><strong>ούκ</strong></span> <span class='ocrx_word' id='word_1_306' title='bbox 3101 2154 3427 2226; x_wconf 69' lang='grc' dir='ltr'>ἀποκτείνῃς</span> <span class='ocrx_word' id='word_1_307' title='bbox 3453 2153 3639 2217; x_wconf 71' lang='grc' dir='ltr'>αὑτὸν,</span> 
     </span>
    </p>
   </div>
   <div class='ocr_carea' id='block_1_51' title="bbox 2074 2243 3426 2322">
    <p class='ocr_par' dir='ltr' id='par_1_51' title="bbox 2074 2243 3426 2322">
     <span class='ocr_line' id='line_1_51' title="bbox 2074 2243 3426 2322; baseline -0.008 -17"><span class='ocrx_word' id='word_1_308' title='bbox 2074 2251 2416 2322; x_wconf 74' lang='grc' dir='ltr'>πορευόμεθα</span> <span class='ocrx_word' id='word_1_309' title='bbox 2438 2252 2532 2303; x_wconf 70' lang='grc' dir='ltr'>καὶ</span> <span class='ocrx_word' id='word_1_310' title='bbox 2555 2251 2718 2319; x_wconf 79' lang='grc' dir='ltr'>ἡμεῖς</span> <span class='ocrx_word' id='word_1_311' title='bbox 2743 2246 3061 2318; x_wconf 75' lang='grc' dir='ltr'>Χριστιανοὶ</span> <span class='ocrx_word' id='word_1_312' title='bbox 3092 2243 3362 2313; x_wconf 79' lang='grc' dir='ltr'>γενέσθαι.</span> <span class='ocrx_word' id='word_1_313' title='bbox 3423 2245 3426 2248; x_wconf 83' lang='grc'><em>’</em></span> 
     </span>
    </p>
   </div>
   <div class='ocr_carea' id='block_1_52' title="bbox 2153 2439 3640 2517">
    <p class='ocr_par' dir='ltr' id='par_1_52' title="bbox 2153 2439 3640 2517">
     <span class='ocr_line' id='line_1_52' title="bbox 2153 2439 3640 2517; baseline -0.01 -12"><span class='ocrx_word' id='word_1_314' title='bbox 2153 2451 2210 2504; x_wconf 85' lang='lat'><strong>&#39;0</strong></span> <span class='ocrx_word' id='word_1_315' title='bbox 2249 2450 2305 2503; x_wconf 75' lang='grc' dir='ltr'>δὲ</span> <span class='ocrx_word' id='word_1_316' title='bbox 2352 2446 2727 2517; x_wconf 78' lang='grc' dir='ltr'>Ἀμερουμνῆς</span> <span class='ocrx_word' id='word_1_317' title='bbox 2747 2445 2894 2514; x_wconf 80' lang='grc' dir='ltr'>λέγει</span> <span class='ocrx_word' id='word_1_318' title='bbox 2917 2459 2930 2474; x_wconf 87' lang='grc'><strong>·</strong></span> <span class='ocrx_word' id='word_1_319' title='bbox 2982 2441 3122 2510; x_wconf 87' lang='grc' dir='ltr'><strong>Ἐγὼ</strong></span> <span class='ocrx_word' id='word_1_320' title='bbox 3149 2441 3208 2494; x_wconf 80' lang='grc' dir='ltr'><strong>ού</strong></span> <span class='ocrx_word' id='word_1_321' title='bbox 3237 2440 3468 2510; x_wconf 85' lang='grc' dir='ltr'>δύναμαι</span> <span class='ocrx_word' id='word_1_322' title='bbox 3503 2439 3640 2492; x_wconf 85' lang='grc' dir='ltr'>ἀπο-</span> 
     </span>
    </p>
   </div>
   <div class='ocr_carea' id='block_1_53' title="bbox 2075 2530 3638 2604">
    <p class='ocr_par' dir='ltr' id='par_1_53' title="bbox 2075 2530 3638 2604">
     <span class='ocr_line' id='line_1_53' title="bbox 2075 2530 3638 2604; baseline -0.008 -10"><span class='ocrx_word' id='word_1_323' title='bbox 2075 2544 2276 2594; x_wconf 80' lang='grc' dir='ltr'>κτεῖναι</span> <span class='ocrx_word' id='word_1_324' title='bbox 2328 2540 2512 2601; x_wconf 78' lang='grc' dir='ltr'>αὑτὸν,</span> <span class='ocrx_word' id='word_1_325' title='bbox 2549 2538 2630 2590; x_wconf 83' lang='grc' dir='ltr'>ὅτι</span> <span class='ocrx_word' id='word_1_326' title='bbox 2678 2538 2808 2604; x_wconf 77' lang='grc' dir='ltr'><strong>ὲμδς</strong></span> <span class='ocrx_word' id='word_1_327' title='bbox 2849 2535 3064 2604; x_wconf 74' lang='grc' dir='ltr'>ἀνεψιός</span> <span class='ocrx_word' id='word_1_328' title='bbox 3104 2537 3241 2596; x_wconf 77' lang='grc' dir='ltr'>ἐστι,</span> <span class='ocrx_word' id='word_1_329' title='bbox 3275 2534 3369 2586; x_wconf 76' lang='grc' dir='ltr'>καὶ</span> <span class='ocrx_word' id='word_1_330' title='bbox 3395 2530 3638 2601; x_wconf 83' lang='grc' dir='ltr'>ἄχθομαι</span> 
     </span>
    </p>
   </div>
   <div class='ocr_carea' id='block_1_54' title="bbox 2073 2620 3640 2695">
    <p class='ocr_par' dir='ltr' id='par_1_54' title="bbox 2073 2620 3640 2695">
     <span class='ocr_line' id='line_1_54' title="bbox 2073 2620 3640 2695; baseline -0.006 -12"><span class='ocrx_word' id='word_1_331' title='bbox 2073 2631 2256 2683; x_wconf 79' lang='grc' dir='ltr'>αὐτόν·</span> <span class='ocrx_word' id='word_1_332' title='bbox 2299 2629 2436 2682; x_wconf 75' lang='grc' dir='ltr'>ἀλλὰ</span> <span class='ocrx_word' id='word_1_333' title='bbox 2467 2627 2863 2681; x_wconf 76' lang='grc' dir='ltr'>λάϐετε-αύτδν</span> <span class='ocrx_word' id='word_1_334' title='bbox 2905 2627 3082 2695; x_wconf 77' lang='grc' dir='ltr'>ὑμεῖς,</span> <span class='ocrx_word' id='word_1_335' title='bbox 3130 2625 3224 2678; x_wconf 71' lang='grc' dir='ltr'>καὶ</span> <span class='ocrx_word' id='word_1_336' title='bbox 3271 2623 3537 2694; x_wconf 72' lang='grc' dir='ltr'>ποιήσατε</span> <span class='ocrx_word' id='word_1_337' title='bbox 3563 2620 3640 2683; x_wconf 80' lang='grc' dir='ltr'>ὡς</span> 
     </span>
    </p>
   </div>
   <div class='ocr_carea' id='block_1_55' title="bbox 2077 2719 2349 2789">
    <p class='ocr_par' dir='ltr' id='par_1_55' title="bbox 2077 2719 2349 2789">
     <span class='ocr_line' id='line_1_55' title="bbox 2077 2719 2349 2789; baseline 0 -18"><span class='ocrx_word' id='word_1_338' title='bbox 2077 2719 2349 2789; x_wconf 86' lang='grc' dir='ltr'>βούλεσθε.</span> 
     </span>
    </p>
   </div>
   <div class='ocr_carea' id='block_1_56' title="bbox 2145 2826 3637 2899">
    <p class='ocr_par' dir='ltr' id='par_1_56' title="bbox 2145 2826 3637 2899">
     <span class='ocr_line' id='line_1_56' title="bbox 2145 2826 3637 2899; baseline -0.003 -15"><span class='ocrx_word' id='word_1_339' title='bbox 2145 2833 2205 2884; x_wconf 85' lang='grc' dir='ltr'><strong>υἱ</strong></span> <span class='ocrx_word' id='word_1_340' title='bbox 2235 2831 2290 2882; x_wconf 77' lang='grc' dir='ltr'><strong>δὲ</strong></span> <span class='ocrx_word' id='word_1_341' title='bbox 2323 2829 2516 2883; x_wconf 72' lang='grc' dir='ltr'>ἔλαϐον</span> <span class='ocrx_word' id='word_1_342' title='bbox 2551 2829 2642 2882; x_wconf 85' lang='grc' dir='ltr'>τὸν</span> <span class='ocrx_word' id='word_1_343' title='bbox 2681 2827 2915 2899; x_wconf 78' lang='grc' dir='ltr'>μοναχὸν</span> <span class='ocrx_word' id='word_1_344' title='bbox 2942 2827 3082 2898; x_wconf 82' lang='grc' dir='ltr'>μετὰ</span> <span class='ocrx_word' id='word_1_345' title='bbox 3129 2827 3389 2895; x_wconf 83' lang='grc' dir='ltr'><strong>πλείστης</strong></span> <span class='ocrx_word' id='word_1_346' title='bbox 3435 2826 3600 2897; x_wconf 82' lang='grc' dir='ltr'>ὀργῆς</span> <span class='ocrx_word' id='word_1_347' title='bbox 3621 2866 3637 2889; x_wconf 88' lang='grc'><strong>,</strong></span> 
     </span>
    </p>
   </div>
   <div class='ocr_carea' id='block_1_57' title="bbox 2075 2914 3637 2990">
    <p class='ocr_par' dir='ltr' id='par_1_57' title="bbox 2075 2914 3637 2990">
     <span class='ocr_line' id='line_1_57' title="bbox 2075 2914 3637 2990; baseline -0.005 -16"><span class='ocrx_word' id='word_1_348' title='bbox 2075 2921 2170 2975; x_wconf 74' lang='grc' dir='ltr'>καὶ</span> <span class='ocrx_word' id='word_1_349' title='bbox 2205 2920 2465 2990; x_wconf 85' lang='grc' dir='ltr'>σύραντες</span> <span class='ocrx_word' id='word_1_350' title='bbox 2490 2919 2651 2973; x_wconf 82' lang='grc' dir='ltr'>αὑτὸν</span> <span class='ocrx_word' id='word_1_351' title='bbox 2682 2918 2880 2982; x_wconf 77' lang='grc' dir='ltr'>ἔξωθεν</span> <span class='ocrx_word' id='word_1_352' title='bbox 2907 2916 3000 2970; x_wconf 82' lang='grc' dir='ltr'>τοῦ</span> <span class='ocrx_word' id='word_1_353' title='bbox 3041 2916 3303 2970; x_wconf 86' lang='grc' dir='ltr'>παλατίου</span> <span class='ocrx_word' id='word_1_354' title='bbox 3325 2956 3354 2987; x_wconf 89' lang='lat'><strong>,_</strong></span> <span class='ocrx_word' id='word_1_355' title='bbox 3381 2917 3475 2969; x_wconf 80' lang='grc' dir='ltr'>καὶ</span> <span class='ocrx_word' id='word_1_356' title='bbox 3509 2914 3637 2967; x_wconf 83' lang='grc' dir='ltr'>πολ-</span> 
     </span>
    </p>
   </div>
   <div class='ocr_carea' id='block_1_58' title="bbox 411 3003 1968 3080">
    <p class='ocr_par' dir='ltr' id='par_1_58' title="bbox 411 3013 1968 3080">
     <span class='ocr_line' id='line_1_58' title="bbox 411 3013 1968 3080; baseline 0.006 -18"><span class='ocrx_word' id='word_1_357' title='bbox 411 3013 714 3077; x_wconf 26' lang='grc' dir='ltr'>κιοιιιίε,ιυι</span> <span class='ocrx_word' id='word_1_358' title='bbox 761 3013 826 3065; x_wconf 87' lang='lat' dir='ltr'><strong>ad</strong></span> <span class='ocrx_word' id='word_1_359' title='bbox 855 3013 1141 3080; x_wconf 91' lang='lat' dir='ltr'><strong>pristinant</strong></span> <span class='ocrx_word' id='word_1_360' title='bbox 1186 3014 1614 3069; x_wconf 87' lang='lat' dir='ltr'><strong>Sarracenorum</strong></span> <span class='ocrx_word' id='word_1_361' title='bbox 1668 3017 1830 3070; x_wconf 84' lang='lat' dir='ltr'><strong>Iidem</strong></span> <span class='ocrx_word' id='word_1_362' title='bbox 1885 3032 1968 3072; x_wconf 86' lang='lat' dir='ltr'><strong>re-</strong></span> 
     </span>
    </p>
   </div>
   <div class='ocr_carea' id='block_1_59' title="bbox 2093 3003 3636 3080">
    <p class='ocr_par' dir='ltr' id='par_1_59' title="bbox 2093 3003 3636 3080">
     <span class='ocr_line' id='line_1_59' title="bbox 2093 3003 3636 3080; baseline -0.004 -17"><span class='ocrx_word' id='word_1_363' title='bbox 2093 3013 2193 3073; x_wconf 69' lang='lat' dir='ltr'><strong>ta&#39;t’;</strong></span> <span class='ocrx_word' id='word_1_364' title='bbox 2239 3008 2491 3080; x_wconf 85' lang='grc' dir='ltr'>βασάνοις</span> <span class='ocrx_word' id='word_1_365' title='bbox 2535 3006 2725 3061; x_wconf 81' lang='grc' dir='ltr'>τοῦτον</span> <span class='ocrx_word' id='word_1_366' title='bbox 2770 3007 3118 3078; x_wconf 81' lang='grc' dir='ltr'>παρέδωκαν,</span> <span class='ocrx_word' id='word_1_367' title='bbox 3177 3008 3264 3060; x_wconf 75' lang='grc' dir='ltr'>ἵνα</span> <span class='ocrx_word' id='word_1_368' title='bbox 3315 3003 3636 3076; x_wconf 74' lang='grc' dir='ltr'>ἐπιστρέψαι</span> 
     </span>
    </p>
   </div>
   <div class='ocr_carea' id='block_1_60' title="bbox 409 3103 1973 3162">
    <p class='ocr_par' dir='ltr' id='par_1_60' title="bbox 409 3103 1973 3162">
     <span class='ocr_line' id='line_1_60' title="bbox 409 3103 1973 3162; baseline 0.008 -13"><span class='ocrx_word' id='word_1_369' title='bbox 409 3111 766 3155; x_wconf 66' lang='lat' dir='ltr'><strong>verteretur:</strong></span> <span class='ocrx_word' id='word_1_370' title='bbox 820 3103 912 3156; x_wconf 89' lang='lat' dir='ltr'><strong>sed</strong></span> <span class='ocrx_word' id='word_1_371' title='bbox 969 3104 1057 3158; x_wconf 89' lang='lat' dir='ltr'><strong>ille</strong></span> <span class='ocrx_word' id='word_1_372' title='bbox 1098 3120 1204 3159; x_wconf 88' lang='lat' dir='ltr'><strong>non</strong></span> <span class='ocrx_word' id='word_1_373' title='bbox 1273 3105 1618 3160; x_wconf 88' lang='lat' dir='ltr'><strong>consentiens</strong></span> <span class='ocrx_word' id='word_1_374' title='bbox 1672 3105 1973 3162; x_wconf 85' lang='lat' dir='ltr'><strong>instruebat</strong></span> 
     </span>
    </p>
   </div>
   <div class='ocr_carea' id='block_1_61' title="bbox 406 3193 1976 3262">
    <p class='ocr_par' dir='ltr' id='par_1_61' title="bbox 406 3193 1976 3262">
     <span class='ocr_line' id='line_1_61' title="bbox 406 3193 1976 3262; baseline 0.008 -20"><span class='ocrx_word' id='word_1_375' title='bbox 406 3208 600 3246; x_wconf 74' lang='grc' dir='ltr'>οιιιηρε</span> <span class='ocrx_word' id='word_1_376' title='bbox 627 3193 677 3244; x_wconf 91' lang='lat' dir='ltr'><strong>in</strong></span> <span class='ocrx_word' id='word_1_377' title='bbox 721 3195 934 3248; x_wconf 68' lang='lat' dir='ltr'><strong>nonnae</strong></span> <span class='ocrx_word' id='word_1_378' title='bbox 961 3193 1088 3250; x_wconf 82' lang='lat' dir='ltr'><strong>Jesu</strong></span> <span class='ocrx_word' id='word_1_379' title='bbox 1139 3195 1341 3250; x_wconf 85' lang='lat' dir='ltr'><strong>Christi</strong></span> <span class='ocrx_word' id='word_1_380' title='bbox 1372 3195 1658 3262; x_wconf 85' lang='lat' dir='ltr'><strong>Nazareni,</strong></span> <span class='ocrx_word' id='word_1_381' title='bbox 1697 3206 1753 3250; x_wconf 89' lang='lat' dir='ltr'><strong>ut</strong></span> <span class='ocrx_word' id='word_1_382' title='bbox 1784 3199 1976 3254; x_wconf 87' lang='lat' dir='ltr'><strong>crede-</strong></span> 
     </span>
    </p>
   </div>
   <div class='ocr_carea' id='block_1_62' title="bbox 405 3286 990 3340">
    <p class='ocr_par' dir='ltr' id='par_1_62' title="bbox 405 3286 990 3340">
     <span class='ocr_line' id='line_1_62' title="bbox 405 3286 990 3340; baseline 0.01 -5"><span class='ocrx_word' id='word_1_383' title='bbox 405 3295 528 3337; x_wconf 72' lang='lat' dir='ltr'><strong>rent</strong></span> <span class='ocrx_word' id='word_1_384' title='bbox 554 3293 607 3338; x_wconf 90' lang='lat' dir='ltr'><strong>et</strong></span> <span class='ocrx_word' id='word_1_385' title='bbox 633 3286 990 3340; x_wconf 78' lang='lat' dir='ltr'><strong>salvarentur.</strong></span> 
     </span>
    </p>
   </div>
   <div class='ocr_carea' id='block_1_63' title="bbox 478 3481 1971 3545">
    <p class='ocr_par' dir='ltr' id='par_1_63' title="bbox 478 3481 1971 3545">
     <span class='ocr_line' id='line_1_63' title="bbox 478 3481 1971 3545; baseline 0.005 -8"><span class='ocrx_word' id='word_1_386' title='bbox 478 3481 591 3537; x_wconf 77' lang='lat' dir='ltr'><strong>XL.</strong></span> <span class='ocrx_word' id='word_1_387' title='bbox 619 3481 904 3538; x_wconf 82' lang='lat' dir='ltr'><strong>Sarraceni</strong></span> <span class='ocrx_word' id='word_1_388' title='bbox 943 3500 1070 3538; x_wconf 85' lang='lat' dir='ltr'><strong>vero</strong></span> <span class='ocrx_word' id='word_1_389' title='bbox 1121 3497 1400 3541; x_wconf 87' lang='lat' dir='ltr'><strong>traxerunt</strong></span> <span class='ocrx_word' id='word_1_390' title='bbox 1430 3504 1548 3542; x_wconf 89' lang='lat' dir='ltr'><strong>eum</strong></span> <span class='ocrx_word' id='word_1_391' title='bbox 1593 3500 1742 3542; x_wconf 77' lang='lat' dir='ltr'><strong>extra</strong></span> <span class='ocrx_word' id='word_1_392' title='bbox 1778 3491 1971 3545; x_wconf 80' lang='lat' dir='ltr'><strong>civita-</strong></span> 
     </span>
    </p>
   </div>
   <div class='ocr_carea' id='block_1_64' title="bbox 405 3574 1968 3647">
    <p class='ocr_par' dir='ltr' id='par_1_64' title="bbox 405 3574 1968 3647">
     <span class='ocr_line' id='line_1_64' title="bbox 405 3574 1968 3647; baseline 0.01 -24"><span class='ocrx_word' id='word_1_393' title='bbox 405 3583 536 3637; x_wconf 85' lang='lat' dir='ltr'><strong>tem,</strong></span> <span class='ocrx_word' id='word_1_394' title='bbox 575 3584 627 3627; x_wconf 90' lang='lat' dir='ltr'><strong>et</strong></span> <span class='ocrx_word' id='word_1_395' title='bbox 655 3574 1282 3647; x_wconf 81' lang='lat' dir='ltr'><strong>ibidemsanetissimum</strong></span> <span class='ocrx_word' id='word_1_396' title='bbox 1315 3579 1457 3639; x_wconf 83' lang='lat' dir='ltr'><strong>hunc</strong></span> <span class='ocrx_word' id='word_1_397' title='bbox 1486 3581 1808 3636; x_wconf 90' lang='lat' dir='ltr'><strong>monaclmm</strong></span> <span class='ocrx_word' id='word_1_398' title='bbox 1830 3621 1845 3647; x_wconf 88' lang='lat'><strong>,</strong></span> <span class='ocrx_word' id='word_1_399' title='bbox 1882 3584 1968 3638; x_wconf 90' lang='lat' dir='ltr'><strong>cui</strong></span> 
     </span>
    </p>
   </div>
   <div class='ocr_carea' id='block_1_65' title="bbox 401 3665 1722 3737">
    <p class='ocr_par' dir='ltr' id='par_1_65' title="bbox 401 3665 1722 3737">
     <span class='ocr_line' id='line_1_65' title="bbox 401 3665 1722 3737; baseline 0.007 -23"><span class='ocrx_word' id='word_1_400' title='bbox 401 3678 602 3717; x_wconf 83' lang='lat' dir='ltr'><strong>nomen</strong></span> <span class='ocrx_word' id='word_1_401' title='bbox 637 3665 713 3734; x_wconf 82' lang='lat'><strong>(6)</strong></span> <span class='ocrx_word' id='word_1_402' title='bbox 750 3665 1076 3722; x_wconf 87' lang='lat' dir='ltr'><strong>Pachumius</strong></span> <span class='ocrx_word' id='word_1_403' title='bbox 1105 3667 1372 3737; x_wconf 87' lang='lat' dir='ltr'><strong>lapidibus</strong></span> <span class='ocrx_word' id='word_1_404' title='bbox 1403 3668 1722 3724; x_wconf 84' lang='lat' dir='ltr'><strong>obruerunt.</strong></span> 
     </span>
    </p>
   </div>
   <div class='ocr_carea' id='block_1_66' title="bbox 473 3774 1967 3848">
    <p class='ocr_par' dir='ltr' id='par_1_66' title="bbox 473 3774 1967 3848">
     <span class='ocr_line' id='line_1_66' title="bbox 473 3774 1967 3848; baseline 0.005 -21"><span class='ocrx_word' id='word_1_405' title='bbox 473 3774 608 3828; x_wconf 87' lang='lat' dir='ltr'><strong>XLI.</strong></span> <span class='ocrx_word' id='word_1_406' title='bbox 649 3777 828 3844; x_wconf 78' lang='lat' dir='ltr'><strong>Atque</strong></span> <span class='ocrx_word' id='word_1_407' title='bbox 857 3777 1041 3833; x_wconf 89' lang='lat' dir='ltr'><strong>eadem</strong></span> <span class='ocrx_word' id='word_1_408' title='bbox 1073 3787 1228 3832; x_wconf 88' lang='lat' dir='ltr'><strong>nocte</strong></span> <span class='ocrx_word' id='word_1_409' title='bbox 1258 3777 1412 3833; x_wconf 88' lang='lat' dir='ltr'><strong>stella</strong></span> <span class='ocrx_word' id='word_1_410' title='bbox 1444 3777 1581 3832; x_wconf 71' lang='lat' dir='ltr'><strong>cmlo</strong></span> <span class='ocrx_word' id='word_1_411' title='bbox 1613 3778 1967 3848; x_wconf 88' lang='lat' dir='ltr'><strong>descendens,</strong></span> 
     </span>
    </p>
   </div>
   <div class='ocr_carea' id='block_1_67' title="bbox 395 3868 1967 3940">
    <p class='ocr_par' dir='ltr' id='par_1_67' title="bbox 395 3868 1967 3940">
     <span class='ocr_line' id='line_1_67' title="bbox 395 3868 1967 3940; baseline 0.006 -23"><span class='ocrx_word' id='word_1_412' title='bbox 395 3881 569 3933; x_wconf 77' lang='lat' dir='ltr'><strong>super</strong></span> <span class='ocrx_word' id='word_1_413' title='bbox 595 3868 941 3922; x_wconf 80' lang='lat' dir='ltr'><strong>s:mctissimo</strong></span> <span class='ocrx_word' id='word_1_414' title='bbox 963 3881 1200 3940; x_wconf 82' lang='lat' dir='ltr'><strong>martyre</strong></span> <span class='ocrx_word' id='word_1_415' title='bbox 1229 3869 1453 3939; x_wconf 88' lang='lat' dir='ltr'><strong>quievit,</strong></span> <span class='ocrx_word' id='word_1_416' title='bbox 1477 3884 1705 3938; x_wconf 90' lang='lat' dir='ltr'><strong>eamque</strong></span> <span class='ocrx_word' id='word_1_417' title='bbox 1736 3884 1830 3940; x_wconf 89' lang='lat' dir='ltr'><strong>per</strong></span> <span class='ocrx_word' id='word_1_418' title='bbox 1852 3872 1967 3926; x_wconf 86' lang='lat' dir='ltr'><strong>dies</strong></span> 
     </span>
    </p>
   </div>
   <div class='ocr_carea' id='block_1_68' title="bbox 397 3958 1968 4030">
    <p class='ocr_par' dir='ltr' id='par_1_68' title="bbox 397 3958 1968 4030">
     <span class='ocr_line' id='line_1_68' title="bbox 397 3958 1968 4030; baseline 0.006 -25"><span class='ocrx_word' id='word_1_419' title='bbox 397 3958 758 4026; x_wconf 73' lang='lat' dir='ltr'><strong>quadraginta</strong></span> <span class='ocrx_word' id='word_1_420' title='bbox 782 3961 962 4014; x_wconf 88' lang='lat' dir='ltr'><strong>cuncti</strong></span> <span class='ocrx_word' id='word_1_421' title='bbox 1000 3961 1294 4030; x_wconf 88' lang='lat' dir='ltr'><strong>conspicati</strong></span> <span class='ocrx_word' id='word_1_422' title='bbox 1329 3968 1475 4022; x_wconf 89' lang='lat' dir='ltr'><strong>sunt,</strong></span> <span class='ocrx_word' id='word_1_423' title='bbox 1505 3976 1572 4014; x_wconf 77' lang='lat' dir='ltr'><strong>ex</strong></span> <span class='ocrx_word' id='word_1_424' title='bbox 1597 3961 1790 4029; x_wconf 88' lang='lat' dir='ltr'><strong>quibus</strong></span> <span class='ocrx_word' id='word_1_425' title='bbox 1813 3962 1968 4016; x_wconf 87' lang='lat' dir='ltr'><strong>multi</strong></span> 
     </span>
    </p>
   </div>
   <div class='ocr_carea' id='block_1_69' title="bbox 396 4050 1962 4122">
    <p class='ocr_par' dir='ltr' id='par_1_69' title="bbox 396 4050 1962 4122">
     <span class='ocr_line' id='line_1_69' title="bbox 396 4050 1962 4122; baseline 0.005 -22"><span class='ocrx_word' id='word_1_426' title='bbox 396 4050 784 4113; x_wconf 74' lang='lat' dir='ltr'><strong>crediderunt,</strong></span> <span class='ocrx_word' id='word_1_427' title='bbox 826 4051 1122 4106; x_wconf 85' lang='lat' dir='ltr'><strong>beatissimi</strong></span> <span class='ocrx_word' id='word_1_428' title='bbox 1157 4052 1410 4122; x_wconf 85' lang='lat' dir='ltr'><strong>martyris</strong></span> <span class='ocrx_word' id='word_1_429' title='bbox 1457 4052 1962 4121; x_wconf 87' lang='lat' dir='ltr'><strong>deprecationibns,</strong></span> 
     </span>
    </p>
   </div>
   <div class='ocr_carea' id='block_1_70' title="bbox 396 4139 1960 4212">
    <p class='ocr_par' dir='ltr' id='par_1_70' title="bbox 396 4139 1960 4212">
     <span class='ocr_line' id='line_1_70' title="bbox 396 4139 1960 4212; baseline 0.004 -22"><span class='ocrx_word' id='word_1_430' title='bbox 396 4147 455 4190; x_wconf 77' lang='lat' dir='ltr'><strong>et</strong></span> <span class='ocrx_word' id='word_1_431' title='bbox 484 4139 790 4206; x_wconf 65' lang='lat' dir='ltr'><strong>purissimae</strong></span> <span class='ocrx_word' id='word_1_432' title='bbox 817 4141 906 4194; x_wconf 91' lang='lat' dir='ltr'><strong>Dei</strong></span> <span class='ocrx_word' id='word_1_433' title='bbox 941 4140 1228 4196; x_wconf 86' lang='lat' dir='ltr'><strong>Genitricis</strong></span> <span class='ocrx_word' id='word_1_434' title='bbox 1259 4141 1440 4196; x_wconf 74' lang='lat' dir='ltr'><strong>Maria:</strong></span> <span class='ocrx_word' id='word_1_435' title='bbox 1473 4155 1688 4211; x_wconf 83' lang='lat' dir='ltr'><strong>semper</strong></span> <span class='ocrx_word' id='word_1_436' title='bbox 1704 4140 1960 4212; x_wconf 80' lang='lat' dir='ltr'><strong>Virginis,</strong></span> 
     </span>
    </p>
   </div>
   <div class='ocr_carea' id='block_1_71' title="bbox 2081 3096 3637 3172">
    <p class='ocr_par' dir='ltr' id='par_1_71' title="bbox 2081 3096 3637 3172">
     <span class='ocr_line' id='line_1_71' title="bbox 2081 3096 3637 3172; baseline -0.004 -17"><span class='ocrx_word' id='word_1_437' title='bbox 2081 3102 2215 3172; x_wconf 75' lang='grc' dir='ltr'>πρὸς</span> <span class='ocrx_word' id='word_1_438' title='bbox 2251 3100 2347 3171; x_wconf 82' lang='grc' dir='ltr'>τὴν</span> <span class='ocrx_word' id='word_1_439' title='bbox 2391 3097 2614 3169; x_wconf 82' lang='grc' dir='ltr'>πρώτην</span> <span class='ocrx_word' id='word_1_440' title='bbox 2669 3097 2966 3170; x_wconf 81' lang='grc' dir='ltr'>θρησκείαν</span> <span class='ocrx_word' id='word_1_441' title='bbox 3009 3097 3117 3153; x_wconf 87' lang='grc' dir='ltr'><strong>τῶν</strong></span> <span class='ocrx_word' id='word_1_442' title='bbox 3143 3096 3530 3170; x_wconf 77' lang='grc' dir='ltr'>Σαρρακηνῶν.</span> <span class='ocrx_word' id='word_1_443' title='bbox 3580 3096 3637 3149; x_wconf 84' lang='grc' dir='ltr'>Ὀ</span> 
     </span>
    </p>
   </div>
   <div class='ocr_carea' id='block_1_72' title="bbox 2076 3183 3633 3262">
    <p class='ocr_par' dir='ltr' id='par_1_72' title="bbox 2076 3183 3633 3262">
     <span class='ocr_line' id='line_1_72' title="bbox 2076 3183 3633 3262; baseline -0.006 -16"><span class='ocrx_word' id='word_1_444' title='bbox 2076 3193 2132 3246; x_wconf 82' lang='grc' dir='ltr'><strong>δὲ</strong></span> <span class='ocrx_word' id='word_1_445' title='bbox 2162 3191 2238 3262; x_wconf 82' lang='grc' dir='ltr'><strong>μὴ</strong></span> <span class='ocrx_word' id='word_1_446' title='bbox 2262 3191 2447 3256; x_wconf 82' lang='grc' dir='ltr'>θέλων,</span> <span class='ocrx_word' id='word_1_447' title='bbox 2493 3189 2739 3243; x_wconf 76' lang='grc' dir='ltr'>ἐδίδασκε</span> <span class='ocrx_word' id='word_1_448' title='bbox 2769 3189 2977 3250; x_wconf 82' lang='grc' dir='ltr'>πάντας</span> <span class='ocrx_word' id='word_1_449' title='bbox 3002 3190 3062 3242; x_wconf 82' lang='grc' dir='ltr'>ὲν</span> <span class='ocrx_word' id='word_1_450' title='bbox 3094 3187 3172 3259; x_wconf 82' lang='grc' dir='ltr'>τῷ</span> <span class='ocrx_word' id='word_1_451' title='bbox 3200 3187 3422 3258; x_wconf 84' lang='grc' dir='ltr'>ὀνόματι</span> <span class='ocrx_word' id='word_1_452' title='bbox 3463 3183 3633 3257; x_wconf 75' lang='grc' dir='ltr'><strong>Ἰησοῦ</strong></span> 
     </span>
    </p>
   </div>
   <div class='ocr_carea' id='block_1_73' title="bbox 2079 3276 3632 3352">
    <p class='ocr_par' dir='ltr' id='par_1_73' title="bbox 2079 3276 3632 3352">
     <span class='ocr_line' id='line_1_73' title="bbox 2079 3276 3632 3352; baseline -0.003 -16"><span class='ocrx_word' id='word_1_453' title='bbox 2079 3280 2314 3352; x_wconf 82' lang='grc' dir='ltr'>Χριστοῦ</span> <span class='ocrx_word' id='word_1_454' title='bbox 2359 3279 2452 3333; x_wconf 82' lang='grc' dir='ltr'><strong>τοῦ</strong></span> <span class='ocrx_word' id='word_1_455' title='bbox 2492 3277 2851 3350; x_wconf 78' lang='grc' dir='ltr'>Ναζωραίου,</span> <span class='ocrx_word' id='word_1_456' title='bbox 2896 3280 2983 3332; x_wconf 81' lang='grc' dir='ltr'>ἵνα</span> <span class='ocrx_word' id='word_1_457' title='bbox 3027 3276 3342 3343; x_wconf 83' lang='grc' dir='ltr'>πιστεύωσι,</span> <span class='ocrx_word' id='word_1_458' title='bbox 3390 3279 3483 3332; x_wconf 69' lang='grc' dir='ltr'>καὶ</span> <span class='ocrx_word' id='word_1_459' title='bbox 3532 3293 3632 3332; x_wconf 88' lang='grc' dir='ltr'>σω-</span> 
     </span>
    </p>
   </div>
   <div class='ocr_carea' id='block_1_74' title="bbox 2080 3375 2255 3444">
    <p class='ocr_par' dir='ltr' id='par_1_74' title="bbox 2080 3375 2255 3444">
     <span class='ocr_line' id='line_1_74' title="bbox 2080 3375 2255 3444; baseline -0.006 -17"><span class='ocrx_word' id='word_1_460' title='bbox 2080 3375 2255 3444; x_wconf 83' lang='grc' dir='ltr'>θῆναι.</span> 
     </span>
    </p>
   </div>
   <div class='ocr_carea' id='block_1_75' title="bbox 2148 3476 3630 3553">
    <p class='ocr_par' dir='ltr' id='par_1_75' title="bbox 2148 3476 3630 3553">
     <span class='ocr_line' id='line_1_75' title="bbox 2148 3476 3630 3553; baseline -0.005 -18"><span class='ocrx_word' id='word_1_461' title='bbox 2148 3484 2211 3536; x_wconf 81' lang='lat' dir='ltr'><strong>Ol</strong></span> <span class='ocrx_word' id='word_1_462' title='bbox 2229 3482 2285 3535; x_wconf 84' lang='grc' dir='ltr'><strong>δὲ</strong></span> <span class='ocrx_word' id='word_1_463' title='bbox 2309 3479 2653 3553; x_wconf 76' lang='grc' dir='ltr'>Σαρρακηνοὶ</span> <span class='ocrx_word' id='word_1_464' title='bbox 2678 3476 2878 3549; x_wconf 76' lang='grc' dir='ltr'>ἔσυραν</span> <span class='ocrx_word' id='word_1_465' title='bbox 2903 3479 3062 3532; x_wconf 79' lang='grc' dir='ltr'>αὑτὸν</span> <span class='ocrx_word' id='word_1_466' title='bbox 3089 3477 3286 3544; x_wconf 72' lang='grc' dir='ltr'>ἔξωθεν</span> <span class='ocrx_word' id='word_1_467' title='bbox 3309 3477 3400 3531; x_wconf 83' lang='grc' dir='ltr'>τοῦ</span> <span class='ocrx_word' id='word_1_468' title='bbox 3427 3478 3630 3538; x_wconf 73' lang='grc' dir='ltr'>ἄστεος,</span> 
     </span>
    </p>
   </div>
   <div class='ocr_carea' id='block_1_76' title="bbox 2077 3566 3629 3643">
    <p class='ocr_par' dir='ltr' id='par_1_76' title="bbox 2077 3566 3629 3643">
     <span class='ocr_line' id='line_1_76' title="bbox 2077 3566 3629 3643; baseline -0.008 -15"><span class='ocrx_word' id='word_1_469' title='bbox 2077 3575 2237 3628; x_wconf 77' lang='grc' dir='ltr'>κάκεῖ</span> <span class='ocrx_word' id='word_1_470' title='bbox 2284 3571 2666 3643; x_wconf 73' lang='grc' dir='ltr'>ἐλιθοϐόλησαν</span> <span class='ocrx_word' id='word_1_471' title='bbox 2707 3568 2869 3624; x_wconf 83' lang='grc' dir='ltr'>αὐτὸν</span> <span class='ocrx_word' id='word_1_472' title='bbox 2910 3569 3002 3622; x_wconf 78' lang='grc' dir='ltr'>τὸν</span> <span class='ocrx_word' id='word_1_473' title='bbox 3038 3567 3328 3622; x_wconf 84' lang='grc' dir='ltr'>ὁσιώτατον</span> <span class='ocrx_word' id='word_1_474' title='bbox 3383 3566 3629 3634; x_wconf 76' lang='grc' dir='ltr'>μοναχὸν,</span> 
     </span>
    </p>
   </div>
   <div class='ocr_carea' id='block_1_77' title="bbox 2074 3663 3300 3734">
    <p class='ocr_par' dir='ltr' id='par_1_77' title="bbox 2074 3663 3300 3734">
     <span class='ocr_line' id='line_1_77' title="bbox 2074 3663 3300 3734; baseline -0.001 -15"><span class='ocrx_word' id='word_1_475' title='bbox 2074 3666 2299 3734; x_wconf 81' lang='grc' dir='ltr'>ὀνόματι</span> <span class='ocrx_word' id='word_1_476' title='bbox 2329 3663 2509 3734; x_wconf 89' lang='grc' dir='ltr'>Παχού</span> <span class='ocrx_word' id='word_1_477' title='bbox 2520 3679 2661 3733; x_wconf 85' lang='grc' dir='ltr'>μιον.</span> <span class='ocrx_word' id='word_1_478' title='bbox 3297 3665 3300 3668; x_wconf 80' lang='grc'><em>’</em></span> 
     </span>
    </p>
   </div>
   <div class='ocr_carea' id='block_1_78' title="bbox 2144 3774 3629 3851">
    <p class='ocr_par' dir='ltr' id='par_1_78' title="bbox 2144 3774 3629 3851">
     <span class='ocr_line' id='line_1_78' title="bbox 2144 3774 3629 3851; baseline -0.003 -20"><span class='ocrx_word' id='word_1_479' title='bbox 2144 3779 2253 3832; x_wconf 75' lang='grc' dir='ltr'><strong>Καὶ</strong></span> <span class='ocrx_word' id='word_1_480' title='bbox 2277 3781 2334 3832; x_wconf 81' lang='grc' dir='ltr'>ὲν</span> <span class='ocrx_word' id='word_1_481' title='bbox 2364 3779 2544 3851; x_wconf 74' lang='grc' dir='ltr'>ἐκείνῃ</span> <span class='ocrx_word' id='word_1_482' title='bbox 2568 3782 2635 3851; x_wconf 82' lang='grc' dir='ltr'>τῇ</span> <span class='ocrx_word' id='word_1_483' title='bbox 2660 3781 2833 3842; x_wconf 70' lang='grc' dir='ltr'>νυκτὶ,</span> <span class='ocrx_word' id='word_1_484' title='bbox 2857 3780 3033 3848; x_wconf 82' lang='grc' dir='ltr'>ἀστὴρ</span> <span class='ocrx_word' id='word_1_485' title='bbox 3055 3777 3113 3842; x_wconf 80' lang='grc' dir='ltr'><strong>ὲξ</strong></span> <span class='ocrx_word' id='word_1_486' title='bbox 3139 3775 3369 3845; x_wconf 78' lang='grc' dir='ltr'>οὐρανοῦ</span> <span class='ocrx_word' id='word_1_487' title='bbox 3394 3774 3629 3834; x_wconf 73' lang='grc' dir='ltr'>καταϐάς</span> 
     </span>
    </p>
   </div>
   <div class='ocr_carea' id='block_1_79' title="bbox 2072 3867 3628 3940">
    <p class='ocr_par' dir='ltr' id='par_1_79' title="bbox 2072 3867 3628 3940">
     <span class='ocr_line' id='line_1_79' title="bbox 2072 3867 3628 3940; baseline -0.003 -17"><span class='ocrx_word' id='word_1_488' title='bbox 2072 3870 2246 3923; x_wconf 75' lang='grc' dir='ltr'>ἔκειτο</span> <span class='ocrx_word' id='word_1_489' title='bbox 2275 3869 2461 3924; x_wconf 73' lang='grc' dir='ltr'>ἐπάνω</span> <span class='ocrx_word' id='word_1_490' title='bbox 2501 3870 2594 3924; x_wconf 79' lang='grc' dir='ltr'><strong>τοῦ</strong></span> <span class='ocrx_word' id='word_1_491' title='bbox 2627 3870 2924 3925; x_wconf 74' lang='grc' dir='ltr'>ὀσιωτάτου</span> <span class='ocrx_word' id='word_1_492' title='bbox 2957 3870 3250 3940; x_wconf 83' lang='grc' dir='ltr'>μάρτυρος.</span> <span class='ocrx_word' id='word_1_493' title='bbox 3294 3868 3403 3922; x_wconf 74' lang='grc' dir='ltr'><strong>Καὶ</strong></span> <span class='ocrx_word' id='word_1_494' title='bbox 3435 3867 3628 3930; x_wconf 81' lang='grc' dir='ltr'>πάντες</span> 
     </span>
    </p>
   </div>
   <div class='ocr_carea' id='block_1_80' title="bbox 2070 3959 3627 4034">
    <p class='ocr_par' dir='ltr' id='par_1_80' title="bbox 2070 3959 3627 4034">
     <span class='ocr_line' id='line_1_80' title="bbox 2070 3959 3627 4034; baseline -0.003 -19"><span class='ocrx_word' id='word_1_495' title='bbox 2070 3962 2296 4015; x_wconf 73' lang='grc' dir='ltr'>ἔϐλεπον</span> <span class='ocrx_word' id='word_1_496' title='bbox 2325 3962 2486 4016; x_wconf 82' lang='grc' dir='ltr'>αὑτὸν</span> <span class='ocrx_word' id='word_1_497' title='bbox 2515 3963 2601 4031; x_wconf 75' lang='grc' dir='ltr'><strong>ἐφ’</strong></span> <span class='ocrx_word' id='word_1_498' title='bbox 2646 3963 2858 4034; x_wconf 81' lang='grc' dir='ltr'>ἡμέρας</span> <span class='ocrx_word' id='word_1_499' title='bbox 2899 3963 3327 4033; x_wconf 81' lang='grc' dir='ltr'>τεσσαράκοντα.</span> <span class='ocrx_word' id='word_1_500' title='bbox 3364 3963 3473 4015; x_wconf 75' lang='grc' dir='ltr'><strong>Καὶ</strong></span> <span class='ocrx_word' id='word_1_501' title='bbox 3502 3959 3627 4014; x_wconf 72' lang='grc' dir='ltr'>τολ-</span> 
     </span>
    </p>
   </div>
   <div class='ocr_carea' id='block_1_81' title="bbox 2069 4051 3630 4125">
    <p class='ocr_par' dir='ltr' id='par_1_81' title="bbox 2069 4051 3630 4125">
     <span class='ocr_line' id='line_1_81' title="bbox 2069 4051 3630 4125; baseline 0.001 -20"><span class='ocrx_word' id='word_1_502' title='bbox 2069 4052 2151 4105; x_wconf 73' lang='grc' dir='ltr'>λο¹ι</span> <span class='ocrx_word' id='word_1_503' title='bbox 2181 4051 2240 4118; x_wconf 77' lang='grc' dir='ltr'><strong>ἐξ</strong></span> <span class='ocrx_word' id='word_1_504' title='bbox 2262 4053 2438 4105; x_wconf 77' lang='grc' dir='ltr'>αὐτῶν</span> <span class='ocrx_word' id='word_1_505' title='bbox 2461 4053 2790 4107; x_wconf 73' lang='grc' dir='ltr'>ἐπίστευσαν</span> <span class='ocrx_word' id='word_1_506' title='bbox 2826 4055 2924 4125; x_wconf 88' lang='lat'><strong>(5).</strong></span> <span class='ocrx_word' id='word_1_507' title='bbox 2956 4054 3062 4106; x_wconf 84' lang='grc' dir='ltr'>Τοῦ</span> <span class='ocrx_word' id='word_1_508' title='bbox 3097 4055 3150 4107; x_wconf 71' lang='grc' dir='ltr'><strong>δὲ</strong></span> <span class='ocrx_word' id='word_1_509' title='bbox 3175 4053 3469 4106; x_wconf 73' lang='grc' dir='ltr'>ὁσιωτάτου</span> <span class='ocrx_word' id='word_1_510' title='bbox 3498 4051 3630 4122; x_wconf 84' lang='grc' dir='ltr'>μάρ-</span> 
     </span>
    </p>
   </div>
   <div class='ocr_carea' id='block_1_82' title="bbox 2073 4143 3632 4215">
    <p class='ocr_par' dir='ltr' id='par_1_82' title="bbox 2073 4143 3632 4215">
     <span class='ocr_line' id='line_1_82' title="bbox 2073 4143 3632 4215; baseline -0.001 -20"><span class='ocrx_word' id='word_1_511' title='bbox 2073 4160 2232 4213; x_wconf 87' lang='grc' dir='ltr'>τυρος</span> <span class='ocrx_word' id='word_1_512' title='bbox 2276 4143 2628 4215; x_wconf 77' lang='grc' dir='ltr'>πρεσϐείαις,</span> <span class='ocrx_word' id='word_1_513' title='bbox 2661 4145 2753 4198; x_wconf 77' lang='grc' dir='ltr'>καὶ</span> <span class='ocrx_word' id='word_1_514' title='bbox 2790 4146 2889 4215; x_wconf 86' lang='grc' dir='ltr'>τῆς</span> <span class='ocrx_word' id='word_1_515' title='bbox 2937 4146 3215 4214; x_wconf 87' lang='grc' dir='ltr'>πανάγνου</span> <span class='ocrx_word' id='word_1_516' title='bbox 3259 4145 3632 4214; x_wconf 80' lang='grc' dir='ltr'>Θεονμήτορος</span> 
     </span>
    </p>
   </div>
   <div class='ocr_carea' id='block_1_83' title="bbox 397 4228 1968 4304">
    <p class='ocr_par' dir='ltr' id='par_1_83' title="bbox 397 4228 1960 4301">
     <span class='ocr_line' id='line_1_83' title="bbox 397 4228 1960 4301; baseline 0.007 -25"><span class='ocrx_word' id='word_1_517' title='bbox 397 4235 457 4278; x_wconf 68' lang='lat' dir='ltr'><strong>et</strong></span> <span class='ocrx_word' id='word_1_518' title='bbox 486 4228 725 4281; x_wconf 81' lang='lat' dir='ltr'><strong>mttttittnt</strong></span> <span class='ocrx_word' id='word_1_519' title='bbox 776 4239 1080 4284; x_wconf 87' lang='lat' dir='ltr'><strong>sanctorum</strong></span> <span class='ocrx_word' id='word_1_520' title='bbox 1115 4231 1169 4285; x_wconf 85' lang='lat' dir='ltr'><strong>in</strong></span> <span class='ocrx_word' id='word_1_521' title='bbox 1213 4231 1586 4286; x_wconf 84' lang='lat' dir='ltr'><strong>remissionem</strong></span> <span class='ocrx_word' id='word_1_522' title='bbox 1621 4243 1960 4301; x_wconf 82' lang='lat' dir='ltr'><strong>peccatorum</strong></span> 
     </span>
    </p>
   </div>
   <div class='ocr_carea' id='block_1_84' title="bbox 2093 4228 3630 4304">
    <p class='ocr_par' dir='ltr' id='par_1_84' title="bbox 2093 4234 3630 4304">
     <span class='ocr_line' id='line_1_84' title="bbox 2093 4234 3630 4304; baseline 0.001 -18"><span class='ocrx_word' id='word_1_523' title='bbox 2093 4234 2292 4303; x_wconf 72' lang='lat' dir='ltr'><strong>llapia;</strong></span> <span class='ocrx_word' id='word_1_524' title='bbox 2319 4235 2416 4304; x_wconf 86' lang='grc' dir='ltr'>τῆς</span> <span class='ocrx_word' id='word_1_525' title='bbox 2470 4235 2885 4304; x_wconf 81' lang='grc' dir='ltr'>’Δειπαρθένου,</span> <span class='ocrx_word' id='word_1_526' title='bbox 2929 4239 3022 4290; x_wconf 76' lang='grc' dir='ltr'>καὶ</span> <span class='ocrx_word' id='word_1_527' title='bbox 3070 4237 3284 4291; x_wconf 75' lang='grc' dir='ltr'>πάντων</span> <span class='ocrx_word' id='word_1_528' title='bbox 3316 4237 3427 4289; x_wconf 83' lang='grc' dir='ltr'>τῶν</span> <span class='ocrx_word' id='word_1_529' title='bbox 3461 4236 3630 4303; x_wconf 77' lang='grc' dir='ltr'>ἁγίων</span> 
     </span>
    </p>
   </div>
   <div class='ocr_carea' id='block_1_85' title="bbox 399 4320 954 4374">
    <p class='ocr_par' dir='ltr' id='par_1_85' title="bbox 399 4320 954 4374">
     <span class='ocr_line' id='line_1_85' title="bbox 399 4320 954 4374; baseline 0.011 -6"><span class='ocrx_word' id='word_1_530' title='bbox 399 4325 735 4374; x_wconf 83' lang='lat' dir='ltr'><strong>nostrorum.</strong></span> <span class='ocrx_word' id='word_1_531' title='bbox 764 4320 954 4374; x_wconf 82' lang='lat' dir='ltr'><strong>Amen.</strong></span> 
     </span>
    </p>
   </div>
   <div class='ocr_carea' id='block_1_86' title="bbox 475 4471 1962 4550">
    <p class='ocr_par' dir='ltr' id='par_1_86' title="bbox 475 4471 1962 4550">
     <span class='ocr_line' id='line_1_86' title="bbox 475 4471 1962 4550; baseline 0.007 -26"><span class='ocrx_word' id='word_1_532' title='bbox 475 4471 552 4538; x_wconf 69' lang='lat' dir='ltr'><strong>(Pi)</strong></span> <span class='ocrx_word' id='word_1_533' title='bbox 606 4472 894 4550; x_wconf 80' lang='lat' dir='ltr'><strong>Conclusio</strong></span> <span class='ocrx_word' id='word_1_534' title='bbox 952 4476 1165 4532; x_wconf 90' lang='lat' dir='ltr'><strong>videtur</strong></span> <span class='ocrx_word' id='word_1_535' title='bbox 1213 4480 1464 4534; x_wconf 83' lang='lat' dir='ltr'><strong>lectionis</strong></span> <span class='ocrx_word' id='word_1_536' title='bbox 1511 4492 1765 4536; x_wconf 81' lang='lat' dir='ltr'><strong>consueta</strong></span> <span class='ocrx_word' id='word_1_537' title='bbox 1823 4483 1962 4550; x_wconf 88' lang='lat' dir='ltr'><strong>apud</strong></span> 
     </span>
    </p>
   </div>
   <div class='ocr_carea' id='block_1_87' title="bbox 399 4540 1892 4623">
    <p class='ocr_par' dir='ltr' id='par_1_87' title="bbox 399 4540 1892 4623">
     <span class='ocr_line' id='line_1_87' title="bbox 399 4540 1892 4623; baseline 0.009 -30"><span class='ocrx_word' id='word_1_538' title='bbox 399 4540 621 4598; x_wconf 73' lang='lat' dir='ltr'><strong>Graecos</strong></span> <span class='ocrx_word' id='word_1_539' title='bbox 645 4547 960 4610; x_wconf 81' lang='lat' dir='ltr'><strong>monachos,</strong></span> <span class='ocrx_word' id='word_1_540' title='bbox 991 4563 1085 4602; x_wconf 87' lang='lat' dir='ltr'><strong>nec</strong></span> <span class='ocrx_word' id='word_1_541' title='bbox 1114 4550 1177 4602; x_wconf 82' lang='lat' dir='ltr'><strong>ad</strong></span> <span class='ocrx_word' id='word_1_542' title='bbox 1207 4553 1570 4608; x_wconf 89' lang='lat' dir='ltr'><strong>narrationem</strong></span> <span class='ocrx_word' id='word_1_543' title='bbox 1600 4540 1892 4623; x_wconf 77' lang='lat' dir='ltr'><strong>pertinere.</strong></span> 
     </span>
    </p>
   </div>
   <div class='ocr_carea' id='block_1_88' title="bbox 2075 4324 3090 4398">
    <p class='ocr_par' dir='ltr' id='par_1_88' title="bbox 2075 4324 3090 4398">
     <span class='ocr_line' id='line_1_88' title="bbox 2075 4324 3090 4398; baseline 0.005 -22"><span class='ocrx_word' id='word_1_544' title='bbox 2075 4328 2131 4377; x_wconf 80' lang='grc' dir='ltr'>ἐν</span> <span class='ocrx_word' id='word_1_545' title='bbox 2155 4324 2342 4393; x_wconf 78' lang='grc' dir='ltr'>ἀφέσει</span> <span class='ocrx_word' id='word_1_546' title='bbox 2370 4326 2653 4396; x_wconf 83' lang='grc' dir='ltr'>ἁμαρτιῶν</span> <span class='ocrx_word' id='word_1_547' title='bbox 2677 4326 2853 4397; x_wconf 84' lang='grc' dir='ltr'>ἡμῶν.</span> <span class='ocrx_word' id='word_1_548' title='bbox 2901 4330 3090 4398; x_wconf 70' lang='grc' dir='ltr'>Ἀμήν.</span> 
     </span>
    </p>
   </div>
   <div class='ocr_carea' id='block_1_89' title="bbox 2142 4465 3632 4556">
    <p class='ocr_par' dir='ltr' id='par_1_89' title="bbox 2142 4465 3632 4556">
     <span class='ocr_line' id='line_1_89' title="bbox 2142 4465 3632 4556; baseline 0.003 -22"><span class='ocrx_word' id='word_1_549' title='bbox 2142 4482 2217 4556; x_wconf 67' lang='grc' dir='ltr'><strong>(θ)</strong></span> <span class='ocrx_word' id='word_1_550' title='bbox 2263 4465 2496 4556; x_wconf 57' lang='lat' dir='ltr'><strong>Ecclesia</strong></span> <span class='ocrx_word' id='word_1_551' title='bbox 2533 4483 2588 4536; x_wconf 92' lang='lat' dir='ltr'><strong>S.</strong></span> <span class='ocrx_word' id='word_1_552' title='bbox 2621 4483 2895 4540; x_wconf 85' lang='lat' dir='ltr'><strong>Pachumii</strong></span> <span class='ocrx_word' id='word_1_553' title='bbox 2929 4487 3182 4556; x_wconf 77' lang='lat' dir='ltr'><strong>martyris</strong></span> <span class='ocrx_word' id='word_1_554' title='bbox 3211 4485 3458 4540; x_wconf 81' lang='lat' dir='ltr'><strong>exstabat</strong></span> <span class='ocrx_word' id='word_1_555' title='bbox 3493 4485 3632 4555; x_wconf 83' lang='lat' dir='ltr'><strong>apud</strong></span> 
     </span>
    </p>
   </div>
   <div class='ocr_carea' id='block_1_90' title="bbox 2074 4551 2666 4623">
    <p class='ocr_par' dir='ltr' id='par_1_90' title="bbox 2074 4551 2666 4623">
     <span class='ocr_line' id='line_1_90' title="bbox 2074 4551 2666 4623; baseline -0.002 -17"><span class='ocrx_word' id='word_1_556' title='bbox 2074 4553 2307 4621; x_wconf 74' lang='lat' dir='ltr'><strong>Coplttos</strong></span> <span class='ocrx_word' id='word_1_557' title='bbox 2335 4553 2384 4605; x_wconf 91' lang='lat' dir='ltr'><strong>itt</strong></span> <span class='ocrx_word' id='word_1_558' title='bbox 2417 4551 2666 4623; x_wconf 68' lang='lat' dir='ltr'><strong>Egyptu.</strong></span> 
     </span>
    </p>
   </div>
  </div>
