3938 6168
273 385 381 451 1217

1082 394 1405 456 HOMILIA
1463 397 1593 458 cm
1635 399 1811 459 VITA
1851 367 2178 462 Hortum
2220 403 2339 462 srr
2379 405 2689 466 SIMILIS.

3380 408 3515 474 1218

273 501 358 570 γὰρ
382 501 486 570 τῆς
537 502 801 574 τοιαύτης
847 504 1013 575 τιμῆς
1062 507 1160 559 καὶ
1204 506 1484 576 βασιλείας
1510 509 1606 562 καὶ
1649 509 1841 562 πασῶν

1949 514 2197 581 princeps
2217 515 2453 568 omnimu
2480 532 2600 582 quae
2631 517 2681 568 in
2707 525 2843 570 terra
2871 516 3155 582 degebant,
3178 519 3517 586 simulatque

272 593 354 643 τῶν
386 591 548 645 θείων
570 594 790 664 δωρεῶν
829 597 888 649 ἐν
932 598 1028 668 μιᾷ
1056 600 1196 669 ῥοπῇ
1241 599 1552 670 γυμνωθεὶς
1587 601 1834 666 ἐξέπεσε,

271 685 344 735 καὶ
367 683 467 736 τοῦ
491 686 827 755 παραδείσου
857 685 1135 760 ὲξόριστος
1179 690 1394 758 γέγονε,
1429 692 1526 744 καὶ
1560 693 1638 755 εἰς
1675 691 1836 762 βάθος

271 774 544 843 πτωχείας
559 777 654 830 καὶ
679 777 1060 849 ταλαιπωρίας
1091 781 1457 851 κατήντησεν.

1946 617 2113 655 υιιιιιιι
2153 605 2522 672 trans‘gressus
2567 619 2651 660 est
2696 606 3031 678 mandatum,
3073 609 3322 661 omnibus
3370 610 3517 662 illico

1945 691 2102 744 bonis
2129 693 2373 760 privatus
2419 709 2482 748 ac
2506 695 2799 748 destitutus
2823 695 3006 749 fuerit.
3048 696 3339 753 Enimvero
3368 699 3514 752 omni

1941 784 2175 850 pristino
2213 783 2415 836 honore
2442 793 2495 836 et
2523 785 2750 852 imperio
2782 795 2943 854 atque
2974 789 3224 843 omnibus
3249 787 3407 843 donis
3433 789 3516 841 di-

269 866 392 920 vinis
434 882 543 921 uno
583 871 845 938 temporis
877 881 1153 927 momento
1195 874 1462 942 spoliatus
1511 875 1738 942 excidit,
1782 885 1835 930 et
1910 877 2164 945 paradiso
2219 875 2473 932 exclusus
2509 878 2800 942 exsulavit,
2849 888 3012 949 atque
3082 881 3135 934 in
3188 883 3512 950 profundum

268 954 448 1024 impiae
484 967 540 1011 et
575 973 831 1016 aerumnae
861 963 1129 1033 gurgitem
1155 964 1402 1019 incurrit.

323 1046 394 1101 I".
430 1048 604 1104 Ὅταν
625 1047 716 1105 οὖν
736 1053 800 1105 τὸ
821 1052 879 1106 ἓν
904 1058 1159 1126 πταῖσμα
1183 1057 1284 1126 τῆς
1309 1059 1598 1129 παρακοῆς
1627 1060 1836 1112 ἐκείνου

267 1141 552 1211 συγκρίνας
586 1146 702 1208 τοῖς
756 1146 1157 1218 ἀναριθμήτοις
1199 1149 1362 1219 ήμῶν
1410 1150 1832 1222 ἁμαρτήμασιν,

261 1232 561 1302 ἀπογνώσει
599 1234 911 1307 βυθίζομαι.
946 1238 1112 1291 ’Ὅταν
1137 1237 1195 1290 δὲ
1222 1239 1303 1301 εἰς
1348 1238 1416 1291 τὰ
1443 1239 1585 1292 κατὰ
1617 1239 1709 1292 τὸν
1738 1239 1836 1312 λῃ-

265 1324 388 1393 στὴν
414 1327 505 1376 τὸν
539 1325 668 1378 νοῦν
702 1328 982 1396 ἐπανάγω,
1034 1329 1131 1382 καὶ
1157 1329 1270 1396 γνῶ
1302 1330 1386 1382 ὅτι
1412 1330 1480 1399 δι’
1529 1329 1646 1393 ἐνὸς
1675 1331 1834 1397 λόγου

264 1415 551 1481 σέσωσται,
587 1418 1018 1489 ὲξαλειφθέντων
1059 1421 1226 1473 αὑτοῦ
1267 1422 1487 1475 πάντων
1523 1422 1630 1474 τῶν
1658 1424 1837 1492 ἁμαρ-

259 1509 537 1580 τημάτων,
570 1511 836 1581 ἀναψύχω
883 1515 950 1584 τῇ
993 1513 1194 1578 ἐλπίδι,
1219 1514 1314 1566 καὶ¹
1340 1514 1664 1584 προστρέχω
1698 1531 1835 1584 προ-

262 1599 444 1676 θύμως
464 1598 540 1671 τῇ·
560 1603 841 1673 μετανοίᾳ’
863 1603 1052 1674 ἐπειδὴ
1061 1605 1277 1667 ἐκεῖνος
1294 1605 1374 1674 τῷ
1389 1604 1534 1677 ἔργῳ
1553 1606 1832 1668 πέπτωκε,

259 1693 345 1743 καὶ
371 1687 529 1754 οὗτος
559 1692 626 1744 δι’
654 1693 772 1756 ὲνδς
797 1693 956 1762 λόγου
989 1695 1278 1753 σέσωσται.
1323 1690 1560 1758 Ἐκεῖνος
1583 1696 1836 1765 θαύματα

2009 1057 2099 1111 lll.
2129 1059 2358 1112 Proinde
2384 1074 2505 1114 cum
2533 1077 2694 1114 unum
2719 1061 2862 1115 illius
2899 1061 3277 1119 iuobedienlize
3304 1064 3512 1134 lapsum

1939 1157 2062 1198 cum
2098 1147 2401 1201 innumeris
2441 1150 2638 1202 erratis
2695 1151 3212 1236 nostriscompouo,
3253 1156 3513 1224 despera-

1941 1237 2098 1289 tionis
2124 1239 2417 1307 immergor
2454 1240 2668 1309 pelago.
2708 1239 2900 1294 Verum
2931 1245 3146 1310 quando
3166 1245 3406 1297 animum
3447 1246 3515 1298 ad

1939 1345 2000 1382 ea
2055 1343 2174 1396 quae
2221 1328 2414 1382 latroni
2476 1332 2798 1384 acciderunt
2836 1331 3057 1396 reduco,
3102 1343 3155 1386 et
3219 1335 3340 1388 novi
3390 1351 3513 1388 eum

1941 1419 2100 1472 unica
2134 1419 2474 1473 oratiuncula
2508 1431 2780 1473 servatum
2828 1436 2970 1486 esse,
3006 1424 3256 1492 omnibus
3280 1425 3396 1492 ejus
3428 1442 3514 1480 er-

1941 1510 2074 1563 ratis
2113 1510 2326 1574 dcletis,
2354 1525 2448 1579 spe
2482 1511 2720 1574 reﬁcior,
2756 1521 2811 1566 et
2845 1513 3102 1567 alacriter
3139 1517 3204 1568 ad
3241 1519 3515 1585 pteniten-

1945 1600 2070 1653 tiam
2112 1615 2367 1666 recurro;
2424 1604 2858 1670 quandoquidem
2903 1604 2990 1656 ille
3033 1606 3102 1659 ob
3132 1605 3330 1660 factum
3365 1610 3515 1663 ceci-

1939 1691 2126 1757 derat;
2163 1693 2248 1746 liie
2299 1693 2458 1745 etiam
2506 1709 2602 1762 per
2633 1693 2836 1746 dictum
2893 1710 3057 1747 unum
3091 1707 3337 1752 servatus
3381 1711 3460 1753 cst
3497 1716 3513 1753 :

258 1784 471 1849 ἐξαίσια
503 1780 633 1850 εἶδε,
667 1789 761 1840 καὶ
788 1789 1138 1859 παρήκουσεν
1159 1804 1176 1820 ο
1199 1782 1358 1850 οὗτος
1393 1789 1546 1842 οὐδὲν
1585 1784 1751 1851 οἶδεν,
1783 1788 1831 1840 εί

1937 1781 2025 1836 ille
2066 1783 2328 1836 miracula
2369 1773 2632 1853 stupenda
2680 1784 2911 1848 viderat,
2949 1795 3003 1838 et
3057 1787 3336 1841 iuubediit.
3409 1789 3508 1845 Hic

261 1877 333 1946 μὴ
358 1875 454 1929 τὸν
485 1876 723 1947 Χριστὸν
754 1878 850 1931 καὶ
882 1878 1071 1932 τοῦτον
1100 1880 1539 1949 ἐσταυρωμένον,
1575 1879 1670 1931 καὶ
1709 1881 1828 1948 ήτι-

261 1968 539 2038 μωμένον,
564 1970 657 2035 καὶ
685 1968 976 2023 ἐπίστευσε
1003 1987 1018 2000 ·
1054 1969 1189 2022 πολὺ
1217 1965 1310 2022 οὖν
1335 1968 1397 2022 τὸ
1425 1969 1705 2039 διάφορον,
1734 1969 1832 2051 καὶ

255 2061 351 2130 τῆς
379 2060 631 2131 ἰσότητος
657 2061 720 2113 τὸ
744 2062 952 2124 ἄνισον,
979 2062 1137 2116 νόσου
1165 2062 1343 2133 ψυχῆς
1365 2063 1460 2115 καὶ
1488 2065 1740 2132 σώματος
1771 2062 1833 2113 τὸ

252 2153 547 2223 ἀνόμοιον·
585 2154 646 2205 οὐ
705 2154 816 2226 γὰρ
857 2150 1003 2224 εἶχεν
1048 2155 1242 2227 ἑτέραν
1285 2154 1488 2226 ἀρετὴν
1535 2156 1563 2208 ὁ
1605 2153 1829 2228 λῃστὴς’

253 2246 300 2295 εί
337 2243 412 2314 μὴ
442 2243 504 2296 τὸ
543 2245 718 2297 εἰπεῖν
746 2246 842 2298 καὶ
873 2245 1056 2315 μόνον,
1089 2244 1408 2314 Μνήσθητί
1451 2262 1594 2313 μου,
1628 2245 1826 2313 Κύριε,

253 2336 321 2390 ἐν
367 2335 448 2404 τῇ
476 2336 770 2405 βασιλείᾳ
801 2352 938 2392 σου.
990 2335 1259 2391 ’⁸Οσοιοῦν
1306 2337 1544 2407 Χριστοῦ
1593 2336 1833 2407 μαθηταὶ

251 2428 424 2492 ὄντες,
451 2428 888 2499 συγκληρονόμοι
918 2427 1082 2483 αὐτοῦ
1107 2427 1364 2498 γενέσθαι
1385 2428 1657 2493 ἐλπίζετε,
1684 2428 1832 2496 ἀγω-

251 2517 478 2571 νίσασθε
509 2519 768 2588 τοιαύτην
799 2520 984 2573 πίστιν
1009 2519 1178 2589 ἔχειν,
1216 2519 1311 2571 καὶ
1341 2517 1585 2608 εὐσεϐέῦν
1616 2516 1834 2587 τρόπων

251 2611 392 2681 ἔργα.
417 2611 874 2682 διαπράττεσθαι.
902 2613 1022 2674 Πᾶς
1056 2610 1166 2682 γὰρ
1192 2609 1478 2680 ἄνθρωπος
1513 2608 1833 2678 βαπτισθεὶς

248 2705 333 2766 εἰς
364 2702 613 2774 Πατέρα,
651 2703 746 2756 καὶ
786 2702 933 2766 Υίδν,
970 2703 1064 2756 καὶ
1097 2703 1252 2771 ἅγιον
1285 2701 1534 2770 Πνεῦμα,
1596 2701 1690 2752 καὶ
1733 2700 1834 2769 τῆς

253 2792 406 2856 θείας
433 2793 725 2857 κοινωνίας
753 2793 1082 2863 μεταλαϐεῖν
1097 2791 1382 2868 αξιωθεὶς,
1420 2793 1481 2844 οὐ
1508 2790 1659 2859 λέγει
1683 2789 1834 2860 αὑτῷ

250 2883 314 2938 τὸ
337 2886 496 2954 ἅγιον
519 2885 852 2953 Εὐαγγέλιον
867 2899 882 2916 '
909 2885 1001 2952 Μὴ
1016 2883 1301 2956 ἀδικήσῃς,
1324 2882 1399 2953 μὴ
1429 2880 1664 2954 ραπίσῃς
1681 2881 1826 2935 τινὰ.

266 2974 428 3028 Ἀλλὰ
451 2975 505 3028 τί
521 2975 668 3044 λέγει
686 2992 700 3040 ;
721 2977 986 3028 ’Ἄκουσον
1003 2991 1016 3005 ·
1046 2975 1172 3028 Ἐὰν
1192 2975 1478 3045 ἀδικηθῇς,
1503 2974 1796 3044 ὑπόμεινον
1814 2989 1831 3004 ⁸

263 3066 404 3119 Ἐάν
426 3083 520 3131 τις
553 3065 790 3133 ραπίσῃ
829 3066 946 3133 τὴν
974 3063 1181 3129 δεξιάν
1203 3078 1322 3118 σου
1359 3065 1634 3133 σιαγόνα,
1659 3061 1833 3132 στρέ-

1937 1873 2069 1926 nihil
2099 1884 2339 1938 noverat,
2370 1874 2474 1928 uisi
2505 1873 2806 1946 Christum,
2858 1884 2912 1929 et
2960 1891 3083 1928 eum
3116 1879 3265 1932 cruci
3294 1879 3509 1933 aﬂixum

1933 1962 2331 2033 ignominiaque
2358 1964 2608 2019 affectum
2639 1965 2680 2042 ξ,
2702 1976 2755 2019 et
2779 1967 3028 2020 credidit.
3069 1967 3318 2038 Magnum
3350 1971 3512 2041 igitur

1934 2055 2237 2113 discrimen,
2276 2065 2358 2109 est
2418 2055 2784 2124 :equalitatis,
2833 2057 2915 2110 vis
2971 2057 3282 2126 inzequalis,
3336 2064 3506 2117 animi

1935 2149 2106 2201 morbi
2130 2155 2185 2200 et
2210 2148 2456 2215 corporis
2479 2147 2794 2202 dissimilis:
2819 2162 2993 2217 neque
3018 2151 3160 2204 enim
3177 2153 3280 2205 alia
3311 2157 3510 2210 virtute

1935 2227 2072 2290 latro
2105 2237 2205 2291 fuit
2247 2239 2522 2306 praeditus,
2568 2238 2672 2293 nisi
2707 2239 2852 2307 quod
2903 2241 3124 2305 dixerit,
3185 2244 3356 2296 solum
3409 2249 3510 2301 hoc

1934 2328 2218 2394 duntaxat,
2241 2329 2497 2384 Memento
2529 2331 2652 2394 mei,
2686 2329 2924 2396 Domine,
2955 2332 3008 2385 in
3031 2349 3186 2402 regno
3205 2345 3294 2388 tuo
3315 2337 3360 2391 ³.
3378 2337 3510 2404 Qui-

1935 2434 2147 2489 cunque
2174 2436 2326 2490 ergo,
2361 2422 2610 2491 discipuli
2647 2424 2851 2478 Christi
2903 2441 3026 2479 cum
3056 2429 3196 2494 sitis,
3230 2431 3390 2485 etiam
3421 2449 3514 2488 εον

1935 2511 2176 2566 haeredes
2202 2515 2317 2582 ejus
2340 2513 2456 2567 lieri
2491 2517 2748 2584 speratis,
2777 2526 2834 2569 ut
2865 2517 2950 2571 tali
2977 2517 3083 2572 ﬂde
3116 2521 3238 2575 sitis
3275 2525 3507 2590 praediti,

1929 2603 2264 2666 contendite,
2290 2612 2345 2657 et
2372 2619 2582 2658 morum
2617 2607 2832 2674 piorum
2871 2623 3037 2676 opera
3070 2622 3346 2679 praestate.
3383 2614 3510 2670 Ete—

1935 2695 2047 2748 nim
2079 2695 2257 2748 o'mnis
2292 2695 2501 2749 lustrali
2534 2697 2878 2766 baptismatis
2917 2715 3054 2769 aqua
3083 2703 3284 2757 tinctus
3325 2705 3377 2759 in
3407 2723 3508 2759 tto-

1937 2791 2078 2842 mine
2104 2786 2302 2852 Patris,
2337 2798 2390 2842 et
2411 2787 2572 2854 Filii,
2609 2799 2662 2844 et
2693 2790 2931 2861 Spiritus
2969 2793 3188 2861 sancti;
3220 2804 3274 2850 et
3313 2798 3510 2852 divinze

1935 2879 2340 2933 communionis
2380 2881 2804 2949 participatione
2859 2883 3158 2938 honoratus
3183 2925 3203 2951 ,
3245 2887 3508 2955 patientia

1936 2967 2236 3042 instructus
2287 2985 2409 3026 esse
2444 2972 2601 3027 debet
2630 2988 2646 3025 :
2682 2974 2949 3043 siquidem
2983 2986 3232 3031 sanctum
3264 2977 3510 3050 Evange-

1934 3057 2064 3112 littm
2098 3075 2204 3115 non
2257 3061 2425 3118 dicit:
2468 3061 2550 3117 Ne
2588 3063 2839 3132 injuriatu
2871 3065 3118 3121 inferas:
3153 3084 3220 3122 ne
3248 3069 3511 3139 impingas

249 3159 377 3225 ψον
397 3153 565 3221 αὐτῷ
589 3155 689 3220 καί
730 3155 845 3223 τὴν
884 3155 1116 3226 ἄλλην*
1151 3155 1260 3210 ἐάν
1309 3157 1399 3222 τίς
1428 3171 1503 3211 σε
1532 3157 1832 3226 ἀγγαρεύῃ

1937 3151 2166 3220 alapam.
2207 3151 2345 3208 Non.
2389 3153 2594 3210 Verum
2635 3155 2764 3224 qttid
2823 3156 2939 3210 ait?
2992 3158 3130 3212 Audi
3172 3173 3188 3211 :
3227 3160 3283 3214 Si
3318 3161 3511 3229 injuria

244 3249 461 3316 μίλιον
488 3246 580 3313 ἐν,
614 3247 810 3317 ὕπαγε
828 3246 959 3304 δύο.
997 3246 1183 3314 Ταῦτα
1218 3247 1372 3318 παρὰ
1401 3247 1497 3300 τοῦ
1531 3248 1833 3318 όμοπίστου

250 3340 553 3409 ὑπομεῖναι
580 3338 756 3404 οὐδεὶς
791 3338 902 3398 τῶν
932 3325 1679 3410 Χριστιανῶνκαταδέχεται.
1717 3340 1835 3409 Ἀφ’

249 3424 312 3484 οὗ
335 3430 395 3483 δὲ
437 3428 674 3499 ἐπῆλθεν
708 3430 840 3502 ήμῖν
867 3431 896 3483 ό
924 3429 1092 3502 βαρὺς
1115 3430 1280 3498 ζυγὸς
1307 3430 1418 3483 τῶν
1449 3429 1832 3502 Ἰσμαηλιτῶν,

247 3519 670 3590 κατεδεξάμεθα
696 3519 904 3575 τούτων
941 3521 1226 3593 ,βαρύτερα
1263 3521 1574 3589 ἀκούοντες,
1632 3521 1724 3575 καὶ
1758 3521 1834 3592 μὴ

246 3613 574 3684 βουλόμενοι
609 3615 905 3685 ὑπομεῖναι
932 3629 946 3644 °
975 3617 1026 3668 εί
1071 3613 1180 3685 γὰρ
1209 3614 1580 3686 ὑπομένοιμεν
1607 3613 1835 3667 τοιαῦτα

245 3701 356 3755 ὑπὸ
383 3703 506 3780 τῶν¹
524 3704 858 3774 όμοπίστων,
882 3704 1108 3759 πλείονα
1128 3706 1195 3760 ἂν
1233 3705 1426 3776 μισθὸν
1442 3705 1683 3776 ἔχοιμεν.
1709 3705 1833 3758 Ὀτι

243 3796 586 3867 Χριστιανὸς
615 3797 710 3851 ἐὰν
742 3796 990 3870 ἀδικήσῃ·
1020 3797 1164 3863 τινὰ,
1214 3795 1450 3868 τριπλῆν
1482 3795 1580 3868 τὴν
1627 3796 1833 3877 ζημίαν

243 3888 715 3959 ὑπομένειοίοὺδὲ
740 3888 850 3960 γὰρ
898 3889 957 3942 τὸ
985 3879 1242 3960 δεύτερον
1292 3889 1546 3960 ῥάπισμα
1591 3887 1831 3958 δέχεται,

240 3979 362 4034 ἀλλ’
395 3979 562 4043 αὐτὸς
593 3979 752 4034 ἄλλον
780 3979 1038 4050 ἀδικῆσαι
1065 3979 1262 4050 τολμᾷ.

243 4069 560 4124 mercedem
611 4085 626 4123 :
679 4069 814 4124 uuia
877 4069 922 4123 si
985 4083 1147 4124 auem
1198 4058 1269 4122 Ch

1932 3241 2095 3298 laesus
2125 3240 2322 3308 fueris,
2356 3243 2544 3310 suffer,
2582 3256 2768 3316 patere
2799 3264 2813 3300 :
2869 3247 2932 3303 Si
2973 3249 3090 3318 quis
3128 3259 3176 3302 te
3199 3255 3510 3316 percusserit

1932 3333 1987 3386 in
2016 3334 2284 3387 dexteram
2319 3335 2614 3389 maxillam
2665 3345 2834 3402 tuam,
2870 3339 3044 3408 praebe
3073 3340 3152 3392 illi
3187 3350 3234 3395 et
3261 3341 3508 3400 alteram.

1933 3421 2134 3493 Siquis
2171 3434 2219 3478 te
2251 3427 2606 3496 angat-iuverit
2640 3427 2784 3482 mille
2831 3446 3042 3499 passus,
3101 3434 3230 3488 vade
3262 3451 3380 3488 cum
3417 3436 3512 3490 illo

1932 3523 1981 3568 et
2011 3516 2119 3594 alia
2160 3517 2328 3586 duo".
2389 3519 2553 3587 Atqui
2588 3520 2710 3574 haec
2732 3521 2800 3575 ab
2854 3521 3092 3598 ejusdem
3138 3524 3258 3580 ﬁdei
3306 3526 3514 3583 cultore

1940 3609 2172 3679 perpeti,
2195 3608 2386 3662 nullus
2435 3609 2872 3666 Christianorum
2924 3615 3186 3668 admittit.
3219 3616 3418 3672 Verum
3443 3635 3512 3673 ex

1933 3716 2039 3771 quo
2069 3710 2308 3771 tempore
2340 3703 2710 3771 gravejugum
2747 3701 3140 3760 lsmaelitarum
3171 3723 3268 3762 nos
3293 3725 3513 3778 Oppres—

1931 3794 2024 3860 sit,
2075 3793 2162 3848 his
2209 3792 2460 3861 graviora
2507 3791 2816 3856 admittere,
2856 3795 3062 3859 audire,
3122 3807 3176 3851 et
3237 3799 3318 3854 vel
3354 3803 3508 3857 inviti

1933 3883 2164 3939 tolerare
2181 3885 2448 3954 cogimur.
2482 3883 2694 3938 Etenim
2733 3883 2780 3939 si
2813 3885 2928 3950 [nec
2965 3897 3279 3954 pateremur
3319 3893 3387 3946 ab
3419 3895 3506 3960 iis,

1931 3977 2024 4047 qui
2058 3975 2305 4030 eamdem
2335 3976 2522 4032 colunt
2570 3975 2766 4042 iidem,
2826 3975 3086 4044 majorem
3137 3982 3508 4042 obtineremus

679 4069 814 4138 quia
877 4069 922 4123 si
985 4083 1147 4138 quem
1198 4068 1544 4124 Christianus
1587 4065 1814 4134 mserit,
1869 4067 2137 4137 triplicem
2183 4065 2422 4122 sustinet
2490 4066 2712 4121 multam
2776 4085 2958 4124 :tuon
3011 4071 3156 4124 enim
3208 4076 3504 4130 secundum

241 4161 537 4232 colaphum
570 4162 830 4227 admittit,
865 4163 959 4218 sed
993 4165 1105 4232 ipse
1130 4163 1357 4234 alterum
1388 4162 1582 4233 injuria
1609 4162 1823 4218 allicere
1860 4163 2042 4218 audet.
2123 4193 2134 4200 ι

312 4258 393 4309 Δ’.
422 4257 519 4308 Δεῖ
543 4247 641 4308 οὖν
673 4254 857 4320 πάντα
877 4255 1206 4327 Χριστιανὸν
1227 4257 1320 4309 ἐπὶ
1353 4257 1536 4309 πᾶσαν
1552 4255 1828 4327 ἁμαρτίαν

2008 4235 2098 4310 NL
2141 4253 2411 4322 Quocirca
2477 4219 2578 4322 par
2649 4263 2734 4310 est
2799 4253 3165 4315 Christianum
3205 4258 3275 4313 ob
3317 4275 3506 4315 unum-

240 4348 489 4400 πάντοτε
519 4333 808 4418 μετανοεῖν
837 4348 916 4418 τῷ
943 4347 1090 4428 Θεῷ⁷
1111 4347 1375 4419 γνησίως,
1411 4347 1520 4417 πρὸ
1550 4347 1648 4416 τῆς
1681 4347 1830 4399 ἀπα-

1937 4347 2188 4418 quodque
2250 4356 2532 4414 erratum,
2595 4347 2969 4417 pmnitentiam
3023 4364 3130 4403 non
3183 4350 3306 4406 ilcte
3364 4356 3505 4422 apud

241 4441 513 4511 ραιτήτου
550 4440 883 4509 ἀποφάσεως
910 4439 1006 4493 τοῦ
1027 4429 1284 4504 θανάτου,
1322 4440 1420 4494 καὶ
1451 4437 1834 4509 μὴήπλανηθῆο

237 4547 334 4586 ναι
356 4536 434 4602 τῇ·
460 4531 653 4603 ἀπάτῃ
677 4532 772 4586 τοῦ
798 4531 924 4603 βίον
952 4531 1173 4586 τούτου.
1207 4528 1485 4600 Ὡμοιώθη
1522 4531 1632 4601 γὰρ
1656 4532 1692 4601 ή
1718 4526 1833 4601 ζωὴ

237 4627 408 4698 ἡμῶν
441 4628 504 4680 ὲν
536 4625 673 4696 τῷδε
696 4625 773 4695 τῷ
806 4625 907 4696 βίῳ
934 4624 1212 4696 ἀνθρώπῳ
1239 4624 1528 4694 οἰκήσαντι
1565 4623 1623 4674 ὲν
1671 4623 1830 4694 αὐλῇ,

241 4715 393 4784 μετὰ
420 4715 521 4783 τῆς
549 4713 688 4778 ιδίας
715 4714 978 4782 γυναικὸς
1006 4715 1102 4768 καὶ
1153 4712 1483 4784 μονογενοῦς
1515 4711 1710 4766 τέκνου
1738 4712 1834 4766 καὶ

234 4805 438 4860 δούλου
469 4807 589 4868 ἑνός
611 4820 626 4835 ·
659 4807 718 4858 ἐν
817 4805 956 4875 αὐλῇ
991 4801 1058 4876 ἦν
1079 4805 1206 4873 ὄφις
1229 4803 1633 4878 θανατηφόροις,
1691 4801 1749 4854 '0
1775 4800 1832 4854 δὲ

235 4895 538 4967 ἄνθρωπος
590 4897 800 4959 ἐκεῖνος
855 4894 1100 4958 ἀκούσας
1146 4895 1277 4966 παρ’
1341 4892 1518 4948 ἄλλων
1569 4892 1652 4944 ὅτι
1706 4890 1829 4959 ὄφις

233 4987 455 5050 ἐκεῖνος
490 4986 618 5048 τοὺς
638 4985 1070 5056 εἰσερχομένους
1116 4986 1198 5048 εἰς
1246 4984 1346 5054 τὴν
1402 4982 1572 5053 αὐλὴν
1610 4980 1829 5050 ἐκείνην

233 5077 355 5130 ἀπὸ
371 5075 580 5145 γενεῶν
594 5076 841 5146 ἀρχαιων
864 5075 1108 5141 θανατοῖ,
1136 5074 1368 5144 ὤφειλεν
1387 5075 1420 5145 ἢ
1441 5075 1506 5128 ὲκ
1534 5077 1631 5144 τῆς
1655 5071 1831 5142 αὐλῆς

235 5169 466 5238 ἐκείνης
489 5167 756 5233 ἐξελθεῖν,
783 5168 815 5239 ἢ
841 5168 942 5222 τὸν
961 5168 1086 5238 ὅφιν
1099 5169 1449 5230 ἀποκτεῖναι,
1469 5167 1718 5219 τουτέστι
1734 5165 1827 5218 τὸν

233 5259 480 5330 δαίμονα
509 5258 615 5329 τῆς
646 5259 1012 5330 φιλαργυρίας
1066 5258 1164 5314 καὶ
1209 5259 1309 5327 τῆς
1359 5257 1682 5327 ἐπιθυμίας.
1714 5256 1826 5309 Καὶ

235 5352 395 5421 ὅμως
424 5351 596 5406 ἐλθὼν
629 5351 725 5404 τοῦ
744 5353 1062 5404 ἀποκτεῖναι
1099 5351 1192 5402 τὸν
1221 5349 1370 5419 ὅφιν,
1396 5343 1558 5420 εὗρεν
1605 5348 1823 5420 ἔμπρο-

237 5443 372 5496 σθεν
412 5442 582 5498 αὑτοῦ
608 5442 672 5496 τὺ
698 5443 941 5513 νόμισμα
965 5440 1278 5510 όλόὸρυζον,
1320 5443 1417 5494 καὶ
1459 5439 1642 5493 λαϐὼν
1693 5439 1826 5492 αὐτὸ

237 5531 420 5602 εἶπεν,
459 5539 542 5592 ὅτι
585 5539 653 5592 Et
681 5535 875 5607 ἢθελεν
907 5536 1229 5589 ἀποκτεῖναι
1255 5534 1400 5604 ἡμᾶς
1431 5533 1460 5585 ὁ
1493 5533 1618 5601 ὕφις
1643 5526 1822 5597 οὗτος,

235 5630 339 5682 οὐκ
371 5630 435 5684 ειν
467 5631 527 5684 τὸ
556 5630 806 5702 νόμισμα
837 5627 998 5682 τοῦτο
1035 5629 1170 5698 ήμῖν
1214 5625 1448 5679 ἔδωκεν·
1477 5625 1574 5678 καὶ
1623 5623 1823 5695 ἐχάρη,

1931 4441 2100 4496 Deum
2127 4454 2288 4506 agere
2329 4447 2455 4493 ante
2505 4440 2832 4495 sententiam
2875 4440 2940 4494 de
2971 4441 3291 4496 inexorabili
3333 4455 3506 4500 morte

1931 4531 2297 4594 enuntiatam,
2335 4537 2390 4584 et
2417 4544 2522 4584 non
2553 4543 2743 4584 errore
2784 4529 2908 4583 vitae
2937 4531 3096 4600 hujus
3125 4533 3340 4590 abduci.
3375 4533 3505 4590 Ete-

1931 4619 2042 4673 nim
2085 4618 2195 4678 vita
2244 4627 2430 4673 nostra
2479 4619 2676 4670 similis
2719 4618 2911 4673 eiIecta
2962 4631 3047 4675 est
3100 4622 3152 4676 iu
3209 4625 3310 4680 hoc
3367 4641 3504 4695 mvo,

1930 4709 2139 4764 homini
2188 4709 2279 4778 qui
2329 4709 2552 4764 incoluit
2583 4711 2726 4765 aedes
2770 4727 2895 4765 cum
2935 4728 3101 4770 uxore
3146 4732 3268 4780 sna,
3305 4727 3358 4770 et
3385 4721 3509 4772 uni-

1931 4815 2068 4872 gena
2125 4800 2256 4868 lilio,
2308 4811 2472 4870 atque
2522 4817 2629 4855 uno
2684 4802 2884 4864 famulo
2918 4821 2931 4857 :
2965 4805 3016 4858 in
3071 4808 3268 4874 quibus
3300 4809 3507 4878 uadibus

1931 4907 2160 4962 serpens
2190 4903 2310 4946 erat
2334 4891 2568 4947 letbifer.
2590 4892 2689 4947 Vir
2722 4893 2812 4950 ille
2839 4909 2960 4949 cum
2996 4897 3064 4950 ab
3093 4898 3216 4952 aliis
3242 4900 3504 4966 audisset,

1931 4991 2237 5052 serpentem
2269 4984 2433 5038 istum
2463 4984 2830 5056 ingredientes
2860 4988 3076 5041 domum
3096 4989 3244 5043 illam
3269 4992 3506 5058 apriscis

1941 5071 2159 5128 saeculis
2204 5087 2457 5138 enecare,
2488 5077 2678 5131 debuit
2708 5088 2803 5130 aut
2843 5094 2906 5131 ex
2943 5078 3028 5131 illa
3078 5081 3242 5133 domo
3289 5084 3504 5152 egredi,

1933 5178 2028 5219 aut
2081 5181 2312 5236 anguem
2355 5159 2687 5230 interficere,
2742 5168 2942 5221 malum
2991 5169 3242 5225 videlicet
3289 5173 3504 5242 genium

1929 5256 2170 5312 avaritiae
2191 5267 2246 5312 et
2277 5257 2520 5313 libidinis
2547 5279 2560 5312 :
2583 5269 2825 5313 attamen
2853 5259 3128 5328 profectus
3160 5264 3227 5316 ad
3253 5265 3504 5320 occiden-

1927 5346 2053 5400 dum
2087 5357 2418 5416 serpentem,
2452 5347 2662 5402 iﬂVcllil
2703 5358 2828 5402 aute
2870 5349 3036 5418 pedes
3073 5365 3200 5406 suos
3236 5354 3504 5408 numisma

1927 5452 1958 5492 e
1989 5453 2122 5507 puro
2165 5439 2450 5508 solidoque
2497 5454 2662 5504 auro;
2709 5438 2812 5494 hoc
2862 5455 3085 5496 nummo
3131 5454 3356 5514 accepto
3395 5461 3409 5500 :
3446 5448 3504 5502 Si

1927 5531 2111 5596 vellet,
2163 5531 2363 5600 inquit,
2403 5531 2656 5589 occidere
2713 5547 2813 5588 nos
2858 5533 2946 5588 hic
2980 5534 3191 5605 anguis,
3231 5537 3508 5606 haudqua-

1927 5635 2085 5690 quam
2131 5620 2273 5676 istud
2305 5622 2573 5677 numisma
2628 5623 2784 5680 nobis
2815 5623 3088 5682 daretzet
3132 5629 3329 5695 gaudio
3376 5629 3506 5684 deli-

304 5795 325 5824 ²
359 5791 376 5845 l
407 5793 536 5848 Cur.
576 5805 651 5855 ιι,
684 5787 739 5842 2.
818 5787 837 5818 ³
860 5786 989 5841 Luc.
1025 5802 1182 5851 nm,
1208 5785 1298 5838 42.
1377 5784 1397 5814 ¹⁸
1429 5782 1623 5838 Matth.
1653 5763 1794 5848 V,39
1858 5773 1944 5829 41.
