3950 6166
490 365 624 433 L219

1421 370 1990 431 CHRISTOPHORI
2030 368 2536 430 PATRIARCH/E
2577 367 2798 426 ALEX.

3615 366 3750 429 1'2'33

483 491 652 546 butns
686 489 805 544 ait;
839 487 1002 543 Forte
1051 503 1117 541 an
1147 487 1312 543 etiam
1355 488 1502 543 aliud
1537 487 1726 544 all‘eret
1753 490 2061 549 numistna;

2171 485 2344 553 λέγων
2369 503 2382 515 ·
2409 485 2570 546 Ἴσως
2607 485 2703 536 καὶ
2733 479 2862 534 ἄλλο
2897 481 3027 550 ἡμῖν
3055 480 3300 550 νόμισμα
3325 480 3505 552 φέρει,
3536 480 3631 534 καὶ
3647 485 3752 534 οὐκ

480 589 540 634 et
589 595 695 634 non
748 579 1055 634 interimam
1120 579 1296 648 ipsum
1340 596 1354 634 ε
1391 595 1455 634 ac
1492 580 1754 648 postridie
1810 593 2063 633 reverSus

485 672 652 726 alium
711 671 914 725 invenit
963 686 1267 734 nummum,
1308 680 1364 725 et
1408 671 1524 725 haec
1571 686 1692 724 cum
1735 671 1918 724 animo
1966 685 2064 725 suo

2163 574 2457 627 ἀποκτενῶ
2505 573 2695 628 αὐτόν.
2751 573 2861 625 Καὶ
2917 569 3091 625 ἐλθὼν
3140 574 3206 640 τῇ
3255 571 3542 641 ἐπαύριον,
3589 564 3751 640 εὗρεν

2165 664 2295 720 ἄλλο
2325 665 2592 736 νόμισμα,
2630 665 2724 718 καὶ
2751 663 3091 732 διελογίσατο
3121 664 3177 713 ἐν
3207 662 3408 732 ἐαυτῷ,
3439 662 3638 730 λέγων,
3663 663 3751 716 ὅτι

484 763 756 831 reputavit
808 763 1070 817 dicendo:
1118 761 1356 832 Serpens
1386 762 1474 816 hic
1505 771 1680 816 morte
1729 761 1927 832 dignus
1957 778 2062 818 non

2171 762 2288 828 Ίφις
2316 753 2475 822 οὗτος
2509 759 2612 811 οὐκ
2644 757 2792 811 ἔστιν
2817 756 2964 822 ἀξιος
3007 757 3262 823 Θανάτου,
3298 755 3437 810 ἀλλά
3464 756 3559 809 καὶ
3579 759 3750 826 τιμῆς

487 863 594 918 est,
629 855 736 910 imo
767 855 942 924 pretio
974 854 1202 924 ingenti.

560 946 625 1001 V.
669 947 1046 1002 Perseveravit
1076 963 1206 1002 vero
1231 963 1456 1018 serpens
1479 949 1640 1018 longo
1663 949 1799 1005 satis
1825 958 2066 1016 tempore

491 1053 589 1106 per
621 1037 864 1108 singulos
903 1039 1023 1092 dies
1073 1054 1270 1094 rursus
1312 1039 1412 1106 ipsi
1454 1041 1724 1097 numisma
1780 1041 2061 1104 exhibere,

487 1130 744 1198 nullaque
772 1131 823 1183 in
855 1145 914 1185 re
946 1131 1121 1199 ipsum
1171 1131 1363 1187 ledere
1385 1171 1400 1198 ,
1433 1141 1487 1188 ct
1516 1134 1738 1201 gavisus
1768 1145 1850 1188 est
1873 1135 2063 1195 homo,

487 1224 630 1290 quod
682 1238 786 1276 non
835 1222 1133 1276 occidisset
1169 1233 1504 1292 serpentem.
1550 1223 1602 1278 ls
1647 1237 1812 1293 porro
1861 1239 2062 1292 equum

486 1312 666 1380 magni
718 1311 878 1380 pretii
928 1312 1184 1374 habebat,
1215 1313 1280 1364 ad
1314 1327 1476 1381 quem
1522 1327 1645 1368 cum
1695 1314 1934 1369 venisset
1963 1329 2065 1366 an-

484 1405 626 1472 guis,
675 1404 850 1468 ipsum
897 1405 1212 1457 momordit.
1264 1402 1610 1460 Domicilium
1643 1415 1726 1460 est
1770 1407 1887 1460 haec
1931 1407 2061 1470 vita,

484 1495 818 1558 charissitni,
851 1511 1077 1564 serpens
1103 1505 1188 1552 est
1218 1497 1407 1552 mundi
1461 1497 1717 1566 princeps
1749 1500 1944 1564 hostis,
1974 1500 2064 1568 qui

484 1587 802 1640 calcnneum
856 1585 1120 1654 cujusque
1172 1589 1549 1653 observat,-ut
1593 1593 1842 1659 quemvis
1893 1591 2067 1646 inter-

484 1680 663 1735 imat:
701 1697 956 1736 nummus
1000 1690 1182 1736 autem
1241 1693 1328 1737 est
1378 1698 1544 1752 prava
1597 1683 1888 1754 cupiditas,
1945 1697 2066 1754 quas

483 1788 676 1828 omnes
713 1774 780 1827 ad
819 1774 1048 1831 exitium
1083 1774 1330 1843 impellit.
1379 1775 1544 1830 Virus
1571 1776 1806 1846 denique
1838 1790 2065 1844 serpen-

486 1864 557 1918 tis
601 1873 682 1918 cst
717 1875 1020 1933 peccatum,
1053 1868 1198 1935 quod
1247 1881 1436 1928 omnes
1469 1867 1574 1922 sibi
1622 1869 2063 1936 obtemperantes

483 1963 668 2018 necat,
703 1964 760 2008 ut
782 1955 857 2010 ait
889 1956 1182 2024 Aposmlns
1209 1976 1224 2014 :
1255 1957 1399 2012 Nam
1431 1961 1853 2027 concupiscentia
1890 1959 2068 2015 conci-

480 2047 628 2116 piens
663 2047 828 2117 gignit
877 2056 1152 2118 peccatum
1185 2064 1205 2103 :
1232 2062 1507 2117 peccatum
1551 2059 1728 2104 autem
1777 2049 2066 2120 perfectum

480 2139 715 2205 concepit
740 2145 958 2190 mortem
977 2138 1020 2191 ⁸.
1046 2137 1257 2193 Etenim
1277 2149 1501 2208 propter
1525 2139 1790 2194 incuriam
1821 2150 2063 2194 nostram

485 2231 628 2284 Deus
666 2231 948 2283 interitum
981 2230 1034 2284 in
1067 2229 1305 2299 pecudes
1336 2241 1553 2285 nostras
1601 2219 1790 2296 mittit,
1825 2245 1930 2286 nos
1969 2245 2066 2286 ex-

485 2322 764 2385 terrcudo,
799 2331 857 2373 ut
883 2321 1184 2388 sapiamus.

562 2410 650 2466 Vl.
689 2411 885 2466 Postea
917 2412 1081 2468 homo
1113 2412 1345 2467 intuitus
1375 2428 1574 2482 equum
1605 2429 1764 2469 suum
1798 2415 2064 2470 interem-

481 2511 634 2573 ptum
668 2503 737 2557 ab
783 2517 998 2573 angue,
1052 2503 1242 2558 dolore
1279 2505 1520 2572 percitus
1551 2513 1656 2570 est,
1687 2505 1832 2560 aedes
1865 2515 1919 2560 et
1949 2521 2064 2558 ser-

483 2605 700 2666 pentem
762 2608 1057 2651 exsecrere
1119 2595 1325 2663 coepit,
1380 2606 1541 2666 atque
1589 2598 1660 2652 ita
1709 2612 1894 2652 secum
1948 2598 2066 2667 ipse

483 2689 751 2743 disserere
775 2706 788 2741 :
825 2687 964 2754 Quia
994 2689 1148 2743 virus
1175 2689 1448 2758 serpentis
1495 2689 1658 2757 hujus
1683 2700 1902 2753 enecat,
1930 2705 2064 2744 con-

481 2779 632 2835 ducit
656 2781 813 2835 nobis
836 2795 960 2833 cum
988 2779 1305 2834 interﬁcere
1329 2781 1648 2849 priusquam
1679 2795 1778 2834 nos
1797 2782 2062 2848 perimat:

481 2884 537 2927 et
585 2890 707 2928 cum
746 2872 814 2927 ad
848 2873 1205 2927 occidendum
1259 2873 1439 2941 ipsum
1476 2875 1740 2940 venisset,
1781 2887 2064 2927 nummum

483 2981 580 3034 pro
611 2980 761 3020 more
805 2966 1030 3033 reperit,
1063 2966 1291 3034 aitque:
1328 2963 1538 3033 Equum
1568 2965 1790 3034 quidem
1821 2966 2066 3034 perdidi-

482 3072 628 3120 tuus,
668 3055 762 3109 sed
796 3070 973 3125 quare
1023 3055 1188 3110 etiam
1225 3054 1606 3122 quotidianum
1637 3055 1906 3108 numisma
1941 3069 2066 3123 per-

2169 853 2435 922 μεγάλης.
3087 892 3090 894 -

2240 940 2317 998 E’.
2371 945 2480 996 Kal
2535 944 2856 1014 διένειμενει
2907 944 2934 996 6
2984 942 3109 1011 ὄφις
3161 941 3356 1012 καιρὸν
3404 942 3589 994 ἱκανὸν
3621 941 3750 995 καθ’

2167 1038 2408 1106 ἑκάστην
2454 1036 2668 1106 ἡμέραν
2720 1037 2885 1090 πάλιν
2932 1035 3083 1105 αὑτῷ
3122 1035 3183 1088 τὺ
3213 1036 3482 1105 νόμισμα,
3534 1033 3634 1088 καὶ
3688 1035 3750 1086 ἐν

2172 1131 2366 1200 μηδενὶ
2397 1130 2561 1182 αὐτὸν
2594 1131 2848 1200 βλάπτων
2871 1143 2882 1155 ·
2916 1129 3013 1182 καὶ
3059 1129 3231 1199 ἐχάρη
3267 1129 3295 1180 6
3335 1127 3624 1197 ἅνθρωπος
3665 1127 3751 1179 ὅτι

2167 1224 2268 1276 οὐκ
2301 1223 2559 1291 ἐφόνευσε
2593 1224 2684 1276 τὸν
2714 1223 2860 1290 ὅφιν.
2915 1217 3042 1289 Εἶχε
3087 1221 3143 1274 δὲ
3177 1224 3204 1274 6
3243 1221 3531 1291 ἄνθρωπος
3578 1221 3751 1273 ἵππον

2168 1313 2505 1383 πολύτιμονο
2545 1315 2642 1367 καὶ
2692 1312 2862 1366 ἐλθὼν
2896 1315 2924 1366 ό
2947 1313 3068 1380 ὄφις
3117 1311 3342 1365 ἔδακνεν
3372 1312 3557 1365 αὐτόν.
3592 1311 3748 1381 Atili;

2172 1408 2270 1476 μέν
2319 1410 2466 1460 ἐστιν
2488 1409 2516 1460 6
2546 1405 2660 1476 βίος
2688 1401 2864 1470 οὗτος,
2898 1405 3172 1474 ἀγαπητοί
3195 1421 3207 1434 ·
3242 1404 3371 1472 όφις
3401 1403 3457 1456 δὲ
3485 1406 3514 1457 6
3533 1407 3751 1471 ’κοσμο-

2169 1501 2413 1570 κράτωρ,
2441 1499 2657 1571 ἐχθρὸς,
2677 1501 2705 1551 6
2725 1499 2822 1568 τὴν
2854 1498 3093 1566 πτέρναν
3114 1495 3352 1548 ἑκάστου
3382 1494 3569 1564 τηρῶν
3595 1495 3750 1556 ὅπως

2170 1595 2279 1647 πᾶν
2306 1593 2596 1663 θανατώσῃ
2622 1608 2639 1624 °
2657 1591 2718 1644 τὸ
2745 1591 2802 1644 δὲ
2829 1590 3074 1662 νόμισμά
3097 1592 3257 1642 ἐστιν
3300 1591 3332 1657 ὴ
3374 1589 3588 1658 πονηρά
3622 1589 3749 1640 ἐπι-

2169 1686 2360 1756 θυμία,
2385 1688 2418 1756 ή
2437 1687 2645 1749 πάντας
2663 1683 2882 1738 ὠθοῦσα
2906 1683 3042 1753 πρὸς
3070 1682 3348 1736 ἀπώλειαν
3371 1699 3384 1712 ·
3417 1683 3446 1733 6
3472 1681 3528 1734 δὲ
3551 1681 3626 1742 ἰὸς
3652 1677 3748 1732 τοῦ

2169 1781 2366 1849 ὄφεως,
2385 1781 2531 1833 ἐστὶν
2561 1781 2594 1850 ὴ
2626 1779 2942 1849 ἀμαρτία,ή
2978 1779 3187 1840 πάντας
3219 1777 3346 1840 τοὺς
3383 1773 3748 1844 πειθομένους

2169 1867 2308 1937 αὐτῇ
2348 1866 2676 1929 θανατοῦσα,
2706 1866 2891 1930 καθώς
2911 1873 3077 1936 φησιν
3099 1867 3127 1918 6
3163 1865 3503 1944 ’Δπόστολος⁶
3543 1863 3609 1918 Ἦ
3636 1863 3751 1931 τὰρ

2167 1957 2450 2028 ἐπιθυμία
2467 1960 2870 2014 συλλαϐοῦσα
2891 1961 3073 2013 τίκτει
3091 1958 3408 2027 ἁμαρτίαν
3425 1957 3464 2023 ἠ
3482 1957 3550 2010 δὲ
3565 1957 3751 2025 ἀμαρο

2169 2050 2265 2105 τία
2301 2051 2780 2106 ἀποτελεσθεῖσα
2809 2051 2936 2112 κύει
2953 2051 3232 2106 θάνατον.
3253 2049 3352 2102 Διά
3368 2049 3476 2119 γὰρ
3495 2048 3595 2116 τὴν
3611 2047 3752 2116 ἀμέ-

2168 2141 2316 2196 λειαν
2349 2143 2528 2214 ήμῶν,
2581 2144 2793 2220 πέμπει
2835 2147 2862 2198 6
2890 2144 3024 2207 Θεὸς
3062 2144 3292 2197 θάνατον
3335 2145 3415 2206 εἱς
3462 2142 3533 2194 τά
3567 2145 3740 2209 κτήνη

2166 2235 2199 2303 ή
2211 2233 2327 2304 μῶν
2351 2251 2362 2264 ·
2397 2233 2647 2302 ἐκφοϐῶν
2676 2237 2848 2306 ἡμᾶς,
2878 2235 3027 2298 ὅπως
3057 2236 3214 2304 ἡμεῖς
3265 2234 3733 2302 σωφρο.ήσωμεν.

2242 2421 2336 2490 ς’.
2362 2419 2495 2476 Εἶτα
2531 2422 2656 2476 ἰδὼν
2685 2425 2712 2477 6
2741 2423 3032 2495 ἄνθρωπος
3067 2424 3156 2478 τὸν
3188 2425 3354 2478 ἵππον
3381 2425 3552 2480 αὐτοῦ
3580 2426 3750 2480 θανα-

2166 2514 2406 2568 τωθέντα
2436 2515 2542 2568 ὑπὸ
2573 2515 2667 2568 τοῦ
2690 2517 2892 2585 ὄφεως,
2935 2517 3205 2586 ἐλυπήθη.
3241 2519 3351 2570 Καὶ
3379 2518 3587 2587 meum
3619 2520 3749 2570 ἀνα-

2167 2604 2485 2674 θεματίζειν
2521 2608 2620 2677 τὴν
2650 2608 2823 2677 αὐλὴν
2855 2610 2947 2661 καὶ
2989 2608 3077 2661 τὸν
3119 2608 3266 2677 ὄφιν,
3312 2612 3407 2660 καὶ
3445 2609 3752 2676 διαλογίζε-

2169 2695 2294 2749 σθαι
2328 2697 2386 2748 ἐν
2416 2697 2614 2767 ἐαυτῷ,
2647 2697 2856 2764 λέγων·
2903 2697 3018 2766 Ἐφ’
3072 2700 3197 2751 ὅσον
3251 2701 3278 2750 6
3311 2699 3391 2761 ἰὸς
3431 2699 3525 2752 τοῦ
3575 2700 3752 2768 δφεως

2166 2786 2357 2839 τούτου
2403 2787 2644 2853 θανατοῖ,
2683 2776 2969 2858 ’συμφέρει
3011 2791 3147 2858 ἡμῖν
3195 2789 3511 2842 θανατῶσαι
3561 2791 3749 2854 αὑτὸν,

2169 2881 2305 2948 πρὶν
2339 2881 2492 2949 ἡμᾶς
2519 2881 2859 2935 θανατώσει*
2911 2882 3006 2935 καὶ
3055 2881 3226 2934 ἐλθὼν
3279 2881 3375 2935 τοῦ
3425 2871 3749 2935 ἀποκτεῖναι

2167 2971 2353 3034 αὑτὸν,
2384 2966 2513 3040 εὗρε
2552 2973 2615 3025 τὸ
2659 2973 2906 3042 νόμισμα
2948 2972 3091 3026 κατὰ
3151 2974 3210 3025 τὸ
3258 2973 3419 3035 ἔθυς’
3465 2976 3558 3026 καί
3595 2970 3745 3025 εἴπεο

2169 3059 2272 3112 Τὸν
2303 3061 2401 3129 μὲν
2438 3060 2604 3113 ἵππον
2635 3061 3023 3132 ἀπωλέσαμεν,
3063 3062 3153 3116 διὰ
3183 3062 3236 3115 τί
3275 3064 3370 3116 καὶ
3400 3064 3462 3116 τὸ
3497 3063 3750 3132 καθημε-

483 3147 719 3202 tletnns't
757 3156 1028 3215 quatenus
1057 3154 1239 3199 autem
1273 3145 1490 3200 brutum
1541 3146 1716 3200 solum
1762 3147 2062 3212 interemit,

2174 3149 2323 3220 ρινδν
2366 3150 2608 3219 νόμισμα
2668 3151 3049 3220 ἀπολέσομεν;
3095 3151 3209 3221 Ἐφ’
3260 3153 3387 3206 ὅσον
3443 3153 3506 3204 τὸ
3549 3153 3744 3220 ἄλογον

481 3249 540 3292 ct
567 3238 812 3292 homines
852 3253 958 3292 non
995 3238 1170 3304 laedit,
1195 3253 1294 3292 cur
1319 3239 1483 3293 etiam
1510 3239 1688 3308 ipsum
1730 3240 2067 3296 interﬁcere-

487 3330 643 3384 mus?
671 3341 725 3384 et
759 3331 830 3384 ita
865 3339 921 3385 et
960 3344 1189 3398 anguem
1229 3330 1503 3385 viventem
1537 3331 1764 3396 dimisit,
1806 3341 1864 3387 et
1902 3317 2065 3388 occa-

484 3424 693 3478 sionem
733 3423 871 3477 lucri
914 3424 1174 3492 captavit,
1208 3437 1488 3476 nummum
1519 3423 1744 3491 capiens
1797 3424 2062 3492 quotidie,

485 3530 549 3568 ac
580 3514 724 3567 nulla
745 3515 797 3568 in
830 3528 890 3568 re
918 3512 1158 3568 oﬂ'cusus
1187 3507 1199 3569 ὲ
1231 3524 1344 3568 ιιιιιι
1375 3527 1600 3583 serpens
1631 3530 1753 3570 cum
1787 3517 2062 3571 hominem

480 3607 850 3676 negligentem
900 3608 1188 3662 admodum
1222 3607 1377 3672 vidit,
1427 3609 1596 3674 venit,
1623 3617 1679 3663 et
1703 3623 1918 3664 servum
1945 3610 2065 3681 ejus

484 3702 836 3755 dormientem
867 3702 1182 3766 momordit,
1209 3711 1269 3755 ut
1299 3716 1365 3756 ne
1387 3702 1512 3770 quis
1533 3702 1646 3756 haec
1670 3703 1873 3757 diceret
1897 3721 1910 3757 :
1932 3704 2067 3758 Cur-

485 3806 608 3843 natu
643 3791 775 3844 abiit
817 3794 883 3845 ad
926 3792 1102 3846 locum
1137 3791 1445 3859 serpentis?
1478 3801 1592 3858 aut,
1623 3807 1798 3862 quare
1834 3794 1922 3847 hic
1955 3808 2063 3848 non

483 3885 626 3938 cavit
657 3885 785 3950 sibi,
817 3900 886 3940 ne
913 3901 974 3940 se
999 3887 1160 3941 morti
1205 3885 1505 3955 objiceret?
1544 3887 1667 3955 quis
1695 3887 1840 3942 enim
1879 3888 2063 3940 incer-

486 3985 598 4028 tum
670 3977 1065 4046 intempestiva:
1136 3978 1332 4032 mortis
1403 3987 1615 4046 tempus
1677 3978 2066 4047 cognovisset?

483 4070 681 4123 deinde
731 4069 1066 4124 vociferante
1103 4085 1286 4132 servo,
1321 4070 1474 4123 venit
1507 4069 1670 4123 herus
1716 4071 1834 4138 ejus
1865 4084 2063 4139 pr0pe-

483 4178 633 4224 rans,
662 4172 716 4216 et
737 4161 1018 4227 detestans
1048 4177 1111 4216 ac
1152 4160 1286 4214 diris
1333 4161 1608 4216 devovens
1653 4173 1964 4233 serpentem
2009 4175 2066 4218 et

483 4257 674 4310 horam
704 4269 809 4322 qua
849 4253 1068 4307 domum
1123 4251 1271 4305 illam
1311 4262 1559 4317 noverat.
1611 4252 2062 4324 Quandoquidem

483 4349 650 4403 etiam
687 4361 786 4400 nos
819 4346 874 4400 iu
917 4347 1081 4399 rebus
1111 4345 1407 4414 prosperis,
1443 4346 1640 4402 mortis
1671 4362 1777 4401 non
1814 4349 2065 4402 tuemini-

494 4453 638 4502 mus,
679 4437 728 4488 in
758 4435 1003 4489 adversis
1050 4445 1230 4490 autem
1279 4437 1679 4502 despondemus
1721 4440 1984 4505 animum,
2009 4449 2066 4494 et

2173 3240 2337 3310 μόνον
2369 3241 2648 3309 ἐφόνευσε,
2697 3244 2791 3295 καὶ
2837 3245 2962 3306 τοὺς
3010 3243 3336 3312 ἀνθρώπους
3388 3245 3450 3298 οὐ
3502 3245 3744 3314 βλάπτει,

2167 3333 2256 3388 διὰ
2281 3335 2334 3388 τί
2366 3337 2463 3388 καὶ
2492 3335 2834 3405 θανατοῦμεν
2868 3334 3072 3401 αὐτόν;
3110 3337 3222 3389 Καὶ
3257 3337 3442 3406 ἀφῆκε
3486 3337 3579 3388 τὸν
3625 3338 3748 3404 ὅφιν

2167 3427 2368 3491 ζῶντα.
2392 3427 2502 3480 Καὶ
2527 3427 2784 3498 ἐποίησεν
2811 3429 2840 3479 6
2861 3426 3151 3498 ἄνθρωπος
3177 3427 3394 3497 καιρὸν,
3425 3427 3749 3498 καθημέραν

2167 3518 2464 3588 λαμϐάνων
2493 3518 2554 3570 τὸ
2585 3522 2847 3588 νόμισμα,
2879 3520 2978 3572 καὶ
3001 3519 3060 3572 ἐν
3094 3518 3289 3588 μηδενὶ
3336 3518 3712 3588 βλαπτόμενος
3734 3534 3747 3549 ο

2166 3612 2263 3665 καὶ
2289 3611 2378 3663 ὅτε
2406 3607 2548 3662 εἶδεν
2571 3609 2600 3662 6
2641 3610 2766 3679 ὄφις
2795 3609 2890 3664 τὸν
2936 3610 3226 3680 ἄνθρωπον
3260 3612 3747 3682 ἀμιριμνήσαντα.

2165 3699 2300 3774 ἦλθε
2330 3704 2426 3756 καὶ
2453 3701 2614 3755 ἔδακε
2651 3703 2744 3756 τὸν
2768 3702 2956 3756 δοῦλον
3013 3702 3179 3756 αὐτοῦ
3231 3704 3614 3772 κοιμώμενον·
3660 3703 3748 3756 ἵνα

2171 3798 2244 3866 μή
2276 3812 2358 3857 τις
2387 3796 2516 3868 εῐπῃ
2541 3812 2554 3826 ·
2589 3796 2699 3848 Καὶ
2746 3795 2838 3848 διὰ
2861 3795 2915 3848 τί
2943 3796 3186 3864 ἀπῆλθεν
3221 3796 3300 3858 εἱς
3326 3797 3418 3848 τὸν
3462 3795 3625 3848 τόπεν
3653 3794 3748 3847 τοῦ

2165 3885 2372 3954 ὄφεως;
2405 3885 2437 3955 ἢ
2461 3887 2558 3938 Διά
2588 3886 2641 3938 τί
2665 3888 2692 3939 6
2717 3885 2864 3939 δεῖνα
2886 3890 2958 3955 μὴ
2979 3887 3406 3957 παρεφυλάξατο
3431 3886 3509 3955 μὴ
3534 3887 3749 3954 ῥίπτειν

2167 3973 2356 4029 ἑαυτὸν
2386 3977 2464 4038 είς
2492 3977 2582 4028 τὸν
2601 3976 2830 4028 θάνατον
2852 3993 2866 4041 ;
2897 3977 2963 4029 Τί
2983 3980 3091 4046 γὰρ
3109 3975 3171 4028 τὸ
3187 3976 3367 4043 ἄωρον
3387 3974 3480 4026 τοῦ
3515 3975 3749 4027 θανάτου

2167 4068 2465 4135 ἐγίνωσκεν
2485 4085 2500 4135 ;
2530 4064 2662 4122 Εἶτα
2681 4068 2986 4140 πράξαντος
3003 4067 3097 4120 τοῦ
3121 4066 3308 4120 δούλου
3332 4063 3497 4136 ἦλθεν
3517 4069 3544 4119 ό
3568 4067 3754 4136 κύριος

2165 4158 2334 4212 αὑτοῦ
2376 4159 2625 4212 σπεύδων
2653 4161 2750 4212 καὶ
2785 4159 3179 4230 καταρώμενος
3217 4159 3312 4210 τὸν
3361 4158 3488 4224 ὅφιν
3528 4159 3625 4209 καὶ
3652 4157 3752 4224 τὴν

2157 4251 2339 4322 -ῶραν,
2364 4247 2471 4324 ἐνῇ
2497 4250 2763 4321 ἐγνώρισε
2793 4252 2894 4321 τὴν
2908 4252 3078 4321 αὐλὴν
3092 4251 3332 4323 ἐκείνην·
3357 4251 3447 4302 ὅτε
3480 4250 3576 4302 καὶ
3592 4250 3754 4317 ἡμεῖς

2165 4346 2230 4396 ὲν·
2254 4347 2374 4408 ταῖς
2413 4345 2738 4414 εὐημερίαις
2776 4344 2836 4396 οὐ
2882 4343 3302 4414 μνημονεύομεν
3346 4342 3443 4395 τοῦ
3483 4341 3749 4394 θανάτοιν

2168 4438 2225 4490 ἐν
2253 4437 2311 4490 δέ
2327 4439 2448 4500 ταῖς
2471 4436 2716 4504 θλίψεσιν
2740 4435 3135 4506 όλιγωροῦμεν,
3161 4438 3256 4489 καὶ
3275 4433 3756 4504 ἀναθεματίζομεν

483 4529 651 4583 vitam
681 4541 1038 4580 exsecramus
1066 4535 1121 4580 et
1162 4528 1351 4581 horam
1392 4529 1446 4582 in
1476 4543 1587 4598 qua
1612 4533 1777 4583 vitam
1809 4533 2063 4604 percepi-

2173 4527 2263 4581 τὸν
2293 4526 2409 4598 βίον
2437 4527 2530 4580 καὶ
2566 4527 2666 4596 τὴν
2706 4525 2878 4595 ὥραν,
2932 4527 2991 4578 ἐν
3121 4525 3506 4595 ἐγνωρίσαμεν
3553 4525 3754 4577 αὐτόν·

480 4634 643 4683 mus;
672 4634 737 4672 ac
782 4619 978 4688 singuli
1027 4619 1262 4675 dicimus
1299 4637 1314 4676 :
1357 4634 1484 4676 vere
1531 4622 1584 4676 in
1631 4633 1911 4692 posterum
1959 4640 2064 4678 non

485 4713 807 4783 vagabimur
859 4727 1049 4767 errore
1100 4713 1225 4767 vita:
1289 4714 1452 4784 hujus
1523 4715 1702 4770 inanis
1752 4717 1924 4771 delusi
1962 4734 1976 4770 :
2011 4725 2068 4770 at

485 4807 684 4873 denuo,
734 4816 793 4861 ut
828 4808 983 4862 canis
1013 4808 1034 4840 ⁸
1066 4808 1133 4862 ad
1173 4810 1450 4877 proprium
1519 4811 1820 4874 vomitum,
1857 4811 1942 4865 vita
1995 4810 2061 4863 ad

485 4900 746 4955 delictum
785 4916 883 4954 nos
906 4903 1306 4970 convertimus,
1336 4912 1391 4956 et
1418 4901 1602 4970 pejora
1630 4903 1907 4972 prioribus
1939 4918 2061 4972 per-

485 4993 735 5063 agimus,
798 5009 974 5062 neque
1051 4993 1282 5063 judicii,
1365 5007 1554 5063 neque
1612 4994 1804 5048 mortis
1878 5008 2064 5048 curam

486 5085 770 5140 habentes.
806 5083 1017 5139 Etenim
1047 5088 1098 5138 in
1132 5085 1517 5155 prosperitate,
1546 5087 1606 5139 et'
1632 5086 1841 5139 incuria
1874 5101 2064 5154 pecca-

488 5184 600 5229 tum
636 5177 844 5230 invenit
875 5164 1182 5246 ingressum
1219 5186 1380 5246 atque
1422 5175 1632 5246 irrepit,
1665 5192 1728 5230 ac
1760 5177 1924 5231 veluti
1953 5177 2066 5232 ales

488 5267 655 5338 llylus
677 5268 698 5299 '
725 5269 1059 5322 crocodilum
1089 5269 1366 5333 observat,
1399 5268 1582 5336 quoad
1614 5268 1794 5322 videat
1826 5269 2068 5322 suaviter

489 5372 556 5412 ac
582 5374 778 5414 secure
807 5362 1044 5430 sopitum
1080 5371 1135 5415 et
1180 5371 1366 5429 aperto
1398 5375 1493 5415 ore
1529 5361 1801 5424 hiantem;
1841 5376 1903 5416 ac
1937 5373 2066 5417 tunc

557 5519 580 5552 ⁸
609 5517 776 5572 Jacub
833 5535 869 5580 ι,
906 5520 990 5572 lii.

2173 4620 2268 4674 καὶ
2291 4620 2520 4690 λέγομεν
2541 4619 2793 4684 ἕκαστος’
2811 4617 3054 4688 Ἀληθῶς
3073 4618 3281 4687 ἀπάρτι
3307 4618 3366 4669 οὐ
3391 4618 3468 4684 μὴ
3493 4615 3761 4685 πλανηθῶ

2171 4715 2237 4785 τῇ
2270 4713 2457 4784 ἀπάτῃ
2491 4713 2585 4766 τοῦ
2617 4712 2733 4783 βίου
2767 4711 2959 4766 τούτου
2989 4710 3083 4764 τοῦ
3118 4708 3380 4781 ματαίου.
3429 4710 3538 4762 Καὶ
3571 4709 3761 4774 πάλιν,

2171 4808 2250 4870 ὡς
2277 4806 2424 4860 κύων
2455 4807 2546 4859 ἐπὶ
2565 4806 2658 4859 τὸν
2690 4806 2822 4869 [διον
2852 4806 3072 4874 ἐμετθιν,
3103 4803 3279 4865 οὕτως
3311 4804 3404 4855 ἐπὶ
3431 4803 3530 4872 τὴν
3571 4803 3760 4873 ἀμαρ-

2173 4903 2295 4956 τίαν
2339 4903 2710 4974 στρεφόμεθα,
2755 4904 2848 4955 καὶ
2901 4902 3011 4954 τῶν
3048 4901 3332 4972 προτέρων
3389 4900 3612 4970 χείρονα
3637 4900 3763 4951 δια-

2173 4995 2554 5066 πραττόμεθα,
2593 4995 2731 5064 μήτε
2767 4993 2868 5061 τῆς
2898 4994 3154 5062 κρίσεως,
3192 4995 3330 5061 μήτε
3389 4991 3486 5044 τοῦ
3518 4991 3759 5044 θανάτου

2174 5085 2572 5158 φροντίζοντες.
2607 5087 2694 5138 Ἕν
2735 5085 2842 5154 γὰρ
2895 5086 2961 5154 τῇ
3009 5084 3294 5154 εὐημερίᾳ
3321 5083 3420 5135 καὶ
3456 5086 3524 5153 τῇ
3561 5085 3762 5154 ἀμερι-

2176 5178 2327 5250 μνίᾳ,
2357 5177 2599 5248 εὑρίσκει
2630 5176 3038 5246 παρείσδυσινὴ
3072 5175 3337 5246 ἁμαρτία.
3362 5175 3473 5227 Καὶ
3502 5174 3760 5244 καθάπερ

2174 5270 2235 5322 τὸ
2263 5270 2448 5340 ὄρνεον
2497 5267 2622 5331 ὖλος
2678 5271 2838 5338 τηρεῖ
2874 5267 2966 5320 τὸν
3020 5267 3388 5336 κροκόδειλον,
3425 5267 3533 5331 ἕως
3566 5267 3632 5320 ἂν
3674 5268 3760 5337 ἴδῃ

2176 5363 2342 5416 αὑτὸν
2397 5362 2568 5433 ἡδέως
2631 5365 2726 5415 καὶ
2785 5362 3106 5432 ἀμερίμνως
3149 5359 3506 5429 ὑπνώσαντα,
3559 5361 3654 5414 καὶ
3705 5363 3762 5413 τὸ

1069 5519 1088 5548 ⁸
1119 5517 1155 5568 ll
1192 5517 1333 5571 l‘etr.
1362 5534 1422 5581 lt,
1453 5519 1542 5573 2'2.
1621 5520 1638 5550 ⁷
1674 5520 1807 5574 Aliis
1835 5521 2064 5590 hydrus;

2171 5523 2209 5573 Le
2231 5517 2504 5573 Valcsium
2531 5517 2598 5572 ad
2627 5518 2895 5572 Ammian.
2920 5532 3060 5581 xm,

1784 5677 2015 5732 VARUE
2056 5675 2453 5733 LECTIONES.

563 5801 593 5832 ιι
622 5789 886 5859 interpres
915 5792 1043 5862 lcgit
1073 5810 1084 5847 :
1119 5793 1409 5862 διέμεινεν.
