3938 6168
449 309 471 374 1
483 309 583 372 223

1377 303 1945 366 CHRISTOPHORI
1983 303 2498 366 PATRIARCHE
2538 299 2760 361 ALEX.

3562 292 3692 358 12235Δ

440 421 664 478 vexatio
695 417 764 472 ob
791 425 1085 471 mortuum.
1115 413 1286 470 llodie
1323 413 1512 468 ﬂemus
1539 422 1593 468 et
1633 427 1928 467 mmremus
1953 427 2015 466 ac

2122 413 2252 480 ἡμῖν
2301 411 2432 480 περὶ
2491 408 2586 486 τοῦ
2645 405 2861 477 νεκροῦ.
2931 405 3182 476 Σήμερον
3237 406 3694 478 ἀπαραμυθήτως

444 514 711 580 ingenuus,
765 509 909 562 nulla
938 505 1308 562 consolatione
1351 505 1631 568 adhibita,
1672 512 1727 558 et
1776 503 2014 556 crastina

443 605 534 660 die
580 604 651 654 ita
693 598 872 654 all'ecti
919 613 1105 652 sumus
1131 637 1147 664 ,
1183 595 1336 665 quasi
1381 594 1715 649 immortales
1744 607 2012 648 essemus.

516 691 622 744 IX.
648 689 750 744 Sed
780 689 921 743 unde
947 688 1189 755 digressa
1215 694 1318 751 est,
1345 699 1409 739 eo
1433 684 1619 739 redeat
1648 683 1862 746 oratio;
1888 682 2014 750 quia

443 799 528 845 ea,
557 798 676 852 quze
712 790 896 834 secuta
930 789 1094 840 sunt,
1145 777 1324 852 dicere
1369 789 1744 846 properamus.
1765 771 2015 828 .lutuitus

445 875 532 928 ille
575 875 740 927 lilium
784 885 942 926 suum
995 865 1365 938 lacrymarum
1398 866 1509 918 vim
1543 863 1932 928 effundentem,
1961 870 2016 916 et

443 965 613 1031 patris
669 959 928 1014 auxilium
962 956 1368 1026 implorantem,
1399 953 1638 1007 medicos
1673 951 2012 1014 convocavit,

442 1059 619 1125 iisque
669 1051 938 1122 promittit
965 1064 1052 1114 se,
1098 1048 1361 1117 quidquid
1412 1046 1700 1116 petiissent
1737 1045 2010 1106 daturum,

439 1149 486 1203 si
516 1149 731 1216 quidem
770 1145 938 1197 lilium
982 1150 1238 1196 eruerent
1271 1140 1338 1194 ab
1376 1139 1596 1192 inte-ritu
1637 1151 1652 1190 :
1681 1147 1735 1191 at
1763 1136 1860 1199 illi,
1891 1149 2012 1190 cum

440 1240 671 1294 multum
710 1236 1072 1296 laborassem,
1123 1231 1256 1284 nihil
1310 1229 1674 1298 profuerunt:
1712 1243 1834 1280 mox
1885 1239 2015 1295 ergo

441 1332 584 1384 tilius
630 1328 860 1390 interiit,
894 1334 948 1378 et
989 1334 1142 1392 pater
1182 1322 1398 1384 dolens,
1433 1319 1772 1374 asseveravit
1803 1332 1864 1370 se
1907 1322 2014 1371 utin

440 1421 834 1492 permissurum
867 1429 923 1470 ut
949 1431 1174 1485 serpens
1205 1415 1409 1467 viveret
1428 1431 1453 1466 τ
1477 1414 1771 1480 Quousque
1797 1411 2014 1464 tandem

444 1513 736 1580 tueipsum,
770 1509 963 1576 inquit,
999 1507 1178 1574 inepte
1208 1505 1460 1558 deludam
1498 1504 1783 1572 insipiens,
1820 1511 1875 1556 et
1909 1515 2014 1554 non

438 1603 836 1658 exsecrandum
891 1614 1119 1668 anguem
1177 1597 1523 1662 interﬁciant,
1575 1596 1890 1663 priusquam
1928 1606 2018 1646 me

2115 501 2380 569 κλαίομεν
2444 500 2540 552 καὶ
2569 496 2872 569 ὀδυρόμεθα
2888 496 3335 566 καὶοθρηνοῦμεν,
3363 501 3462 552 καὶ
3504 497 3696 558 αὔριον

2115 591 2374 644 ἀθάνατοι
2400 588 2743 659 διακείμεθα.

2195 682 2274 735 8'.
2311 681 2480 733 Ἀλλὰ
2519 679 2880 746 ἀναλάϐωμεν
2907 678 2998 730 τὸν
3027 675 3185 744 λόγον
3212 675 3335 729 ὅθεν
3368 676 3534 732 αὑτὸν
3563 694 3698 731 κατα

2114 772 2394 843 ελείπομεν,
2422 771 2612 842 ἐπειδὴ
2641 772 2711 824 τὰ
2735 769 3010 824 ἀκόλουθα
3024 770 3200 821 είπεῖν
3223 769 3692 838 κατεπειγόμεθα.

2129 864 2275 918 Ἰδὼν
2295 859 2387 916 οὖν
2410 866 2437 916 6
2467 845 2868 935 ἄνθρωποςυτδν
2883 861 3000 915 υἱὸν
3021 860 3189 913 αὐτοῦ
3215 861 3481 932 δάκρυσιν
3497 863 3697 930 ὀλοφυ-

2119 955 2368 1026 ρόμενον,
2411 956 2503 1008 καὶ
2539 954 2640 1025 τὴν
2665 953 2914 1024 βοήθειαν
2939 953 3036 1007 τοῦ
3080 953 3290 1024 πατρὸς
3323 953 3699 1023 ἐπικαλούμε-

2115 1061 2222 1109 νον,
2261 1044 2585 1114 συνήθροισε
2605 1033 2754 1107 τοίἰς,
2776 1045 3016 1115 ἰατροὺς,
3054 1044 3532 1113 ὲπαγγεςλάμενος
3562 1044 3698 1097 δοῦ-

2116 1143 2205 1188 ναι
2237 1135 2421 1196 αὐτοῖς
2459 1136 2486 1186 ὃ
2530 1143 2596 1186 τι
2626 1134 2692 1187 ἂν
2735 1135 3055 1212 αἰτήσουσιν,
3107 1135 3320 1188 ἑαυτὸν
3368 1136 3485 1188 υίδν
3531 1136 3698 1188 αὐτοῦ

2115 1227 2520 1298 ἐλευθερώσωσι
2549 1225 2644 1278 τοῦ
2677 1212 2930 1280 θανάτου.
2962 1226 3071 1278 Καὶ
3103 1225 3274 1280 πολλὰ
3303 1229 3696 1289 κοπιάσαντες,

2116 1321 2411 1391 ὠφέλησαν
2436 1320 2626 1375 οὐδέν.-
2654 1319 2951 1372 Ἀπέθανεν
2977 1316 3073 1373 οὖν
3121 1324 3150 1374 6
3179 1325 3330 1384 παῖς,
3375 1321 3471 1373 καὶ
3513 1321 3696 1392 λυπη-

2118 1413 2231 1476 θεὶς
2254 1415 2283 1466 6
2303 1413 2486 1483 πατὴρ
2520 1412 2688 1466 αὑτοῦ
2715 1411 2903 1482 ¹ὤμοσε
2933 1413 3006 1484 μὴ
3031 1415 3192 1467 ἐᾶσαι
3218 1414 3310 1467 τὸν
3332 1414 3452 1482 ὄφιν
3487 1414 3692 1477 ζῶντα,

2117 1502 2293 1573 λέγων
2316 1520 2331 1536 ⁸
2359 1506 2506 1568 ’Ἕως
2538 1507 2668 1576 πότε
2703 1506 3000 1576 μωροποιῶ
3046 1506 3238 1560 ἑαυτὸν
3269 1509 3296 1560 6
3331 1507 3560 1577 ἄφρων,
3604 1505 3698 1561 καὶ

2118 1598 2179 1650 οὐ
2201 1597 2450 1667 φονεύσω
2481 1599 2571 1650 τὸν
2593 1601 2976 1670 κατηραμένον
2995 1599 3119 1667 ὄφιν
3140 1601 3274 1670 πρίν
3299 1618 3367 1670 με
3410 1602 3698 1668 φονεύσει;

433 1692 767 1750 interimat?
807 1707 929 1746 mox
985 1690 1258 1756 profectus
1287 1690 1354 1744 ad
1398 1699 1705 1758 serpentem
1758 1687 2015 1746 occiden-

2122 1690 2212 1743 καὶ
2235 1688 2488 1743 ἀπελθὼν
2516 1688 2609 1742 τοῦ
2642 1689 2900 1758 φονεῦσαι
2931 1691 3113 1752 αὐτὸν,
3145 1683 3275 1761 εὗρε
3319 1692 3380 1743 τὸ
3423 1691 3694 1760 νόμισμα·

374 1763 378 1778 ί
441 1789 594 1854 dum,
625 1802 903 1841 nummum
927 1785 1350 1852 reperit,-eoque
1379 1793 1616 1848 sumpto,
1647 1783 1812 1852 coepit
1837 1783 2013 1850 ipsum

2122 1779 2215 1832 xci.
2252 1777 2432 1831 λαϐὼν
2471 1778 2642 1844 αὐτὸ,
2666 1779 2871 1851 ἤρξατο
2905 1782 2986 1843 είς
3029 1758 3226 1834 ἑαυτὸν
3283 1758 3569 1844 ἀτενίζων,
3593 1758 3701 1834 καὶ

442 1883 736 1953 inspicere,
771 1889 826 1933 et
852 1879 1035 1932 dicere
1075 1894 1089 1929 :
1121 1875 1259 1941 Quid
1289 1875 1478 1941 agam?
1509 1874 1652 1928 [ilius
1675 1888 1828 1928 meus
1854 1874 2014 1926 inter-

444 1974 624 2030 fectus
654 1981 740 2026 est
771 1989 784 2025 :
813 1979 869 2024 et
913 1969 1149 2023 fortasse
1182 1969 1226 2023 si
1259 1967 1493 2021 cavisset
1529 1966 1656 2029 sibi,
1697 1965 2014 2033 neutiquam

445 2079 675 2134 serpens
705 2077 827 2116 eum
879 2061 1075 2115 laedere
1120 2060 1388 2128 potuisset
1423 2075 1440 2113 :
1475 2072 1577 2125 ego
1615 2065 1765 2110 certe
1797 2065 1853 2110 et
1881 2070 2019 2110 uxor

439 2171 559 2210 mea
579 2153 915 2213 cavebimus,
940 2161 996 2204 ut
1027 2152 1225 2218 anguis
1250 2163 1446 2203 nocere
1478 2148 1634 2202 nobis
1675 2162 1779 2202 non
1797 2146 1974 2216 possit
1999 2162 2014 2199 :

439 2245 494 2300 in
536 2245 646 2298 lilio
678 2259 801 2297 meo
838 2257 957 2297 sum
994 2241 1255 2294 multatus
1289 2257 1303 2292 :
1333 2254 1432 2292 cur
1465 2240 1631 2293 vero?
1658 2253 1725 2292 an
1757 2247 1817 2292 ut
1847 2239 2015 2292 etiam

433 2336 702 2406 iacturam
737 2334 932 2387 faciam
966 2342 1208 2402 quaestus
1239 2330 1404 2384 annui
1441 2345 1786 2384 nummorum
1815 2339 2020 2384 trecen-

430 2435 618 2479 torum
648 2423 931 2492 sexaginta
947 2419 1422 2488 quinque?ltaque
1442 2425 1751 2485 serpentem
1773 2417 2012 2472 dimisit:

439 2516 487 2570 is
520 2523 700 2569 autem
736 2527 928 2568 rursus
965 2511 1308 2565 occasionem
1338 2518 1558 2578 captare
1592 2509 1890 2579 pergebat,
1926 2510 2017 2563 lto-

437 2606 571 2661 mini
629 2619 909 2659 nttmmum
949 2618 1113 2656 unum
1147 2601 1388 2669 qu0tidie
1421 2601 1779 2670 suggerendo,
1825 2608 1884 2653 ut
1927 2599 2018 2654 ille

439 2699 708 2754 socordia:
752 2699 1003 2752 traderet
1042 2711 1123 2760 se,
1165 2705 1221 2750 et
1265 2695 1387 2749 vitae
1420 2693 1712 2746 vanitatem
1755 2693 1807 2746 in
1839 2693 2017 2761 pretio

438 2787 689 2843 haberet.
1773 2801 1784 2813 -ι

511 2877 581 2934 Χ.
622 2878 750 2933 Post
794 2894 1045 2932 reversus
1091 2879 1267 2932 adhuc
1311 2891 1541 2948 serpens
1573 2891 1638 2931 ex
1671 2877 2012 2945 improviso,

445 2985 670 3025 uxorem
705 2968 823 3037 ejus
863 2969 1173 3022 momordit.
1208 2969 1286 3022 lt-a
1317 2984 1466 3023 mors
1497 2970 1660 3032 subit,
1691 2977 1752 3022 ut
1776 2967 1882 3032 fur,
1911 2983 2016 3037 qua

2116 1871 2329 1938 λέγων⁸
2357 1871 2422 1922 Τί
2461 1871 2632 1935 ποιῶ;
2670 1871 2698 1922 6
2748 1872 2862 1934 υίός
2893 1888 2994 1941 μου
3037 1872 3299 1937 ἀπέθανε,
3332 1873 3427 1925 καὶ
3463 1864 3606 1942 τᾶχα
3649 1875 3699 1927 εί

2117 1961 2688 2034 παρεφύλαξατομούκ
2708 1961 2775 2014 ἂν
2807 1964 2835 2014 6
2856 1963 2980 2029 ὄφις
3010 1944 3228 2032 βλάψαι.
3249 1964 3411 2016 αὐτὸν
3441 1964 3696 2034 ἠδύνατο.

2119 2054 2314 2125 Ὅμως
2344 2037 2854 2125 παραφυλαξόμεθα
2889 2055 3000 2122 ἐγώ
3044 2072 3105 2108 τε
3147 2037 3246 2109 ’καὶ
3281 2058 3314 2125 ἡ
3368 2058 3509 2126 γυνή
3564 2073 3693 2126 μου,

2117 2146 2214 2200 καὶ
2239 2146 2300 2198 οὗ
2337 2145 2565 2200 δύναται
2601 2145 3007 2216 ἡμᾶς-βλάψαι.
3058 2146 3409 2219 Ἐζημιώθην
3449 2150 3541 2200 τὸν
3581 2151 3701 2202 υἱόν

2123 2255 2246 2309 μου.
2289 2238 2486 2304 Auchi;
2510 2239 2606 2291 -ἴνα
2639 2239 2906 2309 ζημιωθῶ
2946 2238 3090 2292 κατὰ
3130 2241 3343 2310 χρόνον,
3379 2242 3698 2310 νομίσματα

2119 2329 2394 2398 τριακόσι’
2428 2327 2692 2398 ἑξήκοντα
2721 2328 2882 2380 πέντε
2903 2344 2919 2394 ;
2940 2327 3051 2381 Καὶ
3078 2329 3288 2398 ἀφῆκεν
3310 2329 3491 2381 αὐτόν.
3513 2329 3703 2398 ⁸Ἔμει-

2118 2437 2210 2474 νεν
2252 2420 2347 2475 οὖν
2391 2413 2562 2474 πάλιν
2588 2419 2780 2490 καιρὸν
2812 2422 2840 2473 6
2882 2420 3027 2488 ὄφις,
3071 2419 3512 2490 παρέχων-αὺτῷ
3559 2420 3702 2474 καθ-

2118 2512 2604 2584 ημέραν-νόμισμα
2631 2515 2688 2567 ὲν
2713 2511 2792 2583 τῷ
2815 2513 3265 2583 ἀπομεριμνῆσαι
3293 2513 3386 2565 τὸν
3407 2512 3700 2584 ἄνθρωπον

2118 2602 2214 2664 καὶ
2236 2602 2578 2674 προτιμῆσαι
2604 2603 2703 2673 τὴν
2730 2603 2826 2656 τοῦ
2851 2602 2979 2672 ,βίου
3009 2603 3376 2674 ματαιότητα.

2184 2881 2250 2934 ·1’.
2294 2876 2502 2935 Ἷίλθεν
2531 2877 2626 2936 οὖν
2662 2883 2824 2938 πάλιν
2849 2885 2876 2936 6
2909 2882 3033 2952 ὄφις
3077 2883 3250 2952 ἄφνω,
3285 2886 3378 2939 καὶ
3401 2887 3566 2939 ’ἔδακε
3599 2887 3702 2956 τὴν

2120 2973 2352 3039 γυναῖκα
2376 2970 2543 3026 αὑτοῦ
2569 2989 2583 3004 ο
2609 2971 3026 3042 οὕτωςέρχεται
3043 2975 3070 3026 6
3087 2972 3317 3039 θάνατος
3338 2975 3414 3039 ὼς
3431 2977 3696 3045 κλέπτης,

441 3063 529 3115 die
561 3077 664 3116 non
697 3070 1097 3130 exspectamus,
1126 3067 1180 3112 et
1211 3075 1308 3114 uos
1339 3060 1560 3129 abripit.
1590 3058 1783 3113 Mulier
1811 3058 2015 3113 vocife-

2122 3062 2180 3114 ὲν
2205 3061 2390 3132 ἡμέρᾳ
2519 3061 2582 3113 ού
2629 3061 3041 3132 προσδοκῶμεν,
3090 3061 3183 3114 καὶ
3242 3063 3482 3132 ἁρπάζει
3525 3065 3699 3133 ἡμᾶς.

440 3163 627 3220 ratur;
657 3163 712 3206 et
745 3119 830 3204 vi'r
872 3150 990 3217 ejus
1037 3151 1229 3217 lugens
1259 3158 1314 3202 et
1343 3151 1637 3219 deplorans
1686 3149 1918 3204 accedit.
1950 3147 2015 3203 Et

2125 3119 2375 3224 "Ex'paée.
2397 3119 2494 3207 κὲἱι
2521 3156 2555 3224 ἡ
2585 3119 2721 3226 γυνή
2743 3171 2757 3184 ·
2800 3155 2894 3207 καὶ
2921 3119 3087 3226 ἦλθεν
3115 3155 3143 3207 6
3171 3119 3315 3225 ἀνὴρ
3359 3119 3529 3226 αύτῆς
3547 3119 3703 3209 "66:;-

440 3247 545 3298 hoc
595 3243 788 3298 audito
829 3244 986 3296 amici
1023 3253 1077 3300 et
1109 3243 1321 3311 cognati
1377 3244 1568 3298 nentes
1619 3252 2012 3298 convenerunt.

440 3335 612 3390 llomo
660 3336 854 3389 iterum
893 3333 1124 3389 medicis
1167 3334 1459 3390 accersitis
1506 3334 1795 3402 pollicetur
1835 3335 1917 3389 eis
1955 3349 2015 3389 se

438 3427 700 3497 pecunias
753 3425 1096 3494 largiturum,
1129 3426 1174 3479 si
1205 3439 1427 3480 uxorem
1458 3425 1577 3494 ejus
1600 3441 1631 3480 a
1668 3436 1842 3481 morte
1876 3425 2018 3479 libe-

444 3520 695 3572 raveriut
722 3535 735 3572 :
761 3527 825 3571 at
858 3518 932 3571 illi
960 3518 1146 3572 multis
1171 3517 1454 3571 laboribus
1475 3517 1792 3581 etantlatis,
1820 3515 2014 3585 iuvare

442 3611 667 3664 minime
705 3618 1019 3679 potuerunt.
1056 3608 1245 3674 Quare
1273 3609 1481 3664 interiit
1512 3607 1708 3661 mulier
1737 3622 1751 3660 :
1779 3605 2013 3682 .et'solus

440 3704 637 3758 viduus
667 3717 731 3756 ac
770 3703 1019 3758 desertus
1051 3703 1196 3758 domi
1226 3702 1516 3766 remansit;
1545 3710 1602 3754 et
1621 3699 1922 3754 amicorum
1949 3711 2015 3752 ac

438 3795 968 3862 consanguineorum
1015 3793 1255 3848 consilio
1309 3807 1476 3857 usus,
1521 3805 1644 3846 cum
1685 3803 1847 3858 super
1884 3803 2012 3843 ser-

439 3894 604 3955 pente
643 3893 836 3939 ctmcta
878 3900 998 3955 qua:
1054 3885 1204 3955 prius
1250 3892 1577 3948 evenerant,
1612 3883 1744 3952 ipsis
1773 3895 2017 3937 comme-

443 3985 732 4040 utorasset,
783 3976 924 4030 idem
970 3977 1018 4030 ei
1065 3990 1254 4032 omnes
1304 3976 1590 4031 consilium
1633 3975 1917 4038 dederunt,
1955 3981 2017 4027 ut

444 4079 674 4132 anguem
705 4065 1049 4119 interimeret
1079 4082 1092 4119 :
1125 4066 1562 4134 quandoquidem
1598 4064 1840 4120 futurum
1871 4072 2012 4128 erat,

444 4168 501 4209 ut
535 4158 726 4210 lterum
773 4172 990 4226 quoque
1032 4157 1382 4213 interﬁceret.
1418 4157 1524 4212 Sed
1565 4173 1688 4215 cum
1734 4158 1801 4211 ad
1834 4155 2011 4212 locum

441 4247 702 4311 venisset,
751 4249 1140 4301 observaturus
1187 4247 1553 4317 egredientem
1587 4256 1920 4317 serpentem,
1954 4253 2016 4300 ut

441 4355 566 4394 cum
602 4349 822 4393 necaret
853 4356 866 4394 :
904 4339 1030 4392 dum
1066 4340 1250 4393 sedem
1285 4338 1627 4393 numismatis
1671 4339 1924 4401 attendit,
1959 4344 2015 4392 et

2121 3241 2352 3314 ρόμενος
2377 3243 2474 3296 καὶ
2499 3244 2714 3314 θρηνῶν
2733 3260 2745 3273 ·
2767 3245 2860 3297 καὶ
2891 3243 3226 3306 ἀκούσαντες
3251 3245 3301 3296 οί
3325 3246 3590 3313 γείτονες,
3605 3247 3704 3301 καὶ

2115 3333 2168 3386 οί
2215 3333 2381 3401 φίλοι,
2411 3333 2505 3386 καὶ
2564 3335 2614 3387 οἱ
2666 3337 2969 3404 συγγενεῖς,
3001 3335 3349 3406 συνήχθησαν
3393 3337 3700 3402 κλαίοντες.

2131 3425 2390 3479 Ἐκάλεσε
2420 3425 2584 3479 πάλιν
2614 3427 2642 3479 6
2679 3426 2976 3498 ἄνθρωπος
3020 3427 3149 3490 τοὺς
3195 3427 3416 3498 ἰατροὺς
3459 3429 3704 3499 ὑποσχό-

2121 3532 2282 3587 μενος
2302 3517 2565 3589 χρήματα
2598 3517 2881 3588 παρέχειν
2901 3519 3107 3582 αὐτοῖς,
3141 3503 3234 3570 ἐὰν
3277 3518 3554 3589 ρύσωνται
3596 3524 3705 3592 τὴν

2117 3607 2353 3675 γυναῖκα
2383 3606 2546 3660 αὐτοῦ
2577 3607 2686 3661 ἀπὸ
2734 3606 2831 3661 τοῦ
2870 3607 3129 3662 θανάτου.
3169 3609 3278 3661 Καὶ
3318 3611 3464 3664 πάνυ
3520 3612 3704 3668 πολλὰ

2117 3700 2506 3763 κοπιάσαντες,
2539 3699 2695 3752 οὐδὲν
2719 3698 3006 3769 ὠφελῆσαι
3059 3700 3305 3770 ἴσχυσαν.
3343 3701 3613 3756 Ἀπέθανε
3645 3704 3705 3757 δὲ

2109 3793 2210 3847 -καὶ
2231 3796 2264 3862 ἡ
2291 3793 2451 3863 γυνὴ,
2483 3795 2579 3847 καὶ
2603 3793 2866 3864 ἔμεινενό
2903 3795 3190 3866 ἄνθρωπος
3230 3796 3390 3866 μόνος
3444 3815 3707 3868 μεμονω-

2119 3881 2280 3957 μένος
2302 3888 2360 3942 ὲν
2387 3886 2465 3955 τῷ
2488 3887 2646 3958 οῐκῳ·
2687 3887 2782 3940 καὶ
2805 3886 2992 3941 λαϐὼν
3023 3889 3123 3960 τὴν
3149 3889 3362 3959 -βουλὴν
3392 3890 3503 3942 τῶν
3529 3891 3708 3961 φὶὶων

2115 3975 2282 4030 αὑτοῦ
2341 3977 2436 4032 καὶ
2488 3978 2767 4046 συγγενῶν
2810 3979 2938 4047 περὶ
2981 3979 3075 4030 τοῦ
3128 3980 3322 4048 ὄφεως,
3365 3981 3706 4047 ἁναγγείλας

2115 4067 2300 4130 αὐτοῖς
2365 4067 2557 4128 πάντα·
2599 4067 2669 4120 τὰ
2721 4069 3094 4138 προγεγονότα
3124 4108 3138 4130 ,
3203 4069 3707 4123 συνεϐουλεύσαντο

2099 4151 2281 4210 ἀὐτὸν
2311 4159 2514 4221 πάντες
2553 4157 2644 4211 τὸν
2699 4158 2825 4227 ὄφιν
2873 4153 3215 4222 ἀποκτεῖναι,
3254 4159 3380 4211 ἐπεὶ
3413 4160 3508 4212 καὶ
3532 4161 3704 4212 αὐτὸν

2120 4249 2665 4321 μέλλειθανατῶσαι..
2702 4250 2810 4330 καὶ
2839 4250 2916 4312 ὡς
2959 4249 3197 4319 ἐπῆλθεν
3238 4251 3329 4303 ἐπὶ
3372 4249 3464 4303 τὸν
3508 4253 3706 4317 τόπον,

2120 4342 2312 4411 ἐτήρει
2336 4341 2490 4404 ὅπως
2524 4340 2812 4406 ἐξελθόντα
2845 4341 2938 4394 τὸν
2975 4341 3120 4410 ὄφιν,
3168 4341 3456 4412 θανατὼσῃ
3513 4344 3704 4400 αὐτόν.

443 4430 497 4483 in
532 4445 598 4483 eo
625 4429 815 4498 jaceus
849 4429 1207 4498 margaritum
1259 4429 1457 4492 cernit,
1491 4428 1804 4493 candidum,
1833 4437 1886 4480 et
1914 4433 2015 4497 pu-J

2134 4433 2471 4498 Ἀτενίζενιδὲ
2493 4434 2577 4497 είς
2597 4434 2688 4486 τὸν
2713 4433 2877 4486 τόπον
2908 4429 3396 4502 τούνομίσματος,
3435 4434 3536 4486 καὶ
3574 4434 3700 4496 βλέ-

443 4533 590 4583 rum,
642 4534 706 4571 ac
757 4518 1100 4586 pretiosum,
1166 4517 1392 4586 aequalis
1441 4518 1606 4578 molis
1653 4529 1832 4588 .atqne
1897 4527 2017 4573 erat

445 4608 716 4662 utnuisma
743 4629 756 4662 :
781 4608 988 4677 ingenti
1023 4609 1218 4678 gaudio
1245 4609 1540 4672 delibutus.
1574 4621 1856 4678 acceptam
1881 4624 2018 4664 mar-

443 4700 676 4769 garitam
707 4701 757 4752 in
792 4699 931 4752 hanc
955 4711 1010 4754 et
1037 4701 1181 4753 illam
1216 4711 1424 4771 partem
1452 4703 1776 4757 obvertebat
1809 4701 1864 4756 in
1898 4701 2015 4756 vola

443 4805 676 4854 manus,
733 4805 852 4858 prae
904 4790 1089 4845 laetitia
1141 4807 1350 4847 summa
1389 4807 1452 4847 ac
1485 4792 1745 4858 lubentia,
1798 4803 1856 4847 ut
1903 4793 2015 4861 jam

442 4882 642 4938 oblitus
687 4883 835 4939 necis
887 4883 980 4937 lilii
1017 4884 1346 4954 et-coujugis
1380 4894 1434 4938 et
1467 4886 1707 4939 omnium
1743 4902 1964 4940 suorum
1997 4901 2015 4950 ;

444 4979 691 5048 dixitque
740 4978 879 5048 apud
915 4993 1022 5032 se:
1078 4976 1345 5044 Quoniam
1399 4978 1486 5031 hic
1538 4992 1766 5046 serpens
1812 4979 2014 5032 nutumi

443 5069 682 5126 dolorem
748 5080 802 5124 et
856 5069 1098 5138 speciem
1152 5069 1206 5123 iu
1268 5068 1557 5138 puritatem
1611 5079 1668 5122 et
1719 5069 2016 5122 candorem

446 5165 664 5218 uuionis
719 5163 1118 5226 commutavit,
1185 5177 1411 5232 prorsus
1481 5161 1642 5215 etiam
1699 5160 2016 5230 pestiferum

445 5256 595 5310 virus
629 5269 784 5310 suum
827 5255 1030 5319 amisit,
1077 5269 1177 5307 nec
1226 5253 1456 5320 amplius
1492 5254 1746 5320 cuiquam
1779 5254 2011 5306 nocebit.

519 5432 610 5486 Xl.
658 5431 702 5488 Ο
732 5432 1060 5486 dementiam
1090 5432 1104 5484 !
1137 5431 1226 5485 Sic
1263 5447 1358 5486 uos
1420 5445 1609 5483 ouuues
1655 5429 2018 5500 (charissimi)

446 5542 671 5594 serpens
703 5527 957 5594 antiquus
991 5523 1179 5578 fraude
1208 5533 1263 5578 et
1289 5539 1478 5578 errore
1511 5523 1690 5576 inanis
1711 5522 1869 5590 hujus
1895 5522 2019 5576 vita:

449 5616 648 5682 decipit
687 5624 745 5669 ut
781 5631 879 5670 uos
926 5631 956 5669 a
1009 5616 1183 5671 salute
1227 5627 1280 5669 et
1317 5615 1407 5669 Dei
1442 5615 1772 5682 bcuiguitate
1803 5616 2019 5681 avertit,

450 5721 614 5778 atque
646 5709 751 5777 igni
778 5709 1111 5778 sempiterno
1150 5709 1312 5763 tradit
1352 5728 1364 5763 :
1395 5708 1464 5763 ita
1501 5723 1712 5778 quoque
1743 5722 1804 5764 se
1860 5709 2021 5764 habet

2119 4537 2209 4577 πει
2239 4525 2494 4594 κείμενον
2522 4527 2639 4578 ὲκεῑ
2674 4525 3026 4595 μαργαρίτην
3060 4524 3258 4578 λευκὸν
3297 4525 3393 4576 καὶ
3449 4525 3708 4596 καθαρὸν

2118 4614 2210 4666 καὶ
2258 4612 2581 4684 πολύτιμον,
2635 4615 2966 4684 ἰσόσταθμον
3021 4615 3115 4667 τοῦ
3178 4613 3538 4684 νομίσματος.
3599 4621 3708 4670 Καὶ

2119 4705 2424 4775 περιχαρὴς
2471 4707 2760 4775 γενόμενος
2789 4744 2804 4770 ,
2853 4705 3034 4758 λαϐὼν
3084 4705 3176 4758 τδν
3224 4707 3581 4776 μαργαρίτην
3627 4707 3708 4760 δι·-

2121 4797 2386 4866 έστρεφεν
2401 4790 2500 4849 ὧδε
2523 4798 2681 4849 κάκεῖ
2705 4799 2762 4849 ἐν
2792 4799 2857 4867 τῇ
2883 4797 3112 4868 παλάμῃ
3137 4795 3324 4864 αὑτοῦ,
3350 4798 3410 4849 ὲν
3437 4797 3714 4866 ἀγαλλιάο

2121 4873 2417 4959 σειπολλῇ,
2461 4887 2968 4958 ὼςιὲπιλαθόμενος
3015 4883 3109 4941 τοῦ
3151 4888 3384 4944 θανάτου
3429 4890 3529 4944 τοῦ
3580 4889 3710 4946 υῑοῦ

2121 4979 2286 5034 αὐτοῦ
2312 4981 2407 5033 καὶ
2450 4981 2552 5049 τῆς
2589 4979 2870 5044 γυναικὸς,
2913 4980 3008 5033 καὶ
3052 4981 3273 5034 πάντων
3326 4981 3436 5033 τῶν
3489 4983 3706 5037 αὑτοῦ·

2120 5073 2217 5126 καὶ
2251 5071 2404 5132 εἶπεν
2445 5071 2621 5142 αὐτῷ·
2671 5072 2893 5142 Ἐπειδὴ
2933 5075 2963 5126 6
3006 5073 3129 5142 ὄφις
3169 5067 3324 5135 οὗτος
3361 5073 3566 5143 ἢλλαξε
3607 5077 3710 5144 τὴν

2120 5161 2310 5231 χροιὰν
2346 5158 2440 5212 τοῦ
2471 5160 2805 5229 νομίσματος
2835 5161 2914 5221 εἰς
2934 5159 3033 5229 τὴν
3064 5158 3412 5230 καθαρότητα
3455 5163 3553 5212 καὶ
3580 5161 3710 5214 λευ-

2120 5253 2326 5320 κότητα
2353 5250 2446 5303 τοῦ
2478 5250 2840 5321 μαργαρίτου,
2876 5251 3092 5315 πάντως
3121 5252 3217 5303 καὶ
3253 5251 3343 5302 τὸν
3389 5251 3713 5322 θανατηφό-

2126 5358 2217 5412 ρον
2246 5339 2412 5394 αὑτοῦ
2447 5340 2524 5393 ἰὸν
2560 5340 2781 5410 ἢλλαξε,
2829 5342 2920 5394 καὶ
2948 5340 3134 5394 οὐκέτι
3163 5341 3388 5410 βλάπτει
3411 5344 3560 5397 τινὰ.

2194 5432 2294 5484 lA'.
2349 5431 2412 5482 Ὢ
2449 5430 2547 5499 τῆς
2579 5430 2801 5494 ἀνοίαςῐ
2833 5429 3007 5494 οὕτως
3042 5426 3199 5501 ἡμᾶς’
3240 5433 3426 5502 ἀπατᾷ
3471 5433 3712 5498 πάντας,

2123 5523 2417 5594 ἀγαπητοὶ,
2449 5527 2512 5593 τῇ
2544 5523 2731 5594 ἀπάτῃ
2766 5524 2860 5577 καὶ
2899 5524 3076 5596 πλάνῃ
3121 5525 3216 5577 τοῦ
3253 5525 3488 5594 ματαίου
3514 5527 3713 5579 τούτου

2127 5617 2266 5686 βῖου,
2305 5616 2392 5668 ἵνα
2447 5614 2870 5687 ἀπαλλοτριὼσῃ
2921 5618 3071 5687 ἡμᾶς
3122 5617 3220 5684 τῆς
3276 5616 3560 5686 σωτηρίας
3616 5617 3718 5670 καὶ

2123 5710 2220 5780 τῆς
2246 5709 2338 5762 τοῦ
2389 5708 2534 5761 θείου
2588 5706 3022 5779 φιλανθρωπίας,
3050 5709 3142 5762 ml
3194 5705 3512 5779 παραδώσει
3561 5707 3721 5778 ἡμᾶς
