3950 6166
355 267 492 333 1229

1303 275 1308 280 '
1377 252 1508 318 CUI
1544 253 1720 321 VITA
1757 245 2084 314 HUMANA
2123 244 2242 306 SIT
2283 241 2594 304 SIMILIS.

3461 234 3604 299 1930

358 379 618 454 μετανοῶ.
679 377 838 442 Ἴσως
897 373 986 430 διὰ
1029 371 1188 426 τοῦτο
1243 355 1536 442 ἐχαρίσατό
1598 385 1688 440 μοι
1730 369 1758 420 ὁ
1795 365 1927 426 Θεὸς

2055 371 2103 416 ta
2133 359 2380 415 recedam
2413 358 2477 412 ad
2509 353 2880 417 solitudinem,
2912 358 2966 407 et
3020 349 3335 422 poenitentia
3377 351 3546 407 ducar
3577 339 3612 406 :-

354 443 453 541 τὴν
479 469 644 540 ζωήν.
680 467 938 531 Βλέπετε,
969 461 1263 532 ἀγαπητοὶ,
1307 461 1408 530 τὴν
1437 459 1531 512 τοῦ
1561 457 1676 528 βίου
1710 455 1926 526 ἀπάτην

2065 463 2189 520 tque
2217 449 2336 504 ideo
2371 447 2600 502 fortasse
2653 446 2792 501 Deus
2844 444 2975 498 mihi
3007 444 3171 498 vitam
3229 443 3456 514 largitus
3486 456 3592 500 est.

357 563 449 614 καὶ
501 559 742 628 πλάνην;
783 556 1074 626 Ὑπέκρινε
1121 551 1384 614 πολλάκις
1416 549 1514 621 τὴν
1557 545 1927 617 ἐλεημοσύνην

357 655 385 706 ό
439 651 691 714 δείλαιος,
745 650 834 702 ἵνα
893 647 968 718 μὴ
1042 645 1380 716 παραδράμῃ
1448 640 1598 712 αὖτῷ
1665 639 1724 693 ἐδ
1802 639 1929 707 κέρ·

356 745 444 806 δος
467 757 482 772 ·
521 743 613 794 καὶ
657 739 814 792 τοῦτο
869 737 1027 808 δῆλον
1054 737 1137 790 ὅτι
1167 735 1304 806 μετὰ
1330 731 1502 788 ταῦτα
1547 732 1806 802 ἐμίσησεν
1835 729 1932 781 καὶ

357 833 482 894 τοὺς
513 829 784 898 πτωχοὺς,
815 827 1080 896 ἀνέργους
1121 825 1216 878 καὶ
1253 821 1596 892 ἀδιακρίτους
1637 817 1931 872 ἀποκαλῶν

361 919 576 984 αὐτοὺς,
618 919 714 972 καὶ
760 918 1040 988 κρατήσας
1081 916 1184 978 τας
1229 917 1420 985 χεῖρας
1472 910 1636 965 αὑτοῦ
1671 910 1779 966 ἀπὸ
1832 909 1932 976 τῆς

361 1009 748 1079 ὲλεημοσύνης,
774 1007 1006 1060 δέδωκεν
1039 1005 1202 1060 αὑτὸν
1231 1007 1296 1074 τῇ
1325 1002 1614 1073 εὐημερίᾳ,
1641 1003 1736 1054 καὶ
1767 1001 1930 1074 μέθῃ,

361 1103 456 1155 καὶ
482 1101 712 1172 λαγνείᾳ
735 1115 748 1130 ⁸
782 1097 904 1152 καθ’
937 1097 1174 1166 ἑκάστην
1221 1094 1431 1166 ἡμέραν
1478 1091 1689 1162 μετρῶν
1713 1092 1769 1145 τὸ
1799 1109 1934 1162 χρυ-

365 1193 476 1246 σίον
503 1191 690 1255 αὑτοῦ,
717 1191 959 1252 καὶτοὺς
991 1186 1353 1258 μαργαρίτας.
1383 1173 1494 1238 Καὶ
1525 1184 1604 1237 ἔτι
1627 1183 1815 1236 τούτου
1843 1184 1933 1234 εὑ-

321 1313 330 1319 -
364 1283 748 1353 φραινομένου,
785 1281 877 1334 καὶ
908 1281 1038 1349 περὶ
1078 1277 1173 1330 τοῦ
1227 1276 1458 1330 θανάτου
1491 1276 1568 1337 είς
1606 1274 1757 1338 τέλος
1799 1276 1938 1344 ἁμε-

369 1371 706 1442 ριμνοῠντος,
776 1371 870 1424 καὶ
925 1369 1178 1437 λέγοντος
1204 1383 1216 1396 ·
1265 1365 1463 1434 Ψυχὴ,
1518 1364 1709 1434 φάγε,
1761 1364 1933 1424 στένε.

364 1464 710 1532 εὐφραίνου,
734 1460 1317 1526 ὄτιὲπληθύνθησαν
1345 1457 1418 1510 τὰ
1437 1456 1630 1524 ἀγαθά
1656 1471 1772 1508 σου
1803 1469 1816 1483 °
1844 1455 1938 1508 καὶ

363 1553 838 1624 διαλογιζομένου,
875 1549 977 1603 ποῦ
1026 1549 1224 1620 κρύψει
1269 1549 1340 1600 τὰ
1372 1545 1534 1600 λοιπὰ
1585 1545 1750 1598 αὐτοῦ
1787 1544 1938 1614 νομί-

2031 541 2237 608 Videte,
2265 539 2594 606 charissimi,
2616 537 2738 592 vitae
2785 534 2945 604 hujus
2971 535 3212 589 fraudem
3243 544 3298 590 et
3328 549 3592 598 errorem.

2031 631 2394 687 Simulaverat
2427 643 2570 699 saepe
2619 627 2787 682 miser
2816 625 3238 696 eleemosynam,
3277 641 3344 680 ne
3388 625 3596 680 lucrum

2031 723 2132 780 sibi
2163 723 2436 776 excideret
2471 738 2486 774 :
2540 728 2702 789 atque
2745 719 2798 772 id
2843 733 2910 772 ex
2971 733 3037 772 eo
3093 720 3443 787 conspicuum
3474 719 3596 788 fuit,

2031 813 2170 883 quod
2195 821 2378 882 postea
2401 811 2524 864 odio
2555 809 2740 863 babuil
2769 821 3062 878 pauperes;
3092 802 3292 861 inertes
3315 817 3366 860 et
3395 808 3601 877 impro-

2031 903 2185 956 vidos
2223 915 2315 955 eos
2343 900 2640 970 appellans,
2665 908 2721 953 et
2753 913 2944 952 manus
2975 913 3103 959 snas
3139 898 3206 952 ab
3257 897 3601 970 eleemosyna

2033 1006 2314 1053 coercens,
2359 991 2617 1060 voluptati
2645 1005 2707 1044 ac
2763 989 3069 1044 vinulentiae
3095 999 3150 1043 et
3193 989 3422 1044 lascivia:
3457 991 3604 1048 dedit

2033 1099 2110 1146 se,
2147 1100 2336 1138 aurum
2369 1099 2523 1137 suum
2555 1090 2608 1137 et
2641 1081 2959 1152 margaritas
3000 1081 3248 1161 .singulis
3285 1081 3476 1136 diebus
3510 1083 3598 1136 di-

2035 1189 2346 1229 numerans.
2381 1173 2472 1228 Sic
2502 1187 2566 1226 eo
2591 1173 2774 1232 adhuc,
2794 1172 3100 1226 oblectante
3136 1187 3216 1236 se,
3243 1181 3296 1226 et
3329 1173 3396 1227 de
3425 1181 3603 1228 morte

2035 1267 2100 1320 ad
2130 1278 2428 1320 extremum
2461 1279 2652 1319 securo
2673 1305 2688 1328 ,
2725 1281 2846 1318 cum
2871 1265 3077 1318 diceret
3103 1282 3115 1316 :
3145 1263 3332 1318 Anime
3384 1265 3480 1332 mi,
3511 1282 3602 1320 co-

2035 1353 2355 1419 mede,°bibe,
2371 1353 2604 1424 epulare,
2624 1355 2748 1424 quia
2766 1352 2898 1406 bona
2923 1363 3015 1406 tua
3036 1353 3383 1422 multiplicata
3401 1366 3520 1410 sunt
3536 1356 3603 1410 ":

2037 1456 2092 1499 et
2124 1459 2247 1500 cum
2281 1445 2420 1514 apud
2467 1459 2524 1498 se
2562 1443 2844 1512 cogitaret,
2893 1437 3121 1496 ubinam
3187 1459 3434 1498 nummos
3479 1460 3608 1500 suos

2037 1533 2352 1598 occultaret,
2395 1541 2455 1587 ut
2509 1531 2660 1587 dives
2694 1531 2768 1586 ait
2827 1533 2880 1586 in
2934 1532 3226 1602 Evangelio
3271 1552 3284 1588 :
3320 1533 3608 1589 Destruam

366 1663 568 1712 σματα,
599 1645 766 1716 ἡγουν
803 1643 874 1697 τὰ
909 1643 1185 1712 χρήματα,
1227 1639 1301 1702 ὡς
1329 1641 1386 1692 ὲν
1409 1637 1488 1708 τῷ
1543 1636 1861 1707 Εὐαγγελίῳ
1909 1639 1937 1689 ό

2054 1627 2228 1681 horrea
2247 1643 2380 1692 mea,
2409 1633 2468 1679 ειη
2487 1625 2693 1694 majora
2722 1626 2918 1695 [ariam
2945 1627 3011 1692 ίτ,
3041 1627 3166 1681 huic
3213 1627 3376 1681 etiam
3407 1629 3610 1683 dictum

365 1703 812 1804 πλούσιος-ἔλεγε
833 1749 849 1766 ο
881 1703 1123 1788 ἐαθένλῶ
1170 1703 1290 1802 ,μου
1333 1703 1792 1797 τὰς-ἀποθήκας
1834 1703 1935 1780 καὶ

2054 1727 2162 1773 est:
2196 1718 2390 1784 Stulte,
2424 1719 2523 1771 hac
2554 1727 2702 1772 nocte
2737 1729 2966 1787 repetunt
2995 1719 3228 1772 animum
3274 1728 3457 1783 luunt;
3499 1737 3615 1790 qua

362 1825 1045 1898 μείζονας-οἰκοδομήσω*
1084 1823 1220 1894 πρὸς
1249 1821 1308 1877 ὃν
1345 1815 1666 1892 καὶεὶρήθη’
1690 1820 1936 1889 Ἀφρογ,

367 1916 555 1984 ταύτῃ
605 1913 685 1983 τῇ
723 1913 940 1980 νυκτὶ,
995 1910 1319 1968 ἀπαιτοῦσι
1366 1909 1482 1977 τὴν
1519 1909 1731 1976 ψυχήν
1783 1922 1935 1962 σουο

368 2003 406 2062 ἄ
429 2005 497 2060 δὲ
532 2007 868 2074 ἡτοίμασας
891 2005 1007 2058 τίνι
1037 2003 1244 2069 ἐσται;
1287 2002 1366 2055 ἔτι
1401 1997 1492 2056 οὖν
1525 2002 1734 2056 ἐκείνου
1766 2001 1940 2055 ταῦτα

368 2095 828 2166 διαλογιζομένου,
863 2095 956 2149 καὶ
976 2088 1246 2162 λέγοντος,
1279 2091 1448 2146 ἐλθὼν
1474 2091 1732 2160 ἐξαίφνης
1761 2092 1789 2144 ό
1813 2089 1938 2160 δφις

370 2185 630 2258 ἐδράξατο
651 2169 750 2256 si};
785 2185 1008 2258 καρδίας
1047 2183 1212 2236 αὐτοῦ
1253 2182 1392 2254 μετὰ
1421 2181 1943 2254 σπαραγμοῦ.Κρά-

371 2277 562 2342 Emito;
598 2277 657 2330 δὲ
692 2275 858 2330 αὑτοῦ
911 2275 1092 2340 πάλιν,
1125 2274 1469 2344 συνήχθησαν
1497 2274 1546 2326 οἱ
1583 2273 1823 2340 γείτονες
1849 2273 1944 2326 καὶ

369 2369 418 2421 οἱ
465 2367 611 2438 φίλοι
671 2366 857 2432 αὐτοῦ,
885 2365 1246 2436 ἀτιμάζοντες
1293 2364 1473 2429 αὑτὸν,
1517 2363 1612 2418 καὶ
1649 2362 1897 2431 λέγοντες
1927 2381 1940 2396 ο

369 2458 520 2514 Πάνυ
565 2455 753 2520 κακῶς
787 2456 1062 2526 διεπράξω
1086 2459 1166 2520 είς
1211 2456 1309 2528 τὴν
1361 2453 1589 2508 σεαυτοῦ
1618 2454 1816 2525 ψυχὴν,
1847 2455 1946 2508 ἄθ-

373 2548 453 2602 λιε
496 2564 510 2579 ⁸
537 2547 816 2618 προέδειξέ
851 2563 934 2600 σοι
963 2548 991 2600 ὁ
1017 2547 1150 2610 Θεὸς
1185 2547 1284 2618 τὴν
1340 2545 1714 2616 θανατηφόρον
1741 2545 1946 2616 βλάϐην

370 2639 464 2692 τοῦ
503 2639 682 2708 δφεως
728 2638 944 2699 τούτου,
975 2638 1070 2692 καὶ
1117 2637 1204 2690 διὰ
1261 2635 1357 2690 τοῦ
1393 2636 1510 2689 υίοῦ
1561 2636 1942 2706 ἠγαπημένον,

372 2729 468 2783 καὶ
499 2727 588 2782 διὰ
649 2727 749 2796 τῆς
801 2727 1058 2796 γυναικός
1093 2743 1210 2782 σου.
1238 2723 1364 2798 Καί,
1409 2741 1502 2780 σου
1553 2723 1793 2791 ἔφθασας
1845 2725 1946 2798 ἤδη

373 2817 466 2871 τὸν
498 2815 726 2871 θάνατον
775 2815 1028 2886 δεύτερον
1057 2831 1070 2846 ·
1109 2815 1204 2868 καὶ
1257 2813 1464 2876 ἔδωκας
1503 2810 1662 2878 λόγον
1701 2811 1780 2881 τῷ
1831 2812 1948 2883 Θεῷ

379 2905 500 2977 μεθ’
531 2907 718 2978 ὅρκου,
751 2905 947 2978 μηκέτι
983 2903 1328 2974 ἀπατηθῆναι
1363 2907 1429 2973 τῇ
1483 2903 1668 2975 ἀπάτῃ
1705 2902 1801 2956 τοῦ
1841 2921 1949 2973 μα·-

2042 1827 2160 1867 vero
2209 1816 2432 1882 parasti,
2458 1814 2611 1884 cujus
2651 1815 2852 1869 erunt.°
2881 1815 3064 1882 itaque
3119 1813 3208 1868 illo
3256 1815 3374 1868 lucc
3432 1815 3613 1870 adhuc

2044 1918 2225 1960 secum
2259 1906 2498 1976 agitante
2541 1915 2596 1961 et
2650 1905 2924 1975 loquente,
2949 1915 3174 1974 repente
3226 1922 3450 1976 serpens
3489 1907 3613 1962 illa-

2042 2010 2194 2064 psus,
2241 1997 2596 2066 apprehendit
2639 2012 2736 2051 eor
2767 1997 2884 2068 ejus
2937 2006 2991 2051 et
3029 1997 3336 2066 discerpsit.
3370 1999 3446 2054 lbi
3501 2007 3611 2054 tum

2043 2086 2281 2140 clamore
2301 2087 2369 2142 ab
2392 2087 2510 2156 ipso
2533 2089 2790 2152 excitato,
2823 2088 3136 2158 congregati
3165 2090 3324 2144 vicini
3356 2101 3409 2144 et
3451 2091 3612 2146 amici

2044 2177 2183 2245 ejus.
2208 2177 2420 2244 probris
2454 2192 2576 2231 eum
2603 2176 3006 2242 dedecorantcs,
3037 2179 3223 2234 dicunt
3250 2199 3262 2234 :
3299 2180 3438 2236 Male
3453 2196 3614 2250 pror-

2045 2281 2138 2322 sus
2165 2267 2358 2322 animaa
2381 2278 2504 2334 tuae,
2529 2269 2736 2334 infelix,
2766 2270 3082 2326 consuluisti
3109 2291 3124 2326 :
3149 2273 3482 2330 indicaverat
3519 2275 3615 2335 tibi

2045 2357 2190 2412 Deus
2247 2358 2499 2414 letbalem
2568 2361 2837 2428 serpentis
2894 2361 3050 2430 bujus
3116 2380 3332 2430 noxam,
3403 2367 3483 2438 [et
3523 2383 3618 2438 per

2046 2461 2245 2516 equum
2291 2457 2345 2501 et
2401 2463 2495 2516 per
2545 2449 2831 2522 famulum]
2879 2461 2932 2506 et
2979 2467 3076 2522 per
3115 2454 3278 2508 tilium
3335 2455 3616 2523 dilectum,

2046 2548 2104 2592 et
2158 2553 2256 2606 per
2308 2554 2533 2594 uxorem
2597 2549 2738 2594 tuam
2787 2559 2802 2595 :
2853 2542 2963 2611 jam
3017 2543 3104 2598 bis
3187 2544 3422 2612 effugisti
3477 2563 3617 2604 mor-

2051 2637 2158 2683 tem
2193 2647 2208 2684 :
2239 2639 2291 2684 et
2335 2633 2661 2701 promissum
2717 2633 2827 2688 Deo
2879 2635 3106 2691 dederas
3137 2654 3256 2692 cum
3305 2639 3620 2708 jurameuto

2049 2717 2164 2773 fore
2191 2729 2245 2773 nt
2283 2735 2388 2775 non
2409 2721 2639 2790 amplius
2668 2723 2993 2791 decipereris
3017 2739 3205 2779 errore
3233 2727 3408 2782 inanis
3455 2729 3616 2802 hujus

2050 2810 2174 2864 vitae
2209 2828 2222 2865 :
2273 2821 2330 2866 et
2389 2813 2666 2868 exaudivit
2701 2821 2750 2866 te
2779 2812 2941 2880 Deus,
2964 2825 3018 2869 et
3057 2819 3308 2871 excitarit
3343 2820 3536 2875 iterum
3589 2839 3620 2884 ιι

2049 2901 2304 2966 mortuis,
2332 2911 2388 2956 et
2409 2919 2514 2958 non
2545 2903 2852 2958 intellexisti
2873 2943 2888 2969 ,
2917 2920 2950 2959 ο
2981 2906 3234 2976 deccpte!
3268 2907 3496 2965 Pulchre
3522 2912 3621 2982 igi-

383 2997 534 3050 ταίου
569 2996 763 3050 τούτου
811 2996 952 3066 βίον,
983 2996 1076 3048 καὶ
1110 2994 1383 3065 ἐπήκουσὲ
1433 3010 1527 3048 σου
1577 2995 1604 3046 ὁ
1655 2993 1807 3058 Θεὸς,
1856 2994 1949 3048 καὶ

2056 2999 2142 3044 tur
2214 2990 2493 3063 Seriplura
2557 3009 2710 3048 sacra
2760 3006 2960 3058 monet,
3021 2998 3384 3056 contritione»:
3432 3019 3624 3058 sanare

379 3087 646 3158 ἀνέστησέ
687 3105 746 3141 σε
793 3091 858 3141 ὲκ
904 3087 1012 3141 τῶν
1049 3087 1258 3157 νεκρῶν
1305 3086 1578 3156 δεύτερον,
1614 3083 1708 3139 καὶ
1735 3085 1793 3138 οὐ
1825 3102 1950 3139 συν·

379 3177 554 3247 ἧκας,
613 3173 660 3231 ὧ
713 3177 1054 3248 ἠπατημένε.
1106 3176 1303 3239 Καλῶς
1351 3170 1444 3230 οὖν
1487 3176 1520 3246 ή
1578 3175 1698 3229 θεία
1761 3175 1950 3248 Γραφὴ

379 3265 548 3338 λέγει,
617 3270 697 3322 δτι
742 3269 1036 3337 Συντριϐὴ
1083 3268 1394 3336 θεραπεύει
1455 3266 1708 3336 καρδίαν
1743 3269 1953 3336 φρονι-

377 3379 494 3432 pou
519 3377 534 3392 '
587 3363 793 3432 ἄφρων
841 3361 910 3416 δὲ
959 3361 1378 3432 μαστιγωθεὶς,
1416 3362 1526 3415 οὐκ
1557 3385 1560 3389 η
1587 3361 1952 3417 αἰσθάνεται.

383 3455 512 3509 Συνε
521 3453 784 3508 ϐουλεύσα
791 3453 891 3524 μέν
916 3471 996 3506 σοι
1015 3453 1273 3517 πολλάκις
1291 3453 1604 3508 θανατῶσαι
1625 3456 1717 3507 τὸν
1736 3453 1949 3524 ἐχθρὸν,

385 3543 513 3616 πρίν
543 3560 603 3597 σε
659 3543 820 3607 αὐτὸς
874 3542 1196 3618 θανατώσει.
1222 3545 1332 3597 Καὶ
1369 3547 1726 3615 παρήκουσας
1775 3542 1954 3613 ἡμῶν,

383 3635 570 3691 λοιπὸν
606 3635 1010 3707 ἀναπολόγητος
1039 3632 1090 3689 ei
1118 3638 1182 3689 ἐκ
1211 3636 1447 3690 πάντων.
1488 3637 1548 3688 '0
1582 3635 1638 3688 δὲ
1673 3635 1960 3702 ἐξενέγκας

386 3728 511 3792 τοὺς
569 3729 913 3800 μαργαρίτας
949 3729 1056 3786 ’καὶ
1097 3728 1158 3782 τὸ
1195 3728 1442 3798 χρυσίον,
1497 3725 1696 3790 ἔνδειξεν
1750 3727 1958 3791 αὐτοῖς,

385 3816 583 3888 λέγων·
607 3818 792 3872 Ταῦτα
808 3819 984 3874 πάντα
1000 3819 1060 3884 ἐξ
1086 3818 1248 3873 αὑτοῦ
1270 3819 1558 3890 ἐκέρδησα.
1585 3819 1648 3871 Oi
1665 3817 1721 3870 δὲ
1752 3815 1962 3870 κινοῦν-

387 3924 478 3972 τες
543 3907 645 3974 τὰς
695 3908 939 3979 κεφαλὰς
997 3908 1202 3974 αὐτῶν,
1257 3904 1412 3964 εἷπον
1441 3907 1622 3977 αὒτῷ-
1658 3907 1795 3961 Οὐαί
1846 3906 1958 3962 ast!

2054 3099 2145 3138 cor
2167 3085 2479 3154 prudentis:
2505 3086 2720 3140 stultum
2766 3096 2938 3141 autem
2985 3089 3308 3158 ﬂagellatam
3354 3109 3456 3146 non
3500 3110 3622 3149 sem

2053 3176 2153 3230 tire
2185 3176 2250 3228 ³⁸.
2285 3175 2440 3246 διερο
2480 3177 2589 3260 “tibi
2623 3176 2906 3232 consilium
2949 3178 3194 3234 dedimus
3245 3183 3476 3238 necandi
3521 3184 3629 3240 Ιιος

2055 3279 2193 3326 stem
2248 3271 2565 3340 priusquam
2597 3279 2646 3325 te
2679 3270 2806 3325 neci
2845 3269 3102 3336 traderet,
3135 3281 3190 3326 et
3239 3273 3381 3329 dicto
3439 3287 3626 3333 nostro

2056 3363 2284 3416 audiens
2301 3377 2406 3415 non
2430 3360 2616 3417 fuisti:
2645 3372 2700 3416 ut
2721 3361 2836 3432 jam
2859 3364 3005 3422 omni
3033 3366 3381 3422 excusatione
3415 3382 3625 3428 careas.

2030 3449 2174 3518 'llle,
2191 3451 2410 3506 eductis
2446 3453 2757 3522 margaritis
2789 3460 2843 3508 et
2876 3454 3054 3510 aureis
3101 3448 3335 3528 nummis
3367 3458 3616 3527 prolatis,

2062 3545 2295 3598 ostendit
2325 3544 2410 3608 iis,
2440 3544 2644 3614 aitque,
2674 3545 2801 3600 Haac
2815 3545 2996 3602 omnia
3016 3562 3146 3602 “sum
3172 3547 3241 3602 ab
3261 3565 3326 3604 eo
3365 3550 3627 3610 lucratus.

2063 3630 2127 3685 lli
2167 3632 2342 3704 capita
2375 3641 2652 3688 moventes
2683 3634 3115 3702 responderunt:
3149 3635 3240 3692 Vae
3275 3640 3392 3706 tibi,
3426 3642 3627 3700 miser!
3706 3661 3720 3670 ·

2065 3723 2150 3778 bis
2188 3723 2332 3778 enim
2362 3723 2616 3778 omnibus
2647 3723 2891 3778 lnrredes
2931 3725 3022 3778 alii
3049 3725 3211 3780 futuri
3243 3738 3388 3793 sunt,
3423 3733 3514 3800 qui
3548 3733 3634 3787 bis

2063 3814 2380 3884 potientur:
2420 3823 2474 3866 at
2520 3821 2574 3867 tu
2635 3810 2730 3866 Dei
2781 3812 2918 3866 iram
2951 3817 3272 3884 provocasti,
3307 3826 3360 3872 et
3397 3821 3632 3878 animam

2070 3913 2216 3957 tuam
2248 3902 2570 3973 proﬂigasti,
2600 3919 2664 3958 ac
2684 3903 2953 3958 tradidisti
2988 3913 3038 3957 te
3065 3903 3175 3975 igni
3209 3909 3560 3976 sempiterno.

397 3997 765 4070 Ἕπλανήθης,
797 3998 950 4053 ἄθλιε
971 4015 987 4030 ·
1015 3999 1188 4052 ταῦτα
1217 3997 1326 4068 γὰρ
1347 3999 1524 4053 πάντα
1553 3997 1703 4052 ἄλλοι
1737 3996 1994 4068 μέλλουσι
2035 3994 2445 4066 κληρονομῆσαι
2476 3994 2569 4048 καὶ
2593 3993 2899 4064 ἀπολαῦσαι
2957 3994 3139 4049 αὐτῶν
3164 4010 3178 4024 ⁸
3199 3997 3262 4050 σὺ
3293 3997 3349 4053 δὲ
3379 3999 3474 4053 τὸν
3503 4001 3638 4058 Θεὸν

391 4089 780 4160 Μρώργισας,
833 4089 927 4143 καὶ
984 4089 1083 4161 τὴν
1133 4089 1312 4161 ψυχήν
1365 4106 1460 4143 σου
1499 4088 1808 4156 ἀπώλεσας,
1859 4089 1952 4142 καὶ
1989 4086 2180 4140 ἑαυτὸν
2201 4085 2278 4156 τῷ
2305 4087 2686 4165 αἰωνίῳπυρί.

459 4183 579 4253 ις’.
625 4185 738 4239 Καὶ
771 4183 932 4238 πάλιν
976 4183 1183 4254 ἤρξατο
1235 4184 1470 4249 κλαίειν,
1518 4184 1614 4236 καὶ
1643 4184 1823 4254 λέγειν
1849 4201 1862 4214 ·
1895 4179 1968 4236 ’Ὠ

2145 4179 2282 4235 XVI.
2303 4180 2396 4233 llic
2430 4179 2621 4232 iterum
2654 4179 2813 4246 coepit
2847 4175 2973 4231 llere
2995 4194 3060 4233 ac
3091 4179 3270 4235 dicere
3299 4199 3312 4238 :
3339 4180 3384 4238 Ο
3414 4181 3641 4241 Domine

390 4274 565 4347 Κύριέ
608 4293 734 4348 μου,
789 4276 849 4329 τὸ
889 4273 1047 4340 ἅπαξ·
1101 4273 1260 4328 τοῦτο
1312 4275 1616 4329 ὲπάκουσόν
1681 4293 1805 4345 μου,
1871 4276 1949 4329 κα¹

2073 4275 2166 4337 mi,
2187 4271 2354 4328 scmel
2376 4271 2552 4325 adhuc
2572 4272 2764 4326 exatnlt
2790 4287 2870 4324 me
2889 4281 2942 4326 et
2964 4271 3179 4340 explora
3203 4288 3307 4338 me,
3327 4273 3467 4330 Dens
3489 4292 3642 4332 meus

394 4363 684 4435 ὅοκίμασόν
719 4381 784 4434 με
826 4363 1011 4434 μόνον,
1039 4363 1142 4416 Θεέ
1165 4381 1266 4434 μου
1289 4365 1383 4418 καὶ
1405 4363 1598 4434 Κύριε,
1635 4365 1724 4418 καὶ
1749 4365 1968 4434 ἐλέησόν

399 4471 485 4523 με,
519 4455 614 4507 καὶ
653 4455 728 4524 μὴ
767 4453 1092 4524 παραλάϐῃς
1130 4471 1198 4524 με
1229 4453 1324 4508 νῦν
1373 4453 1660 4524 ἀνέτοιμον
1705 4454 1834 4508 ὄντα
1871 4455 1967 4510 καὶ

394 4543 722 4616 ἀκάθαρτον.
756 4545 1086 4615 Συνήθροισε
1114 4544 1169 4597 δὲ
1207 4544 1298 4598 καὶ
1347 4544 1476 4608 τοὺς
1509 4546 1728 4615 ἰατροὺς
1759 4563 1965 4602 παντα-

363 4665 374 4674 -
395 4635 568 4706 χόθεν,
599 4635 693 4689 καὶ
723 4634 904 4705 ὤμοσε
933 4635 1026 4688 τοῦ
1051 4634 1234 4689 δοῦναι
1277 4635 1459 4698 αὐτοῖς
1491 4637 1670 4690 πάντα
1719 4638 1818 4690 ὅσα
1872 4638 1966 4691 κέ-

397 4744 612 4798 κτηται,
655 4729 749 4781 καὶ
791 4727 1076 4784 δουλεῦσαι
1129 4718 1312 4792 αὐτοῖς
1367 4729 1547 4792 πάσας
1604 4729 1704 4792 τὰς
1755 4730 1966 4801 ἡμέρας

393 4817 493 4889 τῆς
515 4817 661 4888 ζωῆς
684 4818 875 4884 αὐτοῦ,
909 4819 1005 4872 ἐὰν
1059 4819 1499 4890 ὲλευθερώσωσιν
1528 4820 1690 4875 αὐτὸν
1727 4821 1820 4874 τοῦ
1867 4821 1966 4874 θα-

397 4909 554 4964 νάτου
582 4926 596 4940 ·
633 4903 729 4963 καὶ.
743 4909 927 4977 ἔλεγεν
955 4911 1145 4975 αὐτοῖς
1178 4909 1626 4982 σπαραττόμενος
1665 4927 1680 4944 ο
1719 4907 1788 4964 Ὦ
1814 4911 1966 4966 ἁδελ-

396 5002 505 5071 φοὶ,
533 5001 637 5055 οὐκ
676 5000 822 5072 ⁴ιὶδειν
849 5001 954 5066 ἕως
987 5001 1082 5055 τοῦ
1124 5001 1218 5055 νῦν
1262 5002 1342 5054 ὄτι
1381 5001 1552 5065 οὕτως
1611 5003 1731 5056 ἐστὶ
1771 5003 1966 5073 πικρὸς

395 5089 424 5142 ὁ
449 5088 696 5152 θάνατος.
747 5089 939 5142 manu
982 5106 1070 5160 μοι
1113 5089 1191 5159 τῷ
1225 5088 1442 5161 ἐλεεινῷ
1486 5092 1581 5144 καὶ
1612 5091 1966 5163 ταλαιπώρῳ.

409 5181 523 5235 Ἐπ’
544 5181 804 5252 ἀληθείας
832 5181 942 5250 ἐγὼ
971 5182 1204 5252 ἐμαυτὸν
1229 5181 1510 5252 ὲπλὰνησα
1536 5183 1602 5236 ὲκ
1627 5184 1725 5254 τῆς
1751 5185 1966 5248 εὐθείας

400 5272 540 5328 ὁδοῦ.
576 5274 686 5328 Καὶ
717 5271 807 5326 διὰ
826 5272 985 5326 τοῦτο
1028 5276 1128 5328 οὐκ
1153 5267 1308 5326 ἔστιν’
1327 5276 1356 5327 ὀ
1386 5273 1555 5327 ἐλεῶν
1583 5290 1672 5344 με,
1709 5274 1844 5327 ἀλλὰ
1874 5275 1970 5350 καὶ

401 5365 498 5434 τῆς
515 5363 878 5434 αἰωνιζούσης
916 5363 1215 5436 στεροῦμαι
1253 5363 1418 5434 ζωῆς.
1446 5365 1555 5418 Καὶ
1580 5365 1766 5427 ἁπλῶς
1799 5366 1972 5417 εἰπεῖν

403 5459 584 5512 πᾶσαν
619 5457 970 5529 παράκλησιν
1027 5458 1125 5514 καὶ
1162 5457 1346 5528 ἀγῶνα
1393 5459 1708 5528 ἐποιήσατο,
1745 5458 1840 5510 καὶ
1889 5457 1974 5510 διὰ

2070 4375 2124 4420 et
2145 4365 2424 4431 Dominus,
2443 4373 2494 4417 et
2511 4365 2770 4418 miserere
2791 4363 2917 4428 mei,
2947 4374 3000 4417 et
3026 4378 3092 4423 ne
3108 4381 3358 4420 assumas
3391 4383 3476 4424 me
3497 4384 3645 4424 nunc

2075 4458 2400 4526 imparatum
2415 4464 2469 4512 et
2487 4457 2779 4526 impurum.
2809 4453 3014 4511 Deinde
3053 4459 3340 4512 accersivit
3367 4460 3645 4530 undequa~

2072 4562 2177 4617 que
2196 4547 2452 4610 medicos,
2471 4547 2802 4616 etjuravitse
2826 4547 3142 4618 largiturum
3159 4549 3289 4618 ipsis
3302 4551 3506 4616 omnia,
3525 4567 3646 4622 quin

2073 4639 2407 4706 possidebat,
2424 4645 2477 4691 et
2489 4639 2984 4708 obtemperaturum
3006 4655 3070 4696 ac
3091 4639 3473 4696 fantiulaturum
3493 4643 3667 4713 ipsis,l

2073 4733 2324 4787 erunibus
2348 4734 2535 4787 diebus
2563 4733 2688 4786 vita:
2713 4747 2848 4796 sua),
2874 4731 2918 4785 si
2941 4732 3213 4798 eriperent
3234 4749 3354 4787 eum
3385 4750 3412 4788 a
3443 4743 3645 4788 morte:

2071 4823 2265 4892 quibus
2294 4822 2410 4880 haec
2431 4823 2706 4878 cruciatus
2747 4822 2985 4876 addidit:
3018 4819 3063 4876 Ο
3084 4821 3302 4888 fratres,
3345 4825 3649 4880 nesciebam

2069 4913 2176 4968 huc
2201 4928 2369 4983 usque
2393 4923 2500 4968 tam
2517 4903 2767 4968 acerbam
2788 4927 2908 4967 csse
2933 4925 3162 4968 mortem
3182 4915 3196 4973 ι
3219 4913 3303 4970 ltei
3328 4901 3619 4970 mibi’mise
3635 4948 3651 4957 -

2069 5005 2239 5060 rando
2266 5013 2318 5060 et
2335 5005 2670 5060 aerumnosa!
2702 5019 2888 5058 revera
2908 5019 3008 5074 ego
3029 5019 3114 5057 me
3134 5005 3306 5073 ipsum
3335 5005 3385 5058 in
3407 5021 3647 5070 errorem

2079 5099 2283 5164 induxi,
2311 5108 2364 5154 et
2401 5115 2430 5152 a
2473 5106 2614 5153 recta
2649 5099 2733 5152 via
2760 5095 2946 5152 deflexi
2991 5111 3007 5148 :
3049 5095 3251 5150 idcirco
3276 5109 3383 5150 non
3431 5105 3514 5150 est
3560 5097 3652 5166 qui

2073 5193 2363 5244 miseratur
2381 5188 2486 5244 mel
2511 5207 2524 5242 :
2550 5189 2763 5242 interim
2795 5198 2996 5241 aeterna
3023 5187 3130 5240 vita
3153 5187 3353 5254 privor.
3393 5183 3458 5240 Ut
3483 5190 3654 5244 semcl

2076 5281 2496 5348 dicam,omuem
2516 5279 2874 5346 precationem
2892 5287 2946 5330 et
2963 5275 3364 5331 contentionem
3381 5277 3652 5346 adhibuit,

2078 5384 2173 5438 per
2209 5363 2452 5424 m'edicos
2492 5377 2548 5422 et
2581 5381 2679 5436 per
2733 5367 2938 5420 amicos
2978 5365 3263 5435 plurimos,
3295 5376 3348 5417 ιιι
3396 5383 3425 5420 ιι
3480 5379 3654 5420 ενοι-ιιι

2083 5466 2390 5524 erueretur,
2429 5457 2590 5528 idque
2619 5457 2718 5513 hac
2746 5456 2860 5513 rice
2890 5465 3097 5513 tantum
3124 5477 3136 5513 :
3166 5465 3218 5511 at
3240 5455 3372 5512 nihil
3393 5457 3654 5533 perfecit;

552 5632 686 5688 Luc.
736 5646 836 5698 xu,
886 5628 980 5692 20.
1065 5637 1106 5669 ¹⁷
1143 5591 1274 5693 ibid.
1328 5633 1414 5692 l8.
1493 5636 1536 5674 ⁸⁸
1555 5636 1711 5694 Prov.
1743 5633 2260 5705 xxur,55;.lerem.
2294 5649 2346 5704 ν,
2376 5635 2432 5692 5.
