3938 6168
405 308 547 382 1243

1427 317 1489 379 S.
1529 314 1911 381 METHODII
1949 321 2457 383 PATRIARCHJE
2497 324 2608 384 (ΞΡ.
2686 367 2691 373 .

3527 325 3665 393 12H

400 428 503 500 τὴν
534 428 684 483 θείαν
730 426 997 498 λάρνακα,
1051 427 1297 499 ἰαμάτων
1342 428 1683 502 πλημμύραν
1722 431 2016 494 λαϐόντες,

2098 431 2334 487 lustinus
2363 431 2577 488 Junior.
2613 433 2781 488 Docet
2809 433 3027 499 deinde,
3066 449 3171 488 non
3198 436 3342 494 solos
3366 438 3662 510 imperato-

402 517 534 587 παρ’
581 517 782 588 αὐτῆς,
835 515 1170 588 ίκετεύωμεν
1225 518 1550 588 αἰτήσασθαι
1602 520 1839 590 Χριστὸν
1885 519 1975 572 τὸν

401 608 537 663 Θεὸν
596 608 689 661 τοῦ
742 607 1008 679 ρυσθῆναι
1076 609 1176 677 τὴν
1243 609 1577 679 οἰκουμένην
1624 609 1734 662 ἀπὸ
1794 610 1977 680 πάσης

402 701 694 772 αἱρέσεως.
755 699 963 754 Festire
1007 699 1162 753 hodie
1208 713 1429 754 ornatur
1468 700 1562 753 Dei
1614 700 1887 767 Ecclesia,
1929 714 1976 755 et

401 792 677 846 exsultans
708 791 940 845 clamat:
975 789 1255 844 Illustrata
1282 802 1355 844 est
1381 792 1720 859 pulchritudo
1746 809 1858 845 mea
1887 808 1981 846 su-

401 900 497 952 per
541 900 744 937 onmem
802 884 1116 936 civitatem:
1164 898 1279 935 ecce
1333 884 1472 934 enim
1537 881 1980 949 archipra'sulum

404 992 608 1046 gemma
631 974 912 1042 praeclara,
946 975 1209 1042 gloriosus
1235 972 1693 1036 Metlrodius,.iter
1725 974 1793 1025 ad
1824 973 1980 1036 ca’los

404 1067 595 1120 tenuit.
628 1065 779 1134 Agite
796 1080 916 1134 ergo
941 1065 1061 1131 [esti
1104 1064 1261 1133 hujus
1293 1074 1576 1127 amatores,
1607 1076 1764 1119 costus
1795 1065 1976 1117 ortho-

403 1154 683 1219 doxorum,
741 1154 1031 1223 chorosque
1085 1155 1244 1207 simul
1306 1155 1483 1207 ducite
1530 1155 1728 1207 circum
1776 1171 1979 1219 arcam,

403 1246 738 1298 curationum
784 1247 1010 1313 gratiam
1047 1247 1167 1298 inde
1193 1247 1544 1300 exundantem
1585 1248 1928 1315 suscipientes
1962 1264 1983 1302 :

401 1350 671 1402 precemur
696 1344 872 1387 autem
898 1344 952 1387 ut
983 1346 1161 1388 exoret
1209 1334 1479 1388 Christum
1512 1334 1681 1388 Deum
1718 1347 1980 1401 nostrum,

401 1433 659 1494 quatenus
693 1427 994 1479 universum
1039 1426 1219 1480 liberet
1250 1428 1313 1480 ab
1348 1429 1490 1480 omni
1530 1428 1743 1481 Itwresi.
1779 1427 1982 1483 Preca-

404 1517 483 1569 tio
512 1528 720 1582 sancta,
773 1532 935 1585 quam
988 1519 1196 1572 utinam
1247 1519 1364 1586 ipse
1396 1529 1586 1574 auctor
1632 1520 1845 1574 irritam
1878 1536 1984 1575 non

402 1602 646 1671 fecisset,
673 1607 979 1661 invehendo
998 1609 1521 1676 perniciosissimum
1545 1610 1812 1666 schismal
1841 1613 1985 1667 Inte-

403 1699 506 1753 rim
528 1700 786 1754 discimus
814 1716 878 1754 ex
906 1716 991 1767 eo,
1022 1703 1406 1759 miraculorum
1435 1705 1735 1761 claritatem
1769 1717 1985 1763 mortuo

401 1800 592 1844 sancto
626 1805 730 1843 non
763 1790 1023 1847 defuisse.
1654 1859 1659 1863 ,

473 1882 527 1936 4.
568 1880 625 1936 1η
663 1883 961 1937 matutinali
997 1875 1376 1953 oliicio,.'inter
1425 1890 1708 1958 septimam
1737 1900 1792 1946 et
1828 1901 1991 1947 oeta-

402 1986 527 2027 vam
585 1974 725 2028 oden
807 1977 1035 2031 canonis
1090 1979 1310 2046 ponitur
1365 1980 1596 2049 elogium
1662 1982 1981 2038 historicum

401 2066 575 2129 sancti
601 2064 864 2134 ejusdem,
902 2070 1183 2136 praemisso
1214 2069 1518 2139 huiusmodi
1555 2072 1788 2127 disticho
1823 2090 1836 2126 :

485 2201 550 2253 Ὀ
578 2200 864 2271 Μεθόδιος
891 2202 1122 2270 λύχνος
1148 2201 1233 2255 ὢν
1275 2205 1660 2271 Ἐκκλησίας,

474 2271 691 2335 Madcig
723 2270 918 2324 ὁδεύει
942 2275 1014 2324 τὰ
1040 2272 1199 2325 κάτω
1240 2275 1390 2341 πρὸς
1420 2277 1527 2330 τὸν
1564 2270 1789 2334 πόλον,

477 2380 803 2455 yetliorlius.
837 2395 971 2438 esset
1002 2403 1117 2439 cum
1151 2387 1365 2440 lucerna
1405 2388 1688 2455 Ecclesim,

477 2452 707 2508 Terrena
739 2456 1002 2525 linquens,
1032 2457 1100 2510 ad
1127 2457 1308 2526 polum
1334 2458 1563 2513 instituit
1598 2452 1716 2517 iter.

2084 539 2188 591 res,
2231 526 2322 579 sed
2355 532 2409 580 et
2453 525 2791 594 patriarchas
2838 539 2906 580 ex
2941 527 3244 583 conditoris
3296 540 3484 586 mente
3543 534 3675 589 istic‘

2082 628 2294 684 semper
2321 616 2592 682 depositos
2624 615 2828 682 fuisse;
2860 615 3059 685 quibus
3085 618 3246 673 etiam
3282 620 3675 688 imperatrices-

2082 708 2135 753 et
2164 694 2552 769 imperatorum
2605 702 2759 755 liberi
2793 703 2910 756 sive
2953 701 3196 758 Caesares
3225 705 3523 775 iungendi;
3554 722 3657 762 ete-

2085 788 2214 841 leris
2268 789 2534 848 omnibus
2572 805 2762 844 exesse
2808 789 2995 856 jussit.
3033 790 3292 860 Exemplo
3345 794 3660 850 Graecorum

2083 880 2377 948 inscriptus
2430 890 2516 934 est
2562 881 2727 935 etiam
2792 880 2855 936 S.
2917 881 3218 936 Methodius
3276 884 3681 958 Martyrologlo“

2081 966 2351 1034 Romano,
2399 968 2511 1036 iam
2569 981 2727 1024 antea
2776 971 2831 1024 in
2881 969 3051 1026 fastos
3100 970 3327 1028 Latinos
3375 974 3604 1040 relatus,
3634 989 3664 1029 a

2083 1057 2316 1125 Molano,
2353 1058 2727 1125 Genebrardo,
2769 1061 3021 1129 aliisque.

2156 1149 2209 1202 5.
2249 1150 2379 1204 Acta
2441 1166 2622 1205 rerum
2658 1150 2756 1203 tab
2805 1166 2868 1203 eo
2925 1160 3196 1218 gestarum
3258 1153 3342 1207 bis
3394 1154 3669 1208 habentur

2082 1239 2270 1295 Graece
2300 1241 2352 1294 in
2388 1240 2716 1296 bibliotheca
2753 1241 3029 1308 Vaticana,
3058 1243 3266 1312 signata
3293 1246 3536 1298 numeris
3562 1244 3666 1298 655

2086 1342 2141 1388 et
2176 1332 2329 1399 1667,
2366 1349 2485 1403 qum
2521 1334 2675 1388 nobis
2712 1335 3025 1388 curavimus
3072 1334 3330 1397 describi,
3365 1344 3421 1389 et
3462 1337 3545 1391 bis
3572 1339 3667 1391 da-

2086 1445 2228 1492 mus,
2284 1428 2475 1483 Latine
2516 1428 2723 1481 reddita
2759 1442 2786 1480 a
2819 1426 3010 1480 Leone
3059 1426 3276 1493 Allatio,
3327 1427 3668 1482 bibliotheca

2087 1519 2364 1574 Vaticana:
2411 1519 2534 1571 dum
2566 1516 2752 1571 Romae
2791 1531 3032 1572 essemus
3082 1519 3324 1577 custode,
3357 1518 3478 1570 viro
3512 1518 3666 1573 libris
3701 1541 3705 1545 ’

2087 1611 2286 1679 partim
2312 1624 2381 1663 ex
2411 1608 2598 1663 Graeco
2630 1607 2922 1661 Latinitate
2957 1606 3418 1675 donatis..partim
3447 1607 3683 1676 ingenio

2090 1701 2308 1770 proprio
2339 1700 2671 1755 elucubratis
2723 1697 2923 1768 passim
2974 1698 3261 1751 notissimo
3289 1715 3302 1750 :
3336 1699 3427 1766 qui
3461 1698 3515 1752 in
3546 1699 3669 1753 Dia—

2016 1787 2059 1842 Β
2091 1792 2228 1846 triba
2258 1793 2322 1845 de
2351 1790 2665 1845 Simeonum
2716 1788 2933 1856 scriptis
2975 1802 3098 1856 pag.
3133 1788 3229 1841 I21
3265 1787 3479 1841 initium
3530 1787 3697 1844 Vitae"

2086 1883 2371 1952 preponit;
2425 1891 2476 1937 et
2515 1881 2645 1936 licet.
2699 1893 2973 1934 auctorem
3023 1879 3234 1946 ignoret
3286 1879 3467 1948 (quem
3512 1881 3672 1949 plane

2085 1975 2364 2042 antiquum
2395 1983 2459 2027 et.
2482 1973 2592 2026 fere
2622 1986 2859 2025 coaevum
2879 1969 3255 2039 arbitramur),
3288 1985 3394 2023 non
3433 1980 3611 2025 tamen
3637 1987 3691 2025 a-

2085 2065 2232 2119 dit-to
2264 2063 2516 2123 Simeone
2542 2062 2907 2129 Metaphraste
2934 2048 3289 2129 compositam
3318 2070 3410 2115 aut
3433 2062 3674 2115 adorna-

2087 2160 2194 2206 tam
2227 2153 2541 2205 arbitratur.
2572 2150 2790 2204 Titulus
2818 2151 2870 2203 in
2911 2166 3041 2204 mss.
3072 2150 3163 2206 hic
3189 2150 3689 2222 θειι-’Υπόμνημαν

2085 2242 2186 2313 τῆς
2243 2241 2539 2312 θεαρέστου
2606 2241 2883 2303 πολιτείας
2939 2240 3033 2293 τοῦ
3086 2243 3144 2295 ἐν
3210 2243 3398 2312 ἁγίοις
3456 2244 3675 2314 Πατρδς

2086 2333 2243 2405 ἡμῶν
2297 2332 2559 2387 Μεθοδεου
2652 2332 3093 2402 ἀρχιεπισκόπου
3144 2333 3681 2389 Κωνσταντινουπόο

2085 2425 2259 2487 λεως·
2332 2423 2771 2486 Commemoratio
2832 2422 2935 2476 Deo
2986 2423 3198 2490 placita:
3252 2426 3668 2480 conversationis

1998 2512 1999 2515 “
2089 2512 2147 2567 S.
2182 2512 2249 2569 P.
2297 2512 2371 2567 N.
2405 2511 2685 2576 Methodii,
2717 2511 3091 2581 archiepiscopi
3116 2512 3671 2584 ConstantinOpoleos.

407 2583 650 2653 Elogium
689 2593 870 2638 autem
891 2584 1053 2638 etiam
1078 2587 1128 2639 in
1165 2586 1466 2656 Synaxario
1482 2590 1985 2659 Constantinopoli-

406 2680 537 2727 tano
560 2673 642 2727 his
666 2674 845 2729 verbis
870 2675 1104 2729 refertur
1127 2696 1139 2731 :
1162 2678 1366 2749 Μνήμη
1391 2681 1484 2733 τοῦ
1502 2684 1559 2734 ὲν
1583 2683 1758 2750 ἁγίοις
1775 2688 1988 2757 Πατρὸς

406 2765 567 2834 ἡμῶν
594 2766 860 2820 Μεθοδίον
902 2769 1335 2838 ἀρχιεπισκόπου
1366 2772 1989 2841 Κωνσταντινουπόλεως

407 2854 501 2910 τοῦ
526 2856 885 2928 ὁμολογητοῦ·
913 2857 1168 2913 Memoria
1189 2863 1360 2915 sancti
1388 2864 1567 2919 Patris
1588 2866 1753 2918 nostri
1779 2866 1988 2922 Met/to-

408 2946 510 3014 dii,
529 2951 916 3019 archiepiscopi
944 2950 1524 3023 Constantinopolitani
1567 2968 1614 3011 et
1646 2958 1986 3027 confessoris.

411 3036 490 3092 De
515 3038 742 3094 ecclesia
766 3041 1104 3111 :magnorum
1158 3045 1553 3114 apostolorum,
1581 3049 1822 3101 omnium
1873 3059 1993 3118 post

2089 2605 2249 2661 Hisce
2299 2605 2677 2675 subiungimus
2709 2603 2991 2670 Analecta,
3024 2619 3087 2659 ex
3123 2606 3410 2675 praecipuis
3440 2609 3678 2677 scripto-

2089 2695 2241 2749 ribus
2270 2692 2497 2756 Crtecis,
2533 2693 2621 2762 qui
2659 2692 2847 2746 eodem
2893 2702 2987 2745 aut
3031 2694 3295 2762 proximis
3330 2698 3546 2751 sarculis
3579 2696 3674 2751 ﬂo-

2092 2793 2318 2839 ruerunt
2367 2795 2422 2838 et
2467 2794 2594 2838 sunt
2632 2783 2888 2837 'historici
2938 2797 3157 2851 omnes;
3217 2794 3344 2855 puta
3406 2786 3695 2857 Georgius

2091 2873 2408 2938 Cedrenus,
2466 2871 2703 2928 Joannes
2766 2872 3039 2943 Scylitza,
3099 2870 3336 2929 JOannes
3390 2875 3691 2939 Zonarasr

2093 2963 2480 3018 Constantinus
2536 2962 2829 3028 Manasses,
2896 2958 3124 3018 Michael
3176 2964 3411 3035 Glycas;
3470 2967 3687 3035 quibus

2102 3055 2409 3115 accedunt,
2463 3053 2822 3121 Theophanes
2876 3055 3154 3125 presbyter
3203 3054 3259 3107 in
3317 3052 3437 3108 Vita
3496 3054 3676 3110 sancti

414 3128 629 3183 Sanctae
655 3128 871 3199 Suphia:
889 3113 1237 3188 basilicarum
1262 3136 1707 3204 celeberrima,et
1738 3154 1767 3191 a
1798 3155 1994 3205 magno
2024 3113 2065 3170 δ
2100 3140 2386 3210 Nicephori
2441 3134 2763 3209 patriaréhte
2817 3113 3687 3212 Constantinopolitanipauctor

413 3217 773 3274 Constantino
798 3221 862 3274 ad
895 3237 1047 3276 suam
1082 3238 1571 3295 successorumque
1605 3229 1991 3298 imperatorum

412 3310 747 3379 sepulturam
778 3323 1113 3379 constructa,
1142 3313 1386 3383 pluribus
1412 3319 1521 3386 agit
1543 3317 1893 3388 Canginslib.
1923 3336 1996 3386 ιν,

415 3400 905 3471 Constantinopolis
974 3403 1296 3461 Christiana!
1358 3422 1480 3477 cap.
1539 3408 1602 3475 5;
1657 3411 1747 3465 ubi
1810 3413 2000 3477 docet,

416 3495 693 3564 quomodo
722 3510 843 3551 eam
876 3514 904 3551 a
943 3496 1313 3554 fundamentis
1346 3503 1689 3566 restaurarit,
1721 3504 2004 3574 maiorem-

417 3600 523 3655 que
543 3597 594 3641 ct
615 3586 982 3656 pulchriorem
1004 3588 1193 3644 fecerit
1219 3588 1582 3661 Justinianus,
1615 3595 2005 3667 exornaritque

2099 3248 2311 3287 coaevus
2337 3233 2389 3286 in
2422 3232 2561 3286 Vita'
2587 3234 2760 3287 sancti
2806 3232 3010 3287 Nicolai
3048 3233 3293 3299 Studitaz,
3345 3232 3520 3289 Sabas
3563 3251 3687 3290 mo-

2098 3324 2339 3389 nachus,
2408 3323 2601 3379 Petrus
2668 3325 2968 3379 monachus
3021 3333 3075 3378 et
3153 3324 3550 3395 Metaphrastes
3623 3327 3683 3381 in

2098 3412 2221 3469 Vita
2255 3416 2423 3469 saneti
2456 3414 2749 3469 Joannicii.
2793 3414 3120 3484 Suhjicimus
3164 3416 3419 3470 nonnulla
3445 3416 3518 3472 de
3544 3416 3684 3486 qui-

2099 3506 2325 3561 busdam
2359 3506 2472 3574 eius
2502 3508 2740 3578 scriptis,
2780 3509 2922 3562 inter
2960 3523 3079 3577 quae
3113 3517 3239 3562 sunt
3280 3508 3488 3578 aliquot
3517 3508 3689 3565 etiam

2102 3593 2241 3652 Vitae
2278 3607 2614 3653 sanctorum.

482 4022 511 4047 χ
1217 4089 1221 4093 ,
1716 4112 1722 4117 ,
1859 3927 2252 4059 VITA

1267 4181 1554 4227 AUCTOR]:
1597 4182 1839 4237 COEVO,
1892 4182 2283 4227 INTERPRETE
2320 4183 2521 4228 LEONE
2563 4182 2846 4228 Αιιλποι

1922 4476 2149 4533 CAPUT
2191 4478 2233 4532 1.

963 4632 1145 4698 Ortus,
1182 4630 1384 4693 studia,
1436 4629 1806 4693 monachutus,
1841 4640 2101 4684 tormenta
2142 4631 2390 4697 tolerata,
2428 4628 2677 4685 exsiliunt
2722 4630 2776 4682 in
2816 4626 3084 4695 spelunca.

516 4791 563 4849 i.
605 4788 900 4846 Sacrorum
956 4787 1274 4852 antisulem,
1310 4802 1515 4840 necnon
1544 4795 1789 4841 ascetam
1825 4786 2007 4852 simul,
2045 4793 2087 4847 Ι)
2188 4786 2258 4840 α’.

441 4902 506 4942 ac
536 4882 740 4940 Christi
776 4889 1094 4950 martyrem,
1134 4877 1506 4932 tantummodo
1535 4878 1738 4947 angelis
1768 4878 1883 4932 sive
1918 4878 2009 4931 Dei

447 4975 791 5047 arohangelis
833 4971 925 5045 (ut
957 4971 1049 5041 qui
1107 4970 1294 5040 primte
1335 4970 1640 5038 diviuaeque
1692 4969 2015 5024 hierarchia:

438 5070 620 5133 decori
661 5074 810 5131 sunt,
847 5074 902 5119 et
931 5063 1120 5131 dignos
1170 5076 1448 5115 sacrorum
1500 5060 1756 5128 prazsides
1799 5058 2018 5113 confor-

439 5171 611 5226 mant,
673 5170 903 5227 Seseque
975 5155 1359 5211 exercentibus
1428 5162 1603 5223 atque
1680 5151 2018 5206 certantibus

440 5253 612 5310 robur
682 5254 1000 5318 animosque
1056 5247 1313 5314 addunt),
1378 5260 1475 5315 pro
1522 5244 1784 5312 dignitate
1837 5245 2013 5297 extol-

441 5346 556 5402 lere
610 5344 840 5399 facultas
883 5341 1070 5396 fucrit.
1130 5338 1284 5405 Quod
1335 5338 1377 5392 si
1439 5351 1501 5389 ea
1564 5337 1727 5389 etiam
1787 5335 2019 5390 homini-

445 5435 547 5491 bus
579 5436 996 5498 concederetur,
1053 5429 1266 5484 nonnisi
1298 5429 1363 5481 iis
1391 5428 1480 5496 qui
1526 5425 1770 5495 eiusdem
1814 5427 2020 5480 ordinis

448 5528 837 5597 dignitatisque
891 5533 1016 5579 sunt
1063 5522 1285 5576 daretur
1323 5538 1337 5574 :
1371 5529 1639 5590 quatenus
1678 5518 2019 5573 hierarcham

451 5619 780 5683 hierarchia,
818 5613 1263 5671 exercitationem
1292 5623 1541 5679 conatus,
1572 5611 1851 5666 victoriam
1884 5624 2016 5664 con-

457 5723 677 5769 secutus
720 5712 978 5767 victorem
1009 5706 1360 5766 collaudarct.
1395 5705 1531 5775 Quid
1558 5718 1721 5777 porro
1761 5704 1806 5761 si
1836 5719 1900 5759 ex
1934 5704 2017 5758 bis

2311 4785 2620 4857 Ἰεράρχην,
2672 4784 2766 4839 καὶ
2815 4782 3065 4853 ἀοκητὴν
3103 4780 3256 4851 ἅμα,
3320 4779 3416 4833 καὶ
3458 4777 3705 4850 Χρυςτοῦ

2123 4878 2403 4949 μάρτυρα,
2446 4878 2632 4946 μόνοις
2692 4876 2738 4928 δ’
2793 4875 2858 4929 ἂν
2907 4874 3121 4941 γένοιτο
3169 4870 3395 4924 δυνατὸν
3444 4870 3700 4936 ἀγγέλοις

2121 4971 2469 5039 ἐγκωμιάσαι
2506 4970 2693 5034 ἀξίως,
2734 4967 2767 5038 ἢ
2812 4964 3191 5037 ἀρχαγγέλοιςς
3221 4962 3357 5014 Θεοῦ
3381 5002 3395 5026 ,
3435 4963 3557 5029 οἶγε
3605 4961 3715 5030 τὴν

2126 5060 2349 5129 πρώτην
2400 5058 2687 5113 καὶιθείαν
2744 5056 3030 5129 ἱεραρχίαν
3083 5051 3423 5124 κοσμοῦσιν,
3463 5052 3594 5115 τούς
3644 5068 3702 5103 τε

2126 5150 2307 5216 ἀξίους
2349 5151 2610 5222 ἱεράρχας
2655 5146 3132 5221 μυσταγωγοῦσιν,
3165 5143 3262 5196 καὶ
3287 5145 3402 5204 τοῖς
3430 5144 3703 5212 ἀσκουμέο

2117 5261 2229 5306 νοις
2256 5260 2314 5296 τε
2348 5243 2438 5295 καὶ
2469 5241 2693 5296 ἀθλοῦσι
2726 5240 2895 5313 ρὧιν
2921 5239 3014 5292 καὶ
3039 5236 3351 5307 προθυμίαν
3387 5233 3634 5302 ἔχουσιν·
3660 5232 3713 5284 εἴ

2118 5334 2292 5387 δὲκαὶ.
2312 5330 2622 5403 ἀνθρώποις
2655 5333 2814 5384 τοῦτο
2839 5324 2984 5388 δοθῇ,
3050 5330 3161 5390 τοῖς
3192 5326 3270 5394 τῷ
3302 5325 3461 5389 ἀνδρὶ
3488 5324 3704 5385 πάντως

2121 5424 2415 5494 ὁμοταγέσι
2460 5423 2557 5477 καὶ
2615 5422 2939 5493 ὁμοτίμοις,
2978 5417 3240 5489 ῐερσιρχία
3277 5416 3375 5485 μὲν
3418 5415 3705 5485 ἱεράρχήν.

2125 5517 2358 5584 ἄςκησιν
2404 5514 2461 5566 δὲ
2497 5514 2722 5582 σπουδὴ,
2755 5512 2850 5565 καὶ
2899 5509 3201 5577 ἁθλοφόρος
3243 5505 3336 5558 τὸν
3374 5505 3709 5572 στεφανίτην

2126 5608 2538 5678 καταγεραίρει.
2574 5606 2640 5659 Τί
2686 5604 2812 5669 οὖν,
2846 5604 2895 5655 εἰ
2940 5601 3131 5671 μηδεὶς
3173 5599 3282 5652 τῶν
3317 5597 3583 5651 τοιούτων
3616 5598 3708 5683 ἀντ

2124 5697 2264 5770 δρῶν
2302 5697 2461 5768 μέχρι
2489 5696 2578 5751 τοῦ
2604 5695 2699 5753 νῦν
2728 5694 2804 5765 τῷ
2831 5693 3173 5761 πανευφήμῳ
3196 5688 3446 5759 Μεθοδίῳ
3469 5686 3712 5743 τοιοῦτόν
