3950 6166
197 375 336 440 12ἷὸ

1713 401 1908 468 VITA.

3307 400 3448 472 ιεισ

181 489 1014 588 τιναμλῄτονᾼπροκατεδόλετο,
1052 501 1194 558 αίδοϊ
1233 507 1336 578 τῆς
1364 508 1638 585 ὑπεροχῆς
1669 517 1765 570 τοῦ

1876 515 2180 574 hominibus
2233 533 2390 575 nemo
2439 531 2609 588 usque
2641 517 2708 572 ad
2741 518 2861 572 haec
2909 524 3172 587 tempora;
3198 519 3438 574 omnium

184 579 384 672 ἀνδρὸς
413 584 540 652 σιγῇ
576 584 778 638 τούτων
810 588 1322 661 ἁποθαυμασάντων
1343 601 1438 651 καὶ
1468 579 1764 672 σεμνυνάνο

191 687 317 764 των,
342 669 455 741 ἆρά
478 692 540 744 γε
563 679 917 750 ἀνιστόρητον
941 683 1115 754 πάντη
1135 687 1403 758 τοσαύτην
1423 669 1616 764 ἀνδρὸς
1637 695 1766 764 ἀρε-

181 763 308 830 τὴν,
341 765 392 816 εί
424 768 516 819 καὶ
547 767 842 839 ἐλάχιστοι,
875 773 1298 844 καταλείψομεν,
1330 781 1424 839 καὶ
1463 763 1565 835 οὐκ
1598 763 1766 852 ἀναγ-

183 853 460 948 γελοῦμεν
494 857 590 922 τὰς
634 860 818 915 θεόθεν
875 863 944 916 δι’
985 865 1154 918 αὐτοῦ
1190 871 1564 941 γεγενημένας
1606 873 1766 948 εὐερ-

183 943 408 1008 γεσίας;
453 947 561 1001 Καὶ
597 949 726 1002 πότε
770 951 834 1022 δὴ
872 953 1239 1024 γνησιώτερον
1286 958 1384 1030 τὴν
1437 943 1765 1016 κελεύουσαν

183 1035 407 1104 πατέρα
453 1037 620 1108 τιμᾷν
667 1039 1031 1112 πληρώσομεν
1087 1047 1342 1118 ὲντολήν;
1403 1051 1765 1123 Εὑχαριστίαν

181 1124 562 1193 προσάγοντες
605 1129 683 1199 τῷ
725 1131 1072 1206 καθεκὰστην
1111 1139 1304 1204 γενεὰν
1355 1141 1482 1205 τοὺς
1531 1145 1766 1209 οἰκείους

184 1213 532 1307 θεράποντας
560 1223 714 1294 δίκην
745 1229 932 1298 φωστή
945 1247 1052 1299 ρων
1086 1231 1524 1301 ἐξανατέλλοντι,
1555 1238 1652 1291 καὶ
1687 1239 1763 1307 τῷ

182 1306 278 1360 τόν
307 1309 504 1366 σκότον
535 1315 920 1371 ἁποδιώκοντιο
954 1319 1092 1390 πλὴν
1116 1323 1179 1376 οῦ
1206 1323 1462 1380 τοσοῦτον
1499 1329 1697 1397 μανίας

187 1400 365 1474 μέθης
396 1403 888 1478 ἀναπεπλήσμεθα,
927 1409 1003 1475 ὡς
1041 1414 1162 1466 κατ’
1203 1415 1366 1480 ἀξίαν
1405 1417 1499 1470 τόν
1553 1419 1766 1473 δίκαιον

183 1490 560 1562 ἐγκωμιάζειν
595 1499 1030 1566 ἐπαγγέλλεσθαι
1050 1519 1064 1535 ·
1097 1503 1213 1556 ἀλλ’
1241 1505 1300 1559 ὃν
1331 1507 1536 1576 τρόπον
1560 1511 1610 1560 οἱ
1641 1510 1766 1578 ἄρτι

185 1583 268 1645 εἰς
285 1582 643 1659 διδασκάλους
665 1590 981 1658 φοιτῶντες,
1007 1595 1136 1660 τοὺς
1159 1597 1261 1667 μὲν
1284 1599 1625 1670 ἁρχετύπους
1655 1601 1764 1656 τῶν
1794 1621 1800 1626 '

185 1674 539 1744 γραμμάτων
609 1681 973 1750 χαρακτῆρας
1020 1685 1449 1756 ἁπομιμοῦντίιι,
1510 1689 1766 1760 οῦκ.ὲφ·-

184 1763 466 1818 ικνοῦνται
504 1767 560 1820 δὲ
596 1769 698 1838 τῆς
727 1770 990 1840 ἀκριϐοῦς
1022 1775 1322 1846 ὲμφερείας
1347 1778 1546 1842 αὐτῶν,
1577 1781 1653 1843 ὡς
1701 1781 1765 1834 τὰ

1869 605 2042 671 laude,
2100 606 2372 676 praconio
2399 617 2455 662 et
2489 607 2795 662 aeternitate
2841 605 3001 676 digno
3026 604 3298 660 Methodio
3327 605 3443 658 Ian-

1867 684 2147 752 dationem
2180 697 2419 768 aliquam
2464 697 2790 768 reposuerit,
2838 698 3094 752 omnibus
3123 695 3436 764 przecellen-

1869 786 2060 841 tissimi
2115 787 2214 843 viri
2257 790 2612 848 _veueratione
2665 789 3014 852 absterritis,
3073 787 3302 855 ideoque
3354 801 3436 842 res

1867 876 2010 932 illius
2039 883 2229 946 gestas
2261 879 2480 934 silentio
2513 887 2568 934 et
2599 879 2985 942 admiratione,
3016 877 3438 942 venerantibus;

1867 983 1932 1022 an
1953 980 2240 1038 propterea
2261 985 2288 1023 a
2317 979 2466 1025 tanto
2500 969 2668 1024 heroe
2690 982 2998 1024 sermonem
3027 965 3436 1030 abstinebimus,

1866 1065 1918 1110 et
1951 1065 2154 1111 tantam
2185 1059 2457 1122 virtutem,
2481 1055 2901 1126 despicatissimi
2947 1054 3099 1118 licet,
3135 1049 3442 1122 praeteribi-

1873 1161 2016 1212 mus,
2055 1162 2228 1216 neque
2261 1147 2527 1203 beneﬁcia
2576 1147 2836 1203 divinitus
2867 1160 2962 1215 per
3009 1158 3132 1197 eum
3183 1140 3441 1196 universo

1865 1237 1985 1291 orbi
2051 1237 2244 1291 collata
2317 1235 2768 1292 enuntiabimus?
2829 1235 3185 1302 Quandonam
3257 1241 3440 1284 autem

1865 1329 2218 1398 Opportunius
2253 1335 2580 1396 praeceptum
2609 1327 2677 1382 de
2704 1324 3022 1381 honorando
3061 1330 3218 1392 patre
3245 1318 3440 1388 exple-

1867 1419 2064 1483 bimus,
2116 1419 2320 1488 gratias
2369 1417 2439 1472 illi
2476 1426 2724 1487 agentes,
2759 1415 2851 1482 qui
2904 1413 3132 1482 singulis
3183 1410 3440 1466 aetatibus

1866 1523 2052 1563 servos
2082 1523 2230 1574 suos,
2282 1509 2632 1562 luminarium
2667 1507 2862 1570 instar,
2894 1503 3097 1560 exoriri
3147 1501 3277 1556 iacit
3320 1501 3442 1554 ani-
3481 1555 3489 1558 _

1867 1613 2182 1668 morumque
2231 1599 2482 1653 tenebras
2531 1595 2714 1668 pellit?
2755 1594 2871 1650 Non
2929 1603 3104 1648 tamen
3140 1590 3193 1646 iu
3229 1597 3440 1644 tantum

1863 1687 2102 1745 furorem
2156 1691 2582 1756 ebrietatemque
2629 1687 3032 1765 devolvemur,_
3063 1691 3123 1736 ut
3193 1678 3440 1750 proliteri

1867 1780 2132 1844 Velimus,
2187 1779 2364 1846 dignis
2417 1777 2626 1848 justum
2686 1775 2934 1830 laudibus
2988 1773 3372 1829 celebrandum
3407 1784 3439 1822 a

181 1850 324 1907 αὐτὰ
344 1857 456 1920 τοῖς
472 1857 656 1930 αὐτοῖς
677 1860 932 1924 ἐοικέναι,
957 1861 1102 1915 οὕτω
1124 1865 1218 1916 καὶ
1242 1867 1269 1918 ὁ
1287 1866 1562 1936 ἡμέτερος
1586 1867 1761 1936 λόγος,

1872 1870 2025 1926 nobis
2053 1843 2196 1927 esse.
2245 1843 2459 1924 Etenim
2501 1869 2646 1923 sicut
2673 1867 2746 1921 illi
2779 1867 2868 1936 qui
2911 1865 3145 1934 primum
3163 1877 3202 1922 .a
3233 1873 3444 1932 praece-

105 2002 115 2010 ⁸
178 1935 424 2008 ψελλίσει
458 1947 558 2015 μὲν
584 1949 715 2012 ἴσως
757 1951 998 2015 διανοίας
1027 1953 1252 2023 ἀτέχνου
1294 1935 1757 2027 προϐεϐλημένος,

180 2030 232 2082 τ’
265 2031 444 2104 ἀληθῆ
476 2035 532 2088 δὲ
562 2038 657 2090 καὶ
698 2039 982 2111 συντόμως
1019 2043 1232 2108 λέξεται
1266 2041 1684 2116 κατὰδύναμιν.

1860 1961 2104 2031 ptoribus
2133 1961 2517 2024 instituuntur,
2548 1961 2872 2028 archetypas
2901 1956 3205 2010 litterarqu
3238 1953 3442 2005 formas

1863 2051 2161 2117 imitantur,
2213 2051 2338 2106 licet
2387 2051 2656 2121 exquisita
2705 2063 2892 2104 earum
2951 2047 3282 2100 lineamenta
3334 2053 3442 2094 non

181 2127 414 2183 reddant
445 2130 524 2185 sic
549 2143 604 2186 ut
633 2135 814 2189 omnia
847 2135 914 2190 ad
945 2138 1203 2192 amussim
1233 2138 1340 2194 illis
1371 2141 1570 2196 similia
1597 2144 1746 2210 sint;
1787 2143 1858 2198 ita
1899 2153 2083 2199 nostra
2147 2145 2264 2199 haec
2292 2147 2487 2210 oratio,
2525 2144 2822 2198 sententias
2860 2141 3006 2196 nulla
3079 2147 3196 2192 arte
3239 2149 3444 2205 perpo-

180 2215 312 2276 litas
357 2237 684 2292 proponens,
739 2227 1003 2284 balbutiet
1045 2230 1262 2298 quidem
1320 2233 1576 2298 fortasse,
1635 2249 1760 2289 vera
1795 2235 2169 2300 nihilominus,
2203 2247 2260 2291 et
2319 2250 2424 2305 qua
2494 2236 2692 2304 poterit
2741 2233 3006 2288 brevitate
3057 2234 3446 2300 prosequetur-

255 2333 324 2404 β’.
374 2335 436 2389 '0
477 2335 732 2402 ἐκλεκτὸς
780 2339 900 2412 Θεῷ
955 2342 1218 2408 Μεθόδιος
1262 2347 1360 2408 τὰς
1409 2346 1767 2418 Συρακούσας

180 2425 312 2497 ισχι
361 2430 627 2500 πατρίδα,
679 2431 882 2498 γονέων
913 2433 1151 2487 εὐκλεῶν
1195 2436 1290 2488 καὶ
1333 2435 1610 2490 πλουσίων
1653 2439 1767 2502 υίὸς

181 2517 458 2585 γεγονώς
519 2522 576 2572 ὲν
608 2513 696 2582 αἷς
745 2522 926 2574 πᾶσαν
977 2525 1376 2594 γραμματικῆς
1421 2526 1620 2596 τέχνην
1673 2527 1766 2580 καὶ

183 2605 452 2678 ἱστορίας,
479 2609 851 2682 ὀρθογραφίαν
874 2627 933 2664 τε
975 2613 1068 2665 καὶ
1095 2612 1436 2683 ὀξυγραφίαν
1461 2615 1765 2688 κατωρθω-

181 2695 302 2760 κὼς
347 2700 414 2751 ὲκ
451 2700 674 2765 παιδὸς,
709 2701 812 2771 ἤδη
858 2702 1044 2756 λοιπὸν
1086 2705 1168 2767 εἰς
1213 2705 1384 2776 ἄνδρα
1428 2707 1624 2777 τελῶν,
1668 2709 1766 2780 τὴν

1904 2346 1906 2350 ’
1939 2352 2277 2424 2.Acceptus
2301 2353 2413 2408 Deo
2430 2351 2733 2408 Methodins
2765 2350 3066 2421 Syracusas
3088 2347 3163 2418 (a)
3219 2345 3447 2416 patriam

1873 2443 2096 2510 habuit,
2141 2443 2282 2498 fama
2321 2441 2631 2514 conspicuis
2681 2441 2994 2510 parentibus
3043 2453 3108 2493 ac
3147 2435 3445 2507 ρεςεόίνίιί-

1871 2535 1974 2590 bus
2011 2544 2186 2600 ortus,
2219 2535 2308 2590 ubi
2342 2534 2409 2588 ab
2449 2535 2562 2604 ipsa
2613 2532 2842 2600 pueritia
2887 2530 3138 2585 universa
3175 2540 3449 2598 gratuma-

1873 2624 1999 2692 tica,
2041 2625 2500 2694 historiarumque
2533 2625 2760 2679 scientia
2827 2635 3035 2676 necnon
3077 2627 3224 2673 recte
3256 2617 3447 2670 celeri-

1873 2727 2066 2786 terque
2115 2717 2392 2772 scribendi
2459 2727 2576 2769 arte
2628 2715 2898 2777 excultus,
2955 2725 3078 2766 cum
3121 2709 3232 2778 jam
3263 2709 3442 2762 virum

185 2787 440 2858 βασιλίδα
467 2793 794 2846 καταλαϐὼν
819 2834 835 2858 ,
867 2795 1100 2849 πλεῖστα
1145 2799 1404 2868 χρήματα
1432 2799 1533 2852 ὅσα
1566 2801 1765 2868 ἐπαγό-

1872 2807 2160 2870 induisset,
2220 2807 2459 2876 reginam
2496 2805 2706 2860 urbium
2760 2811 3007 2872 occupat,
3043 2800 3245 2870 ingenti
3279 2814 3444 2868 Opum

184 2894 374 2950 μενος,
407 2881 698 2952 βασιλικῶν
729 2885 1058 2956 ἀξιωμάτων
1094 2892 1282 2957 τυχεῖν
1325 2889 1636 2958 ἐφιέμενος,
1673 2892 1765 2945 καὶ

1872 2900 1920 2953 vi
1945 2900 2280 2968 constipatus
2306 2938 2321 2964 ,
2362 2907 2418 2952 ut
2445 2897 2516 2952 ibi
2551 2897 2711 2966 regiis
2745 2895 3102 2964 dignitatibus
3153 2892 3448 2962 insignire-

183 2970 267 3041 τῷ
305 2971 406 3042 βίῳ
457 2975 766 3045 περιφανὴς
815 2977 1186 3046 καταστῆναι*
1247 2977 1522 3048 συντυχὼν
1563 2980 1618 3032 δέ
1669 2998 1765 3034 τινι

1873 2999 1992 3056 tur,
2057 3000 2478 3060 sumptuumque
2537 2987 2931 3058 magniﬁcentia
2989 2985 3442 3040 conelaresceret.

181 3064 406 3132 ἀσκητῇ
447 3065 513 3117 ὲκ
557 3065 814 3137 προνοίας
848 3066 1006 3133 Θεοῦ,
1030 3069 1232 3137 καὶτὴν
1257 3071 1437 3124 αἰτίαν
1458 3071 1765 3142 ἐρωτηθεὶς1

1873 3083 2093 3146 Verum,
2126 3084 2200 3136 ita
2228 3097 2349 3136 eum
2391 3083 2621 3136 ducente
2646 3077 2986 3149 providentia
3012 3076 3286 3140 Numinis,
3319 3089 3443 3128 cum
3495 3146 3500 3150 η

178 3155 254 3208 δι’
286 3154 354 3224 ἢν
383 3155 492 3210 τῶν
517 3156 789 3226 ἑσπερίων
807 3158 941 3228 πρὸς
967 3159 1064 3230 τὴν
1085 3160 1158 3214 ἕω
1192 3165 1652 3234 μεταπεφοίτηκε,
1683 3166 1765 3218 τὸν

1878 3173 1928 3226 itt
1959 3185 2196 3228 ascetam
2245 3171 2560 3236 incidisset,
2608 3172 3008 3239 interrogatus,
3049 3182 3338 3236 quemnam
3376 3165 3446 3219 ob

181 3242 324 3297 ῐδιον
363 3243 638 3316 ἐξειρὴκει
681 3248 902 3301 σκοπόν.
955 3249 1012 3302 Ὀ
1056 3248 1114 3302 δὲ
1170 3251 1331 3319 σοφὸς
1375 3253 1516 3322 ἀνὴρ
1565 3255 1769 3318 ἐκεῖνός

181 3349 374 3404 φησιν’
407 3336 516 3388 Καὶ
544 3337 594 3389 εί
627 3337 774 3390 οὕτω
804 3338 960 3410 δόξης
993 3341 1146 3411 ἐρᾷς,
1173 3335 1218 3394 ὢ
1249 3343 1458 3410 νεανία,
1487 3343 1576 3398 διὰ
1609 3345 1662 3398 τί
1693 3347 1769 3418 μὴ

181 3426 290 3496 τὴν
317 3425 588 3507 μένουσαν
623 3427 830 3499 μᾶλλον
853 3431 950 3484 καὶ
971 3432 1070 3501 τὴν
1095 3432 1248 3486 θείαν
1279 3434 1400 3486 ἀντὶ
1431 3435 1530 3504 τῆς
1558 3453 1696 3504 παρε
1707 3455 1769 3507 ρ-

180 3501 424 3586 χομένης
471 3519 1020 3590 καταπλουτήσειας,
1083 3523 1154 3576 τὰ
1212 3523 1310 3592 μὲν
1362 3523 1460 3577 οῦν
1487 3501 1768 3595 *χρήματα

181 3612 302 3672 τοῖς
357 3612 679 3680 πενομένοις
741 3613 1190 3684 κατασκορπίσας
1213 3655 1227 3682 ,
1277 3615 1370 3668 τδν
1421 3620 1658 3688 σταυρὸν
1712 3619 1768 3672 δὲ

183 3701 428 3770 Χριστοῦ
457 3701 597 3772 ἄρας
615 3740 630 3766 ,
666 3703 759 3756 καὶ
787 3705 898 3766 τοῖς
927 3706 1280 3768 Δεσποτικοῖς
1309 3705 1386 3776 τῷ
1415 3707 1528 3761 δντι
1561 3709 1767 3776 βασιλι-

183 3793 308 3854 κοῖς
336 3793 536 3861 ἴχνεσιν
567 3793 1048 3864 ὲπακολουθήσας;
1095 3797 1164 3848 ’Ἦ
1198 3795 1296 3848 οὐκ
1329 3799 1386 3848 ὲν
1417 3797 1768 3870 Εὐαγγελίοις

185 3883 728 3936 ἑκατονταπλασίονα
755 3881 861 3941 ὧδε
891 3885 1068 3938 ταῦτα
1100 3885 1495 3954 ἀπολήψεσθαι,
1527 3887 1768 3958 Χριστοῦ

183 3971 439 4040 λέγοντος
477 3975 736 4044 ἠκουσας,
781 3976 943 4029 κάκεῖ
983 3975 1130 4045 ζωὴν
1169 3975 1388 4030 αἰώνιον
1422 3975 1767 4046 κληρονομῆ-

187 4079 318 4129 cat;
353 4064 514 4116 Ὥστε
555 4067 604 4117 εί
645 4064 930 4135 πεισθείης
959 4065 1053 4118 νῦν
1083 4064 1160 4135 τῷ
1195 4065 1314 4137 ἐμῷ
1339 4065 1504 4135 λόγῳ,
1551 4065 1766 4135 πτωχὸν

189 4154 417 4207 σεαυτὸν
462 4156 560 4208 καὶ
611 4154 798 4222 ἄδοξον
846 4157 1242 4227 καταστήσεις,
1299 4156 1438 4226 μετὰ
1487 4155 1767 4210 δυναστῶν

186 4242 323 4296 λαοῦ
363 4243 648 4307 καθίσεις,
685 4245 781 4298 καὶ
826 4243 1016 4315 θρόνου
1064 4244 1226 4316 δόξης
1277 4245 1766 4318 κατακληρονομή-

189 4339 331 4395 αεις.

263 4543 332 4605 γ’.
359 4536 536 4599 Εὐθὺς
560 4532 654 4593 οῦν
673 4539 706 4606 ὴ
737 4537 918 4608 ἀγαθὴ
945 4535 1144 4609 καρδία
1171 4537 1378 4610 ἐκείνη,
1404 4535 1592 4609 ὥσπερ
1622 4538 1762 4610 καλὴ
1797 4498 1840 4554 D

185 4631 262 4698 γῆ
293 4628 386 4680 τὸν
416 4628 616 4698 σπόρον
649 4627 943 4698 δεξαμένη,
976 4629 1155 4682 πάντα
1186 4629 1324 4699 μετὰ
1363 4629 1602 4698 σπουδῆς
1665 4633 1766 4682 ἐπ-

186 4717 460 4774 ετέλεσεν.
523 4719 902 4789 Ἀποκείρεται
952 4719 1131 4772 τοίνυν
1186 4719 1244 4771 ἑν
1293 4721 1360 4789 τῇ
1413 4719 1764 4788 Χηνολάκκου

187 4809 354 4876 μονῇ,
389 4807 616 4859 κάκεῖσε
652 4807 751 4875 τὴν
786 4807 1094 4878 ἀσκητικὴν
1131 4806 1344 4870 ἐξανύει
1395 4806 1761 4875 παλαίστραν,

190 4895 320 4964 μηδ’
344 4895 372 4948 ὃ
403 4911 456 4948 τι
477 4892 572 4950 οῦν
593 4897 685 4950 τοῦ
713 4899 936 4962 κανόνος
952 4897 1422 4970 ὑπερϐαλέσθαι,”ἧ
1451 4899 1770 4968 καταλεῖψαι

189 4988 549 5053 σπουδάζων,
608 4991 795 5061 σαφῶς
842 4992 1206 5060 ἐπιστάμενος
1260 4993 1358 5062 τὴν
1403 4995 1484 5056 εἰς
1532 4992 1769 5064 ἑκάτερα

177 5079 372 5138 ’κλίσιν
407 5086 502 5140 τοῦ
536 5087 738 5150 παντὸς
766 5083 912 5142 εἶναι
941 5089 1284 5144 ἀπόπτωσιν.

259 5175 326 5230 δ’.
349 5177 481 5229 ,Καὶ
509 5176 683 5240 οὕτως
727 5180 826 5248 μὲν
863 5174 1020 5242 οὗτος
1050 5179 1398 5250 ἐφιλοσόφει,
1441 5179 1636 5252 μέχρις
1683 5181 1772 5236 ὅτε

187 5263 379 5321 λοιπὸν
406 5269 442 5338 ή
477 5267 674 5338 βαθεῖα
698 5270 786 5324 καὶ
819 5273 1070 5342 σκοτεινὴ
1098 5272 1195 5338 νὺξ
1227 5273 1330 5343 τῆς
1360 5273 1633 5344 αἱρέσεως
1659 5272 1772 5326 τῶν

261 5469 652 5540 (aiSyracusa:
698 5474 828 5528 urbs
885 5475 1086 5531 Siciliae
1133 5484 1215 5531 est
1269 5477 1550 5530 notissima
1583 5495 1596 5530 :
1627 5476 1756 5530 hinc

189 5541 311 5614 ipse
356 5539 690 5614 Methotlius,
731 5559 794 5614 ex
831 5544 1023 5600 aﬂ'ectu
1071 5561 1203 5614 erga
1258 5546 1502 5612 Sienlos,
1545 5546 1756 5600 videtur

190 5611 482 5676 scripsisse
544 5611 692 5666 illam
766 5613 1028 5670 illustrem
1079 5611 1387 5669 orationem
1440 5616 1505 5668 de
1563 5624 1752 5670 saneta

189 5678 400 5756 .Agatha
431 5681 640 5756 virgine
661 5689 730 5756 _et
763 5695 1024 5756 martyre,
1077 5699 1240 5756 quam
1287 5684 1557 5740 edidimus
1591 5684 1625 5738 5
1651 5683 1752 5742 Fe-

189 5748 397 5804 bruarii
425 5765 547 5820 pag.
577 5750 680 5806 εει
719 5767 832 5822 seq.

1870 3280 2087 3319 causam
2144 3265 2384 3334 partibus
2430 3262 2670 3316 occiduis
2733 3261 2975 3315 dimissis
3023 3259 3090 3312 ad
3155 3257 3446 3313 orientales

1870 3370 1928 3408 se
1964 3355 2334 3418 transtulerit,
2383 3353 2526 3422 quod
2563 3353 2745 3405 animo
2779 3349 2932 3421 prius
2961 3358 3283 3416 conceperat
3314 3345 3446 3400 σίτη-

1819 3463 1825 3466 ·
1870 3451 1976 3497 tnr.
2013 3443 2150 3496 Tum
2199 3457 2352 3498 catus
2400 3444 2490 3497 ille
2519 3443 2648 3498 vir:
2683 3443 2740 3497 Si
2785 3441 3056 3497 desiderio
3099 3439 3304 3510 glorite,
3346 3438 3446 3498 ait,

1869 3537 2003 3588 adeo
2057 3535 2284 3604 urgeris,
2331 3551 2364 3588 ο
2399 3535 2755 3599 adolescens,
2813 3548 2982 3602 quare
3038 3547 3143 3585 non
3198 3529 3446 3584 stabilem

1871 3624 2014 3678 illam
2052 3625 2395 3692 divinan’tque
2429 3625 2626 3690 potius.
2657 3638 2765 3692 pra:
2801 3622 2999 3692 fragili,
3029 3631 3083 3676 et
3119 3621 3228 3675 cito
3258 3621 3446 3688 avola-

1871 3725 2020 3778 tura,
2105 3716 2198 3768 tibi
2282 3714 2702 3783 procuraveris,
2760 3715 2954 3782 Opibus
3027 3713 3080 3766 in
3147 3712 3450 3782 indigentes

1868 3803 2084 3869 cﬂ‘usis,
2139 3819 2297 3857 cruce
2337 3805 2544 3857 Domini
2601 3805 2846 3866 sublata,
2907 3803 3178 3856 dominica
3213 3809 3268 3856 et
3321 3817 3450 3857 vere

1871 3893 2016 3964 regia
2049 3894 2272 3963 chIigia
2318 3894 2579 3948 secutus?
2615 3896 2804 3948 Annon
2842 3895 2893 3946 in
2960 3892 3266 3961 Evangeliis
3295 3892 3422 3946 Chri

1869 3993 2010 4040 stum
2066 3987 2435 4040 euuntiautem
2512 3987 2706 4040 audisti
2765 3999 2952 4038 earum
3019 3983 3184 4036 etiam
3237 3983 3288 4034 in
3345 3983 3448 4035 hoc

1871 4077 2068 4130 mundo
2114 4078 2424 4146 centuplum
2463 4087 2808 4144 accepturum
2856 4083 2928 4140 te,
2963 4084 3016 4128 et
3055 4075 3176 4127 vita:
3230 4082 3448 4126 aeterna:

1868 4164 2237 4224 haereditatem
2288 4178 2710 4224 consecuturum
2737 4168 2760 4220 ?
2792 4166 2972 4232 Quare
3005 4165 3068 4220 si.
3092 4179 3176 4220 tne
3229 4163 3444 4227 audies,

1870 4257 2140 4330 iidemque
2163 4261 2398 4316 sermoni
2433 4275 2551 4314 meo
2578 4260 2888 4322 adhibebis,
2921 4257 3113 4320 facies,
3147 4263 3204 4309 ut
3239 4269 3449 4324 pauper

1867 4361 1922 4405 et
1952 4350 2215 4420 inglorius
2243 4351 2351 4414 sis,
2383 4351 2568 4418 sicque
2602 4349 2818 4404 sedebis
2846 4365 2965 4404 cum
2997 4346 3306 4415 potentibus
3349 4361 3448 4414 po-

1870 4443 2000 4510 puli,
2038 4451 2092 4496 et
2123 4448 2372 4497 thronum
2408 4442 2591 4512 glorias
2629 4427 2998 4497 hereditabis.

1937 4553 1992 4607 5.
2036 4551 2230 4616 Statim
2287 4553 2468 4622 itaque
2518 4552 2770 4622 egregius
2827 4552 2917 4606 ille
2979 4551 3229 4613 animus,
3281 4549 3444 4605 veluti

1871 4651 2012 4697 terra
2059 4641 2288 4698 fecunda
2337 4658 2518 4698 semen
2561 4643 2863 4712 excipiens,
2905 4657 3118 4698 summo
3154 4641 3271 4694 nisu
3301 4638 3450 4695 dicta

1867 4731 2199 4800 exsequitur.
2215 4732 2400 4800 Quare
2421 4733 2472 4786 in
2490 4733 2562 4802 (ὁ)
2587 4732 2881 4787 Cheuolaci
2916 4733 3248 4787 ttionasterio
3267 4731 3439 4800 capil-

1867 4821 1947 4874 los
1963 4821 2204 4890 deponit,
2226 4823 2574 4892 postmodum
2617 4824 2850 4878 ascetica
2878 4823 3132 4893 palaestra
3151 4821 3447 4890 perllcitur,

1869 4926 2079 4966 summo
2095 4913 2275 4968 studio
2295 4914 2626 4970 coutemleus
2651 4930 2716 4970 ue
2737 4915 2868 4984 quid
2896 4914 3032 4968 infra
3062 4914 3146 4968 vel
3177 4927 3338 4980 supra
3368 4927 3456 4967 re-

1867 5005 2044 5076 gulam
2063 5003 2470 5076 l'aceret,'probe
2485 5007 2682 5072 sciens,
2697 5020 3072 5076 quamcunque
3089 5005 3208 5072 quis
3224 5003 3456 5058 declina-

1869 5097 2008 5151 verit
2039 5105 2248 5166 partem
2277 5113 2397 5151 eum
2433 5112 2614 5152 rerqu
2650 5097 2888 5151 omnium
2930 5097 3197 5166 jacturam
3237 5093 3449 5148 iecisse.

1939 5183 1992 5239 4.
2035 5185 2102 5239 Et
2137 5186 2240 5240 hac
2270 5187 2356 5240 ille
2387 5187 2603 5256 quidem
2637 5186 2846 5239 ratione
2881 5188 3049 5238 vitam
3080 5199 3231 5236 suam
3269 5182 3455 5250 sobrie

1873 5276 2254 5347 moderateque
2315 5275 2676 5340 instituebat;
2730 5271 2909 5344 quoad
2967 5273 3184 5328 tandem
3233 5284 3348 5326 atra
3397 5283 3456 5328 ct

1934 5475 2010 5547 (ὁ)
2048 5475 2400 5538 Chenolacus,
2433 5477 2602 5547 idest
2634 5473 2805 5530 Lacus
2860 5489 3132 5547 miserum,
3172 5483 3446 5547 monaste-

1863 5541 2002 5600 rium
2053 5548 2376 5600 aediﬁcatum
2411 5561 2438 5598 a
2475 5545 2754 5614 Stephano
2799 5544 2900 5614 sub
2933 5543 3128 5614 Leone
3174 5541 3442 5608 Isaurico,
3532 5581 3540 5588 -
3614 5546 3621 5554 '

1863 5615 1935 5668 uti
1975 5625 2183 5669 constat
2211 5631 2276 5670 ex
2315 5616 2514 5681 elogio,
2543 5613 2684 5684 quod
2716 5631 2784 5669 ex
2831 5613 3049 5669 Mena-is
3087 5613 3293 5670 Grecis
3325 5614 3442 5669 edi-

1860 5686 2036 5741 dimus
2071 5684 2134 5739 ad
2170 5685 2310 5740 diem
2349 5684 2414 5739 M
2440 5684 2684 5741 Januarii
2713 5699 2837 5756 pag.
2881 5684 3005 5740 976.
