3938 6168
499 378 636 445 1247

1517 389 1577 448 S.
1621 390 1999 450 METHODll
2045 391 2546 450 PATRIARCHE
2587 392 2696 451 (ΣΡ.

3639 391 3768 452 1248

498 492 838 548 t.:nrbiicosa
871 493 940 567 (c)
977 495 1246 552 luereseos
1295 514 1432 562 nox,
1469 499 1596 555 odio
1633 505 2074 569 persequentium

2196 501 2486 554 ιισούντων
2523 502 2619 553 καὶ
2651 500 3006 570 ἀρνουμένων
3035 501 3133 570 τὴν
3167 499 3261 553 τοῦ
3299 499 3435 554 Θεοῦ
3480 497 3663 567 Λόγου
3691 504 3764 551 ot-

499 585 594 639 Dei
625 585 876 653 Verbum,
909 599 966 642 et
984 590 1342 642 oeconomiam
1363 589 1480 659 ejus
1500 591 1905 662 abnegantium,
1936 592 2080 646 idem

497 691 605 746 que
657 679 1013 734 evertentium
1063 682 1323 749 imagines
1371 692 1425 737 et
1477 685 1646 754 probo
1703 685 2074 746 aliieientium,

501 777 769 821 terrarum
797 770 984 824 orbein
1019 772 1358 838 universum,
1393 775 1484 843 qui
1527 777 1644 829 urbi
1677 777 1837 844 regite
1870 755 2074 836 obedit',

501 860 806 924 orcupavit.
863 859 998 914 Tum
1035 863 1413 920 sanctissimus
1463 866 1769 932 patriarcha
1812 864 1889 936 (ά)
1931 865 2080 920 Nice.

503 949 706 1017 pliorus
760 952 884 1004 sede
937 953 1176 1020 pellitur,
1229 963 1288 1009 et
1337 955 1392 1008 in
1447 955 1699 1010 exsulium
1758 956 2076 1024 projicitur;

505 1039 806 1108 reliquique
835 1055 1041 1106 omnes,
1073 1045 1137 1100 de
1160 1045 1262 1100 fide
1289 1048 1421 1100 bene
1445 1047 1515 1118 (ε)
1547 1049 1865 1111 sentientes,
1897 1057 2080 1102 extor-

503 1144 614 1191 res,
651 1131 886 1196 exsules,
935 1144 1291 1204 errantesque
1326 1139 1379 1191 in
1415 1141 1686 1192 montibus
1720 1147 1774 1191 et
1811 1138 2079 1206 speluncis

504 1227 560 1274 et
607 1227 765 1275 terra:
819 1224 1054 1281 hiatibus
1104 1229 1458 1282 abdebantur.
1504 1230 1657 1284 Tunc
1703 1231 1817 1300 ipse
1857 1232 1922 1283 de
1967 1246 2080 1283 mo-

504 1315 747 1366 nasterio
796 1317 1104 1384 egrediens,
1157 1319 1405 1383 Romam,
1455 1330 1708 1388 tanquam
1746 1337 1862 1375 eam
1904 1335 2076 1391 quaaa

508 1403 628 1457 talis
665 1407 830 1472 pestis
859 1408 1094 1461 dominio
1126 1422 1242 1462 erat
1268 1410 1544 1474 immunis,
1571 1427 1630 1464 se
1659 1410 1908 1471 confert,
1947 1409 2076 1462 nihil

506 1490 574 1545 de
605 1492 850 1546 instituto
885 1511 982 1548 suo
1019 1497 1320 1560 remittens,
1355 1501 1446 1552 sed
1493 1500 1563 1551 ibi
1600 1499 1768 1551 multo
1801 1498 2082 1552 ardentius

507 1584 708 1638 acliOui
740 1586 1206 1656 meditationique,
1252 1603 1353 1640 non
1391 1590 1715 1643 intermissis
1743 1589 2084 1643 exercitatio-

507 1675 686 1739 nibus,
739 1677 1036 1740 addicitur,
1091 1687 1148 1730 ut
1191 1679 1517 1745 comparatis
1575 1680 1676 1734 sibi
1731 1695 1796 1733 ex
1855 1687 2081 1746 utraque

509 1765 761 1818 subsidiis
815 1767 1170 1829 stabiliretur,
1217 1779 1270 1822 et
1322 1769 1389 1822 ab
1421 1769 1640 1822 excelso
1689 1768 1916 1822 collatas
1975 1769 2106 1822 sibi-

2181 592 2458 661 κονομίαν,
2488 594 2581 644 καὶ
2605 591 2694 643 διὰ
2721 590 2877 644 τοῦτο
2907 593 3006 660 τὴν
3032 591 3200 645 αὑτοῦ
3236 593 3650 664 καθαιρούντων
3680 597 3770 645 καὶ

2182 680 2618 750 καθυϐριζόντων
2643 681 2828 734 είκὸνα
2850 681 2948 752 τὴν
2970 684 3120 734 οἰκον
3132 685 3298 752 μένην
3325 683 3649 744 κατέλαϐεν,
3675 685 3767 752 ὅπη

2180 768 2286 821 ὑπὸ
2316 770 2413 840 τὴν
2449 769 2715 838 βασιλίδα,
2748 771 2843 838 ὅγε
2872 770 3176 838 ἁγιώτατος
3202 773 3556 842 πατριάρχης
3597 771 3765 840 Νικη-

2182 859 2347 931 φόρος
2378 858 2470 911 τοῦ
2508 859 2699 928 θρόνου
2735 859 3020 912 ἐλαύνεται
3047 901 3060 922 ,
3092 862 3186 913 καὶ
3219 862 3439 930 ἐξορίαν
3469 861 3768 914 καταδικά-

2182 951 2356 1014 ζεται,
2385 951 2478 1002 καὶ
2511 952 2710 1011 πάντες
2739 951 2790 1002 oi
2816 949 2910 1002 τοῦ
2932 950 3097 1019 ὀρθοῦ
3123 951 3398 1020 δόγματος
3429 953 3768 1021 μετανάσται

2182 1044 2274 1095 καὶ
2316 1041 2550 1109 φυγάδες
2592 1044 2687 1094 καὶ
2736 1043 2934 1113 ἀλῆται
2964 1045 3321 1114 γεγένηνται,
3368 1045 3428 1095 ὲν
3477 1043 3633 1112 ὄρεσι
3677 1045 3768 1096 καὶ

2184 1134 2469 1202 σπηλαίοις
2511 1134 2610 1185 καὶ
2660 1136 2780 1196 ταῖς
2829 1134 2991 1197 ὀπαῖς
3039 1136 3137 1205 τῆς
3180 1133 3282 1205 γῆς
3330 1133 3766 1202 συγκλειόμενοι.

2183 1224 2317 1276 Τότε
2348 1224 2456 1293 γὰρ
2477 1224 2666 1277 λοιπὸν
2692 1225 2786 1277 τοῦ
2814 1225 3241 1295 φροντιστηρίου
3271 1224 3474 1294 ἐξάρας
3498 1225 3598 1294 τὴν
3639 1223 3771 1276 Ῥώ-

2187 1333 2296 1384 μην
2333 1315 2748 1384 καταλαμϐάνει
2771 1357 2784 1380 ,
2817 1317 2892 1380 ὡς
2923 1316 3028 1382 ἔξω
3055 1317 3436 1386 τυγχάνουσαν
3462 1317 3562 1385 τῆς
3597 1315 3770 1368 κακοῦ

2181 1405 2430 1468 ἐξουσίας
2457 1405 2731 1473 μέντοιγε,
2751 1407 2975 1457 κάκεῖσε
3000 1403 3433 1474 φιλοπονώτερον
3451 1407 3616 1456 ἀσκεῖ
3637 1407 3774 1472 πρᾶ-

2182 1491 2262 1556 ξιν
2293 1493 2384 1543 καὶ
2424 1492 2680 1562 θεωρίαν,
2717 1493 2792 1555 ὼς
2819 1491 3210 1563 ἀμφοτέρωθέν
3249 1509 3307 1543 τε
3334 1492 3769 1562 κραταιωθῆναι,

2183 1583 2467 1636 καὶοὶονεὶ
2491 1583 2587 1654 τὴν
2615 1583 2674 1646 ἐξ
2702 1583 2872 1652 ὕψους
2908 1582 3142 1653 δύναμιν
3172 1583 3604 1652 προσλαϐέσθαι.
3644 1583 3773 1633 Βλέ-

2183 1689 2304 1725 πων
2333 1675 2390 1726 δὲ
2415 1675 2514 1742 τὴν
2543 1673 2638 1726 τοῦ
2681 1673 2854 1726 κακοῦ
2887 1673 3207 1726 δυναστείαν
3255 1673 3620 1744 σφοδρότερον
3651 1673 3775 1724 ἐπι-

2187 1765 2542 1835 μαινομένην,
2571 1765 2668 1827 τάς
2695 1782 2752 1817 τε
2779 1765 2888 1816 τῶν
2931 1765 3096 1835 ἱερῶν
3118 1765 3419 1835 κειμηλίων
3445 1764 3776 1835 ἀποτεφρὼ-

507 1855 651 1908 vires
689 1855 979 1924 exciperet.
1010 1857 1146 1911 Cum
1183 1874 1309 1912 vero
1346 1858 1470 1911 mali
1500 1873 1698 1911 noxam
1735 1858 1786 1911 in
1815 1859 1927 1911 dies
1967 1867 2079 1911 trn-

2196 1878 2320 1923 τεις,
2341 1860 2544 1921 καὶτὰς
2573 1859 2680 1912 τῶν
2707 1857 2915 1912 πιστῶν
2938 1858 3260 1926 φυγαδείας.
3289 1857 3391 1920 τὰς
3417 1857 3772 1926 δεσμεύσεις,

506 1944 774 1998 culentins
833 1961 1097 2012 crescere,
1157 1947 1466 2018 furerequc,
1521 1963 1729 2003 necnon
1798 1963 2078 2002 sacrorum

506 2039 848 2092 cimeliorum
879 2040 1216 2103 exnstioncs,
1250 2040 1482 2093 fidelium
1529 2038 1704 2105 fugas,
1730 2039 2083 2107 proscriptio-

509 2143 622 2191 nes,
653 2129 863 2192 exsilia,
915 2137 1167 2181 notarunt
1223 2129 1544 2196 ianstioncs,
1605 2128 1922 2194 impatibilia
1960 2143 2083 2181 ver-

508 2217 659 2280 bera,
692 2234 956 2282 carceres,
1011 2219 1230 2280 famem,
1261 2219 1581 2282 calumnias,
1612 2227 1664 2272 et
1694 2217 1949 2286 pleraque
1982 2218 2084 2270 alia

508 2309 594 2362 his
620 2311 814 2363 similia
847 2310 1016 2363 oculis
1045 2311 1157 2377 ipse
1196 2311 1310 2363 suis
1340 2310 1643 2363 intueretur
1666 2350 1680 2372 ,
1715 2309 2087 2378 illacrymaba-

2187 1951 2286 2014 τὰς
2321 1949 2573 2020 ὲξορίας,
2619 1952 2745 2012 τοὺς
2786 1950 3292 2019 καυστηριασμοὺς,
3335 1947 3435 2011 τὰς
3464 1949 3775 2018 ἀφορήτους

2187 2043 2476 2111 μάστιγας,
2510 2042 2608 2104 τὰς
2638 2041 2882 2110 εἱρκτὰς,
2909 2042 3000 2094 τὸν
3028 2041 3205 2110 λιμὸν,
3231 2040 3329 2104 τὰς
3359 2038 3640 2102 διαϐολὰς,
3667 2040 3768 2091 καὶ

2184 2134 2286 2185 ὅσα
2312 2133 2525 2196 τούτοις
2550 2134 2666 2185 ἐστὶ
2728 2132 3112 2204 παραπλήσια,
3147 2131 3434 2201 ἐδάκρυεν,
3463 2130 3646 2183 ἐδέετο
3676 2130 3779 2183 τοῦ

2185 2220 2321 2273 Θεοῦ
2363 2222 2688 2290 ἐπιτιμῆσαι
2725 2225 2792 2292 τῇ
2842 2221 3154 2289 καταιγίδι,
3189 2220 3284 2274 καὶ
3317 2219 3521 2289 στῆσαι
3564 2218 3777 2287 ταύτην

2187 2313 2268 2374 εἰς
2301 2310 2368 2363 αὖ
2376 2329 2500 2382 ραν.

510 2410 630 2462 tur,
682 2401 1005 2468 miserisque
1064 2399 1397 2453 afficiebatur
1468 2399 1686 2466 modis,
1745 2410 1802 2456 et
1857 2399 2082 2470 supplex
2124 2400 2290 2456 Deum
2327 2403 2610 2472 exorabat,
2643 2412 2701 2457 ut
2764 2412 3138 2472 tempestatem
3204 2409 3604 2472 compesceret,
3631 2414 3780 2454 eam-

508 2507 616 2560 que
649 2493 700 2545 in
735 2507 954 2545 suavem
985 2507 1172 2544 auram
1208 2502 1561 2559 permutaret.

581 2581 632 2636 5.
674 2577 789 2636 Non
823 2583 912 2635 diu
941 2593 1060 2652 post
1088 2582 1286 2637 factum
1313 2593 1416 2650 est,
1440 2593 1496 2638 ut
1515 2583 1712 2638 efferus
1743 2583 1834 2638 ille
1860 2583 1926 2655 (Ι)
1958 2583 2087 2648 Leo,

504 2675 609 2729 sub
641 2673 798 2726 altari
834 2674 919 2727 cui
952 2673 1183 2744 injurius
1223 2674 1420 2740 fuerat,
1477 2675 1860 2741 trucidaretur,
1893 2684 1947 2729 et
1983 2675 2087 2728 im-

507 2765 643 2833 perii
678 2778 898 2832 compos
927 2769 1002 2832 (υ)
1037 2763 1266 2818 Michael
1303 2765 1476 2818 fieret.
1503 2764 1640 2818 Tum
1675 2765 1910 2835 denique
1943 2779 2087 2834 aegre

511 2858 688 2911 ferens
718 2856 994 2910 silentium
1021 2856 1238 2909 veritati
1277 2856 1563 2921 indictum,
1597 2858 1929 2925 impietatem
1959 2871 2089 2910 vero

507 2949 668 3004 elatis
699 2949 1030 3002 clamoribus
1065 2948 1200 3001 adeo
1231 2946 1571 3016 obstrepere,
1603 2957 1660 3001 ut
1687 2949 1798 3018 jam
1838 2965 1938 3002 vox
1969 2948 2086 3018 ejus

507 3041 648 3108 apud
699 3038 906 3092 cmlites
950 3037 1307 3102 inaudiretur,
1343 3053 1582 3093 necesse
1608 3040 1699 3108 qui
1746 3054 1807 3094 os
1854 3040 1930 3093 illi
1995 3040 2092 3092 ob-

509 3141 746 3186 strueret
779 3128 1043 3183 autell'ata
1077 3128 1345 3182 refelleret
1367 3168 1383 3193 ,
1420 3131 1579 3185 tomis
1599 3133 1662 3184 de
1695 3131 1943 3198 dogmate
1974 3131 2088 3184 dis-

508 3221 965 3285 serentibus,sive
994 3221 1171 3288 potius
1202 3220 1321 3273 fidei
1350 3223 1661 3275 orthodoxa
1681 3221 2087 3276 definitionibus

512 3329 540 3366 a
568 3313 814 3365 Romano
851 3310 926 3381 (Ιι)
965 3312 1220 3380 pontifice
1248 3312 1578 3379 procuratis,
1607 3313 1672 3364 ad
1719 3311 1917 3366 Leonis
1966 3328 2090 3367 suc-

510 3418 782 3456 (‘essoreut
853 3401 1226 3468 progreditur,
1287 3413 1517 3467 sperans
1572 3416 1696 3454 eum
1763 3403 1828 3454 ad
1888 3411 2088 3456 rectam

516 3491 673 3542 fidem
731 3490 1055 3554 perducere,
1117 3487 1670 3555 proprioquethrono
1723 3488 1787 3559 (ί)
1844 3501 2090 3544 sanctum

516 3579 877 3644 Nicephorum
943 3578 1249 3630 restituere.
1304 3578 1374 3629 At
1437 3579 1525 3632 ille
1572 3581 1737 3631 tomis
1809 3563 2087 3649 acceptis,

514 3673 668 3742 quasi
721 3653 1044 3724 aranearum
1095 3671 1228 3725 telas
1279 3673 1482 3740 elusit;
1533 3675 1872 3728 Methodinm
1937 3690 2091 3734 vero,

513 3766 683 3829 clare,
717 3765 904 3826 libere,
938 3778 1000 3816 ac
1037 3764 1302 3832 intrepide
1325 3774 1524 3818 rectam
1551 3765 1709 3819 fidem
1745 3779 2082 3834 propugnan-

518 3864 644 3912 tem.
669 3851 830 3906 veluti
863 3851 1170 3915 seditionis,
1202 3864 1259 3907 ut
1286 3853 1372 3908 ille
1403 3855 1603 3915 aiebat,
1635 3844 1689 3908 et
1711 3855 2088 3907 scandalornm

516 3953 818 4005 auctorem,
854 3959 1200 4012 suspensum,
1244 3946 1598 4016 septingentis
1638 3945 1810 4000 ferme
1850 3946 2091 4000 verberi-

515 4037 617 4091 bus
679 4036 910 4102 cecidit;
961 4035 1148 4105 sicque
1201 4038 1674 4097 semiexanimem,
1720 4047 1772 4092 et
1815 4039 1928 4106 jam
1977 4039 2090 4106 jam

516 4127 956 4194 exspiraturum,
1010 4128 1245 4195 primum
1280 4128 1494 4196 quidem
1535 4130 1586 4181 in
1619 4144 1924 4192 carcerem,
1965 4128 2088 4181 dein

517 4218 659 4286 apud
710 4217 940 4272 Andreae
999 4217 1231 4286 apostoli
1297 4218 1527 4270 insulam
1589 4220 1859 4272 conclusit
1908 4219 1958 4271 in
2015 4217 2090 4288 (Ic)

517 4307 858 4373 sepulcrum;
907 4307 959 4360 in
1009 4322 1117 4376 quo
1141 4317 1193 4361 et
1221 4308 1380 4370 alius,
1410 4309 1474 4362 de
1502 4308 1751 4363 affectata
1800 4310 2090 4380 tyrannide

2257 2589 2320 2634 ε’.
2359 2581 2434 2637 Οὐ
2476 2583 2610 2636 πολὺ
2653 2583 2713 2635 τὸ
2745 2585 2802 2635 ἐν
2833 2583 3008 2652 μέσῳ,
3041 2581 3137 2636 καὶ
3177 2582 3483 2652 ἀναιρεῖται
3513 2582 3542 2633 ὁ
3576 2583 3780 2651 ἄγριος

2185 2672 2341 2725 Λέων
2386 2673 2492 2726 ὑπὸ
2531 2673 2626 2726 τοῦ
2668 2647 3054 2741 θυσιαστηρίου
3089 2671 3212 2724 καθ’
3260 2647 3321 2725 οὗ
3362 2647 3782 2741 ὲδιλσφήμηοεν,

2186 2768 2284 2816 καὶ
2311 2764 2733 2834 παραλαμϐάνει
2759 2765 2982 2834 Μιχαὴλ
3010 2764 3073 2816 τὸ
3096 2763 3390 2833 βασίλειον.
3421 2761 3558 2830 Τότε
3586 2761 3654 2831 δὴ
3683 2756 3786 2814 οὖν

2191 2858 2264 2929 μὴ
2295 2859 2476 2927 φέρων
2511 2860 2644 2928 ὁρᾷν
2665 2900 2677 2922 ,
2711 2857 2812 2928 τὴν
2847 2858 2948 2927 μὲν
2978 2857 3240 2928 ἀλήθειαν
3282 2854 3782 2924 καταφιμωθεῖσαν

2192 2950 2287 3002 καὶ
2316 2948 2555 3016 ἀφασίαν
2596 2949 3088 3002 καταδικασθείσαν
3107 2989 3122 3013 ,
3152 2949 3252 3018 τὴν
3292 2946 3350 3000 δὲ
3381 2946 3602 3001 ἀδικίαν
3637 2947 3782 3015 μέγα

2197 3040 2430 3110 βοῶσαν,
2475 3041 2550 3103 ὡς
2586 3043 2665 3102 είς
2695 3040 2920 3109 οὐρανὸν
2965 3041 3063 3109 τὴν
3099 3039 3348 3110 κραυγὴν
3393 3037 3569 3106 αὐτῆς
3607 3037 3778 3090 ἀκου·

2195 3135 2411 3202 σθῆναι,
2450 3133 2545 3185 καὶ¹
2573 3131 2781 3200 μηδένα
2808 3129 3156 3199 εὑρίσκεσθαι
3195 3129 3286 3180 τὸν
3315 3126 3521 3194 ταύτην
3553 3127 3781 3178 επιστο-

2196 3226 2417 3294 μίζοντα
2440 3224 2471 3292 ἢ
2500 3223 2808 3292 ἐλέγχοντα,
2827 3222 3027 3290 τόμους
3056 3220 3442 3290 δογματικοὺς.
3469 3219 3592 3288 ῆτοι
3616 3218 3786 3284 ὅρους

2191 3313 2524 3384 ὀρθοδοξίας,
2561 3315 2712 3384 παρὰ
2749 3313 2841 3365 τοῦ
2876 3312 3032 3364 πάπα
3079 3309 3280 3372 λαϐὼν,
3316 3310 3610 3380 ἀνέρχεται
3643 3307 3782 3378 πρὸς

2191 3405 2281 3456 τὸν
2308 3404 2549 3474 διάδοχον
2575 3405 2803 3465 Λέοντος
2822 3441 2839 3466 ,
2869 3403 3095 3463 ἐλπίσας
3123 3400 3310 3453 τοῦτον
3335 3399 3462 3464 ἆξαι
3503 3399 3645 3469 πρὸς
3678 3396 3784 3468 τὴν

2191 3493 2522 3562 ὀρθοδοξίαν,
2557 3493 2649 3544 κα)⁵
2686 3491 3138 3560 ἀποκαταστῆσαι
3168 3490 3258 3542 τὸν
3293 3491 3350 3540 ὲν
3390 3489 3570 3556 ἁγίοις
3603 3487 3784 3556 Νικη-

2194 3587 2357 3655 φόρον
2391 3585 2468 3654 τῷ
2506 3584 2620 3653 ἰδίῳ
2663 3583 2859 3654 θρόνῳ.
2901 3583 2960 3635 Ὀ
2988 3581 3043 3634 δὲ
3070 3581 3196 3645 τοὺς
3240 3581 3339 3651 μὲν
3376 3581 3578 3649 τόμους
3624 3579 3786 3643 δεξά-

2198 3692 2378 3745 μενος,
2405 3675 2479 3737 ὡς
2509 3675 2656 3726 ἱστὸν
2682 3675 2929 3744 ἀράχνης
2954 3673 3270 3741 ὲφαύλισεν,
3309 3671 3468 3723 αὐτὸν
3497 3671 3555 3723 δὲ
3580 3671 3650 3722 τὰ
3676 3669 3784 3738 τῆς

2193 3767 2476 3836 ὀρθοδόξου
2534 3765 2769 3827 πίστεως
2831 3764 3043 3834 τρανῶς
3103 3764 3202 3815 καὶ
3267 3760 3786 3833 παῤῥησιασμένως

2193 3854 2596 3923 διαγγέλλοντα,
2626 3854 2700 3916 ὡς
2727 3854 2970 3923 ταραχῆς
2999 3869 3166 3922 φησιν
3201 3850 3375 3904 αἴτιον
3410 3850 3505 3902 καὶ
3539 3847 3784 3903 σκανδά-

2193 3947 2320 4010 λων,
2356 3946 2482 4016 περὶ
2512 3945 2608 4008 τὰς
2638 3945 2972 4007 ἑπτακοσίας
3011 3945 3284 4014 ἀνήρτησε
3338 3941 3613 4010 μάστιγας
3634 3980 3648 4002 ,
3683 3940 3786 3992 καὶ

2193 4036 2367 4098 οὕτως
2394 4035 2669 4105 ἡμιθνῆτα
2695 4035 2880 4088 λοιπὸν
2907 4036 3003 4088 καὶ
3023 4035 3092 4087 τὰ
3121 4035 3326 4104 ἔσχατα
3346 4034 3602 4093 πνέοντα,
3625 4031 3787 4102 πρῶ-

2193 4145 2284 4180 τον
2318 4127 2414 4195 μὲν
2464 4129 2696 4196 φρουρᾷ,
2737 4126 2930 4180 ἔπειτα
2961 4126 3019 4179 δὲ
3050 4125 3108 4178 ἐν
3141 4143 3247 4178 τινι
3289 4125 3448 4193 τάφῳ
3479 4125 3560 4186 είς
3588 4122 3650 4174 τὸ
3680 4120 3786 4174 τοῦ

2207 4216 2528 4271 Ἀποστόλου
2565 4217 2828 4287 ’Δνδρέουι
2847 4216 3032 4286 νησίον
3061 4215 3434 4277 κατέκλεισεν,
3457 4214 3515 4266 ὲν
3549 4205 3595 4279 ᾧ
3618 4212 3783 4281 τάφῳ

2196 4311 2290 4362 καὶ
2318 4307 2501 4379 ἕτερος
2541 4308 2634 4359 ἐπὶ
2675 4306 2950 4376 τυραννίδι
2979 4305 3435 4360 κατακέκλειστο·
3482 4303 3558 4366 ὡς
3592 4303 3786 4355 πᾶσαν

519 4409 708 4460 pinnas
753 4394 942 4459 luens,
995 4393 1374 4448 includebatur
1409 4413 1421 4447 :
1462 4405 1519 4448 ut
1567 4410 1788 4465 pressus
1848 4397 2086 4465 undique

2202 4399 2349 4470 αὑτῷ
2372 4399 2606 4470 ἀθυμίαν
2631 4399 2971 4482 πανταχόθεν
2995 4397 3327 4466 ἐγγίνεσθαι,
3357 4395 3465 4448 ἀπὸ
3494 4395 3604 4449 τῶν
3635 4395 3780 4466 πλη-

593 4567 664 4634 (c)
703 4565 934 4621 llaeresis
979 4581 1041 4621 ea
1096 4567 1334 4622 excitata
1389 4569 1487 4623 fuit
1525 4586 1553 4622 a
1597 4568 1779 4624 Leone
1849 4570 2091 4626 Armeno

519 4635 844 4700 imperatore
875 4652 1018 4689 anno
1049 4636 1174 4691 8M.

593 4706 668 4775 (Δ)
701 4703 1319 4777 _Su_nc_tus“Nirepltorus
1356 4708 1406 4760 in
1451 4709 1702 4764 exsilium
1763 4710 1949 4777 pulsus
2005 4720 2091 4765 est

519 4774 664 4828 anno
693 4774 913 4846 8l4_die
949 4774 1014 4828 l3
1039 4774 1236 4836 Martii,
1261 4779 1327 4830 ad
1364 4793 1521 4842 quem
1557 4774 1948 4833 illustra‘vimns
1974 4780 2092 4846 ejus

517 4846 676 4915 Acta,
709 4849 775 4915 ab
808 4843 1013 4915 lgnatio
1047 4847 1274 4899 diacono
1306 4847 1421 4914 ejus
1462 4849 1729 4915 discipulo
1763 4849 1963 4914 scripta
1987 4843 2092 4914 {et

519 4914 863 4983 adjunximns
906 4911 1222 4967 Orationem
1260 4911 1477 4983 de'ejus
1513 4911 1708 4970 exs-ilio
1743 4929 1799 4971 et
1850 4911 2087 4971 ti‘anSla-

521 4986 668 5038 tiune
727 4982 1097 5058 reliquiarum,
1133 4994 1356 5058 auctore
1393 4982 1725 5058 Theophane
1773 4985 2091 5058 presbytero

519 5063 574 5106 et
604 5054 932 5127 prteposito._
953 5054 1260 5127 Sqlmuuem
1289 5054 1404 5121 ejus
1437 5055 1849 5111 translationem
1884 5054 2090 5127 peregit

520 5132 734 5242 sanctus
803 5121 1139 5188 Methodius,
1200 5140 1360 5193 quam
1419 5127 1558 5179 infra
1623 5127 1768 5180 inter
1833 5121 2094 5182 Analecta

522 5207 580 5242 re
609 5207 830 5242 erimus.
980 5238 982 5241 .

522 5207 830 5244 fiflt‘l'lllllls.
980 5238 982 5241 .

593 5261 662 5329 (ε)
705 5261 901 5333 Multos
949 5276 1015 5314 ex
1050 5263 1152 5333 his
1204 5264 1494 5317 retulimus
1542 5265 1606 5316 ad
1669 5275 1831 5333 caput
1878 5266 1912 5319 9
1960 5264 2095 5321 Viue

522 5333 693 5410 sancti
726 5330 1012 5400 Nicephori
1048 5332 1228 5385 littera
1257 5350 1287 5386 a
1309 5351 1323 5400 ;
1347 5345 1401 5387 et
1429 5350 1536 5402 quo
1567 5335 1652 5402 die
1678 5330 1925 5389 colantur
1953 5337 2094 5388 indi-

524 5414 787 5453 εεινιιιιιιε.

599 5468 664 5538 (Γ)
704 5469 803 5522 Leo
852 5469 1109 5524 Armenes
1167 5471 1268 5524 fuit
1323 5472 1537 5527 occisus
1585 5482 1744 5527 nocte
1783 5471 2101 5529 Nativilatis

525 5536 726 5591 Christi
763 5541 861 5591 sub
889 5540 1047 5594 tinctu
1072 5543 1198 5593 anni
1233 5541 1356 5596 8‘20.

600 5608 673 5674 (g)
714 5606 962 5678 Hicltael,
990 5611 1059 5664 οι)
1093 5611 1289 5678 lingua:
1325 5611 1513 5663 vitium
1566 5621 1919 5677 cognomento
1961 5611 2092 5666 Ral-

531 5673 932 5748 bus’,_.’tmorio
985 5673 1234 5748 Phrygiae
1283 5681 1480 5748 oppido
1543 5673 1846 5742 oriundus,
1912 5697 2097 5736 comes

534 5745 903 5800 excubitorum
937 5760 984 5800 et
1027 5745 1286 5815 pair'icius
1316 5745 1551 5803 a'Leonc
1579 5751 1815 5805 Armeno
1850 5764 2090 5818 creatus,

2195 4587 2260 4627 ac
2294 4583 2420 4626 tunc
2448 4589 2478 4628 e
2511 4586 2732 4626 carcere
2765 4571 2996 4625 eductus
3027 4580 3188 4639 atque
3237 4571 3539 4639 imperator
3573 4568 3783 4631 factus,

2197 4646 2360 4696 variis
2401 4643 2576 4696 fuerat
2609 4642 2910 4694 haeresibns
2944 4642 3206 4701 imbutus,
3240 4651 3295 4693 et
3325 4655 3608 4692 sacrarum
3638 4639 3782 4690 ima-

2193 4713 2378 4782 ginum
2430 4727 2557 4765 osor
2602 4713 2768 4782 etiam
2823 4711 2958 4779 ipse,
3018 4725 3235 4765 omnem
3289 4710 3404 4762 fere
3447 4707 3779 4762 catholicum

2193 4780 2398 4835 cultum
2435 4780 2773 4849 proscripsit.

2265 4850 2342 4921 (h)
2378 4844 2490 4906 lloc
2523 4844 2748 4921 contigit
2788 4863 2930 4901 anno
2964 4848 3090 4921 821,
3132 4847 3366 4921 quando
3408 4845 3641 4921 Michael
3672 4844 3780 4898 im-

2195 4916 2419 4990 perator
2487 4919 2837 4990 permiserat_
2868 4916 3168 4990 variosiab’
3215 4917 3407 4970 exsilio
3456 4916 3644 4990 redire
3675 4932 3689 4990 ξ
3722 4925 3781 4968 et

2202 4982 2310 5042 ium
2349 4982 2603 5042 Romana:
2636 4986 2894 5041 Ecclesia:
2927 4989 3251 5054 praesidebat
3281 4996 3506 5054 sanctus
3532 4982 3778 5038 Pascha-

2205 5061 2289 5118 lis.
2317 5056 2472 5126 cujus
2508 5060 2639 5111 Acta
2667 5053 3056 5126 illustravi’mus
3086 5059 3153 5110 ad
3183 5058 3327 5109 diem
3358 5054 3426 5126 M
3451 5053 3604 5106 Maii.

2275 5127 2334 5196 (ὁ)
2369 5125 2497 5194 Qua:
2530 5139 2657 5180 tunc
2686 5136 2895 5178 sanctus
2930 5125 3259 5195 Aicephorus
3293 5125 3367 5196 ad_
3389 5125 3781 5196 imperatorem

2207 5191 2486 5262 scripserit
2516 5197 2818 5265 egeritque,
2854 5191 3121 5248 habentur
3153 5210 3274 5262 cap.
3305 5194 3372 5265 l7;
3399 5191 3560 5265 Vita}.

2274 5260 2346 5337 (Ιὲ)
2391 5269 2452 5320 Et
2480 5260 2722 5337 {oaiines
2749 5265 2969 5318 Scilitza
3003 5260 3232 5328 asserit,
3252 5280 3284 5337 _a
3313 5262 3572 5315 Hic/mele
3606 5260 3778 5337 Balbo

2200 5333 2438 5389 sanctum
2486 5335 2813 5388 Melliodium
2840 5349 2904 5386 ex
2949 5337 3073 5388 urbe
3108 5334 3402 5401 expulsum,
3431 5341 3480 5385 et
3521 5333 3778 5384 traditum

2198 5407 2250 5457 in
2280 5407 2521 5458 custodia
2551 5405 2865 5457 servandum
2894 5405 2948 5455 in
2979 5405 3164 5456 Acrita
3208 5401 3405 5456 insula.
3450 5401 3586 5465 Quae
3614 5404 3776 5454 etiam

2197 5477 2338 5542 apud
2368 5475 2634 5527 Zonaram
2681 5474 2951 5542 leguntur.
3001 5473 3224 5526 Videtur
3261 5488 3323 5542 ea
3356 5473 3533 5542 insula
3561 5483 3687 5524 esse
3723 5470 3778 5522 in

2198 5541 2530 5612 Propontide
2568 5559 2735 5612 prope
2768 5541 3129 5612 Bosphorum,
3163 5551 3218 5596 et
3245 5541 3486 5612 Aeritam
3517 5552 3780 5612 promon-

2196 5607 2419 5676 torium,
2471 5607 2614 5665 sicut
2665 5607 2955 5666 exhibetur
2985 5613 3036 5664 in
3067 5610 3256 5682 Mappa
3301 5609 3394 5682 Ph.
3449 5607 3778 5682 defla_Rue,

2195 5685 2287 5736 sed
2323 5684 2526 5750 absque
2559 5683 2813 5749 nomine;
2849 5682 2902 5735 in
2935 5683 3036 5736 hac
3069 5677 3198 5737 Vita
3223 5681 3528 5751 appellatur
3585 5677 3779 5732 Insula

2194 5754 2361 5806 uincti
2395 5753 2638 5806 Andrew.
