3950 6166
194 276 326 347 1249

1714 288 1918 351 νιΤΑ.

3317 289 3458 357 1250

190 394 319 464 γῶν,
358 392 470 448 ἀπὸ
500 394 594 447 τοῦ
634 392 1008 466 ἀθεράπευτον
1053 389 1228 462 εἶναι,
1261 396 1370 451 ἀπὸ
1412 397 1505 453 τοῦ
1547 399 1769 453 καταδι-

1879 395 2164 466 angustiis,
2182 395 2388 465 ﬂagris,
2416 397 2935 455 medicamentorum
2967 398 3168 471 inopia,
3200 403 3458 457 condem-

192 485 485 550 κασθέντος
510 485 773 557 ἀγροίκου
804 486 1017 557 ἀνδρὸς,
1051 488 1158 541 ἀπὸ
1185 489 1285 559 τὴς
1314 489 1410 544 τοῦ
1440 488 1615 559 τάφου
1653 506 1775 542 στε-

190 577 477 648 νοχωρίας,
507 576 602 630 καὶ
629 576 692 629 τὸ
725 575 1055 647 δεινότερον,
1084 576 1192 631 ἀπὸ
1220 577 1312 630 τοῦ
1340 578 1618 647 ἀφεγγοῦς
1641 578 1771 630 σκό-

187 687 329 733 τους,
359 671 476 723 Οὐκ
511 668 592 721 ἐτι
616 664 708 722 οὖν
730 668 863 740 lum;
886 667 1069 739 δεήσει
1095 669 1281 723 λοιπὸν
1308 671 1375 724 τὰ
1405 671 1616 732 τούτοις
1642 669 1773 724 ἐπό-

189 780 328 834 μενα
384 760 691 833 σκυθρωπά
752 761 1012 825 ἐξειπεῖν,
1065 763 1129 816 τὸ
1176 759 1318 827 εἶδος
1376 764 1476 834 τῆς
1532 763 1770 835 βασάνου

189 853 448 924 μαθοῦσι,
479 854 699 906 πάντων
726 851 942 905 εἰδότων
963 852 1063 923 τὴν
1090 853 1439 925 ἀνθρωπίνην
1465 853 1770 917 ἀσθένειαν,

186 944 281 998 καὶ
306 944 368 997 τὸ
388 944 572 998 ἄθλιον
596 945 693 1015 τῆς
718 945 892 1015 πηλοῦ
919 944 1123 1016 ταύτης
1151 946 1244 997 καὶ
1268 945 1518 998 ἐπίνοσον
1557 944 1769 1007 σκεῦος,

185 1033 401 1086 ὁπόσων
435 1033 640 1087 ὀδυνῶν
683 1035 784 1103 τὴν
839 1034 1018 1106 ψυχὴν
1054 1036 1111 1087 ἐν
1145 1036 1258 1098 τοῖς
1297 1034 1562 1098 τοιούτοις
1610 1036 1776 1106 ἐμπί-

187 1124 406 1194 πλησιν·
431 1125 510 1195 τῷ
534 1125 648 1179 δντι
673 1124 783 1196 γὰρ
809 1126 969 1195 ἐτέθη
996 1126 1092 1179 καὶ
1118 1126 1280 1189 αὐτὸς
1302 1124 1410 1190 ζῶν
1433 1126 1774 1197 ἀπρονόητος

185 1217 245 1269 ἐν
274 1214 466 1285 λάκκῳ
492 1217 814 1286 κατωτάτω,
843 1218 900 1270 ἐν
930 1218 1228 1281 σκοτεινοῖς
1256 1218 1352 1271 καὶ
1377 1221 1434 1272 ἐν
1458 1218 1587 1289 σκιᾷ
1608 1217 1773 1272 θανά-

185 1322 299 1359 του.
345 1305 497 1374 Αὖτη
528 1306 622 1358 τοῦ
666 1306 939 1376 μακαρίου
977 1304 1240 1358 Μεθοδίου
1272 1305 1306 1375 ἡ
1347 1304 1487 1375 ὑπὲρ
1530 1302 1771 1375 Χριστοῦ

187 1394 383 1466 πρώτη
413 1396 663 1466 ἄθλησις·
694 1397 762 1449 τά
786 1396 894 1467 γὰρ
919 1395 1045 1465 ἑξῆς
1098 1393 1257 1460 αὖθις
1281 1388 1584 1469 είρήσεέαιυ
1612 1394 1774 1448 τοῦτο

187 1486 247 1538 τὸ
280 1485 512 1556 σφοδρὸν
547 1487 640 1540 καὶ
667 1487 1059 1557 ἐπιτεταμένον
1086 1485 1387 1558 μαρτύριον
1412 1485 1504 1540 τοῦ
1536 1484 1771 1556 μεγάλου

187 1578 355 1642 ὅντως,
388 1577 631 1650 Χριστοῦ
665 1580 967 1650 μάρτυρος.

257 1859 337 1919 ς’.
390 1851 676 1924 Διαφόρως
738 1851 921 1906 τοίνυν
964 1852 1267 1923 ἐρωτηθεὶς
1318 1854 1368 1905 εἰ
1403 1852 1646 1924 βούλοιτο
1688 1852 1775 1907 ἐν·

187 1944 411 2014 υόρίσαι
437 1947 516 2007 εἰς
544 1944 641 2011 τὴν
670 1943 763 1996 τοῦ
796 1943 1037 2014 Χριστοῦ
1064 1944 1269 2009 εἰκόνα,
1306 1944 1519 2014 καὶτῆς
1550 1943 1774 2015 εἱρκτῆς

186 2035 481 2106 ἀφεθῆναι,
517 2034 778 2105 μυριάκις
812 2035 963 2100 ἔλεγε
1028 2035 1305 2098 τοιούτους
1343 2035 1444 2090 καὶ
1475 2035 1617 2106 ὑπὲρ
1643 2032 1770 2087 τού-

184 2146 309 2192 τους
354 2129 600 2182 ὑποίσειν
642 2128 930 2193 θανάτους,
960 2128 993 2199 ἢ
1030 2129 1135 2183 κᾶν
1169 2127 1303 2196 γοῦν
1336 2127 1533 2197 ἄτιμον
1565 2126 1773 2181 ἔννοιαν

185 2204 454 2292 κατῖτῆς
496 2212 736 2292 Χριστοῦ
779 2221 874 2275 τοῦ
906 2220 1042 2275 Θεοῦ
1087 2220 1244 2292 ἡμῶν
1284 2220 1492 2284 εἰκόνος
1532 2219 1774 2290 ἐνθυμη-

185 2314 369 2383 θῆναι.
421 2312 609 2365 Ἐννέα
643 2312 826 2365 τοίνυν
855 2314 1033 2367 ἐκεῖσε
1064 2311 1561 2380 συγκεκλεισμένος
1596 2311 1775 2364 ἐνιαυ.

184 2406 313 2466 τοὺς
335 2444 353 2469 ,
387 2405 544 2473 μόλις
567 2405 819 2474 ἀφέσεως
845 2405 1151 2474 γραφείσης
1179 2404 1364 2474 κοινῆς
1391 2406 1505 2466 τοίς
1528 2403 1774 2474 δεσμίοις

185 2494 278 2549 τοῦ
366 2496 688 2566 παρανόμου
752 2495 1016 2564 βασιλέως
1087 2497 1230 2555 κατὰ
1301 2494 1400 2558 τὰς
1456 2494 1773 2559 τελευταίας

185 2587 359 2649 πνοὰς
395 2586 775 2650 κελεύσαντος,
808 2586 902 2641 καὶ
954 2586 1118 2648 αὐτὸς
1147 2584 1419 2654 ἀπελύθη,
1453 2584 1773 2655 Πνεύματος

186 2677 348 2745 ἁγίου
382 2678 850 2748 πεπληρωμένος,
885 2676 982 2730 καὶ
1013 2674 1114 2746 τῆς
1146 2675 1418 2730 ἀθανάτου
1461 2674 1611 2744 ζωῆς
1644 2674 1775 2738 τοὺς

185 2767 550 2842 ἀρραϐῶνας,
606 2769 675 2822 τά
728 2768 1006 2838 στίγματα
1042 2766 1186 2835 λέγω
1227 2765 1337 2820 τῶν
1373 2764 1471 2819 τοῦ
1530 2762 1771 2835 Χριστοῦ

183 2858 559 2930 παθημάτων,
602 2859 791 2930 οἰκείῳ
843 2858 1245 2929 ἐπιφερόμενος
1313 2856 1565 2927 σώματιο
1623 2855 1772 2919 λεῖος

184 2949 309 3012 δλος
340 2949 443 3019 τὴν
470 2949 733 3020 κεφαλὴν,
769 2948 864 3004 καὶ
900 2946 1094 3016 νεκροῦ
1135 2946 1300 3018 μηδὲν
1324 2945 1596 3015 διαφέρων
1621 2985 1636 3010 ,
1672 2943 1771 3013 μό-

183 3053 302 3100 νοις
353 3038 530 3100 όστοίς
593 3039 689 3090 καὶ
755 3037 886 3108 δορᾷ
954 3036 1015 3090 τὸ
1079 3035 1420 3108 ἀνθρώπινον
1471 3033 1772 3097 ἀποσώξων

186 3130 383 3200 σχῆμα
429 3130 526 3181 καὶ
578 3129 680 3198 τὴν
736 3128 1010 3199 προτέραν
1047 3127 1331 3197 ὁμοίωσιν.
1391 3125 1547 3179 Οὕτω
1594 3126 1774 3181 τοίνυν

184 3220 315 3274 καθ’
352 3219 545 3272 ἐαυτὸν
573 3220 852 3281 καταστὰς
882 3220 973 3283 (ού
1006 3218 1115 3289 γὰρ
1141 3214 1207 3289 ῆν
1236 3218 1651 3289 φροντιστήριον
1676 3215 1776 3285 τῆς

185 3311 462 3383 αἱρέσεως
519 3311 815 3381 ἄμοιρον),
874 3310 1072 3381 ὡμίλει
1113 3314 1225 3373 τοῖς
1290 3307 1575 3379 ὁμοζήλοις
1625 3307 1777 3378 αὐτῷ

183 3404 464 3472 ἀσκηταῖς
510 3418 571 3454 τε
616 3402 710 3457 καὶ
750 3400 992 3471 Χριστοῦ
1046 3401 1352 3474 μάρτυσιν,
1407 3400 1516 3453 τῶν
1557 3399 1776 3468 δεσμῶν

186 3494 295 3550 καὶ
315 3494 417 3563 τῆς
444 3493 661 3564 ἐξορίας
693 3493 820 3566 ἀρτι
847 3493 1220 3548 ἀπολυθεῖσινο
1252 3492 1449 3563 ὡμίλει
1467 3494 1524 3546 δέ
1550 3493 1776 3554 καὶτοῖς

185 3584 295 3656 τῆς
337 3584 669 3654 συγκλήτου,
702 3582 852 3639 ἐστιν
880 3584 970 3636 ὅτε
1004 3584 1100 3636 καὶ
1129 3585 1239 3645 τοῖς
1267 3583 1344 3636 ἰὸν
1374 3582 1470 3652 τῆς
1510 3581 1776 3653 αἱρέσεως

187 3675 484 3728 πεπωκότι
530 3662 600 3728 τά
634 3675 882 3746 σωτήρια
911 3674 1161 3745 δόγματα
1196 3673 1503 3744 παρετίθει,
1538 3672 1631 3727 καὶ
1680 3671 1775 3727 τοῦ

189 3765 342 3818 κατά
367 3765 547 3836 ψυχὴν
572 3764 819 3818 κινδύνου
848 3765 1196 3836 ἀπήλλαττεν
1217 3781 1230 3795 ο
1255 3763 1422 3827 πολὺς
1454 3762 1564 3833 γὰρ
1590 3759 1657 3834 ἦν
1682 3761 1778 3815 καὶ

186 3857 329 3930 ἡδὺς
354 3859 449 3910 καὶ
485 3857 656 3928 βαθὺς
681 3856 779 3926 τὴν
800 3856 1061 3922 διάνοιαν,
1099 3856 1168 3910 τὰ
1201 3855 1311 3909 τῶν
1349 3854 1510 3908 θείων
1542 3853 1776 3924 Γμφῶν

188 3947 416 4018 εὐφυῶς
465 3947 823 4017 συμϐιῦάζων
869 3948 965 4001 καί
1004 3945 1482 4018 προϐαλλόμενος,
1527 3944 1602 4007 ὡς
1645 3943 1776 3997 ι’διον

190 4038 411 4110 μᾶλλον
431 4040 525 4092 τὸν
557 4039 751 4092 ἑαυτοῦ
781 4038 938 4109 λόγον
967 4041 1089 4100 ταῖς
1115 4039 1308 4103 ἀκοαῖς
1330 4038 1602 4109 ἐπιρρεῖν,
1632 4033 1776 4106 ὕδωρ

183 4134 404 4206 ψυχρὸν
433 4135 529 4188 καὶ
558 4134 656 4207 ἡδὺ
686 4135 1000 4207 secretim;
1031 4133 1289 4207 λάρυγγι.
1750 4120 1766 4139 ’“

264 4413 333 4477 ζ’.
384 4411 490 4466 Τοῦ
533 4413 711 4465 τοίνυν
748 4412 1032 4482 ἐθνοφίλου
1086 4412 1290 4484 μᾶλλον
1322 4414 1356 4486 ἢ
1385 4413 1648 4483 Θεοφίλου
1676 4414 1772 4485 τὴν

179 4505 286 4560 τοῦ
310 4505 520 4576 πατρὸς
560 4505 841 4575 βασιλείαν
880 4496 1266 4573 διαδεξαμένου
1292 4546 1307 4569 ,
1344 4506 1465 4559 τότε
1502 4507 1603 4577 τῆς
1645 4524 1770 4577 μια-

179 4599 295 4670 ρᾶς
342 4596 562 4667 ἐκείνης
594 4596 862 4667 αἱρέσεως
908 4595 1127 4666 ἐκπομα
1172 4597 1492 4660 πεπωκότος
1532 4598 1613 4659 εἰς
1669 4598 1768 4666 μέ-

179 4688 327 4756 θην,
395 4686 558 4740 πάλιν
606 4689 657 4739 οἰ
708 4686 980 4758 ὀρθόδοξοι
1046 4686 1374 4752 ἐδιώκοντο,
1428 4686 1769 4756 ἐξορίζοντο,

173 4777 521 4847 ἀξιωμάτων
564 4777 795 4830 ἔπιπτον
814 4816 829 4840 ,
866 4776 1165 4848 κτημάτων
1195 4778 1290 4830 καὶ
1317 4778 1639 4846 οίκημάτων
1670 4777 1773 4830 ἀπ-

174 4868 513 4939 εστεροῦντο
532 4884 544 4899 ·
579 4868 681 4922 οὐκ
710 4864 779 4941 ἦν
802 4865 949 4947 ,εἶδος
971 4868 1344 4933 κακοπαθείας
1361 4910 1376 4934 ,
1404 4868 1432 4922 ὃ
1462 4868 1538 4939 μὴ
1561 4868 1771 4938 ύπέμε-

171 4977 299 5015 νον.
345 4960 481 5012 Τότε
518 4959 701 5013 τοίνυν
741 4959 1091 5014 διαϐάλλεται
1131 4959 1307 5031 τούτῳ
1335 4959 1414 5030 τῷ
1451 4960 1577 5029 δφει
1615 4963 1643 5013 ὁ
1678 4960 1772 5017 τοῦ

169 5052 432 5124 Χριστοῦ
456 5052 714 5119 ἀριστεὺς
741 5052 837 5105 καὶ
859 5052 1073 5123 μάρτυς
1106 5051 1396 5116 Μεθόδιος,
1427 5051 1526 5122 τὴν
1560 5052 1775 5123 αἰρεσιν

170 5146 443 5217 φανερῶς
486 5146 839 5216 ἀπελέγχων,
894 5147 990 5200 καὶ
1033 5144 1278 5215 μεγάλας
1319 5142 1643 5212 ὑπενεγκὼν
1677 5142 1773 5210 βα-

171 5240 389 5299 σάνους
438 5237 538 5309 τῆς
587 5236 873 5308 όρθοδόξου
935 5238 1174 5302 πίστεως
1227 5239 1411 5309 χάριν.
1480 5235 1774 5307 Μετακλη-

166 5329 376 5394 θέντος
418 5331 603 5385 τοίνυν
634 5330 817 5405 αὐτῷ,
861 5329 967 5404 ἔφη
1001 5333 1030 5385 ό
1068 5331 1354 5402 βασιλεύς·
1390 5331 1465 5385 Οὐ
1505 5329 1776 5396 παύσεις,

251 5487 317 5560 (1)
357 5486 772 5560 Quiailtlirhael
819 5497 1030 5560 tantum
1093 5503 1263 5560 annos
1297 5488 1328 5542 8
1372 5499 1427 5542 et
1476 5501 1691 5541 menses
1722 5485 1756 5542 9

164 5557 457 5629 “gnatm,
478 5559 694 5629 aliquod
720 5558 807 5614 hic
840 5557 1061 5628 σφάλμα
1089 5559 1141 5611 in
1170 5574 1398 5629 numero
1429 5572 1608 5629 novent
1639 5567 1758 5629 est;

166 5626 324 5685 forte
376 5627 496 5682 loco
537 5626 811 5693 C'sepletu
836 5667 851 5692 ,
888 5626 1130 5694 irrepsit.
1161 5627 1204 5680 θ’
1238 5644 1439 5690 novem,
1471 5626 1682 5681 scilicet
1703 5627 1770 5680 al)

166 5713 329 5754 anno
365 5696 467 5753 821
507 5713 683 5768 usque
713 5700 779 5753 ad
810 5713 1010 5754 annutn
1046 5697 1151 5753 828
1186 5717 1199 5752 :
1231 5695 1469 5752 Zonaras
1501 5699 1769 5752 enim-so.

1880 488 1993 541 nati
2040 486 2185 543 illius
2215 495 2377 557 atque
2422 490 2655 559 agrestis
2686 490 2922 547 hominls
2970 494 3255 560 societate,
3304 500 3458 549 arcta

1873 580 2177 650 sepultura,
2211 589 2266 636 et
2294 581 2435 649 quod
2462 581 2704 636 omnium
2745 583 3042 652 pessimum
3069 594 3172 648 est,
3203 586 3456 641 obscuris

1879 670 2121 727 tenebris
2151 672 2318 726 animi
2366 673 2532 728 miser
2575 674 3021 730 discruciaretnr.‘
3056 674 3169 730 Non
3206 678 3311 731 erit
3350 678 3456 732 ita-

1876 776 1981 830 que
2011 762 2238 832 posthac
2270 777 2427 832 opus,
2458 777 2580 833 qua:
2622 763 2951 835 multiplices
2990 764 3117 821 inde
3151 768 3458 823 subsecutae

1870 865 2023 919 sunt,
2066 868 2339 909 aerumnas
2373 869 2437 909 ac
2482 855 2886 911 moestitudines
2938 856 3091 913 vobis
3140 873 3453 922 recensere,

1873 948 1965 1015 qui
2016 946 2273 1001 tormenti
2317 960 2491 1016 genus
2552 946 2713 1015 quale
2758 946 2830 1001 sit
2879 946 3112 1002 calletis.
3171 946 3454 1003 Neminem

1850 1033 2018 1088 enim
2069 1034 2345 1104 prieterit,
2388 1042 2623 1103 quantas
2669 1035 3021 1103 aegritudines
3069 1035 3258 1102 animi,
3325 1030 3463 1091 dum'

1875 1125 2077 1180 talibus
2117 1124 2274 1181 malis
2312 1123 2713 1190 conﬂictantur,
2743 1134 2798 1179 et
2828 1125 3076 1179 humanae
3116 1135 3324 1183 natura:
3367 1116 3493 1183 in-i

1876 1216 2132 1280 ﬁrmitas,
2178 1224 2235 1270 et
2281 1215 2487 1271 luteum
2538 1215 2707 1271 hocce
2757 1215 2946 1271 infelix
3003 1218 3321 1289 morbisque
3361 1219 3460 1275 ob-

1876 1307 2100 1362 lthittm
2125 1321 2219 1362 vas
2253 1306 2458 1361 homini
2495 1306 2924 1374 ingerattt.Vcre
2951 1307 3098 1362 enim
3134 1309 3249 1378 ipse
3276 1308 3329 1363 in
3359 1309 3459 1363 ob-

1874 1399 2053 1454 scuris
2099 1407 2155 1452 et
2186 1398 2238 1451 in
2278 1398 2469 1452 umbra
2504 1397 2694 1452 mortis
2718 1437 2735 1466 ,
2762 1397 2979 1453 nemine
3007 1398 3076 1453 de
3109 1399 3283 1454 salute
3315 1399 3459 1455 illius

1873 1490 2190 1557 laborante,
2244 1489 2519 1559 repositus
2563 1499 2703 1543 erat.
2755 1489 2871 1544 Hoc
2906 1499 2990 1543 est
3034 1490 3265 1560 primum
3311 1490 3456 1546 beati
3552 1518 3563 1525 -

1874 1580 2133 1635 Methodii
2161 1594 2260 1650 pro
2294 1577 2513 1634 Christo
2536 1587 2814 1633 certamen
2844 1594 2859 1644 ;
2884 1593 3007 1647 qua:
3036 1580 3181 1633 enim
3214 1593 3260 1647 ι).
3285 1587 3460 1635 sttno-

1873 1671 2003 1725 dum
2044 1670 2334 1726 subsecuta
2372 1679 2533 1733 sunt,
2581 1685 2706 1723 mox
2755 1670 2973 1734 dicam;
3019 1668 3124 1724 hoc
3164 1669 3461 1725 vehemens

1801 1771 1844 1828 Β
1874 1763 2257 1831 intensutnqne
2285 1761 2465 1831 magni
2499 1774 2598 1830 pro
2614 1760 2819 1815 Christi
2839 1759 3059 1816 athleta:
3094 1777 3178 1814 ma
3198 1762 3457 1831 rtyrluin.

1946 1854 2001 1908 6.
2044 1855 2176 1909 Cum
2246 1852 2434 1922 itaque
2510 1853 2901 1908 sollicitaretur
2982 1852 3336 1907 multifariam
3402 1863 3461 1909 ut

1874 1944 2077 2000 Christi
2119 1944 2342 2014 imagini
2395 1941 2656 2012 iniuriam
2690 1944 2918 2011 faceret,
2951 1946 3144 2015 sicque
3173 1956 3467 2013 exemptus

1875 2051 2064 2102 cavea,
2116 2036 2328 2089 solutus
2352 2035 2591 2102 viveret,
2625 2043 2937 2100 sexcentas,
2992 2034 3197 2101 aiebat,
3229 2036 3459 2101 similes,

1876 2140 1931 2185 et
1958 2130 2130 2186 multo
2166 2127 2400 2198 amplius
2424 2141 2483 2182 se
2513 2135 2720 2182 mortes
2759 2126 3031 2181 sustinere
3069 2126 3250 2191 tnalle,
3296 2140 3461 2193 quam

1877 2226 2065 2270 contra
2103 2214 2306 2269 Christi
2337 2214 2433 2269 Dei
2464 2215 2636 2269 nostri
2674 2214 2965 2285 imaginem
2996 2215 3081 2269 vel
3110 2214 3458 2268 levissimum

1876 2307 2005 2377 quid
2059 2307 2242 2360 animo
2302 2306 2613 2374 concipere.
2650 2303 2856 2360 Novem
2900 2304 2963 2377 (ι)
3000 2305 3165 2375 igitur
3200 2320 3372 2360 annos
3405 2305 3460 2360 in

1875 2411 2099 2451 carcere
2124 2397 2397 2462 conditus,
2434 2410 2558 2450 cum
2600 2410 2792 2451 omnes
2821 2396 2915 2465 qui
2977 2395 3144 2450 vincti
3193 2395 3458 2451 teneban-

1878 2501 1966 2545 tur
2024 2488 2378 2544 ditnittendos
2435 2488 2699 2542 edixisset
2758 2489 3091 2556 imperator,
3153 2495 3457 2542 extremum

1877 2582 2001 2636 vitae
2043 2581 2293 2651 spiritum
2334 2594 2525 2651 agens,
2557 2589 2611 2632 ct
2642 2580 2756 2649 ipse
2804 2581 3038 2635 emissus
3069 2588 3187 2644 est;
3227 2578 3461 2647 Spiritus

1874 2673 2049 2745 sancti
2104 2673 2331 2742 plenus,
2393 2681 2449 2728 et
2521 2672 2650 2727 vita:
2698 2671 3022 2747 i-mniortalis
3072 2671 3457 2734 arrhabonem,

1874 2768 2150 2832 Stigmata,
2170 2764 2388 2833 inquam
2401 2804 2414 2826 ,
2431 2763 2741 2830 passionum
2757 2762 2983 2826 Christi,
2999 2763 3216 2831 preprio
3232 2774 3461 2826 corpore

1876 2854 2204 2926 praeferens,
2244 2852 2423 2922 capite
2467 2863 2584 2907 toto
2619 2852 2806 2922 glaber
2838 2868 2901 2907 ac
2922 2853 3115 2924 depilis
3145 2861 3199 2908 et
3231 2853 3460 2909 mortuis

1874 2963 2037 3018 quam
2077 2944 2408 3010 simillimus,
2441 2944 2680 3013 solisque
2719 2945 2936 2998 ossibus
2968 2955 3023 2999 et
3051 2955 3177 2999 cute
3225 2945 3460 3001 hominis

1877 3041 2110 3110 speciem
2164 3038 2457 3108 prioraque
2504 3053 2735 3093 servans
2785 3037 3133 3092 lineamenta.
3170 3038 3323 3093 Tunc
3355 3038 3459 3099 soli

1879 3133 1984 3188 sibi
2038 3132 2230 3188 vivens
2308 3129 2507 3200 (neque
2561 3131 2707 3184 enim
2761 3139 2881 3184 erat
2936 3130 3324 3184 monasterium
3391 3129 3461 3185 ab

1878 3225 2150 3279 haereseos
2183 3231 2335 3292 peste
2363 3222 2626 3290 ἱιιιιιιυιιε)
2671 3222 2894 3287 ascetis,
2929 3221 3019 3289 qui
3060 3219 3249 3274 eodem
3281 3234 3343 3273 ac
3374 3219 3463 3275 ille

1881 3316 1998 3373 zelo
2041 3314 2401 3380 ducebantur,
2433 3323 2488 3368 et
2527 3312 2731 3369 Christi
2775 3313 3128 3385 martyribus,
3183 3322 3294 3367 tum
3346 3313 3460 3382 pri-

1879 3424 2024 3462 mum
2057 3422 2088 3461 a
2124 3406 2358 3461 vinculis
2409 3416 2463 3460 et
2487 3404 2684 3461 exsilio
2720 3405 2982 3472 dimissis,
3036 3407 3462 3461 consuescebat.

1877 3501 2280 3554 Consuescebat
2307 3498 2472 3553 etiam
2501 3513 2624 3552 cum
2657 3497 2724 3551 iis
2758 3498 2850 3566 qui
2882 3497 2937 3550 in
2969 3495 3234 3565 dignitate
3281 3504 3463 3558 erant,

1877 3603 1929 3645 et
1966 3606 2031 3645 ex
2065 3597 2280 3652 senatu,
2314 3589 2381 3643 de
2407 3588 2510 3643 [ide
2542 3597 2721 3642 tamen
2771 3597 2921 3642 recte
2977 3587 3306 3641 sentiebant.
3338 3583 3466 3640 Fuit

1875 3683 2039 3736 etiam
2073 3696 2196 3734 cum
2229 3680 2295 3734 iis
2321 3679 2416 3749 qui
2472 3693 2741 3733 Venenum
2787 3678 3058 3732 haereseos
3105 3678 3465 3742 imbiberant,

1877 3783 1935 3828 ut
1956 3771 2215 3827 salutaria
2241 3771 2490 3840 dogmata
2519 3776 2866 3839 proponeret,
2884 3778 2938 3823 et
2969 3783 3066 3823 eos
3086 3783 3116 3822 a
3141 3768 3463 3823 discrimine

1877 3866 2116 3920 animum
2144 3863 2482 3934 opprimente
2512 3861 2771 3916 liberaret
2797 3878 2810 3915 :
2847 3859 3031 3916 multis
3057 3861 3203 3914 enim
3238 3875 3464 3929 persua-

1877 3957 2131 4011 sibilibus
2181 3955 2357 4023 iisque
2394 3952 2732 4009 acutissimis
2783 3951 3021 4023 pollebat
3068 3952 3377 4017 sententiis,
3408 3960 3463 4005 et

1876 4047 2095 4119 ingenio
2153 4045 2435 4117 praestanti
2487 4044 2793 4098 divinarum
2835 4042 3242 4111 Scriptttrarutn
3298 4037 3459 4093 verba

1876 4152 1998 4210 apte
2029 4152 2364 4209 componens
2390 4136 2514 4192 aliis
2548 4135 2869 4200 dictitabat;
2906 4143 2963 4188 ut
2993 4132 3281 4200 jucundior
3311 4131 3457 4197 ejus-

1877 4233 1995 4286 dein
2045 4230 2224 4285 oratio
2282 4228 2507 4283 auribus
2566 4225 2903 4280 audientium
2960 4222 3227 4289 inﬂueret,
3292 4237 3456 4292 quam

1876 4339 2027 4391 aqua
2055 4319 2255 4390 frigida
2293 4333 2355 4373 ac
2387 4318 2571 4374 suavis
2603 4316 2743 4370 fauci
2782 4316 2987 4371 sitienti
3025 4314 3347 4369 infunditur.

1950 4415 2001 4469 7.
2045 4414 2178 4468 Cum
2209 4412 2392 4482 itaque
2422 4409 2755 4481 Theophilus
2797 4408 2915 4479 (nt),
2946 4408 3238 4478 gentilismi
3278 4407 3456 4477 potius

1880 4523 2042 4579 quam
2102 4505 2198 4560 Dei
2253 4520 2466 4571 amans,
2520 4503 2660 4572 patri
2719 4504 2770 4557 in
2822 4503 3050 4572 imperio
3080 4500 3454 4563 successisset,

1871 4608 1927 4652 ct
1985 4596 2207 4652 infantis
2254 4595 2397 4649 illius
2444 4595 2667 4648 haeresis
2707 4592 2956 4661 pecnlum
3022 4593 3088 4643 ad
3134 4589 3453 4643 ebrietatem

1871 4688 2248 4752 exhausisset,
2294 4700 2510 4740 rursum
2559 4692 2722 4739 recta:
2759 4682 2882 4737 ﬁdei
2917 4681 3116 4736 addicti
3170 4682 3370 4752 fugari,
3404 4680 3455 4733 in

1870 4782 2122 4839 exsilium
2155 4779 2306 4855 pelli,
2338 4794 2366 4831 a
2399 4779 2754 4849 dignitatibus
2792 4777 2978 4846 dcjici,
3012 4777 3176 4832 rebus
3202 4767 3478 4835 omuihus’
3579 4808 3581 4811 ι

1873 4874 2416 4944 possessionibusqne
2463 4871 2666 4941 privari
2707 4879 2762 4926 et
2800 4869 2945 4924 nulla
2997 4883 3102 4923 non
3148 4866 3458 4923 calamitate

1876 4966 2037 5021 allici.
2074 4950 2227 5021 Tunc
2250 4963 2413 5018 etiam
2446 4963 2672 5017 immani
2702 4961 2789 5017 isti
2819 4960 3056 5029 serpenti
3090 4957 3293 5013 Christi
3319 4964 3468 5009 stre-

1874 5058 2176 5112 nuissimus
2228 5054 2386 5111 miles
2438 5064 2494 5111 et
2542 5064 2750 5126 martyr
2824 5051 3128 5107 Methodius
3193 5045 3461 5122 defertur,

1884 5162 2138 5219 tanquam
2173 5150 2264 5219 qui
2301 5147 2479 5219 palam
2509 5146 2755 5202 haeresim
2788 5143 3078 5207 refelleret,
3117 5139 3466 5211 ingentiaque

1879 5258 1976 5312 pro
2010 5241 2114 5295 lide
2144 5239 2448 5296 orthodoxa
2497 5248 2764 5295 tormenta
2807 5235 3176 5291 sustinuisset.
3209 5229 3468 5285 Accersi-

1881 5343 1992 5385 tum
2029 5332 2214 5401 itaque
2253 5331 2545 5401 compellat
2590 5330 2927 5396 imperator:
2962 5324 3156 5379 Annon
3213 5322 3465 5392 quiest-es

1878 5490 1987 5544 tum
2021 5495 2228 5551 septem
2263 5499 2435 5539 annos
2466 5482 2640 5537 exsilii
2681 5481 2862 5536 habet.

1951 5553 2045 5626 (m)
2073 5545 2408 5624 Theophilus
2426 5554 2673 5626 regnavit
2698 5568 2726 5606 a
2751 5564 2937 5607 mense
2957 5546 3179 5607 Octobri
3208 5546 3337 5609 anni
3357 5545 3472 5599 Μελ

1880 5622 2051 5697 usque
2083 5626 2150 5681 ad
2183 5622 2384 5680 annum
2418 5622 2544 5679 842.
