3938 6168
266 224 388 291 1:63

1760 223 1959 284 VITA.

3347 232 3482 297 1254

271 330 411 403 ἦλθεν
437 325 529 392 ἐπὶ
575 326 674 397 τὴν
709 325 922 398 αἵρεσιν
963 327 1127 381 αὐτοῦ
1152 346 1165 360 ι
1209 329 1324 401 ἅμα
1358 328 1464 400 γὰρ
1499 327 1815 401 ἐτεθνήκει,

1926 329 2177 387 haeresim
2237 333 2486 405 obrepsit
2519 355 2532 392 :
2563 339 2748 395 statim
2797 343 2940 398 enim
2971 358 3035 400 ac
3078 342 3169 402 ille
3214 345 3319 402 vita
3371 348 3493 408 fun—

275 418 575 489 συντελευτᾴ
622 418 773 488 αὐτῷ
829 419 926 473 καλ⁴
960 421 994 490 ή
1053 420 1281 489 αἵρεσις.
1334 421 1441 473 Τοῦ
1474 420 1581 492 γὰρ
1633 418 1821 482 παιδὸς

273 510 466 583 Μιχαὴλ
519 511 616 564 σὺν
670 513 736 582 τῇ
775 511 948 582 μητρὶ
993 513 1093 581 τὴν
1142 512 1419 582 βασιλείαν
1471 512 1822 583 παραλαϐόν-

272 620 372 665 τος,
419 604 449 670 ἡ
505 600 785 671 ὁρθόδοξος
842 601 1085 670 Χριστοῦ
1151 603 1447 674 Ἐκκλησία
1506 606 1821 676 παρρησίαν

260 692 531 762 λαμϐάνει,
559 689 654 744 καὶ
686 692 746 745 τὸ
772 692 1029 762 κίϐδηλον
1071 693 1172 761 τῆς
1203 692 1468 764 αἱρέσεως
1502 695 1577 758 ὼς
1606 696 1819 766 ἀνθρω-

274 784 383 854 πίνῃ
417 785 555 852 χειρὶ
586 784 719 851 φυέν
760 800 819 835 τε
860 784 953 837 καὶ
1004 784 1279 854 κρατηθὲν
1326 786 1693 856 ἀπηλέγχετο,
1727 786 1821 840 καὶ

271 875 313 925 oi
332 874 495 930 λαλεῖν
530 874 623 925 καὶ
656 873 878 927 ἀκούειν
907 874 1223 944 βουλόμενοι
1256 877 1383 947 περὶ
1412 876 1642 942 τούτων,
1675 880 1819 931 ἐκω-

269 964 452 1017 λύοντο.
491 964 740 1018 Ἰωάννου
768 964 949 1018 τοίνυν
972 966 1167 1036 ἀνδρὸς
1193 969 1391 1037 γοήτου
1417 969 1512 1021 καὶ
1541 970 1603 1022 ὑδ
1616 971 1817 1040 ρομάν-

258 1072 385 1117 nam;
410 1057 502 1124 τῆς
532 1056 829 1125 εἰρημένης
860 1056 1265 1131 προῖσταμένου
1292 1057 1557 1127 αἱρέσεως
1576 1100 1590 1124 ,
1619 1060 1713 1113 καὶ
1738 1058 1817 1131 τῷ

208 1170 223 1189 ο
262 1144 420 1215 ’θρόνῳ
449 1145 1103 1209 Κωνσταντινουπόλεως
1134 1147 1634 1217 συμπεφορημένον
1656 1189 1670 1213 ,
1715 1166 1816 1202 κα-

266 1233 466 1295 νονικώς
511 1232 912 1303 έξεληλαμένου
944 1234 1042 1286 σὺν
1077 1236 1239 1288 παντὶ
1282 1235 1362 1304 τῷ
1393 1235 1578 1306 κλήρῳ
1612 1237 1776 1290 αὐτοῦ
1797 1253 1811 1268 ⁸

266 1322 484 1391 ἐζητεῖτο
527 1324 713 1377 λοιπὸν
746 1326 775 1376 ὁ
820 1324 1091 1395 ἄξιοςτῷ
1132 1325 1306 1397 θρόνῳ
1358 1329 1816 1398 ὲπιστηριχθῆναι

268 1414 451 1483 μέλλων
497 1416 695 1484 πράξει
746 1417 841 1468 καὶ
888 1416 1092 1488 θεωρίᾳ
1124 1418 1483 1485 ἀνθρωπίνων
1532 1436 1814 1490 κεκοσμη-

268 1505 439 1575 μένος,
498 1506 592 1559 καὶ
630 1507 960 1578 πολυπειρία
1011 1508 1120 1561 τῶν
1182 1507 1343 1563 θείων
1393 1511 1488 1563 καὶ
1530 1528 1815 1581 γεγυμνα-

266 1596 474 1664 σμένος,
530 1596 757 1660 δυνατὸς
813 1599 956 1667 λόγῳ
1013 1602 1108 1652 καὶ
1155 1598 1300 1671 ἔργῳ
1330 1601 1472 1653 κατά
1521 1605 1619 1672 τήν
1663 1603 1814 1658 θείαν

264 1685 482 1756 Γραφήν.
525 1686 744 1740 Πολλῶν
773 1665 954 1742 τοίνυν
991 1665 1243 1758 μεγάλων
1271 1665 1369 1742 καὶ
1400 1665 1812 1764 ἁγίωνάνδρῶν
1844 1665 1886 1720 Β

263 1780 746 1850 προϐεϐλημένων,
817 1782 977 1852 μόνος
1020 1784 1376 1853 προκρίνεται
1412 1784 1508 1836 καὶ
1543 1784 1810 1839 καθίστα-

262 1886 339 1923 ται
385 1871 411 1923 ὁ
439 1872 1062 1943 ἀθλοφόροςγΜεθόδιος,
1123 1876 1353 1945 ἀσκήσει
1391 1877 1597 1939 πάντας
1643 1877 1812 1948 ὑπερ-

261 1960 477 2032 ϐάλλων,
527 1967 621 2017 καὶ
658 1965 891 2035 Γρὰφῶν
931 1967 1225 2037 ἐμπειρίᾳ,
1276 1969 1369 2020 καὶ
1404 1971 1701 2039 προφορᾶς.
1724 1970 1812 2021 εὑ-

262 2051 498 2125 γλωττίᾳ,
547 2057 641 2109 καὶ
703 2056 882 2110 ἄθλων
940 2058 1220 2128 ὑπομονῇ,
1284 2059 1378 2111 καὶ
1460 2061 1810 2129 φρονήματος

258 2142 587 2214 μετριότητι,
627 2146 718 2199 καὶ
759 2151 1172 2219 συναναστροφῇ
1210 2149 1300 2201 καὶ
1336 2150 1596 2219 συνουσίᾳ
1622 2168 1809 2223 χαριε-

260 2232 427 2306 στάτῃ.

317 2422 397 2470 ια’.
453 2417 668 2487 Ἐπειδὴ
713 2417 766 2471 δὲ
806 2419 1093 2489 ἀσκήσεως
1139 2421 1231 2474 καὶ
1268 2420 1501 2491 εὐφυΐας
1537 2422 1811 2496 ἐμνήσθη-

246 2522 344 2574 μεν
375 2508 463 2560 τοῦ
505 2509 742 2578 ἀνδρὸς,
798 2509 856 2563 ἓν
900 2511 1069 2584 αὑτοῦ
1109 2512 1446 2582 κατόρθωμα
1487 2515 1805 2585 εἰρηκότες,

254 2601 370 2668 περὶ
416 2603 520 2656 τῶν
570 2603 771 2656 λοιπῶν
827 2605 955 2674 ὑμῖν
1008 2606 1339 2659 διανοεῖσθαι
1397 2611 1813 2678 παραχωρήσει)-

252 2707 363 2759 μεν.
400 2693 566 2747 Ἐπτά
619 2693 798 2746 τοίνυν
836 2694 1112 2765 ψαλτήρια
1164 2696 1344 2768 πλήρη
1390 2700 1418 2749 ό
1468 2699 1628 2765 σοφὸς
1660 2699 1811 2752 Μεθ-

252 2783 376 2847 όδιος
408 2785 618 2857 ἔγραφε
643 2825 657 2848 ,
708 2785 832 2839 καθ’
882 2785 1122 2854 ἑκάστης
1166 2786 1227 2839 τὸ
1286 2786 1345 2840 ἒν
1383 2787 1678 2859 ἑϐδομάδος
1717 2789 1810 2859 νή-

256 2892 372 2945 στης
423 2876 796 2946 ἀποπληρῶν·
853 2877 974 2929 οὐδὲ
1036 2876 1142 2947 γὰρ
1212 2878 1405 2942 ὕδατος
1470 2880 1805 2948 ἀπεγεύετο,

253 2967 377 3038 πλὴν
405 2969 687 3021 Σαϐϐάτου
725 2968 818 3021 καὶ
843 2970 1152 3039 Κυριακῆς.
1193 2971 1452 3042 Τοιαύτη,
1495 2972 1571 3035 ὡς
1600 2974 1656 3025 έν
1688 2990 1811 3027 συν·
1837 2998 1879 3056 C

251 3058 386 3128 τόμῳ
439 3060 646 3120 εἰπεῖν,
690 3058 785 3111 τοῦ
836 3058 983 3110 ὁσίου
1025 3060 1058 3130 ἡ
1126 3059 1391 3126 ἄσκησις·
1459 3062 1699 3116 τοιοῦτον
1746 3066 1810 3116 ὲκ

251 3150 443 3204 πολλῶν
489 3152 585 3205 τοῦ
642 3150 872 3221 ἀθλητοῦ
917 3150 979 3203 τὸ
1027 3151 1327 3223 μαρτύριον
1354 3169 1367 3183 ”
1402 3153 1543 3224 αὕτη
1587 3155 1812 3225 καὶτῆς

249 3239 646 3312 ἀρχιερωσύνης
673 3242 707 3310 ἠ
744 3242 1024 3311 προεδρία.

312 3331 391 3401 ιβ’.
414 3333 516 3386 ’Ἦν
551 3332 741 3403 μέντοι
770 3333 1092 3404 παραίνεσιν
1120 3332 1265 3396 τότε,
1296 3333 1415 3404 ἤτοι
1443 3333 1809 3405 δημηγορίαν,

249 3421 397 3474 παντὶ
443 3423 520 3493 τῷ
554 3424 659 3493 τῆς
703 3422 1032 3492 Ἐκκλησίας
1061 3422 1177 3493 λαῷ
1198 3461 1213 3487 ,
1253 3423 1385 3487 στὰς
1411 3425 1505 3477 ἐπὶ
1538 3426 1644 3478 τῶν
1682 3427 1812 3480 ἀνα-

247 3508 488 3585 ϐαθμῶν,
529 3514 851 3581 ἐποιήσατο,
892 3513 969 3577 ὡς
1005 3514 1163 3585 τύπῳ
1200 3515 1414 3578 εἰπεῖν,
1456 3514 1680 3585 τοιαύτη
1726 3534 1811 3580 τις

243 3594 336 3667 ἦν·
378 3604 579 3675 Κοινὴν
620 3603 716 3673 μὲν
747 3603 861 3670 οὖν,
902 3598 946 3657 ὧ
982 3605 1218 3674 πατέρες
1256 3606 1348 3658 καὶ
1372 3604 1610 3675 ἀδελφοὶ,
1644 3607 1809 3677 εὐχα-

241 3694 476 3763 ριστίαν,
518 3698 639 3764 ἐγώ
686 3713 745 3749 τε
778 3697 874 3748 καὶ
914 3696 1117 3759 πάντες
1152 3697 1342 3767 ὑμεῖς,
1376 3697 1454 3767 τῷ
1491 3697 1678 3751 καλῶν
1727 3699 1812 3752 δο-

241 3786 355 3854 τῆρι
396 3786 629 3858 Χριστῷ
668 3785 746 3856 τῷ
781 3786 899 3857 Θεῷ
946 3787 1332 3857 ὲποφείλομεν,
1369 3789 1453 3840 ὅτι
1508 3803 1572 3855 γε
1622 3788 1808 3858 σχεδόν

240 3889 352 3943 που,
379 3878 521 3942 ὅλοις
551 3876 855 3950 τριάκοντα
890 3878 1307 3946 πεπονημένους
1340 3879 1545 3941 ἔτεσιν,
1576 3877 1681 3929 ὑπὸ
1713 3877 1806 3930 τοῦ

237 3964 328 4035 τῆς
350 3967 617 4037 αἱρέσεως
654 3966 957 4037 βαρυτάτου
990 3966 1179 4035 ζυγοῦ,
1211 3968 1453 4036 σήμερον
1483 3967 1629 4036 ἡμᾶς
1662 3965 1809 4018 ἐλευ-

238 4052 411 4126 θερίας
450 4060 696 4128 ἠξίωσεν
717 4074 731 4088 ·
773 4058 995 4128 ἐποίησε
1025 4058 1135 4128 γὰρ
1164 4057 1382 4127 ἀληθῶς
1407 4059 1501 4110 καὶ
1551 4058 1645 4110 νῦν
1679 4062 1808 4127 κρᾱ·
1852 4112 1861 4119 ,

233 4158 314 4206 τος
344 4147 400 4199 ὲν
449 4147 709 4218 βραχίονι
759 4147 955 4211 αὑτοῦ,
993 4145 1242 4199 καθεῖλέν
1275 4163 1334 4197 τε
1372 4146 1642 4208 δυνάστας
1697 4146 1806 4199 ἀπὸ

232 4230 425 4302 θρόνων
467 4238 567 4290 καὶ
598 4235 791 4305 ὖψωσε
824 4236 1144 4301 ταπεινοὺς,
1190 4234 1373 4298 καθὼς
1401 4234 1628 4305 ὲλάλησε
1669 4237 1805 4303 πρὸς

1925 430 2046 476 ctus
2075 432 2178 490 est,
2213 424 2435 484 haeresis
2469 445 2685 500 quoque
2713 434 2761 488 ei
2788 437 3159 492 commoritur.
3212 436 3495 508 Siquidem

1924 527 2047 569 cum
2077 514 2221 570 illius
2259 518 2405 576 illius
2440 520 2668 578 Michael
2714 539 2817 579 una
2852 540 2973 581 cum
3004 527 3077 599 (ο)
3106 537 3282 585 matre
3317 531 3493 602 impe-

1922 605 2062 660 rium
2128 612 2483 680 suscepisset,
2533 616 2836 671 erthodoxa
2889 619 3093 675 Christi
3148 620 3390 677 Ecclesia
3434 623 3491 677 in

1920 695 2228 752 libertatem
2258 701 2603 772 vindicatur;
2638 698 3308 778 haereseosque'ementita
3336 727 3493 767 secu-

1921 786 2072 875 ritas,
2109 797 2361 858 tanquam
2413 809 2533 863 qua:
2565 795 2801 852 humana
2848 801 3089 868 potentia
3137 812 3252 857 sata
3292 818 3489 872 propa-

1920 886 2150 948 gataqne
2189 878 2407 949 fuerat,
2457 886 2837 955 refellebatur;
2875 900 2930 945 et
2976 891 3069 961 qui
3122 893 3190 947 de
3241 894 3347 949 illis
3396 902 3485 949 aut

1922 967 2064 1038 loqui
2096 980 2192 1026 aut
2240 974 2430 1029 audire
2466 976 2684 1045 vellent,
2724 979 3177 1051 impediebantur.
3218 985 3354 1040 Cum
3387 1001 3486 1041 an-

1920 1066 2028 1114 tem
2080 1060 2156 1130 (p)
2207 1060 2471 1131 Joannes,
2531 1067 2950 1126 incantamentis
2991 1083 3045 1127 et
3093 1076 3519 1145 hydromantizc=

1919 1147 2138 1203 deditus
2168 1151 2434 1232 dictasque
2471 1156 2739 1213 haereseos
2782 1173 3168 1231 propugnator,
3202 1166 3268 1220 de
3291 1166 3485 1222 throno

1918 1237 2538 1313 ConstantinOpolitano,
2570 1262 2731 1316 quem
2766 1250 2923 1305 malis
2946 1253 3156 1319 artibus
3187 1254 3482 1323 invaserat,

1917 1344 1983 1382 ex
2016 1334 2333 1401 praescripto
2368 1350 2670 1404 canonum,
2710 1356 2835 1396 enm
2875 1345 3140 1400 universo
3186 1361 3285 1401 suo
3314 1348 3483 1415 clero,

1918 1417 2160 1485 deiectus
2201 1433 2371 1491 esset,
2408 1433 2463 1480 et
2511 1439 2849 1493 quaereretur
2886 1433 3028 1488 alius
3055 1449 3121 1489 eo
3146 1434 3364 1505 fastigio
3402 1438 3485 1493 di-

1882 1524 2085 1591 vgnus,
2163 1514 2377 1571 actione
2441 1518 2908 1592 meditationeque
2953 1527 3379 1593 condecoratus,
3429 1537 3486 1584 et

1918 1617 2098 1657 rerum
2154 1606 2459 1662 divinarum
2519 1620 2684 1680 atque
2739 1612 3097 1671 humanarum
3149 1619 3486 1686 experientia

1914 1696 2209 1763 exercitus,
2244 1708 2438 1767 potens
2477 1716 2646 1770 opere
2674 1712 2729 1757 et
2763 1719 3038 1773 sermone,
3076 1718 3133 1762 ut
3156 1708 3337 1763 divina
3372 1706 3485 1764 tra‘-

1913 1787 1992 1840 dit
2023 1786 2307 1856 Scriptura
2330 1830 2346 1856 ,
2381 1793 2643 1863 multique
2672 1809 2738 1849 ac
2769 1798 2948 1867 magni
2979 1799 3080 1853 viri
3117 1816 3486 1869 proponeren-

1914 1884 2021 1943 tur,
2069 1878 2215 1933 solns
2246 1881 2502 1936 omnibus
2545 1885 2837 1952 praefertur
2876 1887 3205 1957 cligitnrque
3236 1891 3484 1945 exantla-

1914 1976 2087 2020 tornm
2117 1970 2478 2025 certaminum
2513 1976 2753 2043 praemiis
2780 1988 3011 2033 onustus
3038 1978 3365 2047 Methodius,
3390 1982 3483 2050 qui

1913 2052 2150 2126 reliquos
2200 2075 2391 2116 omnes
2421 2073 2475 2117 et
2517 2066 2934 2135 exercitatione,
2974 2077 3029 2123 et
3070 2068 3479 2139 Scripturarum

1912 2149 2125 2215 peritia,
2154 2160 2208 2205 et
2236 2152 2506 2209 orationis
2550 2159 3014 2224 pronuntiatione,
3039 2168 3092 2213 et
3122 2161 3482 2217 certaminum

1914 2241 2224 2311 tolerantia,
2261 2253 2314 2298 et
2347 2247 2696 2316 cogitationis
2735 2250 3131 2317 moderatione,
3166 2262 3222 2307 et
3253 2267 3483 2308 conver-

1910 2334 2141 2389 sationis
2169 2337 2440 2391 suavitate
2477 2341 2741 2395 anteibat.

1985 2423 2071 2478 11.
2117 2424 2222 2479 Sed
2283 2428 2500 2495 quando
2571 2430 2988 2486 exercitationis
3040 2441 3096 2487 et
3142 2433 3482 2489 dexteritatis

1912 2516 2115 2569 mentio
2150 2516 2361 2581 incidit,
2398 2518 2556 2573 unius
2588 2517 2850 2575 facinoris
2877 2523 3193 2577 narratione
3219 2524 3478 2590 contenti,

1912 2605 1978 2657 de
2014 2606 2238 2676 reliquis
2278 2607 2421 2662 illius
2461 2609 2563 2663 viri
2597 2610 2753 2664 vobis
2779 2609 3045 2678 judicium
3094 2612 3476 2681 relinquemus.

1911 2692 2126 2762 integra
2209 2706 2419 2765 septem
2493 2696 2797 2765 Psalteria,
2859 2700 3079 2768 sapiens
3133 2700 3477 2767 Methodius,

1913 2801 2077 2839 unum
2108 2786 2160 2838 in
2182 2786 2419 2854 qualibet
2442 2786 2877 2855 Qnadragesimte
2907 2791 3240 2848 hebdomade
3272 2793 3480 2847 exscri-

1913 2878 2108 2943 bebat‘,
2171 2892 2366 2946 expers
2423 2879 2528 2933 cibi
2590 2890 2894 2950 potusque;
2963 2896 3139 2952 neque
3207 2883 3350 2936 enim
3393 2883 3480 2938 vel

1913 2980 2108 3034 aquam
2159 2966 2491 3037 (Sahbatum
2526 2968 2571 3022 si
2609 2970 2849 3038 excipias
2883 2980 2937 3023 et
2978 2970 3353 3042 Dontinicam)
3388 2974 3480 3026 de-

1915 3057 2188 3126 gustabat.
2228 3055 2304 3110 Ea
2332 3058 2570 3125 quidem,
2606 3067 2665 3113 ut
2698 3059 2867 3114 verbo
2898 3076 2987 3114 me
3014 3062 3301 3126 extricem,
3340 3061 3479 3131 justi

1912 3143 2012 3197 fuit
2044 3145 2401 3212 exercitatio;
2435 3148 2536 3201 hoc
2567 3147 2708 3202 inter
2738 3148 2840 3201 alia
2869 3148 3040 3202 multa
3078 3150 3298 3203 athletas
3337 3165 3478 3203 mar-

1913 3235 2146 3306 tyrium;
2196 3236 2311 3290 haec
2361 3237 2535 3305 prima
2587 3240 2784 3293 summi
2831 3240 3156 3309 przesulatus
3201 3242 3479 3297 subsellia.

1984 3324 2070 3379 12.
2114 3323 2434 3382 Exhortatio
2485 3343 2616 3384 vero
2661 3345 2755 3384 seu
2806 3332 2999 3386 concio
3051 3347 3218 3411 quam
3272 3333 3384 3401 ipse
3416 3347 3481 3386 co

1914 3415 2173 3483 temporis
2202 3418 2269 3471 ad
2302 3419 2611 3474 universum
2646 3421 2905 3477 Ecclesia:
2947 3422 3204 3491 p0pulum
3244 3433 3392 3477 stans
3424 3425 3480 3478 in

1911 3508 2169 3577 gradibus
2211 3507 2423 3576 habuit,
2474 3520 2532 3565 ut
2570 3512 2742 3581 ipsum
2788 3515 3108 3583 compendio
3156 3515 3479 3584 exprimam,

1910 3595 2011 3650 fuit
2038 3598 2345 3667 ltnjusmodi
2379 3617 2392 3654 :
2427 3599 2701 3664 Publicas,
2739 3616 2772 3654 ο
2794 3612 2975 3669 patres
3004 3604 3332 3672 fratresque,
3365 3605 3480 3672 ipse

1909 3696 1963 3741 et
1990 3702 2086 3742 vos
2125 3704 2333 3756 omnes,
2361 3688 2607 3746 'Christo
2646 3689 2778 3756 Deo,
2820 3694 3084 3745 bonorum
3115 3695 3309 3759 datori,
3356 3710 3481 3763 gra—

1911 3779 2014 3833 tias
2048 3793 2208 3846 agere
2255 3780 2535 3843 debemus,
2575 3781 2716 3847 quod
2766 3795 2889 3844 nos,
2939 3780 3056 3835 fere
3107 3797 3206 3850 per
3254 3782 3476 3852 triginta

1909 3885 2079 3923 annos
2109 3870 2176 3923 ab
2224 3869 2619 3923 immanissimo
2672 3870 2940 3923 haereseos
2987 3868 3117 3939 jngo
3166 3885 3476 3939 oppressos,

1907 3976 2053 4015 nunc
2097 3962 2312 4015 demum
2370 3960 2623 4014 libertate
2672 3961 2955 4013 donaverit
2992 3980 3004 4015 :
3040 3960 3168 4015 fecit
3211 3962 3356 4016 enim
3420 3972 3476 4016 et

1909 4066 2053 4106 nunc
2101 4050 2269 4104 rnhnr
2309 4051 2360 4103 in
2400 4050 2628 4104 brachio
2683 4064 2807 4113 suo,
2860 4050 3164 4119 dcjecitque
3193 4066 3224 4106 e
3254 4051 3475 4107 sedihns
3567 4066 3571 4070 ’

1907 4152 2191 4212 potentes,
2250 4151 2304 4196 et
2358 4142 2620 4196 exaltavit
2691 4140 2956 4205 humiles;
3019 4142 3471 4209 quemadmodum
3581 4138 3633 4211 ',

1908 4233 2023 4302 ipse
2050 4235 2252 4287 sanctis
2285 4233 2399 4287 suis
2431 4231 2705 4300 discipulis
2731 4241 2787 4285 et
2815 4231 3003 4285 amicis
3035 4232 3172 4285 dixit
3200 4249 3214 4286 :
3240 4230 3475 4308 Pressit-

230 4326 343 4389 τοὺς
384 4328 579 4395 ἁγίους
637 4326 802 4378 αὐτοῦ
834 4325 1085 4396 μαθητάς
1121 4342 1180 4377 τε
1229 4324 1323 4378 καὶ
1364 4325 1572 4393 φίλουςο
1620 4322 1809 4392 ϐλίψιν

1916 4340 2029 4377 ram
2070 4323 2339 4378 habebitis
2370 4324 2423 4376 in
2476 4323 2577 4376 hoc
2610 4322 2810 4376 mundo
2859 4339 2872 4376 :
2918 4322 3191 4386 conﬁdite,
3228 4337 3326 4393 ego
3370 4323 3472 4378 vici
3518 4383 3524 4388 ,

227 4413 365 4478 Ξξετε
386 4420 442 4470 ὲν
463 4419 543 4489 τῷ
574 4417 781 4488 κόσμῳ
810 4416 1004 4484 τούτῳ,
1042 4415 1178 4469 ἀλλά
1215 4415 1489 4489 θαρσεῖτε,
1527 4415 1638 4482 ἐγὼ
1666 4413 1806 4468 νενί-

229 4522 364 4577 κηκα
390 4510 482 4563 τὸν
507 4510 752 4578 κόσμον.
783 4507 985 4578 Κοινὴν
1017 4505 1356 4576 εὐφροσύνην
1392 4505 1592 4567 πάντες
1624 4504 1802 4558 οἴεσθε

232 4597 363 4669 ἐχειν
396 4602 499 4672 ὲμέ
529 4619 592 4654 τε
630 4600 731 4654 καὶ
767 4600 927 4653 πάλιν
971 4600 1137 4668 ὑμᾶς,
1176 4598 1273 4651 καὶ
1301 4600 1375 4667 πῆ
1409 4596 1530 4666 μὲν,
1563 4597 1610 4648 τ’
1639 4595 1812 4670 ἀληθῆ

240 4691 672 4762 ὑπολαμϐάνετεο
702 4690 817 4753 πῶς
844 4691 953 4759 γὰρ
979 4689 1044 4742 ἂν
1070 4690 1171 4741 οὐκ
1194 4689 1258 4741 ἂν
1280 4686 1578 4756 ἀγασθείην
1607 4685 1665 4738 τὸ
1690 4686 1813 4738 σκό-

230 4793 310 4841 τος
345 4781 772 4850 ἀπεληλαμένον
817 4778 927 4830 τῶν
950 4778 1158 4847 ψυχῶν,
1191 4777 1287 4830 καὶ
1324 4775 1384 4828 τὸ
1419 4774 1533 4843 φῶς
1574 4775 1813 4845 Χριστοῦ

222 4867 433 4938 βλέπων
470 4869 766 4939 πανταχοῦ
818 4870 1210 4939 καταλάμπον;
1275 4866 1385 4936 ἐγὼ
1439 4867 1495 4919 δέ
1546 4883 1668 4919 τινα
1719 4868 1813 4919 καὶ

229 4958 399 5031 λύπην
452 4966 520 5032 τῇ
586 4959 910 5032 εὐφροσύνῃ
946 4961 1198 5030 συμμιγῆ
1253 4959 1557 5028 κέκτημαι,
1590 4959 1690 5010 οὐκ
1722 4957 1813 5009 ἐπὶ

224 5051 332 5114 τοῖς
367 5052 698 5123 εἰρημένοις
742 5050 995 5121 (μισητὸν
1038 5050 1145 5121 γὰρ
1180 5049 1267 5102 ἐπ’
1299 5050 1521 5118 ἀγαθοῖς
1561 5048 1807 5118 σχετλιὰ-

226 5136 363 5207 ζειν,
404 5141 525 5196 ἀλλ’
560 5143 650 5195 ὅτι
683 5156 753 5210 με
788 5140 893 5193 ὑπὸ
930 5141 1199 5210 μεγάλους
1233 5140 1450 5210 πόνους)
1491 5139 1585 5192 καὶ
1621 5139 1805 5209 μείζο-

226 5245 313 5293 νας
348 5233 652 5303 φροντίδας
683 5231 784 5302 τῆς
814 5231 1137 5303 προεδρείας
1164 5230 1369 5300 ταύτης
1409 5230 1665 5300 ἐθήκατε,
1698 5229 1812 5298 είγε

293 5384 365 5453 (o)
409 5386 702 5440 Tlteodora
749 5383 1108 5450 Imperatrix,
1152 5399 1284 5436 uxor
1322 5381 1630 5450 Theophili,
1660 5397 1802 5453 cum

226 5449 478 5511 Iiichaele
512 5458 632 5510 lilio
669 5449 940 5523 regnavit,
965 5458 1121 5522 cujus
1152 5462 1270 5522 acta
1302 5470 1368 5507 ex
1396 5449 1559 5506 variis
1588 5452 1812 5507 collcCta

228 5524 465 5580 dedimus
497 5543 554 5580 ιι
592 5524 905 5579 Februarii.
1602 5572 1607 5575 .

292 5594 365 5666 (Ρ)
401 5594 653 5651 Joannes
683 5609 776 5650 seu
806 5592 1009 5649 Jannea
1037 5591 1583 5662 Pseudo-patriarcha
1620 5590 1812 5649 'cedere

1911 4414 2197 4467 mundum.
2252 4411 2590 4467 Existimatis
2624 4427 2814 4467 omnes
2863 4427 3205 4469 communem
3259 4407 3476 4471 me'vo-

1910 4504 2119 4558 biscnm
2155 4502 2356 4558 habere
2409 4504 2757 4570 hilaritatem,
2791 4521 2890 4559 nec
2928 4506 3149 4559 omnino
3193 4521 3222 4561 a
3248 4509 3479 4564 veritate

1913 4592 2182 4646 aberratis
2203 4609 2218 4657 ;
2241 4594 2509 4659 quomodo
2536 4593 2679 4646 enim
2705 4594 2819 4660 ipse
2841 4594 3034 4664 gaudio
3050 4610 3154 4649 non
3182 4597 3475 4663 exsultent,

1913 4684 2167 4736 tenebras
2201 4684 2472 4758 depulsas,
2508 4694 2558 4738 et
2587 4683 2864 4739 Christum
2914 4686 3092 4742 lnmen
3133 4703 3478 4758 quaquaver-

1914 4789 2033 4829 sum
2086 4788 2379 4829 coruscare
2431 4776 2823 4843 conspiciens?
2851 4775 2983 4832 Mem
3013 4788 3188 4833 tamen
3220 4779 3478 4835 hilaritati

1910 4880 2115 4919 mmror
2168 4866 2386 4935 quidam
2440 4866 2717 4922 admixtus
2768 4878 2871 4933 est,
2925 4885 3030 4923 non
3078 4880 3300 4940 propter
3340 4871 3480 4925 bona

1904 4956 2016 5024 jam
2050 4956 2190 5011 dicta
2224 4956 2570 5026 (invidentia
2612 4959 2755 5013 enim
2788 4970 2871 5014 est
2920 4955 3077 5015 bonis
3129 4961 3478 5031 excruciari),

1916 5048 2009 5101 sed
2039 5048 2163 5116 quia
2194 5063 2281 5103 me
2311 5049 2633 5117 praesulatus
2682 5050 3143 5105 sollicitudinibus
3193 5052 3480 5122 supposui-

1918 5139 2037 5205 stis,
2070 5140 2163 5209 qui
2220 5149 2425 5208 quanto
2478 5141 2747 5195 excelsior
2789 5149 2873 5194 est
2910 5150 2963 5195 ct
3004 5140 3306 5210 gloriosior,
3334 5152 3480 5200 tanto

1922 5227 2246 5283 laboriosior
2271 5236 2327 5283 et
2354 5229 2568 5283 invidiae
2599 5230 2769 5297 magis
2803 5229 3069 5283 obnoxius
3098 5238 3198 5284 est.
3232 5227 3339 5284 Sed
3373 5220 3481 5286 non

1915 5395 2201 5443 recusans,
2231 5379 2351 5448 ejici
2381 5381 2563 5448 jussus
2598 5391 2701 5443 est,
2737 5389 2793 5433 ιιι
2825 5380 3068 5447 pluribus
3099 5382 3379 5438 deducitur
3415 5386 3482 5442 ad

1923 5449 2096 5503 Vitam
2139 5452 2297 5505 dictae
2349 5462 2551 5505 sancta:
2586 5449 2901 5505 Theodorw.
2942 5450 3011 5516 is,
3052 5452 3293 5506 Cedreno
3320 5465 3479 5515 teste,

1919 5521 2103 5641 εοιὶἓὶιρ
2146 5528 2258 5573 erat
2290 5521 2451 5591 pelvis
2493 5521 2864 5575 vaticinatione
2900 5532 2946 5576 et
2972 5522 3254 5593 prwstigiis
3297 5521 3480 5591 futura

1919 5605 2026 5641 vra'
2069 5604 2218 5641 icere.

1918 5604 2218 5658 pra'atcere.
