3938 6168
489 236 623 298 1255

1496 223 1554 280 S.
1598 219 1977 280 METIIODII
2019 218 2524 280 PATRIARCHZE
2563 221 2670 280 CI’.

3591 222 3725 289 1256

479 348 621 404 facio
650 344 884 399 animam
924 339 1298 412 pretiosiorem
1326 350 1492 408 quam
1525 350 1608 389 me
1636 353 1650 388 :
1678 333 2049 387 tantummodo

2164 333 2274 385 Ξσον
2301 331 2364 386 τὸ
2399 332 2603 401 ὑψηλὸν
2651 332 2746 385 καὶ
2782 331 3043 396 ἐπίδοξον,
3076 331 3326 386 τοσοῦτον
3361 333 3458 388 καὶ
3499 336 3562 387 τό
3605 335 3727 388 επί-

479 450 539 491 υι
594 435 953 503 evangelicum
1020 433 1323 487 doctrinam
1391 437 1536 483 recte
1606 435 1850 479 tractem.
1911 425 2046 478 Vere

477 529 622 583 enim
651 529 907 582 virtutum
949 527 1119 579 virtus
1148 533 1202 578 et
1232 531 1404 574 mater
1448 529 1592 572 recta
1632 518 1688 570 in
1719 517 1881 570 Deum
1915 515 2047 570 ﬁdes

481 631 583 687 est,
617 628 672 672 ut
705 632 899 686 magno
943 615 1106 673 Paulo
1153 613 1383 672 videtur,
1420 625 1544 664 cum
1576 608 1704 662 dicit
1742 625 1756 662 :
1785 604 2046 676 lmpossi-

482 712 588 765 bile
626 719 711 766 est
736 711 856 766 sine
885 709 988 762 ﬁde
1017 707 1234 774 placere
1269 703 1379 758 Deo
1413 705 1453 755 ¹.

553 997 642 1050 15.
683 994 914 1048 Necesse
959 996 1044 1043 est
1099 989 1281 1056 itaque
1310 1003 1439 1052 nos,
1477 987 1568 1056 qui
1617 985 2050 1056 irrepreliensam

486 1086 644 1140 ﬁdem
667 1081 1129 1145 conservavimus,
1159 1080 1282 1134 licet
1313 1079 1512 1132 multas
1561 1094 1589 1131 a
1620 1078 1834 1133 miseris
1878 1076 2050 1131 haere-

485 1194 608 1233 seos
643 1177 816 1231 servis
866 1187 1055 1244 poenas
1105 1182 1269 1240 atque
1317 1170 1634 1224 alllictiones
1679 1169 2052 1234 toleravimus,

487 1268 776 1323 Dominicae
806 1265 955 1320 vocis
991 1276 1256 1318 memores
1273 1275 1423 1314 esse:
1452 1260 1632 1325 Pater,
1673 1259 1884 1312 dimitte
1924 1257 2052 1322 illis,

486 1375 594 1413 non
624 1358 768 1412 enim
801 1356 978 1411 sciunt
1004 1353 1134 1422 quid
1169 1351 1414 1406 fecerint.
1450 1349 1563 1403 lmo
1595 1351 1641 1402 si
1676 1349 1764 1415 qui
1798 1362 1862 1401 ex
1902 1346 2054 1399 vobis

485 1449 824 1504 ardentiores
857 1447 1153 1516 quidquam
1187 1443 1348 1497 vultis
1395 1440 1527 1511 ipsis
1564 1440 1886 1500 retribuere,
1923 1437 2056 1490 mihi

484 1541 865 1609 obsequentes,
895 1536 1124 1592 haeresin
1149 1576 1164 1602 ,
1195 1549 1384 1588 eorum
1433 1531 1628 1586 animis
1679 1531 2053 1592 inhaerentem,

485 1629 727 1684 evelletis
753 1646 768 1694 ;
798 1642 916 1697 quae
948 1642 1044 1682 eos
1077 1634 1267 1680 contra
1299 1638 1394 1677 vos
1421 1624 1484 1676 ad
1511 1636 1660 1674 arma
1697 1619 1893 1674 ciebat.
1933 1617 2058 1671 Haec

2149 439 2310 475 πονον
2357 424 2448 474 καὶ
2483 422 2771 490 ἐπίφθονον
2808 423 3103 492 κέκτημαι.
3163 423 3304 476 Ἀλλ’
3339 425 3436 493 οὐχ
3483 425 3728 494 ἠγοῦμαι

2146 513 2246 584 τὴν
2275 513 2454 583 ψυχήν
2489 531 2592 582 μου
2618 515 2807 581 τιμίαν
2839 513 3090 583 ἐμαυτῷ,
3127 515 3285 584 μόνον
3319 515 3368 566 εί
3401 516 3462 567 τὸ
3493 517 3729 584 εὐαγγεο

2148 603 2300 656 λικδν
2339 603 2624 673 ὀρθοτομοῖ
2662 605 2945 673 κήρυγμα³
2983 605 3078 656 καὶ
3120 606 3227 675 γὰρ
3254 603 3332 674 τῷ
3377 605 3493 659 ὄντι
3518 607 3732 676 ἀρετῶν

2151 692 2322 765 ἀρετὴ
2363 692 2457 744 καὶ
2491 694 2674 762 μήτηρ
2717 695 2750 762 ἡ
2782 693 3066 761 ὀρθόδοξος
3103 694 3290 757 πίστις
3326 696 3499 760 ἐστὶν,
3543 697 3620 757 ὡς
3653 696 3730 765 τῷ

2154 783 2376 853 μεγάλῳ
2405 784 2600 851 Παύλῳ
2625 784 2774 835 δοκεῖ
2803 783 3038 850 λέγοντι,
3066 803 3085 834 ‹
3129 784 3418 838 Ἀδύνατον
3437 787 3609 854 χωρὶς
3641 785 3726 836 πί-

2155 891 2326 936 στεως
2357 874 2721 945 εὐαρεστῆσαι
2755 873 2896 944 Θεῷ.
2927 894 2946 927 ι

2226 970 2312 1030 ιγ’.
2359 965 2451 1015 Δεῖ
2487 961 2582 1015 οὖν
2612 964 2757 1032 ἡμᾶς
2791 963 2917 1026 τοὺς
2957 962 3261 1034 ἀμώμητον
3306 963 3405 1033 τὴν
3450 963 3731 1033 όρθόδοξον

2153 1055 2525 1124 τετηρηκότας
2560 1055 2762 1117 πίστιν,
2790 1054 2894 1108 κᾶν
2917 1055 2978 1124 ¹εί
3021 1055 3223 1118 πολλὰς
3250 1055 3356 1106 ὑπὸ
3390 1056 3500 1107 τῶν
3526 1055 3730 1109 ἀθλίων

2155 1148 2222 1217 τῇ
2245 1145 2459 1216 αἱρέσει
2485 1131 2897 1216 δεδουλωμένῖυν
2925 1146 3116 1210 ποινάς
3157 1163 3216 1199 τε
3258 1149 3355 1200 καὶ
3387 1147 3604 1216 θλίψεις
3631 1137 3759 1201 ὐπ-”

2127 1273 2132 1277 -
2157 1239 2417 1308 έστημεν,
2435 1237 2522 1290 ἀεὶ
2545 1238 2642 1306 τῆς
2666 1238 2948 1308 Κυριακῆς
2969 1235 3278 1308 μεμνῆσθαι
3305 1239 3508 1306 φωνῆς·
3525 1238 3726 1308 Πάτερ,

2156 1329 2294 1398 ἄφες
2323 1329 2527 1390 αὐτοῖς’
2561 1329 2622 1380 οὐ
2653 1329 2761 1397 γὰρ
2792 1327 2967 1380 οἴδασι
2993 1329 3042 1380 τί
3074 1329 3357 1398 ἐποίησαν.
3395 1328 3615 1382 Μᾶλλον
3640 1329 3731 1381 νῦν

2157 1414 2249 1471 οὖν
2279 1419 2327 1471 οἱ
2346 1417 2692 1488 θερμότεροι,
2713 1419 2826 1484 εἴγε
2857 1417 3077 1480 τούτους
3099 1418 3514 1489 ἀνταμύνασθαι
3544 1419 3732 1488 βούλε-

2160 1512 2274 1577 σθε,
2303 1512 2425 1580 ἐμοὶ
2449 1509 2780 1578 πειθόμενοι,
2804 1509 2900 1580 τὴν
2930 1511 3156 1565 ἐνοῦσαν
3179 1513 3297 1574 ταῖς
3323 1512 3524 1580 ψυχαῖς
3550 1512 3733 1566 αὐτῶν

2159 1598 2372 1668 αἵρεσιν
2425 1597 2760 1664 ἀπελὰσετε,
2821 1600 3129 1668 αἰτήσασαν
3183 1599 3382 1662 αὐτοὺς
3417 1599 3541 1652 καθ’
3577 1600 3732 1669 ὑμῶν

485 1731 569 1776 est
615 1721 875 1774 adversus
926 1719 1110 1772 hostes
1143 1713 1474 1770 validissima
1520 1710 1779 1774 victoria,
1833 1723 2054 1763 causam

2164 1689 2424 1754 ὁπλίζειν.
2460 1689 2609 1760 Αῦτη
2646 1691 3023 1760 κραταιοτάτη
3073 1690 3198 1744 κατ’
3231 1691 3442 1761 ἐχθρῶν
3476 1691 3637 1759 νίκη,
3673 1694 3734 1742 τὸ

484 1828 602 1882 qua:
631 1811 1056 1878 eoscoinquinat
1081 1808 1406 1876 exstirpare,
1436 1814 1492 1859 et
1537 1805 1589 1858 in
1635 1801 1908 1871 propriam
1961 1815 2056 1867 pcr

489 1903 821 1958 contrarium
854 1900 1180 1954 sententiam
1225 1898 1516 1952 adducere.
1550 1895 1681 1948 Eum
1713 1893 1804 1960 qui
1843 1892 1895 1944 in
1931 1904 2054 1943 cor-

487 2010 615 2062 pore
647 1992 905 2048 sustinuit
935 1991 1233 2060 quidpiam,
1281 1989 1335 2042 in
1366 2001 1594 2057 corpore
1641 1983 1781 2039 mala
1814 1982 2055 2037 referen—

487 2095 594 2138 tem
627 2097 686 2137 se
718 2082 928 2146 ulcisci,
962 2094 1249 2150 porcorum
1295 2088 1379 2133 est
1421 2087 1476 2131 et
1529 2076 1790 2130 similium
1828 2073 2059 2130 rationis

486 2180 784 2248 expertium
809 2177 1103 2232 bestiarum
1129 2175 1427 2245 proprium.
1447 2171 1526 2228 Ne
1545 2172 1845 2228 libertatem
1869 2170 2058 2224 demus

486 2272 539 2325 in
569 2271 910 2325 occasionem
942 2269 1145 2332 carnis,
1181 2265 1500 2336 impinguati
1547 2275 1603 2319 et
1640 2263 1872 2327 dilatati,
1917 2264 2060 2317 sicut

486 2374 641 2415 vetus
669 2359 753 2413 ille
783 2357 972 2422 Israel,
1009 2357 1076 2412 ab
1117 2356 1372 2426 operibus
1419 2356 1514 2408 luti
1549 2365 1601 2410 et
1635 2355 1823 2409 lateris
1869 2367 2060 2408 recens

486 2453 781 2518 liberatus;
833 2450 926 2505 sed
970 2451 1114 2520 quod
1167 2449 1286 2503 sine
1337 2447 1556 2502 infamia
1610 2447 1790 2501 verbis
1827 2445 2060 2515 exprimi

489 2560 594 2596 non
645 2549 838 2610 potest,
888 2539 1106 2594 silentio
1147 2537 1469 2592 involvatur.
1519 2535 1657 2601 Quin
1705 2535 1812 2588 imo
1845 2534 2062 2588 relaxa-

489 2635 648 2686 tionis
683 2631 855 2700 spatia
887 2630 941 2684 in
969 2630 1267 2700 gratiarum
1306 2626 1538 2680 actionis
1567 2634 1622 2679 et
1679 2623 2062 2692 placabilitatis

490 2736 698 2792 tempus
743 2732 1163 2786 commutemus,
1213 2719 1500 2788 praeterita:
1527 2716 1824 2772 vcxatioais
1859 2729 2061 2769 memo-

489 2833 597 2871 res.
628 2816 792 2869 Scitis
845 2815 1030 2877 enim,
1081 2826 1188 2865 non
1252 2811 1412 2879 longo
1465 2821 1600 2878 opus
1653 2821 1771 2862 esse
1799 2816 2060 2875 tempore,

487 2911 554 2962 ad
585 2909 746 2960 vitam
778 2907 941 2958 etiam
1002 2905 1194 2972 ipsam,
1226 2901 1422 2955 nedum
1459 2901 1640 2953 omnia
1675 2913 1794 2966 quae
1825 2913 1924 2952 nos
1956 2897 2063 2950 cir-

489 2997 812 3060 cumfluunt,
842 2995 1141 3064 perdenda;
1174 2993 1364 3046 horum
1421 3005 1547 3044 vero
1591 2988 1860 3044 contraria
1882 3029 1897 3054 ,
1938 3003 2060 3041 cum
2090 3020 2131 3078 α

489 3103 632 3156 saepe
695 3096 748 3140 et
798 3085 1054 3153 temporis
1106 3092 1160 3136 et
1212 3081 1412 3136 laboris
1467 3080 1688 3134 multum
1748 3081 2061 3148 requirant,

492 3197 595 3234 non
648 3179 807 3232 facile
861 3178 1249 3247 acquiruntur.
1306 3173 1414 3230 Vos
1447 3175 1569 3241 ipsi,
1594 3174 1684 3243 qui
1723 3173 1838 3227 heri
1874 3181 2064 3228 contra

491 3270 850 3337 vosmetipsos
904 3268 1084 3336 potius
1129 3281 1288 3335 quam
1321 3273 1511 3337 contra
1554 3277 1653 3316 nos
1681 3263 1746 3316 ad
1776 3263 1884 3316 vim
1916 3277 2068 3316 com-

493 3357 850 3430 parabamini,
889 3357 1058 3410 nolite
1090 3369 1320 3411 maerere
1350 3354 1491 3423 quod
1529 3369 1558 3406 a
1589 3352 1878 3422 tyrannide
1907 3365 2066 3406 exer-

493 3452 660 3505 cenda
713 3445 1300 3518 prohibeamini;‘scd
1360 3445 1504 3514 quod
1558 3443 1789 3512 peccati,
1836 3452 1892 3497 et
1943 3457 2068 3511 pec-

493 3543 596 3596 cati
645 3541 889 3594 omnium
947 3537 1204 3607 pessimi,
1266 3537 1425 3590 ﬁnem
1493 3535 1724 3600 fecistis,
1783 3533 2061 3589 laztamini.

493 3636 645 3702 Quod
696 3635 838 3687 enim
890 3632 1129 3686 atrocius
1182 3636 1495 3698 peccatum,
1545 3636 1708 3702 (Luam
1739 3625 1949 3680 divinas
1981 3641 2066 3681 res

495 3724 861 3790 contumelia,
916 3726 1033 3791 pios
1087 3730 1271 3773 autem
1325 3735 1482 3788 paena
1540 3716 1798 3774 allicere?
1844 3716 2064 3772 Vidistis

497 3817 682 3885 ingens
737 3813 983 3867 Numinis
1047 3810 1409 3865 beneﬁcium?
1462 3810 1672 3866 vidistis
1731 3809 2068 3882 sapientissi-

495 3924 598 3970 mae
627 3906 990 3961 Providentia:
1039 3903 1362 3958 consilium?
1412 3901 1572 3968 Ecce,
1621 3917 1728 3957 uno
1767 3902 2065 3970 emplastro

2157 1780 2421 1852 κ[ο]ινοῦν
2440 1783 2624 1844 αὐτοῖς
2653 1781 2862 1834 ἀνελεῖν
2889 1783 3084 1847 αἴτιον,
3111 1781 3206 1834 καὶ
3234 1784 3314 1844 είς
3349 1783 3410 1834 τὸ
3445 1783 3648 1834 οἰκεῖον
3676 1781 3735 1833 τὸ

2155 1873 2223 1925 δι’
2264 1873 2512 1936 ἐναντίας
2541 1874 2769 1942 ἀγαγεῖν
2797 1874 3076 1944 φρόνημα·
3109 1874 3184 1937 ὡς
3211 1873 3273 1926 τό
3303 1890 3366 1942 γε
3401 1873 3736 1943 σωματικῶς

2159 1962 2498 2026 πεπονθότα,
2545 1965 2874 2032 σωματικῶς
2918 1966 3012 2019 τὸν
3045 1965 3371 2019 κακώσαντα
3417 1965 3736 2034 ἀνταμύνα-

2161 2055 2306 2120 σθαι,
2339 2055 2482 2108 συῶν
2499 2072 2556 2108 τε
2587 2058 2812 2110 καὶτῶν
2841 2057 3042 2127 ὁμοίων
3070 2057 3281 2124 ἀλόγων
3309 2057 3460 2110 ἴδιον·
3483 2057 3620 2110 ἀλλὰ
3643 2056 3738 2108 καὶ

2158 2148 2223 2216 τῇ
2255 2146 2543 2216 ἐλευθερία
2574 2147 2647 2216 μὴ
2678 2148 2754 2209 είς
2783 2149 3038 2218 ἀφορμὴν
3075 2150 3140 2219 τῇ
3176 2150 3340 2219 σαρκὶ
3374 2148 3734 2219 χρησώμεθα,

2158 2236 2528 2301 λιπανθέντες.
2549 2239 2641 2289 καὶ
2671 2237 3089 2302 πλατυνθέντες,
3115 2239 3235 2291 κατ’
3267 2241 3472 2291 ἐκεῖνον
3509 2239 3601 2290 τὸν
3634 2255 3742 2291 πα-

2159 2328 2310 2382 λαιὸν
2371 2327 2610 2398 Ἰσραὴλ,
2635 2329 2760 2399 ἄρτι
2799 2328 2894 2382 τοῦ
2940 2331 3114 2401 πηλοῦ
3158 2330 3254 2383 καὶ
3303 2331 3401 2399 τῆς
3451 2330 3738 2393 πλινθείας

2161 2419 2566 2487 ἀπαλλαγέντα’
2615 2423 2710 2472 καὶ
2753 2420 2812 2472 τὸ
2840 2419 3125 2491 δύσφημον
3165 2421 3480 2476 σιωπάσθω.
3517 2420 3740 2475 Μᾶλλον

2165 2511 2264 2580 μὲν
2300 2506 2393 2563 οὖν
2431 2511 2521 2563 τὸν
2553 2512 2651 2581 τῆς
2686 2512 2948 2575 αἰνέσεως
2991 2515 3070 2575 είς
3099 2513 3190 2566 τὸν
3234 2517 3334 2583 τῆς
3379 2515 3742 2584 εὐχαριστίας

2162 2603 2255 2654 καὶ
2284 2603 2700 2672 εὐαρεστήσεως
2730 2605 2918 2673 καιρὸν
2936 2603 3441 2674 ἀμειψώμεθα,τῆς
3460 2607 3614 2676 παρὰ
3641 2605 3741 2656 τιό⁶

2125 2683 2136 2703 ’
2163 2691 2258 2754 δας
2307 2695 2646 2763 μεμνημένοι
2693 2696 3024 2758 κακώσεως⁸
3061 2696 3173 2747 ῐστε
3199 2696 3307 2767 γὰρ
3355 2697 3430 2760 ὡς
3473 2699 3533 2750 οὐ
3567 2696 3742 2752 δεῖται

2163 2784 2358 2854 καιροῦ
2390 2786 2484 2837 καὶ
2535 2785 2668 2838 αὐτὸ
2707 2787 2766 2839 τὸ
2804 2786 2902 2859 ζῇν
2933 2789 3078 2858 ἡμᾶς
3119 2789 3400 2856 ἀπολέσαι,
3437 2792 3637 2860 μήτιγε
3669 2790 3741 2844 τά

2163 2879 2292 2945 περὶ
2325 2879 2472 2947 ἡμᾶς
2511 2877 2744 2930 ἅπαντα⁹
2773 2881 2840 2931 τα
2866 2878 2923 2932 δὲ
2961 2881 3167 2933 τούτων
3200 2883 3440 2945 ἐναντία,
3477 2882 3572 2933 καὶ
3604 2881 3740 2950 χρό-

2164 2985 2257 3021 νου
2312 2969 2409 3022 καὶ
2448 2970 2611 3024 πόνου
2645 2969 2839 3023 πολλοῦ
2887 2970 3144 3035 πολλάκις
3184 2974 3436 3041 τυχόντα,
3468 2973 3528 3025 οὐ
3564 2990 3742 3044 προσ-

2164 3059 2393 3132 εκτήθη.
2433 3062 2541 3114 Καὶ
2587 3062 2742 3132 ὑμεῖς
2773 3078 2857 3130 γε,
2886 3064 2934 3116 οἱ
2970 3063 3095 3134 χθὲς
3121 3063 3240 3117 καθ’
3265 3064 3471 3116 ἑαυτῶν
3497 3065 3746 3136 ἀνδριζό-

2165 3172 2316 3224 μενοι
2355 3155 2556 3226 μᾶλλον
2598 3155 2630 3225 ἢ
2671 3156 2795 3208 καθ’
2824 3157 3002 3228 ημῶν,
3037 3157 3111 3228 μὴ
3138 3158 3218 3209 ὅτι
3241 3173 3303 3224 γε
3333 3157 3426 3209 τοῦ
3457 3162 3746 3228 τυραννεῖν

2162 3251 2432 3323 εἴργεσθε,
2464 3252 2888 3324 σκυθρωπάζετε
2914 3293 2928 3317 ,
2973 3255 3089 3307 ἀλλ’
3132 3254 3214 3306 ὅτι
3262 3253 3356 3306 τοῦ
3404 3255 3749 3325 ἁμαρτάνειν

2163 3344 2692 3417 ὲπαύσατε,ῆδεσθε,
2718 3349 2812 3401 καὶ
2830 3349 3103 3420 ἁμαρτίαν
3121 3349 3221 3420 τὴν
3241 3350 3418 3403 ἄλλων
3438 3352 3746 3421 χειρίστην·

2171 3437 2301 3491 ποία
2348 3437 2458 3508 γὰρ
2511 3437 2715 3509 μείζων
2746 3441 2988 3510 ἁμαρτία
3013 3478 3028 3504 ,
3057 3439 3153 3494 τοῦ
3189 3441 3256 3494 τά
3288 3440 3409 3493 θεῖά
3453 3457 3512 3494 τε
3541 3440 3752 3512 δυσφη-

2175 3533 2318 3601 μεῖν,
2363 3533 2459 3584 καὶ
2499 3533 2626 3594 τοὺς
2663 3532 2907 3595 εὐσεϐεῖς
2953 3535 3252 3602 τιμωρεῖν;
3298 3532 3466 3585 Ἴδετε
3512 3531 3752 3602 μέγεθος

2165 3624 2484 3694 εὐεργεσίας
2515 3623 2682 3689 Θεοῦ;
2725 3623 2861 3676 ίδετε
2894 3625 3172 3692 πανσόφου
3208 3626 3471 3694 Προνοίας
3502 3626 3706 3696 βουλήν
3732 3643 3749 3693 ;

2169 3717 2272 3785 μιᾷ
2325 3711 2420 3770 οὖν
2473 3716 2810 3787 ὲμπλάστρῳ
2856 3716 3201 3788 ἀμφοτέρους
3257 3718 3478 3780 ἰάσατο,
3526 3715 3654 3780 τούς
3688 3734 3752 3770 τε

2165 3805 2460 3869 διώκοντας
2502 3805 2598 3860 καὶ
2627 3810 2753 3870 τοὺς
2784 3807 3104 3876 φεύγοντας,
3134 3808 3228 3863 καὶ
3258 3810 3386 3872 τοὺς
3416 3808 3515 3878 μὲν
3552 3826 3753 3880 σωμα-

2165 3897 2346 3968 τικῆς,
2375 3901 2500 3962 τοὺς
2531 3898 2589 3952 δὲ
2615 3899 2856 3970 ψυχικῆς
2891 3901 3210 3966 ἀπαλλάξας
3250 3901 3575 3965 κακώσεως.

493 4019 607 4064 tum
645 4014 1065 4076 persequentes,
1099 4013 1208 4058 tum
1237 4000 1506 4072 fugientes
1540 4001 1783 4068 sanavit;
1817 4002 1914 4055 hos
1967 3999 2184 4070 quidem
2214 4014 2244 4054 a
2311 3999 2578 4072 corporis,
2625 4000 2744 4054 illos
2809 4001 2878 4054 ab
2948 4000 3113 4055 animi
3162 4001 3317 4056 noxis
3366 3999 3597 4056 reddens
3639 3997 3755 4056 im-

492 4115 584 4159 Jllll
595 4113 706 4151 nes.

569 4187 658 4240 M.
683 4185 863 4256 [Eque
887 4187 1089 4254 itaque,
1119 4196 1172 4239 et
1200 4185 1288 4248 qui
1315 4197 1528 4254 semper
1553 4177 1808 4254 pietatem
1831 4182 2066 4248 coluere,

2246 4183 2326 4237 ιδ’.
2367 4183 2533 4236 Οὐδὲν
2564 4183 2659 4239 οὖν
2700 4179 2863 4256 ἦττον
2903 4184 3035 4237 οἵτε
3064 4181 3420 4245 εὐσεῦοῦντες
3454 4181 3543 4236 ἀεὶ
3571 4181 3667 4234 καὶ
3701 4182 3759 4235 of

496 4290 552 4336 et
579 4279 672 4350 qui
704 4278 996 4343 aliquando
1029 4279 1359 4346 impietatem
1385 4275 1616 4344 amplexi
1665 4287 1811 4341 sunt,
1864 4276 2061 4344 gratias

2175 4292 2304 4327 ποτε
2329 4274 2716 4338 δυσσεϐοῦντες
2759 4275 2860 4343 τῆς
2886 4274 3237 4345 εὐχαριστίας
3265 4273 3546 4344 ὐπόχρεοι,
3585 4273 3756 4344 μόνον

499 4371 611 4430 Deo
644 4371 847 4423 referre
877 4367 1116 4432 debetis;
1146 4376 1352 4420 tantum
1393 4380 1459 4419 ne
1493 4375 1550 4418 ut
1600 4366 1744 4434 aspis
1775 4381 1936 4419 aures
1967 4366 2068 4420 ob-

502 4463 711 4525 turctis,
747 4469 891 4514 recte
921 4459 1041 4512 fidei
1068 4459 1341 4528 dogmata,
1375 4471 1438 4510 ac
1466 4456 1509 4510 si
1559 4457 1953 4512 incantationes
1985 4473 2070 4511 es-

499 4565 640 4617 sent,
691 4551 962 4606 declinare
1007 4559 1312 4615 conantes;
1364 4550 1458 4604 sed
1507 4563 1571 4602 ex
1624 4549 1820 4602 animis
1876 4550 2070 4604 vestris

498 4659 764 4699 venenum
798 4642 870 4712 (q)
930 4642 1346 4697 Manichaeorum
1377 4643 1639 4705 evoniite,
1667 4649 1720 4696 et
1750 4642 1829 4696 sic
1859 4642 2072 4696 mundis

499 4731 916 4803 cogitationibus
969 4733 1254 4799 creditote,
1301 4731 1532 4787 Verbum
1589 4747 1808 4787 carnem
1865 4731 2069 4788 factum

495 4841 640 4892 esse,
675 4825 806 4880 etin
839 4823 992 4878 nobis
1034 4823 1332 4890 habitasse,
1366 4836 1419 4880 et
1470 4825 1672 4880 vidisse
1715 4839 1812 4880 nos
1839 4824 2064 4893 gloriam

491 4922 636 4990 .ejns,
672 4917 898 4990 gloriam
943 4917 1096 4985 quasi
1128 4915 1404 4985 Unigeniti
1440 4931 1471 4970 a
1499 4915 1700 4982 Patre;
1755 4925 1816 4971 ut
1865 4928 1921 4971 et
1973 4929 2072 4971 vos

500 5011 789 5082 participes
831 5023 938 5062 una
969 5023 1094 5063 cum
1130 5007 1196 5062 iis
1227 5007 1370 5062 ﬁalis
1407 5007 1499 5077 qui
1534 5009 1824 5062 audierunt
1878 5006 2074 5074 :Beati

499 5107 592 5171 qui
633 5120 737 5159 non
787 5103 1043 5158 viderunt
1097 5110 1152 5155 et
1205 5099 1594 5162 crediderunt,
1650 5097 1792 5165 quod
1855 5098 2076 5165 spiritus

499 5212 721 5256 carnem
756 5203 810 5251 et
849 5209 976 5250 ossa
1034 5208 1142 5249 non
1194 5192 1378 5256 habet,
1412 5199 1471 5244 ut
1505 5204 1590 5244 me
1621 5187 1818 5244 videtis
1851 5187 2074 5246 habere.

573 5337 590 5367 ¹
619 5329 785 5387 Hebr.
819 5333 970 5396 xr,6.

574 5473 647 5544 (q)
687 5472 1074 5543 Entychianam
1131 5469 1377 5544 lateresim
1421 5466 1700 5534 intelligit,
1736 5479 1833 5533 per
1881 5465 2064 5517 Icono~

503 5540 724 5597 machos
770 5540 993 5594 eatenus
1045 5540 1414 5593 resuscitatam
1457 5547 1720 5605 quatenus
1765 5549 1848 5598 ea,
1881 5549 2063 5605 veram

497 5614 699 5670 Christi
755 5612 1140 5666 humanitatem
1191 5623 1426 5677 negans,
1475 5603 1848 5677 opponebatur
1895 5603 2060 5658 cultui

2168 4367 2242 4438 μὴ
2271 4367 2346 4430 ὡς
2375 4367 2542 4429 ἀσπὶς
2569 4367 2637 4420 τὰ
2660 4361 3025 4438 ὧταρύσητε,
3053 4366 3120 4419 τὰ
3156 4367 3256 4436 τῆς
3281 4363 3591 4436 όρθοδοξίας
3623 4365 3758 4434 δόγ-

2169 4475 2317 4528 ματα
2339 4461 2413 4520 ὠς
2477 4459 2773 4529 ὲπᾲσματα
2818 4453 3003 4511 λαθεῖν
3057 4457 3416 4528 βουλόμενοι,
3463 4457 3626 4528 μόνον
3655 4456 3757 4511 τὸν

2167 4550 2501 4620 Μανιχαῖκὸν
2555 4550 2789 4608 ίὸν,τῶν
2831 4549 3020 4620 ψυχῶν
3067 4549 3399 4621 ὲξεμέσατε,
3459 4551 3556 4603 καὶ
3607 4547 3759 4602 οὕτω

2169 4641 2437 4712 καθαραῖς
2494 4643 2614 4703 ταῖς
2660 4639 2918 4704 διανοίαις
2973 4639 3126 4710 ὑμῶν
3175 4639 3544 4704 πιστεύσατε,
3591 4639 3680 4692 ὅτι
3727 4639 3759 4690 ὁ

2179 4732 2349 4800 Λόγος
2391 4731 2528 4803 σὰρξ
2561 4734 2777 4800 ἐγένετο
2802 4770 2816 4794 ,
2862 4731 2958 4784 καὶ
2995 4731 3306 4800 ἐσκήνωσεν
3353 4732 3412 4783 ἐν
3462 4732 3617 4799 ἡμῖν,
3659 4732 3761 4784 καὶ

2177 4823 2522 4892 ἐθεασάμεθα
2567 4823 2668 4893 τὴν
2695 4823 2853 4890 δόξαν
2898 4822 3063 4876 αὐτοῦ
3111 4823 3186 4887 ὡς
3224 4821 3566 4890 Μονογενοῦς
3599 4823 3761 4892 παρὰ

2173 4915 2286 4966 Πατ
2298 4916 2406 4985 ρὺς,
2434 4914 2522 4968 ἵνα
2549 4916 2643 4968 καὶ
2677 4915 2834 4984 ὐμεῖς
2861 4916 3108 4968 κοινωνοὶ
3138 4913 3245 4968 τῶν
3279 4913 3634 4966 ἀκουσάντων
3666 4914 3763 4981 γέ-

2171 5006 2356 5075 νησθε.
2382 5005 2656 5074 Μακάριοι
2678 5006 2785 5077 γὰρ
2809 5007 2855 5057 oi
2881 5006 2956 5076 μὴ
2987 5005 3185 5067 ἰδόντες
3209 5005 3301 5056 καλ⁸
3331 5004 3758 5066 πιστεύσαντες,

2171 5097 2252 5149 ὅτι
2301 5096 2520 5168 πνεῦμα
2567 5096 2747 5168 σάρκα
2775 5099 2870 5152 καὶ
2913 5097 3076 5150 ὀστέα
3121 5096 3222 5149 οὐκ
3260 5095 3394 5166 ἔχει,
3431 5093 3617 5157 καθὼς
3653 5093 3761 5161 ἐμὲ

2177 5188 2454 5258 θεωρεῖτε.
2483 5187 2740 5256 Τοιαῦτα,
2771 5188 2971 5259 μᾶλλον
2994 5188 3051 5242 δὲ
3082 5188 3176 5240 καὶ
3213 5185 3374 5240 πλεῖα
3405 5186 3551 5256 ὑπὲρ
3582 5185 3763 5238 ταῦτα

2173 5477 2448 5531 corporea:
2479 5462 2731 5532 imaginis
2752 5506 2766 5528 ,
2809 5476 2992 5516 veram
3024 5461 3416 5532 humanitatem
3453 5473 3766 5530 repraesen-

2176 5535 2372 5596 tantis;
2407 5531 2660 5589 similiter
2689 5545 2744 5590 et
2773 5532 3056 5588 Manichwi
3095 5546 3279 5586 verum
3316 5531 3540 5586 Christo
3592 5543 3760 5599 nega-

2172 5604 2302 5656 bant
2335 5617 2550 5671 corpus.
