3938 6168
436 220 467 282 Δ1
483 215 587 280 ἲ59

1465 223 1540 284 ‘S.
1581 224 1963 287 METHODII
1986 222 2509 287 "PATRIARCHIE
2548 226 2658 289 ΟΡ.

3550 230 3714 295 λεδ,

446 342 643 398 resque
694 325 874 398 magni
900 326 1053 385 illius
1079 327 1381 401 descriptos
1419 332 1655 391 habebat
1681 338 1879 409 cuique
1912 354 2017 394 σοι’·

2133 351 2260 401 τους
2291 338 2386 392 τοῦ
2421 338 2659 410 μεγάλου
2698 336 3083 410 ἀναγράπτους
3112 336 3251 409 ἔχων
3291 337 3424 402 Θεδς
3450 378 3464 402 ,
3498 357 3708 416 συντρι-

444 421 525 475 dis
558 419 673 490 ejus
692 420 913 474 attritio
941 421 1112 490 magis
1137 428 1297 491 quam
1331 423 1436 476 ulla
1464 424 1567 479 alia
1615 429 1758 483 actio
1786 429 1871 483 vel
1915 445 2027 485 me-

447 514 638 569 ditatio
689 512 978 581 placebat?
1032 512 1278 568 Morbum
1334 517 1560 572 antistiti
1611 511 1832 591 inﬂigit,
1865 536 2023 592 quem

422 602 640 657 emedici
684 616 879 670 aquam
914 603 1233 659 intercutem
1266 615 1459 661 vocant
1489 625 1504 661 :
1536 609 1765 663 decebat
1794 626 2027 680 namque

445 710 566 749 eum
597 696 686 762 qui
714 695 880 749 multa
916 709 1108 764 aspera
1128 709 1356 764 corpore
1387 707 1554 767 atque
1583 700 1765 752 animo
1805 715 2028 770 perpes-

444 796 541 841 sus
564 786 766 853 fuerat,
804 786 905 841 hoc
935 799 1149 855 quoque
1185 795 1514 843 tormentum
1553 788 1816 859 perferre,
1853 802 1908 845 ut
1932 807 2026 861 per

426 880 629 934 omnia
652 879 827 933 victor
848 887 902 932 et
929 888 1219 932 coronatus
1249 879 1451 935 athleta
1476 880 1860 937 iunotesceret.
1888 882 2022 937 Cum

444 989 574 1043 ergo
618 971 821 1040 ingenii
854 970 971 1025 acie
995 971 1312 1038 praevaleret
1337 974 1417 1026 vir
1464 975 1703 1044 sapiens,
1742 991 2022 1045 poenarum

444 1078 662 1118 causam
705 1075 821 1116 esse
855 1062 1093 1132 agnovit,
1121 1063 1264 1133 quod
1312 1064 1415 1119 zeli
1446 1080 1731 1121 mensuras
1763 1069 2027 1124 excessis-

442 1164 559 1222 set,
601 1168 765 1224 seque
826 1169 1078 1209 set'erum
1141 1157 1632 1226 vehementemque
1680 1159 1731 1212 in
1766 1160 2024 1215 subditos

418 1248 778 1318 praebuisset;
806 1245 984 1305 Corde
1033 1246 1217 1316 itaque
1256 1258 1655 1316 compunctus,
1691 1260 1746 1304 et
1777 1251 2021 1305 cordium

415 1338 708 1408 'cegnitori
773 1337 884 1393 Deo
935 1337 991 1391 in
1041 1337 1234 1407 Spiritu
1272 1337 1594 1393 humilitatis
1641 1336 1752 1394 rem
1798 1355 2019 1395 omnem

418 1430 655 1495 ‘eﬂ'atns,
696 1429 801 1485 illis
829 1429 918 1499 qui
961 1437 1148 1482 contra
1181 1443 1304 1483 eum
1343 1428 1681 1498 deliquerant
1726 1430 1904 1485 debita
1948 1431 2024 1485 di-

438 1522 606 1586 misit,
639 1531 693 1576 et
724 1520 931 1575 relaxat
959 1532 1183 1587 pinnas:
1215 1519 1513 1583 nonnullis,
1556 1535 1621 1574 eo
1643 1516 1787 1590 quod
1815 1533 2011 1577 contra

424 1626 710 1669 summum
738 1613 1106 1668 sacerdotium
1137 1612 1461 1667 insolentius
1483 1615 1659 1684 egisse
1684 1613 2017 1681 viderentur,

2131 430 2233 502 σὴν
2290 434 2655 505 προσιέμενος
2699 436 2801 505 τῆς
2848 435 3073 505 καρδίας
3118 434 3259 506 ὑπὲρ
3311 436 3495 489 πᾶσαν
3543 435 3715 508 ἄλλην

2129 525 2329 594 πρᾶξιν
2377 524 2409 596 ἢ
2446 525 2720 597 θεωρίαν;
2765 526 2940 580 Νόσον
2991 526 3260 597 ἐπαφίησι
3302 526 3380 597 τῷ
3447 528 3707 602 ἱεράρχῃ,

2129 615 2318 685 ὕδερον
2361 619 2527 691 αὐτὴν
2573 621 2623 674 oi
2659 622 2835 692 ἰατροὶ
2887 620 3273 692 ὀνομάζουσιν·
3313 620 3422 693 ἔδει
3468 622 3584 695 γὰρ
3619 623 3716 678 τὸν

2112 704 2449 781 ’πολυδὰμαν
2481 712 2576 766 καὶ
2610 711 2817 784 ταύτην
2866 713 3169 783 ὑποστῆναι
3198 713 3296 785 τὴν
3329 713 3587 785 βάσανον,
3625 717 3714 771 ἵνα

2125 796 2214 851 διὰ
2263 800 2481 855 πάντων
2512 800 2922 872 στεφανηφόρος
2969 802 3259 870 ἀναφανεῖ.
3318 800 3471 868 Ὀξὺς
3520 803 3579 859 δὲ
3635 802 3714 856 ὢν

2129 885 2223 938 καὶ
2262 887 2685 957 ἁγχινούστατος
2740 891 2767 943 ὀ
2818 889 2979 957 σοφὸς
3006 929 3022 954 ,
3054 890 3268 958 ἐπέγνω
3299 891 3361 944 τὸ
3406 892 3583 945 αἴτιον
3610 892 3714 962 τῆς

2128 975 2396 1043 παιδείας,
2425 978 2507 1032 ὅτι
2532 996 2590 1032 τε
2618 976 3011 1059 τὲατοῦζήλομ
3038 980 3352 1052 ὑπερήλατο
3368 982 3583 1053 μέτρα,
3616 984 3714 1038 καὶ

2128 1069 2403 1141 ἀποτομία
2443 1070 2583 1123 κατὰ
2615 1071 2723 1123 τῶν
2767 1071 3096 1142 ὑποχειρίων
3145 1073 3438 1143 ἐχρήσατο.
3478 1075 3710 1145 Συντρι-

2126 1159 2239 1222 ϐεὶς
2275 1154 2368 1213 οὗν
2393 1161 2491 1232 τὴν
2518 1162 2750 1232 καρδίαν
2785 1164 2843 1216 ἐν
2877 1162 3146 1234 πνεύματι
3171 1163 3583 1229 ταπεινώσεως,
3613 1166 3710 1220 καὶ

2123 1251 2201 1322 τῷ
2257 1253 2665 1328 καρδιογνώστῃ
2723 1253 3263 1325 ἐξομολογησάμενος
3304 1249 3459 1325 Θεῷ,
3511 1256 3708 1329 ἀφίησι

2126 1344 2224 1413 μὲν
2253 1346 2364 1407 τοῖς
2394 1345 2473 1406 είς
2497 1343 2660 1397 αὑτὸν
2696 1344 2979 1397 ἐπταικόσι
3009 1344 3108 1408 τὰς
3146 1345 3387 1412 ὀφειλὰς,
3420 1346 3619 1417 ἀφίησί
3654 1346 3708 1417 γ’

2121 1434 2215 1488 οῦν
2263 1435 2415 1504 ὅμως
2459 1435 2771 1506 ὡρισμένας
2806 1437 3090 1505 ἐπιτιμίας
3142 1436 3304 1502 τισὶν,
3346 1432 3448 1506 τῆς
3494 1439 3575 1502 είς
3608 1438 3711 1510 τὴν

2123 1525 2275 1583 θείαν
2323 1526 2739 1599 ἀρχιερωσύνην
2791 1527 2951 1598 χάριν
3009 1528 3462 1598 περιφρονήσεως
3511 1546 3572 1582 τε
3613 1530 3709 1584 καὶ

2120 1616 2450 1680 αὐθαδείας,
2506 1614 2694 1685 ὥσπερ
2745 1617 2851 1668 τινὶ
2905 1615 3110 1686 χαλινῷ
3156 1615 3704 1690 τοὺςςθερμοτέρους

434 1703 803 1775 praescriptis,
839 1702 965 1783 dum
1008 1700 1162 1755 freno
1202 1702 1436 1771 quodam
1481 1682 1854 1758 ardentiOrum
1921 1719 2016 1758 ora

2122 1708 2512 1779 ἐπιστομίζων,
2538 1709 2633 1762 καὶ
2664 1707 2807 1761 οὕτω
2836 1708 3024 1761 λοιπὸν
3050 1708 3144 1762 τὸν
3171 1708 3271 1779 τῆς
3313 1709 3577 1780 οἰήσεως,
3613 1712 3710 1766 καὶ

414 1794 598 1849 ‘vellet
647 1793 1049 1864 constringere.
1075 1793 1176 1848 Sic
1218 1808 1312 1862 per
1364 1792 1724 1849 humilitatem
1768 1805 1822 1849 et
1861 1810 2015 1848 man-

435 1878 781 1941 suetudinem
831 1899 984 1939 rana:
1044 1885 1130 1940 sui
1178 1885 1607 1939 existimationis
1652 1887 2019 1955 prarsumptio-

418 1978 629 2047 ‘tiisque
678 1976 959 2032 debellatis
992 1977 1287 2032 dmmonem
1317 2016 1330 2038 ,
1361 1976 1452 2046 qui
1501 1977 1701 2032 virtute
1752 1978 2014 2047 pnes-Ian-

439 2070 585 2123 tihus
632 2068 764 2124 viris
811 2083 964 2138 arque
1013 2066 1357 2125 affluentibus
1412 2069 1736 2135 innascitur,
1793 2069 2019 2141 reliquis

428 2162 550 2218 suis
606 2161 942 2223 facinoribus
1004 2161 1303 2240 noxiorum
1370 2158 1666 2215 affectuum
1726 2162 2014 2216 victoriam

436 2256 665 2311 addidit.
699 2254 838 2313 Hinc
886 2269 1051 2325 porro
1096 2256 1161 2308 ad
1198 2254 1420 2318 beatas,
1469 2255 1864 2323 sempiternas.
1903 2268 2016 2308 me-

416 2347 709 2416 iiuresque
736 2347 893 2400 sedes
919 2346 1141 2414 gradum
1169 2344 1317 2407 l’acit,
1350 2345 1493 2397 inter
1516 2354 1784 2415 martyres
1814 2341 2015 2417 Christi

418 2453 671 2510 martyr,
706 2440 845 2494 inter
878 2426 1600 2510 partriarchaspatriarcha
1626 2477 1642 2500 ,
1676 2436 2018 2505 interjnstos

438 2545 797 2602 ascetasque,
879 2531 1040 2586 rebus
1113 2530 1365 2586 omnibus
1434 2528 1753 2594 absolutos,
1813 2528 2019 2596 ascrip-

415 2635 560 2693 ‘tus;
600 2636 687 2693 et,
735 2633 792 2679 ut
830 2623 1053 2687 ﬁniam,
1082 2631 1211 2679 ante
1250 2621 1457 2676 Christi
1510 2630 1859 2691 conspectum
1908 2619 2020 2675 col-

410 2708 685 2782 iocatus,
750 2733 847 2788 pro
917 2728 1025 2785 quo
1084 2714 1324 2769 infinitos
1393 2714 1750 2785 ingentesque
1808 2712 2020 2767 labores

433 2807 811 2865 exantlaverat
834 2847 849 2868 ,
878 2805 1023 2860 illius
1053 2803 1472 2875 pulchritudinis
1501 2818 1571 2856 ac
1595 2802 1899 2868 suavitatis,
1919 2816 2019 2871 pro

420 2910 616 2954 .amato
670 2899 923 2968 tristique
978 2905 1377 2952 tormentorum
1427 2895 1845 2966 experimento,
1890 2910 2017 2965 par—

436 2980 637 3064 ticcps:

507 3109 596 3164 18.
645 3106 785 3174 Sed,
834 3119 868 3161 ο
922 3120 1118 3161 currus
1157 3103 1405 3170 divinus,
1457 3106 1623 3160 Deum
1671 3107 2014 3176 aurigantem

432 3211 680 3271 portans,
715 3215 810 3269 per
840 3213 998 3268 quem
1033 3198 1356 3252 insanientis
1382 3198 1606 3253 lueresis
1635 3197 1930 3267 phalanges
1958 3198 2012 3252 in

438 3297 615 3365 fugam
666 3291 1037 3348 versre'sunt'.
1079 3290 1122 3343 0
1170 3304 1264 3354 os,
1301 3289 1579 3358 Quodres
1614 3289 1826 3343 divinas
1871 3289 2016 3345 velut

437 3387 601 3451 tuba,
651 3383 778 3439 Jcsn
811 3384 958 3439 Nave
991 3376 1131 3438 tubis
1160 3397 1356 3437 sonora
1391 3381 1887 3463 Inagis,liunntuit;
1919 3378 2015 3451 per

436 3479 579 3548 quod
611 3476 930 3548 sacrilegum
964 3474 1172 3530 Christi
1207 3473 1445 3554 hostium
1478 3473 1870 3528 munimentum
1903 3475 2015 3533 dis-

430 3570 671 3640 jectum,
724 3577 782 3624 et
823 3567 964 3622 avita
1015 3576 1273 3634 rectaque
1304 3566 1466 3630 ﬁdes,
1499 3566 1653 3636 quasi
1702 3582 1840 3621 nova
1886 3581 2013 3637 pro-

438 3661 717 3715 missionis
745 3670 921 3725 terra,
952 3659 1209 3729 universo
1241 3652 1422 3713 Israeli
1459 3659 1635 3725 Deiin
1674 3668 1876 3713 sortem
1905 3658 2016 3714 dis-

439 3753 641 3831 tributa
698 3736 892 3807 esth
941 3750 1213 3823 Davidicaa
1262 3750 1481 3806 virtutis
1540 3763 1594 3805 et
1637 3752 1918 3805 mmulator
1960 3760 2016 3806 et

435 3840 862 3917 successorl’Ut
889 3841 1030 3894 enim
1065 3840 1157 3893 ille
1182 3840 1356 3908 lapide
1389 3838 1695 3894 Goliathum
1726 3840 2012 3917 percussit,
2059 3893 2068 3902 ,

436 3933 516 3990 sic
542 3942 595 3986 et
627 3943 680 3987 tu
720 3933 989 3988 haereseos
1021 3940 1500 4001 pr0pugnatorem,
1545 3926 1707 3984 Verbi
1742 3920 2012 3985 incarnati

437 4018 705 4091 imagines
735 4020 1125 4084 dtﬂ'amantem,
1148 4014 1592 4090 angularilapide
1618 4021 1674 4075 id
1704 4031 1785 4075 est
1812 4020 2011 4098 Christi

438 4131 570 4168 vero
623 4130 879 4181 corpore,
924 4113 1296 4189 prostravisti.
1348 4108 1393 4166 Ο
1433 4111 1650 4167 Mosaici
1697 4112 1798 4167 zeli
1847 4122 1902 4167 et
1933 4128 2016 4169 re-

440 4207 660 4279 gimiuis
689 4207 932 4261 imitator
979 4218 1140 4275 atque
1171 4204 1375 4277 haeres!
1412 4188 1592 4259 annon
1618 4205 1760 4260 enim
1792 4215 1845 4260 tu
1874 4206 2012 4276 ipse,

440 4308 498 4353 ut
523 4303 575 4353 et
617 4298 737 4365 ille,
782 4310 1073 4367 antequam
1106 4298 1347 4366 regimen
1381 4296 1591 4362 obires,
1625 4312 1684 4351 ea
1717 4313 1837 4373 quae
1872 4300 2015 4373 regi-

438 4390 598 4445 minis
670 4399 829 4454 sunt,
897 4387 1212 4456 eXplevisti;
1280 4395 1531 4440 vexatum
1595 4396 2013 4457 gementemque

433 4480 529 4536 Dei
593 4480 847 4551 populum
900 4480 1166 4544 visitans,
1215 4481 1566 4547 animamque
1616 4494 1713 4548 pro
1758 4478 2012 4535 universa

434 4571 676 4628 Ecclesia
710 4586 954 4642 ponens,
995 4571 1145 4642 prius
1187 4570 1406 4640 quidem
1429 4610 1444 4635 ,
1480 4580 1539 4623 ut
1583 4570 1706 4637 ille,
1741 4572 1792 4625 in
1831 4570 2011 4643 fugam

434 4680 657 4729 versus,
710 4664 1053 4735 postmodum
1089 4677 1379 4731 reversus,
1425 4662 1609 4719 divino
1662 4674 1722 4718 ut
1759 4664 1847 4719 ille
1884 4680 2013 4721 ora—

433 4758 593 4822 culo,
654 4756 1024 4827 dominicique
1081 4755 1261 4828 gregis
1316 4755 1623 4826 principatu
1685 4759 2015 4813 condecora-

437 4851 566 4905 tus?
599 4848 663 4918 Ο,
695 4834 786 4920 qui
829 4849 1014 4904 Eliaco
1046 4848 1319 4904 sacrificio
1357 4850 1631 4905 sacratius
1663 4850 1772 4906 Deu
1816 4849 2017 4907 obtuli-

433 4944 535 5011 sti;
571 4955 623 4998 ct
675 4959 818 5011 non,
860 4953 918 4996 ut
970 4942 1099 5011 ille,
1151 4942 1414 4999 ducentos
1458 4941 1544 4998 vel
1590 4942 2017 5013 quadringentos

432 5033 770 5089 confusionis
804 5020 1123 5089 sacerdotes
1162 5032 1445 5100 mactasti,
1477 5032 1571 5087 sed
1603 5031 1834 5103 vigesies
1870 5033 2016 5088 mille

429 5127 735 5194 etamplius
767 5125 1236 5189 vera-confusione
1258 5126 1786 5203 dignos‘sacerdotes
1808 5124 1876 5195 (ι)
1915 5124 2013 5178 im-

431 5219 719 5289 pedivisti,
779 5219 1150 5290 ohstitistique
1190 5234 1256 5274 ne
1294 5219 1457 5287 impie
1502 5217 1675 5273 sacris
1723 5215 2011 5287 fungeren-

502 5421 567 5492 (ι)
607 5415 885 5492 Quotquot
920 5412 1166 5492 scilicet,
1187 5412 1250 5492 in
1284 5408 1766 5492 lcottontagltortim
1816 5407 2009 5477 impie-

430 5477 569 5545 tates
608 5477 874 5558 prolapsi,
913 5485 1033 5558 jam
1093 5477 1297 5538 dictum
1347 5480 1492 5534 circa
1545 5477 1747 5558 Christi
1803 5494 2002 5558 corpus

428 5549 671 5617 errorem
698 5549 1164 5627 professifuerunt
1198 5569 1211 5606 :
1242 5565 1468 5627 quorum
1501 5564 1624 5627 cum
1649 5549 1764 5604 loca
1792 5550 2002 5627 noviter

420 5619 1101 5689 ordinatis'sacerdotibus
1129 5634 1307 5678 essent
1335 5619 1598 5690 explenda
1621 5658 1634 5685 ,
1673 5636 1777 5676 non
1823 5620 1999 5689 potuit

2039 3033 2089 3090 C

2045 4707 2092 4768 D

2120 1800 2468 1873 θρασύτητος
2482 1801 2735 1871 δαίμονα,
2758 1801 2908 1863 ὅστις
2948 1802 3061 1863 τοῖς
3113 1799 3403 1853 πλουτοῦσι
3437 1802 3539 1872 τὴν
3568 1804 3709 1874 ἀρε-

2116 1890 2214 1961 τὴν
2236 1889 2550 1959 ἐπιφύεται,
2568 1889 2657 1942 διὰ
2677 1887 3178 1958 ταπεινοφροσύνης
3198 1904 3256 1941 τε
3280 1888 3372 1940 καὶ
3396 1891 3708 1960 πραότητος

2116 1980 2635 2050 καταγωνισάμενος
2663 1978 2989 2051 προστίθησι
3011 1980 3121 2039 τοῖς
3145 1977 3352 2040 λοιποῖς
3376 1977 3544 2032 αὑτοῦ
3572 1996 3708 2033 κατ-

2116 2072 2400 2144 ορθώμασι
2431 2112 2445 2135 ,
2478 2073 2571 2125 καὶ
2598 2071 2660 2124 τὸ
2686 2069 2830 2125 κατὰ
2862 2068 2971 2125 τῶν
3002 2069 3263 2140 ὀλεθρίων
3284 2069 3490 2125 τούτων
3516 2070 3710 2125 παθῶν

2121 2168 2460 2237 νικητήριον.
2502 2149 2817 2218 Κάντεῦθεν
2865 2162 3054 2218 λοιπὸν
3086 2161 3225 2234 πρὸς
3273 2166 3373 2233 τὴν
3415 2166 3709 2234 μακαρίαν

2118 2260 2213 2311 καὶ
2257 2258 2510 2330 ἁείμονον
2557 2258 2651 2310 καὶ
2697 2257 2907 2327 ἀμείνω
2964 2254 3118 2325 λῆξιν
3177 2257 3512 2326 μεταχωρεῖ,
3565 2255 3712 2326 μετὰ

2122 2349 2420 2423 μαρτύρων
2461 2351 2489 2403 ό
2535 2349 2774 2420 Χριστοῦ
2821 2349 3061 2419 μάρτυρ,
3120 2347 3217 2400 σὺν
3266 2352 3640 2419 πατριάρχαις
3678 2350 3712 2404 ὀ

2122 2442 2478 2512 Πατριάρχης
2506 2482 2520 2507 ,
2579 2441 2718 2511 μετὰ
2779 2438 3008 2493 δικαίων
3047 2438 3141 2493 καὶ
3189 2437 3447 2506 ἀσκητῶν
3494 2443 3523 2493 ὁ
3576 2440 3711 2511 περὶ

2128 2533 2309 2586 πάντα
2338 2532 2544 2596 τέλειος
2581 2531 3018 2600 καταλεγόμενος
3039 2571 3054 2594 ,
3082 2530 3236 2593 τέλος
3262 2570 3276 2595 ,
3320 2530 3403 2603 τῷ
3424 2531 3712 2602 προσώπῳ

2120 2623 2364 2697 Χριστοῦ
2400 2624 2774 2694 ὀπτανόμενος
2801 2663 2815 2688 ,
2848 2623 2988 2693 ὑπὲρ
3032 2623 3095 2677 οὗ
3129 2623 3359 2695 μυρίους
3399 2625 3494 2677 καὶ
3535 2626 3712 2694 μεγά-

2119 2714 2243 2779 λους
2280 2715 2558 2785 ὑπήνεγκε
2585 2713 2781 2775 πόνους
2804 2753 2818 2776 ,
2858 2712 3152 2767 ἀπολαύων
3182 2713 3279 2782 τῆς
3309 2713 3475 2767 αὑτοῦ
3507 2714 3713 2787 ὡραιό-

2120 2823 2282 2879 τητος
2308 2807 2403 2859 καὶ
2437 2804 2772 2876 γλυκύτητος
2818 2803 2939 2858 ἀντὶ
2968 2805 3068 2874 τῆς
3116 2805 3319 2875 πικρᾶς
3338 2805 3429 2857 καὶ
3449 2803 3710 2875 ὰλγεινῆς

2121 2902 2229 2958 τῶν
2265 2901 2517 2974 βασάνων
2559 2900 2778 2972 πείρας.

2189 3105 2281 3178 ιη’.
2334 3106 2499 3171 Ἀλλ’,
2539 3099 2583 3159 ὧ
2622 3104 2774 3176 ἅρμα
2800 3103 2965 3171 θεῖον,
3005 3104 3097 3159 τὸν
3124 3103 3259 3158 Θεὸν
3292 3104 3619 3175 ἡνιοχοῦντά
3645 3121 3710 3159 σε

2118 3199 2305 3270 φέρον,
2342 3197 2411 3251 δι’
2459 3191 2519 3250 οὗ
2562 3198 2618 3250 αί
2673 3197 2955 3267 φάλαγγες
2990 3194 3093 3267 τῆς
3141 3197 3493 3267 μισοχρίστυυ
3548 3197 3709 3268 stips-

2118 3305 2258 3352 σεως
2279 3287 2705 3361 ἐτροπώθησανί
2738 3280 2808 3339 Ὦ
2844 3289 3040 3358 στόμα,
3065 3287 3126 3339 τὸ
3150 3287 3218 3340 τὰ
3250 3287 3369 3339 Θεῖα
3413 3287 3709 3355 σαλπίσαν,

2114 3378 2445 3451 ὑψηλότερον
2474 3378 2583 3432 τῶν
2612 3377 2705 3449 τοῦ
2742 3377 2899 3449 Ναυὴ
2934 3377 3270 3445 σαλπίγγων,
3291 3376 3357 3429 δι’
3385 3372 3446 3431 οὗ
3468 3378 3529 3430 τὸ
3560 3377 3712 3448 ίερό-

2118 3471 2279 3524 συλον
2313 3470 2425 3524 τῶν
2455 3470 2841 3541 χριστομὰχων
2873 3469 3147 3540 ὀχύρωμα
3170 3469 3513 3540 νκατεόλὴθη,
3548 3472 3645 3523 καὶ
3666 3471 3711 3541 ἡ

2117 3562 2351 3634 πατρῴα
2399 3561 2714 3634 ὀρθοδοξία,
2767 3563 2844 3625 ὼς
2893 3561 3029 3631 ἄλλη
3085 3579 3169 3624 τις
3202 3562 3272 3632 γῆ
3324 3561 3710 3629 ἐπαγγελίας,

2118 3656 2284 3708 παντὶ
2344 3652 2858 3723 κατεκληροδοτήθη
2889 3651 2965 3723 τῷ
3015 3652 3119 3721 νέῳ
3145 3651 3238 3705 τοῦ
3272 3651 3407 3704 Θεοῦ
3456 3651 3705 3723 Ίσραήλί

2114 3741 2186 3799 Ὦ
2214 3746 2310 3818 τῆς
2339 3745 2431 3811 τοῦ
2461 3744 2621 3798 Δαυῒδ
2655 3743 2934 3811 ἀριστείας
2960 3744 3053 3797 καὶ
3082 3742 3299 3813 ζηλῶτα
3330 3744 3425 3797 καὶ
3452 3743 3702 3814 διάδοχει

2130 3838 2222 3901 Ὧς
2246 3838 2354 3909 γὰρ
2385 3837 2590 3900 ἐκεῖνος
2637 3836 2770 3907 λίθῳ
2798 3838 2891 3889 τὸν
2929 3834 3123 3890 roma
3176 3835 3391 3900 ἔϐαλεν,
3420 3834 3564 3889 οὕτω
3612 3836 3712 3890 καὶ

2116 3929 2280 3992 αὐτὸς
2326 3928 2419 3981 τὸν
2451 3929 2550 3997 τῆς
2590 3928 2883 3999 αἱρέσεως*
2913 3927 3180 3998 πρόϐολον
3214 3928 3441 4001 δοκῆσαι
3475 3928 3574 3998 τὴν
3612 3927 3711 3981 τοῦ

2107 4020 2291 4087 ,Λόγου
2327 4020 2602 4089 σάρκωσιν
2628 4019 3017 4090 δυσφημοῦντα
3036 4018 3116 4089 τῷ
3138 4019 3521 4089 ἀκρογωνιαίῳ
3546 4017 3709 4089 λίθῳ,

2117 4115 2238 4184 ἦτοι
2268 4112 2504 4184 Χριστοῦ
2538 4112 2729 4183 ἀληθεῖ
2766 4110 3456 4183 σώματικαταόἐὸληκας.
3498 4106 3570 4165 Ὦ
3611 4110 3709 4166 τοῦ

2116 4205 2404 4268 Μωῦσέως
2458 4206 2553 4275 καί
2595 4205 2760 4275 ζήλου
2807 4206 2905 4257 καὶ
2948 4205 3310 4276 δημαγωγίας
3347 4203 3572 4274 μιμητὰ
3611 4205 3710 4259 καὶ

2118 4298 2467 4369 κληρονόμει
2507 4296 2675 4368 ἡγὰρ
2719 4296 2840 4367 οὑχὶ
2873 4297 2967 4350 καὶ
3020 4297 3183 4362 αὐτὸς
3233 4297 3308 4360 ὡς
3344 4298 3552 4359 ἐκεῖνος
3596 4297 3709 4367 πρὸ

2120 4392 2219 4461 τῆς
2243 4390 2421 4461 ἀρχῆς
2444 4388 2514 4442 τὰ
2533 4390 2632 4460 τῆς
2647 4390 2824 4460 ἀρχῆς
2854 4388 3204 4453 ἐπιδέδειξαι,
3236 4389 3707 4459 ἐπισκεπτόμενος

2120 4482 2210 4537 τὸν
2244 4481 2588 4552 κακούμενον
2647 4483 2745 4534 καὶ
2797 4480 3056 4534 στένοντα
3113 4480 3396 4553 ὀρθόδοξον
3443 4480 3572 4534 λαὸν
3608 4479 3706 4534 τοῦ

2118 4573 2276 4639 θεοῦ,
2319 4574 2418 4627 καὶ
2464 4575 2562 4644 τὴν
2598 4572 2776 4643 ψυχὴν
2824 4573 2965 4644 ὑπὲρ
3026 4573 3125 4643 τῆς
3177 4574 3305 4644 ὅλης
3368 4572 3710 4644 Ἐκκλησίας

2117 4666 2442 4737 προέμενον,
2474 4665 2678 4733 φυγὼν,
2721 4664 2821 4735 μὲν
2874 4664 2998 4718 κατ’
3055 4666 3265 4718 ἐκεῖνον
3310 4664 3372 4718 τδ
3407 4664 3707 4735 πρότερον,

2119 4755 2466 4828 ὑποστρέψας
2492 4756 2548 4809 δὲ
2577 4757 2778 4827 ὁμοίως
2810 4756 2960 4826 ὅμως
2985 4756 3225 4827 χρησμῷ
3261 4756 3360 4825 καὶ
3419 4755 3519 4826 τῆς
3552 4755 3710 4819 θείας

2123 4849 2520 4920 ποιμνιαρχίας
2551 4848 2897 4919 ὴξιωμένοςς
2930 4844 3003 4901 ’Ὦ
3029 4850 3130 4920 τῆς
3169 4849 3353 4902 Ἠλίου
3402 4848 3711 4920 ἱερωτέραν

2117 4938 2311 4993 θυσίαν
2374 4936 2742 5010 προσαγαγὼν
2791 4939 2951 5009 Θεῷ,
2998 4940 3096 4995 καὶ
3138 4940 3199 4993 οὐ
3248 4938 3562 5002 διακοσίους
3610 4939 3711 4991 καὶ

2112 5030 2522 5104 τετρακοσίους,
2544 5030 2619 5095 ὡς
2638 5031 2823 5099 αὐτὸς,
2846 5031 3054 5086 ἀνελὼν
3079 5034 3246 5104 ἱερεῖς
3263 5032 3554 5103 αἰσχύνης,
3566 5030 3711 5086 ἀλλὰ

2111 5121 2441 5195 δισμυρίους
2461 5124 2554 5176 καὶ
2576 5123 2890 5195 περαιτέρω
2906 5128 3003 5197 τῆς
3029 5116 3196 5188 ὅντως
3225 5124 3489 5195 αἰσχύνης
3522 5123 3711 5189 ἀξίους
3800 5174 3803 5175 ,

2113 5216 2276 5287 ἱερεῖς
2307 5215 2558 5280 κωλύσας
2592 5232 2649 5270 τε
2682 5217 2776 5296 καὶ
2810 5216 3106 5289 καθείρξας
3148 5216 3426 5271 δυσσεὸὦν
3455 5213 3712 5287 ἱερᾶσθαι

2122 5409 2174 5463 in
2199 5408 2392 5462 horum
2414 5408 2633 5465 delectu
2665 5410 2772 5465 alia
2799 5411 2987 5467 haberi
3019 5411 3177 5476 ratio,
3203 5419 3262 5463 ut
3283 5425 3445 5479 supra
3474 5409 3704 5476 dictum.

2111 5494 2275 5553 quam
2303 5488 2359 5532 ut
2385 5494 2602 5553 setnper
2624 5481 2965 5553 orthodoxos
3003 5481 3174 5553 fuisse
3197 5491 3508 5541 constaret,
3546 5481 3705 5553 licet,

2106 5547 2175 5602 oh
2208 5550 2344 5622 alias
2371 5547 2514 5622 oliui
2548 5551 2792 5621 publicas
2818 5554 3007 5622 culpas
3031 5592 3046 5621 ,
3087 5547 3350 5622 eo‘gradu
3375 5562 3563 5606 essent
3586 5547 3699 5606 ἰοί-ἐ

2108 5621 2269 5675 lassis
2295 5619 2521 5689 indigni.
2549 5619 2563 5621 ⁷
2892 5630 2899 5637 ‘
