3938 6168
249 246 380 310 121‘1

1778 235 1973 296 VITA.

3395 236 3532 302 1262

245 358 759 430 ὶπαισχυνομένους
817 357 1102 429 ὁμολογεῖν
1153 356 1249 427 τὴν
1310 353 1516 427 ἀψευδῆ
1561 353 1653 408 τοῦ
1713 353 1850 406 Θεοῦ

1961 363 2062 421 tur,
2095 357 2481 412 erubescentes
2513 371 2691 412 veram
2725 355 2892 412 divini
2920 357 3079 412 Verbi
3113 357 3528 420 humanitatem.

247 453 426 520 Λόγου
455 452 762 522 σάρκωσιν,
795 451 864 505 δι’
903 447 972 522 ἧς
1005 450 1066 503 τὸ
1085 447 1434 520 ἀνθρώπινον
1458 449 1619 518 γένος
1650 448 1848 500 ἀνακε-

250 543 572 606 καένισται’,
616 541 892 612 εὐκαίρως
933 541 994 594 τὸ
1027 541 1126 610 τῆς
1175 540 1345 610 σοφῆς
1380 539 1683 611 παροιμίας
1717 539 1849 601 ἔπος

247 638 429 688 εἰπεῖν
460 653 473 666 ·
528 634 730 688 Θυσίατι
777 634 994 688 ἀσεϐῶν
1031 634 1307 705 βδέλυγμα
1351 633 1566 704 Κυρίῳ,
1612 633 1708 686 καὶ
1740 632 1849 703 γὰρ

249 728 591 798 παρανόμως
629 727 1042 798 προσφέρουσιν
1077 726 1268 789 αὑτάς.
1312 724 1403 795 Τῷ
1453 725 1568 780 ὄντι
1597 726 1704 796 γὰρ
1741 740 1848 775 πα-

231 824 490 891 ράνομοι
517 821 567 876 οἱ
597 819 858 884 τοιοῦτοι,
893 819 1237 890 ἐψευσμένου
1269 819 1526 888 σώματος
1549 819 1848 872 ἀντίτυπον

253 913 438 981 σῶμα,
475 912 689 982 ψευδῶς
722 913 802 976 εἰς
833 911 1026 965 θυσίαν
1063 913 1608 983 παραλαμϐάνοντες.
1644 908 1712 965 Ὦ
1745 912 1846 981 τῆς

252 1006 471 1072 Πέτρου
507 1006 679 1073 θήκης
709 1004 1048 1074 θεραπευτά,
1076 1004 1288 1058 καὶτοῦ
1321 1005 1534 1058 ἐκεῖθεν
1561 1004 1846 1073 ἀγιασμοῦ

251 1096 354 1165 τῆς
384 1096 584 1164 ἁγνίας
618 1095 1074 1168 θησαυροφύλαξί
1111 1093 1181 1149 Ὦ
1210 1098 1424 1151 Παῦλον
1449 1096 1699 1169 [μᾶλλον]
1722 1099 1850 1152 ἀνα-

251 1188 435 1240 πνέων
479 1188 512 1258 ἦ
543 1188 640 1241 τὸν
673 1187 814 1258 ἀέρα
844 1189 857 1241 i
892 1184 962 1240 Ὦ
987 1188 1170 1258 πάσης
1193 1187 1345 1252 θείας
1377 1189 1472 1242 καὶ
1500 1189 1850 1260 προφητικῆς

251 1279 486 1349 Γραφῆς
542 1279 814 1346 γλῶσσαι
873 1277 946 1334 Ὦ
1005 1279 1371 1351 εὐαγγελικῆς
1413 1281 1706 1352 ,σαφηνίας
1754 1281 1849 1334 καὶ

247 1372 483 1441 ,χάριτος
519 1371 702 1440 βίϐλος
730 1412 745 1436 ,
795 1373 1108 1444 Γρηγορίου·
1150 1375 1245 1426 καὶ
1281 1373 1566 1429 Βασιλείου
1601 1377 1697 1427 καὶ
1738 1375 1848 1426 τῶν

251 1465 379 1516 κατ’
411 1467 618 1528 αὐτοὺς
657 1465 930 1544 θεολόγων
966 1465 1292 1534 συνθεολόγε
1337 1468 1430 1522 καὶ
1463 1468 1736 1538 σύσκηνεί
1779 1467 1849 1522 Ὠ

251 1557 655 1627 ἀκτημοσύνης
708 1558 1073 1629 δυσπορίστου
1121 1560 1364 1630 κτήσεως
1399 1560 1849 1631 κτῆτορίτοσαύ-

252 1663 354 1716 της
387 1648 502 1719 γὰρ
537 1650 630 1701 καὶ
659 1648 854 1720 ἡλίκης
888 1650 1206 1718 περιουσίας
1229 1652 1322 1704 καὶ
1353 1651 1602 1716 ἐξουσίας
1637 1655 1845 1725 κατάρα

256 1737 377 1804 ξας,
411 1739 624 1809 γυμνὸς
651 1740 833 1809 πάσης
860 1739 1052 1810 ὑλικῆς
1082 1741 1312 1804 κτίσεως
1348 1741 1438 1797 τὸν
1470 1741 1584 1811 βίον
1609 1743 1846 1814 διῆλθες,

262 1829 338 1900 μὴ
373 1827 522 1899 ἔχων
562 1828 664 1881 ποῦ
697 1830 790 1882 καὶ
819 1830 980 1892 αὐτὸς
1011 1831 1327 1902 ὑποσκηνὴν
1354 1832 1722 1902 προσπαθείας
1752 1832 1849 1905 τὴν

254 1920 508 1990 κεφαλὴν
548 1907 761 1974 κλῖναι·
787 1923 813 1974 ὁ
845 1921 1041 1994 πένησι
1067 1923 1480 1993 συμπενόμενος
1501 1963 1517 1988 ,
1553 1926 1649 1977 καὶ
1681 1925 1849 1988 ξένοις

260 2010 694 2081 συγξενητεὺων,
724 2013 800 2083 τῷ
836 2014 937 2084 μὲν
961 2017 1027 2086 τῇ
1058 2013 1166 2068 τῶν
1193 2015 1391 2086 χρειῶν
1415 2016 1741 2087 μεταδώσει,
1771 2018 1852 2088 τῷ

255 2100 314 2152 ’δὲ
344 2104 414 2172 τῇ
454 2103 864 2172 ἀπροσπαθείᾳ.

333 2192 424 2248 ιϐ’.
465 2190 537 2247 Ὦ
565 2196 938 2267 Πατριάρχας,
985 2196 1356 2269 Ὀμολογητάς
1387 2200 1728 2272 ὀρθοδόξους,
1759 2204 1852 2256 καὶ

262 2283 480 2354 ζῶντας
521 2291 614 2342 καὶ
651 2291 1029 2360 μεταστάντας
1075 2293 1170 2346 καὶ
1213 2293 1474 2358 θανόντας
1507 2297 1744 2366 τιμήσας
1775 2297 1851 2360 ὡς

258 2380 540 2450 πατέρας,
576 2380 700 2433 ὅθεν
735 2377 793 2434 εὖ
826 2399 910 2435 σοι
935 2385 1230 2453 γεγένηται
1255 2388 1267 2438 i
1296 2381 1366 2439 Ὦ
1405 2387 1607 2448 παντὸς
1643 2387 1850 2456 ἀγαθοῦ

262 2472 431 2541 ἔργου
470 2474 563 2525 καὶ
593 2473 760 2541 λόγου,
797 2478 1046 2544 ταμιεῖον
1076 2477 1106 2532 ἢ
1143 2478 1528 2548 καταγώγιονί
1577 2480 1851 2550 Πρόστηθι

263 2567 356 2617 καὶ
405 2564 508 2617 νῦν
559 2566 809 2635 συνήθως
845 2568 943 2638 τῆς
998 2568 1234 2640 ποίμνης
1287 2587 1379 2624 σου
1407 2586 1421 2599 ⁶
1459 2557 1623 2642 ρἧον
1670 2573 1853 2640 ἱκετη-

264 2654 415 2728 ρίους
455 2653 644 2723 φωνὰς
684 2657 818 2726 πρδς
852 2656 1087 2728 Χριστὸν
1116 2659 1206 2711 τὸν
1231 2659 1362 2714 Θεὸν
1388 2661 1568 2732 ἡμῶν,
1607 2664 1855 2732 ἐπισχεῖν

263 2747 373 2799 τῶν
419 2743 720 2818 βαρϐάρων
765 2748 936 2803 ὲθνῶν
974 2751 1073 2814 τὰς
1116 2751 1372 2820 ἐφόδους,
1403 2752 1713 2818 ἀπαλλάξαι
1747 2755 1855 2807 τῶν

262 2834 909 2909 λοιμαινομένωνθηρῶν
933 2841 1032 2912 τὴν
1065 2841 1230 2896 αὐτοῦ
1271 2843 1624 2912 Ἐκκλησίαν,
1653 2843 1856 2908 ἐξελεῖν

267 2931 332 2982 τὰ
356 2928 458 2982 τοῦ
493 2930 735 2999 πονηροῦ
759 2931 1052 2999 σκάνδαλα,
1080 2933 1339 3004 εὐνομίαν
1359 2952 1419 2988 τε
1449 2936 1543 2989 καὶ
1572 2937 1856 3008 εὐετηρίαν

265 3011 344 3091 τῷ
398 3021 784 3092 Χριστωνύμῳ
824 3023 938 3094 λαῷ
982 3011 1335 3098 δωρήσασθαι
1359 3068 1374 3092 ,
1408 3030 1520 3092 τοῖς
1565 3029 1858 3084 Βασιλεῦσι
1887 3060 1932 3121 C

271 3111 581 3182 βραϐεῦσαι
625 3112 693 3166 τὰ
745 3117 1038 3187 νικητήρια
1063 3157 1077 3182 ,
1110 3119 1171 3171 τὸ
1195 3117 1296 3188 τῆς
1346 3119 1658 3191 ὀρθοδοξίας
1689 3121 1854 3176 καλὸν

271 3204 668 3276 συντηρεῖσθαι
717 3205 1032 3279 ἀλώϐητον,
1070 3210 1322 3281 ἀκύμονα
1367 3211 1513 3284 ζωὴν
1557 3215 1694 3268 πᾶσι
1741 3217 1856 3278 τοῖς

272 3298 490 3359 πιστοῖς
518 3295 896 3367 δωρήσεσθαι,
945 3301 1207 3376 καὶπρὸς
1248 3301 1462 3367 τούτοις
1504 3304 1714 3369 πάντας
1749 3305 1856 3375 ψυ-

271 3386 434 3456 χικῆς
469 3387 752 3457 σωτηρίας
790 3391 1168 3458 καταξιῶσαι,
1206 3393 1264 3448 ἐν
1290 3393 1446 3464 αὐτῷ
1489 3395 1711 3466 Χριστῷ
1732 3435 1746 3458 ,
1779 3394 1858 3466 τῷ

273 3480 563 3546 μονογενεί
584 3478 698 3547 Υίῷ
726 3479 821 3534 τοῦ
854 3481 987 3535 Θεοῦ
1007 3484 1097 3536 καὶ
1128 3483 1266 3554 Θεῷ,
1298 3485 1417 3554 μεθ’
1438 3479 1500 3539 οῦ
1525 3486 1605 3557 τῷ
1635 3487 1858 3558 ἀνάρχῳ

272 3569 474 3639 Πατρὶ,
497 3571 597 3623 σὺν
626 3570 703 3641 τῷ
729 3573 982 3645 παναγίῳ
1014 3576 1103 3628 καὶ
1129 3575 1379 3649 ζωοποιῷ
1411 3578 1692 3648 Πνεῦματι
1715 3580 1866 3645 δόξα,

273 3660 406 3730 τιμὴ
442 3660 545 3714 καὶ
577 3662 935 3734 εὐχαριστία,
962 3666 1062 3734 ,νῦν
1094 3669 1186 3721 καὶ
1209 3670 1298 3724 ἀεὶ
1337 3672 1550 3737 καὶ,είς
1582 3674 1710 3738 τοὺς
1740 3674 1865 3728 ἁτε-

273 3751 581 3821 λευτήτους
616 3755 823 3821 αἰῶνας
847 3758 958 3813 τῶν
993 3761 1230 3818 αἰώνων.
1279 3763 1474 3835 Ἀμήν.

1949 463 2044 519 per
2073 465 2234 521 quam
2300 465 2472 518 genus
2527 451 2821 506 humanum
2878 459 3194 508 renovatum
3234 460 3335 517 est,
3376 452 3533 520 proii-

1951 543 2053 597 teri
2074 555 2091 609 ';
2127 553 2428 613 opportune
2478 545 2761 614 prudentis
2803 543 2947 598 illius
2976 545 3247 614 proverbii
3283 559 3528 599 nzcmor:

1952 635 2236 689 Sacrilicia
2302 635 2592 704 impiorum
2648 635 2982 690 abominatio
3037 634 3300 700 Domino;
3348 649 3410 689 ea
3464 635 3534 691 si-

1950 726 2167 794 quidem
2217 727 2466 796 nequiter
2500 727 2762 792 oli'erant,
2796 727 2995 798 quippe
3037 725 3310 781 falsiiicati
3340 743 3533 794 corpo-

1951 821 2028 874 ris
2059 821 2404 888 [igurativum
2435 827 2632 891 corpus
2666 819 2803 872 falso
2839 821 2916 894 (ιι.)
2949 820 3000 873 in
3030 819 3357 885 sacriﬁcium
3392 819 3534 874 acci-

1951 912 2186 982 pientes.
2237 911 2280 968 0
2319 912 2499 967 cultor
2547 912 2780 982 sepulcri
2815 911 3003 965 Sancti
3037 909 3209 974 Petri,
3253 923 3305 964 et
3331 913 3534 967 sancti-

1921 1005 2080 1060 tatis
2124 1004 2356 1074 indeque
2405 1005 2712 1060 cmanantis
2765 1004 3102 1057 castimoniae
3154 1005 3528 1072 thesaurariel

1869 3957 1911 3969 ..⁵
1930 3963 1938 3971 ι

1948 1097 1994 1154 0
2030 1099 2118 1167 qui
2176 1099 2400 1153 Paulum
2447 1099 2618 1169 magis
2665 1114 2827 1169 quam
2880 1112 3059 1152 aerem
3094 1097 3267 1167 ipsum
3320 1097 3528 1166 spiras!

1951 1190 1994 1246 Ο
2047 1175 2214 1246 totius
2250 1191 2448 1245 divina:
2495 1207 2559 1244 ac
2607 1191 2936 1260 prophetica:
2972 1190 3268 1259 Seriplurm
3314 1190 3530 1260 lingua!

1953 1282 1997 1337 0
2030 1281 2368 1351 Evangelicze
2415 1282 2882 1352 interpretationis
2924 1292 2977 1336 et
3011 1283 3198 1354 gratia:
3231 1283 3369 1336 liber
3407 1299 3531 1338 cum

1953 1371 2218 1445 Gregorio
2240 1414 2254 1438 ,
2295 1370 2524 1441 Basilio,
2568 1384 2623 1429 et
2658 1374 2879 1444 reliquis
2912 1375 3205 1430 secundum
3235 1391 3328 1430 eos
3383 1377 3536 1430 theo-

1953 1462 2126 1533 logis,
2177 1464 2462 1534 theologus
2531 1465 2692 1518 etiam
2751 1465 2864 1534 ipse
2912 1476 2964 1518 et
3011 1465 3449 1521 contubernalis!
3489 1466 3534 1522 Ο

1956 1559 2294 1628 paupertatis
2323 1557 2430 1612 non
2483 1559 2550 1612 ita
2587 1559 2748 1613 facile
2791 1557 3053 1628 parabilis
3090 1561 3406 1627 possessor!
3441 1561 3533 1615 tali

1951 1651 2099 1704 enim
2147 1660 2404 1720 tantaque
2435 1651 2709 1720 opulentia
2747 1663 2801 1705 ct
2849 1652 3088 1720 potentia
3133 1653 3361 1721 pollens,
3389 1654 3536 1708 ontni

1958 1743 2226 1796 materiali
2277 1745 2618 1812 possessione
2676 1753 2868 1798 exutus
2913 1747 3076 1800 vitam
3127 1745 3390 1814 exegisti,
3431 1761 3536 1800 non

1959 1835 2165 1889 habens
2202 1834 2287 1887 ubi
2332 1837 2433 1890 sub
2484 1834 2800 1890 umbraculo
2834 1833 3142 1888 affectionis
3165 1845 3328 1904 eaput
3365 1836 3536 1889 decli-

1959 1940 2120 1979 nares
2156 1943 2169 1979 :
2207 1927 2297 1995 qui
2338 1941 2459 1979 cum
2507 1927 2793 1994 egentibus
2831 1941 2936 1979 una
2981 1925 3178 1996 egebas
3211 1938 3263 1979 et
3301 1927 3540 2002 peregri.

1958 2019 2198 2080 nabaris,
2227 2027 2336 2070 tum
2359 2033 2536 2071 rerum
2559 2033 2806 2072 necessat
2822 2018 2995 2071 iarnm
3021 2019 3536 2083 communicatione,

1961 2119 2072 2164 tum
2105 2110 2272 2164 animi
2307 2125 2572 2178 nusquam
2602 2105 2744 2162 afﬁxi
2778 2109 3049 2164 libertate.

2033 2201 2118 2256 19.
2154 2198 2197 2254 0
2236 2200 2334 2270 qui
2361 2199 2740 2264 Patriarcbas,
2788 2188 3536 2262 Confessoresorthodoxos.

1959 2304 2017 2349 et
2074 2294 2232 2348 vivos
2281 2303 2336 2348 et
2385 2296 2702 2350 demortuos
2745 2293 2968 2363 jamque
3019 2307 3403 2362 consumptos,
3461 2294 3541 2348 uti

1962 2397 2218 2458 parentes
2255 2386 2494 2452 coluisti,
2533 2386 2675 2441 unde
2705 2387 2883 2453 fausta
2925 2386 3023 2440 tibi
3055 2389 3310 2442 evenere!
3345 2386 3388 2442 Ο
3420 2390 3542 2453 uni:

1962 2494 2135 2534 versae
2177 2480 2356 2546 proba:
2383 2480 2719 2548 operationis
2752 2480 3126 2547 sermonisque
3150 2479 3399 2532 aerarium
3425 2478 3541 2532 sive

1963 2570 2279 2638 hospitium,
2313 2586 2497 2624 curam
2525 2586 2671 2624 nunc
2701 2586 2915 2640 qucque
2942 2586 3037 2638 pro
3072 2586 3220 2625 more
3253 2571 3329 2624 tui
3359 2570 3542 2639 gregis

1964 2661 2194 2728 habeto;
2233 2662 2503 2731 snppliees
2558 2677 2714 2718 voces
2762 2663 2828 2716 ad
2883 2661 3154 2715 Christum
3216 2659 3384 2713 Deum
3435 2675 3536 2714 no-

1962 2765 2134 2809 strum
2175 2754 2466 2817 cﬂ‘untlito,
2512 2763 2567 2807 ut
2602 2755 2957 2828 barbararum
2993 2753 3272 2807 nationum
3307 2751 3540 2821 impetus

1964 2857 2306 2914 compescat,
2369 2845 2876 2910 Eeelesiannsuam
2948 2859 2978 2898 a
3059 2843 3541 2912 perniciosissimis

1963 2938 2120 2993 bellis
2152 2940 2443 2994 immunem
2478 2939 2700 3008 reddat,
2732 2939 2962 3008 improbi
2996 2939 3253 2993 daemonis
3283 2938 3540 2994 scandala

1963 3031 2244 3095 eradicet,
2290 3031 2526 3102 quietem
2569 3040 2624 3086 et
2670 3030 3060 3086 abundantiam
3101 3029 3412 3094 Christiano
3445 3045 3542 3097 po-

1962 3124 2088 3192 pulo
2114 3125 2398 3194 largiatur,
2447 3123 2734 3200 yictoriam
2771 3123 3194 3192 imperatoribus
3232 3121 3538 3188 ministret,

1963 3219 2282 3272 orthodoxa:
2358 3217 2480 3270 lidei
2543 3216 2860 3285 dignitatem
2926 3213 3148 3269 illwsam
3223 3223 3539 3278 conservet,

1966 3308 2215 3362 ﬁdelibus
2263 3309 2516 3362 omnibus
2557 3308 2724 3364 vitam
2771 3305 3120 3374 tranquillam
3163 3303 3445 3367 concedat,
3485 3311 3544 3358 et

1965 3414 2074 3470 pra:
2109 3400 2194 3454 his
2223 3400 2472 3454 omnibus
2510 3399 2951 3462 αξιοηιωεειιυιίθ
2992 3398 3184 3466 dignos
3221 3395 3437 3461 cﬂiciat,
3485 3396 3547 3452 itt

1967 3493 2087 3562 ipso
2135 3494 2352 3548 Christo
2400 3494 2684 3563 unigenito
2725 3493 2865 3548 Filio
2902 3495 2993 3548 Dei
3023 3503 3081 3548 et
3119 3492 3251 3558 Deo,
3277 3507 3398 3548 cum
3433 3508 3550 3561 quo.

1963 3587 2084 3641 sine
2113 3587 2380 3656 principio
2429 3587 2612 3654 Patri,
2658 3596 2712 3642 et
2739 3588 3087 3642 sanctissimo
3122 3598 3286 3656 atque
3330 3585 3542 3641 riviﬁeo

1966 3674 2225 3746 Spiritui,
2253 3679 2422 3748 gloria
2449 3718 2464 3743 ,
2495 3669 2694 3742 honor,
2717 3686 2774 3732 et
2799 3679 3099 3746 gratiarum
3127 3677 3288 3742 actio,
3317 3691 3461 3731 nunc
3487 3687 3546 3730 et

1966 3785 2206 3841 semper,
2243 3783 2296 3825 et
2318 3773 2368 3824 in
2395 3772 2726 3840 sempiterna
2753 3771 2950 3826 saecula
2976 3769 3316 3826 saeculorum.
3343 3768 3538 3825 Amen.

1225 4087 1830 4181 ANALECTA
1906 4093 2066 4196 EX
2111 4081 2584 4216 lVARIIS.

1653 4437 1886 4493 CAPUT
1930 4440 2222 4497 PRIMUM.

699 4576 1050 4634 Castimonia.
1083 4568 1367 4636 ZErumnw
1399 4583 1454 4637 in
1488 4583 1761 4654 spelunca.
1800 4591 1934 4644 Acta
1966 4591 2018 4642 in
2063 4595 2186 4644 aula
2226 4591 2520 4663 Theophili.
2555 4595 2850 4650 Calumnia:
2882 4595 3133 4666 depulsa.

348 4713 401 4773 ί.
426 4715 852 4772 Sanctissimum
877 4717 1246 4776 Patriarcbam
1273 4721 1623 4790 ldetbodium,
1645 4726 1863 4783 natione
1896 4733 1941 4789 Β
1971 4733 2143 4800 pboro
2183 4719 2530 4790 sanctissimo
2561 4735 2896 4792 Patriarchm
2931 4739 3192 4806 crimina,
3222 4736 3450 4795 Romam
3475 4740 3543 4797 ad

279 4807 556 4876 Siculum,
582 4817 636 4863 et
675 4807 964 4881 Syracusis
991 4821 1175 4867 natum
1211 4813 1606 4884 educatumque
1625 4855 1640 4880 ,
1673 4832 1736 4870 ac
1762 4829 1860 4872 va-

287 4899 381 4955 riis
399 4901 653 4956 scientiis
681 4910 737 4957 et
762 4902 1031 4972 piissimis
1076 4905 1318 4959 moribus
1342 4905 1648 4962 institutum
1669 4897 1858 4973 fuisse,

282 5005 343 5046 ac
386 4994 511 5047 dein
547 4990 1020 5063 Constantinopoli
1064 4995 1226 5056 vitam
1260 4999 1614 5053 monasticam
1647 5003 1858 5071 egisse,

281 5098 345 5138 ex
379 5085 536 5139 Actis
556 5083 667 5152 iam
683 5085 838 5139 datis
867 5096 1104 5140 constat.
1135 5089 1335 5142 Ibidem
1375 5089 1537 5145 etiam
1567 5092 1706 5147 inter
1730 5107 1863 5163 prte-

281 5173 468 5241 cipuos
495 5177 651 5232 viros
675 5176 918 5230 habitum
937 5177 1260 5246 colligimus,
1281 5194 1345 5233 ex
1367 5183 1684 5250 compendio
1701 5183 1867 5237 histo-

281 5265 482 5320 riarum
516 5265 736 5335 Georgii
765 5267 1019 5334 Cedreni,
1047 5270 1100 5324 in
1139 5285 1244 5340 quo
1269 5286 1391 5340 pag.
1417 5271 1522 5328 558
1553 5273 1571 5338 (
1603 5289 1724 5328 nam
1756 5277 1865 5329 uti-

281 5369 398 5410 mur
432 5358 678 5412 editione
711 5357 1002 5431 Luparzea)
1027 5361 1226 5416 dicitur
1257 5363 1324 5418 ob
1360 5382 1377 5414 ι
1409 5364 1672 5420 intentata
1703 5364 1864 5422 Nice-

350 5514 430 5584 (u)
460 5515 601 5570 Cum
654 5515 799 5570 enim
839 5516 1048 5584 Corpus
1074 5516 1299 5582 Christi,
1327 5528 1385 5571 ut
1419 5520 1470 5572 in
1507 5519 1667 5574 Missa
1704 5520 1864 5574 oii‘er-

283 5592 389 5648 tur,
443 5587 614 5654 ligttra
668 5586 738 5640 sit
776 5587 856 5640 sui
896 5587 1063 5656 ipsius
1087 5626 1101 5650 ,
1137 5597 1190 5639 ιιι
1233 5590 1284 5641 in
1317 5603 1480 5642 cruce
1511 5591 1714 5654 oblati;
1757 5608 1860 5646 null

284 5664 460 5722 potest
517 5657 604 5710 ibi'
636 5657 816 5713 verius
855 5672 1086 5726 corpus,
1123 5672 1281 5726 quam
1322 5659 1408 5713 hie
1450 5657 1668 5727 oii'crri;
1707 5662 1861 5716 adco-

1968 4819 2166 4890 Papam
2195 4823 2414 4900 missus.
2454 4842 2473 4876 ›
2508 4825 2703 4879 Fuerat
2725 4837 2948 4883 sanctus
2969 4827 3323 4898 Nicephorus,
3359 4829 3544 4884 Domi-

1969 4911 2086 4966 nica
2117 4909 2337 4968 Pascha:
2362 4932 2502 4970 anno
2528 4917 2652 4992 806,
2679 4919 2982 4989 patriarcha
3021 4920 3301 4978 ordinatus
3322 4941 3335 4975 :
3355 4937 3539 4976 verum

1971 5021 2139 5075 usque
2168 5009 2234 5061 ad
2277 5025 2476 5064 annum
2514 5011 2612 5066 8H
2658 5014 2964 5082 prohibitus
3002 5013 3101 5066 fuit
3147 5030 3176 5066 a
3234 5013 3542 5082 Nieephorn

1970 5097 2330 5166 imperatore,
2381 5104 2669 5172 quominus
2717 5106 3002 5176 synodicas
3049 5105 3258 5160 litteras
3307 5106 3542 5160 mitteret

1969 5185 2194 5242 Romam
2225 5193 2367 5260 quod
2395 5193 2536 5246 dicto
2557 5193 2884 5261 imperatore
2912 5195 3016 5248 vita
3053 5194 3238 5250 functo
3262 5197 3537 5265 praestitit.

1969 5281 2145 5346 primo
2196 5297 2340 5337 anno
2390 5283 2666 5338 Michaelis
2717 5289 3070 5342 successoris.
3123 5287 3257 5342 Num
3304 5299 3430 5344 tunc
3472 5292 3540 5346 avi

1969 5368 2201 5426 Leonem
2233 5371 2292 5426 Ill
2329 5390 2518 5444 papam
2567 5376 2739 5430 dictas
2772 5377 2979 5433 litteras
3030 5379 3316 5452 synodicas
3357 5380 3541 5435 tulerit

1965 5538 2070 5646 igne
2097 5526 2324 5648 ιιιὸμιιιη,
2350 5527 2440 5596 qui
2461 5528 2538 5584 sic
2567 5540 2777 5601 errant,
2803 5533 2917 5587 veri
2944 5534 3180 5590 nominis
3207 5534 3536 5593 Sacrificium

2011 5611 2074 5648 Ct)
2107 5614 2136 5648 0
2183 5609 2360 5648 Cl‘llitl.

2011 5611 2074 5650 co
2107 5609 2360 5652 ouentut.
