3938 6168
218 398 237 462 l
250 398 345 461 265

1727 402 1925 463 VITA-

3333 395 3469 460 1266

212 514 445 568 cissimis
478 513 636 584 aquis
672 514 892 584 largiter
927 514 1239 569 hauriebat.
1278 531 1297 567 ι
1336 513 1459 570 llaec
1480 513 1795 578 Manasses;
1817 526 1858 580 Α
1892 517 2053 570 rt-l'ert
2081 533 2094 581 ;
2125 498 2409 586 additque,
2442 514 2588 569 domi
2617 527 2729 567 suae
2759 519 2957 566 aurum
2991 511 3042 564 in
3067 507 3282 564 sacculo
3317 522 3469 577 rept—

213 620 329 675 ιβιδ
362 602 570 676 GlyCas
601 605 822 659 brevius
852 614 1055 659 narrat.

277 696 333 750 ϐ.
365 695 673 749 ﬂedrenus
695 695 864 758 addit,
892 709 927 746 a
960 693 1262 763 Theophilo
1290 694 1453 749 etiam
1485 693 1549 747 ad
1581 692 1796 763 expedi-

216 786 415 840 tionem
462 784 711 839 bellicam
768 785 1029 839 eductum
1072 802 1086 838 :
1127 803 1147 837 ί
1184 785 1455 838 Revocato
1489 785 1557 838 ab
1582 784 1792 847 exsilio,

214 873 413 943 inquit,
450 874 668 944 sibique
710 858 968 941 adjuncto
1000 887 1190 930 sancto
1223 873 1517 937 Methodio,
1546 875 1601 927 in
1628 874 1796 928 Sara-

214 984 387 1024 cenes
436 978 641 1025 movet.
680 968 904 1023 Solebat
937 967 1038 1020 hoc
1087 967 1139 1020 in
1181 966 1334 1022 bellis
1364 965 1637 1031 factitare,
1681 966 1796 1020 sive

210 1075 320 1131 quo
351 1058 470 1126 eius
502 1061 770 1129 sapientia
796 1059 849 1113 in
880 1056 1067 1111 multis
1097 1057 1348 1111 obscuris
1379 1066 1541 1125 atque
1565 1058 1798 1111 intrica-

218 1148 285 1206 tis
312 1142 489 1204 rebus
515 1149 853 1219 erplicandis
898 1156 1181 1227 uteretur,
1214 1148 1330 1204 sive
1373 1148 1427 1202 id
1454 1163 1676 1215 cavens,
1706 1162 1796 1222 ,κιο

218 1239 571 1295 rebellionem
621 1240 667 1294 is
712 1254 773 1294 se
814 1240 1042 1295 absente
1095 1241 1328 1309 aliquam
1360 1240 1682 1305 concitaret,
1726 1240 1795 1297 ob

218 1342 503 1393 sacrarum
547 1329 843 1398 imaginum
880 1330 1280 1385 amolitionem.
1312 1330 1452 1385 Nam
1474 1330 1673 1386 civium
1699 1331 1791 1402 qui

218 1427 380 1471 erant
405 1419 658 1487 pratcipui
692 1429 852 1486 atque
879 1435 1006 1489 erga
1042 1422 1209 1475 Deum
1238 1423 1339 1491 pii,
1366 1436 1561 1491 magno
1599 1422 1651 1476 iu
1690 1422 1792 1476 ho-

218 1494 353 1562 nore
415 1510 690 1565 habebant
741 1510 1075 1566 Methodimn
1114 1531 1128 1566 :
1162 1514 1346 1581 itaque
1382 1529 1508 1567 eum
1570 1522 1691 1583 post
1735 1528 1808 1567 se

218 1598 550 1667 relinquere,
590 1601 902 1671 imperatori
948 1605 1254 1660 consultum
1292 1619 1397 1658 non
1430 1605 1731 1659 videbatur.
1764 1622 1788 1656 ι

278 1680 341 1741 ‘7.
388 1688 645 1771 llatc'ibi.
675 1690 901 1747 Mortuo-
928 1695 1027 1749 sub
1069 1710 1271 1749 annum
1311 1694 1419 1749 84%
1460 1694 1792 1765 Theophilo,

217 1778 366 1834 Illius
390 1781 511 1849 ejus
540 1780 764 1836 Michael
792 1800 894 1838 una
927 1798 1051 1839 cum
1082 1796 1269 1841 sancta
1302 1785 1583 1843 Theodora
1621 1798 1795 1843 matre

215 1872 490 1941 regnavit.
512 1869 665 1927 Tunc
689 1892 708 1926 ‹
737 1873 987 1932 Joannes
1005 1878 1547 1949 pseudo-patriarcha
1570 1864 1795 1946 e}usque
1826 1858 1877 1914 Β

215 1961 492 2027 socii,,de
548 1979 649 2018 suo
707 1958 1450 2039 regiminedejecti,'iuquit
1494 1969 1795 2033 Cedreuus,

214 2067 320 2106 non
354 2067 435 2108 se
468 2054 1042 2126 cotttinuerunt,.quin
1083 2067 1141 2111 et
1189 2064 1380 2113 contra
1424 2074 1612 2113 sacras
1662 2053 1801 2117 im'a-

213 2142 373 2212 gines
427 2143 637 2211 aliquid
684 2147 859 2200 adhuc
912 2146 1257 2212 molirentur,
1311 2157 1368 2202 et
1419 2150 1521 2215 piis
1575 2151 1797 2209 insidias

214 2243 515 2286 struerem.
558 2232 679 2300 Quo
714 2236 878 2290 etiam
936 2238 1550 2312 medointegerrimum
1593 2241 1798 2297 Methoc

215 2323 364 2377 dium
418 2324 692 2379 calumnia
733 2327 1167 2397 circumvenire,
1194 2310 1278 2386 iet
1322 2347 1463 2387 vera:
1522 2333 1798 2404 religionis

214 2414 519 2470 cultoribus
554 2415 804 2473 .dolorem
841 2417 1035 2486 aﬂerre
1066 2423 1244 2476 conati
1280 2432 1427 2477 sunt.
1473 2420 1583 2478 Res
1627 2438 1691 2477 ea
1724 2425 1798 2478 ita

214 2514 356 2557 acta.
403 2503 685 2559 Mulierem
743 2510 1031 2589 quamdam
1069 2509 1087 2581 (
1130 2523 1301 2566 mater
1342 2527 1404 2566 ea
1461 2513 1563 2566 fuit
1599 2512 1797 2568 Metro-

212 2593 445 2661 phanis,
496 2595 587 2663 qui
638 2605 824 2663 postea
879 2599 1131 2679 Smyrnae
1189 2603 1385 2670 praesul
1435 2604 1625 2659 Tactus
1690 2602 1833 2674 est),

215 2683 390 2737 multo
420 2700 557 2738 auro
602 2686 1201 2761 pollicitationibusque
1250 2704 1565 2764 corruptam
1607 2695 1800 2750 subor-

224 2783 379 2839 nant,
412 2790 535 2845 ultae
561 2777 817 2847 Augusta:
855 2790 909 2835 et
949 2782 1301 2851 imperatoris
1335 2766 1613 2840 tutoribus
1650 2786 1798 2840 dice-

215 2875 321 2928 ret,
364 2879 395 2918 a
461 2865 738 2923 Methodio
785 2885 845 2926 se
895 2887 1014 2928 esse
1052 2885 1377 2944 stupratam.
1418 2860 1615 2939 Statim
1670 2892 1799 2944 ergo

228 2956 480 3010 terribile
505 2957 772 3027 judicium
807 2978 822 3014 :
873 2963 1121 3019 civilibus
1144 2976 1198 3021 et
1229 2968 1462 3025 sacratis
1488 2968 1800 3043 hominibus

216 3044 434 3113 cogitur
473 3048 769 3102 concilium
802 3068 817 3104 :
862 3061 1040 3107 astant
1074 3054 1171 3123 pii,
1210 3058 1498 3112 maestitia:
1521 3069 1576 3114 et
1596 3062 1799 3118 doloris

215 3134 365 3205 pleni
398 3154 412 3193 :
451 3152 558 3191 non
606 3137 805 3194 absunt
849 3140 1027 3213 impii,
1081 3145 1317 3202 dedecus
1354 3149 1495 3203 haml
1543 3153 1796 3221 exigtmm

216 3239 283 3280 ex
303 3242 370 3280 ea
403 3228 625 3303 actione
654 3230 1000 3287 conciliatum
1037 3236 1100 3288 iri
1131 3237 1343 3304 piorum
1368 3240 1531 3294 coetui
1572 3256 1800 3311 speran-

221 3324 324 3372 tes.
362 3317 641 3375 Prodcunt
692 3321 1108 3380 calumniatores
1157 3328 1356 3383 animis
1417 3330 1624 3399 inflati,
1657 3334 1801 3404 quod

216 3410 432 3462 crimen
469 3409 522 3463 id
555 3410 608 3465 in
641 3426 892 3482 promptu
940 3417 1141 3485 habere
1172 3422 1517 3486 probationes
1550 3422 1797 3493 fiderent,

215 3502 486 3569 producta
523 3501 575 3555 in
615 3505 849 3558 medium
885 3509 1226 3576 muliercula,
1261 3525 1473 3583 qttteex
1496 3515 1819 3585 composito:

211 3590 492 3669 iudicibus
521 3604 639 3648 rem
674 3607 941 3652 narraret.
982 3598 1199 3656 Iudices
1236 3619 1377 3672 ergo
1402 3614 1460 3667 et
1494 3607 1798 3675 praecipuus

215 3682 435 3736 Manucl
478 3684 650 3754 (tutor
678 3701 743 3761 ac
785 3690 1096 3745 moderator
1119 3693 1397 3751 Michaelis
1430 3696 1795 3769 imperatoris)

218 3774 359 3826 tristi
396 3775 546 3853 vultu
574 3778 835 3842 assident,
869 3779 1086 3849 indigne
1117 3780 1352 3839 ferentes
1419 3787 1577 3840 u‘uitts
1613 3787 1795 3841 homi-

215 3865 302 3918 nis
339 3865 496 3934 ('ttlpa
534 3877 734 3922 emtum
768 3870 977 3937 piorum
1017 3872 1067 3924 in
1111 3874 1410 3941 periculum
1445 3868 1662 3931 ludibrii
1702 3891 1801 3932 ve-

218 3956 358 4011 nire.
409 3959 543 4023 Quae
588 3959 771 4012 omnia
792 3944 1044 4025 sentiens
1105 3963 1428 4034 Methodius,
1485 3979 1543 4023 ut
1584 3980 1638 4023 et
1675 3986 1798 4040 spes

215 4046 513 4116 impiorum
548 4058 603 4102 et
648 4051 859 4128 piorum
914 4054 1292 4121 a‘gritudinetn
1339 4054 1799 4133 aboleret,ueque

216 4134 477 4193 Ecelesia:
501 4151 644 4193 esset
677 4138 812 4212 lapis
835 4141 1150 4199 oﬂ‘ensionis
1173 4185 1205 4212 ,_
1223 4148 1356 4202 nihil
1392 4150 1795 4208 multitudinem

216 4232 469 4283 reverins
502 4269 536 4295 ,._
556 4233 718 4286 homo
748 4236 895 4289 oumi
929 4240 1238 4292 reverentia
1283 4249 1449 4310 atque
1480 4234 1686 4300 honore
1715 4246 1798 4315 di-j

214 4320 544 4389 guissimus,
568 4324 620 4375 in
659 4336 949 4393 conspectu
974 4324 1213 4382 omnium
1244 4316 1493 4398 pudenda
1525 4336 1791 4392 nudavit:

212 4425 342 4479 quae
381 4424 545 4465 nemo
573 4427 678 4467 neu
713 4414 926 4487 \idebat
951 4418 1141 4473 morbo
1164 4420 1405 4488 ,quodam
1435 4410 1790 4495 etnarcuisse,

1898 607 2144 660 riendum
2203 607 2271 667 iri
2326 607 2556 676 quadam
2613 604 2799 658 arcula
2849 600 3106 656 lrumeuti
3162 600 3366 668 Mena:
3415 608 3471 655 et

1898 700 2099 755 missus
2130 715 2195 753 eo
2221 700 2518 755 satellitum
2551 697 2793 767 quidam,
2822 710 3014 750 aurum
3047 687 3231 748 statim
3263 692 3466 755 attulit,

1896 793 2218 861 detectaque
2246 807 2335 846 res
2362 800 2475 846 tota
2498 799 2602 846 est.
2629 790 2908 844 Dedissent
2942 794 3074 855 ergo
3102 787 3291 855 dignas
3326 784 3470 840 faci-

1898 888 2050 943 noris
2075 887 2161 942 sui
2188 901 2377 957 poenas
2403 886 2846 949 calumniatores,
2874 886 2976 939 nisi
3004 881 3332 947 Bfethodins,
3361 895 3467 948 qua

1896 972 2014 1030 erat
2044 976 2326 1045 patientia,
2355 988 2518 1029 unam
2557 974 2696 1030 hanc
2733 973 2997 1028 ultionem
3033 970 3294 1041 petisset,
3332 984 3469 1039 quo-

1901 1068 2079 1121 tannis
2109 1068 2335 1123 solemni
2361 1056 3089 1122 orlbmloxorum‘eonvcntu
3125 1060 3227 1119 sibi
3256 1062 3467 1127 liceret,

1899 1174 1943 1212 a-
1983 1159 2328 1214 sanctissimo
2389 1157 2588 1229 templo
2643 1157 2888 1226 Deiparte
2948 1153 3343 1210 Blachernensi
3401 1152 3469 1207 ad

1901 1249 2118 1305 Sancta}
2147 1248 2367 1319 Sophia
2390 1250 2650 1320 templum
2676 1247 3096 1316 praelucentibus
3124 1244 3340 1299 facibus
3362 1243 3464 1304 ire,

1897 1349 1949 1394 et
2004 1339 2058 1393 in
2112 1339 2351 1409 ipsorum
2392 1352 2553 1391 aures
2608 1336 3021 1391 detestationem
3072 1332 3401 1387 Ohauntiare
3448 1348 3463 1385 :

1898 1432 2121 1500 quodet
2150 1444 2246 1498 per
2274 1444 2491 1484 omnem
2514 1428 2704 1481 eortina
2736 1427 2899 1481 vitam
2926 1423 3236 1479 factitatum
3268 1433 3373 1476 est.
3438 1446 3449 1459 ε

2518 1537 2749 1597 CAPUT
2786 1538 2848 1595 ll.

1898 1662 1966 1717 In
1981 1666 2341 1732 putriarchntu
2359 1664 2627 1732 cicatrices
2645 1672 2882 1715 servam.
2903 1658 3116 1715 Festum
3137 1656 3474 1732 Orthodoxia'

1965 1726 2286 1786 ordinatum.
2348 1731 2627 1785 Translata
2681 1747 2902 1793 corpora
2948 1739 3252 1782 sanctorum
3301 1726 3472 1780 Tlteo~

1971 1804 2091 1856 dari
2122 1802 2350 1857 Studiuc
2388 1811 2436 1853 et
2487 1799 2770 1864 Nirephori
2816 1798 3159 1868 patriarchae.
3206 1797 3474 1868 Constitu-

1964 1874 2129 1926 tiones
2167 1876 2361 1937 edim"
2390 1869 2522 1925 Vm:
2571 1870 2772 1939 aliquot
2795 1866 3134 1937 [sanctorum
3159 1876 3206 1922 et
3238 1866 3471 1922 Itomiliw

1942 2008 1945 2011 _
1965 1943 2193 2009 scriptae.
2358 2012 2359 2015 η
3106 2016 3109 2017 ν

1966 2052 2021 2108 9.
2062 2049 2348 2108 Praemissa
2386 2049 2654 2120 superiori
2688 2047 2883 2120 capite
2912 2062 2979 2103 ex
3021 2045 3294 2110 Cedreno,
3341 2044 3470 2109 licet

1897 2154 2014 2200 acta
2062 2146 2172 2215 sint
2217 2154 2503 2212 postquam
2546 2140 2857 2212 patriarcha
2900 2140 2952 2193 in
3008 2139 3182 2194 locum
3236 2138 3467 2208 depositi

1895 2232 2121 2288 Joannis
2152 2232 2260 2301 iam
2289 2240 2435 2287 esset
2467 2232 2753 2293 ordinatus
2781 2228 3108 2302 Methodius,
3143 2227 3472 2296 praemittere

1899 2336 2078 2385 tamen
2124 2323 2618 2393 ordinatiouittius
2663 2321 2851 2393 malui,
2905 2330 2963 2375 ut
3012 2335 3133 2390 quae
3174 2321 3227 2373 in
3259 2332 3473 2374 summo

1899 2419 1998 2473 illo
2027 2418 2196 2487 gradu
2241 2417 2393 2487 egit,
2442 2415 2496 2470 in
2543 2415 2775 2469 alterum
2810 2413 2929 2467 .boc
2954 2420 3123 2481 caput
3169 2412 3475 2477 ordinatius

1899 2509 2302 2578 colligerentur.
2334 2506 2494 2563 Prius
2519 2521 2645 2576 ergo
2676 2520 2834 2575 quam
2860 2505 2951 2579 illa
2991 2507 3131 2574 apud
3159 2502 3463 2557 Cedrenum

1899 2602 2166 2671 leganlttr,
2206 2600 2346 2670 apud
2386 2599 2634 2653 eumdem
2672 2597 2935 2660 occurrit,
2968 2594 3238 2665 quomodo
3274 2602 3483 2647 sancta.

1900 2692 2182 2763 Tlteotlnt‘a
2228 2690 2550 2762 imperauit:
2582 2690 2638 2743 in
2694 2689 2874 2743 locum
2909 2689 3103 2761 ιιι-λειχιὶ
3143 2685 3338 2741 latinis
3368 2686 3473 2757 (sic

1898 2799 1928 2838 a
1967 2785 2070 2853 piis
2122 2781 2319 2851 impius
2362 2782 2675 2848 vocabatur)
2707 2790 2958 2832 sanctum
2986 2787 3040 2832 et
3078 2778 3319 2831 divinum
3349 2776 3463 2829 Me—

1901 2875 2144 2929 thodium
2168 2874 2499 2939 introduxit,
2542 2873 2631 2942 qui
2664 2873 2841 2927 adhuc
2874 2870 3231 2943 confessionis
3266 2884 3380 2923 sua:
3415 2877 3470 2923 et

1898 2965 1968 3020 ob
1993 2979 2114 3019 eam
2147 2964 2358 3019 tolerati
2401 2960 2652 3032 supplicii
2680 2972 2837 3016 notas
2867 2962 2919 3016 in
2953 2977 3120 3027 carne
3160 2956 3470 3029 sua‘gesta-

1899 3056 1994 3110 bat
2023 3072 2039 3110 :
2070 3057 2333 3125 omnibus
2373 3055 2480 3124 piis
2507 3093 2525 3119 ,η
2554 3052 2956 3125 sacerdotibus,
2985 3052 3138 3106 laicis
3171 3067 3234 3105 ac
3282 3065 3484 3104 mona-

1902 3140 2042 3205 chis,
2089 3153 2145 3195 et
2188 3141 2257 3202 iis
2302 3137 2466 3197 etiam
2497 3142 2588 3212 qui
2637 3141 2691 3194 in
2737 3141 3016 3194 montibus
3050 3139 3468 3201 exercebantur,

1904 3246 2116 3311 summo
2148 3246 2270 3287 cum
2306 3232 2505 3300 gaudio
2540 3231 3122 3313 ejusdcsignationem
3160 3221 3470 3301 apprnbane

1903 3304 2070 3389 tibus,
2107 3340 2169 3378 ac
2199 3321 2503 3379 confertim
2536 3304 2621 3401 in‘
2641 3325 2829 3380 urbem
2860 3322 3226 3385 venientibus,
3260 3336 3477 3391 unoque

1900 3427 1995 3467 ore
2055 3414 2300 3469 haeresim
2331 3413 2786 3469 lconoclastarum
2819 3413 3215 3473 dantnantibus
3269 3423 3485 3479 aeterno

1899 3499 2264 3560 anathemate.
2302 3505 2418 3563 Hoc
2450 3506 2772 3575 praeclarum
2810 3505 3021 3559 facinus
3064 3504 3267 3574 inclyta
3297 3501 3477 3556 ’Πιθο-

1901 3600 2047 3662 dora
2086 3606 2142 3649 et
2192 3596 2335 3651 ﬁlius
2376 3598 2535 3652 initio
2568 3598 2896 3677 impcriksui
2935 3597 3245 3661 ediderunt,
3303 3595 3477 3664 inquit

1899 3689 2203 3757 Cedrcuus.
2249 3686 2590 3743 Constitutus
2624 3700 2707 3751 est
2752 3703 2882 3756 ergo
2911 3689 3214 3757 patriarcha
3250 3700 3476 3743 sanctus

1901 3777 2221 3849 Methodius.
2259 3790 2401 3843 anno
2436 3775 2571 3828 8&2.
2607 3772 2754 3841 Quas
2782 3792 2930 3839 vero
2962 3776 3327 3832 confessionis
3364 3791 3476 3831 sua.

1902 3879 2056 3923 notas
2108 3876 2330 3949 sanctus
2381 3866 2687 3924 Methodius
2736 3869 2787 3921 in
2837 3884 3069 3938 corpore
3099 3869 3346 3937 gestarit,
3391 3869 3477 3922 his

1903 3958 2081 4012 verbis
2122 3957 2375 4027 explanat
2426 3953 2668 4026 Glycas;
2717 3957 2851 4025 Quia
2905 3958 3092 4022 make,
3131 3967 3356 4028 propter
3382 3972 3474 4015 sae

1899 4064 2116 4119 crarum
2166 4047 2460 4119 imaginum
2521 4049 3040 4121 propugnationem,
3089 4047 3475 4104 contundendo

1898 4140 2040 4194 lassa:
2065 4140 2362 4210 solutaeqne
2388 4139 2607 4194 fuerunt
2633 4156 2661 4194 a
2688 4130 3011 4214 Theophilo,
3042 4151 3166 4212 post
3186 4142 3473 4212 septimam

1898 4228 2163 4301 synodum
2233 4222 2657 4286 simulacrorum
2718 4234 3063 4290 eversionem
3133 4244 3470 4299 renovantc;

1899 4314 2120 4403 necesse
2146 4321 2397 4387 habebat,
2429 4332 2487 4376 ut
2530 4338 2625 4378 eas
2659 4325 2805 4378 tenui
2852 4326 3084 4394 quadam
3125 4322 3290 4380 fascia
3328 4323 3470 4378 linea

1897 4411 2179 4485 obligaret.
2220 4406 2412 4478 Unde,
2455 4428 2574 4469 mea
2624 4408 2843 4491 quidem
2900 4418 3190 4483 sententia,
3226 4432 3342 4470 mos
3393 4416 3475 4471 itt-

210 4501 480 4571 omnique
524 4504 761 4585 naturali
804 4506 857 4560 vi
885 4522 1009 4563 esse
1055 4509 1287 4579 privata.
1324 4510 1536 4569 Pudore
1577 4515 1681 4571 hoc
1718 4498 1797 4571 fa-

1904 4504 2089 4571 olevit,
2124 4504 2415 4576 hodieque,
2442 4505 2668 4570 durans,
2706 4517 2763 4560 ut
2792 4508 3071 4578 pontifices
3106 4509 3173 4573 ab
3201 4511 3474 4565 anteriore

211 4605 366 4647 ctum
420 4580 663 4663 opplevit
710 4596 1131 4655 calumniatores
1178 4609 1233 4656 ct
1277 4602 1438 4658 malis
1466 4606 1789 4674 gaudentes,

210 4686 337 4754 pios
391 4697 574 4739 autem
612 4686 797 4742 laetitia
848 4707 862 4744 :
908 4691 997 4761 qui
1038 4692 1244 4761 ingenti
1295 4710 1416 4749 cum
1453 4697 1649 4765 gaudio
1686 4697 1817 4753 Me—’

213 4775 468 4829 thndium
520 4777 822 4847 cingentes,
860 4782 1170 4838 salutabant
1205 4774 1364 4858 atque
1390 4788 1796 4857 auiplecteban-

211 4876 325 4932 tur,
376 4872 552 4937 neque
587 4871 859 4926 habebant
923 4878 1194 4943 quomodo
1248 4879 1515 4955 voluptati
1562 4880 1674 4936 sua:
1704 4896 1794 4936 sa-

211 4961 605 5017 tisfacerent...
641 4982 660 5016 ι

282 5051 344 5107 8.
384 5051 616 5109 Michael
663 5054 984 5123 imperator,
1022 5056 1421 5115 intolerabilem
1462 5062 1600 5117 hanc
1642 5063 1792 5119 frau-

206 5144 337 5199 dem
389 5141 670 5212 judicnns,
729 5148 923 5200 statuit
978 5143 1347 5206 mulierculam
1400 5155 1797 5223 qumstionibus

204 5236 500 5295 adbibere.
547 5247 626 5302 ut,
660 5254 779 5307 quae
819 5238 1010 5294 fuisset
1042 5241 1146 5295 doli
1207 5246 1458 5298 necteudi
1510 5246 1676 5311 ratio,
1709 5248 1792 5301 in-

204 5328 505 5398 telligeret.
561 5329 757 5385 Statim
803 5347 937 5403 ergo
984 5334 1194 5403 gladius
1251 5336 1562 5407 stringitur,
1628 5339 1794 5409 virga:

203 5421 321 5491 igni
385 5423 686 5485 candentes
763 5423 1555 5499 afferuntur,'carnilieesquc
1616 5432 1791 5499 parati

204 5521 396 5567 astant
431 5530 446 5567 :
495 5516 699 5583 quibus
724 5514 914 5571 infelix
953 5534 1016 5572 ea
1051 5519 1362 5589 perterrita,
1400 5522 1477 5576 rei
1503 5523 1790 5577 veritatem

203 5604 395 5675 palam
437 5605 681 5674 fatetur;
724 5624 834 5678 quo
875 5620 1035 5679 pacto
1077 5620 1296 5667 structa:
1352 5613 1581 5682 insidiae,
1631 5623 1794 5684 atque

206 5712 351 5753 auro
376 5701 945 5771 et'pollicitatibnibus
971 5715 1225 5774 corrupta
1255 5713 1309 5761 et
1344 5705 1567 5777 decepta
1598 5707 1789 5770 fuerit;

210 5788 308 5857 (ιιί
345 5792 638 5848 commenti
685 5786 979 5859 auctet‘cs;
1025 5793 1255 5863 denique
1326 5804 1491 5853 totam
1555 5794 1787 5851 fabulam

1899 4607 2052 4667 parte
2080 4596 2247 4653 lineas
2280 4597 2477 4653 fascias
2502 4598 2751 4668 alligatas
2788 4599 3043 4655 habeant.

1969 4686 2056 4744 10.
2088 4688 2347 4756 Vigehant
2375 4704 2439 4742 eo
2473 4694 2715 4758 tempore
2743 4690 3205 4762 Constantinopoli
3239 4692 3475 4748 illustres

1896 4777 2119 4833 abbates
2138 4787 2190 4832 et
2208 4779 2455 4833 monachi
2481 4782 2793 4836 monasterii
2817 4780 3163 4851 studitarum',
3191 4800 3257 4840 ex
3275 4784 3470 4839 ordine

1896 4854 2335 4948 Aetentctarum,
2363 4860 2599 4941 quorum’
2617 4874 2835 4944 plurimi
2868 4874 2939 4931 oh‘
2966 4876 3243 4932 sacrarunt
3282 4877 3473 4945 imagi-

1897 4978 2023 5015 num
2057 4964 2814 5022 veuerationem'inexsilium
2840 4969 3008 5032 missi,
3038 4976 3127 5021 aut
3168 4968 3331 5020 vitam
3365 4966 3470 5020 ibi-

1897 5056 2016 5108 dem
2057 5066 2238 5128 Sancte
2269 5056 2590 5123 finiverunt,
2625 5061 2957 5114 uti‘sanctu's
2989 5057 3347 5124 Theodorus;
3379 5066 3473 5111 aut

1898 5147 2018 5201 inde
2048 5149 2279 5227 regressi
2300 5161 2447 5217 sunt,
2470 5150 2547 5203 uti
2571 5132 2745 5204 sancti
2765 5146 3014 5203 Nicotaus
3040 5158 3094 5204 et
3118 5148 3466 5212 Naucratius,

1897 5241 1963 5295 d‘e
1993 5240 2188 5310 quibus
2219 5242 2283 5294 ad
2309 5240 2448 5295 diem
2478 5242 2511 5295 4
2545 5240 2829 5294 Februarii
2861 5242 2917 5295 in
2950 5234 3071 5295 Vita
3103 5240 3280 5296 sancti
3310 5240 3470 5296 Νίσο-

1896 5330 1965 5385 lai
1995 5332 2061 5385 ab
2080 5342 2300 5401 auctore
2330 5345 2539 5407 cetera;
2568 5331 2636 5384 ibi
2667 5338 2785 5401 cap.
2812 5344 2886 5385 vn
2913 5332 3012 5386 ista
3040 5315 3293 5402 leguntur
3317 5350 3468 5388 num.‘

1895 5426 1986 5481 56.
2025 5412 2157 5479 Cum
2197 5450 2215 5477 ι
2280 5425 2447 5480 Porro
2489 5422 2829 5492 Theophilus
2864 5423 2977 5492 jam
3032 5425 3174 5479 diem
3221 5426 3466 5494 obiisset,

1896 5535 2108 5590 unoque.
2139 5520 2343 5573 tumulo
2368 5519 2588 5575 haeresis
2613 5520 2815 5588 pariter
2839 5520 3035 5575 merito
3054 5521 3470 5595 circumscripta

1897 5615 2094 5669 misere
2127 5622 2305 5678 esset;
2331 5628 2394 5666 ac
2425 5610 2626 5669 Christi
2657 5630 2845 5675 amans
2876 5629 3015 5669 uxor
3040 5613 3156 5684 ejus
3181 5614 3469 5673 Theodora

1895 5718 2016 5757 cum
2071 5702 2180 5759 filio
2213 5702 2474 5759 Michaele
2510 5706 2796 5760 admodum
2828 5705 3046 5774 juvene,
3099 5707 3327 5764 Romani
3366 5709 3472 5765 im-

1895 5796 2030 5867 perii
2065 5811 2245 5851 arcem
2276 5798 2601 5867 suscepisSet
2626 5815 2639 5865 ;
2680 5802 3011 5868 magnusmte
3041 5798 3340 5858 Methodius
3366 5802 3470 5857 Bc-
