3950 6166
418 345 549 413 ηδ’]

1445 360 1507 420 s.
1551 358 1930 418 METHODII
1973 342 2486 421 PATRiARClIAE
2526 358 2636 419 cr.

3550 360 3687 430 1268

412 463 594 519 etesiae
650 464 1015 536 gubernacula
1076 467 1322 538 pontifex
1372 466 1683 534 obtineret;
1735 468 1993 523 divinitus
2024 469 2068 524 Δ
2101 468 2285 522 lustris
2311 482 2531 538 quoque
2574 482 2638 521 ac
2685 466 2885 522 lmt'tiae
2918 467 3071 537 plena
3121 471 3411 526 translatio
3451 472 3685 543 contigit

411 555 609 611 amatis
636 556 892 614 Patribus
917 562 968 614 in
997 574 1164 615 unum
1186 560 1533 624 coeuntibus,
1565 561 1776 637 initium
1806 561 1995 615 habuit

411 644 759 703 Ortltodoxiae
788 648 1100 716 celebritas,
1135 666 1256 706 cum
1293 651 1444 707 orbis
1465 650 1578 718 jam
1609 651 1748 707 lines
1786 653 2013 707 sereni-.

411 746 495 793 tas
528 739 795 807 haberet,
834 743 1150 813 Christique
1194 745 1574 811 confessores,
1633 744 1778 812 velut
1826 745 1994 801 stella:

408 832 678 901 qttmdam,
703 834 1013 889 universum
1033 834 1289 889 Ecclesiae
1308 836 1707 890 firmamentum
1734 837 1998 892 illustrius

408 935 688 980 ornarent.
719 922 1056 994 Tunc‘plane
1083 927 1248 981 etiam
1274 929 1583 984 communis
1614 929 1776 984 Pater
1807 938 1996 983 noster

409 1028 472 1071 ac
497 1016 699 1072 Christi
729 1017 968 1074 famulus
999 1018 1359 1087 Naucratius,
1403 1022 1472 1075 ab
1506 1022 1698 1076 exsilio
1738 1022 1955 1085 rediens
1975 1060 1991 1087 ,

406 1110 553 1164 venit
579 1109 920 1182 Byzantium,
955 1128 1159 1183 proque
1183 1117 1544 1170 certaminum
1558 1117 1794 1207 'nterito,
1823 1118 1994 1172 multo

407 1216 528 1257 cum
561 1203 768 1259 honore
800 1207 868 1260 ab
899 1206 1245 1277 imperatrice
1279 1209 1501 1278 ipsoque
1533 1203 1840 1278 patriarcha
1875 1225 1992 1265 sus-

408 1305 594 1361 ceptus
623 1296 704 1348 vir
735 1297 989 1367 inclytus,
1020 1314 1207 1354 eorum
1242 1309 1430 1369 rogatu
1457 1316 1626 1355 sacrm
1648 1300 1879 1355 fratrum
1904 1315 1993 1355 so-

407 1387 668 1453 dalitatis,
700 1391 753 1445 in
800 1407 964 1445 unum
999 1403 1126 1446 tunc
1149 1402 1509 1462 congregatur,
1545 1395 1599 1447 in
1635 1393 1991 1449 venerabilis-

408 1477 547 1532 simo
604 1476 779 1533 Studii
835 1481 1167 1535 monasterio
1239 1482 1615 1550 pratfecturam
1676 1483 1916 1552 suscepit
1975 1500 1988 1537 :

409 1584 571 1634 quam
606 1569 822 1638 quidem
857 1584 1084 1640 magnus
1120 1570 1438 1628 Theodorus
1484 1572 1666 1628 multis
1705 1587 1877 1642 nuper
1910 1571 1992 1626 la-

408 1659 633 1715 boribus
688 1662 968 1717 euutriens
1026 1663 1442 1734 adaugensque,
1499 1667 1565 1719 ad
1626 1664 1989 1718 millenarium

412 1768 696 1808 numerum
733 1766 1052 1823 provexerat
1090 1770 1105 1809 :
1137 1764 1362 1826 eratque
1407 1772 1599 1814 rursus
1627 1772 1766 1812 novo
1805 1757 1991 1824 vigore

2098 559 2437 615 Coufessoris
2466 574 2530 613 ac
2558 560 2729 612 sancti
2761 557 2938 613 Patris
2969 562 3135 616 nostri
3168 561 3467 629 Theodori,
3500 570 3563 613 ait
3598 563 3682 617 in.

2096 653 2212 706 sula
2249 651 2499 721 Principe
2530 650 2597 706 ad
2631 659 2874 705 nostrum
2908 654 3014 707 lmc-
3044 656 3457 718 monasterium,
3495 656 3685 724 provi-

2097 744 2258 799 dente
2311 743 2552 812 piissime
2587 742 2826 813 Augusta
2868 759 2932 798 ac
2980 761 3178 816 magno
3226 747 3519 815 pontiﬁce,
3555 756 3684 803 ante

2100 836 2339 890 iudicato
2384 834 2731 897 ,Methodio‘,
2794 835 3161 906 universeque
3216 846 3365 891 centu
3426 836 3701 892 Ecclesia!

2094 930 2475 985 concurrentis
2520 946 2535 983 :
2570 927 2778 998 fuitque
2798 927 3041 996 gloriose
3071 930 3349 997 depositus
3372 971 3387 992 ,
3420 930 3682 985 vicesimo

2095 1031 2248 1077 sexto
2281 1019 2544 1087 Januarii,
2569 1020 2722 1090 juxta
2750 1019 3010 1089 inclytum
3047 1025 3207 1089 atque
3239 1020 3500 1074 divinitus
3530 1020 3685 1074 allia-

2098 1123 2209 1168 tum
2256 1113 2373 1182 ejus
2408 1111 2734 1166 avunculum
2766 1109 3100 1174 Platonem,
3131 1121 3186 1168 et
3226 1113 3520 1166 tumulatus
3558 1127 3697 1167 sand

2094 1212 2217 1260 ctus
2242 1218 2357 1258 una
2392 1218 2514 1257 cum
2550 1203 2721 1256 fratre
2753 1217 2818 1257 ac
2844 1202 3097 1272 episcopo
3129 1200 3326 1273 Joscph
3355 1244 3371 1269 ,
3411 1219 3441 1257 a
3472 1204 3683 1260 dextris

2097 1297 2163 1349 ad
2193 1294 2511 1349 orientalem
2543 1303 2753 1364 partem
2778 1296 2951 1357 sancti
2986 1294 3343 1351 Praecursoris
3377 1313 3392 1349 :
3430 1314 3450 1347 ι
3492 1297 3561 1351 ad
3596 1311 3685 1351 cu-

2090 1388 2181 1457 jus
2230 1386 2437 1441 scilicet
2471 1386 2733 1440 honorem
2788 1385 2992 1440 dictum
3041 1370 3218 1440 Studii
3280 1389 3677 1443 monasterium

2095 1479 2369 1533 conditum
2418 1486 2524 1534 est.
2579 1476 2701 1531 Fuit
2754 1488 2932 1530 autem
2976 1475 3175 1544 Joscplt
3240 1478 3329 1533 ille
3388 1480 3680 1548 episwpns

2096 1569 2614 1650 Thessalonicensis,
2645 1579 2700 1621 et
2728 1567 2926 1623 colitur
2947 1584 2976 1622 a
3004 1570 3212 1625 Graecis
3253 1570 3316 1622 l4
3341 1579 3395 1623 ct
3430 1571 3495 1624 13
3521 1570 3675 1625 Julii.

2165 1666 2253 1719 15.
2290 1664 2394 1718 Sed
2429 1663 2597 1717 multo
2635 1650 2822 1731 majori
2853 1678 2973 1717 cum
3009 1678 3137 1717 cura
3174 1662 3348 1717 sancti
3391 1660 3673 1727 Mctltodii,

2098 1758 2235 1811 facta
2270 1767 2353 1812 est
2389 1773 2532 1812 anno
2565 1756 2670 1812 846
2703 1756 3010 1810 Translatio
3040 1756 3215 1809 sancti
3263 1753 3554 1824 Nicepltori
3592 1770 3682 1823 pa-

412 1852 658 1914 vegetum
689 1847 891 1901 Christi
918 1846 1048 1900 illud
1090 1848 1262 1912 ovile,
1288 1848 1456 1902 veluti
1497 1850 1710 1904 cuidam
1738 1849 1991 1918 paradiso
2025 1823 2065 1878 Β
2096 1850 2346 1905 triarchae
2369 1890 2384 1913 ,
2422 1866 2450 1903 a
2484 1849 2648 1905 citato
2685 1836 2848 1917 supra
2883 1846 3217 1916 Theophane
3242 1850 3527 1903 sacerdote
3578 1848 3682 1901 dc-

412 1937 609 2003 simile,
643 1940 838 1993 multas
871 1940 1127 1994 virtutum
1163 1956 1313 1996 rosas
1336 1956 1400 1996 ac
1423 1942 1646 2011 spiritus
1673 1941 1993 1996 suaveolen-

414 2029 542 2081 tiam
592 2038 879 2097 aspectare
933 2031 1236 2086 volentibus
1276 2041 1563 2102 praestans.
1609 2050 1629 2081 ›
1684 2031 1761 2084 Ile
1800 2038 1990 2084 sanc'o

410 2116 701 2176 Naucratio
760 2123 970 2193 egimus
1018 2122 1052 2178 8
1088 2121 1236 2178 Junii
1283 2141 1296 2177 :
1337 2123 1407 2180 de
1456 2132 1649 2180 sancto
1704 2121 1994 2178 Theodoro

413 2213 679 2282 agendum
715 2215 819 2269 erit
846 2214 912 2269 12
941 2214 1283 2270 Novembris.

485 2304 575 2360 Η.
599 2305 665 2359 At
688 2322 809 2376 quae
835 2322 866 2361 a
903 2326 921 2359 ‹
961 2306 1210 2363 Patribus
1238 2308 1497 2364 divinitus
1522 2309 1716 2364 alllatis
1745 2309 1797 2364 in
1826 2304 1991 2363 uanum

413 2398 736 2453 coeuntibus
766 2419 784 2451 ι
820 2409 1020 2455 statuta
1048 2415 1209 2469 supra
1243 2401 1564 2469 innuuntur,
1590 2402 1794 2471 optime
1823 2401 1995 2471 expli-

411 2498 608 2547 cantur
636 2492 687 2546 in
706 2490 967 2547 Oratione
995 2491 1347 2564 Theophanis
1373 2493 1672 2565 presbyteri
1705 2502 1759 2548 et
1782 2508 1992 2564 prtepo-

414 2584 526 2647 siti,
550 2585 617 2638 de
643 2584 834 2639 exsilio
863 2585 1038 2640 sancti
1062 2583 1354 2655 Nicepltori
1382 2585 1709 2655 patriarchae
1734 2593 1785 2640 et
1815 2595 1995 2639 trans-

413 2676 617 2731 latione
652 2678 1006 2748 reliquiarum
1035 2680 1175 2749 ejus,
1203 2694 1233 2735 a
1256 2680 1421 2735 'nobis
1447 2679 1730 2735 illustratis
1759 2680 1822 2733 ad
1850 2680 1993 2735 diem

416 2768 485 2822 15
526 2768 726 2835 Martii,
752 2772 845 2827 ubi
875 2771 1200 2828 describitur
1229 2771 1534 2828 sollicitudo
1571 2780 1775 2826 sancta:
1806 2769 1992 2827 Theo-

415 2864 560 2917 dorte
587 2861 971 2931 imperatricis’,
998 2879 1100 2934 pro
1124 2865 1412 2920 concordia
1441 2873 1493 2920 et
1523 2864 1643 2918 fidei
1676 2864 1997 2919 sinceritate

410 2966 614 3011 coctum
648 2953 1091 3011 Ecclesiasticnm
1125 2956 1399 3026 cogentis;
1422 2971 1451 3009 a
1478 2971 1584 3026 quo
1612 2970 1732 3010 cum
1756 2953 2025 3032 Joannes

322 3051 327 3056 “
415 3047 809 3103 lconomachus
847 3062 877 3103 e
926 3048 1053 3102 sede
1099 3048 1454 3117 patriareltali
1506 3056 1656 3102 esset
1695 3046 1997 3114 depositus,

2095 1940 2297 2008 scripta
2327 1940 2417 1995 his
2441 1941 2638 1995 verbis.
2668 1959 2687 1993 ι
2722 1940 3092 2006 Quadriennio
3122 1948 3242 2007 post
3268 1937 3675 1992 sacratissimus

2093 2019 2417 2098 Mcihodius,
2443 2034 2625 2088 divino
2644 2032 2805 2102 plane
2832 2033 3024 2101 spiritu
3056 2032 3342 2101 impulsus,
3366 2041 3675 2099 opportune

2095 2129 2474 2198 sapienterque
2537 2126 2775 2181 divinam
2839 2124 3241 2195 imperatricem
3323 2122 3669 2177 Theodoram

2095 2221 2406 2286 admonuit,
2445 2235 2554 2274 non
2607 2233 2728 2274 csse
2769 2232 2839 2273 ex
2874 2217 3087 2287 intperii
3139 2228 3195 2272 et
3226 2215 3557 2286 Reipublicae
3596 2215 3673 2268 di-

2095 2319 2301 2388 gnitate
2346 2316 2491 2386 quod
2543 2315 2884 2370 venerandus
2926 2322 2982 2369 et
3028 2314 3169 2368 inter
3222 2312 3565 2383 patriarchas
3615 2311 3684 2363 il-

2096 2413 2280 2467 lustris
2329 2410 2700 2480 Nicepltorus,
2754 2409 2848 2479 qui
2894 2422 2994 2479 pro
3040 2407 3289 2476 gloriosae
3342 2407 3687 2473 sitmeraaqne

2097 2492 2219 2561 lidci
2244 2504 2559 2560 defensione
2588 2518 2618 2557 a
2641 2501 2768 2557 sede
2789 2500 3068 2571 depulsos,
3103 2500 3154 2554 in
3188 2497 3504 2567 longissimo
3535 2496 3692 2549 exs?-

2097 2595 2169 2650 lio
2216 2591 2503 2649 defunctus
2534 2590 3120 2660 erat,,negligeretur:
3165 2591 3259 2643 sed
3306 2587 3453 2642 erant
3498 2585 3687 2641 studio

2096 2690 2394 2748 curandum
2417 2702 2559 2755 esse,
2589 2697 2647 2742 ut
2680 2686 2918 2740 divinum
2948 2692 3150 2752 corpus
3185 2682 3356 2751 ipsius
3394 2682 3447 2735 in
3482 2680 3689 2734 civita-

2098 2795 2205 2839 tem
2258 2789 2645 2851 reportaretur.
2697 2770 2949 2846 Alioquin
3001 2756 3204 2845 ingrati
3253 2774 3416 2827 auimi
3450 2774 3638 2827 vitium
3660 2812 3691 2835 ,_

2100 2872 2292 2942 inquit,
2322 2888 2425 2926 non
2452 2870 2798 2933 evitabimus,
2829 2868 2872 2924 si
2901 2877 3021 2938 post
3046 2876 3271 2921 mortem
3295 2866 3462 2919 etiam
3494 2866 3683 2933 ipsum

2099 2967 2151 3020 in
2187 2965 2413 3028 exsilio,
2454 2974 2706 3032 tauquam
2732 2961 2856 3032 jure
2886 2961 3223 3023 damnatum,
3261 2956 3641 3025 reliquerimus
3662 2973 3693 3022 ;

2098 3058 2398 3129 prrcsertim
2430 3071 2554 3111 cum
2606 3071 2712 3109 non
2744 3055 3056 3124 ignoremus
3103 3065 3219 3114 eos,
3252 3050 3344 3120 qui
3379 3064 3445 3103 ex
3480 3062 3693 3117 genere

419 3158 439 3190 ι
476 3138 798 3221 Methodius,
840 3134 922 3195 vir
953 3150 1017 3196 et
1033 3142 1139 3195 vita
1168 3149 1222 3195 et
1261 3141 1505 3195 doctrinm
1528 3140 1685 3194 valde
1716 3139 1995 3209 probatus,
2024 3163 2069 3221 ε
2102 3164 2258 3207 erant
2299 3151 2496 3220 J-oscph
2525 3190 2539 3215 ,
2578 3149 2632 3204 in
2677 3146 3075 3203 benedictionis
3123 3133 3279 3215 parte
3312 3143 3583 3213 posuisset,
3619 3151 3690 3194 ιιι

415 3241 471 3285 et
502 3232 591 3300 qui
625 3234 725 3301 pro
757 3232 986 3288 veritate
1012 3241 1067 3288 et
1098 3232 1358 3303 religione
1384 3244 1480 3301 per
1504 3231 1671 3285 multa
1701 3232 1995 3284 certamina

414 3329 470 3376 et
499 3322 718 3394 longum
759 3323 1008 3393 exsilium
1035 3322 1363 3392 pertulerat,
1392 3323 1550 3392 atque
1593 3322 1715 3376 inde
1747 3322 1916 3390 plagis
1944 3322 1999 3375 et

416 3430 639 3471 carcere
661 3417 748 3470 diu
780 3416 1056 3469 cruciatus
1082 3416 1337 3479 redierat,
1372 3404 1701 3469 omnibusin
1735 3414 1997 3482 dignitate

414 3505 722 3560 constitutis
763 3505 1209 3575 approbantibus,
1244 3504 1448 3560 electus
1490 3511 1608 3569 est,
1649 3505 1739 3574 qui
1787 3520 1995 3559 sacrant

412 3597 615 3667 reginae
637 3597 850 3652 urbiunt
876 3599 1059 3653 sedero
1086 3599 1377 3654 obtineret.
1409 3597 1563 3653 Tunc
1588 3597 1778 3653 Nicaea:
1802 3597 1997 3651 divini-

415 3701 504 3745 tus
536 3689 762 3745 edoctus
783 3701 1030 3745 sanctum
1062 3691 1457 3747 mcumenicum
1483 3691 1770 3746 concilium
1798 3705 1995 3744 secun-

414 3781 566 3850 dum,
590 3783 732 3853 quod
757 3782 923 3838 Irente
952 3783 1349 3854 imperatricis,
1385 3784 1454 3839 ab
1485 3772 1599 3853 ipsa
1640 3799 1772 3853 pace
1808 3798 1995 3837 verum

417 3884 614 3930 nomen
656 3876 944 3940 habentis,
973 3879 1028 3931 et
1074 3876 1285 3931 Tarasii
1320 3877 1542 3930 maximi
1576 3877 1997 3945 beatissimique

414 3969 738 4041 patriarcha:
787 3971 967 4025 studio
1018 3952 1351 4029 celebratum
1392 3978 1508 4032 cst,
1544 3969 1737 4024 merito
1785 3969 1995 4023 firmam

414 4062 649 4117 obtinuit
699 4062 1075 4117 auctoritatem
1113 4077 1174 4116 ac
1218 4063 1416 4128 robur;
1454 4076 1575 4133 cum
1618 4052 1841 4127 omnes,
1880 4077 1999 4132 qua:

417 4156 527 4211 Deo
555 4157 833 4224 aspirante
877 4157 929 4211 in
972 4156 1090 4227 ipso
1122 4157 1336 4212 decreta
1384 4155 1618 4229 fuerant,
1670 4156 1996 4225 comproba-

415 4257 555 4304 rent.
590 4248 742 4303 Tunc
777 4263 965 4303 omnes
1000 4245 1254 4303 Ecclesiae
1294 4262 1449 4302 suum
1479 4247 1679 4319 ubique
1714 4247 1881 4301 decus
1916 4262 1998 4301 re-

414 4349 696 4410 ceperunt,
732 4351 787 4394 et
820 4336 1206 4394 venerabilium
1236 4338 1527 4409 imaginum
1559 4324 1848 4408 Splendore
1882 4337 1997 4393 fne-

416 4442 545 4487 ruut
582 4432 868 4487 illustratus
904 4449 918 4485 :
948 4429 1247 4501 cjectisqtte
1279 4431 1386 4486 illis
1426 4432 1515 4501 qui
1551 4431 1757 4485 nefarie
1793 4445 1886 4485 eas
1911 4431 1998 4485 itt-

2101 3245 2270 3314 patris
2300 3231 2435 3297 ossa'
2456 3251 2576 3310 post
2604 3239 2965 3310 quadraginta
3004 3237 3116 3291 fere
3138 3250 3309 3289 annos
3342 3249 3406 3288 ex
3441 3232 3692 3311 {Egypto

2103 3338 2154 3391 itt
2176 3336 2590 3391 Cltananitidem
2613 3342 2991 3401 exportarcnt.
3013 3329 3168 3397 Quod
3194 3345 3314 3383 cum
3344 3328 3413 3381 ita
3439 3327 3529 3389 sit,
3557 3342 3689 3389 nos.

2101 3432 2189 3501 qui
2224 3445 2414 3484 sumus
2434 3427 2654 3498 pietatis
2682 3425 2798 3488 lilii,
2820 3421 3030 3480 diutius
3063 3421 3263 3492 privari
3295 3406 3565 3501 patiemur
3583 3418 3691 3471 Pa-

2104 3492 2201 3574 t-ris
2227 3520 2371 3573 illius
2400 3516 2708 3587 przcseutia,
2739 3529 2767 3568 a
2802 3530 2909 3584 quo
2950 3513 3149 3567 divinis
3177 3509 3517 3565 documentis
3542 3492 3691 3560 cnu-

2103 3610 2215 3664 triti
2250 3608 2479 3663 sumus?
2519 3607 2645 3661 llaec
2693 3605 2946 3674 quidem,
2983 3602 3232 3657 omnium
3271 3614 3409 3670 quas
3439 3600 3695 3652 intuetur

2100 3700 2181 3755 sol
2206 3700 2416 3754 urbium
2459 3695 2902 3768 prtesmntissima
2929 3732 2945 3757 ,
2978 3700 3033 3745 et
3075 3691 3222 3759 regia
3268 3689 3498 3753 civitas,
3536 3689 3692 3741 sacri

2100 3793 2252 3849 ducis
2280 3801 2442 3862 atque
2467 3790 2701 3860 pastoris
2731 3787 2811 3841 sui
2837 3784 3099 3862 reliquias
3131 3791 3350 3837 sanctas
3380 3778 3691 3843 desiderat,

2100 3898 2235 3952 quas
2265 3860 2367 3951 pie
2385 3887 2669 3936 conservet
2703 3887 2756 3930 et
2792 3875 2966 3931 colat.
3011 3860 3210 3944 Sponsi
3260 3871 3345 3927 sui
3391 3870 3691 3939 prmsetttia

2102 3977 2315 4029 fruatur
2337 3987 2553 4027 rursum
2579 3970 2817 4024 Ecclesia
2842 3967 3014 4035 ipsius
3040 3963 3416 4019 amantissima
3451 3980 3465 4016 :
3492 3969 3545 4013 et
3572 3977 3695 4029 quo

2098 4067 2225 4121 vivo
2271 4046 2632 4137 iniustissima
2677 4057 3029 4129 hnperatOris
3076 4071 3237 4109 manu
3289 4052 3519 4135 spoliata
3555 4049 3695 4114 fuit,

2101 4159 2297 4214 mortui
2328 4170 2547 4225 corpus,
2588 4161 2862 4206 annuente
2892 4149 3135 4204 studiosa
3166 4143 3412 4200 Pastoris
3444 4141 3696 4211 impera-

2103 4251 2259 4314 tricc,
2294 4246 2709 4315 complectatur.
2736 4242 2950 4307 Cernis,
2982 4238 3436 4310 quemadmodum
3462 4235 3551 4289 hic
3582 4226 3697 4303 po;

2102 4341 2280 4411 polus,
2328 4338 2422 4405 qui
2465 4352 2562 4407 per
2605 4346 2657 4389 te
2702 4349 2926 4389 securus
2975 4333 3028 4386 iu
3076 4347 3204 4386 vera
3239 4326 3501 4397 religione
3550 4342 3697 4380 con-

2102 4432 2355 4503 quiescit,
2394 4428 2695 4484 incredibili
2724 4418 2907 4481 Stndio
2937 4425 3101 4479 etiam
3134 4433 3256 4491 post
3298 4431 3553 4484 mortem,
3591 4434 3698 4469 vn-

414 4512 791 4589 iccmbanluri
836 4523 1151 4579 εθεεΐάοῑεε
1180 4524 1234 4577 in
1282 4523 1360 4579 eis
1391 4537 1454 4577 ac
1488 4508 1687 4585 duces,
1732 4524 1862 4577 recti
1899 4512 1995 4578 do?
2028 4523 2072 4581 Ι)
2104 4542 2219 4581 cem
2248 4524 2362 4591 eius
2387 4524 2439 4578 in
2473 4523 2665 4592 spiritu
2699 4519 2889 4574 audire
2914 4514 3295 4586 concupiscit?
3330 4512 3487 4580 Quod
3518 4511 3563 4564 si
3600 4522 3696 4563 Izt—

414 4617 615 4687 gmatis
637 4618 888 4684 studiosi,
920 4612 1048 4672 sunt
1075 4617 1375 4672 constituti.
1425 4635 1459 4693 r
1489 4614 1545 4669 In
1582 4614 1705 4671 Vita
1755 4612 1992 4679 Tarasii,

412 4712 487 4767 25
517 4711 799 4769 Februarii
827 4711 1116 4777 illustrata,
1141 4711 1208 4766 de
1239 4711 1381 4766 dicto
1412 4708 1654 4764 Concilio
1683 4707 1847 4763 latius
1876 4709 1994 4778 agi.-

416 4817 525 4868 tur,
545 4814 598 4860 et
623 4805 881 4860 memoria
905 4800 1296 4861 sancttelrena:
1322 4801 1691 4871 imperatricis
1722 4801 1991 4856 rccolitnr

415 4900 485 4956 15
510 4898 741 4970 Augusti
772 4917 785 4955 :
826 4899 1047 4955 haeresis
1079 4912 1209 4954 vero
1232 4895 1715 4959 lconoclastarttm,
1750 4908 1870 4962 qua:
1900 4892 1999 4947 sub

412 4991 596 5050 Leone
613 4992 801 5048 isauro
831 4999 1017 5047 exorta
1036 5032 1052 5058 ,
1080 4990 1179 5046 sub
1203 4988 1387 5044 Leone
1409 4988 1650 5067 Armcno
1678 4985 1997 5039 resuscitata

415 5086 620 5149 fuerat,
653 5090 775 5154 post.
802 5098 974 5138 annos
1007 5094 1223 5138 centum
1247 5090 1302 5136 et
1336 5079 1522 5148 viginti
1556 5068 1712 5147 plane
1744 5070 1998 5143 dissipata

418 5178 635 5234 tandem
671 5187 776 5240 est,
828 5185 989 5239 atque
1031 5173 1335 5249 institutum
1381 5172 1577 5224 festum
1612 5167 1998 5233 Ortbodoxite,

417 5287 525 5340 quo
561 5283 838 5325 sacrarum
875 5264 1170 5335 imaginum
1211 5262 1483 5319 restitutio
1526 5260 1821 5331 quotannis
1853 5257 1996 5312 cele-

418 5365 609 5421 bratur
635 5361 916 5416 Dominica
935 5359 1109 5428 prima
1134 5340 1595 5426 Quadragcsimac,
1621 5352 1781 5407 ducta
1814 5350 2001 5419 praelu—

418 5455 672 5512 centibus
726 5452 933 5507 facibus
965 5448 1315 5518 processione
1367 5447 1434 5501 ab
1480 5444 1722 5500 Ecclesia
1760 5442 2000 5512 Deiparae

416 5545 806 5614 Blachernensi
864 5543 931 5597 ad
990 5541 1431 5613 augustissimum
1510 5536 1725 5592 Sancta:
1784 5534 2001 5606 Sophia:

420 5641 675 5712 templum
688 5681 702 5695 .
1193 5697 1198 5701 .

490 5735 580 5790 η.
619 5732 721 5788 Per
752 5732 803 5787 id
834 5741 1043 5800 tempus
1083 5730 1360 5802 religionis
1389 5732 1654 5799 restitutae
1675 5772 1688 5795 ,
1716 5739 1771 5784 ut
1803 5727 2003 5797 legitur

423 5827 475 5883 in
506 5829 672 5883 citata
712 5824 886 5884 sancti
918 5822 1126 5882 Nicolai
1165 5825 1392 5884 Studita:
1419 5825 1541 5883 Vita
1572 5841 1720 5882 nunt.
1755 5823 1844 5892 37,
1888 5842 1906 5873 ι
1938 5819 2001 5876 il-

2102 4617 2452 4674 bernaculum
2494 4615 2609 4685 eius
2641 4622 2847 4667 tantum
2876 4611 2941 4665 ad
2979 4624 3037 4664 se
3089 4609 3317 4663 relatum
3362 4604 3647 4674 aspexerit
3673 4645 3694 4668 ,

2100 4723 2160 4767 se
2186 4709 2331 4763 illum
2371 4709 2547 4778 ipsum
2597 4706 2868 4775 recepisse
2897 4704 3192 4771 spirantem
3238 4698 3599 4759 existimabit,
3633 4708 3699 4750 et

2052 4834 2057 4839 π
2100 4811 2360 4872 tanquam
2393 4801 2706 4855 thesaurum
2739 4797 2972 4865 aliquem
3003 4793 3463 4863 pretiOsissimnm
3490 4785 3697 4844 recon-

2100 4894 2192 4950 det
2222 4904 2276 4947 et
2306 4880 2641 4947 observabit.
2692 4890 2785 4945 llis
2808 4889 3060 4959 precibus
3080 4929 3094 4953 ,
3131 4896 3183 4941 et
3208 4886 3701 4945 cohortationibus

2101 4986 2386 5041 celerrime
2407 4998 2468 5037 ac
2492 4982 2849 5037 libentissime
2875 4980 3074 5050 inclyta
3101 4979 3297 5034 attnuit
3318 4976 3641 5046 imperatrix
3680 4995 3696 5031 :

2101 5076 2451 5146 Perspicuum
2489 5082 2572 5128 est
2610 5075 2752 5128 enim
2774 5114 2788 5139 ,
2820 5060 3018 5142 inuuit,
3051 5074 3151 5126 hoc
3183 5072 3323 5141 apud
3362 5083 3554 5123 omnes
3588 5084 3688 5137 po-

2101 5180 2297 5234 steros,
2322 5178 2376 5222 et
2398 5166 2529 5221 mihi
2560 5175 2613 5221 et
2645 5148 2829 5219 liberis
2859 5165 2993 5218 meis
3021 5164 3209 5218 honori
3246 5161 3511 5215 futurunt.
3554 5180 3572 5212 ι

2172 5264 2262 5320 14.
2296 5261 2450 5316 Tunc
2482 5275 2638 5315 sacer
2677 5258 2913 5313 civitatis
2946 5257 3176 5311 antistes
3198 5297 3213 5319 ,
3239 5272 3361 5309 cum
3394 5256 3693 5310 sacer-luti-

2100 5356 2201 5412 bus
2225 5365 2278 5409 ct
2306 5353 2585 5408 monachis
2605 5353 2963 5418 universeque
2979 5348 3195 5418 populo,
3225 5347 3292 5401 ad
3319 5349 3493 5405 sancti
3521 5345 3697 5397 Thm-

2102 5449 2218 5503 dori
2268 5450 2525 5517 templum
2579 5444 2838 5501 accedit:
2876 5442 2930 5496 in
2964 5457 3072 5511 quo
3117 5440 3288 5509 gratia
3329 5443 3500 5506 plena:
3543 5438 3695 5493 licii-

2101 5542 2242 5611 quiae
2267 5540 2518 5611 iacebant
2544 5580 2557 5605 ,
2587 5552 2787 5606 easque
2817 5552 2940 5592 cum
2973 5536 3319 5590 veneratione
3350 5544 3404 5589 et
3434 5534 3699 5605 lacrytnis

2101 5633 2503 5705 complectens,
2537 5640 2782 5685 sanctum
2819 5640 3078 5698 tanquam
3115 5627 3386 5681 viventem
3435 5627 3518 5681 sic
3559 5626 3699 5682 allo-

2101 5734 2260 5781 cutus
2289 5734 2370 5780 est
2413 5741 2423 5777 :
2458 5722 2501 5775 0
2530 5723 2610 5775 vir
2650 5720 2986 5783 beatissime,
3024 5719 3113 5788 qui
3152 5717 3363 5773 eisdem
3398 5716 3702 5775 laboribus

2103 5829 2155 5877 et
2182 5819 2461 5886 aerumnis,
2495 5815 2691 5887 quibus
2721 5824 2942 5871 sanctus
2965 5810 3204 5870 Joannes
3234 5810 3368 5882 Chr}
3382 5820 3678 5869 sostomus
