3938 6168
195 368 332 434 ιειδτι
1718 366 1939 443 vim-
2150 394 2171 403 κ
3172 457 3179 465 ,
3218 464 3223 465 ν
3333 379 3468 444 tam

191 484 410 542 allectus
440 499 521 550 es,
553 487 694 541 sicut
724 486 912 542 eodem
955 486 1230 558 religionis
1266 487 1447 542 studio
1478 487 1772 541 et‘dicendi
1804 498 1848 548 Α
1882 488 2003 544 ldus
2049 489 2227 545 Martii
2251 531 2285 565 ,ρ
2324 505 2431 561 quo
2490 490 2706 561 quidem
2750 491 2835 546 die
2875 491 2928 545 in
2986 492 3241 549 exsilium
3304 497 3477 548 etiam

192 581 438 636 libertate
456 580 1026 650 prtestabas;~quique
1045 581 1328 649 pariteret
1351 581 1480 634 sede
1506 579 1776 649 privatus,
1880 584 2084 650 ejecttts
2118 582 2314 649 fueral,
2354 593 2412 638 ut
2446 592 2674 652 utraque
2708 600 2765 638 re
2793 584 2863 638 sit
2889 586 3277 640 memorabilis.

192 683 245 727 ot
273 671 537 728 multatus
575 672 769 728 exsilio
795 714 809 740 ,
839 682 892 727 et
917 672 1134 744 triginta
1170 673 1330 731 trium
1363 687 1631 729 annorum
1664 686 1780 740 spa-
1957 674 2043 728 l7.
2092 673 2240 730 lnter
2277 675 2414 730 alios
2472 674 2712 745 ejusdem
2780 677 3039 746 temporis
3088 678 3322 733 athletas
3368 677 3473 734 fuit

196 768 329 822 tium
379 767 620 823 extorris
665 775 775 822 tum
822 767 996 832 vivus,
1041 776 1149 820 tum
1194 775 1442 821 mortuus
1483 766 1777 835 transegit;
1885 778 2104 824 sanctus
2155 767 2472 823 Joannicius
2510 769 2683 825 abbas
2721 768 2774 823 in
2807 767 3089 847 Bithynia,
3140 769 3294 837 cujus
3346 772 3471 825 illu-

197 873 339 913 nunc
377 868 427 911 te
459 854 614 913 nobis
642 858 717 912 tui
747 856 1141 913 amantissimis
1175 858 1420 924 restitue,
1453 867 1614 928 atque
1654 859 1783 913 hinc
1885 860 2016 916 stria
2072 871 2190 916 aeta
2238 871 2294 916 et
2361 862 2665 916 certamina
2717 861 3129 931 descripserunt
3182 862 3360 920 Sabas
3418 873 3476 918 et

197 951 486 1007 discedens
530 952 595 1005 ad
630 952 848 1021 prepria
898 951 1038 1015 redi,
1075 960 1134 1005 ut
1179 960 1232 1006 te
1279 968 1420 1006 nunc
1447 991 1462 1017 ,
1500 964 1559 1004 ut
1609 952 1781 1019 ipsum
1889 950 2077 1007 Petrus
2113 954 2532 1022 monachi,qn;e
2560 953 2748 1010 Graeca
2786 936 3049 1011 habemus
3072 956 3290 1026 singula
3316 955 3474 1011 valde.

196 1042 323 1099 olim
344 1083 363 1109 ,
396 1041 629 1111 pepulu's
659 1047 733 1096 tui
766 1043 1200 1098 studiosissimus
1234 1059 1355 1099 eum
1385 1044 1585 1114 gaudio
1609 1044 1784 1098 susci-
1888 1043 2065 1111 longa,
2106 1043 2289 1099 Retine
2329 1054 2381 1099 et
2415 1043 2641 1103 Parisiis
2699 1045 2991 1114 acquisita.
3034 1055 3106 1100 et
3137 1048 3204 1102 ad
3263 1047 3407 1101 diem
3440 1047 3475 1100 4

199 1135 330 1206 piat.
366 1132 489 1188 Tibi
527 1151 555 1188 a
589 1135 699 1189 Deo
727 1133 1263 1205 alienusimperator
1289 1136 1497 1201 viventi
1526 1137 1784 1193 atlversa-
1888 1135 2215 1195 Novembris
2256 1137 2596 1192 clueidamla.
2641 1124 2922 1195 Alia.item
2946 1184 2951 1189 .
2975 1137 3260 1202 habemus,
3299 1137 3471 1194 Meta-

204 1236 288 1280 tus
321 1235 429 1292 est,
459 1236 517 1280 et-
544 1226 945 1282 inconsiderate
973 1228 1038 1282 ab
1064 1227 1389 1305 Ecclesiate
1416 1229 1658 1300 depulit;
1694 1231 1788 1287 sed

205 1319 403 1389 dignas
421 1318 608 1374 furore
633 1334 732 1376 suo
766 1332 958 1391 pinnas
990 1320 1161 1387 dedit,
1180 1321 1618 1392 ,miserandoque
1640 1325 1787 1378 exitu

207 1411 435 1481 imperio
458 1410 620 1466 simul
647 1422 702 1468 et
733 1413 842 1467 vita
871 1414 1116 1483 privatus
1147 1422 1251 1477 est,
1292 1414 1645 1487 audaciaque
1677 1432 1788 1472 suae

207 1503 383 1557 debita
411 1505 635 1571 praemia
659 1505 801 1560 tulit.
832 1506 1004 1561 Hodie
1026 1508 1415 1577 pimperatores,
1438 1507 1548 1562 Deo
1566 1518 1788 1578 propter

213 1611 423 1650 tuorum
459 1596 719 1667 pietatem
748 1598 1077 1665 cbarissimi,
1102 1596 1315 1655 mortuo
1336 1600 1640 1656 Ecclesium
1668 1599 1791 1656 red—

209 1687 371 1750 dunt;
397 1704 582 1756 quam,
609 1689 683 1742 uti
715 1688 808 1742 filii
841 1705 936 1760 per
962 1690 1315 1774 Evangelium
1341 1690 1542 1758 eﬂ‘ecti,
1576 1706 1786 1747 mecum

210 1784 573 1849 constituunt,
605 1800 711 1838 non
734 1785 1035 1863 habentem
1063 1786 1329 1841 maculam
1367 1802 1544 1858 neque
1570 1803 1788 1859 rugam,

211 1875 437 1944 qualem
496 1875 605 1928 tuis
667 1886 913 1930 ornatam
968 1886 1023 1931 et
1079 1877 1457 1953 confirmatam
1523 1877 1790 1933 institutis

212 1966 511 2034 reliquisti.
543 1966 744 2036 ASpice
774 1972 828 2021 et
851 1968 974 2022 vide
999 1979 1356 2041 congregatos
1384 1969 1549 2032 ﬁlios,
1591 1969 1679 2038 qui
1725 1985 1799 2025 cx.

211 2059 522 2130 prepinqno
558 2068 843 2126 venerunt,
887 2077 1010 2115 cum
1062 2062 1253 2131 reliqui
1302 2062 1490 2132 procul
1539 2072 1688 2115 tuum
1724 2060 1798 2115 ad

216 2167 275 2206 se
332 2151 571 2220 reditum
624 2136 976 2223 exspectent;
1016 2144 1153 2224 quos
1199 2164 1287 2219 tu,
1328 2154 1471 2209 velut
1499 2154 1794 2223 orphanos,

215 2241 322 2296 noli
382 2251 471 2295 tua
526 2254 820 2299 maerentes
876 2245 1123 2299 absentia
1196 2246 1529 2313 relinquere.
1590 2243 1797 2300 Habeat

215 2335 407 2390 civitas
485 2343 600 2399 tua,
658 2336 776 2391 loco
837 2337 1083 2414 muneris
1162 2338 1582 2408 pretiosissimi,
1645 2348 1821 2392 tuum,

213 2427 592 2482 beatissimum
650 2428 1070 2483 tabernaculum
1095 2467 1117 2507 ,Ι
1155 2444 1260 2498 quo
1292 2428 1462 2500 magis
1498 2444 1662 2505 quam
1699 2429 1800 2483 im-

216 2521 348 2589 perii
390 2522 748 2590 amplitudine
777 2532 991 2587 ornata,
1022 2510 1285 2592 glorietur
1318 2533 1373 2578 et
1400 2524 1655 2593 gaudeat.
1782 2518 1785 2521 λ

286 2611 376 2664 l5.
427 2611 557 2665 llaec
602 2626 732 2665 voce
792 2609 957 2683 ﬂebili
1035 2612 1345 2681 supplicans
1395 2612 1802 2667 sacratissimus

219 2703 529 2773 patriarcha
557 2703 885 2779 Methodius,
920 2713 1246 2763 nocturnum
1282 2703 1642 2777 Psalmorum
1671 2719 1801 2758 can-

219 2807 329 2850 tum
377 2804 456 2851 et.
493 2796 791 2866 mysticum
834 2795 1169 2851 sacrificium
1220 2812 1348 2852 cum
1403 2797 1600 2865 populo
1655 2796 1798 2851 ﬁdeli

218 2886 530 2956 periit-iens,
584 2885 905 2954 praeclarum
955 2902 987 2942 e
1045 2888 1273 2943 tumulo-
1305 2903 1507 2958 corpus
1570 2888 1798 2951 retexit,

220 2978 362 3048 quod
396 2978 731 3049 undeviginti
761 2979 1234 3049 annorumspotio
1276 2980 1546 3051 integrum
1580 2980 1804 3037 omnino

1892 1228 2126 1297 pbrastae
2176 1229 2412 1291 tributa,
2471 1244 2591 1299 quae
2621 1243 2652 1283 a
2687 1229 2979 1284 Geutiano-
3019 1230 3252 1287 llerveto
3284 1229 3493 1289 Latine.

1891 1321 2130 1377 reddita.
2153 1320 2322 1375 edidit
2370 1321 2703 1390 Lipomanus
2763 1307 2910 1376 toruo
2954 1320 3019 1388 γ,
3058 1314 3376 1377 ,ειῖδυιίιιε
3406 1323 3475 1376 ad

1894 1411 2097 1466 dictum
2131 1411 2165 1465 lt
2216 1410 2556 1477 Novembris,
2590 1412 2840 1466 undecx
2893 1427 3122 1481 numero
3173 1412 3232 1468 51
3274 1412 3489 1482 .placet.

1895 1501 2186 1570 decerpere
2234 1502 2536 1571 sequentia.
2594 1521 2613 1556 ι
2690 1501 3033 1572 Theophilus
3080 1506 3314 1559 ex._bac
3365 1504 3479 1561 vita

1896 1594 2149 1658 excedit;
2178 1592 2408 1649 Michael
2437 1609 2570 1649 vero
2590 1604 2644 1650 et
2679 1593 2967 1657 Theodore
2993 1595 3282 1665 imperium
3312 1596 3484 1651 susei-

1898 1687 2069 1755 piunt.
2104 1684 2408 1740 Methodius
2444 1695 2647 1749 autem,
2673 1686 2754 1740 vir
2784 1701 2979 1741 revera
3000 1696 3503 1743 sacrosanctus-et.

1897 1778 2062 1833 homo
2093 1778 2208 1842 Dei,
2239 1777 2299 1831 in
2344 1778 2517 1833 sacris
2569 1777 2869 1833 collocatur
2925 1779 3168 1835 sedibus.
3226 1779 3332 1834 Sed
3394 1778 3482 1850 (ut

1896 1869 2062 1924 semel
2096 1870 2294 1941 dicam)
2342 1886 2464 1925 cum
2512 1872 2696 1927 omnia
2745 1873 2812 1927 ab
2843 1886 2908 1928 eo
2947 1872 3178 1939 fuissent
3233 1875 3485 1929 traducta

1897 1962 1963 2017 ad
1992 1961 2347 2017 orthodoxam
2385 1963 2568 2029 fidem,
2613 1964 2931 2034 sopitusque
2981 1975 3127 2020 esset
3161 1963 3340 2020 omuis
3381 1962 3487 2019 llu-i

1899 2065 2037 2121 ctus,
2078 2069 2140 2111 ac
2178 2058 2364 2109 sedata
2404 2064 2716 2127 tempestas,
2748 2067 2803 2112 et
2843 2073 2931 2113 res
2958 2041 3195 2135 quietae;
3227 2058 3478 2127 quredam

1899 2145 2002 2200 alia
2040 2147 2236 2201 seditio
2269 2148 2546 2202 excitatur
2574 2164 2602 2200 a
2633 2149 2760 2218 piis,
2791 2157 2845 2203 et
2877 2165 2964 2205 res
2995 2149 3256 2205 Ecclesiae
3280 2152 3493 2206 iterum

1900 2230 2057 2291 erant
2080 2238 2291 2302 divisae,
2319 2248 2479 2308 atque
2504 2240 2738 2294 redacta:
2772 2240 2824 2294 in
2849 2242 2985 2298 duas
3012 2241 3320 2310 opiniones.
3342 2240 3507 2295 Nam.

1902 2328 1993 2383 alii
2040 2329 2260 2398 quidem
2307 2330 2565 2386 volebant
2616 2332 2854 2387 retinere
2913 2333 2969 2388 in
3011 2333 3323 2391 miniaterio
3371 2348 3485 2400 eos,

1901 2421 1992 2491 qui
2027 2421 2346 2493 dignitatem
2386 2424 2682 2479 sacerdotii
2716 2436 3067 2494 acceperant.
3092 2426 3159 2481 ab
3201 2423 3515 2481 [comma--

1902 2515 2041 2576 chis.
2081 2507 2290 2583 utpote'
2314 2516 2458 2589 quod
2494 2517 2597 2571 hoc
2654 2515 2788 2570 nihil
2834 2515 3033 2585 pietati.
3066 2514 3344 2571 alliceret:
3395 2516 3488 2569 alii

1902 2615 2081 2662 autem
2121 2607 2362 2685 profanis
2397 2621 2591 2663 saneta
2631 2608 2846 2662 tradere
2898 2605 3187 2672 manibus:
3228 2604 3492 2675 putabant

1904 2701 2124 2754 cumino
2156 2713 2275 2754 esse
2332 2699 2577 2769 impium,
2629 2708 2685 2755 et
2718 2699 2942 2755 minime
2980 2697 3089 2754 Deo
3141 2706 3353 2768 gratum
3390 2711 3510 2752 nec;

1904 2793 2321 2848 admittendum.
2359 2792 2596 2848 Ferebat
2627 2793 2678 2847 id
2715 2808 2880 2862 aegre,
2908 2792 2999 2860 qui
3042 2789 3151 2847 Deo
3176 2807 3302 2847 vere
3334 2792 3485 2846 vive-

1904 2882 1996 2938 bat
2023 2882 2345 2949 Methodius,
2381 2883 2794 2955 angebaturque
2825 2892 2880 2938 et
2905 2882 3248 2938 lacerabatur
3282 2881 3446 2936 corde
3470 2899 3521 2949 ιτ

1906 2977 2288 3045 putabatenim
2320 2991 2572 3048 magnum
2598 2975 2822 3031 Paulum
2858 2990 3120 3032 resonare
3154 2975 3209 3029 in
3241 2974 3490 3038 auribus,

220 3056 530 3140 purumque
569 3080 883 3138 manserat;
914 3079 969 3125 et
998 3072 1059 3125 in
1092 3087 1220 3127 area
1261 3072 1330 3129 ab
1366 3073 1483 3143 ipso
1534 3074 1817 3143 composk
1909 3067 2023 3139 hanc
2063 3052 2450 3139 propenmdum
2481 3068 2791 3138 loquentem
2827 3087 2842 3123 :
2887 3066 3105 3125 Utinam
3140 3067 3241 3122 sim
3269 3081 3297 3121 a
3334 3065 3517 3122 Ghri»

225 3172 360 3226 tum,
382 3172 441 3219 et
474 3163 1112 3225 saeerdotnnrmanibus
1143 3165 1439 3232 sublatura,
1469 3181 1593 3229 eum
1634 3166 1801 3221 lumi-
1832 3181 1874 3237 ρ
1909 3170 1994 3215 Sto
2021 3161 2308 3216 anathema
2338 3172 2436 3230 pro
2463 3159 2731 3216 fratribus
2755 3161 2890 3217 meis
2913 3160 3212 3216 secundum
3239 3174 3490 3221 carnem,

224 3254 388 3310 nibus
426 3263 482 3309 et
524 3254 791 3324 frequenti
833 3256 1169 3313 Psalmorum
1204 3269 1390 3324 cantu,
1431 3250 1696 3314 innavim
1739 3262 1827 3316 ad.

225 3345 328 3401 hoc
355 3355 606 3416 paratam
643 3346 849 3403 illatum
877 3358 982 3403 est.
1019 3347 1125 3405 Sed
1164 3365 1287 3405 cum
1322 3351 1529 3405 fretum
1551 3352 1804 3422 traiecis-

227 3448 328 3502 set,
368 3448 425 3495 et
457 3441 524 3493 ad
562 3439 710 3495 urbis
753 3440 906 3495 littus
953 3441 1462 3513 appropinquasset,
1522 3430 1618 3498 Dei
1673 3459 1805 3500 cura

225 3528 456 3584 Michael
485 3531 781 3600 imperator
821 3531 1066 3601 juvenis,
1096 3542 1151 3586 et
1178 3533 1808 3609 amplissimisdignita-

229 3624 372 3678 tibus
405 3633 730 3693 prmsmmes
762 3624 883 3687 viri,
918 3632 974 3678 et
1012 3624 1249 3693 patricii,
1301 3633 1357 3681 et
1410 3626 1600 3695 reliqui
1620 3626 1806 3691 cives,

230 3713 335 3769 hui
386 3713 643 3781 facesque
677 3713 927 3768 manibus
965 3722 1235 3780 tenentes,
1272 3714 1489 3769 obviam
1516 3728 1808 3785 processe-

230 3816 355 3861 runt
386 3814 491 3863 :.et
516 3820 699 3859 arcam
737 3806 882 3859 illam
910 3808 1227 3876 pretiosam,
1263 3820 1384 3861 eum
1410 3808 1516 3862 fide
1545 3824 1627 3863 ac:
1648 3825 1810 3866 vene-

231 3898 463 3964 ratione,
488 3899 730 3969 bumeris
758 3899 872 3953 suis
896 3898 1211 3963 subeuntes,
1237 3900 1302 3953 ad
1348 3915 1597 3970 magnam
1637 3917 1810 3973 usque

228 3999 512 4059 gestarent
571 3990 895 4055 ecclesiam,
922 4007 1001 4053 ex
1047 4006 1184 4060 qua,
1225 3992 1499 4063 pontiﬁcis
1546 3993 1809 4065 dignitate

229 4082 514 4152 spoliatus,
548 4081 755 4151 eiectus
786 4072 981 4137 fuerat.

296 4175 391 4229 16.
436 4174 564 4228 lude
602 4190 840 4240 rursum,
871 4176 1107 4231 assiduis
1136 4161 1234 4232 diu
1266 4188 1539 4249 noctuque
1570 4176 1812 4233 Psalmo-

233 4279 347 4319 rum
386 4263 708 4319 festivorum
759 4266 1010 4320 cantibus
1041 4266 1282 4322 vicissim
1322 4277 1556 4331 utentes,
1602 4277 1653 4321 et
1686 4284 1809 4323 eum

231 4358 372 4412 (ιιιιηί
409 4357 676 4411 luminum
724 4371 920 4426 genere
974 4374 1068 4428 per
1101 4360 1331 4414 mediam
1390 4362 1578 4415 urbem
1635 4362 1812 4430 ipsum

233 4458 526 4515 gestantes,
564 4449 618 4502 in
657 4449 986 4505 Sanctorum
1031 4449 1413 4520 Apostolorum
1467 4452 1662 4522 templo
1696 4453 1811 4507 col-

1913 3252 1955 3306 si
1990 3253 2149 3307 modo
2177 3253 2439 3308 steteritis
2458 3253 2764 3319 nobiscum,
2791 3261 2846 3308 et
2873 3251 3239 3306 communiter
3269 3250 3507 3322 quidem

1915 3326 2241 3400 Trinitatem
2295 3332 2808 3415 gloriﬁcaverimus.
2838 3343 2907 3400 Et
2945 3344 3035 3398 ille
3079 3344 3295 3414 quidem
3326 3345 3407 3398 sic
3430 3358 3517 3398 se-

1912 3436 2180 3505 bahebat;
2225 3437 2319 3492 Dei
2353 3447 2535 3492 autem
2577 3438 2786 3493 amicus
2848 3435 3205 3501 Joaunicius,
3245 3435 3497 3492 incidens

1903 3530 1968 3609 ’in
1994 3546 2081 3585 res
2105 3531 2250 3586 adeo
2287 3533 2615 3587 turbatas...
2641 3531 3048 3601 archiepiscopi
3082 3530 3340 3587 Methodii
3382 3528 3517 3597 jam.

1912 3614 2185 3678 labantem
2242 3625 2524 3678 recreabat
2588 3624 2902 3679 animum...
2957 3623 3248 3679 Scribebat
3314 3631 3495 3677 autem

1913 3715 2208 3784 Methodio,
2250 3724 2308 3769 ut
2358 3715 2481 3770 illos
2539 3716 2721 3786 potius
2770 3716 2996 3770 haberet
3051 3715 3196 3771 circa
3252 3714 3509 3770 divinum.

1914 3808 2266 3873 sacriﬁcium,
2297 3823 2434 3878 quos
2465 3816 2649 3862 nosset
2672 3821 2795 3862 cum
2831 3821 2895 3862 eo
2926 3806 3133 3860 sentire
3164 3805 3215 3860 in
3243 3807 3495 3874 dogmate

1913 3898 2327 3956 Orthodoriae...
2373 3899 2510 3955 Cum
2553 3899 2638 3954 hae
2689 3898 2970 3953 venissent
3022 3897 3240 3961 litterae,
3276 3896 3505 3953 divinus

1913 3993 2135 4064 «pridem
2197 3992 2501 4048 Methodius
2578 3989 2851 4047 memoriae
2918 3989 3193 4043 mandavit
3228 4004 3321 4053 ,εει
3377 4005 3498 4058 quae

1913 4085 2110 4155 scripta
2145 4083 2376 4139 fuerant.
2419 4103 2438 4136 ι
2474 4081 2596 4138 Haec
2625 4083 2721 4149 ibi,
2749 4081 3001 4137 dicuntur
3030 4090 3212 4136 autem
3243 4098 3269 4134 a
3298 4093 3497 4135 saneto

1913 4175 2197 4234 Joannieio
2234 4177 2450 4247 plurimi
2491 4177 2726 4233 hmretici
2755 4174 3042 4238 conversi;
3076 4175 3196 4229 dein
3248 4190 3399 4229 num.
3428 4176 3496 4228 57

1916 4271 2015 4325 ista
2049 4270 2114 4324 de
2134 4280 2326 4325 sancto
2357 4268 2628 4325 Methodio
2672 4269 2958 4323 habentur.

1988 4361 2075 4416 18:
2099 4361 2301 4427 Quinto
2332 4375 2474 4415 anno
2504 4359 2713 4428 imperii
2742 4357 3038 4425 Michaelis,
3068 4358 3156 4427 qui
3191 4358 3492 4412 Ecclesiaut

1918 4452 2131 4523 regebat
2167 4450 2494 4513 Methodius,
2524 4466 2646 4504 cum
2686 4450 2862 4520 magni
2893 4448 3159 4523 .loannicii
3203 4450 3267 4502 ad
3308 4449 3495 4503 Domi—

232 4540 500 4596 locaruut.
556 4541 729 4596 Tanta
774 4550 957 4596 autem
1016 4551 1137 4599 erat
1190 4544 1572 4598 concurrentis
1627 4545 1809 4616 populi
1847 4531 1887 4586 ί)
1919 4561 2045 4598 ιιιιιιι
2073 4543 2354 4599 decessum
2391 4541 3246 4614 prmscivissetappmpiuquare,
3274 4540 3340 4595 ad
3371 4556 3498 4596 eum

233 4634 476 4688 virorum
518 4642 573 4687 et
630 4633 989 4696 feminarum,
1061 4645 1223 4705 atque
1291 4643 1510 4691 :etatum
1565 4636 1805 4690 omnium

233 4725 543 4789 multitudo,
576 4732 634 4777 ut
667 4725 940 4779 numerari
972 4740 1074 4779 non
1127 4734 1330 4795 posset.
1376 4725 1433 4780 lu
1466 4724 1628 4780 biviis
1665 4725 1817 4780 enim

233 4827 279 4869 et
309 4818 609 4885 porticibus
643 4817 1061 4886 premebantur;
1094 4827 1149 4873 et
1184 4819 1385 4888 ubique
1422 4833 1518 4887 per
1555 4818 1661 4871 vim
1708 4817 1812 4872 sibi

233 4909 436 4964 exitum
466 4908 758 4977 parabant,
802 4910 938 4965 adeo
965 4919 1042 4977 ut,
1074 4911 1323 4981 quamvis
1351 4910 1557 4968 multae.
1578 4918 1816 4979 propter

236 5001 595 5071 imperatores
639 5011 693 5054 et
723 5003 1054 5068 sacerdotes,
1107 5002 1272 5058 variis
1317 5003 1652 5072 temporibus
1676 5002 1814 5057 cele-

233 5093 461 5148 britatcs
489 5091 825 5158 exstiterint,
860 5092 1006 5147 nulla
1056 5103 1380 5149 tamencum
1438 5094 1543 5148 hac
1575 5093 1811 5148 conferri

233 5192 412 5251 queat.
458 5175 719 5234 Nonnulli
754 5181 918 5235 etiam
970 5182 1024 5235 in
1059 5183 1140 5235 via
1180 5182 1462 5251 spiritibus
1517 5183 1824 5238 immundis-

233 5274 435 5338 vexati,
480 5275 608 5328 dum
657 5273 727 5329 ab
757 5272 879 5328 aliis
912 5274 1436 5343 eomprimerentur,
1473 5275 1814 5329 miserandas

232 5375 398 5436 atque
435 5364 735 5420 maledicas
780 5381 941 5420 voces
971 5366 1329 5432 emittebant;
1361 5382 1591 5437 quorum
1635 5381 1666 5422 e
1714 5383 1815 5419 nu-

231 5471 384 5514 mero
432 5458 656 5530 quidam
696 5459 765 5514 ab
813 5459 929 5528 ipso
982 5459 1155 5515 curati
1206 5463 1348 5512 Sunt.
1410 5457 1598 5527 Populi
1652 5457 1818 5528 igitur

231 5549 435 5620 impetu
474 5552 559 5604 vix
595 5549 823 5615 evitato,
851 5561 1102 5606 sanetum
1132 5549 1319 5604 eximii
1349 5549 1675 5618 patriarcha:
1703 5564 1818 5603 cor-

231 5655 332 5712 pus
376 5644 430 5698 in
485 5642 850 5699 celeberrimo
901 5642 1285 5713 Apostolorum
1339 5642 1575 5713 templo,
1646 5640 1819 5697 sacris

228 5737 510 5808 mysteriis
543 5733 659 5791 Deo
688 5734 945 5806 peractis,
977 5735 1029 5789 in
1059 5732 1313 5804 sepulcro
1340 5747 1535 5789 recens
1560 5742 1818 5787 constru-

235 5840 340 5898 cto,
378 5826 640 5884 manibus
694 5825 863 5898 ipsius
916 5822 1174 5881 Methodii
1216 5821 1574 5894 compositum
1618 5827 1720 5890 est,
1754 5837 1814 5879 ιιι

1921 4636 2086 4703 venit,
2123 4644 2180 4690 et
2233 4636 2451 4689 ultimas
2507 4648 2696 4704 preces
2741 4633 2810 4687 ab
2850 4649 2916 4689 eo
2958 4633 3129 4704 petiit.
3164 4632 3261 4688 ille
3308 4643 3501 4690 autem.

1918 4727 2139 4781 maximi
2174 4725 2382 4783 faciens
2413 4725 2691 4780 conveniri
2730 4740 2759 4778 a
2790 4723 3086 4792 Methodio,
3124 4737 3410 4797 postquam
3444 4735 3501 4781 et

1917 4820 1969 4872 in
2000 4820 2215 4889 longum
2239 4828 2460 4888 tempus
2499 4835 2624 4875 eum
2671 4835 2735 4875 eo
2771 4819 3116 4891 produxisset
3164 4832 3499 4880 sermonem,

1915 4917 1969 4960 et
2000 4908 2378 4964 deindesacro
2400 4909 2753 4980 costuiatque
2788 4925 2979 4964 recens
3001 4909 3174 4963 electo
3201 4909 3349 4978 gregi
3377 4923 3498 4976 qua:

1917 4999 2136 5067 pietatis
2189 5007 2346 5053 erant
2400 5002 2698 5068 suasisset,
2763 5002 2972 5067 dicens,
3028 5010 3088 5055 ut
3142 4998 3498 5053 immobiliter

1918 5100 2307 5163 permanerent
2337 5090 2391 5144 in
2416 5092 2519 5148 fide
2549 5094 2877 5155 orthodoxa,
2910 5105 3084 5161 neque
3115 5099 3492 5145 everterentur

1917 5198 1945 5236 a
1976 5183 2217 5252 profanis
2250 5186 2474 5241 vocibus
2510 5186 2910 5247 haereticorum,
2937 5193 2991 5239 et
3016 5183 3158 5237 inter
3184 5196 3243 5236 se
3271 5196 3499 5237 conser-

1916 5285 2109 5329 vat-cut
2141 5277 2512 5342 concordiam,
2547 5292 2720 5346 neque
2753 5276 3145 5344 blasphemiam
3179 5282 3234 5329 et
3269 5273 3499 5328 maledi-

1918 5380 2036 5419 cam
2076 5376 2359 5422 moverent
2405 5368 2457 5421 in
2500 5369 2848 5437 pontificem;
2883 5364 3162 5434 subiunxit
3200 5364 3345 5434 quod
3385 5380 3492 5419 non

1919 5457 2148 5512 multant
2178 5469 2390 5530 tempus
2417 5467 2536 5529 post
2557 5474 2712 5514 suum
2733 5456 3014 5513 decessum
3046 5458 3261 5514 viveret
3291 5455 3502 5512 Metho-

1920 5550 2060 5604 dius.
2105 5550 2221 5617 Qua
2268 5551 2320 5604 in
2370 5564 2427 5605 re
2459 5565 2563 5604 non
2618 5550 2719 5605 fuit
2760 5550 2966 5619 falsus;
3018 5550 3183 5605 tertio
3220 5551 3365 5605 enim
3411 5551 3503 5604 die

1918 5652 2205 5710 postquam
2242 5644 2358 5697 haec
2384 5629 2650 5710 dixisset,
2678 5642 3018 5710 Joannicius,
3046 5642 3242 5713 spiritu
3268 5642 3492 5713 quidem

1920 5730 2118 5801 migrat
2154 5731 2220 5786 ad
2253 5747 2315 5787 ea
2347 5747 2466 5802 qua:
2505 5732 2785 5805 diligebat,
2819 5733 3080 5788 deductus
3119 5747 3149 5786 a
3183 5731 3353 5787 choro
3387 5745 3490 5783 an-

1920 5824 2186 5894 gelorum.
2220 5864 2235 5880 .
2274 5863 2289 5882 .
2334 5863 2348 5880 .
2389 5823 2695 5907 Methodius
2720 5835 2923 5896 autem,
2964 5826 3059 5898 qui
3091 5825 3234 5885 inter
3262 5822 3499 5896 patriar-
