3938 6168
431 275 566 344 1271

1455 292 1516 355 S.
1558 244 1937 359 METIiODII
1977 294 2479 367 ΡΑΤῌΙΑΒΟΗΑΞ
2518 296 2627 363 CP.

3542 290 3677 358 1272

428 399 560 453 chas
588 398 887 457 clarissime
917 401 1104 472 fulsit,
1137 404 1251 474 ipse
1285 420 1535 476 quoque,
1585 417 1780 465 octavo
1814 424 1997 464 mense
2027 413 2071 470 Α
2100 409 2391 477 Methodio,
2423 411 2474 464 in
2502 425 2565 466 ea
2605 408 2920 480 scriptione,
2950 422 3113 479 quam
3139 412 3204 468 de
3245 410 3363 482 ipsa
3405 410 3681 481 beataque

428 498 552 560 post
601 490 744 547 illius
775 493 1055 550 decessum
1080 536 1096 561 ,
1136 496 1370 555 excessit
1402 512 1467 553 ex
1511 498 1614 554 hac
1655 499 1762 555 vita
1807 512 1998 573 quarto

428 579 642 637 decimo
670 580 836 639 Junii.

486 671 587 739 19.
616 672 883 730 Baronius
910 691 1053 732 anno
1080 676 1207 743 842,
1240 695 1388 735 num.
1415 680 1548 736 20::
1578 680 1677 747 Qui
1701 681 1886 753 igitur,
1918 683 2000 737 in-

429 764 568 847 quit,
599 775 723 833 post
753 774 830 822 tot
861 767 1115 824 Ecclesiae
1142 768 1760 841 Constantinopolitanze
1786 777 1999 831 naufra-

430 855 536 921 gia,
567 856 687 926 ejus
712 858 945 924 clavum,
974 874 1003 915 e
1034 862 1287 917 manibus
1319 864 1700 919 haereticorum
1731 867 1999 931 evulsum,

432 946 818 1003 moderandum
863 953 1101 1023 suScepit
1126 953 1436 1021 patriarcha
1478 954 1823 1026 Methodius;
1860 974 1998 1028 qno-v

434 1052 540 1107 que
605 1041 922 1097 revocandis
985 1043 1053 1097 ad
1101 1043 1400 1100 Ecclesiam
1453 1048 1616 1117 lapsis
1657 1047 1998 1107 allaboravit.

433 1130 586 1194 Quod
617 1145 744 1186 vero
776 1131 830 1186 hi
865 1134 1232 1203 reperirentur
1261 1137 1421 1193 varia:
1454 1138 1630 1193 artatis
1663 1141 2001 1209 diversaeque

434 1220 758 1304 condi-tionis
783 1264 799 1290 ,
835 1240 906 1279 ne
938 1227 1221 1283 vilescerct
1273 1232 1640 1288 ecclesiastica
1678 1235 1958 1303 disciplina
1981 1275 1996 1302 ,

433 1313 650 1367 eosdem
681 1329 868 1372 omnes
896 1319 1109 1373 diverso
1149 1324 1309 1377 modo
1335 1338 1578 1378 censurae
1620 1326 2001 1385 ecclesiasticae

432 1402 600 1458 voluit
628 1419 747 1461 esse
780 1408 1075 1477 subjectos.
1110 1431 1129 1465 ι
1167 1413 1242 1485 Ea
1265 1397 1614 1481 constitutio,
1645 1432 1765 1470 eum
1793 1419 2001 1473 oratio-

432 1492 593 1550 nibus
617 1497 781 1553 variis
807 1507 862 1553 et
896 1500 1110 1568 ritibus,
1142 1513 1320 1560 exstat
1349 1505 1535 1562 Graece
1563 1518 1615 1562 et
1637 1504 1830 1564 Latine
1854 1510 1998 1566 edita

431 1597 461 1635 a
497 1582 769 1642 Ludovico
800 1585 942 1644 Guar
982 1590 1036 1645 in
1084 1592 1413 1664 Enchologio
1452 1596 1568 1652 sive
1602 1597 1806 1666 Rituali
1842 1598 1997 1655 Grae-

429 1689 616 1731 corum
659 1693 780 1748 pag.
814 1679 918 1736 676
951 1692 1005 1737 et
1035 1672 1219 1739 decem
1241 1689 1592 1757 sequentibus
1613 1730 1629 1756 ,
1662 1691 1763 1745 sub
1797 1691 1897 1748 hoc
1926 1693 1997 1746 ti-

431 1772 560 1822 tulo.
618 1786 639 1821 ι
694 1767 959 1827 Methodii
1004 1776 1330 1844 patriarchae
1360 1779 1889 1850 Constantinopolis,
1930 1784 1997 1839 de

430 1857 498 1911 iis
533 1859 624 1928 qui
658 1860 1017 1930 abuegarunt,
1057 1866 1354 1923 secundum
1382 1870 1625 1926 diversas
1651 1887 1910 1941 personas
1941 1884 1996 1930 et

425 1960 644 2017 :etates,
676 1960 731 2007 et
766 1953 833 2008 ad
873 1954 1231 2014 orthodoxam
1267 1974 1562 2032 veramque
1601 1963 1761 2018 fidem
1813 1946 1996 2021 rever-

428 2049 633 2097 tuutur.
666 2060 685 2096 ι
725 2043 893 2117 Hujus
913 2061 1040 2116 pars
1062 2048 1240 2119 aliqua
1260 2060 1438 2106 exstat
1465 2054 1628 2107 etiam
1656 2057 1795 2124 apud
1814 2055 1994 2111 Theo-

425 2132 615 2186 dorum
646 2132 1023 2193 Balsamonem
1042 2176 1058 2205 ,
1093 2149 1147 2195 et
1176 2155 1242 2196 ex
1274 2155 1339 2197 eo
1369 2143 1508 2213 apud
1537 2144 1832 2202 Baroniutn
1874 2147 1994 2203 loco

423 2238 588 2292 supra
620 2225 810 2284 relato.

491 2312 583 2370 20.
622 2312 904 2375 Edidimus
956 2337 1055 2379 nos
1102 2324 1170 2378 ad
1213 2325 1355 2380 diem
1409 2328 1654 2397 quintum
1711 2330 2033 2389 Februarii‘

421 2401 662 2471 ejusdem
715 2411 888 2465 saneti
949 2413 1206 2479 Methodii
1257 2414 1571 2474 Orationem
1626 2420 1679 2476 in
1742 2431 1990 2477 sanctum

419 2495 716 2562 Agatham,
758 2500 998 2571 quinque
1030 2504 1299 2573 capitibus
1349 2522 1378 2558 a
1423 2509 1581 2563 nobis
1612 2504 1924 2565 distinctam
1974 2528 1987 2567 :

422 2584 686 2641 cditlimtts
716 2590 878 2645 etiam
912 2594 980 2647 ad
1011 2594 1152 2649 diem
1193 2596 1260 2651 12
1294 2596 1473 2654 Martii
1504 2600 1771 2669 duplicem
1817 2600 1988 2656 Vitam

423 2679 597 2733 uncti
633 2677 977 2752 Theophanis
997 2728 1011 2750 ,
1045 2686 1331 2757 hegumeni
1366 2701 1419 2746 et
1451 2693 1782 2748 confessoris
1803 2734 1817 2760 ,
1849 2696 1992 2764 prio-

424 2782 538 2822 rem
569 2781 794 2828 auctore.
818 2788 1008 2832 sancto
1051 2777 1337 2836 Theodoro
1375 2780 1585 2838 Studita
1622 2795 1711 2839 aut
1737 2785 1843 2839 alio
1880 2802 1992 2839 rno-

420 2863 595 2916 nacho
632 2878 848 2931 comvo;
893 2868 1118 2925 alteram
1154 2882 1410 2938 auclore,
1456 2885 1514 2929 ut
1543 2877 1774 2942 videtur,
1823 2878 1989 2933 Meta-

420 2955 639 3023 phraste
699 2975 713 3012 :
768 2962 859 3029 qui
906 2978 1054 3016 unm.
1093 2964 1152 3018 Η
1206 2976 1430 3022 excusat
1481 2974 1569 3033 se,”
1621 2971 1762 3038 quod
1805 2975 1990 3028 uxoris

2101 500 2270 572 ipsius
2300 504 2408 556 vita
2436 501 2759 571 composuit.
2796 521 2815 554 ι
2847 502 2996 558 llanc
3027 503 3379 574 scriptionem
3406 503 3677 560 hactenus

2101 611 2208 648 non
2240 595 2390 648 licuit
2419 595 2622 648 videre.
2659 594 2848 649 Exstat
2885 594 3046 650 etiam
3088 597 3231 651 inter
3273 611 3438 665 opera
3483 605 3677 653 sancto

2104 684 2353 757 Dionysio
2378 685 2718 756 Areopagitae
2749 687 3029 753 attributa,
3063 687 3200 757 apud
3229 687 3447 741 Petrum
3475 686 3678 745 Lanse-

2099 778 2230 832 lium
2265 785 2321 851 et
2360 776 2737 832 Baithasarem
2769 776 3112 843 Corderium,
3157 779 3297 834 illius
3323 778 3673 850 Martyrium,

2101 879 2324 924 auctore
2378 869 2670 935 Methodio,
2715 871 2796 922 vel
2844 871 2940 940 (ut
2970 868 3104 937 alii)
3154 854 3485 927 Metrodoro.
3538 871 3673 927 Illud
3726 942 3729 943 ν

2101 970 2292 1015 sancto
2326 960 2601 1015 Methodio
2650 962 2971 1029 patriarcha}
3023 962 3303 1017 ascribunt
3345 963 3676 1017 Anastasius

2099 1051 2561 1116 bibliothecarius,
2590 1052 2642 1105 in
2673 1051 2899 1118 epistola
2932 1051 2997 1105 ad
3032 1050 3285 1106 Carolum
3318 1051 3587 1117 Calvum;
3621 1059 3674 1107 et

2100 1143 2464 1208 Flodoardus,
2498 1142 2594 1209 lib.
2631 1157 2689 1197 Ill
2726 1141 2978 1196 Historia:
3009 1140 3300 1197 Remensis
3336 1157 3460 1212 cap.
3505 1158 3670 1208 xvut;

2101 1234 2190 1289 ubi
2242 1232 2533 1288 recensens
2572 1232 2850 1288 llincmari
2905 1233 3143 1302 episcopi
3197 1234 3426 1301 scripta,
3484 1233 3671 1298 addit;

2106 1345 2125 1378 ι
2158 1325 2231 1381 De
2250 1326 2499 1393 passione
2522 1326 2693 1381 sancti
2722 1324 2987 1397 Dionysii,
3007 1340 3034 1377 a
3062 1323 3333 1381 Methodio
3357 1322 3677 1379 Constanti-

2102 1418 2414 1488 nopolitano
2452 1415 2640 1472 Graece
2668 1408 2889 1480 dictata,
2925 1424 2977 1470 et
2999 1416 3067 1470 ab
3097 1415 3385 1469 Anastasio
3410 1414 3675 1469 Romana:
3712 1482 3718 1487 ν

2099 1510 2244 1566 sedis
2270 1508 2462 1564 Latine
2488 1509 2712 1577 scripta.
2751 1527 2770 1560 ι
2805 1506 2911 1561 Sed
2941 1506 3055 1563 haec
3081 1507 3150 1561 ad
3184 1507 3324 1560 diem
3356 1505 3391 1573 9
3422 1504 3673 1558 Octobris

2099 1610 2257 1655 crunt
2280 1592 2662 1662 examinanda.
2685 1598 2921 1667 Denique
2936 1595 3173 1652 Iacobus
3190 1593 3505 1659 Gretserus,
3528 1603 3675 1648 torno

2101 1684 2337 1746 secundo
2372 1692 2437 1746 de
2464 1690 2635 1746 Cruce
2656 1731 2671 1757 ,
2715 1690 2857 1743 inter
2886 1685 3156 1753 Homelias
3182 1686 3247 1739 de
3275 1672 3464 1740 sancta
3496 1682 3676 1739 Crnce

2028 1748 2070 1803 Β
2098 1782 2268 1839 edidit
2296 1782 2529 1851 aliquam
2553 1748 2806 1835 Methodii
2829 1748 3086 1848 episcopi,
3118 1777 3185 1830 ad
3212 1790 3306 1830 eos
3324 1774 3425 1844 ‘qui
3456 1775 3671 1838 dicunt,

2103 1892 2122 1927 ι
2162 1874 2300 1940 Quid
2334 1872 2536 1943 proluit
2567 1871 2721 1925 nobis
2755 1868 2924 1923 Filius
2960 1867 3050 1923 Dei
3075 1864 3381 1921 cruciﬁxus
3410 1864 3464 1918 in
3493 1872 3670 1929 terra,

2096 1974 2150 2022 et
2173 1966 2333 2020 homo
2357 1963 2635 2019 lactus?et
2662 1961 2832 2031 quare
2857 1960 3036 2016 crucis
3060 1958 3228 2027 ﬁgura
3242 1944 3369 2039 'pati
3387 1956 3671 2020 sustinuit,

2094 2065 2150 2110 et
2184 2062 2295 2109 non‘
2339 2053 2552 2123 aliquod
2598 2052 2741 2106 aliud
2785 2049 3144 2120 supplicium?
3190 2056 3246 2102 et
3292 2063 3414 2117 qua:
3462 2049 3675 2102 utilitas

2095 2147 2312 2203 crucis?
2343 2166 2363 2199 ι
2395 2146 2525 2199 Item
2553 2143 2711 2197 aliam
2739 2142 2977 2210 ejusdem
3002 2139 3283 2204 Methodii,
3302 2140 3386 2193 ad
3413 2153 3510 2194 eos
3534 2155 3677 2209 quos

2094 2239 2256 2306 pudet
2290 2234 2467 2290 crucis
2495 2232 2698 2288 Christi
2724 2231 2821 2303 (I).
2848 2250 2867 2283 ι
2889 2231 3080 2286 Exstat
3101 2229 3263 2285 etiam
3287 2228 3427 2294 apud
3441 2229 3674 2283 citatum

2095 2329 2466 2382 Balsamonem
2489 2326 2675 2380 Canon
2703 2324 2770 2379 de
2795 2322 3281 2393 segregationibus,
3308 2320 3422 2374 sive
3449 2333 3673 2373 excom-

2094 2418 2551 2477 municationibus
2572 2456 2586 2480 ,
2621 2412 2673 2470 et
2704 2416 2922 2486 quidem
2959 2412 3275 2467 monasticis
3297 2453 3312 2476 ,
3343 2412 3421 2465 uti
3455 2411 3677 2464 videtur

2093 2526 2159 2566 ex
2216 2502 2368 2564 titulo
2414 2506 2613 2577 colligi;
2663 2505 2774 2562 Nec
2824 2505 3135 2560 dubitamus
3180 2502 3310 2573 quin
3343 2501 3503 2555 varia
3554 2500 3677 2570 ejus

2093 2611 2444 2659 monumenta
2493 2601 2671 2654 adhuc
2712 2599 2918 2652 lateant
2964 2596 3015 2649 in
3068 2594 3234 2649 variis
3268 2592 3615 2649 bibliothecis
3649 2610 3667 2645 :

2091 2697 2336 2767 quaedam
2363 2695 2528 2750 etiam
2553 2692 2855 2760 prodierint
2879 2689 2981 2745 sub
3011 2688 3229 2742 nomine
3259 2686 3436 2740 sancti
3468 2674 3676 2738 Metho-

2093 2788 2187 2851 dii,
2213 2786 2446 2857 episcopi
2472 2800 2536 2839 ac
2559 2778 2810 2853 m'artyris
2829 2782 2879 2835 in
2897 2779 3078 2851 Lycia,
3104 2784 3165 2832 ut
3185 2791 3307 2832 saec.
3336 2788 3457 2845 qua:
3480 2789 3675 2830 revera

2094 2874 2679 2945 Constantinopolitani
2711 2873 2868 2940 hujus
2898 2873 3036 2935 sint;
3071 2879 3236 2940 atque
3267 2867 3539 2936 imprimis
3565 2881 3627 2918 ea
3652 2903 3673 2927 ,

2093 2980 2253 3036 quam
2295 2965 2331 3018 2
2361 2963 2645 3019 Februarii
2683 2961 2911 3032 allegavi
2951 2974 3016 3013 ex
3063 2955 3412 3019 Combellsio,
3461 2956 3531 3008 de
3578 2952 3680 3007 Si-

418 3046 591 3137 saucti
628 3045 994 3120 Theophanis,
1039 3053 1150 3124 jam
1188 3056 1511 3112 monacham
1552 3059 1769 3125 indutae,
1803 3073 1984 3116 certa-
2016 3080 2057 3137 α
2093 3069 2284 3111 meone
2310 3052 2549 3109 et'An'ua
2583 3051 2695 3121 (2);
2728 3065 3003 3122 quamque
3021 3047 3320 3105 Casimirus
3352 3045 3580 3109 Oudini,
3614 3044 3675 3097 in

422 3131 563 3187 ruina
600 3143 654 3190 et
694 3137 953 3195 miracula
996 3142 1237 3198 scribere
1272 3149 1703 3214 praetermiserit,
1738 3164 1802 3202 eo
1848 3153 1990 3219 quod
2024 3131 2056 3137 ᾗ
2094 3146 2476 3217 Supplemento
2523 3144 3022 3199 Ecelesiasticorum
3072 3140 3430 3208 scriptorum.
3476 3141 3682 3190 mento

372 3240 443 3311 χι
474 3223 744 3285 Praeclare
774 3230 841 3285 ab
865 3232 978 3300 ipsa
1010 3232 1277 3289 iactemur
1312 3252 1457 3306 pars,
1485 3238 1551 3292 ad
1580 3238 1864 3310 legentium
1889 3243 1994 3295 uti-

420 3311 881 3390 litatem'vulgata
922 3335 1182 3378 noscatur
1211 3339 1241 3378 a
1280 3327 1626 3384 sanctissimo
1673 3328 1987 3397 patriarcha

490 3432 569 3504 (Ι)
598 3432 824 3493 Exstant
855 3437 1015 3506 hujus
1049 3437 1388 3512 Patrologiaa,
1412 3434 1677 3517 LXVIII,
1702 3430 1808 3523 col.
1838 3445 1963 3499 598.

1032 3530 3469 3573 MM

2095 3239 2294 3297 seniori
2330 3238 2418 3305 isti
2460 3236 2750 3306 abjudicat.
2856 3234 2861 3239 ’

2177 3442 2255 3513 (2)
2289 3442 2472 3497 Exstat
2500 3438 2628 3493 ibid.
2659 3436 2761 3492 col.
2790 3434 2917 3490 547.

1374 3726 1891 3841 SANCTI
1998 3717 2710 3839 METHODII

704 3966 1232 4055 HOMI'LIA
1307 3916 1455 4054 ne
1527 3898 1899 4101 cauet:
1979 3966 2145 4054 ET‘
2192 3898 2769 4055 ‘PASS'ION'E
2844 3950 3368 4050 CHRISTI.

1369 4155 1629 4220 (Games.
1649 4154 1715 4208 de
1734 4160 1900 4207 sancta
1925 4168 2089 4217 cruce,
2115 4160 2150 4204 t.
2178 4142 2239 4213 ll,
2266 4155 2347 4204 ed.
2374 4166 2489 4204 nov.
2515 4166 2564 4215 p.
2592 4149 2724 4212 401.)

700 4302 916 4373 (Exstat
946 4306 1080 4357 inter
1108 4307 1277 4372 Opera
1309 4301 1370 4357 S.
1411 4301 1664 4357 Met/radii
1694 4303 1966 4370 martyris,
1993 4300 2151 4364 huius
2181 4299 2503 4369 Patrolagire
2567 4307 2696 4352 tom.
2730 4293 2911 4360 XVIII,
2947 4294 3048 4373 col.
3081 4293 3185 4347 597
3220 4287 3363 4360 seq.)

1309 4717 1321 4731 -
1380 4640 1894 4758 SANCTI
1999 4636 2711 4751 METHODII

1249 4868 1779 4933 PATRIABCHJ’E
1840 4857 2791 4926 CONS'I‘ANTINOPOLITANI
2816 4900 2833 4928 ,

1009 5048 1466 5149 ORATIO
1540 5051 1667 5139 IN
1762 5040 2303 5134 SANCTAM
2354 5022 2927 5129 acarnan
2997 5059 3072 5153 ιε,

1650 5243 1930 5306 (ιεοκλιωο
1954 5236 2083 5288 Pars
2107 5236 2435 5297 Interprete.)

487 5417 539 5481 ι,
584 5414 848 5485 annimn
880 5413 1108 5482 ipsamet
1141 5405 1429 5464 admiratio
1456 5416 1540 5458 me
1580 5400 1646 5455 ad
1691 5397 1979 5453 dicendum
2013 5394 2058 5450 D
2088 5389 2222 5485 dunt
2244 5392 2331 5449 me
2355 5385 2612 5485 impr-Ilii;
2652 5395 2841 5441 contra
2860 5398 2999 5485 vero
3029 5383 3689 5485 ipsummet.desiderium

412 5505 707 5572 excitavit;
728 5504 983 5574 quoniam
1016 5499 1406 5561 voluntasitem
1434 5495 1552 5564 ipsa
1577 5491 1643 5547 ad
1674 5487 1983 5544 desideran-

2094 5482 2224 5538 mihi
2285 5481 2583 5551 persuadet
2621 5488 2682 5535 ut
2732 5478 2965 5537 maxime
3000 5477 3156 5533 velim
3214 5477 3368 5535 vobis
3416 5478 3686 5536 omnibus

490 5622 505 5639 ⁸
534 5618 774 5677 (Ζιηιιιεεκ
829 5618 1084 5673 Βίιιιῇοιιι.
1138 5614 1385 5671 concion.
1448 5619 1486 5663 t.
1526 5608 1611 5673 VJ,
1643 5622 1697 5676 p.
1745 5606 1871 5659 725.
1911 5602 1988 5660 Ex
2018 5614 2122 5660 ms.
2164 5597 2268 5651 PP.
2318 5595 2554 5653 Oratorii
2603 5595 2807 5659 Batnae,
2844 5594 3195 5664 produr,ente.
3256 5574 3433 5649 ,Ιολυί
3470 5592 3688 5649 Bullatt.

415 5687 487 5744 ad
514 5686 734 5744 5Ecbr.
