3938 6168
224 252 358 320 12.73

219 470 389 527 prope
431 470 522 512 me
548 455 786 526 astatis),
821 463 878 511 ut
913 471 978 511 ex
1006 472 1124 512 mea
1161 457 1540 515 taciturnitate
1571 461 1622 514 in
1647 460 1810 515 verba

222 562 570 617 prorumpam
604 546 971 609 admiratione
996 554 1297 616 permotus,
1336 559 1391 604 et
1430 550 1690 605 desiderii
1731 551 1808 605 si-

223 638 489 708 lentiique
545 639 648 695 mei
684 639 912 697 vinculis
968 640 1295 699 solutionem
1332 626 1648 710 inveniam,
1709 645 1813 699 hac

220 732 576 787 memoranda
611 731 696 785 die
722 739 924 787 sant-Ue
951 732 1211 804 martyris
1228 731 1457 807 Agatiiae
1479 735 1812 789 cruciatibus

219 831 588 889 consecrata;
645 821 900 892 quodque
959 836 1057 877 vos
1107 824 1373 878 attonitos
1428 824 1641 889 reddit,
1710 824 1811 881 boc

221 914 472 982 equidem
523 927 591 966 ex
630 927 748 966 mea
795 909 886 966 vel
926 910 1177 982 loquendi
1226 912 1545 984 impotentia
1576 915 1810 970 admira-

220 1003 436 1063 bundus.
492 1003 747 1073 eloquar,
796 1000 936 1058 Sunt
986 1004 1212 1068 etenim,
1252 1015 1378 1060 sunt
1415 1007 1687 1061 nonnullae
1721 1023 1809 1063 res

222 1093 443 1149 oinnino
483 1103 680 1163 prteter
733 1092 1045 1163 opinionem
1084 1094 1456 1163 admirabiles,
1501 1112 1623 1168 quae
1669 1098 1811 1154 sicut

224 1185 516 1256 aliquando
558 1185 834 1241 silentium
883 1185 1129 1256 pariunt,
1183 1173 1258 1242 ita
1309 1189 1475 1245 etiam
1515 1189 1810 1257 aliquando

226 1284 523 1345 suggerunt
549 1274 861 1337 facundiam
890 1293 907 1332 :
937 1277 1081 1346 quod
1111 1287 1402 1350 utrumque
1433 1260 1811 1351 parit‘magni-

227 1368 351 1425 tudo
388 1368 675 1453 miraculi,
709 1376 875 1438 atque
914 1367 1036 1438 ipsa
1074 1369 1235 1438 plane
1273 1374 1576 1441 argumenti
1618 1374 1811 1444 ampli-

227 1456 375 1519 tudo.
405 1457 522 1513 Hoc
572 1467 752 1534 autem
801 1459 1085 1529 publicum
1109 1470 1273 1530 atque
1317 1463 1638 1519 inusitatum
1684 1481 1809 1536 spe-

228 1553 495 1605 ctaculum
522 1592 538 1617 ,
572 1551 660 1606 cui
708 1551 794 1607 vel
831 1554 933 1624 ipsi
970 1554 1115 1609 oculi
1156 1552 1360 1609 faciunt
1394 1555 1552 1611 ﬁdem
1589 1544 1811 1629 (quippe

227 1640 376 1705 valde
410 1650 613 1710 praeter
644 1643 955 1712 Opinionem
988 1644 1100 1713 jam
1134 1645 1344 1716 pridem
1382 1645 1508 1711 fuit)
1559 1648 1808 1706 adductis

228 1727 283 1781 in
335 1728 583 1787 medium
642 1732 945 1787 rationibus
994 1714 1270 1804 esplicare
1314 1737 1662 1795 contendam.
1711 1738 1809 1794 Est
1839 1714 1883 1769 Β

227 1821 393 1887 enim,
424 1830 513 1876 est
565 1823 706 1879 sicut
737 1822 791 1879 in
826 1824 1147 1895 compositis
1199 1829 1566 1895 sermonibus,
1622 1845 1808 1886 semen

228 1909 468 1969 fecunda:
521 1916 805 1986 sapientia:
853 1915 1416 1987 ipsa-praeceptorum
1459 1921 1806 1990 observatio,

228 2004 299 2059 ita
331 2005 719 2063 miraculorum
754 2008 1018 2067 exbibitio
1040 1990 1260 2065 emanat
1289 2026 1357 2066 ex
1402 2012 1664 2084 martyrio
1686 2028 1811 2084 pro-

228 2106 344 2165 pter
376 2097 570 2165 Denm,
601 2109 764 2170 atque
787 2115 857 2155 ex
884 2102 1199 2172 virginitate
1229 2112 1283 2157 et
1311 2104 1548 2172 pu‘ritate
1583 2104 1808 2173 mentis,

228 2203 343 2258 qua:
399 2197 535 2245 sunt
578 2205 705 2246 vera
760 2189 1077 2251 divinarum
1123 2193 1384 2249 virtutum
1444 2195 1806 2252 imitamenta.

229 2278 376 2344 Quod
411 2278 583 2348 igitur
627 2280 695 2334 ad
747 2281 1138 2336 miraculorum
1189 2280 1528 2339 eﬂectionem
1577 2294 1809 2354 spectat,

228 2369 321 2421 sub
357 2368 525 2424 tinem
584 2370 743 2427 vobis
792 2371 1114 2428 edisseram.
1142 2370 1298 2429 Nunc
1342 2389 1495 2442 vero,
1523 2386 1579 2429 ut
1603 2378 1810 2446 princi-

230 2459 370 2527 pium
405 2460 668 2514 narrandi
711 2458 931 2527 faeiam,
967 2462 1142 2533 ipSam
1195 2473 1491 2535 martyrem
1528 2449 1809 2524 commen-

232 2549 390 2627 dabor;
450 2561 577 2620 quis
631 2553 877 2620 quidem,
928 2556 1005 2611 uti
1038 2554 1312 2626 dicebam,
1370 2556 1492 2614 fons
1531 2571 1614 2614 est
1647 2544 1813 2633 atque

232 2641 376 2712 origo
402 2643 796 2698 miraculorum
820 2660 843 2711 ;
867 2654 922 2699 et
952 2646 1186 2717 primum
1208 2650 1435 2725 quidem
1478 2653 1723 2719 ubinam,
1758 2662 1813 2709 et

233 2748 385 2805 quam
414 2734 489 2808 ob
502 2749 727 2790 causam
750 2740 1125 2803 convenimus,
1156 2740 1313 2809 plane
1347 2738 1665 2798 edisseram.

296 2824 348 2881 2.
380 2827 782 2885 Anniversaria
830 2839 1033 2905 sanctae
1062 2833 1322 2904 martyris
1363 2837 1812 2893 commemoratio

235 2919 284 2972 iu
307 2935 470 2974 unum
503 2919 657 2976 hunc
682 2920 864 2976 locum
890 2937 992 2977 nos
1011 2938 1200 2981 omnes
1220 2926 1459 2998 collegit,
1491 2932 1810 2997 utnostis,.o

238 3011 332 3066 mei
359 3013 665 3080 auditores,
698 3014 936 3082 antiquae
965 3015 1184 3087 quidem
1217 3021 1474 3091 martyris
1500 3030 1553 3076 et
1603 3022 1810 3092 prima-

237 3107 326 3161 ria:
352 3118 595 3177 ,propter
640 3108 854 3178 insigne
886 3118 1192 3177 certamen,
1251 3114 1348 3168 sed
1384 3131 1512 3169 vero
1555 3117 1808 3184 recentis,

236 3211 346 3267 qua:
375 3199 533 3270 quasi
598 3215 742 3254 nunc
778 3201 1107 3258 decertando
1137 3203 1320 3259 vincat
1353 3216 1579 3277 propter
1632 3208 1809 3263 divina

237 3291 509 3356 miracula,
562 3292 760 3359 quibus
801 3293 1047 3361 quotidie
1104 3307 1423 3363 coronatur,
1477 3298 1813 3371 pulchreque

238 3383 539 3441 decoratur.
571 3383 847 3454 Martyris,
873 3400 992 3455 quae
1021 3389 1578 3458 Opportunequidem
1608 3400 1814 3461 tempo-

239 3491 291 3531 re
311 3477 551 3533 ostendit
588 3476 795 3531 amoris
825 3476 1077 3531 ardorem
1113 3478 1197 3532 sui
1228 3494 1356 3546 erga
1393 3481 1582 3546 Deum,
1636 3483 1810 3536 couti-

237 3566 353 3620 nuis
372 3581 500 3620 vero
533 3565 949 3634 tempestatibus
982 3565 1037 3620 in
1075 3582 1238 3621 manu
1289 3567 1456 3622 liabet
1500 3569 1812 3626 ‘miraculo-

238 3657 445 3730 runt(i)
476 3665 805 3729 potestatem
832 3666 886 3713 et
912 3655 1255 3715 eﬂicientiam
1274 3675 1372 3729 pro
1395 3658 1543 3727 justa
1564 3676 1814 3716 remune-

240 3750 437 3803 ratioi.e
457 3767 472 3813 ;
495 3736 951 3817 quandoquidem
967 3756 1020 3803 et
1042 3746 1201 3803 fortis
1226 3746 1399 3817 animi
1423 3751 1812 3821 promptitudo,

237 3858 332 3909 qua
363 3843 590 3912 prardita
622 3850 762 3905 erat,
791 3849 847 3895 et
884 3856 1111 3910 corpore
1140 3830 1374 3910 propter
1395 3841 1567 3898 Deum
1602 3844 1815 3912 penitus

239 3936 482 3991 dilectum
541 3933 877 4003 declaratur,
920 3942 978 3986 ut
1013 3947 1349 4003 qnzncnnque
1380 3934 1688 4003 acciperet,
1728 3952 1813 3991 re-

241 4025 514 4081 tribuaret.
555 4023 658 4097 Dat
691 4023 908 4092 quidem
935 4021 1027 4077 illa
1054 4037 1277 4092 corpus,
1309 4032 1363 4078 et
1388 4023 1600 4091 lirmum
1634 4024 1816 4081 liberte

239 4115 517 4170 voluntatis
545 4114 905 4184 prbpositum,
939 4124 1106 4183 atque
1148 4115 1263 4170 haec
1304 4131 1337 4173 a
1372 4113 1480 4194 Deo
1524 4104 1814 4174 obﬁrmata

236 4206 372 4275 iuxta
415 4206 665 4271 divinam
720 4204 1061 4271 electionem,
1115 4207 1310 4277 recipit
1356 4218 1535 4263 autem
1579 4211 1814 4266 nominis

237 4298 554 4362 claritatem,
600 4305 655 4351 et
704 4297 908 4367 regium
938 4298 1211 4363 diadema,
1273 4280 1536 4353 illustrior
1591 4298 1810 4365 cii'ecta,

1399 258 1685 321 ORATIO
1725 260 1809 321 IN
1852 260 1913 320 S.
1955 261 2346 331 AGATHAM.

222 365 449 433 (Patres.
486 362 791 433 fratresque
824 369 1088 435 quotquot
1149 364 1309 420 simul
1351 346 1438 422 bic
1482 367 1718 432 adestis,
1750 382 1814 421 ac
1842 373 1891 429 Α

3368 264 3387 321 1
3398 258 3503 325 274

1992 368 2091 438 (5).
2126 367 2190 423 Ει
2224 368 2480 439 quoniam
2523 368 2589 422 de
2616 366 2703 433 iis,
2731 381 2852 436 quae
2881 366 2949 421 ad
2979 365 3180 423 liberos
3207 367 3506 437 gignendos

1912 460 2206 530 pertinent,
2224 461 2472 525 memini,
2490 462 2663 529 deque
2681 458 2826 529 regio
2846 458 3152 514 diademate
3171 462 3502 525 mentionem

1912 551 2038 618 feci,
2099 552 2285 607 dicere
2334 551 2447 621 jam
2485 550 2765 621 incipiam.
2804 548 2997 604 Mulier
3029 549 3246 629 quidem
3276 562 3362 606 est
3405 565 3504 620 per

1912 642 2082 699 solum
2119 654 2402 709 naturam,
2440 658 2548 699 non
2592 642 2811 711 quidem
2850 656 2948 711 per
2987 640 3333 709 electionem,
3364 641 3505 696 sicut

1920 737 2187 804 reliquum
2217 734 2543 790 feminarum
2587 733 2767 809 273‘
2807 728 3007 803 genus;
3049 748 3303 803 quarum,
3343 732 3501 800 quasi

1911 829 2352 900 praesagientium
2389 828 2597 894 futura,
2630 827 2967 882 consuetudo
2990 827 3153 881 etiam
3191 825 3248 881 in
3276 824 3503 880 ludicris

1910 920 2246 990 puellaribus
2280 936 2504 991 operam
2541 929 2708 974 navat
2740 919 2928 974 liberis
2959 918 3260 974 educandis
3291 933 3354 973 ac
3403 933 3505 972 nu—

1916 1011 2143 1067 triendis
2175 1028 2189 1066 :
2223 1013 2318 1066 sed
2344 1011 2523 1079 virgo,
2550 1025 2771 1081 quaene
2805 994 3041 1064 ludendo
3074 1009 3293 1079 quidem
3342 1008 3500 1079 puel-

1914 1101 2056 1156 lares
2087 1101 2316 1172 ineptias
2369 1104 2664 1172 aliquando
2706 1100 2958 1172 eﬂiugere
2999 1101 3112 1155 visa
3147 1110 3250 1154 est.
3285 1098 3500 1165 Mulier,

1910 1190 2050 1258 dixi,
2078 1192 2173 1247 sed
2213 1192 2417 1256 addidi,
2451 1192 2622 1258 virgo.
2669 1190 2861 1245 Mulier
2909 1190 3128 1260 quidem
3157 1231 3172 1257 ,
3208 1196 3499 1259 propterea

1913 1284 2056 1355 quod
2084 1299 2113 1337 a
2143 1285 2410 1354 principio
2446 1285 2513 1338 ab
2545 1287 2792 1354 sapiente
2819 1284 2989 1338 Adam
3028 1284 3171 1354 (crat
3197 1281 3341 1335 enim
3373 1290 3502 1334 tunc

1914 1391 2040 1431 vere
2060 1378 2312 1447 sapiens,
2359 1376 2558 1446 quippe
2605 1376 2842 1430 nondum
2881 1376 2931 1430 in
2981 1373 3498 1445 peccatumjapsus)
3552 1432 3555 1437 ί

1912 1468 2223 1540 impositum
2281 1470 2383 1525 hoc
2422 1483 2622 1524 nomen
2648 1468 2768 1522 fuit.
2800 1468 3058 1522 Scribens
3091 1466 3235 1521 enim
3264 1464 3499 1535 Moyses,

1914 1561 2150 1630 ingenue
2210 1557 2379 1614 etiam
2451 1558 2688 1613 nominis
2746 1555 3288 1622 interpretationem,
3336 1568 3501 1623 quarti

1912 1650 2157 1705 Adamus
2179 1650 2413 1714 addidit,
2441 1648 2725 1712 indicavit,
2760 1648 2945 1702 dicens
2970 1664 2983 1701 :
3023 1645 3151 1709 "(re
3183 1658 3401 1700 vocatur
3425 1644 3504 1698 vi.

1913 1753 2060 1806 rago,
2096 1739 2347 1808 quoniam
2380 1752 2445 1791 ex
2488 1736 2597 1789 viro
2628 1743 2838 1805 sumpta
2884 1744 2959 1787 est
3005 1734 3061 1802 ⁸;
3100 1733 3266 1803 Virgo
3294 1743 3496 1798 autem,

1912 1829 2056 1900 quod
2086 1844 2155 1884 ex
2179 1828 2509 1882 immortalis
2557 1827 2648 1881 Dei
2685 1810 2839 1880 Verbi
2870 1825 3037 1895 (quod
3069 1825 3233 1879 etiam
3277 1831 3498 1893 propter

1913 1934 2000 1975 me
2035 1919 2088 1973 in
2116 1934 2281 1976 carne
2314 1934 2409 1973 sua
2446 1926 2674 1972 mortem
2707 1916 2969 1986 gustavit)
3005 1916 3349 1986 indivisoque
3404 1914 3499 1968 Dei

1911 2008 2051 2067 Filio
2073 2019 2195 2076 nata
2221 2020 2327 2076 est,
2361 2020 2416 2064 ιιι
2443 2008 3011 2081 loquitur'l‘beologus
3038 2007 3296 2069 Joannes,
3327 2005 3498 2072 Quat-

1911 2112 2038 2175 quot
2100 2115 2278 2158 autem
2331 2111 2633 2171 receperunt
2685 2117 2825 2164 eum,
2869 2101 3015 2154 dedit
3070 2100 3145 2153 eis
3185 2107 3499 2168 potestatem

1912 2198 2052 2266 ﬁlias
2092 2195 2189 2250 Dei
2235 2194 2420 2265 βων,
2451 2203 2559 2247 ctc.
2599 2189 2792 2245 Mulier
2817 2190 2983 2260 igitur
3014 2180 3195 2258 virgo,
3230 2203 3350 2258 quae
3406 2202 3501 2242 vos

1912 2287 2169 2345 invitavit
2203 2288 2271 2343 ad
2323 2294 2570 2341 nostrum
2629 2282 2943 2354 religiosum
2992 2282 3246 2352 epulum,
3281 2280 3375 2334 illa
3415 2288 3503 2333 est

1913 2382 2105 2437 mulier
2136 2382 2275 2435 bene
2334 2380 2603 2449 desponsa
2636 2378 2729 2431 uni
2760 2376 2879 2430 viro
2913 2370 3134 2430 Christo
3165 2374 3208 2437 ³,
3234 2382 3289 2427 ut
3320 2371 3502 2427 verbis

1914 2471 2318 2540 utar-apostoli.
2348 2469 2497 2525 Pauli
2528 2469 2595 2523 de
2616 2467 2836 2521 thalami
2871 2465 3254 2533 conjunctione
3278 2482 3292 2533 ;
3316 2464 3498 2534 Virgo,

1914 2563 2000 2617 cui
2035 2564 2200 2629 etiam
2246 2563 2358 2632 ipse
2390 2560 2626 2630 coniugii
2663 2575 2869 2629 auspex
2916 2574 3027 2613 non
3063 2558 3291 2612 incussit
3343 2557 3505 2610 timo-

1915 2670 2053 2720 rem,
2087 2663 2271 2707 utrum
2293 2653 2654 2720 deciperetur,
2683 2648 2969 2725 sicutolim
2993 2648 3130 2702 aviae
3152 2655 3351 2702 nostra:
3378 2646 3503 2700 Eva:

1914 2746 2149 2801 Satanas
2178 2759 2276 2815 per.
2303 2743 2629 2800 insidiosum
2662 2749 3000 2812 serpentem.
3033 2738 3248 2804 Mulier,
3276 2751 3397 2819 quae
3426 2751 3494 2789 ne

1912 2847 2096 2891 notam
2119 2836 2337 2906 quidem
2375 2834 2591 2901 inﬂicta:
2611 2833 2711 2887 sibi
2747 2848 2778 2888 a
2812 2833 2974 2888 Decio
2998 2829 3174 2889 refert
3205 2826 3498 2883 laceratio-

1913 2931 1999 2989 nis
2035 2949 2050 2985 :
2084 2931 2273 3002 Virgo,
2324 2944 2446 2998 qua:
2478 2927 2799 2983 vulneribus
2846 2942 2876 2980 a
2919 2924 3221 2992 Quintiano
3274 2920 3497 2985 ali'ecta,

1914 3022 2236 3085 dissimulat.
2268 3020 2484 3086 Mulier,
2515 3034 2636 3091 quae
2670 3020 3078 3090 tyrannicorum
3131 3013 3354 3086 ponderi
3380 3012 3497 3067 edi-

1913 3122 2132 3171 ctornmo
2171 3128 2277 3167 non
2334 3127 2395 3168 se
2450 3109 2739 3175 submisit;
2791 3109 2962 3179 virgo,
3010 3124 3129 3178 quae
3181 3105 3491 3177 principum

1916 3215 2089 3260 oestro
2152 3204 2483 3273 percitorum
2514 3202 2703 3256 rabido
2733 3199 2901 3256 furori
2944 3216 3049 3254 non
3083 3198 3267 3253 cessit.
3287 3195 3505 3260 Mulier,

1913 3312 2035 3364 quae
2066 3295 2120 3349 in
2154 3302 2477 3364 tempestate
2525 3293 2961 3363 imperiosiorum
3016 3291 3275 3345 ﬂuctuum
3329 3289 3504 3343 baud-

1915 3400 2190 3455 quaquam
2213 3385 2550 3456 naufragiuiu
2587 3383 2751 3450 fecit;
2782 3384 2958 3453 virgo,
2986 3398 3105 3451 qua:
3141 3383 3194 3437 in
3229 3381 3360 3436 retia
3404 3396 3502 3450 ge—

1913 3478 2155 3532 rentium
2188 3476 2551 3547 principatum
2585 3492 2692 3551 non
2725 3477 2943 3530 incidit.
2979 3474 3192 3541 Mulier,
3228 3490 3349 3544 quae
3397 3475 3502 3529 fert

1909 3569 2137 3639 justitth
2181 3568 2364 3639 leges;
2424 3568 2605 3638 virgo,
2631 3584 2749 3637 qua:
2785 3568 3003 3638 propria
3047 3569 3290 3622 scribere
3330 3581 3493 3620 tu:an

1913 3677 2069 3716 suum
2102 3676 2209 3715 non
2234 3669 2452 3715 veretur
2480 3660 2811 3714 institutum.
2845 3657 3055 3722 Mulier,
3089 3672 3211 3728 qua)
3239 3656 3501 3720 tumidum

1913 3752 2185 3820 superbia:
2238 3751 2445 3806 fastum
2499 3750 2845 3820 subiugavit;
2892 3750 3065 3818 virgo,
3102 3764 3223 3818 quae
3251 3748 3505 3816 martyris

1915 3859 2132 3899 cursum
2166 3852 2388 3898 strenue
2426 3842 2654 3911 peregit.
2693 3841 2903 3907 Mulier,
2932 3856 3052 3910 qua:
3105 3854 3211 3894 non
3265 3855 3503 3910 purpura

1914 3935 2017 4007 (ἓ),
2052 3936 2356 4005 fucatisque
2381 3933 2611 3998 umbris,
2637 3942 2694 3989 et
2717 3933 3038 3987 velamentis
3067 3932 3249 3986 vultus
3270 3930 3506 3986 formant

1914 4026 2134 4085 mentiri
2160 4041 2327 4080 suam.
2347 4041 2502 4096 passa
2531 4034 2637 4092 est,
2674 4040 2854 4094 neque
2886 4024 3319 4087 medicamentis,
3347 4032 3403 4077 et
3431 4036 3501 4079 ex

1916 4119 2038 4173 vivo
2065 4128 2290 4189 argento
2345 4117 2630 4181 coniectis,
2662 4128 2842 4173 vestes
2862 4157 2879 4183 ,
2918 4130 3285 4186 manuumque
3317 4115 3495 4171 linea-

1916 4218 2099 4262 menta
2142 4209 2398 4276 inlioere;
2447 4209 2543 4263 sed
2607 4210 2783 4276 virgo,
2820 4222 2942 4277 qua
2972 4205 3322 4261 conscientiae
3356 4221 3391 4258 a
3417 4204 3499 4258 lu-

1917 4302 2086 4364 mine,
2126 4301 2427 4370 coloreque
2476 4299 2759 4369 sanguinis
2793 4299 2906 4352 veri
2946 4296 3231 4367 divinique
3268 4296 3410 4367 Agni
3447 4305 3505 4351 et

237 4402 386 4456 quam
438 4388 486 4444 si
539 4386 683 4441 [ilics
727 4395 819 4440 aut
871 4386 1009 4441 tilias
1050 4374 1426 4456 procreasset,
1463 4394 1627 4456 atque
1666 4387 1803 4443 adeo
1845 4400 1884 4453 ι)
1914 4388 2057 4445 labia
2086 4402 2185 4444 sua
2221 4398 2275 4444 et
2304 4405 2473 4460 genas
2514 4398 2568 4442 et
2604 4373 2842 4453 liugua‘m
2872 4387 3291 4456 purpttris'sabat
3337 4400 3503 4440 exor-

238 4479 371 4537 omai
406 4480 579 4550 prolis
615 4477 761 4536 (uada
797 4478 1074 4548 voluptate
1112 4479 1369 4548 despecta
1398 4479 1711 4565 sublimior.

300 4640 315 4670 ¹
353 4639 488 4694 Gen.
527 4646 593 4699 tt,
629 4635 720 4691 23.
822 4634 1020 4690 ’Joan.
1068 4652 1106 4703 t,
1147 4628 1234 4691 η’.
1326 4637 1345 4667 ³
1386 4634 1424 4727 l‘l
1464 4614 1587 4690 (lor.
1627 4654 1703 4703 ιιι,
1742 4638 1794 4691 ‘2.

304 4776 375 4845 (Ι)
415 4775 561 4830 llinc
587 4783 736 4840 patet
762 4773 1084 4829 multamlim
1115 4783 1320 4828 sanch
1343 4773 1571 4845 Agntlue
1590 4775 1803 4827 attonitis

238 4843 490 4901 accidisse
518 4846 807 4909 miracula,
839 4861 963 4898 cum
990 4850 1185 4910 praeter
1213 4846 1264 4897 id
1306 4847 1447 4910 quml
1485 4843 1537 4895 in
1583 4860 1707 4908 repr
1733 4863 1801 4895 s-

237 4917 308 4969 sis
339 4916 573 4971 Etnreis
605 4914 820 4985 ignibus
853 4915 1050 4985 eluxit,
1068 4914 1277 4985 nullum
1299 4914 1458 4967 modo
1487 4923 1661 4966 exstet
1684 4928 1809 4967 ante

240 4986 430 5041 relatas
466 4983 942 5052 ConstantinOpoli
980 4983 1239 5053 reliquias
1271 4985 1494 5053 factum.

304 5058 377 5124 (2)
400 5056 680 5122 Coujicias
719 5055 865 5116 hinc,
907 5066 1072 5122 atque
1101 5070 1164 5105 ex
1191 5054 1359 5107 Actis
1380 5052 1612 5115 Latinis,
1638 5053 1740 5124 ubi,
1759 5055 1807 5108 ei

239 5123 527 5194 exprobrat
550 5138 814 5195 tyrannus
836 5125 979 5192 quod
1012 5124 1264 5177 servilem
1299 5140 1590 5191 personant
1619 5123 1806 5177 indue-

242 5194 325 5264 rit,
349 5212 488 5261 eam,
521 5194 630 5249 non
673 5196 915 5264 quidem,
950 5205 1004 5245 ut
1038 5209 1160 5263 quas
1193 5210 1336 5246 nunc
1365 5204 1569 5248 Sancta:
1598 5195 1806 5246 monia-

244 5263 340 5344 iem
371 5269 539 5344 vitam
572 5266 1181 5344 proﬁtenturvirgines,
1221 5263 1308 5317 vili
1335 5265 1634 5344 induuntur
1655 5264 1807 5317 babi-

245 5342 316 5405 lu,
341 5339 431 5405 qui
467 5349 652 5391 tamen
680 5337 819 5404 apud
859 5335 1074 5387 virtutis
1115 5335 1642 5389 veros-estimatores
1684 5349 1815 5403 per-

247 5403 571 5461 honoriﬁcus
600 5403 725 5469 est,
747 5407 823 5459 ita
853 5416 963 5456 tum
1002 5405 1179 5471 palam
1233 5420 1414 5458 rerum
1446 5406 1812 5458 humanarum

244 5486 601 5547 contemptum
651 5476 784 5539 ipsis
833 5474 1169 5547 vestimentis
1200 5484 1575 5541 ostentantes;
1627 5476 1812 5531 iuxtim

247 5550 416 5613 latucn
450 5545 825 5613 mundumque
859 5545 1179 5599 muliebrent
1222 5554 1556 5608 aversatam,
1595 5562 1657 5599 ac
1699 5560 1815 5599 mo-

249 5611 392 5667 desto
436 5633 588 5670 usam
642 5611 868 5670 amictu.
925 5614 1348 5669 Concionatorie
1400 5616 1449 5667 id
1490 5628 1816 5684 exagcrassc

245 5684 447 5741 videtur
486 5699 708 5743 sanctus
754 5687 1064 5741 Vincentius
1114 5685 1398 5741 Ferrcrius
1451 5686 1503 5740 in
1558 5686 1813 5743 ειη-ιιι.ᾰο

1922 4484 2239 4552 nabatque:
2276 4497 2487 4536 necnon
2533 4480 2699 4543 etiam
2748 4481 3003 4536 continua
3047 4479 3243 4539 utentis
3268 4493 3379 4534 sua:
3421 4494 3507 4533 (ξος

1919 4787 2110 4828 suumn
2138 4774 2391 4841 Agathe:
2429 4792 2448 4823 ι
2496 4772 2733 4827 Mortuis
2764 4774 3106 4841 parentibus,
3164 4772 3359 4837 inquit,
3416 4786 3502 4823 re-

1918 4845 2121 4899 mansit
2149 4850 2325 4898 lneres
2360 4844 2505 4898 illius
2545 4845 2726 4912 magni
2768 4842 2954 4913 palatii
3004 4842 3178 4913 patris
3206 4843 3288 4895 sui
3322 4860 3336 4895 :
3382 4856 3505 4908 quae

1916 4914 2164 4984 exemplo
2225 4913 2431 4969 Christi
2477 4911 2687 4968 dimisit
2718 4911 2980 4983 palatium
3036 4911 3207 4978 patris
3248 4922 3302 4990 et
3341 4925 3504 4990 orna-

1919 4996 2100 5038 lllt'llla
2133 4994 2201 5038 ειη
2228 5000 2356 5038 νειεςι
2396 5000 2563 5038 aurea
2607 4992 2661 5037 θι
2707 4994 2989 5051 argentea,
3041 4990 3094 5033 ει
3132 4989 3413 5033 ηδιηιιχ-ιι
3445 4994 3507 5031 SO

1917 5054 1971 5107 in
2006 5055 2239 5124 quadam
2274 5069 2437 5123 parva
2471 5056 2653 5124 domo,
2697 5050 3033 5124 _nt_’si_mplex
3067 5064 3300 5124 persona
3343 5066 3357 5102 :
3396 5067 3415 5100 ι
3448 5058 3504 5103 ct

1959 5120 2108 5179 mucis
2156 5120 2508 5191 interiectis:
2548 5142 2566 5173 ι
2612 5122 2795 5177 Voluit
2847 5122 2997 5173 indui
3043 5120 3394 5191 pauperriute
3434 5129 3493 5172 ut

1962 5195 2183 5263 eguina,
2225 5207 2278 5249 et
2306 5190 2470 5249 dabat
2508 5192 2896 5263 patrimonium
2945 5190 3281 5263 pauperibus
3312 5204 3501 5263 amore

1917 5259 2034 5326 Dei,
2077 5275 2132 5319 et
2180 5268 2396 5319 vivebat
2444 5259 2680 5333 propriis
2728 5259 2999 5333 manibus,
3058 5259 3245 5324 lilavit,
3280 5260 3411 5333 snit,
3446 5268 3503 5316 et

1917 5337 2112 5398 texuit,
2137 5338 2264 5405 quia
2296 5327 2471 5388 nullus
2496 5327 2687 5405 potest.
2710 5332 2970 5405 continue
3007 5344 3190 5405 orare.
3231 5349 3248 5381 ι
3279 5327 3501 5405 Proba-

1916 5405 2076 5459 bilius
2099 5396 2250 5459 rio-rte
2286 5396 2761 5459 Paulus—{Eminus
2804 5400 3167 5455 Sanctorius:
3210 5419 3228 5452 ι
3274 5396 3390 5453 Non
3418 5401 3498 5455 si-

1916 5476 2100 5530 nuosis
2132 5477 2208 5530 uti
2259 5476 2519 5539 veStibus,
2553 5489 2659 5525 non
2692 5486 2901 5542 gemma
2926 5470 3182 5542 Capillum
3214 5471 3499 5540 insignire,

1914 5554 2009 5598 ant
2036 5557 2313 5616 unguento
2340 5545 2519 5608 linire,
2568 5543 2663 5616 sed
2698 5541 2877 5616 Serico
2913 5557 2926 5593 :
2957 5541 3167 5616 antltini
3201 5542 3317 5596 velo
3347 5544 3498 5595 colo-

1915 5616 1989 5669 ris
2044 5608 2208 5685 (quiod
2262 5614 2789 5681 adbucaspicinms
2827 5608 3069 5685 Catena!)
3118 5611 3425 5683 obtegere:
3472 5631 3491 5664 ι

1915 5687 2003 5741 ubi
2049 5684 2230 5741 luxum
2282 5696 2540 5754 removet,
2582 5685 2915 5742 moderatum
2954 5684 3186 5739 nitorem
3241 5685 3501 5741 admittit.

1786 5946 1820 5966 Χ
1912 5946 1917 5959 1
