3950 6166
371 324 512 387 1275

1391 329 1449 387 S.
1492 329 1871 388 METHODII
1913 327 2420 387 PATRIARCHE
2451 326 2559 386 ΟΡ.

3497 311 3637 377 1275

369 433 612 502 gnitione
653 447 840 486 necem
883 433 962 485 sui
1001 433 1234 486 studiosi
1273 435 1555 497 amatoris,
1583 435 1735 502 quasi
1775 450 1944 502 nuper
1972 437 2014 490 A
2046 451 2172 488 num
2209 437 2549 502 liberumque
2573 429 2906 498 propositum
2929 432 3250 496 praeparata,
3275 425 3644 492 quemadmm

369 525 633 592 sanguine
669 524 962 588 madentis,
997 514 1329 588 revolvebat,
1376 525 1630 591 intusque
1659 523 1949 578 circumfe-

370 619 560 682 rebat;
593 627 650 668 ut
699 616 814 669 hazc
849 615 983 670 stola
1021 615 1140 684 ejus
1192 615 1552 669 confessionis
1601 629 1707 668 non
1771 615 1947 668 solum

370 707 710 760 indelebilem
741 705 908 761 ferret
940 705 1140 761 Christi
1168 717 1351 764 notam
1382 707 1638 776 purpurei
1665 706 1947 776 sanguinis

371 798 476 852 alte
529 797 638 864 jam
690 798 943 863 imbibiti,
998 798 1089 852 sed
1116 798 1279 851 etiam
1307 798 1582 866 virginalis
1623 796 1951 867 eloquentia:

371 891 658 945 thesauros
681 891 756 960 (5)
781 890 1189 946 advenientibus
1213 890 1450 958 posteris
1497 889 1771 960 elegantes
1801 891 1948 959 ejus-

372 983 513 1034 modi
545 983 755 1035 colores
778 995 881 1033 una
910 995 1030 1034 cum
1055 995 1161 1034 non
1189 981 1474 1034 deficiente
1495 984 1787 1035 verborum
1820 994 1947 1036 sca-

373 1072 604 1139 turigine
638 1071 960 1139 impartiret.

439 1161 493 1213 4.
546 1161 670 1214 llaec
705 1161 886 1229 itaque
931 1175 1059 1214 vere
1089 1160 1252 1224 bona,
1278 1161 1473 1230 quippe
1513 1160 1605 1214 Dei
1641 1175 1769 1230 pars
1810 1159 1952 1214 exsi-

368 1261 538 1317 stens,
563 1253 736 1306 eidem
767 1267 966 1320 sponso
1006 1267 1126 1316 suo,
1159 1261 1212 1306 et
1243 1266 1431 1305 rursus
1463 1251 1617 1306 nobis
1649 1251 1774 1304 boni
1806 1265 1958 1305 com-—

369 1340 644 1403 munione,
677 1355 782 1407 qua
819 1338 1057 1392 nominis
1092 1341 1175 1391 sui
1218 1339 1326 1392 vim
1388 1338 1946 1407 significationemque

367 1429 556 1496 refert,
589 1431 794 1499 Agatha
827 1429 928 1500 (4),
967 1431 1035 1482 ab
1076 1431 1190 1497 ipso
1215 1429 1473 1483 bonitatis
1501 1430 1647 1483 fonte
1671 1429 1777 1482 Deo
1817 1444 1948 1483 con-

367 1535 544 1582 cessa,
567 1522 814 1588 donoque
843 1521 990 1574 data.
1025 1519 1162 1585 Quid
1191 1529 1368 1572 autem
1409 1519 1580 1586 magis
1619 1519 1962 1584 beneficum,

367 1626 530 1679 quam
564 1625 830 1664 summum
878 1609 1114 1663 bonum?
1151 1619 1205 1662 et
1233 1609 1542 1678 quidmagis‘
1562 1609 1945 1664 celebrandum

367 1699 584 1752 laudum
641 1700 927 1768 praeconiis
969 1700 1243 1769 quispiam
1288 1700 1558 1763 inveniat,
1588 1715 1746 1769 quam
1800 1701 1943 1770 Aga-

2051 523 2178 576 dum
2203 522 2363 592 Virgo
2391 531 2574 575 nostra
2630 520 2850 573 Domina
2893 512 3261 570 habitaculum
3311 512 3408 567 Dei
3438 512 3624 569 elfccta

2050 613 2168 668 fuit.
2203 615 2282 668 Ab
2316 615 2415 668 hac
2444 613 2586 667 enim
2619 612 2730 680 ipsa
2767 617 2819 662 et
2869 607 3028 662 unica
3070 605 3298 659 Domina
3357 615 3411 659 et
3453 607 3627 674 virgi-

2051 722 2177 760 num
2198 705 2366 759 Matre
2397 704 2658 771 Deipara,
2676 710 2730 755 et
2759 700 2928 754 Matre
2957 699 3181 767 Virgine
3213 697 3327 750 haec
3366 697 3646 766 discipula-

2051 797 2308 853 etancilla
2337 782 2417 867 (ut
2446 796 2518 850 ita
2561 792 2760 861 dicam)
2795 791 3036 860 Deipara:
3073 790 3206 854 lilia,
3261 788 3492 844 Domino
3529 803 3628 844 suo

2048 898 2102 945 et
2134 889 2262 956 Deo,
2298 897 2350 943 et
2376 902 2553 942 rerum
2575 886 2816 940 omnium
2841 882 3036 954 Opiﬁci
3068 897 3188 938 sese
3229 895 3484 950 sponsam
3519 889 3629 934 tra-

2049 981 2177 1036 dere
2216 978 2438 1034 didicit.

2119 1071 2175 1127 6.
2235 1069 2445 1140 Agatha
2504 1068 2668 1138 igitur
2726 1079 2915 1120 revera
2969 1065 3135 1128 bona,
3186 1063 3383 1132 etjure
3419 1063 3626 1134 optimo

2053 1163 2161 1216 Deo
2194 1159 2501 1230 gratissima
2533 1157 2732 1219 amica,
2777 1157 2891 1209 hac
2931 1155 3153 1223 pertulit
3181 1153 3398 1224 quidem
3426 1161 3482 1205 ut
3511 1167 3628 1206 mu-

2049 1253 2148 1308 lier
2178 1261 2344 1315 esset,
2379 1260 2434 1304 et
2465 1249 2531 1303 ad
2563 1249 2856 1311 liberorum
2900 1245 3328 1316 procreationem
3369 1260 3472 1297 non
3513 1245 3628 1298 iue-

2051 1356 2176 1416 pta;
2229 1357 2416 1397 verum
2457 1351 2514 1394 ut
2570 1338 2946 1410 virginitatem-
2991 1352 3145 1392 suam
3198 1335 3514 1397 custodiret,
3567 1344 3630 1388 et

2050 1435 2274 1490 summis
2330 1431 2468 1486 votis
2527 1429 2824 1498 exoptavit,
2856 1436 2909 1481 et
2944 1427 3165 1480 eniiiino
3195 1424 3456 1479 decrevit.
3489 1421 3625 1476 Cum

2049 1529 2213 1598 igitur
2244 1523 2744 1590 audiretscriptum
2793 1517 3064 1588 quoddam
3100 1516 3247 1571 Decii
3280 1513 3634 1584 imperatoris

2047 1635 2145 1690 per
2178 1629 2346 1672 totam
2381 1613 2678 1668 lloiuanam
2709 1611 2966 1666 ditionem
3005 1611 3208 1680 passim
3237 1607 3467 1677 vulgari,
3495 1604 3625 1658 illud

2047 1712 2256 1779 Agatha
2287 1709 2511 1764 derisit:
2562 1720 2794 1774 cumque
2844 1703 2991 1757 velut
3040 1702 3238 1756 ostium
3295 1699 3468 1754 ventis
3501 1712 3628 1768 per-

369 1788 557 1841 tham?
587 1789 820 1857 Agatho,
852 1789 1005 1857 cujus
1039 1790 1251 1842 bonitas
1289 1789 1354 1841 ad
1388 1805 1604 1855 nomen,
1641 1791 1704 1843 ad
1739 1791 1942 1858 ipsam.
1975 1788 2016 1842 Β
2051 1802 2306 1856 nummus
2360 1799 2584 1854 humani
2639 1783 2937 1852 consensus
2977 1795 3307 1858 obserasset,
3367 1791 3466 1859 ipsi
3518 1805 3617 1843 ηει-

367 1895 472 1948 que
503 1896 616 1933 rem
647 1882 917 1948 quadrat;
951 1881 1184 1950 Agatho,
1217 1897 1335 1949 quae
1376 1883 1537 1936 rebus
1566 1882 1824 1950 praeclare
1855 1899 1965 1954 ge--

366 1973 464 2024 stis
494 1973 692 2026 bonum
734 1989 928 2028 nomen
955 1990 1064 2042 prae
1110 1990 1169 2028 se
1207 1975 1334 2037 fert,
1369 1983 1423 2028 et
1477 1977 1528 2029 in
1574 1977 1688 2044 ipso
1729 1978 1946 2032 nomine

364 2061 623 2130 praeclare
646 2064 743 2116 abs
775 2078 832 2116 se
867 2073 1020 2125 gesta
1051 2064 1415 2131 demonstrat;
1441 2066 1670 2134 Agatha,
1706 2081 1829 2134 qua:
1861 2065 1986 2120 vel“

367 2165 468 2204 suo
516 2153 737 2206 nomine
772 2153 962 2216 allicit,
1004 2165 1061 2207 ut
1095 2157 1160 2207 ad
1191 2169 1311 2210 sese
1349 2170 1541 2209 omnes
1580 2157 1946 2225 maximopere

365 2253 698 2297 occurrant:
749 2258 870 2312 quae
915 2244 1082 2297 etiam
1125 2258 1223 2298 suo
1280 2246 1528 2314 exemplo
1573 2246 1766 2312 docet,
1793 2258 1850 2301 ut
1879 2247 1946 2301 ad

365 2346 556 2386 verum
610 2335 858 2400 bonum,
897 2337 988 2405 qui
1027 2335 1175 2390 solus
1224 2337 1364 2391 Deus
1415 2345 1532 2403 est,
1583 2353 1771 2394 omnes
1827 2338 1967 2394 sine-

367 2439 519 2478 mora
574 2440 758 2481 sccmn
828 2428 1177 2482 contendant.
1232 2430 1478 2499 Agatha,
1543 2445 1661 2498 qua:
1727 2431 1944 2501 signum

367 2515 561 2578 erexit,
594 2516 720 2584 quid
747 2516 813 2570 de
847 2531 908 2570 se
931 2519 1210 2572 decretum
1243 2517 1543 2583 fuerat,.ut
1578 2519 1752 2586 fieret,
1783 2532 1947 2591 atque

368 2603 422 2657 in
443 2603 612 2659 lucem
652 2605 819 2669 edita,
869 2606 1012 2674 quod
1066 2622 1164 2676 per
1211 2609 1443 2674 gratiam
1498 2610 1776 2664 decretum
1804 2620 1944 2678 erat,

367 2696 606 2764 peregit;
629 2696 857 2766 Agatha,
887 2713 984 2766 per
1011 2700 1324 2753 vaticinium
1355 2702 1671 2770 parentibus
1700 2702 1776 2774 (5)
1807 2718 1948 2772 prae-
1991 2704 1994 2708 ’

367 2789 633 2855 nuntiata,
661 2798 821 2857 atque
851 2805 880 2842 a
907 2788 1015 2843 Deo
1038 2790 1105 2844 ab
1122 2801 1322 2845 azterno
1348 2795 1693 2863 praecognita.
1713 2795 1947 2866 Agatha,

367 2893 488 2947 qua:
514 2880 677 2934 etiam
705 2875 823 2934 ilius
852 2897 957 2936 non
985 2881 1197 2948 refellit,
1235 2884 1324 2952 qui
1361 2886 1460 2954 hoc
1499 2887 1546 2938 ei
1605 2901 1800 2940 nomen
1845 2888 1949 2942 im-

365 2984 596 3038 posuere
620 2989 633 3025 :
669 2984 722 3026 et
752 2973 1128 3031 invocantibus
1157 2992 1356 3030 nomen
1389 2977 1490 3033 hoc
1514 2991 1709 3048 prmSto
1729 2988 1832 3047 est,
1859 2979 1947 3034 fa-

365 3062 579 3130 cileque
609 3065 920 3132 respondet.

2051 1903 2186 1948 tura:
2219 1902 2400 1961 postes
2443 1887 2733 1960 opposuit;
2779 1896 2834 1941 et
2869 1885 3271 1940 interminatam
3312 1881 3630 1951 propensio-

2051 1998 2170 2038 nem
2205 1984 2420 2045 aniuue,
2457 1991 2511 2034 et
2551 1994 2767 2048 corpus;
2807 1977 2952 2032 velut
2984 1976 3038 2030 in
3067 1973 3249 2028 medio
3278 1972 3458 2040 templi
3499 1971 3634 2026 llic-

2053 2073 2425 2144 rbsolymitani
2461 2071 2634 2125 velum
2665 2071 2899 2124 cordata:
2931 2068 3128 2123 mentis
3164 2066 3454 2134 interjecit,
3485 2063 3654 2132 quod:

2049 2179 2371 2220 consensum
2404 2172 2614 2215 arceret
2632 2178 2646 2225 ;
2663 2161 2905 2229 ipsaque
2928 2157 3126 2212 mentis
3171 2154 3643 2224 contemplatione-

2051 2255 2364 2325 Seraphicis
2396 2253 2649 2321 adjuncta
2679 2250 2986 2320 spiritibus;
3010 2257 3091 2302 ter
3125 2261 3374 2302 sanetum
3408 2247 3491 2299 sui
3513 2261 3634 2298 [nua-

2050 2364 2172 2404 men
2199 2349 2372 2401 solum
2402 2344 2468 2398 ad
2491 2341 2915 2399 misericordiam
2936 2339 3329 2409 impetrandam
3355 2336 3633 2406 supplica-

2050 2438 2141 2493 bat
2171 2433 2541 2503 hujuscemodi
2573 2447 2842 2502 usurpans
2864 2432 3026 2485 verba
3060 2430 3246 2484 libera:
3277 2429 3656 2496 ingenuasque-

2051 2526 2347 2600 gratiarum
2400 2523 2630 2578 actionis
2675 2521 2814 2592 apud
2849 2521 3038 2575 Deum.
3075 2518 3154 2573 T'u
3190 2519 3430 2588 quidem,
3463 2532 3496 2572 ο
3525 2518 3634 2572 Do-

2051 2623 2214 2685 mine,
2239 2618 2562 2689 jampridem
2601 2615 2813 2670 hostem
2851 2612 3107 2682 corporis
3153 2610 3256 2666 mei
3291 2625 3454 2665 causa
3510 2605 3635 2664 bel-

2050 2711 2160 2765 lum
2195 2708 2540 2771 inferentem,-
2575 2715 2626 2760 et
2645 2704 3006 2771 veluteqnum
3039 2702 3150 2770 ipsa
3183 2700 3430 2770 corporis
3458 2715 3652 2754 mem--

2051 2803 2146 2858 bra
2177 2799 2548 2864 adhibentem,
2581 2807 2744 2866 atque
2777 2804 3015 2849 utentem
3063 2794 3179 2862 ipsa
3214 2801 3405 2869 natura
3440 2801 3630 2847 contra

2053 2902 2327 2956 naturam,
2360 2891 2615 2960 dignatus
2663 2902 2724 2941 es
2767 2899 2852 2940 me
2880 2895 2940 2938 tit
2966 2883 3306 2953 subjugarim
3327 2890 3383 2936 et
3418 2880 3646 2936 concul-

2051 2983 2255 3045 carim;
2301 2988 2354 3033 tu
2409 2979 2535 3032 item
2581 2976 2749 3031 etiam
2807 2986 2967 3036 nunc,
3010 2987 3043 3026 ο
3081 2981 3290 3024 amator
3325 2969 3632 3034 hominum,

2051 3075 2140 3144 qui
2175 3072 2569 3126 indeiicieutem
2604 3082 2784 3123 meum
2817 3081 2942 3134 erga
2976 3074 3028 3119 te
3059 3079 3298 3116 amorem
3325 3061 3490 3131 probe
3531 3075 3635 3115 no-

435 3153 490 3208 5.
530 3153 743 3208 Etenim
785 3156 894 3211 Deo
922 3158 1117 3227 singuli
1152 3160 1427 3214 manifesti
1454 3170 1622 3228 sunt,
1667 3171 1727 3217 ut
1764 3163 1942 3233 loqui-
1971 3151 2014 3208 Ε
2048 3164 2139 3230 sti,
2171 3164 2244 3218 sis
2273 3161 2406 3216 mihi
2435 3161 2486 3215 in
2523 3161 2624 3215 hoc
2655 3156 2970 3212 certamine-
2999 3156 3294 3224 0pitulator
3317 3169 3330 3218 ;
3351 3161 3407 3206 et
3436 3154 3528 3222 qui
3565 3169 3650 3205 ex.

367 3253 458 3301 tur
485 3261 637 3300 sacra
666 3249 976 3315 Scriptura:
1002 3250 1191 3303 Omnia
1217 3253 1380 3313 nuda,
1405 3263 1450 3305 et
1469 3263 1650 3320 aperta
1674 3265 1794 3307 sum
1819 3272 1946 3308 ocu-

363 3336 430 3388 lis
457 3335 592 3404 ejus,
621 3337 689 3388 ad
704 3353 854 3406 quem
882 3355 1048 3392 sermo
1082 3349 1256 3392 noster
1286 3341 1585 3407 collimnt‘;
1613 3358 1799 3398 verum
1829 3360 1949 3400 om-

367 3429 455 3482 nia
505 3430 837 3498 prmdeliuita
897 3441 1022 3485 sunt
1080 3447 1107 3484 a
1149 3441 1540 3501 cognoscente:
1585 3435 1697 3505 ipsa
1746 3437 1944 3491 etenim

367 3522 714 3590 prmcognitio
763 3523 1131 3589 procreatoris
1162 3523 1251 3578 Dei
1281 3525 1424 3579 circa
1455 3541 1539 3580 res
1578 3527 1816 3596 singulas
1848 3543 1944 3581 co-

364 3611 850 3682 gnitionem,un
893 3614 1110 3683 quidem
1156 3625 1213 3668 et
1264 3616 1528 3670 rationem
1569 3616 1731 3671 habet
1777 3619 1946 3672 divini

365 3702 600 3765 consilii,
625 3710 678 3755 et
708 3716 1026 3768 concursus,
1047 3711 1099 3757 et
1126 3713 1386 3773 prazterea
1411 3705 1624 3758 modum
1645 3707 1827 3761 liberae
1851 3723 1945 3762 vo-

365 3791 590 3845 luntatis
618 3807 803 3846 eorum
828 3833 844 3858 ,
880 3794 969 3861 qui
1002 3793 1186 3846 divino
1241 3795 1414 3848 sol-um
1457 3795 1796 3863 beneplacito
1822 3813 1948 3866 pro-

365 3885 556 3948 creati,
587 3884 753 3938 libere
780 3884 834 3937 in
853 3900 987 3953 Opus
1021 3887 1308 3954 prodeunt.
1337 3885 1744 3940 Pracdestinatio
1778 3904 1904 3942 vero
1929 3927 1945 3954 ,

365 3985 666 4030 extremum
695 3992 884 4031 eorum
907 3977 1115 4046 lapsum
1151 3993 1255 4032 non
1292 3978 1578 4046 permittit,
1610 3979 1704 4033 sed
1739 3979 1950 4033 confert

365 4066 430 4120 ad
462 4083 606 4133 eum,
655 4069 746 4138 qui
793 4070 1230 4138 przedestinatur,
1281 4071 1473 4124 bonam
1527 4082 1584 4124 et.
1623 4085 1946 4140 propensam

363 4157 696 4215 voluntatem
742 4160 952 4230 upiticis
985 4161 1073 4215 Dei
1113 4177 1234 4216 cum
1288 4162 1459 4216 libero
1500 4163 1739 4216 humano
1799 4164 1949 4216 arbi-

365 4253 514 4306 trio:
557 4263 613 4307 et
644 4263 700 4306 ut
747 4253 899 4306 omni
941 4254 1154 4308 ratione
1205 4255 1515 4306 beatissima
1560 4255 1703 4308 inter
1735 4270 1946 4319 omnes,

363 4351 418 4395 et
442 4343 791 4396 sanctissima
833 4343 1057 4396 Domina
1096 4353 1278 4397 nostra
1329 4341 1510 4413 regina
1544 4344 1704 4413 Virgo
1740 4345 1950 4414 Deique

364 4446 580 4500 parens.
609 4449 636 4485 a
666 4435 844 4486 divino
882 4431 1081 4496 Verbo,
1114 4435 1256 4502 quod
1296 4435 1347 4488 in
1379 4451 1440 4488 ea
1477 4435 1761 4501 habitavit,
1800 4451 1944 4491 eatu-

362 4536 470 4591 que
513 4522 750 4589 eﬂinxit,
789 4539 854 4577 ex
891 4525 1142 4578 omnibus
1179 4526 1430 4594 gentibus
1469 4526 1671 4581 delecta
1697 4527 1830 4594 fuit;
1870 4530 1942 4583 ita

361 4616 528 4669 etiam
575 4618 687 4670 haec
724 4617 966 4695 ejusdem
1022 4619 1262 4686 Deipara:
1311 4618 1418 4671 lilia
1471 4629 1523 4672 et
1559 4620 1751 4674 ancilla
1792 4620 1941 4692 (quae

364 4722 507 4761 nunc
557 4706 751 4762 faustis
807 4707 1293 4764 acclamationibus
1341 4710 1629 4764 decoratur
1678 4729 1705 4764 a
1761 4715 1940 4778 nobis,

363 4814 590 4868 qumque
615 4811 796 4854 nostra
825 4804 1118 4869 praeconia,
1154 4812 1480 4873 nostrasque
1530 4805 1830 4872 gratiarum
1850 4821 1946 4860 ac-

366 4893 538 4946 tiones
571 4893 678 4946 Deo
723 4908 818 4962 per
866 4892 1138 4960 Virginem
1174 4895 1456 4963 Deiparam
1503 4896 1679 4964 oﬂ'ert)
1734 4899 1944 4963 prwde-

362 4982 563 5038 stinata
595 4985 770 5039 fuerat
794 4996 849 5039 ut
881 4999 1084 5056 martyr
1109 4997 1250 5041 esset
1283 4992 1526 5042 etelecta
1555 5027 1569 5052 ,
1611 4997 1664 5040 et
1686 5002 1778 5056 per
1813 4989 1948 5042 divi-

433 5161 456 5193 ‘
493 5161 656 5216 llehr.
694 5179 765 5218 tv.
814 5167 900 5220 1'5.
979 5168 999 5198 ⁸
1041 5167 1233 5220 Matth.
1272 5183 1348 5231 ιχ,
1386 5165 1477 5219 20.

448 5311 522 5380 (5)
565 5313 638 5366 De
670 5323 870 5370 sancta:
920 5313 1144 5379 Agathaa
1192 5317 1497 5384 cloqumtlia
1528 5317 1654 5369 illud
1685 5325 1860 5370 exstat
1897 5319 1948 5370 in

363 5380 582 5436 Menaeis
615 5385 848 5452 elogium
875 5403 887 5439 :
925 5386 1125 5440 [)ill'usa
1155 5399 1240 5440 est
1282 5380 1454 5452 gratia
1491 5388 1541 5439 in
1568 5388 1723 5439 labiis
1750 5387 1876 5450 tuis,
1908 5404 1940 5440 0

366 5453 567 5526 Martyr
605 5469 653 5526 a7
688 5455 928 5510 bonitate
967 5472 1190 5526 (nomen
1236 5457 1473 5526 indepta.
1531 5457 1743 5510 Diserte
1789 5458 1934 5510 euim

365 5523 658 5597 confutasti
714 5535 901 5597 aperte
963 5523 1375 5595 impudentem,
1410 5528 1628 5597 eloquio
1682 5528 1940 5582 divinitus

367 5593 570 5645 tradito
604 5593 950 5660 locupletato.

439 5661 517 5730 (4)
560 5661 786 5731 Ἀγαθὸς
820 5668 1016 5737 quippe
1053 5666 1250 5722 bonum
1308 5666 1598 5738 signiﬁcat,
1637 5667 1815 5740 d-pOiq
1849 5668 1942 5724 b0-

369 5747 518 5786 nam.

2049 3255 2256 3310 intiiuis
2287 3252 2518 3321 erumpit
2544 3249 2878 3319 praecordiis,
2907 3247 3107 3301 fontem
3142 3245 3332 3312 excipe
3355 3244 3630 3314 lacryuia-

2051 3363 2190 3412 rum,
2232 3361 2296 3400 ac
2325 3345 2502 3398 tribue
2535 3343 2600 3396 de
2627 3342 2744 3410 ipso
2777 3343 2930 3394 hoste
2965 3339 3094 3392 mihi
3132 3337 3424 3406 gloriosam
3464 3339 3636 3389 victo-

2047 3438 2206 3500 riain,
2235 3451 2267 3490 ο
2298 3437 2600 3488 animarum
2646 3433 2980 3502 humanique
3018 3432 3232 3500 generis
3265 3439 3512 3494 amator;
3543 3429 3644 3497 qui-

2045 3531 2234 3591 etiam,
2263 3529 2405 3597 quod
2446 3527 2667 3596 propria
2714 3539 2874 3578 manu
2917 3523 3420 3577 victoriosissimum
3458 3534 3638 3576 certa-

2049 3635 2168 3673 men
2199 3634 2320 3672 cum
2359 3630 2547 3671 nostro
2597 3616 2786 3670 eodem
2843 3615 2999 3668 hoste
3040 3614 3230 3677 iniisti,
3263 3613 3414 3666 nobis
3473 3615 3660 3668 ascri~

2047 3708 2175 3763 bere
2219 3723 2283 3762 ac
2332 3709 2570 3762 tribuere
2614 3705 3001 3775 benignissime
3041 3719 3100 3760 es
3136 3707 3388 3774 dignatus
3422 3722 3435 3758 :
3467 3721 3634 3774 quam

2047 3801 2208 3854 etiam
2241 3803 2310 3855 ob
2329 3815 2574 3864 causam,
2605 3815 2636 3855 ο
2665 3799 2870 3868 peccati
2909 3812 3104 3866 expers
3135 3784 3384 3862 Dbmiue,
3427 3797 3494 3851 de
3547 3814 3639 3852 uo-

2048 3901 2159 3946 stra
2182 3903 2456 3961 sumptam
2488 3906 2586 3961 pro
2621 3890 2778 3944 nobis
2811 3905 3031 3943 carnem
3067 3889 3322 3942 induisti.

2117 3983 2168 4036 7'.
2198 3981 2289 4036 illa
2321 3997 2448 4036 vero
2481 3975 2594 4040 haec
2613 3982 2885 4036 Christum
2917 3980 3267 4048 precabatur,
3300 3995 3402 4033 non
3430 3989 3487 4036 ut
3511 3995 3637 4032 cer-

2048 4083 2226 4128 tamen
2260 4074 2520 4138 cvitaret,
2553 4073 2647 4127 sed
2695 4081 2753 4127 ut
2803 4073 2946 4126 vires
2993 4071 3097 4125 sibi
3147 4070 3524 4124 Stiﬂicerentur
3569 4071 3638 4122 ad

2049 4167 2392 4236 martyrium.
2455 4164 2781 4218 Exaudierat
2816 4163 2958 4216 enim
3009 4163 3217 4230 Agatho
3257 4161 3652 4213 mulierculam-

2049 4257 2339 4328 quamdam
2379 4255 2632 4326 pessimis
2661 4255 2873 4307 artibus
2907 4241 3144 4305 deditam
3180 4264 3301 4303 cum
3337 4249 3639 4314 Quintiano

2051 4350 2115 4403 de
2146 4365 2202 4403 se
2231 4347 2762 4411 communicantem,
2820 4355 2874 4400 et
2921 4345 3125 4399 idcirco
3169 4355 3427 4412 perquam
3479 4355 3638 4409 para-

2055 4441 2262 4494 tissima
2320 4454 2494 4510 prono
2543 4440 2594 4494 in
2633 4448 2831 4492 terram
2899 4436 3130 4506 procidit
3174 4435 3356 4496 vultu,
3403 4433 3659 4500 odioque

2051 4539 2237 4583 contra
2287 4538 2728 4599 persecutorem,
2775 4536 3076 4595 contraque
3124 4527 3297 4594 ipsum
3331 4533 3637 4592 peccatum,

2051 4621 2263 4676 ardenti
2292 4621 2454 4675 etiam
2486 4621 2689 4674 amoris
2712 4635 2839 4689 erga
2873 4617 3038 4672 Deum
3069 4605 3304 4671 excitato
3345 4616 3638 4677 desiderio,

2050 4714 2116 4768 ad
2144 4715 2376 4766 intactos
2425 4711 2636 4766 Domini
2686 4716 2850 4781 pedes
2890 4711 3218 4771 advolvitur,
3253 4709 3394 4763 sicut
3421 4709 3487 4762 ad
3519 4707 3648 4774 ejus

2055 4807 2226 4859 vestis
2277 4804 2540 4873 laciniam
2577 4804 2662 4856 illa
2711 4803 2840 4858 olim
2879 4801 3334 4858 Immorrhoissa'
3364 4819 3376 4854 :
3406 4811 3461 4853 ct
3515 4814 3642 4866 pro-

2056 4895 2274 4950 ﬂuvium
2294 4895 2510 4964 quidem
2543 4897 2647 4948 u'on
2681 4895 2913 4948 inhibuit
2940 4896 3063 4953 (hoc
3085 4894 3228 4946 enim
3261 4909 3364 4946 non
3390 4891 3638 4959 patiebao

2057 5001 2176 5054 tur;
2203 4990 2377 5057 potius
2403 5002 2529 5042 vero
2557 4984 2974 5054 (sicutloanues
3008 4988 3159 5056 virgo
3191 4985 3450 5038 fluentum
3486 4983 3648 5036 Ilico-

2136 5318 2212 5387 (5)
2257 5315 2482 5385 luueges
2525 5325 2684 5388 negat
2741 5317 2866 5371 hinc
2912 5313 3090 5384 sequi,
3132 5321 3382 5382 parentes
3430 5323 3650 5388 sancta

2055 5383 2277 5457 Agatlize
2307 5383 2477 5441 fuisse
2515 5383 2881 5447 christianos;
2918 5383 3277 5454 praeterquam
3305 5386 3447 5452 quod
3475 5383 3631 5457 iden-

2047 5453 2208 5512 tidem
2256 5459 2558 5510 orationem
2612 5460 2774 5523 hanc,
2821 5457 3090 5525 principio
3131 5453 3378 5523 excepta,
3406 5453 3634 5525 procla-

2048 5539 2152 5581 tnet
2210 5524 2464 5581 Methodii
2507 5542 2612 5580 non
2674 5523 2832 5586 esse,
2869 5527 2960 5578 sed
3001 5523 3016 5525 ί
3044 5527 3290 5577 moderni
3333 5523 3642 5591 cujuspiam

2049 5598 2358 5666 scriptoris,
2381 5613 2482 5651 nec
2503 5598 2717 5667 dignam
2752 5598 2873 5651 fide.
2900 5595 3126 5648 Praefert
3144 5595 3261 5662 ipse
3287 5594 3636 5667 vaticinium,

2052 5665 2194 5730 quod
2252 5685 2416 5722 suura
2463 5684 2528 5724 cx
2563 5665 2749 5724 codice
2803 5667 3194 5722 Pauormitano
3250 5665 3481 5718 relatum
3548 5675 3635 5720 est

2057 5739 2166 5810 §8,
2215 5757 2268 5796 ll.
2306 5739 2393 5794 56.
