  <div class='ocr_page' id='page_1' title='image "/cluster/home/n/w/nwhite01/storage/ocr_20150623/100/mdp.39015005675668/648.png"; bbox 0 0 3938 6168; ppageno 0'>
   <div class='ocr_carea' id='block_1_1' title="bbox 244 266 386 373">
    <p class='ocr_par' dir='ltr' id='par_1_1' title="bbox 244 266 386 373">
     <span class='ocr_line' id='line_1_1' title="bbox 244 266 386 373; baseline 0.014 -2"><span class='ocrx_word' id='word_1_1' title='bbox 244 266 386 373; x_wconf 67' lang='grc' dir='ltr'><strong>ηἱτγ</strong></span> 
     </span>
    </p>
   </div>
   <div class='ocr_carea' id='block_1_2' title="bbox 1423 318 2379 381">
    <p class='ocr_par' dir='ltr' id='par_1_2' title="bbox 1423 318 2379 381">
     <span class='ocr_line' id='line_1_2' title="bbox 1423 318 2379 381; baseline 0.001 -3"><span class='ocrx_word' id='word_1_2' title='bbox 1423 318 1708 379; x_wconf 79' lang='lat' dir='ltr'><strong>ORATIO</strong></span> <span class='ocrx_word' id='word_1_3' title='bbox 1752 318 1837 381; x_wconf 64' lang='lat' dir='ltr'><strong>IN</strong></span> <span class='ocrx_word' id='word_1_4' title='bbox 1866 318 1960 380; x_wconf 65' lang='lat' dir='ltr'><strong>.S.’</strong></span> <span class='ocrx_word' id='word_1_5' title='bbox 1980 318 2379 379; x_wconf 71' lang='lat' dir='ltr'><strong>AGATHAM.</strong></span> 
     </span>
    </p>
   </div>
   <div class='ocr_carea' id='block_1_3' title="bbox 3379 310 3521 374">
    <p class='ocr_par' dir='ltr' id='par_1_3' title="bbox 3379 310 3521 374">
     <span class='ocr_line' id='line_1_3' title="bbox 3379 310 3521 374; baseline 0 0"><span class='ocrx_word' id='word_1_6' title='bbox 3379 310 3521 374; x_wconf 65' lang='lat' dir='ltr'><strong>i278</strong></span> 
     </span>
    </p>
   </div>
   <div class='ocr_carea' id='block_1_4' title="bbox 241 414 3517 494">
    <p class='ocr_par' dir='ltr' id='par_1_4' title="bbox 241 414 3517 494">
     <span class='ocr_line' id='line_1_4' title="bbox 241 414 3517 494; baseline 0.002 -23"><span class='ocrx_word' id='word_1_7' title='bbox 241 414 401 482; x_wconf 71' lang='lat' dir='ltr'><strong>legis:</strong></span> <span class='ocrx_word' id='word_1_8' title='bbox 439 431 507 471; x_wconf 80' lang='lat' dir='ltr'><strong>es</strong></span> <span class='ocrx_word' id='word_1_9' title='bbox 537 417 797 477; x_wconf 84' lang='lat' dir='ltr'><strong>accubitu</strong></span> <span class='ocrx_word' id='word_1_10' title='bbox 833 435 999 489; x_wconf 83' lang='lat' dir='ltr'><strong>super</strong></span> <span class='ocrx_word' id='word_1_11' title='bbox 1030 421 1244 478; x_wconf 84' lang='lat' dir='ltr'><strong>Domini</strong></span> <span class='ocrx_word' id='word_1_12' title='bbox 1298 423 1701 479; x_wconf 76' lang='lat' dir='ltr'><strong>immaculatum</strong></span> <span class='ocrx_word' id='word_1_13' title='bbox 1734 438 1831 494; x_wconf 85' lang='lat' dir='ltr'><strong>pe-</strong></span> <span class='ocrx_word' id='word_1_14' title='bbox 1861 429 1910 486; x_wconf 77' lang='grc' dir='ltr'>Α</span> <span class='ocrx_word' id='word_1_15' title='bbox 1936 436 2011 492; x_wconf 90' lang='lat' dir='ltr'><strong>et,</strong></span> <span class='ocrx_word' id='word_1_16' title='bbox 2044 436 2104 480; x_wconf 91' lang='lat' dir='ltr'><strong>ut</strong></span> <span class='ocrx_word' id='word_1_17' title='bbox 2145 427 2324 493; x_wconf 83' lang='lat' dir='ltr'><strong>decet,</strong></span> <span class='ocrx_word' id='word_1_18' title='bbox 2369 424 2801 480; x_wconf 72' lang='lat' dir='ltr'><strong>colluctantiuzn?</strong></span> <span class='ocrx_word' id='word_1_19' title='bbox 2833 422 2915 478; x_wconf 77' lang='lat' dir='ltr'><strong>Me</strong></span> <span class='ocrx_word' id='word_1_20' title='bbox 2947 431 3128 476; x_wconf 86' lang='lat' dir='ltr'><strong>autem</strong></span> <span class='ocrx_word' id='word_1_21' title='bbox 3166 421 3339 491; x_wconf 84' lang='lat' dir='ltr'><strong>ipsam</strong></span> <span class='ocrx_word' id='word_1_22' title='bbox 3376 425 3517 479; x_wconf 68' lang='lat' dir='ltr'><strong>inle-</strong></span> 
     </span>
    </p>
   </div>
   <div class='ocr_carea' id='block_1_5' title="bbox 241 505 1837 583">
    <p class='ocr_par' dir='ltr' id='par_1_5' title="bbox 241 505 1837 583">
     <span class='ocr_line' id='line_1_5' title="bbox 241 505 1837 583; baseline 0.007 -25"><span class='ocrx_word' id='word_1_23' title='bbox 241 517 364 560; x_wconf 83' lang='lat' dir='ltr'><strong>ctus</strong></span> <span class='ocrx_word' id='word_1_24' title='bbox 396 505 441 578; x_wconf 83' lang='lat'><strong>&#39;)</strong></span> <span class='ocrx_word' id='word_1_25' title='bbox 475 507 563 562; x_wconf 88' lang='lat' dir='ltr'><strong>illa</strong></span> <span class='ocrx_word' id='word_1_26' title='bbox 606 509 970 581; x_wconf 88' lang='lat' dir='ltr'><strong>lacrymarum</strong></span> <span class='ocrx_word' id='word_1_27' title='bbox 1026 512 1199 579; x_wconf 77' lang='lat' dir='ltr'><strong>rivos,</strong></span> <span class='ocrx_word' id='word_1_28' title='bbox 1242 529 1350 583; x_wconf 89' lang='lat' dir='ltr'><strong>quo</strong></span> <span class='ocrx_word' id='word_1_29' title='bbox 1396 517 1619 570; x_wconf 87' lang='lat' dir='ltr'><strong>uberius</strong></span> <span class='ocrx_word' id='word_1_30' title='bbox 1659 514 1837 570; x_wconf 79' lang='lat' dir='ltr'><strong>(lima-</strong></span> 
     </span>
    </p>
   </div>
   <div class='ocr_carea' id='block_1_6' title="bbox 244 601 1834 675">
    <p class='ocr_par' dir='ltr' id='par_1_6' title="bbox 244 601 1834 675">
     <span class='ocr_line' id='line_1_6' title="bbox 244 601 1834 675; baseline 0.006 -25"><span class='ocrx_word' id='word_1_31' title='bbox 244 609 468 663; x_wconf 73' lang='lat' dir='ltr'><strong>nat-ent,</strong></span> <span class='ocrx_word' id='word_1_32' title='bbox 507 602 739 670; x_wconf 87' lang='lat' dir='ltr'><strong>accepit.</strong></span> <span class='ocrx_word' id='word_1_33' title='bbox 776 601 965 671; x_wconf 86' lang='lat' dir='ltr'><strong>Surgit</strong></span> <span class='ocrx_word' id='word_1_34' title='bbox 1003 604 1170 674; x_wconf 87' lang='lat' dir='ltr'><strong>igitur</strong></span> <span class='ocrx_word' id='word_1_35' title='bbox 1201 614 1322 674; x_wconf 89' lang='lat' dir='ltr'><strong>post</strong></span> <span class='ocrx_word' id='word_1_36' title='bbox 1346 622 1570 675; x_wconf 88' lang='lat' dir='ltr'><strong>precum</strong></span> <span class='ocrx_word' id='word_1_37' title='bbox 1606 607 1834 661; x_wconf 89' lang='lat' dir='ltr'><strong>satieta-</strong></span> 
     </span>
    </p>
   </div>
   <div class='ocr_carea' id='block_1_7' title="bbox 244 690 1835 766">
    <p class='ocr_par' dir='ltr' id='par_1_7' title="bbox 244 690 1835 766">
     <span class='ocr_line' id='line_1_7' title="bbox 244 690 1835 766; baseline 0.007 -25"><span class='ocrx_word' id='word_1_38' title='bbox 244 697 377 755; x_wconf 89' lang='lat' dir='ltr'><strong>tem,</strong></span> <span class='ocrx_word' id='word_1_39' title='bbox 413 690 644 758; x_wconf 88' lang='lat' dir='ltr'><strong>perinde</strong></span> <span class='ocrx_word' id='word_1_40' title='bbox 670 708 732 747; x_wconf 90' lang='lat' dir='ltr'><strong>ac</strong></span> <span class='ocrx_word' id='word_1_41' title='bbox 762 694 806 748; x_wconf 88' lang='lat' dir='ltr'><strong>si</strong></span> <span class='ocrx_word' id='word_1_42' title='bbox 838 696 1323 764; x_wconf 86' lang='lat' dir='ltr'><strong>accepissetdivini</strong></span> <span class='ocrx_word' id='word_1_43' title='bbox 1349 698 1533 752; x_wconf 81' lang='lat' dir='ltr'><strong>auxilii</strong></span> <span class='ocrx_word' id='word_1_44' title='bbox 1553 708 1835 766; x_wconf 90' lang='lat' dir='ltr'><strong>tesseram,</strong></span> 
     </span>
    </p>
   </div>
   <div class='ocr_carea' id='block_1_8' title="bbox 244 781 1835 859">
    <p class='ocr_par' dir='ltr' id='par_1_8' title="bbox 244 781 1835 859">
     <span class='ocr_line' id='line_1_8' title="bbox 244 781 1835 859; baseline 0.008 -27"><span class='ocrx_word' id='word_1_45' title='bbox 244 781 415 833; x_wconf 81' lang='lat' dir='ltr'><strong>corde</strong></span> <span class='ocrx_word' id='word_1_46' title='bbox 448 781 692 849; x_wconf 81' lang='lat' dir='ltr'><strong>quidem,</strong></span> <span class='ocrx_word' id='word_1_47' title='bbox 711 793 969 854; x_wconf 86' lang='lat' dir='ltr'><strong>certaque</strong></span> <span class='ocrx_word' id='word_1_48' title='bbox 998 800 1092 855; x_wconf 85' lang='lat' dir='ltr'><strong>spe</strong></span> <span class='ocrx_word' id='word_1_49' title='bbox 1116 786 1218 841; x_wconf 85' lang='lat' dir='ltr'><strong>sibi</strong></span> <span class='ocrx_word' id='word_1_50' title='bbox 1246 787 1533 842; x_wconf 78' lang='lat' dir='ltr'><strong>victoriam</strong></span> <span class='ocrx_word' id='word_1_51' title='bbox 1552 805 1647 859; x_wconf 85' lang='lat' dir='ltr'><strong>per</strong></span> <span class='ocrx_word' id='word_1_52' title='bbox 1678 788 1835 844; x_wconf 72' lang='lat' dir='ltr'><strong>fidem</strong></span> 
     </span>
    </p>
   </div>
   <div class='ocr_carea' id='block_1_9' title="bbox 250 869 1834 945">
    <p class='ocr_par' dir='ltr' id='par_1_9' title="bbox 250 869 1834 945">
     <span class='ocr_line' id='line_1_9' title="bbox 250 869 1834 945; baseline 0.008 -24"><span class='ocrx_word' id='word_1_53' title='bbox 250 869 584 937; x_wconf 85' lang='lat' dir='ltr'><strong>pollicetur;</strong></span> <span class='ocrx_word' id='word_1_54' title='bbox 618 873 851 943; x_wconf 75' lang='lat' dir='ltr'><strong>ideoque</strong></span> <span class='ocrx_word' id='word_1_55' title='bbox 880 875 959 930; x_wconf 89' lang='lat' dir='ltr'><strong>sic</strong></span> <span class='ocrx_word' id='word_1_56' title='bbox 989 875 1267 943; x_wconf 86' lang='lat' dir='ltr'><strong>loquitur:</strong></span> <span class='ocrx_word' id='word_1_57' title='bbox 1305 877 1441 933; x_wconf 85' lang='lat' dir='ltr'><strong>Ecce</strong></span> <span class='ocrx_word' id='word_1_58' title='bbox 1477 877 1590 945; x_wconf 85' lang='lat' dir='ltr'><strong>jam</strong></span> <span class='ocrx_word' id='word_1_59' title='bbox 1627 876 1834 933; x_wconf 84' lang='lat' dir='ltr'><strong>Christi</strong></span> 
     </span>
    </p>
   </div>
   <div class='ocr_carea' id='block_1_10' title="bbox 243 961 1839 1047">
    <p class='ocr_par' dir='ltr' id='par_1_10' title="bbox 243 961 1839 1047">
     <span class='ocr_line' id='line_1_10' title="bbox 243 961 1839 1047; baseline 0.006 -33"><span class='ocrx_word' id='word_1_60' title='bbox 243 961 452 1018; x_wconf 72' lang='lat' dir='ltr'><strong>virtute</strong></span> <span class='ocrx_word' id='word_1_61' title='bbox 510 962 723 1020; x_wconf 88' lang='lat' dir='ltr'><strong>hostilis</strong></span> <span class='ocrx_word' id='word_1_62' title='bbox 770 967 1011 1037; x_wconf 83' lang='lat' dir='ltr'><strong>potentia</strong></span> <span class='ocrx_word' id='word_1_63' title='bbox 1045 967 1103 1022; x_wconf 88' lang='lat' dir='ltr'><strong>in</strong></span> <span class='ocrx_word' id='word_1_64' title='bbox 1161 967 1399 1022; x_wconf 78' lang='lat' dir='ltr'><strong>favillam</strong></span> <span class='ocrx_word' id='word_1_65' title='bbox 1433 970 1672 1034; x_wconf 84' lang='lat' dir='ltr'><strong>redacta,</strong></span> <span class='ocrx_word' id='word_1_66' title='bbox 1702 983 1839 1047; x_wconf 37' lang='lat' dir='ltr'><strong>con-r</strong></span> 
     </span>
    </p>
   </div>
   <div class='ocr_carea' id='block_1_11' title="bbox 246 1052 1843 1130">
    <p class='ocr_par' dir='ltr' id='par_1_11' title="bbox 246 1052 1843 1130">
     <span class='ocr_line' id='line_1_11' title="bbox 246 1052 1843 1130; baseline 0.009 -26"><span class='ocrx_word' id='word_1_67' title='bbox 246 1052 492 1120; x_wconf 77' lang='lat' dir='ltr'><strong>culcata,</strong></span> <span class='ocrx_word' id='word_1_68' title='bbox 517 1062 572 1119; x_wconf 83' lang='lat' dir='ltr'><strong>et</strong></span> <span class='ocrx_word' id='word_1_69' title='bbox 593 1056 861 1112; x_wconf 82' lang='lat' dir='ltr'><strong>exstincta</strong></span> <span class='ocrx_word' id='word_1_70' title='bbox 901 1068 987 1112; x_wconf 93' lang='lat' dir='ltr'><strong>est</strong></span> <span class='ocrx_word' id='word_1_71' title='bbox 1014 1074 1042 1113; x_wconf 91' lang='lat' dir='ltr'><strong>a</strong></span> <span class='ocrx_word' id='word_1_72' title='bbox 1081 1074 1198 1116; x_wconf 89' lang='lat' dir='ltr'><strong>mea</strong></span> <span class='ocrx_word' id='word_1_73' title='bbox 1232 1060 1488 1130; x_wconf 85' lang='lat' dir='ltr'><strong>pudicitia</strong></span> <span class='ocrx_word' id='word_1_74' title='bbox 1521 1078 1535 1115; x_wconf 88' lang='lat'><strong>:</strong></span> <span class='ocrx_word' id='word_1_75' title='bbox 1578 1062 1721 1130; x_wconf 82' lang='lat' dir='ltr'><strong>quod</strong></span> <span class='ocrx_word' id='word_1_76' title='bbox 1753 1064 1843 1118; x_wconf 59' lang='grc' dir='ltr'><strong>τε.</strong></span> 
     </span>
    </p>
   </div>
   <div class='ocr_carea' id='block_1_12' title="bbox 248 1144 1839 1225">
    <p class='ocr_par' dir='ltr' id='par_1_12' title="bbox 248 1144 1839 1225">
     <span class='ocr_line' id='line_1_12' title="bbox 248 1144 1839 1225; baseline 0.008 -27"><span class='ocrx_word' id='word_1_77' title='bbox 248 1144 588 1215; x_wconf 77' lang='lat' dir='ltr'><strong>liquam—est,</strong></span> <span class='ocrx_word' id='word_1_78' title='bbox 621 1148 902 1206; x_wconf 83' lang='lat' dir='ltr'><strong>conlidens</strong></span> <span class='ocrx_word' id='word_1_79' title='bbox 923 1151 1092 1207; x_wconf 86' lang='lat' dir='ltr'><strong>alacri</strong></span> <span class='ocrx_word' id='word_1_80' title='bbox 1117 1153 1303 1210; x_wconf 89' lang='lat' dir='ltr'><strong>animo</strong></span> <span class='ocrx_word' id='word_1_81' title='bbox 1336 1152 1402 1207; x_wconf 86' lang='lat' dir='ltr'><strong>ad</strong></span> <span class='ocrx_word' id='word_1_82' title='bbox 1437 1153 1671 1209; x_wconf 86' lang='lat' dir='ltr'><strong>stadium</strong></span> <span class='ocrx_word' id='word_1_83' title='bbox 1710 1170 1839 1225; x_wconf 56' lang='lat' dir='ltr'><strong>pro-r</strong></span> 
     </span>
    </p>
   </div>
   <div class='ocr_carea' id='block_1_13' title="bbox 250 1250 497 1292">
    <p class='ocr_par' dir='ltr' id='par_1_13' title="bbox 250 1250 497 1292">
     <span class='ocr_line' id='line_1_13' title="bbox 250 1250 497 1292; baseline 0.004 -1"><span class='ocrx_word' id='word_1_84' title='bbox 250 1250 497 1292; x_wconf 88' lang='lat' dir='ltr'><strong>curram.</strong></span> 
     </span>
    </p>
   </div>
   <div class='ocr_carea' id='block_1_14' title="bbox 320 1347 1839 1428">
    <p class='ocr_par' dir='ltr' id='par_1_14' title="bbox 320 1347 1839 1428">
     <span class='ocr_line' id='line_1_14' title="bbox 320 1347 1839 1428; baseline 0.007 -24"><span class='ocrx_word' id='word_1_85' title='bbox 320 1349 382 1404; x_wconf 85' lang='lat'><strong>8..</strong></span> <span class='ocrx_word' id='word_1_86' title='bbox 418 1347 615 1420; x_wconf 81' lang='lat' dir='ltr'><strong>Itaque</strong></span> <span class='ocrx_word' id='word_1_87' title='bbox 648 1364 858 1408; x_wconf 84' lang='lat' dir='ltr'><strong>summa</strong></span> <span class='ocrx_word' id='word_1_88' title='bbox 893 1354 1090 1409; x_wconf 85' lang='lat' dir='ltr'><strong>mentis</strong></span> <span class='ocrx_word' id='word_1_89' title='bbox 1125 1357 1426 1412; x_wconf 79' lang='lat' dir='ltr'><strong>constantia</strong></span> <span class='ocrx_word' id='word_1_90' title='bbox 1459 1357 1524 1412; x_wconf 92' lang='lat' dir='ltr'><strong>ad</strong></span> <span class='ocrx_word' id='word_1_91' title='bbox 1549 1365 1839 1428; x_wconf 78' lang='lat' dir='ltr'><strong>tyrannum</strong></span> 
     </span>
    </p>
   </div>
   <div class='ocr_carea' id='block_1_15' title="bbox 251 1442 1840 1518">
    <p class='ocr_par' dir='ltr' id='par_1_15' title="bbox 251 1442 1840 1518">
     <span class='ocr_line' id='line_1_15' title="bbox 251 1442 1840 1518; baseline 0.009 -28"><span class='ocrx_word' id='word_1_92' title='bbox 251 1442 430 1510; x_wconf 83' lang='lat' dir='ltr'><strong>pergit</strong></span> <span class='ocrx_word' id='word_1_93' title='bbox 462 1443 605 1498; x_wconf 83' lang='lat' dir='ltr'><strong>inter</strong></span> <span class='ocrx_word' id='word_1_94' title='bbox 633 1443 852 1501; x_wconf 85' lang='lat' dir='ltr'><strong>lictores</strong></span> <span class='ocrx_word' id='word_1_95' title='bbox 884 1446 1187 1503; x_wconf 57' lang='lat' dir='ltr'><strong>laetabunda</strong></span> <span class='ocrx_word' id='word_1_96' title='bbox 1207 1488 1221 1512; x_wconf 92' lang='lat'><strong>,</strong></span> <span class='ocrx_word' id='word_1_97' title='bbox 1244 1462 1378 1503; x_wconf 86' lang='lat' dir='ltr'><strong>cum</strong></span> <span class='ocrx_word' id='word_1_98' title='bbox 1412 1452 1479 1504; x_wconf 91' lang='lat' dir='ltr'><strong>de</strong></span> <span class='ocrx_word' id='word_1_99' title='bbox 1517 1450 1598 1504; x_wconf 87' lang='lat' dir='ltr'><strong>sui</strong></span> <span class='ocrx_word' id='word_1_100' title='bbox 1624 1449 1840 1518; x_wconf 78' lang='lat' dir='ltr'><strong>generis</strong></span> 
     </span>
    </p>
   </div>
   <div class='ocr_carea' id='block_1_16' title="bbox 253 1532 1843 1606">
    <p class='ocr_par' dir='ltr' id='par_1_16' title="bbox 253 1532 1843 1606">
     <span class='ocr_line' id='line_1_16' title="bbox 253 1532 1843 1606; baseline 0.006 -19"><span class='ocrx_word' id='word_1_101' title='bbox 253 1532 567 1599; x_wconf 84' lang='lat' dir='ltr'><strong>nobilitate,</strong></span> <span class='ocrx_word' id='word_1_102' title='bbox 595 1537 915 1606; x_wconf 86' lang='lat' dir='ltr'><strong>magnisque</strong></span> <span class='ocrx_word' id='word_1_103' title='bbox 950 1548 1003 1592; x_wconf 90' lang='lat' dir='ltr'><strong>et</strong></span> <span class='ocrx_word' id='word_1_104' title='bbox 1030 1539 1223 1594; x_wconf 86' lang='lat' dir='ltr'><strong>multis</strong></span> <span class='ocrx_word' id='word_1_105' title='bbox 1262 1555 1444 1594; x_wconf 89' lang='lat' dir='ltr'><strong>rerum</strong></span> <span class='ocrx_word' id='word_1_106' title='bbox 1486 1540 1721 1596; x_wconf 77' lang='lat' dir='ltr'><strong>fortunis</strong></span> <span class='ocrx_word' id='word_1_107' title='bbox 1761 1542 1843 1597; x_wconf 84' lang='lat' dir='ltr'><strong>ni-</strong></span> 
     </span>
    </p>
   </div>
   <div class='ocr_carea' id='block_1_17' title="bbox 254 1622 1839 1701">
    <p class='ocr_par' dir='ltr' id='par_1_17' title="bbox 254 1622 1839 1701">
     <span class='ocr_line' id='line_1_17' title="bbox 254 1622 1839 1701; baseline 0.005 -22"><span class='ocrx_word' id='word_1_108' title='bbox 254 1622 335 1679; x_wconf 88' lang='lat' dir='ltr'><strong>hil</strong></span> <span class='ocrx_word' id='word_1_109' title='bbox 353 1622 897 1695; x_wconf 86' lang='lat' dir='ltr'><strong>planememinissel,</strong></span> <span class='ocrx_word' id='word_1_110' title='bbox 937 1644 1001 1683; x_wconf 87' lang='lat' dir='ltr'><strong>ac</strong></span> <span class='ocrx_word' id='word_1_111' title='bbox 1029 1646 1095 1684; x_wconf 91' lang='lat' dir='ltr'><strong>ne</strong></span> <span class='ocrx_word' id='word_1_112' title='bbox 1123 1631 1294 1686; x_wconf 79' lang='lat' dir='ltr'><strong>verbo</strong></span> <span class='ocrx_word' id='word_1_113' title='bbox 1322 1632 1563 1701; x_wconf 84' lang='lat' dir='ltr'><strong>quidem,</strong></span> <span class='ocrx_word' id='word_1_114' title='bbox 1599 1631 1741 1700; x_wconf 88' lang='lat' dir='ltr'><strong>quod</strong></span> <span class='ocrx_word' id='word_1_115' title='bbox 1771 1632 1839 1687; x_wconf 90' lang='lat' dir='ltr'><strong>ad</strong></span> 
     </span>
    </p>
   </div>
   <div class='ocr_carea' id='block_1_18' title="bbox 257 1715 1839 1792">
    <p class='ocr_par' dir='ltr' id='par_1_18' title="bbox 257 1715 1839 1792">
     <span class='ocr_line' id='line_1_18' title="bbox 257 1715 1839 1792; baseline 0.01 -30"><span class='ocrx_word' id='word_1_116' title='bbox 257 1724 343 1763; x_wconf 84' lang='lat' dir='ltr'><strong>res</strong></span> <span class='ocrx_word' id='word_1_117' title='bbox 367 1727 498 1767; x_wconf 87' lang='lat' dir='ltr'><strong>suas</strong></span> <span class='ocrx_word' id='word_1_118' title='bbox 521 1715 841 1782; x_wconf 88' lang='lat' dir='ltr'><strong>pertineret,</strong></span> <span class='ocrx_word' id='word_1_119' title='bbox 891 1719 1123 1787; x_wconf 85' lang='lat' dir='ltr'><strong>prolato,</strong></span> <span class='ocrx_word' id='word_1_120' title='bbox 1168 1722 1261 1776; x_wconf 90' lang='lat' dir='ltr'><strong>sed</strong></span> <span class='ocrx_word' id='word_1_121' title='bbox 1302 1722 1534 1790; x_wconf 89' lang='lat' dir='ltr'><strong>simplici</strong></span> <span class='ocrx_word' id='word_1_122' title='bbox 1563 1722 1839 1792; x_wconf 76' lang='lat' dir='ltr'><strong>expedito-</strong></span> 
     </span>
    </p>
   </div>
   <div class='ocr_carea' id='block_1_19' title="bbox 256 1811 1843 1880">
    <p class='ocr_par' dir='ltr' id='par_1_19' title="bbox 256 1811 1843 1880">
     <span class='ocr_line' id='line_1_19' title="bbox 256 1811 1843 1880; baseline 0.009 -26"><span class='ocrx_word' id='word_1_123' title='bbox 256 1815 361 1870; x_wconf 74' lang='lat' dir='ltr'><strong>que</strong></span> <span class='ocrx_word' id='word_1_124' title='bbox 404 1819 596 1873; x_wconf 86' lang='lat' dir='ltr'><strong>gressu</strong></span> <span class='ocrx_word' id='word_1_125' title='bbox 643 1811 1014 1876; x_wconf 81' lang='lat' dir='ltr'><strong>praecurrebat</strong></span> <span class='ocrx_word' id='word_1_126' title='bbox 1036 1825 1168 1874; x_wconf 85' lang='lat' dir='ltr'><strong>eos.</strong></span> <span class='ocrx_word' id='word_1_127' title='bbox 1198 1812 1290 1880; x_wconf 87' lang='lat' dir='ltr'><strong>qui</strong></span> <span class='ocrx_word' id='word_1_128' title='bbox 1332 1826 1463 1866; x_wconf 85' lang='lat' dir='ltr'><strong>eam</strong></span> <span class='ocrx_word' id='word_1_129' title='bbox 1514 1814 1786 1868; x_wconf 88' lang='lat' dir='ltr'><strong>ducebant</strong></span> <span class='ocrx_word' id='word_1_130' title='bbox 1820 1831 1843 1869; x_wconf 67' lang='grc' dir='ltr'>ζ</span> 
     </span>
    </p>
   </div>
   <div class='ocr_carea' id='block_1_20' title="bbox 1937 516 3521 580">
    <p class='ocr_par' dir='ltr' id='par_1_20' title="bbox 1937 516 3521 580">
     <span class='ocr_line' id='line_1_20' title="bbox 1937 516 3521 580; baseline -0.001 -10"><span class='ocrx_word' id='word_1_131' title='bbox 1937 518 2040 571; x_wconf 88' lang='lat' dir='ltr'><strong>rim</strong></span> <span class='ocrx_word' id='word_1_132' title='bbox 2069 532 2174 571; x_wconf 88' lang='lat' dir='ltr'><strong>non</strong></span> <span class='ocrx_word' id='word_1_133' title='bbox 2200 517 2616 579; x_wconf 88' lang='lat' dir='ltr'><strong>animadvertis,</strong></span> <span class='ocrx_word' id='word_1_134' title='bbox 2670 530 2704 570; x_wconf 89' lang='grc' dir='ltr'><strong>ο</strong></span> <span class='ocrx_word' id='word_1_135' title='bbox 2749 523 3061 580; x_wconf 79' lang='lat' dir='ltr'><strong>veterator,</strong></span> <span class='ocrx_word' id='word_1_136' title='bbox 3109 516 3211 568; x_wconf 87' lang='lat' dir='ltr'><strong>sub</strong></span> <span class='ocrx_word' id='word_1_137' title='bbox 3257 516 3521 569; x_wconf 78' lang='lat' dir='ltr'><strong>amatoris</strong></span> 
     </span>
    </p>
   </div>
   <div class='ocr_carea' id='block_1_21' title="bbox 1939 605 3520 674">
    <p class='ocr_par' dir='ltr' id='par_1_21' title="bbox 1939 605 3520 674">
     <span class='ocr_line' id='line_1_21' title="bbox 1939 605 3520 674; baseline -0.001 -12"><span class='ocrx_word' id='word_1_138' title='bbox 1939 609 2043 663; x_wconf 90' lang='lat' dir='ltr'><strong>mei</strong></span> <span class='ocrx_word' id='word_1_139' title='bbox 2067 610 2259 662; x_wconf 88' lang='lat' dir='ltr'><strong>umbra</strong></span> <span class='ocrx_word' id='word_1_140' title='bbox 2282 609 2666 672; x_wconf 89' lang='lat' dir='ltr'><strong>dormientem,</strong></span> <span class='ocrx_word' id='word_1_141' title='bbox 2696 616 2751 661; x_wconf 90' lang='lat' dir='ltr'><strong>et</strong></span> <span class='ocrx_word' id='word_1_142' title='bbox 2784 607 2888 661; x_wconf 87' lang='lat' dir='ltr'><strong>sub</strong></span> <span class='ocrx_word' id='word_1_143' title='bbox 2924 611 3242 660; x_wconf 79' lang='lat' dir='ltr'><strong>certaminis</strong></span> <span class='ocrx_word' id='word_1_144' title='bbox 3266 605 3520 674; x_wconf 69' lang='lat' dir='ltr'><strong>praemio-</strong></span> 
     </span>
    </p>
   </div>
   <div class='ocr_carea' id='block_1_22' title="bbox 1937 696 3519 768">
    <p class='ocr_par' dir='ltr' id='par_1_22' title="bbox 1937 696 3519 768">
     <span class='ocr_line' id='line_1_22' title="bbox 1937 696 3519 768; baseline -0.001 -15"><span class='ocrx_word' id='word_1_145' title='bbox 1937 713 2168 768; x_wconf 88' lang='lat' dir='ltr'><strong>rumque</strong></span> <span class='ocrx_word' id='word_1_146' title='bbox 2205 698 2412 755; x_wconf 82' lang='lat' dir='ltr'><strong>arbitro</strong></span> <span class='ocrx_word' id='word_1_147' title='bbox 2433 698 2651 753; x_wconf 84' lang='lat' dir='ltr'><strong>Christo</strong></span> <span class='ocrx_word' id='word_1_148' title='bbox 2676 697 2909 753; x_wconf 84' lang='lat' dir='ltr'><strong>viriliter</strong></span> <span class='ocrx_word' id='word_1_149' title='bbox 2935 699 3335 761; x_wconf 75' lang='lat' dir='ltr'><strong>decertantem,</strong></span> <span class='ocrx_word' id='word_1_150' title='bbox 3370 696 3519 751; x_wconf 79' lang='lat' dir='ltr'><strong>ideo-</strong></span> 
     </span>
    </p>
   </div>
   <div class='ocr_carea' id='block_1_23' title="bbox 1936 788 3518 860">
    <p class='ocr_par' dir='ltr' id='par_1_23' title="bbox 1936 788 3518 860">
     <span class='ocr_line' id='line_1_23' title="bbox 1936 788 3518 860; baseline -0.001 -17"><span class='ocrx_word' id='word_1_151' title='bbox 1936 804 2042 858; x_wconf 93' lang='lat' dir='ltr'><strong>que</strong></span> <span class='ocrx_word' id='word_1_152' title='bbox 2065 805 2186 859; x_wconf 70' lang='lat' dir='ltr'><strong>qua:</strong></span> <span class='ocrx_word' id='word_1_153' title='bbox 2213 790 2469 860; x_wconf 78' lang='lat' dir='ltr'><strong>Magister</strong></span> <span class='ocrx_word' id='word_1_154' title='bbox 2508 805 2662 845; x_wconf 87' lang='lat' dir='ltr'><strong>meus</strong></span> <span class='ocrx_word' id='word_1_155' title='bbox 2686 788 2870 843; x_wconf 89' lang='lat' dir='ltr'><strong>docuit</strong></span> <span class='ocrx_word' id='word_1_156' title='bbox 2911 796 3281 852; x_wconf 81' lang='lat' dir='ltr'><strong>exercentem,</strong></span> <span class='ocrx_word' id='word_1_157' title='bbox 3325 796 3377 840; x_wconf 92' lang='lat' dir='ltr'><strong>et</strong></span> <span class='ocrx_word' id='word_1_158' title='bbox 3418 801 3518 853; x_wconf 93' lang='lat' dir='ltr'><strong>pro</strong></span> 
     </span>
    </p>
   </div>
   <div class='ocr_carea' id='block_1_24' title="bbox 1936 875 3518 948">
    <p class='ocr_par' dir='ltr' id='par_1_24' title="bbox 1936 875 3518 948">
     <span class='ocr_line' id='line_1_24' title="bbox 1936 875 3518 948; baseline -0.001 -18"><span class='ocrx_word' id='word_1_159' title='bbox 1936 878 2142 933; x_wconf 85' lang='lat' dir='ltr'><strong>viribus</strong></span> <span class='ocrx_word' id='word_1_160' title='bbox 2171 879 2516 948; x_wconf 79' lang='lat' dir='ltr'><strong>expleturam</strong></span> <span class='ocrx_word' id='word_1_161' title='bbox 2563 880 2744 947; x_wconf 83' lang='lat' dir='ltr'><strong>reipsa</strong></span> <span class='ocrx_word' id='word_1_162' title='bbox 2787 888 3127 947; x_wconf 85' lang='lat' dir='ltr'><strong>sperantem.</strong></span> <span class='ocrx_word' id='word_1_163' title='bbox 3169 875 3518 930; x_wconf 79' lang='lat' dir='ltr'><strong>Providebam</strong></span> 
     </span>
    </p>
   </div>
   <div class='ocr_carea' id='block_1_25' title="bbox 1938 971 3513 1040">
    <p class='ocr_par' dir='ltr' id='par_1_25' title="bbox 1938 971 3513 1040">
     <span class='ocr_line' id='line_1_25' title="bbox 1938 971 3513 1040; baseline -0.001 -16"><span class='ocrx_word' id='word_1_164' title='bbox 1938 971 2082 1025; x_wconf 87' lang='lat' dir='ltr'><strong>enim</strong></span> <span class='ocrx_word' id='word_1_165' title='bbox 2127 971 2413 1027; x_wconf 77' lang='lat' dir='ltr'><strong>Dominum</strong></span> <span class='ocrx_word' id='word_1_166' title='bbox 2463 988 2638 1027; x_wconf 80' lang='lat' dir='ltr'><strong>meum</strong></span> <span class='ocrx_word' id='word_1_167' title='bbox 2686 973 2744 1026; x_wconf 78' lang='lat' dir='ltr'><strong>in</strong></span> <span class='ocrx_word' id='word_1_168' title='bbox 2794 979 3078 1040; x_wconf 78' lang='lat' dir='ltr'><strong>conspectu</strong></span> <span class='ocrx_word' id='word_1_169' title='bbox 3138 985 3255 1023; x_wconf 79' lang='lat' dir='ltr'><strong>meo</strong></span> <span class='ocrx_word' id='word_1_170' title='bbox 3289 985 3513 1039; x_wconf 78' lang='lat' dir='ltr'><strong>semper,</strong></span> 
     </span>
    </p>
   </div>
   <div class='ocr_carea' id='block_1_26' title="bbox 1936 1061 3232 1132">
    <p class='ocr_par' dir='ltr' id='par_1_26' title="bbox 1936 1061 3232 1132">
     <span class='ocr_line' id='line_1_26' title="bbox 1936 1061 3232 1132; baseline -0.002 -16"><span class='ocrx_word' id='word_1_171' title='bbox 1936 1062 2185 1132; x_wconf 74' lang='lat' dir='ltr'><strong>quoniam</strong></span> <span class='ocrx_word' id='word_1_172' title='bbox 2213 1080 2246 1116; x_wconf 87' lang='lat' dir='ltr'><strong>a</strong></span> <span class='ocrx_word' id='word_1_173' title='bbox 2271 1063 2622 1121; x_wconf 68' lang='lat' dir='ltr'><strong>dextrismihi</strong></span> <span class='ocrx_word' id='word_1_174' title='bbox 2640 1072 2715 1117; x_wconf 82' lang='lat' dir='ltr'><strong>est</strong></span> <span class='ocrx_word' id='word_1_175' title='bbox 2744 1078 2809 1117; x_wconf 75' lang='lat' dir='ltr'><strong>ne</strong></span> <span class='ocrx_word' id='word_1_176' title='bbox 2829 1070 3160 1117; x_wconf 75' lang='lat' dir='ltr'><strong>commoveor</strong></span> <span class='ocrx_word' id='word_1_177' title='bbox 3191 1061 3232 1114; x_wconf 83' lang='grc'><strong>⁷.</strong></span> 
     </span>
    </p>
   </div>
   <div class='ocr_carea' id='block_1_27' title="bbox 2010 1169 3516 1246">
    <p class='ocr_par' dir='ltr' id='par_1_27' title="bbox 2010 1169 3516 1246">
     <span class='ocr_line' id='line_1_27' title="bbox 2010 1169 3516 1246; baseline -0.001 -24"><span class='ocrx_word' id='word_1_178' title='bbox 2010 1170 2099 1224; x_wconf 80' lang='grc'><strong>10.</strong></span> <span class='ocrx_word' id='word_1_179' title='bbox 2134 1169 2287 1225; x_wconf 80' lang='lat' dir='ltr'><strong>Talia</strong></span> <span class='ocrx_word' id='word_1_180' title='bbox 2328 1170 2563 1246; x_wconf 82' lang='lat' dir='ltr'><strong>dicentis</strong></span> <span class='ocrx_word' id='word_1_181' title='bbox 2589 1170 2821 1240; x_wconf 81' lang='lat' dir='ltr'><strong>contigit</strong></span> <span class='ocrx_word' id='word_1_182' title='bbox 2854 1178 2911 1223; x_wconf 91' lang='lat' dir='ltr'><strong>ut</strong></span> <span class='ocrx_word' id='word_1_183' title='bbox 2946 1170 3000 1223; x_wconf 90' lang='lat' dir='ltr'><strong>in</strong></span> <span class='ocrx_word' id='word_1_184' title='bbox 3039 1169 3153 1237; x_wconf 88' lang='lat' dir='ltr'><strong>ipsa</strong></span> <span class='ocrx_word' id='word_1_185' title='bbox 3203 1181 3396 1224; x_wconf 87' lang='lat' dir='ltr'><strong>cursus</strong></span> <span class='ocrx_word' id='word_1_186' title='bbox 3421 1180 3516 1220; x_wconf 86' lang='lat' dir='ltr'><strong>ce-</strong></span> 
     </span>
    </p>
   </div>
   <div class='ocr_carea' id='block_1_28' title="bbox 1939 1255 3521 1329">
    <p class='ocr_par' dir='ltr' id='par_1_28' title="bbox 1939 1255 3521 1329">
     <span class='ocr_line' id='line_1_28' title="bbox 1939 1255 3521 1329; baseline -0.004 -15"><span class='ocrx_word' id='word_1_187' title='bbox 1939 1259 2155 1314; x_wconf 88' lang='lat' dir='ltr'><strong>leritate</strong></span> <span class='ocrx_word' id='word_1_188' title='bbox 2188 1259 2545 1315; x_wconf 72' lang='lat' dir='ltr'><strong>calceamenti</strong></span> <span class='ocrx_word' id='word_1_189' title='bbox 2585 1260 2832 1329; x_wconf 76' lang='lat' dir='ltr'><strong>currigia</strong></span> <span class='ocrx_word' id='word_1_190' title='bbox 2864 1259 3189 1314; x_wconf 82' lang='lat' dir='ltr'><strong>solveretur.</strong></span> <span class='ocrx_word' id='word_1_191' title='bbox 3246 1255 3521 1310; x_wconf 87' lang='lat' dir='ltr'><strong>Sedulita-</strong></span> 
     </span>
    </p>
   </div>
   <div class='ocr_carea' id='block_1_29' title="bbox 1941 1346 3518 1417">
    <p class='ocr_par' dir='ltr' id='par_1_29' title="bbox 1941 1346 3518 1417">
     <span class='ocr_line' id='line_1_29' title="bbox 1941 1346 3518 1417; baseline -0.004 -14"><span class='ocrx_word' id='word_1_192' title='bbox 1941 1358 2045 1403; x_wconf 90' lang='lat' dir='ltr'><strong>tem</strong></span> <span class='ocrx_word' id='word_1_193' title='bbox 2089 1358 2268 1403; x_wconf 88' lang='lat' dir='ltr'><strong>autem</strong></span> <span class='ocrx_word' id='word_1_194' title='bbox 2306 1349 2470 1404; x_wconf 90' lang='lat' dir='ltr'><strong>etiam</strong></span> <span class='ocrx_word' id='word_1_195' title='bbox 2507 1364 2629 1403; x_wconf 86' lang='lat' dir='ltr'><strong>cum</strong></span> <span class='ocrx_word' id='word_1_196' title='bbox 2676 1348 2823 1402; x_wconf 85' lang='lat' dir='ltr'><strong>illam</strong></span> <span class='ocrx_word' id='word_1_197' title='bbox 2855 1347 3117 1417; x_wconf 79' lang='lat' dir='ltr'><strong>colligare</strong></span> <span class='ocrx_word' id='word_1_198' title='bbox 3157 1346 3337 1410; x_wconf 79' lang='lat' dir='ltr'><strong>vellet,</strong></span> <span class='ocrx_word' id='word_1_199' title='bbox 3398 1359 3518 1398; x_wconf 84' lang='lat' dir='ltr'><strong>ma-</strong></span> 
     </span>
    </p>
   </div>
   <div class='ocr_carea' id='block_1_30' title="bbox 1940 1436 3521 1503">
    <p class='ocr_par' dir='ltr' id='par_1_30' title="bbox 1940 1436 3521 1503">
     <span class='ocr_line' id='line_1_30' title="bbox 1940 1436 3521 1503; baseline -0.004 -10"><span class='ocrx_word' id='word_1_200' title='bbox 1940 1441 2087 1494; x_wconf 80' lang='lat' dir='ltr'><strong>xime</strong></span> <span class='ocrx_word' id='word_1_201' title='bbox 2107 1439 2346 1493; x_wconf 84' lang='lat' dir='ltr'><strong>ostendit</strong></span> <span class='ocrx_word' id='word_1_202' title='bbox 2377 1439 2754 1503; x_wconf 85' lang='lat' dir='ltr'><strong>masculinam,</strong></span> <span class='ocrx_word' id='word_1_203' title='bbox 2784 1448 2838 1492; x_wconf 89' lang='lat' dir='ltr'><strong>et</strong></span> <span class='ocrx_word' id='word_1_204' title='bbox 2873 1452 3161 1502; x_wconf 80' lang='lat' dir='ltr'><strong>conversa,</strong></span> <span class='ocrx_word' id='word_1_205' title='bbox 3180 1446 3233 1491; x_wconf 85' lang='lat' dir='ltr'><strong>et</strong></span> <span class='ocrx_word' id='word_1_206' title='bbox 3257 1436 3521 1490; x_wconf 84' lang='lat' dir='ltr'><strong>comitan-</strong></span> 
     </span>
    </p>
   </div>
   <div class='ocr_carea' id='block_1_31' title="bbox 1943 1525 3521 1598">
    <p class='ocr_par' dir='ltr' id='par_1_31' title="bbox 1943 1525 3521 1598">
     <span class='ocr_line' id='line_1_31' title="bbox 1943 1525 3521 1598; baseline -0.005 -13"><span class='ocrx_word' id='word_1_207' title='bbox 1943 1531 2075 1585; x_wconf 87' lang='lat' dir='ltr'><strong>tium</strong></span> <span class='ocrx_word' id='word_1_208' title='bbox 2113 1529 2336 1583; x_wconf 85' lang='lat' dir='ltr'><strong>omnino</strong></span> <span class='ocrx_word' id='word_1_209' title='bbox 2360 1529 2636 1584; x_wconf 85' lang='lat' dir='ltr'><strong>neminem</strong></span> <span class='ocrx_word' id='word_1_210' title='bbox 2674 1526 2899 1594; x_wconf 73' lang='lat' dir='ltr'><strong>intuiia,</strong></span> <span class='ocrx_word' id='word_1_211' title='bbox 2929 1542 3118 1598; x_wconf 85' lang='lat' dir='ltr'><strong>preces</strong></span> <span class='ocrx_word' id='word_1_212' title='bbox 3140 1527 3354 1596; x_wconf 83' lang='lat' dir='ltr'><strong>quidem</strong></span> <span class='ocrx_word' id='word_1_213' title='bbox 3383 1525 3521 1579; x_wconf 81' lang='lat' dir='ltr'><strong>fudit</strong></span> 
     </span>
    </p>
   </div>
   <div class='ocr_carea' id='block_1_32' title="bbox 1940 1617 3521 1691">
    <p class='ocr_par' dir='ltr' id='par_1_32' title="bbox 1940 1617 3521 1691">
     <span class='ocr_line' id='line_1_32' title="bbox 1940 1617 3521 1691; baseline -0.004 -15"><span class='ocrx_word' id='word_1_214' title='bbox 1940 1621 2230 1691; x_wconf 82' lang='lat' dir='ltr'><strong>Opitulanti</strong></span> <span class='ocrx_word' id='word_1_215' title='bbox 2261 1623 2370 1676; x_wconf 88' lang='lat' dir='ltr'><strong>Deo</strong></span> <span class='ocrx_word' id='word_1_216' title='bbox 2404 1639 2417 1675; x_wconf 91' lang='lat'>:</span> <span class='ocrx_word' id='word_1_217' title='bbox 2455 1622 2681 1676; x_wconf 89' lang='lat' dir='ltr'><strong>Domine</strong></span> <span class='ocrx_word' id='word_1_218' title='bbox 2712 1621 3080 1689; x_wconf 90' lang='lat' dir='ltr'><strong>omnipotens,</strong></span> <span class='ocrx_word' id='word_1_219' title='bbox 3113 1618 3203 1689; x_wconf 88' lang='lat' dir='ltr'><strong>qui</strong></span> <span class='ocrx_word' id='word_1_220' title='bbox 3230 1632 3334 1671; x_wconf 91' lang='lat' dir='ltr'><strong>non</strong></span> <span class='ocrx_word' id='word_1_221' title='bbox 3365 1617 3521 1671; x_wconf 88' lang='lat' dir='ltr'><strong>dese-</strong></span> 
     </span>
    </p>
   </div>
   <div class='ocr_carea' id='block_1_33' title="bbox 1942 1711 3520 1781">
    <p class='ocr_par' dir='ltr' id='par_1_33' title="bbox 1942 1711 3520 1781">
     <span class='ocr_line' id='line_1_33' title="bbox 1942 1711 3520 1781; baseline -0.003 -13"><span class='ocrx_word' id='word_1_222' title='bbox 1942 1715 2018 1768; x_wconf 75' lang='lat' dir='ltr'><strong>ris</strong></span> <span class='ocrx_word' id='word_1_223' title='bbox 2043 1725 2094 1767; x_wconf 87' lang='lat' dir='ltr'><strong>te</strong></span> <span class='ocrx_word' id='word_1_224' title='bbox 2123 1723 2391 1776; x_wconf 82' lang='lat' dir='ltr'><strong>amantes,</strong></span> <span class='ocrx_word' id='word_1_225' title='bbox 2421 1723 2477 1768; x_wconf 95' lang='lat' dir='ltr'><strong>et</strong></span> <span class='ocrx_word' id='word_1_226' title='bbox 2509 1714 2565 1767; x_wconf 88' lang='lat' dir='ltr'><strong>in</strong></span> <span class='ocrx_word' id='word_1_227' title='bbox 2599 1722 2650 1767; x_wconf 90' lang='lat' dir='ltr'><strong>te</strong></span> <span class='ocrx_word' id='word_1_228' title='bbox 2684 1727 2809 1781; x_wconf 88' lang='lat' dir='ltr'><strong>spes</strong></span> <span class='ocrx_word' id='word_1_229' title='bbox 2843 1726 2972 1767; x_wconf 88' lang='lat' dir='ltr'><strong>suas</strong></span> <span class='ocrx_word' id='word_1_230' title='bbox 2999 1711 3357 1773; x_wconf 81' lang='lat' dir='ltr'><strong>collocantes,</strong></span> <span class='ocrx_word' id='word_1_231' title='bbox 3397 1716 3520 1763; x_wconf 86' lang='lat' dir='ltr'><strong>esto</strong></span> 
     </span>
    </p>
   </div>
   <div class='ocr_carea' id='block_1_34' title="bbox 1901 1799 3527 1872">
    <p class='ocr_par' dir='ltr' id='par_1_34' title="bbox 1901 1799 3527 1872">
     <span class='ocr_line' id='line_1_34' title="bbox 1901 1799 3527 1872; baseline -0.004 -14"><span class='ocrx_word' id='word_1_232' title='bbox 1901 1799 1914 1841; x_wconf 72' lang='grc'><strong>⁵</strong></span> <span class='ocrx_word' id='word_1_233' title='bbox 1942 1805 2158 1872; x_wconf 71' lang='lat' dir='ltr'><strong>adjtuor</strong></span> <span class='ocrx_word' id='word_1_234' title='bbox 2180 1819 2337 1860; x_wconf 87' lang='lat' dir='ltr'><strong>meus</strong></span> <span class='ocrx_word' id='word_1_235' title='bbox 2371 1804 2429 1860; x_wconf 86' lang='lat' dir='ltr'><strong>in</strong></span> <span class='ocrx_word' id='word_1_236' title='bbox 2449 1805 2619 1858; x_wconf 89' lang='lat' dir='ltr'><strong>altero</strong></span> <span class='ocrx_word' id='word_1_237' title='bbox 2644 1803 2970 1867; x_wconf 85' lang='lat' dir='ltr'><strong>certamine,</strong></span> <span class='ocrx_word' id='word_1_238' title='bbox 3007 1802 3153 1872; x_wconf 87' lang='lat' dir='ltr'><strong>quod</strong></span> <span class='ocrx_word' id='word_1_239' title='bbox 3179 1801 3309 1855; x_wconf 88' lang='lat' dir='ltr'><strong>mihi</strong></span> <span class='ocrx_word' id='word_1_240' title='bbox 3333 1799 3527 1870; x_wconf 89' lang='lat' dir='ltr'><strong>parari-</strong></span> 
     </span>
    </p>
   </div>
   <div class='ocr_carea' id='block_1_35' title="bbox 258 1892 3522 1973">
    <p class='ocr_par' dir='ltr' id='par_1_35' title="bbox 258 1892 3522 1973">
     <span class='ocr_line' id='line_1_35' title="bbox 258 1892 3522 1973; baseline -0.003 -21"><span class='ocrx_word' id='word_1_241' title='bbox 258 1892 329 1945; x_wconf 76' lang='lat' dir='ltr'><strong>ila</strong></span> <span class='ocrx_word' id='word_1_242' title='bbox 370 1904 430 1951; x_wconf 79' lang='lat' dir='ltr'><strong>nt</strong></span> <span class='ocrx_word' id='word_1_243' title='bbox 487 1894 588 1949; x_wconf 88' lang='lat' dir='ltr'><strong>hos</strong></span> <span class='ocrx_word' id='word_1_244' title='bbox 633 1897 850 1965; x_wconf 87' lang='lat' dir='ltr'><strong>quidem</strong></span> <span class='ocrx_word' id='word_1_245' title='bbox 906 1902 1043 1954; x_wconf 85' lang='lat' dir='ltr'><strong>trahi</strong></span> <span class='ocrx_word' id='word_1_246' title='bbox 1086 1902 1264 1969; x_wconf 86' lang='lat' dir='ltr'><strong>potius</strong></span> <span class='ocrx_word' id='word_1_247' title='bbox 1297 1901 1369 1957; x_wconf 88' lang='lat' dir='ltr'><strong>ab</strong></span> <span class='ocrx_word' id='word_1_248' title='bbox 1395 1902 1642 1969; x_wconf 74' lang='lat' dir='ltr'><strong>Agatha,</strong></span> <span class='ocrx_word' id='word_1_249' title='bbox 1676 1918 1844 1973; x_wconf 86' lang='lat' dir='ltr'><strong>quam</strong></span> <span class='ocrx_word' id='word_1_250' title='bbox 1936 1899 2049 1969; x_wconf 77' lang='lat' dir='ltr'><strong>jam</strong></span> <span class='ocrx_word' id='word_1_251' title='bbox 2085 1898 2259 1961; x_wconf 89' lang='lat' dir='ltr'><strong>video,</strong></span> <span class='ocrx_word' id='word_1_252' title='bbox 2290 1910 2344 1951; x_wconf 88' lang='lat' dir='ltr'><strong>et</strong></span> <span class='ocrx_word' id='word_1_253' title='bbox 2373 1898 2440 1950; x_wconf 91' lang='lat' dir='ltr'><strong>ad</strong></span> <span class='ocrx_word' id='word_1_254' title='bbox 2467 1896 2610 1966; x_wconf 90' lang='lat' dir='ltr'><strong>quod</strong></span> <span class='ocrx_word' id='word_1_255' title='bbox 2644 1896 2926 1965; x_wconf 85' lang='lat' dir='ltr'><strong>accingor,</strong></span> <span class='ocrx_word' id='word_1_256' title='bbox 2984 1895 3159 1965; x_wconf 87' lang='lat' dir='ltr'><strong>gratia</strong></span> <span class='ocrx_word' id='word_1_257' title='bbox 3202 1903 3293 1946; x_wconf 85' lang='lat' dir='ltr'><strong>tua</strong></span> <span class='ocrx_word' id='word_1_258' title='bbox 3335 1893 3522 1960; x_wconf 78' lang='lat' dir='ltr'><strong>cpitu-</strong></span> 
     </span>
    </p>
   </div>
   <div class='ocr_carea' id='block_1_36' title="bbox 259 1983 1837 2066">
    <p class='ocr_par' dir='ltr' id='par_1_36' title="bbox 259 1983 1837 2066">
     <span class='ocr_line' id='line_1_36' title="bbox 259 1983 1837 2066; baseline 0.009 -30"><span class='ocrx_word' id='word_1_259' title='bbox 259 1983 531 2052; x_wconf 75' lang='lat' dir='ltr'><strong>Agatham</strong></span> <span class='ocrx_word' id='word_1_260' title='bbox 562 1986 650 2041; x_wconf 76' lang='lat' dir='ltr'><strong>ab</strong></span> <span class='ocrx_word' id='word_1_261' title='bbox 691 1989 823 2056; x_wconf 86' lang='lat' dir='ltr'><strong>ipsis</strong></span> <span class='ocrx_word' id='word_1_262' title='bbox 857 1992 997 2046; x_wconf 88' lang='lat' dir='ltr'><strong>trahi</strong></span> <span class='ocrx_word' id='word_1_263' title='bbox 1046 1993 1293 2049; x_wconf 83' lang='lat' dir='ltr'><strong>viderent</strong></span> <span class='ocrx_word' id='word_1_264' title='bbox 1341 2003 1707 2062; x_wconf 85' lang='lat' dir='ltr'><strong>spectatores,</strong></span> <span class='ocrx_word' id='word_1_265' title='bbox 1745 1996 1837 2066; x_wconf 86' lang='lat' dir='ltr'><strong>qui</strong></span> 
     </span>
    </p>
   </div>
   <div class='ocr_carea' id='block_1_37' title="bbox 259 2077 1841 2154">
    <p class='ocr_par' dir='ltr' id='par_1_37' title="bbox 259 2077 1841 2154">
     <span class='ocr_line' id='line_1_37' title="bbox 259 2077 1841 2154; baseline 0.009 -27"><span class='ocrx_word' id='word_1_266' title='bbox 259 2077 344 2130; x_wconf 82' lang='lat' dir='ltr'><strong>vel</strong></span> <span class='ocrx_word' id='word_1_267' title='bbox 386 2077 509 2145; x_wconf 88' lang='lat' dir='ltr'><strong>ipsa</strong></span> <span class='ocrx_word' id='word_1_268' title='bbox 539 2079 825 2134; x_wconf 87' lang='lat' dir='ltr'><strong>oculorum</strong></span> <span class='ocrx_word' id='word_1_269' title='bbox 875 2083 993 2138; x_wconf 88' lang='lat' dir='ltr'><strong>acie</strong></span> <span class='ocrx_word' id='word_1_270' title='bbox 1040 2083 1184 2138; x_wconf 84' lang='lat' dir='ltr'><strong>illius</strong></span> <span class='ocrx_word' id='word_1_271' title='bbox 1219 2084 1554 2141; x_wconf 84' lang='lat' dir='ltr'><strong>celeritatem</strong></span> <span class='ocrx_word' id='word_1_272' title='bbox 1587 2087 1841 2154; x_wconf 89' lang='lat' dir='ltr'><strong>prosequi</strong></span> 
     </span>
    </p>
   </div>
   <div class='ocr_carea' id='block_1_38' title="bbox 262 2168 1844 2253">
    <p class='ocr_par' dir='ltr' id='par_1_38' title="bbox 262 2168 1844 2253">
     <span class='ocr_line' id='line_1_38' title="bbox 262 2168 1844 2253; baseline 0.006 -31"><span class='ocrx_word' id='word_1_273' title='bbox 262 2168 576 2236; x_wconf 88' lang='lat' dir='ltr'><strong>nequirent.</strong></span> <span class='ocrx_word' id='word_1_274' title='bbox 609 2170 787 2241; x_wconf 82' lang='lat' dir='ltr'><strong>Atque</strong></span> <span class='ocrx_word' id='word_1_275' title='bbox 830 2174 905 2237; x_wconf 89' lang='lat' dir='ltr'><strong>hi,</strong></span> <span class='ocrx_word' id='word_1_276' title='bbox 931 2175 1020 2243; x_wconf 84' lang='lat' dir='ltr'><strong>qui</strong></span> <span class='ocrx_word' id='word_1_277' title='bbox 1059 2175 1342 2242; x_wconf 84' lang='lat' dir='ltr'><strong>virginalis</strong></span> <span class='ocrx_word' id='word_1_278' title='bbox 1370 2176 1545 2253; x_wconf 72' lang='lat' dir='ltr'><strong>animi</strong></span> <span class='ocrx_word' id='word_1_279' title='bbox 1578 2177 1844 2247; x_wconf 80' lang='lat' dir='ltr'><strong>prompti-</strong></span> 
     </span>
    </p>
   </div>
   <div class='ocr_carea' id='block_1_39' title="bbox 262 2260 1843 2335">
    <p class='ocr_par' dir='ltr' id='par_1_39' title="bbox 262 2260 1843 2335">
     <span class='ocr_line' id='line_1_39' title="bbox 262 2260 1843 2335; baseline 0.004 -21"><span class='ocrx_word' id='word_1_280' title='bbox 262 2260 455 2328; x_wconf 84' lang='lat' dir='ltr'><strong>tudine</strong></span> <span class='ocrx_word' id='word_1_281' title='bbox 484 2262 724 2329; x_wconf 90' lang='lat' dir='ltr'><strong>erudiri,</strong></span> <span class='ocrx_word' id='word_1_282' title='bbox 753 2272 809 2317; x_wconf 88' lang='lat' dir='ltr'><strong>et</strong></span> <span class='ocrx_word' id='word_1_283' title='bbox 840 2265 908 2320; x_wconf 87' lang='lat' dir='ltr'><strong>ad</strong></span> <span class='ocrx_word' id='word_1_284' title='bbox 942 2266 1263 2335; x_wconf 80' lang='lat' dir='ltr'><strong>prudentem</strong></span> <span class='ocrx_word' id='word_1_285' title='bbox 1301 2267 1587 2322; x_wconf 89' lang='lat' dir='ltr'><strong>audaciam</strong></span> <span class='ocrx_word' id='word_1_286' title='bbox 1626 2268 1843 2323; x_wconf 83' lang='lat' dir='ltr'><strong>incitari</strong></span> 
     </span>
    </p>
   </div>
   <div class='ocr_carea' id='block_1_40' title="bbox 265 2347 1851 2423">
    <p class='ocr_par' dir='ltr' id='par_1_40' title="bbox 265 2347 1851 2423">
     <span class='ocr_line' id='line_1_40' title="bbox 265 2347 1851 2423; baseline 0.003 -20"><span class='ocrx_word' id='word_1_287' title='bbox 265 2347 582 2403; x_wconf 86' lang='lat' dir='ltr'><strong>debuissent</strong></span> <span class='ocrx_word' id='word_1_288' title='bbox 600 2350 667 2405; x_wconf 91' lang='lat' dir='ltr'><strong>ad</strong></span> <span class='ocrx_word' id='word_1_289' title='bbox 701 2360 930 2407; x_wconf 80' lang='lat' dir='ltr'><strong>mortem</strong></span> <span class='ocrx_word' id='word_1_290' title='bbox 962 2368 1061 2422; x_wconf 88' lang='lat' dir='ltr'><strong>pro</strong></span> <span class='ocrx_word' id='word_1_291' title='bbox 1110 2353 1311 2409; x_wconf 87' lang='lat' dir='ltr'><strong>virtute</strong></span> <span class='ocrx_word' id='word_1_292' title='bbox 1358 2355 1740 2423; x_wconf 86' lang='lat' dir='ltr'><strong>oppetendam,</strong></span> <span class='ocrx_word' id='word_1_293' title='bbox 1774 2362 1851 2408; x_wconf 81' lang='lat' dir='ltr'><strong>ta-</strong></span> 
     </span>
    </p>
   </div>
   <div class='ocr_carea' id='block_1_41' title="bbox 268 2443 1853 2511">
    <p class='ocr_par' dir='ltr' id='par_1_41' title="bbox 268 2443 1853 2511">
     <span class='ocr_line' id='line_1_41' title="bbox 268 2443 1853 2511; baseline 0.004 -18"><span class='ocrx_word' id='word_1_294' title='bbox 268 2453 392 2493; x_wconf 82' lang='lat' dir='ltr'><strong>men</strong></span> <span class='ocrx_word' id='word_1_295' title='bbox 431 2453 464 2493; x_wconf 92' lang='lat' dir='ltr'><strong>e</strong></span> <span class='ocrx_word' id='word_1_296' title='bbox 490 2443 790 2507; x_wconf 81' lang='lat' dir='ltr'><strong>contrario,</strong></span> <span class='ocrx_word' id='word_1_297' title='bbox 819 2458 917 2511; x_wconf 89' lang='lat' dir='ltr'><strong>per</strong></span> <span class='ocrx_word' id='word_1_298' title='bbox 962 2443 1201 2498; x_wconf 90' lang='lat' dir='ltr'><strong>innatam</strong></span> <span class='ocrx_word' id='word_1_299' title='bbox 1237 2444 1696 2509; x_wconf 87' lang='lat' dir='ltr'><strong>inconstantiam,</strong></span> <span class='ocrx_word' id='word_1_300' title='bbox 1727 2460 1853 2500; x_wconf 83' lang='lat' dir='ltr'><strong>cer-</strong></span> 
     </span>
    </p>
   </div>
   <div class='ocr_carea' id='block_1_42' title="bbox 268 2529 1851 2611">
    <p class='ocr_par' dir='ltr' id='par_1_42' title="bbox 268 2529 1851 2611">
     <span class='ocr_line' id='line_1_42' title="bbox 268 2529 1851 2611; baseline 0.008 -32"><span class='ocrx_word' id='word_1_301' title='bbox 268 2540 461 2590; x_wconf 74' lang='lat' dir='ltr'><strong>verum</strong></span> <span class='ocrx_word' id='word_1_302' title='bbox 499 2529 674 2585; x_wconf 87' lang='lat' dir='ltr'><strong>instar</strong></span> <span class='ocrx_word' id='word_1_303' title='bbox 699 2533 882 2588; x_wconf 90' lang='lat' dir='ltr'><strong>cordis</strong></span> <span class='ocrx_word' id='word_1_304' title='bbox 921 2533 1336 2611; x_wconf 83' lang='lat' dir='ltr'><strong>trepidationem</strong></span> <span class='ocrx_word' id='word_1_305' title='bbox 1364 2536 1580 2606; x_wconf 88' lang='lat' dir='ltr'><strong>penitus</strong></span> <span class='ocrx_word' id='word_1_306' title='bbox 1623 2536 1851 2605; x_wconf 83' lang='lat' dir='ltr'><strong>impres-</strong></span> 
     </span>
    </p>
   </div>
   <div class='ocr_carea' id='block_1_43' title="bbox 271 2620 1850 2695">
    <p class='ocr_par' dir='ltr' id='par_1_43' title="bbox 271 2620 1850 2695">
     <span class='ocr_line' id='line_1_43' title="bbox 271 2620 1850 2695; baseline 0.005 -20"><span class='ocrx_word' id='word_1_307' title='bbox 271 2634 385 2675; x_wconf 87' lang='lat' dir='ltr'><strong>sam</strong></span> <span class='ocrx_word' id='word_1_308' title='bbox 426 2620 710 2687; x_wconf 77' lang='lat' dir='ltr'><strong>foventes,</strong></span> <span class='ocrx_word' id='word_1_309' title='bbox 757 2623 929 2680; x_wconf 86' lang='lat' dir='ltr'><strong>veloci</strong></span> <span class='ocrx_word' id='word_1_310' title='bbox 976 2625 1289 2680; x_wconf 87' lang='lat' dir='ltr'><strong>reversione</strong></span> <span class='ocrx_word' id='word_1_311' title='bbox 1331 2627 1542 2682; x_wconf 87' lang='lat' dir='ltr'><strong>beatam</strong></span> <span class='ocrx_word' id='word_1_312' title='bbox 1583 2628 1850 2695; x_wconf 78' lang='lat' dir='ltr'><strong>virginem</strong></span> 
     </span>
    </p>
   </div>
   <div class='ocr_carea' id='block_1_44' title="bbox 270 2711 1853 2789">
    <p class='ocr_par' dir='ltr' id='par_1_44' title="bbox 270 2711 1853 2789">
     <span class='ocr_line' id='line_1_44' title="bbox 270 2711 1853 2789; baseline 0.004 -22"><span class='ocrx_word' id='word_1_313' title='bbox 270 2711 458 2768; x_wconf 80' lang='lat' dir='ltr'><strong>miseri</strong></span> <span class='ocrx_word' id='word_1_314' title='bbox 496 2711 854 2781; x_wconf 89' lang='lat' dir='ltr'><strong>reliquerunt.</strong></span> <span class='ocrx_word' id='word_1_315' title='bbox 882 2713 953 2769; x_wconf 80' lang='lat' dir='ltr'><strong>At</strong></span> <span class='ocrx_word' id='word_1_316' title='bbox 981 2715 1071 2769; x_wconf 87' lang='lat' dir='ltr'><strong>illa</strong></span> <span class='ocrx_word' id='word_1_317' title='bbox 1101 2714 1228 2771; x_wconf 91' lang='lat' dir='ltr'><strong>dum</strong></span> <span class='ocrx_word' id='word_1_318' title='bbox 1262 2717 1557 2782; x_wconf 86' lang='lat' dir='ltr'><strong>incederet,</strong></span> <span class='ocrx_word' id='word_1_319' title='bbox 1583 2718 1853 2789; x_wconf 75' lang='lat' dir='ltr'><strong>lacrymas</strong></span> 
     </span>
    </p>
   </div>
   <div class='ocr_carea' id='block_1_45' title="bbox 272 2803 1852 2878">
    <p class='ocr_par' dir='ltr' id='par_1_45' title="bbox 272 2803 1852 2878">
     <span class='ocr_line' id='line_1_45' title="bbox 272 2803 1852 2878; baseline 0.004 -21"><span class='ocrx_word' id='word_1_320' title='bbox 272 2803 511 2858; x_wconf 83' lang='lat' dir='ltr'><strong>ubertim</strong></span> <span class='ocrx_word' id='word_1_321' title='bbox 542 2804 898 2874; x_wconf 82' lang='lat' dir='ltr'><strong>proluudens,</strong></span> <span class='ocrx_word' id='word_1_322' title='bbox 933 2808 1005 2862; x_wconf 90' lang='lat' dir='ltr'><strong>ita</strong></span> <span class='ocrx_word' id='word_1_323' title='bbox 1035 2822 1218 2864; x_wconf 83' lang='lat' dir='ltr'><strong>secum</strong></span> <span class='ocrx_word' id='word_1_324' title='bbox 1265 2809 1332 2861; x_wconf 89' lang='lat' dir='ltr'><strong>ad</strong></span> <span class='ocrx_word' id='word_1_325' title='bbox 1372 2818 1563 2878; x_wconf 79' lang='lat' dir='ltr'><strong>prc‘ces</strong></span> <span class='ocrx_word' id='word_1_326' title='bbox 1587 2824 1852 2865; x_wconf 87' lang='lat' dir='ltr'><strong>conversa</strong></span> 
     </span>
    </p>
   </div>
   <div class='ocr_carea' id='block_1_46' title="bbox 273 2891 1852 2968">
    <p class='ocr_par' dir='ltr' id='par_1_46' title="bbox 273 2891 1852 2968">
     <span class='ocr_line' id='line_1_46' title="bbox 273 2891 1852 2968; baseline 0.005 -22"><span class='ocrx_word' id='word_1_327' title='bbox 273 2891 615 2962; x_wconf 83' lang='lat' dir='ltr'><strong>loquebatur,</strong></span> <span class='ocrx_word' id='word_1_328' title='bbox 660 2911 888 2967; x_wconf 89' lang='lat' dir='ltr'><strong>seseque</strong></span> <span class='ocrx_word' id='word_1_329' title='bbox 917 2898 985 2952; x_wconf 88' lang='lat' dir='ltr'><strong>ad</strong></span> <span class='ocrx_word' id='word_1_330' title='bbox 1033 2898 1293 2968; x_wconf 85' lang='lat' dir='ltr'><strong>majorem</strong></span> <span class='ocrx_word' id='word_1_331' title='bbox 1345 2900 1709 2954; x_wconf 86' lang='lat' dir='ltr'><strong>constantiam</strong></span> <span class='ocrx_word' id='word_1_332' title='bbox 1765 2901 1852 2954; x_wconf 87' lang='lat' dir='ltr'><strong>in-</strong></span> 
     </span>
    </p>
   </div>
   <div class='ocr_carea' id='block_1_47' title="bbox 276 2983 1853 3062">
    <p class='ocr_par' dir='ltr' id='par_1_47' title="bbox 276 2983 1853 3062">
     <span class='ocr_line' id='line_1_47' title="bbox 276 2983 1853 3062; baseline 0.004 -21"><span class='ocrx_word' id='word_1_333' title='bbox 276 2983 592 3042; x_wconf 82' lang='lat' dir='ltr'><strong>ﬂammabat</strong></span> <span class='ocrx_word' id='word_1_334' title='bbox 622 3006 636 3043; x_wconf 86' lang='lat'><strong>:</strong></span> <span class='ocrx_word' id='word_1_335' title='bbox 669 2988 906 3045; x_wconf 88' lang='lat' dir='ltr'><strong>Primutn</strong></span> <span class='ocrx_word' id='word_1_336' title='bbox 934 2985 1276 3061; x_wconf 32' lang='lat' dir='ltr'><strong>quidemero</strong></span> <span class='ocrx_word' id='word_1_337' title='bbox 1317 2991 1566 3061; x_wconf 87' lang='lat' dir='ltr'><strong>virginali</strong></span> <span class='ocrx_word' id='word_1_338' title='bbox 1595 2991 1853 3062; x_wconf 86' lang='lat' dir='ltr'><strong>pudicitia</strong></span> 
     </span>
    </p>
   </div>
   <div class='ocr_carea' id='block_1_48' title="bbox 1944 1987 3521 2057">
    <p class='ocr_par' dir='ltr' id='par_1_48' title="bbox 1944 1987 3521 2057">
     <span class='ocr_line' id='line_1_48' title="bbox 1944 1987 3521 2057; baseline -0.006 -14"><span class='ocrx_word' id='word_1_339' title='bbox 1944 1990 2090 2043; x_wconf 87' lang='lat' dir='ltr'><strong>[ante</strong></span> <span class='ocrx_word' id='word_1_340' title='bbox 2119 2008 2130 2042; x_wconf 93' lang='lat'>:</span> <span class='ocrx_word' id='word_1_341' title='bbox 2156 1990 2308 2044; x_wconf 86' lang='lat' dir='ltr'><strong>hisce</strong></span> <span class='ocrx_word' id='word_1_342' title='bbox 2349 1998 2553 2053; x_wconf 87' lang='lat' dir='ltr'><strong>autem,</strong></span> <span class='ocrx_word' id='word_1_343' title='bbox 2606 1988 2697 2057; x_wconf 85' lang='lat' dir='ltr'><strong>qui</strong></span> <span class='ocrx_word' id='word_1_344' title='bbox 2742 2003 2829 2042; x_wconf 91' lang='lat' dir='ltr'><strong>me</strong></span> <span class='ocrx_word' id='word_1_345' title='bbox 2863 1987 3128 2054; x_wconf 84' lang='lat' dir='ltr'><strong>tantisper</strong></span> <span class='ocrx_word' id='word_1_346' title='bbox 3163 1991 3521 2052; x_wconf 79' lang='lat' dir='ltr'><strong>exceperunt,</strong></span> 
     </span>
    </p>
   </div>
   <div class='ocr_carea' id='block_1_49' title="bbox 1944 2075 3527 2152">
    <p class='ocr_par' dir='ltr' id='par_1_49' title="bbox 1944 2075 3527 2152">
     <span class='ocr_line' id='line_1_49' title="bbox 1944 2075 3527 2152; baseline -0.006 -16"><span class='ocrx_word' id='word_1_347' title='bbox 1944 2082 2069 2137; x_wconf 90' lang='lat' dir='ltr'><strong>dum</strong></span> <span class='ocrx_word' id='word_1_348' title='bbox 2107 2082 2194 2135; x_wconf 90' lang='lat' dir='ltr'><strong>hic</strong></span> <span class='ocrx_word' id='word_1_349' title='bbox 2218 2081 2369 2136; x_wconf 92' lang='lat' dir='ltr'><strong>licuit</strong></span> <span class='ocrx_word' id='word_1_350' title='bbox 2390 2081 2572 2152; x_wconf 89' lang='lat' dir='ltr'><strong>quiete</strong></span> <span class='ocrx_word' id='word_1_351' title='bbox 2611 2095 2795 2149; x_wconf 79' lang='lat' dir='ltr'><strong>agere,</strong></span> <span class='ocrx_word' id='word_1_352' title='bbox 2830 2092 3025 2149; x_wconf 89' lang='lat' dir='ltr'><strong>meque</strong></span> <span class='ocrx_word' id='word_1_353' title='bbox 3051 2077 3333 2132; x_wconf 90' lang='lat' dir='ltr'><strong>continere</strong></span> <span class='ocrx_word' id='word_1_354' title='bbox 3366 2075 3527 2141; x_wconf 84' lang='lat' dir='ltr'><strong>longe</strong></span> 
     </span>
    </p>
   </div>
   <div class='ocr_carea' id='block_1_50' title="bbox 1945 2165 3523 2242">
    <p class='ocr_par' dir='ltr' id='par_1_50' title="bbox 1945 2165 3523 2242">
     <span class='ocr_line' id='line_1_50' title="bbox 1945 2165 3523 2242; baseline -0.006 -17"><span class='ocrx_word' id='word_1_355' title='bbox 1945 2187 1974 2225; x_wconf 91' lang='lat' dir='ltr'><strong>a</strong></span> <span class='ocrx_word' id='word_1_356' title='bbox 2007 2171 2177 2242; x_wconf 91' lang='lat' dir='ltr'><strong>patria</strong></span> <span class='ocrx_word' id='word_1_357' title='bbox 2211 2171 2286 2241; x_wconf 87' lang='lat'><strong>(6)</strong></span> <span class='ocrx_word' id='word_1_358' title='bbox 2312 2187 2374 2226; x_wconf 90' lang='lat' dir='ltr'><strong>ac</strong></span> <span class='ocrx_word' id='word_1_359' title='bbox 2407 2180 2627 2240; x_wconf 88' lang='lat' dir='ltr'><strong>paterna</strong></span> <span class='ocrx_word' id='word_1_360' title='bbox 2658 2171 2818 2225; x_wconf 89' lang='lat' dir='ltr'><strong>domo</strong></span> <span class='ocrx_word' id='word_1_361' title='bbox 2851 2178 2909 2223; x_wconf 91' lang='lat' dir='ltr'><strong>ut</strong></span> <span class='ocrx_word' id='word_1_362' title='bbox 2955 2184 3023 2223; x_wconf 91' lang='lat' dir='ltr'><strong>ne</strong></span> <span class='ocrx_word' id='word_1_363' title='bbox 3053 2169 3274 2241; x_wconf 84' lang='lat' dir='ltr'><strong>auribus</strong></span> <span class='ocrx_word' id='word_1_364' title='bbox 3306 2165 3523 2235; x_wconf 87' lang='lat' dir='ltr'><strong>quidem</strong></span> 
     </span>
    </p>
   </div>
   <div class='ocr_carea' id='block_1_51' title="bbox 1946 2255 3527 2332">
    <p class='ocr_par' dir='ltr' id='par_1_51' title="bbox 1946 2255 3527 2332">
     <span class='ocr_line' id='line_1_51' title="bbox 1946 2255 3527 2332; baseline -0.006 -15"><span class='ocrx_word' id='word_1_365' title='bbox 1946 2261 2255 2331; x_wconf 83' lang='lat' dir='ltr'><strong>acciperem</strong></span> <span class='ocrx_word' id='word_1_366' title='bbox 2278 2261 2536 2332; x_wconf 85' lang='lat' dir='ltr'><strong>nuptialia</strong></span> <span class='ocrx_word' id='word_1_367' title='bbox 2560 2261 2839 2328; x_wconf 84' lang='lat' dir='ltr'><strong>Quintiani</strong></span> <span class='ocrx_word' id='word_1_368' title='bbox 2871 2260 3078 2323; x_wconf 90' lang='lat' dir='ltr'><strong>nuntia,</strong></span> <span class='ocrx_word' id='word_1_369' title='bbox 3100 2257 3420 2327; x_wconf 84' lang='lat' dir='ltr'><strong>condignam</strong></span> <span class='ocrx_word' id='word_1_370' title='bbox 3445 2255 3527 2307; x_wconf 87' lang='lat' dir='ltr'><strong>vi-</strong></span> 
     </span>
    </p>
   </div>
   <div class='ocr_carea' id='block_1_52' title="bbox 1948 2346 3527 2417">
    <p class='ocr_par' dir='ltr' id='par_1_52' title="bbox 1948 2346 3527 2417">
     <span class='ocr_line' id='line_1_52' title="bbox 1948 2346 3527 2417; baseline -0.007 -10"><span class='ocrx_word' id='word_1_371' title='bbox 1948 2367 2064 2408; x_wconf 90' lang='lat' dir='ltr'><strong>cem</strong></span> <span class='ocrx_word' id='word_1_372' title='bbox 2104 2353 2321 2416; x_wconf 88' lang='lat' dir='ltr'><strong>reddas,</strong></span> <span class='ocrx_word' id='word_1_373' title='bbox 2360 2361 2413 2406; x_wconf 91' lang='lat' dir='ltr'><strong>et</strong></span> <span class='ocrx_word' id='word_1_374' title='bbox 2433 2350 2584 2407; x_wconf 85' lang='lat' dir='ltr'><strong>elIice</strong></span> <span class='ocrx_word' id='word_1_375' title='bbox 2629 2362 2687 2406; x_wconf 92' lang='lat' dir='ltr'><strong>ut</strong></span> <span class='ocrx_word' id='word_1_376' title='bbox 2713 2362 2992 2406; x_wconf 89' lang='lat' dir='ltr'><strong>sermones</strong></span> <span class='ocrx_word' id='word_1_377' title='bbox 3029 2350 3155 2412; x_wconf 90' lang='lat' dir='ltr'><strong>mei,</strong></span> <span class='ocrx_word' id='word_1_378' title='bbox 3186 2362 3323 2417; x_wconf 89' lang='lat' dir='ltr'><strong>quos</strong></span> <span class='ocrx_word' id='word_1_379' title='bbox 3349 2346 3527 2415; x_wconf 84' lang='lat' dir='ltr'><strong>priva-</strong></span> 
     </span>
    </p>
   </div>
   <div class='ocr_carea' id='block_1_53' title="bbox 1950 2435 3531 2509">
    <p class='ocr_par' dir='ltr' id='par_1_53' title="bbox 1950 2435 3531 2509">
     <span class='ocr_line' id='line_1_53' title="bbox 1950 2435 3531 2509; baseline -0.003 -15"><span class='ocrx_word' id='word_1_380' title='bbox 1950 2440 2044 2495; x_wconf 92' lang='lat' dir='ltr'><strong>tim</strong></span> <span class='ocrx_word' id='word_1_381' title='bbox 2075 2441 2140 2495; x_wconf 91' lang='lat' dir='ltr'><strong>de</strong></span> <span class='ocrx_word' id='word_1_382' title='bbox 2190 2450 2242 2495; x_wconf 90' lang='lat' dir='ltr'><strong>te</strong></span> <span class='ocrx_word' id='word_1_383' title='bbox 2296 2441 2487 2505; x_wconf 84' lang='lat' dir='ltr'><strong>habui,</strong></span> <span class='ocrx_word' id='word_1_384' title='bbox 2532 2456 2664 2495; x_wconf 88' lang='lat' dir='ltr'><strong>vero</strong></span> <span class='ocrx_word' id='word_1_385' title='bbox 2697 2440 2828 2506; x_wconf 88' lang='lat' dir='ltr'><strong>Deo,</strong></span> <span class='ocrx_word' id='word_1_386' title='bbox 2876 2442 3050 2509; x_wconf 86' lang='lat' dir='ltr'><strong>deque</strong></span> <span class='ocrx_word' id='word_1_387' title='bbox 3083 2437 3361 2506; x_wconf 86' lang='lat' dir='ltr'><strong>nnigenito</strong></span> <span class='ocrx_word' id='word_1_388' title='bbox 3389 2435 3531 2489; x_wconf 81' lang='lat' dir='ltr'><strong>Filio</strong></span> 
     </span>
    </p>
   </div>
   <div class='ocr_carea' id='block_1_54' title="bbox 1951 2527 3524 2600">
    <p class='ocr_par' dir='ltr' id='par_1_54' title="bbox 1951 2527 3524 2600">
     <span class='ocr_line' id='line_1_54' title="bbox 1951 2527 3524 2600; baseline -0.003 -16"><span class='ocrx_word' id='word_1_389' title='bbox 1951 2540 2068 2596; x_wconf 90' lang='lat' dir='ltr'><strong>tuo,</strong></span> <span class='ocrx_word' id='word_1_390' title='bbox 2089 2538 2143 2587; x_wconf 87' lang='lat' dir='ltr'><strong>et</strong></span> <span class='ocrx_word' id='word_1_391' title='bbox 2171 2531 2239 2586; x_wconf 86' lang='lat' dir='ltr'><strong>de</strong></span> <span class='ocrx_word' id='word_1_392' title='bbox 2258 2534 2534 2598; x_wconf 83' lang='lat' dir='ltr'><strong>castitate,</strong></span> <span class='ocrx_word' id='word_1_393' title='bbox 2568 2540 2623 2586; x_wconf 84' lang='lat' dir='ltr'><strong>et</strong></span> <span class='ocrx_word' id='word_1_394' title='bbox 2670 2532 2736 2587; x_wconf 91' lang='lat' dir='ltr'><strong>de</strong></span> <span class='ocrx_word' id='word_1_395' title='bbox 2763 2530 2995 2600; x_wconf 84' lang='lat' dir='ltr'><strong>judicio,</strong></span> <span class='ocrx_word' id='word_1_396' title='bbox 3035 2532 3090 2584; x_wconf 82' lang='lat' dir='ltr'><strong>in</strong></span> <span class='ocrx_word' id='word_1_397' title='bbox 3117 2544 3305 2583; x_wconf 90' lang='lat' dir='ltr'><strong>eorum</strong></span> <span class='ocrx_word' id='word_1_398' title='bbox 3343 2527 3524 2582; x_wconf 85' lang='lat' dir='ltr'><strong>cordi-</strong></span> 
     </span>
    </p>
   </div>
   <div class='ocr_carea' id='block_1_55' title="bbox 1950 2622 3527 2694">
    <p class='ocr_par' dir='ltr' id='par_1_55' title="bbox 1950 2622 3527 2694">
     <span class='ocr_line' id='line_1_55' title="bbox 1950 2622 3527 2694; baseline -0.007 -14"><span class='ocrx_word' id='word_1_399' title='bbox 1950 2625 2052 2680; x_wconf 85' lang='lat' dir='ltr'><strong>bus</strong></span> <span class='ocrx_word' id='word_1_400' title='bbox 2081 2633 2448 2692; x_wconf 72' lang='lat' dir='ltr'><strong>perseverent.</strong></span> <span class='ocrx_word' id='word_1_401' title='bbox 2512 2622 2617 2679; x_wconf 89' lang='lat' dir='ltr'><strong>Sed</strong></span> <span class='ocrx_word' id='word_1_402' title='bbox 2660 2626 2921 2694; x_wconf 87' lang='lat' dir='ltr'><strong>quoniam</strong></span> <span class='ocrx_word' id='word_1_403' title='bbox 2983 2637 3178 2677; x_wconf 82' lang='lat' dir='ltr'><strong>vereor</strong></span> <span class='ocrx_word' id='word_1_404' title='bbox 3222 2637 3291 2675; x_wconf 82' lang='lat' dir='ltr'><strong>ne</strong></span> <span class='ocrx_word' id='word_1_405' title='bbox 3334 2633 3527 2672; x_wconf 86' lang='lat' dir='ltr'><strong>eorum</strong></span> 
     </span>
    </p>
   </div>
   <div class='ocr_carea' id='block_1_56' title="bbox 1955 2709 3526 2783">
    <p class='ocr_par' dir='ltr' id='par_1_56' title="bbox 1955 2709 3526 2783">
     <span class='ocr_line' id='line_1_56' title="bbox 1955 2709 3526 2783; baseline -0.006 -14"><span class='ocrx_word' id='word_1_406' title='bbox 1955 2715 2213 2769; x_wconf 87' lang='lat' dir='ltr'><strong>memoria</strong></span> <span class='ocrx_word' id='word_1_407' title='bbox 2259 2713 2497 2783; x_wconf 85' lang='lat' dir='ltr'><strong>diiiluat(</strong></span> <span class='ocrx_word' id='word_1_408' title='bbox 2532 2730 2659 2772; x_wconf 91' lang='lat' dir='ltr'><strong>ecce</strong></span> <span class='ocrx_word' id='word_1_409' title='bbox 2707 2716 2852 2770; x_wconf 89' lang='lat' dir='ltr'><strong>enim</strong></span> <span class='ocrx_word' id='word_1_410' title='bbox 2906 2727 2992 2768; x_wconf 91' lang='lat' dir='ltr'><strong>me</strong></span> <span class='ocrx_word' id='word_1_411' title='bbox 3025 2714 3238 2767; x_wconf 81' lang='lat' dir='ltr'><strong>occulte</strong></span> <span class='ocrx_word' id='word_1_412' title='bbox 3288 2709 3526 2777; x_wconf 88' lang='lat' dir='ltr'><strong>relique-</strong></span> 
     </span>
    </p>
   </div>
   <div class='ocr_carea' id='block_1_57' title="bbox 1955 2801 3528 2876">
    <p class='ocr_par' dir='ltr' id='par_1_57' title="bbox 1955 2801 3528 2876">
     <span class='ocr_line' id='line_1_57' title="bbox 1955 2801 3528 2876; baseline -0.005 -17"><span class='ocrx_word' id='word_1_413' title='bbox 1955 2816 2082 2860; x_wconf 85' lang='lat' dir='ltr'><strong>runt</strong></span> <span class='ocrx_word' id='word_1_414' title='bbox 2112 2807 2347 2876; x_wconf 90' lang='lat' dir='ltr'><strong>omnes),</strong></span> <span class='ocrx_word' id='word_1_415' title='bbox 2375 2807 2623 2872; x_wconf 89' lang='lat' dir='ltr'><strong>ostende,</strong></span> <span class='ocrx_word' id='word_1_416' title='bbox 2652 2820 2857 2875; x_wconf 68' lang='lat' dir='ltr'><strong>quaeso,</strong></span> <span class='ocrx_word' id='word_1_417' title='bbox 2894 2805 2979 2859; x_wconf 90' lang='lat' dir='ltr'><strong>his</strong></span> <span class='ocrx_word' id='word_1_418' title='bbox 3006 2804 3157 2858; x_wconf 90' lang='lat' dir='ltr'><strong>urbis</strong></span> <span class='ocrx_word' id='word_1_419' title='bbox 3183 2801 3373 2855; x_wconf 81' lang='lat' dir='ltr'><strong>incolis</strong></span> <span class='ocrx_word' id='word_1_420' title='bbox 3411 2815 3528 2851; x_wconf 90' lang='lat' dir='ltr'><strong>ma-</strong></span> 
     </span>
    </p>
   </div>
   <div class='ocr_carea' id='block_1_58' title="bbox 1953 2889 3531 2966">
    <p class='ocr_par' dir='ltr' id='par_1_58' title="bbox 1953 2889 3531 2966">
     <span class='ocr_line' id='line_1_58' title="bbox 1953 2889 3531 2966; baseline -0.005 -18"><span class='ocrx_word' id='word_1_421' title='bbox 1953 2912 2116 2965; x_wconf 70' lang='lat' dir='ltr'><strong>gnum</strong></span> <span class='ocrx_word' id='word_1_422' title='bbox 2158 2896 2383 2966; x_wconf 85' lang='lat' dir='ltr'><strong>aliquod</strong></span> <span class='ocrx_word' id='word_1_423' title='bbox 2408 2895 2748 2949; x_wconf 86' lang='lat' dir='ltr'><strong>miraculum.</strong></span> <span class='ocrx_word' id='word_1_424' title='bbox 2783 2895 2985 2948; x_wconf 82' lang='lat' dir='ltr'><strong>Etcum</strong></span> <span class='ocrx_word' id='word_1_425' title='bbox 3018 2893 3307 2961; x_wconf 67' lang='lat' dir='ltr'><strong>ltaaevirgo</strong></span> <span class='ocrx_word' id='word_1_426' title='bbox 3338 2889 3531 2942; x_wconf 82' lang='lat' dir='ltr'><strong>luisset</strong></span> 
     </span>
    </p>
   </div>
   <div class='ocr_carea' id='block_1_59' title="bbox 1954 2980 3527 3057">
    <p class='ocr_par' dir='ltr' id='par_1_59' title="bbox 1954 2980 3527 3057">
     <span class='ocr_line' id='line_1_59' title="bbox 1954 2980 3527 3057; baseline -0.008 -15"><span class='ocrx_word' id='word_1_427' title='bbox 1954 2998 2199 3057; x_wconf 87' lang='lat' dir='ltr'><strong>precata,</strong></span> <span class='ocrx_word' id='word_1_428' title='bbox 2236 2988 2380 3043; x_wconf 91' lang='lat' dir='ltr'><strong>illico</strong></span> <span class='ocrx_word' id='word_1_429' title='bbox 2417 2987 2619 3043; x_wconf 88' lang='lat' dir='ltr'><strong>sterilis</strong></span> <span class='ocrx_word' id='word_1_430' title='bbox 2648 2986 2768 3042; x_wconf 86' lang='lat' dir='ltr'><strong>olea</strong></span> <span class='ocrx_word' id='word_1_431' title='bbox 2809 2995 2999 3041; x_wconf 81' lang='lat' dir='ltr'><strong>exorta</strong></span> <span class='ocrx_word' id='word_1_432' title='bbox 3032 2993 3139 3045; x_wconf 89' lang='lat' dir='ltr'><strong>est,</strong></span> <span class='ocrx_word' id='word_1_433' title='bbox 3166 2999 3289 3050; x_wconf 78' lang='lat' dir='ltr'><strong>qua:</strong></span> <span class='ocrx_word' id='word_1_434' title='bbox 3313 2980 3527 3051; x_wconf 85' lang='lat' dir='ltr'><strong>publica</strong></span> 
     </span>
    </p>
   </div>
   <div class='ocr_carea' id='block_1_60' title="bbox 276 3070 3533 3168">
    <p class='ocr_par' dir='ltr' id='par_1_60' title="bbox 276 3070 3533 3168">
     <span class='ocr_line' id='line_1_60' title="bbox 276 3070 3533 3168; baseline -0.002 -39"><span class='ocrx_word' id='word_1_435' title='bbox 276 3087 501 3147; x_wconf 90' lang='lat' dir='ltr'><strong>propter</strong></span> <span class='ocrx_word' id='word_1_436' title='bbox 521 3081 798 3135; x_wconf 80' lang='lat' dir='ltr'><strong>Christum</strong></span> <span class='ocrx_word' id='word_1_437' title='bbox 831 3097 1103 3168; x_wconf 79' lang='lat' dir='ltr'><strong>sponsum</strong></span> <span class='ocrx_word' id='word_1_438' title='bbox 1142 3096 1318 3136; x_wconf 87' lang='lat' dir='ltr'><strong>meum</strong></span> <span class='ocrx_word' id='word_1_439' title='bbox 1368 3081 1670 3146; x_wconf 64' lang='lat' dir='ltr'><strong>decertavi,</strong></span> <span class='ocrx_word' id='word_1_440' title='bbox 1714 3084 1850 3138; x_wconf 83' lang='lat' dir='ltr'><strong>deli-</strong></span> <span class='ocrx_word' id='word_1_441' title='bbox 1878 3110 1922 3168; x_wconf 65' lang='grc' dir='ltr'>α</span> <span class='ocrx_word' id='word_1_442' title='bbox 1958 3078 2248 3149; x_wconf 85' lang='lat' dir='ltr'><strong>ignominia</strong></span> <span class='ocrx_word' id='word_1_443' title='bbox 2294 3079 2518 3136; x_wconf 86' lang='lat' dir='ltr'><strong>notabat</strong></span> <span class='ocrx_word' id='word_1_444' title='bbox 2568 3093 2700 3145; x_wconf 88' lang='lat' dir='ltr'><strong>eos,</strong></span> <span class='ocrx_word' id='word_1_445' title='bbox 2746 3078 2838 3148; x_wconf 89' lang='lat' dir='ltr'><strong>qui</strong></span> <span class='ocrx_word' id='word_1_446' title='bbox 2875 3092 2972 3148; x_wconf 89' lang='lat' dir='ltr'><strong>per</strong></span> <span class='ocrx_word' id='word_1_447' title='bbox 3018 3074 3254 3145; x_wconf 83' lang='lat' dir='ltr'><strong>speciem</strong></span> <span class='ocrx_word' id='word_1_448' title='bbox 3308 3070 3533 3127; x_wconf 81' lang='lat' dir='ltr'><strong>honoris</strong></span> 
     </span>
    </p>
   </div>
   <div class='ocr_carea' id='block_1_61' title="bbox 277 3160 3168 3238">
    <p class='ocr_par' dir='ltr' id='par_1_61' title="bbox 277 3160 3168 3238">
     <span class='ocr_line' id='line_1_61' title="bbox 277 3160 3168 3238; baseline -0 -18"><span class='ocrx_word' id='word_1_449' title='bbox 277 3166 390 3225; x_wconf 87' lang='lat' dir='ltr'><strong>cias</strong></span> <span class='ocrx_word' id='word_1_450' title='bbox 414 3174 477 3221; x_wconf 89' lang='lat' dir='ltr'><strong>ut</strong></span> <span class='ocrx_word' id='word_1_451' title='bbox 498 3182 615 3222; x_wconf 86' lang='lat' dir='ltr'><strong>rem</strong></span> <span class='ocrx_word' id='word_1_452' title='bbox 635 3169 1049 3225; x_wconf 88' lang='lat' dir='ltr'><strong>abominandam</strong></span> <span class='ocrx_word' id='word_1_453' title='bbox 1078 3160 1385 3225; x_wconf 82' lang='lat' dir='ltr'><strong>abominata</strong></span> <span class='ocrx_word' id='word_1_454' title='bbox 1408 3213 1424 3236; x_wconf 89' lang='lat'><strong>,</strong></span> <span class='ocrx_word' id='word_1_455' title='bbox 1456 3180 1515 3225; x_wconf 88' lang='lat' dir='ltr'><strong>ut</strong></span> <span class='ocrx_word' id='word_1_456' title='bbox 1544 3186 1609 3226; x_wconf 90' lang='lat' dir='ltr'><strong>ne</strong></span> <span class='ocrx_word' id='word_1_457' title='bbox 1637 3173 1704 3225; x_wconf 90' lang='lat' dir='ltr'><strong>dc</strong></span> <span class='ocrx_word' id='word_1_458' title='bbox 1751 3172 1859 3225; x_wconf 55' lang='lat' dir='ltr'><strong>im-</strong></span> <span class='ocrx_word' id='word_1_459' title='bbox 1886 3160 1921 3168; x_wconf 66' lang='grc'><em>’</em></span> <span class='ocrx_word' id='word_1_460' title='bbox 1953 3187 2073 3228; x_wconf 88' lang='lat' dir='ltr'><strong>eam</strong></span> <span class='ocrx_word' id='word_1_461' title='bbox 2096 3171 2467 3234; x_wconf 72' lang='lat' dir='ltr'><strong>deduxerant,</strong></span> <span class='ocrx_word' id='word_1_462' title='bbox 2499 3169 2794 3238; x_wconf 85' lang='lat' dir='ltr'><strong>timideque</strong></span> <span class='ocrx_word' id='word_1_463' title='bbox 2825 3166 3168 3233; x_wconf 78' lang='lat' dir='ltr'><strong>aufugerant.</strong></span> 
     </span>
    </p>
   </div>
   <div class='ocr_carea' id='block_1_62' title="bbox 277 3259 1853 3334">
    <p class='ocr_par' dir='ltr' id='par_1_62' title="bbox 277 3259 1853 3334">
     <span class='ocr_line' id='line_1_62' title="bbox 277 3259 1853 3334; baseline 0.005 -23"><span class='ocrx_word' id='word_1_464' title='bbox 277 3259 497 3327; x_wconf 82' lang='lat' dir='ltr'><strong>proviso</strong></span> <span class='ocrx_word' id='word_1_465' title='bbox 537 3276 630 3329; x_wconf 87' lang='lat' dir='ltr'><strong>per</strong></span> <span class='ocrx_word' id='word_1_466' title='bbox 683 3261 966 3318; x_wconf 81' lang='lat' dir='ltr'><strong>illecebras</strong></span> <span class='ocrx_word' id='word_1_467' title='bbox 1009 3277 1373 3334; x_wconf 74' lang='lat' dir='ltr'><strong>expugnarer.</strong></span> <span class='ocrx_word' id='word_1_468' title='bbox 1442 3264 1633 3333; x_wconf 82' lang='lat' dir='ltr'><strong>Agesis</strong></span> <span class='ocrx_word' id='word_1_469' title='bbox 1687 3266 1853 3319; x_wconf 85' lang='lat' dir='ltr'><strong>etiam</strong></span> 
     </span>
    </p>
   </div>
   <div class='ocr_carea' id='block_1_63' title="bbox 280 3353 1851 3421">
    <p class='ocr_par' dir='ltr' id='par_1_63' title="bbox 280 3353 1851 3421">
     <span class='ocr_line' id='line_1_63' title="bbox 280 3353 1851 3421; baseline 0.004 -15"><span class='ocrx_word' id='word_1_470' title='bbox 280 3367 449 3416; x_wconf 87' lang='lat' dir='ltr'><strong>nunc,</strong></span> <span class='ocrx_word' id='word_1_471' title='bbox 471 3353 662 3408; x_wconf 89' lang='lat' dir='ltr'><strong>adesto</strong></span> <span class='ocrx_word' id='word_1_472' title='bbox 689 3354 953 3409; x_wconf 84' lang='lat' dir='ltr'><strong>alacritati</strong></span> <span class='ocrx_word' id='word_1_473' title='bbox 999 3357 1169 3410; x_wconf 89' lang='lat' dir='ltr'><strong>animi</strong></span> <span class='ocrx_word' id='word_1_474' title='bbox 1210 3356 1336 3421; x_wconf 89' lang='lat' dir='ltr'><strong>mei,</strong></span> <span class='ocrx_word' id='word_1_475' title='bbox 1364 3370 1396 3411; x_wconf 93' lang='lat' dir='ltr'><strong>o</strong></span> <span class='ocrx_word' id='word_1_476' title='bbox 1424 3356 1851 3412; x_wconf 77' lang='lat' dir='ltr'><strong>dulcissimemi</strong></span> 
     </span>
    </p>
   </div>
   <div class='ocr_carea' id='block_1_64' title="bbox 283 3445 1856 3520">
    <p class='ocr_par' dir='ltr' id='par_1_64' title="bbox 283 3445 1856 3520">
     <span class='ocr_line' id='line_1_64' title="bbox 283 3445 1856 3520; baseline 0.004 -22"><span class='ocrx_word' id='word_1_477' title='bbox 283 3445 578 3513; x_wconf 85' lang='lat' dir='ltr'><strong>canditate,</strong></span> <span class='ocrx_word' id='word_1_478' title='bbox 604 3448 695 3517; x_wconf 91' lang='lat' dir='ltr'><strong>qui</strong></span> <span class='ocrx_word' id='word_1_479' title='bbox 734 3447 880 3503; x_wconf 89' lang='lat' dir='ltr'><strong>solus</strong></span> <span class='ocrx_word' id='word_1_480' title='bbox 925 3447 1095 3503; x_wconf 77' lang='lat' dir='ltr'><strong>eﬂicis</strong></span> <span class='ocrx_word' id='word_1_481' title='bbox 1121 3457 1341 3520; x_wconf 87' lang='lat' dir='ltr'><strong>etpotes</strong></span> <span class='ocrx_word' id='word_1_482' title='bbox 1374 3448 1555 3502; x_wconf 89' lang='lat' dir='ltr'><strong>omnia</strong></span> <span class='ocrx_word' id='word_1_483' title='bbox 1588 3467 1602 3503; x_wconf 90' lang='lat'>:</span> <span class='ocrx_word' id='word_1_484' title='bbox 1630 3452 1856 3505; x_wconf 88' lang='lat' dir='ltr'><strong>ostende</strong></span> 
     </span>
    </p>
   </div>
   <div class='ocr_carea' id='block_1_65' title="bbox 283 3538 1857 3594">
    <p class='ocr_par' dir='ltr' id='par_1_65' title="bbox 283 3538 1857 3594">
     <span class='ocr_line' id='line_1_65' title="bbox 283 3538 1857 3594; baseline 0.003 -5"><span class='ocrx_word' id='word_1_485' title='bbox 283 3552 458 3590; x_wconf 85' lang='lat' dir='ltr'><strong>meam</strong></span> <span class='ocrx_word' id='word_1_486' title='bbox 498 3538 639 3591; x_wconf 88' lang='lat' dir='ltr'><strong>hanc</strong></span> <span class='ocrx_word' id='word_1_487' title='bbox 664 3539 922 3594; x_wconf 86' lang='lat' dir='ltr'><strong>humilem</strong></span> <span class='ocrx_word' id='word_1_488' title='bbox 964 3551 1195 3593; x_wconf 89' lang='lat' dir='ltr'><strong>mentem</strong></span> <span class='ocrx_word' id='word_1_489' title='bbox 1226 3539 1441 3593; x_wconf 88' lang='lat' dir='ltr'><strong>cunctis</strong></span> <span class='ocrx_word' id='word_1_490' title='bbox 1494 3540 1650 3594; x_wconf 87' lang='lat' dir='ltr'><strong>rebus</strong></span> <span class='ocrx_word' id='word_1_491' title='bbox 1696 3541 1857 3594; x_wconf 79' lang='lat' dir='ltr'><strong>terri-</strong></span> 
     </span>
    </p>
   </div>
   <div class='ocr_carea' id='block_1_66' title="bbox 284 3626 1858 3701">
    <p class='ocr_par' dir='ltr' id='par_1_66' title="bbox 284 3626 1858 3701">
     <span class='ocr_line' id='line_1_66' title="bbox 284 3626 1858 3701; baseline 0.002 -18"><span class='ocrx_word' id='word_1_492' title='bbox 284 3626 484 3683; x_wconf 88' lang='lat' dir='ltr'><strong>bilibus</strong></span> <span class='ocrx_word' id='word_1_493' title='bbox 511 3630 922 3698; x_wconf 88' lang='lat' dir='ltr'><strong>sublimiorem;</strong></span> <span class='ocrx_word' id='word_1_494' title='bbox 948 3632 1017 3685; x_wconf 86' lang='lat' dir='ltr'><strong>ita</strong></span> <span class='ocrx_word' id='word_1_495' title='bbox 1050 3641 1111 3701; x_wconf 86' lang='lat' dir='ltr'><strong>ut</strong></span> <span class='ocrx_word' id='word_1_496' title='bbox 1135 3632 1297 3685; x_wconf 83' lang='lat' dir='ltr'><strong>etiam</strong></span> <span class='ocrx_word' id='word_1_497' title='bbox 1319 3632 1501 3686; x_wconf 90' lang='lat' dir='ltr'><strong>animo</strong></span> <span class='ocrx_word' id='word_1_498' title='bbox 1532 3646 1623 3686; x_wconf 85' lang='lat' dir='ltr'><strong>eas</strong></span> <span class='ocrx_word' id='word_1_499' title='bbox 1655 3647 1752 3700; x_wconf 92' lang='lat' dir='ltr'><strong>pro</strong></span> <span class='ocrx_word' id='word_1_500' title='bbox 1777 3632 1858 3686; x_wconf 81' lang='lat' dir='ltr'><strong>ni-</strong></span> 
     </span>
    </p>
   </div>
   <div class='ocr_carea' id='block_1_67' title="bbox 287 3719 1859 3793">
    <p class='ocr_par' dir='ltr' id='par_1_67' title="bbox 287 3719 1859 3793">
     <span class='ocr_line' id='line_1_67' title="bbox 287 3719 1859 3793; baseline 0.002 -19"><span class='ocrx_word' id='word_1_501' title='bbox 287 3719 398 3774; x_wconf 83' lang='lat' dir='ltr'><strong>hilo</strong></span> <span class='ocrx_word' id='word_1_502' title='bbox 430 3720 662 3786; x_wconf 79' lang='lat' dir='ltr'><strong>ducam,</strong></span> <span class='ocrx_word' id='word_1_503' title='bbox 697 3737 869 3792; x_wconf 84' lang='lat' dir='ltr'><strong>neque</strong></span> <span class='ocrx_word' id='word_1_504' title='bbox 903 3723 1194 3793; x_wconf 82' lang='lat' dir='ltr'><strong>quidquam</strong></span> <span class='ocrx_word' id='word_1_505' title='bbox 1229 3723 1537 3783; x_wconf 79' lang='lat' dir='ltr'><strong>existimem</strong></span> <span class='ocrx_word' id='word_1_506' title='bbox 1583 3724 1756 3777; x_wconf 87' lang='lat' dir='ltr'><strong>instar</strong></span> <span class='ocrx_word' id='word_1_507' title='bbox 1785 3724 1859 3784; x_wconf 88' lang='lat' dir='ltr'><strong>le-</strong></span> 
     </span>
    </p>
   </div>
   <div class='ocr_carea' id='block_1_68' title="bbox 286 3811 1860 3881">
    <p class='ocr_par' dir='ltr' id='par_1_68' title="bbox 286 3811 1860 3881">
     <span class='ocr_line' id='line_1_68' title="bbox 286 3811 1860 3881; baseline 0.006 -21"><span class='ocrx_word' id='word_1_508' title='bbox 286 3811 368 3863; x_wconf 85' lang='lat' dir='ltr'><strong>vis</strong></span> <span class='ocrx_word' id='word_1_509' title='bbox 407 3811 698 3866; x_wconf 78' lang='lat' dir='ltr'><strong>cantileme</strong></span> <span class='ocrx_word' id='word_1_510' title='bbox 763 3827 828 3867; x_wconf 90' lang='lat' dir='ltr'><strong>ac</strong></span> <span class='ocrx_word' id='word_1_511' title='bbox 884 3813 1179 3881; x_wconf 88' lang='lat' dir='ltr'><strong>strepitus,</strong></span> <span class='ocrx_word' id='word_1_512' title='bbox 1223 3812 1437 3869; x_wconf 88' lang='lat' dir='ltr'><strong>etiamsi</strong></span> <span class='ocrx_word' id='word_1_513' title='bbox 1484 3813 1660 3868; x_wconf 85' lang='lat' dir='ltr'><strong>decies</strong></span> <span class='ocrx_word' id='word_1_514' title='bbox 1710 3814 1860 3869; x_wconf 87' lang='lat' dir='ltr'><strong>mille</strong></span> 
     </span>
    </p>
   </div>
   <div class='ocr_carea' id='block_1_69' title="bbox 287 3888 1221 3969">
    <p class='ocr_par' dir='ltr' id='par_1_69' title="bbox 287 3888 1221 3969">
     <span class='ocr_line' id='line_1_69' title="bbox 287 3888 1221 3969; baseline 0.009 -16"><span class='ocrx_word' id='word_1_515' title='bbox 287 3888 429 3966; x_wconf 70' lang='lat' dir='ltr'><strong>sint,</strong></span> <span class='ocrx_word' id='word_1_516' title='bbox 449 3902 542 3969; x_wconf 90' lang='lat' dir='ltr'><strong>qui</strong></span> <span class='ocrx_word' id='word_1_517' title='bbox 566 3918 751 3957; x_wconf 88' lang='lat' dir='ltr'><strong>necem</strong></span> <span class='ocrx_word' id='word_1_518' title='bbox 778 3904 907 3958; x_wconf 90' lang='lat' dir='ltr'><strong>mihi</strong></span> <span class='ocrx_word' id='word_1_519' title='bbox 941 3905 1221 3961; x_wconf 84' lang='lat' dir='ltr'><strong>intentent.</strong></span> 
     </span>
    </p>
   </div>
   <div class='ocr_carea' id='block_1_70' title="bbox 358 3990 1864 4066">
    <p class='ocr_par' dir='ltr' id='par_1_70' title="bbox 358 3990 1864 4066">
     <span class='ocr_line' id='line_1_70' title="bbox 358 3990 1864 4066; baseline 0.003 -20"><span class='ocrx_word' id='word_1_520' title='bbox 358 3992 412 4046; x_wconf 91' lang='lat'><strong>9.</strong></span> <span class='ocrx_word' id='word_1_521' title='bbox 466 3990 581 4063; x_wconf 74' lang='lat' dir='ltr'><strong>Sub</strong></span> <span class='ocrx_word' id='word_1_522' title='bbox 604 3994 720 4048; x_wconf 73' lang='lat' dir='ltr'><strong>tunc</strong></span> <span class='ocrx_word' id='word_1_523' title='bbox 753 3997 906 4064; x_wconf 88' lang='lat' dir='ltr'><strong>quasi</strong></span> <span class='ocrx_word' id='word_1_524' title='bbox 937 4012 1064 4050; x_wconf 85' lang='lat' dir='ltr'><strong>vero</strong></span> <span class='ocrx_word' id='word_1_525' title='bbox 1115 3998 1289 4052; x_wconf 89' lang='lat' dir='ltr'><strong>oculis</strong></span> <span class='ocrx_word' id='word_1_526' title='bbox 1333 3997 1623 4066; x_wconf 87' lang='lat' dir='ltr'><strong>inspiceret</strong></span> <span class='ocrx_word' id='word_1_527' title='bbox 1655 3995 1864 4066; x_wconf 87' lang='lat' dir='ltr'><strong>(mente</strong></span> 
     </span>
    </p>
   </div>
   <div class='ocr_carea' id='block_1_71' title="bbox 291 4083 1860 4156">
    <p class='ocr_par' dir='ltr' id='par_1_71' title="bbox 291 4083 1860 4156">
     <span class='ocr_line' id='line_1_71' title="bbox 291 4083 1860 4156; baseline 0.001 -19"><span class='ocrx_word' id='word_1_528' title='bbox 291 4083 437 4137; x_wconf 85' lang='lat' dir='ltr'><strong>cnim</strong></span> <span class='ocrx_word' id='word_1_529' title='bbox 473 4090 626 4138; x_wconf 74' lang='lat' dir='ltr'><strong>certe</strong></span> <span class='ocrx_word' id='word_1_530' title='bbox 660 4084 1009 4156; x_wconf 82' lang='lat' dir='ltr'><strong>intuebatur)</strong></span> <span class='ocrx_word' id='word_1_531' title='bbox 1050 4089 1261 4141; x_wconf 87' lang='lat' dir='ltr'><strong>hostem</strong></span> <span class='ocrx_word' id='word_1_532' title='bbox 1307 4102 1486 4151; x_wconf 91' lang='lat' dir='ltr'><strong>suum,</strong></span> <span class='ocrx_word' id='word_1_533' title='bbox 1524 4086 1700 4140; x_wconf 84' lang='lat' dir='ltr'><strong>eidem</strong></span> <span class='ocrx_word' id='word_1_534' title='bbox 1735 4093 1860 4139; x_wconf 86' lang='lat' dir='ltr'><strong>tau-</strong></span> 
     </span>
    </p>
   </div>
   <div class='ocr_carea' id='block_1_72' title="bbox 291 4176 1862 4248">
    <p class='ocr_par' dir='ltr' id='par_1_72' title="bbox 291 4176 1862 4248">
     <span class='ocr_line' id='line_1_72' title="bbox 291 4176 1862 4248; baseline 0.004 -23"><span class='ocrx_word' id='word_1_535' title='bbox 291 4189 454 4244; x_wconf 87' lang='lat' dir='ltr'><strong>quam</strong></span> <span class='ocrx_word' id='word_1_536' title='bbox 485 4176 742 4240; x_wconf 69' lang='lat' dir='ltr'><strong>prmsenti</strong></span> <span class='ocrx_word' id='word_1_537' title='bbox 790 4180 1139 4248; x_wconf 76' lang='lat' dir='ltr'><strong>erprobravit</strong></span> <span class='ocrx_word' id='word_1_538' title='bbox 1170 4198 1183 4234; x_wconf 89' lang='lat'><strong>:</strong></span> <span class='ocrx_word' id='word_1_539' title='bbox 1215 4178 1334 4235; x_wconf 84' lang='lat' dir='ltr'><strong>Non</strong></span> <span class='ocrx_word' id='word_1_540' title='bbox 1375 4181 1549 4245; x_wconf 89' lang='lat' dir='ltr'><strong>vides,</strong></span> <span class='ocrx_word' id='word_1_541' title='bbox 1585 4178 1862 4248; x_wconf 82' lang='lat' dir='ltr'><strong>inquiens,</strong></span> 
     </span>
    </p>
   </div>
   <div class='ocr_carea' id='block_1_73' title="bbox 296 4269 1864 4340">
    <p class='ocr_par' dir='ltr' id='par_1_73' title="bbox 296 4269 1864 4340">
     <span class='ocr_line' id='line_1_73' title="bbox 296 4269 1864 4340; baseline 0.002 -22"><span class='ocrx_word' id='word_1_542' title='bbox 296 4280 477 4320; x_wconf 83' lang='lat' dir='ltr'><strong>meum</strong></span> <span class='ocrx_word' id='word_1_543' title='bbox 535 4269 796 4334; x_wconf 86' lang='lat' dir='ltr'><strong>studium,</strong></span> <span class='ocrx_word' id='word_1_544' title='bbox 835 4285 869 4325; x_wconf 91' lang='lat'><strong>0</strong></span> <span class='ocrx_word' id='word_1_545' title='bbox 917 4272 1163 4327; x_wconf 80' lang='lat' dir='ltr'><strong>veritatis</strong></span> <span class='ocrx_word' id='word_1_546' title='bbox 1193 4272 1385 4335; x_wconf 86' lang='lat' dir='ltr'><strong>hostis,</strong></span> <span class='ocrx_word' id='word_1_547' title='bbox 1420 4272 1619 4340; x_wconf 88' lang='lat' dir='ltr'><strong>quique</strong></span> <span class='ocrx_word' id='word_1_548' title='bbox 1677 4272 1745 4325; x_wconf 87' lang='lat' dir='ltr'><strong>ab</strong></span> <span class='ocrx_word' id='word_1_549' title='bbox 1800 4283 1864 4322; x_wconf 87' lang='lat' dir='ltr'><strong>ea</strong></span> 
     </span>
    </p>
   </div>
   <div class='ocr_carea' id='block_1_74' title="bbox 304 4355 1868 4433">
    <p class='ocr_par' dir='ltr' id='par_1_74' title="bbox 304 4355 1868 4433">
     <span class='ocr_line' id='line_1_74' title="bbox 304 4355 1868 4433; baseline 0.001 -22"><span class='ocrx_word' id='word_1_550' title='bbox 304 4355 508 4412; x_wconf 81' lang='lat' dir='ltr'><strong>alienus</strong></span> <span class='ocrx_word' id='word_1_551' title='bbox 547 4375 630 4422; x_wconf 86' lang='lat' dir='ltr'><strong>es,</strong></span> <span class='ocrx_word' id='word_1_552' title='bbox 657 4362 880 4431; x_wconf 88' lang='lat' dir='ltr'><strong>adquod</strong></span> <span class='ocrx_word' id='word_1_553' title='bbox 910 4363 1386 4433; x_wconf 87' lang='lat' dir='ltr'><strong>contemplandum</strong></span> <span class='ocrx_word' id='word_1_554' title='bbox 1419 4362 1669 4415; x_wconf 82' lang='lat' dir='ltr'><strong>universa</strong></span> <span class='ocrx_word' id='word_1_555' title='bbox 1704 4376 1868 4430; x_wconf 88' lang='lat' dir='ltr'><strong>ange-</strong></span> 
     </span>
    </p>
   </div>
   <div class='ocr_carea' id='block_1_75' title="bbox 2027 3239 3533 3328">
    <p class='ocr_par' dir='ltr' id='par_1_75' title="bbox 2027 3239 3533 3328">
     <span class='ocr_line' id='line_1_75' title="bbox 2027 3239 3533 3328; baseline -0.008 -12"><span class='ocrx_word' id='word_1_556' title='bbox 2027 3263 2113 3316; x_wconf 72' lang='lat' dir='ltr'><strong>ll.</strong></span> <span class='ocrx_word' id='word_1_557' title='bbox 2145 3260 2374 3315; x_wconf 88' lang='lat' dir='ltr'><strong>Strenua</strong></span> <span class='ocrx_word' id='word_1_558' title='bbox 2406 3270 2586 3313; x_wconf 86' lang='lat' dir='ltr'><strong>autem</strong></span> <span class='ocrx_word' id='word_1_559' title='bbox 2640 3260 2792 3328; x_wconf 82' lang='lat' dir='ltr'><strong>virgo</strong></span> <span class='ocrx_word' id='word_1_560' title='bbox 2832 3274 2896 3312; x_wconf 81' lang='lat' dir='ltr'><strong>ex</strong></span> <span class='ocrx_word' id='word_1_561' title='bbox 2942 3273 3007 3311; x_wconf 91' lang='lat' dir='ltr'><strong>eo</strong></span> <span class='ocrx_word' id='word_1_562' title='bbox 3055 3239 3533 3320; x_wconf 19' lang='lat' dir='ltr'><strong>mirac‘uIO&#39;magis</strong></span> 
     </span>
    </p>
   </div>
   <div class='ocr_carea' id='block_1_76' title="bbox 1956 3342 3534 3421">
    <p class='ocr_par' dir='ltr' id='par_1_76' title="bbox 1956 3342 3534 3421">
     <span class='ocr_line' id='line_1_76' title="bbox 1956 3342 3534 3421; baseline -0.008 -15"><span class='ocrx_word' id='word_1_563' title='bbox 1956 3352 2194 3406; x_wconf 82' lang='lat' dir='ltr'><strong>animata</strong></span> <span class='ocrx_word' id='word_1_564' title='bbox 2228 3349 2451 3421; x_wconf 90' lang='lat' dir='ltr'><strong>(quippe</strong></span> <span class='ocrx_word' id='word_1_565' title='bbox 2497 3349 2608 3420; x_wconf 88' lang='lat' dir='ltr'><strong>jam</strong></span> <span class='ocrx_word' id='word_1_566' title='bbox 2659 3359 2907 3403; x_wconf 86' lang='lat' dir='ltr'><strong>senserat</strong></span> <span class='ocrx_word' id='word_1_567' title='bbox 2955 3346 3227 3402; x_wconf 80' lang='lat' dir='ltr'><strong>exauditis</strong></span> <span class='ocrx_word' id='word_1_568' title='bbox 3281 3342 3534 3412; x_wconf 84' lang='lat' dir='ltr'><strong>precibus</strong></span> 
     </span>
    </p>
   </div>
   <div class='ocr_carea' id='block_1_77' title="bbox 1957 3432 3531 3509">
    <p class='ocr_par' dir='ltr' id='par_1_77' title="bbox 1957 3432 3531 3509">
     <span class='ocr_line' id='line_1_77' title="bbox 1957 3432 3531 3509; baseline -0.009 -9"><span class='ocrx_word' id='word_1_569' title='bbox 1957 3445 2197 3500; x_wconf 88' lang='lat' dir='ltr'><strong>divinum</strong></span> <span class='ocrx_word' id='word_1_570' title='bbox 2229 3444 2332 3498; x_wconf 83' lang='lat' dir='ltr'><strong>sibi</strong></span> <span class='ocrx_word' id='word_1_571' title='bbox 2384 3445 2577 3497; x_wconf 88' lang='lat' dir='ltr'><strong>adesse</strong></span> <span class='ocrx_word' id='word_1_572' title='bbox 2618 3440 2867 3506; x_wconf 79' lang='lat' dir='ltr'><strong>Numen,</strong></span> <span class='ocrx_word' id='word_1_573' title='bbox 2895 3440 3122 3509; x_wconf 82' lang='lat' dir='ltr'><strong>ejusque</strong></span> <span class='ocrx_word' id='word_1_574' title='bbox 3162 3436 3385 3505; x_wconf 81' lang='lat' dir='ltr'><strong>angelos</strong></span> <span class='ocrx_word' id='word_1_575' title='bbox 3439 3432 3531 3502; x_wconf 90' lang='lat' dir='ltr'><strong>qui</strong></span> 
     </span>
    </p>
   </div>
   <div class='ocr_carea' id='block_1_78' title="bbox 1958 3527 3535 3602">
    <p class='ocr_par' dir='ltr' id='par_1_78' title="bbox 1958 3527 3535 3602">
     <span class='ocr_line' id='line_1_78' title="bbox 1958 3527 3535 3602; baseline -0.008 -11"><span class='ocrx_word' id='word_1_576' title='bbox 1958 3552 2016 3591; x_wconf 87' lang='lat' dir='ltr'><strong>se</strong></span> <span class='ocrx_word' id='word_1_577' title='bbox 2048 3545 2331 3590; x_wconf 85' lang='lat' dir='ltr'><strong>tuerentur</strong></span> <span class='ocrx_word' id='word_1_578' title='bbox 2375 3537 2444 3589; x_wconf 89' lang='lat' dir='ltr'><strong>ab</strong></span> <span class='ocrx_word' id='word_1_579' title='bbox 2474 3536 2725 3588; x_wconf 86' lang='lat' dir='ltr'><strong>lictorum</strong></span> <span class='ocrx_word' id='word_1_580' title='bbox 2775 3534 3011 3602; x_wconf 86' lang='lat' dir='ltr'><strong>injuriis)</strong></span> <span class='ocrx_word' id='word_1_581' title='bbox 3049 3533 3212 3586; x_wconf 86' lang='lat' dir='ltr'><strong>corde</strong></span> <span class='ocrx_word' id='word_1_582' title='bbox 3261 3527 3535 3594; x_wconf 87' lang='lat' dir='ltr'><strong>intrepido</strong></span> 
     </span>
    </p>
   </div>
   <div class='ocr_carea' id='block_1_79' title="bbox 1960 3605 3539 3688">
    <p class='ocr_par' dir='ltr' id='par_1_79' title="bbox 1960 3605 3539 3688">
     <span class='ocr_line' id='line_1_79' title="bbox 1960 3605 3539 3688; baseline -0.01 -3"><span class='ocrx_word' id='word_1_583' title='bbox 1960 3646 2020 3686; x_wconf 88' lang='lat' dir='ltr'><strong>se</strong></span> <span class='ocrx_word' id='word_1_584' title='bbox 2068 3631 2119 3683; x_wconf 93' lang='lat' dir='ltr'><strong>in</strong></span> <span class='ocrx_word' id='word_1_585' title='bbox 2154 3627 2293 3680; x_wconf 88' lang='lat' dir='ltr'><strong>viam</strong></span> <span class='ocrx_word' id='word_1_586' title='bbox 2341 3628 2505 3680; x_wconf 87' lang='lat' dir='ltr'><strong>dedit.</strong></span> <span class='ocrx_word' id='word_1_587' title='bbox 2538 3625 2638 3680; x_wconf 89' lang='lat' dir='ltr'><strong>Ubi</strong></span> <span class='ocrx_word' id='word_1_588' title='bbox 2681 3641 2806 3677; x_wconf 81' lang='lat' dir='ltr'><strong>vero</strong></span> <span class='ocrx_word' id='word_1_589' title='bbox 2840 3624 3102 3679; x_wconf 86' lang='lat' dir='ltr'><strong>Catanam</strong></span> <span class='ocrx_word' id='word_1_590' title='bbox 3139 3605 3539 3688; x_wconf 68' lang='lat' dir='ltr'><strong>appropinqua-</strong></span> 
     </span>
    </p>
   </div>
   <div class='ocr_carea' id='block_1_80' title="bbox 1963 3710 3535 3790">
    <p class='ocr_par' dir='ltr' id='par_1_80' title="bbox 1963 3710 3535 3790">
     <span class='ocr_line' id='line_1_80' title="bbox 1963 3710 3535 3790; baseline -0.01 -14"><span class='ocrx_word' id='word_1_591' title='bbox 1963 3723 2071 3783; x_wconf 87' lang='lat' dir='ltr'><strong>bat,</strong></span> <span class='ocrx_word' id='word_1_592' title='bbox 2099 3734 2328 3790; x_wconf 83' lang='lat' dir='ltr'><strong>magnus</strong></span> <span class='ocrx_word' id='word_1_593' title='bbox 2365 3717 2560 3771; x_wconf 84' lang='lat' dir='ltr'><strong>civium</strong></span> <span class='ocrx_word' id='word_1_594' title='bbox 2622 3732 2841 3770; x_wconf 87' lang='lat' dir='ltr'><strong>suorum</strong></span> <span class='ocrx_word' id='word_1_595' title='bbox 2882 3730 3143 3768; x_wconf 87' lang='lat' dir='ltr'><strong>numerus</strong></span> <span class='ocrx_word' id='word_1_596' title='bbox 3202 3712 3276 3764; x_wconf 90' lang='lat' dir='ltr'><strong>illi</strong></span> <span class='ocrx_word' id='word_1_597' title='bbox 3319 3710 3535 3763; x_wconf 86' lang='lat' dir='ltr'><strong>obviam</strong></span> 
     </span>
    </p>
   </div>
   <div class='ocr_carea' id='block_1_81' title="bbox 1961 3799 3538 3882">
    <p class='ocr_par' dir='ltr' id='par_1_81' title="bbox 1961 3799 3538 3882">
     <span class='ocr_line' id='line_1_81' title="bbox 1961 3799 3538 3882; baseline -0.007 -18"><span class='ocrx_word' id='word_1_598' title='bbox 1961 3813 2195 3882; x_wconf 80' lang='lat' dir='ltr'><strong>prodiit;</strong></span> <span class='ocrx_word' id='word_1_599' title='bbox 2223 3822 2277 3863; x_wconf 83' lang='lat' dir='ltr'><strong>et</strong></span> <span class='ocrx_word' id='word_1_600' title='bbox 2308 3808 2560 3862; x_wconf 89' lang='lat' dir='ltr'><strong>mulieres</strong></span> <span class='ocrx_word' id='word_1_601' title='bbox 2593 3808 2808 3877; x_wconf 87' lang='lat' dir='ltr'><strong>quidem</strong></span> <span class='ocrx_word' id='word_1_602' title='bbox 2845 3805 3055 3872; x_wconf 84' lang='lat' dir='ltr'><strong>aliquot</strong></span> <span class='ocrx_word' id='word_1_603' title='bbox 3093 3803 3209 3872; x_wconf 75' lang='lat' dir='ltr'><strong>ejus</strong></span> <span class='ocrx_word' id='word_1_604' title='bbox 3242 3803 3411 3854; x_wconf 83' lang='lat' dir='ltr'><strong>vicem</strong></span> <span class='ocrx_word' id='word_1_605' title='bbox 3441 3799 3538 3853; x_wconf 79' lang='lat' dir='ltr'><strong>do—</strong></span> 
     </span>
    </p>
   </div>
   <div class='ocr_carea' id='block_1_82' title="bbox 1963 3894 3537 3969">
    <p class='ocr_par' dir='ltr' id='par_1_82' title="bbox 1963 3894 3537 3969">
     <span class='ocr_line' id='line_1_82' title="bbox 1963 3894 3537 3969; baseline -0.008 -12"><span class='ocrx_word' id='word_1_606' title='bbox 1963 3904 2166 3964; x_wconf 73' lang='lat' dir='ltr'><strong>lebant,</strong></span> <span class='ocrx_word' id='word_1_607' title='bbox 2209 3894 2656 3969; x_wconf 83' lang='lat' dir='ltr'><strong>aliquotetiam,</strong></span> <span class='ocrx_word' id='word_1_608' title='bbox 2701 3897 2901 3966; x_wconf 88' lang='lat' dir='ltr'><strong>quibus</strong></span> <span class='ocrx_word' id='word_1_609' title='bbox 2947 3895 3313 3948; x_wconf 79' lang='lat' dir='ltr'><strong>Christianum</strong></span> <span class='ocrx_word' id='word_1_610' title='bbox 3348 3903 3537 3960; x_wconf 80' lang='lat' dir='ltr'><strong>pectus</strong></span> 
     </span>
    </p>
   </div>
   <div class='ocr_carea' id='block_1_83' title="bbox 1965 3986 3540 4063">
    <p class='ocr_par' dir='ltr' id='par_1_83' title="bbox 1965 3986 3540 4063">
     <span class='ocr_line' id='line_1_83' title="bbox 1965 3986 3540 4063; baseline -0.01 -15"><span class='ocrx_word' id='word_1_611' title='bbox 1965 3995 2139 4063; x_wconf 79' lang='lat' dir='ltr'><strong>magis</strong></span> <span class='ocrx_word' id='word_1_612' title='bbox 2177 3993 2452 4059; x_wconf 85' lang='lat' dir='ltr'><strong>sapiebat,</strong></span> <span class='ocrx_word' id='word_1_613' title='bbox 2493 3991 2640 4044; x_wconf 86' lang='lat' dir='ltr'><strong>inter</strong></span> <span class='ocrx_word' id='word_1_614' title='bbox 2674 4006 2734 4043; x_wconf 91' lang='lat' dir='ltr'><strong>se</strong></span> <span class='ocrx_word' id='word_1_615' title='bbox 2783 3989 2962 4042; x_wconf 87' lang='lat' dir='ltr'><strong>tacitis</strong></span> <span class='ocrx_word' id='word_1_616' title='bbox 2994 3986 3245 4039; x_wconf 77' lang='lat' dir='ltr'><strong>laudidus</strong></span> <span class='ocrx_word' id='word_1_617' title='bbox 3280 3993 3540 4036; x_wconf 87' lang='lat' dir='ltr'><strong>constan-</strong></span> 
     </span>
    </p>
   </div>
   <div class='ocr_carea' id='block_1_84' title="bbox 1968 4074 3540 4153">
    <p class='ocr_par' dir='ltr' id='par_1_84' title="bbox 1968 4074 3540 4153">
     <span class='ocr_line' id='line_1_84' title="bbox 1968 4074 3540 4153; baseline -0.011 -13"><span class='ocrx_word' id='word_1_618' title='bbox 1968 4087 2095 4140; x_wconf 88' lang='lat' dir='ltr'><strong>tiam</strong></span> <span class='ocrx_word' id='word_1_619' title='bbox 2133 4083 2357 4153; x_wconf 79' lang='lat' dir='ltr'><strong>virginis</strong></span> <span class='ocrx_word' id='word_1_620' title='bbox 2383 4080 2731 4145; x_wconf 86' lang='lat' dir='ltr'><strong>extollebant,</strong></span> <span class='ocrx_word' id='word_1_621' title='bbox 2763 4079 2904 4149; x_wconf 89' lang='lat' dir='ltr'><strong>quod</strong></span> <span class='ocrx_word' id='word_1_622' title='bbox 2935 4077 3129 4143; x_wconf 65' lang='lat' dir='ltr'><strong>impia</strong></span> <span class='ocrx_word' id='word_1_623' title='bbox 3152 4074 3226 4143; x_wconf 84' lang='lat'><strong>(7)</strong></span> <span class='ocrx_word' id='word_1_624' title='bbox 3246 4086 3540 4140; x_wconf 83' lang='lat' dir='ltr'><strong>proconsu-</strong></span> 
     </span>
    </p>
   </div>
   <div class='ocr_carea' id='block_1_85' title="bbox 1967 4167 3540 4243">
    <p class='ocr_par' dir='ltr' id='par_1_85' title="bbox 1967 4167 3540 4243">
     <span class='ocr_line' id='line_1_85' title="bbox 1967 4167 3540 4243; baseline -0.007 -15"><span class='ocrx_word' id='word_1_625' title='bbox 1967 4175 2033 4232; x_wconf 81' lang='lat' dir='ltr'><strong>lis</strong></span> <span class='ocrx_word' id='word_1_626' title='bbox 2076 4174 2285 4230; x_wconf 88' lang='lat' dir='ltr'><strong>oblatas</strong></span> <span class='ocrx_word' id='word_1_627' title='bbox 2327 4174 2541 4243; x_wconf 86' lang='lat' dir='ltr'><strong>nuptias</strong></span> <span class='ocrx_word' id='word_1_628' title='bbox 2582 4189 2648 4227; x_wconf 91' lang='lat' dir='ltr'><strong>ne</strong></span> <span class='ocrx_word' id='word_1_629' title='bbox 2691 4171 2875 4225; x_wconf 85' lang='lat' dir='ltr'><strong>auditu</strong></span> <span class='ocrx_word' id='word_1_630' title='bbox 2938 4170 3153 4239; x_wconf 80' lang='lat' dir='ltr'><strong>quidem</strong></span> <span class='ocrx_word' id='word_1_631' title='bbox 3205 4167 3418 4236; x_wconf 81' lang='lat' dir='ltr'><strong>dignata</strong></span> <span class='ocrx_word' id='word_1_632' title='bbox 3450 4178 3540 4218; x_wconf 81' lang='lat' dir='ltr'><strong>es-</strong></span> 
     </span>
    </p>
   </div>
   <div class='ocr_carea' id='block_1_86' title="bbox 1968 4257 3539 4337">
    <p class='ocr_par' dir='ltr' id='par_1_86' title="bbox 1968 4257 3539 4337">
     <span class='ocr_line' id='line_1_86' title="bbox 1968 4257 3539 4337; baseline -0.008 -14"><span class='ocrx_word' id='word_1_633' title='bbox 1968 4277 2082 4332; x_wconf 88' lang='lat' dir='ltr'><strong>set;</strong></span> <span class='ocrx_word' id='word_1_634' title='bbox 2121 4269 2350 4337; x_wconf 88' lang='lat' dir='ltr'><strong>ideoque</strong></span> <span class='ocrx_word' id='word_1_635' title='bbox 2392 4267 2567 4320; x_wconf 91' lang='lat' dir='ltr'><strong>solum</strong></span> <span class='ocrx_word' id='word_1_636' title='bbox 2605 4274 2814 4317; x_wconf 80' lang='lat' dir='ltr'><strong>vertere</strong></span> <span class='ocrx_word' id='word_1_637' title='bbox 2863 4263 3136 4331; x_wconf 70' lang='lat' dir='ltr'><strong>sapit-nter</strong></span> <span class='ocrx_word' id='word_1_638' title='bbox 3188 4257 3539 4312; x_wconf 82' lang='lat' dir='ltr'><strong>decrevisset.</strong></span> 
     </span>
    </p>
   </div>
   <div class='ocr_carea' id='block_1_87' title="bbox 1969 4351 3545 4426">
    <p class='ocr_par' dir='ltr' id='par_1_87' title="bbox 1969 4351 3545 4426">
     <span class='ocr_line' id='line_1_87' title="bbox 1969 4351 3545 4426; baseline -0.008 -12"><span class='ocrx_word' id='word_1_639' title='bbox 1969 4360 2229 4417; x_wconf 76' lang='lat' dir='ltr'><strong>Matrona:</strong></span> <span class='ocrx_word' id='word_1_640' title='bbox 2283 4375 2414 4413; x_wconf 84' lang='lat' dir='ltr'><strong>vero</strong></span> <span class='ocrx_word' id='word_1_641' title='bbox 2449 4358 2720 4426; x_wconf 77' lang='lat' dir='ltr'><strong>primaria:</strong></span> <span class='ocrx_word' id='word_1_642' title='bbox 2760 4354 3033 4416; x_wconf 88' lang='lat' dir='ltr'><strong>civitatis,</strong></span> <span class='ocrx_word' id='word_1_643' title='bbox 3071 4351 3267 4420; x_wconf 89' lang='lat' dir='ltr'><strong>quibus</strong></span> <span class='ocrx_word' id='word_1_644' title='bbox 3318 4356 3545 4417; x_wconf 82' lang='lat' dir='ltr'><strong>propter</strong></span> 
     </span>
    </p>
   </div>
   <div class='ocr_carea' id='block_1_88' title="bbox 306 4439 3543 4520">
    <p class='ocr_par' dir='ltr' id='par_1_88' title="bbox 306 4439 3543 4520">
     <span class='ocr_line' id='line_1_88' title="bbox 306 4439 3543 4520; baseline -0.004 -17"><span class='ocrx_word' id='word_1_645' title='bbox 306 4448 474 4504; x_wconf 87' lang='lat' dir='ltr'><strong>lorum</strong></span> <span class='ocrx_word' id='word_1_646' title='bbox 500 4466 564 4506; x_wconf 80' lang='lat' dir='ltr'><strong>ac</strong></span> <span class='ocrx_word' id='word_1_647' title='bbox 586 4451 856 4520; x_wconf 75' lang='lat' dir='ltr'><strong>iustorum</strong></span> <span class='ocrx_word' id='word_1_648' title='bbox 881 4453 1119 4511; x_wconf 82' lang='lat' dir='ltr'><strong>occurrit</strong></span> <span class='ocrx_word' id='word_1_649' title='bbox 1142 4454 1430 4511; x_wconf 82' lang='lat' dir='ltr'><strong>multitudo</strong></span> <span class='ocrx_word' id='word_1_650' title='bbox 1452 4454 1867 4519; x_wconf 79' lang='lat' dir='ltr'><strong>exsultantium,</strong></span> <span class='ocrx_word' id='word_1_651' title='bbox 1898 4451 1941 4507; x_wconf 89' lang='lat' dir='ltr'><strong>D</strong></span> <span class='ocrx_word' id='word_1_652' title='bbox 1974 4452 2291 4517; x_wconf 77' lang='lat' dir='ltr'><strong>nobilitatis,</strong></span> <span class='ocrx_word' id='word_1_653' title='bbox 2326 4466 2486 4520; x_wconf 78' lang='lat' dir='ltr'><strong>apum</strong></span> <span class='ocrx_word' id='word_1_654' title='bbox 2543 4465 2606 4504; x_wconf 87' lang='lat' dir='ltr'><strong>ac</strong></span> <span class='ocrx_word' id='word_1_655' title='bbox 2637 4448 2951 4503; x_wconf 81' lang='lat' dir='ltr'><strong>divitiarum</strong></span> <span class='ocrx_word' id='word_1_656' title='bbox 2988 4445 3187 4497; x_wconf 77' lang='lat' dir='ltr'><strong>lautam</strong></span> <span class='ocrx_word' id='word_1_657' title='bbox 3209 4484 3221 4504; x_wconf 87' lang='lat'><strong>,</strong></span> <span class='ocrx_word' id='word_1_658' title='bbox 3259 4440 3406 4493; x_wconf 80' lang='lat' dir='ltr'><strong>locus</strong></span> <span class='ocrx_word' id='word_1_659' title='bbox 3448 4439 3543 4491; x_wconf 86' lang='lat' dir='ltr'><strong>da-</strong></span> 
     </span>
    </p>
   </div>
   <div class='ocr_carea' id='block_1_89' title="bbox 375 4627 1405 4703">
    <p class='ocr_par' dir='ltr' id='par_1_89' title="bbox 375 4627 1405 4703">
     <span class='ocr_line' id='line_1_89' title="bbox 375 4627 1405 4703; baseline -0.003 -18"><span class='ocrx_word' id='word_1_660' title='bbox 375 4627 574 4685; x_wconf 76' lang='lat' dir='ltr'><strong>‘Joan.</strong></span> <span class='ocrx_word' id='word_1_661' title='bbox 609 4627 845 4695; x_wconf 76' lang='lat' dir='ltr'><strong>xm,25.</strong></span> <span class='ocrx_word' id='word_1_662' title='bbox 918 4628 940 4681; x_wconf 69' lang='lat'><strong>.7</strong></span> <span class='ocrx_word' id='word_1_663' title='bbox 980 4627 1237 4693; x_wconf 79' lang='lat' dir='ltr'><strong>Psal.xv,</strong></span> <span class='ocrx_word' id='word_1_664' title='bbox 1266 4627 1322 4682; x_wconf 89' lang='lat'><strong>8.</strong></span> <span class='ocrx_word' id='word_1_665' title='bbox 1394 4698 1405 4703; x_wconf 86' lang='lat'>_</span> 
     </span>
    </p>
   </div>
   <div class='ocr_carea' id='block_1_90' title="bbox 379 4801 1875 4876">
    <p class='ocr_par' dir='ltr' id='par_1_90' title="bbox 379 4801 1875 4876">
     <span class='ocr_line' id='line_1_90' title="bbox 379 4801 1875 4876; baseline -0.004 -16"><span class='ocrx_word' id='word_1_666' title='bbox 379 4804 454 4876; x_wconf 86' lang='lat'><strong>(6)</strong></span> <span class='ocrx_word' id='word_1_667' title='bbox 480 4803 750 4876; x_wconf 80' lang='lat' dir='ltr'><strong>Videntur</strong></span> <span class='ocrx_word' id='word_1_668' title='bbox 778 4803 1150 4876; x_wconf 89' lang='lat' dir='ltr'><strong>Panormita_ni</strong></span> <span class='ocrx_word' id='word_1_669' title='bbox 1174 4818 1442 4876; x_wconf 87' lang='lat' dir='ltr'><strong>asserere,</strong></span> <span class='ocrx_word' id='word_1_670' title='bbox 1480 4801 1875 4876; x_wconf 81' lang='lat' dir='ltr'><strong>migrassepri-</strong></span> 
     </span>
    </p>
   </div>
   <div class='ocr_carea' id='block_1_91' title="bbox 314 4873 1871 4945">
    <p class='ocr_par' dir='ltr' id='par_1_91' title="bbox 314 4873 1871 4945">
     <span class='ocr_line' id='line_1_91' title="bbox 314 4873 1871 4945; baseline -0.003 -15"><span class='ocrx_word' id='word_1_671' title='bbox 314 4873 454 4930; x_wconf 82' lang='lat' dir='ltr'><strong>mum</strong></span> <span class='ocrx_word' id='word_1_672' title='bbox 494 4874 784 4945; x_wconf 77' lang='lat' dir='ltr'><strong>Agathatu,</strong></span> <span class='ocrx_word' id='word_1_673' title='bbox 814 4874 1360 4945; x_wconf 71' lang='lat' dir='ltr'><strong>adhucinfantulatn,</strong></span> <span class='ocrx_word' id='word_1_674' title='bbox 1393 4888 1513 4927; x_wconf 90' lang='lat' dir='ltr'><strong>eum</strong></span> <span class='ocrx_word' id='word_1_675' title='bbox 1557 4873 1871 4945; x_wconf 77' lang='lat' dir='ltr'><strong>parentibus</strong></span> 
     </span>
    </p>
   </div>
   <div class='ocr_carea' id='block_1_92' title="bbox 313 4943 1876 5013">
    <p class='ocr_par' dir='ltr' id='par_1_92' title="bbox 313 4943 1876 5013">
     <span class='ocr_line' id='line_1_92' title="bbox 313 4943 1876 5013; baseline -0.003 -14"><span class='ocrx_word' id='word_1_676' title='bbox 313 4943 577 5001; x_wconf 82' lang='lat' dir='ltr'><strong>l’anormo</strong></span> <span class='ocrx_word' id='word_1_677' title='bbox 603 4945 898 5010; x_wconf 78' lang='lat' dir='ltr'><strong>Catanam;</strong></span> <span class='ocrx_word' id='word_1_678' title='bbox 934 4943 1115 5012; x_wconf 90' lang='lat' dir='ltr'><strong>ibique</strong></span> <span class='ocrx_word' id='word_1_679' title='bbox 1147 4946 1449 4998; x_wconf 81' lang='lat' dir='ltr'><strong>adolevisse</strong></span> <span class='ocrx_word' id='word_1_680' title='bbox 1479 4962 1493 4995; x_wconf 85' lang='lat'><strong>:</strong></span> <span class='ocrx_word' id='word_1_681' title='bbox 1520 4947 1538 5013; x_wconf 87' lang='lat'>(</span> <span class='ocrx_word' id='word_1_682' title='bbox 1564 4943 1876 5013; x_wconf 57' lang='lat' dir='ltr'><strong>unde_a|io-</strong></span> 
     </span>
    </p>
   </div>
   <div class='ocr_carea' id='block_1_93' title="bbox 313 5011 1877 5084">
    <p class='ocr_par' dir='ltr' id='par_1_93' title="bbox 313 5011 1877 5084">
     <span class='ocr_line' id='line_1_93' title="bbox 313 5011 1877 5084; baseline -0.002 -17"><span class='ocrx_word' id='word_1_683' title='bbox 313 5019 437 5084; x_wconf 92' lang='lat' dir='ltr'><strong>quin</strong></span> <span class='ocrx_word' id='word_1_684' title='bbox 467 5015 866 5072; x_wconf 80' lang='lat' dir='ltr'><strong>Catanensibtzs</strong></span> <span class='ocrx_word' id='word_1_685' title='bbox 911 5015 982 5065; x_wconf 91' lang='lat' dir='ltr'><strong>ita</strong></span> <span class='ocrx_word' id='word_1_686' title='bbox 1031 5011 1221 5068; x_wconf 79' lang='lat' dir='ltr'><strong>luisset</strong></span> <span class='ocrx_word' id='word_1_687' title='bbox 1257 5026 1401 5075; x_wconf 88' lang='lat' dir='ltr'><strong>nota,</strong></span> <span class='ocrx_word' id='word_1_688' title='bbox 1437 5024 1508 5084; x_wconf 86' lang='lat' dir='ltr'><strong>ut</strong></span> <span class='ocrx_word' id='word_1_689' title='bbox 1531 5011 1877 5084; x_wconf 39' lang='lat' dir='ltr'><strong>‘apndQnin-</strong></span> 
     </span>
    </p>
   </div>
   <div class='ocr_carea' id='block_1_94' title="bbox 316 5082 1874 5153">
    <p class='ocr_par' dir='ltr' id='par_1_94' title="bbox 316 5082 1874 5153">
     <span class='ocr_line' id='line_1_94' title="bbox 316 5082 1874 5153; baseline -0.004 -15"><span class='ocrx_word' id='word_1_690' title='bbox 316 5082 515 5139; x_wconf 79' lang='lat' dir='ltr'><strong>tianuut</strong></span> <span class='ocrx_word' id='word_1_691' title='bbox 540 5087 656 5151; x_wconf 78' lang='lat' dir='ltr'><strong>ejus</strong></span> <span class='ocrx_word' id='word_1_692' title='bbox 696 5084 1034 5153; x_wconf 80' lang='lat' dir='ltr'><strong>nobilitatem</strong></span> <span class='ocrx_word' id='word_1_693' title='bbox 1074 5100 1136 5137; x_wconf 87' lang='lat' dir='ltr'><strong>ac</strong></span> <span class='ocrx_word' id='word_1_694' title='bbox 1186 5083 1639 5153; x_wconf 79' lang='lat' dir='ltr'><strong>pulchritudinem</strong></span> <span class='ocrx_word' id='word_1_695' title='bbox 1669 5082 1874 5149; x_wconf 67' lang='lat' dir='ltr'><strong>deprae-</strong></span> 
     </span>
    </p>
   </div>
   <div class='ocr_carea' id='block_1_95' title="bbox 312 5151 1879 5222">
    <p class='ocr_par' dir='ltr' id='par_1_95' title="bbox 312 5151 1879 5222">
     <span class='ocr_line' id='line_1_95' title="bbox 312 5151 1879 5222; baseline -0.003 -13"><span class='ocrx_word' id='word_1_696' title='bbox 312 5155 632 5222; x_wconf 71' lang='lat' dir='ltr'><strong>dit-arent?)</strong></span> <span class='ocrx_word' id='word_1_697' title='bbox 667 5168 731 5207; x_wconf 86' lang='lat' dir='ltr'><strong>ac</strong></span> <span class='ocrx_word' id='word_1_698' title='bbox 757 5153 953 5207; x_wconf 82' lang='lat' dir='ltr'><strong>deinde</strong></span> <span class='ocrx_word' id='word_1_699' title='bbox 988 5151 1327 5208; x_wconf 66' lang='lat' dir='ltr'><strong>Panormum‘</strong></span> <span class='ocrx_word' id='word_1_700' title='bbox 1356 5153 1421 5207; x_wconf 84' lang='lat' dir='ltr'><strong>ad</strong></span> <span class='ocrx_word' id='word_1_701' title='bbox 1448 5153 1591 5205; x_wconf 88' lang='lat' dir='ltr'><strong>lares</strong></span> <span class='ocrx_word' id='word_1_702' title='bbox 1624 5160 1879 5220; x_wconf 83' lang='lat' dir='ltr'><strong>paternos</strong></span> 
     </span>
    </p>
   </div>
   <div class='ocr_carea' id='block_1_96' title="bbox 312 5241 607 5278">
    <p class='ocr_par' dir='ltr' id='par_1_96' title="bbox 312 5241 607 5278">
     <span class='ocr_line' id='line_1_96' title="bbox 312 5241 607 5278; baseline 0 0"><span class='ocrx_word' id='word_1_703' title='bbox 312 5241 607 5278; x_wconf 65' lang='grc' dir='ltr'><strong>νενεξγδιὶιη.</strong></span> 
     </span>
    </p>
   </div>
   <div class='ocr_carea' id='block_1_97' title="bbox 344 5293 1871 5366">
    <p class='ocr_par' dir='ltr' id='par_1_97' title="bbox 344 5293 1871 5366">
     <span class='ocr_line' id='line_1_97' title="bbox 344 5293 1871 5366; baseline -0.006 -17"><span class='ocrx_word' id='word_1_704' title='bbox 344 5322 345 5331; x_wconf 59' lang='grc' dir='ltr'>ι</span> <span class='ocrx_word' id='word_1_705' title='bbox 383 5296 460 5366; x_wconf 80' lang='lat'><strong>(7)</strong></span> <span class='ocrx_word' id='word_1_706' title='bbox 494 5294 774 5364; x_wconf 84' lang='lat' dir='ltr'><strong>Nusquam</strong></span> <span class='ocrx_word' id='word_1_707' title='bbox 808 5298 859 5349; x_wconf 88' lang='lat' dir='ltr'><strong>in</strong></span> <span class='ocrx_word' id='word_1_708' title='bbox 897 5296 1045 5350; x_wconf 70' lang='lat' dir='ltr'><strong>Actis</strong></span> <span class='ocrx_word' id='word_1_709' title='bbox 1072 5295 1392 5366; x_wconf 66' lang='lat' dir='ltr'><strong>Latinis,_ut</strong></span> <span class='ocrx_word' id='word_1_710' title='bbox 1421 5293 1679 5366; x_wconf 75' lang='lat' dir='ltr'><strong>diximus,</strong></span> <span class='ocrx_word' id='word_1_711' title='bbox 1717 5304 1871 5366; x_wconf 83' lang='lat' dir='ltr'><strong>men-</strong></span> 
     </span>
    </p>
   </div>
   <div class='ocr_carea' id='block_1_98' title="bbox 314 5361 1871 5434">
    <p class='ocr_par' dir='ltr' id='par_1_98' title="bbox 314 5361 1871 5434">
     <span class='ocr_line' id='line_1_98' title="bbox 314 5361 1871 5434; baseline -0.004 -16"><span class='ocrx_word' id='word_1_712' title='bbox 314 5361 398 5418; x_wconf 50' lang='lat' dir='ltr'><strong>tio&#39;</strong></span> <span class='ocrx_word' id='word_1_713' title='bbox 430 5361 685 5433; x_wconf 74' lang='lat' dir='ltr'><strong>expressa</strong></span> <span class='ocrx_word' id='word_1_714' title='bbox 723 5369 780 5419; x_wconf 87' lang='lat' dir='ltr'><strong>lit</strong></span> <span class='ocrx_word' id='word_1_715' title='bbox 825 5366 997 5434; x_wconf 71' lang='lat' dir='ltr'><strong>fugae:</strong></span> <span class='ocrx_word' id='word_1_716' title='bbox 1052 5380 1227 5431; x_wconf 86' lang='lat' dir='ltr'><strong>neque</strong></span> <span class='ocrx_word' id='word_1_717' title='bbox 1261 5364 1325 5416; x_wconf 89' lang='lat' dir='ltr'><strong>ad</strong></span> <span class='ocrx_word' id='word_1_718' title='bbox 1371 5363 1584 5430; x_wconf 85' lang='lat' dir='ltr'><strong>nuptias</strong></span> <span class='ocrx_word' id='word_1_719' title='bbox 1634 5361 1871 5434; x_wconf 69' lang='lat' dir='ltr'><strong>espetita</strong></span> 
     </span>
    </p>
   </div>
   <div class='ocr_carea' id='block_1_99' title="bbox 312 5433 1875 5503">
    <p class='ocr_par' dir='ltr' id='par_1_99' title="bbox 312 5433 1875 5503">
     <span class='ocr_line' id='line_1_99' title="bbox 312 5433 1875 5503; baseline -0.006 -17"><span class='ocrx_word' id='word_1_720' title='bbox 312 5437 506 5488; x_wconf 79' lang='lat' dir='ltr'><strong>dicitur</strong></span> <span class='ocrx_word' id='word_1_721' title='bbox 541 5452 566 5486; x_wconf 88' lang='lat' dir='ltr'><strong>a</strong></span> <span class='ocrx_word' id='word_1_722' title='bbox 599 5433 916 5503; x_wconf 84' lang='lat' dir='ltr'><strong>Quintiano,</strong></span> <span class='ocrx_word' id='word_1_723' title='bbox 951 5436 1039 5503; x_wconf 87' lang='lat' dir='ltr'><strong>qui</strong></span> <span class='ocrx_word' id='word_1_724' title='bbox 1077 5449 1297 5486; x_wconf 69' lang='lat' dir='ltr'><strong>uxorem</strong></span> <span class='ocrx_word' id='word_1_725' title='bbox 1332 5433 1587 5492; x_wconf 78' lang='lat' dir='ltr'><strong>habebat,</strong></span> <span class='ocrx_word' id='word_1_726' title='bbox 1643 5433 1732 5503; x_wconf 79' lang='lat' dir='ltr'><strong>sed</strong></span> <span class='ocrx_word' id='word_1_727' title='bbox 1779 5443 1875 5503; x_wconf 53' lang='lat' dir='ltr'><strong>po:</strong></span> 
     </span>
    </p>
   </div>
   <div class='ocr_carea' id='block_1_100' title="bbox 312 5499 1876 5575">
    <p class='ocr_par' dir='ltr' id='par_1_100' title="bbox 312 5499 1876 5575">
     <span class='ocr_line' id='line_1_100' title="bbox 312 5499 1876 5575; baseline -0.005 -17"><span class='ocrx_word' id='word_1_728' title='bbox 312 5505 415 5558; x_wconf 87' lang='lat' dir='ltr'><strong>tius</strong></span> <span class='ocrx_word' id='word_1_729' title='bbox 448 5507 516 5559; x_wconf 86' lang='lat' dir='ltr'><strong>ad</strong></span> <span class='ocrx_word' id='word_1_730' title='bbox 552 5499 828 5575; x_wconf 74' lang='lat' dir='ltr'><strong>stuprum,</strong></span> <span class='ocrx_word' id='word_1_731' title='bbox 866 5523 888 5558; x_wconf 74' lang='grc' dir='ltr'>σ</span> <span class='ocrx_word' id='word_1_732' title='bbox 943 5499 1001 5558; x_wconf 83' lang='lat' dir='ltr'><strong>ut</strong></span> <span class='ocrx_word' id='word_1_733' title='bbox 1032 5504 1120 5572; x_wconf 90' lang='lat' dir='ltr'><strong>qui</strong></span> <span class='ocrx_word' id='word_1_734' title='bbox 1160 5512 1277 5575; x_wconf 86' lang='lat' dir='ltr'><strong>erat</strong></span> <span class='ocrx_word' id='word_1_735' title='bbox 1321 5504 1386 5556; x_wconf 88' lang='lat' dir='ltr'><strong>tle</strong></span> <span class='ocrx_word' id='word_1_736' title='bbox 1421 5516 1623 5575; x_wconf 80' lang='lat' dir='ltr'><strong>genere</strong></span> <span class='ocrx_word' id='word_1_737' title='bbox 1659 5499 1876 5575; x_wconf 79' lang='lat' dir='ltr'><strong>ignobili</strong></span> 
     </span>
    </p>
   </div>
   <div class='ocr_carea' id='block_1_101' title="bbox 315 5570 1879 5647">
    <p class='ocr_par' dir='ltr' id='par_1_101' title="bbox 315 5570 1879 5647">
     <span class='ocr_line' id='line_1_101' title="bbox 315 5570 1879 5647; baseline -0.004 -19"><span class='ocrx_word' id='word_1_738' title='bbox 315 5586 491 5635; x_wconf 87' lang='lat' dir='ltr'><strong>natus.</strong></span> <span class='ocrx_word' id='word_1_739' title='bbox 552 5570 661 5647; x_wconf 70' lang='lat' dir='ltr'><strong>pet&quot;</strong></span> <span class='ocrx_word' id='word_1_740' title='bbox 703 5570 1164 5647; x_wconf 42' lang='lat' dir='ltr'><strong>ltoc&#39;personarct</strong></span> <span class='ocrx_word' id='word_1_741' title='bbox 1219 5574 1283 5625; x_wconf 88' lang='lat' dir='ltr'><strong>ad</strong></span> <span class='ocrx_word' id='word_1_742' title='bbox 1345 5589 1503 5647; x_wconf 78' lang='lat' dir='ltr'><strong>aures</strong></span> <span class='ocrx_word' id='word_1_743' title='bbox 1541 5570 1879 5647; x_wconf 69' lang='lat' dir='ltr'><strong>vulgi,qnod</strong></span> 
     </span>
    </p>
   </div>
   <div class='ocr_carea' id='block_1_102' title="bbox 316 5639 1878 5713">
    <p class='ocr_par' dir='ltr' id='par_1_102' title="bbox 316 5639 1878 5713">
     <span class='ocr_line' id='line_1_102' title="bbox 316 5639 1878 5713; baseline -0.004 -16"><span class='ocrx_word' id='word_1_744' title='bbox 316 5653 501 5700; x_wconf 74' lang='lat' dir='ltr'><strong>tattttts</strong></span> <span class='ocrx_word' id='word_1_745' title='bbox 529 5639 678 5702; x_wconf 60' lang='lat' dir='ltr'><strong>esset</strong></span> <span class='ocrx_word' id='word_1_746' title='bbox 702 5664 765 5700; x_wconf 81' lang='lat' dir='ltr'><strong>ac</strong></span> <span class='ocrx_word' id='word_1_747' title='bbox 800 5639 942 5710; x_wconf 48' lang='lat' dir='ltr'><strong>talis,</strong></span> <span class='ocrx_word' id='word_1_748' title='bbox 980 5646 1068 5713; x_wconf 86' lang='lat' dir='ltr'><strong>qui</strong></span> <span class='ocrx_word' id='word_1_749' title='bbox 1097 5654 1276 5711; x_wconf 83' lang='lat' dir='ltr'><strong>posset</strong></span> <span class='ocrx_word' id='word_1_750' title='bbox 1309 5643 1470 5713; x_wconf 75' lang='lat' dir='ltr'><strong>etiarn</strong></span> <span class='ocrx_word' id='word_1_751' title='bbox 1504 5639 1878 5713; x_wconf 81' lang='lat' dir='ltr'><strong>speclabilinnt</strong></span> 
     </span>
    </p>
   </div>
   <div class='ocr_carea' id='block_1_103' title="bbox 329 5711 1879 5782">
    <p class='ocr_par' dir='ltr' id='par_1_103' title="bbox 329 5711 1879 5782">
     <span class='ocr_line' id='line_1_103' title="bbox 329 5711 1879 5782; baseline -0.006 -11"><span class='ocrx_word' id='word_1_752' title='bbox 329 5730 339 5747; x_wconf 71' lang='grc' dir='ltr'><strong>ι</strong></span> <span class='ocrx_word' id='word_1_753' title='bbox 394 5716 441 5755; x_wconf 59' lang='grc' dir='ltr'>ἠ’</span> <span class='ocrx_word' id='word_1_754' title='bbox 488 5780 492 5782; x_wconf 83' lang='lat'><strong><em>_</em></strong></span> <span class='ocrx_word' id='word_1_755' title='bbox 665 5737 673 5744; x_wconf 95' lang='grc'><strong>·</strong></span> <span class='ocrx_word' id='word_1_756' title='bbox 717 5733 944 5769; x_wconf 49' lang='grc' dir='ltr'><strong>πείνης.</strong></span> <span class='ocrx_word' id='word_1_757' title='bbox 999 5711 1017 5765; x_wconf 68' lang='grc' dir='ltr'><strong>ἰ</strong></span> <span class='ocrx_word' id='word_1_758' title='bbox 1063 5714 1288 5769; x_wconf 74' lang='lat' dir='ltr'><strong>Exstant</strong></span> <span class='ocrx_word' id='word_1_759' title='bbox 1323 5711 1522 5782; x_wconf 80' lang='lat' dir='ltr'><strong>passim</strong></span> <span class='ocrx_word' id='word_1_760' title='bbox 1570 5711 1707 5779; x_wconf 80' lang='lat' dir='ltr'><strong>apud</strong></span> <span class='ocrx_word' id='word_1_761' title='bbox 1744 5712 1879 5763; x_wconf 85' lang='lat' dir='ltr'><strong>scri-</strong></span> 
     </span>
    </p>
   </div>
   <div class='ocr_carea' id='block_1_104' title="bbox 1968 4796 3547 4869">
    <p class='ocr_par' dir='ltr' id='par_1_104' title="bbox 1968 4796 3547 4869">
     <span class='ocr_line' id='line_1_104' title="bbox 1968 4796 3547 4869; baseline -0.004 -17"><span class='ocrx_word' id='word_1_762' title='bbox 1968 4811 2154 4866; x_wconf 89' lang='lat' dir='ltr'><strong>ptores</strong></span> <span class='ocrx_word' id='word_1_763' title='bbox 2184 4799 2428 4869; x_wconf 80' lang='lat' dir='ltr'><strong>exempla</strong></span> <span class='ocrx_word' id='word_1_764' title='bbox 2456 4798 2944 4868; x_wconf 78' lang='lat' dir='ltr'><strong>impnrtnnissima:</strong></span> <span class='ocrx_word' id='word_1_765' title='bbox 2976 4796 3222 4850; x_wconf 88' lang='lat' dir='ltr'><strong>libidinis</strong></span> <span class='ocrx_word' id='word_1_766' title='bbox 3256 4803 3547 4869; x_wconf 60' lang='lat' dir='ltr'><strong>praetorum</strong></span> 
     </span>
    </p>
   </div>
   <div class='ocr_carea' id='block_1_105' title="bbox 1970 4865 3544 4936">
    <p class='ocr_par' dir='ltr' id='par_1_105' title="bbox 1970 4865 3544 4936">
     <span class='ocr_line' id='line_1_105' title="bbox 1970 4865 3544 4936; baseline -0.004 -12"><span class='ocrx_word' id='word_1_767' title='bbox 1970 4865 2356 4924; x_wconf 68' lang='lat' dir='ltr'><strong>Romanorum</strong></span> <span class='ocrx_word' id='word_1_768' title='bbox 2388 4872 2439 4923; x_wconf 92' lang='lat' dir='ltr'><strong>in</strong></span> <span class='ocrx_word' id='word_1_769' title='bbox 2490 4865 2902 4936; x_wconf 72' lang='lat' dir='ltr'><strong>provincialium</strong></span> <span class='ocrx_word' id='word_1_770' title='bbox 2958 4870 3091 4921; x_wconf 84' lang='lat' dir='ltr'><strong>tilias</strong></span> <span class='ocrx_word' id='word_1_771' title='bbox 3145 4883 3208 4919; x_wconf 83' lang='lat' dir='ltr'><strong>ac</strong></span> <span class='ocrx_word' id='word_1_772' title='bbox 3266 4865 3544 4936; x_wconf 67' lang='lat' dir='ltr'><strong>roujtrges.</strong></span> 
     </span>
    </p>
   </div>
   <div class='ocr_carea' id='block_1_106' title="bbox 1970 4931 3549 5009">
    <p class='ocr_par' dir='ltr' id='par_1_106' title="bbox 1970 4931 3549 5009">
     <span class='ocr_line' id='line_1_106' title="bbox 1970 4931 3549 5009; baseline -0.007 -14"><span class='ocrx_word' id='word_1_773' title='bbox 1970 4941 2113 5008; x_wconf 80' lang='lat' dir='ltr'><strong>Lege</strong></span> <span class='ocrx_word' id='word_1_774' title='bbox 2139 4943 2229 5007; x_wconf 90' lang='lat' dir='ltr'><strong>qui</strong></span> <span class='ocrx_word' id='word_1_775' title='bbox 2253 4955 2313 4994; x_wconf 85' lang='lat' dir='ltr'><strong>ea</strong></span> <span class='ocrx_word' id='word_1_776' title='bbox 2341 4931 2576 5009; x_wconf 83' lang='lat' dir='ltr'><strong>requiris</strong></span> <span class='ocrx_word' id='word_1_777' title='bbox 2602 4979 2616 5002; x_wconf 97' lang='lat'><strong>,</strong></span> <span class='ocrx_word' id='word_1_778' title='bbox 2643 4941 2785 5008; x_wconf 86' lang='lat' dir='ltr'><strong>apud</strong></span> <span class='ocrx_word' id='word_1_779' title='bbox 2815 4939 3143 5009; x_wconf 67' lang='lat' dir='ltr'><strong>Ciceroneni</strong></span> <span class='ocrx_word' id='word_1_780' title='bbox 3172 4948 3290 5003; x_wconf 68' lang='lat' dir='ltr'><strong>qure</strong></span> <span class='ocrx_word' id='word_1_781' title='bbox 3318 4931 3378 4985; x_wconf 81' lang='lat' dir='ltr'><strong>C.</strong></span> <span class='ocrx_word' id='word_1_782' title='bbox 3421 4931 3549 5009; x_wconf 65' lang='lat' dir='ltr'><strong>Ver-</strong></span> 
     </span>
    </p>
   </div>
   <div class='ocr_carea' id='block_1_107' title="bbox 1976 5002 3551 5087">
    <p class='ocr_par' dir='ltr' id='par_1_107' title="bbox 1976 5002 3551 5087">
     <span class='ocr_line' id='line_1_107' title="bbox 1976 5002 3551 5087; baseline -0.006 -24"><span class='ocrx_word' id='word_1_783' title='bbox 1976 5002 2077 5064; x_wconf 49' lang='lat' dir='ltr'><strong>res&quot;</strong></span> <span class='ocrx_word' id='word_1_784' title='bbox 2118 5002 2323 5087; x_wconf 70' lang='lat' dir='ltr'><strong>Prmtpr</strong></span> <span class='ocrx_word' id='word_1_785' title='bbox 2358 5002 2434 5087; x_wconf 64' lang='lat' dir='ltr'><strong>i_n&#39;</strong></span> <span class='ocrx_word' id='word_1_786' title='bbox 2465 5011 2652 5087; x_wconf 76' lang='lat' dir='ltr'><strong>eadem</strong></span> <span class='ocrx_word' id='word_1_787' title='bbox 2679 5002 2889 5087; x_wconf 41' lang='lat' dir='ltr'><strong>Sicilia</strong></span> <span class='ocrx_word' id='word_1_788' title='bbox 2942 5002 3222 5087; x_wconf 30' lang='lat' dir='ltr'><strong>gesseriti.</strong></span> <span class='ocrx_word' id='word_1_789' title='bbox 3243 5012 3297 5054; x_wconf 91' lang='lat' dir='ltr'><strong>et</strong></span> <span class='ocrx_word' id='word_1_790' title='bbox 3324 5002 3551 5087; x_wconf 31' lang='grc' dir='ltr'><strong>Διιςξιικὸ,</strong></span> 
     </span>
    </p>
   </div>
   <div class='ocr_carea' id='block_1_108' title="bbox 1984 5071 3547 5148">
    <p class='ocr_par' dir='ltr' id='par_1_108' title="bbox 1984 5071 3547 5148">
     <span class='ocr_line' id='line_1_108' title="bbox 1984 5071 3547 5148; baseline -0.004 -19"><span class='ocrx_word' id='word_1_791' title='bbox 1984 5095 2103 5148; x_wconf 71' lang='lat' dir='ltr'><strong>qua:</strong></span> <span class='ocrx_word' id='word_1_792' title='bbox 2153 5071 2307 5131; x_wconf 69' lang='lat' dir='ltr'><strong>antea</strong></span> <span class='ocrx_word' id='word_1_793' title='bbox 2360 5079 2667 5147; x_wconf 61' lang='lat' dir='ltr'><strong>Lautpswi,</strong></span> <span class='ocrx_word' id='word_1_794' title='bbox 2722 5071 3039 5130; x_wconf 63' lang='lat' dir='ltr'><strong>Sanctorins</strong></span> <span class='ocrx_word' id='word_1_795' title='bbox 3066 5071 3547 5148; x_wconf 71' lang='lat' dir='ltr'><strong>existimat_Quin-</strong></span> 
     </span>
    </p>
   </div>
   <div class='ocr_carea' id='block_1_109' title="bbox 1989 5140 3542 5215">
    <p class='ocr_par' dir='ltr' id='par_1_109' title="bbox 1989 5140 3542 5215">
     <span class='ocr_line' id='line_1_109' title="bbox 1989 5140 3542 5215; baseline -0.006 -13"><span class='ocrx_word' id='word_1_796' title='bbox 1989 5140 2191 5202; x_wconf 57' lang='lat' dir='ltr'><strong>t&#39;iaunm</strong></span> <span class='ocrx_word' id='word_1_797' title='bbox 2225 5140 2576 5215; x_wconf 71' lang='lat' dir='ltr'><strong>Sillijullgél&#39;e</strong></span> <span class='ocrx_word' id='word_1_798' title='bbox 2610 5148 2954 5199; x_wconf 84' lang='lat' dir='ltr'><strong>matrimonio</strong></span> <span class='ocrx_word' id='word_1_799' title='bbox 2989 5146 3248 5212; x_wconf 76' lang='lat' dir='ltr'><strong>Agatham</strong></span> <span class='ocrx_word' id='word_1_800' title='bbox 3285 5140 3542 5215; x_wconf 67' lang='lat' dir='ltr'><strong>voluisse.</strong></span> 
     </span>
    </p>
   </div>
   <div class='ocr_carea' id='block_1_110' title="bbox 1986 5210 3550 5286">
    <p class='ocr_par' dir='ltr' id='par_1_110' title="bbox 1986 5210 3550 5286">
     <span class='ocr_line' id='line_1_110' title="bbox 1986 5210 3550 5286; baseline -0.006 -14"><span class='ocrx_word' id='word_1_801' title='bbox 1986 5219 2284 5286; x_wconf 73' lang='lat' dir='ltr'><strong>Qui.igitttr</strong></span> <span class='ocrx_word' id='word_1_802' title='bbox 2316 5210 2487 5285; x_wconf 76' lang='lat' dir='ltr'><strong>putuit</strong></span> <span class='ocrx_word' id='word_1_803' title='bbox 2539 5210 3157 5286; x_wconf 69' lang='lat' dir='ltr'><strong>prudentissimavirgo</strong></span> <span class='ocrx_word' id='word_1_804' title='bbox 3183 5225 3276 5286; x_wconf 74' lang='lat' dir='ltr'><strong>qu.</strong></span> <span class='ocrx_word' id='word_1_805' title='bbox 3316 5227 3354 5263; x_wconf 90' lang='lat' dir='ltr'><strong>I.</strong></span> <span class='ocrx_word' id='word_1_806' title='bbox 3411 5228 3464 5261; x_wconf 84' lang='lat' dir='ltr'><strong>ll.</strong></span> <span class='ocrx_word' id='word_1_807' title='bbox 3492 5210 3550 5274; x_wconf 85' lang='lat'><strong>5,</strong></span> 
     </span>
    </p>
   </div>
   <div class='ocr_carea' id='block_1_111' title="bbox 1980 5282 3554 5350">
    <p class='ocr_par' dir='ltr' id='par_1_111' title="bbox 1980 5282 3554 5350">
     <span class='ocr_line' id='line_1_111' title="bbox 1980 5282 3554 5350; baseline -0.004 -11"><span class='ocrx_word' id='word_1_808' title='bbox 1980 5282 2191 5350; x_wconf 51' lang='lat' dir='ltr'><strong>optare,</strong></span> <span class='ocrx_word' id='word_1_809' title='bbox 2228 5298 2285 5339; x_wconf 88' lang='lat' dir='ltr'><strong>ut</strong></span> <span class='ocrx_word' id='word_1_810' title='bbox 2312 5282 2431 5340; x_wconf 83' lang='lat' dir='ltr'><strong>talis</strong></span> <span class='ocrx_word' id='word_1_811' title='bbox 2468 5282 2613 5339; x_wconf 77' lang='lat' dir='ltr'><strong>esset</strong></span> <span class='ocrx_word' id='word_1_812' title='bbox 2646 5300 2781 5337; x_wconf 76' lang='lat' dir='ltr'><strong>uxor</strong></span> <span class='ocrx_word' id='word_1_813' title='bbox 2803 5284 3083 5350; x_wconf 75' lang='lat' dir='ltr'><strong>Quintiani</strong></span> <span class='ocrx_word' id='word_1_814' title='bbox 3114 5282 3289 5349; x_wconf 84' lang='lat' dir='ltr'><strong>qualis</strong></span> <span class='ocrx_word' id='word_1_815' title='bbox 3323 5286 3554 5350; x_wconf 75' lang='lat' dir='ltr'><strong>deasna</strong></span> 
     </span>
    </p>
   </div>
   <div class='ocr_carea' id='block_1_112' title="bbox 1980 5348 3558 5420">
    <p class='ocr_par' dir='ltr' id='par_1_112' title="bbox 1980 5348 3558 5420">
     <span class='ocr_line' id='line_1_112' title="bbox 1980 5348 3558 5420; baseline -0.007 -10"><span class='ocrx_word' id='word_1_816' title='bbox 1980 5348 2184 5420; x_wconf 74' lang='lat' dir='ltr'><strong>Venus,</strong></span> <span class='ocrx_word' id='word_1_817' title='bbox 2217 5357 2261 5409; x_wconf 88' lang='lat' dir='ltr'><strong>si</strong></span> <span class='ocrx_word' id='word_1_818' title='bbox 2311 5358 2513 5409; x_wconf 72' lang='lat' dir='ltr'><strong>sriehat</strong></span> <span class='ocrx_word' id='word_1_819' title='bbox 2540 5370 2660 5406; x_wconf 88' lang='lat' dir='ltr'><strong>eum</strong></span> <span class='ocrx_word' id='word_1_820' title='bbox 2686 5348 2855 5407; x_wconf 74' lang='lat' dir='ltr'><strong>uxore</strong></span> <span class='ocrx_word' id='word_1_821' title='bbox 2877 5368 3086 5414; x_wconf 61' lang='lat' dir='ltr'><strong>curere,</strong></span> <span class='ocrx_word' id='word_1_822' title='bbox 3118 5348 3282 5419; x_wconf 65' lang='lat' dir='ltr'><strong>Seque</strong></span> <span class='ocrx_word' id='word_1_823' title='bbox 3318 5353 3382 5402; x_wconf 89' lang='lat' dir='ltr'><strong>ad</strong></span> <span class='ocrx_word' id='word_1_824' title='bbox 3425 5348 3558 5418; x_wconf 83' lang='lat' dir='ltr'><strong>legi-</strong></span> 
     </span>
    </p>
   </div>
   <div class='ocr_carea' id='block_1_113' title="bbox 1985 5420 3549 5493">
    <p class='ocr_par' dir='ltr' id='par_1_113' title="bbox 1985 5420 3549 5493">
     <span class='ocr_line' id='line_1_113' title="bbox 1985 5420 3549 5493; baseline -0.005 -14"><span class='ocrx_word' id='word_1_825' title='bbox 1985 5430 2175 5479; x_wconf 87' lang='lat' dir='ltr'><strong>timum</strong></span> <span class='ocrx_word' id='word_1_826' title='bbox 2210 5427 2514 5493; x_wconf 78' lang='lat' dir='ltr'><strong>conjugiuut</strong></span> <span class='ocrx_word' id='word_1_827' title='bbox 2547 5425 2763 5490; x_wconf 78' lang='lat' dir='ltr'><strong>expeti?</strong></span> <span class='ocrx_word' id='word_1_828' title='bbox 2788 5424 2941 5493; x_wconf 80' lang='lat' dir='ltr'><strong>Quod</strong></span> <span class='ocrx_word' id='word_1_829' title='bbox 2980 5434 3164 5493; x_wconf 79' lang='lat' dir='ltr'><strong>votum</strong></span> <span class='ocrx_word' id='word_1_830' title='bbox 3205 5420 3440 5493; x_wconf 70' lang='lat' dir='ltr'><strong>Vtrg‘nis</strong></span> <span class='ocrx_word' id='word_1_831' title='bbox 3476 5422 3549 5471; x_wconf 86' lang='lat' dir='ltr'><strong>ita</strong></span> 
     </span>
    </p>
   </div>
   <div class='ocr_carea' id='block_1_114' title="bbox 1983 5489 3556 5562">
    <p class='ocr_par' dir='ltr' id='par_1_114' title="bbox 1983 5489 3556 5562">
     <span class='ocr_line' id='line_1_114' title="bbox 1983 5489 3556 5562; baseline -0.006 -12"><span class='ocrx_word' id='word_1_832' title='bbox 1983 5499 2125 5550; x_wconf 80' lang='lat' dir='ltr'><strong>idem</strong></span> <span class='ocrx_word' id='word_1_833' title='bbox 2157 5489 2474 5549; x_wconf 69' lang='lat' dir='ltr'><strong>Sani-torius</strong></span> <span class='ocrx_word' id='word_1_834' title='bbox 2507 5494 2728 5562; x_wconf 80' lang='lat' dir='ltr'><strong>exponit</strong></span> <span class='ocrx_word' id='word_1_835' title='bbox 2762 5510 2776 5546; x_wconf 84' lang='lat'><strong>:</strong></span> <span class='ocrx_word' id='word_1_836' title='bbox 2816 5490 3236 5562; x_wconf 57' lang='lat' dir='ltr'><strong>Rogaboleeutn</strong></span> <span class='ocrx_word' id='word_1_837' title='bbox 3273 5489 3556 5544; x_wconf 73' lang='lat' dir='ltr'><strong>Christum</strong></span> 
     </span>
    </p>
   </div>
   <div class='ocr_carea' id='block_1_115' title="bbox 1987 5562 3560 5628">
    <p class='ocr_par' dir='ltr' id='par_1_115' title="bbox 1987 5562 3560 5628">
     <span class='ocr_line' id='line_1_115' title="bbox 1987 5562 3560 5628; baseline -0.006 -8"><span class='ocrx_word' id='word_1_838' title='bbox 1987 5568 2271 5620; x_wconf 79' lang='lat' dir='ltr'><strong>Dontinnnt</strong></span> <span class='ocrx_word' id='word_1_839' title='bbox 2306 5580 2505 5624; x_wconf 83' lang='lat' dir='ltr'><strong>meum,</strong></span> <span class='ocrx_word' id='word_1_840' title='bbox 2541 5576 2599 5616; x_wconf 92' lang='lat' dir='ltr'><strong>ut</strong></span> <span class='ocrx_word' id='word_1_841' title='bbox 2655 5578 2794 5617; x_wconf 78' lang='lat' dir='ltr'><strong>uxor</strong></span> <span class='ocrx_word' id='word_1_842' title='bbox 2847 5574 2934 5616; x_wconf 87' lang='lat' dir='ltr'><strong>tua</strong></span> <span class='ocrx_word' id='word_1_843' title='bbox 2968 5563 2985 5628; x_wconf 86' lang='lat'><strong>(</strong></span> <span class='ocrx_word' id='word_1_844' title='bbox 3019 5563 3065 5615; x_wconf 91' lang='lat' dir='ltr'><strong>si</strong></span> <span class='ocrx_word' id='word_1_845' title='bbox 3103 5562 3260 5615; x_wconf 90' lang='lat' dir='ltr'><strong>thoro</strong></span> <span class='ocrx_word' id='word_1_846' title='bbox 3322 5563 3560 5614; x_wconf 75' lang='lat' dir='ltr'><strong>fortasse</strong></span> 
     </span>
    </p>
   </div>
   <div class='ocr_carea' id='block_1_116' title="bbox 1990 5630 3560 5705">
    <p class='ocr_par' dir='ltr' id='par_1_116' title="bbox 1990 5630 3560 5705">
     <span class='ocr_line' id='line_1_116' title="bbox 1990 5630 3560 5705; baseline -0.004 -17"><span class='ocrx_word' id='word_1_847' title='bbox 1990 5654 2047 5688; x_wconf 83' lang='lat' dir='ltr'><strong>es</strong></span> <span class='ocrx_word' id='word_1_848' title='bbox 2079 5634 2353 5704; x_wconf 76' lang='lat' dir='ltr'><strong>ttll&#39;gultls)</strong></span> <span class='ocrx_word' id='word_1_849' title='bbox 2394 5633 2791 5705; x_wconf 33' lang='lat' dir='ltr'><strong>talis‘muribus</strong></span> <span class='ocrx_word' id='word_1_850' title='bbox 2832 5643 2888 5690; x_wconf 87' lang='lat' dir='ltr'><strong>et</strong></span> <span class='ocrx_word' id='word_1_851' title='bbox 2925 5633 3094 5705; x_wconf 82' lang='lat' dir='ltr'><strong>gloria</strong></span> <span class='ocrx_word' id='word_1_852' title='bbox 3125 5633 3321 5689; x_wconf 83' lang='lat' dir='ltr'><strong>evadat</strong></span> <span class='ocrx_word' id='word_1_853' title='bbox 3378 5630 3560 5700; x_wconf 84' lang='lat' dir='ltr'><strong>qualis</strong></span> 
     </span>
    </p>
   </div>
   <div class='ocr_carea' id='block_1_117' title="bbox 1990 5701 2758 5775">
    <p class='ocr_par' dir='ltr' id='par_1_117' title="bbox 1990 5701 2758 5775">
     <span class='ocr_line' id='line_1_117' title="bbox 1990 5701 2758 5775; baseline -0.008 -15"><span class='ocrx_word' id='word_1_854' title='bbox 1990 5701 2233 5760; x_wconf 82' lang='lat' dir='ltr'><strong>atuoruin</strong></span> <span class='ocrx_word' id='word_1_855' title='bbox 2270 5701 2451 5775; x_wconf 73' lang='lat' dir='ltr'><strong>regina</strong></span> <span class='ocrx_word' id='word_1_856' title='bbox 2490 5701 2696 5758; x_wconf 73' lang='lat' dir='ltr'><strong>Venus.</strong></span> <span class='ocrx_word' id='word_1_857' title='bbox 2737 5721 2758 5754; x_wconf 70' lang='grc' dir='ltr'><strong><em>ι</em></strong></span> 
     </span>
    </p>
   </div>
  </div>
