3950 6166
365 325 509 392 1:279

1389 335 1455 398 S.
1492 335 1872 397 METEODII
1914 336 2423 398 PATRIARCHJE
2457 338 2569 400 CP.

3502 335 3636 405 1280

366 447 456 495 tus
491 437 667 495 fuerat
708 454 735 493 a
788 442 1152 511 satellitibus,
1183 445 1250 499 ad
1283 445 1551 515 Agatham
1598 449 1939 503 salutandam
1974 456 2018 512 Α
2049 449 2540 522 Hierosolymitano
2575 452 2774 520 templo
2803 466 2956 516 usus,
2991 451 3179 511 laudes
3225 452 3337 509 Deo
3380 453 3639 511 fundebat

365 531 713 599 accedentes,
741 531 792 586 in
820 534 1006 588 osculo
1042 547 1233 591 saneto
1273 551 1391 590 eam
1423 550 1815 608 susceperunt;
1848 543 1943 594 de-

366 635 473 688 que
502 621 676 675 reditu
714 623 1001 691 gratulatte
1047 626 1288 680 animum
1334 625 1566 695 faciunt,
1601 638 1663 683 ut
1709 632 1945 684 stadium

367 725 524 777 suum
560 714 811 768 conficiat
851 716 1053 769 virtute
1104 716 1327 785 dignum
1380 736 1394 773 :
1429 728 1486 772 et
1518 734 1638 787 qua:
1666 722 1786 773 1am
1825 737 1948 775 con-

367 812 577 859 alantur
596 806 773 871 primo
803 807 1102 861 certamine
1136 810 1415 863 servandae
1453 808 1664 881 Spouso
1709 827 1809 866 suo
1842 813 1949 866 vir-

367 897 613 965 ginitatis
636 898 817 951 solum
849 900 1130 968 migrando
1152 904 1417 967 cucurrit,
1448 918 1512 958 ac
1541 904 1794 975 fugiendo
1823 920 1950 976 per-

369 988 498 1041 vicit
544 989 790 1054 hostem;
826 1005 970 1045 nunc
1017 992 1071 1044 in
1104 992 1285 1047 altero
1313 1008 1487 1064 agone
1521 1010 1619 1063 pro
1653 997 1771 1050 fidei
1822 1001 1950 1067 pr'o-

367 1077 794 1148 fessionensque
828 1086 899 1135 ad
921 1093 1155 1137 mortem
1186 1086 1407 1142 fortiter
1422 1087 1757 1154 dimicando,
1783 1090 1953 1157 Quin»

369 1168 573 1223 tinuum
636 1170 908 1237 debellet,
951 1188 1015 1229 ac
1081 1176 1361 1232 moriendo
1430 1178 1666 1248 gloriose
1733 1182 1949 1235 tandem

368 1264 684 1334 triumphet.
714 1265 804 1319 llla
835 1281 982 1333 vere,
1003 1266 1149 1323 Meas
1171 1270 1541 1339 ,inquit,spes
1560 1273 1614 1326 in
1642 1273 1750 1326 Deo
1789 1273 1954 1328 collo-

368 1359 531 1411 cavi:
584 1356 702 1424 ejus
746 1359 876 1412 mihi
941 1357 1117 1415 Filius
1142 1361 1288 1414 vires
1341 1362 1591 1417 sufficiet.
1643 1362 1772 1431 Ejus
1809 1364 1953 1419 freta

368 1448 604 1513 auxiliis,
658 1451 872 1521 tyranni
931 1452 1129 1515 minus,
1167 1452 1431 1517 verbera,
1489 1463 1782 1519 tormenta,
1826 1471 1961 1510 cru-'

368 1540 562 1601 cintus,
605 1552 835 1595 mortem
863 1541 1096 1611 denique
1128 1546 1315 1613 ipsam
1365 1543 1758 1600 deviacendam
1793 1560 1965 1615 spero

366 1641 529 1701 atque
555 1640 702 1699 opto.

440 1724 527 1777 i2.
559 1724 765 1779 Praeses
800 1740 952 1788 vero,
983 1726 1072 1779 ubi
1104 1726 1314 1795 accepit
1345 1726 1621 1796 Agatham
1657 1727 1723 1781 ad
1759 1727 1963 1783 urbem

2048 554 2111 599 ac
2142 557 2364 612 preces;
2395 542 2593 611 quibus
2621 558 2650 597 a
2685 544 2793 598 Deo
2824 544 3047 607 auditis,
3077 561 3144 601 ex
3168 560 3265 601 ore
3284 547 3452 615 piscis
3480 551 3637 603 vivus

2048 632 2255 702 ejectus
2284 632 2336 685 iu
2385 640 2589 685 terram
2635 632 2847 701 publice
2885 634 3370 690 concionabundus
3417 651 3623 706 magum

2049 723 2286 777 civitatis
2312 722 2475 774 saluti
2499 722 2793 776 consuluit.
2821 720 2901 776 Tu
2930 737 3079 788 vero,
3110 723 3343 788 Agatha,
3377 740 3503 778 vere
3537 724 3634 779 tibi

2051 814 2206 883 virgo
2247 814 2422 878 bona,
2455 814 2592 867 bona
2636 815 2833 883 quippe
2867 816 3068 884 quibus
3101 826 3246 870 tuam
3294 817 3350 874 in
3392 820 3644 875 maximis

2051 906 2311 960 arumnis
2334 907 2694 959 constantiam
2721 908 3059 962 intuentibus
3078 949 3093 974 ,
3124 918 3286 979 atque
3320 911 3644 964 admiranti-

2052 996 2153 1051 bus
2202 997 2479 1064 specimen
2510 996 2941 1050 cltristianarnm
2988 998 3248 1051 virtutum
3303 999 3533 1063 dedisti;
3569 1002 3641 1055 ita

2053 1096 2111 1141 ut
2145 1101 2321 1154 neque
2350 1085 2667 1140 divitiarum
2726 1084 3239 1154 pollicitationibus,
3289 1102 3466 1156 neque
3514 1103 3641 1155 pro-

2053 1177 2247 1247 positis
2277 1176 2601 1231 deliciarum
2635 1176 3091 1240 oblectamentis,
3145 1192 3319 1245 neqne
3364 1179 3502 1232 adeo
3534 1190 3644 1233 tor-

2055 1279 2361 1325 mentorum
2396 1269 2560 1322 minis
2588 1283 2651 1322 ac
2688 1267 2970 1338 periculis,
2995 1284 3170 1337 neque
3192 1284 3319 1324 vero
3345 1270 3643 1338 imperato-

2054 1363 2141 1417 ris
2167 1361 2315 1416 Decii
2351 1359 2571 1414 decreto
2594 1360 2667 1415 de
2709 1360 3009 1414 subeundis
3034 1358 3243 1415 ultimis
3282 1363 3642 1428 cruciatibus,

2057 1452 2317 1508 dimoveri
2348 1452 2599 1521 potueris
2627 1465 2655 1504 a
2720 1451 3002 1520 proposito
3039 1449 3324 1505 servandae
3355 1452 3644 1520 virginita-

2060 1546 2149 1611 tis,
2179 1546 2413 1616 fideique
2458 1543 2783 1598 Christiana:
2838 1542 3196 1612 professione.
3253 1543 3386 1597 Eras
3441 1547 3645 1615 quippe

2059 1637 2211 1708 quasi
2237 1636 2423 1691 firmus
2454 1636 2507 1689 in
2541 1634 2729 1704 pelago
2771 1635 3058 1705 scOpulns,
3093 1635 3184 1705 qui
3229 1645 3512 1690 ventorum
3546 1635 3645 1690 lla-

2062 1741 2176 1795 tns,
2202 1729 2562 1799 ingruentium
2596 1727 2899 1797 pluviarum
2932 1727 3137 1797 lapsus,
3167 1728 3510 1783 frementium
3538 1744 3642 1783 utt-

368 1815 686 1882 adventare,
720 1827 779 1870 ut
811 1815 1501 1886 aiiquantisperturbatam
1536 1819 1814 1874 civitatem
1837 1860 1853 1887 ,
1885 1836 1951 1876 ac
1981 1814 2023 1871 Β
2052 1825 2241 1878 durum
2287 1822 2522 1891 impetus
2548 1818 2849 1874 contemnit
2896 1819 3077 1887 potius
3131 1834 3306 1889 quam
3334 1821 3515 1887 timet,-
3560 1820 3644 1879 di-

369 1907 671 1976 prtesertim
712 1908 927 1962 animos
976 1910 1503 1979 consanguineorum
1552 1912 1839 1978 mulceret,
1896 1913 1951 1968 in

367 1996 708 2063 Aphrodisia:
746 1998 944 2053 nobilis
972 1996 1222 2065 feminae,
1276 2001 1371 2055 sed
1424 1998 1652 2055 famosa:
1675 2041 1693 2067 ,
1730 1999 1952 2055 domum

368 2086 643 2143 divertere
670 2088 841 2156 illam,
868 2098 1031 2158 atque
1062 2090 1621 2146 honorificentissime
1654 2091 1830 2161 excipi
1861 2092 1955 2161 ju-

367 2175 481 2241 bet,
509 2191 706 2232 cavens
756 2193 824 2233 ne
862 2178 1096 2247 aliquem
1119 2194 1187 2233 ex
1219 2180 1535 2250 propinquis
1557 2180 1673 2248 ejus
1703 2181 1830 2236 illuc
1871 2181 1956 2235 in-

371 2268 579 2324 troduci
612 2280 905 2337 pateretur.
940 2272 1184 2338 Qrttetibi
1213 2286 1368 2326 mens
1390 2274 1557 2328 animi
1589 2284 1717 2330 tunc
1751 2275 1951 2341 inerat,

371 2361 539 2429 Virgo
586 2364 932 2431 integerrima
955 2402 971 2427 ,
1013 2379 1139 2419 cum
1175 2372 1226 2420 te
1276 2364 1544 2419 inclusam
1579 2366 1870 2436 spectabas
1901 2367 1969 2421 in:

373 2452 467 2508 illo
510 2453 890 2519 Aphrodisias,
932 2464 1237 2522 novemque
1295 2454 1739 2509 muliercularum
1797 2457 1967 2510 matrii

372 2559 473 2615 per
499 2560 660 2614 quam
697 2545 997 2608 similium,
1025 2546 1330 2616 prnstibulo
1365 2547 1566 2615 potius,
1599 2563 1760 2616 quam
1799 2549 1957 2603 nobi-

374 2636 503 2691 lium
536 2637 762 2693 honesta
787 2637 987 2691 domo?
1037 2637 1304 2704 Quidnam
1339 2638 1524 2691 animo
1558 2638 1807 2707 virginali
1847 2655 1959 2694 rne-

375 2728 635 2783 ditabaris
667 2729 718 2782 in
760 2729 980 2784 sordido
1008 2730 1096 2783 illo
1124 2729 1415 2789 infantium
1443 2727 1697 2784 Sirenum
1733 2745 1958 2785 rtenoso

375 2821 618 2890 lupanari
672 2823 874 2888 verius,
912 2839 1079 2893 quam
1111 2831 1347 2889 remoto,
1380 2823 1651 2894 dignoque
1689 2825 1956 2894 virginum

376 2914 668 2984 gynaeceo?
694 2915 811 2969 Non
850 2931 1043 2970 vereor
1067 2955 1083 2979 ,
1117 2930 1186 2969 ne
1243 2930 1351 2969 non
1411 2924 1466 2970 tu
1504 2917 1764 2971 honestas
1799 2930 1969 2972 aures

377 3004 624 3077 profanis
677 3007 894 3062 illarum
952 3008 1376 3063 incantamentis
1420 3009 1802 3079 ,ohturaveris,
1862 3010 1967 3065 sed.

377 3098 521 3154 scire
548 3115 681 3153 sane
701 3100 896 3168 gestio,
928 3100 974 3153 si
1010 3099 1096 3153 fas
1124 3109 1306 3163 esset,
1359 3098 1413 3153 in
1460 3113 1723 3178 quasnam
1776 3115 1957 3154 rerum

2054 1915 2379 1984 stringitque
2407 1910 2621 1974 fortius,
2653 1925 2814 1979 quam
2842 1908 2950 1963 illis
2979 1910 3146 1963 cedit.

2127 2006 2216 2060 14.
2253 2004 2399 2071 Quas
2419 2003 2638 2071 quidem
2681 2000 2907 2072 Agetlne
2940 2000 3170 2056 virtutes
3202 2014 3329 2055 eum
3362 2008 3507 2055 esset
3544 2000 3644 2054 ad-

2057 2099 2252 2151 mirata
2302 2095 2499 2150 omnis‘
2539 2094 2629 2146 illa
2694 2091 3134 2147 muliercularum
3202 2091 3505 2157 colluvies,
3567 2090 3637 2145 ad
3680 2164 3693 2171 1

2057 2187 2406 2255 Quintianum
2444 2184 2622 2254 pergit
2655 2183 3000 2252 Aphrodisia,
3050 2183 3379 2250 nuntiatque
3421 2196 3544 2237 sese
3576 2197 3641 2237 ac

2000 2326 2005 2329 _
2057 2280 2197 2335 ﬁlias
2228 2292 2448 2347 operam
2475 2275 2806 2346 perdidisse;
2844 2273 3165 2344 faciliusque
3185 2272 3380 2327 Etnea
3417 2274 3561 2327 saxa
3586 2274 3645 2329 in

2058 2385 2236 2425 ceram
2267 2367 2547 2428 converti,
2578 2378 2740 2434 quam
2770 2365 2999 2434 Agathte
3041 2378 3139 2418 cor
3184 2366 3237 2417 in
3272 2364 3644 2437 obstinatione

2058 2462 2443 2517 conservandae
2480 2457 2700 2512 Christo
2728 2455 3063 2524 virglnitatis
3103 2455 3432 2508 obduratum
3469 2453 3641 2508 emol-

2061 2553 2145 2607 liri
2175 2550 2570 2621 aliquantulum
2615 2562 2794 2618 posse.
2842 2547 2977 2600 Tum
3039 2546 3128 2601 ille
3177 2547 3243 2599 ad
3291 2561 3448 2600 suum
3486 2544 3643 2601 citari

2061 2647 2329 2715 virginem
2376 2642 2611 2697 tribunal
2643 2640 2948 2711 jubet;qni
3008 2650 3357 2694 renascentes
3404 2640 3645 2708 pristina:

2060 2736 2375 2808 cupiditatis
2400 2735 2601 2803 ira-que
2627 2733 2879 2786 flammas-
2904 2746 3037 2786 cunr
3059 2731 3148 2785 diu
3189 2745 3283 2801 per
3315 2742 3492 2785 astum
3525 2724 3649 2802 sup;

2060 2828 2369 2897 pressisset,
2411 2826 2591 2879 At'tnaz
2625 2823 2840 2887 similis,
2880 2837 3041 2890 quem
3078 2836 3183 2874 non
3222 2836 3438 2890 seraper
3460 2821 3641 2888 ignem

2059 2922 2126 2975 ab
2152 2918 2437 2975 horrendis
2468 2916 2711 2970 faucibus
2754 2914 3007 2983 ejacnlari
3050 2911 3251 2977 ferunt,
3277 2912 3371 2968 sed
3409 2914 3643 2982 quibus-

2060 3012 2184 3066 dam
2234 3007 2535 3076 interiectis
2594 3016 2899 3074 temporum
2956 3001 3256 3057 intervallis
3325 3003 3651 3059 ebullientcs

2063 3104 2207 3158 intus
2238 3099 2489 3155 flammas
2519 3099 2611 3153 ubi
2644 3097 2941 3160 continuit,
2974 3096 3224 3164 protinus
3260 3093 3496 3163 majores
3521 3111 3647 3150 evo-

378 3190 679 3244 divinarum
714 3191 1096 3246 meditationes
1128 3191 1272 3260 ipsos
1319 3192 1542 3262 triginta
1585 3191 1703 3245 dies
1730 3201 1947 3244 noctes-
1988 3183 2031 3242 C
2067 3192 2387 3261 rnitignilos
2429 3189 2641 3253 ﬂuvios,
2679 3189 2977 3259 globosque
3025 3186 3344 3257 eiaculatur.
3393 3183 3481 3250 Et,
3521 3186 3649 3241 Seio

380 3294 488 3351 que
548 3279 951 3336 sanctissimam
1021 3291 1260 3336 mentem
1316 3291 1460 3336 tuam
1522 3279 1801 3335 deiiseris.
1855 3278 1964 3335 Sed

378 3372 634 3444 quoniam
661 3373 1019 3442 b:ec,qnibus
1056 3373 1192 3426 nihil
1221 3373 1476 3426 arcanius
1509 3383 1635 3425 esse
1656 3372 1837 3437 debet,
1868 3385 1971 3426 nos

381 3465 641 3521 mortales
665 3467 734 3519 de
766 3474 819 3519 te
856 3466 911 3518 in
936 3466 1079 3520 etelo
1099 3464 1330 3534 degente
1366 3465 1555 3520 audire
1593 3478 1700 3519 non
1732 3464 1880 3526 licet,
1902 3463 1967 3516 li-

381 3565 502 3612 ceat
532 3557 661 3611 mihi
710 3564 859 3613 certe
909 3572 1073 3623 nunc,
1115 3557 1321 3612 sanc'tis
1368 3557 1504 3611 viris
1535 3557 1628 3626 qui
1676 3556 1729 3610 in
1779 3556 1970 3625 hujus-

383 3649 527 3704 modi
566 3649 907 3705 calamitates
939 3650 1266 3709 inciderunt.
1322 3656 1374 3705 te
1423 3663 1767 3720 comparare.

454 3761 542 3816 l5.
596 3761 734 3828 Quid
778 3763 977 3816 etenim
1016 3772 1064 3817 te
1090 3761 1366 3833 Virginem
1417 3761 1817 3815 sanctissimam
1866 3759 1969 3813 Da-

383 3852 491 3906 vidi
516 3867 677 3923 quam
705 3853 1039 3907 simillimam
1058 3854 1319 3923 judicem,
1352 3853 1445 3921 qui
1474 3852 1656 3908 Saulis
1694 3853 1835 3921 regis
1884 3850 1970 3904 fu-

383 3958 561 4000 rorem
595 3944 871 3999 declinans
907 3946 959 4000 in
993 3943 1231 3999 ferarum
1266 3945 1539 4013 speluncis
1571 3944 1821 3998 lutitabat
1853 3944 1970 4012 qui-

384 4035 507 4091 dem
535 4078 549 4102 ,
588 4037 681 4091 sed
712 4036 908 4091 ibidem
939 4051 1063 4091 cum
1096 4036 1205 4089 Deo
1229 4036 1548 4104 colloquens
1571 4075 1587 4100 ,
1622 4036 1763 4090 sicut
1792 4035 1843 4088 in
1876 4050 1969 4087 att-

384 4138 541 4199 gusto
573 4136 628 4182 et
664 4129 915 4197 religioso
957 4129 1158 4197 templo
1198 4138 1325 4183 ante
1355 4128 1591 4183 divinam
1644 4143 1793 4180 aram
1839 4141 1964 4195 pro-

384 4229 588 4275 stratus
617 4221 719 4274 sibi
739 4234 860 4275 esse
882 4220 1165 4274 videbatur
1192 4237 1206 4282 ;
1240 4220 1327 4274 ubi
1357 4235 1547 4288 preces
1580 4218 1961 4289 lacrymasque

383 4314 664 4377 fundebat,
696 4313 783 4368 ubi
813 4314 1054 4367 divinum
1102 4313 1433 4381 implorabat
1465 4312 1750 4376 auxilium,
1783 4311 1871 4365 ubi
1906 4324 1966 4365 se

385 4421 450 4461 ac
478 4406 640 4460 vitam
676 4402 830 4460 suam
863 4420 960 4473 pro
988 4405 1204 4458 victima
1241 4405 1349 4458 Deo
1392 4403 1674 4460 offerebat.
1726 4404 1804 4457 Tu
1835 4418 1966 4459 vero

384 4499 437 4553 in
468 4498 877 4570 Aphrodisim...
909 4498 1026 4553 bmc
1063 4492 1277 4568 aliaq’ue
1312 4501 1481 4585 multo
1504 4497 1695 4566 majori
1724 4514 1844 4553 cum
1872 4513 1964 4552 ar-
1996 4531 2046 4591 υ

382 4589 518 4644 dore
550 4589 768 4645 Christo
797 4589 1063 4653 obtulisti,
1095 4595 1188 4661 qui
1220 4599 1274 4644 te
1317 4605 1347 4644 a
1384 4590 1490 4651 tuis
1521 4590 1810 4644 desideriis
1849 4605 1956 4644 non

383 4680 673 4745 fraudavit.
706 4681 845 4748 Quin
874 4682 1035 4736 etiam
1071 4681 1268 4737 ibidem
1324 4683 1653 4750 mancipata,
1689 4681 1865 4734 virum
1904 4680 1968 4734 il-

386 4775 494 4829 lum
511 4774 898 4829 desideriorum
931 4774 1204 4830 Danielem
1230 4775 1558 4841 imitaberis,
1584 4774 1678 4843 qui
1710 4773 1763 4827 in
1795 4770 1971 4843 fetido

384 4867 602 4923 leonum
629 4866 749 4922 lacu
779 4865 1107 4922 odoriferam
1142 4867 1409 4922 orationis
1434 4867 1728 4938 thymiama
1751 4880 1970 4922 summo

383 4960 602 5015 Numini
636 4960 992 5026 incendebat;
1024 4960 1329 5029 meruitque
1366 4960 1582 5013 tandem
1617 4960 1849 5026 septimo
1876 4958 1969 5013 die

385 5070 416 5108 tr
449 5052 647 5124 jejunis
699 5061 905 5122 septem
961 5053 1174 5108 leonum
1216 5051 1466 5105 faucibus
1511 5050 1801 5104 incolumis
1841 5064 1969 5102 eva-

385 5148 535 5202 dere.
567 5145 646 5199 Tu
675 5161 802 5200 vero
826 5161 948 5199 cum
991 5144 1138 5213 ipsos
1167 5143 1389 5212 triginta
1422 5142 1560 5205 dies,
1598 5141 1749 5210 virgo
1782 5140 1968 5208 puris-

386 5238 545 5300 sima,
588 5238 850 5293 adversus
883 5237 1070 5291 decem
1096 5237 1295 5290 leaenas
1325 5236 1377 5289 in
1409 5236 1711 5290 domestico
1756 5233 1874 5286 lacn
1916 5231 1968 5285 in

387 5331 654 5386 servanda
690 5329 800 5384 Dee
829 5329 1139 5397 thrginitate
1194 5330 1568 5392 decertasses,
1626 5326 1795 5380 multo
1835 5324 1976 5407 inte.-

386 5424 536 5496 grior
560 5410 801 5479 evadere
844 5422 1111 5476 meruisti.
1154 5420 1337 5491 Neque
1378 5418 1790 5477 obliviscebaris
1821 5414 1974 5470 Jonte

387 5517 480 5586 qui
506 5516 558 5570 in
586 5518 843 5587 abyssum
877 5513 1138 5584 dejectus,
1176 5516 1292 5586 ipso
1320 5513 1485 5585 piscis
1503 5522 1689 5569 ventre
1717 5521 1971 5580 tanquam

2067 3280 2342 3355 equidem,
2385 3282 2593 3349 inquit,
2641 3290 2695 3334 te
2723 3295 2791 3333 ex
2848 3278 3015 3331 ttobili
3053 3278 3416 3348 epulentoque
3452 3292 3654 3348 genere

2066 3386 2241 3431 ortam
2271 3388 2425 3441 esse;
2483 3373 2669 3441 tuique
2700 3371 2986 3440 sanguinis
3040 3371 3391 3439 splendorem
3433 3369 3650 3439 cognati

2068 3470 2172 3532 tui,
2196 3483 2425 3537 quorum
2450 3480 2612 3535 opera
2643 3464 2696 3517 in
2730 3464 2938 3533 magnis
2969 3463 3179 3530 imperii
3216 3464 3375 3516 rebus
3421 3468 3526 3515 non
3563 3477 3651 3517 se-

2069 3561 2173 3615 rn'el
2216 3574 2345 3613 usus
2376 3573 2517 3619 sum,
2545 3564 2808 3611 testantur
2836 3570 2849 3609 :
2882 3555 3008 3623 quid
3044 3554 3207 3624 igitur
3232 3570 3408 3607 causa:
3437 3563 3518 3608 est
3541 3595 3556 3617 ,
3596 3563 3656 3608 ut

2067 3651 2390 3723 posthabitis
2443 3649 2643 3703 nostris
2668 3648 2770 3701 diis
2804 3646 3061 3700 humilem
3093 3645 3533 3699 Christianorum
3572 3646 3650 3696 vi-

2069 3754 2177 3799 tam
2230 3742 2543 3796 ancillarum
2605 3741 2657 3794 itt
2709 3744 2935 3803 morem,
2986 3738 3039 3792 in
3086 3738 3320 3792 obscuro
3380 3736 3658 3811 ngas?'Et

2068 3835 2155 3890 illa
2183 3853 2196 3889 :
2231 3832 2394 3887 Recte
2412 3847 2496 3886 me
2525 3829 2778 3885 ancillam
2802 3838 3052 3882 autumas
3076 3845 3091 3893 ;
3120 3843 3240 3881 sum
3267 3829 3412 3881 enim
3446 3827 3661 3882 Christi

2068 3925 2163 3979 Dei
2200 3924 2300 3977 tnci
2332 3922 2546 3983 ancilla,
2570 3920 2655 3973 cui
2687 3934 2875 3974 omnes
2892 3927 3092 3972 creata:
3129 3932 3234 3981 res,
3259 3918 3427 3971 velint
3458 3918 3653 3981 nolint,

2069 4014 2417 4070 famulantur.
2462 4014 2657 4066 Verum
2693 4013 2805 4065 haec
2826 4010 3067 4063 conditio
3104 4024 3207 4063 non
3244 4009 3537 4077 ingenitam
3576 4009 3662 4063 fa-

2070 4106 2233 4161 miliae
2267 4096 2399 4157 mete
2435 4102 2774 4157 nobilitatem
2805 4100 3087 4163 obscurat,
3148 4092 3521 4154 sed‘illustrat
3552 4116 3662 4153 ma-

2067 4198 2196 4268 gis:
2235 4210 2412 4265 neque
2437 4209 2536 4262 ego
2578 4207 2662 4246 me
2716 4192 2949 4245 nobilem
2983 4202 3145 4260 atque
3190 4190 3480 4259 ingenuam
3515 4205 3659 4260 prte-

2068 4291 2333 4353 dicarem,
2364 4288 2415 4342 si‘
2451 4303 2555 4340 non
2594 4286 2758 4339 unico
2783 4298 3025 4353 veroque
3044 4283 3181 4345 Deo,
3210 4281 3435 4351 ejusque
3465 4285 3664 4352 unige-

2068 4384 2183 4437 nito
2216 4382 2373 4444 Filio,
2417 4387 2566 4433 ca‘ste
2602 4379 2801 4448 pieque
2824 4378 3125 4435 servirem;
3165 4375 3259 4429 sed
3293 4375 3440 4427 vitiis
3474 4390 3537 4429 ac
3565 4390 3662 4430 vo-

2069 4472 2365 4543 luptatibus
2392 4471 2536 4538 vitae,
2556 4471 2769 4540 diiSque
2792 4468 3012 4533 vestris,
3045 4480 3151 4520 non
3178 4479 3304 4519 vere
3333 4464 3459 4531 diis,
3479 4480 3667 4521 essent

2070 4565 2331 4623 obnoxia.

2148 4677 2234 4731 i5.
2273 4676 2399 4731 Huic
2434 4675 2567 4730 satis
2616 4673 2882 4743 intrepide
2913 4673 3055 4743 apud
3110 4670 3669 4742 prmsidemsAgathae

2076 4769 2395 4841 alloquenti,
2431 4768 2677 4837 protinus
2723 4766 2942 4821 satelles
2974 4781 3134 4818 manu
3175 4765 3439 4833 sacrilega
3492 4763 3547 4817 in
3582 4760 3665 4816 fa-

2076 4864 2216 4917 ciem
2253 4862 2540 4929 colaphum
2575 4859 2847 4929 impingit,
2866 4867 2928 4913 ut
2955 4859 3105 4929 virgo
3134 4856 3338 4911 Christi
3362 4869 3491 4911 vere
3520 4856 3661 4909 bona

2071 4954 2335 5024 discipula
2370 4954 2496 5009 boni
2522 4952 2800 5023 Magistri,
2821 4952 3093 5008 similibus
3123 4949 3293 5003 initiis
3326 4949 3657 5019 martyrium

2070 5046 2719 5115 imitaretur,sponsoque
2745 5058 2851 5100 suo
2880 5057 3080 5113 sponsa
3110 5041 3186 5112 (8)
3214 5041 3405 5095 similis
3435 5050 3663 5109 appare-

2068 5151 2171 5195 ret.
2210 5139 2256 5195 0
2285 5154 2445 5208 quam
2477 5138 2615 5194 belle
2644 5137 3050 5206 purpurissatas
3099 5145 3235 5191 tunc.
3273 5133 3469 5186 dilecta
3507 5131 3663 5197 virgo

2080 5249 2246 5303 genas
2293 5232 2493 5287 dilecto
2527 5246 2629 5286 suo
2661 5227 3003 5283 ostentabat!
3043 5240 3205 5296 quam
3252 5224 3342 5295 pie
3411 5223 3665 5292 virginali

2083 5325 2278 5378 rubore
2312 5339 2373 5378 ac
2392 5306 2599 5378 decoro.
2622 5322 2790 5375 livore
2829 5320 3081 5374 ornatum
3114 5316 3318 5371 vultum
3360 5317 3413 5370 in
3463 5315 3667 5371 cmlum

2080 5416 2393 5481 extollebat,
2428 5415 2725 5483 Oculosque
2754 5411 3008 5483 laerytnis
3038 5425 3342 5479 crnoreque
3380 5423 3666 5477 respersos
3716 5410 3721 5413 ⁴

2082 5510 2146 5564 ad
2171 5508 2445 5564 Christum
2472 5508 2757 5578 dirigebat,
2792 5515 2851 5561 ut
2894 5503 3086 5559 iisdem
3120 5502 3255 5573 ipsis
3287 5511 3513 5572 prepter
3546 5500 3669 5567 ejus
3753 5570 3765 5587 ρ

460 5689 535 5756 (8’)
578 5690 674 5743 Cui
719 5693 974 5747 nimirum
1007 5691 1148 5759 apud
1177 5691 1388 5744 Annam
1448 5685 1769 5744 Pontificum
1807 5703 1824 5736 ι
1866 5699 2006 5739 unus
2085 5683 2346 5739 assistens
2418 5681 2794 5737 ministrorum
2876 5680 3024 5735 dedit
3107 5677 3367 5748 alapam.,
3421 5694 3442 5728 ι
3506 5672 3669 5730 Joau.

395 5775 555 5829 nm,
586 5760 676 5815 ‘22.
