3950 6166
278 345 408 409 ῙΞΘΙ

1418 347 1701 409 ORATIO
1740 345 1822 409 IN
1860 349 1923 409 S.
1965 348 2350 410 AGATﬁAM.

3390 348 3531 421 1282

278 472 520 514 amorem
540 459 837 518 vulneratis
854 460 1094 518 divinum
1124 467 1307 528 pectus
1328 456 1862 525 Vulneraret,Spon-
1890 463 1933 520 Α
1966 458 2173 512 laudent
2206 470 2257 513 et
2280 463 2541 514 honorem
2572 458 2805 515 nominis
2845 460 2944 526 tui,
2986 470 3040 516 et
3084 462 3135 517 in
3166 460 3390 532 gloriam
3418 464 3523 521 Ec-

278 549 431 618 sique
452 564 550 604 eor
578 552 899 607 transﬁxum
933 552 997 605 ad
1021 549 1279 619 majorem
1311 548 1394 603 sui
1423 562 1661 602 amorem
1688 547 1853 603 illice-

278 650 362 694 ret
386 653 551 711 atque
575 643 951 699 inﬂammaret.
1246 715 1249 718 ⁴

348 732 436 787 lli.
474 732 602 788 Post
636 733 1149 805 igiturmultiplices
1179 730 1479 785 intentatas
1509 728 1732 799 Agathaz
1755 727 1851 781 mi-

284 836 398 888 nas,
425 823 492 876 ad
548 826 896 879 tenebrosum
951 823 1164 877 detrudi
1210 835 1489 876 carcerem
1521 815 1658 873 'eam
1703 816 1856 887 jubet

283 910 625 977 Quintianus.
651 913 919 983 Pergebat
939 928 1068 967 vero
1097 911 1182 965 illa
1218 926 1411 981 magno
1438 910 1600 964 animi
1635 902 1850 978 gaudio,

284 1002 566 1072 vultusque
585 1003 768 1057 lzetitia
796 1018 812 1068 ;
838 1013 891 1056 et
928 1002 1077 1071 quasi
1111 1003 1176 1054 ad
1204 1000 1440 1070 nuptiale
1465 999 1680 1069 epulum
1711 997 1853 1050 invi-

290 1101 425 1156 tata,
458 1093 524 1144 ad
572 1092 904 1161 ergastulum
959 1090 1105 1144 humi
1156 1091 1469 1158 depressum
1522 1090 1848 1144 maturabat.

283 1182 400 1249 Quo
443 1184 569 1236 dum
601 1184 744 1237 illam
791 1182 1055 1237 satellites
1097 1196 1292 1249 magno
1321 1180 1521 1247 impetu
1566 1179 1852 1235 detrudere

280 1274 655 1349 conabantur,
702 1274 960 1327 divinitus
1010 1272 1212 1326 factum
1244 1280 1359 1335 est,
1396 1279 1455 1324 ut
1496 1270 1662 1325 durus
1716 1272 1852 1341 lapis

281 1364 505 1431 virginis
565 1365 792 1433 pedibus
839 1363 993 1433 quasi
1044 1363 1458 1416 venerabundos
1501 1362 1736 1425 cederet,
1788 1376 1850 1416 ac

280 1454 607 1509 inunobilcm
655 1464 898 1509 servaret
938 1453 1245 1523 Agatham:
1292 1454 1443 1518 cujus
1478 1452 1697 1523 vestigia
1752 1453 1852 1509 ibi-

277 1546 397 1601 dem
456 1548 722 1614 impressa
772 1560 971 1613 magna
1025 1543 1475 1613 cum‘religionis
1505 1544 1848 1598 observantia

278 1650 463 1688 omnes
498 1635 755 1689 mortales
788 1634 1152 1698 venerantur;
1205 1643 1263 1686 nt
1293 1649 1387 1702 per
1416 1634 1519 1686 hoc
1549 1635 1710 1686 etiam
1748 1636 1848 1686 nil-

278 1727 517 1780 raculum
549 1726 797 1779 Christus
846 1725 945 1779 sibi
974 1724 1051 1795 (9)
1088 1725 1137 1776 in
1172 1724 1365 1777 coelum
1395 1723 1635 1776 hilariter
1661 1738 1849 1776 ascen-

276 1820 444 1883 denti,
473 1833 581 1871 aca
610 1818 771 1871 terris
796 1816 1454 1886 triumphanti,Agatham
1489 1815 1718 1869 similem
1756 1817 1846 1869 de-
1875 1800 1920 1857 Β

277 1908 547 1974 clararet,
598 1908 815 1963 etiamsi
860 1909 915 1963 in
966 1922 1242 1962 carcerem
1305 1906 1396 1959 illa
1460 1906 1839 1960 descenderet:

276 2002 476 2069 quippe
500 2016 620 2068 qua:
651 2001 775 2054 illuc
803 2000 1035 2068 gloriose
1066 1998 1381 2061 incedendo,
1415 1998 1480 2051 de
1523 1996 1843 2065 Aphrodisia

276 2092 488 2147 devicta
524 2092 866 2145 laetissimum
916 2090 1244 2159 triumphum
1284 2087 1489 2158 angelis
1523 2097 1578 2141 et
1622 2088 1849 2142 homini-

278 2190 377 2240 bus
412 2199 577 2255 agere
599 2186 896 2238 videbatur.

348 2278 436 2330 l7.
468 2278 631 2347 Virgo
653 2277 816 2346 igitur
835 2275 1020 2329 volens
1050 2287 1112 2341 ac
1155 2273 1345 2327 lubens
1375 2272 1429 2326 in
1453 2286 1730 2327 carcerem
1765 2271 1846 2326 iu-

276 2369 552 2423 cluditur:
593 2367 678 2419 ubi
717 2375 926 2419 noctem
972 2364 1268 2417 insomnem
1299 2376 1486 2431 agens,
1541 2361 1845 2421 divinarum

277 2450 928 2527 rerumcontemplationi
963 2470 1083 2509 cum
1118 2454 1371 2524 lacrymis
1401 2460 1619 2521 operam
1654 2460 1845 2520 navat;

274 2566 442 2620 utque
498 2550 604 2604 sibi
666 2549 914 2630 ctelestes
971 2548 1023 2600 in
1082 2560 1254 2615 agone
1305 2547 1643 2599 cruciatuum
1705 2545 1846 2598 vires

252 2639 527 2693 Christus
589 2636 847 2702 sulliciat,
902 2645 1174 2704 precatur.
1229 2630 1327 2686 Vix
1387 2634 1845 2701 illuxerat,’cum

276 2731 473 2783 iterum
531 2728 596 2783 ad
648 2725 882 2781 tribunal
924 2725 1213 2791 Quintiani
1261 2727 1416 2795 virgo
1461 2726 1714 2779 sistitur:
1756 2724 1843 2777 ubi

273 2840 394 2878 cum
429 2821 694 2875 audacter
715 2834 812 2887 pro
835 2818 1039 2873 Christi
1078 2819 1182 2873 ﬁde
1210 2833 1274 2874 ac
1308 2818 1617 2888 virginitate
1649 2821 1844 2871 tuenda

276 2930 332 2969 se
354 2914 493 2967 mori
524 2912 685 2965 malle
716 2910 961 2980 professa
992 2921 1156 2974 esset,
1181 2910 1442 2965 continuo
1471 2909 1716 2961 manibus
1749 2922 1843 2977 pe-

274 3006 545 3071 dibusque
582 3000 866 3071 colligatis,
903 2999 955 3053 in
988 3009 1290 3069 praeparato
1318 3001 1642 3054 distenditur
1671 3014 1843 3069 equu-

277 3096 360 3150 leo
396 3112 410 3149 :
448 3094 812 3169 inpediuntur
862 3092 1035 3158 faces,
1072 3079 1299 3162 ﬂagellis
1341 3092 1603 3161 virginale
1649 3107 1846 3161 corpus

254 3188 601 3243 obtunditur
623 3202 639 3251 ;
663 3183 854 3238 deinde
878 3183 1079 3239 terreis
1100 3183 1316 3251 ungulis
1332 3197 1396 3237 ac
1426 3183 1657 3237 lidiculis
1680 3184 1844 3237 latera

277 3278 607 3335 sulcantur:
659 3286 773 3330 tum
820 3274 1185 3331 candentibus
1243 3277 1545 3329 aduruntur
1595 3276 1844 3343 laminis;

278 3371 495 3426 (lenium
516 3370 604 3423 vix
629 3379 801 3423 enata.-
832 3375 1153 3437 torquentur
1183 3380 1450 3435 mammae,
1483 3377 1538 3420 et
1558 3368 1849 3421 crudeliter

278 3462 632 3517 denticulatis
664 3462 960 3530 forcipibus
1011 3459 1397 3529 discerpuntur
1434 3475 1450 3513 :
1487 3461 1539 3513 in
1571 3474 1679 3530 quo
1725 3475 1847 3515 cru-

278 3553 423 3606 ciatu
446 3553 793 3623 magnanima
830 3551 984 3621 virgo
1008 3549 1329 3604 insolentem
1368 3546 1627 3603 saevitiam
1654 3564 1848 3618 expro-

277 3644 398 3699 brat
431 3645 770 3710 Quintiano:
830 3643 1156 3721 Enimvero,
1214 3641 1493 3711 inquiens,
1556 3642 1750 3712 impius
1793 3651 1850 3697 et

276 3736 514 3791 crudelis
565 3749 646 3800 es,
700 3744 907 3789 natura:
939 3735 1111 3790 hostis
1156 3735 1439 3800 humanae;
1492 3734 1690 3804 quippe
1738 3749 1846 3789 non

277 3828 557 3883 erubescis
592 3827 859 3881 mamillae
909 3827 1123 3881 suaviter
1171 3826 1436 3894 amputari
1478 3826 1530 3879 iit
1594 3826 1800 3895 virgine
1830 3865 1847 3891 ,

277 3930 413 3986 quas
437 3916 618 3970 infans
646 3916 841 3970 blande
870 3916 922 3968 in
958 3925 1130 3969 matre
1154 3914 1369 3968 suxisti.
1403 3914 1509 3968 Sed
1539 3927 1848 3983 quanquam

280 4009 446 4062 hasce
481 4010 716 4062 caducas
773 4007 1103 4075 praicidisti,
1165 4005 1579 4074 haudquaquam
1628 4006 1848 4071 alteras,

280 4112 415 4166 quas
441 4099 750 4152 reconditas
783 4099 835 4150 iii
869 4096 1081 4164 anima,
1123 4096 1190 4150 ab
1218 4096 1446 4157 infantia
1477 4097 1690 4152 Christo
1729 4111 1850 4154 meo

274 4201 532 4242 eoiuecra
540 4196 629 4242 tas
644 4201 821 4251 servo,
858 4188 1058 4257 poteris
1075 4187 1326 4242 avellere.
1482 4173 1489 4181 ’

349 4278 439 4335 18.
502 4278 805 4334 Excanduit
833 4278 1179 4346 Quintianus,
1215 4279 1306 4335 ubi
1362 4293 1468 4334 non
1503 4281 1680 4337 adhuc
1714 4295 1849 4337 con-

278 4378 531 4426 sternam:
571 4371 761 4440 puellae
816 4371 1114 4439 intrepidae
1155 4384 1317 4426 voces
1347 4386 1416 4426 es
1438 4372 1578 4426 virili
1632 4383 1850 4441 pectore

278 4460 609 4531 prodeuntes
629 4461 855 4530 accepit.
877 4460 945 4515 Et
974 4476 1052 4518 ne.
1076 4476 1136 4518 se
1163 4463 1361 4516 victum
1392 4460 1674 4530 fateretur,
1702 4468 1850 4534 Aga-

280 4555 430 4608 tham
459 4555 511 4608 in
539 4566 837 4621 carcerem,
850 4555 1032 4609 reduci
1077 4553 1264 4623 jubet,
1297 4555 1716 4624 custodibusque
1743 4556 1850 4610 edi-

278 4646 379 4707 cit,
410 4653 467 4699 ιιι
497 4646 841 4709 continenter
893 4647 1134 4715 vigilem,
1164 4661 1255 4711 ine
1285 4646 1408 4715 quis
1449 4662 1481 4702 e
1531 4650 1849 4718 propinquis

275 4738 592 4808 cbirurgum
625 4737 928 4804 submittat,
950 4751 1065 4792 .neu
1089 4738 1269 4811 cibum
1302 4750 1600 4808 potumque
1629 4738 1847 4794 clancu-

275 4829 395 4884 lum
436 4829 633 4884 audeat
682 4829 1016 4885 ministrare.
1056 4828 1133 4884 lbi
1164 4830 1321 4899 virgo
1372 4829 1645 4894 inclusa,-
1676 4817 1849 4887 sacris

274 4921 488 4975 intenta
538 4919 825 4988 precibus,
896 4921 1266 4989 hujuscemodi
1329 4922 1511 4989 verbis
1579 4916 1875 4981 Christum’

278 5011 694 5082 alloquebatur:
725 5012 770 5069 0
798 5015 887 5083 qui
918 5029 1045 5070 vere
1068 5014 1313 5083 Sponsus
1335 5018 1662 5086 sanguinum
1683 5016 1706 5049 ⁸
1736 5017 1859 5086 jure

277 5121 431 5161 nunc
463 5105 568 5161 dici
599 5119 751 5176 putes
774 5147 790 5172 ,
819 5110 1023 5177 gratias
1065 5108 1164 5162 tibi
1199 5123 1303 5177 ago
1334 5108 1690 5176 immortales,
1712 5109 1856 5179 quod
1878 5092 1897 5125 ‘

277 5210 382 5266 per
407 5198 700 5265 potentiam
733 5207 877 5251 tuam
924 5212 1013 5252 me
1040 5200 1377 5268 superiorem
1413 5201 1700 5275 tormentis
1723 5198 1855 5255 eb‘e-

273 5288 425 5344 cisti.
456 5288 701 5358 Suscipe,
734 5302 938 5357 quaeso,
978 5289 1141 5344 hosce
1170 5290 1410 5360 pectoris
1470 5291 1748 5345 cruciatus
1800 5289 1854 5343 in

353 5442 377 5472 ⁸
404 5441 577 5507 Exod.
600 5456 674 5509 tv,
707 5440 800 5496 25.
874 5442 894 5473 ⁹
935 5439 1095 5498 Cant.
1114 5456 1153 5509 ι,
1174 5410 1263 5496 13.
1341 5440 1385 5473 ‘°
1424 5440 1596 5498 Exod.
1643 5457 1723 5510 tit,
1766 5440 1821 5494 2.

355 5591 431 5664 (9)
467 5591 633 5659 Cujus
669 5595 869 5664 quippe
908 5595 1095 5648 ultima
1118 5592 1345 5664 vestigia
1378 5594 1542 5647 humo
1585 5593 1847 5664 impressa

272 5665 330 5717 in
373 5677 553 5732 itionte
604 5664 799 5719 Oliveti
854 5666 1121 5732 hodieque
1151 5675 1543 5727 monstrantur,
1574 5674 1632 5717 ut
1679 5665 1850 5732 pluri-

268 5738 388 5789 bus
419 5731 641 5787 Patrum
669 5749 734 5788 ac
772 5731 1163 5789 Historicdrum
1200 5736 1526 5789 testimoniis
1559 5731 1847 5788 conlirinat

1955 547 2135 601 clesize
2182 558 2305 601 une.
2352 548 2418 601 Et
2452 562 2579 604 ecce
2613 549 2712 603 sub
2769 544 2955 604 mediae
2990 551 3166 606 nouis
3223 552 3523 619 silentium,

1954 633 2098 688 inter
2146 635 2263 689 illas
2305 636 2522 690 obscuri
2578 639 2819 692 carceris
2875 641 3163 705 tenebras,
3217 643 3523 695 veneranda

1953 725 2136 794 specie
2159 727 2373 794 qnidatn
2408 742 2572 782 senex
2601 729 2780 799 (quem
2812 732 3206 799 pucrprmibat,
3241 730 3523 800 facemque

1954 814 2305 887 praeferebat)
2332 817 2529 886 illeque
2551 834 2609 872 se
2629 820 2955 888 chirurgiam
2980 821 3178 874 callere
3199 821 3519 886 aliinnabat,

1954 917 2016 958 ac
2067 906 2418 974 pollicebatur
2488 908 2703 962 avulsas
2770 909 3035 963 mamillas
3101 910 3279 963 curari
3342 924 3531 985 posse‘

1952 993 2086 1048 Tum
2121 997 2245 1050 illa:
2282 997 2671 1052 Medicamenta
2702 1000 3299 1067 equidem.venerande
3332 1012 3518 1065 senex,

1951 1087 2162 1153 corpori
2198 1102 2315 1140 meo
2344 1101 2613 1156 nunquam
2639 1088 2855 1163 exhibui
2878 1106 2894 1155 ;
2919 1090 3013 1143 sed
3041 1088 3210 1142 habeo
3234 1087 3516 1142 Dominum

1953 1191 2128 1229 meum
2155 1175 2338 1231 Jesum
2375 1177 2671 1244 Christum,
2706 1181 2796 1248 qui
2820 1182 2976 1234 unico
3008 1192 3165 1246 nutu,
3194 1181 3239 1233 si
3269 1180 3514 1243 voluerit,

1952 1280 2037 1319 me
2085 1270 2320 1323 curabit.
2382 1269 2449 1322 Et
2502 1284 2621 1339 ego,
2660 1272 2830 1340 inquit
2871 1288 3056 1336 senex,
3100 1252 3372 1340 apostolus
3402 1271 3517 1341 ejus

1950 1372 2069 1412 sum
2097 1367 2187 1422 ;et
2215 1359 2266 1411 in
2287 1362 2505 1413 nomine
2531 1361 2646 1427 ejus
2682 1364 2802 1414 veni
2829 1372 2884 1414 ut
2912 1374 3096 1416 curata
3131 1363 3224 1417 sis.

2026 1448 2110 1502 19.
2149 1448 2255 1503 Sed
2289 1450 2416 1518 quid
2435 1466 2535 1520 ego
2566 1452 2618 1505 in
2657 1453 2756 1505 hoc
2787 1454 3060 1521 ergastulo
3085 1468 3287 1507 moram
3323 1451 3521 1507 traho?

1948 1538 2165 1593 Janidiu
2219 1541 2347 1595 illud
2389 1543 2688 1597 Catanense
2723 1545 2996 1597 theatrum
3033 1546 3144 1598 suis
3179 1544 3332 1598 elatis
3359 1543 3516 1597 ﬂam-

1951 1631 2054 1683 mis
2089 1645 2193 1695 me,
2216 1646 2418 1701 vosque
2446 1648 2634 1687 omnes
2679 1634 2925 1699 advocat,
2951 1636 3247 1704 animisque
3279 1650 3516 1704 praesen-

1952 1722 2095 1777 tibus
2121 1723 2428 1792 spectaculo
2456 1725 2651 1778 ibidem
2674 1726 2979 1780 exhibendo
3004 1742 3101 1780 nos
3130 1738 3309 1782 astare
3338 1726 3513 1797 jubet,

1948 1815 2035 1868 ubi
2067 1830 2228 1885 super
2252 1815 2588 1869 ﬂammantcs
2614 1816 2896 1881 carbones,
2947 1816 3220 1886 ignitaque
3254 1829 3519 1872 testarum

1948 1906 2247 1976 fragmenta
2296 1909 2642 1962 tenerrimuin
2674 1909 2903 1977 virginis
2952 1924 3148 1976 corpus
3194 1911 3512 1966 collocatur.

1946 1996 2120 2067 Atque
2144 2012 2286 2053 nunc
2312 2000 2428 2053 haec
2446 2000 2624 2054 lectuli
2657 2001 2865 2069 species
2892 2002 2980 2055 illa
2998 2003 3129 2057 mihi
3146 2002 3357 2056 videtur
3372 2016 3513 2068 esse,

1946 2101 2107 2155 quam
2132 2086 2372 2156 Sponsus
2394 2089 2415 2120 ⁹
2435 2089 2752 2144 describens
2781 2105 2810 2144 a
2840 2090 3063 2147 ﬂoribus
3093 2095 3514 2161 commendavit,

1948 2176 2033 2228 cui
2067 2192 2165 2230 nec
2193 2193 2471 2247 purpurea:
2500 2194 2635 2232 rosae
2672 2174 2867 2233 des-int
2899 2182 3182 2236 candentis
3217 2183 3379 2252 ignis,
3416 2195 3514 2236 nec

1947 2267 2058 2322 lilia
2118 2273 2364 2339 corporis
2448 2272 2748 2340 virginalis.
2835 2272 3280 2341 Coniplectantur
3350 2274 3514 2341 igitur

1948 2359 2099 2429 ignes
2136 2363 2296 2425 rosei,
2320 2370 2478 2430 atque
2511 2364 2750 2417 lambant
2778 2364 2976 2433 potius,
2999 2379 3163 2432 quam
3191 2366 3419 2418 adurant
3446 2366 3515 2418 ll-

1947 2451 2077 2504 lium
2105 2452 2405 2518 virginale:
2441 2454 2892 2523 complectantur,
2929 2457 3169 2523 inquam,
3202 2472 3377 2526 neque
3406 2456 3517 2527 spi-

1946 2541 2032 2595 nis
2066 2542 2177 2596 suis
2231 2543 2526 2596 dilatzerent
2557 2560 2572 2597 :
2613 2545 2821 2609 ardeat,
2857 2556 2914 2598 ut
2951 2546 3118 2611 lubet,
3155 2547 3294 2617 ignis
3321 2547 3371 2599 in
3407 2548 3518 2613 spi-

1947 2635 2053 2695 nis,
2072 2636 2215 2687 sicut
2236 2634 2287 2688 in
2315 2636 2450 2689 rubo
2471 2635 2516 2666 ⁸⁶
2550 2636 2818 2701 Mosaico;
2848 2638 2968 2691 etsi
3003 2642 3323 2694 comburere
3347 2652 3515 2704 amat,
3542 2630 3557 2637 ἢ

1947 2737 2073 2777 suas
2095 2726 2376 2777 comburat
2404 2728 2612 2792 spinas,
2631 2730 2723 2781 sed
2764 2730 2880 2783 lilio
2908 2741 3094 2797 parcat
3117 2730 3515 2788 candidissima:

1946 2814 2293 2882 virginitatis.
2331 2814 2482 2870 Jacet
2511 2819 2901 2887 cuitn'Agatha
2922 2860 2938 2885 ,
2970 2835 3034 2873 ac
3068 2820 3301 2874 vallatur
3354 2821 3514 2876 ﬂam-

1948 2905 2072 2966 mis,
2109 2904 2261 2988 sicut
2281 2906 2455 2975 spinis
2478 2907 2670 2961 lilium.
2699 2908 2934 2962 Meretur
2960 2910 3122 2978 hujus
3150 2913 3355 2980 prannii
3380 2928 3516 2981 pra:-

1947 2996 2245 3066 rogativam
2278 3008 2461 3050 votum
2495 2999 2840 3068 virginitatis,
2875 3002 2939 3053 ah
2971 3001 3197 3056 infantia
3228 3003 3337 3057 Deo
3377 3019 3515 3059 nun-

1947 3097 2219 3153 enpatnm,
2249 3096 2303 3141 et
2340 3089 2542 3143 illibato
2569 3093 2797 3146 candore
2828 3102 3122 3148 servatum.

2018 3179 2108 3232 20.
2142 3177 2243 3234 V'ix
2299 3181 2457 3251 igitur
2491 3183 2898 3253 Agathav’igues
2930 3187 3205 3255 tetigerat,
3233 3201 3355 3241 cum
3388 3202 3516 3244 cccc

1945 3270 2120 3339 patria
2159 3272 2348 3338 tellus,
2405 3271 2527 3326 lilia:
2575 3289 2685 3328 suae
2717 3276 2889 3329 vicem
2931 3281 3224 3341 miserata,
3277 3279 3516 3335 funditus

1945 3364 2271 3417 contremuit
2305 3364 2401 3433 ζει
2426 3367 2582 3435 quasi
2621 3378 2866 3423 materno
2900 3383 3062 3425 sensu
3096 3372 3319 3440 praedita
3348 3381 3517 3441 esset,

1949 3453 2154 3519 apertis
2211 3469 2318 3507 non
2370 3471 2476 3508 uno
2505 3457 2557 3509 in
2594 3455 2712 3510 loco
2757 3452 3038 3525 faucibus,
3080 3476 3177 3516 ore
3235 3463 3516 3532 multiplici

1947 3542 2289 3598 exclamabat
2311 3584 2325 3610 ,
2365 3548 2617 3614 clareque
2650 3550 2954 3603 testabatur
2979 3593 2993 3615 ,
3018 3566 3179 3620 quam
3214 3556 3519 3609 vehemen-

1946 3643 2031 3689 ter
2082 3635 2309 3702 duleret,
2365 3612 2637 3706 quamque
2686 3638 2836 3708 juste
2875 3612 3149 3711 indigni/uni
3191 3646 3519 3716 crudeleque

1944 3726 2077 3781 illud
2115 3729 2484 3796 spectaculum
2520 3730 2923 3798 detestaretur;
2984 3733 3040 3786 iu
3069 3749 3187 3787 eam
3224 3737 3381 3805 plane
3430 3752 3518 3791 ra-

1949 3819 2172 3883 tionem,
2197 3833 2300 3886 qua
2329 3834 2509 3872 rerum
2539 3822 2783 3874 omnium
2833 3824 3115 3878 conditore
3167 3824 3278 3881 Deo
3313 3828 3365 3880 in
3392 3844 3517 3882 cru-

1948 3925 2066 3966 ccrn
2095 3922 2239 3974 acto,
2271 3910 2583 3966 universum
2610 3912 2942 3967 contremuit
2981 3926 3136 3969 terra:
3164 3916 3523 3985 ett-ruentum,

1949 4000 2185 4055 immane
2230 3996 2534 4053 Judazorum
2588 3999 2786 4065 scelus,
2820 4002 3150 4072 impiumque
3186 4005 3336 4059 nefas
3374 4006 3518 4061 ferre

1946 4105 2055 4146 non
2093 4090 2297 4146 valens.
2347 4087 2561 4146 Liceret
2596 4092 2827 4147 Fortasse
2860 4093 3128 4148 allii-mare
3164 4093 3524 4150 Catanensem

1950 4185 2201 4239 teilurem
2240 4184 2293 4238 id
2324 4186 2583 4255 temporis
2605 4185 2759 4255 quasi
2786 4185 3136 4240 ludiliundam
3191 4188 3527 4261 cnsultasse,

1946 4278 2289 4347 ‘choreasque
2310 4279 2549 4342 duxisse,
2572 4280 2715 4348 quod
2746 4281 2797 4333 in
2820 4279 3018 4334 lectulo
3051 4279 3142 4333 illo
3170 4279 3337 4348 ignito
3363 4281 3527 4350 quasi

1946 4371 2006 4424 in
2040 4370 2234 4441 geniali
2268 4370 2529 4436 thalamo,
2569 4371 2734 4424 ll‘liam
2755 4384 2908 4425 suam
2943 4371 3206 4441 Agatliam
3229 4372 3339 4443 jam
3362 4374 3532 4428 Cltri~

1880 4470 1927 4528 ι)
1955 4463 2025 4518 sti
2048 4478 2303 4534 sponsam
2330 4464 2538 4517 videret
2560 4462 2902 4527 collocatam,
2924 4476 3147 4531 sperans
3167 4463 3231 4517 de
3257 4464 3532 4531 sanguine

1954 4558 2079 4611 ﬁlie
2138 4556 2403 4627 martyrio
2456 4555 2671 4611 fortiter
2716 4564 3133 4620 consummato,
3191 4552 3528 4610 uberrimam

1953 4656 2210 4715 nepotum
2253 4652 2489 4714 segetem
2548 4647 2613 4700 ad
2669 4646 3033 4716 evangelicatn
3071 4646 3244 4700 lucem
3280 4645 3531 4718 nascitu-

1954 4752 2093 4792 ram.
2122 4736 2261 4792 Vere
2297 4738 2496 4792 etenim
2527 4737 2617 4791 ille
2648 4738 2848 4792 invitus
2878 4736 3172 4804 fatebatur,
3206 4739 3530 4806 sanguinem

1955 4838 2247 4899 tuartyrum
2296 4843 2416 4883 esse
2471 4842 2653 4883 semen
2700 4828 3158 4883 Christianorum.
3198 4827 3302 4883 Sed
3355 4829 3532 4883 multo

1950 4923 2154 4976 certius
2183 4921 2435 4992 equidem
2459 4922 2677 4986 censeo,
2711 4918 2957 4976 eamdem
3006 4932 3166 4975 terra:
3208 4919 3518 4975 concussio.-

1952 5026 2075 5067 nem
2098 5029 2205 5067 non
2241 5015 2309 5068 ab
2353 5028 2478 5068 aere
2526 5013 2577 5067 in
2617 5015 2733 5084 ejus
2765 5013 3063 5068 visceribus
3086 5012 3349 5065 violenter
3388 5025 3525 5064 con-

1953 5104 2125 5171 cluso,
2154 5120 2326 5175 neque
2345 5106 2501 5175 aquis
2530 5106 2597 5159 ab
2620 5105 2809 5159 iisdem
2832 5105 3146 5174 [irmcordiis
3173 5116 3526 5172 pcrrttmpen-

1954 5196 2099 5252 tibus
2122 5197 2290 5252 luisse
2320 5196 2520 5251 factam
2551 5235 2565 5260 ,
2602 5180 2717 5249 sed
2746 5208 2873 5247 vero
2919 5196 2987 5249 ab
3026 5193 3233 5262 angelis
3289 5192 3355 5247 de
3385 5192 3529 5244 uelo

1955 5289 2429 5355 descendentibus,
2476 5287 2673 5357 quibus
2721 5283 2989 5339 l‘amiliare
3020 5295 3102 5339 est
3158 5296 3356 5337 terram
3390 5297 3529 5352 qna-

1956 5592 2220 5649 Baronius
2248 5604 2287 5652 t.
2320 5594 2337 5648 l
2390 5592 2590 5648 Annal.
2617 5592 2683 5647 ad
2711 5608 2799 5648 an.
2832 5592 2962 5648 Chr.
2994 5593 3083 5661 δι,
3109 5608 3200 5650 nn.
3220 5588 3345 5646 252.
3370 5606 3528 5663 seqq.

1957 5673 2012 5719 et
2041 5666 2243 5734 passim
2291 5665 2382 5720 alii
2413 5664 2738 5733 Scriptores.
