3938 6168
417 295 549 360 1283

1428 277 1495 343 S.
1536 279 1920 342 METHODII
1960 271 2472 338 ΡΛΤΒΙΑΒΕΗᾸΕ
2509 271 2610 335 CP.

3543 265 3684 337 1281

411 418 548 470 mre,
575 413 784 468 suoque
816 398 1051 451 adventu
1077 391 1272 462 impios
1306 404 1335 444 ε
1370 389 1528 444 malis
1578 388 1844 444 faciendis
1873 388 1996 441 abs-
2029 391 2072 446 Α
2101 382 2403 449 iisdemque
2438 379 2593 447 quasi
2625 374 2877 444 pretiosis
2907 374 3134 446 pyropis
3157 377 3475 433 coucinnari
3507 385 3686 451 patiar

413 509 642 557 terrere,
676 493 792 562 pias
845 501 975 542 vero
1018 493 1230 540 mentes
1286 483 1340 537 in
1396 479 1654 535 studiosis
1685 479 1994 533 actionibus

412 588 760 642 confirmare.
786 579 842 634 1d
863 578 1008 648 quod
1036 575 1287 631 evenisse
1320 572 1550 642 legimus
1579 571 1645 623 ad
1665 569 1868 624 Christi
1905 583 1993 621 sc-

414 678 662 746 pulcrum
691 673 848 740 paqu
901 679 1184 738 postquam
1237 665 1324 719 ille
1387 663 1664 718 redivivus
1706 665 1774 715 ab
1808 659 1995 714 inferis

415 763 772 832 triumphavit
859 778 872 814 :
913 760 976 812 ad
1007 755 1532 826 quoddescendeu-te
1550 753 1740 822 angelo
1768 767 1996 821 magnus

417 865 581 911 terra:
611 857 784 908 factus
817 862 901 908 est
923 859 1138 912 motus;
1176 847 1266 915 qui
1299 845 1387 899 ubi
1413 844 1719 913 sepulcrum
1753 844 1994 905 reclusit,

418 948 619 1002 milites
648 944 862 1013 quidem
912 940 1040 993 illud
1071 937 1433 992 custodientes
1480 944 1625 988 metu
1661 933 1998 988 exanimatos

421 1037 476 1090 in
505 1040 684 1106 fugam
715 1033 1006 1092 convertit,
1031 1044 1060 1083 a
1109 1029 1213 1097 piis
1245 1042 1376 1081 vero
1425 1026 1742 1080 mulieribus
1781 1038 1995 1078 omnem

423 1125 667 1178 timorem
706 1123 1025 1178 excussit“.

495 1213 586 1267 21.
645 1211 814 1280 Opem
875 1213 1040 1282 igitur
1085 1209 1313 1279 Agathze
1371 1208 1423 1261 in
1476 1205 1741 1261 incendiis
1796 1205 2000 1275 jacenti

426 1307 618 1376 ecquis
664 1304 874 1359 dubitet
927 1303 1150 1373 angelos
1191 1300 1472 1364 attulisse,
1520 1313 1752 1368 rorequc
1794 1296 1999 1352 ccclesti

424 1414 519 1450 eos
552 1396 704 1464 ignes
747 1395 1101 1460 flammasque
1137 1390 1441 1458 aspersisse
1473 1387 1495 1438 ‘t
1523 1385 1716 1441 Nonne
1749 1388 1867 1440 bare
1906 1400 2004 1438 no-

437 1499 552 1540 stra
582 1487 751 1553 virgo,
781 1484 1036 1555 divinitus
1064 1482 1349 1546 illustrata,
1370 1488 1510 1539 roris
1534 1479 1690 1547 hujus
1713 1478 2002 1533 salutarem

428 1575 670 1642 pluviam
723 1571 823 1625 sibi
863 1571 1260 1639 spoponderat,
1312 1586 1434 1624 cum
1469 1567 1822 1634 Quintianum
1870 1565 2006 1618 allo-

429 1665 738 1734 quebatur?
775 1663 830 1715 Si
881 1662 1080 1730 ignem,
1121 1662 1396 1732 inquiens,
1433 1659 1646 1728 corpori
1695 1657 2005 1722 meoadhi-

2101 482 2158 528 et
2215 473 2513 542 gaudeam,
2576 469 2846 539 pretiosos
2896 477 3116 536 torques
3163 483 3228 524 ac
3261 470 3518 535 monilia.
3566 488 3687 529 om-

2105 579 2228 617 nem
2264 562 2529 615 muudum
2575 561 2898 628 nuptialem,
2943 574 3007 614 ac
3049 569 3252 614 vestem
3300 563 3592 633 martyrii,
3629 573 3689 618 ut

2103 655 2253 708 hisce
2299 651 2554 705 decorata
2609 648 2944 703 ornamentis
2989 647 3060 701 ad
3106 646 3360 704 cmlestes
3414 650 3690 707 thalamos

2105 743 2373 797 admittat.

2179 834 2270 886 ‘22.
2304 833 2449 886 Inter
2474 831 2587 885 haec
2613 828 2945 897 Quintianus
2966 838 3126 884 terrae
3147 838 3321 894 motu,
3345 829 3692 902 duorumque

2105 939 2240 980 nece
2279 923 2578 976 amicorum
2613 932 2737 975 aute
2779 919 2895 987 ejus
2925 921 3114 976 oculos
3154 936 3546 990 oppressorum
3581 924 3693 978 rui-

2107 1017 2195 1070 nis
2246 1016 2535 1084 parietum,
2584 1012 2932 1082 pavefactus,
2984 1013 3327 1080 maximeque
3363 1013 3550 1082 populi
3606 1025 3692 1066 tu-

2107 1108 2279 1163 multu
2327 1107 2721 1169 conturbatus,
2771 1107 3080 1169 obortoque
3137 1103 3379 1160 clamore
3416 1105 3690 1159 Catanen-

2108 1201 2247 1253 sium
2291 1194 2917 1268 virginemincolumem
2953 1209 3180 1248 servare
3208 1193 3530 1257 volentium,
3567 1209 3697 1248 exa-

2110 1293 2370 1354 nimatus,
2403 1289 2544 1342 illico
2571 1287 2836 1356 Agatham
2890 1287 2941 1337 in
2974 1279 3466 1340 carcerem'rednci
3493 1284 3693 1351 jubet:

2109 1398 2230 1452 qua:
2275 1382 2480 1436 civium
2519 1378 2819 1431 rtelestium
2871 1376 3114 1430 exercitu
3154 1375 3447 1444 populique
3498 1376 3697 1430 turmis

2113 1475 2308 1544 stipata
2335 1514 2349 1540 ,
2385 1473 2450 1524 de
2493 1470 2604 1539 jam
2640 1476 2898 1536 superato
2950 1466 3258 1533 Quintiano.
3297 1480 3360 1518 ac
3406 1465 3698 1519 tormentis

2111 1566 2366 1622 omnibus
2391 1560 2727 1629 triumphum
2760 1558 2993 1626 agitans,
3026 1557 3077 1609 in
3109 1556 3477 1609 venerandum
3509 1556 3697 1624 ingre-

2115 1659 2258 1712 ditur
2286 1667 2637 1718 carceremue
2681 1652 2898 1716 dicam,
2945 1664 3012 1702 an
3049 1648 3254 1717 regium
3298 1648 3586 1715 palatium,
3624 1663 3694 1701 an

427 1757 591 1818 beas,
639 1769 817 1808 rorem
865 1754 994 1806 mihi
1029 1753 1372 1808 salutiferum
1403 1753 1469 1807 de
1498 1752 1635 1806 caelo
1683 1750 1857 1820 angeli
1907 1749 2006 1800 mi-
2036 1746 2078 1799 Β
2109 1767 2236 1808 vero
2268 1751 2446 1818 potius
2482 1745 2722 1801 cmlestis
2781 1743 2967 1813 templi
3004 1751 3412 1793 sacrosanctum
3447 1741 3697 1794 vestibu-

428 1847 758 1902 niStrabuut.
793 1846 874 1897 Au
910 1860 1037 1898 vero
1068 1843 1264 1912 angeli,
1297 1845 1522 1912 ipseque
1553 1843 1864 1912 angelorum
1902 1855 2002 1894 rex

429 1939 679 1992 Christus
713 1936 912 1990 frustra
955 1935 1184 1989 haberet
1227 1936 1453 2005 Agatha:
1488 1949 1615 2004 spes
1651 1935 1704 1986 iu
1742 1947 1800 1987 se
1835 1932 2001 1985 collo-

430 2041 602 2093 calas,
661 2029 735 2082 ita
788 2037 845 2081 ut
895 2026 1132 2096 Virginis
1184 2027 1348 2082 verba
1404 2028 1627 2091 inania,
1680 2025 2004 2093 infirmaque

429 2130 682 2176 eenseret
731 2119 1101 2186 Quintianus?
1135 2119 1218 2172 An
1268 2118 1428 2186 hujus
1463 2117 1706 2186 Virginis
1752 2117 2001 2179 animus,

431 2215 520 2279 qui
557 2223 772 2278 semper
818 2227 847 2262 a
898 2210 1187 2263 lethalihus
1235 2209 1478 2262 libidinis
1533 2209 1751 2277 ignibus
1805 2207 2006 2260 abhor—

434 2309 654 2366 ruerat,
702 2315 903 2368 eosque
945 2300 1168 2353 omuiuo
1209 2300 1638 2366 exstinguendos
1683 2305 2004 2358 curaverat,

432 2395 755 2462 penitusque
804 2393 911 2447 Deo
949 2393 1086 2446 fixus
1131 2391 1456 2454 inhaeserat,
1497 2406 1641 2446 nunc
1685 2405 1842 2444 suum
1885 2403 2008 2444 cor-

432 2484 582 2554 poris
608 2498 891 2552 orgamnn,
924 2483 1066 2551 quod
1097 2495 1195 2550 pro
1232 2479 1513 2536 servandae
1542 2479 1870 2549 virginitatis
1905 2478 2010 2532 fide

435 2589 599 2644 super
667 2574 866 2640 iguitos
918 2575 1220 2638 carbones,
1285 2580 1586 2641 acutasque
1641 2581 1807 2626 testas
1862 2571 2012 2624 flant-

436 2677 647 2720 mautes
679 2665 827 2732 iujici
866 2665 1204 2733 pertulerat,
1244 2667 1311 2718 ab
1348 2665 1540 2717 iisdem
1567 2663 1648 2715 vel
1683 2662 2011 2716 mediocrem

435 2757 694 2826 iujuriam
745 2765 944 2826 praeter
974 2743 1292 2825 conceptam
1341 2770 1489 2825 spem
1543 2755 1753 2825 perpeti
1797 2761 2015 2824 specta-

440 2847 565 2902 ret?
597 2849 677 2900 Au
714 2851 877 2902 etiam
914 2847 1001 2902 ille
1033 2847 1200 2902 Filius
1235 2849 1495 2914 hominis,
1530 2849 1684 2917 cujus
1721 2847 1894 2918 gloria
1931 2853 2016 2900 est

436 2943 590 3010 quasi
630 2941 908 3011 Uuigeuiti
950 2941 1078 3006 Dei,
1124 2942 1216 3010 qui
1260 2942 1430 3008 voluit
1473 2950 1700 3010 quartus
1750 2942 2016 2994 interesse

437 3047 559 3085 cum
598 3031 768 3083 tribus
811 3032 992 3100 pueris
1026 3031 1078 3084 in
1125 3031 1346 3086 fornace
1377 3029 1700 3100 Babylonica
1727 3069 1742 3093 ,
1777 3029 1910 3082 adeo
1961 3037 2018 3082 ut

2101 1843 2253 1900 lum?
2304 1841 2392 1896 ubi
2451 1841 2600 1908 virgo
2671 1846 2822 1890 stans
2893 1834 3063 1888 oculis
3112 1835 3164 1890 in
3202 1834 3397 1892 emtum
3431 1833 3697 1899 sublatis,

2101 1934 2388 2004 passisque
2432 1931 2484 1984 in
2539 1927 2719 1982 crucis
2751 1925 2986 1993 speciem
3033 1924 3273 1978 brachiis
3314 1920 3696 1989 virginalibus,

2104 2040 2268 2080 orans
2321 2024 2374 2076 in
2403 2024 2518 2076 haec
2567 2021 2730 2073 verba
2776 2018 3012 2085 linguam
3050 2017 3252 2070 solvit:
3285 2016 3521 2068 Domine
3569 2012 3700 2068 Jesu

2107 2114 2344 2176 Christe,
2373 2111 2629 2180 magister
2671 2109 2832 2173 bone,
2859 2107 3063 2175 gratias
3093 2105 3184 2159 tibi
3229 2120 3328 2175 ago
3358 2103 3449 2173 qui
3479 2117 3569 2157 me
3599 2104 3704 2157 hoc

2107 2209 2313 2263 honore
2335 2206 2585 2274 dignatus
2617 2217 2700 2265 es,
2734 2208 2795 2254 ut
2825 2201 3165 2253 decertarem
3192 2212 3289 2267 pro
3311 2196 3538 2251 nomine
3567 2205 3698 2260 tuo;

2107 2301 2198 2369 qui
2228 2297 2497 2352 abstulisti
2523 2310 2552 2348 a
2586 2309 2672 2348 me
2697 2291 2942 2347 mortalis
2971 2292 3096 2344 vitae
3131 2304 3370 2344 amorem
3395 2327 3410 2353 ,
3449 2288 3705 2356 mihique

2109 2394 2361 2447 caelestes
2397 2389 2546 2442 vires
2596 2385 2893 2448 suffecisti,
2944 2391 3002 2435 ut
3045 2391 3312 2436 tormenta
3350 2379 3699 2449 perferrem;

2114 2493 2188 2547 tu,
2225 2483 2362 2536 idem
2398 2478 2623 2533 Domine
2661 2475 2821 2539 Deus,
2864 2473 3058 2528 exaudi
3093 2485 3280 2540 preces
3318 2486 3491 2532 meas,
3529 2480 3584 2523 et
3619 2469 3705 2522 di-

2115 2589 2286 2644 gnare
2312 2570 2562 2626 ancillam
2607 2577 2774 2631 tuam,
2804 2575 2862 2619 ut
2905 2567 3046 2618 hanc
3083 2575 3280 2618 terram
3310 2562 3574 2623 dimittat,
3611 2569 3706 2613 ut-

2113 2679 2219 2734 que
2257 2671 2446 2716 ornata
2493 2673 2770 2730 purpureo
2820 2654 3160 2724 triumphalis
3213 2653 3463 2722 martyrii
3502 2651 3702 2722 peplo,

2113 2756 2471 2822 flammeoque
2494 2751 2743 2821 virginali
2773 2757 3047 2810 contecta,
3083 2747 3149 2798 ad
3181 2744 3704 2799 immarcescibilem

2116 2857 2338 2902 aeterna:
2379 2844 2566 2912 gloriae
2601 2854 2858 2896 coronam
2907 2837 3140 2891 feliciter
3182 2837 3487 2904 perveniat.
3541 2835 3709 2888 Hisce

2116 2939 2354 3009 peractis
2388 2937 2640 3008 precibus
2662 2972 2678 3000 ,
2720 2932 2864 2987 illico
2896 2928 3300 2984 immaculatum
3340 2926 3451 2981 Deo
3478 2925 3710 2980 tradidit

2119 3031 2364 3100 spiritum
2377 3067 2390 3084 .
2796 3024 2800 3028 ’

443 3123 576 3177 nihil
605 3137 697 3176 eos
727 3123 868 3192 ignis
898 3123 1098 3177 laeserit
1123 3125 1188 3189 η,
1216 3123 1377 3176 illein
1400 3123 1554 3190 igneo
1574 3121 1770 3175 lectulo
1798 3131 2015 3190 propter
2043 3106 2089 3166 C
2187 3123 2277 3178 23.
2320 3120 2473 3188 Quod
2503 3119 2592 3173 ubi
2626 3118 2855 3189 populus
2890 3128 3173 3172 carcerem
3206 3116 3575 3170 circumstans
3603 3125 3709 3168 co-

439 3227 497 3266 se
531 3210 804 3278 jaeeutem
843 3214 1110 3284 Agatham
1134 3253 1148 3276 ,
1189 3213 1400 3282 sibique
1431 3214 1777 3281 desponsam,
1814 3211 2016 3281 quippe

439 3319 559 3374 qua:
587 3305 653 3358 ab
685 3304 910 3357 infantia
939 3304 1042 3358 sibi
1071 3305 1394 3366 adhaeserat,
1419 3313 1647 3371 eratque
1669 3318 1848 3358 secum
1875 3302 2014 3355 facta

442 3411 582 3449 unus
627 3395 888 3464 spiritus,
944 3394 1246 3448 dimitteret
1301 3393 1734 3448 amburendam?
1790 3392 2013 3457 Adfuit,

443 3487 620 3540 adfuit
664 3487 890 3557 Agathaa
942 3501 1155 3554 sponsa:
1212 3484 1487 3554 Sponsus,
1539 3485 1628 3554 qui
1675 3500 1768 3553 per
1799 3484 2018 3554 angelos

443 3591 573 3629 suos
626 3577 853 3644 Spiritus
890 3575 1064 3630 factos
1097 3585 1151 3630 et
1187 3586 1387 3629 terram
1429 3575 1561 3630 fecit
1597 3585 1851 3640 tremere,
1887 3589 2017 3642 pro-

444 3669 620 3722 (lllCllS
649 3669 824 3723 ventis
853 3669 915 3722 de
945 3683 1143 3721 arcano
1170 3682 1393 3722 suorqu
1423 3668 1835 3729 thesaurorum;
1867 3666 2020 3723 fecit—

445 3773 551 3828 que
585 3758 890 3813 incendiqu
929 3759 1058 3812 illud
1093 3757 1318 3828 Agathe
1352 3757 1682 3812 substratum
1715 3757 1868 3826 quasi
1921 3772 2017 3810 au-

449 3866 561 3903 ram
614 3852 752 3905 roris
788 3850 1046 3917 flantem,
1093 3851 1164 3904 ita
1209 3859 1266 3902 ut
1310 3864 1485 3918 neque
1518 3849 1785 3918 virginale
1821 3862 2019 3916 corpus

448 3952 702 4009 tangere,
753 3956 927 4012 neque
981 3942 1098 4011 ejus
1138 3941 1380 3996 animum
1434 3939 1798 4006 contristare,
1841 3951 2019 4008 neque

449 4034 710 4087 molestia:
741 4033 1037 4102 quidquam
1081 4031 1291 4090 inferre
1321 4033 1547 4087 auderet
1591 4030 1751 4101 ignis.
1793 4031 2016 4092 Adfuit,

448 4126 700 4194 inquam,
756 4126 1036 4188 Christus,
1109 4138 1404 4194 secumque
1457 4123 1640 4178 nobile
1705 4121 2017 4192 angelorum

445 4233 658 4285 agmen,
702 4226 810 4270 tam
847 4217 1010 4271 nobili
1049 4217 1380 4286 spectaculo,
1423 4215 1693 4284 dignoque
1723 4213 1865 4283 quod
1901 4227 2018 4268 cce-

444 4309 666 4363 lestibus
703 4308 870 4362 oculis
895 4318 1235 4372 cerneretur,
1264 4310 1398 4362 adeo
1422 4317 1480 4362 ut
1502 4310 1624 4377 jure
1646 4310 1850 4378 optimo
1879 4309 2019 4379 Aga-

448 4407 535 4456 tha
567 4403 806 4456 clamare
834 4402 1069 4468 potuerit
1102 4399 1360 4463 :Vidisti,
1393 4401 1647 4467 Domine,
1681 4401 2014 4470 etspectasti

445 4509 672 4562 agonem
705 4508 906 4558 meum,
938 4493 1207 4559 quomodo
1237 4493 1470 4562 pugnavi
1502 4493 1555 4546 in
1583 4493 1780 4560 stadio,
1813 4503 1866 4547 et
1892 4495 2017 4564 quia

447 4584 588 4636 volui
635 4583 791 4636 fidem
829 4582 1154 4652 virginitatis
1199 4584 1512 4652 custodire,
1545 4585 1697 4655 jussa
1743 4601 1862 4641 sum
1912 4601 2016 4640 non

445 4675 616 4729 solum
648 4677 901 4744 suspendi
953 4676 1006 4729 in
1033 4676 1281 4745 equuleo,
1323 4687 1376 4732 et
1408 4678 1459 4732 in
1497 4679 1751 4733 mamillis
1801 4687 2019 4748 totoque

444 4782 674 4834 corpore
708 4769 1113 4833 excarnificari,
1142 4769 1234 4824 sed
1260 4770 1426 4824 etiam
1462 4772 1515 4825 in
1551 4773 1673 4841 igne
1700 4772 1955 4826 collocari
1999 4791 2014 4826 :

445 4859 540 4912 sed
595 4858 670 4911 tui
711 4857 877 4912 divini
929 4859 1131 4912 amoris
1165 4859 1344 4913 fervor
1377 4861 1508 4914 mihi
1545 4862 1688 4916 vires
1730 4861 1948 4925 sufﬁcit,
1985 4876 2018 4915 ο

441 4953 583 5005 boue
610 4949 840 5020 Sponse,
867 4950 1127 5020 fulcitque
1153 4953 1300 5007 hisce
1323 4950 1578 5016 ﬂammis,
1601 4953 1747 5006 velut
1773 4967 2018 5008 rosarum

442 5041 668 5120 ﬂoribus
707 5045 786 5110 ¹³,
843 5044 1116 5114 stipatque
1173 5045 1448 5098 odorifero
1503 5045 1802 5100 carbonum
1862 5043 2018 5112 quasi

442 5151 726 5205 pomorum
783 5145 837 5190 et
869 5145 1171 5190 aromatum
1218 5136 1431 5204 sullitu;
1478 5139 1550 5190 ita
1592 5145 1650 5191 ut
1698 5135 2014 5190 carnificum

443 5237 712 5280 tormenta
756 5229 869 5282 haec
898 5230 1136 5284 crudelia
1165 5271 1179 5296 ,
1222 5240 1275 5284 et
1309 5231 1472 5284 hosce
1523 5229 1716 5298 iguitos
1751 5228 2017 5282 carboaes

443 5320 686 5374 hilariter
737 5323 1070 5388 sustineam,
1118 5331 1473 5388 amanterque
1519 5321 1870 5388 complectar,
1907 5332 2013 5372 nou

442 5420 694 5479 tauquam
745 5414 896 5481 ignes
949 5413 1298 5477 cruciantes,
1358 5413 1452 5466 sed
1510 5420 1766 5480 tanquam
1821 5424 2015 5464 vernos

441 5503 635 5567 ﬂores,
671 5512 726 5557 et
766 5520 1064 5575 purpureas
1119 5519 1351 5560 coronas
1391 5503 1520 5557 mihi
1555 5501 2010 5568 adblaudientes;

513 5657 552 5690 “
590 5657 779 5715 Matth.
837 5675 1023 5726 sunt,
1078 5661 1132 5714 ‘2.
1216 5661 1256 5691 "
1305 5659 1436 5712 Dan.
1483 5674 1564 5723 ιιι,
1621 5657 1712 5713 92.

2116 3214 2320 3285 gnovit,
2370 3227 2562 3281 magno
2608 3227 2729 3266 cum
2778 3209 2994 3280 pietatis
3027 3207 3204 3263 studio
3237 3222 3303 3260 ac
3357 3203 3706 3268 reverentia,

2118 3321 2318 3375 corpus
2363 3318 2641 3374 generosa:
2674 3302 2931 3372 martyris
2977 3301 3032 3354 in
3075 3307 3422 3353 monumento
3475 3294 3710 3351 honori-

2120 3399 2220 3453 fice
2243 3397 2570 3466 composuit.
2603 3399 2684 3448 Au
2715 3401 2845 3449 v’ero
2881 3392 3128 3462 Sponsus
3157 3391 3384 3459 Agatha:
3415 3387 3706 3455 Christus,

2117 3491 2210 3561 qui
2242 3489 2512 3556 gloriosus
2539 3497 2623 3542 est
2651 3496 2706 3541 et
2737 3485 3008 3540 mirabilis
3046 3485 3101 3538 in
3136 3483 3339 3538 sanctis
3368 3481 3711 3551 martyribus

2117 3581 2268 3644 suis,
2311 3582 2453 3635 hanc
2499 3578 2789 3633 amabilem
2821 3575 2940 3646 ejus
2983 3591 3270 3646 sponsam,
3301 3584 3356 3629 et
3397 3587 3710 3645 martyrum

2119 3672 2423 3727 Sicularum
2454 3671 2711 3725 eximiam
2745 3670 2989 3738 reginam
3015 3709 3030 3734 ,
3059 3683 3220 3737 quam
3262 3669 3426 3722 etiam
3456 3666 3509 3719 in
3540 3666 3711 3722 terris

2117 3765 2393 3818 viventem
2427 3761 2708 3818 miraculis
2743 3763 3201 3816 cohonestaverat
3223 3799 3238 3826 ,
3271 3774 3399 3813 mox
3457 3758 3510 3813 in
3561 3757 3708 3812 caelo

2120 3872 2304 3913 secum
2348 3857 2775 3924 trimnphautem
2833 3868 2938 3906 nou
2999 3853 3253 3908 redderet
3302 3851 3464 3922 longe
3502 3849 3708 3905 clario-

2121 3947 2278 4000 rem?
2307 3947 2370 3999 Et
2407 3944 2564 4012 cujus
2594 3943 2825 4014 virginis
2862 3943 3101 4013 linguam
3131 3951 3322 3997 testem
3347 3957 3460 3996 sua:
3499 3940 3710 3997 divini-

2123 4041 2247 4094 tatis
2281 4038 2542 4093 disertam
2579 4036 2832 4092 Christus
2866 4034 3109 4100 fecerat,
3155 4049 3456 4102 secumque
3483 4042 3705 4088 castum

2120 4144 2382 4196 amorem,
2424 4143 2488 4183 ac
2517 4127 2810 4198 nuptialem
2853 4127 3012 4182 fidem
3049 4126 3290 4195 jusserat
3332 4125 3542 4194 publice
3574 4140 3710 4194 pro-

2123 4222 2294 4284 ﬁteri,
2334 4237 2454 4276 mox
2491 4222 2680 4276 eidem
2719 4234 2918 4290 corpus
2953 4220 3020 4274 iis
3061 4221 3129 4274 de
3181 4218 3362 4273 causis
3397 4218 3706 4272 cruciatum

2123 4316 2404 4384 quiescere
2429 4313 2482 4368 in
2509 4313 2743 4369 obscuro
2768 4325 3040 4367 marmore
3068 4319 3347 4380 pateretur
3370 4310 3662 4380 inglorium
3683 4311 3708 4363 Υ

2124 4406 2275 4462 Fecit
2317 4406 2538 4476 utique,
2591 4404 2721 4460 fecit
2753 4403 3097 4474 dignissima:
3133 4399 3294 4468 hujus
3336 4403 3568 4471 Sponsae
3595 4417 3712 4456 sua:

2123 4498 2375 4553 Christus
2403 4498 2708 4566 sepulcrum
2763 4495 3080 4567 gloriosum,
3118 4508 3223 4548 non
3265 4507 3362 4562 per
3402 4509 3568 4547 unum
3612 4503 3714 4547 aut

2124 4591 2261 4645 duos
2327 4588 2548 4658 angelos
2601 4588 2814 4644 coalitus
2870 4587 3064 4641 missos
3133 4586 3322 4655 paucis
3386 4585 3712 4640 mulieribus

2122 4681 2464 4750 conspicuos,
2501 4680 2660 4736 sicuti
2698 4695 2850 4734 suam
2889 4677 3228 4747 speluncam,
3258 4675 3347 4730 ubi
3381 4685 3542 4729 extra
3579 4676 3716 4731 Ilie-

2123 4775 2450 4845 rosolymam
2488 4773 2604 4844 ipse
2633 4773 2879 4844 Sponsus
2901 4774 3188 4843 jacuerat;
3227 4769 3322 4824 sed
3362 4785 3460 4839 per
3486 4781 3712 4824 centum

2123 4869 2358 4937 spiritus
2388 4867 2640 4924 caelestes
2679 4869 2969 4922 humanam
3006 4868 3203 4920 decore
3238 4865 3553 4933 juventutis
3592 4865 3718 4921 for-

2121 4975 2264 5014 mam
2291 4958 2541 5024 indutos;
2575 4959 2666 5028 qui
2697 4959 2825 5014 dum
2866 4957 3130 5029 virginale
3153 4972 3351 5025 corpus
3373 4972 3402 5009 a
3433 4955 3720 5012 Christia-

2125 5051 2209 5104 nis
2243 5050 2454 5105 civibus
2482 5051 2682 5106 decore
2728 5051 3048 5115 collocatur,
3089 5050 3370 5119 conspicui
3411 5051 3712 5116 omnibus,

2124 5141 2398 5198 emlestem
2431 5142 2716 5198 melodiaiu
2739 5143 3118 5198 decantarunt.
3147 5141 3377 5209 Quidam
3411 5157 3545 5197 vero
3569 5143 3720 5198 inter

2126 5245 2220 5284 eos
2287 5231 2447 5299 longe
2498 5230 2899 5299 pulcherrimus
2929 5231 3245 5286 adolescens
3291 5231 3360 5286 ad
3397 5233 3719 5300 sepulcrum

2125 5321 2360 5376 nondum
2411 5331 2656 5391 opertum
2697 5323 2963 5386 accessit,
3003 5322 3252 5392 ce-Joque
3288 5323 3526 5377 delatam
3563 5340 3722 5378 mar-

2125 5427 2363 5466 moream
2416 5412 2667 5467 tabellam
2711 5414 2776 5467 ad
2822 5411 3062 5482 Virginis
3111 5422 3273 5482 caput
3313 5415 3606 5483 apposuit,
3655 5416 3718 5471 in

2123 5517 2230 5573 qua
2271 5503 2388 5574 ejus
2441 5505 2686 5560 encomia
2745 5515 2902 5561 erant
2950 5506 3188 5562 breviter
3219 5516 3444 5563 exarata
3484 5525 3498 5562 :
3559 5505 3722 5564 Mens

1791 5659 1834 5690 ¹³
1875 5657 2032 5713 Cant.
2086 5677 2140 5728 tt,
2169 5670 2218 5720 ὅ.
