  <div class='ocr_page' id='page_1' title='image "/cluster/home/n/w/nwhite01/storage/ocr_20150623/100/mdp.39015005675668/652.png"; bbox 0 0 3938 6168; ppageno 0'>
   <div class='ocr_carea' id='block_1_1' title="bbox 246 274 368 339">
    <p class='ocr_par' dir='ltr' id='par_1_1' title="bbox 246 274 368 339">
     <span class='ocr_line' id='line_1_1' title="bbox 246 274 368 339; baseline 0 0"><span class='ocrx_word' id='word_1_1' title='bbox 246 274 368 339; x_wconf 71' lang='grc'><strong>1235</strong></span> 
     </span>
    </p>
   </div>
   <div class='ocr_carea' id='block_1_2' title="bbox 1356 258 2305 329">
    <p class='ocr_par' dir='ltr' id='par_1_2' title="bbox 1356 258 2305 329">
     <span class='ocr_line' id='line_1_2' title="bbox 1356 258 2305 329; baseline -0.002 -2"><span class='ocrx_word' id='word_1_2' title='bbox 1356 262 1649 327; x_wconf 79' lang='lat' dir='ltr'><strong>ORATIO</strong></span> <span class='ocrx_word' id='word_1_3' title='bbox 1688 258 1768 324; x_wconf 88' lang='lat' dir='ltr'><strong>IN</strong></span> <span class='ocrx_word' id='word_1_4' title='bbox 1809 262 1872 324; x_wconf 92' lang='lat' dir='ltr'><strong>S.</strong></span> <span class='ocrx_word' id='word_1_5' title='bbox 1914 262 2305 329; x_wconf 45' lang='lat' dir='ltr'><strong>A‘GATHAM.</strong></span> 
     </span>
    </p>
   </div>
   <div class='ocr_carea' id='block_1_3' title="bbox 3359 261 3498 334">
    <p class='ocr_par' dir='ltr' id='par_1_3' title="bbox 3359 261 3498 334">
     <span class='ocr_line' id='line_1_3' title="bbox 3359 261 3498 334; baseline 0.022 -3"><span class='ocrx_word' id='word_1_6' title='bbox 3359 261 3498 334; x_wconf 71' lang='lat' dir='ltr'><strong>123B</strong></span> 
     </span>
    </p>
   </div>
   <div class='ocr_carea' id='block_1_4' title="bbox 251 372 3497 460">
    <p class='ocr_par' dir='ltr' id='par_1_4' title="bbox 251 372 3497 460">
     <span class='ocr_line' id='line_1_4' title="bbox 251 372 3497 460; baseline -0.003 -10"><span class='ocrx_word' id='word_1_7' title='bbox 251 404 413 451; x_wconf 74' lang='lat' dir='ltr'><strong>sancta</strong></span> <span class='ocrx_word' id='word_1_8' title='bbox 465 396 790 460; x_wconf 69' lang='lat' dir='ltr'><strong>spontaneo,</strong></span> <span class='ocrx_word' id='word_1_9' title='bbox 837 387 1005 441; x_wconf 82' lang='lat' dir='ltr'><strong>honor</strong></span> <span class='ocrx_word' id='word_1_10' title='bbox 1052 383 1195 449; x_wconf 83' lang='lat' dir='ltr'><strong>Deo,</strong></span> <span class='ocrx_word' id='word_1_11' title='bbox 1224 392 1269 436; x_wconf 75' lang='lat' dir='ltr'><strong>et</strong></span> <span class='ocrx_word' id='word_1_12' title='bbox 1320 385 1509 453; x_wconf 73' lang='lat' dir='ltr'><strong>patria:</strong></span> <span class='ocrx_word' id='word_1_13' title='bbox 1560 372 1818 434; x_wconf 66' lang='lat' dir='ltr'><strong>liberalia.</strong></span> <span class='ocrx_word' id='word_1_14' title='bbox 1854 383 1897 441; x_wconf 81' lang='grc' dir='ltr'><strong><em>Β</em></strong></span> <span class='ocrx_word' id='word_1_15' title='bbox 1926 381 2067 435; x_wconf 86' lang='lat' dir='ltr'><strong>coelo</strong></span> <span class='ocrx_word' id='word_1_16' title='bbox 2100 391 2352 451; x_wconf 88' lang='lat' dir='ltr'><strong>terraque</strong></span> <span class='ocrx_word' id='word_1_17' title='bbox 2382 377 2544 434; x_wconf 76' lang='lat' dir='ltr'><strong>fiebat</strong></span> <span class='ocrx_word' id='word_1_18' title='bbox 2587 377 2879 451; x_wconf 84' lang='lat' dir='ltr'><strong>gloriosus,</strong></span> <span class='ocrx_word' id='word_1_19' title='bbox 2917 378 3359 439; x_wconf 87' lang='lat' dir='ltr'><strong>animadvertens</strong></span> <span class='ocrx_word' id='word_1_20' title='bbox 3397 403 3497 439; x_wconf 87' lang='lat' dir='ltr'><strong>no-</strong></span> 
     </span>
    </p>
   </div>
   <div class='ocr_carea' id='block_1_5' title="bbox 303 474 1812 550">
    <p class='ocr_par' dir='ltr' id='par_1_5' title="bbox 303 474 1812 550">
     <span class='ocr_line' id='line_1_5' title="bbox 303 474 1812 550; baseline -0.01 -9"><span class='ocrx_word' id='word_1_21' title='bbox 303 486 386 541; x_wconf 66' lang='lat'><strong>24.</strong></span> <span class='ocrx_word' id='word_1_22' title='bbox 423 483 563 550; x_wconf 84' lang='lat' dir='ltr'><strong>Quid</strong></span> <span class='ocrx_word' id='word_1_23' title='bbox 606 483 706 536; x_wconf 91' lang='lat' dir='ltr'><strong>hoc</strong></span> <span class='ocrx_word' id='word_1_24' title='bbox 735 494 901 534; x_wconf 88' lang='lat' dir='ltr'><strong>unum</strong></span> <span class='ocrx_word' id='word_1_25' title='bbox 947 492 1126 532; x_wconf 85' lang='lat' dir='ltr'><strong>meum</strong></span> <span class='ocrx_word' id='word_1_26' title='bbox 1168 492 1253 540; x_wconf 87' lang='lat' dir='ltr'><strong>os,</strong></span> <span class='ocrx_word' id='word_1_27' title='bbox 1302 488 1529 545; x_wconf 88' lang='lat' dir='ltr'><strong>meaque</strong></span> <span class='ocrx_word' id='word_1_28' title='bbox 1561 474 1812 527; x_wconf 79' lang='lat' dir='ltr'><strong>mortalis</strong></span> 
     </span>
    </p>
   </div>
   <div class='ocr_carea' id='block_1_6' title="bbox 251 566 1810 647">
    <p class='ocr_par' dir='ltr' id='par_1_6' title="bbox 251 566 1810 647">
     <span class='ocr_line' id='line_1_6' title="bbox 251 566 1810 647; baseline -0.011 -14"><span class='ocrx_word' id='word_1_29' title='bbox 251 580 412 647; x_wconf 78' lang='lat' dir='ltr'><strong>lingua</strong></span> <span class='ocrx_word' id='word_1_30' title='bbox 462 576 627 629; x_wconf 88' lang='lat' dir='ltr'><strong>audet</strong></span> <span class='ocrx_word' id='word_1_31' title='bbox 691 571 923 640; x_wconf 82' lang='lat' dir='ltr'><strong>amplius</strong></span> <span class='ocrx_word' id='word_1_32' title='bbox 983 570 1170 624; x_wconf 88' lang='lat' dir='ltr'><strong>laudes</strong></span> <span class='ocrx_word' id='word_1_33' title='bbox 1225 570 1451 637; x_wconf 73' lang='lat' dir='ltr'><strong>Agzitlm</strong></span> <span class='ocrx_word' id='word_1_34' title='bbox 1509 566 1810 631; x_wconf 86' lang='lat' dir='ltr'><strong>celebrare,</strong></span> 
     </span>
    </p>
   </div>
   <div class='ocr_carea' id='block_1_7' title="bbox 249 656 1812 738">
    <p class='ocr_par' dir='ltr' id='par_1_7' title="bbox 249 656 1812 738">
     <span class='ocr_line' id='line_1_7' title="bbox 249 656 1812 738; baseline -0.01 -15"><span class='ocrx_word' id='word_1_35' title='bbox 249 685 364 738; x_wconf 82' lang='lat' dir='ltr'><strong>quas</strong></span> <span class='ocrx_word' id='word_1_36' title='bbox 394 683 500 721; x_wconf 90' lang='lat' dir='ltr'><strong>non</strong></span> <span class='ocrx_word' id='word_1_37' title='bbox 539 674 756 720; x_wconf 83' lang='lat' dir='ltr'><strong>rentum</strong></span> <span class='ocrx_word' id='word_1_38' title='bbox 795 662 1115 730; x_wconf 88' lang='lat' dir='ltr'><strong>angelorum</strong></span> <span class='ocrx_word' id='word_1_39' title='bbox 1143 675 1261 724; x_wconf 89' lang='lat' dir='ltr'><strong>ora,</strong></span> <span class='ocrx_word' id='word_1_40' title='bbox 1298 656 1419 714; x_wconf 62' lang='lat' dir='ltr'><strong>non&#39;</strong></span> <span class='ocrx_word' id='word_1_41' title='bbox 1441 660 1663 714; x_wconf 88' lang='lat' dir='ltr'><strong>totidem</strong></span> <span class='ocrx_word' id='word_1_42' title='bbox 1698 669 1812 712; x_wconf 73' lang='lat' dir='ltr'><strong>cte-</strong></span> 
     </span>
    </p>
   </div>
   <div class='ocr_carea' id='block_1_8' title="bbox 251 748 1817 826">
    <p class='ocr_par' dir='ltr' id='par_1_8' title="bbox 251 748 1817 826">
     <span class='ocr_line' id='line_1_8' title="bbox 251 748 1817 826; baseline -0.008 -12"><span class='ocrx_word' id='word_1_43' title='bbox 251 762 402 815; x_wconf 86' lang='lat' dir='ltr'><strong>lestes</strong></span> <span class='ocrx_word' id='word_1_44' title='bbox 431 758 634 826; x_wconf 67' lang='lat' dir='ltr'><strong>linguae</strong></span> <span class='ocrx_word' id='word_1_45' title='bbox 659 756 840 810; x_wconf 89' lang='lat' dir='ltr'><strong>verbis</strong></span> <span class='ocrx_word' id='word_1_46' title='bbox 871 754 1178 809; x_wconf 72' lang='lat' dir='ltr'><strong>volantibus</strong></span> <span class='ocrx_word' id='word_1_47' title='bbox 1203 753 1469 821; x_wconf 73' lang='lat' dir='ltr'><strong>attingere</strong></span> <span class='ocrx_word' id='word_1_48' title='bbox 1492 748 1817 804; x_wconf 79' lang='lat' dir='ltr'><strong>valuerunt?</strong></span> 
     </span>
    </p>
   </div>
   <div class='ocr_carea' id='block_1_9' title="bbox 250 841 1819 919">
    <p class='ocr_par' dir='ltr' id='par_1_9' title="bbox 250 841 1819 919">
     <span class='ocr_line' id='line_1_9' title="bbox 250 841 1819 919; baseline -0.008 -10"><span class='ocrx_word' id='word_1_49' title='bbox 250 855 342 909; x_wconf 86' lang='lat' dir='ltr'><strong>Sed</strong></span> <span class='ocrx_word' id='word_1_50' title='bbox 376 853 493 907; x_wconf 83' lang='lat' dir='ltr'><strong>illas</strong></span> <span class='ocrx_word' id='word_1_51' title='bbox 526 850 674 919; x_wconf 82' lang='lat' dir='ltr'><strong>ipsas</strong></span> <span class='ocrx_word' id='word_1_52' title='bbox 707 862 903 918; x_wconf 88' lang='lat' dir='ltr'><strong>magno</strong></span> <span class='ocrx_word' id='word_1_53' title='bbox 929 847 1148 901; x_wconf 85' lang='lat' dir='ltr'><strong>silentio</strong></span> <span class='ocrx_word' id='word_1_54' title='bbox 1176 844 1492 901; x_wconf 75' lang='lat' dir='ltr'><strong>cmlestibus</strong></span> <span class='ocrx_word' id='word_1_55' title='bbox 1517 843 1698 911; x_wconf 84' lang='lat' dir='ltr'><strong>digitis</strong></span> <span class='ocrx_word' id='word_1_56' title='bbox 1731 841 1819 896; x_wconf 86' lang='lat' dir='ltr'><strong>ille</strong></span> 
     </span>
    </p>
   </div>
   <div class='ocr_carea' id='block_1_10' title="bbox 246 933 1820 1010">
    <p class='ocr_par' dir='ltr' id='par_1_10' title="bbox 246 933 1820 1010">
     <span class='ocr_line' id='line_1_10' title="bbox 246 933 1820 1010; baseline -0.008 -12"><span class='ocrx_word' id='word_1_57' title='bbox 246 943 448 999; x_wconf 67' lang='lat' dir='ltr'><strong>caeteris</strong></span> <span class='ocrx_word' id='word_1_58' title='bbox 485 940 661 1010; x_wconf 81' lang='lat' dir='ltr'><strong>major</strong></span> <span class='ocrx_word' id='word_1_59' title='bbox 698 938 942 1007; x_wconf 82' lang='lat' dir='ltr'><strong>angelus,</strong></span> <span class='ocrx_word' id='word_1_60' title='bbox 972 936 1203 1005; x_wconf 75' lang='lat' dir='ltr'><strong>virginis</strong></span> <span class='ocrx_word' id='word_1_61' title='bbox 1260 948 1430 1004; x_wconf 87' lang='lat' dir='ltr'><strong>nuper</strong></span> <span class='ocrx_word' id='word_1_62' title='bbox 1486 942 1709 1000; x_wconf 85' lang='lat' dir='ltr'><strong>custos,</strong></span> <span class='ocrx_word' id='word_1_63' title='bbox 1744 933 1820 986; x_wconf 90' lang='lat' dir='ltr'><strong>di-</strong></span> 
     </span>
    </p>
   </div>
   <div class='ocr_carea' id='block_1_11' title="bbox 234 1026 1820 1102">
    <p class='ocr_par' dir='ltr' id='par_1_11' title="bbox 234 1026 1820 1102">
     <span class='ocr_line' id='line_1_11' title="bbox 234 1026 1820 1102; baseline -0.007 -11"><span class='ocrx_word' id='word_1_64' title='bbox 234 1038 420 1091; x_wconf 55' lang='lat' dir='ltr'><strong>ctante</strong></span> <span class='ocrx_word' id='word_1_65' title='bbox 470 1033 759 1102; x_wconf 86' lang='lat' dir='ltr'><strong>descripsit</strong></span> <span class='ocrx_word' id='word_1_66' title='bbox 791 1031 936 1091; x_wconf 86' lang='lat' dir='ltr'><strong>Deo;</strong></span> <span class='ocrx_word' id='word_1_67' title='bbox 986 1030 1397 1098; x_wconf 76' lang='lat' dir='ltr'><strong>admiratusque</strong></span> <span class='ocrx_word' id='word_1_68' title='bbox 1443 1026 1711 1096; x_wconf 85' lang='lat' dir='ltr'><strong>angelicas</strong></span> <span class='ocrx_word' id='word_1_69' title='bbox 1756 1040 1820 1080; x_wconf 91' lang='lat' dir='ltr'><strong>ac</strong></span> 
     </span>
    </p>
   </div>
   <div class='ocr_carea' id='block_1_12' title="bbox 239 1116 1816 1197">
    <p class='ocr_par' dir='ltr' id='par_1_12' title="bbox 239 1116 1816 1197">
     <span class='ocr_line' id='line_1_12' title="bbox 239 1116 1816 1197; baseline -0.007 -17"><span class='ocrx_word' id='word_1_70' title='bbox 239 1140 405 1197; x_wconf 79' lang='lat' dir='ltr'><strong>prope</strong></span> <span class='ocrx_word' id='word_1_71' title='bbox 462 1124 678 1177; x_wconf 82' lang='lat' dir='ltr'><strong>divinas</strong></span> <span class='ocrx_word' id='word_1_72' title='bbox 734 1121 999 1184; x_wconf 80' lang='lat' dir='ltr'><strong>virtutes,</strong></span> <span class='ocrx_word' id='word_1_73' title='bbox 1068 1119 1317 1189; x_wconf 86' lang='lat' dir='ltr'><strong>protinus</strong></span> <span class='ocrx_word' id='word_1_74' title='bbox 1373 1117 1497 1172; x_wconf 89' lang='lat' dir='ltr'><strong>inde</strong></span> <span class='ocrx_word' id='word_1_75' title='bbox 1545 1116 1816 1171; x_wconf 90' lang='lat' dir='ltr'><strong>discessit.</strong></span> 
     </span>
    </p>
   </div>
   <div class='ocr_carea' id='block_1_13' title="bbox 250 1208 1821 1284">
    <p class='ocr_par' dir='ltr' id='par_1_13' title="bbox 250 1208 1821 1284">
     <span class='ocr_line' id='line_1_13' title="bbox 250 1208 1821 1284; baseline -0.008 -12"><span class='ocrx_word' id='word_1_76' title='bbox 250 1221 395 1272; x_wconf 70' lang='lat' dir='ltr'><strong>(terte</strong></span> <span class='ocrx_word' id='word_1_77' title='bbox 427 1225 488 1269; x_wconf 92' lang='lat' dir='ltr'><strong>ut</strong></span> <span class='ocrx_word' id='word_1_78' title='bbox 529 1215 644 1284; x_wconf 85' lang='lat' dir='ltr'><strong>ipse</strong></span> <span class='ocrx_word' id='word_1_79' title='bbox 674 1226 891 1283; x_wconf 88' lang='lat' dir='ltr'><strong>quoque</strong></span> <span class='ocrx_word' id='word_1_80' title='bbox 925 1225 1168 1281; x_wconf 74' lang='lat' dir='ltr'><strong>praesens</strong></span> <span class='ocrx_word' id='word_1_81' title='bbox 1209 1217 1375 1274; x_wconf 86' lang='lat' dir='ltr'><strong>esset,</strong></span> <span class='ocrx_word' id='word_1_82' title='bbox 1409 1208 1667 1277; x_wconf 77' lang='lat' dir='ltr'><strong>ﬁeretque</strong></span> <span class='ocrx_word' id='word_1_83' title='bbox 1698 1222 1821 1276; x_wconf 84' lang='lat' dir='ltr'><strong>par-</strong></span> 
     </span>
    </p>
   </div>
   <div class='ocr_carea' id='block_1_14' title="bbox 242 1297 1822 1376">
    <p class='ocr_par' dir='ltr' id='par_1_14' title="bbox 242 1297 1822 1376">
     <span class='ocr_line' id='line_1_14' title="bbox 242 1297 1822 1376; baseline -0.006 -14"><span class='ocrx_word' id='word_1_84' title='bbox 242 1310 411 1376; x_wconf 75' lang='lat' dir='ltr'><strong>ticeps</strong></span> <span class='ocrx_word' id='word_1_85' title='bbox 453 1308 508 1362; x_wconf 90' lang='lat' dir='ltr'><strong>in</strong></span> <span class='ocrx_word' id='word_1_86' title='bbox 555 1304 763 1360; x_wconf 80' lang='lat' dir='ltr'><strong>deliciis</strong></span> <span class='ocrx_word' id='word_1_87' title='bbox 802 1302 1146 1368; x_wconf 75' lang='lat' dir='ltr'><strong>cmlestibus,</strong></span> <span class='ocrx_word' id='word_1_88' title='bbox 1178 1302 1376 1369; x_wconf 85' lang='lat' dir='ltr'><strong>quibus</strong></span> <span class='ocrx_word' id='word_1_89' title='bbox 1409 1299 1601 1354; x_wconf 83' lang='lat' dir='ltr'><strong>civitas</strong></span> <span class='ocrx_word' id='word_1_90' title='bbox 1645 1297 1822 1353; x_wconf 89' lang='lat' dir='ltr'><strong>omnis</strong></span> 
     </span>
    </p>
   </div>
   <div class='ocr_carea' id='block_1_15' title="bbox 253 1389 1823 1467">
    <p class='ocr_par' dir='ltr' id='par_1_15' title="bbox 253 1389 1823 1467">
     <span class='ocr_line' id='line_1_15' title="bbox 253 1389 1823 1467; baseline -0.006 -14"><span class='ocrx_word' id='word_1_91' title='bbox 253 1398 482 1455; x_wconf 72' lang='lat' dir='ltr'><strong>caelestis</strong></span> <span class='ocrx_word' id='word_1_92' title='bbox 548 1396 977 1467; x_wconf 78' lang='lat' dir='ltr'><strong>perfundebatur</strong></span> <span class='ocrx_word' id='word_1_93' title='bbox 1038 1394 1105 1448; x_wconf 88' lang='lat' dir='ltr'><strong>ad</strong></span> <span class='ocrx_word' id='word_1_94' title='bbox 1176 1391 1508 1460; x_wconf 79' lang='lat' dir='ltr'><strong>triumphum</strong></span> <span class='ocrx_word' id='word_1_95' title='bbox 1569 1389 1823 1459; x_wconf 85' lang='lat' dir='ltr'><strong>martyris</strong></span> 
     </span>
    </p>
   </div>
   <div class='ocr_carea' id='block_1_16' title="bbox 239 1483 1823 1557">
    <p class='ocr_par' dir='ltr' id='par_1_16' title="bbox 239 1483 1823 1557">
     <span class='ocr_line' id='line_1_16' title="bbox 239 1483 1823 1557; baseline -0.009 -11"><span class='ocrx_word' id='word_1_96' title='bbox 239 1492 488 1546; x_wconf 72' lang='lat' dir='ltr'><strong>&#39;omnium</strong></span> <span class='ocrx_word' id='word_1_97' title='bbox 539 1486 925 1557; x_wconf 74' lang='lat' dir='ltr'><strong>magnanimae,</strong></span> <span class='ocrx_word' id='word_1_98' title='bbox 962 1498 1171 1552; x_wconf 87' lang='lat' dir='ltr'><strong>suoque</strong></span> <span class='ocrx_word' id='word_1_99' title='bbox 1195 1483 1320 1550; x_wconf 85' lang='lat' dir='ltr'><strong>jure</strong></span> <span class='ocrx_word' id='word_1_100' title='bbox 1345 1490 1492 1537; x_wconf 85' lang='lat' dir='ltr'><strong>esset</strong></span> <span class='ocrx_word' id='word_1_101' title='bbox 1529 1496 1823 1551; x_wconf 86' lang='lat' dir='ltr'><strong>paranym-</strong></span> 
     </span>
    </p>
   </div>
   <div class='ocr_carea' id='block_1_17' title="bbox 246 1568 1822 1648">
    <p class='ocr_par' dir='ltr' id='par_1_17' title="bbox 246 1568 1822 1648">
     <span class='ocr_line' id='line_1_17' title="bbox 246 1568 1822 1648; baseline -0.005 -17"><span class='ocrx_word' id='word_1_102' title='bbox 246 1579 379 1648; x_wconf 79' lang='lat' dir='ltr'><strong>phus</strong></span> <span class='ocrx_word' id='word_1_103' title='bbox 407 1577 473 1631; x_wconf 89' lang='lat' dir='ltr'><strong>ad</strong></span> <span class='ocrx_word' id='word_1_104' title='bbox 520 1577 828 1646; x_wconf 86' lang='lat' dir='ltr'><strong>ingressum</strong></span> <span class='ocrx_word' id='word_1_105' title='bbox 867 1572 1248 1642; x_wconf 69' lang='lat' dir='ltr'><strong>pulcherrimae</strong></span> <span class='ocrx_word' id='word_1_106' title='bbox 1281 1571 1484 1625; x_wconf 75' lang='lat' dir='ltr'><strong>Christi</strong></span> <span class='ocrx_word' id='word_1_107' title='bbox 1519 1583 1734 1640; x_wconf 61' lang='lat' dir='ltr'><strong>sponsa:</strong></span> <span class='ocrx_word' id='word_1_108' title='bbox 1769 1568 1822 1623; x_wconf 90' lang='lat' dir='ltr'><strong>in</strong></span> 
     </span>
    </p>
   </div>
   <div class='ocr_carea' id='block_1_18' title="bbox 247 1657 1823 1731">
    <p class='ocr_par' dir='ltr' id='par_1_18' title="bbox 247 1657 1823 1731">
     <span class='ocr_line' id='line_1_18' title="bbox 247 1657 1823 1731; baseline -0.006 -9"><span class='ocrx_word' id='word_1_109' title='bbox 247 1669 549 1723; x_wconf 87' lang='lat' dir='ltr'><strong>thalamum</strong></span> <span class='ocrx_word' id='word_1_110' title='bbox 582 1665 687 1719; x_wconf 93' lang='lat' dir='ltr'><strong>sibi</strong></span> <span class='ocrx_word' id='word_1_111' title='bbox 732 1678 764 1718; x_wconf 91' lang='lat' dir='ltr'><strong>a</strong></span> <span class='ocrx_word' id='word_1_112' title='bbox 794 1664 973 1717; x_wconf 86' lang='lat' dir='ltr'><strong>Matre</strong></span> <span class='ocrx_word' id='word_1_113' title='bbox 1022 1662 1289 1731; x_wconf 76' lang='lat' dir='ltr'><strong>virginum</strong></span> <span class='ocrx_word' id='word_1_114' title='bbox 1337 1657 1561 1729; x_wconf 77' lang='lat' dir='ltr'><strong>Virgine</strong></span> <span class='ocrx_word' id='word_1_115' title='bbox 1596 1659 1823 1727; x_wconf 84' lang='lat' dir='ltr'><strong>Deipara</strong></span> 
     </span>
    </p>
   </div>
   <div class='ocr_carea' id='block_1_19' title="bbox 241 1751 1819 1830">
    <p class='ocr_par' dir='ltr' id='par_1_19' title="bbox 241 1751 1819 1830">
     <span class='ocr_line' id='line_1_19' title="bbox 241 1751 1819 1830; baseline -0.006 -17"><span class='ocrx_word' id='word_1_116' title='bbox 241 1769 609 1830; x_wconf 72' lang='lat' dir='ltr'><strong>praeparatum</strong></span> <span class='ocrx_word' id='word_1_117' title='bbox 646 1770 683 1810; x_wconf 77' lang='lat'><strong>‘:</strong></span> <span class='ocrx_word' id='word_1_118' title='bbox 757 1769 964 1809; x_wconf 82' lang='lat' dir='ltr'><strong>necnon</strong></span> <span class='ocrx_word' id='word_1_119' title='bbox 1019 1766 1079 1808; x_wconf 93' lang='lat' dir='ltr'><strong>ut</strong></span> <span class='ocrx_word' id='word_1_120' title='bbox 1128 1753 1284 1808; x_wconf 81' lang='lat' dir='ltr'><strong>idem</strong></span> <span class='ocrx_word' id='word_1_121' title='bbox 1330 1765 1515 1809; x_wconf 90' lang='lat' dir='ltr'><strong>custos</strong></span> <span class='ocrx_word' id='word_1_122' title='bbox 1559 1751 1819 1821; x_wconf 81' lang='lat' dir='ltr'><strong>angelus,</strong></span> 
     </span>
    </p>
   </div>
   <div class='ocr_carea' id='block_1_20' title="bbox 240 1847 1822 1923">
    <p class='ocr_par' dir='ltr' id='par_1_20' title="bbox 240 1847 1822 1923">
     <span class='ocr_line' id='line_1_20' title="bbox 240 1847 1822 1923; baseline -0.004 -17"><span class='ocrx_word' id='word_1_123' title='bbox 240 1853 337 1923; x_wconf 74' lang='lat' dir='ltr'><strong>qui</strong></span> <span class='ocrx_word' id='word_1_124' title='bbox 367 1850 773 1906; x_wconf 76' lang='lat' dir='ltr'><strong>certaminibus</strong></span> <span class='ocrx_word' id='word_1_125' title='bbox 834 1847 1259 1916; x_wconf 91' lang='lat' dir='ltr'><strong>disputationum</strong></span> <span class='ocrx_word' id='word_1_126' title='bbox 1321 1854 1822 1914; x_wconf 86' lang='lat' dir='ltr'><strong>tormentorumque</strong></span> 
     </span>
    </p>
   </div>
   <div class='ocr_carea' id='block_1_21' title="bbox 241 1937 1826 2012">
    <p class='ocr_par' dir='ltr' id='par_1_21' title="bbox 241 1937 1826 2012">
     <span class='ocr_line' id='line_1_21' title="bbox 241 1937 1826 2012; baseline 0.001 -21"><span class='ocrx_word' id='word_1_127' title='bbox 241 1944 468 2012; x_wconf 65' lang='lat' dir='ltr'><strong>.Agathze</strong></span> <span class='ocrx_word' id='word_1_128' title='bbox 506 1955 722 2008; x_wconf 86' lang='lat' dir='ltr'><strong>semper</strong></span> <span class='ocrx_word' id='word_1_129' title='bbox 783 1939 1137 2005; x_wconf 78' lang='lat' dir='ltr'><strong>interfuerat,</strong></span> <span class='ocrx_word' id='word_1_130' title='bbox 1176 1953 1331 2008; x_wconf 60' lang='lat' dir='ltr'><strong>atque</strong></span> <span class='ocrx_word' id='word_1_131' title='bbox 1379 1953 1543 2008; x_wconf 88' lang='lat' dir='ltr'><strong>supra</strong></span> <span class='ocrx_word' id='word_1_132' title='bbox 1583 1937 1826 2008; x_wconf 88' lang='lat' dir='ltr'><strong>puellare</strong></span> 
     </span>
    </p>
   </div>
   <div class='ocr_carea' id='block_1_22' title="bbox 253 2031 1825 2105">
    <p class='ocr_par' dir='ltr' id='par_1_22' title="bbox 253 2031 1825 2105">
     <span class='ocr_line' id='line_1_22' title="bbox 253 2031 1825 2105; baseline -0.004 -15"><span class='ocrx_word' id='word_1_133' title='bbox 253 2036 524 2105; x_wconf 82' lang='lat' dir='ltr'><strong>ingenium</strong></span> <span class='ocrx_word' id='word_1_134' title='bbox 557 2048 623 2087; x_wconf 87' lang='lat' dir='ltr'><strong>ac</strong></span> <span class='ocrx_word' id='word_1_135' title='bbox 646 2033 820 2099; x_wconf 68' lang='lat' dir='ltr'><strong>vires,</strong></span> <span class='ocrx_word' id='word_1_136' title='bbox 851 2032 1006 2101; x_wconf 85' lang='lat' dir='ltr'><strong>quasi</strong></span> <span class='ocrx_word' id='word_1_137' title='bbox 1039 2033 1250 2087; x_wconf 89' lang='lat' dir='ltr'><strong>auritus</strong></span> <span class='ocrx_word' id='word_1_138' title='bbox 1287 2031 1645 2101; x_wconf 87' lang='lat' dir='ltr'><strong>oculatusque</strong></span> <span class='ocrx_word' id='word_1_139' title='bbox 1672 2031 1825 2086; x_wconf 90' lang='lat' dir='ltr'><strong>testis</strong></span> 
     </span>
    </p>
   </div>
   <div class='ocr_carea' id='block_1_23' title="bbox 252 2120 1823 2198">
    <p class='ocr_par' dir='ltr' id='par_1_23' title="bbox 252 2120 1823 2198">
     <span class='ocr_line' id='line_1_23' title="bbox 252 2120 1823 2198; baseline -0.006 -17"><span class='ocrx_word' id='word_1_140' title='bbox 252 2134 588 2198; x_wconf 82' lang='lat' dir='ltr'><strong>perceperat,</strong></span> <span class='ocrx_word' id='word_1_141' title='bbox 629 2124 952 2193; x_wconf 80' lang='lat' dir='ltr'><strong>singulaque</strong></span> <span class='ocrx_word' id='word_1_142' title='bbox 999 2120 1425 2177; x_wconf 83' lang='lat' dir='ltr'><strong>admirabundus</strong></span> <span class='ocrx_word' id='word_1_143' title='bbox 1469 2128 1823 2191; x_wconf 83' lang='lat' dir='ltr'><strong>spectaverat,</strong></span> 
     </span>
    </p>
   </div>
   <div class='ocr_carea' id='block_1_24' title="bbox 249 2209 1825 2286">
    <p class='ocr_par' dir='ltr' id='par_1_24' title="bbox 249 2209 1825 2286">
     <span class='ocr_line' id='line_1_24' title="bbox 249 2209 1825 2286; baseline -0.005 -14"><span class='ocrx_word' id='word_1_144' title='bbox 249 2234 369 2273; x_wconf 83' lang='lat' dir='ltr'><strong>mox</strong></span> <span class='ocrx_word' id='word_1_145' title='bbox 401 2231 502 2286; x_wconf 85' lang='lat' dir='ltr'><strong>per</strong></span> <span class='ocrx_word' id='word_1_146' title='bbox 540 2225 711 2269; x_wconf 90' lang='lat' dir='ltr'><strong>totum</strong></span> <span class='ocrx_word' id='word_1_147' title='bbox 745 2212 943 2266; x_wconf 73' lang='lat' dir='ltr'><strong>ctelum</strong></span> <span class='ocrx_word' id='word_1_148' title='bbox 973 2210 1226 2267; x_wconf 86' lang='lat' dir='ltr'><strong>victimas</strong></span> <span class='ocrx_word' id='word_1_149' title='bbox 1260 2219 1482 2266; x_wconf 87' lang='lat' dir='ltr'><strong>caneret</strong></span> <span class='ocrx_word' id='word_1_150' title='bbox 1510 2209 1825 2280; x_wconf 87' lang='lat' dir='ltr'><strong>virginales,</strong></span> 
     </span>
    </p>
   </div>
   <div class='ocr_carea' id='block_1_25' title="bbox 235 2301 1827 2376">
    <p class='ocr_par' dir='ltr' id='par_1_25' title="bbox 235 2301 1827 2376">
     <span class='ocr_line' id='line_1_25' title="bbox 235 2301 1827 2376; baseline -0.005 -11"><span class='ocrx_word' id='word_1_151' title='bbox 235 2310 616 2376; x_wconf 53' lang='lat' dir='ltr'><strong>&#39;invilarelque</strong></span> <span class='ocrx_word' id='word_1_152' title='bbox 672 2307 862 2361; x_wconf 89' lang='lat' dir='ltr'><strong>beatos</strong></span> <span class='ocrx_word' id='word_1_153' title='bbox 913 2303 1154 2360; x_wconf 72' lang='lat' dir='ltr'><strong>cmlestis</strong></span> <span class='ocrx_word' id='word_1_154' title='bbox 1201 2302 1407 2357; x_wconf 67' lang='lat' dir='ltr'><strong>militia:</strong></span> <span class='ocrx_word' id='word_1_155' title='bbox 1440 2303 1714 2357; x_wconf 83' lang='lat' dir='ltr'><strong>exercitus</strong></span> <span class='ocrx_word' id='word_1_156' title='bbox 1758 2301 1827 2357; x_wconf 88' lang='lat' dir='ltr'><strong>ad</strong></span> 
     </span>
    </p>
   </div>
   <div class='ocr_carea' id='block_1_26' title="bbox 249 2394 1823 2467">
    <p class='ocr_par' dir='ltr' id='par_1_26' title="bbox 249 2394 1823 2467">
     <span class='ocr_line' id='line_1_26' title="bbox 249 2394 1823 2467; baseline -0.008 -9"><span class='ocrx_word' id='word_1_157' title='bbox 249 2401 443 2458; x_wconf 83' lang='lat' dir='ltr'><strong>Filium</strong></span> <span class='ocrx_word' id='word_1_158' title='bbox 495 2399 591 2455; x_wconf 80' lang='lat' dir='ltr'><strong>Dei</strong></span> <span class='ocrx_word' id='word_1_159' title='bbox 647 2413 710 2453; x_wconf 87' lang='lat' dir='ltr'><strong>ac</strong></span> <span class='ocrx_word' id='word_1_160' title='bbox 766 2396 1012 2466; x_wconf 71' lang='lat' dir='ltr'><strong>Deipara:</strong></span> <span class='ocrx_word' id='word_1_161' title='bbox 1071 2394 1312 2467; x_wconf 75' lang='lat' dir='ltr'><strong>Virginis</strong></span> <span class='ocrx_word' id='word_1_162' title='bbox 1372 2394 1823 2461; x_wconf 89' lang='lat' dir='ltr'><strong>collaudandum,</strong></span> 
     </span>
    </p>
   </div>
   <div class='ocr_carea' id='block_1_27' title="bbox 229 2486 1751 2565">
    <p class='ocr_par' dir='ltr' id='par_1_27' title="bbox 229 2486 1751 2565">
     <span class='ocr_line' id='line_1_27' title="bbox 229 2486 1751 2565; baseline -0.003 -20"><span class='ocrx_word' id='word_1_163' title='bbox 229 2494 389 2565; x_wconf 76' lang='lat' dir='ltr'><strong>quod</strong></span> <span class='ocrx_word' id='word_1_164' title='bbox 426 2491 589 2546; x_wconf 82' lang='lat' dir='ltr'><strong>talem</strong></span> <span class='ocrx_word' id='word_1_165' title='bbox 616 2487 843 2543; x_wconf 77' lang='lat' dir='ltr'><strong>fecisset</strong></span> <span class='ocrx_word' id='word_1_166' title='bbox 873 2489 926 2542; x_wconf 89' lang='lat' dir='ltr'><strong>in</strong></span> <span class='ocrx_word' id='word_1_167' title='bbox 958 2486 1165 2542; x_wconf 84' lang='lat' dir='ltr'><strong>imbelli</strong></span> <span class='ocrx_word' id='word_1_168' title='bbox 1196 2486 1411 2557; x_wconf 82' lang='lat' dir='ltr'><strong>virgine</strong></span> <span class='ocrx_word' id='word_1_169' title='bbox 1444 2487 1751 2541; x_wconf 85' lang='lat' dir='ltr'><strong>victoriam.</strong></span> 
     </span>
    </p>
   </div>
   <div class='ocr_carea' id='block_1_28' title="bbox 317 2575 1826 2644">
    <p class='ocr_par' dir='ltr' id='par_1_28' title="bbox 317 2575 1826 2644">
     <span class='ocr_line' id='line_1_28' title="bbox 317 2575 1826 2644; baseline -0.005 -9"><span class='ocrx_word' id='word_1_170' title='bbox 317 2580 408 2635; x_wconf 71' lang='lat'><strong>25.</strong></span> <span class='ocrx_word' id='word_1_171' title='bbox 460 2578 567 2633; x_wconf 89' lang='lat' dir='ltr'><strong>Sed</strong></span> <span class='ocrx_word' id='word_1_172' title='bbox 602 2577 842 2631; x_wconf 72' lang='lat' dir='ltr'><strong>fortasse</strong></span> <span class='ocrx_word' id='word_1_173' title='bbox 876 2577 1070 2631; x_wconf 83' lang='lat' dir='ltr'><strong>verius</strong></span> <span class='ocrx_word' id='word_1_174' title='bbox 1113 2576 1239 2630; x_wconf 89' lang='lat' dir='ltr'><strong>inde</strong></span> <span class='ocrx_word' id='word_1_175' title='bbox 1287 2575 1515 2644; x_wconf 80' lang='lat' dir='ltr'><strong>angelus</strong></span> <span class='ocrx_word' id='word_1_176' title='bbox 1556 2575 1826 2641; x_wconf 82' lang='lat' dir='ltr'><strong>discessit,</strong></span> 
     </span>
    </p>
   </div>
   <div class='ocr_carea' id='block_1_29' title="bbox 230 2664 1826 2742">
    <p class='ocr_par' dir='ltr' id='par_1_29' title="bbox 230 2664 1826 2742">
     <span class='ocr_line' id='line_1_29' title="bbox 230 2664 1826 2742; baseline -0.002 -18"><span class='ocrx_word' id='word_1_177' title='bbox 230 2672 372 2742; x_wconf 77' lang='lat' dir='ltr'><strong>~quia</strong></span> <span class='ocrx_word' id='word_1_178' title='bbox 401 2685 525 2724; x_wconf 89' lang='lat' dir='ltr'><strong>cum</strong></span> <span class='ocrx_word' id='word_1_179' title='bbox 550 2667 834 2738; x_wconf 89' lang='lat' dir='ltr'><strong>virginalis</strong></span> <span class='ocrx_word' id='word_1_180' title='bbox 860 2667 1059 2723; x_wconf 83' lang='lat' dir='ltr'><strong>montis</strong></span> <span class='ocrx_word' id='word_1_181' title='bbox 1082 2664 1435 2737; x_wconf 79' lang='lat' dir='ltr'><strong>purissimam</strong></span> <span class='ocrx_word' id='word_1_182' title='bbox 1461 2666 1826 2734; x_wconf 86' lang='lat' dir='ltr'><strong>sanctitatem,</strong></span> 
     </span>
    </p>
   </div>
   <div class='ocr_carea' id='block_1_30' title="bbox 252 2760 1832 2831">
    <p class='ocr_par' dir='ltr' id='par_1_30' title="bbox 252 2760 1832 2831">
     <span class='ocr_line' id='line_1_30' title="bbox 252 2760 1832 2831; baseline -0.003 -11"><span class='ocrx_word' id='word_1_183' title='bbox 252 2763 703 2820; x_wconf 82' lang='lat' dir='ltr'><strong>ardentissimum</strong></span> <span class='ocrx_word' id='word_1_184' title='bbox 737 2766 1053 2830; x_wconf 78' lang='lat' dir='ltr'><strong>spontaneat</strong></span> <span class='ocrx_word' id='word_1_185' title='bbox 1088 2760 1342 2831; x_wconf 88' lang='lat' dir='ltr'><strong>martyris</strong></span> <span class='ocrx_word' id='word_1_186' title='bbox 1374 2775 1616 2814; x_wconf 89' lang='lat' dir='ltr'><strong>amorem</strong></span> <span class='ocrx_word' id='word_1_187' title='bbox 1645 2775 1709 2815; x_wconf 87' lang='lat' dir='ltr'><strong>ac</strong></span> <span class='ocrx_word' id='word_1_188' title='bbox 1737 2760 1832 2816; x_wconf 87' lang='lat' dir='ltr'><strong>de-</strong></span> 
     </span>
    </p>
   </div>
   <div class='ocr_carea' id='block_1_31' title="bbox 236 2851 1830 2922">
    <p class='ocr_par' dir='ltr' id='par_1_31' title="bbox 236 2851 1830 2922">
     <span class='ocr_line' id='line_1_31' title="bbox 236 2851 1830 2922; baseline -0.002 -12"><span class='ocrx_word' id='word_1_189' title='bbox 236 2857 535 2920; x_wconf 83' lang='lat' dir='ltr'><strong>siderium,</strong></span> <span class='ocrx_word' id='word_1_190' title='bbox 569 2854 831 2909; x_wconf 79' lang='lat' dir='ltr'><strong>eximium</strong></span> <span class='ocrx_word' id='word_1_191' title='bbox 866 2851 921 2906; x_wconf 91' lang='lat' dir='ltr'><strong>in</strong></span> <span class='ocrx_word' id='word_1_192' title='bbox 949 2852 1201 2907; x_wconf 84' lang='lat' dir='ltr'><strong>maximis</strong></span> <span class='ocrx_word' id='word_1_193' title='bbox 1232 2852 1412 2907; x_wconf 92' lang='lat' dir='ltr'><strong>tenelli</strong></span> <span class='ocrx_word' id='word_1_194' title='bbox 1434 2853 1679 2922; x_wconf 90' lang='lat' dir='ltr'><strong>corporis</strong></span> <span class='ocrx_word' id='word_1_195' title='bbox 1703 2869 1830 2908; x_wconf 88' lang='lat' dir='ltr'><strong>cru-</strong></span> 
     </span>
    </p>
   </div>
   <div class='ocr_carea' id='block_1_32' title="bbox 248 2941 1831 3013">
    <p class='ocr_par' dir='ltr' id='par_1_32' title="bbox 248 2941 1831 3013">
     <span class='ocr_line' id='line_1_32' title="bbox 248 2941 1831 3013; baseline -0.003 -10"><span class='ocrx_word' id='word_1_196' title='bbox 248 2948 486 3004; x_wconf 86' lang='lat' dir='ltr'><strong>ciatibus</strong></span> <span class='ocrx_word' id='word_1_197' title='bbox 541 2944 761 3001; x_wconf 82' lang='lat' dir='ltr'><strong>Christo</strong></span> <span class='ocrx_word' id='word_1_198' title='bbox 822 2941 1038 3013; x_wconf 84' lang='lat' dir='ltr'><strong>Sponso</strong></span> <span class='ocrx_word' id='word_1_199' title='bbox 1089 2944 1390 2998; x_wconf 79' lang='lat' dir='ltr'><strong>exliibitum</strong></span> <span class='ocrx_word' id='word_1_200' title='bbox 1448 2943 1712 3003; x_wconf 83' lang='lat' dir='ltr'><strong>honorem</strong></span> <span class='ocrx_word' id='word_1_201' title='bbox 1762 2944 1831 2999; x_wconf 92' lang='lat' dir='ltr'><strong>ab</strong></span> 
     </span>
    </p>
   </div>
   <div class='ocr_carea' id='block_1_33' title="bbox 1916 470 3498 546">
    <p class='ocr_par' dir='ltr' id='par_1_33' title="bbox 1916 470 3498 546">
     <span class='ocr_line' id='line_1_33' title="bbox 1916 470 3498 546; baseline 0.004 -23"><span class='ocrx_word' id='word_1_202' title='bbox 1916 488 2041 529; x_wconf 87' lang='lat' dir='ltr'><strong>vum</strong></span> <span class='ocrx_word' id='word_1_203' title='bbox 2069 487 2128 527; x_wconf 90' lang='lat' dir='ltr'><strong>se</strong></span> <span class='ocrx_word' id='word_1_204' title='bbox 2154 470 2463 542; x_wconf 90' lang='lat' dir='ltr'><strong>Trisagium</strong></span> <span class='ocrx_word' id='word_1_205' title='bbox 2488 472 2776 537; x_wconf 88' lang='lat' dir='ltr'><strong>cecinisse,</strong></span> <span class='ocrx_word' id='word_1_206' title='bbox 2806 472 3051 543; x_wconf 85' lang='lat' dir='ltr'><strong>adeoque</strong></span> <span class='ocrx_word' id='word_1_207' title='bbox 3082 473 3329 529; x_wconf 85' lang='lat' dir='ltr'><strong>mirilieis</strong></span> <span class='ocrx_word' id='word_1_208' title='bbox 3349 474 3498 546; x_wconf 85' lang='lat' dir='ltr'><strong>Aga-</strong></span> 
     </span>
    </p>
   </div>
   <div class='ocr_carea' id='block_1_34' title="bbox 1920 562 3496 633">
    <p class='ocr_par' dir='ltr' id='par_1_34' title="bbox 1920 562 3496 633">
     <span class='ocr_line' id='line_1_34' title="bbox 1920 562 3496 633; baseline 0.001 -17"><span class='ocrx_word' id='word_1_209' title='bbox 1920 565 2022 617; x_wconf 75' lang='lat' dir='ltr'><strong>tlue</strong></span> <span class='ocrx_word' id='word_1_210' title='bbox 2086 564 2397 617; x_wconf 88' lang='lat' dir='ltr'><strong>sanctitatis</strong></span> <span class='ocrx_word' id='word_1_211' title='bbox 2455 562 2837 633; x_wconf 87' lang='lat' dir='ltr'><strong>splendoribus</strong></span> <span class='ocrx_word' id='word_1_212' title='bbox 2907 563 3207 631; x_wconf 85' lang='lat' dir='ltr'><strong>angelicam</strong></span> <span class='ocrx_word' id='word_1_213' title='bbox 3269 564 3496 620; x_wconf 85' lang='lat' dir='ltr'><strong>obtundi</strong></span> 
     </span>
    </p>
   </div>
   <div class='ocr_carea' id='block_1_35' title="bbox 1917 654 3499 720">
    <p class='ocr_par' dir='ltr' id='par_1_35' title="bbox 1917 654 3499 720">
     <span class='ocr_line' id='line_1_35' title="bbox 1917 654 3499 720; baseline 0.001 -11"><span class='ocrx_word' id='word_1_214' title='bbox 1917 664 2175 720; x_wconf 89' lang='lat' dir='ltr'><strong>mentem,</strong></span> <span class='ocrx_word' id='word_1_215' title='bbox 2212 655 2576 710; x_wconf 87' lang='lat' dir='ltr'><strong>invisibilibus</strong></span> <span class='ocrx_word' id='word_1_216' title='bbox 2625 654 2726 709; x_wconf 91' lang='lat' dir='ltr'><strong>alis</strong></span> <span class='ocrx_word' id='word_1_217' title='bbox 2776 654 2881 709; x_wconf 88' lang='lat' dir='ltr'><strong>sibi</strong></span> <span class='ocrx_word' id='word_1_218' title='bbox 2926 655 3315 711; x_wconf 88' lang='lat' dir='ltr'><strong>consulendum</strong></span> <span class='ocrx_word' id='word_1_219' title='bbox 3366 671 3499 711; x_wconf 81' lang='lat' dir='ltr'><strong>cen-</strong></span> 
     </span>
    </p>
   </div>
   <div class='ocr_carea' id='block_1_36' title="bbox 1914 736 3185 817">
    <p class='ocr_par' dir='ltr' id='par_1_36' title="bbox 1914 736 3185 817">
     <span class='ocr_line' id='line_1_36' title="bbox 1914 736 3185 817; baseline -0.002 -14"><span class='ocrx_word' id='word_1_220' title='bbox 1914 749 2043 813; x_wconf 81' lang='lat' dir='ltr'><strong>Suit,</strong></span> <span class='ocrx_word' id='word_1_221' title='bbox 2072 747 2251 817; x_wconf 86' lang='lat' dir='ltr'><strong>itaque</strong></span> <span class='ocrx_word' id='word_1_222' title='bbox 2279 747 2524 801; x_wconf 85' lang='lat' dir='ltr'><strong>sublimis</strong></span> <span class='ocrx_word' id='word_1_223' title='bbox 2550 746 2789 800; x_wconf 84' lang='lat' dir='ltr'><strong>evanuit.</strong></span> <span class='ocrx_word' id='word_1_224' title='bbox 3180 736 3185 743; x_wconf 72' lang='grc'><strong>’</strong></span> 
     </span>
    </p>
   </div>
   <div class='ocr_carea' id='block_1_37' title="bbox 1986 835 3497 913">
    <p class='ocr_par' dir='ltr' id='par_1_37' title="bbox 1986 835 3497 913">
     <span class='ocr_line' id='line_1_37' title="bbox 1986 835 3497 913; baseline -0.001 -20"><span class='ocrx_word' id='word_1_225' title='bbox 1986 838 2076 893; x_wconf 72' lang='grc'><strong>26.</strong></span> <span class='ocrx_word' id='word_1_226' title='bbox 2106 838 2210 892; x_wconf 85' lang='lat' dir='ltr'><strong>Sed</strong></span> <span class='ocrx_word' id='word_1_227' title='bbox 2237 853 2420 907; x_wconf 67' lang='lat' dir='ltr'><strong>quarso</strong></span> <span class='ocrx_word' id='word_1_228' title='bbox 2445 847 2518 903; x_wconf 90' lang='lat' dir='ltr'><strong>te,</strong></span> <span class='ocrx_word' id='word_1_229' title='bbox 2545 851 2577 892; x_wconf 86' lang='grc' dir='ltr'><strong>ο</strong></span> <span class='ocrx_word' id='word_1_230' title='bbox 2605 836 2844 892; x_wconf 72' lang='lat' dir='ltr'><strong>cozlestis</strong></span> <span class='ocrx_word' id='word_1_231' title='bbox 2872 835 3201 913; x_wconf 3' lang='lat' dir='ltr'><strong>angelorum,</strong></span> <span class='ocrx_word' id='word_1_232' title='bbox 3221 838 3497 902; x_wconf 88' lang='lat' dir='ltr'><strong>centuria,</strong></span> 
     </span>
    </p>
   </div>
   <div class='ocr_carea' id='block_1_38' title="bbox 1919 928 3499 1003">
    <p class='ocr_par' dir='ltr' id='par_1_38' title="bbox 1919 928 3499 1003">
     <span class='ocr_line' id='line_1_38' title="bbox 1919 928 3499 1003; baseline -0.001 -20"><span class='ocrx_word' id='word_1_233' title='bbox 1919 946 2080 983; x_wconf 91' lang='lat' dir='ltr'><strong>unam</strong></span> <span class='ocrx_word' id='word_1_234' title='bbox 2118 929 2306 1003; x_wconf 81' lang='lat' dir='ltr'><strong>saltem</strong></span> <span class='ocrx_word' id='word_1_235' title='bbox 2352 929 2483 983; x_wconf 90' lang='lat' dir='ltr'><strong>mihi</strong></span> <span class='ocrx_word' id='word_1_236' title='bbox 2537 929 2836 999; x_wconf 87' lang='lat' dir='ltr'><strong>angelicam</strong></span> <span class='ocrx_word' id='word_1_237' title='bbox 2889 928 3130 999; x_wconf 86' lang='lat' dir='ltr'><strong>linguam</strong></span> <span class='ocrx_word' id='word_1_238' title='bbox 3164 943 3228 983; x_wconf 88' lang='lat' dir='ltr'><strong>ac</strong></span> <span class='ocrx_word' id='word_1_239' title='bbox 3277 944 3499 983; x_wconf 87' lang='lat' dir='ltr'><strong>manum</strong></span> 
     </span>
    </p>
   </div>
   <div class='ocr_carea' id='block_1_39' title="bbox 1918 1018 3501 1089">
    <p class='ocr_par' dir='ltr' id='par_1_39' title="bbox 1918 1018 3501 1089">
     <span class='ocr_line' id='line_1_39' title="bbox 1918 1018 3501 1089; baseline 0 -16"><span class='ocrx_word' id='word_1_240' title='bbox 1918 1020 1986 1074; x_wconf 89' lang='lat' dir='ltr'><strong>ad</strong></span> <span class='ocrx_word' id='word_1_241' title='bbox 2021 1022 2184 1075; x_wconf 89' lang='lat' dir='ltr'><strong>breve</strong></span> <span class='ocrx_word' id='word_1_242' title='bbox 2217 1021 2478 1088; x_wconf 89' lang='lat' dir='ltr'><strong>temporis</strong></span> <span class='ocrx_word' id='word_1_243' title='bbox 2512 1019 2747 1089; x_wconf 87' lang='lat' dir='ltr'><strong>spatium</strong></span> <span class='ocrx_word' id='word_1_244' title='bbox 2779 1018 3152 1087; x_wconf 88' lang='lat' dir='ltr'><strong>accommoda,</strong></span> <span class='ocrx_word' id='word_1_245' title='bbox 3184 1028 3247 1073; x_wconf 89' lang='lat' dir='ltr'><strong>ut</strong></span> <span class='ocrx_word' id='word_1_246' title='bbox 3273 1019 3501 1074; x_wconf 69' lang='lat' dir='ltr'><strong>cmleste</strong></span> 
     </span>
    </p>
   </div>
   <div class='ocr_carea' id='block_1_40' title="bbox 1930 1110 3500 1181">
    <p class='ocr_par' dir='ltr' id='par_1_40' title="bbox 1930 1110 3500 1181">
     <span class='ocr_line' id='line_1_40' title="bbox 1930 1110 3500 1181; baseline 0.001 -17"><span class='ocrx_word' id='word_1_247' title='bbox 1930 1112 2377 1181; x_wconf 85' lang='lat' dir='ltr'><strong>epithalamium,</strong></span> <span class='ocrx_word' id='word_1_248' title='bbox 2415 1114 2557 1181; x_wconf 84' lang='lat' dir='ltr'><strong>quod</strong></span> <span class='ocrx_word' id='word_1_249' title='bbox 2597 1125 2699 1165; x_wconf 87' lang='lat' dir='ltr'><strong>vos</strong></span> <span class='ocrx_word' id='word_1_250' title='bbox 2739 1125 2865 1165; x_wconf 92' lang='lat' dir='ltr'><strong>cum</strong></span> <span class='ocrx_word' id='word_1_251' title='bbox 2909 1111 3136 1180; x_wconf 69' lang='lat' dir='ltr'><strong>Agathae</strong></span> <span class='ocrx_word' id='word_1_252' title='bbox 3176 1110 3500 1181; x_wconf 87' lang='lat' dir='ltr'><strong>corpusculo</strong></span> 
     </span>
    </p>
   </div>
   <div class='ocr_carea' id='block_1_41' title="bbox 1922 1200 3500 1274">
    <p class='ocr_par' dir='ltr' id='par_1_41' title="bbox 1922 1200 3500 1274">
     <span class='ocr_line' id='line_1_41' title="bbox 1922 1200 3500 1274; baseline 0 -16"><span class='ocrx_word' id='word_1_253' title='bbox 1922 1204 1975 1259; x_wconf 89' lang='lat' dir='ltr'><strong>in</strong></span> <span class='ocrx_word' id='word_1_254' title='bbox 2028 1206 2260 1260; x_wconf 90' lang='lat' dir='ltr'><strong>obscuro</strong></span> <span class='ocrx_word' id='word_1_255' title='bbox 2317 1200 2641 1274; x_wconf 83' lang='lat' dir='ltr'><strong>sepulcralis</strong></span> <span class='ocrx_word' id='word_1_256' title='bbox 2683 1204 2970 1259; x_wconf 88' lang='lat' dir='ltr'><strong>marmoris</strong></span> <span class='ocrx_word' id='word_1_257' title='bbox 3031 1205 3387 1272; x_wconf 88' lang='lat' dir='ltr'><strong>eondidistis,</strong></span> <span class='ocrx_word' id='word_1_258' title='bbox 3447 1203 3500 1258; x_wconf 94' lang='lat' dir='ltr'><strong>in</strong></span> 
     </span>
    </p>
   </div>
   <div class='ocr_carea' id='block_1_42' title="bbox 1923 1292 3497 1368">
    <p class='ocr_par' dir='ltr' id='par_1_42' title="bbox 1923 1292 3497 1368">
     <span class='ocr_line' id='line_1_42' title="bbox 1923 1292 3497 1368; baseline -0.001 -19"><span class='ocrx_word' id='word_1_259' title='bbox 1923 1295 2096 1351; x_wconf 87' lang='lat' dir='ltr'><strong>lucem</strong></span> <span class='ocrx_word' id='word_1_260' title='bbox 2145 1292 2449 1365; x_wconf 79' lang='lat' dir='ltr'><strong>proferam;</strong></span> <span class='ocrx_word' id='word_1_261' title='bbox 2510 1308 2790 1368; x_wconf 77' lang='lat' dir='ltr'><strong>paucaque</strong></span> <span class='ocrx_word' id='word_1_262' title='bbox 2871 1303 3053 1348; x_wconf 86' lang='lat' dir='ltr'><strong>vestra</strong></span> <span class='ocrx_word' id='word_1_263' title='bbox 3108 1293 3211 1365; x_wconf 91' lang='lat' dir='ltr'><strong>(ut</strong></span> <span class='ocrx_word' id='word_1_264' title='bbox 3268 1292 3497 1364; x_wconf 87' lang='lat' dir='ltr'><strong>soletis)</strong></span> 
     </span>
    </p>
   </div>
   <div class='ocr_carea' id='block_1_43' title="bbox 1921 1385 3505 1457">
    <p class='ocr_par' dir='ltr' id='par_1_43' title="bbox 1921 1385 3505 1457">
     <span class='ocr_line' id='line_1_43' title="bbox 1921 1385 3505 1457; baseline 0.001 -17"><span class='ocrx_word' id='word_1_265' title='bbox 1921 1388 2086 1443; x_wconf 90' lang='lat' dir='ltr'><strong>verba</strong></span> <span class='ocrx_word' id='word_1_266' title='bbox 2112 1388 2163 1440; x_wconf 91' lang='lat' dir='ltr'><strong>in</strong></span> <span class='ocrx_word' id='word_1_267' title='bbox 2188 1401 2255 1443; x_wconf 91' lang='lat' dir='ltr'><strong>eo</strong></span> <span class='ocrx_word' id='word_1_268' title='bbox 2287 1386 2582 1456; x_wconf 88' lang='lat' dir='ltr'><strong>descripta,</strong></span> <span class='ocrx_word' id='word_1_269' title='bbox 2615 1401 2679 1441; x_wconf 88' lang='lat' dir='ltr'><strong>ac</strong></span> <span class='ocrx_word' id='word_1_270' title='bbox 2718 1386 3012 1440; x_wconf 85' lang='lat' dir='ltr'><strong>reconditis</strong></span> <span class='ocrx_word' id='word_1_271' title='bbox 3035 1387 3309 1457; x_wconf 83' lang='lat' dir='ltr'><strong>mysteriis</strong></span> <span class='ocrx_word' id='word_1_272' title='bbox 3332 1385 3505 1441; x_wconf 89' lang='lat' dir='ltr'><strong>obvo-</strong></span> 
     </span>
    </p>
   </div>
   <div class='ocr_carea' id='block_1_44' title="bbox 1923 1477 3507 1547">
    <p class='ocr_par' dir='ltr' id='par_1_44' title="bbox 1923 1477 3507 1547">
     <span class='ocr_line' id='line_1_44' title="bbox 1923 1477 3507 1547; baseline 0 -14"><span class='ocrx_word' id='word_1_273' title='bbox 1923 1479 2067 1547; x_wconf 76' lang='lat' dir='ltr'><strong>luta,</strong></span> <span class='ocrx_word' id='word_1_274' title='bbox 2096 1479 2177 1535; x_wconf 87' lang='lat' dir='ltr'><strong>las</strong></span> <span class='ocrx_word' id='word_1_275' title='bbox 2222 1479 2353 1533; x_wconf 90' lang='lat' dir='ltr'><strong>mihi</strong></span> <span class='ocrx_word' id='word_1_276' title='bbox 2386 1479 2456 1533; x_wconf 88' lang='lat' dir='ltr'><strong>sit</strong></span> <span class='ocrx_word' id='word_1_277' title='bbox 2487 1479 2814 1534; x_wconf 89' lang='lat' dir='ltr'><strong>cdisserere.</strong></span> <span class='ocrx_word' id='word_1_278' title='bbox 2853 1477 2924 1531; x_wconf 87' lang='lat' dir='ltr'><strong>Et</strong></span> <span class='ocrx_word' id='word_1_279' title='bbox 2961 1478 3180 1547; x_wconf 87' lang='lat' dir='ltr'><strong>quidem</strong></span> <span class='ocrx_word' id='word_1_280' title='bbox 3233 1493 3329 1532; x_wconf 89' lang='lat' dir='ltr'><strong>vos</strong></span> <span class='ocrx_word' id='word_1_281' title='bbox 3361 1480 3414 1532; x_wconf 87' lang='lat' dir='ltr'><strong>in</strong></span> <span class='ocrx_word' id='word_1_282' title='bbox 3444 1493 3507 1533; x_wconf 86' lang='lat' dir='ltr'><strong>re</strong></span> 
     </span>
    </p>
   </div>
   <div class='ocr_carea' id='block_1_45' title="bbox 1924 1569 3507 1643">
    <p class='ocr_par' dir='ltr' id='par_1_45' title="bbox 1924 1569 3507 1643">
     <span class='ocr_line' id='line_1_45' title="bbox 1924 1569 3507 1643; baseline -0.003 -16"><span class='ocrx_word' id='word_1_283' title='bbox 1924 1573 2135 1643; x_wconf 75' lang='lat' dir='ltr'><strong>optima</strong></span> <span class='ocrx_word' id='word_1_284' title='bbox 2152 1573 2219 1627; x_wconf 87' lang='lat' dir='ltr'><strong>ab</strong></span> <span class='ocrx_word' id='word_1_285' title='bbox 2255 1571 2539 1642; x_wconf 84' lang='lat' dir='ltr'><strong>virginalis</strong></span> <span class='ocrx_word' id='word_1_286' title='bbox 2578 1571 2777 1626; x_wconf 90' lang='lat' dir='ltr'><strong>mentis</strong></span> <span class='ocrx_word' id='word_1_287' title='bbox 2826 1571 3118 1626; x_wconf 89' lang='lat' dir='ltr'><strong>sanctitate</strong></span> <span class='ocrx_word' id='word_1_288' title='bbox 3147 1569 3331 1626; x_wconf 88' lang='lat' dir='ltr'><strong>laudes</strong></span> <span class='ocrx_word' id='word_1_289' title='bbox 3358 1570 3507 1642; x_wconf 66' lang='lat' dir='ltr'><strong>Agaa</strong></span> 
     </span>
    </p>
   </div>
   <div class='ocr_carea' id='block_1_46' title="bbox 1928 1661 3502 1733">
    <p class='ocr_par' dir='ltr' id='par_1_46' title="bbox 1928 1661 3502 1733">
     <span class='ocr_line' id='line_1_46' title="bbox 1928 1661 3502 1733; baseline -0.001 -16"><span class='ocrx_word' id='word_1_290' title='bbox 1928 1664 2032 1720; x_wconf 67' lang='lat' dir='ltr'><strong>thas</strong></span> <span class='ocrx_word' id='word_1_291' title='bbox 2083 1663 2362 1720; x_wconf 87' lang='lat' dir='ltr'><strong>celebrare</strong></span> <span class='ocrx_word' id='word_1_292' title='bbox 2399 1664 2712 1733; x_wconf 89' lang='lat' dir='ltr'><strong>occepistis.</strong></span> <span class='ocrx_word' id='word_1_293' title='bbox 2753 1662 2916 1733; x_wconf 85' lang='lat' dir='ltr'><strong>Virgo</strong></span> <span class='ocrx_word' id='word_1_294' title='bbox 2954 1661 3160 1717; x_wconf 88' lang='lat' dir='ltr'><strong>etenim</strong></span> <span class='ocrx_word' id='word_1_295' title='bbox 3204 1663 3342 1726; x_wconf 65' lang='lat' dir='ltr'><strong>haec,</strong></span> <span class='ocrx_word' id='word_1_296' title='bbox 3378 1677 3502 1717; x_wconf 88' lang='lat' dir='ltr'><strong>cum</strong></span> 
     </span>
    </p>
   </div>
   <div class='ocr_carea' id='block_1_47' title="bbox 1929 1751 3504 1822">
    <p class='ocr_par' dir='ltr' id='par_1_47' title="bbox 1929 1751 3504 1822">
     <span class='ocr_line' id='line_1_47' title="bbox 1929 1751 3504 1822; baseline -0.001 -14"><span class='ocrx_word' id='word_1_297' title='bbox 1929 1755 2106 1809; x_wconf 88' lang='lat' dir='ltr'><strong>adhuc</strong></span> <span class='ocrx_word' id='word_1_298' title='bbox 2162 1752 2342 1808; x_wconf 79' lang='lat' dir='ltr'><strong>infans</strong></span> <span class='ocrx_word' id='word_1_299' title='bbox 2389 1762 2569 1816; x_wconf 87' lang='lat' dir='ltr'><strong>esset,</strong></span> <span class='ocrx_word' id='word_1_300' title='bbox 2604 1751 2755 1807; x_wconf 87' lang='lat' dir='ltr'><strong>nullo</strong></span> <span class='ocrx_word' id='word_1_301' title='bbox 2806 1753 3020 1806; x_wconf 87' lang='lat' dir='ltr'><strong>mortali</strong></span> <span class='ocrx_word' id='word_1_302' title='bbox 3072 1752 3332 1822; x_wconf 85' lang='lat' dir='ltr'><strong>magistro</strong></span> <span class='ocrx_word' id='word_1_303' title='bbox 3378 1752 3504 1807; x_wconf 70' lang='lat' dir='ltr'><strong>edo.</strong></span> 
     </span>
    </p>
   </div>
   <div class='ocr_carea' id='block_1_48' title="bbox 1929 1837 3501 1914">
    <p class='ocr_par' dir='ltr' id='par_1_48' title="bbox 1929 1837 3501 1914">
     <span class='ocr_line' id='line_1_48' title="bbox 1929 1837 3501 1914; baseline -0.002 -12"><span class='ocrx_word' id='word_1_304' title='bbox 1929 1856 2107 1911; x_wconf 88' lang='lat' dir='ltr'><strong>cente,</strong></span> <span class='ocrx_word' id='word_1_305' title='bbox 2161 1845 2256 1901; x_wconf 91' lang='lat' dir='ltr'><strong>sed</strong></span> <span class='ocrx_word' id='word_1_306' title='bbox 2325 1837 2528 1914; x_wconf 82' lang='lat' dir='ltr'><strong>Spiritu</strong></span> <span class='ocrx_word' id='word_1_307' title='bbox 2586 1852 2776 1899; x_wconf 90' lang='lat' dir='ltr'><strong>sancto</strong></span> <span class='ocrx_word' id='word_1_308' title='bbox 2830 1844 3161 1898; x_wconf 88' lang='lat' dir='ltr'><strong>intrinsecus</strong></span> <span class='ocrx_word' id='word_1_309' title='bbox 3212 1844 3501 1913; x_wconf 85' lang='lat' dir='ltr'><strong>suadente,</strong></span> 
     </span>
    </p>
   </div>
   <div class='ocr_carea' id='block_1_49' title="bbox 1924 1938 3508 2012">
    <p class='ocr_par' dir='ltr' id='par_1_49' title="bbox 1924 1938 3508 2012">
     <span class='ocr_line' id='line_1_49' title="bbox 1924 1938 3508 2012; baseline -0.001 -16"><span class='ocrx_word' id='word_1_310' title='bbox 1924 1939 2288 2012; x_wconf 81' lang='lat' dir='ltr'><strong>virginitatem</strong></span> <span class='ocrx_word' id='word_1_311' title='bbox 2339 1940 2451 1994; x_wconf 92' lang='lat' dir='ltr'><strong>Deo</strong></span> <span class='ocrx_word' id='word_1_312' title='bbox 2489 1940 2865 2007; x_wconf 85' lang='lat' dir='ltr'><strong>consecravit,</strong></span> <span class='ocrx_word' id='word_1_313' title='bbox 2922 1938 3168 2009; x_wconf 85' lang='lat' dir='ltr'><strong>adeoque</strong></span> <span class='ocrx_word' id='word_1_314' title='bbox 3224 1947 3338 1994; x_wconf 91' lang='lat' dir='ltr'><strong>toto</strong></span> <span class='ocrx_word' id='word_1_315' title='bbox 3385 1940 3508 1994; x_wconf 75' lang='lat' dir='ltr'><strong>vitat</strong></span> 
     </span>
    </p>
   </div>
   <div class='ocr_carea' id='block_1_50' title="bbox 1927 2030 3509 2100">
    <p class='ocr_par' dir='ltr' id='par_1_50' title="bbox 1927 2030 3509 2100">
     <span class='ocr_line' id='line_1_50' title="bbox 1927 2030 3509 2100; baseline -0.001 -12"><span class='ocrx_word' id='word_1_316' title='bbox 1927 2033 2158 2088; x_wconf 88' lang='lat' dir='ltr'><strong>decursu</strong></span> <span class='ocrx_word' id='word_1_317' title='bbox 2196 2030 2444 2086; x_wconf 82' lang='lat' dir='ltr'><strong>excolere</strong></span> <span class='ocrx_word' id='word_1_318' title='bbox 2477 2033 2795 2100; x_wconf 83' lang='lat' dir='ltr'><strong>satagebat,</strong></span> <span class='ocrx_word' id='word_1_319' title='bbox 2843 2040 2901 2084; x_wconf 88' lang='lat' dir='ltr'><strong>ut</strong></span> <span class='ocrx_word' id='word_1_320' title='bbox 2932 2030 3095 2085; x_wconf 90' lang='lat' dir='ltr'><strong>nullis</strong></span> <span class='ocrx_word' id='word_1_321' title='bbox 3122 2045 3243 2085; x_wconf 89' lang='lat' dir='ltr'><strong>eam</strong></span> <span class='ocrx_word' id='word_1_322' title='bbox 3276 2032 3509 2087; x_wconf 69' lang='lat' dir='ltr'><strong>saecula-</strong></span> 
     </span>
    </p>
   </div>
   <div class='ocr_carea' id='block_1_51' title="bbox 1928 2116 3503 2193">
    <p class='ocr_par' dir='ltr' id='par_1_51' title="bbox 1928 2116 3503 2193">
     <span class='ocr_line' id='line_1_51' title="bbox 1928 2116 3503 2193; baseline -0.001 -13"><span class='ocrx_word' id='word_1_323' title='bbox 1928 2125 2077 2180; x_wconf 87' lang='lat' dir='ltr'><strong>ribus</strong></span> <span class='ocrx_word' id='word_1_324' title='bbox 2127 2116 2305 2188; x_wconf 73' lang='lat' dir='ltr'><strong>euris,</strong></span> <span class='ocrx_word' id='word_1_325' title='bbox 2355 2133 2448 2178; x_wconf 90' lang='lat' dir='ltr'><strong>aut</strong></span> <span class='ocrx_word' id='word_1_326' title='bbox 2480 2122 2810 2193; x_wconf 88' lang='lat' dir='ltr'><strong>nuptialibus</strong></span> <span class='ocrx_word' id='word_1_327' title='bbox 2851 2122 3140 2192; x_wconf 86' lang='lat' dir='ltr'><strong>colloquiis</strong></span> <span class='ocrx_word' id='word_1_328' title='bbox 3180 2125 3503 2190; x_wconf 88' lang='lat' dir='ltr'><strong>macularit;</strong></span> 
     </span>
    </p>
   </div>
   <div class='ocr_carea' id='block_1_52' title="bbox 1928 2215 3509 2286">
    <p class='ocr_par' dir='ltr' id='par_1_52' title="bbox 1928 2215 3509 2286">
     <span class='ocr_line' id='line_1_52' title="bbox 1928 2215 3509 2286; baseline 0.001 -17"><span class='ocrx_word' id='word_1_329' title='bbox 1928 2215 2173 2286; x_wconf 87' lang='lat' dir='ltr'><strong>quinimo</strong></span> <span class='ocrx_word' id='word_1_330' title='bbox 2251 2231 2433 2271; x_wconf 89' lang='lat' dir='ltr'><strong>rerum</strong></span> <span class='ocrx_word' id='word_1_331' title='bbox 2502 2215 2744 2268; x_wconf 90' lang='lat' dir='ltr'><strong>omnium</strong></span> <span class='ocrx_word' id='word_1_332' title='bbox 2822 2225 3128 2269; x_wconf 88' lang='lat' dir='ltr'><strong>creatarum</strong></span> <span class='ocrx_word' id='word_1_333' title='bbox 3201 2216 3509 2286; x_wconf 86' lang='lat' dir='ltr'><strong>immemor,</strong></span> 
     </span>
    </p>
   </div>
   <div class='ocr_carea' id='block_1_53' title="bbox 1928 2307 3512 2378">
    <p class='ocr_par' dir='ltr' id='par_1_53' title="bbox 1928 2307 3512 2378">
     <span class='ocr_line' id='line_1_53' title="bbox 1928 2307 3512 2378; baseline -0.001 -15"><span class='ocrx_word' id='word_1_334' title='bbox 1928 2309 2123 2363; x_wconf 84' lang='lat' dir='ltr'><strong>divinae</strong></span> <span class='ocrx_word' id='word_1_335' title='bbox 2157 2322 2360 2362; x_wconf 89' lang='lat' dir='ltr'><strong>vacans</strong></span> <span class='ocrx_word' id='word_1_336' title='bbox 2398 2307 2868 2377; x_wconf 86' lang='lat' dir='ltr'><strong>contemplationi,</strong></span> <span class='ocrx_word' id='word_1_337' title='bbox 2902 2323 3024 2363; x_wconf 88' lang='lat' dir='ltr'><strong>eam</strong></span> <span class='ocrx_word' id='word_1_338' title='bbox 3064 2309 3365 2363; x_wconf 89' lang='lat' dir='ltr'><strong>reddiderit</strong></span> <span class='ocrx_word' id='word_1_339' title='bbox 3410 2324 3512 2378; x_wconf 86' lang='lat' dir='ltr'><strong>pu-</strong></span> 
     </span>
    </p>
   </div>
   <div class='ocr_carea' id='block_1_54' title="bbox 1930 2399 3507 2470">
    <p class='ocr_par' dir='ltr' id='par_1_54' title="bbox 1930 2399 3507 2470">
     <span class='ocr_line' id='line_1_54' title="bbox 1930 2399 3507 2470; baseline 0.001 -17"><span class='ocrx_word' id='word_1_340' title='bbox 1930 2401 2169 2470; x_wconf 79' lang='lat' dir='ltr'><strong>riorem;</strong></span> <span class='ocrx_word' id='word_1_341' title='bbox 2204 2400 2435 2468; x_wconf 78' lang='lat' dir='ltr'><strong>ideoque</strong></span> <span class='ocrx_word' id='word_1_342' title='bbox 2471 2399 2537 2452; x_wconf 91' lang='lat' dir='ltr'><strong>ad</strong></span> <span class='ocrx_word' id='word_1_343' title='bbox 2577 2399 2835 2453; x_wconf 83' lang='lat' dir='ltr'><strong>eximium</strong></span> <span class='ocrx_word' id='word_1_344' title='bbox 2873 2399 3040 2454; x_wconf 83' lang='lat' dir='ltr'><strong>divini</strong></span> <span class='ocrx_word' id='word_1_345' title='bbox 3090 2400 3294 2454; x_wconf 89' lang='lat' dir='ltr'><strong>amoris</strong></span> <span class='ocrx_word' id='word_1_346' title='bbox 3321 2415 3507 2455; x_wconf 81' lang='lat' dir='ltr'><strong>exces-</strong></span> 
     </span>
    </p>
   </div>
   <div class='ocr_carea' id='block_1_55' title="bbox 1928 2491 3510 2561">
    <p class='ocr_par' dir='ltr' id='par_1_55' title="bbox 1928 2491 3510 2561">
     <span class='ocr_line' id='line_1_55' title="bbox 1928 2491 3510 2561; baseline 0 -14"><span class='ocrx_word' id='word_1_347' title='bbox 1928 2508 2048 2548; x_wconf 87' lang='lat' dir='ltr'><strong>sum</strong></span> <span class='ocrx_word' id='word_1_348' title='bbox 2092 2492 2429 2558; x_wconf 89' lang='lat' dir='ltr'><strong>subvolarit;</strong></span> <span class='ocrx_word' id='word_1_349' title='bbox 2462 2501 2518 2546; x_wconf 89' lang='lat' dir='ltr'><strong>et</strong></span> <span class='ocrx_word' id='word_1_350' title='bbox 2561 2507 2658 2561; x_wconf 91' lang='lat' dir='ltr'><strong>pro</strong></span> <span class='ocrx_word' id='word_1_351' title='bbox 2709 2491 2902 2559; x_wconf 89' lang='lat' dir='ltr'><strong>Sponsi</strong></span> <span class='ocrx_word' id='word_1_352' title='bbox 2938 2493 3022 2547; x_wconf 89' lang='lat' dir='ltr'><strong>sui</strong></span> <span class='ocrx_word' id='word_1_353' title='bbox 3060 2494 3257 2548; x_wconf 89' lang='lat' dir='ltr'><strong>tuenda</strong></span> <span class='ocrx_word' id='word_1_354' title='bbox 3302 2492 3409 2548; x_wconf 84' lang='lat' dir='ltr'><strong>ﬁde</strong></span> <span class='ocrx_word' id='word_1_355' title='bbox 3441 2492 3510 2547; x_wconf 87' lang='lat' dir='ltr'><strong>ad</strong></span> 
     </span>
    </p>
   </div>
   <div class='ocr_carea' id='block_1_56' title="bbox 1928 2582 3505 2652">
    <p class='ocr_par' dir='ltr' id='par_1_56' title="bbox 1928 2582 3505 2652">
     <span class='ocr_line' id='line_1_56' title="bbox 1928 2582 3505 2652; baseline -0.001 -15"><span class='ocrx_word' id='word_1_356' title='bbox 1928 2583 2269 2638; x_wconf 88' lang='lat' dir='ltr'><strong>cruciatuum</strong></span> <span class='ocrx_word' id='word_1_357' title='bbox 2324 2598 2549 2652; x_wconf 88' lang='lat' dir='ltr'><strong>agonem</strong></span> <span class='ocrx_word' id='word_1_358' title='bbox 2608 2583 2891 2652; x_wconf 88' lang='lat' dir='ltr'><strong>pervenire</strong></span> <span class='ocrx_word' id='word_1_359' title='bbox 2939 2584 3174 2637; x_wconf 69' lang='lat' dir='ltr'><strong>maxime</strong></span> <span class='ocrx_word' id='word_1_360' title='bbox 3209 2582 3505 2650; x_wconf 74' lang='lat' dir='ltr'><strong>exoptarit.</strong></span> 
     </span>
    </p>
   </div>
   <div class='ocr_carea' id='block_1_57' title="bbox 1929 2672 3511 2744">
    <p class='ocr_par' dir='ltr' id='par_1_57' title="bbox 1929 2672 3511 2744">
     <span class='ocr_line' id='line_1_57' title="bbox 1929 2672 3511 2744; baseline 0 -17"><span class='ocrx_word' id='word_1_361' title='bbox 1929 2672 2075 2739; x_wconf 86' lang='lat' dir='ltr'><strong>Quas</strong></span> <span class='ocrx_word' id='word_1_362' title='bbox 2119 2675 2190 2729; x_wconf 93' lang='lat' dir='ltr'><strong>ob</strong></span> <span class='ocrx_word' id='word_1_363' title='bbox 2223 2689 2311 2729; x_wconf 89' lang='lat' dir='ltr'><strong>res</strong></span> <span class='ocrx_word' id='word_1_364' title='bbox 2352 2672 2559 2728; x_wconf 82' lang='lat' dir='ltr'><strong>factum</strong></span> <span class='ocrx_word' id='word_1_365' title='bbox 2592 2683 2693 2737; x_wconf 90' lang='lat' dir='ltr'><strong>est,</strong></span> <span class='ocrx_word' id='word_1_366' title='bbox 2739 2682 2795 2726; x_wconf 92' lang='lat' dir='ltr'><strong>ut</strong></span> <span class='ocrx_word' id='word_1_367' title='bbox 2831 2673 2950 2744; x_wconf 87' lang='lat' dir='ltr'><strong>ejus</strong></span> <span class='ocrx_word' id='word_1_368' title='bbox 3001 2673 3322 2728; x_wconf 87' lang='lat' dir='ltr'><strong>ardentibus</strong></span> <span class='ocrx_word' id='word_1_369' title='bbox 3365 2673 3511 2729; x_wconf 81' lang='lat' dir='ltr'><strong>desi-</strong></span> 
     </span>
    </p>
   </div>
   <div class='ocr_carea' id='block_1_58' title="bbox 1930 2763 3511 2836">
    <p class='ocr_par' dir='ltr' id='par_1_58' title="bbox 1930 2763 3511 2836">
     <span class='ocr_line' id='line_1_58' title="bbox 1930 2763 3511 2836; baseline -0.001 -16"><span class='ocrx_word' id='word_1_370' title='bbox 1930 2765 2196 2820; x_wconf 81' lang='lat' dir='ltr'><strong>deriisex</strong></span> <span class='ocrx_word' id='word_1_371' title='bbox 2234 2782 2370 2836; x_wconf 89' lang='lat' dir='ltr'><strong>pura</strong></span> <span class='ocrx_word' id='word_1_372' title='bbox 2424 2767 2690 2834; x_wconf 87' lang='lat' dir='ltr'><strong>avidaque</strong></span> <span class='ocrx_word' id='word_1_373' title='bbox 2717 2774 2899 2820; x_wconf 86' lang='lat' dir='ltr'><strong>mente</strong></span> <span class='ocrx_word' id='word_1_374' title='bbox 2936 2764 3382 2830; x_wconf 85' lang='lat' dir='ltr'><strong>scintillantibus,</strong></span> <span class='ocrx_word' id='word_1_375' title='bbox 3416 2763 3511 2818; x_wconf 86' lang='lat' dir='ltr'><strong>ob-</strong></span> 
     </span>
    </p>
   </div>
   <div class='ocr_carea' id='block_1_59' title="bbox 1932 2853 3507 2924">
    <p class='ocr_par' dir='ltr' id='par_1_59' title="bbox 1932 2853 3507 2924">
     <span class='ocr_line' id='line_1_59' title="bbox 1932 2853 3507 2924; baseline 0.001 -16"><span class='ocrx_word' id='word_1_376' title='bbox 1932 2854 2248 2909; x_wconf 89' lang='lat' dir='ltr'><strong>secundarit</strong></span> <span class='ocrx_word' id='word_1_377' title='bbox 2276 2853 2457 2919; x_wconf 90' lang='lat' dir='ltr'><strong>Deus;</strong></span> <span class='ocrx_word' id='word_1_378' title='bbox 2494 2854 2709 2924; x_wconf 90' lang='lat' dir='ltr'><strong>sibique</strong></span> <span class='ocrx_word' id='word_1_379' title='bbox 2736 2854 2913 2909; x_wconf 89' lang='lat' dir='ltr'><strong>honor</strong></span> <span class='ocrx_word' id='word_1_380' title='bbox 2933 2862 3187 2919; x_wconf 61' lang='lat' dir='ltr'><strong>aternus,</strong></span> <span class='ocrx_word' id='word_1_381' title='bbox 3213 2854 3507 2923; x_wconf 75' lang='lat' dir='ltr'><strong>gloriosus,</strong></span> 
     </span>
    </p>
   </div>
   <div class='ocr_carea' id='block_1_60' title="bbox 1934 2944 3511 3015">
    <p class='ocr_par' dir='ltr' id='par_1_60' title="bbox 1934 2944 3511 3015">
     <span class='ocr_line' id='line_1_60' title="bbox 1934 2944 3511 3015; baseline 0.001 -16"><span class='ocrx_word' id='word_1_382' title='bbox 1934 2944 2258 3000; x_wconf 88' lang='lat' dir='ltr'><strong>immortalis</strong></span> <span class='ocrx_word' id='word_1_383' title='bbox 2284 2945 2661 3015; x_wconf 75' lang='lat' dir='ltr'><strong>pullulaverit;</strong></span> <span class='ocrx_word' id='word_1_384' title='bbox 2688 2946 2913 3015; x_wconf 79' lang='lat' dir='ltr'><strong>ipsaque</strong></span> <span class='ocrx_word' id='word_1_385' title='bbox 2941 2945 3177 3000; x_wconf 87' lang='lat' dir='ltr'><strong>Ecclesia</strong></span> <span class='ocrx_word' id='word_1_386' title='bbox 3203 2954 3257 2999; x_wconf 92' lang='lat' dir='ltr'><strong>et</strong></span> <span class='ocrx_word' id='word_1_387' title='bbox 3280 2946 3511 3001; x_wconf 86' lang='lat' dir='ltr'><strong>candida</strong></span> 
     </span>
    </p>
   </div>
   <div class='ocr_carea' id='block_1_61' title="bbox 246 3036 3513 3117">
    <p class='ocr_par' dir='ltr' id='par_1_61' title="bbox 246 3036 3513 3117">
     <span class='ocr_line' id='line_1_61' title="bbox 246 3036 3513 3117; baseline 0 -24"><span class='ocrx_word' id='word_1_388' title='bbox 246 3039 459 3109; x_wconf 69' lang='lat' dir='ltr'><strong>Agatba</strong></span> <span class='ocrx_word' id='word_1_389' title='bbox 516 3037 731 3106; x_wconf 75' lang='lat' dir='ltr'><strong>publice</strong></span> <span class='ocrx_word' id='word_1_390' title='bbox 774 3043 1003 3090; x_wconf 88' lang='lat' dir='ltr'><strong>testatus</strong></span> <span class='ocrx_word' id='word_1_391' title='bbox 1051 3043 1229 3099; x_wconf 90' lang='lat' dir='ltr'><strong>esset,</strong></span> <span class='ocrx_word' id='word_1_392' title='bbox 1264 3036 1481 3091; x_wconf 89' lang='lat' dir='ltr'><strong>erubuit</strong></span> <span class='ocrx_word' id='word_1_393' title='bbox 1523 3051 1688 3107; x_wconf 86' lang='lat' dir='ltr'><strong>prope</strong></span> <span class='ocrx_word' id='word_1_394' title='bbox 1721 3044 1827 3117; x_wconf 83' lang='lat' dir='ltr'><strong>tam</strong></span> <span class='ocrx_word' id='word_1_395' title='bbox 1857 3056 1903 3115; x_wconf 71' lang='grc' dir='ltr'>α</span> <span class='ocrx_word' id='word_1_396' title='bbox 1933 3047 1989 3092; x_wconf 90' lang='lat' dir='ltr'><strong>et</strong></span> <span class='ocrx_word' id='word_1_397' title='bbox 2031 3037 2332 3093; x_wconf 87' lang='lat' dir='ltr'><strong>rubicunda</strong></span> <span class='ocrx_word' id='word_1_398' title='bbox 2380 3038 2707 3094; x_wconf 82' lang='lat' dir='ltr'><strong>mortalibus</strong></span> <span class='ocrx_word' id='word_1_399' title='bbox 2752 3054 2815 3094; x_wconf 88' lang='lat' dir='ltr'><strong>ac</strong></span> <span class='ocrx_word' id='word_1_400' title='bbox 2852 3038 3167 3096; x_wconf 77' lang='lat' dir='ltr'><strong>cmlestibus</strong></span> <span class='ocrx_word' id='word_1_401' title='bbox 3195 3039 3368 3094; x_wconf 87' lang='lat' dir='ltr'><strong>oculis</strong></span> <span class='ocrx_word' id='word_1_402' title='bbox 3396 3051 3513 3094; x_wconf 69' lang='lat' dir='ltr'><strong>cm-</strong></span> 
     </span>
    </p>
   </div>
   <div class='ocr_carea' id='block_1_62' title="bbox 252 3126 1835 3199">
    <p class='ocr_par' dir='ltr' id='par_1_62' title="bbox 252 3126 1835 3199">
     <span class='ocr_line' id='line_1_62' title="bbox 252 3126 1835 3199; baseline 0 -15"><span class='ocrx_word' id='word_1_403' title='bbox 252 3129 434 3185; x_wconf 88' lang='lat' dir='ltr'><strong>nobile</strong></span> <span class='ocrx_word' id='word_1_404' title='bbox 458 3142 660 3198; x_wconf 90' lang='lat' dir='ltr'><strong>corpus</strong></span> <span class='ocrx_word' id='word_1_405' title='bbox 687 3127 1009 3192; x_wconf 87' lang='lat' dir='ltr'><strong>consistere,</strong></span> <span class='ocrx_word' id='word_1_406' title='bbox 1040 3140 1105 3182; x_wconf 92' lang='lat' dir='ltr'><strong>eo</strong></span> <span class='ocrx_word' id='word_1_407' title='bbox 1138 3128 1266 3196; x_wconf 91' lang='lat' dir='ltr'><strong>quia</strong></span> <span class='ocrx_word' id='word_1_408' title='bbox 1295 3126 1450 3197; x_wconf 89' lang='lat' dir='ltr'><strong>longe</strong></span> <span class='ocrx_word' id='word_1_409' title='bbox 1477 3128 1706 3184; x_wconf 83' lang='lat' dir='ltr'><strong>clariora</strong></span> <span class='ocrx_word' id='word_1_410' title='bbox 1737 3144 1835 3199; x_wconf 91' lang='lat' dir='ltr'><strong>per</strong></span> 
     </span>
    </p>
   </div>
   <div class='ocr_carea' id='block_1_63' title="bbox 238 3217 1833 3291">
    <p class='ocr_par' dir='ltr' id='par_1_63' title="bbox 238 3217 1833 3291">
     <span class='ocr_line' id='line_1_63' title="bbox 238 3217 1833 3291; baseline -0.001 -15"><span class='ocrx_word' id='word_1_411' title='bbox 238 3222 383 3276; x_wconf 46' lang='lat' dir='ltr'><strong>tillud</strong></span> <span class='ocrx_word' id='word_1_412' title='bbox 433 3219 676 3275; x_wconf 75' lang='lat' dir='ltr'><strong>facinora</strong></span> <span class='ocrx_word' id='word_1_413' title='bbox 727 3219 783 3273; x_wconf 91' lang='lat' dir='ltr'><strong>in</strong></span> <span class='ocrx_word' id='word_1_414' title='bbox 832 3217 995 3274; x_wconf 89' lang='lat' dir='ltr'><strong>terris</strong></span> <span class='ocrx_word' id='word_1_415' title='bbox 1036 3217 1273 3274; x_wconf 85' lang='lat' dir='ltr'><strong>edidisse</strong></span> <span class='ocrx_word' id='word_1_416' title='bbox 1315 3219 1582 3290; x_wconf 82' lang='lat' dir='ltr'><strong>Agatham</strong></span> <span class='ocrx_word' id='word_1_417' title='bbox 1628 3236 1833 3291; x_wconf 85' lang='lat' dir='ltr'><strong>cogno-</strong></span> 
     </span>
    </p>
   </div>
   <div class='ocr_carea' id='block_1_64' title="bbox 252 3311 1833 3383">
    <p class='ocr_par' dir='ltr' id='par_1_64' title="bbox 252 3311 1833 3383">
     <span class='ocr_line' id='line_1_64' title="bbox 252 3311 1833 3383; baseline 0 -15"><span class='ocrx_word' id='word_1_418' title='bbox 252 3312 466 3377; x_wconf 79' lang='lat' dir='ltr'><strong>scebat,</strong></span> <span class='ocrx_word' id='word_1_419' title='bbox 502 3327 663 3381; x_wconf 82' lang='lat' dir='ltr'><strong>quam</strong></span> <span class='ocrx_word' id='word_1_420' title='bbox 693 3311 921 3382; x_wconf 88' lang='lat' dir='ltr'><strong>ipsemet</strong></span> <span class='ocrx_word' id='word_1_421' title='bbox 956 3326 1127 3381; x_wconf 89' lang='lat' dir='ltr'><strong>purus</strong></span> <span class='ocrx_word' id='word_1_422' title='bbox 1154 3324 1318 3383; x_wconf 91' lang='lat' dir='ltr'><strong>putus</strong></span> <span class='ocrx_word' id='word_1_423' title='bbox 1348 3314 1569 3382; x_wconf 90' lang='lat' dir='ltr'><strong>spiritus</strong></span> <span class='ocrx_word' id='word_1_424' title='bbox 1601 3313 1654 3369; x_wconf 90' lang='lat' dir='ltr'><strong>in</strong></span> <span class='ocrx_word' id='word_1_425' title='bbox 1689 3314 1833 3371; x_wconf 79' lang='lat' dir='ltr'><strong>ctelo</strong></span> 
     </span>
    </p>
   </div>
   <div class='ocr_carea' id='block_1_65' title="bbox 243 3402 1831 3485">
    <p class='ocr_par' dir='ltr' id='par_1_65' title="bbox 243 3402 1831 3485">
     <span class='ocr_line' id='line_1_65' title="bbox 243 3402 1831 3485; baseline 0.001 -27"><span class='ocrx_word' id='word_1_426' title='bbox 243 3412 447 3458; x_wconf 82' lang='lat' dir='ltr'><strong>contra</strong></span> <span class='ocrx_word' id='word_1_427' title='bbox 489 3402 784 3455; x_wconf 87' lang='lat' dir='ltr'><strong>draconem</strong></span> <span class='ocrx_word' id='word_1_428' title='bbox 814 3410 1159 3470; x_wconf 87' lang='lat' dir='ltr'><strong>patraverat;</strong></span> <span class='ocrx_word' id='word_1_429' title='bbox 1208 3403 1437 3472; x_wconf 87' lang='lat' dir='ltr'><strong>ideoque</strong></span> <span class='ocrx_word' id='word_1_430' title='bbox 1480 3403 1683 3459; x_wconf 89' lang='lat' dir='ltr'><strong>aeriam</strong></span> <span class='ocrx_word' id='word_1_431' title='bbox 1712 3405 1831 3485; x_wconf 31' lang='lat' dir='ltr'><strong>‘hu-</strong></span> 
     </span>
    </p>
   </div>
   <div class='ocr_carea' id='block_1_66' title="bbox 256 3492 1838 3571">
    <p class='ocr_par' dir='ltr' id='par_1_66' title="bbox 256 3492 1838 3571">
     <span class='ocr_line' id='line_1_66' title="bbox 256 3492 1838 3571; baseline 0.001 -22"><span class='ocrx_word' id='word_1_432' title='bbox 256 3495 404 3549; x_wconf 86' lang='lat' dir='ltr'><strong>mani</strong></span> <span class='ocrx_word' id='word_1_433' title='bbox 459 3493 710 3563; x_wconf 88' lang='lat' dir='ltr'><strong>corporis</strong></span> <span class='ocrx_word' id='word_1_434' title='bbox 757 3492 992 3561; x_wconf 89' lang='lat' dir='ltr'><strong>speciem</strong></span> <span class='ocrx_word' id='word_1_435' title='bbox 1033 3496 1597 3571; x_wconf 77' lang='lat' dir='ltr'><strong>exuere&#39;maturavit,</strong></span> <span class='ocrx_word' id='word_1_436' title='bbox 1645 3510 1838 3566; x_wconf 87' lang='lat' dir='ltr'><strong>nempe</strong></span> 
     </span>
    </p>
   </div>
   <div class='ocr_carea' id='block_1_67' title="bbox 236 3581 1834 3653">
    <p class='ocr_par' dir='ltr' id='par_1_67' title="bbox 236 3581 1834 3653">
     <span class='ocr_line' id='line_1_67' title="bbox 236 3581 1834 3653; baseline 0.001 -17"><span class='ocrx_word' id='word_1_437' title='bbox 236 3582 440 3638; x_wconf 50' lang='lat' dir='ltr'><strong>lassus</strong></span> <span class='ocrx_word' id='word_1_438' title='bbox 468 3597 530 3638; x_wconf 91' lang='lat' dir='ltr'><strong>se</strong></span> <span class='ocrx_word' id='word_1_439' title='bbox 545 3597 587 3636; x_wconf 85' lang='lat' dir='ltr'><strong>-a</strong></span> <span class='ocrx_word' id='word_1_440' title='bbox 615 3582 832 3636; x_wconf 84' lang='lat' dir='ltr'><strong>mortali</strong></span> <span class='ocrx_word' id='word_1_441' title='bbox 860 3581 1262 3638; x_wconf 88' lang='lat' dir='ltr'><strong>adolescentula</strong></span> <span class='ocrx_word' id='word_1_442' title='bbox 1295 3581 1453 3653; x_wconf 88' lang='lat' dir='ltr'><strong>longe</strong></span> <span class='ocrx_word' id='word_1_443' title='bbox 1487 3595 1834 3653; x_wconf 86' lang='lat' dir='ltr'><strong>superatum;</strong></span> 
     </span>
    </p>
   </div>
   <div class='ocr_carea' id='block_1_68' title="bbox 249 3675 1840 3749">
    <p class='ocr_par' dir='ltr' id='par_1_68' title="bbox 249 3675 1840 3749">
     <span class='ocr_line' id='line_1_68' title="bbox 249 3675 1840 3749; baseline 0 -17"><span class='ocrx_word' id='word_1_444' title='bbox 249 3688 310 3732; x_wconf 86' lang='lat' dir='ltr'><strong>et</strong></span> <span class='ocrx_word' id='word_1_445' title='bbox 339 3679 394 3732; x_wconf 91' lang='lat' dir='ltr'><strong>in</strong></span> <span class='ocrx_word' id='word_1_446' title='bbox 440 3689 605 3731; x_wconf 85' lang='lat' dir='ltr'><strong>auras</strong></span> <span class='ocrx_word' id='word_1_447' title='bbox 649 3675 879 3749; x_wconf 80' lang='lat' dir='ltr'><strong>evanuit</strong></span> <span class='ocrx_word' id='word_1_448' title='bbox 908 3675 975 3729; x_wconf 85' lang='lat' dir='ltr'><strong>ad</strong></span> <span class='ocrx_word' id='word_1_449' title='bbox 1009 3689 1131 3730; x_wconf 90' lang='lat' dir='ltr'><strong>eum</strong></span> <span class='ocrx_word' id='word_1_450' title='bbox 1168 3677 1327 3747; x_wconf 85' lang='lat' dir='ltr'><strong>plane</strong></span> <span class='ocrx_word' id='word_1_451' title='bbox 1363 3677 1602 3743; x_wconf 90' lang='lat' dir='ltr'><strong>modum,</strong></span> <span class='ocrx_word' id='word_1_452' title='bbox 1635 3692 1741 3746; x_wconf 94' lang='lat' dir='ltr'><strong>quo</strong></span> <span class='ocrx_word' id='word_1_453' title='bbox 1769 3677 1840 3732; x_wconf 88' lang='lat' dir='ltr'><strong>ab</strong></span> 
     </span>
    </p>
   </div>
   <div class='ocr_carea' id='block_1_69' title="bbox 242 3765 1841 3838">
    <p class='ocr_par' dir='ltr' id='par_1_69' title="bbox 242 3765 1841 3838">
     <span class='ocr_line' id='line_1_69' title="bbox 242 3765 1841 3838; baseline 0 -16"><span class='ocrx_word' id='word_1_454' title='bbox 242 3765 425 3822; x_wconf 55' lang='lat' dir='ltr'><strong>“Jacth</strong></span> <span class='ocrx_word' id='word_1_455' title='bbox 462 3767 777 3836; x_wconf 86' lang='lat' dir='ltr'><strong>patriarcha</strong></span> <span class='ocrx_word' id='word_1_456' title='bbox 802 3765 901 3835; x_wconf 49' lang='grc' dir='ltr'><strong>λιι,</strong></span> <span class='ocrx_word' id='word_1_457' title='bbox 941 3781 1170 3835; x_wconf 86' lang='lat' dir='ltr'><strong>quocum</strong></span> <span class='ocrx_word' id='word_1_458' title='bbox 1204 3767 1394 3823; x_wconf 89' lang='lat' dir='ltr'><strong>similis</strong></span> <span class='ocrx_word' id='word_1_459' title='bbox 1421 3768 1643 3838; x_wconf 86' lang='lat' dir='ltr'><strong>angelus</strong></span> <span class='ocrx_word' id='word_1_460' title='bbox 1668 3768 1841 3824; x_wconf 87' lang='lat' dir='ltr'><strong>lucta-</strong></span> 
     </span>
    </p>
   </div>
   <div class='ocr_carea' id='block_1_70' title="bbox 236 3844 1840 3933">
    <p class='ocr_par' dir='ltr' id='par_1_70' title="bbox 236 3844 1840 3933">
     <span class='ocr_line' id='line_1_70' title="bbox 236 3844 1840 3933; baseline 0.002 -23"><span class='ocrx_word' id='word_1_461' title='bbox 236 3859 440 3923; x_wconf 64' lang='lat' dir='ltr'><strong>batur,</strong></span> <span class='ocrx_word' id='word_1_462' title='bbox 502 3871 601 3912; x_wconf 90' lang='lat' dir='ltr'><strong>nec</strong></span> <span class='ocrx_word' id='word_1_463' title='bbox 653 3857 802 3911; x_wconf 91' lang='lat' dir='ltr'><strong>illum</strong></span> <span class='ocrx_word' id='word_1_464' title='bbox 850 3848 1110 3928; x_wconf 79' lang='lat' dir='ltr'><strong>superare</strong></span> <span class='ocrx_word' id='word_1_465' title='bbox 1162 3870 1411 3933; x_wconf 86' lang='lat' dir='ltr'><strong>poterat,</strong></span> <span class='ocrx_word' id='word_1_466' title='bbox 1463 3844 1840 3917; x_wconf 79' lang='lat' dir='ltr'><strong>dimissionem</strong></span> 
     </span>
    </p>
   </div>
   <div class='ocr_carea' id='block_1_71' title="bbox 249 3946 1843 4020">
    <p class='ocr_par' dir='ltr' id='par_1_71' title="bbox 249 3946 1843 4020">
     <span class='ocr_line' id='line_1_71' title="bbox 249 3946 1843 4020; baseline 0.003 -19"><span class='ocrx_word' id='word_1_467' title='bbox 249 3947 417 4015; x_wconf 84' lang='lat' dir='ltr'><strong>petiit</strong></span> <span class='ocrx_word' id='word_1_468' title='bbox 457 3961 660 4001; x_wconf 89' lang='lat' dir='ltr'><strong>aurora</strong></span> <span class='ocrx_word' id='word_1_469' title='bbox 707 3950 1062 4005; x_wconf 83' lang='lat' dir='ltr'><strong>ascendente.</strong></span> <span class='ocrx_word' id='word_1_470' title='bbox 1116 3949 1182 4005; x_wconf 85' lang='lat' dir='ltr'><strong>Et</strong></span> <span class='ocrx_word' id='word_1_471' title='bbox 1220 3946 1344 4020; x_wconf 83' lang='lat' dir='ltr'><strong>quia</strong></span> <span class='ocrx_word' id='word_1_472' title='bbox 1386 3949 1500 4019; x_wconf 83' lang='lat' dir='ltr'><strong>jam</strong></span> <span class='ocrx_word' id='word_1_473' title='bbox 1549 3950 1843 4006; x_wconf 67' lang='lat' dir='ltr'><strong>laetissimas</strong></span> 
     </span>
    </p>
   </div>
   <div class='ocr_carea' id='block_1_72' title="bbox 240 4038 1842 4109">
    <p class='ocr_par' dir='ltr' id='par_1_72' title="bbox 240 4038 1842 4109">
     <span class='ocr_line' id='line_1_72' title="bbox 240 4038 1842 4109; baseline 0.006 -19"><span class='ocrx_word' id='word_1_474' title='bbox 240 4038 488 4108; x_wconf 47' lang='lat' dir='ltr'><strong>&#39;Agatha:</strong></span> <span class='ocrx_word' id='word_1_475' title='bbox 523 4039 708 4093; x_wconf 89' lang='lat' dir='ltr'><strong>anima</strong></span> <span class='ocrx_word' id='word_1_476' title='bbox 752 4041 908 4109; x_wconf 85' lang='lat' dir='ltr'><strong>quasi</strong></span> <span class='ocrx_word' id='word_1_477' title='bbox 963 4040 1205 4096; x_wconf 84' lang='lat' dir='ltr'><strong>caelestis</strong></span> <span class='ocrx_word' id='word_1_478' title='bbox 1243 4055 1308 4097; x_wconf 91' lang='lat' dir='ltr'><strong>ac</strong></span> <span class='ocrx_word' id='word_1_479' title='bbox 1358 4058 1514 4098; x_wconf 90' lang='lat' dir='ltr'><strong>rosea</strong></span> <span class='ocrx_word' id='word_1_480' title='bbox 1544 4059 1743 4100; x_wconf 90' lang='lat' dir='ltr'><strong>aurora</strong></span> <span class='ocrx_word' id='word_1_481' title='bbox 1774 4044 1842 4099; x_wconf 93' lang='lat' dir='ltr'><strong>ad</strong></span> 
     </span>
    </p>
   </div>
   <div class='ocr_carea' id='block_1_73' title="bbox 240 4129 1843 4202">
    <p class='ocr_par' dir='ltr' id='par_1_73' title="bbox 240 4129 1843 4202">
     <span class='ocr_line' id='line_1_73' title="bbox 240 4129 1843 4202; baseline 0.006 -19"><span class='ocrx_word' id='word_1_482' title='bbox 240 4129 482 4186; x_wconf 49' lang='lat' dir='ltr'><strong>sceleste</strong></span> <span class='ocrx_word' id='word_1_483' title='bbox 509 4129 785 4200; x_wconf 81' lang='lat' dir='ltr'><strong>faStigium</strong></span> <span class='ocrx_word' id='word_1_484' title='bbox 810 4130 1115 4202; x_wconf 90' lang='lat' dir='ltr'><strong>soliumque</strong></span> <span class='ocrx_word' id='word_1_485' title='bbox 1136 4132 1321 4201; x_wconf 63' lang='lat' dir='ltr'><strong>gloria:</strong></span> <span class='ocrx_word' id='word_1_486' title='bbox 1356 4136 1604 4192; x_wconf 90' lang='lat' dir='ltr'><strong>sublimis</strong></span> <span class='ocrx_word' id='word_1_487' title='bbox 1653 4152 1843 4193; x_wconf 88' lang='lat' dir='ltr'><strong>ascen-</strong></span> 
     </span>
    </p>
   </div>
   <div class='ocr_carea' id='block_1_74' title="bbox 252 4224 1843 4300">
    <p class='ocr_par' dir='ltr' id='par_1_74' title="bbox 252 4224 1843 4300">
     <span class='ocr_line' id='line_1_74' title="bbox 252 4224 1843 4300; baseline 0.007 -24"><span class='ocrx_word' id='word_1_488' title='bbox 252 4224 444 4286; x_wconf 80' lang='lat' dir='ltr'><strong>debat,</strong></span> <span class='ocrx_word' id='word_1_489' title='bbox 468 4232 811 4294; x_wconf 74' lang='lat' dir='ltr'><strong>exueratque</strong></span> <span class='ocrx_word' id='word_1_490' title='bbox 850 4224 962 4293; x_wconf 90' lang='lat' dir='ltr'><strong>jam</strong></span> <span class='ocrx_word' id='word_1_491' title='bbox 1000 4226 1233 4282; x_wconf 86' lang='lat' dir='ltr'><strong>mortale</strong></span> <span class='ocrx_word' id='word_1_492' title='bbox 1268 4243 1487 4300; x_wconf 90' lang='lat' dir='ltr'><strong>corpus,</strong></span> <span class='ocrx_word' id='word_1_493' title='bbox 1528 4230 1843 4288; x_wconf 87' lang='lat' dir='ltr'><strong>indecorum</strong></span> 
     </span>
    </p>
   </div>
   <div class='ocr_carea' id='block_1_75' title="bbox 256 4313 1843 4389">
    <p class='ocr_par' dir='ltr' id='par_1_75' title="bbox 256 4313 1843 4389">
     <span class='ocr_line' id='line_1_75' title="bbox 256 4313 1843 4389; baseline 0.008 -22"><span class='ocrx_word' id='word_1_494' title='bbox 256 4313 457 4383; x_wconf 83' lang='lat' dir='ltr'><strong>angelo</strong></span> <span class='ocrx_word' id='word_1_495' title='bbox 486 4314 774 4369; x_wconf 78' lang='lat' dir='ltr'><strong>videbatur</strong></span> <span class='ocrx_word' id='word_1_496' title='bbox 808 4317 861 4370; x_wconf 91' lang='lat' dir='ltr'><strong>in</strong></span> <span class='ocrx_word' id='word_1_497' title='bbox 899 4320 1062 4374; x_wconf 91' lang='lat' dir='ltr'><strong>terris</strong></span> <span class='ocrx_word' id='word_1_498' title='bbox 1102 4335 1311 4376; x_wconf 90' lang='lat' dir='ltr'><strong>moram</strong></span> <span class='ocrx_word' id='word_1_499' title='bbox 1358 4322 1561 4389; x_wconf 80' lang='lat' dir='ltr'><strong>facere,</strong></span> <span class='ocrx_word' id='word_1_500' title='bbox 1599 4334 1655 4379; x_wconf 89' lang='lat' dir='ltr'><strong>et</strong></span> <span class='ocrx_word' id='word_1_501' title='bbox 1696 4340 1843 4379; x_wconf 90' lang='lat' dir='ltr'><strong>mor-</strong></span> 
     </span>
    </p>
   </div>
   <div class='ocr_carea' id='block_1_76' title="bbox 1937 3132 2615 3202">
    <p class='ocr_par' dir='ltr' id='par_1_76' title="bbox 1937 3132 2615 3202">
     <span class='ocr_line' id='line_1_76' title="bbox 1937 3132 2615 3202; baseline -0.001 -16"><span class='ocrx_word' id='word_1_502' title='bbox 1937 3132 2076 3202; x_wconf 87' lang='lat' dir='ltr'><strong>perit</strong></span> <span class='ocrx_word' id='word_1_503' title='bbox 2115 3146 2395 3200; x_wconf 88' lang='lat' dir='ltr'><strong>apparere.</strong></span> <span class='ocrx_word' id='word_1_504' title='bbox 2612 3194 2615 3197; x_wconf 96' lang='lat'><em>_</em></span> 
     </span>
    </p>
   </div>
   <div class='ocr_carea' id='block_1_77' title="bbox 2006 3220 3515 3292">
    <p class='ocr_par' dir='ltr' id='par_1_77' title="bbox 2006 3220 3515 3292">
     <span class='ocr_line' id='line_1_77' title="bbox 2006 3220 3515 3292; baseline 0.002 -16"><span class='ocrx_word' id='word_1_505' title='bbox 2006 3220 2096 3276; x_wconf 78' lang='lat'><strong>27.</strong></span> <span class='ocrx_word' id='word_1_506' title='bbox 2132 3221 2304 3278; x_wconf 82' lang='lat' dir='ltr'><strong>Hodie</strong></span> <span class='ocrx_word' id='word_1_507' title='bbox 2327 3223 2493 3292; x_wconf 86' lang='lat' dir='ltr'><strong>igitur</strong></span> <span class='ocrx_word' id='word_1_508' title='bbox 2517 3221 2822 3277; x_wconf 85' lang='lat' dir='ltr'><strong>Christiana</strong></span> <span class='ocrx_word' id='word_1_509' title='bbox 2848 3223 3089 3279; x_wconf 71' lang='lat' dir='ltr'><strong>Ecelesna</strong></span> <span class='ocrx_word' id='word_1_510' title='bbox 3118 3238 3240 3279; x_wconf 88' lang='lat' dir='ltr'><strong>sese</strong></span> <span class='ocrx_word' id='word_1_511' title='bbox 3266 3230 3515 3288; x_wconf 82' lang='lat' dir='ltr'><strong>exornet,</strong></span> 
     </span>
    </p>
   </div>
   <div class='ocr_carea' id='block_1_78' title="bbox 1937 3312 3513 3386">
    <p class='ocr_par' dir='ltr' id='par_1_78' title="bbox 1937 3312 3513 3386">
     <span class='ocr_line' id='line_1_78' title="bbox 1937 3312 3513 3386; baseline 0.002 -18"><span class='ocrx_word' id='word_1_512' title='bbox 1937 3327 2057 3368; x_wconf 89' lang='lat' dir='ltr'><strong>cum</strong></span> <span class='ocrx_word' id='word_1_513' title='bbox 2081 3312 2192 3382; x_wconf 89' lang='lat' dir='ltr'><strong>jam</strong></span> <span class='ocrx_word' id='word_1_514' title='bbox 2226 3328 2378 3369; x_wconf 87' lang='lat' dir='ltr'><strong>suam</strong></span> <span class='ocrx_word' id='word_1_515' title='bbox 2412 3314 2705 3384; x_wconf 88' lang='lat' dir='ltr'><strong>gloriosam</strong></span> <span class='ocrx_word' id='word_1_516' title='bbox 2760 3313 3045 3370; x_wconf 55' lang='lat' dir='ltr'><strong>intinxer’it</strong></span> <span class='ocrx_word' id='word_1_517' title='bbox 3073 3330 3366 3386; x_wconf 88' lang='lat' dir='ltr'><strong>purpuram</strong></span> <span class='ocrx_word' id='word_1_518' title='bbox 3415 3330 3513 3385; x_wconf 87' lang='lat' dir='ltr'><strong>ptt-</strong></span> 
     </span>
    </p>
   </div>
   <div class='ocr_carea' id='block_1_79' title="bbox 1939 3406 3516 3476">
    <p class='ocr_par' dir='ltr' id='par_1_79' title="bbox 1939 3406 3516 3476">
     <span class='ocr_line' id='line_1_79' title="bbox 1939 3406 3516 3476; baseline 0.001 -15"><span class='ocrx_word' id='word_1_519' title='bbox 1939 3406 2175 3461; x_wconf 88' lang='lat' dir='ltr'><strong>rissimis</strong></span> <span class='ocrx_word' id='word_1_520' title='bbox 2225 3408 2483 3476; x_wconf 80' lang='lat' dir='ltr'><strong>martyris</strong></span> <span class='ocrx_word' id='word_1_521' title='bbox 2532 3407 2757 3476; x_wconf 76' lang='lat' dir='ltr'><strong>Agathze</strong></span> <span class='ocrx_word' id='word_1_522' title='bbox 2789 3408 3121 3473; x_wconf 84' lang='lat' dir='ltr'><strong>cruoribus;</strong></span> <span class='ocrx_word' id='word_1_523' title='bbox 3171 3416 3333 3476; x_wconf 88' lang='lat' dir='ltr'><strong>atque</strong></span> <span class='ocrx_word' id='word_1_524' title='bbox 3370 3408 3516 3463; x_wconf 81' lang='lat' dir='ltr'><strong>adeo</strong></span> 
     </span>
    </p>
   </div>
   <div class='ocr_carea' id='block_1_80' title="bbox 1939 3498 3519 3570">
    <p class='ocr_par' dir='ltr' id='par_1_80' title="bbox 1939 3498 3519 3570">
     <span class='ocr_line' id='line_1_80' title="bbox 1939 3498 3519 3570; baseline 0.002 -19"><span class='ocrx_word' id='word_1_525' title='bbox 1939 3499 2169 3570; x_wconf 85' lang='lat' dir='ltr'><strong>gaudeat</strong></span> <span class='ocrx_word' id='word_1_526' title='bbox 2219 3508 2277 3553; x_wconf 91' lang='lat' dir='ltr'><strong>et</strong></span> <span class='ocrx_word' id='word_1_527' title='bbox 2324 3498 2593 3563; x_wconf 77' lang='lat' dir='ltr'><strong>exsultet,</strong></span> <span class='ocrx_word' id='word_1_528' title='bbox 2647 3513 2919 3569; x_wconf 78' lang='lat' dir='ltr'><strong>canatque</strong></span> <span class='ocrx_word' id='word_1_529' title='bbox 2974 3499 3094 3569; x_wconf 86' lang='lat' dir='ltr'><strong>ejus</strong></span> <span class='ocrx_word' id='word_1_530' title='bbox 3134 3498 3391 3555; x_wconf 82' lang='lat' dir='ltr'><strong>victorias</strong></span> <span class='ocrx_word' id='word_1_531' title='bbox 3424 3512 3519 3559; x_wconf 69' lang='lat' dir='ltr'><strong>,ac</strong></span> 
     </span>
    </p>
   </div>
   <div class='ocr_carea' id='block_1_81' title="bbox 1941 3589 3517 3660">
    <p class='ocr_par' dir='ltr' id='par_1_81' title="bbox 1941 3589 3517 3660">
     <span class='ocr_line' id='line_1_81' title="bbox 1941 3589 3517 3660; baseline 0.001 -17"><span class='ocrx_word' id='word_1_532' title='bbox 1941 3589 2274 3660; x_wconf 74' lang='lat' dir='ltr'><strong>triumphos,</strong></span> <span class='ocrx_word' id='word_1_533' title='bbox 2325 3591 2624 3659; x_wconf 67' lang='lat' dir='ltr'><strong>patriaeque</strong></span> <span class='ocrx_word' id='word_1_534' title='bbox 2667 3592 2890 3647; x_wconf 68' lang='lat' dir='ltr'><strong>Catanae</strong></span> <span class='ocrx_word' id='word_1_535' title='bbox 2925 3591 3160 3660; x_wconf 86' lang='lat' dir='ltr'><strong>dignam</strong></span> <span class='ocrx_word' id='word_1_536' title='bbox 3196 3590 3517 3660; x_wconf 85' lang='lat' dir='ltr'><strong>gloriatione</strong></span> 
     </span>
    </p>
   </div>
   <div class='ocr_carea' id='block_1_82' title="bbox 1940 3682 3517 3752">
    <p class='ocr_par' dir='ltr' id='par_1_82' title="bbox 1940 3682 3517 3752">
     <span class='ocr_line' id='line_1_82' title="bbox 1940 3682 3517 3752; baseline 0.003 -18"><span class='ocrx_word' id='word_1_537' title='bbox 1940 3682 2226 3750; x_wconf 66' lang='lat' dir='ltr'><strong>praedicet;</strong></span> <span class='ocrx_word' id='word_1_538' title='bbox 2287 3683 2585 3752; x_wconf 91' lang='lat' dir='ltr'><strong>orbemque</strong></span> <span class='ocrx_word' id='word_1_539' title='bbox 2658 3691 2929 3739; x_wconf 85' lang='lat' dir='ltr'><strong>terrarum</strong></span> <span class='ocrx_word' id='word_1_540' title='bbox 3008 3683 3227 3751; x_wconf 86' lang='lat' dir='ltr'><strong>impleat</strong></span> <span class='ocrx_word' id='word_1_541' title='bbox 3294 3682 3517 3752; x_wconf 64' lang='lat' dir='ltr'><strong>Agathm</strong></span> 
     </span>
    </p>
   </div>
   <div class='ocr_carea' id='block_1_83' title="bbox 1940 3772 3512 3844">
    <p class='ocr_par' dir='ltr' id='par_1_83' title="bbox 1940 3772 3512 3844">
     <span class='ocr_line' id='line_1_83' title="bbox 1940 3772 3512 3844; baseline 0.001 -16"><span class='ocrx_word' id='word_1_542' title='bbox 1940 3772 2255 3843; x_wconf 87' lang='lat' dir='ltr'><strong>Christique</strong></span> <span class='ocrx_word' id='word_1_543' title='bbox 2288 3773 2524 3829; x_wconf 86' lang='lat' dir='ltr'><strong>nominis</strong></span> <span class='ocrx_word' id='word_1_544' title='bbox 2567 3774 2905 3829; x_wconf 86' lang='lat' dir='ltr'><strong>celebritate.</strong></span> <span class='ocrx_word' id='word_1_545' title='bbox 2939 3773 3231 3828; x_wconf 85' lang='lat' dir='ltr'><strong>Enimvero</strong></span> <span class='ocrx_word' id='word_1_546' title='bbox 3263 3789 3512 3844; x_wconf 77' lang='lat' dir='ltr'><strong>quaenam</strong></span> 
     </span>
    </p>
   </div>
   <div class='ocr_carea' id='block_1_84' title="bbox 1942 3865 3515 3937">
    <p class='ocr_par' dir='ltr' id='par_1_84' title="bbox 1942 3865 3515 3937">
     <span class='ocr_line' id='line_1_84' title="bbox 1942 3865 3515 3937; baseline -0.002 -17"><span class='ocrx_word' id='word_1_547' title='bbox 1942 3873 2122 3920; x_wconf 88' lang='lat' dir='ltr'><strong>creata</strong></span> <span class='ocrx_word' id='word_1_548' title='bbox 2152 3881 2237 3921; x_wconf 91' lang='lat' dir='ltr'><strong>res</strong></span> <span class='ocrx_word' id='word_1_549' title='bbox 2273 3867 2445 3937; x_wconf 90' lang='lat' dir='ltr'><strong>magis</strong></span> <span class='ocrx_word' id='word_1_550' title='bbox 2473 3865 2847 3920; x_wconf 88' lang='lat' dir='ltr'><strong>admirabilem</strong></span> <span class='ocrx_word' id='word_1_551' title='bbox 2887 3865 2979 3920; x_wconf 92' lang='lat' dir='ltr'><strong>Dei</strong></span> <span class='ocrx_word' id='word_1_552' title='bbox 3012 3865 3345 3933; x_wconf 90' lang='lat' dir='ltr'><strong>potentiam,</strong></span> <span class='ocrx_word' id='word_1_553' title='bbox 3385 3865 3515 3933; x_wconf 89' lang='lat' dir='ltr'><strong>quid</strong></span> 
     </span>
    </p>
   </div>
   <div class='ocr_carea' id='block_1_85' title="bbox 1944 3952 3523 4027">
    <p class='ocr_par' dir='ltr' id='par_1_85' title="bbox 1944 3952 3523 4027">
     <span class='ocr_line' id='line_1_85' title="bbox 1944 3952 3523 4027; baseline -0.004 -17"><span class='ocrx_word' id='word_1_554' title='bbox 1944 3957 2118 4027; x_wconf 88' lang='lat' dir='ltr'><strong>magis</strong></span> <span class='ocrx_word' id='word_1_555' title='bbox 2165 3956 2566 4025; x_wconf 63' lang='lat' dir='ltr'><strong>praedicaliilem</strong></span> <span class='ocrx_word' id='word_1_556' title='bbox 2616 3953 2735 4024; x_wconf 85' lang='lat' dir='ltr'><strong>ejus</strong></span> <span class='ocrx_word' id='word_1_557' title='bbox 2779 3953 3120 4023; x_wconf 85' lang='lat' dir='ltr'><strong>sapientiam,</strong></span> <span class='ocrx_word' id='word_1_558' title='bbox 3170 3954 3299 4025; x_wconf 88' lang='lat' dir='ltr'><strong>quid</strong></span> <span class='ocrx_word' id='word_1_559' title='bbox 3345 3952 3523 4022; x_wconf 85' lang='lat' dir='ltr'><strong>magis</strong></span> 
     </span>
    </p>
   </div>
   <div class='ocr_carea' id='block_1_86' title="bbox 1947 4044 3515 4119">
    <p class='ocr_par' dir='ltr' id='par_1_86' title="bbox 1947 4044 3515 4119">
     <span class='ocr_line' id='line_1_86' title="bbox 1947 4044 3515 4119; baseline -0.003 -16"><span class='ocrx_word' id='word_1_560' title='bbox 1947 4049 2235 4104; x_wconf 88' lang='lat' dir='ltr'><strong>amabilem</strong></span> <span class='ocrx_word' id='word_1_561' title='bbox 2266 4048 2383 4119; x_wconf 84' lang='lat' dir='ltr'><strong>ejus</strong></span> <span class='ocrx_word' id='word_1_562' title='bbox 2414 4048 2712 4104; x_wconf 90' lang='lat' dir='ltr'><strong>bonitatem</strong></span> <span class='ocrx_word' id='word_1_563' title='bbox 2744 4047 3014 4112; x_wconf 88' lang='lat' dir='ltr'><strong>ostendat,</strong></span> <span class='ocrx_word' id='word_1_564' title='bbox 3043 4060 3208 4115; x_wconf 91' lang='lat' dir='ltr'><strong>quam</strong></span> <span class='ocrx_word' id='word_1_565' title='bbox 3254 4046 3305 4098; x_wconf 90' lang='lat' dir='ltr'><strong>in</strong></span> <span class='ocrx_word' id='word_1_566' title='bbox 3340 4044 3515 4114; x_wconf 79' lang='lat' dir='ltr'><strong>fragili</strong></span> 
     </span>
    </p>
   </div>
   <div class='ocr_carea' id='block_1_87' title="bbox 1945 4134 3520 4207">
    <p class='ocr_par' dir='ltr' id='par_1_87' title="bbox 1945 4134 3520 4207">
     <span class='ocr_line' id='line_1_87' title="bbox 1945 4134 3520 4207; baseline -0.002 -15"><span class='ocrx_word' id='word_1_567' title='bbox 1945 4138 2276 4194; x_wconf 79' lang='lat' dir='ltr'><strong>feminarum</strong></span> <span class='ocrx_word' id='word_1_568' title='bbox 2340 4135 2665 4207; x_wconf 88' lang='lat' dir='ltr'><strong>corpusculo</strong></span> <span class='ocrx_word' id='word_1_569' title='bbox 2711 4135 2899 4189; x_wconf 85' lang='lat' dir='ltr'><strong>viriles</strong></span> <span class='ocrx_word' id='word_1_570' title='bbox 2949 4134 3159 4189; x_wconf 89' lang='lat' dir='ltr'><strong>animos</strong></span> <span class='ocrx_word' id='word_1_571' title='bbox 3215 4143 3379 4204; x_wconf 88' lang='lat' dir='ltr'><strong>atque</strong></span> <span class='ocrx_word' id='word_1_572' title='bbox 3424 4134 3520 4189; x_wconf 84' lang='lat' dir='ltr'><strong>he-</strong></span> 
     </span>
    </p>
   </div>
   <div class='ocr_carea' id='block_1_88' title="bbox 1946 4222 3516 4294">
    <p class='ocr_par' dir='ltr' id='par_1_88' title="bbox 1946 4222 3516 4294">
     <span class='ocr_line' id='line_1_88' title="bbox 1946 4222 3516 4294; baseline -0.002 -12"><span class='ocrx_word' id='word_1_573' title='bbox 1946 4227 2124 4282; x_wconf 88' lang='lat' dir='ltr'><strong>roicas</strong></span> <span class='ocrx_word' id='word_1_574' title='bbox 2166 4226 2396 4280; x_wconf 87' lang='lat' dir='ltr'><strong>virtutes</strong></span> <span class='ocrx_word' id='word_1_575' title='bbox 2442 4224 2681 4279; x_wconf 76' lang='lat' dir='ltr'><strong>intueri?</strong></span> <span class='ocrx_word' id='word_1_576' title='bbox 2721 4222 2868 4283; x_wconf 81' lang='lat' dir='ltr'><strong>Inter</strong></span> <span class='ocrx_word' id='word_1_577' title='bbox 2911 4222 3141 4277; x_wconf 81' lang='lat' dir='ltr'><strong>feminas</strong></span> <span class='ocrx_word' id='word_1_578' title='bbox 3176 4232 3354 4278; x_wconf 90' lang='lat' dir='ltr'><strong>autem</strong></span> <span class='ocrx_word' id='word_1_579' title='bbox 3387 4223 3516 4294; x_wconf 87' lang='lat' dir='ltr'><strong>quid</strong></span> 
     </span>
    </p>
   </div>
   <div class='ocr_carea' id='block_1_89' title="bbox 1946 4314 3513 4387">
    <p class='ocr_par' dir='ltr' id='par_1_89' title="bbox 1946 4314 3513 4387">
     <span class='ocr_line' id='line_1_89' title="bbox 1946 4314 3513 4387; baseline -0.002 -15"><span class='ocrx_word' id='word_1_580' title='bbox 1946 4318 2211 4374; x_wconf 91' lang='lat' dir='ltr'><strong>illustrius</strong></span> <span class='ocrx_word' id='word_1_581' title='bbox 2242 4318 2509 4382; x_wconf 80' lang='lat' dir='ltr'><strong>invenias,</strong></span> <span class='ocrx_word' id='word_1_582' title='bbox 2542 4332 2704 4387; x_wconf 89' lang='lat' dir='ltr'><strong>quam</strong></span> <span class='ocrx_word' id='word_1_583' title='bbox 2742 4316 2971 4371; x_wconf 88' lang='lat' dir='ltr'><strong>tenellas</strong></span> <span class='ocrx_word' id='word_1_584' title='bbox 3003 4315 3245 4387; x_wconf 87' lang='lat' dir='ltr'><strong>virgines</strong></span> <span class='ocrx_word' id='word_1_585' title='bbox 3280 4314 3388 4369; x_wconf 89' lang='lat' dir='ltr'><strong>Deo</strong></span> <span class='ocrx_word' id='word_1_586' title='bbox 3421 4327 3513 4382; x_wconf 75' lang='lat' dir='ltr'><strong>per</strong></span> 
     </span>
    </p>
   </div>
   <div class='ocr_carea' id='block_1_90' title="bbox 256 4392 3520 4483">
    <p class='ocr_par' dir='ltr' id='par_1_90' title="bbox 256 4392 3520 4483">
     <span class='ocr_line' id='line_1_90' title="bbox 256 4392 3520 4483; baseline 0.002 -27"><span class='ocrx_word' id='word_1_587' title='bbox 256 4403 465 4459; x_wconf 85' lang='lat' dir='ltr'><strong>talibus</strong></span> <span class='ocrx_word' id='word_1_588' title='bbox 520 4405 695 4461; x_wconf 90' lang='lat' dir='ltr'><strong>oculis</strong></span> <span class='ocrx_word' id='word_1_589' title='bbox 755 4407 937 4464; x_wconf 88' lang='lat' dir='ltr'><strong>adhuc</strong></span> <span class='ocrx_word' id='word_1_590' title='bbox 998 4424 1122 4466; x_wconf 85' lang='lat' dir='ltr'><strong>sese</strong></span> <span class='ocrx_word' id='word_1_591' title='bbox 1148 4413 1516 4483; x_wconf 82' lang='lat' dir='ltr'><strong>conspicuum</strong></span> <span class='ocrx_word' id='word_1_592' title='bbox 1562 4415 1841 4471; x_wconf 81' lang='lat' dir='ltr'><strong>exhibere.</strong></span> <span class='ocrx_word' id='word_1_593' title='bbox 1872 4392 1924 4454; x_wconf 74' lang='grc' dir='ltr'><strong>ι)</strong></span> <span class='ocrx_word' id='word_1_594' title='bbox 1950 4421 2133 4466; x_wconf 92' lang='lat' dir='ltr'><strong>votum</strong></span> <span class='ocrx_word' id='word_1_595' title='bbox 2164 4411 2490 4482; x_wconf 87' lang='lat' dir='ltr'><strong>integritatis</strong></span> <span class='ocrx_word' id='word_1_596' title='bbox 2515 4408 2913 4465; x_wconf 82' lang='lat' dir='ltr'><strong>consecratas?</strong></span> <span class='ocrx_word' id='word_1_597' title='bbox 2950 4407 3098 4462; x_wconf 89' lang='lat' dir='ltr'><strong>lnter</strong></span> <span class='ocrx_word' id='word_1_598' title='bbox 3126 4407 3363 4478; x_wconf 86' lang='lat' dir='ltr'><strong>virgines</strong></span> <span class='ocrx_word' id='word_1_599' title='bbox 3389 4422 3520 4464; x_wconf 88' lang='lat' dir='ltr'><strong>vero</strong></span> 
     </span>
    </p>
   </div>
   <div class='ocr_carea' id='block_1_91' title="bbox 248 4494 1842 4575">
    <p class='ocr_par' dir='ltr' id='par_1_91' title="bbox 248 4494 1842 4575">
     <span class='ocr_line' id='line_1_91' title="bbox 248 4494 1842 4575; baseline 0.008 -26"><span class='ocrx_word' id='word_1_600' title='bbox 248 4494 355 4549; x_wconf 61' lang='grc' dir='ltr'><strong>νει</strong></span> <span class='ocrx_word' id='word_1_601' title='bbox 389 4505 543 4550; x_wconf 89' lang='lat' dir='ltr'><strong>certe</strong></span> <span class='ocrx_word' id='word_1_602' title='bbox 594 4498 722 4553; x_wconf 90' lang='lat' dir='ltr'><strong>huic</strong></span> <span class='ocrx_word' id='word_1_603' title='bbox 770 4501 999 4569; x_wconf 88' lang='lat' dir='ltr'><strong>angelo,</strong></span> <span class='ocrx_word' id='word_1_604' title='bbox 1031 4501 1259 4574; x_wconf 87' lang='lat' dir='ltr'><strong>ejusque</strong></span> <span class='ocrx_word' id='word_1_605' title='bbox 1302 4505 1560 4560; x_wconf 82' lang='lat' dir='ltr'><strong>centuriae</strong></span> <span class='ocrx_word' id='word_1_606' title='bbox 1591 4506 1802 4562; x_wconf 64' lang='lat' dir='ltr'><strong>caelesti</strong></span> <span class='ocrx_word' id='word_1_607' title='bbox 1826 4547 1842 4575; x_wconf 94' lang='lat'><strong>,</strong></span> 
     </span>
    </p>
   </div>
   <div class='ocr_carea' id='block_1_92' title="bbox 256 4588 1846 4667">
    <p class='ocr_par' dir='ltr' id='par_1_92' title="bbox 256 4588 1846 4667">
     <span class='ocr_line' id='line_1_92' title="bbox 256 4588 1846 4667; baseline 0.01 -28"><span class='ocrx_word' id='word_1_608' title='bbox 256 4588 391 4642; x_wconf 81' lang='lat' dir='ltr'><strong>illud</strong></span> <span class='ocrx_word' id='word_1_609' title='bbox 430 4603 530 4642; x_wconf 89' lang='lat' dir='ltr'><strong>usu</strong></span> <span class='ocrx_word' id='word_1_610' title='bbox 575 4589 721 4643; x_wconf 87' lang='lat' dir='ltr'><strong>venit</strong></span> <span class='ocrx_word' id='word_1_611' title='bbox 767 4591 834 4644; x_wconf 90' lang='lat' dir='ltr'><strong>ad</strong></span> <span class='ocrx_word' id='word_1_612' title='bbox 880 4592 1110 4661; x_wconf 68' lang='lat' dir='ltr'><strong>Agathaa</strong></span> <span class='ocrx_word' id='word_1_613' title='bbox 1150 4594 1484 4664; x_wconf 86' lang='lat' dir='ltr'><strong>sepulcrum,</strong></span> <span class='ocrx_word' id='word_1_614' title='bbox 1524 4598 1667 4667; x_wconf 90' lang='lat' dir='ltr'><strong>quod</strong></span> <span class='ocrx_word' id='word_1_615' title='bbox 1700 4599 1846 4655; x_wconf 83' lang='lat' dir='ltr'><strong>binis</strong></span> 
     </span>
    </p>
   </div>
   <div class='ocr_carea' id='block_1_93' title="bbox 248 4676 1842 4747">
    <p class='ocr_par' dir='ltr' id='par_1_93' title="bbox 248 4676 1842 4747">
     <span class='ocr_line' id='line_1_93' title="bbox 248 4676 1842 4747; baseline 0.008 -18"><span class='ocrx_word' id='word_1_616' title='bbox 248 4676 389 4730; x_wconf 87' lang='lat' dir='ltr'><strong>olim</strong></span> <span class='ocrx_word' id='word_1_617' title='bbox 441 4676 729 4745; x_wconf 81' lang='lat' dir='ltr'><strong>Seraphim</strong></span> <span class='ocrx_word' id='word_1_618' title='bbox 757 4718 772 4744; x_wconf 88' lang='lat'><strong>,</strong></span> <span class='ocrx_word' id='word_1_619' title='bbox 805 4679 899 4747; x_wconf 91' lang='lat' dir='ltr'><strong>qui</strong></span> <span class='ocrx_word' id='word_1_620' title='bbox 946 4680 1073 4735; x_wconf 88' lang='lat' dir='ltr'><strong>dum</strong></span> <span class='ocrx_word' id='word_1_621' title='bbox 1107 4682 1293 4739; x_wconf 88' lang='lat' dir='ltr'><strong>divino</strong></span> <span class='ocrx_word' id='word_1_622' title='bbox 1336 4683 1516 4740; x_wconf 83' lang='lat' dir='ltr'><strong>Verbo</strong></span> <span class='ocrx_word' id='word_1_623' title='bbox 1556 4686 1842 4742; x_wconf 88' lang='lat' dir='ltr'><strong>mortalem</strong></span> 
     </span>
    </p>
   </div>
   <div class='ocr_carea' id='block_1_94' title="bbox 243 4769 1843 4843">
    <p class='ocr_par' dir='ltr' id='par_1_94' title="bbox 243 4769 1843 4843">
     <span class='ocr_line' id='line_1_94' title="bbox 243 4769 1843 4843; baseline 0.008 -26"><span class='ocrx_word' id='word_1_624' title='bbox 243 4778 490 4818; x_wconf 78' lang='lat' dir='ltr'><strong>carnem</strong></span> <span class='ocrx_word' id='word_1_625' title='bbox 564 4776 915 4835; x_wconf 79' lang='lat' dir='ltr'><strong>assumptum</strong></span> <span class='ocrx_word' id='word_1_626' title='bbox 981 4769 1284 4839; x_wconf 88' lang='lat' dir='ltr'><strong>angelicum</strong></span> <span class='ocrx_word' id='word_1_627' title='bbox 1344 4770 1479 4828; x_wconf 86' lang='lat' dir='ltr'><strong>illud</strong></span> <span class='ocrx_word' id='word_1_628' title='bbox 1535 4771 1843 4843; x_wconf 82' lang='lat' dir='ltr'><strong>Trisagium</strong></span> 
     </span>
    </p>
   </div>
   <div class='ocr_carea' id='block_1_95' title="bbox 243 4858 1842 4936">
    <p class='ocr_par' dir='ltr' id='par_1_95' title="bbox 243 4858 1842 4936">
     <span class='ocr_line' id='line_1_95' title="bbox 243 4858 1842 4936; baseline 0.007 -25"><span class='ocrx_word' id='word_1_629' title='bbox 243 4858 648 4923; x_wconf 71' lang='lat' dir='ltr'><strong>concinerent,</strong></span> <span class='ocrx_word' id='word_1_630' title='bbox 707 4858 1058 4930; x_wconf 89' lang='lat' dir='ltr'><strong>divinamque</strong></span> <span class='ocrx_word' id='word_1_631' title='bbox 1117 4864 1466 4920; x_wconf 81' lang='lat' dir='ltr'><strong>sanctitatem</strong></span> <span class='ocrx_word' id='word_1_632' title='bbox 1527 4863 1575 4921; x_wconf 90' lang='lat' dir='ltr'><strong>ei</strong></span> <span class='ocrx_word' id='word_1_633' title='bbox 1635 4866 1842 4936; x_wconf 76' lang='lat' dir='ltr'><strong>Optime</strong></span> 
     </span>
    </p>
   </div>
   <div class='ocr_carea' id='block_1_96' title="bbox 246 4950 1837 5024">
    <p class='ocr_par' dir='ltr' id='par_1_96' title="bbox 246 4950 1837 5024">
     <span class='ocr_line' id='line_1_96' title="bbox 246 4950 1837 5024; baseline 0.005 -19"><span class='ocrx_word' id='word_1_634' title='bbox 246 4965 571 5017; x_wconf 82' lang='lat' dir='ltr'><strong>congruere</strong></span> <span class='ocrx_word' id='word_1_635' title='bbox 605 4950 1023 5008; x_wconf 88' lang='lat' dir='ltr'><strong>conclamarent</strong></span> <span class='ocrx_word' id='word_1_636' title='bbox 1050 4992 1065 5020; x_wconf 97' lang='lat'><strong>,</strong></span> <span class='ocrx_word' id='word_1_637' title='bbox 1098 4970 1219 5011; x_wconf 87' lang='lat' dir='ltr'><strong>sese</strong></span> <span class='ocrx_word' id='word_1_638' title='bbox 1246 4964 1386 5012; x_wconf 89' lang='lat' dir='ltr'><strong>totos</strong></span> <span class='ocrx_word' id='word_1_639' title='bbox 1421 4957 1521 5012; x_wconf 89' lang='lat' dir='ltr'><strong>alis</strong></span> <span class='ocrx_word' id='word_1_640' title='bbox 1554 4957 1837 5024; x_wconf 87' lang='lat' dir='ltr'><strong>velabant,</strong></span> 
     </span>
    </p>
   </div>
   <div class='ocr_carea' id='block_1_97' title="bbox 250 5040 1839 5120">
    <p class='ocr_par' dir='ltr' id='par_1_97' title="bbox 250 5040 1839 5120">
     <span class='ocr_line' id='line_1_97' title="bbox 250 5040 1839 5120; baseline 0.008 -26"><span class='ocrx_word' id='word_1_641' title='bbox 250 5040 506 5094; x_wconf 87' lang='lat' dir='ltr'><strong>sedentis</strong></span> <span class='ocrx_word' id='word_1_642' title='bbox 555 5041 894 5120; x_wconf 70' lang='lat' dir='ltr'><strong>majestatem</strong></span> <span class='ocrx_word' id='word_1_643' title='bbox 945 5052 1000 5099; x_wconf 86' lang='lat' dir='ltr'><strong>et</strong></span> <span class='ocrx_word' id='word_1_644' title='bbox 1052 5045 1289 5115; x_wconf 88' lang='lat' dir='ltr'><strong>gloriam.</strong></span> <span class='ocrx_word' id='word_1_645' title='bbox 1335 5049 1693 5120; x_wconf 89' lang='lat' dir='ltr'><strong>contemplari</strong></span> <span class='ocrx_word' id='word_1_646' title='bbox 1740 5065 1839 5106; x_wconf 89' lang='lat' dir='ltr'><strong>ne-</strong></span> 
     </span>
    </p>
   </div>
   <div class='ocr_carea' id='block_1_98' title="bbox 250 5131 1831 5214">
    <p class='ocr_par' dir='ltr' id='par_1_98' title="bbox 250 5131 1831 5214">
     <span class='ocr_line' id='line_1_98' title="bbox 250 5131 1831 5214; baseline 0.009 -30"><span class='ocrx_word' id='word_1_647' title='bbox 250 5142 533 5200; x_wconf 87' lang='lat' dir='ltr'><strong>queuntes</strong></span> <span class='ocrx_word' id='word_1_648' title='bbox 554 5133 621 5186; x_wconf 86' lang='lat'><strong>&quot;.</strong></span> <span class='ocrx_word' id='word_1_649' title='bbox 672 5131 844 5202; x_wconf 84' lang='lat' dir='ltr'><strong>Hujus</strong></span> <span class='ocrx_word' id='word_1_650' title='bbox 873 5138 1020 5190; x_wconf 90' lang='lat' dir='ltr'><strong>enim</strong></span> <span class='ocrx_word' id='word_1_651' title='bbox 1067 5138 1294 5210; x_wconf 85' lang='lat' dir='ltr'><strong>virginis</strong></span> <span class='ocrx_word' id='word_1_652' title='bbox 1328 5150 1529 5196; x_wconf 63' lang='lat' dir='ltr'><strong>nostra:</strong></span> <span class='ocrx_word' id='word_1_653' title='bbox 1565 5142 1791 5214; x_wconf 82' lang='lat' dir='ltr'><strong>angelus</strong></span> <span class='ocrx_word' id='word_1_654' title='bbox 1815 5182 1831 5210; x_wconf 91' lang='lat'><strong>,</strong></span> 
     </span>
    </p>
   </div>
   <div class='ocr_carea' id='block_1_99' title="bbox 244 5225 1837 5303">
    <p class='ocr_par' dir='ltr' id='par_1_99' title="bbox 244 5225 1837 5303">
     <span class='ocr_line' id='line_1_99' title="bbox 244 5225 1837 5303; baseline 0.009 -27"><span class='ocrx_word' id='word_1_655' title='bbox 244 5239 379 5277; x_wconf 87' lang='lat' dir='ltr'><strong>cum</strong></span> <span class='ocrx_word' id='word_1_656' title='bbox 450 5233 674 5294; x_wconf 85' lang='lat' dir='ltr'><strong>propter</strong></span> <span class='ocrx_word' id='word_1_657' title='bbox 729 5225 1135 5296; x_wconf 83' lang='lat' dir='ltr'><strong>integerrimam</strong></span> <span class='ocrx_word' id='word_1_658' title='bbox 1190 5230 1559 5300; x_wconf 89' lang='lat' dir='ltr'><strong>virginitatem</strong></span> <span class='ocrx_word' id='word_1_659' title='bbox 1610 5234 1837 5303; x_wconf 76' lang='lat' dir='ltr'><strong>Agathze</strong></span> 
     </span>
    </p>
   </div>
   <div class='ocr_carea' id='block_1_100' title="bbox 249 5318 1836 5396">
    <p class='ocr_par' dir='ltr' id='par_1_100' title="bbox 249 5318 1836 5396">
     <span class='ocr_line' id='line_1_100' title="bbox 249 5318 1836 5396; baseline 0.008 -28"><span class='ocrx_word' id='word_1_660' title='bbox 249 5326 509 5371; x_wconf 84' lang='lat' dir='ltr'><strong>mentem</strong></span> <span class='ocrx_word' id='word_1_661' title='bbox 548 5325 794 5371; x_wconf 85' lang='lat' dir='ltr'><strong>sanctam</strong></span> <span class='ocrx_word' id='word_1_662' title='bbox 850 5318 1217 5387; x_wconf 83' lang='lat' dir='ltr'><strong>declarasset,</strong></span> <span class='ocrx_word' id='word_1_663' title='bbox 1253 5333 1497 5379; x_wconf 86' lang='lat' dir='ltr'><strong>sanctam</strong></span> <span class='ocrx_word' id='word_1_664' title='bbox 1541 5326 1669 5378; x_wconf 88' lang='lat' dir='ltr'><strong>item</strong></span> <span class='ocrx_word' id='word_1_665' title='bbox 1719 5327 1836 5396; x_wconf 88' lang='lat' dir='ltr'><strong>ejus</strong></span> 
     </span>
    </p>
   </div>
   <div class='ocr_carea' id='block_1_101' title="bbox 248 5408 1836 5476">
    <p class='ocr_par' dir='ltr' id='par_1_101' title="bbox 248 5408 1836 5476">
     <span class='ocr_line' id='line_1_101' title="bbox 248 5408 1836 5476; baseline 0.007 -17"><span class='ocrx_word' id='word_1_666' title='bbox 248 5408 624 5473; x_wconf 82' lang='lat' dir='ltr'><strong>voluntatem,</strong></span> <span class='ocrx_word' id='word_1_667' title='bbox 658 5418 884 5476; x_wconf 87' lang='lat' dir='ltr'><strong>propter</strong></span> <span class='ocrx_word' id='word_1_668' title='bbox 932 5411 1317 5466; x_wconf 87' lang='lat' dir='ltr'><strong>acerbissimos</strong></span> <span class='ocrx_word' id='word_1_669' title='bbox 1372 5415 1646 5469; x_wconf 87' lang='lat' dir='ltr'><strong>cruciatus</strong></span> <span class='ocrx_word' id='word_1_670' title='bbox 1700 5416 1836 5469; x_wconf 82' lang='lat' dir='ltr'><strong>hila-</strong></span> 
     </span>
    </p>
   </div>
   <div class='ocr_carea' id='block_1_102' title="bbox 249 5500 1833 5571">
    <p class='ocr_par' dir='ltr' id='par_1_102' title="bbox 249 5500 1833 5571">
     <span class='ocr_line' id='line_1_102' title="bbox 249 5500 1833 5571; baseline 0.009 -20"><span class='ocrx_word' id='word_1_671' title='bbox 249 5511 389 5556; x_wconf 81' lang='lat' dir='ltr'><strong>nter</strong></span> <span class='ocrx_word' id='word_1_672' title='bbox 423 5515 736 5570; x_wconf 83' lang='lat' dir='ltr'><strong>perpessos,</strong></span> <span class='ocrx_word' id='word_1_673' title='bbox 777 5500 975 5571; x_wconf 85' lang='lat' dir='ltr'><strong>quibus</strong></span> <span class='ocrx_word' id='word_1_674' title='bbox 1016 5503 1242 5559; x_wconf 85' lang='lat' dir='ltr'><strong>miriﬁce</strong></span> <span class='ocrx_word' id='word_1_675' title='bbox 1274 5503 1523 5563; x_wconf 88' lang='lat' dir='ltr'><strong>Christus</strong></span> <span class='ocrx_word' id='word_1_676' title='bbox 1553 5506 1691 5562; x_wconf 85' lang='lat' dir='ltr'><strong>Deus</strong></span> <span class='ocrx_word' id='word_1_677' title='bbox 1722 5517 1833 5565; x_wconf 92' lang='lat' dir='ltr'><strong>toto</strong></span> 
     </span>
    </p>
   </div>
   <div class='ocr_carea' id='block_1_103' title="bbox 311 5657 1441 5723">
    <p class='ocr_par' dir='ltr' id='par_1_103' title="bbox 311 5657 1441 5723">
     <span class='ocr_line' id='line_1_103' title="bbox 311 5657 1441 5723; baseline -0.003 -3"><span class='ocrx_word' id='word_1_678' title='bbox 311 5665 365 5696; x_wconf 71' lang='lat'><strong>&quot;&quot;</strong></span> <span class='ocrx_word' id='word_1_679' title='bbox 410 5665 549 5721; x_wconf 83' lang='lat' dir='ltr'><strong>Cen.</strong></span> <span class='ocrx_word' id='word_1_680' title='bbox 595 5674 775 5722; x_wconf 59' lang='grc' dir='ltr'><strong>χχιιι,</strong></span> <span class='ocrx_word' id='word_1_681' title='bbox 808 5657 899 5713; x_wconf 68' lang='lat'><strong>26.</strong></span> <span class='ocrx_word' id='word_1_682' title='bbox 979 5660 1021 5692; x_wconf 67' lang='grc'>³⁸</span> <span class='ocrx_word' id='word_1_683' title='bbox 1067 5659 1168 5715; x_wconf 87' lang='lat' dir='ltr'><strong>lsa.</strong></span> <span class='ocrx_word' id='word_1_684' title='bbox 1204 5675 1274 5723; x_wconf 81' lang='lat' dir='ltr'><strong>vt,</strong></span> <span class='ocrx_word' id='word_1_685' title='bbox 1312 5661 1441 5721; x_wconf 72' lang='lat'><strong>2,3.</strong></span> 
     </span>
    </p>
   </div>
   <div class='ocr_carea' id='block_1_104' title="bbox 1948 4500 3517 4574">
    <p class='ocr_par' dir='ltr' id='par_1_104' title="bbox 1948 4500 3517 4574">
     <span class='ocr_line' id='line_1_104' title="bbox 1948 4500 3517 4574; baseline 0.001 -21"><span class='ocrx_word' id='word_1_686' title='bbox 1948 4512 2073 4574; x_wconf 89' lang='lat' dir='ltr'><strong>post</strong></span> <span class='ocrx_word' id='word_1_687' title='bbox 2099 4503 2386 4572; x_wconf 88' lang='lat' dir='ltr'><strong>Deiparam</strong></span> <span class='ocrx_word' id='word_1_688' title='bbox 2424 4502 2696 4574; x_wconf 77' lang='lat' dir='ltr'><strong>Virginem</strong></span> <span class='ocrx_word' id='word_1_689' title='bbox 2741 4501 2871 4572; x_wconf 86' lang='lat' dir='ltr'><strong>quid</strong></span> <span class='ocrx_word' id='word_1_690' title='bbox 2907 4500 3281 4556; x_wconf 88' lang='lat' dir='ltr'><strong>delectabilius</strong></span> <span class='ocrx_word' id='word_1_691' title='bbox 3311 4501 3422 4569; x_wconf 88' lang='lat' dir='ltr'><strong>agit</strong></span> <span class='ocrx_word' id='word_1_692' title='bbox 3463 4500 3517 4554; x_wconf 91' lang='lat' dir='ltr'><strong>in</strong></span> 
     </span>
    </p>
   </div>
   <div class='ocr_carea' id='block_1_105' title="bbox 1948 4589 3519 4662">
    <p class='ocr_par' dir='ltr' id='par_1_105' title="bbox 1948 4589 3519 4662">
     <span class='ocr_line' id='line_1_105' title="bbox 1948 4589 3519 4662; baseline -0.002 -16"><span class='ocrx_word' id='word_1_693' title='bbox 1948 4601 2249 4662; x_wconf 86' lang='lat' dir='ltr'><strong>stuporem,</strong></span> <span class='ocrx_word' id='word_1_694' title='bbox 2297 4593 2496 4662; x_wconf 86' lang='lat' dir='ltr'><strong>quidve</strong></span> <span class='ocrx_word' id='word_1_695' title='bbox 2533 4591 2906 4648; x_wconf 86' lang='lat' dir='ltr'><strong>admirabilius</strong></span> <span class='ocrx_word' id='word_1_696' title='bbox 2963 4591 3269 4646; x_wconf 70' lang='lat' dir='ltr'><strong>Ecclesiam‘</strong></span> <span class='ocrx_word' id='word_1_697' title='bbox 3311 4589 3519 4649; x_wconf 83' lang='lat' dir='ltr'><strong>Christi</strong></span> 
     </span>
    </p>
   </div>
   <div class='ocr_carea' id='block_1_106' title="bbox 1949 4683 3521 4757">
    <p class='ocr_par' dir='ltr' id='par_1_106' title="bbox 1949 4683 3521 4757">
     <span class='ocr_line' id='line_1_106' title="bbox 1949 4683 3521 4757; baseline -0.001 -19"><span class='ocrx_word' id='word_1_698' title='bbox 1949 4685 2203 4750; x_wconf 88' lang='lat' dir='ltr'><strong>delectat,</strong></span> <span class='ocrx_word' id='word_1_699' title='bbox 2244 4700 2407 4757; x_wconf 89' lang='lat' dir='ltr'><strong>quam</strong></span> <span class='ocrx_word' id='word_1_700' title='bbox 2444 4685 2562 4739; x_wconf 60' lang='lat' dir='ltr'><strong>haec</strong></span> <span class='ocrx_word' id='word_1_701' title='bbox 2597 4686 2754 4756; x_wconf 87' lang='lat' dir='ltr'><strong>virgo</strong></span> <span class='ocrx_word' id='word_1_702' title='bbox 2783 4684 3081 4754; x_wconf 83' lang='lat' dir='ltr'><strong>singularis</strong></span> <span class='ocrx_word' id='word_1_703' title='bbox 3121 4683 3367 4753; x_wconf 83' lang='lat' dir='ltr'><strong>Agatha?</strong></span> <span class='ocrx_word' id='word_1_704' title='bbox 3401 4697 3521 4752; x_wconf 73' lang='lat' dir='ltr'><strong>quat</strong></span> 
     </span>
    </p>
   </div>
   <div class='ocr_carea' id='block_1_107' title="bbox 1952 4773 3521 4845">
    <p class='ocr_par' dir='ltr' id='par_1_107' title="bbox 1952 4773 3521 4845">
     <span class='ocr_line' id='line_1_107' title="bbox 1952 4773 3521 4845; baseline 0 -18"><span class='ocrx_word' id='word_1_705' title='bbox 1952 4773 2171 4843; x_wconf 87' lang='lat' dir='ltr'><strong>quidem</strong></span> <span class='ocrx_word' id='word_1_706' title='bbox 2210 4774 2475 4844; x_wconf 87' lang='lat' dir='ltr'><strong>sapientis</strong></span> <span class='ocrx_word' id='word_1_707' title='bbox 2505 4775 2669 4845; x_wconf 76' lang='lat' dir='ltr'><strong>Regis</strong></span> <span class='ocrx_word' id='word_1_708' title='bbox 2697 4776 2924 4830; x_wconf 88' lang='lat' dir='ltr'><strong>consilio</strong></span> <span class='ocrx_word' id='word_1_709' title='bbox 2968 4777 3256 4839; x_wconf 87' lang='lat' dir='ltr'><strong>obsecuta,</strong></span> <span class='ocrx_word' id='word_1_710' title='bbox 3291 4788 3397 4828; x_wconf 90' lang='lat' dir='ltr'><strong>non</strong></span> <span class='ocrx_word' id='word_1_711' title='bbox 3430 4787 3521 4827; x_wconf 83' lang='lat' dir='ltr'><strong>so-</strong></span> 
     </span>
    </p>
   </div>
   <div class='ocr_carea' id='block_1_108' title="bbox 1948 4864 3516 4937">
    <p class='ocr_par' dir='ltr' id='par_1_108' title="bbox 1948 4864 3516 4937">
     <span class='ocr_line' id='line_1_108' title="bbox 1948 4864 3516 4937; baseline -0.002 -19"><span class='ocrx_word' id='word_1_712' title='bbox 1948 4864 2060 4919; x_wconf 89' lang='lat' dir='ltr'><strong>lum</strong></span> <span class='ocrx_word' id='word_1_713' title='bbox 2082 4865 2149 4919; x_wconf 91' lang='lat' dir='ltr'><strong>de</strong></span> <span class='ocrx_word' id='word_1_714' title='bbox 2175 4865 2433 4934; x_wconf 87' lang='lat' dir='ltr'><strong>primitiis</strong></span> <span class='ocrx_word' id='word_1_715' title='bbox 2458 4868 2706 4937; x_wconf 85' lang='lat' dir='ltr'><strong>corporis</strong></span> <span class='ocrx_word' id='word_1_716' title='bbox 2732 4867 2840 4932; x_wconf 88' lang='lat' dir='ltr'><strong>sui,</strong></span> <span class='ocrx_word' id='word_1_717' title='bbox 2870 4868 2963 4921; x_wconf 89' lang='lat' dir='ltr'><strong>sed</strong></span> <span class='ocrx_word' id='word_1_718' title='bbox 2986 4869 3150 4921; x_wconf 83' lang='lat' dir='ltr'><strong>etiam</strong></span> <span class='ocrx_word' id='word_1_719' title='bbox 3184 4866 3251 4921; x_wconf 90' lang='lat' dir='ltr'><strong>de</strong></span> <span class='ocrx_word' id='word_1_720' title='bbox 3278 4875 3387 4919; x_wconf 91' lang='lat' dir='ltr'><strong>tota</strong></span> <span class='ocrx_word' id='word_1_721' title='bbox 3419 4878 3516 4934; x_wconf 81' lang='lat' dir='ltr'><strong>sua</strong></span> 
     </span>
    </p>
   </div>
   <div class='ocr_carea' id='block_1_109' title="bbox 1950 4956 3515 5014">
    <p class='ocr_par' dir='ltr' id='par_1_109' title="bbox 1950 4956 3515 5014">
     <span class='ocr_line' id='line_1_109' title="bbox 1950 4956 3515 5014; baseline -0.001 -3"><span class='ocrx_word' id='word_1_722' title='bbox 1950 4957 2251 5013; x_wconf 87' lang='lat' dir='ltr'><strong>substantia</strong></span> <span class='ocrx_word' id='word_1_723' title='bbox 2303 4959 2677 5014; x_wconf 89' lang='lat' dir='ltr'><strong>honorandum</strong></span> <span class='ocrx_word' id='word_1_724' title='bbox 2718 4960 2820 5014; x_wconf 87' lang='lat' dir='ltr'><strong>sibi</strong></span> <span class='ocrx_word' id='word_1_725' title='bbox 2862 4958 3100 5014; x_wconf 86' lang='lat' dir='ltr'><strong>decrevit</strong></span> <span class='ocrx_word' id='word_1_726' title='bbox 3149 4956 3343 5011; x_wconf 85' lang='lat' dir='ltr'><strong>Deum.</strong></span> <span class='ocrx_word' id='word_1_727' title='bbox 3380 4956 3515 5010; x_wconf 87' lang='lat' dir='ltr'><strong>Cum</strong></span> 
     </span>
    </p>
   </div>
   <div class='ocr_carea' id='block_1_110' title="bbox 1945 5045 3519 5105">
    <p class='ocr_par' dir='ltr' id='par_1_110' title="bbox 1945 5045 3519 5105">
     <span class='ocr_line' id='line_1_110' title="bbox 1945 5045 3519 5105; baseline -0.004 0"><span class='ocrx_word' id='word_1_728' title='bbox 1945 5048 2092 5105; x_wconf 83' lang='lat' dir='ltr'><strong>enim</strong></span> <span class='ocrx_word' id='word_1_729' title='bbox 2124 5046 2476 5104; x_wconf 88' lang='lat' dir='ltr'><strong>nobilissimis</strong></span> <span class='ocrx_word' id='word_1_730' title='bbox 2496 5058 2643 5104; x_wconf 89' lang='lat' dir='ltr'><strong>esset</strong></span> <span class='ocrx_word' id='word_1_731' title='bbox 2663 5057 2782 5105; x_wconf 88' lang='lat' dir='ltr'><strong>orta</strong></span> <span class='ocrx_word' id='word_1_732' title='bbox 2810 5049 3078 5103; x_wconf 88' lang='lat' dir='ltr'><strong>natalibus</strong></span> <span class='ocrx_word' id='word_1_733' title='bbox 3110 5046 3161 5101; x_wconf 93' lang='lat' dir='ltr'><strong>iu</strong></span> <span class='ocrx_word' id='word_1_734' title='bbox 3199 5048 3330 5100; x_wconf 89' lang='lat' dir='ltr'><strong>urbe</strong></span> <span class='ocrx_word' id='word_1_735' title='bbox 3359 5045 3519 5101; x_wconf 83' lang='lat' dir='ltr'><strong>Cata-</strong></span> 
     </span>
    </p>
   </div>
   <div class='ocr_carea' id='block_1_111' title="bbox 1949 5134 3515 5210">
    <p class='ocr_par' dir='ltr' id='par_1_111' title="bbox 1949 5134 3515 5210">
     <span class='ocr_line' id='line_1_111' title="bbox 1949 5134 3515 5210; baseline -0.005 -15"><span class='ocrx_word' id='word_1_736' title='bbox 1949 5139 2198 5195; x_wconf 90' lang='lat' dir='ltr'><strong>nensium</strong></span> <span class='ocrx_word' id='word_1_737' title='bbox 2222 5178 2239 5204; x_wconf 93' lang='lat'><strong>,</strong></span> <span class='ocrx_word' id='word_1_738' title='bbox 2272 5154 2499 5210; x_wconf 88' lang='lat' dir='ltr'><strong>corpore</strong></span> <span class='ocrx_word' id='word_1_739' title='bbox 2540 5138 2937 5209; x_wconf 79' lang='lat' dir='ltr'><strong>pulcherrima,</strong></span> <span class='ocrx_word' id='word_1_740' title='bbox 2980 5136 3186 5191; x_wconf 82' lang='lat' dir='ltr'><strong>divitiis</strong></span> <span class='ocrx_word' id='word_1_741' title='bbox 3226 5134 3515 5205; x_wconf 86' lang='lat' dir='ltr'><strong>opulenta,</strong></span> 
     </span>
    </p>
   </div>
   <div class='ocr_carea' id='block_1_112' title="bbox 1947 5228 3518 5301">
    <p class='ocr_par' dir='ltr' id='par_1_112' title="bbox 1947 5228 3518 5301">
     <span class='ocr_line' id='line_1_112' title="bbox 1947 5228 3518 5301; baseline -0.003 -14"><span class='ocrx_word' id='word_1_742' title='bbox 1947 5232 2255 5300; x_wconf 89' lang='lat' dir='ltr'><strong>eloquentia</strong></span> <span class='ocrx_word' id='word_1_743' title='bbox 2291 5231 2670 5301; x_wconf 83' lang='lat' dir='ltr'><strong>sermonisque</strong></span> <span class='ocrx_word' id='word_1_744' title='bbox 2702 5230 2881 5298; x_wconf 89' lang='lat' dir='ltr'><strong>lepore</strong></span> <span class='ocrx_word' id='word_1_745' title='bbox 2914 5228 3284 5295; x_wconf 88' lang='lat' dir='ltr'><strong>admirabilis,</strong></span> <span class='ocrx_word' id='word_1_746' title='bbox 3322 5229 3518 5283; x_wconf 87' lang='lat' dir='ltr'><strong>virtute</strong></span> 
     </span>
    </p>
   </div>
   <div class='ocr_carea' id='block_1_113' title="bbox 1947 5318 3516 5393">
    <p class='ocr_par' dir='ltr' id='par_1_113' title="bbox 1947 5318 3516 5393">
     <span class='ocr_line' id='line_1_113' title="bbox 1947 5318 3516 5393; baseline -0.003 -16"><span class='ocrx_word' id='word_1_747' title='bbox 1947 5323 2247 5393; x_wconf 79' lang='lat' dir='ltr'><strong>prudentia:</strong></span> <span class='ocrx_word' id='word_1_748' title='bbox 2277 5323 2564 5391; x_wconf 90' lang='lat' dir='ltr'><strong>conspicua</strong></span> <span class='ocrx_word' id='word_1_749' title='bbox 2586 5363 2601 5389; x_wconf 87' lang='lat'><strong>,</strong></span> <span class='ocrx_word' id='word_1_750' title='bbox 2635 5321 2911 5391; x_wconf 90' lang='lat' dir='ltr'><strong>animique</strong></span> <span class='ocrx_word' id='word_1_751' title='bbox 2947 5319 3264 5375; x_wconf 80' lang='lat' dir='ltr'><strong>fortitudine</strong></span> <span class='ocrx_word' id='word_1_752' title='bbox 3295 5318 3516 5389; x_wconf 69' lang='lat' dir='ltr'><strong>praedita</strong></span> 
     </span>
    </p>
   </div>
   <div class='ocr_carea' id='block_1_114' title="bbox 1941 5410 3519 5483">
    <p class='ocr_par' dir='ltr' id='par_1_114' title="bbox 1941 5410 3519 5483">
     <span class='ocr_line' id='line_1_114' title="bbox 1941 5410 3519 5483; baseline -0.004 -14"><span class='ocrx_word' id='word_1_753' title='bbox 1941 5414 2242 5483; x_wconf 85' lang='lat' dir='ltr'><strong>singulari,</strong></span> <span class='ocrx_word' id='word_1_754' title='bbox 2296 5415 2410 5469; x_wconf 64' lang='lat' dir='ltr'><strong>haec</strong></span> <span class='ocrx_word' id='word_1_755' title='bbox 2462 5412 2674 5483; x_wconf 90' lang='lat' dir='ltr'><strong>aliaque</strong></span> <span class='ocrx_word' id='word_1_756' title='bbox 2726 5411 2972 5481; x_wconf 90' lang='lat' dir='ltr'><strong>corporis</strong></span> <span class='ocrx_word' id='word_1_757' title='bbox 3033 5410 3312 5479; x_wconf 88' lang='lat' dir='ltr'><strong>animique</strong></span> <span class='ocrx_word' id='word_1_758' title='bbox 3355 5423 3519 5464; x_wconf 87' lang='lat' dir='ltr'><strong>orna-</strong></span> 
     </span>
    </p>
   </div>
   <div class='ocr_carea' id='block_1_115' title="bbox 1941 5500 3523 5575">
    <p class='ocr_par' dir='ltr' id='par_1_115' title="bbox 1941 5500 3523 5575">
     <span class='ocr_line' id='line_1_115' title="bbox 1941 5500 3523 5575; baseline -0.003 -15"><span class='ocrx_word' id='word_1_759' title='bbox 1941 5516 2123 5563; x_wconf 86' lang='lat' dir='ltr'><strong>menta</strong></span> <span class='ocrx_word' id='word_1_760' title='bbox 2170 5505 2379 5575; x_wconf 84' lang='lat' dir='ltr'><strong>singula</strong></span> <span class='ocrx_word' id='word_1_761' title='bbox 2412 5504 2629 5560; x_wconf 86' lang='lat' dir='ltr'><strong>Christo</strong></span> <span class='ocrx_word' id='word_1_762' title='bbox 2663 5503 2802 5569; x_wconf 87' lang='lat' dir='ltr'><strong>Deo,</strong></span> <span class='ocrx_word' id='word_1_763' title='bbox 2836 5501 3062 5574; x_wconf 87' lang='lat' dir='ltr'><strong>ejusque</strong></span> <span class='ocrx_word' id='word_1_764' title='bbox 3100 5502 3291 5557; x_wconf 86' lang='lat' dir='ltr'><strong>honori</strong></span> <span class='ocrx_word' id='word_1_765' title='bbox 3319 5510 3373 5556; x_wconf 89' lang='lat' dir='ltr'><strong>ct</strong></span> <span class='ocrx_word' id='word_1_766' title='bbox 3403 5500 3523 5570; x_wconf 68' lang='lat' dir='ltr'><strong>glo~</strong></span> 
     </span>
    </p>
   </div>
  </div>
