3950 6166
350 340 482 413 1237

1369 336 1428 395 S.
1471 323 1850 397 METHODII
1893 321 2397 392 PATRIARCILE
2438 324 2545 388 ΟΡ.

3474 323 3614 390 1288

349 460 445 514 riae
475 451 799 523 mancipavlt
848 448 964 521 (l0)
1003 466 1016 502 :
1050 446 1180 518 quin
1218 460 1281 501 se
1318 458 1532 515 quoque
1564 443 1735 511 ipsam
1773 443 1927 510 quasi
1959 452 2003 506 Α
2033 450 2304 494 mortuum
2346 457 2361 493 :
2397 453 2558 507 quem
2596 450 2720 491 ntox
2755 435 2872 503 ejus
2894 435 3036 490 servi
3065 449 3243 505 neque
3273 437 3479 503 vivum,
3512 453 3612 492 ne-

362 548 594 605 nihilum
620 544 863 612 despexit
888 550 1110 612 propter
1128 536 1330 592 Christi
1355 533 1701 590 dilectionem
1723 554 1736 598 ί
1757 534 1931 587 couti-

354 648 647 706 nenlerque
697 634 926 689 Domino
978 646 1076 687 suo
1128 630 1320 699 dignos
1374 628 1611 682 honores
1654 624 1718 679 ad
1763 637 1933 692 usque

350 731 477 784 vitae
504 741 759 782 occasum
799 715 1065 778 exhibuit.
1106 717 1302 773 Totum
1338 718 1441 771 hoc
1486 715 1665 785 ipsum
1704 719 1935 766 testatur

351 823 519 878 breve
572 816 982 888 epithalamium
1037 820 1201 881 atque
1250 809 1552 879 angelicum
1612 803 1934 867 oraculum,

353 913 499 984 quod
538 927 643 965 non
691 909 757 964 ad
804 906 1052 961 inutilem
1089 903 1376 958 verborum
1427 892 1714 965 ornatum,
1762 911 1937 965 neque

356 1004 422 1058 ad
465 1004 703 1071 speciosa
738 998 1005 1061 encomia,
1047 996 1140 1051 sed
1174 996 1239 1048 ad
1272 1008 1428 1049 veras
1460 991 1682 1061 Agathze
1708 988 1938 1043 virtutes

357 1094 577 1148 aeternis
631 1086 999 1145 monumentis
1047 1083 1476 1155 consignandas,
1524 1079 1787 1135 divinitus
1839 1075 1939 1130 fuit

357 1183 686 1254 descriptum
718 1179 874 1253 (10⁸).

590 1316 731 1389 (Act.
765 1312 1008 1369 Sanctor.
1037 1310 1309 1396 .Febrnar.
1345 1317 1383 1362 t.
1419 1306 1459 1372 Ι,
1495 1322 1548 1376 p.
1576 1305 1726 1375 629.)

430 1453 523 1509 28.
557 1450 662 1506 Sed
684 1464 790 1504 non
812 1448 1246 1517 pigeatcxtrema
1269 1441 1507 1498 ca-lestis
1545 1440 1747 1494 oraculi
1780 1436 1941 1493 verba

364 1543 640 1614 paulisper
683 1540 987 1609 pensitare;
1054 1542 1180 1588 snnt
1213 1534 1358 1588 enim
1401 1532 1571 1585 altera
1616 1546 1742 1598 pars
1779 1530 1941 1594 illius,

373 1636 520 1705 quod
575 1632 677 1687 sub
712 1630 927 1684 initium
986 1624 1267 1697 proposui.
1327 1622 1616 1675 Enimvero
1658 1619 1941 1688 Martyres,

277 1746 283 1762 ι
368 1733 495 1781 dum
535 1732 805 1778 tormenta
861 1730 915 1773 et
948 1718 1227 1773 cruciatus
1258 1730 1354 1785 pro
1378 1713 1599 1767 Christo
1630 1712 1943 1781 patiuntur,

2032 544 2138 600 que
2199 538 2469 582 mortuum
2511 525 2602 581 diu
2664 527 2952 595 quaesitum
2989 526 3238 581 invenire
3289 536 3608 597 potuerunt.

2035 620 2243 681 Invenit
2299 620 2439 674 illico
2465 633 2586 675 eum
2634 618 2902 679 malorum
2952 620 3253 672 daemonum
3311 620 3613 685 exercitus,

2036 714 2125 782 qui
2175 691 2495 782 flagiiiosam
2523 710 2667 764 illam
2710 711 2829 778 ejus
2856 710 3094 763 animam
3126 709 3312 780 egredi
3345 709 3619 765 reluctan-

2037 813 2169 868 tem,
2201 815 2265 857 ex
2305 803 2566 871 voragine
2630 810 2952 863 extractam,
2998 800 3050 853 in
3110 801 3386 869 proximas
3429 800 3619 857 IEtna

2037 894 2283 949 flammas
2308 904 2565 963 perpetuo
2597 892 2923 946 destinatam
2955 891 3201 946 adduxit.

2106 986 2201 1038 29.
2239 987 2435 1038 Militat
2478 984 2756 1038 enimvero
2798 998 2894 1052 pro
2938 982 3285 1037 sanctissuis
3317 980 3477 1047 Deus,
3518 981 3620 1054 qui

2041 1079 2182 1133 sicut
2216 1074 2574 1139 Pharaonem,
2607 1076 2935 1131 lsraelitieas
2969 1075 3142 1143 tribus
3173 1083 3321 1129 terra
3351 1076 3597 1143 marique

2042 1180 2479 1242 persequentem,
2518 1168 2738 1221 tandem
2773 1167 2824 1221 in
2859 1165 3000 1221 mari
3052 1164 3237 1221 Rubro
3264 1178 3386 1221 cum
3423 1171 3604 1223 curri-

2043 1262 2143 1316 bus
2197 1270 2253 1314 et
2301 1260 2578 1329 equitibus
2634 1259 2748 1319 suis
2801 1255 3478 1325 involutumsuil'ocavit;
3536 1258 3622 1313 ita

2045 1352 2397 1421 Quintianum
2467 1366 2629 1407 neces
2686 1365 2750 1405 ac
2811 1350 3031 1420 rapinas
3081 1349 3453 1415 anhelantem,
3517 1358 3625 1420 per

2045 1443 2287 1512 ejusdem
2319 1456 2489 1513 equos
2528 1439 2834 1496 fluvialibus
2881 1441 3217 1509 marinisque
3271 1443 3427 1511 aquis
3454 1442 3625 1496 abre-'-

2047 1547 2195 1606 ptum
2229 1534 2507 1588 demersit.
2548 1532 2592 1587 0
2644 1546 2804 1601 quam
2835 1532 2976 1587 belle
3006 1530 3394 1587 Catanensium
3424 1531 3626 1588 mulie3

2049 1641 2167 1680 rum
2197 1625 2400 1680 chorus
2424 1624 2729 1678 liarianum
2760 1624 3034 1678 canticum
3060 1624 3362 1692 usurpavit,
3391 1623 3579 1680 dicens
3600 1640 3621 1677 :

2049 1716 2346 1771 Cantemus
2399 1714 2646 1785 Agatbas,
2676 1714 2912 1783 gloriose
2965 1714 3107 1769 enim
3145 1714 3483 1784 magnificata
3513 1723 3627 1776 est,

370 1831 479 1871 non
504 1813 677 1869 solum
707 1813 804 1865 sibi
844 1811 1028 1881 gloriae
1059 1822 1314 1863 coronam
1340 1813 1659 1871 contexunt,
1688 1802 1947 1858 Ecclesize
1978 1818 2020 1872 Β
2050 1823 2146 1876 per
2173 1821 2339 1876 equos
2376 1807 2499 1876 equi
2545 1819 2891 1861 ascensorem
2921 1804 3117 1875 dejecit
3144 1805 3197 1859 in
3229 1819 3400 1860 mare.
3440 1803 3633 1859 Forti-

368 1908 605 1973 laudem,
637 1906 854 1973 Deoque
878 1907 1137 1958 honorem
1167 1899 1446 1961 exhibent,
1471 1900 1562 1953 sed
1595 1899 1778 1962 etiam,
1816 1898 1940 1951 dum

326 2003 439 2053 'ad
462 1998 767 2067 exemplum
828 2010 1052 2050 suarum
1107 1993 1367 2046 virtutum
1411 1990 1731 2043 imitandum
1794 1988 1941 2073 cives

373 2098 674 2161 provocant
704 2102 851 2153 suos,
885 2087 1089 2142 eisdem
1126 2084 1379 2139 cmlestes
1411 2081 1647 2147 favores,
1675 2097 1780 2134 non
1824 2078 1942 2134 auri

376 2180 697 2249 argentique
752 2177 947 2247 pretio,
989 2174 1081 2228 sed
1140 2172 1351 2242 profusi
1381 2172 1660 2240 sanguinis
1691 2172 1947 2225 thesauro

376 2279 781 2341 promerentur.
846 2263 1030 2334 Neque
1090 2276 1219 2316 vero
1285 2272 1597 2317 sanctarum
1666 2254 1946 2327 Virginum

377 2375 479 2431 pro
515 2359 734 2412 Christo
792 2356 1055 2409 trucidata
1110 2368 1363 2421 corpora,
1418 2352 1470 2405 in
1514 2351 1606 2404 vili
1671 2364 1946 2405 marmore

377 2449 641 2519 iacentia,
688 2448 866 2501 minus
900 2446 1048 2499 utilia
1093 2443 1340 2514 cognatis
1373 2442 1713 2510 civibusque,
1744 2441 1952 2509 patrim-

383 2555 489 2608 que
513 2547 661 2601 sunt,
723 2537 811 2590 ubi
848 2537 900 2588 itt
942 2534 1105 2588 vitam
1168 2541 1453 2586 mortalem
1510 2532 1660 2585 edita
1713 2529 1948 2593 fimum,

385 2646 548 2701 quam
586 2627 1007 2682 fortissimorum
1054 2626 1294 2678 virorum
1340 2623 1611 2677 exercitus
1650 2637 1744 2691 pro
1775 2622 1951 2692 patria

384 2719 767 2790 pugnantium.
804 2714 940 2781 Quis
970 2713 1112 2769 enim
1142 2713 1207 2767 de
1235 2712 1610 2765 crudelissimo
1637 2709 1951 2775 Quintiano,

385 2812 613 2881 ejusque
639 2807 881 2874 asscclis,
913 2815 1023 2860 tam
1060 2805 1291 2861 subitam
1318 2803 1640 2872 facilemque
1667 2801 1953 2856 victoriam

386 2902 647 2971 consequi
692 2900 978 2969 potuisset,
1035 2907 1229 2966 praeter
1279 2897 1502 2964 Agatha:
1531 2895 1781 2949 meritum
1810 2893 1953 2960 apud

389 2993 580 3055 Deum,
615 2991 868 3059 illiusque
918 2989 1212 3058 potentiam
1272 2988 1535 3041 adversus
1579 2985 1802 3041 hostes?
1834 2983 1949 3039 Tn-

391 3084 641 3141 mnltuati
675 3092 806 3137 sunt
835 3080 1052 3150 quidem
1084 3081 1231 3134 cives
1256 3080 1372 3148 ejus
1418 3078 1958 3144 adversus-Quintia-

2053 1897 2179 1951 tudo
2213 1911 2351 1961 mea,
2381 1906 2437 1950 et
2463 1895 2581 1951 laus
2607 1910 2724 1949 mea
2770 1895 3001 1967 Agathe,
3029 1904 3085 1950 et
3115 1893 3258 1950 facta
3290 1904 3374 1950 est
3403 1895 3532 1949 mihi
3565 1896 3632 1949 in

2055 1987 2307 2040 salutem.
2335 1985 2454 2055 Ipsa
2479 1997 2563 2043 est
2589 2000 2747 2041 soror
2779 2002 2921 2050 mea,
2952 1986 3266 2057 glorificabo
3293 2002 3436 2041 eam.
3466 1987 3622 2056 Aga-

2054 2077 2143 2132 tlta
2178 2078 2348 2146 gloria
2391 2092 2533 2143 mea,
2580 2086 2635 2132 et
2669 2077 2922 2133 exaltabo
2952 2093 3093 2133 eam.
3144 2077 3294 2133 Dixit
3332 2078 3631 2135 inimicus:

2054 2164 2380 2236 Persequar,
2410 2178 2464 2222 et
2491 2158 2973 2237 comprehendam,
3004 2167 3241 2222 dividam
3284 2166 3480 2239 spolia,
3516 2167 3634 2221 im-

2056 2259 2296 2331 plebitur
2336 2258 2516 2312 anima
2550 2273 2692 2313 mea.
2746 2256 2925 2313 Flavit
2951 2259 3107 2312 furor
3133 2272 3422 2328 equorum,
3456 2268 3509 2312 et
3537 2257 3636 2311 ille

2056 2350 2372 2404 sulnnersus
2400 2359 2487 2405 est
2520 2350 2572 2403 in
2605 2351 2761 2418 aquis
2800 2336 3237 2406 vehementibus.
3269 2349 3403 2416 Quis
3429 2348 3634 2404 similis

2058 2440 2131 2493 tui
2171 2438 2223 2493 in
2288 2438 2544 2503 fortibus,
2599 2438 2830 2509 Agathe,
2879 2438 3164 2508 magniﬁca
3211 2439 3265 2492 iu
3311 2436 3631 2498 sanctitate,

2060 2529 2319 2583 terribilis
2352 2538 2513 2597 atque
2547 2526 2835 2583 laudabilis
2870 2539 2927 2582 et
2961 2528 3165 2582 faciens
3198 2526 3505 2583 mirabilia?
3545 2518 3637 2580 Tu

2058 2635 2186 2675 vere
2210 2637 2270 2675 es
2293 2620 2617 2675 Catanensis
2636 2620 2883 2683 civitatis
2905 2620 3098 2691 gloria,
3136 2628 3188 2673 tu
3215 2617 3636 2674 honorificentia

2061 2713 2238 2784 populi
2288 2712 2458 2767 nostri
2506 2730 2521 2768 :
2573 2722 2648 2777 et,
2704 2713 2846 2782 quod
2903 2712 3269 2782 virginitatem
3326 2712 3634 2776 amaveris,

2063 2805 2286 2879 tradidit
2320 2804 2577 2859 Dominus
2608 2802 2960 2871 Quintianum
2992 2803 3045 2857 in
3078 2817 3242 2857 manu
3271 2812 3381 2869 tua,
3413 2804 3640 2873 erisque

2061 2896 2338 2952 benedicta
2368 2900 2421 2951 in
2454 2907 2739 2951 aeternum.
3521 2960 3526 2965 ἱ

2132 2988 2220 3042 50.
2266 2987 2418 3055 Agite
2454 3003 2617 3051 nunc,
2681 2986 2978 3050 auditores,
3021 2996 3077 3041 et
3115 2985 3181 3042 ab
3226 2985 3385 3056 aquis
3431 2984 3640 3059 gradus

2064 3080 2157 3133 fiat
2188 3079 2342 3134 nobis
2386 3081 2771 3135 miraculorum
2800 3082 3023 3150 Agatha:
3066 3079 3133 3133 ad
3177 3078 3420 3135 Etruros
3458 3082 3637 3145 ignes.

300 3216 313 3225 κ
389 3192 519 3230 num
564 3186 796 3241 eumque
850 3173 902 3225 in
960 3170 1142 3237 fugam
1196 3177 1499 3233 verterunt,
1539 3170 1797 3237 mellique
1826 3180 1957 3237 per-
1985 3166 2031 3228 C
2063 3170 2294 3241 Legistis
2329 3170 2593 3239 plerique,
2626 3171 2812 3237 credo,
2848 3170 3027 3225 AStna:
3077 3186 3272 3239 nomen
3303 3172 3356 3226 in
3388 3171 3640 3240 antiquis

389 3266 601 3321 enisum
635 3279 699 3318 ex
730 3264 862 3316 urbe
890 3260 1161 3330 expellere
1204 3260 1521 3325 valuerunt;
1548 3260 1641 3313 sed
1688 3254 1799 3324 ille,
1830 3260 1956 3329 quia

393 3356 682 3412 incolumis
728 3369 795 3408 ex
835 3366 1023 3409 eorum
1086 3351 1336 3404 manibus
1371 3351 1562 3415 evasit,
1599 3350 1831 3403 ferocior
1873 3360 1958 3404 est

393 3445 639 3509 effectus,
670 3443 1052 3511 cogitabatque
1085 3450 1281 3493 contra.
1308 3441 1531 3509 Agathm
1568 3450 1850 3509 cognatos,
1887 3441 1955 3495 ab

394 3549 457 3588 se
484 3542 735 3588 extorres
780 3531 973 3592 iactos,
1015 3543 1118 3597 qua
1149 3542 1298 3592 nece,
1341 3543 1445 3596 qua
1500 3528 1781 3598 suppliciis
1812 3529 1960 3583 rabi-

395 3628 523 3678 dum
556 3623 794 3677 animum
824 3631 1162 3686 exsaturare,
1196 3634 1495 3689 eorumque
1519 3623 1747 3689 pingues
1778 3637 1959 3676 rerum

395 3714 642 3773 fortunas
675 3726 777 3766 una
802 3728 921 3766 cum
960 3711 1187 3776 Agatltae
1216 3711 1564 3779 patrimonio,
1615 3712 1961 3781 imperatoris

394 3808 595 3860 mrario
627 3804 851 3858 inferre.
888 3802 1233 3871 llaecimpius
1271 3803 1707 3866 macltinabatur,
1741 3804 1963 3860 nﬁninte

397 3911 527 3950 vero
562 3896 912 3964 pientissimze
968 3891 1208 3963 Virginis
1242 3893 1506 3947 ultionem
1536 3894 1746 3947 vitavit.
1785 3893 1959 3960 Quin-

401 3989 608 4043 tianum
636 3988 780 4041 enim
810 3988 1007 4055 scapha
1037 3988 1335 4048 sedentem,
1356 3986 1482 4040 dum
1517 3986 1825 4041 Simethnm
1859 3985 1960 4040 ﬂu-

395 4078 542 4132 vium
570 4076 793 4132 Catana
834 4077 1137 4145 proximum
1167 4075 1490 4145 trajiclebat,
1528 4077 1634 4128 duo
1660 4076 1787 4144 equi
1823 4074 1966 4129 fero-

394 4169 605 4223 cientes
631 4183 736 4235 qua
777 4168 1049 4221 morsibus
1071 4166 1122 4218 in
1164 4165 1357 4219 faciem
1385 4163 1569 4233 jactis,
1592 4174 1697 4234 qua
1726 4164 1966 4220 calcibus

396 4259 452 4313 in
505 4274 704 4327 corpus
741 4258 917 4323 illisis,
962 4256 1015 4310 in
1062 4254 1415 4325 profluentem
1469 4255 1759 4310 deturbant
1793 4255 1966 4311 semi-

2066 3261 2307 3315 bistoriis
2334 3272 2635 3316 nostrorum
2657 3263 3007 3332 scriptorum,
3033 3277 3152 3332 qua:
3178 3264 3471 3317 etiamnum
3492 3263 3645 3333 apud

2065 3366 2160 3405 nos
2187 3350 2449 3405 habemus
2497 3369 2510 3404 :
2563 3350 2646 3406 vel
2690 3363 2839 3407 certe
2886 3352 3006 3422 ejus
3050 3354 3249 3408 montis
3294 3351 3491 3409 famam
3516 3362 3644 3408 toto

2062 3441 2195 3496 orbe
2233 3442 2640 3497 celeberrimam
2670 3444 2899 3500 audistis
2928 3461 2944 3499 :
2979 3445 3075 3499 sed
3108 3444 3340 3499 fortasse
3369 3444 3640 3499 hic-non-

2063 3532 2191 3587 nulli
2224 3534 2441 3600 adsunt,
2468 3549 2603 3603 quos
2635 3533 2814 3591 Eluas
2843 3551 3036 3591 nomen
3071 3536 3250 3591 adlmc
3280 3535 3430 3590 latet.
3466 3533 3647 3590 Em:

2063 3624 2226 3694 igitur
2248 3638 2403 3679 mons
2436 3635 2517 3679 est
2545 3626 2794 3682 excelsus
2818 3627 3057 3697 quidem,
3102 3626 3442 3695 nubibusque
3469 3626 3638 3694 longe

2068 3710 2338 3779 superatis
2366 3710 2586 3767 Catane:
2618 3716 2737 3769 urbi
2789 3714 3082 3781 impendet.
3130 3714 3277 3769 Illius
3312 3716 3468 3770 dorsa
3497 3729 3633 3782 per-

2069 3802 2247 3871 petuis
2270 3801 2747 3875 albicarenivibus
2773 3816 3060 3871 testantur,
3096 3807 3185 3876 qui
3214 3807 3279 3861 de
3302 3806 3650 3865 nostratibus

2071 3892 2138 3945 ad
2172 3889 2529 3948 Catane'usem
2560 3905 2797 3963 portum,
2832 3896 3174 3966 appulerunt,
3210 3896 3500 3966 feruntque
3535 3910 3646 3965 per

2071 3982 2301 4037 declivia
2330 3976 2725 4054 frequentibus
2748 3978 2980 4042 habitari
3021 3989 3193 4060 pagis,
3226 3989 3492 4058 villisque.
3530 3987 3651 4043 Te-

2070 4082 2284 4126 stautur
2302 4070 2683 4130 etiamEtntei
2710 4078 2930 4141 verticis
2952 4078 3065 4149 (tl)
3100 4087 3341 4134 crateres
3372 4087 3651 4149 perpetuo

2073 4160 2356 4233 fumigare,
2396 4180 2461 4220 ac
2486 4182 2715 4235 vapores
2748 4168 2937 4238 igneos
2962 4168 3287 4239 cineresque
3312 4170 3648 4238 sulphureos

2071 4257 2370 4312 'cructando
2405 4257 2833 4329 circumquaque
2886 4260 3220 4331 dispergere,
3268 4276 3463 4331 ωηιιο
3513 4276 3653 4317 cum

475 4414 757 4496 (10)Hinc
792 4422 1096 4476 sumptum.
1155 4413 1304 4535 qenod
1358 4412 1500 4491 inter
1534 4411 1637 4465 alia
1663 4413 1716 4465 in
1743 4409 1962 4465 leuatis
1996 4410 2041 4473 1)
2072 4412 2232 4483 tyris,
2268 4413 2455 4481 sicque
2495 4412 2692 4469 nobilis
2720 4415 3041 4481 certamine,
3089 4414 3314 4488 fusoque
3354 4419 3650 4486 sanguine,

475 4496 575 4535 stat
608 4489 864 4535 mlarton:
920 4481 1177 4535 Στολίζεσ
1212 4500 1256 4534 ω
1305 4483 1545 4535 σήμερον
1571 4483 1604 4535 ή
1650 4481 1964 4535 Ἐκκλησία.
2071 4484 2329 4535 praeclare
2373 4485 2717 4535 honestatem
2766 4501 2980 4535 sacrum
3035 4496 3334 4535 martvrnm
3372 4489 3604 4535 chorum
3635 4526 3650 4535 .

397 4481 576 4541 exstat
608 4486 834 4566 udaripq
851 4501 900 4566 ε⁹
920 4481 1256 4566 Στολίζεεθω
1288 4481 1964 4566 ρήμέρρννήςεκξὶεησία,

397 4547 1415 4626 πορφυρίδαμὲνδοξονηκαταδαφεϊσάξν
1449 4547 1508 4626 ἐξ
1542 4547 1715 4626 hilum
1748 4547 1969 4626 mpm?

412 4621 649 4693 ’Λγάθής
681 4622 782 4692 τῆς
837 4626 1343 4693 μάρτυροςρῄχαῑρε,
1374 4622 1578 4691 βοῶσα,
1605 4621 1867 4691 ,Κατάνης
1912 4621 1972 4674 τὸ

401 4691 686 4764 καύχημα.
706 4691 1088 4764 ludirarhodie
1105 4691 1340 4747 Ecclesia
1360 4693 1642 4764 gloriosam
1661 4707 1971 4764 purpuram,

401 4766 454 4817 in
487 4760 737 4832 Martyris
768 4762 986 4832 Agatltw
1028 4771 1170 4815 casto
1211 4760 1463 4831 sanguine
1503 4762 1744 4825 tinctam,
1785 4762 1971 4826 Salvo,

398 4831 755 4903 procta'uiuns,
789 4831 1011 4886 Catanen
1040 4833 1305 4899 gloriatio.

474 4903 609 4973 (10⁸)
645 4902 926 4972 Reltquam
950 4904 1087 4957 tituli
1119 4913 1348 4973 partem,
1369 4916 1489 4968 qua:
1519 4910 1603 4953 est
1621 4899 1814 4954 Patria)
1842 4899 1977 4973 libe-

404 4969 798 5035 rat'to,'auctor'
840 4988 935 5040 per
965 4969 1170 5039 septein
1220 4971 1420 5039 capita,
1463 4986 1556 5024 seu
1607 4969 1980 5039 paragrapbos

404 5058 468 5096 ac
496 5055 761 5098 sectioncs
790 5043 947 5110 plane
980 5040 1152 5093 fusior
1177 5041 1554 5110 prosequitur;
1585 5040 1636 5092 in
1663 5043 1859 5107 quibus
1884 5054 1982 5092 nec

407 5114 618 5165 dicendi
656 5108 815 5165 linem
846 5115 1024 5163 facere
1057 5111 1294 5171 videtur,
1329 5109 1456 5176 quin
1483 5108 1659 5176 aliqua
1686 5110 1732 5161 ei
1771 5110 1984 5161 deside-

407 5189 617 5246 rentur,
640 5183 692 5236 iu
726 5184 792 5233 iis
812 5197 933 5249 qua:
957 5181 1015 5235 P.
1050 5179 1089 5234 l.
1123 5179 1413 5233 Bollandus
1445 5179 1877 5246 repraesentavit,
1907 5178 1981 5229 uti

407 5254 452 5305 is
484 5254 596 5320 ipse
638 5252 1007 5316 monuit,suas
1036 5253 1252 5317 egregie
1288 5259 1576 5320 exsecutus
1617 5258 1795 5320 partes
1827 5262 1987 5300 exor-

408 5317 583 5374 ttauda
620 5332 764 5373 tanta
803 5332 1071 5389 martyre,
1099 5337 1161 5373 ac
1184 5336 1303 5389 quae
1335 5334 1456 5372 vere
1488 5317 1746 5389 Ecclesiae
1780 5333 1986 5385 purpu-

409 5406 522 5442 ram
566 5393 853 5444 cruoribns
897 5394 1011 5443 suis
1064 5391 1317 5457 tinxerit,
1380 5401 1437 5441 ut
1476 5401 1666 5441 auctor
1726 5388 1986 5457 loquitur,

406 5459 609 5515 Menam
643 5471 865 5514 secutus
898 5460 1095 5528 quibus
1121 5460 1200 5512 sic
1238 5467 1441 5512 canunt
1463 5500 1486 5528 ,γ
1526 5456 1853 5528 στολιζέᾳοω
1889 5457 1986 5528 σή-

411 5547 576 5599 μερον
603 5531 638 5599 ἡ
681 5527 977 5599 Ἐκκλησῖα
1007 5527 1314 5598 πορφυρίδα
1334 5527 1561 5599 ἔνδοξον
1585 5527 1991 5599 καταὸαερεξσιν

410 5596 699 5669 ὲξὰγνῷν
729 5596 953 5669 λύτρωνΔ
1008 5596 1246 5668 ’Λγάθής
1294 5598 1395 5667 τῆς
1438 5600 1739 5668 μάρτυρος.
1774 5596 1989 5669 indunt

411 5669 564 5718 hodie
610 5666 853 5720 Ecclesid
903 5666 1536 5736 gloriosum‘purp’urdm,
1566 5666 1809 5735 titurtyris
1853 5669 1992 5735 Aga-

2071 4484 2329 4556 prazclare
2373 4485 2717 4556 honestatem
2766 4501 2980 4540 sacrum
3035 4484 3334 4556 martyrum
3372 4484 3604 4542 chorum
3635 4526 3655 4554 ,

2072 4554 2229 4623 sciter
2248 4552 2607 4623 significatur.

2150 4614 2265 4744 ﬁll)
2299 4614 2328 4672 ἶ
2364 4620 2418 4675 1η
2453 4621 2634 4679 Etuta:
2666 4625 2886 4707 vertice.
2916 4623 3096 4706 hiatus
3122 4625 3228 4678 duo
3272 4636 3426 4706 sunt,
3472 4626 3660 4697 inquit

2176 4709 2249 4744 tu.
2273 4706 2322 4744 c.
2355 4694 2443 4744 Η.
2480 4703 2720 4744 crateres
2748 4706 3027 4744 nominati.
3069 4713 3088 4744 ι
3125 4693 3197 4744 Ita
3230 4705 3284 4744 et
3314 4694 3450 4744 Plin.
3488 4696 3524 4744 l.
3559 4713 3656 4744 ιιι-

2077 4689 2249 4766 Soliu.
2273 4694 2443 4766 c.__H,
2480 4703 2720 4766 crateres
2748 4694 3032 4766 nominati.
3069 4713 3088 4747 ι
3125 4693 3197 4748 ita
3230 4705 3284 4747 et
3314 4694 3450 4749 Plin.
3488 4689 3656 4766 l_.'nt,

2076 4777 2126 4832 ρ.
2188 4762 2243 4821 35.
2311 4762 2504 4816 Crater
2547 4764 2667 4830 ejus
2710 4772 2858 4832 patet
2890 4763 3097 4816 ambitu
3155 4767 3452 4819 stadiorum
3486 4764 3581 4821 20.
3631 4762 3653 4819 ἰ

2079 4828 2276 4905 Strabo
2297 4844 2476 4905 autem
2512 4832 2548 4897 l,
2576 4828 2674 4905 ἢκ,-
2712 4828 2961 4905 testatur,
3012 4833 3309 4904 λαμϐάνειν
3346 4836 3661 4905 perﬁda;

2080 4900 2283 4977 πολλὰί
2310 4901 2378 4952 τὰ
2408 4902 2554 4977 ᾷκρέι
2584 4901 2678 4955 τοῦ
2708 4902 2866 4977 ὅρομς
2889 4903 2978 4971 διᾲ
3001 4900 3100 4974 sip}
3124 4905 3297 4975 νομὴν
3325 4900 3419 4959 ἑοῦ
3452 4900 3658 4977 πυρδςξ

2078 4972 2205 5044 τοτὲ
2230 4971 2327 5044 μὲν
2379 4970 2626 5044 εἰς-ί-ἔνκΑ
2656 4970 2901 5044 κρὰτῆρα
2944 4970 3387 5044 συμφερόμένου,
3444 4970 3571 5028 tor}.
3601 4978 3665 5031 es

2083 5039 2430 5115 σχιζομένου.
2456 5038 2659 5115 Montis
2674 5038 3171 5115 summitates-wine
3197 5038 3396 5115 ululari
3424 5045 3489 5097 ob
3516 5047 3666 5115 ignis

2082 5112 2495 5183 grrtssulio‘ltettt,‘
2521 5114 2608 5181 qui
2630 5113 2764 5164 alias
2798 5113 2851 5164 iu
2882 5114 3351 5183 uuum_cotligitur
3371 5112 3663 5180 craterem,

2084 5177 2220 5250 alios
2244 5180 2295 5230 in
2322 5177 2499 5247 plures
2532 5177 2792 5233 acim/itur
2818 5193 3013 5250 partes.
3039 5177 3295 5237 Testatur
3322 5197 3379 5237 et
3406 5177 3664 5241 Fazeltus

2085 5249 2267 5321 plures
2308 5250 2537 5321 subinde
2592 5249 3066 5318 aperiri’ltiatus;
3141 5255 3363 5321 majoris
3419 5257 3661 5309 crateris

2086 5319 2349 5389 ambitum
2379 5321 2446 5371 ad
2469 5318 2505 5371 4
2529 5322 2693 5372 millia
2715 5334 2970 5389 passuum
3000 5330 3186 5389 patere
3208 5318 3336 5376 {alii
3362 5324 3426 5374 ad
3450 5323 3523 5376 '24
3546 5335 3664 5378 sta-

2088 5388 2197 5460 dia.
2235 5388 2299 5460 Et
2329 5389 2546 5443 videtur
2575 5406 2678 5444 non
2710 5388 2923 5459 semper
2953 5388 3142 5446 eadem
3170 5404 3292 5446 esse
3324 5392 3659 5460 aittplttudo.

2088 5452 2321 5532 Inferior
2345 5469 2525 5532 c_r_atcr
2554 5460 2620 5532 in;
2653 5461 2797 5528 putei
2829 5452 3218 5532 rotunditatem
3248 5452 3512 5532 angustus
3537 5478 3662 5519 esse

2090 5527 2343 5597 traditur.
2375 5527 2662 5583 Horrenda
2687 5540 2813 5583 sunt
2843 5545 2965 5597 qua:
2999 5531 3067 5586 de
3106 5532 3214 5585 illis
3246 5527 3491 5597 hia'tibus
3512 5535 3663 5589 idem

2091 5609 2278 5666 narrat
2304 5596 2550 5653 Fazellus
2608 5602 2765 5655 testis
2820 5596 3094 5666 oculatus,
3140 5617 3203 5655 ac
3229 5596 3555 5655 Philotltetts
3592 5606 3665 5657 de

2092 5663 2401 5742 liotnodejs,
2435 5678 2489 5723 et
2529 5669 2619 5724 alii
2655 5670 2796 5739 apud
2835 5663 3146 5726 Cluverium
3180 5672 3381 5726 Siciliae
3412 5674 3659 5742 antiqua:

417 5736 519 5787 Huc
558 5736 715 5789 castis
763 5734 1040 5790 cruoribus
1100 5737 1314 5789 tinctam
1351 5753 1368 5789 :
1408 5738 1603 5806 quibus
1642 5734 1803 5791 tanta:
1851 5734 1994 5791 mar-
2092 5734 2130 5789 Ι.
2156 5750 2194 5804 t,
2220 5751 2268 5790 c.
2310 5736 2363 5790 8.
