3950 6166
304 360 438 426 1289

1468 352 1749 413 ORATIO
1788 352 1869 412 IN
1911 352 1969 411 So
2014 348 2401 412 AGATHAM.

3431 350 3566 413 1290

299 490 579 550 agrorum,
617 474 902 538 silvarum,
931 486 996 526 ac
1021 468 1288 541 pecudum
1322 466 1676 531 detrimento.
1732 466 1877 522 Con-
1909 474 1953 529 Α
1982 466 2280 521 funiculum
2301 465 2617 521 coccineum
2641 480 2705 520 ex
2734 466 2975 519 fenestra
3005 464 3196 519 Bahal)
3222 480 3545 534 appensum,

304 571 423 641 tigit
447 582 603 633 vero,
642 564 902 621 Kalendis
930 563 1061 633 ipsis
1086 560 1368 617 Februarii
1400 559 1529 615 anni
1564 560 1891 629 insequeny

303 663 373 717 tis
394 663 569 716 beatae
594 657 823 729 Agathae
848 654 1194 727 martyrium,
1218 662 1278 707 ut
1305 650 1572 707 dill'ractis
1602 650 1779 707 {Eluas
1802 649 1881 702 la-

304 753 513 807 teribus
546 749 847 805 Tartareus
871 762 937 801 ae
963 745 1286 801 faeculentus
1308 744 1469 815 ignis,
1495 741 1871 796 vehementius

303 843 464 899 solito
498 841 880 907 elIervescens,
924 837 1192 908 eruperit,
1223 850 1289 890 ac
1339 834 1637 904 praecipitis
1663 832 1875 903 spatio-

303 935 458 1003 sique
491 931 748 986 torrentis
796 931 972 984 instar
1022 923 1435 990 debacchando,
1464 922 1621 978 obvia
1651 934 1880 991 quaeque

304 1023 633 1086 devastarit,
674 1033 975 1087 cursusque
1015 1016 1278 1071 adversus
1318 1011 1652 1068 Calanenses
1690 1026 1880 1083 pagos,

304 1115 606 1182 urbemque
638 1112 813 1181 ipsam
844 1106 1132 1163 direxerit.

374 1205 463 1259 5L
502 1201 640 1270 Quid
672 1199 885 1255 consilii
916 1214 1183 1270 paganam
1241 1211 1462 1274 gentem
1494 1199 1641 1253 illam
1671 1197 1901 1251 crebris

305 1305 463 1351 terra:
487 1291 932 1349 succussionibus
963 1300 1018 1347 et
1040 1293 1256 1351 bombis
1290 1292 1763 1365 perterrefaetam,
1801 1289 1883 1344 iu-

301 1387 592 1456 eendiique
641 1383 962 1455 proﬂuentis
1005 1385 1239 1442 horrore
1297 1384 1594 1455 stupidam,
1645 1398 1709 1438 ac
1746 1395 1883 1451 pene

302 1478 673 1535 exanimatam
716 1479 925 1546 cepisse
956 1478 1217 1548 'putatis?
1247 1477 1306 1533 In
1346 1493 1405 1534 re
1454 1478 1593 1533 adeo
1643 1474 1880 1544 trepida,

302 1574 382 1628 sic
419 1572 634 1626 volente
668 1570 921 1637 Numine,
958 1571 1014 1625 in
1058 1579 1297 1627 mentem
1327 1570 1435 1626 illis
1480 1569 1630 1625 venit
1677 1566 1885 1638 angeli—

304 1686 425 1726 cum
445 1668 728 1724 oraculum
754 1669 821 1722 ad
855 1656 1078 1738 Agatbaa
1102 1677 1266 1738 caput
1290 1667 1619 1738 depositum,
1650 1665 1718 1720 de
1749 1664 1888 1720 libe-

301 1762 516 1817 ratione
563 1760 751 1831 patriaa
810 1760 914 1815 sibi
965 1760 1258 1830 promissa.
1319 1760 1542 1815 Animos
1583 1758 1748 1829 igitur
1777 1755 1880 1811 sibi

302 1852 567 1906 facientes
597 1868 611 1905 :
651 1851 1017 1918 Festinemus,
1057 1851 1331 1921 inquiunt,
1362 1851 1428 1905 ad
1462 1861 1663 1906 nostrae
1695 1848 1875 1918 Virgi-

303 1945 387 1997 nis
423 1942 742 2013 sepulcrum
777 1959 791 1995 :
826 1941 980 2010 cujus
1011 1957 1169 2012 opem
1202 1957 1349 1998 nunc
1400 1943 1634 2012 primum
1668 1940 1881 2012 publice

302 2032 680 2102 imploramus.
711 2033 870 2089 Certa
895 2033 1038 2089 enim
1083 2043 1170 2090 est
1216 2026 1516 2092 in'cmlesti
1548 2033 1669 2105 ejus
1707 2034 1883 2104 epita-

300 2124 433 2193 phio
487 2125 755 2195 descripta
829 2126 1114 2196 promissio
1149 2126 1215 2181 de
1278 2126 1469 2196 patriae
1519 2125 1882 2192 liberatione,

228 2246 233 2251 ο
302 2230 482 2284 neque
518 2217 586 2270 de
614 2226 723 2271 tam
771 2232 979 2288 magum
1002 2217 1259 2290 martyris
1282 2217 1522 2274 efﬁcacia
1556 2217 1880 2273 meritorum

304 2308 445 2378 apud
475 2308 679 2374 Deum,
699 2324 875 2381 neque
903 2310 969 2365 de
992 2325 1260 2380 prepensa
1299 2320 1501 2366 nostrae
1543 2310 1767 2379 virginis
1828 2310 1882 2362 in

306 2401 534 2472 patriam
567 2401 865 2466 voluntate,
886 2401 1291 2471 ambigendum.
1318 2402 1469 2468 Quod
1510 2401 1555 2455 si
1585 2401 1712 2454 olim
1755 2400 1883 2454 duo-

304 2508 422 2547 rum
450 2492 819 2564 fratruleZ)
844 2492 1047 2546 civium
1078 2500 1387 2546 nostrorum
1423 2491 1685 2545 naturalis
1713 2490 1888 2559 pietas

304 2598 429 2655 erga
454 2593 710 2654 parentes
741 2584 911 2638 valuit
939 2582 1154 2638 IEtnzea
1195 2582 1445 2638 incendia
1495 2582 1784 2649 remorari,
1819 2594 1888 2635 ne

302 2690 363 2730 se.
386 2678 736 2742 devorarent,
778 2686 833 2730 et
879 2677 1004 2744 quia
1041 2675 1144 2743 piis
1186 2674 1426 2730 humeris
1455 2674 1738 2745 impositos
1766 2672 1886 2728 illos

306 2768 610 2834 auferrent,
646 2769 697 2821 in
734 2768 889 2837 cujus
907 2768 978 2835 pii
1007 2767 1268 2822 facinoris
1294 2767 1611 2821 memoriam
1649 2762 1884 2832 majores

306 2862 477 2917 nostri
523 2861 629 2914 illis
649 2859 760 2931 (l5)
790 2874 979 2914 sacros
1016 2860 1256 2915 honores
1302 2858 1726 2929 impenderunt;
1759 2855 1889 2926 quid

304 2953 488 3008 facere
522 2966 623 3022 par
661 2959 746 3006 est
794 2960 1038 3007 nostram
1074 2953 1201 3006 item
1235 2952 1406 3008 civem
1437 2951 1728 3022 Agatham,
1767 2965 1888 3023 quae

310 3059 375 3101 ne
407 3044 579 3098 Deum
635 3055 901 3107 nostrum,
947 3060 1010 3098 ac
1068 3039 1251 3099 rerum
1304 3044 1549 3099 omnium
1602 3055 1884 3115 parentem

1983 559 2072 627 qui
2114 561 2180 615 ad
2218 559 2300 613 sui
2333 567 2705 627 conspectum,
2750 567 2970 628 propter
2988 560 3153 612 vitam
3191 558 3400 613 duobus
3433 571 3556 613 tan-

1987 662 2094 703 tum
2143 647 2404 705 Israelitis
2443 658 2715 705 servatam
2758 650 2960 704 meruit
2994 660 3156 722 totam
3187 649 3303 717 ejus
3336 650 3555 705 domum

1987 743 2311 798 incolumem
2343 744 2604 798 servare?
2633 743 2817 813 Turpe
2839 743 2983 797 enim
3010 744 3174 797 fuerit
3212 744 3375 812 hujus
3401 744 3557 798 malae.

1983 836 2111 889 olim
2148 835 2478 890 muliercula:
2510 836 2698 890 vittam
2752 850 2875 890 cum
2932 836 3241 889 venerando
3276 834 3558 904 virginalis

1984 932 2179 1000 capitis
2209 929 2459 984 conferre
2501 928 2789 983 velamine.
2828 927 3151 983 indecorant
3192 928 3357 983 etiam
3400 925 3562 981 fuerit

1987 1034 2071 1076 ter
2099 1023 2359 1091 opt-imam
2390 1021 2658 1092 Agatham
2686 1020 2879 1075 alienis
2906 1020 3267 1085 ornamentis,
3293 1030 3347 1074 et
3368 1034 3561 1073 emen-

1986 1113 2183 1165 dicatis
2235 1110 2373 1166 fucis
2431 1124 2724 1175 exornare,
2761 1124 2883 1164 cum
2935 1110 3051 1179 ipsa
3097 1110 3232 1164 satis
3289 1122 3563 1178 superque

1986 1203 2222 1272 propriis
2248 1202 2500 1257 laudibus
2547 1201 2868 1271 meritisque
2914 1200 3209 1270 praecellat.
3262 1198 3448 1254 Liceat
3481 1209 3563 1253 ta-

1987 1311 2109 1350 men
2144 1295 2248 1349 hoc
2271 1292 2511 1362 Virginis
2542 1295 2788 1348 velamen
2828 1306 2987 1347 sacro
3018 1292 3294 1361 pontificis
3322 1291 3559 1345 Aarouis

1991 1386 2264 1441 lhuribulo
2299 1398 2638 1453 comparare,
2670 1385 2815 1455 quod
2841 1400 2963 1439 cum
2994 1384 3082 1439 ille
3127 1385 3251 1454 igne
3295 1384 3564 1452 thureque

1990 1477 2272 1546 replesset,
2300 1487 2599 1546 contraque
2623 1477 2935 1532 incendium
2956 1476 3269 1546 objecisset,
3292 1476 3560 1529 stetisset-
3626 1502 3629 1507 -

1988 1587 2096 1641 que
2125 1571 2267 1625 inter
2300 1577 2546 1624 mortuos
2584 1584 2647 1624 ac
2702 1569 2971 1635 viventes,
3025 1569 3289 1624 continuo
3321 1566 3568 1622 cessavit

1988 1664 2166 1734 plaga.
2202 1662 2315 1718 Hoc
2350 1662 2494 1717 eiiim
2532 1662 2778 1716 velamen
2816 1676 2938 1717 cum
2972 1676 3036 1716 ex
3070 1661 3300 1731 Agathae
3358 1669 3566 1714 attactu

1988 1768 2176 1810 sacros
2201 1754 2462 1822 quosdam
2496 1754 2599 1809 sibi
2632 1752 2832 1809 odores
2867 1753 3206 1818 imbibisset,
3232 1760 3473 1822 'cumque
3504 1768 3567 1806 se

1987 1863 2052 1903 ac
2085 1848 2361 1902 dominam
2394 1848 2609 1918 ignibus
2629 1847 2898 1915 jacentem
2928 1857 3199 1903 servasset
3235 1846 3562 1902 incolumem

1990 1955 2055 1995 ac
2103 1941 2349 2005 illmsam,
2392 1939 2704 2011 huiusmodi
2749 1939 3056 2011 promeruit
3099 1939 3365 1995 adversus
3415 1940 3568 2011 ignes

1989 2034 2250 2104 potentia;
2299 2033 2737 2102 praerogativam,
2799 2042 2860 2087 ut
2922 2034 2990 2088 ad
3026 2033 3109 2088 sui
3150 2034 3406 2089 intuitum
3431 2037 3563 2089 ode.-

1987 2133 2212 2192 remque
2236 2122 2488 2177 incendia
2519 2123 2699 2177 omnia
2733 2124 3188 2190 contremiscam,
3221 2133 3387 2194 atque
3418 2125 3566 2181 illico

1988 2216 2293 2282 sopiantur,
2324 2214 2443 2268 sine
2476 2212 2639 2268 ullius
2671 2213 2915 2269 mortalis
2951 2212 3347 2270 internecione.

2058 2304 2148 2359 55.
2183 2302 2372 2358 Liceat
2409 2303 2574 2358 etiam
2605 2303 2694 2359 hic
2726 2303 3021 2360 Mosaicam
3050 2320 3234 2360 arcam
3273 2316 3401 2361 ante
3431 2322 3564 2363 ocu-

1987 2396 2070 2453 los
2098 2406 2308 2452 vestros
2356 2409 2683 2465 proponere,
2734 2410 2857 2466 quae
2888 2397 2988 2463 ubi
3046 2394 3298 2453 Jordanis
3353 2398 3565 2456 alveum

1990 2488 2339 2542 sacerdotum
2359 2487 2574 2543 invecta
2606 2488 2848 2543 humeris
2876 2489 3120 2555 intravit,
3154 2490 3565 2546 admirabunda:

1990 2587 2260 2633 steterunt
2312 2593 2486 2648 aquae,
2522 2588 2576 2633 et
2614 2581 2816 2634 utentis
2872 2580 3049 2636 instar
3103 2581 3561 2646 intumescebam,

1993 2686 2168 2740 neque
2202 2670 2267 2724 ad
2319 2685 2441 2725 eam
2477 2671 2754 2726 audebant
2801 2672 3085 2736 accedere,
3142 2688 3335 2740 nempe
3392 2674 3566 2728 divini

1987 2761 2241 2817 Numinis
2281 2763 2627 2832 praesentiam
2652 2771 2713 2818 et
2761 2764 3129 2833 maiestatem,
3172 2780 3236 2819 eo
3268 2781 3375 2835 quo
3408 2776 3565 2834 pote-

1990 2864 2116 2912 rant
2156 2856 2335 2921 moilo,
2391 2858 2657 2912 reveritaa.
2704 2857 3010 2924 Spectastis
3064 2859 3260 2911 Arcam
3301 2856 3563 2912 Jordauis

1990 2966 2159 3021 aquas
2187 2950 2540 3013 dividentem,
2576 2964 2878 3018 earumque
2909 2967 3099 3006 cursus
3135 2964 3504 3007 remorantem
3533 2953 3558 3005 ἓ

1991 3044 2187 3110 Quaeso
2218 3058 2380 3106 nunc,
2404 3042 2603 3098 mentis
2624 3044 2797 3098 oculis
2817 3045 3109 3113 perSpicite
3135 3042 3349 3100 ZEtuaea
3384 3047 3566 3102 incen-

309 3136 608 3200 dcsereret,
648 3136 701 3189 in
738 3134 886 3189 vivos
934 3136 1088 3204 ignes
1132 3142 1408 3205 testasque
1439 3136 1738 3190 candentes
1764 3135 1887 3204 inji-
1913 3159 1955 3217 ο
1992 3136 2103 3199 dia,
2155 3133 2309 3204 quasi
2363 3134 2658 3203 liquefacta
2706 3137 2919 3191 metalla
2962 3139 3224 3193 torrentis
3259 3140 3434 3193 instar
3468 3141 3566 3195 de-

307 3226 352 3279 ci
385 3241 543 3296 passa
571 3234 691 3292 est,
714 3236 769 3281 et
810 3241 930 3294 qua:
955 3242 1021 3281 ne
1057 3227 1216 3282 fidem
1247 3227 1517 3283 castitatis
1545 3227 1768 3281 Christo
1796 3241 1885 3281 se-

309 3316 414 3369 mel
463 3318 648 3371 datam
712 3316 1021 3387 frangeret,
1089 3321 1371 3375 mortalem
1424 3321 1592 3374 vitam
1657 3320 1891 3375 libenter

306 3406 483 3461 Voluit
536 3407 910 3474 profundere?
940 3410 1090 3474 Quod
1145 3411 1188 3464 si
1225 3412 1494 3480 Agatham
1533 3411 1710 3466 adlmc
1741 3426 1890 3465 mor-

308 3498 492 3560 talem,
527 3512 623 3565 pro
646 3496 867 3554 Christo
892 3500 1135 3553 (-nznburi
1166 3510 1537 3569 exoptantem,
1573 3501 1887 3575 carnificum

308 3590 558 3643 incendia
590 3591 861 3661 attingere
885 3607 989 3651 non
1020 3592 1316 3658 audebant,
1365 3594 1611 3663 nunquid
1643 3594 1887 3664 ejusdem

306 3683 574 3749 nolentis,
613 3700 735 3756 quae
765 3686 876 3750 jam
913 3699 1080 3754 prope
1110 3684 1388 3739 Christum
1427 3684 1634 3738 assistit
1667 3686 1890 3739 immor-

306 3777 517 3831 talitate
556 3777 781 3840 donata,
832 3776 1068 3845 patrium
1099 3776 1298 3841 solum,
1368 3777 1556 3831 urbem
1607 3778 1884 3845 civesque,

302 3883 526 3937 suaeque
562 3866 864 3923 nativitatis
895 3868 1184 3935 palatium,
1236 3884 1298 3923 ac
1338 3881 1691 3923 sacrosaneta
1742 3883 1885 3920 mar-

306 3959 443 4028 tyris
498 3970 848 4013 monumenta
908 3960 1180 4015 audebunt
1226 3960 1278 4014 hi
1349 3957 1676 4028 profluentes
1734 3948 1887 4027 ignes

301 4051 580 4105 obruere?
623 4050 848 4105 Minime
918 4051 1200 4106 enimvero
1273 4052 1362 4106 hic
1420 4051 1609 4122 igneus
1671 4058 1888 4104 torrens

297 4142 667 4197 Catanensem
688 4142 935 4198 tellurem
971 4144 1227 4213 attinget,
1278 4158 1396 4211 quae
1424 4144 1652 4213 virginis
1684 4142 1887 4196 recenti

303 4234 489 4287 adhuc
510 4249 707 4289 cruore
733 4250 1000 4303 respersa,
1032 4235 1263 4289 validius
1284 4236 1427 4305 apud
1463 4235 1627 4290 Deum
1661 4235 1884 4299 clamat,

300 4341 469 4395 quam
495 4328 680 4382 Abelis
703 4329 962 4397 sanguis:
992 4327 1223 4396 ideoque
1256 4329 1390 4381 nihil
1412 4328 1570 4382 nobis
1590 4328 1886 4395 desperau-

299 4418 435 4469 dum
467 4425 572 4482 est,
612 4419 924 4472 recentibus
952 4427 1056 4497 tam
1083 4418 1235 4472 bona:
1266 4418 1401 4473 civis
1430 4417 1655 4488 Agatho:
1681 4420 1889 4474 meritis

296 4509 799 4577 patrocinantibus.

378 4599 471 4654 52.
526 4599 651 4656 "me
708 4602 784 4655 illi
842 4602 1211 4673 colloquentes
1260 4603 1325 4658 ad
1378 4612 1581 4659 sanetae
1630 4604 1885 4675 martyris

297 4691 623 4760 sepulcrum
702 4691 1031 4746 festinantes
1076 4703 1394 4755 accurrunt,
1436 4709 1623 4763 preces
1660 4695 1889 4748 fundunt

298 4797 356 4838 et
396 4784 691 4855 lacrymas,
722 4785 921 4849 velum,
956 4787 1099 4856 quod
1132 4786 1392 4857 virginale
1424 4802 1621 4857 corpus
1655 4789 1887 4856 tegebat,

297 4878 631 4942 extrahunt,
658 4877 921 4933 bacilloin
940 4894 1121 4934 aerem
1145 4880 1413 4934 extollunt
1441 4898 1453 4933 :
1477 4880 1660 4947 itaque
1685 4881 1884 4934 armati

299 4970 649 5038 fidentesquc
671 4971 1052 5039 grassantibus
1072 4971 1342 5025 incendiis
1365 4972 1578 5025 obviam
1603 4972 1886 5041 prodeunt.

290 5060 500 5116 Mirum
537 5062 694 5115 visu:
745 5061 890 5115 illico
937 5063 1252 5132 praecipites
1289 5062 1360 5115 illi
1418 5071 1693 5117 torrentes
1719 5062 1883 5127 ignei,

291 5154 461 5223 quasi
516 5153 807 5222 przcsentis
853 5153 1095 5221 Virginis
1148 5156 1469 5223 potentiam,
1515 5171 1576 5208 ac
1634 5155 1888 5223 martyris

294 5240 647 5307 majestatem
698 5243 940 5307 reveriti,
977 5259 1199 5298 cursum
1238 5247 1459 5308 sistunt,
1527 5245 1730 5296 rabiem
1791 5261 1886 5312 pu-

300 5344 468 5401 nunt,
530 5334 769 5391 calorem
806 5336 1183 5408 exstinguunt.
1242 5337 1380 5404 Quid
1443 5337 1529 5392 hic
1600 5338 1884 5407 praedicem

370 5496 487 5569 (Ιὲ)
520 5494 745 5569 Egimus
782 5499 963 5569 dehis
998 5499 1259 5555 fratribus
1296 5500 1393 5557 ‘51.
1434 5458 1556 5555 Jan.
1581 5500 1665 5554 -ad
1706 5500 1882 5553 Vitam
1929 5476 1959 5487 Ἰ

280 5570 474 5625 sancti
502 5568 800 5640 Athanasii
827 5568 1198 5625 Methouensis
1247 5572 1481 5640 episcopi
1502 5571 1620 5633 αἳ,
1640 5587 1693 5625 n.
1713 5571 1765 5624 5.
1784 5570 1883 5624 Ubi

288 5658 318 5691 α
351 5638 825 5709 Ampbiuomusel
860 5642 1101 5707 Anapias
1143 5661 1161 5691 )
1198 5638 1561 5709 appellantur,
1594 5643 1682 5696 hic
1715 5660 1740 5693 a
1777 5641 1878 5693 Va-

274 5710 433 5766 lerio
465 5708 701 5780 Maximo
742 5711 1041 5779 «Anapus,»
1084 5715 1149 5764 ab
1180 5708 1300 5765 aliis
1338 5731 1355 5762 ‹
1380 5714 1620 5780 Auapius
1653 5722 1698 5763 el
1736 5715 1877 5764 Ana-

266 5780 402 5852 pia.
448 5797 466 5829 ι
509 5776 838 5849 Syracusani
877 5776 1023 5835 cives
1054 5799 1179 5837 suos
1209 5784 1373 5851 fuisse
1413 5776 1585 5847 aiunt,
1627 5800 1642 5831 ι
1676 5780 1871 5836 Emon-

582 5872 855 5935 PATROL.
904 5868 945 5936 (ἶ
961 5895 1019 5937 n.
1070 5877 1141 5938 C.

1994 3227 2291 3294 currentia,
2363 3239 2525 3297 atque
2578 3228 2739 3283 obvia
2797 3244 3048 3299 quaeque,
3105 3231 3267 3284 etiam
3326 3231 3568 3301 lapidem

1996 3331 2231 3383 montes,
2260 3319 2409 3374 velut
2442 3335 2625 3375 ceram
2656 3321 3009 3377 dissolventia
3041 3326 3312 3393 :quorum
3343 3327 3566 3380 ardores

1993 3426 2316 3480 cursusque,
2346 3426 2522 3480 neque
2570 3413 2817 3482 ingentes
2861 3412 3061 3480 fontes,
3109 3432 3286 3486 neque
3318 3417 3467 3472 ﬂuvii
3502 3435 3567 3473 ex

1991 3500 2301 3569 liquefactis
2371 3502 2588 3556 nivibus
2645 3516 3022 3570 occurrentes,
3068 3509 3419 3579 exsﬁuguere
3488 3514 3569 3563 vel

1994 3602 2145 3647 certe
2166 3592 2423 3662 mitigare
2447 3603 2763 3662 potuerunt.
2791 3595 2900 3650 Sed
2940 3597 3068 3667 quid
3100 3596 3283 3653 fontes
3313 3599 3569 3667 fluviique

1991 3684 2214 3736 valeant
2242 3681 2506 3736 adversus
2538 3692 2645 3737 tam
2677 3699 2929 3755 magnum
2958 3687 3175 3756 igneum
3225 3689 3567 3757 proﬂuviuttt,

1992 3791 2115 3828 cum
2148 3776 2276 3829 illud
2317 3776 2490 3845 ipsum
2520 3774 2727 3830 Ionium
2776 3794 2927 3833 mare
2956 3795 3084 3834 suas
3120 3786 3362 3836 comburi
3395 3801 3567 3847 aquas

1992 3867 2094 3920 olei
2135 3867 2308 3920 instar
2354 3867 2663 3935 pertulerit,
2706 3869 2934 3938 ideoque
2985 3872 3125 3925 intra
3164 3874 3414 3945 humidus
3444 3894 3571 3945 pro-

1994 3959 2297 4027 fundosque
2323 3960 2480 4014 sinus
2501 3975 2628 4014 suos
2647 3959 2824 4014 locum
2848 3961 2923 4014 illi
2956 3964 3240 4028 concedat,
3268 3982 3330 4019 ae
3358 3967 3569 4035 fugiens

1992 4053 2216 4122 antiqua
2278 4052 2462 4106 littora
2513 4064 2747 4118 mutare,
2802 4053 3070 4123 longeque
3126 4071 3184 4111 se
3241 4060 3569 4113 contrahere
3636 4082 3648 4123 ί

1992 4141 2345 4209 oportuerit?
2397 4141 2530 4195 Cum
2591 4142 2754 4211 igitur
2817 4144 2952 4198 nihil
3008 4145 3104 4199 alti
3145 4146 3566 4202 durissimorum
3634 4141 3642 4215 ξ

1991 4231 2229 4301 lapidum
2295 4240 2525 4296 montes,
2579 4246 2851 4302 rupesque
2906 4234 3176 4305 ingentes,
3224 4235 3354 4290 nihil
3401 4238 3567 4291 etiam

3636 4116 3646 4149 θ

1992 4323 2273 4377 inimicum
2310 4324 2475 4377 maris
2506 4323 2859 4387 elementum,
2915 4336 3103 4380 contra
3143 4328 3297 4396 ignes
3325 4328 3568 4383 Atlnucos
3640 4379 3645 4384 .

1993 4416 2179 4471 conari
2213 4426 2457 4482 possent,
2493 4420 2723 4487 ejusque
2774 4420 2918 4473 vires
2947 4419 3264 4485 retundere;
3313 4422 3565 4492 exiguum
3644 4418 3681 4471 “.

1920 4515 1963 4570 D
1993 4525 2128 4565 sane
2154 4510 2379 4581 virginis
2420 4509 2643 4580 Agatbae
2670 4511 2912 4566 velamen
2945 4528 2972 4566 a
3005 4514 3214 4569 civibus
3249 4517 3363 4571 suis
3392 4517 3445 4571 in
3484 4533 3577 4573 su-

1994 4603 2161 4657 blime
2195 4604 2423 4666 elatum,
2462 4604 2753 4673 ventisque
2778 4607 3087 4675 expositum
3122 4607 3342 4672 (mirum
3376 4609 3571 4681 dictu),

1997 4694 2246 4761 protinus
2274 4703 2325 4744 et
2377 4693 2625 4746 incendia
2661 4693 2929 4749 exstinxit
2959 4704 3012 4748 et
3043 4697 3293 4763 rapidum
3351 4715 3571 4753 cursum

2004 4786 2281 4855 repressit.
2309 4784 2364 4837 lu
2397 4785 2552 4853 cujus
2579 4785 2825 4853 praeclari
2873 4785 3139 4844 facinoris
3167 4802 3579 4845 monumentum

2000 4877 2286 4932 fueculeuta
2329 4876 2417 4928 illa
2469 4876 2717 4930 incendia
2756 4880 2809 4930 in
2847 4880 3047 4935 arduos
3096 4878 3310 4936 montes
3348 4884 3578 4937 horren-

2002 4972 2131 5023 linm
2188 4984 2472 5035 saxorum,
2553 4979 2985 5041 exustarnmque
3017 4972 3228 5041 rupium
3287 4987 3576 5036 conversa,

1996 5074 2095 5128 pro
2155 5070 2362 5113 aeterno
2436 5059 2722 5130 virginalis
2781 5062 3024 5115 victoria:
3096 5061 3338 5131 trophaeo
3393 5075 3580 5116 erecta

1997 5151 2328 5214 subsistunt,
2389 5154 2851 5220 comprobantque
2907 5153 3113 5206 oraculi
3163 5154 3451 5207 veritatem
3500 5155 3567 5207 de

1996 5243 2186 5311 patria:
2240 5241 2579 5305 liberatione,
2634 5243 2701 5296 de
2756 5245 2894 5316 curio
2952 5260 3048 5310 per
3109 5246 3330 5314 angelos
3381 5245 3569 5299 delati.

1995 5332 2165 5398 Quam
2207 5333 2371 5386 etiam
2412 5334 2480 5386 ob
2509 5348 2729 5386 causam
2758 5335 2998 5387 velamen
3054 5333 3183 5388 illud
3237 5337 3391 5405 quasi
3425 5337 3572 5406 Aga—

1996 5500 2126 5553 tiam
2167 5509 2222 5552 et
2260 5498 2538 5554 Critonem
2579 5518 2597 5550 ι
2636 5498 2964 5556 nominatos.
3014 5500 3119 5555 Se’d
3180 5502 3233 5555 in
3286 5502 3583 5558 Catanensi

1995 5570 2245 5624 districta
2279 5579 2430 5639 gesta
2463 5585 2551 5624 res
2584 5580 2679 5624 est.

2059 5641 2170 5709 (15)
2203 5641 2400 5695 Strabo
2430 5642 2465 5695 Ι.
2496 5642 2549 5693 6.
2592 5660 2610 5693 ‹
2645 5641 2848 5695 llorum
2880 5644 3197 5696 memorimi
3234 5646 3306 5699 ita
3348 5646 3586 5711 posteri-

1991 5722 2071 5774 tas
2138 5720 2418 5767 inuncrata
2470 5722 2575 5774 est,
2612 5722 2667 5767 ut
2719 5713 2953 5782 sepulcri
3005 5716 3156 5769 locus
3200 5717 3586 5770 nominaretur

1989 5782 2027 5835 C
2053 5800 2216 5848 tmpus
2244 5783 2476 5849 piorum.
2528 5799 2545 5831 ι

3186 5879 3258 5947 hi
