3938 6168
437 316 568 382 19.91

1457 313 1516 372 S.
1555 310 1934 373 METHODII
1972 311 2480 374 ΡΑΤΒΙΛΒΕΗᾹΞ
2515 314 2622 374 CP.

3575 313 3699 377 123?

438 433 546 486 thas
579 427 834 484 vexillum
857 427 926 484 de
957 428 1082 499 igne
1111 425 1508 497 triumphantis
1531 425 1656 480 Ιωιο
1693 425 2014 496 populorum
2048 433 2088 487 Α
2122 427 2322 480 ibidem
2353 424 2690 480 oti‘ercmtum
2742 401 3014 489 curasset,
3070 437 3310 492 suasque
3343 439 3539 492 preces
3579 445 3699 484 cum

438 521 632 594 plausu
673 520 1099 584 circumfusum,
1161 519 1216 574 in
1257 533 1464 582 arcam,
1521 519 1707 586 inqua
1747 519 1853 571 dux
1901 519 2014 586 ipsa

436 615 678 670 victoriae
703 613 1039 684 quiescebat,
1091 611 1356 666 inclusum
1406 610 1528 676 luit,
1569 621 1627 664 ut
1669 609 1860 678 majori
1893 626 2016 665 cum

439 704 787 760 veneratione
841 719 906 760 ac
945 705 1149 774 pietate
1186 706 1238 757 in
1286 703 1536 759 adversis
1586 691 1778 772 patriae
1857 705 2018 758 rebus

439 805 718 852 servaretu
728 812 772 852 Γ.

511 886 603 942 54.
640 887 684 942 0
729 887 960 952 centies,
1013 895 1068 941 et
1125 885 1326 941 millies
1388 899 1514 940 vere
1559 887 1699 942 bona
1756 886 1928 955 virgo,
1963 894 2016 940 et

437 979 671 1048 martyri
734 977 914 1041 bona,
965 977 1213 1047 inquam,
1250 977 1345 1031 tibi
1373 993 1438 1032 ac
1481 994 1680 1046 sponso
1716 988 1809 1033 tuo
1863 977 2020 1033 Chri-

439 1079 561 1136 sto;
595 1071 734 1124 bona
775 1071 938 1124 etiam
972 1069 1182 1139 patria),
1221 1069 1437 1139 tuisque
1467 1071 1698 1138 civibus,
1729 1087 1866 1140 quos
1903 1081 2012 1125 tam

441 1159 680 1214 evidenti
738 1159 1002 1216 miraculo
1044 1161 1342 1214 incolumes
1379 1162 1656 1216 servasti!
1723 1162 1861 1217 Vere
1912 1177 2017 1216 nou

439 1257 522 1303 est
555 1249 660 1303 alia
697 1251 911 1316 civitas,
960 1267 1082 1322 quae
1113 1261 1335 1322 experta
1368 1253 1440 1308 sit
1464 1262 1680 1308 sanctos
1720 1253 1868 1308 cives
1893 1269 2020 1309 suos

452 1342 521 1393 ita
556 1341 661 1396 sibi
695 1343 984 1412 propitios,
1023 1345 1166 1399 sicut
1196 1346 1464 1414 Agatham
1502 1345 1648 1414 regio
1671 1343 2016 1400 Catanensis.

449 1430 637 1500 Neque
668 1447 796 1488 vero
835 1444 943 1489 tam
972 1434 1111 1489 bona
1139 1435 1296 1506 virgo
1331 1451 1461 1507 erga
1491 1452 1622 1493 suos
1653 1446 1863 1492 tantum
1893 1452 2020 1506 pro-

443 1537 664 1591 pensum
699 1525 890 1579 habuit
923 1526 1281 1592 voluntatem,
1321 1529 1414 1583 sed
1460 1529 1515 1582 in
1557 1538 1814 1584 externos
1851 1529 2020 1584 etiam

439 1627 535 1665 sua
565 1613 826 1668 beneﬁcia
855 1615 1032 1686 plenis
1055 1619 1314 1674 manibus
1340 1617 1576 1675 diﬂ'udit.
1606 1619 1850 1686 Quorum
1875 1619 2020 1676 fatua

439 1719 682 1774 permota
731 1707 894 1764 Lucia
935 1709 1070 1779 (14),
1121 1713 1277 1780 virgo
1327 1712 1469 1766 inter
1519 1709 1895 1783 Syracusauas
1928 1727 2024 1767 no-

2121 519 2374 588 lactymis
2419 514 2754 580 miscuisset,
2815 513 3040 585 Agatbm
3089 516 3400 585 sepulcrum
3461 532 3704 590 comple-

2119 615 2340 673 ctendo.
2377 613 2572 680 pieque
2597 611 2992 675 exosculaudo,
3039 612 3090 666 in
3124 611 3296 668 levem
3333 629 3590 670 somnum
3625 618 3705 670 ix;-

2120 704 2271 758 cidit.
2323 703 2502 772 Atque
2537 703 2640 758 sibi
2673 704 2859 757 videre
2895 705 3010 758 visa
3045 714 3132 758 est
3183 705 3396 759 beatam
3433 707 3703 777 Agatham

2123 794 2175 847 in
2203 795 2342 848 cmlo
2376 795 2880 868 interaugelorum
2913 810 2977 849 ac
3019 796 3295 865 virginum
3328 799 3532 852 choros
3563 800 3708 856 clare

2120 888 2443 956 fulgentem,
2477 890 2656 956 specie
2701 900 2867 956 super
2899 902 3092 942 omnes
3132 889 3472 958 augustiore,
3507 893 3707 944 verba-

2120 995 2225 1049 que
2293 979 2410 1033 haec
2458 979 2561 1032 sibi
2617 989 2956 1046 promentem
3020 980 3208 1034 audire
3249 978 3459 1034 :Lucia
3533 983 3705 1052 virgo,

2122 1071 2280 1138 cujus
2328 1073 2616 1138 integritas
2653 1085 2737 1124 me
2767 1071 2988 1136 invitat,
3037 1081 3093 1123 ut
3131 1081 3183 1126 te
3235 1089 3482 1129 sororem
3519 1077 3681 1145 appel

2125 1163 2250 1228 lem,
2289 1164 2434 1232 .quid
2481 1177 2579 1232 per
2630 1177 2717 1217 me
2753 1179 2780 1216 a
2836 1162 3078 1226 Christo,
3125 1165 3417 1235 utriusque
3458 1178 3707 1220 nostrum

2122 1269 2361 1324 sponso,
2408 1255 2770 1308 valetudinem
2824 1255 2987 1309 matri
3031 1264 3135 1309 tute
3181 1257 3539 1326 deprecaris?
3569 1257 3708 1312 Tute

2123 1348 2241 1418 ipsa
2279 1359 2500 1417 propter
2526 1348 2856 1419 virginitatis
2891 1357 2993 1402 tua:
3019 1348 3206 1402 liorem
3251 1349 3524 1404 illibatum
3561 1351 3708 1403 illam

2124 1440 2454 1508 impetrasti,
2481 1451 2536 1496 et
2568 1455 2696 1495 ecce
2722 1441 2835 1510 jam
2873 1441 3180 1496 convaluit.
3220 1440 3326 1495 Sed
3376 1453 3432 1494 et
3458 1459 3581 1512 qua:
3615 1442 3708 1496 tibi

2122 1539 2358 1585 venLura
2386 1530 2517 1594 sint,
2541 1531 2804 1592 enuntio;
2831 1545 2954 1584 nam
2985 1539 3110 1599 post
3145 1531 3392 1602 martyrii
3424 1547 3708 1598 coronam,

2123 1637 2288 1692 quam
2327 1623 2480 1678 brevi
2507 1624 2724 1689 indnes,
2760 1623 2967 1678 Christi
3004 1639 3203 1693 sponsa
3249 1639 3463 1678 mecum
3499 1623 3554 1678 in
3596 1639 3710 1679 cae-

2125 1714 2314 1768 lestem
2347 1713 2642 1770 thalamum
2699 1715 3060 1784 ingrediaris;
3100 1723 3155 1769 et
3187 1715 3332 1770 sient
3363 1729 3458 1784 per
3493 1730 3582 1770 me
3614 1715 3710 1770 (Za-

443 1797 708 1852 bilissima
735 1839 750 1864 ,
804 1799 1088 1872 Eutycbize
1143 1804 1356 1874 parenti
1415 1804 1709 1874 sanguinis
1780 1803 2020 1860 (lusione
2057 1837 2096 1891 Β
2126 1809 2436 1863 tanensium
2488 1808 2682 1864 civitas
2736 1809 3044 1864 illustratur
3075 1825 3104 1862 a
3145 1808 3388 1872 Christo,
3423 1809 3496 1862 ita
3538 1824 3634 1878 per
3661 1819 3711 1860 te

443 1890 708 1946 laboranti
729 1894 1026 1962 persuasit,
1052 1905 1114 1949 ut
1143 1895 1409 1950 Catanam
1435 1897 1502 1950 ad
1544 1902 1753 1951 sancta:
1794 1897 2024 1966 virginis

445 1983 671 2054 Agatlue
719 1987 978 2056 templum
1029 1989 1454 2058 sepulcrumque
1512 1990 1674 2044 simul
1713 1999 2018 2060 pergerent.

440 2071 685 2143 Cumque
707 2075 821 2146 jam
851 2077 940 2132 illa
968 2079 1314 2135 incruentum
1350 2081 1682 2137 sacriﬁcium
1708 2096 1806 2152 pro
1842 2093 2016 2139 matre

523 2251 631 2320 (In
666 2250 742 2306 De
793 2263 982 2330 sancta
1030 2255 1214 2330 Lu_ci_a_
1245 2259 1542 2330 matrisque
1577 2259 1698 2330 ejus
1731 2263 2016 2317 curatione

445 2335 687 2389 agemus,
711 2333 766 2377 et
793 2324 1026 2393 plenius,
1059 2327 1125 2380 ad
1149 2327 1216 2380 15
1249 2324 1500 2383 Decemb.
1526 2324 1635 2399 quo
1663 2331 1882 2385 colitur.

2129 1898 2472 1970 Syracusana
2522 1911 2842 1957 exornatur.
2909 1901 3088 1972 Atque
3137 1902 3256 1956 haec
3311 1901 3490 1956 locuta
3545 1903 3712 1956 subli-

2131 1993 2234 2046 mis
2263 1993 2418 2058 abiit,
2476 2003 2534 2048 et
2575 1993 2738 2049 Lucia
2777 1995 3157 2066 expergefacta
3207 2005 3489 2065 parentem
3523 2009 3711 2049 sanam

2130 2087 2336 2154 reperit
2361 2085 2498 2156 (15).

2198 2263 2312 2337 (15)
2363 2263 2626 2337 Videntur
2663 2267 2842 2320 adhuc
2885 2265 3063 2337 aliqua
3104 2265 3311 2321 deesse.
3341 2265 3530 2337 Neque
3563 2267 3712 2322 inim

2133 2333 2204 2388 ita
2242 2333 2472 2406 abrupte
2500 2335 2754 2392 desinere
2776 2336 2954 2406 potuit
2976 2333 3161 2392 tantus
3183 2345 3388 2391 orator.

801 2719 810 2744 '
1250 2699 1884 2814 EJUSDEM
1976 2703 2094 2816 S.
2193 2707 2908 2821 METHODII

597 2917 636 2935 ”
704 2933 1440 3026 MARTYBIUM
1534 2939 1884 3029 BEATI
1969 2941 2528 3034 DIONYSII
2608 2943 3451 3038 AREOPAGlT/E.

449 3132 586 3200 (Hoc
609 3128 920 3195 opusculum
947 3129 1084 3199 leges
1115 3129 1168 3182 in
1190 3131 1482 3198 appendice
1509 3128 1579 3184 ad
1612 3095 1790 3202 Opera
1820 3127 1880 3188 S.
1903 3131 2143 3204 Dionysii
2175 3133 2530 3206 Areopagitae,
2553 3136 2713 3208 hujus
2738 3136 3086 3209 Patrologiae,
3113 3147 3152 3194 t.
3184 3137 3275 3205 1V,
3304 3139 3408 3194 col.
3437 3140 3546 3199 669
3574 3147 3717 3216 68L.)

447 3325 2684 3350 *Μ

1095 3489 1632 3579 EJUSDEM

3530 3340 3702 3360 ..-

1739 3490 2352 3584 METHODII
2435 3495 3055 3590 EPISTOLA.

1496 3681 1645 3747 (Anc.
1678 3683 1793 3742 ΜΑι,
1819 3681 1947 3734 Bibl.
1978 3695 2085 3735 nov.
2123 3691 2157 3734 t.
2185 3684 2242 3743 ν,
2273 3699 2320 3747 ρ.
2364 3685 2469 3748 1H,
2502 3687 2635 3749 267.)

455 3838 637 3893 Sancti
667 3835 919 3892 Methodii
949 3834 1268 3904 patriarcha:
1312 3832 1880 3904 Constantinopolitani
1917 3832 2023 3904 epi-

2143 3831 2250 3885 Τυῦ
2279 3832 2461 3904 κὰγ-ἴου
2503 3832 2798 3904 Μεθοδιόυ
2837 3835 3205 3903 πατριάρχου
3236 3841 3717 3900 Κῶν-’σταντινου-

521 3909 658 3962 stola
697 3910 858 3961 missa
909 3902 978 3960 ait
1026 3902 1513 3976 Hierosolymorum
1555 3902 1915 3973 patriam/ram
1968 3903 2032 3955 de

519 3978 842 4047 depositione
870 3986 1231 4045 apostatarum
1260 3976 1619 4030 sacerdotum.

521 4183 813 4240 Extensam
853 4198 882 4237 a
913 4191 1002 4236 tua
1048 4177 1345 4236 venerabili
1379 4175 1714 4232 sublimitate
1755 4173 2029 4228 sermonis

452 4292 694 4343 manum,
727 4275 882 4330 nobis
934 4286 1030 4342 per
1076 4269 1547 4340 religiosissimum
1594 4265 1818 4320 fratrem
1853 4264 2030 4318 Silva-

363 4401 369 4406 -
450 4385 604 4434 num,
643 4367 1018 4438 presbyterum
1057 4377 1122 4418 ac
1155 4361 1506 4426 monachum,
1545 4358 1884 4426 superiorum
1915 4369 2032 4408 om-

453 4467 601 4520 nium
638 4475 811 4528 usque
856 4457 924 4512 ad
961 4469 1059 4511 nos
1095 4452 1448 4524 synodorum,
1497 4459 1709 4521 gratam
1742 4447 2029 4502 admodum

451 4566 508 4608 et
535 4552 892 4606 orthodoxam
931 4545 1165 4602 delatam
1219 4543 1532 4613 accepimus
1586 4560 1600 4595 :
1649 4550 2028 4617 vestramque,

450 4648 516 4700 de
550 4659 658 4715 qua
692 4640 1021 4697 admonitam
1055 4633 1321 4693 voluimus
1352 4635 1654 4691 fraternam
1691 4641 1838 4687 tuam
1868 4633 2032 4702 pieta-

455 4749 584 4802 tem,
620 4743 766 4789 rectc
792 4741 846 4788 et
884 4729 1340 4787 indeclinabiliter
1383 4727 1632 4781 libratam
1667 4725 2028 4789 sententiam,

453 4827 684 4880 libenter
711 4820 1112 4884 intelleximus;
1149 4831 1344 4887 nempe
1389 4815 1534 4885 quod
1572 4813 1664 4867 Dei
1697 4812 1902 4866 auxilio
1947 4810 2028 4867 usi

453 4918 718 4973 fuerimus
743 4914 813 4970 ad
839 4910 1282 4983 consequendam
1315 4924 1500 4963 veram
1533 4923 1654 4978 quae
1678 4906 1873 4976 obtigit
1899 4920 2030 4959 con-

449 5009 692 5064 cordiam
727 5017 1009 5074 nostram;
1047 5002 1501 5074 quemadmodum
1541 5000 1749 5056 scilicet
1785 5012 1884 5053 nos
1916 5011 2030 5050 am-

449 5104 592 5172 bigui
647 5117 746 5156 vos
795 5101 1294 5169 interrogavimus,
1333 5094 1602 5166 plenoque
1654 5105 1882 5147 assensu
1936 5104 2031 5144 vos

451 5191 809 5264 respondistis
857 5211 870 5246 :

448 5285 778 5357 Nicephoro,
804 5284 980 5340 beatis
1012 5294 1067 5339 et
1093 5281 1417 5338 orthodoxis
1451 5278 1704 5334 Patribus
1736 5276 2028 5331 fratribus-

446 5395 553 5450 que
597 5377 797 5433 nostris
847 5375 1264 5443 sacerdotibus,
1311 5383 1498 5446 postea
1545 5388 1573 5426 a
1621 5371 1846 5425 veritate
1884 5369 2032 5424 deci-

446 5472 600 5534 duos,
651 5480 707 5526 et
748 5481 894 5525 recta
940 5470 1026 5524 via
1061 5475 1404 5532 exerrautes,
1441 5465 1488 5520 si
1526 5465 1561 5518 ii
1593 5479 1659 5518 ex
1693 5471 1807 5517 tota
1848 5463 2028 5516 anima

445 5577 538 5618 eos
573 5561 906 5632 pmnituerit,
939 5570 993 5616 et
1027 5558 1544 5616 inconsiderantiam
1608 5545 1758 5611 suam
1804 5554 2030 5607 (tauma-

445 5653 648 5718 verint,
673 5653 906 5722 vitaeque
935 5651 1237 5708 mutatione
1261 5650 1479 5722 dignam
1511 5646 1888 5720 paenitentiam
1919 5653 2026 5698 tota

444 5753 626 5802 mente
686 5755 992 5806 susceptam
1046 5744 1578 5810 demonstraverint,
1639 5749 1694 5796 et
1749 5738 2024 5794 huerescou

2206 3903 2440 3976 πόλεως
2489 3903 2785 3976 eurotam
2838 3907 3178 3974 πεμφθεῖσα
3243 3912 3394 3976 modo
3451 3913 3558 3966 τὸν
3608 3930 3720 3966 πα-

2206 3971 2494 4049 ῖριάρχην
2551 3971 3018 4049 Ἰεροσολύμςυίλ,
3068 3977 3169 4030 ἐπὶ
3214 3971 3558 4049 neutram
3603 3985 3719 4038 τῶν

2205 4041 2762 4108 ἀποστατησάντων
2795 4041 3016 4114 ἱερέων.

2205 4175 2316 4245 Τὴν
2367 4175 2691 4230 ὲκταΟεῖσαν
2745 4179 2846 4249 τῆς
2894 4181 3082 4250 τιμίας
3136 4183 3573 4254 κορυφαιότητός
3627 4203 3720 4240 σου

2133 4266 2228 4318 τοῦ
2262 4264 2422 4334 λόγου
2468 4268 2626 4338 χεῖρα
2671 4269 2833 4340 ἡμῖν,
2871 4271 2962 4324 διὰ
3000 4271 3093 4324 τοῦ
3125 4272 3525 4330 εὐλαϐεστάτου
3564 4279 3721 4332 ἁδελ-

2136 4355 2238 4423 φοῦ
2303 4356 2624 4423 Σιλουανοῦ,
2683 4361 2778 4414 καὶ
2837 4361 3222 4434 πρεσϐυτέρου
3284 4367 3379 4418 καὶ
3444 4368 3719 4439 μοναχοῦ,

2137 4448 2324 4501 πασῶν
2359 4449 2464 4506 τῶν
2505 4451 2772 4505 ἀνέκαθεν
2812 4452 3006 4524 μέχρις
3038 4455 3195 4526 ἡμῶν
3231 4457 3485 4526 συνόδων,
3517 4460 3721 4514 εὐαπὸ-

2133 4541 2322 4596 δεκτον
2360 4544 2453 4596 καὶ
2483 4542 2736 4615 ῑθῦτομον
2775 4547 3111 4616 ἀπαγγέλλει
3149 4548 3426 4618 φέρουσαν
3447 4569 3460 4582 ·
3495 4554 3592 4606 καὶ
3624 4554 3721 4624 τὴν

2136 4637 2256 4688 καθ’
2284 4637 2432 4708 ἡμᾶς
2467 4637 2632 4691 αὐτοῦ
2665 4639 2794 4709 παρ’
2825 4635 2892 4710 ἦς
2919 4642 3258 4711 κεκινήμεθα
3280 4643 3600 4713 ὑπομνῆσαι
3623 4647 3722 4718 τὴν

2135 4727 2410 4800 ὑμετέραν
2441 4730 2740 4802 ἀδελφικὴν
2763 4731 3077 4786 θεοσέϐειαν
3099 4773 3113 4797 ,
3157 4732 3332 4805 ὀρθῶς
3371 4737 3468 4789 καὶ
3502 4739 3722 4810 ἀπροσ-

2134 4820 2331 4884 κλινῶς
2390 4823 2676 4894 κριθεῖσαν
2721 4823 3109 4894 ἀπεδεξάμεθα
3167 4827 3262 4879 καὶ
3306 4828 3722 4900 ἠγαπήσαμεν·

2133 4910 2208 4974 ὡς
2242 4911 2392 4982 παρὰ
2423 4915 2629 4984 Κυρίου
2655 4915 3104 4981 εἰσακουσθέντες
3135 4919 3192 4970 ἐν
3223 4921 3288 4989 τῇ
3320 4919 3598 4993 συμπνοίᾳ
3627 4923 3726 4993 τῆς

2132 5003 2369 5074 ἀληθοῦς
2399 5004 2530 5074 ἡμῖν
2565 5008 2944 5079 γεγενημένης
2973 5009 3229 5078 ὁμονοίας
3251 5027 3264 5042 ·
3301 5011 3494 5065 καθότι
3522 5014 3626 5067 οὐκ
3657 5011 3725 5084 ἦν

2133 5093 2338 5165 ἑτέρως
2371 5095 2493 5148 οὐδὲ
2527 5097 2786 5167 ἠλπίζετο
2821 5097 2997 5163 ἄλλως
3027 5101 3214 5172 φέρειν
3247 5101 3339 5155 καὶ
3376 5101 3542 5173 ἔχειν,
3583 5105 3616 5176 ἦ
3651 5107 3726 5169 ὡς

913 5190 1196 5254 videlicet,
1248 5187 1574 5244 constitutos
1625 5201 1652 5239 a
1702 5183 1932 5238 Tarasio
1981 5192 2023 5236 el

2137 5186 2300 5256 ἡμεῖς
2342 5202 2405 5238 τε
2460 5189 2920 5258 περιτρεπόμενοι
2973 5190 3120 5258 ὑμᾶς
3165 5191 3576 5260 ἠρωτήσαμεν,
3632 5196 3727 5246 καὶ

2138 5278 2513 5348 συντιθέμενοι
2541 5279 2700 5348 ὑμεῖς
2725 5280 3097 5349 ἀπεκρίνασθε
3119 5297 3134 5312 ⁸
3162 5280 3400 5352 λέγομεν
3421 5282 3488 5353 δὴ
3514 5283 3579 5335 τὸ
3600 5285 3726 5347 τοὺς

2141 5369 2240 5439 μὲν
2299 5369 2408 5422 ἀπὸ
2464 5369 2742 5440 Ταρασίου
2802 5373 2892 5424 καὶ
2923 5371 3238 5442 Νικηφόρον
3284 5371 3396 5424 τῶν
3435 5373 3725 5444 μακαρίων

2139 5461 2232 5514 καὶ
2273 5459 2570 5531 apscedam
2604 5463 2861 5533 Πατέρων
2906 5465 3000 5516 καὶ
3048 5463 3292 5533 ἀδελφῶν
3328 5463 3522 5534 ἡμῶν,
3559 5467 3728 5536 ἱερεῖς

2137 5552 2596 5623 καθισταμένους,
2630 5554 3086 5624 παρασφαλέντας
3108 5555 3167 5608 δὲ
3194 5553 3294 5624 τῆς
3317 5553 3604 5625 ἀληθείας,
3633 5555 3728 5608 καὶ

2136 5645 2509 5716 (binim-1:611;
2545 5646 2652 5697 ἀπὸ
2685 5648 2784 5717 τῆς
2815 5647 3034 5712 εὐθείας
3070 5647 3191 5700 ὁδοῦ
3229 5647 3513 5718 ὁλοψύχως
3563 5663 3728 5719 μετα-

2137 5739 2461 5808 vm’qnvtag,
2504 5737 2594 5789 καὶ
2642 5741 2737 5808 τῆς
2783 5739 3040 5804 ἀϐουλίας
3086 5739 3314 5805 ἑαυτοὺς
3359 5756 3726 5812 καταμεμφο-
