3950 6166
273 425 409 490 1293

1343 406 1706 474 EPISTOLA
1739 400 2038 464 CONTRA
2070 394 2461 461 STUDITAS.

3392 389 3527 457 129i

273 537 470 611 μένους
495 575 509 600 ,
543 536 611 605 τῇ
643 532 700 586 δὲ
730 529 1071 602 μεταμελείᾳ
1107 526 1206 596 τὴν
1237 524 1395 589 ἀξίαν
1433 522 1741 611 μετάνοιαν
1765 512 1860 611 oin
1892 532 1903 568 Α

1970 518 2235 575 auctores,
2264 522 2387 561 cum
2418 507 2610 561 horum
2644 502 3005 558 abominanda
3038 503 3328 558 caeonloxia
3367 508 3537 559 abue-

270 609 466 700 γνώμῃ
497 616 964 695 ἐνδεικνυμένους,
996 619 1242 681 καὶτοὺς
1268 616 1374 670 τῶν
1402 615 1667 685 αἱρέσεων
1699 609 1858 679 ἐξάρ-

270 738 399 794 χους
424 720 490 790 τῇ
540 717 695 789 βδελυ
706 717 773 787 ρᾷ
802 713 1008 769 τούτων
1037 708 1332 781 κακοδοξίᾳ
1356 702 1858 776 ἀποπεμπομένους

268 813 362 866 καὶ
412 809 953 879 ἀναθεματίζοντας,
1007 805 1137 869 τοὺς
1188 803 1291 873 τῆς
1356 799 1643 862 εὐσεϐείας
1701 797 1860 866 ὅρους

269 900 672 973 ὁμολογοῦντας
703 897 989 968 ἐμμένειν,
1023 897 1118 950 καὶ
1146 895 1248 966 τὴν
1282 890 1592 965 ὀρθοδοξίαν
1619 886 1860 942 ἁναϐοω-

275 995 496 1063 μένους,
535 991 609 1052 ὡς
662 988 962 1059 φυλάξαιεν
1008 987 1173 1058 μέχρι
1227 984 1458 1039 Θανάτου
1491 983 1571 1043 εἰς
1618 978 1686 1031 τὰ
1732 976 1861 1045 ἑξῆς

270 1086 510 1157 ταύτην,
546 1084 640 1136 καὶ
689 1080 1055 1154 ύπερθάνοιεν
1097 1078 1177 1140 είς
1211 1076 1291 1129 ἔτι
1320 1074 1421 1143 τῆς
1452 1069 1748 1142 ἀληθείας,
1781 1068 1861 1130 εἰς

272 1177 540 1247 καύχημα
568 1175 750 1237 αὐτοῖς
771 1213 785 1237 ,
816 1174 911 1227 καί
932 1173 1010 1235 είς
1028 1165 1515 1242 ήμέρανΧριστοῦ,
1534 1162 1670 1235 πρὸς
1681 1161 1740 1215 τὸ
1772 1159 1863 1230 ζῆ.

276 1287 365 1322 σαι
382 1270 495 1338 ἁμη
506 1267 679 1338 ρύτως
702 1265 800 1318 καὶ
819 1264 1208 1331 ἀτελευτήτως,
1232 1261 1456 1323 τούτους
1482 1256 1858 1323 ἀποδέξασθαι,

275 1359 374 1411 καὶ
419 1360 502 1419 εἰς
555 1358 681 1417 τοὺς
726 1354 960 1414 οἰκείους
996 1351 1238 1421 βαθμοὺς
1267 1349 1597 1418 ἐπανάγειν,
1646 1347 1741 1400 καὶ
1787 1346 1864 1409 ὡς

275 1448 458 1499 οἰκεῖα
492 1443 628 1514 μέλη
655 1445 724 1512 τῇ
759 1442 865 1512 ἰδίᾳ.
899 1440 1141 1512 ἁρμονίᾳ
1174 1437 1452 1503 συντάξαι,
1492 1438 1587 1490 καὶ
1623 1435 1863 1506 συγκλη-

280 1535 564 1608 ρὼσασθαι
611 1538 725 1599 τοῖς
768 1552 829 1587 τε
877 1534 1058 1597 ἄλλοις
1099 1533 1274 1587 ἆπασι
1323 1532 1462 1602 μετὰ
1491 1531 1652 1584 τοῦτο
1692 1531 1767 1593 ὡς
1807 1532 1865 1582 ἐν

279 1630 510 1700 δευτέρᾳ
561 1628 746 1691 τάξει,
782 1628 829 1679 εί
862 1625 1180 1696 συνορῶμεν
1231 1624 1395 1678 πάλιν
1426 1625 1545 1678 καθ’
1579 1624 1638 1676 ὃν
1674 1624 1739 1678 ἂν
1773 1625 1866 1676 καὶ

280 1721 385 1773 δέοι
427 1720 614 1790 τρόπῳ
643 1718 993 1789 χρήσασθαι·
1038 1718 1169 1789 ἄτερ
1204 1717 1362 1788 μόνον
1399 1716 1497 1771 τοῦ
1529 1718 1862 1780 τελευταίου,

279 1813 561 1864 τουτέστιν
588 1811 817 1881 ἐσχάτου
845 1810 939 1864 καὶ
961 1808 1179 1878 πρώτου
1205 1810 1458 1879 ἐχθίστου
1485 1809 1585 1879 τῆς
1608 1808 1866 1879 ἀληθείας

294 1903 570 1967 Ἰωάννου,
607 1902 731 1971 μηδ’
773 1901 909 1964 ὅλως
943 1902 1163 1954 πώποτε
1207 1892 1471 1968 φανέντος
1503 1898 1861 1971 Χριστιανοῦ,

282 1994 375 2044 καὶ
404 1993 612 2064 κλήρου
653 1992 809 2060 λόγον
837 1993 936 2045 οὐκ
974 1992 1274 2064 ἐσχηκότος
1307 1992 1418 2045 οὐδ’
1450 1992 1865 2056 ἐπεκτείναντος

285 2084 544 2139 ἁπάντων
579 2084 707 2137 τινί.
742 2084 927 2138 Ταῦτα
960 2084 1138 2155 ὀρθῶς
1163 2086 1262 2138 καὶ
1291 2084 1412 2138 λίαν
1443 2085 1625 2149 καλῶς
1666 2084 1735 2138 δι’
1763 2084 1867 2137 ὀλί-

285 2197 383 2248 γου
412 2179 718 2250 ἐκθεμένης
766 2180 865 2249 τῆς
914 2181 1191 2253 ὑμετέρας
1233 2180 1534 2250 ἀδελφικῆς
1573 2179 1866 2251 σεϐασμιό-

285 2288 468 2343 τητος,
508 2270 620 2324 ἰδοὺ
655 2273 894 2343 σήμερον
935 2271 1184 2344 τριετοῦς
1227 2271 1611 2342 πληρωθέντος
1637 2271 1866 2344 χρόνου,

286 2365 381 2419 καί
429 2365 525 2417 τοῦ
567 2364 829 2434 τετάρτου
880 2364 1234 2435 ἀρξαμένου,
1268 2363 1466 2417 οὐδένα
1519 2362 1733 2434 καρπὸν
1775 2379 1872 2434 με-

1961 603 2211 673 gaverth
2241 608 2296 655 et
2325 595 2928 660 anathematizaveriut,
2968 613 3109 651 verte
3142 596 3418 666 religionis
3447 597 3541 649 de-

1962 693 2301 750 ﬁnitionibus
2363 698 2603 745 staturos
2671 702 2731 744 se
2792 689 3203 759 promittentes,
3257 697 3309 741 ct
3352 689 3538 741 ortho-

1961 787 2174 841 dosiam
2198 783 2411 855 publice
2434 781 2776 852 proﬁtentes,
2802 789 2858 836 et
2882 782 3025 835 hanc
3049 794 3217 849 usque
3241 779 3308 833 ad
3328 780 3537 834 obitum

1963 880 2197 935 retinere
2227 878 2485 946 deinceps
2526 875 2908 945 promittentes
2941 874 3073 946 (imo
3105 884 3158 927 et
3185 888 3307 927 cum
3346 873 3540 943 gaud’o

1963 982 2193 1027 mortem
2241 986 2339 1040 pro
2393 972 2624 1024 veritate
2679 968 2992 1037 subituros;
3047 982 3219 1035 usque
3278 966 3333 1019 in
3393 964 3538 1018 diem

1962 1065 2189 1129 Christi,
2229 1074 2288 1118 ut
2334 1062 3112 1133 aeternam,incessabilcmque
3154 1061 3316 1114 vitam
3353 1073 3542 1113 conse-

1964 1167 2235 1229 quantur;
2272 1159 2393 1222 hos,
2426 1159 2675 1226 inquam,
2723 1166 2974 1224 oportere
3013 1153 3198 1221 recipi,
3243 1162 3296 1205 et
3330 1151 3381 1204 in
3417 1164 3543 1204 suas

1965 1255 2120 1307 sedes
2176 1250 2359 1319 reponi
2388 1291 2401 1312 .
2460 1265 2521 1303 ac
2561 1248 2724 1303 veluti
2782 1246 3001 1317 propria
3047 1245 3287 1298 membra
3326 1241 3543 1311 corpori

1966 1347 2162 1415 aptari,
2189 1352 2244 1399 et
2272 1358 2394 1398 cum
2421 1342 2563 1396 omni
2593 1342 2799 1411 reliquo
2821 1341 2967 1393 clero
2996 1338 3273 1402 collocari,
3304 1335 3543 1391 secundo

1968 1453 2147 1497 tamen
2201 1440 2366 1502 loco,
2422 1445 2481 1491 ut
2521 1436 2778 1489 nimirum
2833 1433 2991 1487 simul
3037 1432 3419 1497 observemus,
3473 1445 3542 1483 an

1967 1532 2357 1587 convenienter
2389 1544 2446 1585 se
2488 1536 2678 1598 gerant
2707 1545 2720 1582 :
2754 1535 2977 1594 excepto
3010 1532 3216 1577 tantum
3245 1530 3543 1593 postremo,

1968 1640 2071 1696 seu.
2098 1624 2287 1678 ultimo
2320 1636 2381 1677 ac
2410 1622 2589 1691 primo
2621 1620 2874 1674 veritatis
2901 1616 3277 1671 inimicissimo
3305 1614 3545 1676 Joanne.

1968 1717 2058 1788 qui
2095 1729 2369 1784 nunquam
2410 1728 2636 1783 prorsus
2679 1711 3023 1766 Christianus
3055 1707 3335 1778 apparuit,
3372 1720 3549 1774 neque

1975 1809 2027 1861 in
2056 1806 2203 1861 clero
2236 1805 2416 1859 locum
2448 1801 2656 1864 habuit,
2691 1812 2869 1869 neque
2898 1811 3097 1851 munus
3117 1793 3397 1865 quodlibet
3429 1805 3550 1861 ges-

1967 1900 2059 1954 sit.
2096 1896 2192 1953 His
2225 1905 2373 1951 recte
2411 1904 2465 1950 et
2504 1892 2888 1962 pulcherrime,
2932 1889 2997 1942 ad
3044 1887 3209 1941 breve
3263 1895 3471 1952 tempus
3517 1897 3547 1936 a

1970 2001 2148 2046 vestra
2211 1989 2450 2043 fraterna
2502 1985 2859 2057 religiositate
2913 1981 3259 2045 constitutis,
3315 1994 3383 2033 en
3441 1987 3549 2031 ter-

1972 2084 2079 2137 tius
2105 2084 2215 2153 jam
2260 2095 2434 2135 annus
2492 2078 2711 2146 elapsus
2753 2084 2855 2142 est,
2891 2084 3222 2144 quartusque
3262 2073 3542 2139 inceptus;

1974 2190 2146 2244 neque
2186 2173 2253 2227 ab
2300 2186 2364 2225 eo
2390 2168 2555 2225 ullum
2602 2165 2935 2238 paenitentiae
2977 2165 3246 2226 fructum,
3290 2162 3403 2215 sive
3451 2174 3548 2228 per

1973 2267 2232 2323 humilem
2292 2276 2637 2327 sermonem,
2687 2259 2801 2314 sive
2848 2273 2944 2328 per
2980 2257 3105 2310 vitae
3159 2253 3546 2322 asperitatem,

1970 2367 2063 2414 aut
2120 2354 2486 2413 voluntariam
2554 2350 2939 2415 solitudinem,
3015 2346 3378 2417 signiﬁcatum
3440 2343 3550 2397 ullo

288 2455 508 2518 τανοίας
567 2454 659 2509 τὸν
713 2454 805 2507 διά
862 2470 1007 2518 τινος
1063 2454 1497 2524 ταπεινόφρονος
1552 2453 1712 2521 λόγου
1778 2456 1873 2509 καὶ

1973 2452 2132 2506 modo
2164 2448 2541 2518 cognovimus,
2578 2453 2684 2498 etc.

290 2545 714 2617 σκληραγωγίας
764 2545 879 2616 βίου
926 2545 959 2615 ἢ
1008 2543 1245 2617 ἠρεμίας
1295 2543 1606 2598 ἐθελουσίου
1684 2543 2037 2609 δεικνύμενον
2078 2542 2232 2613 παρά
2314 2554 2419 2592 τινι
2468 2534 2577 2588 τῶν
2637 2534 2774 2586 ὅλων
2844 2529 2992 2601 αύτῷ
3036 2529 3257 2583 πώποτε
3280 2525 3547 2596 ἔγνωμεν,

290 2654 344 2692 κ.
386 2653 437 2688 τ.
483 2635 534 2689 λ.

321 2770 327 2775 .
394 2726 577 2797 Pergit
622 2725 922 2781 Methodius
960 2726 1259 2784 declamare
1307 2739 1491 2784 contra
1540 2728 1830 2793 hereticos,
1864 2727 2224 2797 prtvciptteque
2255 2719 2869 2797 pi-trdictuu}__~_loattnem
2912 2717 3357 2781 Ιηεοηοείαεεαηιτ
3391 2717 3446 2770 ξη

803 2813 955 2867 quem
995 2797 1328 2868 Nicephorus
1370 2800 1425 2855 in
1454 2790 1825 2854 Anterrltetico
1850 2790 1938 2865 III,
1981 2790 2097 2863 cap.
2139 2790 2172 2851 9
2204 2790 2364 2864 supra
2392 2794 2494 2849 col.
2531 2792 2658 2858 551,
2696 2790 2975 2846 invehitur.

301 2981 3542 3018 ΝΜ

1204 3157 1841 3278 EJUSDEM
1929 3153 2643 3267 METHODII
2760 3323 2766 3329 ἢ

1013 3394 1598 3490 EPISTOLA
1670 3391 2137 3486 CONTRA
2211 3389 2829 3480 STUDITAS.

1285 3558 1434 3639 'Ano.
1458 3585 1574 3647 Har,
1604 3582 1841 3650 Spicileg.
1866 3585 2007 3634 Rom.
2040 3587 2076 3631 t.
2112 3581 2195 3641 Vl,
2231 3595 2279 3643 p.
2310 3558 2558 3645 xmseq.)

372 3892 636 3961 Sequitur
669 3891 721 3943 in
744 3888 931 3945 codice
956 3888 1088 3955 225,
1118 3889 1157 3944 ί.
1188 3890 1283 3956 45,
1319 3897 1528 3945 tractus
1560 3905 1667 3944 non
1697 3890 1770 3943 ita
1794 3889 1903 3960 exit

1970 3904 2024 3943 Its
2047 3887 2314 3961 διαθήκης
2337 3882 2730 3951 ἐπιτελευτίου,
2766 3886 3074 3941 testamenti
3112 3903 3221 3957 quo
3254 3889 3557 3946 Methodius

299 3980 392 4035 ille
425 3960 735 4041 confessor,
770 3977 1086 4045 patriarcha
1122 3976 1787 4047 Constantinopolitanus,
1822 3979 1970 4032 circa
2008 3992 2209 4030 annum
2239 3960 2346 4029 842
2375 3973 2647 4029 catholico
2671 3973 2867 4029 robore
2894 3974 3098 4038 clarus,
3136 3986 3325 4030 contra
3365 3991 3555 4045 parum

299 4076 620 4122 reverentes
655 4064 1039 4135 patriarchalis
1076 4066 1359 4134 dignitatis
1386 4065 1635 4120 Studitas
1667 4068 1966 4120 monachos
1998 4064 2250 4131 scripsit;
2272 4058 2437 4131 quam
2469 4061 2790 4116 sententiam
2820 4064 2873 4115 in
2898 4061 3121 4117 homiiia
3149 4078 3387 4133 quoque,
3417 4065 3560 4134 jam-

299 4156 391 4208 diu
415 4153 725 4221 deperdita,
749 4152 886 4206 dixit
919 4171 933 4208 :
974 4151 1136 4206 Ἀλλά
1168 4169 1232 4220 γε
1268 4153 1363 4207 καὶ
1387 4153 1445 4206 ἐν
1483 4152 1647 4226 ἑτέρᾳ
1672 4151 1860 4224 ὁμιλίᾳ
1886 4171 1903 4202 1

1970 4152 2051 4205 λιν
2092 4151 2222 4221 περὶ
2257 4150 2365 4203 τῶν
2391 4148 2574 4204 αὐτῶν
2605 4165 2775 4219 φησι·
2807 4149 2898 4220 Μὴ
2929 4150 3281 4205 συνεσθιᾶσθε
3325 4153 3557 4220 τούτοις,

307 4240 443 4311 μηδέ
471 4240 665 4307 λέγετε
697 4239 937 4312 χαίρειν,
974 4240 1095 4293 ἐπεὶ
1125 4241 1174 4292 εἰ
1200 4243 1515 4294 κοινωνεῖτε
1549 4243 1659 4304 τοῖς
1688 4241 1873 4312 έργοις
1905 4239 2107 4302 αὐτῶν,
2136 4239 2194 4305 ἐξ
2226 4237 2528 4305 ἀναγκαίου
2557 4237 2616 4291 δὲ
2647 4237 2741 4289 καὶ
2780 4237 2859 4308 τῷ
2898 4237 3205 4308 ἁναθέματι
3233 4256 3245 4269 ·
3277 4241 3373 4293 καὶ
3403 4242 3563 4295 τοῦτο

297 4328 357 4381 5‘s
385 4328 799 4399 ὑπομνήσομεν,
822 4327 897 4390 ὡς
926 4326 981 4380 εί
1008 4343 1140 4380 ποτε
1161 4327 1563 4398 ἐπιστρέψειεν,
1601 4328 1834 4381 κάκεῖνα
1862 4325 1930 4379 τὰ
1955 4327 2144 4389 κακῶς
2171 4327 2452 4407 γραφέντα
2473 4326 2532 4379 οὐ
2563 4326 2818 4379 τοσοῦτον
2854 4327 2999 4379 κατὰ
3030 4326 3140 4380 τῶν
3179 4329 3557 4401 πατριαρχῶν,

297 4414 426 4466 ὅσον
453 4412 600 4466 κατὰ
633 4415 730 4483 τῆς
770 4412 1123 4481 Ἑκκλησίας,
1160 4413 1360 4467 ἐκεῖνοι
1401 4413 1510 4484 γὰρ
1565 4409 1767 4486 ἦσανή
1820 4413 2115 4481 Ἐκκλησία
2137 4416 2184 4467 οἱ
2233 4415 2323 4466 καὶ
2356 4413 2560 4485 ταύτην
2618 4414 2991 4486 στηρίξαντες,
3048 4416 3562 4486 ἀναθεματίσουσιν,

298 4502 516 4569 ἐφεῖται
547 4501 738 4571 καιρὸς
760 4500 944 4563 αὐτοῖς
970 4501 1288 4568 μετανοίας,
1319 4501 1432 4555 ἀλλ’
1480 4503 1579 4572 οὐχ
1634 4500 1902 4572 ίερωσύνη

2007 4500 2074 4555 In
2119 4502 2230 4555 alia
2258 4518 2460 4571 quoque
2491 4502 2708 4555 Itomilia
2747 4505 2811 4556 de
2841 4503 3029 4556 iisdem
3060 4502 3285 4559 Studitis
3320 4507 3393 4558 ait
3422 4520 3440 4556 :
3479 4505 3561 4559 Ne

301 4601 419 4637 cum
449 4588 513 4638 iis
541 4588 818 4655 quisquam
853 4599 1112 4652 vescatur,
1148 4604 1310 4655 neque
1335 4604 1430 4642 ave
1476 4590 1550 4642 eis
1577 4590 1757 4654 dicat,-
1790 4606 1909 4642 nam
1946 4589 1992 4643 si
2026 4590 2264 4660 ipsorum
2294 4588 2498 4643 actibus
2529 4590 3061 4656 communicaveritis,
3086 4594 3380 4646 necessario
3404 4595 3564 4646 etiam

299 4674 657 4728 anathematis
695 4677 975 4742 participes
1007 4677 1173 4731 eritis.
1210 4675 1580 4731 Verumtamen
1608 4678 1705 4732 hoc
1730 4694 1930 4747 quoque
1954 4693 2243 4742 monemus,
2280 4676 2418 4745 quod
2445 4676 2492 4729 si
2531 4693 2709 4743 nempe
2741 4678 3074 4744 resipuerint.
3130 4689 3180 4733 et
3235 4682 3424 4750 iniquis
3455 4681 3565 4734 illis

304 4759 683 4814 maledixerint
705 4764 914 4828 scriptis
944 4780 1048 4817 non
1073 4775 1181 4817 tam
1213 4765 1465 4818 adversus
1492 4767 1848 4833 patriarchas,
1876 4779 2034 4835 quam
2059 4774 2243 4815 contra
2276 4760 2592 4825 Ecclesium,
2623 4761 2675 4814 hi
2698 4764 2834 4817 enim
2856 4766 3149 4819 Ecclesium
3180 4770 3563 4820 constituebant

300 4847 398 4913 qui
429 4863 546 4899 eam
588 4846 902 4915 fulciebant,
932 4860 1132 4918 tempus
1174 4852 1302 4916 ipsis
1333 4854 1404 4904 ad
1446 4852 1807 4919 paznitendum
1838 4849 2162 4913 conceditur,
2196 4857 2503 4901 nontamen
2554 4849 2623 4902 ad
2657 4851 2825 4904 sacris
2873 4840 3223 4921 Tungendum.
3273 4854 3387 4908 lmo
3436 4869 3564 4908 vero

301 4945 498 4988 contra
534 4932 783 4989 Studitas
800 4937 1032 5006 epistola
1058 4937 1200 4993 beati
1231 4937 1493 4993 Methodii
1523 4938 1798 5009 profertur
1830 4941 1951 4994 eod.
1985 4938 2115 5003 9.25,
2151 4937 2299 5000 {.22.
2334 4953 2498 5006 quam
2534 4954 2637 5008 ego
2688 4941 2906 4994 nonnisi
2940 4943 3238 4996 breviatam
3279 4956 3332 4997 et
3370 4960 3562 5011 magna

304 5022 398 5076 sui
426 5031 583 5091 parte
619 5023 958 5106 decurtatam
995 5039 1062 5078 ex
1104 5025 1291 5080 codice
1314 5025 1421 5081 215
1450 5025 1632 5098 (quem
1665 5028 2089 5082 contractiorem
2112 5026 2282 5080 altero
2307 5023 2419 5093 jam
2450 5041 2613 5094 supra
2662 5027 2773 5080 dixi
2800 5044 2850 5097 p.
2889 5029 3072 5097 ηιμ),
3110 5030 3334 5083 recitavi
3362 5027 3562 5100 Script.

303 5118 413 5164 cet.
458 5121 499 5164 t.
530 5108 622 5175 111,
674 5127 729 5180 p.
770 5109 898 5165 256.
958 5109 1057 5167 Est
1102 5121 1285 5177 autem
1336 5128 1515 5182 opera:
1563 5116 1798 5185 pretium
1850 5130 1968 5168 eam
2005 5130 2151 5168 nunc
2213 5115 2478 5183 integram
2530 5114 2620 5168 hic
2662 5115 2987 5178 describere,
3057 5116 3198 5169 nulla
3241 5124 3420 5170 tamen
3467 5118 3565 5173 ad-

296 5196 452 5269 iecta
484 5198 777 5253 brevitatis
815 5212 985 5253 causa
1015 5199 1467 5269 interpretatione
1502 5202 1719 5259 Latina.
1757 5202 1908 5269 Quod
1944 5213 2122 5257 autem
2180 5205 2441 5272 praedicto
2490 5202 2543 5255 in
2582 5201 2702 5257 loco
2749 5203 2826 5256 ait
2877 5206 3176 5259 monachus
3231 5205 3562 5273 Methodius,

301 5285 597 5354 epistolam
642 5286 783 5342 hanc
814 5288 1145 5355 patriarchae
1167 5288 1425 5345 Methodii
1454 5290 1745 5360 legendam
1772 5305 1893 5345 esse
1931 5291 2070 5359 apud
2102 5290 2389 5355 Niconem,
2422 5297 2570 5345 recte
2601 5304 2659 5344 se
2681 5289 2875 5356 habet;
2908 5291 3105 5345 etenim
3133 5308 3196 5345 ex
3218 5293 3403 5347 codice
3426 5294 3566 5349 Ara-

303 5372 434 5427 bico
473 5371 595 5427 Vat.
641 5372 767 5445 ηδ,
793 5375 932 5444 apud
969 5390 1068 5432 nos
1104 5374 1302 5446 Script.
1328 5386 1426 5431 cet.
1465 5387 1505 5431 t.
1536 5378 1628 5445 ιγ,
1660 5394 1711 5448 p.
1744 5379 1865 5444 108,
1895 5383 2119 5447 apparet
2147 5392 2266 5432 eam
2294 5377 2344 5430 in
2386 5376 2608 5431 Niconis
2656 5377 2892 5446 typieum
2932 5376 3099 5431 fuisse
3130 5391 3427 5447 receptam.
3485 5381 3564 5436 Eu

300 5469 492 5514 autem
524 5471 583 5515 ut
616 5475 739 5516 eam
771 5464 968 5519 recitat
998 5463 1238 5520 Joannes
1272 5466 1557 5535 Ephesius.

380 5556 463 5609 Τὰ
497 5558 868 5628 γεγραμμένα
927 5559 1071 5613 κατὰ
1106 5560 1199 5613 τοῦ
1258 5560 1574 5633 Νικηφόρον
1618 5561 1710 5616 τοῦ
1747 5579 1885 5615 παν-

2061 5559 2173 5614 Nisi
2205 5576 2266 5616 ea
2292 5577 2413 5631 qua:
2446 5569 2634 5616 contra
2672 5569 2920 5615 sanctum
2959 5561 3322 5630 Nicephorum
3358 5575 3411 5619 et
3437 5567 3569 5620 beas

300 5647 459 5702 οσίου
493 5650 592 5703 καὶ
636 5650 916 5720 Ταρασίου
943 5651 1038 5705 τοῦ
1070 5652 1398 5723 τρισολὸίου,
1421 5657 1469 5707 εί
1499 5655 1571 5724 μὴ
1602 5654 1881 5724 ἀναθεμα-

301 5740 579 5811 τίσητε,ἦ
613 5742 855 5812 σήμερον
888 5744 1202 5815 ἔμπροσθεν
1221 5746 1328 5799 τῶν
1350 5746 1596 5814 ἀδελφῶν
1626 5748 1718 5800 καὶ
1755 5748 1884 5799 συλ-

306 5830 675 5904 λειτουργῶν,
716 5834 853 5907 ἦείς
885 5837 1202 5913 ὡρισμένην
1251 5837 1463 5911 ἡμέραν
1495 5838 1758 5894 ἐλθόντων
1794 5840 1887 5894 αύ-

1994 5664 2104 5707 tmu
2136 5653 2420 5708 Tarasium
2443 5654 2748 5723 conscripta
2772 5663 2920 5721 sunt,
2944 5654 3568 5724 anathematizareritis,

1994 5747 2078 5799 νιιί
2111 5748 2269 5800 hodie
2308 5761 2491 5800 coram
2525 5748 2785 5802 fratribus
2814 5757 2868 5801 et
2903 5748 3322 5816 eommiuistris,
3362 5753 3443 5807 vel
3475 5754 3569 5806 de-

2000 5839 2148 5893 ﬁnito
2184 5839 2292 5905 die,
2322 5840 2399 5895 eis
2433 5840 2499 5897 ad
2536 5856 2632 5898 vos
2683 5842 3112 5910 ingredientibus
3143 5855 3309 5913 atque
3339 5845 3569 5899 audien-
