3938 6168
252 258 400 325 1297
1403 266 1772 329 EPISTOLA
1809 271 2110 333 CONTRA
2142 267 2537 332 STUDITAS.
3385 259 3536 324 1298'

242 373 354 428 οὐκ
386 372 556 427 αὑτὸν
599 373 833 441 ἐκεῖνον,
884 372 958 445 μὴ
992 373 1225 443 γένοιτο,
1279 376 1414 431 ἀλλὰ
1457 377 1524 432 τὰ
1557 383 1797 451 συγγράι.

1967 382 2142 436 itanos
2168 383 2373 449 scripta
2408 391 2553 447 sunt,
2588 395 2693 435 non
2727 378 2875 435 illum
2913 378 3091 448 ipsum
3153 374 3517 441 Theodorum,

245 484 434 537 ματα,
466 463 556 520 οἶα
589 468 653 538 δὴ
687 468 783 520 καὶ
813 470 841 521 ὁ
876 467 1208 540 Θεοδώριτος
1234 468 1306 522 τὰ
1353 469 1518 523 αὐτοῦ
1563 471 1657 523 καὶ
1692 472 1800 526 ἄλλα

1964 474 2111 541 tbsit,
2136 478 2229 529 sed
2268 473 2664 529 commentaria
2691 470 3152 543 quemadmodum
3202 483 3300 524 sua
3334 468 3519 521 Theo-

240 559 402 623 τινὲς
430 559 498 612 τὰ
529 559 672 613 κατὰ
702 559 1059 631 συναρπαγὴν
1080 559 1344 631 λεχθέντα
1373 561 1405 632 ἢ
1440 562 1720 634 γραφέντα
1748 580 1795 617 αι

1971 570 2207 636 loretus,
2244 578 2299 625 et
2358 570 2602 626 nonnulli
2642 559 2754 638 alii,
2817 568 2962 624 circa
3024 581 3144 635 quae
3200 578 3526 634 quacunque

239 651 367 713 τοῖς
397 651 797 721 πεποιήκασιν.
843 649 969 703 Ἐὰν
991 645 1086 704 οὖν
1125 649 1221 721 μὴ,
1257 650 1333 715 ὡς
1356 650 1592 722 ἔφημεν,
1627 653 1723 707 καὶ
1753 649 1794 706 οἶ

1971 673 2108 714 :ausa
2128 660 2336 730 abrepti
2359 658 2661 725 dictarunt,
2689 658 2961 714 fecerunt.
2988 656 3045 711 Si
3079 656 3272 726 igitur,
3298 664 3357 707 ut
3389 654 3526 708 dixi-

242 758 331 796 τοι
362 743 439 795 τὰ
460 740 603 795 κατὰ
618 742 829 799 τούτων
853 742 965 796 τῶν
1018 742 1334 815 εἰρημένων
1365 742 1539 809 ἁγίων
1564 743 1797 814 ἀναθεμι

1972 762 2090 813 nus,
2129 749 2197 803 iis
2238 763 2360 819 quae
2415 748 2718 803 adversum.
2755 745 2870 815 jam
2926 744 3240 799 nominatos
3303 751 3527 796 sanctos

241 834 489 899 τίσαιεν,
510 834 705 905 είησαν
723 836 817 888 καὶ
846 835 1003 888 αὐτοὶ
1022 837 1132 889 ἀπὸ
1148 834 1243 889 τοῦ
1278 835 1516 906 Πατρὸς,
1549 835 1645 889 καὶ
1676 835 1796 888 Υίοῐ

1972 837 2271 893 :oncinnata
2303 849 2450 907 sunt,
2485 840 2783 896 anathema
2844 853 2950 892 non
3004 836 3265 899 dixerint,
3325 836 3436 888 sint
3474 843 3527 886 et

155 943 161 947 '
242 927 348 979 καὶ
376 925 477 979 τοῦ
510 925 673 996 ἁγίου
717 927 1042 998 Πνεύματος
1076 925 1328 997 ἀνάθεμα
1377 927 1473 981 καὶ
1530 926 1705 981 κατάθ

1967 930 2047 999 psi
2081 946 2112 984 a
2146 931 2305 987 Patre
2342 942 2398 987 et
2424 932 2649 989 Filio-el.
2667 931 2877 1001 Spiritu
2920 938 3115 984 sancto
3146 927 3441 982 anathema
3468 934 3520 979 et

245 1016 496 1089 [Λιιλτ.
535 1018 602 1072 de
627 1016 918 1082 Methodio,
949 1034 1002 1087 p.
1032 1016 1151 1089 94}.

719 1018 918 1082 thodio,
949 1034 1002 1087 p.
1032 1016 1151 1089 94}.
1943 1023 2274 1079 catathema.

320 1106 443 1158 Καὶ
459 1107 562 1160 οὐκ
592 1108 751 1161 αὐτοὶ
776 1109 954 1179 μόνοι,
981 1106 1235 1161 ἀλλὰκαὶ
1272 1108 1387 1161 ὅσοι
1420 1107 1699 1163 πείθονται
1738 1109 1839 1176 αὐτ

2024 1114 2211 1185 Neque
2256 1114 2433 1172 solum
2470 1113 2567 1182 illi,
2606 1114 2700 1169 sed
2734 1112 2900 1168 etiam
2932 1111 3246 1181 quicunque
3274 1123 3515 1164 consen-

244 1198 368 1261 τοῖς
394 1200 491 1251 καὶ
532 1200 971 1270 συναρπάζονται
1001 1200 1097 1253 καὶ
1127 1201 1209 1263 είς
1237 1200 1461 1271 φιλικὴν
1492 1200 1677 1265 αὐτοῖς
1706 1204 1799 1272 ὁμτ

1971 1210 2088 1264 iunt
2112 1223 2238 1263 cum
2275 1208 2341 1262 iis
2370 1221 2433 1261 ac
2454 1220 2575 1262 sese
2606 1204 2781 1274 abripi
2833 1203 3136 1274 patiuntur,
3177 1210 3232 1257 et
3282 1200 3521 1254 amicitia

248 1290 518 1362 ρεύονται
538 1291 754 1362 ὁμιλίαν
788 1293 820 1363 ἢ
857 1292 1167 1357 συναυλίαν,
1227 1291 1323 1345 καὶ
1380 1287 1530 1347 οῦτοι
1582 1293 1691 1348 ἀπὸ
1720 1294 1803 1347 τοι

1968 1299 2317 1369 'amiliarique
2348 1297 2745 1352 consuetudine
2798 1294 3230 1365 coniunguntur,
3284 1290 3461 1345 aversi
3494 1305 3523 1343 a

246 1397 366 1435 των
401 1382 695 1452 κατάθεμα
740 1383 1009 1447 ἔστωσαν,
1063 1382 1172 1436 ἀπὸ
1204 1380 1300 1435 τοῦ
1332 1382 1572 1454 Χριστοῦ
1616 1383 1694 1454 τῷ
1726 1383 1801 1437 διο

1970 1391 2166 1445 lhristo
2208 1396 2263 1443 et
2301 1386 2522 1442 diabolo
2568 1385 2772 1452 devoti,
2832 1383 3125 1438 anathema
3179 1390 3361 1436 sunto.
3422 1378 3525 1446 Qui

247 1466 404 1539 σόλῳ
432 1467 689 1539 ἀνάθεμα
720 1485 733 1497 '
786 1470 985 1532 αὐτοὺς
1019 1470 1128 1541 γὰρ
1182 1470 1503 1537 πατοῦντες,
1541 1472 1707 1544 ἤγουν
1755 1475 1802 1525 ὲιι

1971 1480 2090 1534 :nim
2138 1478 2243 1534 illis
2291 1477 2587 1540 obediunt,
2630 1474 2774 1544 quod
2819 1474 2952 1543 ipsis
2991 1473 3041 1525 in
3097 1472 3394 1542 perniciem
3437 1484 3526 1525 ce-

248 1560 460 1623 αὐτοὺς
495 1559 792 1629 βαίνοντες,
829 1560 1080 1613 τουτέστι
1129 1563 1196 1631 τῇ
1223 1560 1430 1615 τούτων
1489 1562 1684 1634 γνώμῃ
1748 1565 1803 1616 ὲτ

2081 1576 2136 1620 et
2164 1567 2254 1636 qui
2291 1566 2416 1620 illos
2445 1572 2748 1634 sequuntur
2769 1564 2885 1619 sive
2911 1565 3209 1619 secundum
3233 1576 3328 1616 eos
3349 1562 3530 1631 ingre-
3576 1548 3579 1551 ’

249 1650 617 1720 φειδόμενοι,
652 1653 744 1704 ἐπὶ
788 1650 866 1721 τῷ
890 1651 1095 1705 τούτων
1117 1652 1459 1722 καταθέματι
1510 1652 1747 1723 βαίνοιεν
1795 1671 1804 1706 ι

1972 1659 2192 1724 liuntur,
2226 1658 2277 1712 id
2310 1666 2417 1723 est,
2443 1656 2620 1712 eidem
2654 1654 2943 1710 sententiae
2991 1653 3196 1708 addicti
3252 1660 3401 1718 sunt,
3434 1666 3527 1707 eo-

256 1743 583 1813 πειθόμενοι
627 1743 813 1808 αὐτοῖς
840 1746 920 1808 εἰς
949 1744 1203 1816 ἀνάθεμα
1231 1761 1245 1775 ο
1278 1745 1339 1798 οὐ
1374 1743 1569 1816 θαῦμαθ
1590 1745 1647 1798 δὲ
1680 1746 1811 1801 τοῦτ

1971 1751 2068 1803 lem
2101 1749 2448 1803 anathemate
2502 1746 2791 1802 feriantur.
2855 1744 2969 1800 Nec
3019 1744 3244 1809 mirum,
3281 1756 3377 1798 eos
3433 1741 3526 1811 qui

248 1833 333 1887 ὅτι
360 1836 496 1897 τοὺς
527 1834 736 1899 αἰτίους
769 1836 868 1906 τῆς
899 1834 1179 1899 ἀπωλείας
1217 1835 1326 1890 τῶν
1368 1835 1709 1905 πειθομένων
1744 1838 1803 1893 αξ

1972 1841 2061 1896 .uis
2095 1839 2377 1910 discipulis
2430 1838 2587 1893 exitii
2642 1845 2897 1894 auctores
2945 1836 3239 1900 exsistunt,
3302 1850 3331 1889 a
3372 1832 3527 1889 nobis

242 1912 367 1987 τοῖς
404 1923 1186 1997 καταθέματι-ὑπεὸάλομενο
1236 1925 1444 1980 δίκαιον
1485 1926 1544 1979 δὲ
1592 1926 1791 1998 νομίσα

1970 1931 2430 1997 mathematizari;
2479 1930 2589 1985 imo
2622 1930 2847 1986 credere
2895 1930 3052 1985 decet
3084 1928 3383 1983 secundum
3438 1925 3525 1980 di-

250 2015 333 2068 ὖτι
351 2015 520 2085 θεῐκῇ
543 2033 603 2069 τε
619 2017 712 2071 κοιλ⁹
730 2017 1067 2089 ἁποστολικῇ
1099 2018 1282 2090 κρίσει
1304 2017 1461 2071 τοῦτο
1484 2020 1686 2089 πεποιή
1697 2019 1805 2089 μεθ

1967 2024 2131 2079 tinum
2170 2021 2646 2092 apostolicumque
2689 2021 2967 2076 decretum
2995 2019 3099 2074 hoc
3153 2031 3254 2071 nos
3305 2014 3522 2079 fecisse,

250 2104 377 2159 καθ’
410 2107 726 2179 ὑπερϐολὴν
746 2110 846 2180 τῆς
873 2109 1147 2181 ἁμαρτίας
1175 2110 1294 2181 ἦτοι
1352 2108 1454 2180 τὴν
1502 2109 1686 2164 αίτίαν
1736 2112 1804 2181 τῆ

1969 2130 2011 2167 :x
2042 2112 2373 2167 abundantia
2429 2111 2641 2182 peccati
2693 2110 2780 2165 vel
2827 2124 2991 2167 causa
3035 2107 3246 2180 peccati
3283 2114 3340 2161 et
3385 2105 3524 2176 judi-

250 2196 544 2266 ἁμαρτίας
594 2200 689 2252 καὶ
722 2200 1003 2271 κρίνοντες
1036 2202 1134 2255 καὶ
1185 2197 1464 2272 ὁρίζοντες
1492 2201 1589 2254 καὶ
1641 2200 1805 2271 ὀνομά

1967 2212 2134 2258 :antes
2165 2209 2219 2257 et
2254 2208 2564 2256 statuentes
2613 2207 2671 2256 et
2709 2198 3082 2271 designautes.
3115 2192 3256 2248 Hinc
3301 2190 3522 2248 Christo

252 2287 445 2354 ζοντες
476 2306 491 2321 '
522 2290 603 2360 τῷ
630 2292 851 2363 Χριστῷ
876 2291 1132 2348 ἐντεῦθεν
1149 2291 1497 2364 εὐχαριστία.

602 2324 603 2327 η
630 2292 851 2363 Χριστῷ
876 2291 1132 2348 ἐντεῦθεν
1149 2291 1497 2364 εὐχαριστία.
1946 2295 2157 2366 gratim.

327 2387 659 2457 Sequuntur
687 2390 742 2443 in
766 2388 916 2445 calce
944 2391 1107 2460 huius
1142 2390 1409 2461 epistolae,
1448 2398 1635 2461 utpote
1667 2391 1966 2463 synodicae,
2000 2393 2431 2449 acclamationes
2465 2405 2564 2448 seu
2604 2390 2799 2446 faustae
2840 2388 3187 2460 precationes
3215 2400 3314 2456 pro
3347 2383 3522 2452 impe-

258 2476 573 2542 ratoribus,
602 2475 772 2542 clero,
798 2476 1018 2547 populo,
1039 2477 1176 2533 urbe
1207 2477 1379 2548 regia,
1422 2492 1487 2532 ac
1518 2478 1780 2534 universo
1807 2480 2061 2551 imperio.
2085 2482 2166 2537 Ex
2218 2481 2400 2537 libello
2431 2480 2661 2536 Joannis
2693 2476 2912 2548 Ephesii
2944 2484 3204 2545 excerpta
3236 2474 3520 2529 hactenus.

256 2568 334 2624 De
372 2566 595 2623 Tarasii
627 2577 807 2625 autem
845 2585 909 2625 ac
938 2570 1253 2640 Nicephoro
1283 2570 1635 2640 patriarchis,
1668 2586 1696 2625 a
1733 2574 1931 2642 quibus
1966 2587 2073 2627 non
2101 2580 2250 2627 recte
2280 2570 2518 2625 schisma
2550 2568 2682 2624 fecit
2711 2566 3031 2621 Theodorus
3061 2562 3299 2624 Studita,
3344 2564 3524 2615 exstat

265 2655 567 2725 perspicua
601 2656 832 2711 historia
864 2658 1029 2713 etiam
1062 2659 1117 2711 in
1142 2657 1331 2713 codice
1364 2655 1488 2712 Vat.
1523 2657 1689 2723 “57,
1711 2659 1800 2713 ubi
1828 2657 2135 2714 Methodius
2170 2658 2238 2713 ad
2266 2657 2513 2713 Studitas
2537 2655 2786 2712 scribens
2803 2652 2877 2708 sit
2901 2649 3219 2707 concludit:
3251 2647 3323 2700 Σὺ
3353 2660 3523 2717 μονα-

255 2741 351 2812 χὸς
377 2738 453 2807 εἴ,
494 2743 590 2797 καὶ
614 2744 713 2797 οὐκ
742 2743 923 2810 ἔξεστί
965 2762 1048 2799 σοι
1081 2744 1357 2812 ἐξετάζειν
1387 2744 1457 2799 τὰ
1490 2745 1598 2798 τῶν
1647 2747 1858 2818 ἱερέων,
1900 2746 2015 2801 ἀλλ’
2044 2743 2453 2799 ὑποτάσσεσθαι
2496 2760 2556 2796 σε
2593 2741 2724 2813 χρὴ,
2765 2739 2861 2794 καὶ
2904 2738 3005 2808 οὐχ
3034 2734 3366 2789 ὑποτάσσειν
3398 2728 3522 2785 οὐδὲ

258 2829 547 2896 ἐξετάζειν
584 2832 807 2896 αὐτούς.
841 2832 919 2888 Tu
954 2833 1243 2888 monachae
1280 2849 1353 2899 es,
1393 2848 1554 2902 neque
1588 2833 1684 2887 tibi
1722 2834 1840 2887 licet
1881 2834 2191 2905 pontiﬁcum
2222 2843 2341 2888 acta
2377 2832 2445 2887 ad
2480 2832 2738 2886 trutinam
2787 2841 3068 2891 revocare;
3102 2839 3225 2878 nam
3256 2821 3523 2890 subjectus

258 2920 326 2974 iis
350 2935 470 2975 esse
501 2921 677 2990 debes,
714 2939 817 2977 non
836 2924 1043 2978 eosdem
1069 2922 1326 2993 subjicere
1351 2922 1426 2978 uel
1464 2924 1528 2976 de
1559 2922 1687 2993 ipsis
1710 2923 2103 2994 inquisitionem
2129 2922 2429 2976 instituere.

260 3068 383 3150 ejus
409 3076 597 3150 πᾴντα
626 3075 949 3150 καλ-ἔγραψε
975 3078 1119 3150 κατᾲ
1140 3078 1250 3150 τῷν
1279 3077 1450 3145 ἁγίων
1488 3075 1815 3150 πατριαρχῷί

1964 3077 2106 3150 ίονιιε
2129 3086 2317 3150 cuncta
2338 3073 2703 3150 improbasseL,
2725 3086 2844 3150 quia
2868 3071 2924 3125 in
2944 3077 3165 3150 sanctos
3170 3068 3519 3150 patriarchas

261 3146 546 3223 Tapggioo
570 3146 667 3223 καὶ
690 3137 1032 3223 Νι-ιξῂφόρου,
1060 3149 1162 3202 οὐκ
1186 3147 1253 3201 ἂν
1274 3137 1363 3223 είς
1397 3137 1816 3223 κοινωνίανζτοῦι

1959 3147 2089 3201 ϋειο
2107 3146 2363 3213 scriptoue
2385 3137 2616 3223 iecerat,
2656 3141 2935 3223 Tarasium
2959 3147 3121 3223 atque
3133 3137 3514 3208 Nicephorum,

269 3213 359 3271 mi
378 3216 709 3290 ιδεχόμεθα.
744 3213 866 3273 Nisi
892 3213 1031 3274 enim
1065 3228 1235 3274 uester
1267 3220 1446 3273 beatus
1481 3217 1643 3274 Pater
1674 3214 1842 3271 Tlteo-
1950 3232 2220 3288 nunquam
2253 3213 2467 3271 eum’ad
2498 3213 2910 3271 communionem
2952 3213 3343 3280 recepissem”.
