3938 6168
355 290 489 354 ιπιιει

1385 292 1444 354 S.
1488 294 1867 354 METHODII
1908 293 2415 352 PATRIARCILE
2456 293 2565 354 (ΖΡ.

3479 289 3612 349 ῙῘὍὶ

353 405 608 460 Ecclesiae
652 414 707 460 et
739 421 1017 461 sacrorum
1053 407 1406 462 celebratioui
1442 418 1566 462 octo
1608 408 1820 462 diebus.
1865 407 1921 461 Si

2044 391 2198 475 ιὲνην
2244 405 2486 470 διάταξιν
2547 405 2680 475 (18).
2735 403 2845 456 Καὶ
2895 404 3187 476 γινομένης
3235 403 3610 474 λειτουργίας,

353 498 444 564 qui
492 507 670 552 autem
712 510 807 550 sua
841 508 1032 566 sponte
1079 501 1145 552 ad
1188 500 1490 569 negandum
1527 495 1917 567 confugerint:

2030 497 2407 562 ἀξιούσθωσοίν
2440 495 2549 550 τῶν
2580 496 2941 566 ἀγιασμὰτων
2976 496 3088 568 (19)
3125 494 3479 566 σχολάζοντες
3519 512 3609 547 κα·

1427 657 1662 712 ἾΑΒΙΔΕ
1708 655 2091 714 LECTIONES
2130 655 2218 710 ET
2257 654 2490 711 NOTAE.

434 810 546 885 (ιβ)
583 811 744 885 Κατᾲ
767 812 908 885 chr
947 801 1382 885 προειρημένην
1435 810 1752 885 διάεαξιν.-
1784 811 1930 866 Ordo

354 881 692 952 pinnit'entia:
725 883 812 936 hic
843 893 945 948 est,
997 892 1054 935 ιιι
1105 883 1226 934 lldei
1261 883 1510 952 desertor
1544 881 1805 952 Ecclesiae
1838 897 1921 934 re-

297 1011 304 1019 .
355 950 729 1004 roticiliandus
769 953 974 1005 duabus
1015 951 1445 1019 Quatlragesimis
1491 950 1718 1018 jejuuet,
1755 966 1928 1019 genu-

357 1021 619 1073 ﬁexiones
642 1023 823 1081 obeat,
856 1021 1038 1081 toties,
1059 1021 1298 1084 Domine,
1328 1021 1590 1080 miserere,
1621 1023 1787 1083 dicat,
1813 1036 1930 1086 quae

357 1099 484 1141 '.'tnl
511 1104 672 1156 opera
709 1089 1122 1146 satisfactionis.
1166 1101 1215 1141 et
1251 1091 1623 1156 pcenitontium
1667 1089 1719 1144 in
1758 1091 1924 1150 gradu

362 1159 600 1228 ﬂentium
626 1161 1043 1213 constitutorum
1070 1160 1287 1227 propria
1319 1175 1334 1212 :
1370 1159 1458 1212 ubi
1493 1174 1620 1212 vero
1656 1158 1924 1228 λαμϐάνει

363 1227 717 1298 ἱλασθητικὰς
752 1230 916 1298 εὐχὰς
978 1230 1197 1294 suscipit
1253 1229 1672 1282 reconciliatims
1726 1227 1920 1295 preces,

367 1312 457 1364 per
489 1309 612 1352 octo
635 1299 749 1352 dies
777 1301 1064 1354 continuos
1093 1309 1220 1351 tunc
1251 1299 1413 1352 dubio
1461 1298 1645 1365 procul
1672 1299 1730 1350 ὲν
1787 1299 1922 1350 ὑπο-

357 1366 563 1420 πτώσει
595 1369 924 1422 orationibus
968 1368 1223 1433 subiiciet
1256 1367 1518 1421 substerni
1559 1367 1876 1435 intelligitur
1905 1387 1916 1422 :

432 1503 607 1556 Audet
652 1503 853 1572 aliquid
889 1505 1121 1573 amplius
1165 1505 1502 1558 Maldonatus
1543 1505 1608 1557 de
1642 1504 1931 1556 conﬁrma-

360 1573 510 1625 tione
544 1574 921 1627 haereticorum
959 1575 1204 1628 iteranda
1231 1589 1476 1627 asserere
1511 1591 1523 1624 :
1558 1584 1612 1625 et
1655 1588 1722 1625 an
1762 1575 1927 1641 repeti

361 1643 586 1708 debeat,
623 1642 721 1696 fuit
761 1643 980 1712 antiqua
1015 1645 1262 1710 quaestio.
1305 1642 1360 1694 In
1397 1643 1627 1696 concilio
1662 1641 1929 1694 Tarraco-

361 1713 542 1774 nensi,
573 1713 776 1772 subdit,
805 1728 924 1766 can.
955 1713 1008 1772 6,
1045 1716 1325 1766 decretum
1379 1712 1478 1764 fuit
1510 1729 1576 1766 ue
1600 1712 1924 1764 iteraretur:

2035 811 2080 863 si
2119 818 2314 879 sponte
2341 809 2710 878 transfugerit,
2740 822 2868 876 quia
2918 811 3194 878 mysteriis
3230 809 3483 878 indiguus
3516 810 3615 863 ha-

2031 882 2216 944 betur,
2247 881 2391 934 inter
2421 879 2766 941 συνεστῶτας
2795 880 3137 932 consistentes
3182 881 3358 933 locum
3409 882 3572 932 habet
3599 899 3614 946 ;

2032 950 2167 1004 alias
2203 965 2270 1003 ex
2304 950 2620 1002 inﬁrmitate
2653 949 2810 1000 ﬁdem
2862 948 3156 1014 abncgans,
3216 949 3470 1013 ἀξιοῦται
3503 949 3614 1002 τῶν

2031 1019 2414 1088 ἁγιᾳσμάτων,
2449 1024 2864 1088 communionem
2899 1029 3351 1072 sacramentorum
3395 1019 3614 1086 accipit,

2031 1101 2079 1142 et
2121 1087 2179 1142 ﬁt
2210 1087 2285 1141 de
2328 1104 2554 1141 numero
2581 1087 2706 1139 ·τῶν
2755 1088 3114 1155 μετεχόντων.
3167 1089 3429 1146 Tuncque
3454 1089 3615 1156 quasi

2033 1159 2210 1211 denuo
2236 1158 2488 1224 baptismi
2523 1159 2692 1224 gratia
2725 1167 3043 1224 recuperata
3079 1173 3271 1213 recens
3322 1157 3607 1211 lllumiua-

2035 1239 2208 1282 torum
2244 1243 2406 1293 opera
2438 1228 2772 1291 exsequitur.

2104 1297 2213 1364 (l9;
2256 1296 2683 1366 Ἀγιίισμιὶτωικ
2727 1293 3103 1362 Ilarberiuum,
3136 1297 3244 1350 τῶν
3285 1297 3457 1366 ἁγίων
3517 1315 3616 1365 μυ)-

2033 1383 2292 1436 στηριων.

2039 1503 2173 1564 sori,
2207 1519 2342 1572 opus
2366 1505 2465 1557 hoc
2495 1504 2793 1568 ascrihaut,
2830 1520 2935 1558 non
2967 1513 3046 1560 est
3079 1519 3178 1558 cur
3206 1515 3261 1558 et
3291 1505 3493 1559 frustra
3521 1506 3620 1559 de»

2043 1575 2258 1644 trahere
2307 1573 2434 1644 velit
2479 1573 2766 1628 Arcudius.
2825 1573 2901 1627 Ac
2943 1590 3009 1630 ne
3043 1574 3312 1644 proferam
3365 1575 3457 1642 qui
3493 1590 3617 1629 eum

2040 1643 2266 1695 eamouis
2305 1642 2528 1712 hujusce
2561 1657 2836 1708 parentem
2871 1644 2924 1695 in
2953 1642 3066 1698 suis
3097 1643 3452 1698 Bibliothecis
3483 1659 3614 1712 pro-

2039 1714 2276 1764 clamant
2341 1711 2687 1782 Possevinum
2739 1723 2792 1766 et
2834 1713 3179 1778 Gesnerum,
3241 1723 3393 1768 certe
3460 1711 3618 1782 quasi

365 1796 671 1851 quanquam
724 1783 811 1836 hic
865 1784 1308 1851 distinguendum
1353 1797 1474 1835 esse
1526 1797 1744 1834 censeo.
1799 1779 1931 1833 Nam
1968 1776 2006 1830 Β
2037 1783 2365 1848 scriptorum
2416 1781 2674 1835 Ecclesiae
2721 1797 2859 1851 voce
2891 1785 2958 1836 de
2999 1782 3092 1836 illo
3124 1776 3316 1836 scribit
3347 1776 3621 1840 Baronius

363 1852 508 1920 quod
539 1867 604 1904 ea
655 1852 995 1906 conlirmatio
1022 1892 1038 1915 ,
1092 1867 1210 1916 quae
1268 1866 1297 1903 a
1340 1851 1622 1904 catholicis
1663 1851 1936 1919 episcopis

365 1924 488 1972 data
525 1920 658 1982 fuit,
694 1936 798 1972 non
827 1921 1018 1976 debeat
1055 1921 1221 1990 repeti
1252 1959 1267 1982 ,
1304 1935 1518 1989 semper
1551 1920 1648 1973 fuit
1684 1931 1889 1972 certum
1917 1963 1932 1983 ,

364 1999 422 2044 et
453 1990 522 2045 de
577 2005 639 2043 ea
667 1989 1044 2056 intelliguntur
1071 1989 1262 2044 omnes
1286 2005 1522 2043 canones
1553 1989 1932 2052 conciliorum,

366 2061 459 2128 qui
491 2069 658 2127 agitut
687 2059 753 2112 de
781 2059 880 2114 hac
915 2075 995 2126 re,
1039 2071 1215 2114 tamen
1241 2075 1308 2112 an
1345 2059 1690 2113 confirmatio
1722 2059 1842 2112 data
1868 2062 1936 2113 ab

367 2130 640 2183 haereticis
669 2129 941 2198 episcopis
997 2129 1162 2196 repeti
1194 2129 1386 2183 debeat
1419 2169 1432 2194 ,
1467 2130 1520 2182 in
1563 2128 1804 2198 Ecclesia
1844 2142 1934 2181 ca-

368 2199 568 2253 tholica
603 2213 706 2250 non
769 2199 840 2252 ita
864 2197 974 2252 fuit
1001 2208 1210 2253 certum
1256 2217 1270 2252 :
1312 2199 1418 2252 imo
1446 2199 1698 2252 existimo
1739 2197 1791 2251 in
1823 2207 1932 2251 tota

367 2267 615 2322 Ecclesia
648 2269 820 2321 veleri
856 2267 1024 2322 fuisse
1071 2269 1378 2332 repetitam,
1412 2269 1536 2334 quia
1582 2283 1690 2321 non
1743 2268 1934 2321 existi-

368 2339 621 2390 mabatur
657 2351 778 2391 esse
821 2353 948 2392 vera
1002 2337 1376 2392 Couﬁrmatio.
1427 2339 1580 2404 Quod
1631 2337 1823 2406 colligo
1868 2351 1933 2390 cx

367 2407 621 2476 omnibus
663 2407 901 2475 antiquis
953 2407 1332 2475 scriptoribus,
1386 2409 1476 2476 qui
1523 2406 1773 2462 absolute
1804 2407 1934 2476 isine

367 2475 475 2528 ulla
530 2476 878 2530 distinctione
913 2477 965 2530 id
1001 2479 1216 2530 docent.
1267 2475 1426 2544 Atqui
1474 2493 1576 2530 non
1613 2475 1933 2544 ignorabant

369 2546 660 2613 plerosque
682 2562 784 2600 non
811 2554 1017 2600 tantum
1065 2546 1232 2599 fuisse
1263 2546 1566 2613 baptizatos
1593 2546 1733 2614 apud
1765 2547 1935 2599 hacrc-
1963 2579 1968 2584 -

370 2617 508 2669 ticos
533 2654 548 2678 ,
581 2618 674 2668 sed
703 2615 863 2668 etiam
908 2617 1257 2670 conﬁrmatos
1303 2633 1318 2670 ς
1373 2617 1669 2682 praesertim
1716 2630 1838 2670 cum
1872 2631 1932 2666 ca

369 2694 517 2738 esset
559 2693 687 2738 tunc
717 2689 1049 2740 consuetudo
1076 2725 1092 2749 ,
1126 2693 1184 2755 ut
1227 2687 1409 2739 statim
1457 2694 1576 2754 post
1607 2687 1930 2755 baptismum

369 2755 592 2826 daretur
616 2755 978 2826 continuatio.
1014 2757 1106 2811 Sic
1139 2753 1400 2826 Syricins.
1441 2753 1599 2822 epist.
1642 2753 1778 2826 ιλιι.
1813 2768 1930 2819 cap.

369 2823 426 2885 1,
447 2831 511 2894 et
541 2823 649 2877 Leo
673 2825 834 2891 epist.
870 2825 938 2880 55
961 2867 974 2888 ,
1029 2840 1151 2894 cap.
1182 2823 1227 2878 ’2
1258 2835 1312 2877 et
1336 2825 1424 2889 57,
1457 2833 1521 2894 et
1550 2826 1651 2878 hoc
1705 2825 1932 2877 fortasse

369 2893 541 2947 voluit
575 2896 907 2962 Augustinus
935 2912 1055 2949 cum
1081 2891 1218 2950 dixit
1249 2896 1341 2948 lib.
1376 2910 1434 2948 ιιι
1480 2891 1677 2948 Contra
1720 2894 1933 2947 Donati-

369 2973 480 3035 stae
507 2977 626 3032 eap.
662 2962 728 3016 16
761 2982 772 3018 :
804 2981 823 3014 ι
864 2964 1116 3019 Mannum
1153 2965 1428 3035 imposilio
1484 2981 1588 3019 non
1624 2967 1766 3035 sicut
1799 2969 1930 3028 bap-

372 3033 785 3104 tismusArepeti
833 3050 936 3089 nou
969 3045 1166 3100 potest.
1204 3032 1238 3093 ιγ
1265 3034 1329 3088 Ει
1367 3032 1696 3104 Gregorius,
1736 3035 1809 3086 lib
1857 3049 1928 3094 ix,

2037 1867 2179 1904 almo
2217 1851 2357 1909 ΒΗ..
2397 1867 2544 1904 num.
2574 1851 2679 1904 20:
2716 1850 3024 1906 Methodins
3079 1853 3145 1906 ad
3189 1855 3524 1908 revocandos
3561 1855 3616 1907 iu

2039 1920 2335 1972 Ecclesiam
2381 1920 2562 1988 lapsos
2583 1959 2597 1982 ,
2628 1921 2856 1974 miriﬁce
2888 1921 3178 1976 laboravit.
3211 1921 3366 1987 Quod
3400 1938 3531 1977 vero
3567 1923 3620 1976 hi

2042 1989 2414 2054 reperirentur
2447 1990 2606 2043 variae
2633 1991 2834 2054 aetatis,
2866 1991 3207 2058 diversaeque
3237 1993 3570 2047 conditionis
3599 2033 3617 2059 ,

2038 2075 2104 2111 ne
2159 2059 2444 2112 vilesceret
2485 2059 2857 2114 ecclesiastica
2903 2060 3186 2126 disciplina
3214 2103 3229 2127 ,
3267 2061 3387 2115 illos
3423 2077 3618 2116 omnes

2038 2129 2248 2180 diverso
2308 2129 2466 2180 modo
2524 2143 2770 2183 censura:
2818 2129 3206 2184 ecclesiasticae
3263 2130 3432 2184 voluit
3493 2147 3618 2186 esse

2037 2197 2332 2269 subjectos.
2359 2198 2723 2269 Quamobrem
2749 2214 2846 2269 pro
2877 2199 3050 2253 salute
3082 2200 3322 2252 omnium
3353 2201 3620 2266 ejusmodi

2035 2267 2395 2338 promulgavit
2420 2267 2679 2338 edictum,
2706 2267 2790 2322 cui
2823 2269 3086 2335 ejusmodi
3117 2269 3304 2325 titulus
3339 2273 3612 2338 reperitur

2037 2337 2382 2408 inscriptus:
2423 2335 2677 2408 Met/radii
2711 2339 3034 2391 sanctissimi
3073 2335 3414 2408 patriarchte'
3444 2339 3615 2395 Cous-

2035 2405 2462 2472 tantinmiolitani
2489 2446 2503 2469 ,
2529 2407 2692 2476 deiis
2743 2409 2833 2476 qui
2869 2405 3195 2476 abnegarunt
3241 2425 3336 2476 per
3375 2411 3613 2464 diversos

2037 2476 2216 2546 modos
2255 2484 2306 2526 et
2343 2485 2546 2531 aetates.
2598 2475 2826 2546 Moxque
2867 2479 3086 2544 insuper
3131 2475 3299 2532 totum
3347 2493 3617 2533 canonem

2030 2545 2184 2609 juxta
2249 2554 2488 2600 veterum
2539 2547 2932 2615 exemplarium
2991 2549 3322 2612 lectionem,
3376 2562 3615 2614 exacte.

2037 2618 2199 2666 Verbo
2236 2623 2412 2679 tenus,
2441 2615 2586 2668 velut
2616 2617 2844 2671 canonis
2877 2627 2931 2670 et
2974 2619 3212 2672 auctoris
3245 2618 3404 2671 ﬁdem
3433 2620 3620 2672 ﬁrma-

2038 2694 2211 2756 turus.
2232 2696 2442 2756 exarat.
2463 2683 2526 2737 Et
2555 2700 2695 2756 vero
2708 2686 2988 2756 Cedrenns
3014 2687 3128 2756 ipse
3147 2687 3398 2742 haeresim
3423 2705 3617 2756 quam-

2036 2754 2156 2804 dam
2179 2754 2506 2808 exstinctam
2537 2754 2696 2808 simul
2725 2769 2786 2808 ac
2815 2743 3311 2820 nal‘attt,'Mctlmtlii
3340 2743 3620 2813 laboribus

2037 2835 2089 2873 et
2152 2824 2447 2883 industria.
2508 2839 2740 2892 moxque
2791 2825 2909 2892 ejus
2960 2836 3216 2880 auctores
3268 2837 3323 2880 et
3373 2827 3618 2883 aSSt'Clﬂs

2035 2902 2281 2962 cum-tios,
2319 2904 2510 2946 sancto
2548 2895 2844 2948 chrismate
2873 2895 2981 2948 illis
3013 2897 3256 2958 iuuncto,
3290 2897 3341 2950 in
3377 2899 3611 2962 gratiam

2035 2978 2158 3037 cum
2190 2961 2738 3037 Ecclesiafestinatos
2768 2976 3004 3037 enarrat,
3038 2967 3122 3037 his
3143 2968 3351 3037 verbis:
3374 2961 3614 3037 Ἇνεφὺη

2126 3049 2209 3106 τις
2235 3031 2534 3106 aquaeue:
2563 3034 2851 3106 αἵρεσις-ὴ
2885 3034 2990 3088 τῶν
3029 3035 3266 3106 ίΖιλίκων
3296 3031 3568 3106 λεγομένη
3600 3031 3616 3100 ζ

370 3103 532 3185 epist.
553 3101 654 3185 _6~l,
680 3101 852 3184 docet
877 3107 1063 3185 _tribus
1097 3101 1690 3185 modiscousuévisse,
1717 3119 1812 3185 eos
1837 3105 1934 3185 qui

2044 3102 2158 3171 ἥτις
2192 3105 2217 3153 ἃ
2230 3119 2304 3170 μα
2345 3103 2442 3182 εςῴν
2474 3101 2920 3185 ἀρχητῷηΖίὶλκι
2952 3103 3198 3185 ςοῖινομα
3233 3107 3292 3158 ἐν
3329 3101 3444 3169 toti
3475 3101 3618 3185 tisi}-

370 3171 512 3244 apud
553 3172 838 3244 haereticos
876 3174 1092 3244 fuerant
1140 3174 1400 3244 baptizati
1432 3212 1447 3234 ,
1482 3174 1692 3227 admitti
1736 3175 1802 3226 ad
1835 3173 1936 3226 Ec-

371 3240 592 3294 clesiam
655 3242 998 3298 catholicam.
1049 3243 1154 3298 Per
1200 3240 1670 3298 continuationem
1727 3261 1740 3296 :
1796 3244 1936 3310 quod

371 3310 608 3365 faciebat
652 3312 900 3367 Ecclesia
933 3314 1304 3369 occidentalis.
1357 3311 1458 3366 Per
1489 3315 1799 3367 unetionem
1829 3352 1843 3375 ,
1889 3313 1936 3364 i-l

373 3390 458 3434 εει
505 3395 602 3448 per
653 3381 1043 3452 adhibitiOuem
1110 3383 1447 3452 chrismatis.
1501 3385 1643 3452 quod
1687 3383 1936 3452 catholici

373 3451 826 3520 apudhaéreticos
867 3453 1120 3519 putabant
1157 3469 1280 3508 esse
1314 3451 1616 3518 profanum,
1642 3455 1782 3520 quod
1807 3451 1940 3506 faci-

372 3520 499 3592 ebat
522 3519 760 3574 Ecclesia
785 3523 1086 3576 orientalis.
1127 3523 1227 3578 Per
1255 3519 1842 3592 professiom-mrcctac
1879 3523 1939 3575 ti-

372 3588 498 3658 dei,
540 3592 680 3658 quod
721 3592 916 3645 alicubi
951 3603 1070 3646 erat
1098 3593 1150 3644 in
1188 3588 1306 3646 usit.
1341 3591 1465 3646 Haec
1489 3593 1595 3646 ille.

449 3656 576 3710 Dico
617 3661 796 3723 tertio,
835 3663 999 3728 lapsis
1045 3679 1074 3716 a
1107 3663 1210 3716 ﬁdc
1234 3673 1286 3716 et
1318 3665 1383 3716 ad
1423 3663 1724 3717 Ecclesiauu
1759 3677 1940 3715 rever-

374 3729 452 3782 sis
479 3729 768 3797 aliquando
794 3732 1087 3785 adhibitam
1123 3735 1434 3786 unctionem
1468 3733 1625 3784 simul
1658 3748 1776 3784 cum
1811 3749 1937 3800 pro-

375 3803 717 3872 tmmiauoue
754 3805 1063 3868 verborum,
1100 3819 1221 3872 quae
1249 3803 1420 3857 solent
1447 3805 1499 3856 in
1523 3804 1939 3856 conﬁrmatione

375 3871 650 3936 usurpari,
683 3871 1069 3940 prael'atamque
1102 3871 1410 3926 unctionem
1443 3873 1732 3938 aliquando
1771 3872 1940 3924 fuisse

375 3952 557 3991 veram
598 3941 922 3994 sacramenti
958 3943 1702 4006 conﬁrmationismateriam,
1725 3945 1940 4008 quando

371 4009 557 4082 verbis
586 4020 844 4079 tanquam
880 4025 1021 4066 vera:
1050 4013 1238 4066 format
1292 4012 1534 4082 ejusdem
1567 4013 1895 4064 sacramenti
1922 4053 1936 4076 ,

377 4081 558 4142 idest,
593 4095 755 4148 super
783 4096 888 4135 non
924 4083 1262 4136 conﬁrmatis
1289 4081 1582 4149 ,prolatis,
1617 4083 1941 4148 subjicicba-

374 4159 462 4204 tur
496 4165 512 4213 ;
554 4151 846 4218 aliquando
874 4166 1002 4206 vero
1028 4154 1197 4206 fuisse
1227 4169 1361 4221 pure
1399 4153 1854 4206 t'econciliativam
1887 4161 1942 4204 ct

375 4222 828 4283 caeremonialem,
869 4225 1084 4290 quando
1116 4223 1304 4276 iisdem
1339 4223 1518 4276 verbis
1550 4236 1712 4290 super
1739 4223 1938 4276 contir-

282 4305 288 4313 ·
375 4292 554 4352 matis,
585 4291 966 4358 prommtiatis,
1009 4293 1402 4346 subserviebat.

447 4358 631 4412 Fidem
685 4362 886 4429 praebet
937 4359 1306 4428 Itujus'tertia:
1349 4361 1668 4415 assertiouis
1725 4361 1939 4419 veritati

377 4431 550 4482 sautti
609 4430 864 4500 Methodii
909 4435 1234 4500 auctoritas,
1285 4433 1375 4498 qui
1433 4431 1680 4497 praesenti
1730 4446 1942 4484 canone
1973 4439 2020 4496 ι)

376 4501 564 4561 edito,
611 4504 827 4552 modum
861 4515 968 4567 quo
1013 4499 1288 4570 transfuga
1327 4501 1558 4569 quisque
1606 4516 1634 4552 a
1671 4500 1776 4552 ﬁde
1799 4540 1815 4564 ,
1847 4516 1943 4570 pro

375 4581 576 4633 aetate,
639 4583 694 4622 et
747 4571 991 4634 viribus,
1056 4569 1313 4624 Ecclesia:
1382 4572 1518 4623 foret
1578 4569 1944 4626 reatituendus

376 4640 548 4711 inluxit
579 4656 592 4692 :
633 4649 964 4708 cunctosque
1003 4639 1256 4711 καθάπερ
1275 4641 1324 4692 οἱ
1355 4639 1767 4710 βαπτιζόμενοι,
1801 4657 1944 4695 more

377 4709 802 4780 sontica-torum,
843 4721 1116 4778 unguento
1166 4709 1324 4765 sacro
1358 4709 1537 4765 denuo
1583 4712 1706 4780 ungi
1754 4713 1942 4766 voluit.

375 4778 547 4846 Quam
569 4789 967 4838 auctoritatem
993 4781 1282 4836 advertens
1310 4783 1597 4847 Arcadius,
1633 4778 1791 4836 modo
1826 4797 1946 4837 sus-

380 4863 593 4916 picatur
627 4865 750 4902 eum
788 4864 1052 4903 cauonem
1090 4867 1193 4904 ιιοιι
1234 4866 1354 4906 esse
1404 4854 1642 4906 auctoris
1699 4852 1841 4906 illius
1891 4861 1947 4906 et

379 4928 550 4972 sancti
584 4919 836 4972 llletnodii
867 4935 1002 4987 opus
1033 4922 1344 4990 genuinum,
1372 4923 1462 4975 sed
1489 4923 1710 4975 alterius
1736 4921 1937 4978 Metho-

380 4993 449 5040 till
502 4991 832 5043 schismattci
878 4991 1066 5044 factum
1101 4993 1460 5046 adulterinum
1499 5011 1513 5045 :
1546 4997 1704 5046 modo
1731 4995 1798 5048 de
1833 4997 1940 5048 ha:-

381 5061 562 5113 t'cttcis
613 5078 716 5113 nou
772 5062 1107 5117 continuatis
1155 5078 1460 5117 sermonem
1516 5064 1703 5117 habEri
1751 5079 1946 5119 :nunc

382 5133 783 5202 corruptionem
839 5133 891 5184 in
933 5147 1196 5186 canonem
1249 5134 1580 5202 irrepsisse:
1636 5144 1691 5187 et
1729 5135 1942 5188 tandem

380 5201 774 5270 (pralismmque
842 5203 1150 5256 Methodius
1208 5201 1398 5257 auctor
1451 5206 1652 5265 fuerit,
1720 5204 1945 5256 modicae

380 5271 726 5325 aneionitatts
759 5274 926 5327 fuisse
955 5277 1118 5327 audet
1148 5288 1394 5328 asserere
1423 5284 1480 5327 ut
1512 5277 1670 5327 ritum
1723 5276 1944 5327 omnino

382 5343 853 5395 condemnandum
884 5383 898 5408 ,
939 5356 990 5399 et
1027 5359 1135 5412 quo
1166 5345 1380 5398 videtur
1413 5345 1595 5397 iterari
1648 5347 1944 5397 conﬁrma—

383 5416 547 5466 tionis
596 5414 995 5467 sacramentum
1056 5419 1107 5468 in
1179 5413 1472 5469 Ecclesium
1521 5416 1814 5467 induceret.
1875 5417 1944 5467 At

381 5487 558 5552 primo
589 5500 708 5536 cum
744 5498 846 5536 ms.
889 5496 1142 5538 sexcenta
1165 5527 1178 5549 ,
1212 5499 1384 5552 eaque
1430 5483 1698 5537 Methodio
1729 5483 1944 5550 juniore

381 5553 733 5607 SCIIi‘tltttllCO
771 5565 923 5607 extra
953 5555 1172 5610 dubium
1199 5569 1366 5609 omne
1388 5556 1710 5622 antiquiora,
1736 5567 1788 5605 et
1817 5571 1944 5606 anc-

383 5634 530 5676 tores
560 5624 697 5676 inter
722 5623 944 5678 Latinos
965 5627 1165 5694 pariter
1185 5640 1247 5676 ac
1270 5625 1488 5677 Graecos
1512 5641 1613 5676 non
1639 5625 1942 5690 eXt'ipictttli

386 5694 729 5755 sanctissimo
769 5711 922 5766 aeque
955 5713 1016 5749 ac
1069 5697 1380 5750 doctissimo
1417 5694 1685 5749 Methodto
1734 5697 1942 5748 rentes-

2041 3189 2268 3244 κρηταις
2291 3173 2532 3224 τελοῦντι
2566 3172 2799 3242 ἀπέσϐη,
2825 3173 2918 3226 καὶ
2949 3172 3302 3244 διερρὖκεν·
3331 3175 3502 3228 αὐτοῦ
3555 3172 3616 3230 ξε

2042 3244 2135 3314 καὶ
2180 3242 2287 3293 τῶν
2319 3246 2600 3314 ὲτοῄμενῳν
2641 3244 2790 3313 αὐτῷ
2839 3242 3273 3314 μετενεχθέντων
3319 3249 3398 3308 εἰς
3435 3246 3621 3300 θεοσέ-

2041 3313 2214 3375 ϐεωιν,
2249 3314 2341 3383 καὶ
2364 3312 2436 3378 τῷ
2461 3311 2588 3378 ὑείῳ
2623 3311 2779 3383 μύρῳ
2803 3311 3133 3383 χρισθένέὼν
3159 3332 3216 3366 τε
3272 3316 3365 3368 καὶ
3395 3316 3620 3369 τελειω-

2042 3383 2266 3434 θέντων.
2313 3382 2422 3435 Sub
2465 3385 2558 3434 hoc
2604 3382 2811 3451 tempus
2843 3383 3058 3436 haeresis
3099 3386 3342 3451 quwdam
3382 3383 3616 3439 Zilicum

2043 3467 2249 3504 nonuue
2295 3468 2477 3505 exorta
2507 3451 2669 3504 simul
2712 3469 2827 3506 rum
2863 3454 3096 3524 principe
3126 3470 3220 3507 suo
3251 3453 3424 3508 Zilice
3463 3458 3552 3524 qui
3585 3473 3620 3508 a

2041 3523 2258 3576 8t’t‘l'dli8
2293 3530 2405 3574 erat
2428 3561 2443 3592 ν,
2473 3523 2731 3574 exstincta
2758 3533 2805 3576 et
2845 3523 3102 3588 dissipata
3131 3534 3204 3578 est
3227 3565 3242 3590 ,
3275 3527 3386 3592 ipso
3414 3523 3479 3578 et
3503 3541 3622 3578 sec-

2043 3594 2298 3664 tutoribus
2366 3591 2434 3645 ad
2481 3608 2652 3664 veram
2699 3591 3338 3664 religionemiconversis,
3366 3610 3624 3664 sacroque

2042 3663 2328 3734 chrismate
2385 3663 2557 3734 unctis
2588 3671 2639 3734 _et
2689 3663 2956 3734 perfectis.
2999 3663 3206 3730 Quibus
3250 3665 3453 3730 verbis,
3505 3663 3624 3734 χρι-

2043 3731 2280 3783 σοέντων
2319 3748 2376 3783 τε
2415 3733 2508 3784 καὶ
2529 3730 2955 3803 ⁴ξελειωθέν-ιων,
2989 3735 3262 3803 auctisque
3291 3744 3338 3787 et
3369 3730 3622 3787 consum-

2042 3803 2240 3862 nmtis,
2273 3803 2386 3854 sive
2433 3801 2728 3868 perfectis;
2776 3812 2972 3869 praeter
3021 3801 3327 3857 unctionem
3377 3805 3625 3871 praefatis

2045 3871 2314 3925 haereticis
2339 3872 2658 3942 adhibitam,
2684 3872 2922 3942 insinuat
2949 3888 3162 3942 quoque
3182 3887 3346 3942 super
3372 3889 3472 3927 eos
3499 3889 3624 3940 pro-

2041 3943 2289 3993 nuntiata
2336 3941 2498 3994 verba
2525 3941 2960 3994 conﬁrmationis
2981 3941 3135 4010 juxta
3169 3941 3454 4010 pracfatum
3507 3944 3622 3998 Me-

2044 4010 2211 4063 thodii
2259 4026 2546 4070 caoouem.
2590 4011 2821 4064 Pet-fecti
2865 4013 3009 4064 etaim
3041 4025 3198 4066 sacro
3231 4021 3508 4080 unguento
3538 4014 3622 4067 di-

2043 4082 2326 4140 cebautur,
2363 4097 2466 4133 non
2503 4092 2710 4133 tantum
2740 4081 2935 4147 quibus
2955 4081 3066 4135 sola
3103 4081 3285 4134 unctio
3313 4083 3624 4150 applicare-

2045 4158 2153 4212 tur,
2213 4151 2306 4202 sed
2358 4163 2615 4216 prailct'ca
2654 4167 2817 4218 super
2847 4167 2982 4218 quos
3019 4151 3178 4203 verba
3217 4155 3473 4217 praedicta
3511 4163 3602 4205 tau

2043 4233 2204 4287 quam
2253 4219 2530 4288 perfectio.
2583 4231 2635 4271 et
2690 4221 3144 4288 cotuplemcntum
3215 4221 3617 4286 proferrentur.

2043 4291 2367 4362 Quanquam
2396 4304 2570 4356 neque
2607 4293 2718 4343 lucc
2745 4292 2954 4362 verba,
2992 4291 3098 4342 imo
3129 4305 3252 4362 nec
3281 4292 3446 4342 ullam
3485 4308 3626 4362 pra:-

2043 4362 2202 4412 tliclae
2244 4358 2601 4412 Methodiauae
2642 4361 2978 4414 caeremoniae
3025 4360 3378 4426 particulam,
3430 4358 3626 4416 Sacra-

2051 4429 2214 4482 menti
2251 4430 2503 4482 virtutem
2546 4429 2814 4492 obtinere,
2843 4429 3186 4483 contendam.

2114 4497 2277 4552 Forte
2307 4499 2429 4568 quis
2461 4500 2640 4564 dicet,
2693 4500 2962 4568 hiucnon
3007 4500 3220 4567 probari
3256 4513 3321 4553 ex
3371 4499 3629 4556 Cedreno

2049 4567 2337 4638 praefatum
2388 4583 2653 4638 canonem
2708 4567 2876 4624 fuisse
2909 4570 3274 4637 antiquissimi
3315 4571 3460 4622 illius
3512 4570 3629 4624 hle-

2051 4635 2239 4692 iltodii.
2276 4641 2345 4692 At
2372 4635 2494 4693 etim
2524 4641 2694 4706 possit
2725 4649 2929 4692 tantum
2971 4635 3170 4702 tribui,
3201 4639 3282 4692 vel
3315 4655 3478 4706 supra
3512 4656 3631 4692 me-

2051 4722 2263 4763 morato
2313 4707 2582 4762 Methodio
2641 4709 3036 4774 illustrissimo,
3091 4711 3182 4777 qui
3239 4710 3422 4763 floruit
3475 4711 3632 4766 circa

2050 4791 2250 4832 anmun
2282 4779 2386 4832 840
2417 4788 2472 4832 ct
2520 4788 2814 4846 sequentes
2848 4796 2861 4832 :
2908 4790 3001 4832 aut
3047 4780 3202 4831 alteri
3242 4781 3631 4847 schismatico,

2048 4851 2296 4920 quicirca
2319 4863 2518 4920 aurium
2550 4848 2688 4902 1240
2711 4849 2892 4902 sedem
2921 4849 3636 4920 obtinuitConstantinopo-

2050 4919 2272 4970 litauam
2305 4937 2316 4972 :
2353 4918 2630 4972 Cedrenus
2659 4933 2784 4971 vero
2822 4919 3030 4972 medius
3057 4921 3218 4972 fuerit
3247 4920 3390 4972 circa
3426 4918 3634 4974 annum

2051 4989 2208 5051 iU’iU,
2231 5003 2334 5041 non
2363 4999 2584 5056 possunt
2617 4989 2878 5057 uouloqui
2907 4991 3006 5042 nisi
3036 4995 3102 5044 de
3129 4991 3307 5058 priore
3333 4989 3632 5046 Metltodio.

2127 5060 2324 5111 Deinde
2366 5072 2495 5112 vero
2528 5061 2670 5126 quod
2709 5060 2785 5111 ait
2836 5060 3105 5113 Arcutlius
3131 5099 3146 5122 ,
3179 5059 3322 5111 hunc
3361 5074 3633 5113 canonem

2049 5129 2306 5181 Metltodii
2355 5127 2578 5198 intelligi
2615 5129 2682 5180 de
2737 5130 3130 5198 inconsignatis
3157 5168 3170 5193 ,
3213 5144 3306 5182 seu
3351 5131 3447 5196 qui
3491 5129 3634 5195 apud

2049 5202 2336 5254 haereticos
2373 5213 2476 5251 non
2519 5199 2750 5252 fuissent
2791 5201 3116 5263 conlirmati,
3169 5198 3282 5251 sive
3317 5202 3466 5266 quod
3507 5201 3635 5252 illud

2049 5279 2448 5323 Sacramentqu
2483 5269 2885 5336 neglexissent,
2916 5269 3000 5322 vel
3027 5269 3251 5321 oaunino
3284 5271 3634 5336 rejeciSscut,

2049 5349 2104 5391 ut
2129 5342 2201 5393 de
2226 5339 2539 5394 Novatianis
2567 5338 2714 5392 clare
2748 5349 2976 5391 testatur
3010 5339 3388 5392 'l‘heodorctus
3409 5342 3632 5403 citatus,

2049 5410 2126 5463 De
2169 5409 2369 5478 fabulis
2413 5410 2783 5462 Itwreticorum
2811 5450 2824 5474 ,
2862 5411 2974 5463 sive
3009 5411 3154 5477 quod
3203 5409 3344 5460 inter
3391 5421 3488 5464 eos
3527 5426 3630 5461 non

2047 5491 2231 5534 essent
2263 5479 2374 5534 veri
2409 5480 2670 5547 episcopi,
2701 5480 2752 5532 id
2777 5491 2861 5532 est
2881 5518 2896 5544 ,
2931 5494 3056 5532 vere
3083 5479 3346 5540 ordinati,
3376 5483 3467 5545 qui
3506 5481 3634 5531 illud

2047 5551 2491 5604 administrarent
2548 5568 2560 5604 :
2617 5551 2694 5612 id,
2741 5552 2957 5616 inquam
2979 5587 2995 5612 ,
3029 5565 3133 5602 non
3163 5560 3245 5601 est
3279 5563 3411 5601 vero
3437 5550 3634 5603 simile.

2046 5620 2229 5689 Neque
2248 5623 2448 5674 etenim
2474 5621 2539 5674 de
2557 5636 2663 5673 uno
2680 5629 2772 5674 aut
2796 5623 2967 5672 altero
3006 5621 3382 5674 haereticorum
3414 5635 3633 5688 genere,

3512 5705 3634 5757 puta
