3950 6166
1412 137 1444 162 /

257 291 394 361 i309

1279 297 1378 358 DE
1419 299 1523 360 IlS
1561 299 1694 370 QUI
1737 301 2281 374 ABNEGARUNT,
2323 304 2482 364 ETC.
2523 293 2528 299 ’

3372 307 3504 367 1310

251 407 332 477 τῷ
354 404 595 474 θανάτῳ.
627 403 800 470 Αὐτὸς
829 405 936 477 γὰρ
964 406 1042 469 ὡς
1065 405 1440 480 εὖσπλαγχνος
1469 417 1744 486 Δεσπότης
1765 455 1778 477 ,
1807 419 1836 468 ὁ

1943 417 2292 474 incurrimus.
2341 417 2457 486 lpse
2511 430 2740 484 namque
2791 426 2842 468 nt
2893 417 3154 488 benignus
3209 421 3505 484 Dominus,

252 495 412 560 εἰδὼς
455 496 558 568 τὴν
588 499 980 568 καταστροφὴν
1019 499 1178 570 ήμῶν
1226 501 1310 555 ὅτι
1343 506 1560 576 πονηρὰ
1581 549 1594 573 ,
1629 508 1837 561 nales:

251 588 529 640 κατέπιεν·
563 589 712 659 ἡμᾶς
758 589 986 659 ἰσχύσας
1029 591 1058 642 ὁ
1101 591 1368 659 θάνατος,
1420 596 1840 667 σπλαγχνισθεὶς

251 677 341 748 ἐφ’
373 679 544 750 ἡμᾶς,
577 678 750 732 σῶσαι
781 680 1082 752 εὐδόκησας
1111 682 1173 736 τὸ
1202 685 1293 738 σὸν
1327 686 1551 756 πλάσμα
1570 731 1584 753 ,
1622 693 1839 762 μορφὴν

250 769 448 824 δούλου
469 769 672 838 λασὼν,
698 772 793 826 καὶ
817 771 896 843 τῷ
918 772 1132 847 θανάτῳ
1143 777 1502 846 συμπλακεὶς
1527 781 1838 838 ἀνεκαλέσω

250 862 352 933 τὴν
382 862 482 934 σὴν
503 863 711 930 εἰκόνα,
751 865 1131 939 ἐλευθερώσας
1171 871 1319 940 ἡμᾶς
1347 872 1447 942 τῆς
1472 871 1718 940 ἐξουσίας
1743 877 1836 930 τοῦ

253 953 512 1022 θανάτου,
545 957 641 1010 καὶ
683 957 964 1029 ὀδηγήσας
1012 961 1160 1031 ἡμᾶς
1193 963 1275 1026 εἰς
1312 963 1430 1019 ὁδὸν
1461 967 1738 1036 σωτηρίας
1769 972 1834 1039 τῇ

251 1048 614 1119 ἀναγεννήσει
637 1050 735 1104 τοῦ
765 1051 925 1121 ἁγίου
957 1069 1054 1106 σου
1085 1054 1425 1122 Πνεύματος,
1453 1059 1548 1112 καὶ
1571 1059 1838 1124 σωθέντες

226 1141 318 1208 ,τῇ
348 1141 416 1209 σῇ
457 1139 672 1210 χάριτι,
717 1141 1066 1214 ἀνυμνοῠμεν
1094 1143 1194 1215 τὴν
1224 1147 1542 1216 οἰκονομίαν
1570 1165 1662 1202 σου
1691 1191 1705 1212 ,
1743 1152 1836 1204 καὶ

249 1232 488 1303 δεόμεθα
509 1274 524 1296 ,
554 1237 649 1289 καὶ
681 1235 1024 1308 ἱκετεύομεν,
1060 1238 1158 1292 καὶ
1183 1239 1617 1312 παρακαλοῦμεν
1655 1245 1714 1294 ἐν
1768 1245 1834 1313 τῇ

249 1325 486 1396 δευτέρᾳ
515 1343 608 1380 σου
637 1327 946 1400 παρουσίᾳ,
980 1329 1104 1382 καθ’
1135 1329 1203 1402 ἢν
1239 1330 1454 1400 μέλλεις
1485 1337 1668 1404 κρῖναι
1702 1333 1838 1397 ζῶν-

250 1432 353 1480 τας
405 1420 501 1472 καὶ
547 1419 806 1490 νεκροὺς,
847 1421 942 1474 καὶ
987 1421 1286 1475 ἀποδοῦναι
1323 1425 1539 1494 ἑκάστῳ
1587 1425 1729 1478 κατὰ
1770 1427 1837 1480 τὰ

250 1507 393 1578 ἔργα
435 1509 622 1562 αὐτοῦ.
655 1511 943 1582 Μνήσθητι
970 1510 1062 1564 τοῦ
1091 1512 1274 1576 ἐλέους
1309 1531 1402 1566 σου
1425 1556 1437 1580 ,
1475 1516 1560 1568 ὅτι
1595 1517 1704 1570 ἀπὸ
1741 1517 1834 1570 τοῦ

251 1597 452 1662 αἰῶνός
481 1602 599 1652 ἐστι
619 1643 634 1667 ,
665 1599 759 1653 κα)⁸
812 1601 1201 1673 ὑπερϐέϐηκας
1230 1602 1298 1656 τὰ
1327 1603 1650 1676 ἀνθρώπινα
1678 1605 1834 1676 ἡμῶν

251 1689 608 1758 πταίσματα,
639 1690 733 1742 καλ¹
765 1690 1236 1764 πλημμελήματα·
1272 1695 1368 1748 καὶ
1387 1697 1671 1766 παράσχου
1702 1698 1834 1766 ἡμῖν

1940 510 2118 564 exitus
2163 509 2335 563 nostri
2378 509 2489 561 visa
2522 509 2752 572 malitia,
2787 507 3160 564 misericordia
3197 525 3358 579 super
3410 525 3509 562 nos

1941 613 2152 664 motus,
2190 615 2256 656 eo
2289 601 2430 670 quod
2471 600 2802 654 ittv:t|escens
2833 601 3116 655 adversum
3165 617 3262 656 nos
3304 603 3505 656 lethum

1940 707 2039 747 nos
2071 693 2442 764 subjugasset,
2487 701 2791 746 creaturam
2835 702 2980 746 tuam
3023 693 3294 747 redimere
3321 693 3509 748 decre-

1939 785 2086 847 visti,
2121 793 2177 840 et
2211 785 2350 838 servi
2392 783 2564 837 forma
2601 795 2820 853 accepta
2843 829 2858 853 ,
2888 803 3010 841 cum
3044 771 3220 840 morte
3250 796 3507 854 congres-

1939 896 2031 935 sus
2059 881 2344 950 imaginem
2379 889 2524 934 tuam
2558 879 2611 931 in
2644 879 2799 934 nobis
2847 881 3110 948 reparasti
3138 921 3154 944 ,
3192 888 3509 948 propterezh

1939 985 2042 1039 que
2069 985 2098 1022 a
2132 970 2323 1025 mortis
2367 981 2634 1038 potestate
2668 969 2881 1037 erepti,
2933 979 2986 1024 et
3036 970 3087 1023 in
3135 970 3278 1022 viam
3318 967 3508 1023 salutis

1939 1063 2110 1118 sancti
2141 1059 2377 1131 Spiritus
2408 1059 2816 1127 regeneratione
2841 1061 3078 1126 deducti,
3109 1061 3391 1130 gratiaque
3419 1067 3508 1112 tua

1937 1155 2150 1219 salvati,
2181 1153 2533 1221 providentiae
2559 1163 2660 1206 tua:
2683 1153 3090 1220 dispositionem
3115 1151 3460 1206 celebramus
3491 1165 3506 1203 :

1939 1258 2298 1313 rogamusque
2320 1283 2333 1307 ,
2369 1243 2735 1312 supplicamus
2758 1285 2771 1305 ,
2819 1252 2874 1297 et
2922 1244 3271 1298 obsecramus
3297 1281 3312 1308 ,
3345 1249 3404 1294 ut
3429 1239 3502 1292 tio
3589 1275 3600 1280 -

1938 1334 2173 1390 secundo
2204 1343 2293 1387 tuo
2322 1334 2578 1396 adventu,
2610 1347 2717 1402 quo
2742 1335 2894 1388 vivos
2925 1345 2978 1388 et
3019 1341 3264 1387 mortuos
3297 1330 3508 1400 judica-

1939 1436 2088 1480 tnrus
2117 1441 2200 1490 es,
2241 1434 2294 1480 ct
2338 1424 2627 1493 unicuique
2673 1425 2966 1480 secundum
3001 1438 3166 1494 opera
3198 1438 3293 1478 sua
3325 1422 3508 1478 reddi-

1939 1529 2111 1583 turus,
2141 1515 2528 1570 miscricordire
2563 1525 2666 1570 tua;
2691 1559 2706 1582 ,
2737 1531 2856 1584 qua:
2886 1530 2914 1568 a
2950 1515 3146 1569 sreculo
3177 1524 3284 1578 est,
3318 1514 3509 1566 memi-

1939 1611 2120 1664 neris:
2155 1616 2209 1662 et
2236 1609 2360 1675 quia
2392 1608 2624 1661 humana
2655 1620 2838 1660 nosll‘a
2880 1607 3075 1660 delicta
3109 1606 3287 1659 minus
3317 1605 3510 1658 obser-

1939 1683 2063 1765 vas,
2095 1699 2582 1754 reconciliationem
2632 1699 2937 1768 petentibus
2971 1697 3230 1761 concede,
3262 1705 3318 1750 et
3350 1709 3510 1750 omne

255 1756 486 1850 ἱλασμδν
525 1782 640 1844 τοῖς
686 1756 1026 1852 αἰτουμένοις
1051 1756 1119 1836 ’σε
1141 1823 1154 1848 ,
1189 1785 1284 1837 καὶ
1330 1756 1688 1858 συγχωρησον
1723 1756 1834 1842 πᾶν

1941 1792 2187 1846 delictum
2239 1803 2592 1860 spontaneum
2645 1799 2699 1845 et
2769 1789 3228 1860 involuntarjgln,
3271 1787 3510 1841 scienter

121 1869 613 1942 Jpémwpa
651 1871 902 1927 ἑκούσιόν
923 1891 984 1928 τε
1019 1875 1110 1928 καὶ
1143 1874 1418 1940 ἀκούσιον,
1454 1878 1511 1930 ὲν
1538 1877 1738 1946 γνώσει
1775 1895 1834 1932 τε

1699 1971 1878 2026 ικαὶ-

1154 1983 1354 2027 ρωπος.
1387 1967 1656 2027 δς-ζῄαετ

253 1965 350 2015 καὶ
379 1961 596 2032 ἀγνοίᾳ.
629 1963 1021 2040 Οιίζγᾴρθὲστιν
1047 1965 1446 2040 mw

251 2054 354 2124 οὐχ
373 2053 1151 2129 έμεξωῆξξξάτῖία
1190 2059 1373 2128 ήμέρα
1413 2060 1636 2130 γένηται
1667 2063 1694 2114 ὁ
1723 2061 1836 2132 βίος

251 2144 420 2196 αὐτοῦ
453 2145 549 2198 ἐπὶ
571 2147 672 2215 τῆς
700 2149 824 2217 γῆς.
857 2146 953 2211 Τίς
983 2148 1092 2220 γὰρ
1123 2151 1460 2220 καυχήσεται
1493 2153 1666 2224 ἁγνὴν
1689 2152 1836 2224 ἔχειν

251 2236 351 2302 τήν
399 2236 632 2304 καρδίαν
667 2237 938 2310 αὐτοῦςῆ
979 2239 1068 2302 τίς
1109 2242 1549 2312 παρρησιάσεται
1593 2245 1836 2317 καθαρὸς

256 2325 528 2411 ὑπάρχειν
556 2325 666 2381 ἀπὸ
693 2329 968 2399 ἁμαρτίας
993 2349 1008 2398 ;
1050 2331 1252 2396 πάντες
1284 2335 1393 2404 γὰρ
1425 2336 1750 2408 ἡμάρτομεν
1779 2341 1837 2393 ὲν

253 2416 440 2485 λόγοις
475 2417 572 2471 καὶ
595 2418 780 2490 ἔργοις
805 2420 1036 2475 ὲνὼπιόν
1069 2439 1164 2476 σου
1187 2464 1202 2488 ,
1231 2427 1326 2478 καὶ
1362 2427 1704 2500 στερούμεθα
1737 2431 1834 2501 τῆς

255 2507 356 2577 σῆς
393 2507 595 2578 δόξης,
629 2508 944 2576 ἐλπίζοντες
985 2511 1444 2584 δικαιωθήσεσθαι
1486 2519 1578 2572 ἐπὶ
1610 2519 1706 2573 τοῦ
1739 2537 1835 2589 φο-

253 2597 418 2668 ϐεροῦ
455 2599 553 2652 καὶ
591 2599 822 2671 φρικτοῦ
855 2601 1100 2671 βήματός
1142 2621 1267 2668 σου,
1308 2607 1400 2660 καὶ
1439 2608 1539 2660 οὑκ
1571 2608 1631 2672 ἐξ
1660 2609 1838 2680 ἔργων

250 2687 632 2761 δικαιοσύνης.
659 2689 732 2742 Οὐ
761 2689 870 2761 γὰρ
899 2692 1243 2763 ἐποιήσαμεν
1279 2711 1332 2748 τι
1362 2696 1569 2762 ἀγαθὸν
1615 2699 1707 2751 ἐπὶ
1736 2699 1838 2768 τῆς

255 2779 359 2846 γῆς
379 2817 394 2842 ,
426 2777 546 2832 ἀλλ’
579 2780 645 2832 ὲκ
674 2779 912 2840 πίστεως
938 2778 1173 2850 ἀληθοῦς
1195 2821 1211 2846 ,
1247 2783 1337 2834 καὶ
1375 2785 1476 2854 τῆς
1504 2786 1584 2846 είς
1617 2785 1674 2836 σὲ
1703 2785 1836 2854 ὁμο-

255 2869 472 2937 λογίας.
498 2869 572 2922 Τὸ
596 2869 707 2940 γὰρ
728 2870 1052 2924 ἐπίστασθαί
1073 2888 1154 2936 σε,
1177 2871 1468 2944 ὁλόκληρος
1497 2874 1833 2946 δικαιοσύνη·

257 2961 438 3015 καὶτὸ
479 2961 677 3016 εἰδέναι
709 2977 800 3014 σου
833 2963 893 3014 τὸ
937 2962 1166 3033 κράτος,
1196 2965 1322 3034 ῥίζα
1361 2965 1684 3029 ἀθανασίας.
1731 2969 1838 3020 Καὶ

1655 1987 1714 2035 και
1743 1975 1836 2026 καὶ
1868 2015 1878 2020 -
1937 1975 1970 2030 ιι

1975 1988 2026 2029 Ol

2027 1989 2098 2028 no

2143 1988 2194 2042 (μ

1937 1885 2019 1937 vel
2047 1885 2364 1954 ignoranter
2394 1885 2768 1944 commissum,
2799 1849 3220 1937 condanaT‘ion
3247 1881 3390 1933 enint
3427 1889 3508 1932 est

2220 1975 2232 2028 i
2275 1975 2414 2028 vivat
2467 1985 2522 2028 et
2557 1990 2660 2027 tton
2703 1981 2926 2041 peccet,
2961 1971 3174 2027 etiamsi
3209 1971 3368 2024 unius
3401 1968 3512 2026 diei

1937 2065 2006 2118 sit
2049 2065 2160 2118 vita
2193 2063 2308 2132 ejus
2353 2080 2516 2130 super
2547 2073 2766 2117 terram.
2802 2064 2932 2130 Quis
2977 2064 3120 2116 enim
3155 2063 3412 2115 mundum
3447 2073 3507 2113 se

1937 2171 2032 2210 cor
2059 2157 2262 2210 habere
2297 2156 2652 2226 gloriabitur?
2703 2168 2795 2208 aut
2821 2157 2940 2224 quis
2975 2169 3033 2209 se
3069 2169 3098 2207 ο
3137 2163 3359 2224 peccato
3401 2154 3508 2207 im-

1938 2261 2153 2301 munem
2183 2263 2302 2300 esse
2334 2247 2610 2316 proferet?
2637 2243 2772 2300 Ecce
2801 2261 2988 2299 omnes
3032 2245 3212 2299 verbis
3241 2253 3294 2297 et
3327 2242 3509 2311 operi-

1937 2339 2038 2392 bus
2063 2353 2244 2392 coram
2273 2349 2322 2390 te
2346 2353 2652 2405 peccamus,
2683 2348 2735 2391 et
2763 2337 2934 2406 gratia
2964 2346 3050 2388 tua
3075 2336 3250 2390 orbati
3279 2349 3467 2388 sumus
3494 2355 3507 2389 :

1937 2439 1990 2483 et
2026 2430 2078 2482 in
2115 2431 2349 2484 timendo
2388 2431 2770 2498 trementloque
2799 2437 2894 2481 tuo
2928 2427 3180 2480 tribnna‘li
3221 2425 3509 2497 iustificari

1936 2535 2250 2590 speramus,
2303 2537 2404 2572 non
2453 2536 2515 2572 ex
2565 2519 2788 2586 iustitiae
2833 2518 3125 2586 operibus,
3178 2516 3308 2569 nihil
3364 2515 3508 2568 enim

1938 2611 2061 2663 boni
2107 2610 2278 2676 super
2327 2622 2522 2661 terram
2572 2609 2800 2677 egimus,
2855 2607 2946 2660 sed
2994 2622 3060 2660 ex
3113 2621 3236 2660 veru
3280 2605 3405 2667 (ide,
3455 2613 3511 2660 et

1938 2703 2171 2756 nominis
2220 2701 2292 2754 tui
2333 2701 2694 2756 ceul'essione.
2736 2699 2888 2752 Scire
2919 2712 3152 2766 namque
3185 2705 3234 2749 te
3265 2695 3504 2762 perfecta

1931 2793 2139 2859 justitia
2171 2803 2274 2856 est,
2303 2802 2356 2846 et
2381 2807 2736 2858 cognoscere,
2771 2791 2964 2854 virtus,
2994 2799 3048 2843 et
3077 2785 3506 2842 immortalitatis

1941 2886 2114 2940 radix.
2168 2883 2382 2938 Scimus
2413 2885 2627 2950 itaque,
2688 2882 3026 2952 proﬁtemur,
3083 2889 3136 2933 et
3189 2878 3504 2941 credimus,

1939 2978 2060 3042 quia
2101 2989 2131 3027 e
2161 2974 2325 3028 nihilo
2349 2975 2413 3026 ad
2444 2988 2564 3026 esse
2600 2986 2695 3024 nos
2725 2969 3018 3033 adduxisti,
3049 2967 3212 3036 lapsis
3251 2967 3508 3020 misertus

255 3053 504 3124 οῐδαμεν,
537 3053 632 3107 καὶ
669 3052 1066 3124 ὁμολογοῦμεν,
1107 3056 1200 3108 καὶ
1250 3057 1602 3126 πιστεύομεν,
1647 3059 1728 3111 ὅτι
1773 3061 1835 3112 σὺ

1941 3083 2014 3127 es,
2047 3075 2333 3135 peccantes
2368 3064 2630 3130 tolerasti,
2665 3073 2718 3117 et
2763 3077 2790 3115 a
2843 3072 3015 3116 morte
3050 3059 3339 3114 revocasti.
3382 3055 3512 3109 Pro-

258 3139 308 3197 εὶ
330 3143 359 3196 ό
393 3148 460 3198 ὲκ
489 3144 586 3197 τοῦ
621 3145 698 3215 μὴ
727 3143 878 3206 ὖντος
909 3146 992 3209 είς
1029 3147 1090 3199 τὸ
1123 3142 1262 3199 εἶναι
1295 3149 1638 3218 παραγαγὼν
1665 3151 1834 3218 ἡμᾶς,

259 3237 353 3290 καὶ
379 3237 809 3308 παραπεσόντας
834 3236 1020 3301 ἐλεῶν,
1063 3239 1159 3291 καὶ
1188 3237 1604 3310 ἁμαρτάνοντας
1633 3240 1836 3310 φέρων,

257 3328 352 3380 καὶ
379 3330 444 3382 ἐκ
475 3326 710 3382 θανάτου
759 3327 1214 3397 ζωοποιούμενος.
1242 3328 1488 3399 Δεόμεθά
1516 3347 1632 3397 σου,
1667 3331 1838 3403 Κύριε

257 3420 288 3470 ό
312 3417 448 3480 Θεὸς
467 3418 652 3489 ἡμῶν,
681 3421 764 3472 ὅτι
793 3435 899 3489 περ
939 3417 1004 3472 ἂν
1032 3420 1353 3490 ⁴ἡμάρτομεν
1378 3419 1608 3474 ἐνώπιόν
1634 3439 1728 3474 σου
1763 3423 1838 3485 ὡς

259 3508 444 3578 σάρκα
473 3507 790 3578 φοροῦντες,
817 3509 912 3562 καὶ
937 3508 1028 3560 τὸν
1054 3509 1260 3578 κόσμον
1297 3508 1489 3562 τοῦτον
1517 3509 1795 3572 οἰκοῦντες
1818 3549 1834 3573 ,

258 3602 360 3655 καὶ
379 3602 666 3658 ἀσθένειαν
696 3603 1094 3674 περικείμενοι,
1125 3603 1236 3656 εἴτε
1264 3602 1468 3672 ἔργοις,
1497 3601 1606 3656 εῐτε
1635 3602 1832 3672 λόγοις,

257 3693 376 3746 εἴτε
421 3692 630 3764 ὲνθυμή
639 3709 825 3764 μασιν,
858 3694 1024 3756 αὐτὸς
1048 3693 1122 3756 ὡς
1151 3693 1375 3761 ἀγαθὸς,
1401 3693 1496 3746 καὶ
1527 3691 1836 3762 φιλάνθρω-

259 3799 369 3846 πος
391 3825 406 3850 ,
439 3784 534 3838 καὶ
564 3784 810 3856 ἐλεήμων
840 3786 1115 3854 Δεσπότης
1136 3825 1151 3848 ,
1182 3785 1308 3847 ἄνες
1330 3823 1345 3848 ,
1381 3782 1519 3853 ἄφες
1543 3822 1559 3848 ,
1605 3783 1799 3853 πάριδε
1821 3822 1836 3847 ,

259 3877 360 3928 καὶ
404 3876 760 3948 συγχώρησον
800 3876 869 3930 τὰ
899 3877 1326 3946 παραπτώματα
1356 3875 1514 3946 ἡμῶν
1544 3877 1658 3939 τοῖς
1708 3877 1841 3944 ὁμοὲ

259 3966 482 4035 λογοῢσι
504 4005 520 4028 ,
556 3969 650 4021 καὶ
696 3966 773 4038 μὴ
813 3966 1058 4038 λογήσῃ.
1093 3968 1229 4038 μηδὲ
1263 3966 1511 4040 είσέλθῃς
1545 3969 1626 4030 εἰς
1658 3967 1838 4038 κρίσιν

263 4057 404 4128 μετὰ
437 4057 546 4111 τῶν
573 4057 775 4112 δούλων
802 4076 918 4124 σου,
952 4059 1032 4112 ὅτι
1069 4059 1129 4110 οὐ
1159 4057 1579 4129 δικαιωθήσεται
1607 4057 1838 4111 ἐνώπιόν

261 4164 360 4202 σου
393 4149 504 4212 πᾶς
535 4149 665 4214 ζῶν.
704 4150 828 4203 Ὀτι
877 4150 941 4203 σὺ
985 4145 1039 4203 εἴ
1083 4149 1244 4220 μόνος
1281 4148 1701 4220 ἀναμάρτητος,
1743 4149 1838 4202 καὶ

1941 3168 2119 3224 pterea
2147 3169 2395 3223 rogamus
2422 3163 2496 3218 te,
2526 3151 2668 3205 Deus
2699 3160 2904 3214 noster,
2941 3159 2996 3204 ut
3030 3148 3386 3218 quodcunque
3416 3157 3512 3200 co-

1940 3262 2054 3298 ram
2087 3255 2137 3298 te
2166 3246 2386 3310 malum,
2421 3260 2518 3298 ceu
2552 3258 2718 3298 carne
2745 3243 2948 3306 onusti,
2977 3251 3030 3296 et
3063 3241 3116 3294 in
3155 3240 3352 3293 mundo
3387 3252 3511 3289 ver-

1941 3339 2064 3404 sati,
2096 3339 2208 3392 sive
2239 3338 2494 3407 operibus
2516 3379 2530 3401 ,
2559 3337 2673 3392 sive
2706 3335 2915 3399 verbis,
2954 3335 3069 3388 sive
3100 3333 3262 3386 etiam
3297 3330 3510 3399 cogita-

1942 3431 2177 3484 tionibus
2209 3430 2642 3498 perpetravimus
2663 3470 2676 3490 ,
2703 3429 2816 3497 ipse
2846 3439 2904 3480 ut
2931 3427 3127 3490 bonus,
3152 3435 3206 3478 et
3234 3425 3510 3478 hominum

1941 3532 2172 3582 amator,
2207 3530 2262 3575 et
2298 3521 2609 3576 misericors
2648 3519 2904 3578 Dominus
2933 3517 3166 3579 relaxes,
3203 3514 3512 3578 condones,

1941 3621 1996 3664 et
2022 3610 2286 3664 remittas.
2311 3609 2494 3664 Parce
2508 3611 2662 3664 nobis
2684 3610 2879 3664 delicta
2908 3607 3314 3670 conlitentibus,
3341 3616 3517 3672 neque

1944 3700 2242 3768 recogites,
2277 3709 2372 3752 aut
2417 3699 2469 3752 in
2503 3697 2764 3764 iudicium
2795 3713 2917 3750 cum
2955 3695 3130 3750 servis
3168 3696 3275 3748 tuis
3311 3693 3512 3756 intres,

1943 3787 2067 3853 quia
2101 3802 2209 3840 non
2236 3785 2623 3854 justiﬁcabitur
2647 3799 2828 3839 coram
2855 3793 2907 3837 te
2929 3783 3108 3837 omnis
3132 3783 3350 3854 ,vivens.
3374 3779 3514 3845 Quia

1947 3889 1998 3932 tu
2029 3879 2174 3934 solus
2192 3878 2309 3933 sine
2337 3890 2557 3948 peccato
2605 3877 2812 3940 elistis,
2838 3887 2890 3929 et
2915 3875 3238 3944 paenitentes
3263 3871 3515 3938 suscipis,

1943 3978 1995 4022 et
2026 3971 2123 4024 tibi
2160 3971 2384 4039 gloriam
2421 3969 2727 4033 referimus,
2754 3967 2926 4032 Patri,
2963 3978 3017 4020 et
3053 3960 3212 4027 Filio,
3237 3970 3292 4018 et
3325 3969 3515 4015 sancto

1947 4058 2172 4128 Spiritui
2219 4078 2233 4114 :
2293 4075 2434 4114 nunc
2468 4069 2522 4113 et
2565 4071 2803 4126 semper,
2844 4066 2897 4109 et
2945 4057 2998 4109 in
3045 4053 3242 4110 saecula
3291 4049 3516 4106 saeculo-

1947 4166 2086 4205 rum.
2119 4153 2312 4204 Amen.
2588 4154 2592 4156 ’

257 4245 551 4317 δεχόμενος
576 4247 705 4310 τοὺς
727 4246 1142 4318 μετανοοῦντας,
1164 4248 1260 4300 καὶ
1287 4246 1368 4299 σοὶ
1389 4245 1487 4318 τὴν
1516 4247 1674 4313 δόξαν
1719 4248 2163 4318 ,ἀναπέμπομεν-
2215 4248 2294 4317 τῷ
2343 4247 2556 4316 Πατρὶ,
2628 4245 2722 4298 καὶ
2793 4240 2870 4310 τῷ
2906 4239 3058 4312 Υίῷ,
3103 4237 3198 4293 καὶ
3246 4235 3325 4308 τῷ
3373 4231 3514 4304 ἁγίῳ

257 4339 568 4410 Πνεύματιο
621 4338 717 4392 νῦν
766 4341 859 4392 καὶ
903 4341 1026 4404 ἀεὶ,
1058 4341 1152 4392 καὶ
1198 4341 1276 4400 είς
1313 4339 1440 4400 τοὺς
1471 4336 1676 4400 αἰῶνας
1720 4337 1828 4392 τῶν
1867 4340 2099 4392 αἰώνων.
2147 4339 2343 4408 Ἀμήν.

782 4475 864 4527 Εὐ
872 4473 947 4543 χὴ
979 4471 1147 4541 ἑτέρα
1178 4472 1316 4543 (‘25).

331 4589 600 4650 Δέσποτα,
627 4587 799 4658 Κύριε
823 4587 992 4648 ὁΘεὺς
1019 4586 1196 4657 ἡμῶν,
1219 4588 1246 4637 ὁ
1267 4587 1363 4646 τὰς
1391 4586 1539 4649 κλεῖς
1563 4584 1840 4656 βασιλείας

257 4698 358 4734 σου
404 4681 604 4750 Πέτρῳ
631 4679 710 4750 τῷ
744 4679 1026 4750 κορυφαίῳ
1061 4677 1169 4730 τῶν
1213 4677 1838 4748 ἀποστόλωνκατεμπι-

257 4770 519 4835 στεύσας,
550 4772 646 4824 καὶ
694 4770 779 4822 ἐπ’
823 4769 974 4839 αὐτῷ
1015 4769 1114 4839 τὴν
1160 4768 1322 4837 ἁγίαν
1355 4785 1448 4820 σου
1509 4768 1838 4840 Ἐκκλησίαν

252 4863 658 4932 οζκοδομήσας,
693 4862 786 4914 καὶ
821 4860 946 4924 δοὺς
987 4857 1136 4928 αὐτῷ
1189 4857 1442 4921 ἐξουσίαν
1481 4856 1570 4910 διὰ
1599 4857 1699 4926 τῆς
1737 4858 1838 4928 σῆς

254 4954 502 5024 χάριτος,
533 4954 627 5006 τοῦ
659 4955 880 5024 δεσμεῖν
930 4953 1024 5007 καὶ
1043 4953 1192 5004 λύειν
1217 4951 1284 5004 τὰ
1325 4951 1419 5004 ἐπὶ
1441 4951 1541 5020 τῆς
1565 4950 1705 5019 γῆςι,
1739 4953 1839 5004 ἐπ-

255 5047 497 5102 άκουσον
547 5047 642 5098 καὶ
687 5045 842 5116 ήμῶν
888 5046 997 5098 τῶν
1029 5042 1264 5110 ἀναξίων
1290 5041 1742 5112 ἐπικαλουμένων
1778 5058 1836 5094 σε

254 5137 354 5193 νῦν
395 5139 490 5192 ἐπὶ
527 5138 755 5208 ἱλασμὸν
777 5136 872 5190 τοῦ
920 5135 1184 5206 παρόντος
1210 5133 1398 5188 δούλου
1434 5151 1549 5200 σου,
1582 5133 1675 5186 καὶ
1705 5132 1838 5184 θαυ-

255 5229 550 5301 μάστωσον
576 5230 644 5282 τὰ
666 5230 788 5300 ὲλέη
819 5245 911 5282 σου
943 5229 1031 5281 ἐπ’
1059 5228 1242 5292 αὐτὸν,
1273 5229 1302 5280 ὁ
1325 5225 1512 5290 σώζων
1535 5225 1658 5288 τοὺς
1685 5224 1838 5278 ὲλπίο

2560 4475 2677 4526 Alia
2726 4469 2911 4526 or'alt'o.

2019 4585 2349 4647 Dominator,
2389 4583 2610 4638 Domine
2649 4583 2785 4638 Deus
2836 4592 3041 4648 noster,
3091 4583 3207 4652 qui,
3249 4580 3404 4651 regni
3438 4580 3520 4636 tul

1945 4680 2186 4756 clavibus
2217 4677 2376 4731 Petro
2420 4678 2788 4746 apostolorum
2827 4685 3041 4730 tuorum
3075 4675 3360 4747 coryphan
3393 4687 3518 4729 cre-

1945 4771 2092 4832 ditis,
2117 4779 2416 4839 sanctaque
2446 4779 2534 4823 tua
2561 4769 2796 4824 Ecclesia
2824 4784 2989 4837 super
3015 4783 3136 4823 eum
3156 4767 3442 4835 aediﬁcata,
3465 4765 3518 4821 ei

1942 4861 2114 4932 gratia
2159 4871 2247 4914 tua
2280 4869 2598 4929 potestatem
2631 4860 2829 4930 ligandi
2875 4869 3039 4928 atque
3070 4857 3314 4914 solvendi
3353 4869 3519 4924 super

1945 4964 2144 5007 terram
2184 4953 2495 5008 contulisti:
2532 4953 2780 5022 indignos
2807 4968 2907 5006 nos
2941 4961 2993 5005 te
3025 4966 3168 5004 nunc
3203 4951 3518 5002 invocantes

1945 5058 2043 5111 pro
2074 5044 2354 5112 praesentis
2387 5045 2528 5098 servi
2568 5045 2641 5096 tui
2673 5041 3110 5096 reconciliatione
3149 5037 3376 5104 exaudi;
3411 5037 3515 5090 mi-

1948 5133 2096 5185 ritiea
2123 5132 2526 5188 misericordias
2554 5145 2670 5186 tuas
2693 5145 2877 5185 versus
2905 5129 3080 5193 illum,
3110 5128 3202 5196 qui
3233 5135 3520 5196 sperantes

1946 5223 1998 5276 in
2029 5233 2080 5278 te
2106 5223 2302 5280 salvas.
2331 5222 2410 5277 Tu
2441 5223 2583 5278 enim
2620 5220 2988 5290 deiloquorum
3023 5218 3400 5286 prophetarum
3423 5228 3530 5269 ore

1345 5398 1573 5454 VARle
1607 5396 1990 5455 LECTIONES
2029 5399 2116 5454 ET
2157 5398 2388 5456 NOTAE.
2433 5389 2444 5402 ’

352 5567 444 5635 ‘25)
472 5565 647 5634 Εὑχὴ
677 5562 867 5632 ἑτέρα.
922 5562 1132 5635 Titulus
1178 5561 1428 5635 secundae
1477 5561 1826 5635 orationis__in

259 5631 976 5708 crypt'olerratensi’codi‘ce
1009 5631 1349 5708 Bessarionis
1372 5631 1785 5708 ρειίιιιῇιιβιιιοιίι
1813 5647 1826 5682 :

451 5705 588 5777 ἄλλη
628 5707 704 5769 εἰς
737 5703 962 5774 ἱλασμὸν
998 5702 1136 5774 μετᾶ
1163 5702 1222 5755 τὸ
1248 5702 1420 5754 εἰπεῖν
1457 5699 1668 5771 ψαλμὸν
1699 5717 1828 5752 πεν-

1927 5559 2223 5628 τηκοστὸν,
2257 5557 2578 5628 τριακοστὸν
2615 5554 2844 5628 ἕϐδομον
2868 5595 2883 5628 ,_
2909 5554 3005 5606 καὶ
3056 5551 3350 5628 ἑκατοστὸν
3383 5549 3506 5602 δεύ-

1928 5623 2103 5698 τερον.
2139 5629 2258 5680 Alia
2279 5623 2446 5682 oratio
2471 5627 2538 5680 ad
2563 5623 3034 5680 reconciliationem
3057 5625 3211 5676 dictis
3239 5640 3287 5686 L,
3317 5638 3416 5674 xxx
3436 5632 3496 5676 εἰ.

1928 5712 1980 5753 et
2005 5712 2080 5752 cu
2114 5699 2354 5766 psalmis.
