3938 6168
473 273 605 341 1311

1499 275 1562 335 s.
1603 275 1988 338 METHODII
2027 261 2534 337 PATRIARCHAE
2574 275 2685 336 cp.

3622 275 3769 341 i312

469 385 701 441 dixisti:
749 383 1135 442 Convertimiui
1167 383 1237 437 ad
1281 397 1382 450 me,
1423 393 1470 437 et
1521 399 1614 454 ego
1661 393 1936 438 convertar
1984 385 2049 438 ad

2157 387 2352 449 ζοντας
2385 385 2476 438 ἐπὶ
2503 385 2582 438 σέ.
2613 383 2686 436 Σὺ
2721 381 2831 453 γάρ
2861 376 3046 448 εἶπας,
3077 383 3276 454 Κύριε,
3309 382 3400 437 διὰ
3423 382 3534 438 τῶν
3565 384 3768 455 θεοφο-

468 496 558 536 eos
581 481 598 512 ¹
623 497 640 546 ;
663 487 715 535 et
738 495 752 532 :
786 476 908 532 Non
935 477 1108 533 uolens
1135 475 1252 531 uolo
1289 485 1506 530 mortem
1535 476 1846 546 peccatoris,
1872 478 1962 530 sed
1992 487 2046 530 ut

469 579 804 626 convertatur
819 579 864 626 et
887 573 1023 625 vivat
1043 568 1215 639 ’Jpse
1238 569 1423 638 igitur,
1447 567 1699 634 Domine,
1725 579 2047 638 praesentem

466 677 682 718 servum
717 672 864 717 tuum
891 678 920 716 a
949 661 1034 716 via
1057 661 1262 716 erroris
1291 661 1372 716 sui
1420 669 1812 725 revertentem,
1854 669 1908 714 et
1937 675 1967 714 a
1998 669 2050 716 te

465 755 966 810 reconciliationem
1005 761 1422 823 exposcentem,
1457 767 1526 807 ne
1559 751 1784 820 abjicias
1808 793 1824 819 ,
1857 753 1950 808 sed
1995 753 2048 807 in

464 846 838 901 misericordia
885 845 1089 909 visita,
1133 851 1189 900 et
1230 845 1283 898 in
1335 843 1784 898 miserationibus
1831 857 2045 899 revoca.

465 936 606 1002 Quia
629 947 683 992 tu
717 953 776 992 es
821 937 966 992 Deus
987 976 1004 1002 ,
1041 936 1182 992 Deus
1211 933 1622 1006 pteniteutium,
1657 943 1710 990 et
1736 934 1804 988 ad
1833 943 1887 989 te
1918 949 2050 988 con-

465 1039 748 1079 versorum
777 1023 1052 1090 Salvator,
1081 1033 1136 1079 et
1161 1025 1258 1079 tibi
1285 1023 1512 1092 gloriam
1537 1022 1850 1089 referimus,
1871 1021 2048 1088 Patri,

465 1126 519 1170 et
558 1116 730 1183 Filio,
771 1127 826 1170 et
857 1125 1046 1173 sancto
1079 1115 1330 1186 Spiritui,
1370 1131 1516 1172 nunc
1549 1127 1602 1174 et
1633 1130 1866 1186 semper,
1908 1124 1964 1170 et
1995 1115 2050 1170 iu

463 1209 660 1281 saecula
693 1209 1040 1265 sa'culorum.
1074 1211 1268 1264 Amen.

2159 493 2255 546 pou
2262 475 2442 546 μένων
2463 475 2690 548 χειλέων
2711 473 2819 528 τῶν
2841 474 3138 546 προφητῶν
3160 493 3274 530 σουο
3307 477 3769 548 Ἐπιστραφῆτε

2151 567 2302 636 πρός
2329 585 2425 638 με,
2457 568 2558 622 καὶ
2587 567 3113 638 ἐπιστραφήσομαι
3142 567 3294 637 πρὸς
3324 567 3498 638 ὑμᾶς’
3535 571 3632 624 καὶ
3665 573 3760 625 τὸο

2155 663 2240 715 οὺ
2284 659 2534 730 θελήσει
2574 661 2728 717 θέλω
2768 661 2878 716 τὸν
2909 661 3176 716 θάνατον
3205 662 3314 717 τοῦ
3344 661 3714 732 ἁμαρτωλοὗ
3745 704 3762 730 ,

2152 752 2230 818 ὡς
2262 752 2329 806 τὸ
2355 751 2716 822 ἐπιστρέψαι
2739 753 2837 808 καὶ
2862 751 3040 822 ζῆσαι
3055 755 3263 809 αὐτόν.
3293 755 3467 819 Αὐτὸς
3494 755 3610 822 οῦν,
3633 755 3768 825 φιλ-

2153 842 2434 914 άνθρωπε,
2486 845 2582 898 καὶ
2621 844 2712 898 τὸν
2749 844 3000 917 παρόντα
3042 844 3231 900 δοῦλόν
3275 863 3372 900 σου
3426 847 3494 900 ἐκ
3544 847 3767 920 πλάνης

2158 931 2280 988 ὁδοῦ
2312 932 2479 986 αὑτοῦ
2511 933 2919 1006 ἐπιστρέφοντα
2941 977 2958 1003 ,
2986 934 3082 990 καὶ
3113 935 3438 1007 αἰτούμενον
3471 939 3626 1009 παρά
3659 939 3764 994 σοῦ

2163 1021 2412 1094 ἱλασμὸν,
2447 1023 2522 1095 μὴ
2563 1025 2956 1097 ἀποστραφῇς,
2988 1026 3104 1080 ἀλλ’
3139 1028 3200 1082 ἐν
3235 1027 3377 1082 ἐλέει
3411 1028 3761 1100 ἐπίσκεψαι,

2159 1115 2254 1168 καὶ
2283 1115 2340 1166 ἐν
2369 1116 2676 1187 οίκτιρμοῖς
2721 1117 3077 1174 ἀνακάλεσαι.
3116 1118 3239 1172 Ὀτι
3269 1119 3336 1172 σὺ
3387 1114 3438 1174 εί
3489 1123 3520 1175 6
3573 1119 3718 1186 Θεὸς
3745 1161 3764 1188 ,

2158 1203 2292 1267 Θεὸς
2321 1203 2431 1258 τῶν
2471 1207 2902 1276 μετανοούντων,
2927 1208 3023 1263 καὶ
3055 1206 3166 1262 τῶν
3210 1209 3350 1283 πρὸς
3384 1209 3448 1264 σὲ
3497 1209 3758 1284 ἐπιστρε-

465 1304 680 1372 φόντων
725 1303 938 1376 Σωτὴρ,
973 1303 1070 1357 καὶ
1112 1303 1196 1357 σοὶ
1227 1302 1325 1374 τὴν
1350 1303 1510 1370 δόξαν
1547 1301 1975 1372 ἀναπέμπομεν·
2003 1297 2084 1370 τῷ
2123 1299 2304 1371 Πατρὶ
2327 1343 2344 1370 ,
2375 1301 2473 1356 καὶ
2497 1301 2576 1374 τῷ
2606 1302 2742 1370 Υίῷ,
2768 1307 2864 1358 καὶ
2909 1303 2982 1374 τῷ
3024 1303 3164 1376 ἁγίῳ
3191 1303 3504 1377 Πνεῦματιο
3534 1305 3634 1362 νῦν
3667 1309 3750 1362 κα

463 1400 574 1464 ἀεὶ,
613 1399 708 1454 καὶ
741 1401 822 1463 εἰς
842 1399 974 1464 τοὺς
1005 1399 1209 1462 αἰῶνας
1229 1398 1339 1452 τῶν
1366 1395 1602 1454 αἰώνων.
1647 1398 1845 1469 Ἀμήν.

1068 1517 1190 1570 Alia
1227 1514 1431 1570 Oratio.

955 1630 1241 1684 Dominum
1273 1645 1565 1698 precemur.

535 1741 764 1798 Domine
794 1742 960 1808 Deus,
978 1744 1219 1798 omnium
1244 1744 1491 1798 conditor
1517 1753 1572 1799 et
1596 1743 1873 1808 Dominus,
1895 1742 2050 1798 boni-

465 1835 595 1890 tatis
625 1833 746 1889 i‘ons
771 1873 786 1898 ,
821 1834 1065 1888 omnium
1113 1834 1392 1890 hominum
1439 1844 1494 1889 et
1534 1834 1769 1889 maxime
1808 1833 2049 1889 ﬁdelium

463 1925 650 1989 Pater,
683 1925 773 1994 qui
803 1925 1074 1980 hominem
1109 1923 1313 1979 diaboli
1365 1925 1684 1980 seductione
1706 1965 1722 1991 ,
1772 1923 1827 1978 in
1864 1924 2048 1995 perdi-

467 2016 629 2072 tionis
661 2017 977 2086 errorisque
1011 2016 1342 2084 profundum
1370 2017 1680 2074 demersum
1713 2033 1822 2073 non
1855 2019 2050 2088 despe-

463 2111 589 2164 xisti
619 2151 634 2174 ,
667 2112 762 2165 sed
801 2125 928 2166 eum
971 2125 1068 2181 per
1099 2111 1364 2181 unigeniti
1394 2111 1516 2167 Filii
1559 2113 1637 2167 tui
1673 2121 1730 2168 et
1756 2112 1848 2168 Dei
1880 2113 2052 2169 nostri

465 2202 898 2258 incarnationem
933 2205 1255 2274 requisitum
1295 2214 1350 2261 et
1399 2217 1674 2261 servatum
1711 2207 1778 2261 ad
1818 2207 2050 2275 teipsum

463 2295 752 2360 reduxisti,
787 2295 920 2364 ipse,
947 2295 1178 2364 benigne
1196 2295 1668 2363 Domine,servum
1693 2307 1840 2353 tuum
1867 2299 2050 2366 istum,

463 2387 750 2442 rationalis
774 2388 930 2443 ovilis
956 2387 1156 2443 Christi
1185 2390 1260 2443 tui
1292 2404 1448 2444 ovem
1477 2389 1824 2445 inimicorum
1856 2391 2055 2462 impio-

465 2493 584 2531 rum
637 2477 956 2546 captivitate
999 2477 1336 2546 redemptam
1391 2479 1644 2548 respice:
1699 2489 1756 2534 et
1799 2481 2051 2549 quamvis

466 2565 654 2635 puerili
689 2567 925 2632 inscitia,
963 2577 1054 2621 aut
1092 2569 1372 2638 tyrannica
1420 2569 1465 2622 vi
1497 2584 1676 2624 mores
1708 2583 1896 2625 eorum
1926 2571 2051 2626 imi-

465 2667 608 2712 tatus
639 2657 801 2712 fuerit
828 2697 844 2723 ,
891 2674 1035 2714 nunc
1079 2669 1260 2714 tamen
1297 2661 1482 2730 populi
1531 2662 1606 2715 tui
1640 2661 2052 2733 congregationi

463 2749 680 2803 restitui
735 2749 1030 2819 permitte;
1071 2750 1273 2804 virtute
1305 2760 1359 2806 et
1391 2752 1710 2824 operatione
1755 2754 1928 2808 sancti
1977 2755 2053 2808 tui

465 2841 701 2912 Spiritus
735 2852 970 2898 tuentem
1005 2841 1122 2910 ejus
1150 2843 1374 2911 irradia,
1405 2855 1462 2898 ut
1485 2844 1742 2900 salutaris
1764 2845 2054 2915 baptisma-

467 2933 536 2984 tis
565 2932 796 2985 scintilla
843 2933 892 2986 in
924 2931 1041 3001 ejus
1075 2934 1254 2986 anima
1295 2934 1537 2989 insidens
1582 2945 1636 2990 et
1675 2936 1886 3000 relicta,
1919 2952 2050 2992 aura

2679 1514 2850 1585 Εὐχὴ
2891 1514 3063 1585 ἑτέρα
3090 1515 3224 1590 (‘26).

2592 1627 2702 1682 Τοῦ
2749 1629 2970 1696 Κυρίου
2994 1627 3318 1700 δεηθῶ,ιιεν.

2221 1740 2397 1811 Κύριε
2441 1742 2469 1794 6
2499 1741 2632 1805 Θεὸς
2655 1783 2668 1808 ,
2701 1744 2730 1796 6
2763 1742 2872 1796 τῶν
2907 1743 3165 1801 ἁπάντων
3194 1745 3466 1818 ποιητὴς,
3499 1746 3599 1802 καὶ
3655 1749 3764 1802 Δε-

2154 1832 2360 1903 σπότης
2379 1872 2393 1897 ,
2440 1834 2474 1904 ἡ
2515 1833 2666 1904 πηγὴ
2700 1835 2799 1905 τῆς
2827 1834 3167 1906 ἀγαθότητος
3197 1877 3212 1903 ,
3242 1838 3272 1889 6
3294 1835 3494 1908 Πατὴρ
3526 1837 3764 1894 πάντων

2152 1923 2478 1996 ἀνθρώπων,
2523 1925 2762 1996 μάλιστα
2805 1925 3036 1992 πιστῶν,
3071 1929 3100 1980 6
3140 1926 3216 1999 μὴ
3245 1927 3497 2000 παριδὼν
3528 1927 3624 1983 τὸν
3659 1928 3766 1984 ἅν-

2153 2015 2374 2087 θρωπον
2403 2018 2469 2070 ἐκ
2508 2018 2610 2088 τῆς
2653 2015 2750 2071 τοῦ
2781 2016 3032 2072 διαϐόλου
3065 2017 3405 2091 πανουργίας
3456 2020 3544 2084 είς
3591 2019 3762 2091 βυθὸν

2152 2108 2433 2173 ἀπωλείας
2507 2109 2602 2163 καὶ
2635 2107 2846 2180 πλάνης
2878 2109 3280 2180 κατενεχθέντα
3307 2150 3323 2177 ,
3355 2110 3498 2166 ἀλλὰ
3526 2111 3620 2166 διὰ
3652 2111 3765 2182 τῆς

2155 2201 2426 2273 σωτηρίου
2465 2203 2938 2274 ἐνανθρωπήσεως
2969 2201 3066 2256 τοῦ
3115 2202 3442 2274 μονογενοῦς
3472 2219 3570 2258 σου
3617 2203 3760 2258 Υίοῦ

2153 2291 2248 2343 καὶ
2286 2291 2422 2344 Θεοῦ
2455 2293 2486 2360 ἡ
2497 2291 2616 2362 μῶν
2645 2291 2834 2346 τοῦτον
2880 2293 3234 2364 ἀναζητήσας
3258 2295 3356 2348 καὶ
3396 2293 3586 2358 σώσας
3613 2335 3629 2360 ,
3660 2295 3764 2350 καὶ

2154 2383 2294 2456 πρὸς
2343 2384 2538 2437 ἑαυτὸν
2597 2383 2987 2454 ἐπαναγαγὼν,
3022 2385 3209 2453 αὐτὸς,
3257 2377 3508 2441 Δέσποτα
3559 2387 3763 2458 φιλάν-

2155 2475 2376 2546 θρωπε,
2421 2475 2518 2530 καὶ
2561 2477 2629 2530 τά
2656 2477 2752 2532 νῦν
2797 2476 3092 2546 ἐπίδλεψον
3141 2477 3236 2531 ἐπὶ
3277 2477 3366 2534 τὸν
3409 2477 3605 2534 δοῦλόν
3659 2497 3762 2534 σου

2152 2571 2366 2636 τοῦτον,
2403 2571 2680 2643 πρόϐατον
2709 2573 2808 2642 τῆς
2837 2571 3070 2643 λογικῆς
3113 2571 3352 2644 ποίμνης
3380 2571 3479 2626 τοῦ
3509 2573 3764 2644 Χριστοῦ

2157 2681 2250 2717 σου
2287 2663 2605 2734 ὑπάρχοντα
2629 2705 2644 2729 ,
2675 2663 2736 2716 ὃν
2767 2661 3060 2733 ὲλυτρώσω
3093 2663 3192 2734 τῆς
3231 2663 3621 2735 αἰχμαλωσίας
3645 2665 3762 2720 τῶν

2156 2753 2336 2809 ἀθέων
2361 2753 2454 2825 ἐχθ
2466 2755 2594 2826 ρῶν.
2627 2754 2764 2808 Μεθ’
2792 2747 2868 2808 ὧν
2895 2754 3093 2826 ἀγνοίᾳ
3115 2754 3346 2824 παιδικῇ
3369 2753 3404 2825 ἢ
3431 2755 3524 2826 βίᾳ
3552 2773 3765 2828 τυραν-

2155 2849 2304 2918 νικῇ,
2327 2845 2398 2910 τά
2427 2847 2522 2915 τῆς
2558 2846 2785 2900 ἐκείνων
2815 2845 3028 2917 πλάνης
3053 2845 3159 2918 non
3205 2847 3536 2918 μετὴρχετο·
3566 2845 3665 2900 νῦν
3697 2846 3766 2902 δὲ

2157 2938 2508 3008 κατηξίωσας
2543 2938 2707 2991 αὑτὸν
2747 2939 2812 3008 τῇ
2872 2936 2967 2990 τοῦ
3007 2937 3140 2992 λαοῦ
3178 2955 3274 2992 σου
3323 2938 3578 3010 πολιτείᾳ
3629 2955 3762 2992 συν-

465 3025 654 3090 gratia:
695 3027 952 3079 ventilata
992 3026 1319 3094 spiritaliter
1350 3042 1569 3082 rursum
1609 3028 1966 3094 accendatur,
1997 3038 2049 3084 et

2155 3030 2444 3102 ενωθῆναι,
2477 3029 2824 3098 καταύγασον
2847 3029 3013 3084 αὐτοῦ
3041 3029 3139 3102 τὴν
3169 3029 3410 3085 διάνοιαν
3429 3033 3500 3103 τῇ
3519 3031 3764 3103 δυνάμει

465 3113 788 3180 impressum
823 3115 873 3170 ei
911 3116 1172 3184 sigillum,
1208 3115 1262 3170 in
1299 3117 1416 3186 ejus
1471 3122 1634 3175 corde
1669 3128 1725 3174 et.
1759 3120 2046 3189 cogitatio-

405 3261 408 3264 ,
466 3205 628 3260 nibus
647 3245 663 3272 ,
693 3220 790 3274 per
819 3207 1004 3262 crucis
1031 3206 1239 3261 Christi
1267 3209 1339 3260 tui
1364 3209 1749 3280 signationem,
1777 3225 1873 3279 per
1899 3226 2048 3282 spem

466 3297 520 3349 in
559 3305 630 3362 te,
656 3307 713 3351 et
745 3297 992 3352 veritatis
1017 3299 1348 3376 agnitionem
1372 3339 1386 3364 ,
1423 3301 1733 3356 evidentius
1762 3309 2048 3370 appareat,

463 3398 525 3442 ut
551 3398 602 3441 te
635 3389 809 3444 solum
834 3404 1018 3444 verum
1047 3399 1102 3443 et
1125 3388 1363 3455 Patrem,
1391 3401 1446 3446 et
1481 3391 1820 3462 unigenitum
1849 3393 2047 3448 Filium

465 3490 615 3534 tuum
663 3479 950 3536 Dominum
983 3490 1226 3537 nostrum
1263 3481 1448 3538 Jesum
1489 3482 1767 3540 Christum
1793 3525 1808 3551 ,
1843 3496 1896 3540 et
1920 3501 2048 3542 san-
2078 3475 2080 3477 θ

462 3584 610 3630 ctum
641 3583 789 3626 tuum
818 3573 1078 3642 Spiritum
1109 3585 1388 3646 agnoscat,
1411 3585 1465 3632 et
1491 3586 1802 3633 veneretur.
1835 3577 2050 3634 Sanctae

466 3675 572 3718 tua:
617 3665 904 3720 catholicas
953 3667 1367 3735 et,apostolicze
1400 3667 1676 3730 Ecclesiae
1728 3669 1876 3724 illum
1921 3686 2049 3725 con-

459 3757 644 3829 junge,
704 3761 922 3832 gentilis
977 3761 1157 3817 omnis
1214 3761 1513 3832 impietatis
1580 3763 1742 3816 ritum
1807 3763 1876 3816 ah
1931 3762 2049 3833 ejus

463 3864 646 3906 meme
678 3855 965 3922 absterge,
1017 3853 1072 3907 in
1110 3853 1382 3909 mandatis
1421 3861 1476 3909 et
1518 3855 1804 3924 praaceptis
1841 3855 1949 3910 tuis
1989 3863 2046 3908 ut

464 3943 624 4010 digne
647 3943 926 4008 ambulet,
965 3943 1112 3997 illum
1155 3944 1352 4016 dirige,
1387 3954 1442 3997 et
1471 3954 1792 3999 sanctorum
1829 3955 2045 4000 tuorum

464 4035 852 4111 mysteriorum
886 4035 1200 4091 indemnata
1231 4035 1544 4106 sumptione
1583 4037 1806 4106 dignum
1842 4035 2046 4102 redde,

461 4138 510 4178 et
550 4125 602 4179 in
653 4126 832 4182 futura
877 4127 984 4182 vita
1013 4126 1278 4182 .cmlestis
1327 4126 1479 4198 regni
1525 4127 1846 4197 participem
1899 4127 2046 4182 illum

462 4219 713 4275 ostende.
747 4217 888 4284 Quia
918 4229 974 4272 tu
1007 4235 1066 4274 es
1101 4219 1239 4274 Deus
1265 4229 1471 4284 noster,
1500 4217 1640 4273 Dens
1669 4219 1962 4274 miserendi
1995 4232 2050 4275 et
2089 4277 2103 4291 δ

466 4311 710 4365 salvandi
743 4329 756 4364 :
787 4321 841 4365 et
869 4311 963 4365 tibi
988 4311 1215 4380 gloriam
1242 4310 1562 4366 referimus:
1588 4308 1734 4365 Patri
1761 4351 1776 4374 ,
1803 4322 1856 4366 et
1887 4311 2044 4380 Filio,

2155 3123 2250 3178 καὶ
2297 3123 2552 3194 ἐνεργείᾳ
2590 3121 2688 3176 τοῦ
2729 3122 2888 3190 ἁγίου
2934 3138 3029 3175 σου
3082 3121 3405 3190 Πνεύματος
3429 3163 3444 3188 ,
3475 3121 3626 3176 ῶστε
3661 3120 3762 3177 τὸν

2151 3215 2580 3286 ἐναποκείμενον
2614 3215 2680 3285 τῇ
2713 3212 2862 3284 ψυχῇ
2913 3212 3080 3268 αὐτοῦ
3116 3213 3394 3285 σπινθῆρα
3438 3211 3537 3267 τοῦ
3568 3231 3762 3286 σωτη-

2153 3308 2380 3380 ριώδους
2409 3306 2788 3378 βαπτίσματος
2813 3343 2828 3369 ,
2860 3308 2982 3370 ταῖς
3005 3305 3204 3378 αὔραις
3241 3307 3346 3378 τῆς
3369 3306 3604 3379 χάριτος
3633 3325 3766 3381 νοη-

2149 3401 2260 3465 τῶς
2287 3400 2590 3469 ἐξαφθῆναι
2608 3439 2624 3466 ,
2653 3400 2751 3454 καὶ
2793 3398 2884 3452 τὸν
2913 3397 3356 3470 ἐνσημανθεῖσαν
3381 3399 3536 3471 αὑτῷ
3566 3416 3754 3472 σφρα-

2151 3491 2276 3561 γίδα
2311 3489 2698 3562 ἐκτυπώτερον
2742 3489 3131 3560 ἐπιφαίνεσθαι
3162 3489 3276 3560 (27)
3329 3492 3387 3543 ἐν
3433 3493 3502 3561 τῇ
3555 3491 3763 3563 καρδίᾳ.

2151 3583 2346 3648 αὐτοῦ,
2379 3583 2474 3636 καὶ⁴
2512 3585 2627 3646 τοῖς
2673 3583 2960 3653 λογισμοῖς
3004 3581 3094 3636 διά
3125 3582 3227 3652 τῆς
3261 3581 3632 3652 σημειώσεως
3661 3581 3762 3636 τοῦ

2153 3671 2388 3742 σταυροῦ
2423 3671 2518 3726 τοῦ
2543 3670 2784 3743 Χριστοῦ
2811 3688 2928 3737 σου,
2955 3673 3056 3742 τὴν
3087 3673 3167 3735 είς
3201 3672 3262 3726 σὲ
3286 3671 3505 3738 ἐλπίδα,
3533 3673 3636 3726 καὶ
3656 3672 3762 3742 τὴν

2150 3767 2250 3836 τῆς
2281 3763 2543 3835 ἀληθείας
2572 3764 2871 3834 ἐπίγνωσιν
2899 3763 2989 3818 ἵνα
3035 3763 3306 3837 γινώσκῃ,
3340 3766 3436 3819 καὶ
3465 3766 3760 3835 προσκυνῇ

2152 3874 2214 3910 σε
2255 3857 2346 3909 τὸν
2391 3857 2553 3928 μόνον
2587 3855 2839 3925 ἀληθινὸν
2874 3855 3028 3921 Θεὸν,
3083 3857 3180 3910 καὶ
3215 3856 3442 3926 Πατέρα
3467 3895 3482 3920 ,
3518 3855 3618 3910 καὶ
3665 3855 3762 3908 τὸν

2153 3947 2417 4018 μονογενῆ
2464 3963 2558 4000 σου
2590 3946 2721 4000 Υίὸν
2763 3945 2854 4000 τὸν
2907 3945 3114 4017 Κύριον
3162 3945 3321 4018 ἡμῶν
3359 3945 3576 4018 Ἰησοῦν
3617 3947 3763 4017 Χρι-

2151 4037 2295 4102 στὸν,
2343 4038 2439 4090 καὶ
2469 4035 2530 4091 τὸ
2581 4033 2809 4106 Πνεῦμα
2836 4051 2930 4088 σου
2973 4034 3034 4087 τὸ
3067 4033 3248 4102 ἅγιον.
3301 4035 3554 4090 Ἕνωσον
3589 4035 3762 4090 αὑτὸν

2149 4133 2216 4200 τῇ
2249 4128 2382 4202 ἁγίᾳ
2426 4145 2521 4182 σου
2564 4127 2827 4198 καθολικῇ
2863 4127 2961 4182 καὶ
3003 4127 3342 4198 ἀποστολικῇ
3407 4125 3756 4199 Ἐκκλησία,

2150 4223 2460 4292 ἁπόστησον
2499 4224 2564 4276 ἐκ
2599 4221 2704 4292 τῆς
2745 4219 2914 4277 αὐτοῦ
2946 4219 3192 4282 διανοίας
3240 4220 3426 4273 πᾶσαν
3459 4219 3762 4290 συνήθειαν

2163 4313 2386 4380 ἐθνικῆς
2434 4311 2762 4381 ἀθεότητος,
2811 4313 2906 4366 καὶ
2946 4309 3278 4365 κατεύθυνον
3323 4308 3500 4365 αὐτὸν
3534 4311 3596 4364 ὲν
3635 4312 3762 4373 ταῖς

464 4414 518 4456 et
563 4403 787 4470 Spiritui
831 4413 1062 4467 sancto,
1102 4417 1245 4458 nunc
1284 4411 1338 4457 et
1363 4417 1598 4472 semper,
1653 4413 1707 4457 et
1760 4404 1812 4456 in
1853 4408 2048 4460 sarcula

2158 4405 2406 4468 ἐντολαῖς
2447 4421 2542 4458 σου
2623 4403 2718 4460 καὶ
2749 4406 2862 4469 τοῖς
2901 4403 3292 4476 προστάγμασι
3322 4417 3419 4454 σου
3454 4400 3630 4465 ἀξίως
3663 4416 3765 4454 πο-

465 4495 808 4548 ειοειιιοιιιιη.
842 4495 1036 4550 Amen.

554 4665 571 4696 ⁸
599 4665 832 4727 Zachar.
864 4687 908 4735 ι,
937 4671 991 4725 5.
1067 4672 1087 4702 ²
1127 4671 1326 4726 Εῑροίι.
1361 4688 1555 4737 xxviii,
1595 4675 1682 4728 ll.

2164 4498 2460 4570 ρεύεσθαι,
2509 4497 2606 4552 καὶ
2644 4495 2743 4568 τῆς
2798 4495 2906 4550 τῶν
2959 4494 3246 4567 σωτηρίων
3289 4510 3382 4547 σου
3437 4489 3762 4564 μυστηρίων

1556 4833 1787 4889 VARL/E
1827 4833 2211 4892 LECTIONES
2251 4836 2338 4890 ET
2379 4836 2614 4896 NOTAE.

535 4987 846 5062 (9.6)Εὐχὴ
873 4990 1066 5060 ἑτέρα.
1113 4991 1330 5062 Titulus
1365 4993 1535 5048 tertia:
1569 4995 1833 5050 orationis
1865 4996 1916 5050 in
1951 5011 2044 5049 eo-

465 5061 595 5134 dem
626 5061 880 5132 Cryptof.
945 5071 1029 5134 est
1071 5080 1086 5116 :
1121 5061 1268 5134 Εὒχὴ
1315 5063 1452 5132 πρὸς
1489 5064 1873 5134 Χριστιανοὺς
1935 5067 2043 5118 ὑπ-

464 5131 732 5206 αχθέντας
761 5133 1175 5206 ἐθνικῇ-πλάνῃ,
1193 5131 1632 5206 ἐπιστρέψαντρς
1649 5135 1707 5206 δὲ
1725 5137 1792 5205 τῇ
1811 5135 2042 5206 Ἐκκλη-

467 5205 583 5276 σία,
602 5203 696 5255 καὶ
723 5204 818 5276 τοῦ
836 5203 971 5258 Θεοῦ
1006 5203 1510 5276 προσδραμοῦντας.
1541 5203 1732 5258 Oratio
1754 5203 1848 5276 pro
1869 5203 2048 5260 Chris-

466 5267 627 5324 tia'nis
660 5267 933 5343 gentilium
978 5267 1280 5328 sednctibne
1323 5275 1602 5328 subactis:
1642 5279 1710 5328 ad
1754 5267 2042 5330 Ecclesium

466 5357 584 5414 pero
620 5347 863 5414 reuersis,
896 5355 943 5398 et
973 5345 1041 5399 ad
1077 5345 1241 5398 Deum
1283 5345 1728 5414 confugientibus.
1755 5345 1934 5413 Atque
1973 5345 2050 5399 ita

464 5413 616 5480 juxta
647 5413 793 5469 illius
836 5430 938 5470 ms.
974 5416 1240 5478 mentem,
1289 5413 1466 5468 oratio
1494 5415 1595 5468 ista
1645 5430 1748 5469 non
1785 5415 1888 5468 nisi
1925 5414 2050 5470 tldei

467 5483 794 5538 Christiana:
823 5487 1139 5540 desertores
1182 5484 1400 5552 reSpicit
1434 5501 1448 5538 :
1480 5484 1623 5538 unde
1653 5495 1706 5538 et
1744 5485 1832 5538 illa
1861 5487 2049 5540 eadem

471 5552 676 5613 oratio,
703 5555 803 5607 snh
817 5554 1007 5610 eodem
1035 5554 1213 5619 titulo,
1245 5555 1296 5607 in
1325 5555 1432 5608 alio
1457 5571 1557 5610 ins.
1577 5555 1872 5610 Barherino
1900 5571 2048 5609 num.

473 5621 564 5693 88,
583 5623 872 5693 insignito,
906 5625 1196 5693 reperitur.

547 5691 657 5762 (‘27)
680 5691 983 5762 Sgpartda
999 5693 1408 5762 ἐκτυπώτερον
1422 5695 1516 5748 ἐπι
1523 5696 1630 5763 pa!
1633 5699 1857 5750 νεσθαι.
1882 5695 2052 5762 Quam

2149 5007 2300 5051 recta
2335 4995 2502 5052 fuerit
2551 4999 2618 5052 de
2652 4993 3090 5050 conﬁrmationis
3121 4995 3444 5052 charactere
3489 4997 3760 5056 Methodii

2148 5069 2450 5138 sententia,
2477 5068 2613 5124 satis
2633 5065 2784 5138 clare
2807 5064 3060 5138 iudicant
3086 5068 3199 5138 hac
3226 5069 3392 5120 verba
3421 5084 3438 5120 :
3466 5083 3566 5138 per
3589 5070 3766 5125 here.

2149 5137 2248 5190 sim
2299 5138 2580 5203 nimirum,
2635 5135 2908 5207 unctionis
2943 5135 2994 5188 in
3041 5136 3312 5207 baptismo
3351 5135 3594 5207 receptae
3647 5155 3756 5197 non

2149 5207 2317 5263 deleri
2345 5207 2606 5278 sigillum,
2662 5207 2758 5262 sed
2812 5204 3087 5260 ohluscari
3125 5214 3358 5278 tantum,
3389 5217 3447 5261 et
3474 5204 3636 5277 quasi
3689 5224 3756 5266 ex

2149 5285 2304 5351 parte
2339 5275 2620 5351 obliterar‘i
2654 5285 3005 5351 :_eapropter
3045 5285 3168 5351 orat
3200 5275 3448 5351 Ecclesia
3477 5275 3760 5351 ἐνσημαν-

2159 5347 2346 5401 θείσαν
2382 5347 2662 5419 σφραγίδσ.
2688 5345 3074 5419 ἐκτυπὼτερον
3097 5346 3486 5419 ἐπιφαίνεσθαι
3505 5389 3520 5412 ,
3552 5345 3634 5402 ut"
3660 5353 3762 5403 im-

2158 5419 2392 5486 pressius
2427 5417 2706 5472 character
2735 5417 3032 5486 expressius
3071 5425 3326 5485 appareat
3356 5432 3377 5472 :
3411 5417 3466 5472 id
3497 5429 3608 5484 est,
3653 5436 3759 5474 non

2161 5501 2368 5542 tantum
2401 5505 2487 5542 res
2519 5489 2875 5552 sacramenti,
2923 5485 3018 5542 sed
3047 5487 3166 5554 ejus
3194 5487 3370 5539 virtus
3405 5504 3420 5541 :
3461 5505 3569 5542 non
3606 5501 3760 5544 actus

2163 5559 2320 5628 primi
2353 5559 2666 5628 impressio,
2695 5559 2788 5612 sed
2817 5567 2972 5628 actus
3007 5555 3241 5628 secundi
3265 5561 3558 5627 ettpressio
3584 5575 3598 5622 ;
3635 5559 3760 5615 fidei

2163 5625 2447 5751 iliimirnm'
2476 5629 2693 5751 illibata:
2741 5627 2956 5698 publica
3009 5625 3304 5698 professio,
3342 5625 3582 5684 'cunctis
3633 5641 3759 5685 nota

2184 5701 2257 5751 iat
2299 5708 2351 5751 et
2383 5701 2523 5751 mani
2553 5709 2692 5751 esta.

2166 5701 2257 5752 liat
2299 5708 2351 5752 et
2383 5701 2692 5754 manifesta.
