3938 6168
236 311 376 378 1313

1273 309 1371 370 DE
1409 306 1516 366 11s
1550 305 1685 376 QUI
1725 306 2267 382 ABNEGARUNT,
2303 269 2474 370 ‘ETC.

3375 318 3520 386 1314
3575 292 3582 300 ’

231 422 613 495 ἀκατακρίτου
661 421 1021 494 μεταλήψεως
1081 416 1438 483 καταξίωσον,
1491 415 1586 470 καὶ
1656 417 1722 468 ἐν.
1763 416 1828 484 τῇ
1909 412 2178 487 μελλούσῃ
2210 414 2328 487 ζωῇ
2353 419 2452 486 τῆς
2487 419 2812 490 ἐπουρανίου
2845 437 2940 474 σου
2977 421 3254 492 βασιλείας
3291 428 3517 501 μέτοχον

231 515 538 579 ἀνάδειξον.
565 515 688 567 "Uri.
721 513 786 567 σὺ
833 506 884 566 εἷ
916 513 944 565 ὁ
991 510 1124 574 Θεὸς
1157 508 1336 581 ἡμῶν,
1371 507 1504 571 Θεὸς
1543 505 1638 561 τοῦ
1693 505 1866 558 ἐλεεῖν
1937 506 2034 560 καὶ
2087 506 2302 574 σώζειν,
2349 510 2445 563 καὶ
2486 509 2570 563 σοὶ
2615 512 2714 580 τὴν
2762 509 2919 576 δόξαν
2967 516 3386 590 ἀναπέμπομεν·
3439 523 3514 594 τῷ

230 609 436 680 Ila-cpt,
462 609 559 663 καὶ
581 607 663 680 τῷ
691 607 830 678 Υἰῷ,
858 605 955 660 καὶ
983 604 1063 676 τῷ
1086 603 1229 674 ἁγίῳ
1262 601 1568 671 Πνεύματι·
1607 600 1702 656 νῦν
1735 601 1832 654 καὶ
1870 601 1980 668 ἀεὶ,
2021 601 2117 654 καὶ
2145 603 2226 666 εἰς
2257 603 2387 667 τοὺς
2426 604 2631 668 αἰῶνας
2667 605 2778 659 τῶν
2807 606 3041 664 αἰώνων.
3103 612 3298 685 Ἀμὴν,

833 718 1007 788 Εὐχή
1042 719 1232 786 ἑτέρα.
1345 693 1430 775 ‘L

303 835 482 906 Κύριε
513 837 542 890 ό
587 835 720 900 Θεὸς
753 833 866 906 (28)
894 837 924 889 ὁ
971 833 1402 905 παντοκράτωρ,
1438 833 1467 885 ὁ
1503 831 1694 902 Πατὴρ
1729 830 1821 884 τοῦ

231 929 449 1001 Κυρίου
479 927 640 999 ἡμῶν
694 926 873 999 Ἰησοῦ
913 925 1179 998 Χριστοῦ,
1211 925 1240 978 ὁ
1281 925 1455 978 οέλων
1483 925 1692 985 πάντας
1729 923 1826 975 ἀν-

229 1023 492 1094 θρώπους
564 1022 836 1092 σωθῆναι,
892 1023 988 1077 καὶ
1045 1023 1128 1086 εἰς
1203 1020 1504 1090 ἐπίγνωσιν
1567 1017 1824 1089 ἀληθείας

229 1115 413 1170 ἐλθεῖν
433 1156 448 1182 ,
501 1117 531 1169 ὁ
563 1113 653 1168 διὰ
683 1114 742 1168 τὺ
778 1115 1060 1179 ἀπολωλὸς
1085 1112 1361 1184 πρόϐατον
1403 1111 1494 1166 τὸν
1557 1111 1820 1183 μονογενῆ

233 1223 330 1260 σου
370 1206 501 1270 Υίὸν
539 1205 930 1274 ἐξαποστείλας
971 1207 1050 1270 εἰς
1089 1205 1181 1259 τὸν
1225 1205 1432 1276 κόσμον
1471 1205 1699 1274 Σωτῆρα
1725 1201 1822 1256 καὶ

229 1295 564 1368 Δυτρωτὴν,
617 1295 707 1349 ἵνα
743 1293 843 1366 τὴν
892 1295 992 1364 σὴν
1040 1293 1364 1366 ἀναζητήσῃ
1429 1293 1524 1348 καὶ
1563 1289 1818 1362 ἀνασώσῃ

228 1384 453 1449 εἰκόνα,
511 1384 606 1437 σοῦ
641 1384 900 1456 δεόμεθα,
931 1383 1028 1437 καὶ
1067 1383 1127 1437 σὲ
1151 1381 1618 1454 παρακαλοῦμεν,
1653 1381 1820 1452 πρόσ-

228 1475 381 1542 δεξαι
430 1476 520 1530 τὸν
586 1475 777 1530 δοῦλόν
817 1491 912 1529 σου
991 1475 1144 1528 τόνδε
1202 1476 1336 1537 τοῖς,
1369 1473 1681 1544 οἰκτιρμοῖς
1724 1487 1818 1524 σου

227 1566 638 1639 πῳστρέχοντα
655 1585 667 1598 ·
695 1569 791 1620 καὶ
819 1565 1054 1636 τυχόντα
1085 1565 1193 1636 γὰρ
1231 1565 1296 1618 ὲκ
1319 1563 1510 1625 παιδὸς
1527 1562 1631 1633 τῆς
1657 1561 1816 1634 ὀρθο-

225 1659 382 1727 δόξου
417 1659 657 1724 πίστεως
689 1659 792 1729 τῆς
822 1659 961 1730 πρὸς
1005 1657 1066 1711 σὲ
1096 1657 1185 1710 διὰ
1213 1655 1309 1710 τοῦ
1344 1657 1501 1726 ἁγίου
1535 1673 1630 1709 σου
1717 1654 1816 1725 βα-

229 1755 574 1824 πτίσματος,
609 1754 914 1806 ἐκπεσόντα
955 1750 1012 1804 δὲ
1045 1750 1251 1820 ταύτης
1280 1750 1370 1804 διὰ
1391 1747 1716 1820 νηπιότητος
1737 1787 1752 1810 ,
1780 1749 1814 1820 ἢ

222 1842 352 1896 τινα
385 1842 554 1912 ἄλλην
593 1841 952 1914 περιπέτειαν
973 1881 988 1904 ,
1032 1839 1436 1911 ἐπιστρέφοντα
1469 1837 1527 1892 δὲ
1555 1839 1650 1892 νῦν
1671 1879 1688 1904 ,
1721 1838 1816 1892 καὶ
1857 1860 1862 1864 η

222 1933 316 1986 διὰ
360 1933 652 2004 μετανοίας
687 1934 782 1986 καὶ
814 1931 1160 2002 ἐπιγνώσεως
1191 1931 1328 2002 πρὸς
1367 1931 1466 2002 τὴν
1510 1929 1611 2002 σὴν
1652 1928 1814 1984 πάλιν

224 2023 543 2094 δραμοῦντα
577 2023 924 2096 χρηστότητα
947 2061 961 2085 ,
1015 2023 1208 2093 ἔκχεον
1242 2021 1330 2076 ἐπ’
1359 2020 1523 2074 αὑτὸν
1568 2021 1668 2091 τῆς
1714 2021 1812 2090 σῆς

226 2115 645 2188 φιλανθρωπίας
679 2115 782 2186 τὴν
817 2114 1226 2185 εύσπλαγχνίαν
1247 2155 1262 2180 ,
1309 2110 1602 2184 πρόσδεξαι
1651 2111 1814 2166 αὐτὸν

224 2206 302 2268 ὡς
328 2205 421 2260 τὸν
448 2207 660 2260 ἄσωτον
693 2205 829 2276 πρὸς
861 2204 921 2258 σὲ
949 2205 1042 2258 τὸν
1073 2204 1208 2258 Θεὸν
1237 2205 1332 2258 καὶ
1359 2204 1578 2274 Πατέρα
1607 2205 1814 2257 ὲπανα-
1861 2279 1870 2286 ο

224 2298 592 2368 κάμπτοντα,
635 2297 948 2366 ἀπόστησον
986 2297 1082 2350 ἀπ’
1135 2295 1302 2350 αὐτοῦ
1350 2296 1535 2350 πᾶσαν
1603 2295 1816 2364 πλάνην

225 2391 325 2443 καὶ
369 2389 619 2442 ἐπίνοιαν
653 2387 748 2440 τοῦ
801 2387 1032 2460 ἐχθροῦ,
1080 2387 1344 2454 σύνταξον
1396 2387 1560 2440 αὑτὸν
1598 2389 1666 2459 τῇ
1705 2387 1815 2441 τῶν

223 2479 466 2548 λογικῶν
494 2496 586 2534 σου
623 2479 914 2550 προϐάτων
959 2479 1092 2550 ἁγίᾳ
1119 2477 1358 2550 ποίμνῃ,
1401 2477 1685 2548 κόσμησον
1715 2476 1814 2530 αύ-

223 2575 319 2626 τδν
372 2574 470 2627 καὶ
515 2571 611 2627 νῦν
673 2574 740 2642 τῇ
781 2571 913 2645 δόξῃ
959 2571 1053 2624 τοῦ
1102 2570 1372 2640 παναγίου
1416 2569 1681 2638 ὀνόματος
1721 2568 1812 2623 τοῦ

225 2664 466 2736 Χριστοῦ
509 2681 604 2718 σου
632 2679 645 2693 ·
697 2663 927 2735 μέτοχον
977 2660 1255 2728 ἀνάδειξον
1299 2662 1396 2716 σὺν
1427 2663 1563 2715 πᾶσι
1602 2661 1814 2726 πιστοῖς

225 2757 334 2812 τῶν
383 2757 748 2828 ἁγιασμάτων
777 2755 890 2828 (29)
945 2772 1039 2810 σου
1070 2755 1177 2808 τῶν
1237 2754 1546 2824 ἀχράντων,
1569 2755 1650 2818 εἰς
1677 2753 1814 2822 ἄφε-

229 2867 314 2904 σιν
401 2851 526 2920 μὲν¹
565 2849 676 2902 τῶν
746 2847 1159 2920 προγεγονότων
1221 2845 1556 2916 σφαλμάτων
1607 2843 1810 2910 αὐτοῦ,

227 2941 534 3010 ἀσφάλειαν
563 2940 619 2994 δὲ
641 2939 737 2993 τοῦ
765 2939 1073 3008 μέλλοντος,
1099 2940 1190 2992 καὶ
1218 2937 1463 3008 φυλακὴν
1485 2939 1586 3008 τῆς
1631 2935 1814 3006 ψυχῆς

226 3024 451 3087 καὶτοῦ
502 3031 776 3102 σώματος.
828 3030 928 3094 Δὸς
958 3029 1110 3101 αύτῷ
1159 3033 1218 3084 ἐν
1261 3029 1428 3082 παντὶ
1477 3029 1654 3100 καιρῷ
1718 3027 1814 3080 καὶ

225 3123 396 3193 τόπῳ,
430 3121 568 3194 πρὸς
599 3121 661 3174 σὲ
693 3120 1086 3190 καταφεύγειν,
1113 3119 1396 3190 σχολάζειν
1427 3121 1548 3181 ταῖς
1587 3117 1814 3188 Ἐκκλη-

229 3214 374 3278 σίαις
414 3229 512 3266 σου
533 3254 546 3275 ,
588 3212 684 3266 καὶ
721 3211 792 3266 τὰ
825 3211 1102 3282 εὐάρεστά
1137 3227 1218 3263 σοι
1249 3209 1556 3274 ἐπιτελεῖν,
1597 3209 1684 3261 ἵνα
1718 3209 1813 3262 καὶ

227 3304 567 3374 κληρονόμος
595 3302 662 3355 δι’
689 3301 1059 3374 ἀγαθοεργίας
1082 3302 1333 3372 ἀναφανῇ
1362 3301 1460 3370 τῆς
1485 3299 1810 3370 ἐπουρανίου

2521 716 2700 772 Altera
2742 718 2953 777 Oratio.

2003 827 2236 884 Domine
2292 830 2440 887 Deus
2484 835 2856 904 omnipotens,
2891 837 3056 893 Pater
3092 838 3306 897 Domini
3340 845 3512 900 nostri

1930 918 2060 976 Jesu
2095 921 2322 991 Christi,
2361 925 2452 994 qui
2489 941 2682 983 omnes
2723 929 2969 986 homines
3010 931 3093 988 vis
3152 936 3335 990 salvos
3369 937 3506 1002 fieri,

1929 1019 1985 1066 et
2009 1013 2078 1068 ad
2109 1016 2442 1084 agnitionem
2465 1019 2717 1074 veritatis
2744 1023 2950 1088 venire,
2988 1027 3077 1094 qui
3103 1037 3330 1096 propter
3352 1044 3508 1083 ovem

1930 1101 2268 1172 deperditam
2301 1107 2639 1178 unigenitum
2683 1107 2879 1164 Filium
2913 1119 3060 1166 tuum
3088 1113 3424 1171 Salvatorem
3457 1127 3513 1172 et

1928 1191 2370 1264 Redemptorem,
2432 1198 2726 1268 imaginem
2801 1211 2946 1256 tuam
3001 1204 3392 1272 requisiturum
3454 1215 3510 1261 et

1931 1293 2384 1350 restauraturum,
2413 1289 2464 1342 in
2495 1291 2756 1345 mundum
2791 1293 2990 1347 misisti
3017 1311 3030 1347 :
3066 1303 3117 1348 te
3145 1311 3421 1365 rogamus,
3453 1308 3510 1352 et

1929 1383 1982 1430 te
2015 1392 2322 1446 precamur,
2377 1394 2594 1435 servum
2647 1392 2792 1436 tuum
2845 1385 2986 1438 hunc
3030 1386 3096 1439 ad
3132 1387 3506 1444 miserationes

1927 1476 2048 1524 tuas
2081 1482 2454 1526 recurrentem
2505 1475 2744 1544 suscipe.
2777 1475 2914 1531 Cum
2945 1479 3088 1532 enim
3123 1495 3152 1530 a
3185 1495 3374 1549 puero,
3415 1495 3508 1535 re-

1924 1569 2069 1613 ctam
2095 1559 2149 1614 in
2177 1568 2228 1614 te
2253 1559 2416 1615 ﬁdem
2443 1577 2540 1632 per
2562 1576 2812 1620 sanctum
2845 1577 2994 1622 tuum
3023 1569 3292 1637 baptisma
3316 1582 3508 1626 nactus

1928 1649 2140 1716 fuisset,
2183 1653 2251 1707 ab
2291 1667 2357 1708 ea
2391 1661 2570 1709 tamen
2601 1653 2796 1725 puerili
2843 1661 3162 1725 stoliditate,
3204 1671 3296 1715 aut
3325 1662 3508 1732 aliquo

1925 1741 2034 1796 alio
2088 1743 2318 1812 impetu,
2358 1745 2610 1802 excidit:
2652 1763 2798 1803 nunc
2833 1765 2983 1815 vero,
3027 1753 3244 1822 cognito
3293 1769 3504 1822 errore,

1923 1835 2240 1904 paenitentia
2291 1837 2518 1904 ductus,
2577 1843 2643 1894 ad
2702 1852 2849 1896 tuam
2907 1859 3098 1898 rursus
3154 1845 3504 1900 clementiam

1923 1925 2190 1996 confugit.
2265 1927 2494 1985 Eﬂnnde
2573 1945 2737 2000 super
2789 1931 2938 1986 illum
2995 1935 3349 1990 humanitatis
3399 1945 3505 1990 tuae

1923 2018 2336 2086 benignitatem,
2373 2032 2427 2076 et
2459 2039 2556 2078 ceu
2607 2025 2892 2095 prodigum
2928 2027 2996 2079 ad
3025 2037 3076 2080 te
3111 2025 3278 2081 Deum
3313 2039 3366 2081 et
3399 2029 3500 2082 Pa-

1923 2119 2060 2166 trem
2103 2122 2468 2168 revertentem
2498 2115 2856 2184 amplectere.
2895 2116 3146 2171 Errorem
3174 2132 3416 2182 omnem,
3448 2126 3504 2172 et

1919 2203 2094 2260 hostis
2118 2205 2493 2274 deceptionem
2515 2209 2582 2262 ab
2602 2208 2692 2264 illo
2711 2208 2888 2278 abige,
2911 2209 3260 2263 rationalium
3286 2219 3500 2262 tuarum

1919 2297 2099 2350 ovium
2148 2298 2298 2367 gregi
2358 2299 2506 2352 illum
2555 2300 2879 2372 adnumera,
2939 2299 3112 2370 gloria
3169 2301 3500 2354 sanctissimi

1926 2389 2164 2445 nominis
2201 2391 2408 2446 Christi
2440 2393 2515 2446 tui
2548 2393 2698 2447 illum
2730 2408 2932 2448 exorna
2967 2413 2980 2448 :
3017 2402 3071 2448 et
3097 2403 3218 2447 cuin
3257 2393 3504 2448 ﬁdelibus

1915 2481 2128 2534 cunctis
2188 2480 2520 2536 illibatarum
2577 2493 2792 2536 tuarum
2857 2483 3390 2547 sanctiticationum,
3447 2483 3500 2537 in

1917 2574 2315 2640 prieterilorum
2369 2574 2589 2644 quidem
2625 2575 2946 2628 delictorum
2999 2573 3405 2638 remissionem,
3447 2583 3500 2627 et

1915 2677 1946 2716 a
2000 2661 2200 2718 futuris
2266 2664 2709 2729 immunitatem,
2766 2672 2822 2719 et
2887 2665 3081 2719 animae
3146 2664 3503 2730 corporisque

1915 2753 2244 2820 custodiam,
2299 2755 2620 2824 participem
2657 2755 2809 2809 illum
2868 2755 2984 2809 ﬁeri
3029 2755 3246 2822 largire.
3297 2753 3374 2806 Da
3423 2755 3499 2807 illi

1917 2841 1969 2895 in
2001 2843 2146 2895 omni
2181 2851 2426 2914 tempore
2455 2853 2511 2898 et
2555 2845 2674 2899 loco
2706 2846 2773 2900 ad
2812 2855 2865 2898 te
2899 2860 3203 2910 recurrere,
3237 2844 3501 2900 Et-clesiis

1917 2934 2023 2988 tuis
2054 2948 2272 3000 vacare,
2306 2946 2361 2990 ct
2395 2935 2592 3004 placita
2633 2937 2727 2991 tibi
2755 2936 3023 3006 perlicere
3057 2955 3072 2991 :
3117 2947 3174 2990 ut
3203 2951 3296 3003 per
3328 2937 3500 2990 bono-

1916 3041 2033 3079 rum
2079 3041 2304 3094 operum
2351 3027 2783 3094 exsecutionem,
2835 3026 3076 3082 cmlestis
3113 3027 3266 3098 regni
3326 3029 3502 3085 haeres

1915 3115 2046 3182 ﬂat;
2077 3117 2232 3188 cujus
2259 3109 2445 3172 etiam'
2467 3133 2564 3173 nos
2591 3134 2714 3174 cum
2745 3134 2812 3172 eo
2843 3121 3034 3189 dignos
3069 3133 3190 3172 esse
3233 3121 3499 3182 canccde,

1913 3210 2087 3279 gratia
2113 3221 2177 3264 et
2232 3210 2678 3265 miserationibus
2711 3208 2918 3265 Christi
2956 3211 3053 3276 tui,
3087 3225 3210 3263 cum
3269 3225 3379 3278 quo
3412 3212 3506 3264 be-

1920 3301 2172 3355 nedictus
2223 3313 2308 3363 es,
2343 3313 2467 3354 cum
2503 3299 2872 3365 sanctissimo,
2901 3307 2956 3353 et
3003 3301 3166 3365 bouo,
3199 3309 3253 3353 et
3289 3300 3504 3353 vivilico

228 3394 532 3466 βασιλείας.
562 3386 671 3456 Ἦς
699 3393 794 3446 καλ⁵
818 3394 966 3464 ἡμᾶς
995 3391 1228 3459 ἀξίωσον
1257 3393 1356 3446 σὺν
1385 3389 1534 3452 αὐτῷ
1557 3433 1568 3454 ,
1603 3391 1806 3460 χάριτι,

1927 3401 2012 3446 tuo
2067 3391 2296 3460 Spiritu,
2327 3407 2474 3445 nunc
2513 3401 2568 3446 et
2599 3405 2836 3459 semper,
2876 3401 2930 3446 et
2961 3391 3013 3444 in
3046 3392 3240 3444 saecula
3279 3389 3506 3444 saeculo-

227 3486 320 3539 καὶ
347 3485 659 3554 οἰκτιρμοίς
691 3481 786 3536 τοῦ
835 3480 1072 3553 Χριστοῦ
1106 3497 1223 3546 σου,
1261 3479 1382 3552 μεθ’
1427 3474 1489 3533 οὗ
1519 3479 1809 3548 εὐλογητὸς

1919 3497 2061 3537 rum.
2095 3483 2289 3537 Amen.

227 3572 292 3641 εἰ,
327 3577 427 3630 σὺν
470 3575 550 3646 τῷ
576 3573 860 3644 παναγίῳ,
905 3569 999 3628 καὶ
1039 3571 1250 3642 ἀγαθῷ,
1288 3570 1384 3624 καὶ
1455 3569 1705 3640 ζωοποιῇ
1779 3589 1874 3626 σου
1916 3573 2227 3644 Πνεύματι·
2276 3573 2372 3626 νῦν
2422 3579 2526 3627 και
2558 3572 2684 3636 ἀεὶ,
2718 3573 2812 3624 καὶ
2851 3573 2930 3636 είς
2972 3573 3102 3636 τοὺς
3142 3572 3346 3635 αἰῶνας
3397 3571 3506 3624 τῶν

227 3667 463 3720 αἰώνων.
509 3665 706 3736 Ἀμήν.

297 3757 507 3826 Εἰρήνη
543 3757 699 3808 πᾶσι.
731 3754 841 3817 Τὰς
884 3750 1326 3821 κεφαλὰς-,ήμῶν
1368 3749 1444 3820 τῷ
1473 3751 1660 3821 Κυρίῳ
1705 3749 1817 3803 κλί-

229 3865 429 3920 νωμεν.

651 3961 763 4016 Τοῦ
801 3961 1023 4030 Κυρίου
1056 3958 1379 4027 δεηθῶμεν.

305 4076 477 4146 Κύριε
513 4077 541 4129 ό
570 4075 702 4137 Θεὸς
732 4073 890 4144 ἡμῶν
929 4075 956 4126 ὀ
994 4072 1178 4134 κλίνας
1214 4070 1348 4141 (50),
1392 4070 1684 4138 οὐρανοὺς,
1719 4068 1816 4122 καὶ

233 4169 480 4230 καταϐὰς
515 4166 610 4219 ἐπὶ
647 4166 892 4236 σωτηρίᾳ
930 4163 1026 4218 τοῦ
1063 4163 1256 4232 γένους
1284 4167 1393 4216 τῶν
1430 4157 1758 4232 ἀνθρώπων,
1791 4163 1819 4213 ό

1995 3752 2102 3806 Pax
2131 3754 2406 3811 omnibus.
2436 3755 2625 3824 Capita
2660 3764 2847 3810 nostra
2897 3754 3125 3834 Domino
3160 3755 3502 3813 inclinemus.

2407 3957 2684 4011 Dominum
2710 3973 3006 4026 precemur.

2000 4069 2228 4124 Domine
2267 4069 2406 4125 Deus
2436 4079 2647 4133 noster,
2681 4070 2798 4138 qui,
2825 4069 2982 4122 uelis
3015 4070 3314 4135 inclinatis,
3337 4072 3392 4126 in
3419 4089 3504 4126 sa-

1931 4161 2095 4212 lutem
2139 4159 2352 4228 generis
2385 4159 2604 4214 humani
2645 4160 2999 4226 descendisti,
3043 4161 3134 4229 qui
3164 4177 3259 4231 per
3287 4178 3502 4218 crucem

1310 4270 1554 4370 ’νΑιιιιιι
1593 4311 1976 4368 LECTlONES
2015 4311 2102 4366 ET
2141 4311 2374 4368 NOTAE.

304 4480 420 4551 (9.8)
451 4477 622 4551 Κύριε
641 4448 680 4530 ’ὁ
705 4475 850 4551 Θεὸς
878 4477 910 4528 ό
935 4469 1625 4551 παντοξρίίτωρ.ητίιιιιιιε
1651 4467 1814 4551 hujus

1927 4469 2154 4550 Gravius
2188 4470 2370 4551 itaque
2398 4469 2782 4551 delinqpentes
2809 4471 3109 4528 canonibus
3138 4473 3392 4551 subjecti,
3421 4477 3505 4529 Vel

233 4539 503 4605 orationis
534 4539 594 4600 in
643 4547 831 4601 eodem
877 4545 1070 4599 codice
1121 4541 1338 4612 Cryptaa.
1385 4539 1623 4612 Ferrata:
1676 4549 1808 4593 est:

236 4621 382 4690 Εύχὴ
401 4618 496 4672 ἐπὶ
521 4615 1000 4690 ἀποστατήσᾳντος
1019 4609 1350 4674 παιδὸςηιαὶ
1367 4609 1808 4690 μαγαρίσαντος,

236 4681 346 4744 καῖ’
365 4681 799 4755 [ξιετανοοῦντοις.⁷
817 4684 1002 4738 Oratio
1029 4699 1145 4755 pro
1161 4696 1326 4750 puero
1353 4681 1479 4755 [ἰμεὶ
1507 4683 1774 4755 desertore
1794 4718 1810 4742 ,

237 4749 558 4826 inﬁdelitate
596 4757 890 4826 inquinata,
927 4763 974 4807 et
1009 4749 1306 4826 panitenle.
1365 4749 1598 4818 Hathue
1638 4749 1813 4802 oratio

238 4819 458 4887 nonnisi
490 4819 876 4891 super'pneros
905 4819 1184 4890 apostatas
1215 4819 1431 4890 legitur.

306 4896 425 4970 (29)
461 4894 590 4970 Τῷνῖ
631 4893 1038 4970 ἀγιασμάτων.
1077 4893 1135 4944 ln
1175 4891 1399 4970 unitatis
1446 4902 1812 4970 nurnero-po-

236 4959 340 5025 sita
363 4959 465 5021 vo:
496 4959 773 5034 ἁγίασμα,
793 4959 1075 5034 lustrglent
1099 4977 1312 5034 aquarii,
1341 4962 1392 5013 in
1427 4959 1810 5034 multitudinis,

234 5040 476 5108 corporis
507 5029 860 5108 etisan'guinis
916 5029 1182 5108 Domiitiei
1217 5030 1661 5108 commuttionem,
1703 5029 1812 5092 vel,

232 5100 388 5178 parii:
414 5100 756 5178 benedicti“
803 5119 953 5178 aqua:
999 5103 1200 5170 puriter
1233 5100 1583 5167 sanctiﬁcata!
1633 5114 1814 5167 perce-

232 5171 491 5248 ptionem,
522 5174 808 5248 signiﬁcat.
853 5171 1154 5239 Utrumque
1183 5185 1314 5222 vero
1366 5179 1812 5248 sensumpotest

233 5239 325 5303 hic
351 5239 625 5302 obtinere.
662 5239 722 5299 Vi
745 5257 977 5310 namque
1003 5249 1394 5294 tormentorum
1427 5254 1456 5292 a
1478 5239 1580 5292 lide
1605 5239 1808 5308 lapsus,

233 5327 353 5389 post
397 5315 900 5389 reconciliationem
937 5310 1294 5389 ἁγιασμάτων
1323 5314 1567 5377 corporis
1601 5317 1655 5361 et
1678 5327 1809 5389 san-

232 5383 418 5457 guinis
491 5383 700 5440 Christi
731 5385 804 5438 sit
829 5384 1122 5457 jparticeps
1179 5396 1194 5432 :
1252 5389 1580 5447 spontaneos
1613 5388 1810 5457 _antem

235 5449 539 5528 Transfuga,
571 5449 956 5528 communione
989 5451 1055 5504 ad
1093 5459 1316 5528 mortem
1353 5461 1524 5528 usque
1547 5449 1810 5528 privatus,

233 5543 437 5600 panem
451 5518 901 5600 bejtedictunret
932 5535 1150 5600 guttam
1182 5519 1460 5600 lustralem
1489 5518 1812 5600 ἀγιιξσματα

229 5587 484 5670 percipit.
516 5596 724 5670 Sﬂcribit
752 5592 896 5648 enim
927 5587 1189 5670 Codinus,
1219 5604 1361 5670 cap;
1383 5589 1469 5652 Π,
1508 5587 1813 5670 τὸῃδιδόμε-

229 5657 321 5726 ἶιον
353 5657 434 5738 τῷ
466 5666 586 5739 λαῷ
627 5665 900 5734 ἁγίασμα,
935 5663 963 5715 ὃ
988 5677 1179 5739 φαμεν
1209 5659 1526 5739 ἀείτίδωρον.
1561 5657 1816 5739 Sanctum

234 5729 427 5814 vapulo
461 5729 834 5800 distributum,
881 5729 1018 5804 quod
1055 5733 1223 5800 panis.
1255 5731 1556 5782 benettt‘ctus
1599 5729 1817 5781 dicitur.

1919 4541 2088 4609 etiam
2143 4539 2639 4609 quilibetpropria
2686 4540 2966 4596 voluntate
3015 4557 3047 4595 a
3123 4546 3505 4600 communione

1919 4607 2222 4680 abstentus,
2267 4607 2457 4680 κοινῆς
2523 4607 2885 4680 μεταλήψεως
2943 4613 3156 4674 diebus,
3217 4613 3505 4669 Paschalis

1919 4677 2202 4742 nimirum,
2235 4677 2618 4748 ApOstolorttm
2658 4677 2796 4734 feéto
2855 4681 2941 4735 die
2979 4681 3050 4736 29
3087 4681 3254 4748 Junii,
3284 4685 3506 4739 Asmurn-

1920 4749 2411 4822 ptionisDeiparg,
2439 4747 3185 4822 et_NatiyitatisDominicm,
3220 4747 3504 4822 praemisso

1919 4819 2285 4888 quatriduano
2339 4817 2565 4886 jejunio,
2633 4819 2848 4875 diaconi
2926 4817 3254 4888 ministerio,
3334 4840 3504 4878 sacra:

1919 4887 2318 4960 communionis
2351 4890 2478 4953 ritu,
2523 4891 2956 4956 praecedentibus
2987 4907 3180 4960 nempe
3205 4895 3408 4956 cereis,
3443 4895 3500 4946 ἐν

1921 4955 2122 5022 λαϐἰδι,
2151 4965 2396 5030 sanctam
2420 4955 2614 5028 aquam
2658 4961 2847 5026 ebibit,
2898 4973 2954 5015 et
2998 4955 3164 5015 inissa
3207 4955 3499 5030 completa,

1922 5042 2116 5096 panem
2153 5028 2496 5104 benedictum
2533 5031 2832 5104 sacerdotis
2857 5031 3267 5104 ritaiiu_accipit
3310 5028 3344 5085 εἰ
3377 5033 3498 5085 illo-

1927 5112 2158 5168 rumque
2203 5101 2529 5167 sumptione,
2585 5100 2934 5154 sanctitatem
2993 5101 3098 5153 sibi
3157 5100 3500 5169 comparare,

1921 5169 2318 5222 communionis
2369 5169 2661 5223 orbitatem
2718 5183 3092 5239 compensare,
3160 5170 3245 5226 vel
3307 5171 3478 5226 salte."

1922 5239 2024 5291 hoc
2061 5250 2240 5305 pacto,
2274 5239 2440 5292 solari
2471 5239 2715 5292 conlidit.

1994 5308 2106 5379 (50)
2137 5309 2314 5376 Κύριε
2352 5311 2384 5361 ό
2419 5307 2565 5372 Θεὸς
2597 5306 2784 5376 ἡμῶν,
2821 5309 2854 5361 ό
2883 5309 3116 5375 κλίνας.
3153 5309 3278 5364 Haec
3309 5326 3340 5364 ο

1919 5388 1972 5432 et
1988 5395 2105 5448 qua:
2125 5379 2382 5446 deinceps
2399 5391 2724 5444 sequuntur,
2739 5383 2824 5432 vix
2840 5380 3182 5447 reperiuntur
3199 5382 3249 5434 in
3265 5382 3389 5438 ullis
3405 5401 3505 5437 nis.

1923 5451 2174 5520 quamvis
2204 5451 2258 5520 in
2289 5449 2562 5520 aliquibus
2591 5463 2704 5520 non
2737 5449 2924 5520 desint
2963 5448 3144 5520 oﬂicia
3178 5466 3276 5520 pro
3315 5466 3508 5508 recon-

1921 5519 2172 5592 ciliandis
2203 5519 2475 5592 htereticis
2495 5517 2562 5570 ab
2590 5518 2928 5592 liis‘dit'ersa.
2961 5517 3321 5576 Barberinum
3343 5540 3508 5592 porro

1926 5589 2186 5665 num._'88,
2212 5589 2532 5665 distinctum
2559 5588 2628 5643 ab
2658 5589 2740 5645 bis
2765 5589 3008 5645 ordinem
3036 5605 3136 5660 pro
3167 5593 3296 5649 solis
3326 5588 3507 5665 pueris

1928 5660 2274 5714 ubsolvcttd:s
2307 5659 2547 5712 exhibet.
