3950 6166
427 249 566 316 1315

1457 239 1518 298 S.
1554 235 1935 296 METEODII
1973 233 2478 295 PATRIARCIL‘E
2517 233 2628 296 CP.

3565 235 3698 304 1316

427 377 576 420 trram
607 361 863 432 originali
902 373 1002 414 nos
1032 357 1412 414 maledictiorre
1447 355 1726 412 liberatos.
1748 353 1812 404 ad
1847 353 2008 404 vitam

2125 349 2206 404 διὰ
2233 349 2329 403 τοῦ
2364 351 2603 421 σταυροῦ
2633 369 2726 406 σου
2755 353 2854 424 τῆς
2881 351 3218 426 προγονικῆς
3256 353 3504 423 κατάρας
3548 353 3703 406 ἐλευ-

425 459 636 514 beatam
665 453 932 510 reduxisti
955 451 1312 523 ;qnidixisti,
1336 449 1591 520 gaudium
1623 448 1674 501 in
1701 447 1840 501 coelo
1861 447 2002 508 ﬁeri,

423 563 588 605 carrsa
649 545 958 618 peccatoris
1005 544 1168 598 rrnius
1208 541 1586 612 paenitentiam
1621 540 1876 608 agentis:
1924 553 2009 591 re-

427 649 642 710 ceptam
677 654 821 694 rrrrrrc
847 637 1168 692 rationalem
1207 632 1500 694 oviculam,
1533 632 1682 702 prius
1717 631 2006 699 perditam,

427 731 580 804 gregi
639 741 729 784 tuo
765 738 1019 793 annecte,
1053 736 1108 780 et
1150 741 1377 796 rapaces
1411 725 1568 794 lupos
1599 724 1665 778 ab
1697 739 1758 778 ea
1809 721 2007 790 cffugn,

427 834 482 879 et
515 839 682 879 cruce
718 833 808 876 tua
845 821 1106 875 vallatum
1145 818 1320 884 illum,
1357 826 1412 870 et
1440 815 1733 869 venerandi
1777 814 2011 869 nominis

429 917 527 982 tui,
561 930 724 984 super
752 929 848 968 nos
873 927 1064 968 servos
1092 921 1210 966 trros
1234 912 1492 973 invocati,
1522 909 1692 980 gloria
1717 917 2008 969 armatum,

427 1017 706 1076 serpentes
742 1017 797 1060 et
833 1006 1152 1074 scorpiones
1207 1003 1420 1058 calcare
1459 1001 1720 1056 concede.
1755 999 1834 1053 Tu
1867 999 2010 1053 enim

381 1107 386 1115 '
426 1111 487 1151 es
526 1097 672 1150 Deus
725 1107 936 1161 noster,
989 1096 1132 1150 Deus
1165 1093 1459 1148 miserendi
1510 1102 1562 1148 et
1617 1091 1863 1146 salvandi
1905 1109 1916 1144 :
1959 1102 2014 1146 et

431 1187 528 1242 tihi
604 1185 831 1256 gloriam
875 1185 1186 1249 referimus,
1219 1199 1342 1239 cum
1380 1183 1632 1254 principii
1665 1191 1890 1250 experte
1925 1192 2016 1236 tuo

432 1275 620 1340 Patre,
657 1287 711 1333 et
741 1293 861 1332 cum
899 1276 1274 1341 sanctissimo,
1309 1284 1364 1330 et
1388 1275 1556 1341 bono,
1587 1285 1642 1330 et
1683 1275 1900 1330 viviﬁco
1925 1284 2016 1330 tuo

429 1369 633 1438 Spiritu
656 1411 670 1436 ,
698 1383 842 1424 nunc
869 1377 924 1424 et
959 1383 1202 1438 semper,
1249 1377 1304 1423 et
1334 1367 1386 1422 in
1431 1367 1630 1422 sarcula
1665 1367 2011 1421 sarculorum.

430 1465 627 1516 Amen.

2113 437 2364 509 θερὼσας
2405 441 2576 510 ἡμᾶς,
2620 441 2880 512 καὶπρὸς
2938 443 3038 512 τὴν
3075 442 3353 512 μακαρίαν
3413 441 3564 513 ζωὴν
3603 445 3703 497 ἒπ-

2112 530 2438 598 αναγαγὼν,
2475 531 2504 583 6
2549 529 2724 585 εἰπὼν
2757 531 3005 600 γίνεσθαι
3039 534 3216 603 χαρὰν
3248 535 3307 587 ὲν
3349 534 3570 604 οὐρανῷ
3617 537 3703 604 ἐφ’

2112 623 2192 674 ὲνί
2237 621 2551 694 ἁμαρτωλῷ
2586 623 2977 693 μετανοοῦντι·
3040 623 3333 698 πρόσδεξαι
3389 629 3482 680 καὶ
3516 627 3612 698 νῦν
3645 629 3706 682 τδ

2113 715 2392 778 ἀπολωλός
2421 733 2514 768 σου
2544 716 2816 787 πρόϐατον
2849 717 3089 788 λογικὸν,
3115 719 3208 772 καὶ
3237 721 3303 790 τῇ
3339 719 3548 791 ποίμνῃ
3574 719 3704 774 σύν-

2113 807 2270 876 αψον,
2312 809 2407 860 καὶ
2447 810 2574 871 τοὺς
2621 808 2989 880 ἁρπάσαντας
3014 810 3214 874 λύκους
3247 811 3341 864 ἀπ’
3371 811 3538 865 αὑτοῦ
3565 813 3704 866 ἁπο-

2117 899 2382 967 σὸὗησον·
2423 899 2656 964 ἀξίωσον
2696 901 2860 955 αὐτὸν
2909 906 3104 956 πατεῖν
3149 905 3332 957 ἐπάνω
3381 905 3561 974 ὄφεων
3609 907 3708 958 καὶ

2118 993 2396 1064 σκορπίων
2426 1011 2481 1046 τε
2493 993 2797 1064 ιχιζὸμενον
2823 994 2902 1063 τῷ
2927 981 3145 1066 σταυρῷ
3171 1011 3286 1056 σου,
3319 999 3412 1049 καὶ
3435 995 3707 1066 φρουρού-

2121 1103 2281 1156 μενον
2323 1087 2389 1156 τῇ
2429 1085 2554 1156 δόξῃ
2607 1085 2700 1138 τοῦ
2738 1085 3120 1156 προσκυνητοῦ
3159 1103 3252 1139 σου
3293 1086 3558 1156 ὀνόματος
3607 1085 3705 1138 τοῦ

2117 1177 2556 1248 ἐπικεκλημένου
2587 1179 2672 1246 ἐφ’
2701 1179 2834 1247 ἡμῖν
2862 1181 2974 1240 τοῖς
2998 1178 3206 1240 δούλοις
3249 1195 3364 1232 σου.
3397 1179 3468 1232 Σὺ
3503 1179 3610 1249 γὰρ
3657 1173 3710 1230 εἷ

2117 1270 2146 1321 6
2185 1269 2318 1332 Θεὸς
2359 1269 2550 1340 ἡμῶν,
2583 1269 2714 1332 Θεδς
2755 1268 2848 1322 τοῦ
2893 1269 3062 1322 ἐλεεῖν
3093 1269 3188 1322 καὶ
3221 1267 3447 1334 σώζειν,
3493 1273 3590 1324 καὶ
3625 1271 3710 1323 σοὶ

2117 1361 2217 1430 τὴν
2246 1359 2404 1425 δόξαν
2434 1361 2838 1430 ἁναπέμπομεν
2861 1377 2874 1390 ο
2902 1361 2997 1414 σὺν
3025 1360 3104 1432 τῷ
3131 1362 3352 1432 ἁνὰρχῳ
3381 1379 3474 1415 σου
3505 1363 3708 1431 Πατρὶ,

2121 1452 2214 1502 καὶ
2269 1449 2346 1520 τῷ
2395 1451 2684 1522 παναγίῳ,
2739 1451 2835 1504 καὶ
2887 1451 3116 1522 ἀγαθῷ,
3164 1454 3256 1505 καὶ
3303 1451 3553 1524 ζωοποιῷ
3613 1471 3707 1506 σου

2121 1543 2436 1613 Πνεῦματι’
2489 1543 2586 1595 νῦν
2623 1545 2717 1597 καὶ
2772 1543 2880 1607 ἀεὶ,
2917 1545 3010 1597 καὶ
3045 1546 3123 1606 εἰς
3161 1544 3286 1609 τοὺς
3340 1545 3548 1610 αἰῶνας
3599 1545 3711 1599 τῶν

2123 1632 2362 1686 αἰώνων.
2404 1635 2602 1704 Ἀμήν.

505 1727 568 1780 Et
606 1728 842 1779 oratione
899 1724 1190 1794 completa,
1239 1739 1394 1778 sacro
1453 1733 1720 1791 unguento
1779 1728 2012 1784 accepto,

2194 1725 2303 1778 Καὶ
2331 1726 2481 1793 μετὰ
2516 1725 2630 1794 τὴν
2669 1725 2884 1796 εὐχὴν,
2924 1725 3126 1779 λαϐὼν
3159 1727 3226 1780 τὸ
3268 1726 3439 1796 ἅγιον
3479 1727 3711 1797 μῦρον,

429 1817 716 1870 secundum
768 1816 1159 1883 baptizatorum
1205 1813 1638 1868 consuetudinem
1670 1812 1819 1864 illum
1860 1811 2019 1862 inun-

430 1910 525 1977 gil,
565 1907 737 1960 crucis
764 1907 916 1976 signa
974 1921 1238 1972 expresso,
1273 1904 1326 1956 in
1377 1901 1572 1969 fronte,
1624 1911 1671 1953 et
1724 1900 1914 1956 oculis.
1969 1907 2016 1950 et

431 1999 668 2061 naribus,
697 2009 743 2050 et
803 2013 916 2060 ore,
949 2007 996 2048 et
1029 1993 1236 2048 duabus
1285 1993 1524 2052 auribus,
1583 2001 1629 2042 et
1667 1988 1927 2052 manibus,
1970 1996 2018 2039 et

432 2098 660 2149 uectore,
713 2099 760 2140 et
796 2087 1051 2156 scopulis,
1114 2095 1162 2139 et
1218 2085 1473 2155 gerrubus,
1508 2083 1684 2135 dicens
1713 2097 1731 2134 :
1770 2079 2016 2148 Sigillum

435 2181 558 2234 horti
609 2177 851 2248 Spiritus
888 2177 1083 2231 sancti.
1131 2175 1194 2229 Et
1231 2175 1477 2228 unctione
1501 2171 1762 2242 perfecta,
1797 2185 2016 2237 sequeu-
2047 2215 2056 2224 .

437 2281 537 2323 tem
569 2270 858 2322 orationem
890 2283 1048 2336 super
1076 2278 1232 2336 caput
1269 2266 1381 2335 ejus
1416 2266 1624 2327 recitat.

925 2569 1207 2622 Dominum
1236 2584 1530 2638 precemur.

511 2680 758 2748 Domine,
812 2681 950 2736 Deus
993 2682 1362 2751 omnipotens,
1401 2682 1492 2750 qui
1549 2695 1645 2750 per
1683 2677 2013 2732 sanctissimi

437 2776 514 2827 tui
551 2774 790 2842 Spiritus
823 2774 1161 2842 missionem,
1205 2773 1382 2842 gratia
1434 2771 1730 2839 discipulos
1775 2779 1897 2823 trros
1933 2784 2018 2824 re-

435 2867 671 2936 plevisti,
725 2880 940 2919 servum
986 2867 1151 2930 etiam
1197 2875 1346 2918 trrrrm
1382 2865 1529 2918 hunc
1580 2863 1651 2918 al)
1693 2863 1897 2918 erroris
1929 2861 2014 2914 via

438 2969 773 3044 rer-pentum,
802 2968 859 3012 et
887 2959 954 3013 ad
996 2959 1156 3016 ﬁdem
1209 2967 1357 3012 tuam
1398 2958 1705 3022 reductum,
1747 2964 1802 3010 et
1841 2955 2013 3010 sancti

2119 1818 2274 1885 χρίει
2306 1815 2495 1870 αὑτὸν
2534 1817 2686 1872 κατὰ
2711 1817 2828 1886 τὴν
2865 1817 3042 1882 τάξιν
3066 1817 3188 1872 τῶν
3211 1819 3675 1888 βαπτιζομένων
3697 1861 3712 1882 ,

2118 1907 2308 1962 ποιῶν
2346 1909 2614 1978 σταιῳοῦ
2641 1911 2855 1974 τύπον,
2896 1911 2999 1964 ἐπί
3029 1927 3094 1965 τε
3132 1911 3239 1964 τοῦ
3267 1910 3569 1980 μετώπου,
3607 1913 3714 1964 καὶ

2118 1995 2238 2052 τῶν
2299 1997 2660 2068 ὀφθαλμῶν,
2715 2000 2813 2052 καί
2875 1999 2998 2053 τῶν
3043 1999 3402 2068 μυκτήρων,
3450 2001 3550 2054 καὶ
3602 2000 3716 2054 τοῦ

2118 2092 2419 2159 στόματος
2439 2129 2453 2153 ,
2499 2091 2594 2144 καὶ
2627 2091 2744 2146 τῶν
2776 2091 2885 2146 δύο
2925 2091 3136 2154 ὠτίων,
3177 2093 3277 2147 καὶ
3306 2091 3423 2145 τῶν
3451 2093 3676 2162 χειρῶν
3698 2131 3716 2156 ,

2117 2183 2347 2235 καὶτοῦ
2383 2181 2684 2252 στήθους,
2714 2183 2814 2237 καί
2854 2183 2973 2237 τῶν
2993 2185 3406 2254 μεταρρένων,
3449 2186 3547 2238 καὶ
3597 2183 3716 2237 τῶν

2122 2271 2422 2340 γονάτων,
2499 2272 2694 2341 λέγων
2731 2290 2745 2304 ·
2799 2275 3045 2345 Σφραγίς
3113 2275 3322 2344 δωρεᾶς
3395 2274 3716 2345 Πνεύματος

2122 2365 2302 2432 ἁγίου.
2333 2366 2438 2418 Καὶ
2464 2365 2614 2432 μετὰ
2643 2365 2756 2432 τὴν
2777 2367 2985 2434 κρίσιν
3013 2365 3176 2436 λέγει
3204 2366 3316 2436 τὴν
3342 2367 3540 2434 εὐχὴν
3568 2369 3714 2420 ταύ-

2120 2472 2261 2523 την,
2293 2454 2495 2509 ἐπάνω
2524 2454 2632 2523 τῆς
2659 2455 2934 2526 κεφαλῆς
2961 2456 3174 2512 αὐτοῦ.

2549 2570 2659 2624 Τοῦ
2693 2572 2913 2640 Κυρίου
2952 2571 3273 2643 δεηθῶμεν.

2191 2683 2389 2753 Κύριε,
2439 2685 2468 2736 6
2522 2683 2655 2746 Θεὸς
2693 2688 2721 2737 6
2770 2688 3200 2757 παντοκράτωρ,
3253 2687 3283 2739 6
3315 2685 3403 2738 διὰ
3441 2687 3540 2756 τῆς
3574 2687 3716 2739 ἁπτ-

2123 2774 2316 2843 στολῆς
2349 2772 2443 2826 τοῦ
2493 2773 2763 2840 παναγίου
2822 2791 2918 2828 σου
2962 2773 3311 2843 Πνεύματος,
3347 2772 3578 2844 χάριτος
3611 2775 3716 2844 ἒμ-

2119 2867 2334 2936 πλήσας
2373 2865 2500 2928 τοὺς
2535 2865 2786 2935 μαθητὰς
2807 2905 2823 2930 ,
2865 2867 2960 2920 καὶ
3009 2865 3195 2919 δοῦλόν
3231 2868 3326 2918 σου
3356 2865 3550 2918 τοῦτον
3585 2865 3714 2918 ἑπισ-

2123 2956 2363 3026 στρέψας
2401 2959 2466 3010 ὲκ
2489 2957 2586 3026 τῆς
2622 2957 3050 3028 πεπλανημένης
3078 2956 3220 3022 ὁδοῦ,
3249 2958 3340 3011 καί
3372 2959 3452 3021 εἰς
3485 2957 3585 3028 τὴν
3610 2957 3713 3028 σὴν

439 3053 512 3104 ιιιί
545 3051 783 3118 Spiritus
833 3048 1130 3120 fragrantia
1173 3063 1266 3119 per
1308 3049 1470 3119 hujus
1502 3049 1760 3118 unguenti
1791 3049 2012 3102 unctio-

2125 3049 2302 3101 πίστιν
2339 3047 2744 3119 καθοδηγήςας,
2777 3050 2871 3102 καὶ
2900 3050 3000 3121 τῆς
3030 3049 3261 3114 εὐωδίας
3293 3049 3386 3104 τοῦ
3417 3050 3575 3118 ἁγίου
3615 3067 3712 3103 σευ

437 3158 561 3198 nern
599 3143 822 3211 dignum
871 3142 1140 3204 habitum,
1170 3143 1223 3196 in
1273 3153 1362 3196 trra
1411 3142 1702 3197 sanctitate
1750 3141 2012 3194 custodi:

439 3235 505 3289 da
536 3235 585 3288 ei
612 3237 910 3289 secundum
947 3233 1282 3288 voluntatem
1321 3243 1468 3287 trram
1498 3233 1804 3297 ambulare,
1835 3233 2015 3286 illum-

437 3340 544 3394 que
565 3325 862 3380 tremendis
893 3325 1001 3379 tuis
1027 3323 1302 3396 mysteriis
1325 3321 1455 3386 frui,
1474 3333 1528 3374 et
1561 3332 1768 3376 rectam
1793 3334 2009 3390 semper

438 3418 494 3470 iu
548 3425 600 3470 te
627 3415 786 3470 ﬁdem
819 3424 1155 3478 servantem,
1197 3429 1421 3483 regnum
1461 3418 1684 3470 cmicsre
1713 3413 2012 3482 promereri

437 3507 699 3570 concede,
735 3507 908 3578 gratia
953 3506 1152 3561 Christi
1179 3507 1276 3570 tui,
1308 3521 1562 3575 cumquo
1592 3505 1784 3576 gloria,
1817 3506 2014 3570 honor,

437 3609 493 3655 et
542 3599 794 3654 aduratio
840 3599 937 3654 tibi
990 3581 1245 3656 convenit
1302 3614 1478 3653 :cum
1534 3600 1904 3662 sanctissimo,
1965 3609 2021 3652 et

437 3693 606 3754 bono,
642 3701 695 3746 et
744 3691 960 3746 viviﬁco
1008 3699 1102 3746 tuo
1131 3691 1336 3759 Spiritu
1367 3730 1384 3754 ,
1429 3707 1571 3746 nunc
1606 3702 1660 3746 et
1693 3707 1936 3760 semper,
1964 3701 2019 3744 et

437 3785 492 3840 in
521 3785 720 3840 sarcula
749 3787 1096 3839 saeculorum.
1129 3789 1324 3838 Amen.

2125 3141 2442 3210 Πνεῦματος
2470 3141 2560 3194 διὰ
2583 3144 2682 3212 τῆς
2716 3141 2809 3195 τοῦ
2846 3141 3022 3213 μύρου
3058 3143 3252 3195 τούτου
3281 3141 3513 3213 κρίσεως
3544 3141 3713 3206 ἁξιὼ-

2125 3249 2255 3296 σας,
2285 3233 2518 3301 φύλαξον
2548 3234 2716 3286 αὑτὸν
2745 3237 2803 3286 ὲν
2853 3235 2930 3304 τῷ
2983 3234 3062 3305 σῷ
3109 3234 3369 3304 ἁγιασμῷ
3392 3276 3406 3300 ,
3441 3233 3530 3296 δὸς
3561 3233 3714 3303 αὐτῷ

2125 3326 2267 3380 κατὰ
2315 3325 2376 3378 τὸ
2405 3325 2620 3396 θέλημά
2669 3343 2765 3380 σου
2819 3326 3182 3397 πορεύεσθαι,
3231 3328 3327 3380 καὶ
3365 3327 3712 3391 καταξίωσον

2123 3421 2290 3474 αὐτὸν
2344 3421 2444 3474 σὺν
2503 3423 2635 3491 ἡμῖν
2683 3423 2742 3472 ὲν
2787 3421 3086 3475 ἀπολαύσει
3120 3420 3378 3489 γενέσθαι
3431 3422 3527 3474 καὶ
3600 3421 3714 3474 τῶν

2125 3511 2366 3583 φρικτῶν
2397 3529 2490 3565 σου
2527 3513 2842 3582 μυστηρίων
2863 3552 2876 3578 ,
2909 3513 3004 3566 καὶ
3033 3515 3352 3584 τηρήσαντα
3395 3513 3497 3585 τὴν
3529 3515 3611 3576 εἰς
3652 3513 3716 3564 σὲ

2125 3604 2308 3656 πίστιν
2345 3603 2549 3674 ὀρθὴν,
2583 3605 2803 3668 ἐπάξιον
2835 3607 3069 3674 φανῆναι
3112 3605 3206 3658 καὶ
3245 3604 3342 3673 τῆς
3378 3603 3714 3673 ἐπουρανίου

2127 3711 2220 3747 σου
2260 3694 2564 3764 βασιλείας,
2613 3695 2702 3750 διὰ
2731 3696 2832 3764 τῆς
2881 3697 3105 3766 χάριτος
3143 3695 3236 3748 τοῦ
3288 3694 3529 3766 Χριστοῦ
3573 3710 3671 3746 σου
3698 3736 3714 3759 ,

2127 3783 2247 3854 μεθ’
2288 3779 2350 3840 οὗ
2392 3802 2474 3838 σοι
2516 3787 2718 3856 πρέπει
2771 3785 2922 3852 δόξα,
2969 3785 3126 3856 τιμὴ,
3171 3785 3266 3840 καὶ
3307 3785 3715 3857 προσκύνησις,

436 3881 536 3936 σὺν
557 3880 636 3952 τῷ
657 3880 934 3951 παναγίῳ,
962 3881 1056 3933 καὶ
1085 3877 1298 3949 ἀγαθῷ,
1327 3877 1419 3931 καὶ
1441 3876 1691 3947 ζωοποιῷ
1723 3893 1815 3929 σου
1845 3874 2124 3946 Πνεύματι
2145 3893 2160 3907 ·
2187 3875 2283 3930 νῦν
2316 3879 2410 3932 καὶ
2469 3878 2576 3945 ἀεὶ,
2615 3881 2707 3932 καὶ
2771 3881 2852 3944 εἰς
2913 3878 3040 3942 τοὺς
3100 3877 3306 3942 αἰῶνας
3335 3877 3444 3933 τῶν
3467 3879 3714 3932 αἰώνων.

447 3974 640 4028 Ἀμήν.

590 3991 640 4028 ν.

507 3975 713 4122 gloria.
750 4067 818 4120 Et
851 4080 1013 4120 nunc.
1045 4062 1110 4117 Et
1135 4065 1194 4132 ﬁt
1218 4065 1485 4118 dimissio.

438 4181 626 4236 Oratio
653 4197 745 4250 pro
769 4180 895 4246 ﬁdei
931 4197 963 4232 a
999 4179 1225 4247 pueritia
1263 4179 1548 4242 desertore,
1591 4176 1901 4250 paganismo
1935 4173 2016 4225 ni-

505 4247 696 4305 mirum
731 4254 959 4320 seipsum
1005 4251 1336 4318 inquirrante,
1377 4259 1425 4300 et
1477 4251 1543 4300 ad
1592 4247 1888 4300 Ecclesium
1932 4259 2014 4296 re-

502 4339 667 4377 υεηο.

509 4440 738 4494 Domine
770 4439 912 4492 Deus
943 4444 1150 4500 uoster,
1191 4434 1374 4498 Pater,
1405 4443 1510 4488 etc.

508 4617 794 4673 Sacerdos.
829 4615 938 4670 Pax
965 4615 1244 4670 omnibus.

509 4713 803 4768 Draconus.
831 4708 1020 4778 Capita
1050 4719 1234 4762 vestra
1265 4707 1513 4763 Domino.

919 4821 1181 4878 Sacerdos
1205 4823 1518 4874 orationem.

505 4942 586 4995 Tu
629 4940 718 5010 qui
753 4939 922 4994 cmlos
953 4938 1251 5000 inclinasti,
1285 4945 1338 4990 et
1365 4935 1432 4988 arl
1465 4931 1695 4986 salutem
1729 4927 2011 4982 hominum

434 5031 786 5096 descendisti,
823 5031 912 5100 qui
949 5045 1048 5099 per
1070 5031 1364 5098 pretiosam
1392 5038 1610 5078 crucerrr
1647 5029 1795 5072 trram
1833 5035 1860 5070 a
1895 5033 2014 5072 ma-

435 5125 635 5178 ledicto
665 5132 718 5175 et
755 5122 1108 5188 corruptione
1148 5135 1245 5172 rrns
1277 5116 1549 5176 liherasti,
1583 5123 1637 5166 et
1661 5114 1723 5166 ad
1752 5121 2010 5165 attentam

430 5218 757 5282 beatamque
836 5213 1002 5266 vitam
1072 5208 1563 5276 adduxistizlp-‘e,
1625 5204 2014 5259 humanissime

435 5306 684 5368 Domine,
728 5304 818 5371 qui
850 5301 1054 5362 dixisti,
1083 5301 1208 5368 quia
1232 5298 1485 5367 gaudium
1519 5296 1576 5348 ﬁt
1623 5294 1676 5347 in
1703 5292 1842 5346 cmlo
1887 5305 2016 5360 pro-

434 5407 554 5459 pter
620 5410 783 5446 unum
849 5401 1193 5460 peceatorem
1269 5387 1646 5458 paenitentiam
1727 5395 2013 5452 agentem,

433 5485 653 5551 suscipe
680 5487 944 5551 perditam
985 5497 1140 5536 ovem
1173 5491 1316 5533 trram
1356 5479 1421 5531 ad
1457 5489 1506 5531 te
1553 5491 1696 5530 nunc
1733 5481 2015 5530 reverten-

437 5590 575 5640 tem,
619 5589 672 5629 et
721 5577 1108 5644 lrcrrigrritatetrr
1151 5583 1295 5628 trram
1353 5573 1720 5639 requirentem
1770 5581 1821 5623 ct
1873 5571 2015 5622 velut

439 5670 740 5725 animarum
803 5679 1113 5721 nostrarum
1161 5674 1370 5736 pastor,
1422 5665 1702 5717 liberatam
1762 5663 1906 5716 illam
1962 5673 2015 5716 et

2440 4060 2596 4127 Δόξα.
2628 4061 2738 4114 Καὶ
2765 4061 2878 4115 νῦν.
2909 4060 3017 4114 Kal
3047 4061 3374 4126 ἀπόλυσις.

2121 4167 2290 4238 Εὐχή
2316 4169 2416 4223 ἐπὶ
2439 4171 2773 4224 ἀποστάντι
2813 4171 2882 4224 ἐκ
2898 4171 3204 4232 παιδόθεν,
3236 4169 3427 4241 ἤγουν
3457 4189 3654 4241 “qui
3675 4175 3719 4221 τι,

2511 4255 2724 4306 σαντί,
2764 4243 2860 4296 καί
2896 4242 3309 4311 μετανοοῦντι.

2191 4416 2367 4486 Κύριε
2399 4419 2426 4470 6
2459 4417 2592 4479 Θεὸς
2630 4417 2820 4489 ἡμῶν,
2855 4421 2883 4472 ὁ
2933 4419 3364 4491 παντοκράτωρ,
3398 4421 3425 4472 ὁ
3468 4419 3672 4488 “uti;
3703 4462 3719 4481 θ

2121 4525 2174 4561 κ.
2211 4525 2261 4560 τ.
2297 4507 2349 4559 λ.

2205 4601 2260 4651 Ὀ
2295 4601 2507 4667 ἱερεύς.
2547 4600 2752 4672 Εἰρήνη
2793 4603 2981 4656 πᾶσιν.

2207 4688 2270 4742 Ὃ
2298 4689 2580 4756 διάκονος
2633 4691 2743 4754 Τὰς
2771 4691 3012 4761 κεφαλὰς
3039 4693 3193 4764 ὑμῶν
3221 4691 3298 4764 τῷ
3327 4692 3542 4764 Κυρίῳ.

2603 4803 2666 4856 '0
2695 4805 2888 4872 ἱερεὺς
2917 4803 3032 4874 τὴν
3063 4807 3274 4875 εὐχήν.

2205 4913 2266 4972 Ὀ
2315 4915 2504 4978 κλίνας
2541 4915 2840 4989 οὐρανοὺς,
2889 4919 2984 4972 καὶ
3033 4920 3276 4984 καταϐὰς
3315 4921 3408 4974 ἐπὶ
3459 4925 3720 4997 σωτηρίᾳ

2119 5007 2216 5062 τοῦ
2269 5009 2459 5077 γένους
2498 5009 2608 5063 τῶν
2660 5009 3002 5082 ἀνθρώπων,
3057 5014 3086 5066 6
3118 5012 3206 5066 διὰ
3237 5013 3331 5066 τοῦ
3376 5014 3566 5082 τιμίου
3619 5034 3719 5070 σου

2125 5101 2362 5174 σταυροῦ
2391 5101 2490 5172 τῆς
2522 5105 2767 5173 κατάρας
2791 5105 2888 5156 καί⁵
2918 5105 3020 5172 τῆς
3049 5105 3255 5175 φθορᾶς
3283 5107 3720 5177 λυτρωσάμενος

2123 5195 2303 5266 ἡμᾶς,
2344 5195 2438 5248 καὶ
2495 5195 2633 5266 πρὸς
2663 5197 2761 5266 τὴν
2824 5197 3050 5250 αἰωνίαν
3095 5200 3189 5250 καὶ
3235 5198 3516 5269 μακαρίαν
3565 5199 3719 5268 ζωὴν

2124 5287 2520 5355 ἐπαναγαγὼν·
2571 5289 2755 5352 αὐτὸς,
2800 5289 3148 5360 φιλάνορωπε
3199 5291 3405 5362 Κύριε,
3443 5295 3472 5346 6
3505 5292 3716 5346 εἰπών’

2122 5381 2204 5434 ὅτι
2249 5381 2459 5450 μεγάλη
2493 5381 2639 5451 χαρὰ
2673 5382 2886 5450 γίνεται
2915 5386 2974 5436 ἐν
3015 5385 3230 5455 οὐρανῷ
3267 5387 3360 5437 ἐπὶ
3405 5387 3488 5438 ἐνὶ
3527 5387 3718 5457 ἁμαρ-

2123 5473 2279 5544 τωλῷ
2305 5473 2712 5542 ἐπιστρέφοντι·
2747 5475 3039 5544 πρόσδεξαι
3065 5477 3126 5527 τὸ
3160 5476 3438 5539 ἀπολωλός
3459 5495 3554 5529 σου
3583 5479 3720 5548 πρὸ-

2126 5567 2306 5627 ϐατον,
2339 5565 2430 5617 καὶ
2457 5564 2552 5616 νῦν
2573 5564 2708 5635 πρὸς
2738 5566 2796 5618 σὲ
2823 5567 2914 5620 τὸν
2944 5567 3076 5620 Θεὸν
3101 5567 3254 5637 ἡμῶν
3282 5567 3714 5637 ἐπιστρέφοντα,

2124 5659 2219 5710 καὶ
2253 5657 2351 5727 τὴν
2386 5656 2483 5726 τὴν
2507 5657 2871 5727 ἐπιζητοῦντα
2901 5659 3329 5730 εὐσπλαγχνίαν,
3362 5659 3457 5712 καὶ
3481 5659 3559 5722 ὡς
3589 5676 3714 5716 ποι-
