3950 6166
293 301 428 368 1317

1317 305 1413 366 DE
1455 305 1559 364 IIS
1595 305 1728 376 QUI
1768 303 2303 375 ABNEGARUNT,
2345 303 2502 361 ETC.

3401 304 3535 371 1328

295 418 404 488 μὴν
453 415 564 468 τῶν
606 413 796 483 ψυχῶν
853 414 1008 484 ἡμῶν
1055 414 1214 478 καλὸς
1243 415 1399 470 τοῦτο
1431 415 1739 480 διασώσας,
1775 413 1867 468 καὶ

1980 425 2210 482 ereptam
2265 425 2574 467 sanctarum
2639 423 2692 468 et
2741 415 3080 469 rationalium
3131 425 3344 474 tuarum
3408 423 3534 475 ovili

294 506 600 578 ῥυσάμενος
639 507 839 559 ἓνωσον
869 509 934 576 τῇ
987 507 1119 577 ἁγίᾳ
1164 508 1364 578 ποίμνῃ
1410 509 1520 561 τῶν
1565 507 1735 575 ἁγίων
1777 508 1871 559 καὶ

291 597 528 666 λογικῶν
557 614 652 649 σου
689 597 984 668 προϐάτων
1003 639 1016 663 ,
1068 599 1244 662 διδοὺς
1272 599 1421 668 αὐτῴ
1448 599 1536 652 διὰ
1578 599 1679 668 τῆς
1711 599 1866 669 χάρι-

288 705 382 754 τος
413 691 508 742 καὶ
542 691 940 759 ὲπιφοιτήσεως
979 690 1074 744 τοῦ
1119 691 1384 759 παναγίου
1425 708 1517 744 σου
1557 675 1869 761 Πνεόματος

290 781 520 850 δύναμιν
566 781 660 834 καὶ
695 783 847 850 ἰσχὺν
890 782 1030 835 κατὰ
1075 781 1172 834 τοῦ
1217 783 1414 852 ἐχθροῦ
1443 800 1456 813 ο
1503 783 1641 835 ὥστε
1679 785 1868 835 πατεῖν

290 874 386 925 ἐπὶ
422 873 601 926 πᾶσαν
625 871 722 940 τὴν
752 871 982 941 δύναμιν
1004 872 1190 937 αὐτοῦ,
1220 874 1314 924 καὶ
1339 873 1647 941 συντρίϐειν
1675 874 1862 944 αὐτὴν,

290 967 386 1018 καὶ
419 963 754 1033 τειχίζεσθαι
779 967 845 1034 τῇ
889 965 1016 1037 δόξῃ
1045 965 1138 1017 καὶ
1166 968 1232 1034 τῇ
1272 966 1454 1036 χάριτι
1477 965 1569 1018 τοῦ
1598 965 1863 1032 παναγίου

293 1073 386 1107 σου
439 1055 743 1124 ὀνόματος,
793 1054 887 1106 τοῦ
935 1055 1364 1124 ἐπικεκλημένου
1419 1055 1504 1122 ἐφ’
1557 1053 1705 1123 ἡμᾶς
1743 1053 1867 1115 τοὺς

291 1145 650 1215 ἁμαρτωλοὺς
683 1144 898 1206 οἰκέτας
929 1161 1046 1198 σου.
1085 1147 1157 1198 Σὺ
1193 1146 1301 1216 γὰρ
1332 1141 1384 1198 εἴ
1409 1145 1436 1197 ὸ
1466 1144 1600 1207 Θεὸς
1627 1144 1807 1214 ἡμῶν,
1839 1145 1866 1196 ὁ

291 1236 423 1298 Θ-ὸς
453 1234 548 1286 τοῦ
583 1235 774 1297 ἐλεεῖν,
809 1235 903 1286 καὶ
937 1233 1153 1300 σώζειν,
1188 1237 1282 1288 καὶ¹
1311 1234 1394 1288 σοὶ
1427 1232 1524 1304 τὴν
1552 1233 1710 1298 δόξαν
1741 1232 1868 1286 ἀναν

1973 506 2256 573 conjuuge.
2305 503 2375 558 Da
2416 505 2488 558 illi
2523 519 2621 573 per
2653 507 2882 574 gratiam
2929 517 2981 559 et
3030 509 3316 562 adventum
3364 515 3536 566 sancti

1971 597 2046 650 tui
2083 595 2320 663 Spiritus
2351 597 2614 650 adversus
2659 597 2887 660 hostem,
2941 588 3193 653 virtutem
3252 609 3306 655 et
3338 603 3538 668 robur;

1973 698 2030 740 ttt
2063 696 2391 756 potestatem
2424 702 2638 740 onmem
2679 687 2954 741 inimicam
2991 690 3209 759 dejiciat
3237 699 3290 744 et
3319 692 3540 744 concul-

1971 789 2057 830 cet
2101 794 2113 829 :
2161 787 2214 831 et
2263 779 2434 831 sancti
2472 778 2546 830 tui
2596 779 2831 845 Spiritus
2877 795 3040 850 super
3085 793 3183 834 nos
3231 790 3540 851 peceatores

1973 882 2161 922 servos
2191 877 2314 922 tuos
2343 869 2575 922 invocati
2604 869 2771 938 gloria
2800 880 2855 924 et
2881 874 3054 940 gratia
3077 873 3536 927 circumvalletur.

1975 959 2055 1012 Τιι
2095 960 2238 1013 enim
2297 975 2356 1014 es
2392 960 2533 1014 Deus
2569 972 2773 1025 noster,
2815 962 2955 1018 Deus
3006 962 3299 1019 miseren'di
3343 973 3398 1018 ct
3426 963 3538 1018 sal-

1976 1051 2157 1115 vandi,
2195 1061 2248 1103 et
2279 1050 2373 1104 tibi
2409 1051 2636 1119 gloriam
2674 1053 2962 1106 referimus
2993 1051 3199 1118 :Palri,
3226 1063 3282 1108 et
3306 1053 3463 1119 Filio,
3485 1063 3539 1110 et

1973 1151 2162 1193 sancto
2214 1141 2436 1208 Spiritui
2481 1161 2494 1194 :
2543 1157 2686 1197 nunc
2749 1155 2804 1197 et
2859 1157 3096 1213 semper,
3151 1145 3288 1200 etin
3341 1147 3536 1200 stecul

1972 1233 2310 1285 steculorum.
2351 1232 2536 1284 Amen.
2582 1231 2589 1238 ’

295 1328 626 1396 πέμπομεν·
669 1325 746 1395 τῷ
793 1326 1000 1396 Πατρὶ,
1037 1327 1130 1380 καὶ⁴
1167 1326 1242 1396 τῷ
1292 1327 1427 1397 Υίῷ,
1499 1326 1594 1381 καὶ
1641 1325 1719 1395 τῷ
1787 1322 1928 1394 ἁγίῳ
1968 1321 2283 1392 Πνεύματι*
2325 1319 2420 1374 νῦν
2470 1322 2562 1374 καὶ
2609 1321 2718 1386 ἀεὶ,
2759 1323 2853 1375 καὶ
2898 1325 2978 1382 εις
3010 1325 3134 1387 τοὺς
3186 1324 3388 1388 αἰῶνας
3433 1323 3540 1378 τῶν

293 1416 524 1469 αὲὡνων.
571 1417 764 1486 ’Λμήν.

363 1528 473 1580 Καὶ
509 1527 875 1599 notarat”)th
915 1530 946 1599 o'
979 1528 1168 1594 ἱερεὺς
1218 1530 1284 1581 τὸ
1333 1529 1503 1599 ἅγιον
1519 1527 1736 1598 μῦρον,
1763 1526 1864 1580 καί

293 1596 448 1664 λέγει
480 1596 594 1663 τὴν
621 1598 814 1664 εὐχὴν
839 1598 1062 1664 ταύτην
1087 1615 1100 1627 ·

363 1709 560 1780 Κύριε,
611 1710 640 1762 ὁ
686 1709 818 1772 Θεὸς
853 1709 1012 1778 ἡμῶν
1047 1713 1074 1764 ό
1114 1710 1527 1782 παντοκράτωρ,
1559 1713 1586 1764 ὀ
1608 1711 1670 1763 τὸ
1707 1709 1862 1778 ἅγιόν

295 1819 391 1854 σου
426 1801 650 1870 Πνεῦμα
700 1800 1199 1870 καταπεμψάμενος
1245 1804 1338 1854 ἐπὶ
1366 1804 1491 1866 τοὺς
1531 1801 1720 1870 ἁγίους
1767 1815 1860 1852 σου

294 1893 626 1955 ἀποστόλους
673 1893 768 1944 καὶ
809 1892 905 1962 τῆς
957 1891 1123 1946 αὐτοῦ
1171 1893 1452 1962 δυνάμεως
1511 1894 1607 1946 καὶ
1645 1893 1868 1963 χάριτος

296 1983 584 2054 ἐμπλήσας
625 1983 840 2047 αὐτοὺς,
875 1983 904 2036 ὁ
931 1983 1022 2036 καὶ
1045 1983 1133 2036 τὸν
1177 1983 1363 2038 δοῦλόν
1429 2001 1544 2048 σου,
1578 1985 1669 2038 τὸν
1697 1985 1864 2048 δεῖνα,

295 2076 359 2128 ἐκ
391 2075 616 2137 σκότους
649 2074 743 2126 καὶ
776 2076 839 2126 ὲκ
883 2073 1090 2145 πλάνης
1122 2073 1478 2146 ἐπιστρέψας,
1508 2076 1601 2129 καὶ
1638 2075 1771 2146 πρὸς
1802 2077 1862 2128 τὸ

295 2165 610 2235 Θαυμαστόν
642 2181 736 2216 σου
787 2167 881 2216 καὶ
935 2163 1104 2216 ἀΐδιον
1139 2163 1254 2231 φῶς
1290 2164 1596 2233 ὁδηγήσας,
1649 2167 1742 2218 καὶ
1791 2165 1869 2238 τῷ

295 2256 472 2326 πιστῷ
499 2273 592 2308 σου
615 2255 748 2325 λαῷ,
782 2259 876 2310 καὶ
905 2259 971 2326 τῇ
1013 2257 1144 2328 ἁγίᾳ
1177 2273 1269 2309 σου
1311 2257 1610 2328 Ἐκκλησία
1634 2275 1870 2327 συγκατ-

295 2347 613 2419 αριθμήσας
633 2386 646 2410 ,
683 2351 776 2400 καὶ
811 2347 1155 2411 καταξιώσας
1197 2347 1360 2400 αὐτὸν
1392 2349 1488 2418 τῆς
1517 2347 1744 2410 εὐωδίας
1775 2349 1870 2403 καὶ

293 2439 387 2492 τοῦ
423 2439 580 2506 ἁγίου
605 2455 698 2490 σου
731 2438 1043 2506 Πνεῦματος
1071 2455 1084 2468 ·
1120 2438 1304 2503 αὐτὸς,
1343 2439 1607 2502 Δέσποτα,
1637 2438 1868 2508 φύλαξον

295 2529 459 2581 αὐτὸν
488 2530 547 2580 ὲν
589 2528 666 2598 τῷ
715 2527 792 2597 σῷ
829 2528 1116 2598 ἁγιασμῷ,
1151 2527 1428 2593 ἀνάδειξον
1475 2528 1642 2582 αὐτὸν
1679 2529 1870 2592 σκεῦος

293 2617 561 2688 ἐκλογῆς,
601 2621 660 2671 ὲν
699 2620 924 2688 ἀρεταῖς
966 2619 1386 2689 κατακόσμησον
1423 2618 1607 2672 αὐτόν.
1640 2619 1747 2671 Καὶ
1783 2619 1869 2681 δὸς

293 2711 446 2781 αὐτῷ
489 2711 720 2764 πὰντοτε
761 2711 902 2764 κατὰ
943 2710 1004 2764 τὸ
1034 2709 1247 2778 θέλημά.
1269 2727 1359 2763 σου
1405 2709 1750 2780 πορεύεσθαι,
1778 2711 1870 2764 καὶ

295 2800 638 2868 καταξίωσον
682 2800 842 2853 αὑτὸν
895 2801 992 2854 σὺν
1035 2801 1168 2870 ἡμῖν
1202 2802 1258 2852 ὲν
1285 2799 1583 2854 ἀπολαύσει
1618 2799 1870 2868 γενέσθαι

292 2895 392 2964 τῆς
430 2891 754 2963 ἐπουρανίου
803 2909 892 2944 σου
929 2894 1021 2944 καὶ
1063 2892 1252 2962 νοερᾶς
1288 2891 1588 2963 τραπέζης,
1637 2893 1730 2946 καὶ
1772 2909 1866 2960 με-

294 2981 556 3037 τα).α6εῖν
585 2981 696 3034 τῶν
741 2981 913 3050 ἁγίων
935 3021 950 3045 ,
987 2983 1080 3033 καὶ
1111 2981 1417 3051 ἀχράντων,
1469 2983 1562 3034 καὶ
1593 2979 1870 3046 ζωοποιῶν

2038 1525 2106 1610 Et
2135 1529 2278 1598 ungit
2334 1543 2448 1580 eum
2498 1529 2743 1582 sacerdos
2792 1530 3088 1598 chrismate,
3153 1544 3199 1588 et
3238 1533 3364 1588 dicit
3405 1537 3544 1592 hanc

1968 1609 2252 1652 oratwnent
2280 1613 2298 1650 .'

2038 1710 2286 1776 Domine,
2324 1710 2464 1765 Dens
2521 1723 2707 1766 noster
2749 1713 3111 1782 omnipotens,
3151 1715 3240 1784 qui
3289 1727 3536 1772 sanctum

1969 1800 2233 1870 Spiritum
2269 1812 2417 1856 tuum
2463 1803 2514 1856 in
2545 1811 2764 1858 sanctos
2793 1805 3060 1872 apostolos
3087 1811 3205 1860 tuos
3239 1806 3453 1871 misisti,
3483 1817 3538 1865 et

1968 1891 2086 1960 ejus
2125 1892 2327 1945 virtute
2360 1902 2414 1946 et
2447 1893 2618 1962 gratia
2667 1891 2792 1946 illos
2829 1893 3047 1960 replesti
3093 1914 3106 1947 :
3141 1895 3230 1962 qui
3268 1907 3320 1949 et
3363 1894 3538 1950 famu-

1955 1979 2076 2033 -lum
2117 1990 2261 2034 tuum
2307 1979 2374 2034 N.
2409 1997 2439 2036 e
2477 1982 2735 2046 tenebris,
2776 1993 2830 2036 et
2888 1997 3072 2038 errore
3111 1987 3445 2050 convertisti,
3483 1997 3538 2042 ct

1971 2069 2022 2124 in
2059 2071 2382 2126 admirabile
2404 2083 2457 2126 et
2481 2081 2738 2126 :eternum
2772 2073 2954 2129 lumen
2987 2083 3134 2127 tuum
3184 2076 3334 2130 illum
3369 2081 3536 2133 (Ιριιιιο

1969 2170 2112 2215 ctum
2169 2161 2312 2216 ﬁdeli
2371 2164 2570 2232 populo
2618 2173 2728 2228 tuo,
2782 2174 2836 2220 et
2891 2175 3092 2220 sanctae
3139 2167 3395 2222 Ecclesiae
3432 2178 3536 2225 tute

1969 2253 2296 2322 aggregasti,
2336 2263 2391 2308 et
2418 2257 2636 2317 tandem
2667 2255 2816 2309 illum
2853 2258 3024 2310 sancti
3055 2258 3129 2311 tui
3161 2259 3397 2326 Spiritus
3429 2260 3534 2311 frs-

1970 2345 2178 2411 grantia
2241 2345 2456 2414 dignum
2511 2344 2735 2400 cﬂecisti
2788 2363 2802 2400 :
2857 2347 2988 2416 ipse,
3051 2347 3293 2412 Domine,
3329 2352 3537 2402 custodi

1973 2434 2122 2487 illum
2160 2437 2212 2488 in
2248 2437 2614 2491 sanctimonia
2651 2446 2765 2502 tua,
2794 2453 2890 2492 vas
2919 2440 3200 2493 electionis
3237 2440 3382 2493 illum
3415 2455 3538 2495 esse

1973 2524 2281 2591 manifesta,
2313 2537 2370 2581 et
2418 2527 2708 2582 virtutibus
2742 2542 2966 2582 exorna.
3003 2529 3076 2583 Da
3111 2529 3188 2584 illi
3229 2545 3441 2598 semper
3483 2531 3535 2583 iu

1971 2615 2247 2672 voluntate
2288 2628 2376 2671 tua
2415 2618 2736 2674 ambulare:
2777 2627 2830 2674 et
2858 2634 2978 2674 eum
3017 2619 3294 2675 nobiscum
3335 2635 3532 2690 super-

1975 2707 2215 2759 coalestis
2243 2715 2298 2760 et
2327 2707 2712 2765 intellectualis
2742 2719 2843 2765 tuae
2878 2725 3076 2764 mensae
3112 2710 3384 2765 l'ruitionis
3413 2728 3536 2778 par-

1975 2795 2186 2865 ticipem
2222 2812 2345 2853 esse
2371 2799 2610 2855 concede
2645 2818 2674 2854 ι.
2705 2809 2762 2855 et
2795 2811 3127 2866 sanctorum,
3167 2803 3538 2856 immaculato-

1975 2902 2118 2950 rum,
2149 2889 2599 2960 viviﬁcorumquc
2619 2894 2878 2960 unigeniti
2901 2893 3020 2946 Filii
3047 2893 3145 2957 tui,
3166 2893 3376 2948 Domini
3405 2911 3536 2949 vero

1974 2987 2026 3028 et
2056 2974 2173 3037 Dei,
2211 2988 2265 3030 et
2295 2977 2596 3035 Salvatoris
2643 2982 2810 3036 nostri
2841 2979 2968 3036 Jesu
2992 2979 3195 3036 Christi
3230 2999 3540 3038 sacramen—

297 3072 616 3142 μυστηρίων
648 3071 741 3124 τοῦ
777 3071 1102 3140 μονογενοῦς
1135 3087 1228 3124 σου
1264 3071 1416 3136 Υἱοῦ,
1451 3071 1652 3140 Κυρίου
1689 3071 1743 3124 δὲ
1777 3070 1867 3124 καὶ

1980 3076 2152 3119 torum
2176 3083 2295 3122 esse
2323 3083 2634 3125 consortem
2660 3090 2674 3126 :
2709 3084 2764 3126 ut
2790 3074 2931 3127 bono
2947 3074 3244 3128 certamine
3265 3086 3536 3142 superato,

293 3161 458 3227 Θεοῦ,
493 3163 585 3215 καὶ
619 3161 870 3230 Σωτῆρος
930 3160 1087 3231 ἡμῶν
1149 3160 1307 3232 Ιησοῦ
1351 3159 1620 3232 Χριστοῦ·
1652 3160 1738 3212 ἵνα
1780 3160 1870 3213 τὸν

294 3252 462 3306 καλὸν
511 3250 698 3319 ἀγῶνα
747 3251 1194 3320 ἀγωνισάμενος,
1239 3251 1453 3304 καὶτὸν
1493 3250 1634 3303 θεῖον
1671 3250 1866 3319 δρόμον

293 3343 542 3406 τελέσας,
574 3345 668 3396 καὶ
707 3343 800 3396 νῦν
835 3343 914 3404 είς
961 3343 1020 3396 σὲ
1051 3343 1235 3396 πίστιν
1267 3341 1561 3412 όρθοδόξως
1587 3343 1832 3414 τηρήσας
1852 3383 1868 3408 ,

296 3435 440 3508 τύχῃ
463 3433 558 3487 τοῦ
591 3434 858 3502 στεφάνου
897 3433 1001 3503 τῆς
1023 3433 1200 3504 δόξης,
1229 3433 1319 3486 καὶ
1341 3433 1446 3486 τῶν
1473 3431 1706 3486 αἰωνίων
1731 3433 1865 3502 ἁγα-

300 3525 444 3588 θῶν,
475 3519 552 3578 ὧν
567 3524 892 3594 ἡτοίμασας,
924 3528 952 3578 ὁ
983 3525 1135 3591 Θεὸς,
1161 3528 1272 3588 τοῖς
1285 3523 1543 3592 ἀγαπῶσι
1571 3541 1653 3590 σε,
1687 3523 1867 3594 χάριτι

299 3617 396 3670 τοῦ
419 3613 657 3688 Χριστοῦ
690 3631 782 3668 σου
803 3655 817 3678 ,
851 3615 972 3684 μεθ’
999 3609 1060 3670 οὗ
1092 3633 1172 3668 σοι
1211 3617 1409 3686 πρέπει
1435 3613 1562 3678 δόξα
1581 3653 1596 3678 ,
1625 3615 1759 3684 τιμὴ
1781 3616 1874 3668 καὶ

299 3707 676 3780 προσκΰνησις
698 3751 713 3776 ,
743 3711 823 3772 εἰς
851 3713 976 3772 τοὺς
1017 3707 1222 3771 αἰῶνας
1250 3707 1358 3761 τῶν
1384 3706 1630 3761 αἰώνων.
1681 3707 1872 3778 Ἀμήν.

1927 3156 1934 3163 ”
1977 3163 2030 3208 ct
2063 3155 2249 3210 divino
2292 3174 2454 3213 cursu
2487 3161 2756 3226 absoluto,
2790 3162 3002 3230 ﬁdeque
3034 3163 3086 3216 in
3122 3172 3172 3216 te
3224 3179 3343 3218 cum
3393 3176 3540 3218 recto

1978 3262 2139 3300 sensu
2191 3261 2428 3312 servata,
2474 3267 2732 3306 coronam
2788 3253 2992 3322 gloriae,
3035 3262 3091 3307 et
3121 3263 3319 3309 aeterna
3377 3255 3535 3317 bona,

1977 3350 2099 3403 qua:
2123 3337 2470 3400 diligentibus
2494 3349 2544 3393 te
2574 3341 2911 3410 praeparasti,
2943 3353 3340 3412 consequatur:
3365 3345 3539 3413 gratia

1979 3425 2182 3481 Christi
2219 3431 2315 3492 tui,
2347 3445 2470 3483 cum
2501 3447 2606 3501 quo
2649 3434 2900 3488 coovenit
2929 3435 3021 3488 tibi
3050 3435 3239 3505 gloria,
3265 3437 3458 3500 honor,
3487 3444 3542 3490 et

1977 3519 2216 3572 adoratio
2245 3520 2296 3573 itt
2325 3523 2518 3574 satcula
2553 3523 2892 3579 Steculorum.
2929 3525 3120 3580 Amen.

379 3803 670 3872 [lucusque
697 3802 942 3858 Oliicium
970 3818 1066 3872 pro
1094 3801 1514 3857 reconciliandis
1543 3801 1812 3856 ltaareticis
1842 3815 1905 3854 ex
1942 3801 2004 3856 D.
2042 3803 2299 3858 Metltodii
2329 3806 2550 3875 regulis,
2582 3815 2636 3859 et
2663 3807 3002 3862 (nationibus
3037 3808 3351 3873 conﬂatum,
3381 3823 3540 3880 prout

300 3889 358 3943 in
394 3890 627 3944 diversis
648 3888 1050 3958 exemplaribus
1075 3889 1448 3956 reperiebatur
1480 3897 1764 3941 exaratum
1799 3889 2131 3956 inspeximus
2161 3905 2176 3944 :
2205 3895 2587 3962 exemplarque
2621 3909 2785 3947 unum
2811 3910 2930 3948 cum
2962 3895 3090 3957 alio,
3127 3911 3230 3962 qua
3268 3899 3541 3964 potuimus

302 3977 408 4032 ﬁde
437 3988 492 4032 et
518 3977 818 4048 diligentia,
853 3975 1202 4030 contulimus.
1231 3973 1400 4029 Oﬂert
1433 3989 1492 4028 se
1526 3984 1704 4027 tamen
1745 3974 1914 4040 aliud,
1941 3976 2148 4030 diversa
2182 3979 2388 4032 ratione
2412 3981 2792 4047 compositum,
2823 3991 2876 4035 et
2906 3991 2962 4034 ut
2991 3981 3312 4050 praecedenti
3344 3983 3535 4036 admo-

303 4065 429 4116 dum
492 4064 707 4127 simile,
773 4066 875 4118 ltoc
927 4063 1045 4117 loco
1102 4062 1490 4133 reponendum.
1559 4061 1958 4116 Fidelissimum
2024 4079 2150 4117 vero
2199 4064 2315 4132 ejus
2369 4067 2647 4135 exemplar
2695 4083 2726 4122 e
2780 4067 3277 4138 Cryptol‘erratensi
3342 4069 3539 4123 Bessa-

302 4149 474 4204 rionis
503 4149 573 4203 Μ.
613 4150 956 4212 translatum,
990 4143 1210 4218 praefert
1244 4149 1296 4201 in
1344 4147 1499 4202 titulo
1540 4149 1934 4212 testimonium,
1971 4167 2028 4204 se
2077 4166 2138 4204 ex
2175 4149 2501 4222 Eucltologio
2543 4155 2890 4223 patriarchali
2945 4156 3285 4223 desumptum
3341 4154 3535 4221 fuisse,

303 4247 468 4305 atque
506 4237 650 4300 ideo,
687 4237 832 4290 velut
865 4235 1314 4306 probatissimum
1347 4235 1688 4305 subjicitnus,
1727 4252 1846 4290 mox
1885 4238 2142 4308 deinceps
2165 4255 2286 4294 cum
2319 4241 2722 4311 exemplaribus
2753 4244 2874 4298 aliis
2902 4243 2966 4298 de
2994 4245 3160 4298 verbo
3181 4245 3250 4298 ad
3288 4243 3536 4308 verbum,

300 4323 716 4379 coztferendum.

312 4437 409 4513 Ἐξ
438 4437 546 4513 ξοιξ
569 4439 943 4513 βὺχολογίοιξ
963 4437 1072 4513 τοῦ
1093 4435 1519 4513 πατριαρχικοῦ
1551 4434 1682 4506 (51),
1717 4436 1867 4513 ὅπως

1983 4437 2069 4513 Ea;
2110 4439 2429 4512 Euchologio
2457 4443 2822 4513 patriarcha“.
2855 4460 2959 4513 qua
2987 4444 3195 4496 ratione
3228 4459 3292 4497 ex
3319 4441 3537 4497 [κιννωέ-

370 4507 468 4560 δεῐ
515 4505 797 4574 δέχεσθαι
820 4505 986 4572 τοὺς
1040 4507 1158 4560 ἀπὸ
1199 4505 1486 4572 αἱρέσεων
1511 4505 1864 4572 μετερχομέ-

368 4593 516 4642 νους
551 4578 622 4646 ἐν
649 4575 724 4644 τῇ
756 4578 892 4646 ἁγία
930 4577 1036 4630 τοῦ
1061 4575 1208 4630 Θεοῦ
1257 4575 1548 4643 καθολικῇ
1593 4575 1692 4628 καὶ
1720 4576 1870 4629 ἀπο-

371 4645 628 4714 στολικῇ
665 4645 992 4714 Ἐκκλησία
1025 4646 1157 4716 (5‘2).

384 4759 700 4830 ’Δρειανοίις
771 4759 870 4830 μὲν
959 4758 1055 4811 καὶ
1127 4757 1557 4818 Μακεδονιανοὸς
1585 4799 1600 4821 ,
1703 4757 1868 4826 ἤγουν

297 4848 816 4917 Πνευματομάχους,
856 4849 952 4900 καὶ
1005 4847 1436 4908 Σαϐϐατιανοὺς,
1459 4846 1718 4913 λέγοντας
1749 4847 1873 4898 ἑαυ-

293 4939 430 5002 τοὺς
477 4939 772 5007 καθαροὺς,
835 4937 1528 5007 Τεσσαρεσκαιδεκατίτας,
1562 4937 1728 5007 ἤγουν
1773 4937 1874 4988 Τε-

293 5024 580 5098 τραδίτας,
627 5029 720 5081 καὶ
782 5026 1278 5096 Ἀπολλιναριστὰς,
1333 5023 1598 5095 δεχόμεθα
1637 5025 1874 5088 διδόντας

2049 4510 2165 4582 lges,
2225 4514 2279 4582 in
2335 4510 2572 4566 Sanctam
2622 4511 2712 4566 Dei
2759 4510 3070 4566 catholicon:
3114 4525 3159 4565 et
3200 4515 3536 4582 apostolicam

2051 4577 2340 4634 Ecclesiam
2379 4584 2716 4652 remigi-antes
2761 4583 3024 4651 suscipere
3071 4577 3326 4650 oporteat.

2039 4757 2271 4810 Arianos
2303 4756 2544 4824 quidem,
2571 4768 2624 4811 et
2651 4757 3080 4825 Macedoniauos,
3105 4759 3276 4812 sancti
3309 4758 3540 4826 Spiritus

1972 4849 2226 4902 nimirum
2253 4849 2457 4910 hostes,
2491 4859 2546 4904 et
2571 4849 2952 4916 Sabbatianos,
2992 4851 3235 4908 dicentes
3263 4868 3320 4906 se
3344 4867 3531 4921 puros,
3615 4867 3631 4874 ·

1972 4937 2594 5006 Tessarcsemdecatitas,
2645 4941 3165 5009 Quartodecimanos
3207 4958 3422 5010 nempe,
3479 4951 3534 4996 et

1971 5026 2404 5095 Apollinaristas,
2430 5045 2552 5086 eum
2580 5031 2828 5085 dederint
2862 5030 3094 5095 libellos,
3138 5038 3192 5084 et
3217 5030 3535 5094 anathema-

1386 5174 1623 5233 VARIAS
1664 5175 2044 5232 ΒΕΘ-’ΠΟδῖεὸ
2083 5176 2166 5232 ET
2204 5175 2437 5233 NOTAE.

375 5335 489 5406 (δί)
503 5334 673 5404 Εὐχή
689 5335 1044 5405 εὐχολογίου
1062 5333 1510 5406 πᾳτριαρχικοῦ.
1533 5333 1726 5406 Desunt
1750 5332 1868 5406 haec

296 5401 408 5479 tria
443 5401 628 5479 verba"
657 5401 708 5479 in
761 5401 954 5479 'l'itlgii's
989 5414 1044 5459 et
1099 5401 1398 5479 Barberi'no
1448 5402 1623 5479 sancti
1672 5401 1860 5479 Merci.

299 5475 461 5528 Aliud
490 5489 645 5536 vero,
675 5476 800 5530 item
828 5472 1182 5530 Harbermum
1222 5474 1384 5528 habet
1430 5472 1766 5525 solummodo
1812 5472 1863 5524 in

296 5545 510 5598 :itulo:
563 5545 714 5614 Εὐχὴ
760 5544 867 5598 ἀπὸ
922 5545 1186 5613 αἱρέσεως
1237 5541 1708 5614 ἐπιστρεφόντωιᾷ
1745 5541 1866 5614 Post

300 5625 470 5681 quam
499 5611 811 5668 immediate
833 5611 1082 5682 sequitur
1116 5616 1289 5666 oratio
1317 5633 1330 5666 :
1370 5614 1426 5664 Ὀ
1455 5612 1583 5672 Θεὸς
1612 5613 1638 5662 ὁ
1673 5611 1864 5678 Σωτὴρ

301 5683 502 5752 ⁴ιξειέῖινο
533 5693 694 5751 atque
733 5688 804 5738 ita
847 5685 1040 5754 regulae
1081 5699 1270 5739 omnes
1317 5683 1402 5736 hic
1449 5683 1632 5748 positu?
1672 5683 1721 5732 in
1767 5682 1864 5732 hoc

1975 5331 2164 5384 ultimo
2195 5334 2411 5388 desunt.

2045 5402 2154 5472 (ὖὲ)
2185 5403 2294 5456 Καὶ
2321 5403 2700 5472 ἀποστολικῇ
2733 5403 3080 5470 Ἐκκλησία.
3116 5401 3290 5472 Ιιθςίει
3321 5412 3374 5454 et
3400 5409 3540 5472 Dar-

1973 5470 2219 5524 bcrinum
2279 5475 2450 5528 sancti
2505 5470 2693 5528 Marci"
2730 5474 2994 5529 subvertit
3067 5470 3537 5540 σφράγίζομένους

1971 5541 2088 5616 ᾖτεοὲ
2112 5543 2434 5616 χριομένους
2465 5543 2540 5616 τῷ
2971 5553 2984 5593 ἶ
3021 5544 3183 5597 verba
3229 5541 3395 5595 I'Cldlil
3439 5541 3539 5615 τῷ,

1971 5609 2256 5679 δεχόμεϐαζ
