  <div class='ocr_page' id='page_1' title='image "/cluster/home/n/w/nwhite01/storage/ocr_20150623/100/mdp.39015005675668/669.png"; bbox 0 0 3950 6166; ppageno 0'>
   <div class='ocr_carea' id='block_1_1' title="bbox 437 233 574 304">
    <p class='ocr_par' dir='ltr' id='par_1_1' title="bbox 437 233 574 304">
     <span class='ocr_line' id='line_1_1' title="bbox 437 233 574 304; baseline -0.022 0"><span class='ocrx_word' id='word_1_1' title='bbox 437 233 574 304; x_wconf 78' lang='lat'><strong>1319</strong></span> 
     </span>
    </p>
   </div>
   <div class='ocr_carea' id='block_1_2' title="bbox 1461 234 2642 298">
    <p class='ocr_par' dir='ltr' id='par_1_2' title="bbox 1461 234 2642 298">
     <span class='ocr_line' id='line_1_2' title="bbox 1461 234 2642 298; baseline 0.001 -3"><span class='ocrx_word' id='word_1_2' title='bbox 1461 237 1523 295; x_wconf 87' lang='lat' dir='ltr'><strong>S.</strong></span> <span class='ocrx_word' id='word_1_3' title='bbox 1564 234 1922 294; x_wconf 68' lang='lat' dir='ltr'><strong>METIIODZK</strong></span> <span class='ocrx_word' id='word_1_4' title='bbox 1986 235 2494 298; x_wconf 74' lang='lat' dir='ltr'><strong>l’ATRIARCH/E</strong></span> <span class='ocrx_word' id='word_1_5' title='bbox 2534 236 2642 297; x_wconf 70' lang='grc' dir='ltr'>(ΖΡ.</span> 
     </span>
    </p>
   </div>
   <div class='ocr_carea' id='block_1_3' title="bbox 3567 235 3702 301">
    <p class='ocr_par' dir='ltr' id='par_1_3' title="bbox 3567 235 3702 301">
     <span class='ocr_line' id='line_1_3' title="bbox 3567 235 3702 301; baseline 0.015 -2"><span class='ocrx_word' id='word_1_6' title='bbox 3567 235 3702 301; x_wconf 78' lang='grc'><strong>1320</strong></span> 
     </span>
    </p>
   </div>
   <div class='ocr_carea' id='block_1_4' title="bbox 435 341 2016 420">
    <p class='ocr_par' dir='ltr' id='par_1_4' title="bbox 435 342 2010 418">
     <span class='ocr_line' id='line_1_4' title="bbox 435 342 2010 418; baseline -0.008 -14"><span class='ocrx_word' id='word_1_7' title='bbox 435 347 724 405; x_wconf 83' lang='lat' dir='ltr'><strong>tizaverint</strong></span> <span class='ocrx_word' id='word_1_8' title='bbox 772 363 895 402; x_wconf 92' lang='lat' dir='ltr'><strong>cum</strong></span> <span class='ocrx_word' id='word_1_9' title='bbox 937 345 1157 418; x_wconf 84' lang='lat' dir='ltr'><strong>propria</strong></span> <span class='ocrx_word' id='word_1_10' title='bbox 1219 344 1452 408; x_wconf 74' lang='lat' dir='ltr'><strong>haeresi,</strong></span> <span class='ocrx_word' id='word_1_11' title='bbox 1502 342 1803 412; x_wconf 81' lang='lat' dir='ltr'><strong>quamlilwl</strong></span> <span class='ocrx_word' id='word_1_12' title='bbox 1848 343 2010 393; x_wconf 69' lang='lat' dir='ltr'><strong>otium</strong></span> 
     </span>
    </p>
   </div>
   <div class='ocr_carea' id='block_1_5' title="bbox 2131 341 3699 420">
    <p class='ocr_par' dir='ltr' id='par_1_5' title="bbox 2131 341 3699 420">
     <span class='ocr_line' id='line_1_5' title="bbox 2131 341 3699 420; baseline 0.007 -28"><span class='ocrx_word' id='word_1_13' title='bbox 2131 341 2418 408; x_wconf 66' lang='grc' dir='ltr'>ιιὸέλλους,</span> <span class='ocrx_word' id='word_1_14' title='bbox 2456 345 2551 398; x_wconf 87' lang='grc' dir='ltr'><strong>καί</strong></span> <span class='ocrx_word' id='word_1_15' title='bbox 2576 342 3080 412; x_wconf 74' lang='grc' dir='ltr'>ἀναθεματίζοντας</span> <span class='ocrx_word' id='word_1_16' title='bbox 3109 343 3207 397; x_wconf 77' lang='grc' dir='ltr'>σὺν</span> <span class='ocrx_word' id='word_1_17' title='bbox 3231 347 3298 416; x_wconf 78' lang='grc' dir='ltr'>τῇ</span> <span class='ocrx_word' id='word_1_18' title='bbox 3331 345 3437 418; x_wconf 76' lang='grc' dir='ltr'>ἰδία</span> <span class='ocrx_word' id='word_1_19' title='bbox 3468 349 3699 420; x_wconf 68' lang='grc' dir='ltr'>αἱρέσει,</span> 
     </span>
    </p>
   </div>
   <div class='ocr_carea' id='block_1_6' title="bbox 435 434 2010 510">
    <p class='ocr_par' dir='ltr' id='par_1_6' title="bbox 435 434 2010 510">
     <span class='ocr_line' id='line_1_6' title="bbox 435 434 2010 510; baseline -0.006 -14"><span class='ocrx_word' id='word_1_20' title='bbox 435 443 619 507; x_wconf 85' lang='lat' dir='ltr'><strong>aliam,</strong></span> <span class='ocrx_word' id='word_1_21' title='bbox 673 455 792 510; x_wconf 65' lang='lat' dir='ltr'><strong>quae</strong></span> <span class='ocrx_word' id='word_1_22' title='bbox 851 455 958 494; x_wconf 93' lang='lat' dir='ltr'><strong>non</strong></span> <span class='ocrx_word' id='word_1_23' title='bbox 1004 439 1168 510; x_wconf 88' lang='lat' dir='ltr'><strong>sapit,</strong></span> <span class='ocrx_word' id='word_1_24' title='bbox 1199 447 1363 509; x_wconf 99' lang='lat' dir='ltr'><strong>prout</strong></span> <span class='ocrx_word' id='word_1_25' title='bbox 1399 437 1540 505; x_wconf 89' lang='lat' dir='ltr'><strong>sapit</strong></span> <span class='ocrx_word' id='word_1_26' title='bbox 1570 445 1757 490; x_wconf 85' lang='lat' dir='ltr'><strong>sam-ta</strong></span> <span class='ocrx_word' id='word_1_27' title='bbox 1789 434 1881 487; x_wconf 89' lang='lat' dir='ltr'><strong>Dei</strong></span> <span class='ocrx_word' id='word_1_28' title='bbox 1919 450 2010 486; x_wconf 85' lang='lat' dir='ltr'><strong>ca-</strong></span> 
     </span>
    </p>
   </div>
   <div class='ocr_carea' id='block_1_7' title="bbox 436 527 2010 602">
    <p class='ocr_par' dir='ltr' id='par_1_7' title="bbox 436 527 2010 602">
     <span class='ocr_line' id='line_1_7' title="bbox 436 527 2010 602; baseline -0.005 -14"><span class='ocrx_word' id='word_1_29' title='bbox 436 533 633 589; x_wconf 85' lang='lat' dir='ltr'><strong>tholica</strong></span> <span class='ocrx_word' id='word_1_30' title='bbox 685 541 742 587; x_wconf 90' lang='lat' dir='ltr'><strong>et</strong></span> <span class='ocrx_word' id='word_1_31' title='bbox 781 529 1078 602; x_wconf 79' lang='lat' dir='ltr'><strong>apostolica</strong></span> <span class='ocrx_word' id='word_1_32' title='bbox 1115 529 1378 594; x_wconf 86' lang='lat' dir='ltr'><strong>Ecclesia,</strong></span> <span class='ocrx_word' id='word_1_33' title='bbox 1412 528 1761 596; x_wconf 86' lang='lat' dir='ltr'><strong>suscipimus.</strong></span> <span class='ocrx_word' id='word_1_34' title='bbox 1802 527 2010 580; x_wconf 58' lang='lat' dir='ltr'><strong>Parce-</strong></span> 
     </span>
    </p>
   </div>
   <div class='ocr_carea' id='block_1_8' title="bbox 435 617 2008 684">
    <p class='ocr_par' dir='ltr' id='par_1_8' title="bbox 435 617 2008 684">
     <span class='ocr_line' id='line_1_8' title="bbox 435 617 2008 684; baseline -0.004 -8"><span class='ocrx_word' id='word_1_35' title='bbox 435 623 628 678; x_wconf 87' lang='lat' dir='ltr'><strong>denter</strong></span> <span class='ocrx_word' id='word_1_36' title='bbox 653 630 852 684; x_wconf 87' lang='lat' dir='ltr'><strong>autem,</strong></span> <span class='ocrx_word' id='word_1_37' title='bbox 895 635 1018 676; x_wconf 88' lang='lat' dir='ltr'><strong>cum</strong></span> <span class='ocrx_word' id='word_1_38' title='bbox 1043 620 1109 674; x_wconf 90' lang='lat' dir='ltr'><strong>ad</strong></span> <span class='ocrx_word' id='word_1_39' title='bbox 1133 629 1339 674; x_wconf 87' lang='lat' dir='ltr'><strong>rectam</strong></span> <span class='ocrx_word' id='word_1_40' title='bbox 1365 618 1656 672; x_wconf 83' lang='lat' dir='ltr'><strong>reducendi</strong></span> <span class='ocrx_word' id='word_1_41' title='bbox 1679 628 1805 670; x_wconf 82' lang='lat' dir='ltr'><strong>sunt</strong></span> <span class='ocrx_word' id='word_1_42' title='bbox 1828 617 2008 679; x_wconf 81' lang='lat' dir='ltr'><strong>ﬁdem,</strong></span> 
     </span>
    </p>
   </div>
   <div class='ocr_carea' id='block_1_9' title="bbox 435 708 2008 784">
    <p class='ocr_par' dir='ltr' id='par_1_9' title="bbox 435 708 2008 784">
     <span class='ocr_line' id='line_1_9' title="bbox 435 708 2008 784; baseline -0.006 -16"><span class='ocrx_word' id='word_1_43' title='bbox 435 713 622 769; x_wconf 83' lang='lat' dir='ltr'><strong>decem</strong></span> <span class='ocrx_word' id='word_1_44' title='bbox 653 721 746 766; x_wconf 88' lang='lat' dir='ltr'><strong>aut</strong></span> <span class='ocrx_word' id='word_1_45' title='bbox 776 711 1084 784; x_wconf 91' lang='lat' dir='ltr'><strong>quindecim</strong></span> <span class='ocrx_word' id='word_1_46' title='bbox 1107 712 1296 764; x_wconf 83' lang='lat' dir='ltr'><strong>diebus</strong></span> <span class='ocrx_word' id='word_1_47' title='bbox 1323 708 1571 779; x_wconf 87' lang='lat' dir='ltr'><strong>jejunare</strong></span> <span class='ocrx_word' id='word_1_48' title='bbox 1591 709 1712 763; x_wconf 91' lang='lat' dir='ltr'><strong>illos</strong></span> <span class='ocrx_word' id='word_1_49' title='bbox 1735 709 2008 772; x_wconf 82' lang='lat' dir='ltr'><strong>convenit,</strong></span> 
     </span>
    </p>
   </div>
   <div class='ocr_carea' id='block_1_10' title="bbox 433 799 2010 870">
    <p class='ocr_par' dir='ltr' id='par_1_10' title="bbox 433 799 2010 870">
     <span class='ocr_line' id='line_1_10' title="bbox 433 799 2010 870; baseline -0.005 -14"><span class='ocrx_word' id='word_1_50' title='bbox 433 811 489 856; x_wconf 90' lang='lat' dir='ltr'><strong>et</strong></span> <span class='ocrx_word' id='word_1_51' title='bbox 519 816 678 856; x_wconf 88' lang='lat' dir='ltr'><strong>mane</strong></span> <span class='ocrx_word' id='word_1_52' title='bbox 709 811 762 857; x_wconf 88' lang='lat' dir='ltr'><strong>et</strong></span> <span class='ocrx_word' id='word_1_53' title='bbox 799 815 1046 870; x_wconf 86' lang='lat' dir='ltr'><strong>vespere,</strong></span> <span class='ocrx_word' id='word_1_54' title='bbox 1094 800 1456 862; x_wconf 90' lang='lat' dir='ltr'><strong>orationibus,</strong></span> <span class='ocrx_word' id='word_1_55' title='bbox 1495 799 2010 852; x_wconf 89' lang='lat' dir='ltr'><strong>catechumenorum</strong></span> 
     </span>
    </p>
   </div>
   <div class='ocr_carea' id='block_1_11' title="bbox 436 895 2012 964">
    <p class='ocr_par' dir='ltr' id='par_1_11' title="bbox 436 895 2012 964">
     <span class='ocr_line' id='line_1_11' title="bbox 436 895 2012 964; baseline -0.006 -16"><span class='ocrx_word' id='word_1_56' title='bbox 436 909 607 958; x_wconf 84' lang='lat' dir='ltr'><strong>more,</strong></span> <span class='ocrx_word' id='word_1_57' title='bbox 657 895 896 964; x_wconf 84' lang='lat' dir='ltr'><strong>psalmos</strong></span> <span class='ocrx_word' id='word_1_58' title='bbox 955 895 1300 948; x_wconf 87' lang='lat' dir='ltr'><strong>addiscentes</strong></span> <span class='ocrx_word' id='word_1_59' title='bbox 1345 905 1560 954; x_wconf 88' lang='lat' dir='ltr'><strong>vacare,</strong></span> <span class='ocrx_word' id='word_1_60' title='bbox 1595 901 1649 944; x_wconf 90' lang='lat' dir='ltr'><strong>et</strong></span> <span class='ocrx_word' id='word_1_61' title='bbox 1695 899 1824 942; x_wconf 89' lang='lat' dir='ltr'><strong>tunc</strong></span> <span class='ocrx_word' id='word_1_62' title='bbox 1854 902 2012 941; x_wconf 68' lang='lat' dir='ltr'><strong>rectae</strong></span> 
     </span>
    </p>
   </div>
   <div class='ocr_carea' id='block_1_12' title="bbox 437 979 2010 1054">
    <p class='ocr_par' dir='ltr' id='par_1_12' title="bbox 437 979 2010 1054">
     <span class='ocr_line' id='line_1_12' title="bbox 437 979 2010 1054; baseline -0.004 -17"><span class='ocrx_word' id='word_1_63' title='bbox 437 985 560 1038; x_wconf 80' lang='lat' dir='ltr'><strong>ﬁdei</strong></span> <span class='ocrx_word' id='word_1_64' title='bbox 613 984 960 1054; x_wconf 74' lang='lat' dir='ltr'><strong>susceptione</strong></span> <span class='ocrx_word' id='word_1_65' title='bbox 1008 983 1200 1054; x_wconf 86' lang='lat' dir='ltr'><strong>dignos</strong></span> <span class='ocrx_word' id='word_1_66' title='bbox 1269 981 1478 1034; x_wconf 87' lang='lat' dir='ltr'><strong>haberi.</strong></span> <span class='ocrx_word' id='word_1_67' title='bbox 1518 979 1775 1047; x_wconf 77' lang='lat' dir='ltr'><strong>Singulos</strong></span> <span class='ocrx_word' id='word_1_68' title='bbox 1831 987 2010 1030; x_wconf 88' lang='lat' dir='ltr'><strong>autem</strong></span> 
     </span>
    </p>
   </div>
   <div class='ocr_carea' id='block_1_13' title="bbox 436 1070 2013 1144">
    <p class='ocr_par' dir='ltr' id='par_1_13' title="bbox 436 1070 2013 1144">
     <span class='ocr_line' id='line_1_13' title="bbox 436 1070 2013 1144; baseline -0.002 -20"><span class='ocrx_word' id='word_1_69' title='bbox 436 1090 680 1144; x_wconf 80' lang='lat' dir='ltr'><strong>quosque</strong></span> <span class='ocrx_word' id='word_1_70' title='bbox 712 1075 926 1129; x_wconf 87' lang='lat' dir='ltr'><strong>illorum</strong></span> <span class='ocrx_word' id='word_1_71' title='bbox 961 1074 1152 1128; x_wconf 77' lang='lat' dir='ltr'><strong>statuit</strong></span> <span class='ocrx_word' id='word_1_72' title='bbox 1179 1073 1438 1128; x_wconf 74' lang='lat' dir='ltr'><strong>sacerdos</strong></span> <span class='ocrx_word' id='word_1_73' title='bbox 1473 1087 1655 1126; x_wconf 90' lang='lat' dir='ltr'><strong>coram</strong></span> <span class='ocrx_word' id='word_1_74' title='bbox 1694 1078 1882 1124; x_wconf 84' lang='lat' dir='ltr'><strong>sancta</strong></span> <span class='ocrx_word' id='word_1_75' title='bbox 1918 1070 2013 1123; x_wconf 91' lang='lat' dir='ltr'><strong>ba-</strong></span> 
     </span>
    </p>
   </div>
   <div class='ocr_carea' id='block_1_14' title="bbox 435 1164 1680 1237">
    <p class='ocr_par' dir='ltr' id='par_1_14' title="bbox 435 1164 1680 1237">
     <span class='ocr_line' id='line_1_14' title="bbox 435 1164 1680 1237; baseline -0.002 -17"><span class='ocrx_word' id='word_1_76' title='bbox 435 1169 705 1237; x_wconf 85' lang='lat' dir='ltr'><strong>ptismatis</strong></span> <span class='ocrx_word' id='word_1_77' title='bbox 735 1167 976 1236; x_wconf 87' lang='lat' dir='ltr'><strong>piscina:</strong></span> <span class='ocrx_word' id='word_1_78' title='bbox 1009 1177 1063 1220; x_wconf 84' lang='lat' dir='ltr'><strong>et</strong></span> <span class='ocrx_word' id='word_1_79' title='bbox 1089 1167 1190 1220; x_wconf 89' lang='lat' dir='ltr'><strong>hoc</strong></span> <span class='ocrx_word' id='word_1_80' title='bbox 1225 1177 1378 1236; x_wconf 84' lang='lat' dir='ltr'><strong>pacto</strong></span> <span class='ocrx_word' id='word_1_81' title='bbox 1407 1165 1533 1219; x_wconf 87' lang='lat' dir='ltr'><strong>dicit</strong></span> <span class='ocrx_word' id='word_1_82' title='bbox 1564 1164 1680 1217; x_wconf 84' lang='lat' dir='ltr'><strong>eis:</strong></span> 
     </span>
    </p>
   </div>
   <div class='ocr_carea' id='block_1_15' title="bbox 511 1262 2016 1345">
    <p class='ocr_par' dir='ltr' id='par_1_15' title="bbox 511 1262 2016 1345">
     <span class='ocr_line' id='line_1_15' title="bbox 511 1262 2016 1345; baseline -0.005 -15"><span class='ocrx_word' id='word_1_83' title='bbox 511 1277 604 1330; x_wconf 87' lang='lat' dir='ltr'><strong>Dic</strong></span> <span class='ocrx_word' id='word_1_84' title='bbox 627 1277 914 1330; x_wconf 83' lang='lat' dir='ltr'><strong>anathema</strong></span> <span class='ocrx_word' id='word_1_85' title='bbox 943 1275 1059 1341; x_wconf 92' lang='lat' dir='ltr'><strong>tali,</strong></span> <span class='ocrx_word' id='word_1_86' title='bbox 1089 1284 1142 1328; x_wconf 90' lang='lat' dir='ltr'><strong>et</strong></span> <span class='ocrx_word' id='word_1_87' title='bbox 1165 1273 1286 1345; x_wconf 82' lang='lat' dir='ltr'><strong>ejus</strong></span> <span class='ocrx_word' id='word_1_88' title='bbox 1316 1262 1678 1344; x_wconf 75' lang='lat' dir='ltr'><strong>dogmatibus,</strong></span> <span class='ocrx_word' id='word_1_89' title='bbox 1703 1280 1758 1324; x_wconf 85' lang='lat' dir='ltr'><strong>et</strong></span> <span class='ocrx_word' id='word_1_90' title='bbox 1784 1285 2016 1326; x_wconf 88' lang='lat' dir='ltr'><strong>consen-</strong></span> 
     </span>
    </p>
   </div>
   <div class='ocr_carea' id='block_1_16' title="bbox 439 1360 2016 1437">
    <p class='ocr_par' dir='ltr' id='par_1_16' title="bbox 439 1360 2016 1437">
     <span class='ocr_line' id='line_1_16' title="bbox 439 1360 2016 1437; baseline -0.003 -17"><span class='ocrx_word' id='word_1_91' title='bbox 439 1367 698 1422; x_wconf 90' lang='lat' dir='ltr'><strong>tientibus</strong></span> <span class='ocrx_word' id='word_1_92' title='bbox 759 1366 860 1437; x_wconf 86' lang='lat' dir='ltr'><strong>ipsi</strong></span> <span class='ocrx_word' id='word_1_93' title='bbox 894 1367 1099 1436; x_wconf 87' lang='lat' dir='ltr'><strong>quique</strong></span> <span class='ocrx_word' id='word_1_94' title='bbox 1139 1365 1281 1418; x_wconf 91' lang='lat' dir='ltr'><strong>idem</strong></span> <span class='ocrx_word' id='word_1_95' title='bbox 1328 1373 1506 1418; x_wconf 88' lang='lat' dir='ltr'><strong>tenent</strong></span> <span class='ocrx_word' id='word_1_96' title='bbox 1536 1371 1590 1416; x_wconf 91' lang='lat' dir='ltr'><strong>et</strong></span> <span class='ocrx_word' id='word_1_97' title='bbox 1633 1361 1870 1432; x_wconf 89' lang='lat' dir='ltr'><strong>sapiunt.</strong></span> <span class='ocrx_word' id='word_1_98' title='bbox 1910 1360 2016 1415; x_wconf 82' lang='lat' dir='ltr'><strong>Re-</strong></span> 
     </span>
    </p>
   </div>
   <div class='ocr_carea' id='block_1_17' title="bbox 439 1451 2018 1524">
    <p class='ocr_par' dir='ltr' id='par_1_17' title="bbox 439 1451 2018 1524">
     <span class='ocr_line' id='line_1_17' title="bbox 439 1451 2018 1524; baseline -0.004 -13"><span class='ocrx_word' id='word_1_99' title='bbox 439 1459 630 1511; x_wconf 89' lang='lat' dir='ltr'><strong>uuntio</strong></span> <span class='ocrx_word' id='word_1_100' title='bbox 680 1459 826 1511; x_wconf 90' lang='lat' dir='ltr'><strong>enim</strong></span> <span class='ocrx_word' id='word_1_101' title='bbox 875 1456 1003 1524; x_wconf 91' lang='lat' dir='ltr'><strong>ipsi,</strong></span> <span class='ocrx_word' id='word_1_102' title='bbox 1054 1466 1111 1510; x_wconf 87' lang='lat' dir='ltr'><strong>et</strong></span> <span class='ocrx_word' id='word_1_103' title='bbox 1149 1457 1298 1509; x_wconf 89' lang='lat' dir='ltr'><strong>omni</strong></span> <span class='ocrx_word' id='word_1_104' title='bbox 1335 1454 1604 1508; x_wconf 69' lang='lat' dir='ltr'><strong>haeretica:</strong></span> <span class='ocrx_word' id='word_1_105' title='bbox 1656 1451 1922 1521; x_wconf 89' lang='lat' dir='ltr'><strong>opinioni,</strong></span> <span class='ocrx_word' id='word_1_106' title='bbox 1964 1461 2018 1505; x_wconf 91' lang='lat' dir='ltr'><strong>et</strong></span> 
     </span>
    </p>
   </div>
   <div class='ocr_carea' id='block_1_18' title="bbox 437 1543 2016 1605">
    <p class='ocr_par' dir='ltr' id='par_1_18' title="bbox 437 1543 2016 1605">
     <span class='ocr_line' id='line_1_18' title="bbox 437 1543 2016 1605; baseline -0.005 -2"><span class='ocrx_word' id='word_1_107' title='bbox 437 1551 601 1604; x_wconf 85' lang='lat' dir='ltr'><strong>credo</strong></span> <span class='ocrx_word' id='word_1_108' title='bbox 633 1550 684 1603; x_wconf 92' lang='lat' dir='ltr'><strong>in</strong></span> <span class='ocrx_word' id='word_1_109' title='bbox 715 1555 962 1603; x_wconf 86' lang='lat' dir='ltr'><strong>sanctam</strong></span> <span class='ocrx_word' id='word_1_110' title='bbox 1005 1555 1062 1602; x_wconf 90' lang='lat' dir='ltr'><strong>et</strong></span> <span class='ocrx_word' id='word_1_111' title='bbox 1106 1544 1626 1602; x_wconf 85' lang='lat' dir='ltr'><strong>consubstantialem</strong></span> <span class='ocrx_word' id='word_1_112' title='bbox 1666 1543 2016 1605; x_wconf 86' lang='lat' dir='ltr'><strong>Trinitatem,</strong></span> 
     </span>
    </p>
   </div>
   <div class='ocr_carea' id='block_1_19' title="bbox 438 1633 2018 1700">
    <p class='ocr_par' dir='ltr' id='par_1_19' title="bbox 438 1633 2018 1700">
     <span class='ocr_line' id='line_1_19' title="bbox 438 1633 2018 1700; baseline -0.006 -4"><span class='ocrx_word' id='word_1_113' title='bbox 438 1641 734 1696; x_wconf 83' lang='lat' dir='ltr'><strong>secundum</strong></span> <span class='ocrx_word' id='word_1_114' title='bbox 774 1650 1086 1694; x_wconf 86' lang='lat' dir='ltr'><strong>sanctorum</strong></span> <span class='ocrx_word' id='word_1_115' title='bbox 1121 1637 1339 1690; x_wconf 87' lang='lat' dir='ltr'><strong>Patrum</strong></span> <span class='ocrx_word' id='word_1_116' title='bbox 1371 1634 1618 1689; x_wconf 84' lang='lat' dir='ltr'><strong>veritatis</strong></span> <span class='ocrx_word' id='word_1_117' title='bbox 1644 1633 1868 1687; x_wconf 84' lang='lat' dir='ltr'><strong>verbum</strong></span> <span class='ocrx_word' id='word_1_118' title='bbox 1895 1647 2018 1700; x_wconf 90' lang='lat' dir='ltr'><strong>pro-</strong></span> 
     </span>
    </p>
   </div>
   <div class='ocr_carea' id='block_1_20' title="bbox 2114 433 3704 509">
    <p class='ocr_par' dir='ltr' id='par_1_20' title="bbox 2114 433 3704 509">
     <span class='ocr_line' id='line_1_20' title="bbox 2114 433 3704 509; baseline 0.006 -25"><span class='ocrx_word' id='word_1_119' title='bbox 2114 433 2298 485; x_wconf 82' lang='grc' dir='ltr'>πᾶσαν</span> <span class='ocrx_word' id='word_1_120' title='bbox 2325 433 2491 502; x_wconf 84' lang='grc' dir='ltr'>ἀλλην</span> <span class='ocrx_word' id='word_1_121' title='bbox 2527 434 2739 504; x_wconf 83' lang='grc' dir='ltr'>αἵρεσιν</span> <span class='ocrx_word' id='word_1_122' title='bbox 2773 433 2848 504; x_wconf 82' lang='grc' dir='ltr'>μὴ</span> <span class='ocrx_word' id='word_1_123' title='bbox 2875 433 3124 499; x_wconf 90' lang='grc' dir='ltr'>νοοῦσαν,</span> <span class='ocrx_word' id='word_1_124' title='bbox 3156 435 3232 498; x_wconf 82' lang='grc' dir='ltr'>ὡς</span> <span class='ocrx_word' id='word_1_125' title='bbox 3267 441 3459 508; x_wconf 76' lang='grc' dir='ltr'>φρονεῖ</span> <span class='ocrx_word' id='word_1_126' title='bbox 3503 441 3537 509; x_wconf 82' lang='grc' dir='ltr'>ἡ</span> <span class='ocrx_word' id='word_1_127' title='bbox 3571 441 3704 508; x_wconf 83' lang='grc' dir='ltr'>ἁγία</span> 
     </span>
    </p>
   </div>
   <div class='ocr_carea' id='block_1_21' title="bbox 2112 522 3700 602">
    <p class='ocr_par' dir='ltr' id='par_1_21' title="bbox 2112 522 3700 602">
     <span class='ocr_line' id='line_1_21' title="bbox 2112 522 3700 602; baseline 0.006 -26"><span class='ocrx_word' id='word_1_128' title='bbox 2112 523 2207 576; x_wconf 88' lang='grc' dir='ltr'><strong>τοῦ</strong></span> <span class='ocrx_word' id='word_1_129' title='bbox 2258 522 2395 576; x_wconf 82' lang='grc' dir='ltr'><strong>Θεοῦ</strong></span> <span class='ocrx_word' id='word_1_130' title='bbox 2467 524 2733 596; x_wconf 83' lang='grc' dir='ltr'>καθολικὴ</span> <span class='ocrx_word' id='word_1_131' title='bbox 2803 525 2900 579; x_wconf 78' lang='grc' dir='ltr'>καὶ</span> <span class='ocrx_word' id='word_1_132' title='bbox 2961 527 3299 598; x_wconf 76' lang='grc' dir='ltr'>ἀποστολικὴ</span> <span class='ocrx_word' id='word_1_133' title='bbox 3382 530 3700 602; x_wconf 85' lang='grc' dir='ltr'>Ἐκκλησια.</span> 
     </span>
    </p>
   </div>
   <div class='ocr_carea' id='block_1_22' title="bbox 2113 617 3702 694">
    <p class='ocr_par' dir='ltr' id='par_1_22' title="bbox 2113 617 3702 694">
     <span class='ocr_line' id='line_1_22' title="bbox 2113 617 3702 694; baseline 0.005 -26"><span class='ocrx_word' id='word_1_134' title='bbox 2113 617 2554 686; x_wconf 79' lang='grc' dir='ltr'>Προηγουμένως</span> <span class='ocrx_word' id='word_1_135' title='bbox 2607 620 2812 687; x_wconf 78' lang='grc' dir='ltr'>μέντοι,</span> <span class='ocrx_word' id='word_1_136' title='bbox 2871 618 3036 689; x_wconf 82' lang='grc' dir='ltr'>ήνίκα</span> <span class='ocrx_word' id='word_1_137' title='bbox 3106 619 3360 689; x_wconf 79' lang='grc' dir='ltr'>μέλλουσι</span> <span class='ocrx_word' id='word_1_138' title='bbox 3424 623 3702 694; x_wconf 84' lang='grc' dir='ltr'>προσάγε-</span> 
     </span>
    </p>
   </div>
   <div class='ocr_carea' id='block_1_23' title="bbox 2116 706 3705 782">
    <p class='ocr_par' dir='ltr' id='par_1_23' title="bbox 2116 706 3705 782">
     <span class='ocr_line' id='line_1_23' title="bbox 2116 706 3705 782; baseline 0.003 -23"><span class='ocrx_word' id='word_1_139' title='bbox 2116 706 2241 760; x_wconf 85' lang='grc' dir='ltr'>σθαι</span> <span class='ocrx_word' id='word_1_140' title='bbox 2265 708 2378 777; x_wconf 80' lang='grc'><strong>(55)</strong></span> <span class='ocrx_word' id='word_1_141' title='bbox 2418 710 2484 778; x_wconf 76' lang='grc' dir='ltr'><strong>τῇ</strong></span> <span class='ocrx_word' id='word_1_142' title='bbox 2514 707 2650 778; x_wconf 81' lang='grc' dir='ltr'>ὀρθῇ</span> <span class='ocrx_word' id='word_1_143' title='bbox 2685 708 2893 772; x_wconf 76' lang='grc' dir='ltr'>πίστεις</span> <span class='ocrx_word' id='word_1_144' title='bbox 2919 711 3199 778; x_wconf 73' lang='grc' dir='ltr'><strong>νηστεύειν</strong></span> <span class='ocrx_word' id='word_1_145' title='bbox 3227 710 3423 772; x_wconf 79' lang='grc' dir='ltr'>αὐτοὺς</span> <span class='ocrx_word' id='word_1_146' title='bbox 3450 711 3534 763; x_wconf 83' lang='grc' dir='ltr'><strong>δεῖ</strong></span> <span class='ocrx_word' id='word_1_147' title='bbox 3565 713 3705 782; x_wconf 76' lang='grc' dir='ltr'><strong>ἠμέ-</strong></span> 
     </span>
    </p>
   </div>
   <div class='ocr_carea' id='block_1_24' title="bbox 2117 784 3702 873">
    <p class='ocr_par' dir='ltr' id='par_1_24' title="bbox 2117 784 3702 873">
     <span class='ocr_line' id='line_1_24' title="bbox 2117 784 3702 873; baseline 0.005 -24"><span class='ocrx_word' id='word_1_148' title='bbox 2117 813 2217 866; x_wconf 98' lang='grc' dir='ltr'><strong>ρας</strong></span> <span class='ocrx_word' id='word_1_149' title='bbox 2235 797 2394 864; x_wconf 79' lang='grc' dir='ltr'>δέκα,</span> <span class='ocrx_word' id='word_1_150' title='bbox 2427 799 2459 868; x_wconf 82' lang='grc' dir='ltr'>ἢ</span> <span class='ocrx_word' id='word_1_151' title='bbox 2489 798 2810 863; x_wconf 80' lang='grc' dir='ltr'>δεκαπέντε,</span> <span class='ocrx_word' id='word_1_152' title='bbox 2859 803 2952 852; x_wconf 71' lang='grc' dir='ltr'>καὶ</span> <span class='ocrx_word' id='word_1_153' title='bbox 3001 784 3288 870; x_wconf 70' lang='grc' dir='ltr'><strong>σχολάζειν</strong></span> <span class='ocrx_word' id='word_1_154' title='bbox 3328 805 3449 864; x_wconf 85' lang='grc' dir='ltr'>ταῖς</span> <span class='ocrx_word' id='word_1_155' title='bbox 3493 804 3702 873; x_wconf 74' lang='grc' dir='ltr'>εὐχαῖς,</span> 
     </span>
    </p>
   </div>
   <div class='ocr_carea' id='block_1_25' title="bbox 2116 885 3708 957">
    <p class='ocr_par' dir='ltr' id='par_1_25' title="bbox 2116 885 3708 957">
     <span class='ocr_line' id='line_1_25' title="bbox 2116 885 3708 957; baseline 0.005 -20"><span class='ocrx_word' id='word_1_156' title='bbox 2116 885 2329 956; x_wconf 72' lang='grc' dir='ltr'>πρωίας</span> <span class='ocrx_word' id='word_1_157' title='bbox 2357 886 2452 938; x_wconf 77' lang='grc' dir='ltr'>καὶ</span> <span class='ocrx_word' id='word_1_158' title='bbox 2481 885 2684 957; x_wconf 86' lang='grc' dir='ltr'>δείλης,</span> <span class='ocrx_word' id='word_1_159' title='bbox 2717 887 3092 957; x_wconf 76' lang='grc' dir='ltr'><strong>μανθάνοντας</strong></span> <span class='ocrx_word' id='word_1_160' title='bbox 3125 887 3376 957; x_wconf 77' lang='grc' dir='ltr'>ψαλμοὺς</span> <span class='ocrx_word' id='word_1_161' title='bbox 3400 933 3414 956; x_wconf 91' lang='grc'><strong>,</strong></span> <span class='ocrx_word' id='word_1_162' title='bbox 3446 891 3524 952; x_wconf 86' lang='grc' dir='ltr'>ὡς</span> <span class='ocrx_word' id='word_1_163' title='bbox 3577 909 3708 945; x_wconf 85' lang='grc' dir='ltr'>κατ-</span> 
     </span>
    </p>
   </div>
   <div class='ocr_carea' id='block_1_26' title="bbox 2115 977 3704 1051">
    <p class='ocr_par' dir='ltr' id='par_1_26' title="bbox 2115 977 3704 1051">
     <span class='ocr_line' id='line_1_26' title="bbox 2115 977 3704 1051; baseline 0.004 -23"><span class='ocrx_word' id='word_1_164' title='bbox 2115 994 2246 1045; x_wconf 85' lang='grc' dir='ltr'>ηχου</span> <span class='ocrx_word' id='word_1_165' title='bbox 2256 977 2568 1042; x_wconf 75' lang='grc' dir='ltr'>μένους,κα“ι</span> <span class='ocrx_word' id='word_1_166' title='bbox 2586 979 2710 1030; x_wconf 88' lang='grc' dir='ltr'>τότε</span> <span class='ocrx_word' id='word_1_167' title='bbox 2727 977 3009 1044; x_wconf 81' lang='grc' dir='ltr'>ἀξιοῦσθαι</span> <span class='ocrx_word' id='word_1_168' title='bbox 3032 979 3133 1049; x_wconf 82' lang='grc' dir='ltr'>τῆς</span> <span class='ocrx_word' id='word_1_169' title='bbox 3149 980 3429 1051; x_wconf 77' lang='grc' dir='ltr'>όρθοδόξου</span> <span class='ocrx_word' id='word_1_170' title='bbox 3443 984 3704 1046; x_wconf 81' lang='grc' dir='ltr'>πίστεως·</span> 
     </span>
    </p>
   </div>
   <div class='ocr_carea' id='block_1_27' title="bbox 2115 1058 3707 1142">
    <p class='ocr_par' dir='ltr' id='par_1_27' title="bbox 2115 1058 3707 1142">
     <span class='ocr_line' id='line_1_27' title="bbox 2115 1058 3707 1142; baseline 0.004 -24"><span class='ocrx_word' id='word_1_171' title='bbox 2115 1067 2296 1136; x_wconf 82' lang='grc' dir='ltr'>ἵστησι</span> <span class='ocrx_word' id='word_1_172' title='bbox 2340 1067 2398 1120; x_wconf 82' lang='grc' dir='ltr'>δὲ</span> <span class='ocrx_word' id='word_1_173' title='bbox 2424 1067 2654 1122; x_wconf 72' lang='grc' dir='ltr'>ἕκαστον</span> <span class='ocrx_word' id='word_1_174' title='bbox 2697 1058 2940 1122; x_wconf 78' lang='grc' dir='ltr'>αὐτῶνὸ</span> <span class='ocrx_word' id='word_1_175' title='bbox 2997 1071 3177 1140; x_wconf 77' lang='grc' dir='ltr'>ἱερεὺς</span> <span class='ocrx_word' id='word_1_176' title='bbox 3242 1071 3561 1142; x_wconf 83' lang='grc' dir='ltr'>ἔμπροσθεν</span> <span class='ocrx_word' id='word_1_177' title='bbox 3604 1072 3707 1141; x_wconf 78' lang='grc' dir='ltr'>τῆς</span> 
     </span>
    </p>
   </div>
   <div class='ocr_carea' id='block_1_28' title="bbox 2115 1159 3490 1231">
    <p class='ocr_par' dir='ltr' id='par_1_28' title="bbox 2115 1159 3490 1231">
     <span class='ocr_line' id='line_1_28' title="bbox 2115 1159 3490 1231; baseline 0.003 -19"><span class='ocrx_word' id='word_1_178' title='bbox 2115 1161 2277 1226; x_wconf 79' lang='grc' dir='ltr'>ἁγίας</span> <span class='ocrx_word' id='word_1_179' title='bbox 2317 1159 2731 1231; x_wconf 80' lang='grc' dir='ltr'>κολυμϐήθρας,</span> <span class='ocrx_word' id='word_1_180' title='bbox 2779 1160 2873 1214; x_wconf 77' lang='grc' dir='ltr'>καὶ</span> <span class='ocrx_word' id='word_1_181' title='bbox 2897 1160 3048 1229; x_wconf 79' lang='grc' dir='ltr'>λέγει</span> <span class='ocrx_word' id='word_1_182' title='bbox 3081 1161 3267 1225; x_wconf 83' lang='grc' dir='ltr'>αὐτοῖς</span> <span class='ocrx_word' id='word_1_183' title='bbox 3302 1162 3490 1216; x_wconf 75' lang='grc' dir='ltr'>’τοῦτο’</span> 
     </span>
    </p>
   </div>
   <div class='ocr_carea' id='block_1_29' title="bbox 2189 1267 3710 1340">
    <p class='ocr_par' dir='ltr' id='par_1_29' title="bbox 2189 1267 3710 1340">
     <span class='ocr_line' id='line_1_29' title="bbox 2189 1267 3710 1340; baseline 0.003 -20"><span class='ocrx_word' id='word_1_184' title='bbox 2189 1267 2324 1320; x_wconf 79' lang='grc' dir='ltr'><strong>Εἰπὲ</strong></span> <span class='ocrx_word' id='word_1_185' title='bbox 2372 1267 2621 1338; x_wconf 81' lang='grc' dir='ltr'>ἀνάθεμα</span> <span class='ocrx_word' id='word_1_186' title='bbox 2686 1267 2843 1338; x_wconf 81' lang='grc' dir='ltr'>τῷδε,</span> <span class='ocrx_word' id='word_1_187' title='bbox 2899 1269 2994 1322; x_wconf 76' lang='grc' dir='ltr'>καὶ</span> <span class='ocrx_word' id='word_1_188' title='bbox 3047 1271 3161 1332; x_wconf 86' lang='grc' dir='ltr'>τοῖς</span> <span class='ocrx_word' id='word_1_189' title='bbox 3185 1269 3450 1340; x_wconf 83' lang='grc' dir='ltr'>δόγμασιν</span> <span class='ocrx_word' id='word_1_190' title='bbox 3503 1271 3710 1337; x_wconf 82' lang='grc' dir='ltr'>αὑτοῦ,</span> 
     </span>
    </p>
   </div>
   <div class='ocr_carea' id='block_1_30' title="bbox 2117 1360 3712 1432">
    <p class='ocr_par' dir='ltr' id='par_1_30' title="bbox 2117 1360 3712 1432">
     <span class='ocr_line' id='line_1_30' title="bbox 2117 1360 3712 1432; baseline 0.003 -18"><span class='ocrx_word' id='word_1_191' title='bbox 2117 1362 2210 1414; x_wconf 74' lang='grc' dir='ltr'>καὶ</span> <span class='ocrx_word' id='word_1_192' title='bbox 2248 1362 2361 1424; x_wconf 89' lang='grc' dir='ltr'>τοῖς</span> <span class='ocrx_word' id='word_1_193' title='bbox 2395 1360 2811 1414; x_wconf 79' lang='grc' dir='ltr'>συνευδοκοῦσιν</span> <span class='ocrx_word' id='word_1_194' title='bbox 2858 1361 3027 1431; x_wconf 82' lang='grc' dir='ltr'>αὐτῷ,</span> <span class='ocrx_word' id='word_1_195' title='bbox 3061 1364 3157 1414; x_wconf 82' lang='grc' dir='ltr'><strong>καί</strong></span> <span class='ocrx_word' id='word_1_196' title='bbox 3186 1365 3298 1426; x_wconf 82' lang='grc' dir='ltr'>τοῖς</span> <span class='ocrx_word' id='word_1_197' title='bbox 3345 1363 3608 1432; x_wconf 78' lang='grc' dir='ltr'>φρονοῦσι</span> <span class='ocrx_word' id='word_1_198' title='bbox 3641 1365 3712 1418; x_wconf 76' lang='grc' dir='ltr'><strong>τά</strong></span> 
     </span>
    </p>
   </div>
   <div class='ocr_carea' id='block_1_31' title="bbox 2117 1449 3712 1524">
    <p class='ocr_par' dir='ltr' id='par_1_31' title="bbox 2117 1449 3712 1524">
     <span class='ocr_line' id='line_1_31' title="bbox 2117 1449 3712 1524; baseline 0.001 -20"><span class='ocrx_word' id='word_1_199' title='bbox 2117 1449 2282 1504; x_wconf 74' lang='grc' dir='ltr'>αὐτοῦ</span> <span class='ocrx_word' id='word_1_200' title='bbox 2311 1467 2324 1481; x_wconf 91' lang='grc'><strong>·</strong></span> <span class='ocrx_word' id='word_1_201' title='bbox 2359 1450 2745 1520; x_wconf 88' lang='grc' dir='ltr'>ἀποτάσσομαι</span> <span class='ocrx_word' id='word_1_202' title='bbox 2778 1451 2887 1523; x_wconf 83' lang='grc' dir='ltr'><strong>γάρ</strong></span> <span class='ocrx_word' id='word_1_203' title='bbox 2916 1451 3086 1522; x_wconf 80' lang='grc' dir='ltr'>αὐτῷ,</span> <span class='ocrx_word' id='word_1_204' title='bbox 3113 1455 3208 1505; x_wconf 77' lang='grc' dir='ltr'>καὶ</span> <span class='ocrx_word' id='word_1_205' title='bbox 3234 1453 3398 1505; x_wconf 80' lang='grc' dir='ltr'>παντὶ</span> <span class='ocrx_word' id='word_1_206' title='bbox 3439 1452 3712 1524; x_wconf 79' lang='grc' dir='ltr'>αἱρετικῷ</span> 
     </span>
    </p>
   </div>
   <div class='ocr_carea' id='block_1_32' title="bbox 2117 1541 3714 1614">
    <p class='ocr_par' dir='ltr' id='par_1_32' title="bbox 2117 1541 3714 1614">
     <span class='ocr_line' id='line_1_32' title="bbox 2117 1541 3714 1614; baseline 0.002 -19"><span class='ocrx_word' id='word_1_207' title='bbox 2117 1541 2384 1612; x_wconf 85' lang='grc' dir='ltr'>δόγματι·</span> <span class='ocrx_word' id='word_1_208' title='bbox 2413 1542 2508 1595; x_wconf 70' lang='grc' dir='ltr'>καὶ</span> <span class='ocrx_word' id='word_1_209' title='bbox 2550 1543 2792 1596; x_wconf 84' lang='grc' dir='ltr'>πιστεύω</span> <span class='ocrx_word' id='word_1_210' title='bbox 2827 1543 2910 1606; x_wconf 81' lang='grc' dir='ltr'><strong>είς</strong></span> <span class='ocrx_word' id='word_1_211' title='bbox 2931 1544 3030 1614; x_wconf 78' lang='grc' dir='ltr'>τὴν</span> <span class='ocrx_word' id='word_1_212' title='bbox 3075 1542 3238 1611; x_wconf 81' lang='grc' dir='ltr'>ἁγίαν</span> <span class='ocrx_word' id='word_1_213' title='bbox 3271 1543 3370 1596; x_wconf 74' lang='grc' dir='ltr'><strong>καὶ</strong></span> <span class='ocrx_word' id='word_1_214' title='bbox 3421 1543 3714 1613; x_wconf 82' lang='grc' dir='ltr'>ὁμοούσιον</span> 
     </span>
    </p>
   </div>
   <div class='ocr_carea' id='block_1_33' title="bbox 2121 1632 3712 1706">
    <p class='ocr_par' dir='ltr' id='par_1_33' title="bbox 2121 1632 3712 1706">
     <span class='ocr_line' id='line_1_33' title="bbox 2121 1632 3712 1706; baseline 0.001 -20"><span class='ocrx_word' id='word_1_215' title='bbox 2121 1633 2351 1703; x_wconf 89' lang='grc' dir='ltr'>Τριάδα,</span> <span class='ocrx_word' id='word_1_216' title='bbox 2381 1633 2524 1687; x_wconf 84' lang='grc' dir='ltr'><strong>κατά</strong></span> <span class='ocrx_word' id='word_1_217' title='bbox 2557 1632 2658 1703; x_wconf 82' lang='grc' dir='ltr'>τὴν</span> <span class='ocrx_word' id='word_1_218' title='bbox 2684 1633 2901 1686; x_wconf 76' lang='grc' dir='ltr'>ἔκθεσιν</span> <span class='ocrx_word' id='word_1_219' title='bbox 2932 1634 3043 1686; x_wconf 84' lang='grc' dir='ltr'><strong>τῶν</strong></span> <span class='ocrx_word' id='word_1_220' title='bbox 3093 1634 3264 1702; x_wconf 81' lang='grc' dir='ltr'><strong>ἁγίων</strong></span> <span class='ocrx_word' id='word_1_221' title='bbox 3298 1635 3559 1706; x_wconf 83' lang='grc' dir='ltr'>Πατέρων</span> <span class='ocrx_word' id='word_1_222' title='bbox 3599 1635 3712 1688; x_wconf 81' lang='grc' dir='ltr'><strong>τῶν</strong></span> 
     </span>
    </p>
   </div>
   <div class='ocr_carea' id='block_1_34' title="bbox 439 1697 2016 1800">
    <p class='ocr_par' dir='ltr' id='par_1_34' title="bbox 439 1723 2016 1800">
     <span class='ocr_line' id='line_1_34' title="bbox 439 1723 2016 1800; baseline -0.004 -16"><span class='ocrx_word' id='word_1_223' title='bbox 439 1733 750 1800; x_wconf 87' lang='lat' dir='ltr'><strong>ponentium</strong></span> <span class='ocrx_word' id='word_1_224' title='bbox 783 1729 1174 1800; x_wconf 79' lang='lat' dir='ltr'><strong>expositionem</strong></span> <span class='ocrx_word' id='word_1_225' title='bbox 1203 1745 1217 1781; x_wconf 90' lang='lat'><strong>:</strong></span> <span class='ocrx_word' id='word_1_226' title='bbox 1267 1737 1323 1782; x_wconf 91' lang='lat' dir='ltr'><strong>et</strong></span> <span class='ocrx_word' id='word_1_227' title='bbox 1371 1727 1436 1780; x_wconf 87' lang='lat' dir='ltr'><strong>ad</strong></span> <span class='ocrx_word' id='word_1_228' title='bbox 1485 1725 1698 1794; x_wconf 84' lang='lat' dir='ltr'><strong>singula</strong></span> <span class='ocrx_word' id='word_1_229' title='bbox 1727 1723 1897 1780; x_wconf 81' lang='lat' dir='ltr'><strong>redux</strong></span> <span class='ocrx_word' id='word_1_230' title='bbox 1926 1739 2016 1778; x_wconf 81' lang='lat' dir='ltr'><strong>re-</strong></span> 
     </span>
    </p>
   </div>
   <div class='ocr_carea' id='block_1_35' title="bbox 2131 1697 3716 1800">
    <p class='ocr_par' dir='ltr' id='par_1_35' title="bbox 2131 1697 3716 1797">
     <span class='ocr_line' id='line_1_35' title="bbox 2131 1697 3716 1797; baseline 0.004 -23"><span class='ocrx_word' id='word_1_231' title='bbox 2131 1697 2798 1794; x_wconf 40' lang='lat' dir='ltr'><strong>boeorou&#39;qséwwv&#39;ldyov</strong></span> <span class='ocrx_word' id='word_1_232' title='bbox 2831 1727 2930 1794; x_wconf 87' lang='grc' dir='ltr'>τῆς</span> <span class='ocrx_word' id='word_1_233' title='bbox 2963 1697 3240 1794; x_wconf 82' lang='grc' dir='ltr'>ἀληθείας.</span> <span class='ocrx_word' id='word_1_234' title='bbox 3279 1727 3389 1779; x_wconf 77' lang='grc' dir='ltr'><strong>Καὶ</strong></span> <span class='ocrx_word' id='word_1_235' title='bbox 3416 1697 3716 1797; x_wconf 70' lang='grc' dir='ltr'>ἀποκρίνε-</span> 
     </span>
    </p>
   </div>
   <div class='ocr_carea' id='block_1_36' title="bbox 438 1818 2012 1891">
    <p class='ocr_par' dir='ltr' id='par_1_36' title="bbox 438 1818 2012 1891">
     <span class='ocr_line' id='line_1_36' title="bbox 438 1818 2012 1891; baseline -0.004 -15"><span class='ocrx_word' id='word_1_236' title='bbox 438 1825 710 1891; x_wconf 82' lang='lat' dir='ltr'><strong>spondet;</strong></span> <span class='ocrx_word' id='word_1_237' title='bbox 777 1831 831 1876; x_wconf 89' lang='lat' dir='ltr'><strong>et</strong></span> <span class='ocrx_word' id='word_1_238' title='bbox 891 1821 1106 1876; x_wconf 90' lang='lat' dir='ltr'><strong>tandem</strong></span> <span class='ocrx_word' id='word_1_239' title='bbox 1173 1819 1336 1874; x_wconf 91' lang='lat' dir='ltr'><strong>tertio</strong></span> <span class='ocrx_word' id='word_1_240' title='bbox 1381 1818 1533 1874; x_wconf 89' lang='lat' dir='ltr'><strong>illum</strong></span> <span class='ocrx_word' id='word_1_241' title='bbox 1581 1819 1881 1884; x_wconf 80' lang='lat' dir='ltr'><strong>interrogat</strong></span> <span class='ocrx_word' id='word_1_242' title='bbox 1927 1830 2012 1870; x_wconf 82' lang='lat' dir='ltr'><strong>sa-</strong></span> 
     </span>
    </p>
   </div>
   <div class='ocr_carea' id='block_1_37' title="bbox 436 1897 1146 1982">
    <p class='ocr_par' dir='ltr' id='par_1_37' title="bbox 436 1915 1136 1982">
     <span class='ocr_line' id='line_1_37' title="bbox 436 1915 1136 1982; baseline 0.003 -14"><span class='ocrx_word' id='word_1_243' title='bbox 436 1915 632 1969; x_wconf 90' lang='lat' dir='ltr'><strong>cerdos</strong></span> <span class='ocrx_word' id='word_1_244' title='bbox 661 1933 674 1969; x_wconf 87' lang='lat'><strong>:</strong></span> <span class='ocrx_word' id='word_1_245' title='bbox 1128 1975 1136 1982; x_wconf 43' lang='grc'><em>,</em></span> 
     </span>
    </p>
   </div>
   <div class='ocr_carea' id='block_1_38' title="bbox 511 1999 2020 2060">
    <p class='ocr_par' dir='ltr' id='par_1_38' title="bbox 511 1999 2020 2060">
     <span class='ocr_line' id='line_1_38' title="bbox 511 1999 2020 2060; baseline -0.005 0"><span class='ocrx_word' id='word_1_246' title='bbox 511 2007 700 2060; x_wconf 76' lang='lat' dir='ltr'><strong>Credis</strong></span> <span class='ocrx_word' id='word_1_247' title='bbox 737 2004 788 2058; x_wconf 91' lang='lat' dir='ltr'><strong>iu</strong></span> <span class='ocrx_word' id='word_1_248' title='bbox 821 2013 1068 2059; x_wconf 88' lang='lat' dir='ltr'><strong>sanctam</strong></span> <span class='ocrx_word' id='word_1_249' title='bbox 1099 2001 1626 2058; x_wconf 83' lang='lat' dir='ltr'><strong>consubstantialem</strong></span> <span class='ocrx_word' id='word_1_250' title='bbox 1651 1999 2020 2054; x_wconf 83' lang='lat' dir='ltr'><strong>Trinitatem?</strong></span> 
     </span>
    </p>
   </div>
   <div class='ocr_carea' id='block_1_39' title="bbox 441 2093 2016 2164">
    <p class='ocr_par' dir='ltr' id='par_1_39' title="bbox 441 2093 2016 2164">
     <span class='ocr_line' id='line_1_39' title="bbox 441 2093 2016 2164; baseline -0.003 -14"><span class='ocrx_word' id='word_1_251' title='bbox 441 2095 506 2150; x_wconf 83' lang='grc' dir='ltr'>Ει</span> <span class='ocrx_word' id='word_1_252' title='bbox 547 2097 835 2164; x_wconf 66' lang='lat' dir='ltr'><strong>respondet</strong></span> <span class='ocrx_word' id='word_1_253' title='bbox 867 2113 881 2148; x_wconf 87' lang='lat'><strong>:</strong></span> <span class='ocrx_word' id='word_1_254' title='bbox 917 2093 1119 2150; x_wconf 81' lang='lat' dir='ltr'><strong>Credo.</strong></span> <span class='ocrx_word' id='word_1_255' title='bbox 1175 2094 1241 2147; x_wconf 86' lang='lat' dir='ltr'><strong>Et</strong></span> <span class='ocrx_word' id='word_1_256' title='bbox 1267 2093 1562 2149; x_wconf 89' lang='lat' dir='ltr'><strong>inclinante</strong></span> <span class='ocrx_word' id='word_1_257' title='bbox 1599 2102 1762 2161; x_wconf 84' lang='lat' dir='ltr'><strong>caput</strong></span> <span class='ocrx_word' id='word_1_258' title='bbox 1793 2093 2016 2153; x_wconf 89' lang='lat' dir='ltr'><strong>reduce,</strong></span> 
     </span>
    </p>
   </div>
   <div class='ocr_carea' id='block_1_40' title="bbox 439 2186 1239 2240">
    <p class='ocr_par' dir='ltr' id='par_1_40' title="bbox 439 2186 1239 2240">
     <span class='ocr_line' id='line_1_40' title="bbox 439 2186 1239 2240; baseline 0 -1"><span class='ocrx_word' id='word_1_259' title='bbox 439 2187 569 2239; x_wconf 73' lang='lat' dir='ltr'><strong>fat-it</strong></span> <span class='ocrx_word' id='word_1_260' title='bbox 601 2188 859 2240; x_wconf 75' lang='lat' dir='ltr'><strong>sacculos</strong></span> <span class='ocrx_word' id='word_1_261' title='bbox 887 2186 1189 2240; x_wconf 89' lang='lat' dir='ltr'><strong>orationem</strong></span> <span class='ocrx_word' id='word_1_262' title='bbox 1223 2202 1239 2239; x_wconf 89' lang='lat'><strong>:</strong></span> 
     </span>
    </p>
   </div>
   <div class='ocr_carea' id='block_1_41' title="bbox 511 2297 2018 2370">
    <p class='ocr_par' dir='ltr' id='par_1_41' title="bbox 511 2297 2018 2370">
     <span class='ocr_line' id='line_1_41' title="bbox 511 2297 2018 2370; baseline -0.002 -18"><span class='ocrx_word' id='word_1_263' title='bbox 511 2299 655 2354; x_wconf 87' lang='lat' dir='ltr'><strong>Deus</strong></span> <span class='ocrx_word' id='word_1_264' title='bbox 685 2298 938 2353; x_wconf 80' lang='lat' dir='ltr'><strong>Salvator</strong></span> <span class='ocrx_word' id='word_1_265' title='bbox 964 2310 1171 2366; x_wconf 84' lang='lat' dir='ltr'><strong>noster,</strong></span> <span class='ocrx_word' id='word_1_266' title='bbox 1207 2300 1297 2370; x_wconf 91' lang='lat' dir='ltr'><strong>qui</strong></span> <span class='ocrx_word' id='word_1_267' title='bbox 1357 2310 1586 2355; x_wconf 90' lang='lat' dir='ltr'><strong>cunctos</strong></span> <span class='ocrx_word' id='word_1_268' title='bbox 1621 2299 1868 2353; x_wconf 86' lang='lat' dir='ltr'><strong>homines</strong></span> <span class='ocrx_word' id='word_1_269' title='bbox 1905 2297 2018 2352; x_wconf 84' lang='lat' dir='ltr'><strong>sal-</strong></span> 
     </span>
    </p>
   </div>
   <div class='ocr_carea' id='block_1_42' title="bbox 442 2389 2020 2455">
    <p class='ocr_par' dir='ltr' id='par_1_42' title="bbox 442 2389 2020 2455">
     <span class='ocr_line' id='line_1_42' title="bbox 442 2389 2020 2455; baseline 0.001 -17"><span class='ocrx_word' id='word_1_270' title='bbox 442 2389 556 2438; x_wconf 86' lang='lat' dir='ltr'><strong>vari</strong></span> <span class='ocrx_word' id='word_1_271' title='bbox 589 2390 695 2448; x_wconf 77' lang='lat' dir='ltr'><strong>vis,</strong></span> <span class='ocrx_word' id='word_1_272' title='bbox 725 2397 779 2440; x_wconf 89' lang='lat' dir='ltr'><strong>et</strong></span> <span class='ocrx_word' id='word_1_273' title='bbox 820 2389 888 2440; x_wconf 90' lang='lat' dir='ltr'><strong>ad</strong></span> <span class='ocrx_word' id='word_1_274' title='bbox 936 2390 1308 2455; x_wconf 81' lang='lat' dir='ltr'><strong>cognitionem</strong></span> <span class='ocrx_word' id='word_1_275' title='bbox 1362 2390 1610 2443; x_wconf 81' lang='lat' dir='ltr'><strong>veritatis</strong></span> <span class='ocrx_word' id='word_1_276' title='bbox 1649 2390 1836 2442; x_wconf 82' lang='lat' dir='ltr'><strong>venire</strong></span> <span class='ocrx_word' id='word_1_277' title='bbox 1859 2407 1880 2451; x_wconf 51' lang='grc' dir='ltr'><strong>,ι</strong></span> <span class='ocrx_word' id='word_1_278' title='bbox 1924 2404 2020 2441; x_wconf 86' lang='lat' dir='ltr'><strong>su-</strong></span> 
     </span>
    </p>
   </div>
   <div class='ocr_carea' id='block_1_43' title="bbox 439 2479 2016 2548">
    <p class='ocr_par' dir='ltr' id='par_1_43' title="bbox 439 2479 2016 2548">
     <span class='ocr_line' id='line_1_43' title="bbox 439 2479 2016 2548; baseline 0.002 -18"><span class='ocrx_word' id='word_1_279' title='bbox 439 2479 590 2544; x_wconf 88' lang='lat' dir='ltr'><strong>scipe</strong></span> <span class='ocrx_word' id='word_1_280' title='bbox 619 2491 833 2530; x_wconf 86' lang='lat' dir='ltr'><strong>servum</strong></span> <span class='ocrx_word' id='word_1_281' title='bbox 863 2487 1014 2531; x_wconf 91' lang='lat' dir='ltr'><strong>tuum</strong></span> <span class='ocrx_word' id='word_1_282' title='bbox 1054 2495 1228 2547; x_wconf 83' lang='lat' dir='ltr'><strong>nuper</strong></span> <span class='ocrx_word' id='word_1_283' title='bbox 1254 2495 1319 2533; x_wconf 82' lang='lat' dir='ltr'><strong>ex</strong></span> <span class='ocrx_word' id='word_1_284' title='bbox 1355 2494 1544 2532; x_wconf 87' lang='lat' dir='ltr'><strong>errore</strong></span> <span class='ocrx_word' id='word_1_285' title='bbox 1579 2482 2016 2548; x_wconf 71' lang='lat' dir='ltr'><strong>resipisceuteiu,</strong></span> 
     </span>
    </p>
   </div>
   <div class='ocr_carea' id='block_1_44' title="bbox 440 2569 2014 2640">
    <p class='ocr_par' dir='ltr' id='par_1_44' title="bbox 440 2569 2014 2640">
     <span class='ocr_line' id='line_1_44' title="bbox 440 2569 2014 2640; baseline 0.002 -19"><span class='ocrx_word' id='word_1_286' title='bbox 440 2579 494 2621; x_wconf 90' lang='lat' dir='ltr'><strong>et</strong></span> <span class='ocrx_word' id='word_1_287' title='bbox 523 2570 588 2620; x_wconf 89' lang='lat' dir='ltr'><strong>ad</strong></span> <span class='ocrx_word' id='word_1_288' title='bbox 611 2569 939 2638; x_wconf 80' lang='lat' dir='ltr'><strong>agnitionem</strong></span> <span class='ocrx_word' id='word_1_289' title='bbox 967 2571 1216 2625; x_wconf 86' lang='lat' dir='ltr'><strong>veritatis</strong></span> <span class='ocrx_word' id='word_1_290' title='bbox 1233 2572 1495 2626; x_wconf 88' lang='lat' dir='ltr'><strong>accedere</strong></span> <span class='ocrx_word' id='word_1_291' title='bbox 1516 2573 2014 2640; x_wconf 65' lang='lat' dir='ltr'><strong>concupiscentem.</strong></span> 
     </span>
    </p>
   </div>
   <div class='ocr_carea' id='block_1_45' title="bbox 442 2659 2019 2731">
    <p class='ocr_par' dir='ltr' id='par_1_45' title="bbox 442 2659 2019 2731">
     <span class='ocr_line' id='line_1_45' title="bbox 442 2659 2019 2731; baseline 0.002 -18"><span class='ocrx_word' id='word_1_292' title='bbox 442 2659 521 2713; x_wconf 88' lang='lat' dir='ltr'><strong>Tu</strong></span> <span class='ocrx_word' id='word_1_293' title='bbox 552 2662 698 2716; x_wconf 88' lang='lat' dir='ltr'><strong>enim</strong></span> <span class='ocrx_word' id='word_1_294' title='bbox 729 2660 939 2728; x_wconf 81' lang='lat' dir='ltr'><strong>dixisti,</strong></span> <span class='ocrx_word' id='word_1_295' title='bbox 969 2661 1196 2718; x_wconf 85' lang='lat' dir='ltr'><strong>Domine</strong></span> <span class='ocrx_word' id='word_1_296' title='bbox 1233 2681 1246 2716; x_wconf 92' lang='lat'>:</span> <span class='ocrx_word' id='word_1_297' title='bbox 1286 2665 1435 2716; x_wconf 79' lang='lat' dir='ltr'><strong>Alias</strong></span> <span class='ocrx_word' id='word_1_298' title='bbox 1465 2679 1670 2731; x_wconf 85' lang='lat' dir='ltr'><strong>quoque</strong></span> <span class='ocrx_word' id='word_1_299' title='bbox 1702 2679 1819 2716; x_wconf 79' lang='lat' dir='ltr'><strong>oves</strong></span> <span class='ocrx_word' id='word_1_300' title='bbox 1855 2662 2019 2716; x_wconf 78' lang='lat' dir='ltr'><strong>habeo</strong></span> 
     </span>
    </p>
   </div>
   <div class='ocr_carea' id='block_1_46' title="bbox 439 2753 2020 2822">
    <p class='ocr_par' dir='ltr' id='par_1_46' title="bbox 439 2753 2020 2822">
     <span class='ocr_line' id='line_1_46' title="bbox 439 2753 2020 2822; baseline 0 -17"><span class='ocrx_word' id='word_1_301' title='bbox 439 2769 556 2822; x_wconf 72' lang='lat' dir='ltr'><strong>quo:</strong></span> <span class='ocrx_word' id='word_1_302' title='bbox 591 2769 691 2806; x_wconf 84' lang='lat' dir='ltr'><strong>non</strong></span> <span class='ocrx_word' id='word_1_303' title='bbox 726 2763 850 2806; x_wconf 79' lang='lat' dir='ltr'><strong>sunt</strong></span> <span class='ocrx_word' id='word_1_304' title='bbox 879 2769 944 2806; x_wconf 74' lang='lat' dir='ltr'><strong>ea:</strong></span> <span class='ocrx_word' id='word_1_305' title='bbox 977 2756 1074 2807; x_wconf 84' lang='lat' dir='ltr'><strong>hoc</strong></span> <span class='ocrx_word' id='word_1_306' title='bbox 1105 2755 1248 2816; x_wconf 83' lang='lat' dir='ltr'><strong>ovili,</strong></span> <span class='ocrx_word' id='word_1_307' title='bbox 1283 2768 1328 2807; x_wconf 82' lang='lat' dir='ltr'><strong>et</strong></span> <span class='ocrx_word' id='word_1_308' title='bbox 1357 2755 1477 2808; x_wconf 79' lang='lat' dir='ltr'><strong>illas</strong></span> <span class='ocrx_word' id='word_1_309' title='bbox 1505 2765 1704 2822; x_wconf 80' lang='lat' dir='ltr'><strong>Oportet</strong></span> <span class='ocrx_word' id='word_1_310' title='bbox 1743 2770 1821 2806; x_wconf 87' lang='lat' dir='ltr'><strong>me</strong></span> <span class='ocrx_word' id='word_1_311' title='bbox 1847 2753 2020 2806; x_wconf 84' lang='lat' dir='ltr'><strong>addu-</strong></span> 
     </span>
    </p>
   </div>
   <div class='ocr_carea' id='block_1_47' title="bbox 441 2845 2020 2915">
    <p class='ocr_par' dir='ltr' id='par_1_47' title="bbox 441 2845 2020 2915">
     <span class='ocr_line' id='line_1_47' title="bbox 441 2845 2020 2915; baseline 0.001 -20"><span class='ocrx_word' id='word_1_312' title='bbox 441 2858 554 2895; x_wconf 75' lang='lat' dir='ltr'><strong>cere</strong></span> <span class='ocrx_word' id='word_1_313' title='bbox 593 2859 612 2898; x_wconf 88' lang='lat'><strong><em>:</em></strong></span> <span class='ocrx_word' id='word_1_314' title='bbox 646 2852 693 2896; x_wconf 79' lang='lat' dir='ltr'><strong>et</strong></span> <span class='ocrx_word' id='word_1_315' title='bbox 725 2859 898 2897; x_wconf 78' lang='lat' dir='ltr'><strong>vocem</strong></span> <span class='ocrx_word' id='word_1_316' title='bbox 923 2861 1090 2898; x_wconf 85' lang='lat' dir='ltr'><strong>meam</strong></span> <span class='ocrx_word' id='word_1_317' title='bbox 1119 2846 1356 2908; x_wconf 80' lang='lat' dir='ltr'><strong>audient,</strong></span> <span class='ocrx_word' id='word_1_318' title='bbox 1400 2858 1447 2899; x_wconf 82' lang='lat' dir='ltr'><strong>et</strong></span> <span class='ocrx_word' id='word_1_319' title='bbox 1479 2847 1567 2915; x_wconf 78' lang='lat' dir='ltr'><strong>ﬁet</strong></span> <span class='ocrx_word' id='word_1_320' title='bbox 1591 2863 1750 2898; x_wconf 84' lang='lat' dir='ltr'><strong>unum</strong></span> <span class='ocrx_word' id='word_1_321' title='bbox 1782 2845 1935 2910; x_wconf 79' lang='lat' dir='ltr'><strong>ovile,</strong></span> <span class='ocrx_word' id='word_1_322' title='bbox 1971 2852 2020 2897; x_wconf 76' lang='lat' dir='ltr'><strong>et</strong></span> 
     </span>
    </p>
   </div>
   <div class='ocr_carea' id='block_1_48' title="bbox 441 2933 2019 3005">
    <p class='ocr_par' dir='ltr' id='par_1_48' title="bbox 441 2933 2019 3005">
     <span class='ocr_line' id='line_1_48' title="bbox 441 2933 2019 3005; baseline 0.002 -18"><span class='ocrx_word' id='word_1_323' title='bbox 441 2950 578 2987; x_wconf 71' lang='lat' dir='ltr'><strong>unus</strong></span> <span class='ocrx_word' id='word_1_324' title='bbox 607 2945 789 3004; x_wconf 80' lang='lat' dir='ltr'><strong>pastor</strong></span> <span class='ocrx_word' id='word_1_325' title='bbox 813 2934 852 2986; x_wconf 76' lang='grc' dir='ltr'><strong>ί.</strong></span> <span class='ocrx_word' id='word_1_326' title='bbox 879 2933 1048 2990; x_wconf 83' lang='lat' dir='ltr'><strong>Pasce</strong></span> <span class='ocrx_word' id='word_1_327' title='bbox 1100 2937 1284 3005; x_wconf 83' lang='lat' dir='ltr'><strong>itaque</strong></span> <span class='ocrx_word' id='word_1_328' title='bbox 1325 2938 1473 2990; x_wconf 92' lang='lat' dir='ltr'><strong>illum</strong></span> <span class='ocrx_word' id='word_1_329' title='bbox 1511 2938 1561 2990; x_wconf 93' lang='lat' dir='ltr'><strong>iu</strong></span> <span class='ocrx_word' id='word_1_330' title='bbox 1594 2937 1714 2989; x_wconf 87' lang='lat' dir='ltr'><strong>lidei</strong></span> <span class='ocrx_word' id='word_1_331' title='bbox 1745 2952 1931 2998; x_wconf 83' lang='lat' dir='ltr'><strong>sensu,</strong></span> <span class='ocrx_word' id='word_1_332' title='bbox 1967 2936 2019 2990; x_wconf 92' lang='lat' dir='ltr'><strong>iu</strong></span> 
     </span>
    </p>
   </div>
   <div class='ocr_carea' id='block_1_49' title="bbox 2117 1814 3713 1893">
    <p class='ocr_par' dir='ltr' id='par_1_49' title="bbox 2117 1814 3713 1893">
     <span class='ocr_line' id='line_1_49' title="bbox 2117 1814 3713 1893; baseline 0.004 -26"><span class='ocrx_word' id='word_1_333' title='bbox 2117 1831 2208 1868; x_wconf 89' lang='grc' dir='ltr'><strong>ται</strong></span> <span class='ocrx_word' id='word_1_334' title='bbox 2221 1815 2361 1884; x_wconf 84' lang='grc' dir='ltr'>πρὸς</span> <span class='ocrx_word' id='word_1_335' title='bbox 2376 1814 2584 1868; x_wconf 75' lang='grc' dir='ltr'>ἕκαστα</span> <span class='ocrx_word' id='word_1_336' title='bbox 2603 1817 2631 1868; x_wconf 99' lang='lat'><strong>6</strong></span> <span class='ocrx_word' id='word_1_337' title='bbox 2649 1815 3070 1887; x_wconf 73' lang='grc' dir='ltr'>μετερχόμενοςο</span> <span class='ocrx_word' id='word_1_338' title='bbox 3087 1817 3180 1870; x_wconf 73' lang='grc' dir='ltr'>καὶ</span> <span class='ocrx_word' id='word_1_339' title='bbox 3197 1815 3387 1871; x_wconf 67' lang='grc' dir='ltr'>λοιπὸν</span> <span class='ocrx_word' id='word_1_340' title='bbox 3402 1819 3586 1890; x_wconf 77' lang='grc' dir='ltr'>ἐρωτᾷ</span> <span class='ocrx_word' id='word_1_341' title='bbox 3599 1821 3656 1889; x_wconf 79' lang='lat'><strong>(3</strong></span> <span class='ocrx_word' id='word_1_342' title='bbox 3669 1820 3713 1893; x_wconf 73' lang='grc' dir='ltr'>ί)</span> 
     </span>
    </p>
   </div>
   <div class='ocr_carea' id='block_1_50' title="bbox 2119 1903 2833 1978">
    <p class='ocr_par' dir='ltr' id='par_1_50' title="bbox 2119 1903 2833 1978">
     <span class='ocr_line' id='line_1_50' title="bbox 2119 1903 2833 1978; baseline -0.001 -16"><span class='ocrx_word' id='word_1_343' title='bbox 2119 1908 2282 1962; x_wconf 79' lang='grc' dir='ltr'>αὑτὸν</span> <span class='ocrx_word' id='word_1_344' title='bbox 2305 1908 2490 1978; x_wconf 87' lang='grc' dir='ltr'>τρίτον</span> <span class='ocrx_word' id='word_1_345' title='bbox 2512 1909 2541 1960; x_wconf 88' lang='lat'><strong>6</strong></span> <span class='ocrx_word' id='word_1_346' title='bbox 2585 1907 2786 1978; x_wconf 81' lang='grc' dir='ltr'>ἱερεύς·</span> <span class='ocrx_word' id='word_1_347' title='bbox 2825 1903 2833 1911; x_wconf 62' lang='grc'><strong><em>’</em></strong></span> 
     </span>
    </p>
   </div>
   <div class='ocr_carea' id='block_1_51' title="bbox 2192 1999 3715 2072">
    <p class='ocr_par' dir='ltr' id='par_1_51' title="bbox 2192 1999 3715 2072">
     <span class='ocr_line' id='line_1_51' title="bbox 2192 1999 3715 2072; baseline 0.001 -20"><span class='ocrx_word' id='word_1_348' title='bbox 2192 1999 2478 2064; x_wconf 83' lang='grc' dir='ltr'>Πιστεύεις</span> <span class='ocrx_word' id='word_1_349' title='bbox 2529 2001 2609 2064; x_wconf 82' lang='grc' dir='ltr'>εἰς</span> <span class='ocrx_word' id='word_1_350' title='bbox 2638 2001 2740 2069; x_wconf 80' lang='grc' dir='ltr'>τὴν</span> <span class='ocrx_word' id='word_1_351' title='bbox 2787 2001 2950 2068; x_wconf 81' lang='grc' dir='ltr'>ἁγίαν</span> <span class='ocrx_word' id='word_1_352' title='bbox 2983 1999 3274 2070; x_wconf 87' lang='grc' dir='ltr'>όμοούσιον</span> <span class='ocrx_word' id='word_1_353' title='bbox 3307 2001 3549 2072; x_wconf 88' lang='grc' dir='ltr'>Τριάδα;</span> <span class='ocrx_word' id='word_1_354' title='bbox 3608 2003 3715 2055; x_wconf 75' lang='grc' dir='ltr'>Καὶ</span> 
     </span>
    </p>
   </div>
   <div class='ocr_carea' id='block_1_52' title="bbox 2119 2090 3714 2164">
    <p class='ocr_par' dir='ltr' id='par_1_52' title="bbox 2119 2090 3714 2164">
     <span class='ocr_line' id='line_1_52' title="bbox 2119 2090 3714 2164; baseline 0.001 -19"><span class='ocrx_word' id='word_1_355' title='bbox 2119 2092 2472 2162; x_wconf 83' lang='grc' dir='ltr'>ἀποκρίνεται</span> <span class='ocrx_word' id='word_1_356' title='bbox 2489 2091 2625 2164; x_wconf 72' lang='grc'><strong>(³55)*</strong></span> <span class='ocrx_word' id='word_1_357' title='bbox 2648 2091 2917 2144; x_wconf 79' lang='grc' dir='ltr'><strong>Πιστεύω.</strong></span> <span class='ocrx_word' id='word_1_358' title='bbox 2939 2093 3047 2143; x_wconf 83' lang='grc' dir='ltr'><strong>Καὶ</strong></span> <span class='ocrx_word' id='word_1_359' title='bbox 3067 2090 3444 2157; x_wconf 79' lang='grc' dir='ltr'>ἐπικλίναντος</span> <span class='ocrx_word' id='word_1_360' title='bbox 3465 2093 3558 2146; x_wconf 84' lang='grc' dir='ltr'><strong>τοῦ</strong></span> <span class='ocrx_word' id='word_1_361' title='bbox 3583 2109 3714 2163; x_wconf 79' lang='grc' dir='ltr'>μετ·</span> 
     </span>
    </p>
   </div>
   <div class='ocr_carea' id='block_1_53' title="bbox 2121 2182 3540 2256">
    <p class='ocr_par' dir='ltr' id='par_1_53' title="bbox 2121 2182 3540 2256">
     <span class='ocr_line' id='line_1_53' title="bbox 2121 2182 3540 2256; baseline 0.002 -22"><span class='ocrx_word' id='word_1_362' title='bbox 2121 2182 2419 2254; x_wconf 83' lang='grc' dir='ltr'>ερχομένου</span> <span class='ocrx_word' id='word_1_363' title='bbox 2451 2184 2550 2254; x_wconf 80' lang='grc' dir='ltr'>τὴν</span> <span class='ocrx_word' id='word_1_364' title='bbox 2584 2183 2827 2254; x_wconf 78' lang='grc' dir='ltr'>κεφαλὴν</span> <span class='ocrx_word' id='word_1_365' title='bbox 2847 2223 2862 2247; x_wconf 98' lang='grc'><strong>,</strong></span> <span class='ocrx_word' id='word_1_366' title='bbox 2893 2185 3041 2236; x_wconf 84' lang='grc' dir='ltr'>ποιεῖ</span> <span class='ocrx_word' id='word_1_367' title='bbox 3067 2186 3094 2237; x_wconf 98' lang='lat'><strong>6</strong></span> <span class='ocrx_word' id='word_1_368' title='bbox 3143 2185 3320 2256; x_wconf 74' lang='grc' dir='ltr'>ἱερεὺς</span> <span class='ocrx_word' id='word_1_369' title='bbox 3351 2185 3540 2256; x_wconf 70' lang='grc' dir='ltr'>εὐχήν·</span> 
     </span>
    </p>
   </div>
   <div class='ocr_carea' id='block_1_54' title="bbox 2202 2297 3718 2370">
    <p class='ocr_par' dir='ltr' id='par_1_54' title="bbox 2202 2297 3718 2370">
     <span class='ocr_line' id='line_1_54' title="bbox 2202 2297 3718 2370; baseline 0.004 -20"><span class='ocrx_word' id='word_1_370' title='bbox 2202 2297 2262 2350; x_wconf 87' lang='lat'><strong>&#39;0</strong></span> <span class='ocrx_word' id='word_1_371' title='bbox 2319 2297 2453 2360; x_wconf 70' lang='grc' dir='ltr'>Θεὸς</span> <span class='ocrx_word' id='word_1_372' title='bbox 2490 2299 2518 2351; x_wconf 91' lang='lat'><strong>6</strong></span> <span class='ocrx_word' id='word_1_373' title='bbox 2562 2299 2754 2369; x_wconf 79' lang='grc' dir='ltr'>Σωτὴρ</span> <span class='ocrx_word' id='word_1_374' title='bbox 2801 2298 2990 2368; x_wconf 86' lang='grc' dir='ltr'>ἡμῶν,</span> <span class='ocrx_word' id='word_1_375' title='bbox 3046 2300 3074 2352; x_wconf 94' lang='lat'><strong>6</strong></span> <span class='ocrx_word' id='word_1_376' title='bbox 3115 2299 3442 2370; x_wconf 83' lang='grc' dir='ltr'>βουλόμενος</span> <span class='ocrx_word' id='word_1_377' title='bbox 3504 2303 3718 2366; x_wconf 80' lang='grc' dir='ltr'>πάντας</span> 
     </span>
    </p>
   </div>
   <div class='ocr_carea' id='block_1_55' title="bbox 2120 2386 3718 2463">
    <p class='ocr_par' dir='ltr' id='par_1_55' title="bbox 2120 2386 3718 2463">
     <span class='ocr_line' id='line_1_55' title="bbox 2120 2386 3718 2463; baseline 0.007 -25"><span class='ocrx_word' id='word_1_378' title='bbox 2120 2386 2447 2458; x_wconf 83' lang='grc' dir='ltr'>ἀνθρώπους</span> <span class='ocrx_word' id='word_1_379' title='bbox 2491 2387 2755 2458; x_wconf 84' lang='grc' dir='ltr'>σωθῆναι,</span> <span class='ocrx_word' id='word_1_380' title='bbox 2810 2389 2914 2442; x_wconf 73' lang='grc' dir='ltr'>καὶ</span> <span class='ocrx_word' id='word_1_381' title='bbox 2956 2391 3038 2452; x_wconf 87' lang='grc' dir='ltr'><strong>είς</strong></span> <span class='ocrx_word' id='word_1_382' title='bbox 3087 2390 3390 2458; x_wconf 81' lang='grc' dir='ltr'>ἐπίγνωσιν</span> <span class='ocrx_word' id='word_1_383' title='bbox 3454 2391 3718 2463; x_wconf 79' lang='grc' dir='ltr'>ἀληθείας</span> 
     </span>
    </p>
   </div>
   <div class='ocr_carea' id='block_1_56' title="bbox 2122 2478 3720 2554">
    <p class='ocr_par' dir='ltr' id='par_1_56' title="bbox 2122 2478 3720 2554">
     <span class='ocr_line' id='line_1_56' title="bbox 2122 2478 3720 2554; baseline 0.002 -23"><span class='ocrx_word' id='word_1_384' title='bbox 2122 2478 2316 2545; x_wconf 80' lang='grc' dir='ltr'>ἐλθεῖν,</span> <span class='ocrx_word' id='word_1_385' title='bbox 2360 2479 2652 2550; x_wconf 85' lang='grc' dir='ltr'>πρόσδεξαι</span> <span class='ocrx_word' id='word_1_386' title='bbox 2688 2481 2780 2533; x_wconf 81' lang='grc' dir='ltr'>τὸν</span> <span class='ocrx_word' id='word_1_387' title='bbox 2831 2480 3016 2535; x_wconf 88' lang='grc' dir='ltr'>δοῦλόν</span> <span class='ocrx_word' id='word_1_388' title='bbox 3049 2497 3141 2534; x_wconf 94' lang='grc' dir='ltr'><strong>σου</strong></span> <span class='ocrx_word' id='word_1_389' title='bbox 3229 2483 3400 2543; x_wconf 86' lang='grc' dir='ltr'>τόνδε,</span> <span class='ocrx_word' id='word_1_390' title='bbox 3435 2482 3524 2536; x_wconf 72' lang='grc' dir='ltr'><strong>τὸν</strong></span> <span class='ocrx_word' id='word_1_391' title='bbox 3561 2485 3720 2554; x_wconf 77' lang='grc' dir='ltr'>μόλις</span> 
     </span>
    </p>
   </div>
   <div class='ocr_carea' id='block_1_57' title="bbox 2121 2571 3714 2646">
    <p class='ocr_par' dir='ltr' id='par_1_57' title="bbox 2121 2571 3714 2646">
     <span class='ocr_line' id='line_1_57' title="bbox 2121 2571 3714 2646; baseline 0.003 -22"><span class='ocrx_word' id='word_1_392' title='bbox 2121 2572 2475 2643; x_wconf 79' lang='grc' dir='ltr'>ἀνανήψαντα</span> <span class='ocrx_word' id='word_1_393' title='bbox 2503 2573 2568 2624; x_wconf 88' lang='grc' dir='ltr'><strong>ἐκ</strong></span> <span class='ocrx_word' id='word_1_394' title='bbox 2614 2572 2715 2642; x_wconf 80' lang='grc' dir='ltr'>τῆς</span> <span class='ocrx_word' id='word_1_395' title='bbox 2769 2571 3005 2642; x_wconf 81' lang='grc' dir='ltr'>πλάνης,</span> <span class='ocrx_word' id='word_1_396' title='bbox 3035 2575 3131 2626; x_wconf 82' lang='grc' dir='ltr'>καὶ</span> <span class='ocrx_word' id='word_1_397' title='bbox 3177 2573 3599 2646; x_wconf 74' lang='grc' dir='ltr'>ἐπιποθήσαντα</span> <span class='ocrx_word' id='word_1_398' title='bbox 3629 2577 3714 2638; x_wconf 88' lang='grc' dir='ltr'><strong>εἰς</strong></span> 
     </span>
    </p>
   </div>
   <div class='ocr_carea' id='block_1_58' title="bbox 2121 2661 3716 2738">
    <p class='ocr_par' dir='ltr' id='par_1_58' title="bbox 2121 2661 3716 2738">
     <span class='ocr_line' id='line_1_58' title="bbox 2121 2661 3716 2738; baseline 0.003 -24"><span class='ocrx_word' id='word_1_399' title='bbox 2121 2661 2218 2731; x_wconf 82' lang='grc' dir='ltr'>τὴν</span> <span class='ocrx_word' id='word_1_400' title='bbox 2243 2663 2544 2729; x_wconf 86' lang='grc' dir='ltr'>ἐπίγνωσιν</span> <span class='ocrx_word' id='word_1_401' title='bbox 2567 2663 2745 2718; x_wconf 87' lang='grc' dir='ltr'>ἐλθεῖν</span> <span class='ocrx_word' id='word_1_402' title='bbox 2779 2664 2878 2733; x_wconf 82' lang='grc' dir='ltr'>τῆς</span> <span class='ocrx_word' id='word_1_403' title='bbox 2918 2663 3178 2732; x_wconf 83' lang='grc' dir='ltr'>ἀληθείας</span> <span class='ocrx_word' id='word_1_404' title='bbox 3199 2679 3214 2693; x_wconf 77' lang='grc'><strong><em>⁸</em></strong></span> <span class='ocrx_word' id='word_1_405' title='bbox 3247 2665 3313 2718; x_wconf 81' lang='grc' dir='ltr'>σὺ</span> <span class='ocrx_word' id='word_1_406' title='bbox 3353 2666 3465 2738; x_wconf 73' lang='grc' dir='ltr'>γὰρ</span> <span class='ocrx_word' id='word_1_407' title='bbox 3501 2663 3667 2732; x_wconf 70' lang='grc' dir='ltr'>εἴπας</span> <span class='ocrx_word' id='word_1_408' title='bbox 3701 2707 3716 2732; x_wconf 90' lang='grc'><strong>,</strong></span> 
     </span>
    </p>
   </div>
   <div class='ocr_carea' id='block_1_59' title="bbox 2121 2751 3720 2822">
    <p class='ocr_par' dir='ltr' id='par_1_59' title="bbox 2121 2751 3720 2822">
     <span class='ocr_line' id='line_1_59' title="bbox 2121 2751 3720 2822; baseline 0.004 -20"><span class='ocrx_word' id='word_1_409' title='bbox 2121 2752 2317 2820; x_wconf 84' lang='grc' dir='ltr'>Κύριε,</span> <span class='ocrx_word' id='word_1_410' title='bbox 2358 2751 2468 2805; x_wconf 77' lang='lat' dir='ltr'><strong>Kal</strong></span> <span class='ocrx_word' id='word_1_411' title='bbox 2527 2751 2688 2806; x_wconf 66' lang='grc' dir='ltr'><em>ἄλλα</em></span> <span class='ocrx_word' id='word_1_412' title='bbox 2733 2754 2997 2821; x_wconf 79' lang='grc' dir='ltr'>πρόϐατα</span> <span class='ocrx_word' id='word_1_413' title='bbox 3044 2753 3182 2822; x_wconf 79' lang='grc' dir='ltr'>ἔχω,</span> <span class='ocrx_word' id='word_1_414' title='bbox 3220 2753 3259 2807; x_wconf 85' lang='lat' dir='ltr'><strong>d</strong></span> <span class='ocrx_word' id='word_1_415' title='bbox 3291 2755 3403 2808; x_wconf 84' lang='grc' dir='ltr'>οὐκ</span> <span class='ocrx_word' id='word_1_416' title='bbox 3449 2755 3622 2808; x_wconf 81' lang='grc' dir='ltr'>ἐστιν</span> <span class='ocrx_word' id='word_1_417' title='bbox 3647 2755 3720 2810; x_wconf 74' lang='grc' dir='ltr'>ἐκ</span> 
     </span>
    </p>
   </div>
   <div class='ocr_carea' id='block_1_60' title="bbox 2121 2840 3718 2912">
    <p class='ocr_par' dir='ltr' id='par_1_60' title="bbox 2121 2840 3718 2912">
     <span class='ocr_line' id='line_1_60' title="bbox 2121 2840 3718 2912; baseline 0.003 -19"><span class='ocrx_word' id='word_1_418' title='bbox 2121 2840 2234 2908; x_wconf 81' lang='grc' dir='ltr'>τῆς</span> <span class='ocrx_word' id='word_1_419' title='bbox 2255 2841 2454 2910; x_wconf 74' lang='grc' dir='ltr'>αὐλῆς</span> <span class='ocrx_word' id='word_1_420' title='bbox 2487 2843 2728 2909; x_wconf 78' lang='grc' dir='ltr'>ταύτης,</span> <span class='ocrx_word' id='word_1_421' title='bbox 2756 2841 3012 2897; x_wconf 79' lang='grc' dir='ltr'>κάκεῖνὰ</span> <span class='ocrx_word' id='word_1_422' title='bbox 3026 2859 3105 2912; x_wconf 80' lang='grc' dir='ltr'><strong>με</strong></span> <span class='ocrx_word' id='word_1_423' title='bbox 3126 2842 3224 2896; x_wconf 77' lang='grc' dir='ltr'>δεῖ</span> <span class='ocrx_word' id='word_1_424' title='bbox 3247 2842 3441 2912; x_wconf 77' lang='grc' dir='ltr'>ἄγειν,</span> <span class='ocrx_word' id='word_1_425' title='bbox 3475 2845 3577 2898; x_wconf 78' lang='grc' dir='ltr'><strong>καί</strong></span> <span class='ocrx_word' id='word_1_426' title='bbox 3605 2843 3718 2910; x_wconf 79' lang='grc' dir='ltr'>τῆς</span> 
     </span>
    </p>
   </div>
   <div class='ocr_carea' id='block_1_61' title="bbox 2122 2933 3714 3003">
    <p class='ocr_par' dir='ltr' id='par_1_61' title="bbox 2122 2933 3714 3003">
     <span class='ocr_line' id='line_1_61' title="bbox 2122 2933 3714 3003; baseline 0.002 -19"><span class='ocrx_word' id='word_1_427' title='bbox 2122 2933 2328 3001; x_wconf 74' lang='grc' dir='ltr'>φωνῆς</span> <span class='ocrx_word' id='word_1_428' title='bbox 2342 2952 2462 3002; x_wconf 85' lang='grc' dir='ltr'><strong>μου</strong></span> <span class='ocrx_word' id='word_1_429' title='bbox 2483 2933 2843 3000; x_wconf 73' lang='grc' dir='ltr'>ἀκούσουσι,</span> <span class='ocrx_word' id='word_1_430' title='bbox 2879 2935 2977 2987; x_wconf 75' lang='grc' dir='ltr'>καὶ</span> <span class='ocrx_word' id='word_1_431' title='bbox 3001 2933 3320 3002; x_wconf 73' lang='grc' dir='ltr'>γενήσεται</span> <span class='ocrx_word' id='word_1_432' title='bbox 3335 2934 3444 3003; x_wconf 80' lang='grc' dir='ltr'><strong>μία</strong></span> <span class='ocrx_word' id='word_1_433' title='bbox 3465 2935 3714 3003; x_wconf 73' lang='grc' dir='ltr'>ποίμνη,</span> 
     </span>
    </p>
   </div>
   <div class='ocr_carea' id='block_1_62' title="bbox 441 3020 2016 3096">
    <p class='ocr_par' dir='ltr' id='par_1_62' title="bbox 441 3027 2009 3096">
     <span class='ocr_line' id='line_1_62' title="bbox 441 3027 2009 3096; baseline 0.002 -19"><span class='ocrx_word' id='word_1_434' title='bbox 441 3027 771 3094; x_wconf 79' lang='lat' dir='ltr'><strong>agnitionem</strong></span> <span class='ocrx_word' id='word_1_435' title='bbox 828 3028 1099 3092; x_wconf 87' lang='lat' dir='ltr'><strong>veritatis,</strong></span> <span class='ocrx_word' id='word_1_436' title='bbox 1145 3027 1302 3096; x_wconf 80' lang='lat' dir='ltr'><strong>juxta</strong></span> <span class='ocrx_word' id='word_1_437' title='bbox 1357 3039 1674 3083; x_wconf 87' lang='lat' dir='ltr'><strong>sanctorum</strong></span> <span class='ocrx_word' id='word_1_438' title='bbox 1731 3037 1948 3080; x_wconf 89' lang='lat' dir='ltr'><strong>tuorum</strong></span> <span class='ocrx_word' id='word_1_439' title='bbox 1980 3043 2009 3080; x_wconf 73' lang='grc' dir='ltr'>ε·</span> 
     </span>
    </p>
   </div>
   <div class='ocr_carea' id='block_1_63' title="bbox 2131 3020 3716 3096">
    <p class='ocr_par' dir='ltr' id='par_1_63' title="bbox 2137 3020 3716 3096">
     <span class='ocr_line' id='line_1_63' title="bbox 2137 3020 3716 3096; baseline 0.001 -18"><span class='ocrx_word' id='word_1_440' title='bbox 2137 3027 2235 3078; x_wconf 76' lang='grc' dir='ltr'>καὶ</span> <span class='ocrx_word' id='word_1_441' title='bbox 2269 3020 2356 3091; x_wconf 79' lang='grc' dir='ltr'>εἷς</span> <span class='ocrx_word' id='word_1_442' title='bbox 2381 3023 2626 3094; x_wconf 76' lang='grc' dir='ltr'>ποιμήν.</span> <span class='ocrx_word' id='word_1_443' title='bbox 2658 3025 2932 3093; x_wconf 87' lang='grc' dir='ltr'>Ποίμανον</span> <span class='ocrx_word' id='word_1_444' title='bbox 2976 3026 3162 3078; x_wconf 86' lang='grc' dir='ltr'>τοίνυν</span> <span class='ocrx_word' id='word_1_445' title='bbox 3195 3025 3356 3078; x_wconf 76' lang='grc' dir='ltr'>αὐτὸν</span> <span class='ocrx_word' id='word_1_446' title='bbox 3389 3027 3554 3096; x_wconf 51' lang='lat' dir='ltr'><strong>sva-ﬁ</strong></span> <span class='ocrx_word' id='word_1_447' title='bbox 3587 3025 3716 3096; x_wconf 76' lang='grc' dir='ltr'>δόξῃ</span> 
     </span>
    </p>
   </div>
   <div class='ocr_carea' id='block_1_64' title="bbox 441 3117 2020 3188">
    <p class='ocr_par' dir='ltr' id='par_1_64' title="bbox 441 3117 2020 3188">
     <span class='ocr_line' id='line_1_64' title="bbox 441 3117 2020 3188; baseline 0 -20"><span class='ocrx_word' id='word_1_448' title='bbox 441 3117 802 3186; x_wconf 87' lang='lat' dir='ltr'><strong>gloriosorum</strong></span> <span class='ocrx_word' id='word_1_449' title='bbox 829 3119 1201 3186; x_wconf 85' lang='lat' dir='ltr'><strong>apostolorum</strong></span> <span class='ocrx_word' id='word_1_450' title='bbox 1228 3120 1647 3188; x_wconf 77' lang='lat' dir='ltr'><strong>expositionem,</strong></span> <span class='ocrx_word' id='word_1_451' title='bbox 1681 3130 1734 3171; x_wconf 91' lang='lat' dir='ltr'><strong>et</strong></span> <span class='ocrx_word' id='word_1_452' title='bbox 1766 3118 2020 3186; x_wconf 76' lang='lat' dir='ltr'><strong>signacu-</strong></span> 
     </span>
    </p>
   </div>
   <div class='ocr_carea' id='block_1_65' title="bbox 440 3207 2020 3281">
    <p class='ocr_par' dir='ltr' id='par_1_65' title="bbox 440 3207 2020 3281">
     <span class='ocr_line' id='line_1_65' title="bbox 440 3207 2020 3281; baseline -0.001 -19"><span class='ocrx_word' id='word_1_453' title='bbox 440 3207 552 3262; x_wconf 90' lang='lat' dir='ltr'><strong>lum</strong></span> <span class='ocrx_word' id='word_1_454' title='bbox 577 3209 752 3262; x_wconf 82' lang='lat' dir='ltr'><strong>sancti</strong></span> <span class='ocrx_word' id='word_1_455' title='bbox 788 3209 861 3264; x_wconf 91' lang='lat' dir='ltr'><strong>tui</strong></span> <span class='ocrx_word' id='word_1_456' title='bbox 899 3211 1180 3281; x_wconf 80' lang='lat' dir='ltr'><strong>unguenti,</strong></span> <span class='ocrx_word' id='word_1_457' title='bbox 1229 3221 1284 3264; x_wconf 88' lang='lat' dir='ltr'><strong>et</strong></span> <span class='ocrx_word' id='word_1_458' title='bbox 1331 3211 1560 3281; x_wconf 87' lang='lat' dir='ltr'><strong>pretiosi</strong></span> <span class='ocrx_word' id='word_1_459' title='bbox 1586 3215 1661 3262; x_wconf 90' lang='lat' dir='ltr'><strong>tui</strong></span> <span class='ocrx_word' id='word_1_460' title='bbox 1691 3209 1940 3278; x_wconf 88' lang='lat' dir='ltr'><strong>corporis</strong></span> <span class='ocrx_word' id='word_1_461' title='bbox 1965 3218 2020 3262; x_wconf 88' lang='lat' dir='ltr'><strong>et</strong></span> 
     </span>
    </p>
   </div>
   <div class='ocr_carea' id='block_1_66' title="bbox 441 3300 2018 3372">
    <p class='ocr_par' dir='ltr' id='par_1_66' title="bbox 441 3300 2018 3372">
     <span class='ocr_line' id='line_1_66' title="bbox 441 3300 2018 3372; baseline -0.003 -16"><span class='ocrx_word' id='word_1_462' title='bbox 441 3300 724 3371; x_wconf 78' lang='lat' dir='ltr'><strong>sanguinis</strong></span> <span class='ocrx_word' id='word_1_463' title='bbox 748 3303 1115 3372; x_wconf 87' lang='lat' dir='ltr'><strong>sumptionem</strong></span> <span class='ocrx_word' id='word_1_464' title='bbox 1147 3302 1222 3356; x_wconf 91' lang='lat' dir='ltr'><strong>illi</strong></span> <span class='ocrx_word' id='word_1_465' title='bbox 1261 3303 1464 3372; x_wconf 76' lang='lat' dir='ltr'><strong>largire</strong></span> <span class='ocrx_word' id='word_1_466' title='bbox 1491 3321 1504 3356; x_wconf 89' lang='lat'><strong>:</strong></span> <span class='ocrx_word' id='word_1_467' title='bbox 1534 3301 1838 3369; x_wconf 81' lang='lat' dir='ltr'><strong>perfectum</strong></span> <span class='ocrx_word' id='word_1_468' title='bbox 1867 3311 2018 3353; x_wconf 85' lang='lat' dir='ltr'><strong>tuum</strong></span> 
     </span>
    </p>
   </div>
   <div class='ocr_carea' id='block_1_67' title="bbox 443 3394 2020 3464">
    <p class='ocr_par' dir='ltr' id='par_1_67' title="bbox 443 3394 2020 3464">
     <span class='ocr_line' id='line_1_67' title="bbox 443 3394 2020 3464; baseline -0.001 -16"><span class='ocrx_word' id='word_1_469' title='bbox 443 3407 661 3448; x_wconf 81' lang='lat' dir='ltr'><strong>servum</strong></span> <span class='ocrx_word' id='word_1_470' title='bbox 695 3395 858 3448; x_wconf 87' lang='lat' dir='ltr'><strong>redde</strong></span> <span class='ocrx_word' id='word_1_471' title='bbox 899 3395 1075 3459; x_wconf 93' lang='lat' dir='ltr'><strong>illum,</strong></span> <span class='ocrx_word' id='word_1_472' title='bbox 1106 3404 1165 3449; x_wconf 89' lang='lat' dir='ltr'><strong>ut</strong></span> <span class='ocrx_word' id='word_1_473' title='bbox 1200 3403 1254 3448; x_wconf 90' lang='lat' dir='ltr'><strong>et</strong></span> <span class='ocrx_word' id='word_1_474' title='bbox 1283 3395 1400 3464; x_wconf 87' lang='lat' dir='ltr'><strong>ipse</strong></span> <span class='ocrx_word' id='word_1_475' title='bbox 1447 3394 1573 3448; x_wconf 90' lang='lat' dir='ltr'><strong>ovili</strong></span> <span class='ocrx_word' id='word_1_476' title='bbox 1602 3405 1695 3448; x_wconf 88' lang='lat' dir='ltr'><strong>tuo</strong></span> <span class='ocrx_word' id='word_1_477' title='bbox 1729 3407 2020 3446; x_wconf 86' lang='lat' dir='ltr'><strong>connume-</strong></span> 
     </span>
    </p>
   </div>
   <div class='ocr_carea' id='block_1_68' title="bbox 441 3477 1910 3557">
    <p class='ocr_par' dir='ltr' id='par_1_68' title="bbox 441 3477 1910 3557">
     <span class='ocr_line' id='line_1_68' title="bbox 441 3477 1910 3557; baseline -0.002 -17"><span class='ocrx_word' id='word_1_478' title='bbox 441 3477 619 3552; x_wconf 71' lang='lat' dir='ltr'><strong>rettir,</strong></span> <span class='ocrx_word' id='word_1_479' title='bbox 659 3485 713 3541; x_wconf 88' lang='lat' dir='ltr'><strong>in</strong></span> <span class='ocrx_word' id='word_1_480' title='bbox 743 3487 976 3557; x_wconf 87' lang='lat' dir='ltr'><strong>gloriam</strong></span> <span class='ocrx_word' id='word_1_481' title='bbox 1005 3496 1060 3543; x_wconf 87' lang='lat' dir='ltr'><strong>et</strong></span> <span class='ocrx_word' id='word_1_482' title='bbox 1105 3487 1324 3542; x_wconf 88' lang='lat' dir='ltr'><strong>laudem</strong></span> <span class='ocrx_word' id='word_1_483' title='bbox 1363 3486 1757 3556; x_wconf 85' lang='lat' dir='ltr'><strong>magnitudinis</strong></span> <span class='ocrx_word' id='word_1_484' title='bbox 1789 3495 1910 3539; x_wconf 77' lang='lat' dir='ltr'><strong>hue.</strong></span> 
     </span>
    </p>
   </div>
   <div class='ocr_carea' id='block_1_69' title="bbox 514 3747 2018 3819">
    <p class='ocr_par' dir='ltr' id='par_1_69' title="bbox 514 3747 2018 3819">
     <span class='ocr_line' id='line_1_69' title="bbox 514 3747 2018 3819; baseline 0 -15"><span class='ocrx_word' id='word_1_485' title='bbox 514 3747 881 3804; x_wconf 81' lang='lat' dir='ltr'><strong>Exclamando</strong></span> <span class='ocrx_word' id='word_1_486' title='bbox 909 3767 922 3802; x_wconf 92' lang='lat'><strong>:</strong></span> <span class='ocrx_word' id='word_1_487' title='bbox 955 3747 1090 3816; x_wconf 84' lang='lat' dir='ltr'><strong>Quia</strong></span> <span class='ocrx_word' id='word_1_488' title='bbox 1133 3758 1282 3804; x_wconf 90' lang='lat' dir='ltr'><strong>tuum</strong></span> <span class='ocrx_word' id='word_1_489' title='bbox 1329 3758 1416 3804; x_wconf 87' lang='lat' dir='ltr'><strong>est</strong></span> <span class='ocrx_word' id='word_1_490' title='bbox 1454 3763 1701 3819; x_wconf 88' lang='lat' dir='ltr'><strong>regnum,</strong></span> <span class='ocrx_word' id='word_1_491' title='bbox 1739 3758 1793 3803; x_wconf 91' lang='lat' dir='ltr'><strong>et</strong></span> <span class='ocrx_word' id='word_1_492' title='bbox 1821 3750 2018 3815; x_wconf 84' lang='lat' dir='ltr'><strong>virtus,</strong></span> 
     </span>
    </p>
   </div>
   <div class='ocr_carea' id='block_1_70' title="bbox 443 3840 1056 3910">
    <p class='ocr_par' dir='ltr' id='par_1_70' title="bbox 443 3840 1056 3910">
     <span class='ocr_line' id='line_1_70' title="bbox 443 3840 1056 3910; baseline -0.002 -15"><span class='ocrx_word' id='word_1_493' title='bbox 443 3850 500 3896; x_wconf 83' lang='lat' dir='ltr'><strong>et</strong></span> <span class='ocrx_word' id='word_1_494' title='bbox 530 3840 700 3910; x_wconf 79' lang='lat' dir='ltr'><strong>gloria</strong></span> <span class='ocrx_word' id='word_1_495' title='bbox 730 3840 927 3902; x_wconf 81' lang='lat' dir='ltr'><strong>Patris,</strong></span> <span class='ocrx_word' id='word_1_496' title='bbox 947 3850 1056 3894; x_wconf 85' lang='lat' dir='ltr'><strong>etc.</strong></span> 
     </span>
    </p>
   </div>
   <div class='ocr_carea' id='block_1_71' title="bbox 515 3929 2010 4001">
    <p class='ocr_par' dir='ltr' id='par_1_71' title="bbox 515 3929 2010 4001">
     <span class='ocr_line' id='line_1_71' title="bbox 515 3929 2010 4001; baseline -0.001 -18"><span class='ocrx_word' id='word_1_497' title='bbox 515 3929 578 3984; x_wconf 87' lang='lat' dir='ltr'><strong>Et</strong></span> <span class='ocrx_word' id='word_1_498' title='bbox 617 3931 772 4001; x_wconf 84' lang='lat' dir='ltr'><strong>ungit</strong></span> <span class='ocrx_word' id='word_1_499' title='bbox 799 3946 924 3985; x_wconf 90' lang='lat' dir='ltr'><strong>eum</strong></span> <span class='ocrx_word' id='word_1_500' title='bbox 960 3930 1276 3992; x_wconf 87' lang='lat' dir='ltr'><strong>chrismate,</strong></span> <span class='ocrx_word' id='word_1_501' title='bbox 1310 3929 1450 3984; x_wconf 91' lang='lat' dir='ltr'><strong>sicut</strong></span> <span class='ocrx_word' id='word_1_502' title='bbox 1488 3941 1544 3983; x_wconf 91' lang='lat' dir='ltr'><strong>et</strong></span> <span class='ocrx_word' id='word_1_503' title='bbox 1581 3944 1773 3984; x_wconf 87' lang='lat' dir='ltr'><strong>recens</strong></span> <span class='ocrx_word' id='word_1_504' title='bbox 1807 3931 2010 3983; x_wconf 88' lang='lat' dir='ltr'><strong>illumi-</strong></span> 
     </span>
    </p>
   </div>
   <div class='ocr_carea' id='block_1_72' title="bbox 444 4021 2015 4091">
    <p class='ocr_par' dir='ltr' id='par_1_72' title="bbox 444 4021 2015 4091">
     <span class='ocr_line' id='line_1_72' title="bbox 444 4021 2015 4091; baseline 0.001 -15"><span class='ocrx_word' id='word_1_505' title='bbox 444 4033 621 4087; x_wconf 83' lang='lat' dir='ltr'><strong>natos,</strong></span> <span class='ocrx_word' id='word_1_506' title='bbox 661 4023 910 4076; x_wconf 87' lang='lat' dir='ltr'><strong>eamdem</strong></span> <span class='ocrx_word' id='word_1_507' title='bbox 943 4022 1376 4076; x_wconf 81' lang='lat' dir='ltr'><strong>enuntiationem</strong></span> <span class='ocrx_word' id='word_1_508' title='bbox 1413 4036 1578 4091; x_wconf 81' lang='lat' dir='ltr'><strong>super</strong></span> <span class='ocrx_word' id='word_1_509' title='bbox 1631 4023 1726 4075; x_wconf 88' lang='lat' dir='ltr'><strong>illo</strong></span> <span class='ocrx_word' id='word_1_510' title='bbox 1753 4021 1956 4076; x_wconf 81' lang='lat' dir='ltr'><strong>faciens</strong></span> <span class='ocrx_word' id='word_1_511' title='bbox 2001 4041 2015 4077; x_wconf 88' lang='lat'><strong>:</strong></span> 
     </span>
    </p>
   </div>
   <div class='ocr_carea' id='block_1_73' title="bbox 443 4115 1343 4184">
    <p class='ocr_par' dir='ltr' id='par_1_73' title="bbox 443 4115 1343 4184">
     <span class='ocr_line' id='line_1_73' title="bbox 443 4115 1343 4184; baseline 0.001 -16"><span class='ocrx_word' id='word_1_512' title='bbox 443 4125 498 4168; x_wconf 93' lang='lat' dir='ltr'><strong>ct</strong></span> <span class='ocrx_word' id='word_1_513' title='bbox 523 4123 645 4184; x_wconf 88' lang='lat' dir='ltr'><strong>post</strong></span> <span class='ocrx_word' id='word_1_514' title='bbox 672 4116 785 4168; x_wconf 62' lang='lat' dir='ltr'><strong>hate</strong></span> <span class='ocrx_word' id='word_1_515' title='bbox 822 4115 1020 4169; x_wconf 88' lang='lat' dir='ltr'><strong>iterum</strong></span> <span class='ocrx_word' id='word_1_516' title='bbox 1045 4123 1298 4182; x_wconf 89' lang='lat' dir='ltr'><strong>precatur</strong></span> <span class='ocrx_word' id='word_1_517' title='bbox 1328 4131 1343 4169; x_wconf 87' lang='lat'><strong>:</strong></span> 
     </span>
    </p>
   </div>
   <div class='ocr_carea' id='block_1_74' title="bbox 519 4228 2022 4300">
    <p class='ocr_par' dir='ltr' id='par_1_74' title="bbox 519 4228 2022 4300">
     <span class='ocr_line' id='line_1_74' title="bbox 519 4228 2022 4300; baseline 0.001 -17"><span class='ocrx_word' id='word_1_518' title='bbox 519 4229 745 4284; x_wconf 86' lang='lat' dir='ltr'><strong>Domine</strong></span> <span class='ocrx_word' id='word_1_519' title='bbox 783 4229 922 4284; x_wconf 87' lang='lat' dir='ltr'><strong>Deus</strong></span> <span class='ocrx_word' id='word_1_520' title='bbox 963 4240 1171 4296; x_wconf 88' lang='lat' dir='ltr'><strong>noster,</strong></span> <span class='ocrx_word' id='word_1_521' title='bbox 1221 4231 1310 4300; x_wconf 92' lang='lat' dir='ltr'><strong>qui</strong></span> <span class='ocrx_word' id='word_1_522' title='bbox 1349 4228 1647 4300; x_wconf 84' lang='lat' dir='ltr'><strong>perfectum</strong></span> <span class='ocrx_word' id='word_1_523' title='bbox 1707 4231 2022 4284; x_wconf 85' lang='lat' dir='ltr'><strong>renuntiare</strong></span> 
     </span>
    </p>
   </div>
   <div class='ocr_carea' id='block_1_75' title="bbox 445 4321 2018 4390">
    <p class='ocr_par' dir='ltr' id='par_1_75' title="bbox 445 4321 2018 4390">
     <span class='ocr_line' id='line_1_75' title="bbox 445 4321 2018 4390; baseline -0.003 -13"><span class='ocrx_word' id='word_1_524' title='bbox 445 4337 659 4377; x_wconf 88' lang='lat' dir='ltr'><strong>servum</strong></span> <span class='ocrx_word' id='word_1_525' title='bbox 691 4332 842 4375; x_wconf 89' lang='lat' dir='ltr'><strong>tuum</strong></span> <span class='ocrx_word' id='word_1_526' title='bbox 867 4321 934 4375; x_wconf 76' lang='grc' dir='ltr'>Ν.</span> <span class='ocrx_word' id='word_1_527' title='bbox 968 4337 1063 4390; x_wconf 91' lang='lat' dir='ltr'><strong>per</strong></span> <span class='ocrx_word' id='word_1_528' title='bbox 1097 4333 1300 4376; x_wconf 88' lang='lat' dir='ltr'><strong>rectam</strong></span> <span class='ocrx_word' id='word_1_529' title='bbox 1344 4323 1396 4375; x_wconf 92' lang='lat' dir='ltr'><strong>iu</strong></span> <span class='ocrx_word' id='word_1_530' title='bbox 1436 4331 1486 4374; x_wconf 89' lang='lat' dir='ltr'><strong>te</strong></span> <span class='ocrx_word' id='word_1_531' title='bbox 1521 4321 1702 4385; x_wconf 78' lang='lat' dir='ltr'><strong>ﬁdem,</strong></span> <span class='ocrx_word' id='word_1_532' title='bbox 1740 4331 1793 4374; x_wconf 88' lang='lat' dir='ltr'><strong>et</strong></span> <span class='ocrx_word' id='word_1_533' title='bbox 1843 4321 2018 4375; x_wconf 87' lang='lat' dir='ltr'><strong>sancti</strong></span> 
     </span>
    </p>
   </div>
   <div class='ocr_carea' id='block_1_76' title="bbox 2126 3115 3714 3187">
    <p class='ocr_par' dir='ltr' id='par_1_76' title="bbox 2126 3115 3714 3187">
     <span class='ocr_line' id='line_1_76' title="bbox 2126 3115 3714 3187; baseline 0.001 -20"><span class='ocrx_word' id='word_1_534' title='bbox 2126 3132 2240 3181; x_wconf 82' lang='grc' dir='ltr'>σου,</span> <span class='ocrx_word' id='word_1_535' title='bbox 2273 3117 2352 3180; x_wconf 84' lang='grc' dir='ltr'><strong>εἰς</strong></span> <span class='ocrx_word' id='word_1_536' title='bbox 2397 3118 2695 3184; x_wconf 65' lang='grc' dir='ltr'>ἐπίγνωσιν</span> <span class='ocrx_word' id='word_1_537' title='bbox 2726 3117 3009 3186; x_wconf 82' lang='grc' dir='ltr'>ἀληθείας,</span> <span class='ocrx_word' id='word_1_538' title='bbox 3045 3115 3190 3170; x_wconf 80' lang='grc' dir='ltr'>κατὰ</span> <span class='ocrx_word' id='word_1_539' title='bbox 3222 3115 3319 3187; x_wconf 89' lang='grc' dir='ltr'>τὴν</span> <span class='ocrx_word' id='word_1_540' title='bbox 3347 3115 3569 3169; x_wconf 74' lang='grc' dir='ltr'>ἔκθεσιν</span> <span class='ocrx_word' id='word_1_541' title='bbox 3601 3118 3714 3170; x_wconf 80' lang='grc' dir='ltr'>τῶν</span> 
     </span>
    </p>
   </div>
   <div class='ocr_carea' id='block_1_77' title="bbox 2123 3207 3718 3274">
    <p class='ocr_par' dir='ltr' id='par_1_77' title="bbox 2123 3207 3718 3274">
     <span class='ocr_line' id='line_1_77' title="bbox 2123 3207 3718 3274; baseline 0.001 -14"><span class='ocrx_word' id='word_1_542' title='bbox 2123 3207 2296 3274; x_wconf 81' lang='grc' dir='ltr'>ἁγίων</span> <span class='ocrx_word' id='word_1_543' title='bbox 2324 3225 2420 3260; x_wconf 87' lang='grc' dir='ltr'><strong>σου</strong></span> <span class='ocrx_word' id='word_1_544' title='bbox 2454 3209 2548 3260; x_wconf 71' lang='grc' dir='ltr'>καὶ</span> <span class='ocrx_word' id='word_1_545' title='bbox 2588 3207 2818 3274; x_wconf 79' lang='grc' dir='ltr'>ἐνδόξων</span> <span class='ocrx_word' id='word_1_546' title='bbox 2845 3208 3187 3273; x_wconf 87' lang='grc' dir='ltr'>ἀποστόλων,</span> <span class='ocrx_word' id='word_1_547' title='bbox 3221 3209 3318 3260; x_wconf 76' lang='grc' dir='ltr'>καὶ</span> <span class='ocrx_word' id='word_1_548' title='bbox 3365 3208 3718 3272; x_wconf 79' lang='grc' dir='ltr'>καταξίωσον</span> 
     </span>
    </p>
   </div>
   <div class='ocr_carea' id='block_1_78' title="bbox 2122 3299 3719 3369">
    <p class='ocr_par' dir='ltr' id='par_1_78' title="bbox 2122 3299 3719 3369">
     <span class='ocr_line' id='line_1_78' title="bbox 2122 3299 3719 3369; baseline 0.001 -19"><span class='ocrx_word' id='word_1_549' title='bbox 2122 3299 2285 3352; x_wconf 79' lang='grc' dir='ltr'>αὑτὸν</span> <span class='ocrx_word' id='word_1_550' title='bbox 2313 3299 2412 3368; x_wconf 83' lang='grc' dir='ltr'>τῆς</span> <span class='ocrx_word' id='word_1_551' title='bbox 2443 3299 2740 3369; x_wconf 79' lang='grc' dir='ltr'>σφραγίδος</span> <span class='ocrx_word' id='word_1_552' title='bbox 2780 3299 2872 3352; x_wconf 88' lang='grc' dir='ltr'><strong>τοῦ</strong></span> <span class='ocrx_word' id='word_1_553' title='bbox 2919 3299 3070 3352; x_wconf 80' lang='grc' dir='ltr'>θείου</span> <span class='ocrx_word' id='word_1_554' title='bbox 3116 3299 3316 3369; x_wconf 84' lang='grc' dir='ltr'>μύρου,</span> <span class='ocrx_word' id='word_1_555' title='bbox 3353 3299 3449 3352; x_wconf 76' lang='grc' dir='ltr'>καὶ</span> <span class='ocrx_word' id='word_1_556' title='bbox 3481 3300 3580 3369; x_wconf 82' lang='grc' dir='ltr'>τῆς</span> <span class='ocrx_word' id='word_1_557' title='bbox 3619 3317 3719 3369; x_wconf 86' lang='grc' dir='ltr'>με-</span> 
     </span>
    </p>
   </div>
   <div class='ocr_carea' id='block_1_79' title="bbox 2121 3390 3830 3462">
    <p class='ocr_par' dir='ltr' id='par_1_79' title="bbox 2121 3390 3830 3462">
     <span class='ocr_line' id='line_1_79' title="bbox 2121 3390 3830 3462; baseline 0 -18"><span class='ocrx_word' id='word_1_558' title='bbox 2121 3390 2405 3460; x_wconf 82' lang='grc' dir='ltr'>ταλήψεως</span> <span class='ocrx_word' id='word_1_559' title='bbox 2450 3391 2547 3444; x_wconf 89' lang='grc' dir='ltr'><strong>τοῦ</strong></span> <span class='ocrx_word' id='word_1_560' title='bbox 2599 3392 2784 3462; x_wconf 82' lang='grc' dir='ltr'>τιμίου</span> <span class='ocrx_word' id='word_1_561' title='bbox 2825 3409 2920 3445; x_wconf 90' lang='grc' dir='ltr'><strong>σου</strong></span> <span class='ocrx_word' id='word_1_562' title='bbox 2977 3391 3252 3462; x_wconf 82' lang='grc' dir='ltr'>σώματος,</span> <span class='ocrx_word' id='word_1_563' title='bbox 3292 3391 3390 3444; x_wconf 70' lang='grc' dir='ltr'>καὶ</span> <span class='ocrx_word' id='word_1_564' title='bbox 3441 3394 3716 3462; x_wconf 81' lang='grc' dir='ltr'>αἵματος·</span> <span class='ocrx_word' id='word_1_565' title='bbox 3815 3397 3830 3413; x_wconf 94' lang='grc'>⁶</span> 
     </span>
    </p>
   </div>
   <div class='ocr_carea' id='block_1_80' title="bbox 2123 3483 3718 3554">
    <p class='ocr_par' dir='ltr' id='par_1_80' title="bbox 2123 3483 3718 3554">
     <span class='ocr_line' id='line_1_80' title="bbox 2123 3483 3718 3554; baseline 0 -18"><span class='ocrx_word' id='word_1_566' title='bbox 2123 3483 2215 3536; x_wconf 77' lang='grc' dir='ltr'>καὶ</span> <span class='ocrx_word' id='word_1_567' title='bbox 2276 3483 2554 3549; x_wconf 80' lang='grc' dir='ltr'>ἀνάδειξον</span> <span class='ocrx_word' id='word_1_568' title='bbox 2609 3483 2774 3537; x_wconf 83' lang='grc' dir='ltr'>αὑτὸν</span> <span class='ocrx_word' id='word_1_569' title='bbox 2818 3483 3024 3538; x_wconf 82' lang='grc' dir='ltr'>τέλειον</span> <span class='ocrx_word' id='word_1_570' title='bbox 3082 3483 3268 3537; x_wconf 88' lang='grc' dir='ltr'>δοῦλόν</span> <span class='ocrx_word' id='word_1_571' title='bbox 3311 3501 3440 3537; x_wconf 84' lang='grc' dir='ltr'>σου·</span> <span class='ocrx_word' id='word_1_572' title='bbox 3495 3483 3584 3537; x_wconf 78' lang='grc' dir='ltr'>ἵνα</span> <span class='ocrx_word' id='word_1_573' title='bbox 3651 3487 3718 3554; x_wconf 79' lang='grc' dir='ltr'><strong>τῇ</strong></span> 
     </span>
    </p>
   </div>
   <div class='ocr_carea' id='block_1_81' title="bbox 2124 3575 3720 3648">
    <p class='ocr_par' dir='ltr' id='par_1_81' title="bbox 2124 3575 3720 3648">
     <span class='ocr_line' id='line_1_81' title="bbox 2124 3575 3720 3648; baseline 0.003 -23"><span class='ocrx_word' id='word_1_574' title='bbox 2124 3575 2328 3648; x_wconf 84' lang='grc' dir='ltr'>ποίμνῃ</span> <span class='ocrx_word' id='word_1_575' title='bbox 2365 3593 2458 3628; x_wconf 93' lang='grc' dir='ltr'><strong>σου</strong></span> <span class='ocrx_word' id='word_1_576' title='bbox 2507 3576 2964 3648; x_wconf 77' lang='grc' dir='ltr'>ἐγκαταριθμηθῇ</span> <span class='ocrx_word' id='word_1_577' title='bbox 3007 3577 3102 3629; x_wconf 72' lang='grc' dir='ltr'>καὶ</span> <span class='ocrx_word' id='word_1_578' title='bbox 3135 3576 3297 3640; x_wconf 80' lang='grc' dir='ltr'>αὐτὸς</span> <span class='ocrx_word' id='word_1_579' title='bbox 3319 3579 3400 3640; x_wconf 83' lang='grc' dir='ltr'><strong>είς</strong></span> <span class='ocrx_word' id='word_1_580' title='bbox 3425 3577 3588 3643; x_wconf 86' lang='grc' dir='ltr'>δόξαν</span> <span class='ocrx_word' id='word_1_581' title='bbox 3622 3579 3720 3630; x_wconf 76' lang='grc' dir='ltr'>καὶ</span> 
     </span>
    </p>
   </div>
   <div class='ocr_carea' id='block_1_82' title="bbox 2123 3663 3109 3736">
    <p class='ocr_par' dir='ltr' id='par_1_82' title="bbox 2123 3663 3109 3736">
     <span class='ocr_line' id='line_1_82' title="bbox 2123 3663 3109 3736; baseline 0.002 -19"><span class='ocrx_word' id='word_1_582' title='bbox 2123 3663 2345 3717; x_wconf 77' lang='grc' dir='ltr'>ἔπαινον</span> <span class='ocrx_word' id='word_1_583' title='bbox 2377 3667 2475 3735; x_wconf 86' lang='grc' dir='ltr'>τῆς</span> <span class='ocrx_word' id='word_1_584' title='bbox 2503 3664 2895 3736; x_wconf 81' lang='grc' dir='ltr'>μεγαλωσύνης</span> <span class='ocrx_word' id='word_1_585' title='bbox 2925 3682 3042 3719; x_wconf 86' lang='grc' dir='ltr'>σου.</span> <span class='ocrx_word' id='word_1_586' title='bbox 3105 3701 3109 3706; x_wconf 65' lang='grc' dir='ltr'><strong>ε</strong></span> 
     </span>
    </p>
   </div>
   <div class='ocr_carea' id='block_1_83' title="bbox 2207 3755 3721 3829">
    <p class='ocr_par' dir='ltr' id='par_1_83' title="bbox 2207 3755 3721 3829">
     <span class='ocr_line' id='line_1_83' title="bbox 2207 3755 3721 3829; baseline 0.003 -21"><span class='ocrx_word' id='word_1_587' title='bbox 2207 3755 2516 3818; x_wconf 73' lang='grc' dir='ltr'>Ἐκφώνωςο</span> <span class='ocrx_word' id='word_1_588' title='bbox 2548 3755 2672 3808; x_wconf 86' lang='grc' dir='ltr'>Ὅτι</span> <span class='ocrx_word' id='word_1_589' title='bbox 2707 3757 2800 3810; x_wconf 91' lang='grc' dir='ltr'><strong>σοῦ</strong></span> <span class='ocrx_word' id='word_1_590' title='bbox 2833 3758 3034 3829; x_wconf 76' lang='grc' dir='ltr'>ἐστινὴ</span> <span class='ocrx_word' id='word_1_591' title='bbox 3066 3756 3335 3828; x_wconf 84' lang='grc' dir='ltr'>βασιλεία,</span> <span class='ocrx_word' id='word_1_592' title='bbox 3369 3759 3465 3812; x_wconf 80' lang='grc' dir='ltr'>καὶ</span> <span class='ocrx_word' id='word_1_593' title='bbox 3498 3759 3532 3829; x_wconf 78' lang='grc' dir='ltr'><strong>ἡ</strong></span> <span class='ocrx_word' id='word_1_594' title='bbox 3557 3757 3721 3813; x_wconf 83' lang='grc' dir='ltr'>δύνα-</span> 
     </span>
    </p>
   </div>
   <div class='ocr_carea' id='block_1_84' title="bbox 2127 3847 2972 3920">
    <p class='ocr_par' dir='ltr' id='par_1_84' title="bbox 2127 3847 2972 3920">
     <span class='ocr_line' id='line_1_84' title="bbox 2127 3847 2972 3920; baseline 0.006 -20"><span class='ocrx_word' id='word_1_595' title='bbox 2127 3866 2238 3920; x_wconf 84' lang='grc' dir='ltr'>μις,</span> <span class='ocrx_word' id='word_1_596' title='bbox 2275 3847 2370 3901; x_wconf 76' lang='grc' dir='ltr'>καὶ</span> <span class='ocrx_word' id='word_1_597' title='bbox 2397 3851 2430 3917; x_wconf 83' lang='grc' dir='ltr'>ὴ</span> <span class='ocrx_word' id='word_1_598' title='bbox 2461 3848 2589 3914; x_wconf 82' lang='grc' dir='ltr'>δόξα</span> <span class='ocrx_word' id='word_1_599' title='bbox 2619 3849 2715 3902; x_wconf 88' lang='grc' dir='ltr'><strong>τοῦ</strong></span> <span class='ocrx_word' id='word_1_600' title='bbox 2741 3848 2972 3920; x_wconf 79' lang='grc' dir='ltr'>Πατρός.</span> 
     </span>
    </p>
   </div>
   <div class='ocr_carea' id='block_1_85' title="bbox 2193 3941 3728 4012">
    <p class='ocr_par' dir='ltr' id='par_1_85' title="bbox 2193 3941 3728 4012">
     <span class='ocr_line' id='line_1_85' title="bbox 2193 3941 3728 4012; baseline 0.002 -18"><span class='ocrx_word' id='word_1_601' title='bbox 2193 3941 2304 3994; x_wconf 74' lang='grc' dir='ltr'><strong>Καὶ</strong></span> <span class='ocrx_word' id='word_1_602' title='bbox 2336 3941 2478 4012; x_wconf 80' lang='grc' dir='ltr'>χρίει</span> <span class='ocrx_word' id='word_1_603' title='bbox 2509 3941 2672 3995; x_wconf 75' lang='grc' dir='ltr'>αὐτὸν</span> <span class='ocrx_word' id='word_1_604' title='bbox 2719 3941 2799 4012; x_wconf 80' lang='grc' dir='ltr'>τῷ</span> <span class='ocrx_word' id='word_1_605' title='bbox 2836 3941 2998 4012; x_wconf 87' lang='grc' dir='ltr'>μύρῳ</span> <span class='ocrx_word' id='word_1_606' title='bbox 3052 3941 3188 4012; x_wconf 78' lang='grc'><strong>(56),</strong></span> <span class='ocrx_word' id='word_1_607' title='bbox 3217 3942 3400 4007; x_wconf 85' lang='grc' dir='ltr'>καθὼς</span> <span class='ocrx_word' id='word_1_608' title='bbox 3451 3945 3546 3997; x_wconf 79' lang='grc' dir='ltr'>καὶ</span> <span class='ocrx_word' id='word_1_609' title='bbox 3593 3945 3728 4008; x_wconf 74' lang='grc' dir='ltr'>τοὺς</span> 
     </span>
    </p>
   </div>
   <div class='ocr_carea' id='block_1_86' title="bbox 2123 4031 3726 4107">
    <p class='ocr_par' dir='ltr' id='par_1_86' title="bbox 2123 4031 3726 4107">
     <span class='ocr_line' id='line_1_86' title="bbox 2123 4031 3726 4107; baseline 0.002 -23"><span class='ocrx_word' id='word_1_610' title='bbox 2123 4033 2540 4100; x_wconf 78' lang='grc' dir='ltr'>νεοφωτίστους,</span> <span class='ocrx_word' id='word_1_611' title='bbox 2581 4033 2680 4101; x_wconf 79' lang='grc' dir='ltr'>τὴν</span> <span class='ocrx_word' id='word_1_612' title='bbox 2729 4031 2898 4104; x_wconf 78' lang='grc' dir='ltr'>αὐτὴν</span> <span class='ocrx_word' id='word_1_613' title='bbox 2955 4033 3250 4105; x_wconf 77' lang='grc' dir='ltr'>ἐπίρρησιν</span> <span class='ocrx_word' id='word_1_614' title='bbox 3297 4035 3392 4086; x_wconf 81' lang='grc' dir='ltr'>καὶ</span> <span class='ocrx_word' id='word_1_615' title='bbox 3447 4035 3535 4087; x_wconf 78' lang='grc' dir='ltr'>ἐπ’</span> <span class='ocrx_word' id='word_1_616' title='bbox 3567 4036 3726 4107; x_wconf 68' lang='grc' dir='ltr'><strong>αὑτῷ</strong></span> 
     </span>
    </p>
   </div>
   <div class='ocr_carea' id='block_1_87' title="bbox 2125 4123 3430 4194">
    <p class='ocr_par' dir='ltr' id='par_1_87' title="bbox 2125 4123 3430 4194">
     <span class='ocr_line' id='line_1_87' title="bbox 2125 4123 3430 4194; baseline 0.002 -18"><span class='ocrx_word' id='word_1_617' title='bbox 2125 4123 2472 4193; x_wconf 87' lang='grc' dir='ltr'>ποιούμενος,</span> <span class='ocrx_word' id='word_1_618' title='bbox 2507 4125 2603 4177; x_wconf 75' lang='grc' dir='ltr'>καὶ</span> <span class='ocrx_word' id='word_1_619' title='bbox 2644 4126 2786 4194; x_wconf 88' lang='grc' dir='ltr'><strong>μετά</strong></span> <span class='ocrx_word' id='word_1_620' title='bbox 2811 4125 2968 4178; x_wconf 87' lang='grc' dir='ltr'>τοῦτο</span> <span class='ocrx_word' id='word_1_621' title='bbox 2999 4126 3162 4179; x_wconf 77' lang='grc' dir='ltr'>πάλιν</span> <span class='ocrx_word' id='word_1_622' title='bbox 3187 4124 3430 4194; x_wconf 75' lang='grc' dir='ltr'>εὔχεται·</span> 
     </span>
    </p>
   </div>
   <div class='ocr_carea' id='block_1_88' title="bbox 2194 4237 3728 4311">
    <p class='ocr_par' dir='ltr' id='par_1_88' title="bbox 2194 4237 3728 4311">
     <span class='ocr_line' id='line_1_88' title="bbox 2194 4237 3728 4311; baseline 0.005 -20"><span class='ocrx_word' id='word_1_623' title='bbox 2194 4237 2366 4311; x_wconf 83' lang='grc' dir='ltr'>Κύριε</span> <span class='ocrx_word' id='word_1_624' title='bbox 2400 4240 2428 4292; x_wconf 92' lang='lat'><strong>6</strong></span> <span class='ocrx_word' id='word_1_625' title='bbox 2465 4238 2597 4302; x_wconf 79' lang='grc' dir='ltr'>Θεὸς</span> <span class='ocrx_word' id='word_1_626' title='bbox 2644 4239 2822 4307; x_wconf 71' lang='grc' dir='ltr'>ἡμῶν,</span> <span class='ocrx_word' id='word_1_627' title='bbox 2871 4242 2900 4292; x_wconf 92' lang='lat'><strong>6</strong></span> <span class='ocrx_word' id='word_1_628' title='bbox 2958 4240 3308 4307; x_wconf 81' lang='grc' dir='ltr'>καταξιώσας</span> <span class='ocrx_word' id='word_1_629' title='bbox 3349 4241 3558 4296; x_wconf 81' lang='grc' dir='ltr'>τέλειον</span> <span class='ocrx_word' id='word_1_630' title='bbox 3588 4245 3728 4298; x_wconf 79' lang='grc' dir='ltr'>ἀνα-</span> 
     </span>
    </p>
   </div>
   <div class='ocr_carea' id='block_1_89' title="bbox 2122 4329 3728 4405">
    <p class='ocr_par' dir='ltr' id='par_1_89' title="bbox 2122 4329 3728 4405">
     <span class='ocr_line' id='line_1_89' title="bbox 2122 4329 3728 4405; baseline 0.004 -23"><span class='ocrx_word' id='word_1_631' title='bbox 2122 4330 2290 4394; x_wconf 79' lang='grc' dir='ltr'>δεῖξαι</span> <span class='ocrx_word' id='word_1_632' title='bbox 2307 4329 2398 4383; x_wconf 80' lang='grc' dir='ltr'>τὸν</span> <span class='ocrx_word' id='word_1_633' title='bbox 2420 4329 2606 4383; x_wconf 86' lang='grc' dir='ltr'>δοῦλόν</span> <span class='ocrx_word' id='word_1_634' title='bbox 2632 4347 2724 4384; x_wconf 90' lang='grc' dir='ltr'><strong>σου</strong></span> <span class='ocrx_word' id='word_1_635' title='bbox 2793 4330 2968 4398; x_wconf 76' lang='grc' dir='ltr'>τόνδε,</span> <span class='ocrx_word' id='word_1_636' title='bbox 2995 4331 3082 4385; x_wconf 90' lang='grc' dir='ltr'><strong>διά</strong></span> <span class='ocrx_word' id='word_1_637' title='bbox 3107 4333 3208 4403; x_wconf 83' lang='grc' dir='ltr'>τῆς</span> <span class='ocrx_word' id='word_1_638' title='bbox 3232 4335 3313 4397; x_wconf 88' lang='grc' dir='ltr'>εἰς</span> <span class='ocrx_word' id='word_1_639' title='bbox 3342 4335 3402 4386; x_wconf 87' lang='grc' dir='ltr'>σὲ</span> <span class='ocrx_word' id='word_1_640' title='bbox 3429 4334 3728 4405; x_wconf 82' lang='grc' dir='ltr'>ὁρθοδόξου</span> 
     </span>
    </p>
   </div>
   <div class='ocr_carea' id='block_1_90' title="bbox 446 4409 2016 4496">
    <p class='ocr_par' dir='ltr' id='par_1_90' title="bbox 446 4413 2016 4484">
     <span class='ocr_line' id='line_1_90' title="bbox 446 4413 2016 4484; baseline -0.001 -16"><span class='ocrx_word' id='word_1_641' title='bbox 446 4415 520 4468; x_wconf 85' lang='lat' dir='ltr'><strong>tui</strong></span> <span class='ocrx_word' id='word_1_642' title='bbox 549 4415 809 4480; x_wconf 70' lang='lat' dir='ltr'><strong>unguenti</strong></span> <span class='ocrx_word' id='word_1_643' title='bbox 859 4413 1196 4480; x_wconf 85' lang='lat' dir='ltr'><strong>signaculum</strong></span> <span class='ocrx_word' id='word_1_644' title='bbox 1249 4413 1500 4484; x_wconf 83' lang='lat' dir='ltr'><strong>dignatus</strong></span> <span class='ocrx_word' id='word_1_645' title='bbox 1540 4429 1634 4467; x_wconf 77' lang='lat' dir='ltr'><strong>es:</strong></span> <span class='ocrx_word' id='word_1_646' title='bbox 1687 4424 1739 4467; x_wconf 91' lang='lat' dir='ltr'><strong>tu</strong></span> <span class='ocrx_word' id='word_1_647' title='bbox 1777 4415 2016 4467; x_wconf 88' lang='lat' dir='ltr'><strong>omnium</strong></span> 
     </span>
    </p>
   </div>
   <div class='ocr_carea' id='block_1_91' title="bbox 2131 4409 3723 4496">
    <p class='ocr_par' dir='ltr' id='par_1_91' title="bbox 2133 4421 3723 4496">
     <span class='ocr_line' id='line_1_91' title="bbox 2133 4421 3723 4496; baseline 0.005 -23"><span class='ocrx_word' id='word_1_648' title='bbox 2133 4421 2389 4487; x_wconf 84' lang='grc' dir='ltr'>πίστεως,</span> <span class='ocrx_word' id='word_1_649' title='bbox 2417 4423 2509 4475; x_wconf 67' lang='grc' dir='ltr'>καὶ</span> <span class='ocrx_word' id='word_1_650' title='bbox 2539 4422 2637 4492; x_wconf 82' lang='grc' dir='ltr'>τῆς</span> <span class='ocrx_word' id='word_1_651' title='bbox 2662 4423 2960 4492; x_wconf 86' lang='grc' dir='ltr'>σφραγίδος</span> <span class='ocrx_word' id='word_1_652' title='bbox 2975 4423 3068 4476; x_wconf 91' lang='grc' dir='ltr'><strong>τοῦ</strong></span> <span class='ocrx_word' id='word_1_653' title='bbox 3095 4423 3269 4494; x_wconf 90' lang='grc' dir='ltr'>μύρου</span> <span class='ocrx_word' id='word_1_654' title='bbox 3298 4441 3393 4477; x_wconf 84' lang='grc' dir='ltr'><strong>σου</strong></span> <span class='ocrx_word' id='word_1_655' title='bbox 3414 4426 3508 4478; x_wconf 93' lang='grc' dir='ltr'><strong>τοῦ</strong></span> <span class='ocrx_word' id='word_1_656' title='bbox 3535 4427 3723 4496; x_wconf 84' lang='grc' dir='ltr'>ἀγίου.</span> 
     </span>
    </p>
   </div>
   <div class='ocr_carea' id='block_1_92' title="bbox 479 4503 2021 4585">
    <p class='ocr_par' dir='ltr' id='par_1_92' title="bbox 479 4503 2021 4585">
     <span class='ocr_line' id='line_1_92' title="bbox 479 4503 2021 4585; baseline 0.003 -31"><span class='ocrx_word' id='word_1_657' title='bbox 479 4506 695 4585; x_wconf 65' lang='lat' dir='ltr'><strong>soptiue,</strong></span> <span class='ocrx_word' id='word_1_658' title='bbox 737 4519 919 4557; x_wconf 90' lang='lat' dir='ltr'><strong>veram</strong></span> <span class='ocrx_word' id='word_1_659' title='bbox 959 4504 1011 4556; x_wconf 90' lang='lat' dir='ltr'><strong>in</strong></span> <span class='ocrx_word' id='word_1_660' title='bbox 1047 4515 1098 4558; x_wconf 90' lang='lat' dir='ltr'><strong>te</strong></span> <span class='ocrx_word' id='word_1_661' title='bbox 1126 4503 1284 4556; x_wconf 80' lang='lat' dir='ltr'><strong>[idem</strong></span> <span class='ocrx_word' id='word_1_662' title='bbox 1319 4505 1372 4557; x_wconf 93' lang='lat' dir='ltr'><strong>in</strong></span> <span class='ocrx_word' id='word_1_663' title='bbox 1402 4503 1492 4558; x_wconf 93' lang='lat' dir='ltr'><strong>illo</strong></span> <span class='ocrx_word' id='word_1_664' title='bbox 1527 4505 1760 4569; x_wconf 88' lang='lat' dir='ltr'><strong>custodi,</strong></span> <span class='ocrx_word' id='word_1_665' title='bbox 1811 4505 2021 4572; x_wconf 82' lang='lat' dir='ltr'><strong>adauge</strong></span> 
     </span>
    </p>
   </div>
   <div class='ocr_carea' id='block_1_93' title="bbox 471 4595 2024 4668">
    <p class='ocr_par' dir='ltr' id='par_1_93' title="bbox 471 4595 2024 4668">
     <span class='ocr_line' id='line_1_93' title="bbox 471 4595 2024 4668; baseline 0 -20"><span class='ocrx_word' id='word_1_666' title='bbox 471 4598 594 4648; x_wconf 86' lang='lat' dir='ltr'><strong>lum</strong></span> <span class='ocrx_word' id='word_1_667' title='bbox 628 4595 679 4648; x_wconf 87' lang='lat' dir='ltr'><strong>in</strong></span> <span class='ocrx_word' id='word_1_668' title='bbox 705 4595 916 4664; x_wconf 83' lang='lat' dir='ltr'><strong>justitin</strong></span> <span class='ocrx_word' id='word_1_669' title='bbox 937 4635 950 4658; x_wconf 90' lang='lat'><strong>,</strong></span> <span class='ocrx_word' id='word_1_670' title='bbox 983 4607 1036 4650; x_wconf 87' lang='lat' dir='ltr'><strong>et</strong></span> <span class='ocrx_word' id='word_1_671' title='bbox 1062 4597 1318 4652; x_wconf 85' lang='lat' dir='ltr'><strong>omnibus</strong></span> <span class='ocrx_word' id='word_1_672' title='bbox 1361 4612 1391 4650; x_wconf 74' lang='grc' dir='ltr'><strong>ιι</strong></span> <span class='ocrx_word' id='word_1_673' title='bbox 1447 4605 1500 4652; x_wconf 86' lang='lat' dir='ltr'><strong>te</strong></span> <span class='ocrx_word' id='word_1_674' title='bbox 1531 4597 1726 4668; x_wconf 86' lang='lat' dir='ltr'><strong>gratiis</strong></span> <span class='ocrx_word' id='word_1_675' title='bbox 1753 4595 2024 4665; x_wconf 78' lang='lat' dir='ltr'><strong>proﬂuen-</strong></span> 
     </span>
    </p>
   </div>
   <div class='ocr_carea' id='block_1_94' title="bbox 493 4690 856 4744">
    <p class='ocr_par' dir='ltr' id='par_1_94' title="bbox 493 4690 856 4744">
     <span class='ocr_line' id='line_1_94' title="bbox 493 4690 856 4744; baseline 0.011 -4"><span class='ocrx_word' id='word_1_676' title='bbox 493 4690 592 4742; x_wconf 89' lang='lat' dir='ltr'><strong>bus</strong></span> <span class='ocrx_word' id='word_1_677' title='bbox 629 4703 856 4744; x_wconf 82' lang='lat' dir='ltr'><strong>exorna.</strong></span> 
     </span>
    </p>
   </div>
   <div class='ocr_carea' id='block_1_95' title="bbox 515 4825 945 4892">
    <p class='ocr_par' dir='ltr' id='par_1_95' title="bbox 515 4825 945 4892">
     <span class='ocr_line' id='line_1_95' title="bbox 515 4825 945 4892; baseline 0.005 -12"><span class='ocrx_word' id='word_1_678' title='bbox 515 4826 534 4858; x_wconf 87' lang='grc'>¹</span> <span class='ocrx_word' id='word_1_679' title='bbox 571 4825 724 4884; x_wconf 84' lang='lat' dir='ltr'><strong>Joau.</strong></span> <span class='ocrx_word' id='word_1_680' title='bbox 765 4844 816 4892; x_wconf 78' lang='grc' dir='ltr'><strong>ιι,</strong></span> <span class='ocrx_word' id='word_1_681' title='bbox 861 4827 945 4882; x_wconf 75' lang='grc'><strong>16.</strong></span> 
     </span>
    </p>
   </div>
   <div class='ocr_carea' id='block_1_96' title="bbox 2128 4513 3729 4586">
    <p class='ocr_par' dir='ltr' id='par_1_96' title="bbox 2128 4513 3729 4586">
     <span class='ocr_line' id='line_1_96' title="bbox 2128 4513 3729 4586; baseline 0.002 -22"><span class='ocrx_word' id='word_1_682' title='bbox 2128 4513 2222 4574; x_wconf 74' lang='grc' dir='ltr'><strong>Σὺ,</strong></span> <span class='ocrx_word' id='word_1_683' title='bbox 2256 4513 2503 4577; x_wconf 76' lang='grc' dir='ltr'>Δέσποτα</span> <span class='ocrx_word' id='word_1_684' title='bbox 2532 4513 2640 4566; x_wconf 83' lang='grc' dir='ltr'><strong>τῶν</strong></span> <span class='ocrx_word' id='word_1_685' title='bbox 2669 4515 2948 4579; x_wconf 80' lang='grc' dir='ltr'>ἁπάντων,</span> <span class='ocrx_word' id='word_1_686' title='bbox 2983 4516 3084 4586; x_wconf 74' lang='grc' dir='ltr'>τὴν</span> <span class='ocrx_word' id='word_1_687' title='bbox 3111 4516 3192 4579; x_wconf 86' lang='grc' dir='ltr'><strong>είς</strong></span> <span class='ocrx_word' id='word_1_688' title='bbox 3219 4516 3278 4568; x_wconf 86' lang='grc' dir='ltr'>σὲ</span> <span class='ocrx_word' id='word_1_689' title='bbox 3310 4515 3485 4586; x_wconf 77' lang='grc' dir='ltr'>ἀληθῆ</span> <span class='ocrx_word' id='word_1_690' title='bbox 3537 4517 3729 4570; x_wconf 84' lang='grc' dir='ltr'>πίστιν</span> 
     </span>
    </p>
   </div>
   <div class='ocr_carea' id='block_1_97' title="bbox 2132 4604 3730 4684">
    <p class='ocr_par' dir='ltr' id='par_1_97' title="bbox 2132 4604 3730 4684">
     <span class='ocr_line' id='line_1_97' title="bbox 2132 4604 3730 4684; baseline 0.007 -30"><span class='ocrx_word' id='word_1_691' title='bbox 2132 4604 2188 4655; x_wconf 80' lang='grc' dir='ltr'><strong>ἐν</strong></span> <span class='ocrx_word' id='word_1_692' title='bbox 2214 4605 2366 4674; x_wconf 77' lang='grc' dir='ltr'>αὐτῷ</span> <span class='ocrx_word' id='word_1_693' title='bbox 2391 4605 2747 4684; x_wconf 82' lang='grc' dir='ltr'>διατήρησον,</span> <span class='ocrx_word' id='word_1_694' title='bbox 2777 4604 2942 4672; x_wconf 76' lang='grc' dir='ltr'>αὔξον</span> <span class='ocrx_word' id='word_1_695' title='bbox 2973 4607 3136 4660; x_wconf 77' lang='grc' dir='ltr'>αὐτὸν</span> <span class='ocrx_word' id='word_1_696' title='bbox 3162 4609 3218 4660; x_wconf 92' lang='grc' dir='ltr'><strong>ἐν</strong></span> <span class='ocrx_word' id='word_1_697' title='bbox 3239 4609 3590 4680; x_wconf 82' lang='grc' dir='ltr'>δικαιοσύνῃ,</span> <span class='ocrx_word' id='word_1_698' title='bbox 3632 4613 3730 4675; x_wconf 58' lang='grc' dir='ltr'><strong>καί</strong></span> 
     </span>
    </p>
   </div>
   <div class='ocr_carea' id='block_1_98' title="bbox 2135 4695 3540 4770">
    <p class='ocr_par' dir='ltr' id='par_1_98' title="bbox 2135 4695 3540 4770">
     <span class='ocr_line' id='line_1_98' title="bbox 2135 4695 3540 4770; baseline 0.005 -24"><span class='ocrx_word' id='word_1_699' title='bbox 2135 4695 2269 4746; x_wconf 81' lang='grc' dir='ltr'>πᾶσι</span> <span class='ocrx_word' id='word_1_700' title='bbox 2302 4699 2416 4760; x_wconf 82' lang='grc' dir='ltr'>τοῖς</span> <span class='ocrx_word' id='word_1_701' title='bbox 2446 4699 2598 4768; x_wconf 85' lang='grc' dir='ltr'><strong>παρά</strong></span> <span class='ocrx_word' id='word_1_702' title='bbox 2627 4697 2720 4750; x_wconf 88' lang='grc' dir='ltr'><strong>σοῦ</strong></span> <span class='ocrx_word' id='word_1_703' title='bbox 2752 4698 3060 4769; x_wconf 71' lang='grc' dir='ltr'>χαρίσματι</span> <span class='ocrx_word' id='word_1_704' title='bbox 3096 4700 3540 4770; x_wconf 70' lang='grc' dir='ltr'>κατακόσμησον.</span> 
     </span>
    </p>
   </div>
   <div class='ocr_carea' id='block_1_99' title="bbox 1527 4919 2584 4978">
    <p class='ocr_par' dir='ltr' id='par_1_99' title="bbox 1527 4919 2584 4978">
     <span class='ocr_line' id='line_1_99' title="bbox 1527 4919 2584 4978; baseline 0.003 -3"><span class='ocrx_word' id='word_1_705' title='bbox 1527 4919 1762 4976; x_wconf 69' lang='grc' dir='ltr'><strong>ἾΛΒΙᾹΞ</strong></span> <span class='ocrx_word' id='word_1_706' title='bbox 1801 4919 2186 4976; x_wconf 67' lang='lat' dir='ltr'><strong>LECTIONES</strong></span> <span class='ocrx_word' id='word_1_707' title='bbox 2218 4922 2306 4976; x_wconf 77' lang='lat' dir='ltr'>ET</span> <span class='ocrx_word' id='word_1_708' title='bbox 2348 4922 2584 4978; x_wconf 73' lang='grc' dir='ltr'><strong>ΝΟΤᾸΞ.</strong></span> 
     </span>
    </p>
   </div>
   <div class='ocr_carea' id='block_1_100' title="bbox 515 5036 2019 5110">
    <p class='ocr_par' dir='ltr' id='par_1_100' title="bbox 515 5036 2019 5110">
     <span class='ocr_line' id='line_1_100' title="bbox 515 5036 2019 5110; baseline 0.002 -17"><span class='ocrx_word' id='word_1_709' title='bbox 515 5036 628 5110; x_wconf 74' lang='grc'><strong>(55)</strong></span> <span class='ocrx_word' id='word_1_710' title='bbox 675 5039 885 5094; x_wconf 78' lang='grc' dir='ltr'>Ἡνίκα</span> <span class='ocrx_word' id='word_1_711' title='bbox 907 5039 1211 5110; x_wconf 78' lang='grc' dir='ltr'>μέλλουσι</span> <span class='ocrx_word' id='word_1_712' title='bbox 1255 5041 1686 5110; x_wconf 76' lang='grc' dir='ltr'>προσάγεσθαι.</span> <span class='ocrx_word' id='word_1_713' title='bbox 1755 5040 1920 5110; x_wconf 81' lang='lat' dir='ltr'><strong>Regia</strong></span> <span class='ocrx_word' id='word_1_714' title='bbox 1963 5052 2019 5096; x_wconf 91' lang='lat' dir='ltr'><strong>et</strong></span> 
     </span>
    </p>
   </div>
   <div class='ocr_carea' id='block_1_101' title="bbox 443 5109 2013 5183">
    <p class='ocr_par' dir='ltr' id='par_1_101' title="bbox 443 5109 2013 5183">
     <span class='ocr_line' id='line_1_101' title="bbox 443 5109 2013 5183; baseline 0.003 -22"><span class='ocrx_word' id='word_1_715' title='bbox 443 5109 840 5183; x_wconf 85' lang='lat' dir='ltr'><strong>_Ba_rberin_um:</strong></span> <span class='ocrx_word' id='word_1_716' title='bbox 891 5109 995 5182; x_wconf 77' lang='grc' dir='ltr'>χρὴ</span> <span class='ocrx_word' id='word_1_717' title='bbox 1036 5113 1200 5183; x_wconf 68' lang='grc' dir='ltr'>ἡνίκα</span> <span class='ocrx_word' id='word_1_718' title='bbox 1232 5109 1488 5180; x_wconf 80' lang='grc' dir='ltr'>μέλλουσι</span> <span class='ocrx_word' id='word_1_719' title='bbox 1541 5109 1918 5182; x_wconf 82' lang='grc' dir='ltr'>προσάγεσθαι</span> <span class='ocrx_word' id='word_1_720' title='bbox 1948 5115 2013 5182; x_wconf 80' lang='grc' dir='ltr'><strong>τῇ</strong></span> 
     </span>
    </p>
   </div>
   <div class='ocr_carea' id='block_1_102' title="bbox 443 5179 2016 5252">
    <p class='ocr_par' dir='ltr' id='par_1_102' title="bbox 443 5179 2016 5252">
     <span class='ocr_line' id='line_1_102' title="bbox 443 5179 2016 5252; baseline 0.004 -22"><span class='ocrx_word' id='word_1_721' title='bbox 443 5179 579 5252; x_wconf 82' lang='grc' dir='ltr'>ὀρθῇ</span> <span class='ocrx_word' id='word_1_722' title='bbox 647 5181 832 5252; x_wconf 72' lang='grc' dir='ltr'>πίστει</span> <span class='ocrx_word' id='word_1_723' title='bbox 893 5179 1197 5250; x_wconf 58' lang='lat' dir='ltr'><strong>Reliquum</strong></span> <span class='ocrx_word' id='word_1_724' title='bbox 1234 5179 1364 5236; x_wconf 74' lang='lat' dir='ltr'><strong>vero</strong></span> <span class='ocrx_word' id='word_1_725' title='bbox 1398 5183 1556 5251; x_wconf 86' lang='lat' dir='ltr'><strong>hujus</strong></span> <span class='ocrx_word' id='word_1_726' title='bbox 1587 5179 1800 5252; x_wconf 77' lang='lat' dir='ltr'><strong>periodi</strong></span> <span class='ocrx_word' id='word_1_727' title='bbox 1845 5179 2016 5251; x_wconf 79' lang='lat' dir='ltr'><strong>usque</strong></span> 
     </span>
    </p>
   </div>
   <div class='ocr_carea' id='block_1_103' title="bbox 443 5251 1770 5322">
    <p class='ocr_par' dir='ltr' id='par_1_103' title="bbox 443 5251 1770 5322">
     <span class='ocr_line' id='line_1_103' title="bbox 443 5251 1770 5322; baseline 0.004 -22"><span class='ocrx_word' id='word_1_728' title='bbox 443 5251 770 5322; x_wconf 49' lang='lat' dir='ltr'><strong>adverbqu</strong></span> <span class='ocrx_word' id='word_1_729' title='bbox 809 5251 993 5318; x_wconf 86' lang='grc' dir='ltr'>ίστησι</span> <span class='ocrx_word' id='word_1_730' title='bbox 1021 5253 1172 5322; x_wconf 80' lang='lat' dir='ltr'><strong>deest</strong></span> <span class='ocrx_word' id='word_1_731' title='bbox 1190 5252 1249 5322; x_wconf 60' lang='lat' dir='ltr'><strong>in</strong></span> <span class='ocrx_word' id='word_1_732' title='bbox 1276 5252 1526 5322; x_wconf 26' lang='lat' dir='ltr'><strong>Regiis:</strong></span> <span class='ocrx_word' id='word_1_733' title='bbox 1604 5319 1616 5322; x_wconf 85' lang='lat'><strong><em>_</em></strong></span> <span class='ocrx_word' id='word_1_734' title='bbox 1705 5320 1713 5322; x_wconf 21' lang='grc' dir='ltr'><em>Α</em></span> <span class='ocrx_word' id='word_1_735' title='bbox 1763 5271 1770 5279; x_wconf 57' lang='grc' dir='ltr'><strong>θ</strong></span> 
     </span>
    </p>
   </div>
   <div class='ocr_carea' id='block_1_104' title="bbox 513 5317 2016 5390">
    <p class='ocr_par' dir='ltr' id='par_1_104' title="bbox 513 5317 2016 5390">
     <span class='ocr_line' id='line_1_104' title="bbox 513 5317 2016 5390; baseline 0.002 -17"><span class='ocrx_word' id='word_1_736' title='bbox 513 5317 626 5390; x_wconf 65' lang='grc'><strong>(54)</strong></span> <span class='ocrx_word' id='word_1_737' title='bbox 667 5323 896 5374; x_wconf 73' lang='grc' dir='ltr'>Λοιπὸν</span> <span class='ocrx_word' id='word_1_738' title='bbox 924 5317 1140 5387; x_wconf 84' lang='grc' dir='ltr'>ἐρωτᾷ.</span> <span class='ocrx_word' id='word_1_739' title='bbox 1187 5317 1442 5390; x_wconf 58' lang='grc' dir='ltr'>Βεείιίει</span> <span class='ocrx_word' id='word_1_740' title='bbox 1495 5319 1872 5376; x_wconf 91' lang='lat' dir='ltr'><strong>Barberinum.</strong></span> <span class='ocrx_word' id='word_1_741' title='bbox 1907 5322 2016 5376; x_wconf 74' lang='lat' dir='ltr'><strong>Kal.</strong></span> 
     </span>
    </p>
   </div>
   <div class='ocr_carea' id='block_1_105' title="bbox 441 5386 1692 5460">
    <p class='ocr_par' dir='ltr' id='par_1_105' title="bbox 441 5386 1692 5460">
     <span class='ocr_line' id='line_1_105' title="bbox 441 5386 1692 5460; baseline 0.003 -20"><span class='ocrx_word' id='word_1_742' title='bbox 441 5386 628 5460; x_wconf 69' lang='grc' dir='ltr'>λοιπδν</span> <span class='ocrx_word' id='word_1_743' title='bbox 663 5389 857 5460; x_wconf 77' lang='grc' dir='ltr'>ἐπάγει</span> <span class='ocrx_word' id='word_1_744' title='bbox 896 5393 924 5441; x_wconf 87' lang='lat'><strong>6</strong></span> <span class='ocrx_word' id='word_1_745' title='bbox 961 5386 1160 5460; x_wconf 76' lang='grc' dir='ltr'>ίερεῦς,</span> <span class='ocrx_word' id='word_1_746' title='bbox 1191 5386 1296 5442; x_wconf 71' lang='grc' dir='ltr'><strong>καῖ</strong></span> <span class='ocrx_word' id='word_1_747' title='bbox 1314 5391 1464 5458; x_wconf 85' lang='grc' dir='ltr'>λέγει</span> <span class='ocrx_word' id='word_1_748' title='bbox 1485 5391 1692 5460; x_wconf 87' lang='grc' dir='ltr'>τρίτον.</span> 
     </span>
    </p>
   </div>
   <div class='ocr_carea' id='block_1_106' title="bbox 513 5458 1659 5525">
    <p class='ocr_par' dir='ltr' id='par_1_106' title="bbox 513 5458 1659 5525">
     <span class='ocr_line' id='line_1_106' title="bbox 513 5458 1659 5525; baseline 0.004 -15"><span class='ocrx_word' id='word_1_749' title='bbox 513 5458 627 5524; x_wconf 76' lang='grc'><strong>(55)</strong></span> <span class='ocrx_word' id='word_1_750' title='bbox 673 5458 1107 5525; x_wconf 68' lang='grc' dir='ltr'>Ἀποκρίνεται.</span> <span class='ocrx_word' id='word_1_751' title='bbox 1137 5461 1335 5514; x_wconf 83' lang='lat' dir='ltr'><strong>Eadem</strong></span> <span class='ocrx_word' id='word_1_752' title='bbox 1370 5458 1659 5515; x_wconf 81' lang='grc' dir='ltr'>ὑπακούει.</span> 
     </span>
    </p>
   </div>
   <div class='ocr_carea' id='block_1_107' title="bbox 515 5527 2015 5600">
    <p class='ocr_par' dir='ltr' id='par_1_107' title="bbox 515 5527 2015 5600">
     <span class='ocr_line' id='line_1_107' title="bbox 515 5527 2015 5600; baseline -0.003 -15"><span class='ocrx_word' id='word_1_753' title='bbox 515 5528 628 5596; x_wconf 77' lang='lat'><strong>(36)</strong></span> <span class='ocrx_word' id='word_1_754' title='bbox 661 5529 764 5600; x_wconf 63' lang='grc' dir='ltr'>ιςαι</span> <span class='ocrx_word' id='word_1_755' title='bbox 782 5530 945 5600; x_wconf 77' lang='grc' dir='ltr'>χρίει</span> <span class='ocrx_word' id='word_1_756' title='bbox 997 5529 1188 5583; x_wconf 77' lang='grc' dir='ltr'>αὑτὸν</span> <span class='ocrx_word' id='word_1_757' title='bbox 1233 5527 1311 5593; x_wconf 82' lang='grc' dir='ltr'>τῷ</span> <span class='ocrx_word' id='word_1_758' title='bbox 1349 5531 1538 5600; x_wconf 83' lang='grc' dir='ltr'>μύρῳ.</span> <span class='ocrx_word' id='word_1_759' title='bbox 1572 5532 1768 5586; x_wconf 87' lang='lat' dir='ltr'><strong>Desunt</strong></span> <span class='ocrx_word' id='word_1_760' title='bbox 1822 5541 2015 5584; x_wconf 88' lang='lat' dir='ltr'><strong>cuncta</strong></span> 
     </span>
    </p>
   </div>
   <div class='ocr_carea' id='block_1_108' title="bbox 447 5595 2017 5672">
    <p class='ocr_par' dir='ltr' id='par_1_108' title="bbox 447 5595 2017 5672">
     <span class='ocr_line' id='line_1_108' title="bbox 447 5595 2017 5672; baseline 0.003 -25"><span class='ocrx_word' id='word_1_761' title='bbox 447 5595 558 5672; x_wconf 50' lang='lat' dir='ltr'><strong>haec</strong></span> <span class='ocrx_word' id='word_1_762' title='bbox 588 5595 638 5672; x_wconf 79' lang='lat' dir='ltr'><strong>iu</strong></span> <span class='ocrx_word' id='word_1_763' title='bbox 676 5598 988 5672; x_wconf 64' lang='lat' dir='ltr'><strong>Barberino,</strong></span> <span class='ocrx_word' id='word_1_764' title='bbox 1021 5599 1137 5672; x_wconf 78' lang='lat' dir='ltr'><strong>vice</strong></span> <span class='ocrx_word' id='word_1_765' title='bbox 1177 5595 1403 5672; x_wconf 67' lang='lat' dir='ltr'><strong>quorum</strong></span> <span class='ocrx_word' id='word_1_766' title='bbox 1430 5595 1652 5672; x_wconf 73' lang='lat' dir='ltr'><strong>legitur,</strong></span> <span class='ocrx_word' id='word_1_767' title='bbox 1697 5601 1824 5652; x_wconf 79' lang='grc' dir='ltr'>Ἐὰν</span> <span class='ocrx_word' id='word_1_768' title='bbox 1855 5601 1909 5652; x_wconf 78' lang='grc' dir='ltr'>δὲ</span> <span class='ocrx_word' id='word_1_769' title='bbox 1945 5603 2017 5672; x_wconf 83' lang='grc' dir='ltr'>μὴ</span> 
     </span>
    </p>
   </div>
   <div class='ocr_carea' id='block_1_109' title="bbox 448 5661 2019 5738">
    <p class='ocr_par' dir='ltr' id='par_1_109' title="bbox 448 5661 2019 5738">
     <span class='ocr_line' id='line_1_109' title="bbox 448 5661 2019 5738; baseline 0.005 -22"><span class='ocrx_word' id='word_1_770' title='bbox 448 5661 581 5718; x_wconf 73' lang='grc' dir='ltr'>οἶδεν</span> <span class='ocrx_word' id='word_1_771' title='bbox 613 5666 859 5735; x_wconf 72' lang='grc' dir='ltr'>λαλῆσαι,</span> <span class='ocrx_word' id='word_1_772' title='bbox 889 5669 917 5719; x_wconf 81' lang='lat'><strong>6</strong></span> <span class='ocrx_word' id='word_1_773' title='bbox 939 5661 1208 5738; x_wconf 69' lang='grc' dir='ltr'>ἀνάδοχος</span> <span class='ocrx_word' id='word_1_774' title='bbox 1239 5668 1402 5722; x_wconf 82' lang='grc' dir='ltr'>αὑτοῦ</span> <span class='ocrx_word' id='word_1_775' title='bbox 1440 5661 1703 5722; x_wconf 57' lang='grc' dir='ltr'>ὑπακούει</span> <span class='ocrx_word' id='word_1_776' title='bbox 1726 5687 1738 5700; x_wconf 89' lang='grc'><strong>·</strong></span> <span class='ocrx_word' id='word_1_777' title='bbox 1773 5673 1864 5724; x_wconf 75' lang='grc' dir='ltr'>καὶ</span> <span class='ocrx_word' id='word_1_778' title='bbox 1899 5661 2019 5724; x_wconf 46' lang='lat' dir='ltr'><strong>eis:</strong></span> 
     </span>
    </p>
   </div>
   <div class='ocr_carea' id='block_1_110' title="bbox 2126 5045 3732 5124">
    <p class='ocr_par' dir='ltr' id='par_1_110' title="bbox 2126 5045 3732 5124">
     <span class='ocr_line' id='line_1_110' title="bbox 2126 5045 3732 5124; baseline 0.005 -26"><span class='ocrx_word' id='word_1_779' title='bbox 2126 5045 2401 5124; x_wconf 70' lang='grc' dir='ltr'>κλίνοντος</span> <span class='ocrx_word' id='word_1_780' title='bbox 2455 5047 2548 5124; x_wconf 75' lang='grc' dir='ltr'><strong>τοῦ</strong></span> <span class='ocrx_word' id='word_1_781' title='bbox 2616 5049 3052 5124; x_wconf 69' lang='grc' dir='ltr'>μετερχομενου·</span> <span class='ocrx_word' id='word_1_782' title='bbox 3113 5052 3142 5104; x_wconf 89' lang='grc' dir='ltr'>ὁ</span> <span class='ocrx_word' id='word_1_783' title='bbox 3201 5051 3383 5124; x_wconf 60' lang='lat' dir='ltr'><strong>lapse;</strong></span> <span class='ocrx_word' id='word_1_784' title='bbox 3416 5051 3576 5124; x_wconf 55' lang='grc' dir='ltr'>ἔχων</span> <span class='ocrx_word' id='word_1_785' title='bbox 3623 5055 3732 5124; x_wconf 82' lang='grc' dir='ltr'>τὴν</span> 
     </span>
    </p>
   </div>
   <div class='ocr_carea' id='block_1_111' title="bbox 2128 5117 3732 5193">
    <p class='ocr_par' dir='ltr' id='par_1_111' title="bbox 2128 5117 3732 5193">
     <span class='ocr_line' id='line_1_111' title="bbox 2128 5117 3732 5193; baseline 0.007 -26"><span class='ocrx_word' id='word_1_786' title='bbox 2128 5119 2411 5193; x_wconf 46' lang='grc' dir='ltr'>χεῖρα-ἐπὶ</span> <span class='ocrx_word' id='word_1_787' title='bbox 2442 5117 2540 5193; x_wconf 81' lang='grc' dir='ltr'>τὴν</span> <span class='ocrx_word' id='word_1_788' title='bbox 2562 5117 2832 5193; x_wconf 40' lang='grc' dir='ltr'>’κεφαλὴν</span> <span class='ocrx_word' id='word_1_789' title='bbox 2855 5117 3043 5193; x_wconf 70' lang='grc' dir='ltr'>αὑτοῦ,</span> <span class='ocrx_word' id='word_1_790' title='bbox 3079 5117 3347 5190; x_wconf 75' lang='grc' dir='ltr'>ποιεῖτὴν</span> <span class='ocrx_word' id='word_1_791' title='bbox 3375 5117 3554 5193; x_wconf 73' lang='grc' dir='ltr'>εὐχὴν</span> <span class='ocrx_word' id='word_1_792' title='bbox 3585 5117 3732 5178; x_wconf 59' lang='grc' dir='ltr'>ταύ-</span> 
     </span>
    </p>
   </div>
   <div class='ocr_carea' id='block_1_112' title="bbox 2123 5186 3736 5260">
    <p class='ocr_par' dir='ltr' id='par_1_112' title="bbox 2123 5186 3736 5260">
     <span class='ocr_line' id='line_1_112' title="bbox 2123 5186 3736 5260; baseline 0.007 -24"><span class='ocrx_word' id='word_1_793' title='bbox 2123 5186 2262 5260; x_wconf 54' lang='lat' dir='ltr'><strong>grov-</strong></span> <span class='ocrx_word' id='word_1_794' title='bbox 2299 5186 2470 5260; x_wconf 84' lang='grc' dir='ltr'>Κύριε</span> <span class='ocrx_word' id='word_1_795' title='bbox 2554 5189 2682 5252; x_wconf 78' lang='grc' dir='ltr'>Θεὸς</span> <span class='ocrx_word' id='word_1_796' title='bbox 2717 5186 2894 5259; x_wconf 79' lang='grc' dir='ltr'>ἡμῶν.</span> <span class='ocrx_word' id='word_1_797' title='bbox 2924 5191 2992 5244; x_wconf 88' lang='lat' dir='ltr'><strong>Ut</strong></span> <span class='ocrx_word' id='word_1_798' title='bbox 3025 5207 3208 5260; x_wconf 88' lang='lat' dir='ltr'><strong>supra.</strong></span> <span class='ocrx_word' id='word_1_799' title='bbox 3247 5186 3402 5245; x_wconf 82' lang='lat' dir='ltr'><strong>Aliud</strong></span> <span class='ocrx_word' id='word_1_800' title='bbox 3435 5186 3567 5247; x_wconf 68' lang='lat' dir='ltr'><strong>vero</strong></span> <span class='ocrx_word' id='word_1_801' title='bbox 3597 5194 3736 5248; x_wconf 75' lang='lat' dir='ltr'><strong>Bar-</strong></span> 
     </span>
    </p>
   </div>
   <div class='ocr_carea' id='block_1_113' title="bbox 2125 5256 3733 5334">
    <p class='ocr_par' dir='ltr' id='par_1_113' title="bbox 2125 5256 3733 5334">
     <span class='ocr_line' id='line_1_113' title="bbox 2125 5256 3733 5334; baseline 0.006 -26"><span class='ocrx_word' id='word_1_802' title='bbox 2125 5256 2640 5334; x_wconf 33' lang='lat' dir='ltr'><strong>lmriuuut‘ita-legit</strong></span> <span class='ocrx_word' id='word_1_803' title='bbox 2674 5275 2686 5311; x_wconf 91' lang='lat'><strong>:</strong></span> <span class='ocrx_word' id='word_1_804' title='bbox 2712 5256 2818 5334; x_wconf 57' lang='lat' dir='ltr'><strong>Kc}</strong></span> <span class='ocrx_word' id='word_1_805' title='bbox 2850 5261 3050 5330; x_wconf 82' lang='grc' dir='ltr'>χρίσας</span> <span class='ocrx_word' id='word_1_806' title='bbox 3075 5256 3241 5334; x_wconf 70' lang='grc' dir='ltr'>αὑτὸν</span> <span class='ocrx_word' id='word_1_807' title='bbox 3263 5261 3326 5314; x_wconf 86' lang='grc' dir='ltr'>τὸ</span> <span class='ocrx_word' id='word_1_808' title='bbox 3357 5261 3516 5334; x_wconf 78' lang='grc' dir='ltr'>ἀγιον</span> <span class='ocrx_word' id='word_1_809' title='bbox 3552 5263 3733 5334; x_wconf 73' lang='grc' dir='ltr'>μῦρον</span> 
     </span>
    </p>
   </div>
   <div class='ocr_carea' id='block_1_114' title="bbox 2125 5327 3734 5401">
    <p class='ocr_par' dir='ltr' id='par_1_114' title="bbox 2125 5327 3734 5401">
     <span class='ocr_line' id='line_1_114' title="bbox 2125 5327 3734 5401; baseline 0.006 -23"><span class='ocrx_word' id='word_1_810' title='bbox 2125 5327 2391 5401; x_wconf 33' lang='grc' dir='ltr'>καθάπερ-</span> <span class='ocrx_word' id='word_1_811' title='bbox 2418 5329 2545 5392; x_wconf 78' lang='grc' dir='ltr'>τοὺς</span> <span class='ocrx_word' id='word_1_812' title='bbox 2575 5327 2995 5401; x_wconf 73' lang='grc' dir='ltr'>νεοφωτίστους,</span> <span class='ocrx_word' id='word_1_813' title='bbox 3031 5331 3126 5382; x_wconf 76' lang='grc' dir='ltr'>καὶ</span> <span class='ocrx_word' id='word_1_814' title='bbox 3153 5333 3318 5384; x_wconf 74' lang='grc' dir='ltr'>πάλιν</span> <span class='ocrx_word' id='word_1_815' title='bbox 3365 5327 3676 5401; x_wconf 79' lang='grc' dir='ltr'>ἐπεύχεται</span> <span class='ocrx_word' id='word_1_816' title='bbox 3705 5340 3734 5388; x_wconf 82' lang='lat'><strong>6</strong></span> 
     </span>
    </p>
   </div>
   <div class='ocr_carea' id='block_1_115' title="bbox 2127 5397 3734 5471">
    <p class='ocr_par' dir='ltr' id='par_1_115' title="bbox 2127 5397 3734 5471">
     <span class='ocr_line' id='line_1_115' title="bbox 2127 5397 3734 5471; baseline 0.006 -23"><span class='ocrx_word' id='word_1_817' title='bbox 2127 5399 2304 5471; x_wconf 74' lang='grc' dir='ltr'>ίερεὺς</span> <span class='ocrx_word' id='word_1_818' title='bbox 2333 5397 2544 5471; x_wconf 61' lang='grc' dir='ltr'>λέγωνή</span> <span class='ocrx_word' id='word_1_819' title='bbox 2575 5399 2680 5452; x_wconf 86' lang='grc' dir='ltr'><strong>Τοῦ</strong></span> <span class='ocrx_word' id='word_1_820' title='bbox 2715 5400 2919 5470; x_wconf 83' lang='grc' dir='ltr'>Κυρίου</span> <span class='ocrx_word' id='word_1_821' title='bbox 2950 5401 3251 5471; x_wconf 75' lang='grc' dir='ltr'>δεηθῶμεν.</span> <span class='ocrx_word' id='word_1_822' title='bbox 3289 5401 3466 5470; x_wconf 82' lang='grc' dir='ltr'>Κύριε</span> <span class='ocrx_word' id='word_1_823' title='bbox 3512 5397 3554 5455; x_wconf 72' lang='grc' dir='ltr'><strong>’ὁ</strong></span> <span class='ocrx_word' id='word_1_824' title='bbox 3593 5405 3734 5465; x_wconf 69' lang='grc' dir='ltr'>Θεὸς</span> 
     </span>
    </p>
   </div>
   <div class='ocr_carea' id='block_1_116' title="bbox 2123 5467 3731 5544">
    <p class='ocr_par' dir='ltr' id='par_1_116' title="bbox 2123 5467 3731 5544">
     <span class='ocr_line' id='line_1_116' title="bbox 2123 5467 3731 5544; baseline 0.006 -27"><span class='ocrx_word' id='word_1_825' title='bbox 2123 5467 2304 5544; x_wconf 72' lang='grc' dir='ltr'>ῄμῴν,</span> <span class='ocrx_word' id='word_1_826' title='bbox 2330 5469 2547 5544; x_wconf 39' lang='lat' dir='ltr'><strong>etc.-A_tl</strong></span> <span class='ocrx_word' id='word_1_827' title='bbox 2595 5467 2813 5544; x_wconf 75' lang='lat' dir='ltr'><strong>calcem</strong></span> <span class='ocrx_word' id='word_1_828' title='bbox 2841 5467 3104 5544; x_wconf 79' lang='lat' dir='ltr'><strong>orationis</strong></span> <span class='ocrx_word' id='word_1_829' title='bbox 3134 5467 3345 5525; x_wconf 71' lang='lat' dir='ltr'><strong>subdit.</strong></span> <span class='ocrx_word' id='word_1_830' title='bbox 3380 5467 3518 5544; x_wconf 32' lang='grc' dir='ltr'><strong>’.Καὶ</strong></span> <span class='ocrx_word' id='word_1_831' title='bbox 3579 5478 3650 5544; x_wconf 75' lang='grc' dir='ltr'>τῇ</span> <span class='ocrx_word' id='word_1_832' title='bbox 3681 5484 3731 5544; x_wconf 72' lang='grc' dir='ltr'>η’</span> 
     </span>
    </p>
   </div>
   <div class='ocr_carea' id='block_1_117' title="bbox 2124 5537 3729 5610">
    <p class='ocr_par' dir='ltr' id='par_1_117' title="bbox 2124 5537 3729 5610">
     <span class='ocr_line' id='line_1_117' title="bbox 2124 5537 3729 5610; baseline 0.009 -23"><span class='ocrx_word' id='word_1_833' title='bbox 2124 5537 2308 5606; x_wconf 65' lang='grc' dir='ltr'>ἡμέρᾳ.</span> <span class='ocrx_word' id='word_1_834' title='bbox 2339 5538 2570 5610; x_wconf 80' lang='grc' dir='ltr'>ἀπολύει</span> <span class='ocrx_word' id='word_1_835' title='bbox 2627 5539 2792 5592; x_wconf 80' lang='grc' dir='ltr'>αὐτὸν</span> <span class='ocrx_word' id='word_1_836' title='bbox 2827 5541 2967 5595; x_wconf 80' lang='grc' dir='ltr'><strong>κατά</strong></span> <span class='ocrx_word' id='word_1_837' title='bbox 3024 5543 3149 5605; x_wconf 81' lang='grc' dir='ltr'>τοὺς</span> <span class='ocrx_word' id='word_1_838' title='bbox 3179 5537 3729 5610; x_wconf 52' lang='grc' dir='ltr'>νεοςωτίστουςίᾟί</span> 
     </span>
    </p>
   </div>
   <div class='ocr_carea' id='block_1_118' title="bbox 2131 5609 2888 5676">
    <p class='ocr_par' dir='ltr' id='par_1_118' title="bbox 2131 5609 2888 5676">
     <span class='ocr_line' id='line_1_118' title="bbox 2131 5609 2888 5676; baseline 0.011 -18"><span class='ocrx_word' id='word_1_839' title='bbox 2131 5610 2334 5676; x_wconf 63' lang='lat' dir='ltr'><strong>reliqua</strong></span> <span class='ocrx_word' id='word_1_840' title='bbox 2365 5609 2416 5661; x_wconf 92' lang='lat' dir='ltr'><strong>iu</strong></span> <span class='ocrx_word' id='word_1_841' title='bbox 2454 5611 2642 5664; x_wconf 85' lang='lat' dir='ltr'><strong>eodem</strong></span> <span class='ocrx_word' id='word_1_842' title='bbox 2676 5611 2888 5666; x_wconf 86' lang='lat' dir='ltr'><strong>desunt.</strong></span> 
     </span>
    </p>
   </div>
  </div>
