3950 6166
369 307 506 376 13ἒὸ

1394 310 1491 376 DE
1534 315 1638 375 IIS
1676 313 1811 376 OUI
1853 309 2391 384 ABNEGABUNT,
2433 310 2592 371 ETC.

3490 314 3624 381 1326

441 429 504 476 '0
551 425 682 488 Θεος
738 426 766 479 6
801 425 974 497 μὲγας
1032 405 1125 483 καὶ
1182 429 1596 499 μεγαλώνυμος,
1635 430 1663 480 ὁ
1714 427 1775 479 τὸ
1803 425 1932 497 πρὶν

2121 421 2261 478 Deus
2310 440 2536 494 magnus
2569 425 2847 479 ctexcelsi
2901 427 3173 493 nominis,
3228 426 3318 498 qui
3371 438 3622 483 tenebras

361 515 556 577 σκότος
590 516 832 585 φωτίσας
874 517 951 588 τῷ
1006 519 1148 590 λόγῳ
1169 520 1260 573 τοῦ
1298 521 1566 590 στόματός
1605 536 1698 572 σου
1726 537 1740 550 ·
1797 521 1826 571 6
1851 519 1940 571 τὸν

365 608 629 678 μονογενῆ
671 625 763 662 σου
791 609 919 662 Υίὸν
960 610 1347 676 ἐξαποστείλας
1379 615 1457 676 εἰς
1505 610 1596 664 τὸν
1624 612 1831 680 κόσμον
1860 615 1940 675 είς

365 697 595 767 ίλασμὸν
642 699 750 751 τῶν
807 702 1092 772 ἁμαρτιῶν
1142 704 1337 774 ήμῶνο
1392 707 1420 758 6
1482 705 1792 774 καθήμενος
1848 707 1941 760 ἐπὶ

361 785 470 839 τῶν
502 788 808 860 Χερουϐὶμ,
835 793 928 844 καὶ
970 793 1354 864 δεδοξασμένος
1393 795 1497 849 ὑπὸ
1519 796 1627 849 τῶν
1654 795 1902 865 Σεραφίμ
1924 811 1938 825 ”

360 869 404 944 ᾧ
437 879 547 932 πᾶν
576 881 705 949 γόνυ
737 884 981 954 κάμπτει
1009 885 1116 938 τῶν
1157 888 1522 960 ἐπουρανίων,
1552 889 1648 943 καὶ
1678 888 1938 957 ἐπιγείων

362 970 456 1023 καὶ
486 973 876 1044 καταχθονίων,
905 977 997 1029 καὶ
1031 979 1180 1031 πᾶσα
1213 978 1432 1047 γλῶσσα
1458 979 1934 1051 ἐξομολογήσεται.

361 1054 591 1116 Βασιλεῦ
621 1065 728 1118 τῶν
755 1065 1047 1144 αίώνωνυό
1072 1069 1405 1138 ἐπισυνάξας
1428 1072 1487 1124 τὸ
1514 1071 1937 1141 πεπλανημένον

361 1155 637 1224 πρόϐατον
661 1158 739 1220 είς
768 1158 866 1229 τὴν
900 1161 1134 1232 ποίμνην
1158 1161 1253 1214 τοῦ
1286 1163 1537 1234 Σωτῆρος
1559 1163 1720 1232 ἡμῶν
1762 1162 1935 1232 Ἰησοῦ

359 1245 601 1314 Χριστοῦ
630 1265 644 1279 ·
682 1251 710 1301 6
754 1252 1104 1321 ἐπιστρέφων
1136 1253 1462 1324 ἁμαρτωλὸν
1485 1256 1550 1307 ἐκ
1578 1253 1790 1324 πλάνης
1814 1254 1934 1308 ὁδοῦ

359 1337 550 1391 αὐτοῦ’
576 1339 738 1404 αὐτὸς
760 1342 1085 1414 ἐπίστρεψον
1110 1347 1204 1400 καὶ
1241 1347 1332 1399 τὸν
1364 1347 1548 1410 δοῦλόν
1580 1365 1674 1400 σου
1710 1347 1818 1399 ἀπὸ
1842 1347 1933 1400 τοῦ

363 1433 585 1496 σκότους
613 1433 708 1486 τοῦ
761 1433 1168 1505 Ἀντικειμένου
1198 1437 1334 1510 πρὸς
1358 1439 1420 1490 τὸ
1463 1438 1580 1508 φῶς
1606 1438 1666 1490 τὸ
1693 1439 1931 1503 αἰώνιον,

357 1521 694 1587 ἀνακαλέσας
724 1525 886 1577 αὐτὸν
910 1527 1018 1580 ἀπὸ
1069 1526 1170 1597 τῆς
1200 1528 1408 1598 πλάνης
1439 1529 1533 1582 τοῦ
1573 1528 1821 1583 διαϐόλου
1855 1533 1934 1593 είς

358 1612 454 1684 τὴν
486 1615 818 1683 θεογνωσίαν
848 1618 941 1670 τοῦ
984 1621 1308 1687 μονογενοῦς
1336 1639 1429 1674 σου
1456 1621 1608 1686 Υίοῦ,
1636 1618 1934 1693 ὲδραίωσον

357 1704 522 1756 αὐτοῦ
559 1706 656 1776 τὴν
700 1707 931 1779 καρδίαν
972 1708 1032 1760 ἐν
1073 1710 1276 1774 πίστει,
1334 1712 1392 1763 ἐν
1425 1712 1614 1784 ἀγάπῃ
1667 1711 1760 1765 τοῦ
1794 1713 1931 1784 Χριο

2045 513 2304 581 pristinas
2338 515 2449 567 oris
2511 516 2584 567 lui
2640 517 2804 568 verbo
2828 515 3167 581 illuminasti,
3199 518 3290 588 qui
3329 522 3394 573 ad
3428 536 3621 589 pecca-

2045 615 2222 659 torum
2287 607 2725 676 propitiationem
2769 608 3104 678 unigenitum
3136 610 3332 664 Filium
3383 621 3530 668 tuum
3572 617 3620 668 Eu

2044 705 2243 750 terram
2275 699 2490 770 misisti,
2533 698 2624 766 qui
2655 699 2812 753 sedes
2844 715 3007 768 super
3027 701 3341 766 Chcrubim,
3367 715 3422 759 et
3463 722 3491 759 a
3525 709 3620 760 Se-

2050 787 2260 854 raphim
2293 788 2657 855 gleriticaris;
2691 791 2777 844 cui
2804 805 2965 844 omne
3007 808 3146 863 genu
3181 792 3417 849 ﬂectitur
3453 800 3612 852 cmlr.

2043 880 2238 942 stium,
2261 882 2616 946 terrestrium,
2649 892 2702 936 et
2740 884 3098 946 inferuerunt.
3145 897 3196 940 et
3225 889 3403 943 omnis
3437 891 3616 962 lingua

2043 970 2414 1030 confitebitur.
2454 973 2564 1027 Rex
2605 976 2928 1030 saeculorum
2965 979 3056 1046 qui
3081 991 3355 1036 errantem
3380 997 3535 1038 ovem
3565 987 3616 1036 in

2043 1061 2345 1120 Salvatoris
2377 1067 2546 1122 nostri
2576 1064 2706 1122 Jesu
2733 1067 2940 1124 Christi
2973 1072 3114 1126 ovile
3147 1089 3484 1146 congregas;
3527 1080 3616 1146 qtzi

2039 1168 2379 1226 peccatorcm
2415 1175 2441 1214 a
2476 1161 2561 1213 via
2588 1163 2794 1217 erroris
2819 1164 2936 1231 ejus
2962 1168 3164 1221 avertis
3201 1183 3215 1220 ι
3255 1169 3368 1237 ipse
3402 1186 3619 1242 quoque

2039 1261 2256 1300 servum
2288 1257 2435 1301 tuum
2488 1249 2554 1303 ab
2603 1250 2905 1307 adversarii
2960 1257 3198 1310 tenebris
3239 1259 3305 1313 ad
3353 1271 3614 1315 aeternum

2034 1336 2217 1408 lumen
2273 1349 2550 1405 converte,
2592 1350 2645 1396 et
2683 1344 2749 1396 ab
2810 1358 2997 1400 errore
3023 1348 3218 1402 diaboli
3273 1351 3339 1404 ad
3377 1353 3614 1406 divinam

2040 1431 2300 1499 uuigeuiti
2356 1431 2478 1485 Filii
2520 1433 2596 1486 tui
2629 1435 2991 1503 cognitibuem
3034 1455 3250 1494 revoca.
3302 1442 3411 1498 Cor
3473 1445 3619 1498 illius

2037 1523 2088 1577 in
2124 1524 2246 1588 ﬁde,
2273 1534 2325 1579 et
2362 1527 2413 1580 in
2448 1525 2740 1581 dilectione
2772 1526 2974 1582 Christi
3020 1534 3092 1584 tui
3127 1535 3388 1589 confirma
3423 1554 3436 1590 :
3493 1554 3620 1606 par-

2037 1625 2141 1668 tem
2185 1616 2256 1668 illi
2307 1626 2361 1670 et
2392 1628 2592 1673 sortem
2623 1619 2674 1672 in
2710 1618 2948 1675 Ecclesia
2985 1631 3072 1676 tua
3107 1625 3324 1695 largire.
3364 1628 3440 1681 Tu
3468 1632 3612 1684 cnim

2031 1726 2094 1764 es
2120 1711 2260 1764 Deus
2292 1722 2500 1775 noster,
2539 1722 2692 1768 extra
2723 1724 2772 1768 te
2801 1714 2966 1769 alium
3001 1733 3105 1772 non
3156 1720 3415 1776 novimus
3469 1740 3485 1774 :
3514 1739 3616 1778 no~

359 1795 485 1849 στοῦ
525 1813 643 1854 σου.
689 1799 900 1871 Μερίδα
932 1802 1028 1853 καὶ
1084 1801 1284 1873 κλῆρον
1321 1802 1470 1874 αὑτῷ
1514 1783 1739 1875 χάρισαι
1775 1805 1833 1855 ἐν
1852 1783 1928 1875 τῇ

2041 1817 2160 1856 men
2188 1809 2336 1856 tuum
2375 1803 2711 1870 invocamus,
2738 1817 2796 1859 ut
2825 1805 3028 1878 iugiter
3059 1821 3111 1864 et
3141 1811 3209 1864 ab
3251 1815 3507 1870 omnibus
3542 1818 3617 1870 sis

371 1886 670 1959 Ἐκκλησία
699 1905 792 1940 σου
813 1905 826 1919 ’
876 1889 940 1942 σὺ
972 1890 1081 1961 γὰρ
1113 1887 1162 1944 εὶ
1189 1894 1216 1945 6
1253 1891 1385 1955 Θεὸς
1418 1892 1596 1964 ἡμῶν,
1648 1894 1804 1958 ἐκτός
1833 1912 1927 1948 σου

2040 1894 2354 1949 benedictus
2389 1894 2528 1950 Deus
2558 1904 2764 1960 noster,
2801 1906 2854 1951 et
2912 1901 3224 1967 unigenitus
3259 1901 3431 1960 Filius
3469 1915 3614 1970 tuus,

356 1973 514 2028 ἄλλον
551 1977 652 2030 οὐκ
695 1978 937 2048 οἴδαμεν.
973 1981 1046 2033 Τὸ
1089 1980 1262 2052 ὄνομά
1293 1992 1420 2035 ’σου
1449 1983 1812 2054 ὀνομάζομεν,
1841 1983 1929 2038 ἵνα

2041 1995 2091 2045 et
2124 1985 2358 2054 Spiritus
2394 1996 2517 2044 tuus
2559 2000 2826 2046 sanctus:
2869 2007 3016 2048 nunc
3083 2005 3137 2048 et
3172 2011 3412 2065 semper,
3459 2007 3512 2054 et
3562 2003 3613 2053 iu

357 2067 608 2133 πάντοτε,
650 2071 746 2124 καὶ
776 2071 865 2125 διὰ
907 2072 1124 2127 πάντων
1177 2075 1294 2146 εἴης
1327 2075 1694 2148 εὐλογημένος
1740 2078 1766 2128 6
1797 2075 1928 2140 Θεὸς

2037 2077 2233 2134 saecula
2267 2079 2608 2141 smcuiorum.

355 2158 532 2227 ἡμῶν,
567 2161 715 2218 καὶὸ
749 2165 1045 2236 μονογενής
1078 2183 1172 2217 σου
1200 2167 1351 2230 Υἱὸς,
1377 2169 1472 2220 καὶ
1516 2169 1576 2220 τὸ
1643 2168 1868 2237 Πνεῦμα
1890 2185 1982 2222 σου
2019 2170 2078 2221 τὸ
2107 2169 2284 2237 ἆγιον,
2354 2169 2447 2224 νῦν
2499 2172 2591 2224 καὶ
2635 2173 2742 2239 ἀεὶ,
2800 2175 2892 2229 καὶ
2939 2179 3018 2241 εἰς
3079 2181 3205 2243 τοὺς
3255 2184 3458 2247 αίῶνας
3508 2187 3614 2241 τῶν

353 2253 582 2310 αἰώνων.

423 2373 577 2444 Μετά
623 2374 680 2426 δέ
709 2375 790 2437 τὸ,
834 2377 1038 2445 Ἀμήν,
1091 2379 1408 2447 σφραγίζων
1459 2381 1620 2434 αὐτὸν
1663 2377 1928 2434 ἀπολύειο

355 2465 449 2517 καὶ
471 2464 657 2519 λοιπὸν
684 2469 713 2520 6
740 2468 1148 2539 ἀναθεματίσας
1179 2472 1392 2538 γίνεται
1424 2473 1754 2543 Χριστιανός
1777 2489 1791 2504 ·
1833 2471 1931 2526 εἶτ’

353 2553 443 2609 οὖν
471 2557 744 2626 λογίζεται
777 2559 852 2625 ὡς
884 2561 1211 2632 Χριστιανὸς
1257 2564 1610 2632 ἀϐάπτιστος,
1654 2561 1743 2619 οἷα
1769 2568 1934 2637 τυχόν

352 2651 459 2701 εἰσι
489 2650 597 2703 τῶν
625 2652 968 2722 Χριστιανῶν
998 2654 1079 2706 τὰ·
1103 2657 1290 2710 παιδία
1321 2657 1388 2710 τὰ
1420 2658 1683 2726 μέλλοντα
1737 2658 1932 2728 βαπτί-

353 2739 542 2803 ζεσθαι
566 2760 580 2774 ο
614 2748 678 2814 τῇ
707 2745 763 2798 δὲ
794 2745 920 2816 ἐξῆς
944 2747 1128 2819 ἡμέρᾳ
1160 2750 1582 2819 συναριθμεῖται
1621 2753 1735 2813 τοῖς
1791 2757 1925 2803 κατ-

355 2832 681 2901 ηχουμένοις
708 2851 720 2863 ο
747 2835 1116 2906 ἀποδυόμενον
1135 2838 1242 2908 γὰρ
1265 2838 1427 2891 αὑτὸν
1446 2838 1541 2890 καὶ
1559 2837 1930 2908 ἀπολυόμενον

353 2911 562 2992 εἰσάγει
591 2928 617 2978 6
650 2927 848 2996 ἱερεὺς,
889 2929 982 2982 καὶ
1017 2929 1230 3000 ἵστησιν
1262 2930 1474 2983 ἔνδοθεν
1507 2929 1601 2984 τοῦ
1641 2935 1770 2985 ναοῦ
1825 2949 1929 2985 πυ-

353 3009 459 3063 λῶν
485 3015 626 3067 κατά
647 3017 933 3083 ἀνατολὰς,
959 3021 1052 3071 καὶ
1081 3021 1335 3088 ἐκφυσῶν
1365 3023 1517 3092 αὐτῷ
1542 3021 1722 3093 τρίτον
1756 3039 1931 3093 σφρα-

352 3103 492 3169 γίζει
525 3106 587 3157 τὸ
625 3107 884 3177 μέτωπον
905 3111 1093 3174 αὑτοῦ,
1124 3113 1217 3165 καὶ
1240 3113 1300 3165 τὸ
1333 3115 1530 3183 στῆθος
1555 3130 1567 3142 ·
1594 3117 1690 3168 καὶ
1714 3116 1927 3179 ἐπιθεὶς
1953 3159 1997 3217 C

354 3193 447 3217 -.ιη
480 3198 632 3217 -.-ς-μ
677 3200 724 3217 γ·
803 3198 828 3208 α
897 3203 922 3217 η
1098 3202 1155 3217 κι-
1212 3203 1268 3217 \n
1421 3205 1430 3217 ι
1545 3206 1557 3217 ο
1615 3206 1625 3217 ι
1780 3207 1791 3217 ι

352 3193 448 3264 τὴν
480 3198 637 3266 χεῖρα
665 3198 830 3252 αὑτοῦ
864 3203 926 3270 τῇ
950 3202 1182 3273 κεφαλῇ,
1212 3203 1480 3278 λέγειῗτὴν
1508 3206 1922 3278 εὐχὴν-ταύτηνο

434 3329 557 3382 Ἐπὶ
592 3332 666 3401 τῷ
697 3331 922 3386 ὀνόματί
951 3352 1068 3402 σου,
1101 3336 1298 3406 Κύριε.

419 3551 532 3604 Καὶ
554 3554 690 3622 μετὰ
717 3555 798 3621 τὸ,
840 3557 1045 3631 Ἀμὴν,
1075 3561 1394 3632 σφραγίζων
1426 3558 1672 3631 ἀπολύει,
1703 3566 1795 3617 καὶ
1824 3565 1921 3638 τὴν
2017 3565 2020 3570 ’

349 3639 609 3696 ἐπιοῦσαν
657 3643 1018 3714 ἐξορκίζεται.
1077 3650 1246 3703 Πάλιν
1305 3651 1414 3722 γὰρ
1446 3653 1633 3707 τοῦτον
1688 3655 1839 3722 ἄγων
1896 3658 1924 3709 6

350 3733 528 3800 ἱερεὺς
560 3736 638 3798 εἰς
666 3738 757 3791 τὸν
784 3740 912 3798 ναὸν
941 3743 1165 3814 ἐμφυσᾷ
1198 3745 1378 3815 τρίτον
1407 3739 1487 3809 εἰς
1519 3745 1580 3798 τὸ
1607 3747 1915 3817 πρόσωπον,

347 3825 442 3876 καὶ
472 3825 540 3877 τά
569 3820 684 3880 ὦτα
748 3829 934 3895 αὑτοῦ,
993 3834 1084 3885 καὶ
1131 3835 1398 3904 ἐπιλέγων
1437 3836 1545 3891 τῶν
1575 3835 1918 3910 ἐξορκισμῶν

349 3916 443 3978 τὰς
471 3917 660 3986 εὒχάς,
715 3920 873 3984 αὖθις
904 3925 1194 3994 σφραγίζει
1231 3928 1328 3980 καὶ
1357 3928 1580 3982 ἀπολύει
1603 3947 1616 3962 ο
1651 3930 1744 3984 καὶ
1775 3931 1917 3985 οὕτω

347 4006 510 4061 πάλιν
532 4011 962 4082 κατηχούμενος,
995 4012 1094 4094 εἴτ’
1129 4013 1224 4071 οὖν
1253 4018 1638 4091 διδασκόμενος
1683 4025 1919 4094 χρονίζει

346 4098 422 4160 είς
452 4098 549 4170 τὴν
576 4102 895 4172 ἐκκλησίαν,
931 4107 1025 4160 καὶ
1055 4092 1325 4180 ἀκροᾶται
1355 4112 1463 4165 τῶν
1494 4092 1746 4185 Γραφῶνή.
1783 4112 1918 4169 Εἶτα

345 4187 682 4260 τελουμένων
707 4193 928 4248 πάντων
953 4197 1062 4250 τῶν
1095 4199 1188 4251 ἐπὶ
1217 4199 1296 4270 τῷ
1340 4199 1679 4274 βαπτίσματι
1712 4222 1918 4275 νενομι-

349 4281 560 4351 σμένων
585 4326 600 4351 ,
632 4283 876 4350 ἀξιοῦται
908 4289 1006 4359 τῆς
1030 4289 1180 4354 Θείας
1212 4294 1540 4363 γεννήσεως.

2106 2384 2172 2437 Ει
2213 2400 2494 2453 responso,
2525 2385 2711 2453 Amen,
2745 2389 3018 2459 signatum
3065 2394 3288 2448 dimittit
3331 2400 3605 2455 sacerdos.

2037 2475 2156 2528 Mox
2187 2476 2298 2546 ipse
2322 2478 2610 2534 haereticus
2652 2483 3122 2541 anathematizans
3149 2487 3208 2540 [it
3236 2487 3605 2555 Chrisuanus,

2035 2565 2086 2618 id
2120 2575 2225 2629 est,
2259 2579 2544 2638 reputatur
2573 2583 2634 2626 ut
2673 2572 3019 2630 Christianus
3067 2579 3304 2632 nomlum
3370 2582 3608 2649 baptiza.

2036 2667 2120 2712 tus
2152 2676 2165 2714 :
2197 2662 2386 2728 quales
2433 2663 2610 2718 solent
2639 2665 3078 2721 Christianorum
3125 2671 3276 2738 pueri
3305 2672 3480 2730 adlmc
3510 2675 3609 2729 ba-

2033 2755 2287 2819 ptizandi.
2336 2753 2593 2824 Sequenti
2633 2767 2812 2813 autem
2865 2759 2950 2815 die
2980 2763 3390 2820 catechumenis
3436 2781 3611 2819 annu-

2035 2855 2293 2900 meratur.
2326 2847 2555 2903 Exutum
2580 2851 2725 2903 enim
2762 2852 2930 2916 illum,
2965 2862 3019 2907 et
3079 2855 3302 2921 pedibus
3348 2861 3607 2921 nudatum

2035 2936 2261 3002 inducit,
2295 2947 2349 2992 et
2389 2940 2526 2993 intra
2553 2943 2738 3009 templi
2787 2943 2939 2998 fores
2966 2947 3032 2999 ad
3079 2919 3381 3028 Orientem].
3421 2953 3610 3004 statuit

2031 3027 2283 3081 sacerdos
2315 3044 2327 3091 ;
2362 3037 2416 3082 et
2447 3039 2529 3083 ter
2556 3029 2606 3084 in
2636 3030 2828 3086 faciem
2859 3043 2910 3087 et
2941 3044 3126 3102 pectus
3149 3036 3264 3099 ejus
3291 3027 3605 3103 CXSttin;ttts,

2033 3113 2436 3186 imponensqne’
2469 3119 2585 3187 ejus
2654 3123 2817 3191 capiti
2870 3139 3110 3190 manum,
3153 3126 3286 3180 dicit
3317 3127 3454 3182 hanc
3482 3147 3607 3182 ora-

2032 3205 2290 3262 tionem?

2097 3343 2154 3397 lu
2189 3354 2280 3400 tuo
2310 3347 2570 3414 nomine,
2608 3349 2859 3413 Domine,
2905 3359 3011 3405 etc.
3041 3352 3314 3420 (Hahetur
3339 3355 3390 3409 in
3419 3355 3608 3412 Οηίιοῑο

1995 3485 1998 3490 .
2029 3434 2094 3489 de
2116 3436 2426 3508 baptismo.)

2103 3569 2168 3622 Et
2198 3586 2478 3641 responso,
2508 3586 2693 3641 Amen,
2738 3580 3008 3648 signatum
3051 3598 3210 3640 cruce
3237 3587 3462 3642 dimittit
3491 3609 3504 3645 :
3550 3601 3605 3644 rt

2031 3665 2276 3732 sequenti
2307 3664 2392 3720 die
2418 3668 2752 3724 exorcismos
2777 3674 3109 3745 aggreditur.
3140 3676 3344 3734 lterum
3367 3695 3602 3749 namqtm

2030 3751 2082 3804 in
2119 3751 2374 3821 templum
2418 3753 2564 3808 illum
2607 3761 2862 3822 sacerdos
2902 3763 3127 3830 inducit,
3160 3776 3216 3822 et
3247 3769 3298 3823 in
3328 3769 3526 3826 faciem
3549 3784 3603 3828 et

2029 3843 2079 3894 in
2110 3857 2270 3899 aures
2301 3846 2418 3916 ejus
2447 3847 2696 3904 exsuﬂlat
2724 3854 3301 3926 :exorcismorumquc
3322 3864 3602 3920 orationes

2027 3934 2319 4007 subjungjt,
2344 3954 2641 4012 rursusque
2671 3959 2832 4000 cruce
2859 3948 3128 4014 signatum
3151 3951 3399 4007 dimittit.
3422 3955 3600 4025 Atque

2024 4027 2093 4080 ita
2136 4027 2393 4100 deinceps
2431 4042 2490 4086 ut
2541 4037 2967 4094 cateclmmenus
3019 4055 3117 4096 seu
3169 4043 3492 4111 instructus,
3545 4049 3602 4101 in

2023 4120 2253 4202 ecclesia,
2291 4126 2568 4192 morandi,
2607 4136 2662 4181 et
2707 4127 3020 4197 Scripturas
3051 4134 3304 4189 audiendi
3340 4136 3432 4204 jus
3457 4137 3598 4192 obti-

2023 4195 2134 4264 net.
2200 4212 2398 4269 Deinde
2451 4216 2706 4285 perfectis
2756 4195 3007 4278 omnibus
3058 4225 3203 4279 circa
3267 4195 3596 4296 baptismum

2020 4303 2288 4362 ordinatis
2315 4349 2329 4371 ,
2365 4307 2540 4362 divina
2574 4314 2981 4382 regeneratione
3009 4317 3205 4387 dignus
3238 4321 3487 4380 habetur.
