3950 6166
392 319 527 382 1333
1769 318 1952 376 ORA']

2081 315 2222 375 (ES-
3507 299 3641 362 1334

809 475 1656 484 ουνηῊω-νῆ
1675 477 1896 484 --...._~.~.._
1908 473 2369 484 Μ

1509 477 1656 483 -νῆ
1675 477 1896 484 --...~_-._
1908 472 2764 484 w~_———~
2775 471 3069 479 ——---—-—'——-—-

411 472 808 486 Μ

1843 636 2168 696 ΝΟἸΊἸἸΛ
2185 683 2197 695 .

1607 826 1860 887 (LEQUIBN,
1890 825 1976 875 0r.
1999 791 2180 876 Christ.
2208 825 2265 874 t.l
2293 839 2338 886 p.
2369 825 2503 882 595.)

458 1017 673 1086 Synodo
707 1019 1340 1092 Constantinopoliumm,
1367 1037 1486 1091 quae
1517 1031 1636 1089 post
1659 1019 1833 1073 sancti
1869 1018 2065 1087 lgnatii'
2091 1017 2296 1069 ohitn-n
2326 1018 2394 1070 ob
2431 1017 2680 1072 Phounm
2706 1019 3013 1070 restitutum
3042 1029 3231 1072 COncla
3256 1027 3338 1071 est
3368 1058 3382 1080 ,
3422 1017 3637 1072 allnisso

385 1115 439 1158 ct
478 1106 874 1174 subscripsisse
920 1109 1115 1178 legitur
1155 1107 1420 1177 Georgius
1470 1107 1828 1171 Nicomedim,
1859 1107 1945 1158 Γει

2075 1122 2136 1156 ου
2176 1104 2584 1180 Νικοεηδεξας,
2622 1103 2895 1174 Γεώργιος
2937 1104 3332 1175 Νικομηδείας.
3371 1104 3462 1158 Sic
3508 1122 3633 1175 pro-

385 1192 528 1246 fecto
560 1194 868 1262 legendum,
907 1213 1011 1250 non
1045 1207 1102 1251 ut
1145 1197 1454 1252 Hairdu'mus
1483 1198 1533 1249 in
1566 1197 1803 1250 editione
1835 1193 2188 1248 Conciliomm
2220 1191 2543 1262 Γρηγορίου,
2591 1190 2863 1262 Gregorio.
2900 1191 3096 1245 Photio
3135 1193 3388 1245 nimirum
3444 1195 3636 1245 arctis"

385 1280 521 1346 sima
554 1282 879 1351 conjunctus
915 1285 1316 1340 necessitudine
1343 1295 1462 1339 erat
1501 1283 1752 1352 Georgius
1792 1279 2230 1340 Nicomediensis,
2261 1294 2418 1348 quem
2455 1280 2626 1347 prima
2674 1275 2824 1346 viCe,‘
2860 1295 2963 1348 qua
3000 1279 3620 1348 Constnutiuopolitanm

383 1371 530 1426 sedis
556 1385 777 1439 compos
815 1369 945 1437 fuit,
988 1388 1052 1424 ex
1086 1387 1290 1442 magnae
1315 1373 1561 1427 ecclesia:
1600 1369 2054 1438 Chartophylace,
2091 1367 2353 1436 Bithynia:
2399 1367 2678 1435 metropoli
2717 1368 3066 1435 imposuerat.
3110 1368 3164 1420 Id
3214 1367 3358 1436 quod
3402 1367 3625 1424 Photius

385 1457 498 1523 ipse
529 1465 760 1512 testatur
793 1459 955 1526 epist.
985 1457 1076 1521 24,
1119 1474 1280 1527 quam
1318 1461 1382 1513 ad
1414 1462 1584 1527 ipsum
1624 1457 1841 1526 scripsit
1890 1455 1945 1507 Γε

2075 1456 2148 1524 ’ίῳ
2184 1453 2556 1525 μητροπολὶτῃ
2602 1453 2970 1524 Νικομηδείας
2992 1493 3007 1518 ,
3034 1452 3256 1521 Georgio
3305 1453 3635 1508 Nicomedia:

384 1545 751 1611 metrOpolitw.
778 1545 927 1600 Alias
948 1560 1163 1613 quoque
1190 1543 1264 1598 illi
1304 1544 1563 1614 epistolas
1593 1544 1760 1606 dedit,
1781 1556 1902 1612 qua:
1918 1551 2138 1595 exstant
2168 1544 2327 1596 hodie
2355 1560 2368 1595 :
2405 1558 2471 1597 ac
2496 1542 2676 1597 missis
2709 1543 2852 1607 aliis,
2881 1542 3043 1610 epist.
3073 1541 3208 1604 ηδ..
3233 1558 3354 1611 qua:
3386 1544 3622 1598 Busche-

386 1631 530 1686 moni
576 1632 839 1687 Caesareae
875 1642 926 1686 et
970 1633 1143 1687 cidem
1196 1631 1417 1702 Georgio
1472 1631 1799 1686 Nicomediae
1838 1630 2174 1695 inscribitur,
2227 1629 2389 1684 veluti
2448 1643 2508 1684 se
2563 1629 2860 1698 Byzantina
2906 1630 3034 1684 sede
3074 1629 3329 1698 ejectum,
3379 1631 3453 1683 ita
3514 1632 3633 1686 illos

382 1735 622 1789 quoque,
664 1731 722 1774 ut
766 1737 861 1791 par
907 1733 1064 1786 erat,
1101 1722 1306 1791 lgnatio
1363 1723 1620 1777 thronum
1663 1737 1819 1777 suum
1879 1719 2171 1786 recipiente
2215 1718 2418 1788 cjectos
2443 1719 2736 1788 signiticat.
2777 1716 2996 1771 Illorum
3042 1719 3402 1772 constantiam
3439 1719 3628 1775 laudat.

382 1825 541 1885 atque
575 1817 824 1872 ﬁduciam
879 1821 930 1872 in
966 1820 1130 1874 Deum
1192 1819 1452 1876 adversus
1481 1821 1759 1878 ﬁmalorum
1803 1819 2168 1889 ingruentium
2219 1826 2592 1887 tempestatem
2619 1859 2633 1883 ,
2681 1833 2845 1886 quam
2888 1818 3195 1888 tyrannidis
3262 1816 3629 1871 intensionem

383 1925 578 1964 vocare
611 1927 716 1967 non
750 1913 958 1966 dubitat
991 1914 1315 1969 vaferrimus
1352 1916 1653 1981 simulator,
1701 1914 1818 1983 ipse
1871 1928 2041 1981 nuper
2072 1910 2385 1982 Byzantium
2435 1911 2694 1966 Ecclesiae
2727 1922 2990 1982 tyrannus
3014 1956 3027 1978 ,
3083 1913 3176 1966 τὸν
3209 1909 3460 1982 χειᾷῖυνα.
3516 1907 3626 1962 τῶν

381 1999 566 2052 κακῶν
620 2001 714 2055 καὶ
742 2001 841 2071 τῆς
860 2004 1176 2072 τυραννίδος
1205 2005 1600 2074 ἐκτεινόμενον.
1635 2003 1941 2059 Nicomedis

2064 2019 2102 2056 n
2131 2004 2314 2072 itaque
2340 2003 2522 2078 sedem
2558 2001 2830 2072 Georgius
2855 2003 3061 2072 lguatio
3095 2002 3354 2057 defuncto
3386 2001 3624 2070 repetiit.

381 2084 551 2154 llnjus
599 2089 782 2156 utique
827 2099 957 2143 sunt
1012 2090 1255 2146 Humilia
1301 2092 1516 2161 Georgii
1549 2091 1893 2154 Nicomediae,
1949 2106 2085 2158 quas
2125 2089 2484 2144 Gombelisius
2512 2079 2702 2144 Graece
2757 2088 3374 2165 Latinequeevulgavit
3411 2097 3539 2165 tom.
3603 2087 3617 2139 Ι

380 2172 533 2228 Auct.
574 2173 712 2228 Bibl.
749 2173 866 2230 PP.
916 2175 1110 2237 erc.,
1148 2193 1252 2231 non
1284 2179 1572 2234 anterioris
1620 2180 1709 2248 qui
1747 2188 1987 2248 tempore
2021 2176 2251 2232 lleraelii
2283 2176 2412 2246 imp.
2444 2187 2500 2231 et
2554 2176 2772 2248 Georgii
2822 2177 3014 2232 Pisidae
3065 2163 3329 2232 claruerit
3355 2217 3367 2238 .
3411 2163 3468 2230 ut
3517 2176 3634 2229 viro

381 2260 696 2316 doctissimo
743 2264 914 2318 visum
953 2275 1056 2321 est.
1094 2264 1228 2320 Vlde
1260 2266 1426 2321 Leon.
1465 2266 1630 2321 Allat.
1676 2265 1922 2320 Dintriba
1958 2265 2023 2318 de
2055 2262 2292 2332 Georgii:
2319 2302 2334 2326 ,
2385 2279 2508 2332 pag.
2552 2263 2679 2318 315.
2724 2264 2989 2332 Georgius
3043 2263 3373 2318 Nicomedia:
3423 2272 3628 2316 metro-

380 2351 544 2418 polita
588 2355 726 2421 apud
759 2355 1130 2410 doctissimum
1153 2357 1400 2412 abbatem
1434 2359 1712 2414 Nicolaum
1765 2357 2094 2426 Papadopoli
2150 2353 2386 2406 Rrwnot.
2439 2364 2668 2422 niystag.
2714 2370 2854 2423 resp.
2909 2355 2965 2420 6,
3015 2365 3149 2410 sect.
3213 2353 3262 2406 7.
3325 2352 3398 2407 De
3441 2352 3632 2420 probo-

380 2439 611 2492 tionibus
632 2442 862 2508 testium,
890 2459 943 2495 n.
978 2443 1032 2507 5,
1067 2460 1095 2498 a
1126 2443 1379 2502 Matthaao
1400 2447 1666 2503 monacho
1697 2448 1897 2502 citatus
1927 2443 2210 2500 ferturlib.
2237 2441 2314 2497 De
2345 2442 2721 2497 traditionibus
2753 2443 3120 2498 ecclesiasticis
3150 2442 3232 2496 tit.
3265 2440 3340 2495 De
3359 2440 3629 2508 judicibus

383 2538 576 2576 sacris.

432 2833 1865 2854 “‘V’W
1927 2844 3614 2859 -σ--οι--ρ--ο--α-ε--ιι--οο--φ-ι-ο-Δ-ο*

779 3042 1354 3141 ΓΕΩΡΓΙΟΥ,
1429 3045 2327 3136 ΜΗΤΡΟΠΟΛΙΤΟΥ

1651 3045 2327 3136 ΤΡΟΠΟΛΙΤΟΥ
2399 3046 3211 3141 ΝΙΚΟΜΗΔΕΙΑΣ,

648 3745 2211 3895 stionem-METROPOLIWE
2291 3770 3306 3881 NIGOMEDIENSIS,

1523 4072 2224 4202 ΟΒΑΤΙΟΝ
2240 4076 2467 4204 ES.

1691 4551 2309 4642 MONITUM.
2389 4667 2393 4670 ι

439 4792 588 4857 Quod
620 4791 745 4845 olim
781 4791 1169 4859 parturiebam,
1209 4801 1267 4845 ut
1303 4789 1486 4845 Maria
1513 4791 1687 4845 sacris
1717 4806 1816 4860 pro
1849 4790 2112 4848 concione
2137 4791 2531 4860 laudatoribus,
2569 4797 2804 4866 amplam
2846 4797 2899 4852 in
2932 4797 3170 4870 Georgio
3207 4799 3605 4857 Nicomediensi

366 4878 614 4934 oﬂ'errem
646 4879 764 4948 ejus
796 4880 1073 4935 laodamia:
1101 4891 1356 4949 segetem,
1401 4880 1558 4933 modo
1589 4880 1831 4946 tandem,
1870 4881 1981 4934 Deo
2010 4880 2152 4934 votis
2185 4891 2484 4947 annuente,
2524 4884 2787 4953 produco.
2843 4884 3272 4943 Praeclarisslma
3303 4887 3470 4943 oll‘ero
3525 4890 3618 4942 dc-

370 4967 633 5022 votissimi
669 4967 851 5021 Maria:
885 4968 1181 5022 laudatoris
1211 4970 1262 5020 in
1296 4967 1562 5031 eamdem,
1595 4967 1822 5038 ejusque
1855 4968 2156 5038 praesertim
2198 4971 2444 5038 exordia,
2496 4987 2560 5026 ac
2613 4972 2923 5039 infantiam,
2963 4986 3355 5043 monumenta;
3397 4987 3454 5030 ut
3494 4978 3627 5043 nihil

367 5058 465 5111 hoc
487 5069 810 5127 argumento
837 5058 1162 5126 praeclarius
1205 5057 1371 5122 forte,
1402 5065 1495 5112 aut
1523 5057 1753 5112 ediderit
1784 5067 1994 5114 vetusta
2027 5068 2183 5124 tetas,
2237 5070 2334 5115 aut
2367 5077 2530 5126 nova,
2558 5074 2853 5132 nostraque
2910 5066 3127 5121 viderit.
3178 5065 3324 5136 Scio,
3353 5085 3474 5123 cum
3505 5070 3626 5126 aliis

368 5143 480 5200 fore
513 5145 857 5200 admirationi
901 5146 1029 5215 styli
1059 5147 1291 5199 nitorem
1325 5159 1391 5200 ac
1424 5144 1745 5200 elocutionis
1769 5146 2030 5216 gratiam,
2073 5149 2117 5202 si
2147 5148 2308 5203 modo
2333 5149 2531 5220 ipsum,
2564 5151 2759 5219 lector,
2784 5151 3076 5222 Georgium
3102 5156 3242 5224 apud
3275 5156 3474 5224 ipsum,
3502 5159 3625 5216 tibi-

366 5247 470 5301 que
504 5250 603 5305 per
637 5249 696 5288 se
726 5235 1059 5306 loquentem,
1093 5235 1244 5288 adire
1278 5235 1472 5304 possis.
1505 5233 1652 5289 Nihil
1688 5237 1832 5289 enim
1867 5251 2041 5291 meam
2075 5250 2260 5292 moror
2288 5239 2617 5304 versionem,
2647 5254 2807 5308 quam
2840 5242 2940 5295 etsi
2995 5258 3103 5298 non
3148 5245 3341 5300 malam
3389 5251 3610 5304 omnino

365 5326 549 5383 facere
590 5326 799 5394 studui,
838 5328 980 5382 haud
1015 5336 1191 5380 tamen
1230 5325 1470 5395 polliceri
1505 5328 1704 5398 possim
1733 5327 2036 5382 absolutam
2063 5329 2317 5384 omnibus
2364 5330 2628 5394 numeris.
2665 5340 2719 5385 et
2768 5341 2827 5386 ut
2877 5333 3052 5404 ipsum
3113 5336 3167 5391 in
3219 5353 3281 5392 ea
3331 5337 3623 5408 Georgium

366 5420 676 5474 desiderare
709 5435 815 5472 non
843 5421 1038 5488 possis.
1071 5417 1347 5487 Epocham
1375 5419 1489 5490 ipse
1517 5419 1734 5490 Georgii
1765 5420 2060 5490 plurimum
2112 5423 2408 5490 desidero;
2443 5423 2660 5479 tametsi
2697 5424 2764 5479 ad
2807 5424 3042 5481 Heraclii
3089 5437 3329 5498 tempora
3381 5431 3624 5488 referen-

365 5506 488 5560 dam
523 5508 773 5573 suadent,
811 5523 928 5576 quae
960 5507 1034 5561 illi
1067 5523 1130 5560 ac
1151 5506 1386 5577 Georgio
1416 5507 1610 5562 Pisidrc
1639 5510 1690 5560 in
1725 5507 1846 5564 aliis
1894 5508 2126 5578 aliisque
2179 5509 2458 5565 codicibus
2504 5511 2692 5567 eadem
2748 5512 3010 5584 inscripta
3064 5525 3318 5584 exstent;
3358 5529 3612 5586 tanquam

368 5609 506 5649 unus
537 5594 786 5663 idemque
849 5605 1038 5650 auctor
1072 5606 1289 5649 exstat:
1317 5610 1477 5664 quam
1525 5594 1894 5649 diﬂicultalem
1937 5611 2036 5650 suo
2066 5598 2149 5650 vir
2195 5599 2546 5656 doctissimus
2602 5597 2708 5656 Lco
2752 5600 2980 5658 Allatius
3034 5618 3183 5659 more
3217 5604 3532 5673 illustrabit,
3565 5619 3622 5662 ut

363 5683 686 5750 quandoque
720 5699 869 5736 suam
897 5683 961 5736 dc
993 5682 1248 5752 Gcorgiis
1289 5681 1882 5756 lucubrationcmljuris
1917 5685 2113 5752 publici
2160 5684 2346 5740 faciat.
