3950 6166
186 291 322 358 1337

1180 303 1261 365 IN
1299 303 1882 380 CONCEPTIONEM
1921 310 2026 371 SS.
2066 312 2447 373 DEIPARE.

3327 310 3476 382 i338

183 406 504 474 Huiusmodi
529 409 672 463 enim
705 417 808 473 est,
827 410 920 479 qui
953 414 1208 480 presenti
1275 414 1624 470 solemnitate
1678 417 1828 476 laetus
1868 421 2173 489 explicatur
2219 425 2495 492 splendor,
2530 423 2719 493 sicque
2765 424 2963 495 jugem'
3002 426 3206 497 magis,
3244 427 3373 496 quin
3407 438 3465 484 et

181 497 387 551 clarius
413 499 724 565 micantem,
752 514 818 553 ex
859 502 928 553 iis
955 515 1073 567 quae
1106 501 1278 557 oculis
1301 505 1593 572 conspicua
1616 516 1765 572 sunt,
1809 506 2074 579 fulgorem
2109 513 2378 568 immittit.

251 591 509 661 Σήμερον
559 591 670 660 γάρ
714 593 815 661 τῆς
845 591 1057 662 ζνοητῆς
1107 594 1339 663 νεφέλης
1398 596 1769 664 ὲφαπλοῦσθαι

1953 602 2087 655 Cum
2120 605 2262 668 enim
2294 605 2555 674 spiritalis
2587 606 2750 661 hodie
2790 607 2961 661 nubes
2999 608 3259 678 explicari
3313 607 3471 662 claro

183 682 622 754 κηρυττομένης,
680 683 736 735 αἱ
770 682 866 735 τοῦ
918 681 1114 736 ἀδύτου
1181 685 1280 752 μὲν
1326 686 1504 753 φωτὸς
1569 703 1772 756 προαν-

186 773 407 843 ίσχουσι
445 775 527 835 είς
565 772 660 827 τὸν
691 772 898 844 κόσμον
915 774 1157 838 ἀκτῖνες,
1178 775 1240 827 τὸ
1275 776 1558 846 κρατῆσαν
1578 777 1634 829 δὲ
1672 779 1771 848 τῆς

178 865 380 930 ἀθεῖας
431 863 837 935 ἀπομειοῦσθαι
897 866 992 918 καὶ
1064 865 1473 920 ἀπελαύνεσθαι
1537 868 1769 940 ἄρχεται

184 962 401 1025 σκότος.
437 962 686 1033 Σήμερον
730 965 830 1032 τῆς
873 961 966 1014 τοῦ
998 961 1184 1016 θεῐκοῦ
1221 965 1582 1036 σκηνώματος
1623 969 1770 1019 οἰκο-

181 1053 356 1123 δομῆς
391 1053 758 1123 μηνυομένης,
784 1055 833 1106 oi
875 1054 979 1123 τῆς
1030 1055 1318 1120 εὐσεϐείας
1356 1057 1456 1127 μὲν
1507 1059 1762 1127 καταπή-

182 1163 410 1215 γνυνται
440 1147 700 1218 θεμέλιοι,
752 1137 816 1199 ὲκ
850 1146 1066 1218 βάθρων
1128 1149 1187 1202 δὲ
1242 1149 1310 1202 τὰ
1365 1149 1462 1219 τῆς
1495 1149 1758 1214 ἀσεϐείας

180 1238 526 1311 ὀχυρώματα
583 1240 958 1294 κατασείεται.
1025 1241 1274 1312 Σήμερον
1323 1243 1424 1312 τῆς
1477 1241 1773 1310 βασιλικῆς

182 1331 627 1402 ἐξυφαινομένης
709 1331 1072 1402 ἀλουργίδος,
1151 1334 1186 1402 ἡ
1284 1331 1379 1398 τοῦ
1460 1332 1570 1385 τῶν
1634 1332 1772 1385 ὅλων

181 1421 467 1484 Βασιλέως
495 1421 1038 1492 προκαταγγέλλεται
1069 1421 1302 1492 ὲνδημία
1325 1438 1339 1451 ’
1373 1423 1429 1475 αἱ
1452 1421 1564 1474 τῶν
1595 1423 1764 1474 ἐκπε-

183 1513 596 1583 πολεμωμένων
642 1512 948 1584 ἀνθρώπων
1005 1513 1530 1584 προῦπογράφονται
1596 1513 1772 1567 ὑπαλ-

182 1602 354 1671 λαγαί
389 1601 503 1674 [Ion
540 1601 903 1674 καταλλαγαί]
929 1619 943 1633 ο
975 1604 1045 1656 τά
1075 1601 1220 1657 κατὰ
1247 1602 1341 1656 τοῦ
1391 1602 1774 1673 πολεμήτορος

1881 694 2029 746 vocis
2095 696 2367 762 praeconio
2420 697 2698 762 refertur,
2746 698 2860 768 jam
2916 699 3138 769 quidem
3195 701 3459 764 luminis,

1879 785 2021 852 quod
2085 785 2256 839 nescit
2288 800 2568 850 occasum,
2641 787 2775 840 radii
2812 790 3012 841 muttdo
3071 789 3457 857 pra-oriuntur,

1881 891 2111 945 quaeque
2153 879 2416 931 hactenus
2465 878 2818 932 obtinuerant
2859 880 3157 948 impietatis
3197 881 3459 945 t'cnebrre,

1883 969 2297 1023 diminutionem
2326 971 2602 1040 accipiunt
2662 987 2725 1025 ac
2781 973 3061 1041 fugantur.
3119 975 3460 1028 Annuntiala

1881 1075 2024 1112 nunc
2057 1060 2159 1114 diei
2218 1061 2546 1116 tabernaculi
2581 1062 2746 1116 divini
2801 1065 3201 1129 exstructioue,
3242 1066 3462 1132 pietatis

1880 1151 2096 1220 quidem
2133 1151 2485 1205 fundamenta
2518 1153 2727 1206 firmius
2759 1153 3130 1221 stabiliunlur,
3167 1156 3462 1224 impietatis

1879 1256 2013 1296 vero
2055 1243 2389 1298 munitiones
2434 1245 2652 1312 penitus
2684 1247 3089 1301 convelluntu’r.
3123 1247 3260 1303 Cum
3295 1249 3457 1302 hodie

1881 1334 2084 1387 texitur
2115 1335 2264 1401 regia
2307 1350 2568 1403 purpura,
2613 1335 2832 1392 futurus
2878 1341 3162 1393 nuntiatur
3209 1343 3452 1395 omnium

1873 1423 2038 1492 Regis
2065 1426 2332 1481 adventus
2359 1443 2378 1493 ;
2409 1429 2710 1494 hominum,
2740 1431 2830 1499 qui
2866 1430 3072 1485 inimici
3102 1444 3282 1498 erant,
3315 1449 3456 1503 pra:-

1875 1518 1961 1572 vie
1983 1518 2354 1572 reconciliatio
2374 1521 2620 1574 sancitur
2645 1537 2660 1586 ;
2734 1530 2934 1590 tropaea
2958 1525 3218 1579 adversus
3247 1526 3460 1580 hostem

1875 1603 2132 1672 erigenda
2183 1616 2448 1673 occupato
2495 1607 2862 1661 celebrantur.
2916 1607 3192 1664 Hodierna
3266 1613 3459 1680 praedi-

181 1695 366 1748 αὐτῶν
424 1697 899 1766 προαναφωνεϊται
946 1695 1211 1766 τρόπαια.
1259 1694 1508 1766 Σήμερον
1577 1697 1610 1764 ή
1649 1693 1769 1764 ῥίζα

1879 1696 2058 1750 ctione
2098 1697 2296 1752 radicis
2329 1698 2590 1752 bonorum
2636 1699 2690 1752 in
2726 1699 2900 1754 sterili
2944 1701 3236 1755 nasciturae
3277 1710 3454 1765 utero,

179 1789 293 1842 τῶν
322 1788 549 1857 ἀγαθῶν
604 1789 663 1842 ἐν
719 1789 957 1859 ἀκάρπῳ
1011 1787 1500 1860 προαγορευομένη
1538 1787 1775 1857 φύεσθαι

181 1883 362 1954 νηδύϊ,
399 1881 501 1952 τὴν
537 1881 1017 1953 ἀποξηρανθεῖσαν
1070 1882 1232 1954 ήμῶν
1260 1884 1328 1952 τῇ
1369 1880 1541 1952 κακία
1587 1880 1773 1951 φύσιν,

183 1973 414 2044 νεοθαλῆ
439 1975 538 2044 τῆς
585 1973 871 2036 εὐσεϐείας
896 1973 1161 2042 ἀναφύειν
1186 1990 1292 2040 προ
1301 1973 1497 2044 μηνύει
1531 1971 1776 2043 βλαστή-

185 2083 360 2136 ματα.
411 2065 662 2136 Σήμερον
701 2065 734 2135 ή
772 2064 1082 2128 ἀδιόδευτος
1133 2064 1229 2117 τοῦ
1278 2063 1544 2133 βασιλέως
1570 2064 1773 2136 ἐρειδο-

185 2157 324 2228 μένη
354 2156 523 2227 πύλη,
557 2155 723 2209 αὐτοῦ
753 2157 852 2226 μὲν
896 2159 964 2227 τῇ
995 2156 1138 2228 ὑπὲρ
1177 2155 1390 2211 ἔννοιαν
1443 2155 1775 2227 προετοιμά-

183 2250 340 2314 (erat
373 2249 569 2320 διόδῳ·
598 2250 732 2320 ἡμῖν
762 2249 819 2302 δὲ
876 2247 1145 2320 βασίμους
1186 2249 1287 2313 τὰς
1314 2237 1603 2320 οὐρανίους
1631 2265 1771 2320 προσ

183 2341 590 2406 κατασκευάζει
622 2340 818 2402 πύλας.
867 2341 1120 2412 Σήμερον
1165 2339 1350 2410 ἄγονοι
1392 2340 1638 2410 πατέρες
1671 2342 1775 2410 τῆς

185 2434 484 2502 πολυγόνου
513 2434 623 2487 τῶν
678 2433 900 2502 ἀγαθῶν
931 2433 1198 2503 ἀφθονίας
1229 2433 1328 2505 τὴν
1378 2433 1560 2487 αἰτίαν
1605 2432 1775 2499 εύαγ-

181 2525 524 2596 γελιζὸμενοι
568 2525 800 2590 τίκτειν,
847 2527 1012 2579 παντὶ
1053 2524 1132 2596 τῷ
1165 2524 1314 2594 γένει
1349 2523 1446 2594 τὴν
1479 2522 1574 2576 τοῦ
1609 2521 1775 2576 πλού·

181 2634 276 2671 του
311 2618 814 2690 προευτρεπίζουσι
858 2617 1102 2689 μέθεξιν.
1141 2616 1284 2670 Ἀλλ’
1311 2617 1388 2680 ὠς
1436 2615 1774 2686 δεδοξασμέ-

183 2727 273 2763 νον
320 2712 382 2764 τὸ
412 2710 622 2763 τούτων
651 2713 732 2774 εἰς
762 2711 964 2774 αἰῶνας
1008 2708 1516 2780 συμπαρατείνεται
1566 2707 1777 2778 μνημό-

185 2804 377 2858 συνονί
422 2803 498 2867 ὡς
530 2803 895 2874 ἀναφαίρετον
947 2803 1128 2857 αὐτῶν
1173 2801 1419 2872 διαμένει
1466 2800 1527 2853 τὸ
1576 2799 1770 2862 κλέοςι

183 2895 260 2958 ὠς
310 2895 567 2966 μακαρία
594 2895 696 2965 μὲν
721 2895 756 2964 ή
783 2893 1008 2964 ἐκλογὴ,
1045 2892 1393 2962 μακαριστὸν
1421 2891 1481 2946 δὲ
1506 2892 1688 2945 αὐτῶν
1711 2892 1776 2945 τὸ

183 2989 240 3038 ἐν
274 2987 504 3058 ἀρεταῖς
533 2985 843 3056 εὐδόκιμον,
874 2985 941 3038 δι’
965 2978 1026 3039 οὗ
1056 2983 1236 3038 καὶτὸ
1272 2982 1563 3054 ὲκλεγῆναι
1589 2984 1774 3048 αὐτοῖς

1881 1788 1992 1843 fore
2018 1791 2439 1860 praenuntiatum
2477 1801 2535 1844 ut
2579 1807 2700 1860 quae
2747 1792 2881 1846 vitio
2911 1802 3210 1848 exaruerat
3256 1805 3448 1849 natura

1876 1880 2178 1946 hominum,
2207 1882 2437 1936 virentia
2481 1883 2698 1954 pietatis
2725 1885 2967 1954 germina
2993 1887 3276 1954 producat.
3325 1887 3464 1940 Cum

1878 1973 2037 2027 hodie
2073 1973 2254 2042 figitur
2277 1971 2440 2044 Regis
2473 1984 2647 2044 porta,
2696 1990 2794 2044 per
2821 1991 2983 2046 quam
3010 1977 3140 2031 nulli
3190 1980 3460 2033 transitus

1878 2065 2107 2135 patet’;
2161 2065 2212 2118 ei
2261 2066 2503 2133 quidem,
2539 2066 2771 2120 mirabili
2823 2068 3054 2136 quadam
3095 2084 3158 2122 ac
3211 2070 3460 2138 cogitatur

1879 2155 2085 2221 majore
2125 2157 2362 2225 ratione,
2391 2172 2489 2226 per
2532 2173 2651 2213 eam
2708 2159 3006 2214 trausituro
3031 2201 3048 2227 ,
3086 2171 3457 2230 praeparatur;

1876 2248 2031 2302 nobis
2052 2258 2230 2302 autem
2276 2249 2490 2317 pervias
2516 2249 2635 2304 caeli
2667 2258 2850 2317 portas
2893 2252 3093 2318 pt'aevie
3115 2252 3298 2306 elticit.
3323 2251 3464 2307 Cum

1879 2339 2038 2394 hodie
2065 2349 2319 2407 parentes
2351 2341 2588 2407 steriles,
2622 2339 2801 2394 fausta
2837 2331 3284 2406 annuntiatione,
3313 2344 3460 2397 illam

1876 2433 2111 2500 genituri
2139 2443 2481 2501 promuntur,
2513 2448 2631 2502 qua:
2666 2433 2930 2487 bonoruzu
2993 2435 3244 2490 fecundae
3291 2437 3459 2507 largi-

1879 2523 2003 2576 tatis
2034 2537 2194 2576 causa
2229 2522 2469 2587 exsistit,
2495 2524 2752 2577 universo
2793 2521 3072 2577 hominum
3109 2527 3299 2594 generi
3319 2527 3461 2580 divi-

1878 2613 1947 2667 tia
1959 2629 2077 2666 rum
2094 2612 2356 2681 ejusmodi
2379 2614 2856 2683 participationem
2872 2625 3140 2683 occupato
3160 2616 3456 2672 iustrutmt.

1875 2706 2048 2774 Quam
2079 2721 2206 2760 vero
2239 2722 2427 2761 eorum
2451 2707 2684 2778 gloriosa
2713 2707 2872 2777 longe
2904 2707 2956 2762 in
3005 2723 3178 2762 aevum
3207 2709 3460 2763 extendi.

1877 2807 1964 2851 tur
1999 2798 2301 2852 memoria!
2338 2799 2511 2866 Quam
2569 2813 2758 2853 eormn
2813 2808 3099 2870 permanet
3143 2799 3460 2855 inviolabile

1875 2891 2072 2945 decus!
2108 2890 2278 2957 Quam
2310 2891 2467 2946 beata
2492 2891 2812 2965 electio,_ac
2845 2892 3039 2946 merito
3095 2890 3459 2948 beatificanda

1876 2986 2103 3054 probata
2137 3001 2326 3040 eorum
2361 2986 2551 3049 virtus,
2585 3001 2680 3054 per
2711 3000 2875 3054 quam
2911 2986 3145 3040 accessit
3197 2993 3255 3037 ut
3285 2984 3459 3054 elige-

184 3079 584 3150 προσεγένετοι
619 3078 808 3150 Τούτῳ
829 3077 940 3148 γὰρ
964 3077 1220 3132 ἁπάντων
1247 3078 1626 3148 κρατήσαντες
1644 3079 1769 3147 ὁμο-

1878 3069 2112 3150 reutur!
2182 3075 2316 3130 Cum
2375 3077 2518 3131 enim
2583 3092 2678 3146 per
2723 3091 2841 3130 eam
2901 3074 3460 3146 universos-gentiles

184 3172 336 3239 φυῶν
387 3170 768 3242 προαιρέσεως
821 3169 1188 3240 μεγαλοφυΐᾳ,
1236 3171 1304 3240 τῇ
1359 3169 1483 3222 κατ’
1539 3167 1773 3238 ἐκλογὴν

183 3263 543 3334 χαρισμάτων
570 3261 991 3330 ὑπερανέϐησαν
1037 3259 1509 3332 μεγαλοπρεπείᾳ.
1540 3261 1772 3331 Προετι-

187 3355 442 3426 μήθησαν
459 3355 570 3426 γάρ
598 3355 801 3416 παντὸς
830 3353 929 3407 τοῦ
950 3354 1163 3422 γένους,
1187 3353 1378 3423 ἐπειδὴ
1411 3353 1630 3406 πάντων
1660 3351 1772 3404 τῶν

181 3447 352 3500 ὄντων
380 3447 474 3502 τὸν
503 3446 847 3518 Δημιουργδν
885 3446 1288 3519 προετίμησαν.
1321 3444 1766 3516 Προεκρίθησαν,

181 3539 373 3609 ἐπειδὴ
405 3538 506 3610 τὴν
529 3538 622 3592 τοῦ
661 3539 934 3592 Δεσπότου
960 3540 1061 3610 τῆς
1074 3541 1284 3602 οἰκείας
1324 3537 1470 3609 ζωῆς
1499 3536 1770 3609 προῦκρι-

180 3648 278 3683 ναν
295 3631 542 3701 ἀγάπην.
565 3630 1047 3702 ΠροεξελέρχἿησαν
1066 3631 1147 3692 εἰς
1173 3629 1495 3705 μυστηρίων
1525 3628 1771 3699 λειτουρ-

179 3725 348 3793 γίανκ
361 3724 664 3794 ἐπειδήπερ
692 3724 762 3776 τὰ
781 3723 876 3776 τοῦ
910 3722 1277 3792 ὲκλεξαμένου
1309 3721 1436 3792 θελή
1446 3738 1593 3791 ματα
1628 3719 1768 3790 μόνα

180 3817 426 3887 πληροῦν
494 3815 581 3870 διὰ
641 3816 845 3880 παντὸς
911 3815 1269 3887 ᾐρετίσαντο·
1351 3812 1766 3885 ἐδοξάσθησαν,

178 3910 371 3981 ἐπειδὴ
411 3910 479 3964 δι’
513 3910 730 3964 οἰκείων
785 3909 950 3964 αὐτὸν
992 3909 1252 3974 ἐδόξασαν
1292 3908 1502 3980 ἔργων·
1561 3910 1768 3976 ἐμεγα-

179 4001 449 4073 λύνθησαν
480 4004 546 4072 τῇ
587 4003 687 4072 τῆς
720 4002 942 4073 χάριτος
979 4001 1368 4072 μεγαλοδωρεᾷ
1389 4042 1404 4064 ,
1462 4001 1765 4072 ἐπειδήπερ

177 4095 364 4160 ἀξίους
421 4097 647 4157 ἑαυτοὺς
712 4096 813 4173 τῆς
881 4093 1141 4164 τοιαύτης
1198 4093 1470 4164 ὑποδοχῆς
1522 4111 1766 4165 προκατ-

177 4187 506 4242 εσκεύασαν.
543 4188 716 4242 Τοῦτο
759 4186 870 4257 γὰρ
897 4186 1100 4248 αὐτοὺς
1122 4186 1231 4238 τῶν
1261 4184 1765 4256 προγεγενημένων

177 4279 433 4334 ἁπάντων
494 4278 872 4352 ὑπερετίμησε
926 4277 1176 4332 δικαίων.
1209 4276 1382 4331 Τοῦτο
1412 4279 1614 4340 αὐτοὺς
1643 4277 1755 4330 τῶν

174 4371 408 4433 ἐκείνοις

181 4461 530 4531 μυστηρίων·
597 4461 756 4515 τοῦτο
814 4461 924 4514 τῶν
991 4461 1480 4533 προφητευθέντων
1561 4464 1751 4526 αὐτοῖς

175 4555 272 4606 καὶ
321 4553 716 4624 πολυποθήτιικ
763 4553 1248 4626 ἐπιζητηθέντων,
1298 4555 1396 4624 τὴν
1437 4554 1536 4623 τῆς
1593 4554 1762 4607 ἐκϐά-

174 4663 315 4709 σεως
370 4646 550 4718 ἀρχὴν
624 4639 979 4718 παραχθῆναι
1049 4647 1344 4716 πεποίηκε.
1421 4647 1520 4699 Διὰ
1593 4645 1756 4698 τοῦτο

171 4738 279 4794 τῶν
329 4738 690 4809 συμφυλετῶν
726 4739 985 4792 ἀπάντων
1035 4739 1412 4812 προτεθέντες,
1448 4737 1545 4792 τοῦ
1576 4741 1754 4806 ἀσυγ-

173 4831 362 4902 κρίτου
401 4833 766 4904 τετυχήκασιν
817 4831 1151 4901 ἀξιώματος.
1217 4833 1604 4901 Ἀνεπίμικτον
1643 4834 1754 4900 γάρ

170 4924 234 4976 τὸ
292 4923 568 4994 βασίλειον
637 4925 983 4996 τηρήσαντες
1030 4925 1211 4992 γένος,
1283 4924 1573 4978 ἀνόθευτον
1621 4923 1756 4976 αὐτὸ

173 5017 266 5070 καὶ
328 5018 804 5088 ἀπαραχάρακτον
852 5022 976 5083 ταῖς
1038 5016 1348 5088 βασιλικαῖς
1417 5017 1756 5088 διετήρησαν

171 5111 418 5181 ἀρεταῖς.
462 5111 539 5164 Οὐ
575 5111 973 5182 παρεσύρησαν
1032 5108 1123 5163 τοῦ
1165 5110 1265 5178 τῆς
1295 5108 1476 5175 -ἀξίας
1518 5109 1762 5178 ὑπεραν-

171 5201 469 5269 εστηκότος
492 5202 630 5272 πρὸς
657 5201 1004 5273 δουλοπρεπῆ
1033 5201 1143 5252 τῶν
1169 5199 1372 5270 ἡδονῶν
1386 5199 1754 5265 ταπείνωσιν,

171 5294 288 5347 ἀλλ’
320 5295 699 5351 ἀταπείνωτον
756 5295 819 5348 τὸ
856 5292 1282 5364 μεγαλοπρεπὲς
1338 5292 1505 5346 αὑτοῦ
1551 5291 1754 5346 διασὼο

173 5387 383 5451 ζοντες,
419 5389 487 5458 τῇ
515 5387 839 5458 καταλλήλῳ
873 5387 973 5457 μὲν
1003 5386 1168 5440 αὐτοῦ
1224 5385 1591 5457 διεϐοήθησαν
1623 5385 1759 5438 ἀνα-

173 5477 428 5548 κηρύξει,
475 5478 576 5546 τὴν
612 5467 871 5532 Βασιλίδα
927 5478 984 5532 δὲ
1038 5477 1133 5532 τοῦ
1191 5477 1417 5543 παντὸς,
1481 5478 1556 5541 ὡς
1599 5477 1756 5530 εὐσε-

1875 3186 2004 3225 suos
2068 3171 2360 3225 voluntatis
2408 3170 2809 3240 magnificentia
2865 3178 3212 3240 superarent,
3292 3167 3459 3221 dono-

1875 3279 1995 3317 rum
2044 3277 2284 3334 quoque,
2323 3263 2617 3318 secundum
2669 3262 2986 3317 electionem
3047 3275 3109 3315 ac
3171 3259 3266 3315 Dei
3335 3275 3461 3329 pro—

1875 3356 2148 3426 positum,
2212 3355 2569 3424 amplitudine
2648 3365 3000 3424 superarunt.
3089 3351 3213 3408 Toti
3295 3351 3463 3421 siqui-

1873 3449 1994 3504 dem
2044 3451 2228 3518 generi
2280 3450 2486 3506 honore
2544 3449 2749 3520 praelati
2804 3458 2952 3513 sunt,
2982 3448 3128 3518 quod
3179 3457 3456 3501 auctet-em

1873 3543 2038 3598 rebus
2092 3543 2365 3597 universis
2405 3582 2421 3607 ,
2479 3544 2685 3597 honore
2746 3541 3131 3611 praetulissent.
3216 3538 3461 3595 Potiores

1872 3635 2122 3689 omnibus
2151 3634 2320 3688 habiti
2358 3643 2511 3696 sunt,
2539 3633 2680 3701 quod
2716 3649 2812 3688 sua
2843 3635 3083 3702 ἴβεσι-ειη]
3111 3632 3217 3686 vita
3244 3629 3459 3685 Domini

1871 3726 2196 3781 charitatem
2232 3726 2495 3794 potiorem
2522 3725 2860 3779 habuissent.
2913 3725 3198 3778 Praeelecti
3235 3723 3462 3778 fuerunt

1874 3818 1928 3872 in
1974 3825 2445 3872 sacramentorum
2497 3815 2800 3878 ministros,
2856 3814 2999 3884 quod
3047 3817 3216 3868 vitam
3265 3824 3456 3877 totam,

1870 3911 1985 3976 ejus
2005 3912 2095 3978 qui
2112 3909 2293 3979 elegit,
2314 3909 2618 3964 voluntates
2637 3906 2784 3962 solas
2806 3908 3030 3974 implere
3089 3906 3453 3974 studuissent.

1871 4001 2026 4056 Aucti
2057 4010 2181 4055 sunt
2212 3999 2404 4072 gloria,
2444 3999 2588 4066 quod
2611 3999 2727 4056 suis
2771 3998 2947 4068 ipsqu
2983 3997 3249 4067 operibus
3279 3997 3455 4065 gloria

1871 4095 2200 4149 effecissent.
2257 4091 2557 4160 Maguitieis
2630 4091 2820 4160 gratia:
2884 4090 3060 4164 donis,
3112 4088 3449 4157 magniticati

1871 4198 2016 4256 Sunt,
2043 4185 2185 4255 quod
2210 4201 2268 4239 se
2303 4185 2369 4238 iis
2419 4181 2785 4252 suscipiendis
2833 4187 3073 4251 congrue
3146 4193 3450 4248 praeparas-

1871 4291 2011 4336 siznt.
2039 4279 2168 4334 Haec
2196 4279 2340 4332 enim
2381 4292 2544 4344 supra
2593 4290 2783 4331 omnes
2821 4276 3033 4343 priores
3073 4272 3271 4340 jnstos,
3325 4287 3451 4325 .am-

510 4369 871 4441 ὲπιθυμητῶν
954 4369 1294 4438 κατηξίωσεν
1373 4369 1752 4422 ὲναπολαῦσαι

1873 4374 2026 4441 pliori
2087 4389 2181 4428 eos
2241 4372 2447 4425 honore
2491 4367 2842 4424 cumulavit:
2898 4365 3026 4419 fecit
3071 4366 3204 4427 haec,
3271 4372 3328 4416 ut
3386 4362 3452 4416 iis

1868 4465 1972 4520 frui
2010 4465 2284 4537 mysteriis
2323 4471 2684 4523 mererentur,
2710 4475 2830 4529 quae
2862 4458 2935 4512 illi
2974 4457 3390 4511 desiderassent
3432 4470 3447 4506 :

1868 4556 2017 4622 iecit,
2057 4567 2115 4610 ut
2165 4572 2358 4611 eorum
2412 4570 2532 4624 quae
2584 4554 2972 4622 prophetarum
3025 4549 3261 4604 oraculis
3321 4560 3448 4614 pro-

1869 4651 2033 4703 missa
2059 4659 2262 4712 essent,
2307 4649 2584 4716 multoque
2637 4646 2866 4713 ψωθία]
2905 4642 3204 4708 desiderio,
3243 4640 3450 4710 primus

1865 4741 1946 4795 eis
1981 4750 2207 4795 eventus
2253 4739 2600 4793 exhiberetur
2655 4781 2666 4792 .
2713 4753 2811 4806 per
2849 4751 2968 4788 eam
2997 4775 3013 4801 ,
3055 4732 3452 4789 contribulibus

1866 4833 2134 4887 universis
2167 4830 2392 4900 praelati,
2428 4830 2908 4899 incomparabilem
2945 4827 3228 4896 dignitatis
3264 4823 3447 4878 excel-

1867 4927 2084 4980 lentiam
2108 4925 2485 4980 obtinuerunt.
2512 4923 2648 4978 Cum
2670 4924 2814 4978 enim
2843 4921 3022 4990 regale
3049 4933 3220 4986 genus
3245 4917 3452 4982 imper-

1868 5018 2093 5069 mixtum
2122 5023 2455 5081 servassent,
2488 5015 2629 5070 idem
2676 5015 2849 5084 ipsum
2893 5009 3088 5080 regalis
3119 5007 3284 5059 animi
3334 5008 3450 5057 vir-

1867 5107 2381 5171 tutibussincernm,
2397 5106 2638 5176 nihilque
2657 5106 3022 5158 ιιιΙιιΙιοωιιιιη
3045 5096 3447 5153 custodierunt.

1866 5195 2012 5249 Nihil
2043 5196 2111 5250 ab
2127 5196 2411 5251 excellenti
2435 5197 2703 5265 dignitate
2722 5194 2787 5246 ad
2813 5190 3068 5246 servilem
3097 5189 3441 5255 voluptatum

1866 5288 2255 5358 abjectionem,
2275 5290 2556 5343 sinistrqu
2587 5303 2644 5342 se
2688 5287 2770 5355 agi
2798 5284 2944 5354 passi
2973 5291 3099 5337 sunt
3124 5297 3140 5348 ;
3165 5278 3297 5349 quin
3328 5276 3447 5343 ejus

1867 5383 2326 5452 magnificentiam
2369 5381 2749 5435 indiminutam
2804 5384 3128 5438 servantes,
3180 5371 3298 5440 ejus
3349 5385 3448 5436 pa-

1869 5475 2000 5531 riter
2035 5489 2274 5546 congruo
2311 5472 2578 5530 celebrari
2607 5469 2901 5544 praeconio,
2946 5465 3297 5536 universique
3329 5460 3442 5515 Re-

242 5701 260 5734 ⁸
299 5701 504 5756 Ειεριι.
538 5715 685 5766 mv,
723 5700 778 5754 τὶ.
1331 5759 1339 5763 _
1629 5719 1633 5725 ·
1696 5707 1708 5750 ἐ
1743 5707 1818 5746 ι’“’
1867 5741 1874 5752 .
