3938 6168
182 292 304 364 1341

1169 296 1251 356 ΙΝ
1291 295 1871 359 CONCEPTIONEM
1910 301 2014 361 SS.
2057 302 2427 369 DEIPARAE.

3296 256 3442 364 tate

178 406 379 462 τούτων
421 404 869 477 ὑπερϐαίνοντες,
902 404 1106 474 μᾶλλον
1153 405 1211 461 δὲ
1258 406 1322 460 τὺ
1373 409 1483 460 πᾶν
1517 409 1616 478 τῆς
1658 424 1749 459 πε-

1858 407 2108 463 deﬁnitur
2149 450 2163 475 ,
2214 413 2309 466 sed
2365 422 2421 466 et
2478 413 2673 467 borum
2732 411 2992 483 pleraque
3064 388 3427 481 superarent.

184 499 430 571 ριουσίας
455 492 813 561 ἀνατιθέντες
833 498 975 569 Θεῷ,
1004 499 1423 568 ὑπερετέθησαν
1462 499 1565 553 τῶν
1610 516 1750 570 καρ-
1802 554 1823 587 Ι

179 588 602 659 ποξορησάντων
670 588 930 642 ἀπάντων
1019 590 1086 659 τῇ
1174 588 1556 658 μεγαλοψυχίᾳ
1640 589 1750 641 τῶν

178 681 626 751 προσαγομένων.
663 679 1007 749 Προσέφερε
1035 679 1163 751 γὰρ,
1219 683 1408 750 φησὶν,
1482 678 1752 749 Ἰωακείμ

178 771 360 830 διπλᾶ
377 771 451 829 τὰ
470 768 633 839 δῶρα
660 771 873 837 αὑτοῦ,
910 771 1106 838 λέγων
1125 789 1136 801 ·
1174 772 1367 823 Ἔστω
1404 769 1467 824 τὸ
1494 769 1610 837 τῆς
1644 783 1750 823 πε-

172 865 448 934 ριουσίας
464 881 583 933 μου
606 863 791 916 παντὶ
807 860 887 927 τῷ
910 862 1061 928 λαῷ,
1081 864 1181 917 καὶ
1221 864 1285 917 τὸ
1324 862 1437 932 τῆς
1474 864 1749 932 ἀφέσεώς

174 976 286 1029 μου
302 956 595 1025 Κυρίφτῷ
644 953 784 1020 Θεῷ.
826 956 891 1007 Ὢ
923 954 1033 1008 τῶν
1083 954 1499 1024 εὐπροσδέκτων
1543 954 1751 1007 τούτων

181 1050 403 1123 δώρωνὶ
442 1048 487 1103 ὣ
519 1047 904 1119 καρποφορίας
942 1050 1001 1099 ἐν
1053 1047 1348 1117 ἀσυλήτοις
1386 1047 1751 1116 ἀποτεθείσης

183 1139 507 1209 θησαυροίςί
536 1136 582 1190 ὣ
619 1135 853 1189 πλούτου
912 1135 1011 1204 τὴν
1063 1137 1336 1191 ἀκένωτον
1377 1137 1493 1191 τῶν
1529 1137 1751 1206 ἀγαθῶν

182 1230 605 1301 θησαυρίσαντος
646 1228 910 1297 ἀφθονίαν
940 1229 953 1282 l
990 1227 1036 1280 ὣ
1075 1228 1452 1299 προαιρέσεως
1482 1232 1546 1299 τῇ
1599 1229 1753 1297 δαψι-

183 1320 293 1391 λείᾳ
346 1319 455 1372 τῶν
491 1318 975 1389 καλλιερουμένων
1032 1318 1461 1390 θαυμαζομένης
1490 1321 1504 1373 ι
1532 1321 1766 1393 Ὥσπερ,

184 1410 567 1481 φησὶ,Θεῷ-τά
609 1415 756 1466 κατά
813 1415 1053 1481 θεσμοὺς
1098 1410 1446 1483 διοριζόμενα
1477 1410 1753 1483 προσάγε-

187 1502 302 1555 σθαι
330 1501 562 1570 δίκαιον,
592 1501 738 1556 οὕτω
771 1501 951 1559 καὶτὸ
980 1503 1081 1571 τῆς
1112 1502 1435 1574 περιουσίας
1464 1503 1615 1561 ἅπαν
1669 1503 1749 1573 τῷ

185 1590 291 1660 λαῷ
318 1590 417 1647 καὶ
442 1594 562 1652 τοῖς
588 1591 792 1655 ένδεέσι
850 1591 1207 1663 προτίθεσθαι
1261 1590 1436 1658 ἄξιον.
1473 1591 1593 1663 Θεῷ
1642 1593 1750 1665 γὰρ

188 1683 274 1734 καὶ.
306 1681 595 1751 ταῦταδιά
627 1681 734 1737 τῶν
759 1682 1065 1753 δεχομένων
1100 1684 1491 1755 προσάγονται·
1512 1685 1613 1738 καὶ
1641 1684 1747 1748 τίς,

185 1766 673 1853 ὧδίκαιαενόμος,
716 1775 745 1827 ὁ
779 1775 879 1845 τὴν
926 1778 986 1829 ἐν
1034 1775 1208 1846 διπλῷ
1259 1774 1367 1829 τῶν
1423 1773 1612 1847 δώρων
1657 1776 1752 1830 καὶ

186 1867 576 1937 ἀφαιρεμάτων
605 1867 975 1939 προσαγωγὴν
1007 1867 1554 1939 παρακελευόμενος;
1599 1869 1752 1930 ποῖος

186 1961 238 2011 δὲ
271 1959 469 2028 θεσμὸς
522 1959 586 2012 τὸ
620 1959 720 2029 τῆς
747 1960 1070 2031 περιουσίας
1107 1959 1255 2015 ἀπαν
1298 1959 1651 2031 διανέμεσθαι
1672 1960 1752 2029 τῷ

188 2048 293 2121 λαῷ
336 2051 702 2121 προστάττεις
749 2052 932 2122 Νόμος
993 2050 1112 2120 μὲν,
1146 2051 1335 2121 φησὶν,
1393 2049 1590 2117 οὐδεὶς,
1631 2049 1767 2103 οὐδὲ·

189 2142 380 2213 θεσμός
433 2160 519 2206 τις
564 2144 592 2196 6
648 2141 822 2196 ταῦτα
868 2144 1306 2211 καταναγκάζων
1358 2146 1570 2196 ποιεῖν’
1618 2142 1750 2211 παρ’

188 2233 358 2303 ἑαυτῷ
388 2233 446 2287 δὲ
499 2234 564 2286 τδ
603 2233 768 2288 καλὸν
816 2234 1085 2304 ὲφευρὼν,
1110 2234 1187 2297 ὡς
1243 2234 1460 2304 αἱρετὸν
1503 2233 1561 2286 ὂν
1610 2232 1749 2303 Θεῷ,

187 2325 508 2396 ἀποπΜρῶ·
557 2325 756 2391 Αὐτοῦ,
812 2327 999 2395 φησὶν,
1032 2326 1469 2400 δδεδωρημένος
1500 2325 1747 2392 πλοῦτος,

189 2416 333 2488 αὐτῷ
357 2419 453 2472 καὶ
482 2418 848 2472 ἀντιδίδοσθαι
882 2419 1116 2473 δίκαιον.
1164 2420 1276 2489 Τῆς
1318 2418 1482 2472 αὐτοῦ
1530 2436 1751 2490 προμηο

191 2508 331 2572 θείας
377 2506 690 2580 εὐεργεσίαι
723 2508 1126 2579 τυγχάνουσαι,
1185 2507 1751 2579 ἀντευεργετείτωσαν

189 2600 304 2664 τοὺς
325 2600 653 2670 ὁμοφύλους.
686 2601 981 2670 Περιουσία
1010 2601 1077 2653 τά
1106 2600 1389 2669 δεδομένα,
1414 2602 1494 2664 εἰς
1530 2601 1753 2670 περιού-

192 2707 297 2744 σιον
314 2691 605 2761 διαχείσθω
653 2691 803 2745 λαόν.
830 2692 1004 2762 Χάρις
1035 2689 1164 2743 ὄντα
1215 2690 1407 2757 ταῦτα,
1437 2691 1538 2743 οὐκ
1575 2689 1751 2761 ἔργων

191 2783 423 2852 ἀμοιϐαὶ,
471 2786 585 2847 τοῖς
632 2783 923 2855 πράγμασι
975 2782 1037 2835 τὸ
1084 2782 1255 2853 ὄνομα
1293 2781 1625 2852 βεϐαιούτω’
1653 2781 1751 2852 τὴν

190 2875 275 2927 τοῦ
318 2876 690 2948 χαρισαμένου
750 2874 1067 2945 κηρυττέτω
1111 2873 1543 2942 φιλανθρωπίαν.
1582 2873 1753 2943 Μερι-

112 2970 123 2983 '
191 2965 457 3028 ζέσθωσαν
486 2968 570 3030 είς
604 2966 856 3028 πλείονας
907 2968 964 3019 αἰ
1021 2965 1115 3018 τοῦ
1166 2964 1400 3018 πλούτου
1447 2963 1749 3035 φροντίδες,

192 3058 382 3125 μᾶλλον
422 3058 480 3112 δὲ
517 3059 577 3111 τὸ
612 3061 720 3112 πᾶν
772 3058 941 3111 αὐτοῦ
982 3058 1040 3123 ἐξ
1083 3058 1241 3128 ἡμῶν
1298 3055 1752 3127 ἀποφορτιζέσθω

191 3149 363 3218 βάρος.
396 3148 757 3213 Σκεδαζέσθω
774 3149 884 3202 τῶν
915 3148 1284 3218 αἰσθητηρίων
1325 3149 1355 3200 δ
1384 3147 1492 3200 τῶν
1531 3147 1753 3218 χρημά-

190 3258 288 3295 των
316 3241 498 3312 δχλος,
534 3241 628 3296 τοῦ
677 3240 788 3295 τῶν
837 3240 997 3293 θείων
1037 3240 1445 3309 ἀνεμποδίστως
1484 3238 1749 3309 ἀντιλαμ-

191 3334 435 3388 ϐάνεσθαι
467 3332 847 3405 χαρισμάτων.
909 3330 1329 3385 Ἀπελαυνέσθω
1366 3329 1463 3384 τοῦ
1491 3330 1752 3399 λογισμοῦ

191 3425 245 3478 τὸ
265 3424 588 3480 ἐπισκοτοῦν
623 3425 731 3485 τῶν
766 3423 1046 3495 μεριμνῶν
1072 3423 1254 3492 νέφος,
1287 3420 1382 3476 τοῦ
1419 3423 1566 3493 μόνῳ
1584 3421 1754 3477 καθα-

194 3517 292 3587 ρῶς
316 3518 393 3588 τῷ
410 3519 610 3587 φέγγει
651 3517 750 3588 τῆς
791 3516 1066 3580 ἀπαθείας,
1092 3515 1440 3580 ὲνατενίζειν.
1473 3514 1565 3585 Μὴ
1614 3515 1754 3568 καθ-

189 3610 416 3664 ελιέσθω
440 3610 509 3662 τὸ
530 3609 730 3679 πτερὸν
751 3609 850 3678 τῆς
886 3607 1127 3672 διανοίας
1164 3607 1274 3659 τῶν
1324 3607 1754 3677 μετεωροπόρων

191 3704 544 3773 ἰχνευμάτων,
576 3702 656 3773 τῷ
685 3700 841 3772 βάρει
879 3700 987 3754 τῶν
1019 3700 1183 3770 ἐπική
1196 3716 1311 3773 ρων
1332 3698 1717 3769 διανοημάτων
1738 3714 1752 3727 ·

162 3794 459 3849 -ἁκὼλυτον
485 3793 588 3865 τὴν
615 3793 754 3864 πρὸς
777 3793 851 3845 τά
876 3792 1016 3846 ἄῡλα
1046 3772 1312 3844 διανυέτω
1335 3790 1495 3845 τοῦτο
1516 3790 1718 3860 πτῆσιν
1737 3808 1750 3822 ·

187 3887 534 3959 ἀπερίκτυπα
567 3885 638 3938 τά
692 3886 792 3956 τῆς
836 3883 1017 3955 ψυχῆς
1061 3877 1178 3937 ὦτα
1221 3882 1316 3937 τοῦ
1348 3882 1458 3936 τῶν
1508 3884 1755 3954 ματαίων

187 3978 500 4049 διαμένοντα
530 3976 813 4047 θορύϐων,
871 3977 972 4048 τὴν
1018 3976 1130 4029 τῶν
1178 3974 1358 4039 ἀΰλως
1386 3974 1756 4047 ἑορταζόντων

189 4068 477 4140 ἐνηχείσθω
530 4070 753 4139 φωνήν*
805 4068 905 4137 τῆς
934 4066 1196 4135 γλυκείας
1247 4067 1357 4119 τῶν
1400 4067 1458 4119 ὲν
1504 4068 1758 4137 οὐρανοῖς

189 4161 566 4232 ἀγαλλομένων
595 4158 1080 4229 ἀντιλαμϐανέσθω
1116 4157 1404 4227 μελῳδίας.
1439 4158 1551 4212 Καὶ
1606 4157 1749 4211 οὕτω

192 4254 281 4322 μὲν
306 4254 338 4324 ἡ
363 4252 476 4306 τῶν
499 4251 730 4306 δικαίων
761 4251 1129 4321 καρποφορία,
1173 4252 1268 4304 καὶ
1310 4251 1461 4321 παρά
1496 4251 1756 4322 τοιαύτης

193 4343 565 4415 μεγαλοφυοῢς
595 4343 985 4414 προσαγομένη
1049 4341 1297 4413 γνώμης,
1342 4344 1439 4413 τῆς
1486 4343 1757 4414 καταλλή-

188 4437 273 4491 λου
296 4438 389 4495 τοῦ
418 4437 532 4491 τῶν
559 4435 698 4488 ὅλων
718 4434 852 4487 Θεοῦ
882 4432 1236 4500 καταξιοῦται
1261 4433 1554 4503 ἀποδοχῆς.

251 4533 310 4584 υἱ
338 4531 396 4583 δὲ
446 4527 547 4582 τοῦ
586 4527 774 4595 γένους
824 4526 1370 4596 συμμετεσχηκότες,
1407 4527 1501 4580 καὶ
1549 4531 1608 4580 ὲν
1638 4530 1759 4590 ταῖς

186 4622 437 4691 εὐσήμοις
483 4619 568 4689 τῷ
611 4618 804 4688 δικαίῳ
859 4617 1444 4688 συγκαρποφοροῦντες
1500 4620 1759 4688 ἑορταῖς,

186 4713 243 4765 οὐ
273 4714 331 4765 τὸ
355 4714 456 4784 τῆς
479 4709 732 4780 φιλοθέου
761 4709 1166 4780 μεγαλοψυχίας
1190 4710 1356 4763 αὐτοῦ
1384 4710 1760 4781 θαυμάζοντες

186 4803 460 4875 διάπυρον,
497 4803 582 4872 τῷ
621 4801 1017 4874 ὑπερϐάλλοντι
1063 4803 1122 4856 δὲ
1170 4802 1373 4873 ταύτης
1409 4802 1761 4870 διαφθονοῦν-

187 4910 300 4957 τες,
332 4895 501 4965 εθιμά
534 4911 658 4947 τινα
698 4892 1043 4962 προτείνουσι
1075 4894 1248 4964 αὐτῷ,
1278 4894 1350 4946 τὰ
1386 4895 1759 4965 καρποφορεῖν

189 4986 602 5058 ἀπαγορεύοντα
645 4986 801 5057 Θεῷ,
851 4986 1065 5056 ἀτέχνῳ
1102 5003 1165 5038 τε
1220 4987 1335 5040 δντι
1379 4987 1472 5039 καὶ
1502 4987 1762 5056 ἀκάρπῳ,

186 5078 279 5146 τῆς
318 5078 415 5133 τοῦ
446 5080 644 5146 γένους
680 5079 1028 5151 στερουμένῳ
1068 5061 1356 5149 διαδοχῆς.
1393 5080 1514 5132 Οὐκ
1557 5078 1764 5143 ἔξεστι

192 5167 291 5237 γάρ
317 5188 436 5234 σοι,
468 5172 640 5241 φησὶ,
667 5171 1095 5239 προσενεγκεῖν
1122 5172 1193 5224 τὰ
1217 5170 1395 5239 δῶρα,
1423 5171 1625 5226 καθότι
1655 5171 1767 5224 οὐκ

190 5259 478 5330 ἐποίησας
507 5260 750 5329 σπέρμα
782 5261 853 5315 ἐν·
878 5261 1032 5326 υἱοῖς
1065 5259 1320 5328 Ἰσραήλ.
1352 5262 1507 5323 Τινὲς
1546 5260 1643 5327 μέν
1664 5276 1769 5327 φα-

192 5364 301 5401 σινο
352 5354 478 5406 οὐκ
521 5348 731 5413 ἔξεστί
762 5364 864 5405 σοι
908 5349 1143 5419 πρῶτον
1192 5334 1620 5421 προσενεγκεῖν
1646 5366 1659 5380 ·
1692 5349 1766 5412 ὡς

194 5508 415 5563 partem,
459 5496 608 5552 velut
641 5515 713 5555 ex
768 5501 1061 5556 abundanti
1106 5501 1290 5570 egenis
1324 5503 1596 5567 praebeat:
1631 5499 1761 5568 olfe-

195 5571 415 5649 rentibus
469 5579 650 5649 autem
703 5571 967 5649 εὐνομίαο
1010 5580 1079 5649 ιιι.
1108 5580 1254 5625 recta
1298 5572 1434 5640 lege,
1487 5586 1553 5649 ac
1607 5571 1757 5649 juxta

195 5640 325 5718 «μιοᾴ
362 5640 448 5718 lex
506 5637 867 5718 dividendun't
914 5641 1125 5718 statuit,
1161 5637 1642 5718 _pauca_'_qt_t:eﬂdam
1692 5640 1760 5693 de

197 5708 504 5766 melioribus
530 5709 762 5767 oﬂ‘crant
797 5731 808 5766 :
843 5722 896 5765 ut
922 5712 988 5766 sit
1020 5712 1209 5767 allusio
1239 5714 1303 5766 ad
1337 5711 1465 5765 illud
1499 5711 1633 5766 Gen.
1670 5726 1753 5777 ιιι,

1856 490 2111 565 Qniniino
2161 502 2425 573 quidquid
2464 504 2778 558 divitiarum
2816 504 3032 560 abunde
3070 512 3210 569 erat,
3241 518 3431 557 conse-

1856 605 2076 647 crantcs
2117 593 2252 658 Deo,
2287 595 2560 650 universis
2583 593 2938 650 offerentibus
2965 609 3214 659 munera,
3255 595 3427 649 dono-

1859 700 1976 738 rum
2008 686 2412 753 magnificentia
2442 687 2756 756 superiores
2788 695 3109 742 evaserunt.
3159 685 3425 756 O/ferebat

1854 776 2018 840 enim,
2055 776 2248 843 inquit,
2268 776 2516 830 Joachim
2559 794 2779 832 munera
2799 794 2893 831 sua
2917 778 3178 848 duplicia,
3212 779 3425 831 dicens:

1852 868 2112 939 Sit,quod
2142 880 2219 924 est
2249 871 2589 924 abundantia:
2635 887 2761 924 mea:
2780 872 2875 923 ιοιὶ
2901 869 3137 938 populo;
3179 879 3229 924 et
3282 869 3422 940 quod

1853 963 2193 1026 remissionis,
2222 961 2446 1016 Domino
2469 961 2600 1018 Deo.
2632 961 2675 1016 0
2697 973 2920 1031 accepta
2949 962 3060 1014 ha'c
3090 976 3315 1014 munera
3339 960 3353 1012 !
3384 959 3429 1013 Ο

1853 1056 2212 1123 primitiarum
2251 1055 2453 1109 oblatio
2488 1054 2539 1106 in
2591 1052 2996 1106 inviolabilibus
3043 1051 3312 1105 thesauris
3342 1064 3429 1102 re-

1854 1146 2024 1215 posita
2051 1147 2062 1199 !
2088 1144 2379 1210 O‘divitizc,
2426 1145 2803 1198 inexhaustatu
2851 1144 3114 1196 bonorum
3151 1140 3423 1194 thesauri-

1852 1247 2037 1292 zantes
2068 1238 2483 1291 abundantiam!
2517 1234 2560 1290 Ο
2593 1228 2865 1297 volunt‘as,
2910 1234 3221 1288 oblatorum
3258 1232 3429 1302 largi-
3494 1238 3499 1248 ‘

1854 1340 1960 1385 tate
2013 1331 2359 1385 admirationi
2409 1329 2632 1383 habita!
2681 1314 3173 1394 Quemadmodum,
3226 1324 3426 1393 inquit,

1857 1424 2065 1492 justum
2109 1432 2218 1487 est,
2247 1430 2304 1476 ut
2327 1430 2530 1476 statuta
2571 1419 2812 1490 legitima
2840 1417 2952 1472 Deo
2986 1416 3288 1472 offerantur
3309 1455 3325 1481 ,
3350 1415 3425 1469 ita

1854 1531 1986 1571 sane
2018 1531 2232 1584 aequum
2270 1514 2362 1580 sit,
2418 1523 2478 1567 ιιι
2525 1511 2784 1582 quidquid
2839 1511 3147 1565 divitiarum
3218 1507 3428 1569 abunde

1852 1612 1956 1668 est,
1996 1604 2194 1673 populo
2254 1616 2318 1656 ac
2360 1601 2544 1670 egenis
2583 1600 2870 1654 fruendum
2923 1599 3251 1667 prmbcatur.
3291 1596 3422 1649 Nam

1855 1700 1970 1751 lnec
2003 1710 2241 1765 quoque,
2266 1710 2362 1764 per
2393 1708 2486 1747 eos
2506 1694 2596 1762 qui
2627 1693 2923 1761 accipiunt,
2965 1691 3072 1744 Deo
3102 1688 3424 1744 offeruntur.

1854 1789 2112 1855 Outenam
2145 1785 2288 1840 enim
2314 1800 2445 1841 vero
2474 1784 2582 1849 lex,
2617 1798 2651 1838 ο
2699 1784 2782 1837 vir
2827 1781 2995 1851 juste,
3051 1782 3123 1834 ita
3161 1780 3336 1850 jubet,
3369 1788 3428 1833 ut

1860 1882 2000 1935 dona
2060 1889 2224 1949 atque
2278 1878 2550 1947 primitias
2600 1877 2838 1945 duplicia
2891 1875 3134 1930 oﬂ'eras‘l
3178 1861 3426 1942 Quonam

1849 1975 1972 2043 jure
1997 1980 2323 2042 praeceptum
2338 1970 2525 2034 habes,
2547 1978 2605 2023 ut
2625 1968 2850 2039 quiquid
2870 1968 3180 2022 divitiarum
3215 1966 3429 2019 abunde

1853 2074 1956 2129 est,
1987 2064 2039 2117 in
2085 2063 2340 2132 populum
2397 2060 2736 2117 distribuas?
2782 2059 3072 2129 Equidem,
3119 2058 3232 2124 ait,
3281 2056 3426 2110 nulla

1854 2155 1938 2209 lex
1975 2166 2076 2222 est,
2111 2169 2209 2209 nec
2240 2151 2328 2220 jus
2353 2153 2543 2216 ullum,
2593 2164 2652 2207 ut
2701 2152 2767 2205 ad
2805 2150 2921 2204 haec
2953 2165 3114 2220 cogar
3145 2167 3159 2202 :
3199 2158 3255 2201 at
3293 2163 3419 2202 cum

1855 2238 1970 2316 ipse
2030 2262 2059 2299 a
2124 2235 2449 2314 me'metipso
2511 2243 2712 2298 bonum
2774 2240 3100 2303 invenerim,
3168 2245 3425 2306 tanquam

1856 2339 1966 2393 Deo
1990 2348 2224 2409 gratum,
2258 2335 2388 2390 illud
2423 2334 2641 2405 impleo.
2681 2328 2831 2400 Ejus,
2865 2331 3065 2400 inquit,
3099 2338 3248 2394 sunt,
3286 2342 3421 2397 quas

1854 2435 1996 2486 dono
2026 2429 2207 2498 accepi
2242 2424 2493 2490 divitias;
2517 2440 2694 2494 operte
2714 2422 2948 2492 pretium
2976 2429 3055 2475 est
3083 2427 3140 2472 ut
3177 2418 3222 2472 ei
3260 2417 3424 2470 vicis-

1849 2527 1956 2578 sim
2018 2522 2333 2577 reddantur.
2383 2517 2744 2573 Providentiae
2781 2514 2899 2584 ejus
2940 2510 3205 2568 beneficia
3256 2517 3425 2574 sunt;

1855 2613 2211 2670 beneﬁcentia
2251 2612 2302 2665 in
2328 2608 2665 2667 contribules
2708 2604 3079 2661 conferantur.
3122 2601 3254 2667 Quae
3296 2601 3419 2653 data

1828 2718 2001 2772 sunt,
2044 2704 2237 2775 peculii
2262 2699 2770 2763 suutabundantia;
2806 2699 2859 2749 in
2891 2693 3221 2764 peculiarem
3260 2705 3428 2760 popu-

1856 2801 1964 2853 lum
1989 2794 2378 2852 dill'undantur.
2407 2790 2540 2846 Cum
2568 2789 2683 2842 haec
2710 2786 2884 2856 gratia
2909 2784 3037 2847 sint,
3077 2797 3185 2836 non
3219 2793 3429 2834 merces

1854 2903 2099 2958 operum,
2158 2884 2293 2955 ipsis
2337 2884 2497 2937 rebus
2535 2893 2730 2934 nomen
2783 2874 3130 2938 conﬁrment,
3166 2888 3229 2927 ac
3257 2873 3425 2939 largi-

1834 2976 1989 3035 ’toris
2016 2976 2401 3046 benignitatem
2439 2970 2756 3042 praedicent.
2788 2966 3114 3021 Dividantur
3146 2966 3198 3018 in
3238 2965 3421 3033 plures

1780 3088 1823 3144 ο
1856 3086 1998 3128 ουτω
2025 3069 2356 3131 divitiarum,
2382 3065 2510 3134 quin
2539 3063 2720 3132 potius
2750 3074 2910 3114 omne
2931 3073 3118 3113 earum
3146 3058 3358 3124 poadns
3392 3071 3420 3105 ιι

1856 3165 2012 3221 nobis
2034 3161 2380 3232 abjiciamus.
2415 3156 2722 3227 Dissipetur
2756 3153 2909 3221 longe
2941 3167 2968 3203 a
2998 3149 3248 3220 sensibus
3275 3146 3427 3198 turba

1857 3256 2191 3319 divitiarum,
2235 3263 2295 3306 ut
2326 3250 2472 3304 nullo
2516 3246 2915 3316 impedimento
2952 3241 3040 3294 Dei
3075 3242 3213 3294 dona
3248 3235 3423 3304 perci-

1850 3350 2024 3420 piant.
2061 3344 2256 3401 Procul
2287 3344 2711 3420 abigatur,_qn:e
2756 3334 2955 3389 rationi
3004 3330 3241 3386 oll‘undit
3275 3337 3432 3382 tene-

1855 3417 2003 3515 bras,
2040 3436 2463 3496 sollicitudinum
2489 3417 2681 3497 nubes,
2730 3438 2787 3482 ut
2829 3429 2882 3481 in
2913 3424 3087 3480 sohnn
3143 3435 3278 3492 pure
3325 3418 3432 3472 ful-

1857 3550 2041 3599 gorem
2074 3533 2289 3587 animus
2318 3527 2575 3583 immunis
2607 3527 2677 3579 ab
2733 3517 3115 3575 aﬂ'ectionibus
3149 3513 3420 3569 intendat.

1856 3623 1938 3680 Ne
1990 3622 2188 3677 mentis
2218 3620 2301 3674 ala
2360 3614 2711 3687 c0gitationis
2763 3620 3109 3665 terrenarum
3159 3602 3427 3674 gravitate

1858 3713 2195 3778 detrahatur,
2240 3718 2298 3765 ut
2329 3725 2394 3763 ne
2430 3705 2680 3762 sublimia
2705 3710 2888 3770 petat;
2940 3699 3170 3753 liberum
3222 3696 3289 3748 ad
3339 3708 3426 3748 res

1857 3804 2128 3874 spiritales
2152 3799 2390 3854 volatum
2430 3795 2649 3850 habeat.
2694 3789 2898 3844 Solutae
2939 3778 3107 3841 animi
3156 3800 3316 3839 aures
3361 3786 3429 3837 ab

1857 3898 2204 3964 obstrepente
2250 3889 2489 3944 inanium
2541 3883 2771 3940 tuinultu
2822 3895 3029 3943 rerum,
3077 3892 3266 3931 eorum
3312 3892 3437 3945 qua:

1858 3979 2177 4058 spiritaliter
2223 3983 2570 4038 celebrantur
2621 3974 2919 4043 suscipiant
2989 3984 3221 4036 sonum;
3278 3967 3438 4022 dulce

1859 4079 2126 4136 modulata
2157 4090 2345 4131 eorum
2406 4071 2496 4141 qui
2545 4071 2598 4124 in
2655 4067 2810 4122 cretis
2870 4063 3165 4127 exsultant,
3222 4061 3434 4114 cantica

1858 4171 2180 4242 percipiant.
2211 4168 2290 4221 Ac
2326 4165 2399 4219 ita
2438 4160 2654 4233 quidem
2694 4159 2968 4229 justorum
3000 4154 3225 4218 oblatio,
3256 4166 3437 4220 exque

1860 4261 2146 4333 magnifica
2191 4256 2451 4327 ejusmodi
2483 4252 2725 4323 profecta
2786 4260 2988 4314 mente,
3042 4258 3338 4317 congruam
3369 4243 3438 4298 ab

1858 4353 2099 4410 ontnium
2123 4350 2232 4404 Deo
2260 4346 2659 4415 susceptionem
2695 4348 2957 4396 meretur.

1785 4434 1832 4489 Ι)
1922 4452 1951 4467 κ

1932 4528 2202 4584 Caeterum
2233 4525 2329 4596 qui
2378 4522 2595 4594 generis
2644 4518 2906 4575 aﬂinitate
2959 4516 3277 4587 conjuncti,
3316 4514 3443 4570 illu~

1863 4620 2154 4676 strioribus
2182 4616 2617 4672 solemnitatibus
2651 4628 2757 4668 una
2784 4628 2910 4668 cum
2933 4610 3082 4680 justo
3113 4607 3441 4673 offerebant,

1864 4711 2061 4767 nedum
2092 4708 2359 4779 religiosae
2391 4707 2509 4777 ejus
2540 4704 2961 4775 magniﬁcentiae
3008 4702 3235 4755 minime
3266 4699 3443 4753 admi-

1866 4801 1967 4857 rati
2008 4800 2315 4862 fervorem,
2363 4797 2461 4852 sed
2504 4803 2558 4850 et
2612 4795 2730 4864 ejus
2760 4793 3075 4863 priestantia
3111 4792 3167 4845 in
3216 4789 3442 4844 livorem

1867 4895 1996 4956 acti,
2032 4891 2271 4962 legitima
2303 4889 2550 4960 quaedam
2600 4885 2897 4956 objiciunt,
2930 4882 3129 4953 quibus
3178 4881 3223 4934 is
3253 4878 3444 4948 prohi-

1864 4986 2087 5040 beretur
2137 4984 2247 5037 Deo
2282 4982 2518 5045 oﬂ‘erre,
2566 4980 2645 5034 uti
2710 4978 2918 5035 sterilis
2953 4988 3018 5029 ac
3072 4974 3195 5027 ﬁliis
3239 4972 3443 5033 orbus,

1863 5079 2065 5148 quique
2095 5077 2312 5148 generis
2333 5075 2682 5130 successione
2710 5079 2946 5126 careret.
3001 5064 3124 5118 Non
3158 5065 3318 5125 enim,
3363 5062 3446 5115 in-

1863 5171 2001 5240 quit,
2053 5169 2149 5223 tibi
2181 5169 2300 5222 licet
2348 5168 2538 5235 oﬂ‘erre
2570 5177 2813 5224 munera,
2845 5174 2904 5213 eo
2933 5154 3091 5233 quad‘
3113 5171 3215 5208 non
3258 5152 3445 5221 feceris

1864 5274 2035 5312 semen
2083 5258 2141 5310 in
2194 5256 2323 5320 filiis
2354 5252 2548 5307 Israel.
2600 5250 2830 5315 Quidam
2873 5257 3053 5301 tamen
3086 5244 3311 5299 codices
3342 5242 3444 5296 ha-

1866 5350 2036 5405 bent:
2076 5346 2196 5400 Non
2246 5347 2364 5399 licet
2401 5343 2494 5396 tibi
2525 5353 2578 5395 ut
2628 5342 2829 5410 primus
2880 5339 3073 5408 oﬁ‘eras
3101 5353 3121 5392 :
3153 5350 3263 5405 quo
3318 5349 3443 5390 eum

1870 5497 1971 5575 ᾊν
2005 5498 2080 5569 μὴ
2112 5496 2291 5575 epes;
2321 5493 2528 5575 διέλῃς,
2559 5492 2810 5575 ἥμαρτες
2823 5507 2854 5575 ο,
2874 5488 2935 5545 Si
2968 5504 3071 5543 non
3095 5497 3232 5575 recte
3262 5488 3444 5575 divise:

1869 5571 1965 5648 ris:
1995 5558 2225 5648 peccasti
2257 5582 2275 5620 :
2323 5558 2634 5645 sitqu'ero'x
2666 5558 2917 5648 εὐνρμία,
2950 5575 3055 5648 Iron
3095 5566 3321 5625 tantum_
3337 5558 3444 5611 ἀπὸ

1866 5629 2005 5700 τοῢ,”
2028 5638 2213 5707 νόμος,
2243 5629 2431 5691 verum
2450 5635 2612 5688 etiam
2674 5629 2912 5696 ἀπὸτοῦ,
2941 5629 3213 5699 νέμομαι·
3266 5647 3442 5701 quatt-

1869 5725 2032 5778 quam
2060 5710 2256 5764 desunt
2282 5705 2529 5775 exetnpla
2563 5703 2719 5774 hujus
2747 5700 3098 5772 acceptionis.
3260 5709 3264 5713 ‘
