3938 6168
460 228 600 293 1313
926 232 937 243 '
1583 232 1918 295 GEORGII
1958 234 2079 296 NIC

2181 229 2562 301 [EDIENSIS
3629 216 3798 286 1344

457 350 683 405 prorsus
725 334 794 391 ab
826 324 1102 392 oblatione
1138 342 1410 392 arcerent.
1447 334 1576 391 Sive
1606 337 1778 407 igitur
1806 337 1914 393 hoc
1942 353 2038 392 ac-
2073 387 2079 400 ε

2182 339 2374 394 αθόλου
2428 339 2623 394 τοῦτον
2678 337 2775 392 τοῦ
2823 338 3135 412 καλλιερεῖν
3193 335 3567 408 διείργεσθαι.
3640 336 3792 389 EE“

458 425 717 497 cipiatur,
742 425 856 482 sive
880 424 1038 492 illud,
1059 426 1367 481 invidorum
1397 425 1750 481 interdictum
1776 435 1880 480 est.
1905 425 2041 482 Cum

2181 431 2241 484 ὗν
2283 431 2445 485 τοῦτο
2477 431 2743 502 ληφθείη,
2800 433 2913 485 εἴτε
2962 433 3173 498 ἐκεῖνο,
3232 429 3589 501 φθονούντων
3650 424 3796 480 ἐστὶ

461 519 606 574 enim
637 519 930 589 magnifica
955 518 1088 587 justi
1119 533 1347 574 munera
1392 519 1757 573 admiratione
1794 520 2045 588 prosequi

2181 521 2609 593 ιαραγγέλματα.
2655 524 2787 575 Δέον
2831 523 2941 593 γὰρ
2986 523 3190 585 αὐτοὺς
3236 522 3300 574 τὸ
3363 520 3793 592 μεγαλόδωρον

461 607 764 675 deberent;
820 625 942 665 cum
990 611 1298 664 ubertatem
1334 608 1653 684 οι)1ιιιοι·ιιιιι⁸
1670 609 1863 679 plausu
1901 611 2049 666 ext-i-

2185 614 2431 683 αυμάσαι
2475 611 2569 665 τοῦ
2604 612 2847 666 δικαίου⁶
2885 613 3006 667 δέον
3045 615 3113 684 τῇ
3152 611 3398 683 ἀφθονίᾳ
3432 612 3550 664 τῶν
3583 626 3793 681 προσ-

465 712 627 769 pere;
670 715 795 755 cum
845 701 1143 756 voluntatis
1187 701 1609 772 magnificentiae
1671 704 2045 774 aggratulari;

2181 704 2816 774 ιγομένωνεπικροτῆσαι
2836 721 2850 735 ο
2870 707 2940 775 τῇ
2971 705 3073 774 τῆς
3107 704 3378 774 αἱρέσεως
3408 701 3794 770 συνησθῆναι

465 807 499 847 e
520 803 705 847 contra
726 794 805 848 illi
839 795 1037 849 nedum
1076 794 1286 865 dignari
1319 796 1530 859 nolunt,
1558 796 1849 867 qutejuste
1875 797 2049 853 susci-

2181 795 2636 866 ιεγαλοπρεπείᾳ·
2661 796 2713 847 oi
2742 795 2824 861 δὲ,
2850 796 2986 866 πρὸς
3011 796 3091 867 τῷ
3119 795 3197 867 μὴ
3219 795 3447 857 δικαίας
3474 791 3794 861 ἀποδοχῆς

467 885 715 953 piantur,
762 887 1025 939 utetiam
1076 897 1347 942 conentur
1394 888 1674 957 repellere.
1729 888 1866 957 Quid
1924 904 2053 944 vero

2181 887 2342 954 ιξιοῧν
2370 886 2545 942 ταῦτα
2574 887 2883 957 βούλεσθαι,
2913 890 3008 941 καὶ
3031 887 3392 956 ἀποπέμπειν
3419 886 3791 955 πειρῶνται.

470 976 649 1029 oblata
697 977 1053 1042 criminatus,
1109 992 1170 1030 ea
1229 978 1411 1047 repelli
1448 980 1573 1046 vis,
1607 989 1667 1035 ut
1697 995 1767 1035 ue
1818 981 2055 1036 debeant

2181 976 2221 1029 Γί
2277 977 2387 1033 τῶν
2441 978 2872 1049 προσαγομένων
2946 980 3253 1047 καταγνοὺς
3314 979 3343 1031 ὁ
3392 974 3797 1029 ’ἀπωθεῖσθαι

471 1065 715 1125 offerri?~
755 1067 927 1134 Quam
994 1070 1203 1124 donarii
1264 1070 1589 1126 surditatem
1655 1073 2056 1142 reprehendis?

2181 1066 2331 1122 ταῦτα
2376 1068 2738 1138 βουλόμενος,
2772 1070 2852 1132 εἰς
2892 1067 3095 1139 σκῆψιν
3130 1067 3224 1121 τοῦ
3268 1066 3347 1138 μὴ
3378 1063 3796 1136 ἀναφέρεσθαι

472 1158 612 1224 Quid
649 1159 701 1211 in
728 1160 930 1214 oblatis
957 1175 1063 1214 non
1091 1176 1121 1215 a
1154 1161 1437 1216 voluntate
1476 1162 1924 1231 deprehentlistil
1957 1161 2058 1215 Er-

2181 1160 2476 1232 τροϐἀλλῃς
2540 1161 2703 1215 ποίαν
2756 1161 2852 1215 τοῦ
2917 1162 3315 1233 ἀνατιθεμένου
3376 1159 3797 1230 μικροψυχίαν

471 1266 612 1319 gone
645 1266 748 1305 non
789 1252 997 1322 integra
1045 1252 1208 1309 sunt?
1234 1252 1425 1308 Nonne
1450 1269 1543 1319 ea,
1573 1255 1776 1309 nedum
1830 1254 2057 1325 integri-

2181 1252 2466 1321 ιυνέγνως;
2509 1252 2562 1306 τί
2596 1252 2707 1323 τῶν
2748 1253 3064 1325 ἀϐουλήτων
3098 1256 3154 1307 ὲν
3204 1256 3317 1317 τοῖς
3356 1268 3796 1323 καρποφορου-

478 1351 619 1410 tate,
652 1344 760 1397 sed.
800 1353 856 1397 et
908 1343 1305 1413 exsuperantia
1345 1344 1762 1399 admirationem
1815 1342 2060 1399 habent?

2181 1345 2354 1409 ιένοις
2384 1343 2717 1416 ὲφώρασαςς
2756 1340 2887 1417 'Ap'
2926 1344 3027 1415 οὐχ
3076 1343 3353 1414 ὁλόκληρα
3399 1336 3622 1407 ίταῦτα;
3684 1336 3794 1411 ἆρ’

474 1426 671 1487 Nonne
723 1450 789 1487 ex
849 1446 1000 1490 recta
1053 1434 1371 1500 voluntate,
1419 1446 1475 1491 et
1511 1436 1750 1492 discreta
1801 1444 1960 1500 sunt,
2004 1446 2061 1490 et

2181 1438 2223 1490 ιύ
2261 1436 2425 1507 μόνον
2468 1436 2548 1508 τῷ
2601 1436 2909 1501 ἀνελλιπεί,
2942 1435 3082 1490 ἀλλά
3117 1437 3213 1490 καὶ
3254 1436 3333 1505 τῷ
3362 1432 3749 1498 πλεονάζοντι
3774 1474 3793 1496 ,

475 1523 694 1578 oblata?
727 1524 833 1590 At,
874 1526 1084 1595 inquit,
1135 1527 1528 1595 consuetudo,
1574 1528 1682 1582 vim
1735 1528 1869 1599 legis
1915 1527 2062 1583 obti-

2181 1526 2542 1597 δαυμάζεται;
2590 1522 2680 1598 ἆρ’
2729 1526 2829 1580 οὐκ
2878 1526 2944 1578 ὲκ
2996 1523 3381 1596 προαιρέσεως
3434 1521 3614 1592 ὀρθῆς
3676 1521 3794 1575 καὶ

478 1632 652 1681 nens,
686 1617 938 1686 prohibet
984 1633 1052 1674 ne
1093 1619 1309 1674 steriles
1344 1614 1543 1674 'simili-
1592 1620 1753 1675 modo
1794 1619 2063 1689 primitias

2181 1619 2514 1688 ῑιεκρίθησαν
2542 1616 2637 1671 καὶ
2685 1615 3057 1686 ἁνετέθησαν;
3106 1615 3250 1668 Ἀλλ’
3289 1614 3434 1679 ἔθος,
3470 1613 3649 1684 φησὶ,
3686 1612 3791 1665 νό-

478 1702 591 1756 Dco
639 1702 907 1772 offerant,
959 1716 1129 1776 atque
1183 1707 1243 1773 ii,
1300 1709 1393 1778 qui
1429 1708 1611 1778 proles
1661 1710 1896 1777 habent,
1928 1724 2064 1766 neve

2181 1729 2287 1781 ιου-
2329 1711 2641 1782 βεϐαιότητι
2685 1709 3014 1782 κρατῆσαν,-
3049 1709 3178 1772 τοὺς
3231 1707 3467 1777 ἀγόνους
3517 1720 3793 1777 παρακε-

478 1794 794 1850 eorumdem
827 1811 948 1852 cum
975 1798 1078 1852 illis
1106 1799 1371 1855 honorum
1404 1800 1515 1854 sint
1541 1787 1855 1870 participes.
1881 1800 2067 1870 .Equi-

479 1887 602 1939 dem
630 1902 782 1948 vero.
815 1888 1014 1943 nullam
1059 1890 1162 1945 hac
1205 1892 1272 1946 de
1310 1907 1371 1948 re
1406 1892 1673 1948 saneitam
1711 1892 1906 1963 legem,
1945 1907 2066 1948 cer-

482 1989 593 2032 tum
623 1978 798 2035 habeo
832 1997 846 2035 :
879 1982 965 2037 sin
1010 1983 1426 2054 autemaliquid
1460 1985 1857 2039 consuetudine
1892 1997 2065 2038 nova-

482 2077 595 2123 tmn
641 2070 765 2135 fuit,
804 2082 954 2127 certa
990 2073 1094 2128 fide
1123 2084 1315 2141 testor,
1350 2084 1518 2130 totum
1560 2077 1610 2131 id
1670 2091 1699 2130 a
1746 2090 1939 2132 crasso
1973 2085 2068 2130 tuo

485 2162 784 2233 humilique
814 2165 1027 2233 ingenio
1049 2166 1484 2236 adjectum-esse.
1511 2162 1627 2220 Neu
1664 2167 1807 2222 enim
1832 2182 1897 2221 eo
1920 2165 2069 2221 Deus

484 2254 755 2315 sacriﬁcia
796 2271 859 2310 ac
888 2257 1442 2328 oblationes'accepta
1476 2258 1660 2324 habet,
1689 2258 1835 2329 quod
1886 2260 2069 2313 fecun-

487 2348 629 2402 ditas
656 2362 722 2402 ac
759 2347 927 2402 multa
976 2348 1154 2418 proles
1199 2349 1460 2408 accedat.
1485 2352 1578 2405 sed
1606 2351 1752 2420 quod
1791 2350 2069 2420 possessio

486 2441 785 2505 virtutum;
851 2444 996 2509 quod
1057 2441 1217 2509 probi
1264 2455 1478 2506 mores;
1544 2441 1689 2509 quod
1747 2441 2069 2509 magniﬁcus

488 2534 751 2596 animus;
793 2534 936 2601 quod
979 2530 1229 2603 largitas,
1262 2542 1502 2587 nontam
1533 2532 1862 2597 oblatorum,
1900 2549 2065 2603 quam

490 2621 789 2677 voluntatis
822 2622 875 2676 in
909 2638 1137 2678 munera
1166 2620 1377 2691 effusae;
1408 2626 1555 2694 quod
1598 2625 1780 2678 anima
1815 2625 2070 2692 humilis,

488 2734 555 2774 ac
585 2718 873 2774 modestus
897 2733 1121 2784 sensus,
1155 2721 1354 2791 quique
1386 2719 1592 2776 nullum
1624 2719 1736 2776 Deo
1766 2735 1864 2789 pro
1892 2720 2074 2791 digni-

492 2818 602 2865 tate
633 2825 831 2865 munus
869 2813 1198 2879 respondere
1240 2812 1470 2867 noverit.
1506 2812 1599 2867 Ait
1624 2813 1771 2868 enim
1798 2828 1812 2866 :
1841 2812 2096 2883 Sacriﬁ-r

487 2902 628 2968 cium
650 2901 779 2965 Deo,
803 2903 1018 2972 spiritus
1048 2904 1432 2959 contribulatus
1452 2906 1498 2958 ’.
1527 2902 1641 2980 Sup
1670 2919 1906 2975 namque
1929 2903 2075 2960 Deus

492 2996 629 3062 ipse,
667 3011 955 3051 munerum
983 3006 1263 3067 acceptor,
1286 2997 1597 3053 testimonio
1628 2999 1784 3054 testis
1814 2998 1996 3061 fuerit,
2016 3007 2076 3052 ut

489 3100 558 3140 ex
590 3086 675 3140 his
701 3086 878 3141 oblata
914 3095 1135 3156 accepta
1169 3088 1276 3142 sint
1298 3127 1315 3153 ,
1351 3087 1720 3156 universique,
1754 3086 1799 3143 si
1831 3086 1922 3155 qui
1964 3099 2078 3139 me-

492 3178 615 3233 liori
645 3179 936 3235 sententiae
976 3181 1287 3246 accedunt,
1348 3179 1475 3248 pari
1497 3178 1845 3235 confessione
1872 3191 2081 3232 annue.-

493 3270 623 3324 riut.
656 3265 846 3325 Tradit
885 3270 1155 3340 siquidem
1205 3269 1488 3340 Scriptura
1542 3284 1737 3333 sacra,
1789 3276 1847 3322 ut
1911 3267 2079 3322 multa

494 3363 640 3420 Deus
683 3373 999 3420 sanctorum
1041 3378 1107 3419 ac
1133 3362 1408 3432 justorum
1441 3361 1710 3417 sacrificia
1746 3360 2078 3425 laudaverit,

495 3464 827 3525 acceptaque
862 3454 1147 3521 habuerit;
1197 3454 1522 3524 abundeque
1568 3460 1801 3509 teSIatur
1846 3450 2083 3508 oll‘eren-

497 3547 632 3602 tium
659 3547 854 3618 gloria.
892 3545 1068 3614 ipsius
1099 3547 1245 3602 enim
1282 3548 1442 3617 primi
1476 3548 1736 3616 martyris
1776 3545 1913 3601 Abel
1948 3544 2081 3615 justi

498 3654 726 3696 munera
794 3653 901 3695 non
939 3654 1007 3695 eo
1040 3649 1362 3695 meruerunt
1390 3639 1602 3695 laudem
1650 3654 1714 3695 ac
1741 3638 1960 3694 fuerunt
1993 3654 2079 3695 ac-

493 3747 676 3808 cepta,
724 3737 865 3807 quod
912 3737 958 3792 is
1010 3736 1218 3792 liberos
1273 3735 1964 3808 suscepissehsedqnod
2015 3748 2083 3789 ex

497 3829 648 3900 larga
677 3829 957 3885 voluntate
991 3828 1239 3897 litasset;
1284 3830 1430 3899 quod
1460 3831 1663 3899 optima
1704 3829 1812 3883 Deo
1847 3826 2084 3883 obtulis-

495 3930 614 3989 set;
650 3923 793 3992 quod
847 3920 977 3976 nihil
1030 3923 1246 3993 angusti
1288 3922 1455 3976 animi
1497 3922 1890 3991 cogitationum
1952 3933 2085 3974 ver-

496 4026 648 4078 sane,
675 4012 947 4068 sinceram
995 4014 1044 4068 ei
1096 4013 1329 4069 hostiam
1361 4012 1603 4068 fecisset.
1650 4011 1784 4086 Nam
1818 4019 1875 4066 et
1922 4009 2083 4073 Cain,

500 4120 663 4173 quam
715 4108 866 4176 prole
911 4122 1109 4162 carens
1138 4108 1374 4162 hostiam
1402 4106 1622 4171 obtulit,
1668 4120 1776 4159 non
1827 4119 1893 4159 eo
1926 4092 2087 4157 titulo

499 4198 786 4268 reprobata
812 4208 930 4264 est,
977 4196 1071 4253 sed
1109 4207 1332 4267 propter
1370 4196 1486 4265 ejus
1539 4195 1784 4250 sterilem
1833 4193 2087 4250 volunta-

500 4298 658 4344 tem:
703 4297 922 4358 propter
977 4289 1193 4359 angusti
1243 4288 1410 4342 animi
1472 4287 1969 4352 infecunditatem;
2020 4299 2086 4340 ac

2103 3035 2150 3096 (Σ

2163 1803 2381 1858 λεύεται
2416 1802 2492 1873 μὴ
2544 1801 2959 1872 παραπλησίως
2975 1802 3088 1864 τοῖς
3124 1796 3449 1852 εὖτεκνοῦσι
3482 1811 3797 1870 καρποφο-

2169 1895 2282 1964 ρεῖν
2308 1893 2447 1963 Θεῷ,
2481 1891 2619 1964 μηδὲ
2648 1890 2758 1945 τῶν
2803 1890 3025 1962 ὁμοίωνι
3047 1888 3421 1960 συμμετέχειν
3451 1886 3652 1948 αὐτοῖς
3694 1901 3790 1936 τι·

2168 1981 2309 2055 μῶν.
2365 1981 2507 2051 Ἐγὼ
2554 1983 2639 2049 δὲ,
2681 1983 2764 2036 ὅτι
2814 1982 2912 2052 μὲν
2951 1980 3117 2051 νόμος
3174 1982 3203 2034 ὁ
3231 1978 3682 2047 τεθεσπισμένος
3717 1979 3791 2030 οὐ

2166 2075 2474 2130 τετύπωται
2518 2075 2647 2145 περὶ
2690 2073 2878 2137 αὐτοῦ,
2920 2073 3159 2144 βεϐαίως
3207 2072 3352 2143 ἔχω·
3398 2071 3485 2124 ὅτι
3525 2069 3574 2122 δ’
3607 2070 3790 2139 εἴπερ

2168 2164 2290 2233 ἔθος
2341 2165 2972 2236 ἐπικεκαινοτομημένον
3021 2183 3109 2229 τι,
3145 2164 3247 2236 τῆς
3300 2165 3402 2235 σῆς
3448 2162 3791 2233 παχύτητος

2168 2261 2334 2316 ἕνεκα
2395 2262 2493 2316 καὶ
2540 2260 2891 2333 ’χαμαιζήλου
2945 2258 3175 2330 γνώμης
3232 2253 3786 2330 προσεπετειχίσθης

2169 2351 2428 2421 ἀσφαλῶς
2455 2352 2638 2417 εἰδὼς,
2667 2351 3139 2424 διαμαρτύρομαι.
3174 2350 3249 2403 Οὐ
3281 2349 3394 2419 γὰρ
3438 2347 3532 2400 διὰ
3580 2361 3791 2399 τεκνο-

2170 2444 2416 2516 γονίανῆ
2456 2443 2837 2512 πολυτεκνίαν,
2889 2444 2951 2497 τὸ
2980 2444 3092 2498 τῶν
3137 2443 3338 2497 θυσιῶν
3393 2441 3492 2496 καὶ
3538 2442 3791 2508 ἀφαιρε-

2175 2537 2360 2608 μάτων
2404 2536 2804 2606 εὑπρόσδεκτον
2840 2537 2990 2608 παρᾶ
3036 2535 3153 2604 Θεῷ
3187 2534 3474 2604 κρίνεται,
3505 2532 3650 2586 ἀλλὰ
3688 2532 3791 2584 διὰ

2174 2629 2493 2699 περιουσίαν
2537 2627 2749 2698 ἀρετῶν
2771 2645 2786 2661 ο
2816 2627 2905 2681 διὰ
2946 2626 3358 2694 καλοκαγαθίαν
3390 2624 3653 2703 τρὸπων·
3686 2620 3787 2673 διὰ

2175 2720 2488 2790 φιλοτιμίαν
2517 2719 2741 2791 γνώμης
2764 2737 2778 2752 °
2811 2719 2877 2772 δι’
2924 2717 3210 2788 ἀφθονίαν,
3249 2718 3310 2771 οὐ
3358 2717 3625 2770 τοσοῦτον
3668 2715 3788 2768 τῶν

2173 2812 2619 2882 ἀναφερομένων,
2647 2811 2769 2864 ὅσον
2794 2810 2894 2880 τῆς
2928 2809 3313 2881 μεγαλοδώρου
3348 2808 3747 2877 προαιρέσεως
3780 2822 3790 2833 '

2174 2903 2241 2957 δι’
2272 2902 2688 2972 ὑποϐεϐηκυῖαν
2728 2902 2930 2973 ψυχὴν,
2962 2903 3054 2956 καὶ
3101 2901 3362 2972 φρόνημα
3400 2898 3790 2970 συνεσταλμέ-

2180 3011 2290 3060 νον,
2324 2996 2420 3047 xui.
2453 2994 2620 3064 μηδὲν
2642 2992 2751 3046 τῶν
2780 2991 3207 3067 προσαγομένων
3245 2990 3368 3042 κατ’
3401 2988 3561 3055 ἀξίαν
3588 2987 3787 3056 οἰόμε-

2181 3103 2271 3140 νον
2316 3081 2455 3139 εἶναι
2506 3084 2666 3139 Θεοῦ.
2724 3083 2915 3138 Θυσία
2952 3084 3082 3154 γὰρ,
3134 3082 3304 3153 φησι.
3341 3078 3499 3146 Θεῷ,
3539 3080 3790 3148 πνεῦμα

2179 3176 2731 3245 συντετριμμένον..
2764 3176 2921 3228 Ἑπεὶ
2957 3178 3006 3228 εἰ
3065 3173 3140 3244 μὴ
3178 3176 3244 3227 ἐκ
3292 3172 3421 3244 [γρ.
3488 3166 3635 3226 εἶναι
3678 3169 3789 3242 ὲκ]

2179 3266 2389 3321 τούτων
2420 3267 2483 3320 τὸ
2513 3265 2809 3319 ἀπόδεκτον
2852 3266 2966 3327 τοῖς
3016 3260 3455 3332 ἀναφερομένοις
3475 3299 3491 3322 ,
3525 3259 3694 3321 αὐτός
3723 3274 3792 3310 τε

2180 3361 2470 3434 δεχόμενος
2514 3359 2953 3431 ἐπιμαρτυρήσει
3003 3375 3064 3410 σε
3117 3357 3286 3419 Θεὸς.
3335 3356 3432 3408 καὶ
3459 3355 3513 3407 oi
3553 3357 3621 3425 τῇ
3675 3353 3791 3406 τῶν

2185 3454 2512 3525 κρειττόνων
2569 3450 2991 3523 προστιθέμενοι
3046 3449 3210 3521 ψῄφῳ
3275 3446 3791 3516 συνομολογήσαιεν

2182 3544 2446 3609 ἅπαντες.
2480 3543 2820 3614 Πολλὰςςγάρ
2848 3542 2959 3596 τῶν
2989 3540 3162 3610 ἁγίων
3189 3540 3287 3592 καὶ
3319 3537 3556 3592 δικαίων
3587 3535 3792 3597 θυσίας

2184 3637 2348 3690 αὑτὸν
2391 3633 2755 3689 ἐπαινέσαντα
2813 3631 3215 3706 προσδέξασθαι
3274 3631 3366 3684 τὸν
3414 3629 3578 3695 Θεὸν,
3631 3629 3668 3699 ἦ
3731 3644 3792 3681 τε

2187 3724 2309 3779 θεία
2348 3725 2681 3797 παραδίδωσι
2710 3724 2947 3796 Γραφὴν
2974 3724 3068 3778 καὶ
3102 3720 3267 3794 ἡτῶν
3299 3719 3794 3792 προσενεγκάντων

2189 3821 2731 3890 συνεπιμαρτύρεται
2761 3815 2914 3881 δόξα.
2942 3816 3054 3869 Καὶ
3099 3814 3212 3887 γὰρ
3262 3813 3433 3867 αὐτοῦ
3468 3810 3650 3866 Ἀϐελ
3684 3810 3787 3864 τοῦ

2188 3907 2406 3979 πρώτου
2440 3906 2893 3979 μαρτυρηθέντος-
2935 3903 3181 3971 δικαίου,
3206 3904 3269 3957 οὗ
3305 3903 3395 3957 διὰ
3426 3901 3792 3970 τεκνογονίαν

2186 3999 2256 4053 τὰ
2280 3999 2431 4069 δῶρα
2456 3999 2801 4070 ἐπῃνέθησαν
2837 3997 2932 4050 καὶ
2965 3994 3367 4065 ἀπεδέχθησασδ,
3400 3992 3543 4047 ἀλλὰ
3574 3992 3669 4046 διὰ
3691 3991 3794 4063 τὴν

2185 4090 2382 4162 δαψιλῆ
2429 4092 2528 4161 τῆς
2578 4090 2957 4162 προαιρέσεως
3012 4086 3439 4158 καρποφορίανιο
3492 4085 3588 4140 διὰ
3631 4086 3696 4138 τὸ
3722 4086 3795 4139 τά

2188 4182 2451 4237 κάλλιστα
2477 4181 2597 4253 Θεῷ
2630 4179 3122 4252 προσανατιθέναι·
3174 4179 3264 4233 διὰ
3307 4177 3370 4231 τὸ
3422 4179 3795 4247 ἀνεπίμικτον

2189 4274 2466 4348 λογισμῶν
2499 4273 2868 4347 μικροψυχίας
2896 4272 3013 4343 τὴν
3055 4270 3326 4344 εἰλικρινῆ
3357 4270 3556 4324 θυσίαν
3583 4268 3795 4339 ἀναφέ-

499 4380 643 4449 quod
673 4381 782 4446 sui,
811 4394 976 4449 quam
1008 4380 1099 4433 Dei
1141 4378 1410 4445 potiorem
1462 4378 1742 4432 habuisset
1772 4376 2038 4431 rationem
2064 4392 2079 4442 ;

2189 4386 2326 4442 ρειν.
2374 4369 2550 4449 ΔἘπεὶ
2593 4369 2691 4423 καὶ
2724 4368 2864 4421 Κάῖν
2908 4366 3141 4420 ἀτέκνου
3191 4366 3667 4438 προσενεγκόντος
3703 4364 3799 4417 θυ-

499 4471 648 4541 quod
687 4488 792 4525 non
834 4486 989 4541 atque
1023 4470 1342 4534 dividisset,
1391 4469 1484 4523 sed
1532 4468 1764 4534 injuste,
1813 4482 1879 4521 ac
1926 4482 2086 4521 secus

501 4565 664 4632 longe
691 4561 1084 4631 atquehabeat
1125 4561 1234 4616 Deo
1266 4559 1572 4615 oblatarum
1623 4559 1729 4614 lex.
1768 4557 1863 4613 Sic
1893 4561 2087 4630 utique

497 4655 647 4722 juste
706 4654 906 4709 oblatis
960 4653 1090 4720 justi
1143 4652 1462 4708 muneribus
1518 4653 1711 4707 annuit
1779 4652 2085 4716 Dominus,

500 4748 768 4817 signoque
795 4745 1204 4800 evidentissimo
1251 4755 1472 4815 accepta
1512 4745 1768 4800 habuisse
1810 4742 2086 4807 ostendit,

504 4839 615 4910 igni
647 4839 815 4893 misso
848 4838 917 4892 de
943 4838 1081 4892 cwlo
1106 4838 1183 4909 (4)
1204 4876 1220 4901 ,
1264 4839 1355 4907 qui
1384 4847 1441 4893 et
1467 4837 1645 4893 oblata
1681 4838 1824 4893 dona
1862 4835 2088 4891 omnino

507 4933 849 4997 absumeret,
898 4912 1136 5000 laetoque
1190 4930 1440 5002 symbolo
1484 4930 1605 4999 ejus
1652 4930 1747 5000 qui
1803 4927 2090 4984 obtulisset

501 5023 773 5094 justitiam
822 5021 1206 5094 proclamaret.
1242 5021 1345 5090 Qui
1376 5031 1557 5078 autem
1603 5021 1861 5090 injuslutn
1895 5034 1954 5076 se
2002 5018 2087 5073 dia

593 5205 611 5232 ³
655 5200 798 5257 Psal.
837 5219 891 5267 ι,
927 5202 1014 5259 l9.

2189 4461 2331 4527 σίαν,
2362 4446 2422 4513 οὗ
2450 4460 2538 4514 διὰ
2558 4461 2657 4532 τὴν
2688 4460 2945 4513 ἀτεκνίαν
2970 4458 3136 4528 αὕτη,
3160 4459 3250 4512 διά
3278 4458 3334 4510 δὲ
3365 4457 3465 4528 τὴν
3491 4457 3794 4526 ἀκαρπίαν

2187 4551 2650 4624 ἀποδοκιμάζεται
2699 4553 2799 4624 τῆς
2840 4551 3259 4622 προαιρέσεωςτ
3298 4550 3391 4604 διὰ
3433 4549 3535 4617 τὴν
3593 4552 3798 4618 ἄγονον

2190 4645 2558 4718 μικροψυχίαν
2591 4646 2686 4700 καὶ
2715 4645 2973 4713 φίλαυτον
2998 4643 3337 4715 προτίμησιν
3357 4660 3370 4675 ο
3394 4641 3488 4695 διὰ
3515 4642 3581 4695 τὸ
3608 4643 3801 4696 ἄνισον

2188 4739 2288 4807 τῆς
2315 4737 2670 4807 διαιρέσεως,
2705 4734 2905 4805 μᾶλλον
2941 4735 2999 4789 δὲ
3032 4734 3241 4797 ἄδικον,
3294 4734 3391 4786 καὶ
3432 4731 3657 4802 μακρὸν
3687 4730 3797 4786 τῶν

2195 4830 2271 4901 τῷ
2300 4829 2418 4901 Θεῴ
2449 4831 2872 4900 ἀναφερομένων
2896 4827 3320 4899 ἀφοριζόμενον,
3354 4825 3519 4880 Οὕτω
3558 4827 3660 4897 μὲν
3705 4822 3799 4879 οὗν

2194 4926 2307 4986 τοῖς
2351 4920 2446 4976 τοῦ
2495 4921 2713 4976 δικαίου
2754 4921 2980 4983 δικαίως
3037 4917 3489 4991 προσενεχθεῖσιν
3549 4917 3798 4971 ἐπινεύει

2194 5013 2389 5084 δώροις
2424 5016 2452 5067 ὁ
2478 5013 2786 5085 Δεσπότης,
2825 5014 2920 5069 καὶ
2958 5015 3156 5084 δεῖγμα
3181 5013 3282 5082 τῆς
3313 5010 3596 5081 ἀποδοχῆς
3636 5012 3791 5081 ὲναρ·

592 5383 668 5462 (ὁ)
707 5383 825 5454 lgni
871 5386 1030 5462 misso
1079 5387 1143 5440 de
1183 5386 1339 5462 caelo.
1387 5386 1462 5462 Ita
1508 5374 2100 5462 ⁸ἱωιιιι’.ᾞιροόοιῑοιιῑιι
2212 5381 2393 5462 licium
2428 5379 2686 5462 ejus-non
2718 5377 3092 5462 inﬂammavit.
3128 5374 3437 5462 rOpqrtugit
3460 5383 3622 5462 certe
3648 5372 3797 5462 sign}!

522 5443 865 5528 ἳβῆείυυῖὶηιχ
891 5455 1062 5528 "abet
1106 5459 1254 5528 enim
1293 5443 1621 5528 ἐνεπύρῖσεο
1656 5454 1748 5528 ubi
1795 5462 1980 5528 nostra
2030 5470 2100 5528 ex
2209 5453 2391 5520 aliquo
2426 5443 2623 5528 visibili
2658 5451 2809 5528 hanc
2847 5443 3244 5528 discretionem
3281 5444 3397 5528 fieri
3416 5460 3436 5528 _;
3471 5460 3601 5526 ,ηερ
3649 5443 3798 5528 facile

524 5521 752 5598 Hebraeo
783 5525 1091 5598 ξηεερεπίι.
1146 5520 1476 5598 Ηίετοηγιηξ
1526 5540 1591 5578 ex
1644 5523 1838 5598 endem
1889 5520 2093 5577 Theod.

2204 5512 2592 5592 congruentius
2624 5520 2768 5592 aliud
2796 5519 3072 5592 habeatur
3097 5530 3261 5592 quam
3296 5514 3430 5592 illud
3471 5514 3617 5592 ignis
3649 5512 3797 5569 cceli-

527 5609 549 5648 α
594 5584 1071 5674 Fit-inﬂammavit
1121 5584 1380 5674 Dominus
1426 5610 1591 5663 super
1629 5593 1784 5674 Abel.
1834 5602 1888 5645 et
1932 5609 2097 5674 super
2207 5603 2293 5648 tus
2312 5584 2495 5657 iuissi,
2534 5606 2643 5663 quo
2677 5590 2841 5647 etiam
2871 5589 2997 5644 Eliae
3025 5584 3244 5643 victima
3275 5587 3509 5656 probata
3536 5584 3666 5641 fuit.
3693 5608 3709 5621 σ

526 5662 854 5717 sacrificium
885 5664 1002 5731 ejus
1022 5707 1036 5731 ,
1068 5680 1225 5735 super
1251 5666 1382 5720 Cain
1416 5675 1616 5729 autem,
1652 5672 1703 5719 et
1734 5677 1895 5732 super
1924 5664 2094 5718 sacri-
