3950 6166
176 345 308 408 13ἱ5

1167 351 1250 410 IN
1291 348 1876 411 CONCEPTIONEM
1914 349 2017 410 SS.
2059 347 2438 409 DEIP-ARAE.

3308 347 3445 412 1346

173 454 539 521 γὲστατον,,τὸ
568 454 914 527 πῦρ-ἄνωθεν
947 456 1238 528 ἐπαφίησι,
1265 459 1335 512 τὰ
1363 458 1757 529 προσαγόμενα

1863 456 2113 512 videndis
2150 456 2245 510 Dei
2285 455 2444 510 donis
2500 454 2867 519 ostendisset,
2895 455 3016 521 jure
3048 456 3244 513 merito
3293 470 3345 512 nt
3377 477 3442 515 ea

177 547 276 615 μὲν
309 546 641 614 ὁλοκαυτῶν,
683 548 895 618 φαιδρῷ
937 549 996 602 δὲ
1050 550 1128 620 τῷ
1169 550 1473 622 συνθήματι
1524 551 1624 622 τὴν
1663 551 1759 605 τοῦ

173 636 551 705 προσάξαντος
579 638 959 707 ἀνακηρύττον
996 637 1363 710 δικαιοσύνην.
1409 640 1464 693 '0
1499 641 1554 694 δὲ
1578 641 1761 704 ἄδικος

175 729 365 799 φανεὶς
407 730 538 800 περὶ
583 729 681 800 τὴν
713 721 821 783 τῶν
868 731 1302 802 ἀναφερομένων
1333 733 1622 804 διαίρεσιν,
1676 734 1760 787 δι-

172 822 344 884 καίως
397 822 498 891 τῆς
546 822 816 892 ἀποδοχῆς
874 823 1259 894 διαμαρτάνει.
1311 826 1394 878 -Οὐ
1436 827 1612 896 μόνον
1651 825 1760 896 γὰρ

172 913 274 966 οὐκ
323 913 650 967 ἐπινεύοντα
694 913 908 978 τούτοις
960 916 1052 968 τὸν
1103 916 1444 971 δικαιότατον
1505 921 1760 972 κατανοεῖ

173 1006 331 1070 Θεὸν,
366 1005 504 1066 ἀλλά
534 1007 630 1060 καὶ
661 1007 1154 1076 προσονειδίζοντα,
1178 1010 1269 1062 καὶ
1298 1010 1359 1062 τὸ
1387 1011 1482 1080 τῆς
1507 1010 1760 1082 πράξεως

173 1099 375 1152 ἄτοπον
407 1099 660 1170 φανερῶς
685 1099 1050 1171 διελέγχοντα.
1084 1103 1222 1173 Φησὶ
1254 1101 1362 1174 γὰρ
1397 1103 1536 1173 πρὸς
1562 1103 1756 1172 αὑτόνίο

166 1191 293 1242 οὐκ
323 1187 402 1242 ἂν
429 1187 616 1256 ὀρθῶς
642 1190 1078 1260 προσενέγκῃς,
1105 1191 1296 1260 ὀρθῶς
1328 1191 1396 1268 δὲ
1413 1191 1500 1262 μὴ
1528 1192 1754 1262 διέλῃς.

167 1284 247 1336 Σὺ
277 1283 377 1354 μὲν
411 1284 541 1356 γὰρ,
588 1287 776 1355 φησὶν,
812 1279 857 1340 ὦ
887 1287 1049 1351 Κάῖν,
1084 1287 1308 1358 εὔλογον
1340 1290 1586 1360 οἰόμενος
1620 1291 1758 1343 ἀπο-

165 1372 430 1442 δεχθῆναί
463 1390 556 1426 σου
587 1373 686 1444 τὴν
720 1376 1060 1446 προσφορὰν,
1093 1379 1158 1446 τῇ
1204 1377 1506 1449 παροράσει
1554 1378 1759 1449 ταύτης

173 1465 273 1516 καὶ
297 1465 620 1534 ἀποπέμψει
654 1465 1082 1536 δυσανασχετεῖς
1106 1483 1119 1498 ⁸
1141 1469 1184 1538 ,ἡ
1203 1468 1293 1532 δὲ,
1319 1469 1394 1532 ὡς
1423 1471 1526 1523 οὐκ
1559 1471 1759 1540 εὐπρε-

171 1555 294 1618 πιῖις
325 1555 574 1627 διῃρέθη,
604 1557 726 1610 οὐδὲ
769 1557 946 1628 ὀρθῶς
973 1559 1343 1632 προσηνέχθη.
1395 1564 1517 1616 Οὐκ
1548 1563 1626 1617 ἂν
1646 1563 1758 1631 γὰρ

172 1646 364 1715 ὀρθῶς
395 1649 834 1718 προσενέγκῃς,
861 1648 1044 1719 ὀρθῶς
1090 1650 1160 1706 δὲ
1193 1653 1281 1722 μὴ
1328 1652 1555 1722 arum.
1601 1655 1758 1719 Τινές

175 1755 310 1808 φασι
342 1741 475 1810 περὶ
503 1740 612 1793 τῶν
647 1741 1076 1795 ὀλοκαυτοῦσθαι
1127 1742 1429 1814 μελλόντων
1459 1746 1618 1800 τοῦτο
1660 1745 1756 1800 θυ-

1863 545 2246 614 probarentur,
2277 543 2500 598 amittit.
2533 542 2737 597 Nedum
2768 545 2914 599 enim
2966 561 3069 599 non
3105 547 3170 602 iis
3200 563 3446 602 annuen-

1865 647 1972 690 tem
1994 636 2136 690 videt
2155 636 2523 705 justissimum
2551 635 2743 702 Deum,
2764 646 2821 690 ut
2841 646 2895 691 et
2913 638 3333 702 exprobrantem
3379 654 3446 696 ac

1861 727 2041 796 palam
2069 726 2300 789 facinus_
2335 740 2560 794 remque
2597 727 2854 782 absonam
2889 728 3074 780 audiat
3100 739 3441 798 arguentem.

1860 815 1952 869 Ait
2001 816 2144 870 enim
2183 817 2251 869 ad
2289 830 2412 888 eum
2445 833 2457 868 :
2493 813 2617 869 Non
2651 818 2830 885 utique
2868 827 3007 870 recte
3058 818 3288 886 offeras,
3337 836 3440 872 non

1862 917 1998 962 recte
2041 917 2213 961 autem
2246 908 2453 961 dividas
2476 907 2517 962 ³.
2543 907 2620 962 Tu
2671 909 2924 978 quidem,
2965 908 3162 978 inquit,
3211 924 3244 964 ο
3277 910 3440 972 Cain,

1863 997 2058 1052 rationi
2099 1012 2400 1052 consonum
2447 1007 2678 1067 putans,
2731 1007 2790 1051 ut
2831 1008 2919 1051 tua
2964 1011 3181 1068 accepta
3240 1001 3446 1055 oblatio

1863 1088 2149 1154 habeatur,
2204 1089 2514 1156 despectant
2575 1087 2881 1157 indignaris
2936 1097 3098 1157 atque
3144 1089 3442 1156 reiectam:

1861 1194 2048 1231 verum
2086 1179 2137 1232 in
2171 1193 2231 1233 ea
2261 1179 2518 1232 indecens
2554 1177 2656 1230 fuit
2703 1175 2918 1244 divisio,
2969 1182 3305 1250 proindeque
3340 1197 3439 1235 ne—

1860 1282 1966 1337 que
1996 1277 2143 1322 recta
2182 1268 2283 1320 fuit
2333 1266 2555 1320 oblatio.
2599 1264 2725 1319 Non
2773 1268 2914 1320 enim
2963 1277 3096 1326 recte
3143 1268 3394 1321 obtulerit
3423 1283 3445 1323 :

1861 1377 1965 1415 non
2009 1369 2157 1414 .recte
2208 1370 2384 1414 autem
2439 1359 2705 1413 diviseris.
2741 1360 2909 1413 Aiunt
2956 1359 3147 1428 aliqui,
3183 1375 3306 1416 esse
3338 1361 3444 1414 hoc

1861 1453 2064 1506 dictum
2096 1452 2165 1507 de
2212 1451 2454 1506 victimis
2482 1465 2604 1519 qua:
2637 1453 2941 1505 cremanda!
2968 1462 3144 1506 erant.
3191 1451 3446 1521 Antiquis

1860 1545 2006 1599 enim
2054 1544 2106 1597 in
2151 1558 2301 1599 more
2348 1553 2585 1608 erat,\ut
2615 1544 2668 1596 in
2711 1544 2816 1596 duo
2860 1551 3132 1608 secantes,
3165 1543 3440 1598 frustatim

1860 1634 2170 1690 dividerent
2198 1634 2528 1704 ‘oﬂ‘erendas
2583 1634 2839 1689 victimas
2875 1649 2890 1687 :
2927 1633 3058 1687 Cain
3095 1629 3246 1689 vero
3302 1635 3447 1689 haud

1861 1726 1994 1781 satis
2036 1740 2278 1797 congrue
2329 1725 2510 1781 oblata
2568 1727 2864 1791 dividisse,
2915 1736 3082 1796 atque
3122 1727 3259 1782 adeo
3286 1730 3450 1782 aber-

176 1807 367 1900 μὰτων
421 1807 714 1902 λεχθῆναι.
783 1807 1206 1906 Διχοτομοῦντες
1287 1837 1397 1908 γὰρ
1463 1837 1754 1910 πρότερον,

1863 1832 2011 1874 rasse
2046 1818 2117 1873 ab
2149 1819 2359 1872 intento
2415 1817 2543 1873 line.
2578 1815 2780 1872 Verum
2809 1818 2912 1872 hoc
2960 1817 3150 1887 procul
3183 1819 3252 1872 ab
3286 1817 3444 1874 Scri-

171 1924 394 1996 διῄρουν
420 1925 561 1978 κατά
586 1926 752 1997 μόρια
771 1927 870 1990 τὰς
897 1927 1321 1999 προσαγομένη
1342 1931 1393 1983 οἱ
1421 1930 1642 1984 παλαιοὶ
1663 1930 1760 1986 θυ-

172 2017 335 2081 σίας’
367 2017 444 2087 μὴ
473 2020 614 2089 κατά
638 2019 795 2088 λόγον
817 2020 874 2074 δὲ
916 2022 1016 2092 τὴν
1061 2023 1330 2094 διαίρεσιν
1372 2023 1480 2077 τιῖιν
1515 2042 1758 2096 προσφε-

171 2109 428 2180 ρομένων
487 2111 818 2180 πεποιῆσθαι
847 2113 939 2166 τὸν
988 2114 1152 2180 Κάἳν,
1200 2116 1295 2170 καὶ
1329 2115 1416 2170 διά
1454 2117 1614 2171 τοῦτο
1665 2116 1758 2172 τοῦ

165 2201 383 2256 σκοποῦ
431 2201 774 2275 διαμαρτεῖν.
805 2204 978 2258 Τοῦτο
1015 2206 1073 2260 δὲ
1119 2207 1309 2279 πόρρω
1333 2211 1432 2279 τῆς
1475 2209 1761 2281 Γραφικῆς

167 2295 518 2363 καθέστηκεν
557 2296 840 2368 ἀληθείας.
889 2298 963 2352 Οὐ
1007 2299 1112 2369 γὰρ
1144 2297 1449 2363 ζωοθυσίαν
1490 2299 1630 2371 αὕτη
1661 2300 1761 2371 τὴν

165 2386 266 2439 τοῦ
307 2384 452 2440 Κάῖν
493 2389 834 2460 προσφορὰν,
877 2388 1013 2444 ἀλλά
1049 2390 1149 2460 τῆς
1190 2393 1249 2444 ὲν
1287 2395 1444 2462 χερσὶ
1476 2409 1761 2462 καρποφο-

145 2479 300 2551 Σρίας
354 2481 614 2552 ἀπαρχὴν
659 2477 802 2535 εἷναί
844 2499 1028 2553 φησιν.
1101 2484 1372 2555 Ἐγένετο
1418 2485 1529 2555 γὰρ
1567 2481 1761 2541 ἸἍϐελ.

145 2570 405 2639 ,ποιμὴν
435 2572 749 2642 προϐάτων
769 2591 782 2603 ⁸
806 2573 960 2628 Ka'i'r
989 2574 1060 2628 δὲ
1115 2573 1194 2647 ἦν
1227 2575 1614 2647 ἐργαζόμενος
1646 2580 1762 2649 τὴν

145 2662 290 2731 ,γῆν
310 2680 323 2692 ·
351 2665 451 2718 καί
491 2664 710 2735 ἤνεγκε
744 2667 891 2720 Kd‘t'r
922 2668 1041 2722 ἀπὸ
1068 2668 1187 2722 τῶν
1225 2671 1474 2738 καρπῶν
1503 2670 1616 2741 τῆς
1647 2671 1762 2742 τῆς

146 2757 402 2809 θυσίαν
431 2755 512 2821 τῷ
543 2757 692 2823 Θεῷ’
719 2759 818 2812 καὶ
851 2761 1034 2814 ’Ἅϐελ
1059 2760 1276 2831 ἤνεγκε
1309 2763 1406 2816 καὶ
1433 2764 1618 2831 αὐτὸς
1642 2765 1759 2820 ἀπὸ

151 2846 298 2900 τῶν
337 2849 770 2914 πρωτοτοκίων
812 2847 932 2904 τῶν
957 2852 1267 2918 προϐάτων
1306 2854 1491 2908 αὐτοῦ
1522 2853 1763 2909 καὶτῶν

165 2937 450 2992 exedram
475 2940 686 2996 αὐτοῦ.
713 2942 778 2993 Τί
801 2936 895 2994 οὗν
919 2943 1066 2996 ἐστιν
1085 2960 1100 2973 ⁸
1133 2945 1252 2998 Οὐκ
1275 2944 1351 2999 ἂν
1369 2945 1552 3015 ὀρθῶς
1578 2961 1763 3016 προσ-

164 3027 462 3097 ενέγκῃς,
514 3029 704 3097 ὀρθῶς
752 3031 821 3084 δὲ
849 3031 935 3102 μὴ
967 3032 1203 3102 διέλῃς;
1260 3035 1324 3089 Ὃ
1357 3035 1506 3104 λέγει
1553 3037 1763 3092 τοιοῦτό

1860 1918 2036 1981 ptum
2068 1909 2308 1964 veritate
2338 1909 2513 1964 abest.
2543 1908 2634 1963 Ait
2662 1911 2806 1964 enim
2845 1909 2958 1976 illa,
2990 1909 3251 1964 obtulisse
3285 1908 3445 1976 Cain,

1859 2019 1966 2057 non
1996 2003 2244 2058 victimas
2269 2001 2715 2066 exanimalibus,
2745 2002 2837 2056 sed
2867 2001 3136 2072 primitias
3171 2000 3443 2056 fructuum

1859 2093 2213 2147 manualium.
2257 2088 2388 2145 Fuit
2454 2094 2593 2147 enim
2647 2092 2774 2167 Abel
2815 2101 3001 2161 pastor
3057 2093 3265 2158 ovium,
3303 2091 3445 2146 Cain

1860 2194 2034 2239 autem
2063 2194 2178 2239 erat
2215 2201 2461 2240 exercens
2491 2195 2709 2240 terram.
2733 2187 2934 2238 Obtulit
2982 2198 3156 2240 aulem
3199 2186 3333 2240 Cain
3379 2190 3446 2239 de

1861 2277 2118 2346 fructibus
2150 2287 2302 2332 terrw
2327 2277 2654 2345 sacri/icium
2693 2277 2842 2341 Deo;
2874 2277 3004 2330 Abel
3031 2294 3234 2348 quoque
3259 2277 3442 2332 obtulit

1859 2378 1907 2423 et
1947 2370 2056 2436 ipse
2098 2377 2161 2424 de
2199 2370 2562 2440 primogenilis
2618 2371 2790 2439 gregis
2833 2371 2938 2434 sui,
2995 2381 3042 2422 et
3089 2373 3153 2423 de
3201 2369 3446 2436 adipibus

1777 2473 1786 2487 ’
1859 2478 2040 2516 eorum
2065 2462 2109 2516 ⁸.
2159 2462 2498 2534 Quid'ergo
2555 2463 2657 2518 sibi
2710 2463 2865 2517 vult:
2901 2460 3024 2516 Non
3080 2464 3262 2531 utique
3313 2472 3448 2514 recte

1861 2552 2076 2621 biferas,
2100 2570 2204 2608 non
2224 2564 2360 2608 recte
2385 2565 2560 2608 autem
2592 2554 2836 2607 dividas?
2860 2554 3011 2621 Quod
3044 2553 3145 2618 ait,
3177 2552 3442 2619 ejusmodi

1859 2659 1938 2701 εει
1964 2662 1978 2699 :
2009 2645 2220 2714 Nequit,
2258 2647 2454 2716 inquit,
2481 2648 2620 2710 fieri,
2657 2656 2712 2700 ut
2740 2654 2887 2700 recte
2913 2647 3131 2710 offeras,
3167 2644 3269 2697 nisi
3296 2645 3445 2713 prius

1862 2748 2009 2794 recte
2043 2739 2318 2794 diviseris.
2369 2740 2508 2805 Quid
2545 2755 2676 2794 vero
2721 2748 2805 2794 est
2863 2747 3010 2794 recte
3044 2737 3326 2791 dividere?
3352 2734 3448 2790 Ni-

1862 2833 2059 2886 mirum
2087 2847 2240 2900 mqua
2269 2833 2479 2888 ratione
2509 2833 2699 2902 partiri
2723 2850 2734 2886 :
2759 2842 2815 2887 ut
2837 2834 2883 2888 is
2915 2834 3002 2900 qui
3035 2831 3144 2886 Deo
3173 2830 3444 2888 offereiula

1863 2927 2053 2982 dividit
2102 2929 2429 2999 deligitque,
2495 2946 2598 2984 non
2657 2944 2768 2984 ευιε
2823 2929 3000 2998 ipsius
3054 2929 3191 2997 parti
3240 2929 3444 2996 Optima

1863 3019 2115 3090 deputet,
2179 3021 2288 3077 Deo
2337 3034 2516 3086 autem
2566 3023 2822 3091 pessima.
2873 3021 3007 3076 Nam
3062 3022 3106 3076 si
3159 3023 3444 3086 homines,

166 3124 327 3174 ἐστιν
355 3138 368 3152 ·
392 3123 469 3176 Οὐ
501 3123 726 3195 δυνήσῃ,
753 3127 936 3196 φησὶν,
967 3126 1142 3197 ὀρθῶς
1173 3130 1528 3201 προσφέρειν,
1563 3131 1658 3185 ὲάν
1688 3133 1762 3204 μὴ

1867 3111 2244 3166 communibus
2293 3112 2538 3182 pecuniis
2573 3112 2858 3168 occasione
2897 3111 3079 3181 aliqua
3113 3113 3444 3174 dividendis,

173 3213 450 3284 πρότερον
496 3214 674 3285 ὀρθῶς
709 3215 914 3289 διέλῃς.
969 3217 1036 3270 Τί
1067 3217 1125 3271 δέ
1154 3219 1302 3275 ἐστιν
1335 3220 1511 3292 ὀρθῶς
1538 3222 1762 3292 διελεῖν;

171 3302 250 3354 Τὸ
311 3305 459 3357 κατά
502 3303 660 3371 λόγον
702 3305 1054 3377 ὲπιμερίσαιο
1093 3308 1156 3361 τὸ
1203 3312 1304 3380 τὴν
1351 3310 1617 3383 διαίρεσιν
1668 3316 1767 3372 καὶ

171 3392 412 3463 ἐκλογὴν
446 3393 558 3446 τῶν
589 3398 1020 3467 προσαγομένων
1051 3398 1172 3470 Θεῷ
1207 3400 1550 3472 ποιούμενον,
1586 3404 1660 3476 μὴ
1695 3409 1762 3477 τῇ

171 3485 358 3556 οἰκεία
393 3486 466 3539 τά
493 3487 758 3542 κάλλιστα
792 3491 995 3560 μερίδι,
1019 3491 1169 3562 αὐτῷ
1199 3493 1256 3546 δὲ
1277 3493 1346 3547 τὰ
1377 3495 1630 3566 χείριστα
1662 3516 1764 3553 κα-

169 3578 512 3650 τακληροῦν.
543 3581 606 3635 Εἰ
635 3581 746 3651 γὰρ
789 3581 1068 3654 ἄνθρωποι
1102 3585 1294 3639 κοινῶν
1319 3603 1481 3640 τινων
1510 3590 1591 3652 εἰς
1625 3581 1764 3645 διαί-

175 3688 345 3740 ρεσιν.
370 3671 701 3741 χρημάτων,
731 3673 822 3727 τὸν
870 3675 1117 3749 ἰσονομίᾳ
1145 3677 1412 3732 ποιεῖσθαι
1441 3679 1614 3734 ταῦτα
1653 3675 1764 3735 οἶόν

167 3779 231 3814 τε
259 3762 786 3834 ὅντα-ἐκλεγόμενοι
839 3767 1216 3839 προκρίνουσι,
1254 3771 1345 3822 καὶ
1380 3771 1478 3842 τῆς
1521 3771 1764 3844 ἰσότητος

167 3853 282 3906 τῶν
319 3852 700 3925 μεριζομένων
746 3861 1232 3930 παρατρεπόμενος)
1274 3861 1618 3915 ἀπωθοῦνται
1669 3864 1766 3917 καὶ

168 3945 596 4017 ἀποπέμπουσι,
632 3947 750 4012 πῶς
773 3951 839 4003 ἂν
868 3951 898 4003 ὀ
921 3951 1029 4019 τῶν
1058 3951 1194 4005 ὅλων
1225 3952 1377 4020 Θεὸς,
1410 3953 1517 4008 τῶν
1545 3955 1764 4010 οἰκείων

163 4037 526 4108 δωρημάτων
567 4040 751 4095 ἄνισον
784 4043 922 4114 ὁμοῦ
982 4045 1085 4098 καὶ·
1121 4045 1306 4108 ἄδικον
1341 4049 1645 4120 ,γενόμενον
1675 4051 1764 4104 τὸν

167 4130 321 4184 Κάῖν
353 4131 641 4202 μεριστὴν,
671 4133 704 4203 ἢ
738 4135 1102 4206 προσεδέξατο
1133 4135 1558 4209 ἀνεξελέγκτοις,
1588 4141 1620 4211 ἢ
1651 4144 1764 4207 τοῖς

164 4221 392 4274 ἐκείνου
431 4223 612 4276 ἐπεῖδε
657 4223 893 4294 δὼροιςς
943 4226 1104 4297 Ἐμὰ,
1152 4231 1339 4298 φησὶν,
1401 4225 1446 4285 ὧ
1481 4232 1644 4298 Κάῖν,
1695 4233 1765 4287 τά

163 4313 389 4366 πάνταο
425 4313 526 4383 τῆς
567 4314 905 4396 ὲμῆςταῦτα
929 4317 1261 4387 κηδεμονίας
1296 4319 1623 4390 δωρήματα*
1655 4320 1764 4375 τῶν

158 4402 328 4469 ἐμῶν
357 4403 676 4473 οἰκτιρμῶν
723 4405 1160 4477 εὐεργετήματα.
1225 4408 1495 4462 Κοινωνόν
1548 4425 1609 4461 σε
1669 4404 1763 4462 οὖν

1867 3219 1988 3260 eum
2017 3205 2282 3260 arbitrum
2318 3205 2615 3275 praeferunt
2645 3214 2808 3274 atque
2837 3205 3067 3275 eligunt,
3101 3205 3189 3274 qui
3222 3205 3451 3274 aequali-

1869 3305 1980 3351 tate
2021 3298 2266 3353 dividere
2315 3298 2519 3367 possit,
2549 3313 2782 3368 euntque
2832 3296 3099 3367 repellunt
3154 3311 3214 3351 ac
3259 3295 3449 3365 iubent

1849 3387 2157 3456 facessere,
2192 3391 2286 3459 qui
2343 3389 2581 3446 deﬂectit
2626 3399 2688 3445 ut
2735 3405 2804 3445 ne
2848 3390 3161 3459 aequalitate
3206 3389 3448 3443 dividat:

1866 3495 1971 3550 qua
2008 3483 2220 3536 ratione
2255 3482 2634 3538 universorum
2686 3483 2828 3538 Deus
2885 3481 2970 3537 vel
3018 3482 3267 3552 accipere
3299 3483 3452 3537 nulla

1867 3572 2314 3641 reprehensione,
2362 3573 2607 3640 iniquum
2657 3572 3031 3642 injustumqne
3066 3557 3287 3628 suorum
3328 3589 3452 3626 mn-

1867 3677 2058 3719 nerum
2105 3664 2402 3717 divisorem
2459 3664 2613 3727 Cain,
2642 3664 2727 3716 vel
2757 3656 2825 3717 ad
2869 3664 2988 3733 ejus
3029 3665 3299 3731 respicere
3335 3681 3452 3717 tnu-

1866 3768 1998 3809 nera
2049 3754 2348 3824 potuisset?
2396 3752 2550 3821 Mea,
2595 3754 2804 3822 inquit,
2839 3763 2988 3819 sunt,
3023 3769 3056 3807 ο
3110 3752 3268 3820 Cain,
3325 3758 3451 3808 uni-

1865 3860 2022 3903 versa
2058 3867 2069 3901 :
2101 3845 2456 3916 providentia:
2495 3861 2627 3899 mea:
2674 3853 2800 3898 sunt
2854 3859 3078 3900 munera
3115 3862 3129 3898 :
3161 3861 3293 3900 mea:
3328 3855 3455 3901 sunt

1865 3936 2254 3990 misericordia:
2291 3935 2577 3991 beneficia.
2628 3936 2684 3989 In
2713 3950 2902 3990 eorum
2947 3951 3077 4006 ergo
3109 3945 3159 3990 te
3208 3953 3453 3991 commu-

1867 4030 2086 4084 nionem
2123 4029 2324 4096 ascivi,
2360 4044 2465 4083 non
2499 4037 2717 4099 propter
2751 4029 3165 4084 retributionem
3198 4046 3449 4099 operum,

1866 4120 1960 4174 sed
2019 4123 2238 4189 propter
2299 4119 2470 4176 solam
2534 4121 2902 4176 clementiam.
2981 4122 3247 4192 Equidem
3323 4139 3452 4178 vero

1866 4223 2052 4263 eorum
2087 4211 2200 4279 ipse
2245 4220 2468 4280 accepto
2497 4211 2788 4281 primitias,
2835 4227 2939 4266 non
2976 4214 3104 4282 quia
3135 4227 3269 4282 egeo
3297 4213 3451 4282 quid-

1866 4315 2063 4371 quam,
2114 4303 2204 4356 sed
2247 4305 2370 4374 quia
2402 4304 2590 4359 salutis
2623 4314 2728 4359 tuae
2771 4305 3042 4360 desiderio
3076 4313 3300 4370 tenear;
3342 4320 3448 4358 non

1869 4393 1962 4461 ita,
2001 4405 2060 4448 ut
2106 4399 2276 4465 aequis
2321 4398 2571 4466 partibus
2606 4398 2824 4467 jubeam
2879 4396 3041 4451 dividi
3079 4411 3197 4466 quae
3235 4397 3452 4452 fuerunt

153 4493 403 4559 τούτων,
447 4495 508 4547 οὐ
548 4494 616 4548 δι’
667 4495 846 4565 ἓργων
893 4490 1150 4568 ἀμοιϐὴν,
1186 4498 1319 4552 ἀλλά
1345 4499 1432 4551 διὰ
1468 4500 1637 4570 μόνην
1669 4516 1762 4551 πε-

1869 4501 2128 4541 concessa
2151 4527 2166 4551 ,
2196 4490 2289 4542 sed
2325 4498 2380 4542 ut
2415 4490 2584 4542 animi
2620 4489 2693 4544 tui
2732 4490 3048 4560 religionem
3080 4503 3145 4543 ex
3179 4489 3449 4558 primitia-

156 4585 385 4654 ποίηκα
417 4579 853 4656 φιλανθρωπίαν.
877 4585 998 4641 ¹Καὶ
1028 4588 1234 4642 τούτων
1268 4589 1367 4658 μὲν
1402 4589 1656 4659 ἀνενδεὴς
1690 4587 1764 4641 ὢν

152 4676 308 4744 ἐγὼ,
341 4677 446 4747 τῆς
478 4679 578 4749 σῆς
607 4679 664 4732 δὲ
689 4682 962 4752 σωτηρίας
988 4682 1338 4754 ὲπιδεόμενος
1369 4683 1624 4754 ἀπαρχὰς
1651 4685 1764 4736 εἰσ-

149 4766 406 4838 δὲχομαι
429 4782 442 4796 ·
480 4769 581 4822 οὐκ
619 4771 816 4842 ἐπίσης
851 4775 920 4844 τῇ
961 4775 1218 4845 ποσότητι
1245 4774 1316 4828 τά
1347 4774 1764 4846 παρασχεθέντα

155 4873 256 4909 σοι
291 4857 615 4928 μερίζεσθαι
663 4863 1040 4932 προστάττων,
1076 4863 1174 4934 τῆς
1221 4863 1322 4934 σῆς
1365 4863 1424 4917 δὲ
1452 4864 1678 4934 γνώμης
1703 4865 1764 4917 τὸ

147 4945 426 5017 ςιιλόθεον
451 4948 542 5000 διὰ
571 4950 681 5003 τῶν
713 4952 1114 5023 ἀπαρχομένων
1141 4952 1417 5024 ἐπιζητῶν
1440 4970 1454 4984 ·
1479 4954 1561 5006 σοὶ
1582 4955 1638 5007 δὲ
1658 4954 1768 5008 τῶν

147 5037 326 5104 ἐμῶν
369 5036 599 5104 ἀγαθῶν
649 5040 1008 5093 ὲναπολαύειν
1043 5043 1462 5113 παρασχόμενος
1499 5042 1630 5113 ἐγὼ,
1677 5045 1769 5098 καί

1869 4595 1987 4632 rutn
2025 4580 2300 4634 oblatione
2353 4582 2650 4648 requiram.
2698 4581 3011 4645 Enimvero,
3043 4581 3133 4652 qui
3188 4597 3305 4637 mea
3357 4583 3450 4641 tibi

1867 4671 2004 4725 bona
2060 4671 2290 4726 fruenda
2323 4673 2674 4742 praebuerint,
2733 4684 2891 4743 teque
2926 4675 3208 4729 divisionis
3238 4691 3448 4742 eorum,

1866 4778 1987 4832 qua:
2014 4763 2286 4819 offerenda
2311 4775 2496 4820 essent
2518 4766 2895 4821 constituerim
2919 4769 3219 4834 dominum,
3250 4770 3451 4824 malum

1867 4856 2047 4911 inveni
2097 4858 2150 4911 in
2189 4857 2488 4912 beneficum
2527 4877 2542 4913 :
2577 4861 2846 4930 ingratum
2889 4877 2987 4931 pro
3044 4864 3199 4918 bonis
3246 4863 3450 4916 affatim

1867 4947 2098 5012 collatis,
2129 4963 2359 5018 nequam
2385 4950 2438 5004 in
2475 4951 2780 5007 dividendis
2815 4954 3094 5022 primitiis.
3131 4954 3342 5023 Quippe
3373 4955 3455 5008 di-

1869 5041 2055 5096 videns
2087 5041 2305 5118 indigne
2353 5059 2452 5112 pro
2483 5059 2768 5100 munerum
2818 5045 3093 5116 largitoris
3130 5047 3341 5101 ratione
3371 5047 3454 5100 fe-

145 5128 228 5182 σὲ
283 5128 479 5199 κύριον
540 5130 640 5200 τῆς
684 5131 793 5184 τῶν
847 5121 1272 5204 ἀναφερομένων
1316 5152 1406 5205 μοι
1453 5135 1769 5206 διαιρέσεως

138 5221 653 5292 προστησάμενος,
703 5223 874 5278 κακὸν
913 5227 1044 5296 περί
1082 5225 1176 5279 τδν
1215 5227 1517 5298 εὐεργέτην
1572 5220 1766 5296 εὗρον·

141 5311 473 5382 ἀχάριστον
514 5313 654 5383 πρὸς
679 5315 779 5383 τὴν
803 5315 914 5370 τῶν
938 5317 1165 5382 ἀγαθῶν
1194 5318 1457 5386 ἀφθονίαν
1477 5359 1492 5383 ,
1526 5319 1762 5391 πονηρὸν

137 5403 267 5473 τὴν
293 5401 568 5473 διαίρεσιν
593 5403 694 5473 τῆς
724 5405 1002 5476 ἀπαρχῆς.
1027 5407 1139 5460 Καὶ
1179 5407 1382 5480 ταύτην
1421 5407 1532 5480 γὰρ
1578 5409 1765 5462 ποιού-

139 5511 368 5566 μενος,
428 5494 662 5557 ἀναξίαν
702 5496 796 5550 τοῦ
858 5498 1154 5568 δωροδότου
1203 5501 1536 5570 πεποίησαι·
1581 5500 1762 5572 σαυτῷ

138 5585 292 5657 μὲν.

220 5752 249 5783 ³
301 5756 442 5814 Gen.
481 5773 556 5824 tv,
588 5759 643 5812 7.
724 5761 744 5790 ⁸
781 5758 917 5816 Gen.
958 5777 1030 5828 tv,
1062 5763 1114 5816 2.

1869 5133 2022 5199 cisti;
2069 5133 2163 5204 qui
2215 5135 2308 5189 tibi
2363 5138 2511 5204 ipse,
2543 5139 2617 5190 uti
2655 5138 2808 5206 plura
2831 5175 2846 5204 ,
2889 5137 2970 5193 sic
3001 5147 3056 5191 et
3083 5139 3296 5207 potiora
3332 5155 3454 5191 mu-

1870 5239 2062 5278 nerum
2111 5227 2375 5286 obstricta
2434 5227 2703 5293 volueris;
2765 5244 2854 5282 me
2915 5241 3095 5283 autem
3163 5231 3456 5286 oblationis

1870 5317 2134 5371 surditate
2167 5319 2559 5374 contumeliose
2600 5320 2874 5376 habueris.
2944 5320 3068 5376 Haec
3123 5337 3288 5393 porro
3339 5340 3448 5379 non

1872 5408 2049 5463 aliena
2093 5409 2162 5464 ab
2193 5411 2443 5466 instituto
2480 5411 2628 5466 dicta
2656 5421 2802 5479 sunt,
2839 5415 2934 5468 sed
2972 5413 3037 5469 ad
3073 5415 3411 5486 probandum
3434 5455 3452 5482 ,

1873 5501 1973 5569 pia:
2019 5505 2201 5570 potius
2245 5503 2567 5574 voluntatis,
2603 5507 2862 5559 virtutum
2909 5506 3258 5561 exuberantia
3285 5505 3454 5576 frugi-

349 5585 430 5646 ὡς
481 5584 552 5637 τὰ
602 5585 851 5652 πλείονα,
909 5586 1053 5641 οὕτω
1084 5591 1178 5643 καὶ
1221 5590 1288 5644 τὰ
1330 5592 1617 5661 κρείττονα
1653 5591 1762 5645 τῶν

1875 5595 1974 5649 bus
2002 5608 2198 5652 munus
2229 5610 2389 5663 esse,
2436 5608 2492 5652 ut
2531 5598 2670 5654 Deus
2707 5597 2884 5654 oblata
2916 5608 3178 5670 prmoptet
3215 5612 3280 5654 ac
3328 5613 3455 5669 pro-
