3950 6166
558 322 694 387 1351

1672 316 2010 376 GEORGII
2049 315 2642 406 NICOMEDIENSIS

3675 315 3813 379 1352

631 433 764 488 Novi
799 432 979 502 itaque
1007 443 1230 485 uxorem
1258 428 1806 496 Annam-quanquam
1835 427 2131 492 absentem,

2307 424 2437 481 Οἶδα
2481 429 2662 480 τοίνυν
2698 426 2797 496 τὴν
2847 425 3091 479 σύνοικον
3143 426 3342 479 ’Ἅνναν
3389 427 3700 496 ὁμότροπόν
3748 447 3810 481 τε

560 526 751 582 iisdem
778 533 1022 594 perstare
1048 523 1311 587 moribus,
1340 521 1640 590 eademque
1663 520 1976 574 voluntate:
2004 519 2128 573 novi

563 632 691 671 vero
733 618 895 670 etiam
942 617 1238 684 impensum
1281 614 1399 684 ejus
1444 613 1499 667 in
1539 612 1825 666 Dominum
1867 626 2127 674 amorem,

547 722 666 776 quo
695 717 750 760 et
791 706 933 767 illius
969 704 1322 774 providentiae
1356 704 1696 771 obsequitur,
1731 701 1974 770 meisque
2011 717 2131 756 ocr-

561 798 892 860 taminibus,
949 796 1208 864 congruis
1257 804 1316 849 et
1378 795 1494 863 ipsa
1559 793 1840 848 laboribus
1878 793 2128 858 intenta,

551 900 899 957 cooperator.
925 886 1356 955 Haudquaquam
1400 885 1639 940 abscindi
1669 885 1904 952 patietur
1927 885 1994 938 ab
2019 884 2134 936 ιιιιί-

553 982 686 1033 tatis
709 981 970 1042 moribus,
996 979 1074 1031 uti
1105 992 1277 1047 neque
1300 978 1366 1030 ab
1390 975 1609 1040 aﬁecm,
1632 989 1739 1043 quo
1763 975 2129 1043 prosequitur.

559 1071 809 1124 Servabit
840 1069 1163 1123 indivnlsatn
1203 1068 1498 1122 voluntatis
1528 1066 1941 1121 consonantiam
1963 1106 1978 1127 ,
2013 1079 2133 1134 qua:

559 1160 842 1228 coniugem
881 1161 1092 1224 deceat,
1122 1159 1197 1212 uti
1231 1169 1284 1212 et
1323 1158 1629 1226 religiosam
1663 1167 1928 1212 mentem.
1967 1155 2132 1221 Magis

559 1253 756 1305 absens
803 1251 1054 1317 precibus
1105 1249 1354 1317 adjutura
1408 1259 1531 1314 est,
1589 1264 1752 1320 quam
1801 1248 1848 1301 si
1899 1247 2131 1301 adesset.

555 1342 732 1396 Erunt
773 1342 889 1409 ejus
925 1342 1170 1396 ellicaces
1215 1341 1670 1409 supplicationes;
1702 1339 1984 1409 praestabit
2029 1337 2135 1392 fer-

557 1436 876 1490 ventissima
905 1435 1009 1488 ﬁde
1041 1444 1096 1486 ut
1122 1435 1488 1488 exauditionis
1511 1432 1757 1488 eﬁ'ectum
1791 1446 2130 1500 consequan-

561 1537 670 1581 tur.
701 1527 808 1580 Deo
851 1527 1050 1594 quippe
1095 1539 1161 1578 ex
1191 1525 1430 1578 contrito
1464 1538 1556 1577 eas
1605 1524 1785 1577 animo
1826 1520 2003 1576 oﬁert.
2053 1520 2131 1574 Ex

561 1617 746 1671 innata
782 1632 874 1671 eas
917 1617 1256 1682 humilitate,
1289 1616 1356 1670 ad
1407 1629 1529 1669 eum
1553 1616 1648 1683 qui
1687 1614 1834 1669 solus
1881 1613 2132 1668 sublimis

559 1719 665 1772 est,
713 1708 970 1775 omnique
1023 1707 1196 1776 major
1231 1707 1540 1768 intellectu,
1586 1704 1889 1760 beneﬁcum
1939 1704 2130 1766 Deum,

2230 519 2327 572 καὶ
2353 518 2734 588 ὁμογνώμονα,
2775 517 2870 570 καὶ
2913 519 2988 587 μὴ
3027 518 3312 588 παροῦσαν
3353 517 3664 587 διαμένειν·
3693 514 3812 572 οἴδα

2230 612 2286 664 δὲ
2327 613 2421 665 καὶ
2477 612 2568 664 τὸν
2598 613 2734 682 πρὸς
2764 613 2857 664 τὸν
2902 613 3183 682 Δεσπότην
3221 611 3596 682 ἀκατάσχετον
3641 614 3810 684 αὐτῆς

2233 705 2432 776 ἔρωτα,
2459 705 2524 758 δι’
2546 699 2606 758 οὐ
2640 704 2804 759 αὐτοῦ
2836 723 2895 758 τε
2923 709 2988 776 τῇ
3026 707 3256 777 προνοίᾳ
3277 705 3684 777 καθυπουργεῖ,
3714 710 3814 760 καὶ

2231 799 2344 858 τοῖς
2370 799 2524 866 ἐμοῖς
2556 797 2732 865 ἀγῶσι
2768 797 2854 850 διὰ
2884 797 2992 848 τῶν
3022 798 3378 866 καταλλήλων
3404 798 3587 852 πόνων
3619 817 3813 870 συνερ-

2233 890 2342 955 γεῖ.
2374 888 2486 940 Οὐκ
2524 889 2974 960 ἀπορραγήσεται
3010 889 3106 940 τοῦ
3145 890 3245 958 τῆς
3285 891 3538 954 ὲνώσεως
3570 893 3809 962 τρόπου,

2232 977 2420 1050 ὥσπερ
2452 980 2571 1033 οὐδὲ
2615 981 2713 1050 τῆς
2748 982 3008 1049 σχέσεως.
3045 981 3288 1051 Τηρὴσει
3333 982 3392 1035 τὸ
3431 985 3531 1046 τῆς
3575 985 3813 1051 συζύγου

2231 1071 2575 1140 ὁμόγνωμον,
2617 1071 2804 1141 ὥσπερ
2847 1071 2908 1123 τὸ
2941 1071 3190 1139 φιλόθεον
3221 1072 3621 1126 ἀδιάσπαστον.
3660 1074 3812 1142 Συμ-

2235 1161 2429 1232 πράξει
2460 1162 2659 1229 μᾶλλον
2687 1160 2928 1227 ἀποῦσα,
2959 1162 2990 1231 ἢ
3030 1161 3282 1231 παροῦσα
3303 1165 3425 1225 ταῖς
3453 1167 3811 1233 προσευχαῖς.

2235 1253 2309 1305 Οὐ
2354 1253 2724 1323 διαμαρτήσει
2753 1254 2851 1322 τῆς
2883 1252 3199 1316 ἐντεύξεως
3235 1255 3315 1316 είς
3342 1254 3581 1323 ἐπήκοον
3622 1259 3814 1306 ἀνενε-

2233 1342 2428 1413 χθῆναι
2483 1343 2559 1414 τῷ
2613 1343 2932 1415 θερμοτέρῳ
2987 1344 3189 1407 ταύτας
3245 1346 3656 1415 παρασκευάσει
3711 1346 3815 1409 τῆς

2233 1432 2490 1494 πίστεως.
2521 1431 2640 1500 Θεῷ
2669 1433 2776 1502 γὰρ
2818 1434 3242 1503 ἀναφερομένας
3269 1434 3474 1497 αὐτάς,
3521 1437 3587 1486 ἐκ
3621 1451 3813 1486 συντε-

2232 1525 2542 1595 τριμμένης
2595 1525 2867 1594 προσάγει
2925 1524 3126 1595 ψυχῆς.
3172 1525 3262 1591 Ἐξ
3311 1525 3556 1596 ἐμφύτου
3613 1543 3814 1580 ταπει-

2233 1611 2484 1676 νώσεως,
2521 1615 2659 1683 πρὸς
2705 1613 2796 1667 τὸν
2847 1615 3010 1684 μόνον
3067 1614 3272 1684 ὑψηλὸν
3323 1616 3420 1668 καὶ
3469 1615 3813 1688 ὑπερέχοντα

2235 1703 2410 1757 πάντα
2460 1703 2582 1756 νοῦν
2643 1704 2939 1775 εὐεργέτην
2988 1704 3310 1758 ἀναϐιϐάσει
3366 1705 3593 1770 ταύτας.
3653 1709 3813 1760 Ἐστι

561 1770 777 1854 sursum
829 1770 1046 1866 diriget.
1103 1770 1192 1851 isst
1239 1797 1382 1851 enim
1431 1796 1520 1851 ille
1565 1811 1822 1867 perquam
1875 1798 2129 1866 Optimus,

2236 1793 2345 1866 γὰρ
2371 1793 2717 1866 ὐπεράγαθος
2740 1770 2922 1861 οὗτος,
2955 1795 3048 1848 καὶ
3086 1795 3194 1848 τῶν
3226 1796 3676 1866 ἐπικαλουμένων
3707 1801 3813 1850 αὐ-

559 1905 784 1956 eosque,
833 1889 923 1956 qui
964 1890 1014 1941 in
1050 1888 1281 1948 veritate
1318 1889 1604 1952 invocant,
1637 1888 1878 1942 exaudit.
1929 1886 2130 1956 Hujus-

561 1981 706 2034 modi
742 1989 868 2032 sunt
890 1979 1157 2048 justorum
1189 1979 1406 2032 eximia:
1430 1978 1796 2047 praerogativae
1818 1961 1950 2044 {hae
2006 1977 2128 2032 illo-

563 2088 678 2123 rum
728 2071 984 2123 virtutum
1036 2068 1483 2138 supercilluentes
1535 2068 1784 2124 divitiae:
1835 2069 1979 2123 hunc
2011 2083 2128 2124 mo-

561 2165 685 2216 dum
721 2161 884 2213 habct
935 2157 1206 2214 accensus
1239 2175 1425 2214 eorum
1471 2160 1593 2214 ﬁdei
1626 2159 1804 2214 fervor
1837 2178 1850 2213 :
1884 2160 1998 2214 hac
2031 2175 2128 2214 eo-

563 2269 680 2305 rum
724 2254 787 2304 ad
829 2251 995 2306 Deum
1043 2251 1463 2322 prOpinquitatis
1493 2251 1854 2306 necessitudo.
1897 2248 1986 2304 Sic
2018 2265 2131 2306 me-

561 2342 682 2394 liuri
711 2356 872 2408 supra
897 2350 1021 2394 vota
1041 2342 1212 2406 exitu,
1235 2352 1484 2395 votorum
1509 2351 1788 2410 compotes
1805 2338 2125 2394 efﬁciuntur.

562 2434 653 2486 Sic
696 2435 874 2486 divino
907 2433 1126 2486 oraculo
1153 2470 1169 2494 ,
1197 2449 1321 2487 cum
1357 2449 1508 2487 suam
1541 2433 1640 2500 ipsi
1679 2432 2126 2498 benedictionem,

565 2537 674 2577 tttm
709 2525 888 2577 mutuli
923 2526 1203 2593 gaudium,
1237 2525 1378 2592 quod
1410 2540 1596 2579 eorum
1635 2525 1705 2576 sit
1739 2523 1973 2588 fructus,
2013 2521 2128 2576 edi-

564 2617 670 2670 turi
707 2616 1046 2670 nuntiantur.
1078 2617 1266 2684 Angeli
1300 2616 1445 2670 enim
1494 2615 1608 2668 fore
1638 2614 2040 2681 praadixerunt,
2073 2621 2130 2666 ut

559 2709 676 2776 ejus
713 2718 833 2762 ortu
867 2709 1120 2778 gaudium
1159 2723 1223 2761 ac
1255 2707 1440 2760 lwtitia
1474 2706 1674 2760 mundo
1712 2706 1917 2775 pariter
1948 2705 2127 2760 orire-

565 2810 669 2852 tur.

635 2889 787 2941 Enim
820 2904 946 2943 vero
977 2889 1098 2941 talia
1138 2899 1262 2943 sunt
1290 2897 1402 2954 tua,
1438 2889 1553 2959 ipso
1581 2888 1825 2957 exordio,
1859 2889 2127 2958 praeconia

561 2997 625 3033 ac
671 2981 952 3034 miracula.
997 2979 1127 3045 Quae
1175 2997 1305 3035 vero
1339 2981 1431 3034 tali
1479 2984 1649 3051 stirpe
1681 2982 1934 3051 praedicta
1978 2995 2129 3036 esses

562 3072 946 3140 gerntinatura,
988 3087 1020 3124 ο
1073 3071 1336 3138 Deipara,
1387 3085 1685 3138 congruunt
1737 3069 1965 3126 oraculo
2011 3072 2129 3124 vita:

563 3179 874 3231 processum
911 3162 1186 3230 accepisti.
1230 3162 1398 3217 Plane
1426 3161 1570 3214 enim
1605 3177 1703 3229 par
1728 3171 1866 3227 erat,
1907 3172 1958 3213 ut
1985 3161 2129 3228 ejus-

564 3256 705 3309 modi
740 3257 962 3308 vocibus
1001 3254 1464 3322 praenuntiat-eris.
1530 3251 1632 3305 Par
1662 3261 1799 3316 erat,
1833 3251 2010 3306 futura
2044 3263 2131 3306 tua

564 3347 830 3417 magualia
892 3346 1071 3400 verbis
1106 3345 1302 3400 talibus
1343 3343 1634 3413 designari.
1675 3343 1971 3412 Oportebat
1997 3360 2133 3414 pra:-

561 3438 765 3508 signari
794 3435 990 3488 talibus
1027 3435 1286 3489 st'mbolis
1312 3474 1326 3497 ,
1359 3434 1704 3502 fructumque
1734 3447 1794 3486 ac
1822 3435 2129 3500 genituram

562 3546 626 3581 ex
671 3527 935 3596 ejusmodi
987 3527 1206 3594 prodire
1252 3525 1592 3594 parentibus.
1629 3523 1924 3592 Oportebat
1973 3539 2004 3578 e
2041 3525 2130 3578 tali

567 3620 750 3673 radice
791 3618 943 3672 nasci
1004 3632 1224 3686 germen
1269 3617 1396 3671 tale.
1429 3616 1722 3685 Oportebat
1759 3631 1821 3671 ex
1867 3618 2134 3686 regalibus

565 3711 760 3780 plantis
830 3722 1176 3764 succrescere
1203 3709 1406 3778 virgam
1446 3708 1701 3778 regalem.
1731 3695 2022 3775 Oportebat
2065 3723 2132 3762 ex

564 3802 828 3870 locuplete
863 3801 1059 3858 virtute
1123 3800 1371 3868 copiosas
1413 3800 1674 3853 bonorum
1708 3799 1926 3853 divitias
1945 3813 2134 3866 super-

560 3893 800 3950 eﬁluere.
852 3893 1105 3957 Docebat,
1141 3901 1199 3945 ut
1227 3892 1344 3960 ipsa
1368 3891 1584 3959 quidem
1607 3891 1793 3943 talium
1829 3893 2131 3960 parentium

561 3991 668 4042 lilia
699 3971 952 4053 audires;
1014 3996 1181 4054 utque
1215 3986 1318 4053 ipsi
1360 3983 1486 4038 talis
1527 3985 1649 4038 lilia:
1677 3995 1931 4052 parentes
1957 3983 2136 4041 efﬁce-

565 4090 788 4141 rentur._
851 4076 1004 4132 SLcut
1055 4079 1198 4131 enim
1246 4077 1360 4144 ipsa
1405 4075 1664 4144 singulari
1723 4090 1832 4144 prae
1883 4077 2136 4130 omnibus

563 4171 915 4240 praerogativa
949 4170 1002 4222 in
1051 4169 1146 4222 Dei
1175 4167 1404 4222 Matrem
1437 4167 1722 4236 pmoptari
1760 4167 2034 4229 meruisti,
2059 4167 2134 4220 ita

560 4276 618 4319 et
663 4264 735 4317 illi
785 4262 1046 4332 singulari
1103 4276 1216 4330 prae
1291 4261 1546 4315 omnibus
1603 4261 1803 4314 honore
1859 4259 2135 4313 consecuti

563 4365 710 4418 sunt,
745 4366 804 4408 ut
830 4352 996 4406 futuri
1023 4362 1276 4421 parentes
1306 4352 1378 4405 ttti
1407 4353 1936 4418 prwdestinarentur.
1963 4351 2135 4416 Quam

2236 1888 2327 1940 τὸν
2366 1887 2424 1938 ἐν
2469 1885 2698 1957 ἀληθεία
2740 1886 3004 1957 ὑπήκοος.
3041 1887 3281 1940 Τοιαῦτα
3319 1889 3396 1941 τά·
3430 1889 3538 1940 τῶν
3582 1889 3813 1944 δικαίων

2231 1976 2641 2047 ὐπερανέχοντα
2682 1977 2782 2045 τῆς
2818 1977 3032 2045 φύσεως
3077 1977 3558 2048 πλεονεκτήματαο
3592 1973 3751 2044 οὗτος
3783 1983 3814 2032 ὁ

2233 2068 2341 2122 τῶν
2371 2067 2580 2140 ἀρετῶν
2615 2068 2796 2122 αὐτῶν
2826 2068 3229 2140 ὐπερχεόμενος
3259 2069 3518 2134 πλοῦτος
3566 2072 3815 2125 τοιοῦτον

2233 2161 2294 2214 τὸ
2325 2155 2426 2230 τῆς
2465 2159 2705 2226 πίστεως
2733 2161 2911 2214 αὐτῶν
2938 2161 3204 2232 διάπυρον
3231 2178 3246 2192 ο
3277 2162 3472 2233 αὓτη-ἡ
3503 2165 3647 2235 πρὸς
3679 2166 3816 2220 Θεὸν

2234 2253 2533 2324 ἐγγύτητος
2570 2252 2810 2322 αὐτῶνή
2853 2253 3148 2325 οἰκειότης.
3185 2251 3340 2306 Οὕτω
3369 2255 3476 2307 τῶν
3513 2257 3816 2327 ἐπιζητου-

2238 2342 2412 2412 μένων
2454 2343 2592 2414 ὐπὲρ
2634 2343 2908 2408 ἐπίτευξιν
2961 2345 3343 2414 τυγχάνουσιν·
3396 2345 3541 2400 οὕτω
3587 2365 3817 2419 χρημα-

2231 2432 2432 2503 τισμῷ,
2457 2433 2556 2503 τὴν
2583 2433 2788 2487 οἰκείαν
2815 2435 2915 2505 μὲν
2947 2419 3224 2505 εὐλογίαν,
3254 2439 3346 2490 τοῦ
3382 2438 3590 2509 κόσμου
3621 2441 3682 2493 δὲ
3713 2443 3812 2494 θυ-

2237 2523 2432 2593 μηδίαν
2463 2528 2849 2596 καρποφορεῖν
2899 2526 3217 2597 μηνύονται.
3281 2530 3542 2598 ’Ἄγγελοι
3592 2532 3699 2604 γὰρ
3746 2538 3815 2604 τῇ

2233 2614 2434 2684 ταύτης
2477 2617 2688 2687 προόδῳ
2724 2617 2898 2688 χαρὰν
2925 2621 3018 2673 καὶ
3047 2620 3389 2693 εὐφροσύνην
3447 2640 3817 2694 συμπαραμ-

2234 2705 2420 2760 νέσθαι
2450 2711 2516 2779 τῇ
2550 2709 2723 2762 κτίσει
2755 2711 3253 2781 προκατήγγειλαν.

2316 2897 2476 2954 Ἀλλά
2502 2897 2728 2952 τοιαῦτα
2771 2898 2868 2968 μέν
2904 2915 2996 2951 σου
3053 2899 3122 2952 τά
3160 2900 3218 2951 ἐν
3249 2899 3554 2970 προοιμίοις
3588 2903 3684 2954 καὶ
3716 2920 3820 2972 κη-

2239 2989 2491 3060 ρύγματα
2522 2992 2615 3044 καὶ
2643 2990 2918 3060 θαύματα.
2967 2992 3063 3043 Ἐκ
3097 2991 3358 3044 τοιούτων
3386 2992 3444 3044 δέ
3473 2993 3821 3064 ἀνασλαστῆ-

2238 3095 2327 3132 σαι
2355 3080 2817 3151 προκηρυχθείσα.
2848 3079 3100 3143 Θεοτόκε,
3127 3080 3474 3149 κατάλληλον
3495 3085 3608 3144 τοῖς
3639 3101 3818 3152 μηνυ-

2237 3169 2374 3221 θεῖαι
2404 3169 2504 3244 τὴν
2545 3171 2602 3222 ἐν
2633 3169 2710 3239 τῷ
2743 3169 2844 3240 βίῳ
2873 3170 3100 3238 πρόοδον
3127 3169 3378 3239 εἴληφας.
3417 3170 3566 3223 Ἔδει
3604 3172 3716 3242 γάρ
3756 3189 3817 3224 σε

2232 3260 2508 3323 τοιαύταις
2544 3259 3093 3330 προκαταγγελθῆναι
3140 3264 3368 3329 φωναῖς·
3401 3262 3510 3316 ἔδει
3544 3263 3816 3326 τοιούτοις

2233 3352 2301 3406 τὰ
2326 3353 2394 3404 σά
2423 3351 2844 3422 προμηνυθῆναι
2865 3353 3134 3424 μεγαλεῖα
3163 3355 3426 3424 ῥήμασιν·
3454 3355 3622 3424 ἐχρῆν
3642 3356 3821 3408 roret}.

2231 3458 2344 3506 τοις
2383 3444 2481 3511 μέν
2528 3460 2586 3495 σε
2621 3445 3078 3514 προσημανθῆναι
3111 3445 3421 3514 συμϐόλοις·
3455 3447 3520 3497 ἐκ
3549 3447 3816 3517 τοιαύτης

2235 3531 2414 3601 ῥίζης,
2446 3533 2684 3586 τοιοῦτον
2715 3533 2771 3586 δὲ
2810 3533 2918 3586 τῶν
2957 3533 3496 3604 κ“αρποφορησάντων
3525 3538 3817 3605 προελθεῖν

2234 3626 2488 3694 πατέρων
2515 3645 2528 3656 ο
2547 3625 2661 3678 ίδει
2689 3625 2946 3695 τοιαύτης
2987 3627 3146 3696 ῥίζης
3171 3626 3412 3680 τοιοῦτον
3439 3628 3720 3698 ἀναφῆναι
3754 3646 3813 3681 σι

2236 3714 2480 3784 βλαστόν·
2515 3715 2624 3768 ἔδει
2668 3717 2732 3769 ἐκ
2763 3715 3058 3785 βασιλικῶν
3114 3716 3456 3788 φυτουργιῶν
3501 3719 3600 3789 τὴν
3650 3719 3814 3788 βασὶ-

2234 3805 2378 3857 λειόν
2434 3822 2492 3858 σε
2541 3805 2864 3875 ἀναδοθῆναι
2919 3806 3148 3876 ῥάϐδον·
3203 3807 3313 3860 ἔδει
3364 3810 3427 3863 ἐκ
3478 3811 3816 3878 περιουσίων

2235 3897 2444 3968 ἀρετῶν
2499 3897 2588 3949 τὸν
2634 3897 2862 3965 ἄφθονόν
2910 3914 2969 3948 σε
3020 3898 3127 3950 τῶν
3172 3899 3390 3964 ἀγαθῶν
3438 3901 3817 3971 ὐπερχυθῆναι

2236 3989 2484 4044 πλοῦτον·
2514 3988 2618 4040 ἔδει
2658 4005 2720 4040 σε
2757 3989 3015 4041 τοιούτων
3050 3988 3150 4058 μὲν
3184 3990 3436 4060 πατέρων
3469 3996 3818 4061 χρηματίσαι

2237 4081 2529 4151 θυγατέρα·
2563 4080 2762 4142 αὐτοὺς
2788 4080 2846 4132 δὲ
2903 4080 3169 4149 θυγατρὸς
3204 4079 3460 4151 τοιαύτης
3489 4082 3817 4153 ἀναδειχθῆ-

2236 4194 2323 4229 ναι
2355 4174 2619 4242 πατέρας.
2652 4172 2761 4225 Καὶ
2786 4171 2976 4241 ὥσπερ
3000 4174 3063 4224 σὺ
3096 4171 3193 4238 τῆς
3229 4172 3446 4240 ἀπάσης
3475 4172 3708 4235 κτίσεως
3733 4176 3817 4236 είς

2237 4266 2372 4320 Θεοῦ
2404 4265 2633 4334 Μητέρα
2673 4263 3060 4332 προεξελέγης,
3090 4261 3264 4323 οὕτως
3285 4259 3450 4314 ἀὐτοὶ
3486 4261 3596 4314 τῶν
3629 4264 3816 4315 τεκόν-

2219 4352 2346 4429 των
2394 4357 2647 4410 ἁπάντων
2685 4355 2922 4424 πατέρες
2964 4352 3261 4423 τιμηθῆναί
3317 4368 3408 4404 σου
3458 4353 3817 4422 προωρίσθη-

563 4462 696 4516 ergo
727 4445 875 4499 omni
916 4444 1087 4513 gloria
1122 4443 1314 4510 major,
1345 4453 1507 4496 tantae
1537 4442 1678 4496 illius
1721 4433 1863 4495 curae
1895 4444 2132 4509 tttagnili-

2242 4464 2362 4500 σαν.
2424 4445 2511 4504 Ὠς
2557 4439 3087 4512 ὐπερὸεδοξασμένον
3139 4439 3270 4506 γοῦν
3315 4441 3374 4491 τὸ
3416 4441 3515 4509 τῆς
3553 4443 3816 4511 τοιαύτης

565 4535 788 4588 cetttia!
827 4532 996 4598 Quam
1047 4527 1251 4598 majora
1295 4530 1472 4595 laude,
1506 4529 1884 4582 universorum
1925 4526 2137 4579 Domini

566 4627 914 4695 providentiae
943 4622 1250 4677 mirabilia!
1279 4622 1450 4688 Quam
1487 4619 1756 4673 universis
1803 4617 2138 4672 desiderabi-

567 4718 706 4771 bbus
730 4716 1199 4777 desiderabiliora,
1227 4729 1346 4782 qua:
1383 4727 1477 4780 per
1506 4720 1558 4765 te
1585 4712 1918 4765 advenerunt
1958 4709 2131 4762 bona!

569 4813 743 4878 Quam
787 4811 938 4863 beata
973 4808 1246 4876 voluptate
1268 4806 1486 4869 donati,
1521 4804 1613 4874 qui
1648 4803 1710 4856 iis
1738 4797 2135 4870 condigne‘frui

574 4902 923 4956 meruerunt!
961 4899 1089 4955 Haec
1115 4901 1256 4955 enim
1284 4914 1384 4952 una
1411 4897 1480 4952 sit
1500 4911 1626 4950 vera
1665 4895 1879 4960 fruitio;
1905 4893 2020 4946 hanc
2055 4893 2136 4944 in.

569 4995 828 5048 deﬁciens
857 4993 1130 5062 voluptas,
1182 4991 1270 5054 iis,
1311 4990 1508 5058 quibus
1537 4997 1765 5057 prmstas
1804 4985 2140 5040 mirabilibus

570 5086 832 5140 deliciari.
863 5084 966 5141 Per
1003 5101 1121 5138 eam
1181 5084 1246 5135 ad
1284 5081 1414 5150 juge
1456 5079 1586 5133 illud
1636 5077 1941 5132 convivium
1981 5092 2140 5130 manu

569 5179 838 5241 ducimur,
889 5175 1248 5246 praesentique
1307 5183 1394 5226 tua
1452 5171 1635 5226 lmtitia
1709 5170 1942 5223 futuram
1997 5169 2140 5222 illam

570 5269 899 5338 voluptatem
929 5267 1128 5336 praevie
1157 5265 1268 5334 jam
1301 5264 1604 5318 salutamus
1651 5275 1714 5314 ac
1737 5259 2133 5329 amplectimur.

572 5361 842 5416 Habemus
875 5368 1197 5412 a~ternorutn
1231 5355 1494 5410 bonorum
1525 5352 1740 5423 pignus,
1772 5365 1866 5419 per
1902 5359 1986 5404 tua
2017 5367 2136 5402 mn-

573 5467 702 5506 nera
735 5465 855 5520 qua
883 5465 1026 5504 nunc
1055 5449 1401 5502 exhibentur.
1436 5445 1693 5500 Praesenti
1718 5454 1804 5497 tua
1831 5443 2140 5497 laudatione

575 5543 796 5596 auribus
836 5541 1168 5604 insusurrat,
1189 5553 1355 5592 sonus
1383 5539 1470 5592 ille
1513 5547 1713 5592 :cterna
1743 5537 1928 5590 laztilia
1964 5537 2141 5589 exsul-

577 5633 831 5686 tantium.
862 5629 999 5684 Vera
1029 5640 1112 5686 est
1141 5630 1213 5684 tui
1256 5644 1386 5697 ergo
1418 5639 1602 5684 nostra
1647 5628 1917 5692 laudatio;
1949 5641 2141 5681 Secura

578 5738 740 5794 spes;
783 5723 836 5776 in
861 5724 1106 5776 manibus
1133 5721 1416 5785 bonorum,
1443 5735 1562 5788 qua-
1596 5730 1990 5788 exspectamus,
2015 5732 2139 5787 pos-

2235 4535 2576 4608 προμηθείας
2641 4533 2956 4604 μεγαλεῖονῑ
3035 4531 3110 4594 ὡς
3166 4531 3527 4600 ὐπερύμνητα
3573 4533 3644 4585 τὰ
3716 4533 3816 4600 τῆς

2238 4623 2494 4692 προνοίας
2539 4621 2632 4672 τοῦ
2679 4620 2788 4673 τῶν
2839 4620 2976 4672 ὅλων
3043 4619 3316 4672 Δεσπότου
3363 4619 3687 4687 θαυμάσιαι
3740 4621 3820 4684 ὡς

2238 4714 2445 4784 ἐφετῶν
2485 4713 2737 4766 ἁπάντων
2765 4712 3116 4782 ποθεινότερα
3156 4713 3222 4764 τὰ
3257 4712 3346 4763 διὰ
3372 4710 3465 4764 σοῦ
3498 4715 3819 4783 παραγενό-

2242 4825 2376 4878 μενα
2408 4807 2581 4860 καλάι
2615 4805 2690 4868 ὡς
2714 4807 2976 4876 μακάριοι
3010 4806 3110 4876 τῆς
3149 4806 3536 4875 ἐντρυφήσεως
3567 4845 3582 4868 ,
3606 4805 3656 4857 οἱ
3688 4805 3824 4857 τού-

2238 4915 2344 4950 των
2375 4895 2639 4961 καταξίαν
2672 4895 3031 4954 ἐναπολαύειν
3075 4895 3356 4964 τυχόντεςι
3401 4894 3549 4964 Αὕτη
3605 4895 3718 4966 γὰρ
3749 4894 3820 4948 ἂν

2238 4988 2323 5058 εἴη
2355 4989 2492 5058 μόνη
2513 4987 2736 5048 δικαίως
2770 4986 3104 5049 ἀπόλαυσις·
3137 4985 3276 5057 αὐτη
3302 4988 3479 5056 τρυφή
3510 4986 3662 5037 ἐστιν
3690 4985 3819 5038 ἀδα-

2240 5080 2500 5148 πάνητος,
2541 5080 2572 5147 ἡ
2601 5076 2708 5130 τῶν
2738 5077 2847 5130 σῶν
2873 5077 3076 5147 δηλαδὴ
3106 5077 3437 5148 ἐντρύφητις
3471 5078 3815 5148 παραδόξων.

2240 5170 2338 5223 Διά
2385 5169 2587 5240 ταύτης
2636 5169 2771 5239 πρὸς
2799 5169 2898 5240 τὴν
2943 5169 3223 5238 ἀδιάδοχον
3264 5169 3499 5239 εὐωχίαν
3547 5185 3821 5240 χειραγω-

2241 5260 2508 5331 γούμεθα,
2543 5262 2638 5315 καὶ
2670 5262 2736 5330 τῇ
2766 5258 3002 5313 ἐνταῦθα
3046 5276 3140 5312 σου
3170 5258 3502 5330 εὐφροσύνῃ,
3543 5260 3643 5330 τὴν
3690 5260 3822 5330 μὲλ-

2243 5354 2440 5406 λουσαν
2471 5349 2940 5422 προασπαξόμεθα
2985 5349 3274 5421 θυμηδίαν.
3323 5349 3568 5420 Ἔχομιν
3597 5351 3690 5404 τὸν
3719 5353 3821 5423 ἀρ.

2241 5444 2461 5515 ραδῶνα
2497 5442 2605 5496 τῶν
2657 5443 2928 5511 μενόντων
2993 5441 3219 5509 ἀγαθῶν
3242 5483 3258 5507 ,
3301 5441 3389 5494 διὰ
3444 5442 3556 5494 τῶν
3595 5441 3690 5495 νῦν
3724 5459 3820 5496 σου

2241 5537 2632 5607 παρεχομένων
2658 5533 2900 5603 δωρεῶν.
2959 5533 3383 5604 Ἐνωτιζόμιθα,
3413 5533 3508 5586 τὸν
3547 5532 3662 5586 τῶν
3690 5533 3820 5585 αίω-

2240 5628 2368 5686 vita;
2394 5622 2781 5694 ἀγαλλομένων
2808 5619 2958 5694 ἦχον,
2993 5623 3081 5677 διά
3106 5623 3206 5693 τῆς
3234 5623 3517 5693 παρούσης
3551 5639 3648 5676 σου
3677 5620 3822 5685 δοξο-

2240 5713 2446 5783 λογίας.
2512 5713 2892 5782 ’Δδιάιῖιευστον
2943 5714 3101 5786 ἡμῶν
3149 5715 3212 5768 τὸ
3268 5715 3356 5768 διὰ
3405 5713 3465 5768 σὲ
3515 5714 3775 5783 καύχημα
3804 5729 3818 5742 ⁸
