  <div class='ocr_page' id='page_1' title='image "/cluster/home/n/w/nwhite01/storage/ocr_20150623/100/mdp.39015005675668/686.png"; bbox 0 0 3938 6168; ppageno 0'>
   <div class='ocr_carea' id='block_1_1' title="bbox 265 297 387 365">
    <p class='ocr_par' dir='ltr' id='par_1_1' title="bbox 265 297 387 365">
     <span class='ocr_line' id='line_1_1' title="bbox 265 297 387 365; baseline 0 -1"><span class='ocrx_word' id='word_1_1' title='bbox 265 297 387 365; x_wconf 82' lang='grc'><strong>1353</strong></span> 
     </span>
    </p>
   </div>
   <div class='ocr_carea' id='block_1_2' title="bbox 1309 291 2406 363">
    <p class='ocr_par' dir='ltr' id='par_1_2' title="bbox 1309 291 2406 363">
     <span class='ocr_line' id='line_1_2' title="bbox 1309 291 2406 363; baseline 0.002 -11"><span class='ocrx_word' id='word_1_2' title='bbox 1309 292 1392 353; x_wconf 87' lang='grc' dir='ltr'>ΙΝ</span> <span class='ocrx_word' id='word_1_3' title='bbox 1431 291 2015 363; x_wconf 76' lang='lat' dir='ltr'><strong>CONCEPTIONEM</strong></span> <span class='ocrx_word' id='word_1_4' title='bbox 2055 295 2116 355; x_wconf 90' lang='lat' dir='ltr'><strong>S.</strong></span> <span class='ocrx_word' id='word_1_5' title='bbox 2160 296 2406 357; x_wconf 65' lang='lat' dir='ltr'><strong>ANNzE.</strong></span> 
     </span>
    </p>
   </div>
   <div class='ocr_carea' id='block_1_3' title="bbox 3352 296 3489 361">
    <p class='ocr_par' dir='ltr' id='par_1_3' title="bbox 3352 296 3489 361">
     <span class='ocr_line' id='line_1_3' title="bbox 3352 296 3489 361; baseline 0.007 -1"><span class='ocrx_word' id='word_1_6' title='bbox 3352 296 3489 361; x_wconf 70' lang='grc'><strong>1354</strong></span> 
     </span>
    </p>
   </div>
   <div class='ocr_carea' id='block_1_4' title="bbox 259 399 1804 478">
    <p class='ocr_par' dir='ltr' id='par_1_4' title="bbox 259 399 1804 478">
     <span class='ocr_line' id='line_1_4' title="bbox 259 399 1804 478; baseline -0.005 -15"><span class='ocrx_word' id='word_1_7' title='bbox 259 406 497 478; x_wconf 78' lang='grc' dir='ltr'>ἀσφαλεῖς</span> <span class='ocrx_word' id='word_1_8' title='bbox 555 403 612 457; x_wconf 73' lang='grc' dir='ltr'><strong>αἱ</strong></span> <span class='ocrx_word' id='word_1_9' title='bbox 659 401 909 463; x_wconf 72' lang='grc' dir='ltr'>ἐλπίδες·</span> <span class='ocrx_word' id='word_1_10' title='bbox 939 400 998 454; x_wconf 73' lang='grc' dir='ltr'>ἐν</span> <span class='ocrx_word' id='word_1_11' title='bbox 1055 399 1214 472; x_wconf 70' lang='grc' dir='ltr'>χερσὶ</span> <span class='ocrx_word' id='word_1_12' title='bbox 1257 401 1327 456; x_wconf 78' lang='grc' dir='ltr'>τὰ</span> <span class='ocrx_word' id='word_1_13' title='bbox 1380 403 1804 475; x_wconf 73' lang='grc' dir='ltr'><strong>προσδοκώμενα</strong></span> 
     </span>
    </p>
   </div>
   <div class='ocr_carea' id='block_1_5' title="bbox 1913 399 3493 478">
    <p class='ocr_par' dir='ltr' id='par_1_5' title="bbox 1913 406 3493 478">
     <span class='ocr_line' id='line_1_5' title="bbox 1913 406 3493 478; baseline 0.003 -18"><span class='ocrx_word' id='word_1_14' title='bbox 1913 407 2105 461; x_wconf 81' lang='lat' dir='ltr'><strong>sessio.</strong></span> <span class='ocrx_word' id='word_1_15' title='bbox 2134 407 2496 473; x_wconf 78' lang='lat' dir='ltr'><strong>Quamobrem</strong></span> <span class='ocrx_word' id='word_1_16' title='bbox 2520 406 2738 477; x_wconf 83' lang='lat' dir='ltr'><strong>plures;</strong></span> <span class='ocrx_word' id='word_1_17' title='bbox 2766 407 2894 478; x_wconf 88' lang='lat' dir='ltr'><strong>quin</strong></span> <span class='ocrx_word' id='word_1_18' title='bbox 2918 416 2971 463; x_wconf 88' lang='lat' dir='ltr'><strong>et</strong></span> <span class='ocrx_word' id='word_1_19' title='bbox 2990 406 3147 478; x_wconf 75' lang='lat' dir='ltr'><strong>juges</strong></span> <span class='ocrx_word' id='word_1_20' title='bbox 3176 413 3296 462; x_wconf 85' lang='lat' dir='ltr'><strong>tuas</strong></span> <span class='ocrx_word' id='word_1_21' title='bbox 3333 411 3493 464; x_wconf 79' lang='lat' dir='ltr'><strong>avide</strong></span> 
     </span>
    </p>
   </div>
   <div class='ocr_carea' id='block_1_6' title="bbox 259 492 1815 566">
    <p class='ocr_par' dir='ltr' id='par_1_6' title="bbox 259 492 1815 566">
     <span class='ocr_line' id='line_1_6' title="bbox 259 492 1815 566; baseline -0.004 -13"><span class='ocrx_word' id='word_1_22' title='bbox 259 499 400 553; x_wconf 74' lang='grc' dir='ltr'>καλά.</span> <span class='ocrx_word' id='word_1_23' title='bbox 432 495 530 550; x_wconf 78' lang='grc' dir='ltr'>Διά</span> <span class='ocrx_word' id='word_1_24' title='bbox 555 493 714 549; x_wconf 83' lang='grc' dir='ltr'>τοῦτο</span> <span class='ocrx_word' id='word_1_25' title='bbox 759 492 1032 557; x_wconf 85' lang='grc' dir='ltr'>πλείονας,</span> <span class='ocrx_word' id='word_1_26' title='bbox 1065 493 1265 563; x_wconf 78' lang='grc' dir='ltr'>μᾶλλον</span> <span class='ocrx_word' id='word_1_27' title='bbox 1294 493 1350 546; x_wconf 83' lang='grc' dir='ltr'>δὲ</span> <span class='ocrx_word' id='word_1_28' title='bbox 1380 493 1647 566; x_wconf 81' lang='grc' dir='ltr'>διηνεκεῖς</span> <span class='ocrx_word' id='word_1_29' title='bbox 1671 536 1685 559; x_wconf 86' lang='grc'><em>,</em></span> <span class='ocrx_word' id='word_1_30' title='bbox 1718 493 1815 558; x_wconf 79' lang='grc' dir='ltr'>τὰς</span> 
     </span>
    </p>
   </div>
   <div class='ocr_carea' id='block_1_7' title="bbox 259 583 1815 658">
    <p class='ocr_par' dir='ltr' id='par_1_7' title="bbox 259 583 1815 658">
     <span class='ocr_line' id='line_1_7' title="bbox 259 583 1815 658; baseline -0.003 -15"><span class='ocrx_word' id='word_1_31' title='bbox 259 591 344 653; x_wconf 85' lang='grc' dir='ltr'><strong>σάς</strong></span> <span class='ocrx_word' id='word_1_32' title='bbox 383 589 699 658; x_wconf 73' lang='grc' dir='ltr'><strong>συγκροτεῖν</strong></span> <span class='ocrx_word' id='word_1_33' title='bbox 726 583 1099 655; x_wconf 78' lang='grc' dir='ltr'>ὲπιποθοῠμεν</span> <span class='ocrx_word' id='word_1_34' title='bbox 1143 585 1449 657; x_wconf 86' lang='grc' dir='ltr'>όμηγύρεις</span> <span class='ocrx_word' id='word_1_35' title='bbox 1473 624 1489 649; x_wconf 86' lang='grc'><em>,</em></span> <span class='ocrx_word' id='word_1_36' title='bbox 1524 585 1602 647; x_wconf 84' lang='grc' dir='ltr'><strong>ὡς</strong></span> <span class='ocrx_word' id='word_1_37' title='bbox 1632 585 1698 639; x_wconf 86' lang='grc' dir='ltr'>ἂν</span> <span class='ocrx_word' id='word_1_38' title='bbox 1727 585 1815 640; x_wconf 73' lang='grc' dir='ltr'>διὰ</span> 
     </span>
    </p>
   </div>
   <div class='ocr_carea' id='block_1_8' title="bbox 257 673 1812 752">
    <p class='ocr_par' dir='ltr' id='par_1_8' title="bbox 257 673 1812 752">
     <span class='ocr_line' id='line_1_8' title="bbox 257 673 1812 752; baseline -0.003 -18"><span class='ocrx_word' id='word_1_39' title='bbox 257 680 435 743; x_wconf 76' lang='grc' dir='ltr'>παντὸς</span> <span class='ocrx_word' id='word_1_40' title='bbox 486 679 617 750; x_wconf 75' lang='grc' dir='ltr'>ἡμῖν</span> <span class='ocrx_word' id='word_1_41' title='bbox 656 679 690 745; x_wconf 81' lang='grc' dir='ltr'>ὴ</span> <span class='ocrx_word' id='word_1_42' title='bbox 739 676 847 729; x_wconf 89' lang='grc' dir='ltr'><strong>τῶν</strong></span> <span class='ocrx_word' id='word_1_43' title='bbox 897 675 1250 745; x_wconf 82' lang='grc' dir='ltr'>ἑπιθυμητῶν</span> <span class='ocrx_word' id='word_1_44' title='bbox 1287 675 1519 752; x_wconf 84' lang='grc' dir='ltr'>προσείη</span> <span class='ocrx_word' id='word_1_45' title='bbox 1572 673 1812 745; x_wconf 75' lang='grc' dir='ltr'><strong>μέθεξις.</strong></span> 
     </span>
    </p>
   </div>
   <div class='ocr_carea' id='block_1_9' title="bbox 256 766 1815 840">
    <p class='ocr_par' dir='ltr' id='par_1_9' title="bbox 256 766 1815 840">
     <span class='ocr_line' id='line_1_9' title="bbox 256 766 1815 840; baseline -0.002 -16"><span class='ocrx_word' id='word_1_46' title='bbox 256 773 352 824; x_wconf 74' lang='grc' dir='ltr'><strong>Καὶ</strong></span> <span class='ocrx_word' id='word_1_47' title='bbox 382 772 475 840; x_wconf 78' lang='grc' dir='ltr'>τὴν</span> <span class='ocrx_word' id='word_1_48' title='bbox 516 769 796 838; x_wconf 77' lang='grc' dir='ltr'><strong>ἀγομένην</strong></span> <span class='ocrx_word' id='word_1_49' title='bbox 836 769 1038 822; x_wconf 83' lang='grc' dir='ltr'>δέσπου</span> <span class='ocrx_word' id='word_1_50' title='bbox 1084 766 1215 839; x_wconf 79' lang='grc' dir='ltr'>[γρ.</span> <span class='ocrx_word' id='word_1_51' title='bbox 1258 768 1302 821; x_wconf 84' lang='grc' dir='ltr'>δ’</span> <span class='ocrx_word' id='word_1_52' title='bbox 1336 771 1428 827; x_wconf 74' lang='grc' dir='ltr'><strong>ἐπὶ</strong></span> <span class='ocrx_word' id='word_1_53' title='bbox 1471 767 1566 822; x_wconf 82' lang='grc' dir='ltr'>σοῦ</span> <span class='ocrx_word' id='word_1_54' title='bbox 1593 782 1607 798; x_wconf 91' lang='grc'><strong>·</strong></span> <span class='ocrx_word' id='word_1_55' title='bbox 1662 768 1727 837; x_wconf 81' lang='grc' dir='ltr'><strong><em>ἢ,</em></strong></span> <span class='ocrx_word' id='word_1_56' title='bbox 1759 769 1815 822; x_wconf 82' lang='grc' dir='ltr'>δέ</span> 
     </span>
    </p>
   </div>
   <div class='ocr_carea' id='block_1_10' title="bbox 256 859 1815 933">
    <p class='ocr_par' dir='ltr' id='par_1_10' title="bbox 256 859 1815 933">
     <span class='ocr_line' id='line_1_10' title="bbox 256 859 1815 933; baseline -0.003 -18"><span class='ocrx_word' id='word_1_57' title='bbox 256 862 380 933; x_wconf 66' lang='grc' dir='ltr'>σου]</span> <span class='ocrx_word' id='word_1_58' title='bbox 437 862 679 931; x_wconf 81' lang='grc' dir='ltr'>σήμερον</span> <span class='ocrx_word' id='word_1_59' title='bbox 730 859 1200 931; x_wconf 69' lang='grc' dir='ltr'>πανηγυρίζοντες</span> <span class='ocrx_word' id='word_1_60' title='bbox 1261 860 1496 931; x_wconf 76' lang='grc' dir='ltr'>ἑορτὴν,</span> <span class='ocrx_word' id='word_1_61' title='bbox 1563 860 1659 929; x_wconf 79' lang='grc' dir='ltr'><strong>οὐχ</strong></span> <span class='ocrx_word' id='word_1_62' title='bbox 1739 859 1815 919; x_wconf 83' lang='grc' dir='ltr'>ὡς</span> 
     </span>
    </p>
   </div>
   <div class='ocr_carea' id='block_1_11' title="bbox 254 946 1815 1024">
    <p class='ocr_par' dir='ltr' id='par_1_11' title="bbox 254 946 1815 1024">
     <span class='ocr_line' id='line_1_11' title="bbox 254 946 1815 1024; baseline -0.002 -18"><span class='ocrx_word' id='word_1_63' title='bbox 254 954 462 1024; x_wconf 76' lang='grc' dir='ltr'>ὕστερον</span> <span class='ocrx_word' id='word_1_64' title='bbox 491 953 976 1024; x_wconf 81' lang='grc' dir='ltr'>προσευρημὲνην,</span> <span class='ocrx_word' id='word_1_65' title='bbox 1017 953 1091 1015; x_wconf 86' lang='grc' dir='ltr'>ὡς</span> <span class='ocrx_word' id='word_1_66' title='bbox 1120 952 1179 1006; x_wconf 78' lang='grc' dir='ltr'>δὲ</span> <span class='ocrx_word' id='word_1_67' title='bbox 1210 952 1317 1006; x_wconf 87' lang='grc' dir='ltr'><strong>τῶν</strong></span> <span class='ocrx_word' id='word_1_68' title='bbox 1351 951 1610 1023; x_wconf 82' lang='grc' dir='ltr'>εύσήμων</span> <span class='ocrx_word' id='word_1_69' title='bbox 1647 946 1815 1005; x_wconf 76' lang='grc' dir='ltr'>οὖσαν</span> 
     </span>
    </p>
   </div>
   <div class='ocr_carea' id='block_1_12' title="bbox 253 1042 1815 1115">
    <p class='ocr_par' dir='ltr' id='par_1_12' title="bbox 253 1042 1815 1115">
     <span class='ocr_line' id='line_1_12' title="bbox 253 1042 1815 1115; baseline -0.001 -18"><span class='ocrx_word' id='word_1_70' title='bbox 253 1043 616 1115; x_wconf 79' lang='grc' dir='ltr'>συναρίθμιον·</span> <span class='ocrx_word' id='word_1_71' title='bbox 656 1044 855 1114; x_wconf 75' lang='grc' dir='ltr'>μᾶλλον</span> <span class='ocrx_word' id='word_1_72' title='bbox 883 1044 939 1097; x_wconf 76' lang='grc' dir='ltr'>δὲ</span> <span class='ocrx_word' id='word_1_73' title='bbox 972 1044 1047 1108; x_wconf 86' lang='grc' dir='ltr'>ὡς</span> <span class='ocrx_word' id='word_1_74' title='bbox 1078 1047 1144 1115; x_wconf 83' lang='grc' dir='ltr'>τῇ</span> <span class='ocrx_word' id='word_1_75' title='bbox 1177 1043 1351 1107; x_wconf 81' lang='grc' dir='ltr'><strong>τάξει,</strong></span> <span class='ocrx_word' id='word_1_76' title='bbox 1381 1042 1524 1096; x_wconf 71' lang='grc' dir='ltr'>οὕτω</span> <span class='ocrx_word' id='word_1_77' title='bbox 1565 1043 1660 1096; x_wconf 68' lang='grc' dir='ltr'><strong>καὶ</strong></span> <span class='ocrx_word' id='word_1_78' title='bbox 1702 1044 1815 1105; x_wconf 84' lang='grc' dir='ltr'>τοῖς</span> 
     </span>
    </p>
   </div>
   <div class='ocr_carea' id='block_1_13' title="bbox 252 1132 1815 1206">
    <p class='ocr_par' dir='ltr' id='par_1_13' title="bbox 252 1132 1815 1206">
     <span class='ocr_line' id='line_1_13' title="bbox 252 1132 1815 1206; baseline -0.001 -22"><span class='ocrx_word' id='word_1_79' title='bbox 252 1133 524 1203; x_wconf 79' lang='grc' dir='ltr'>πράγμασι</span> <span class='ocrx_word' id='word_1_80' title='bbox 555 1133 981 1204; x_wconf 80' lang='grc' dir='ltr'>προτιθεμένην,</span> <span class='ocrx_word' id='word_1_81' title='bbox 1014 1133 1114 1203; x_wconf 73' lang='grc' dir='ltr'>τῆς</span> <span class='ocrx_word' id='word_1_82' title='bbox 1140 1133 1205 1185; x_wconf 82' lang='grc' dir='ltr'>δι’</span> <span class='ocrx_word' id='word_1_83' title='bbox 1232 1132 1406 1202; x_wconf 75' lang='grc' dir='ltr'>αὐτῆς</span> <span class='ocrx_word' id='word_1_84' title='bbox 1447 1132 1815 1206; x_wconf 81' lang='grc' dir='ltr'>κηρυχθείσης</span> 
     </span>
    </p>
   </div>
   <div class='ocr_carea' id='block_1_14' title="bbox 248 1223 1811 1296">
    <p class='ocr_par' dir='ltr' id='par_1_14' title="bbox 248 1223 1811 1296">
     <span class='ocr_line' id='line_1_14' title="bbox 248 1223 1811 1296; baseline -0.001 -21"><span class='ocrx_word' id='word_1_85' title='bbox 248 1225 640 1295; x_wconf 76' lang='grc' dir='ltr'>ὲναπολαύομεν</span> <span class='ocrx_word' id='word_1_86' title='bbox 674 1224 967 1295; x_wconf 82' lang='grc' dir='ltr'>θυμηδίας·</span> <span class='ocrx_word' id='word_1_87' title='bbox 998 1225 1097 1296; x_wconf 82' lang='grc' dir='ltr'>τῆς</span> <span class='ocrx_word' id='word_1_88' title='bbox 1139 1226 1408 1296; x_wconf 80' lang='grc' dir='ltr'>μυστικῆς</span> <span class='ocrx_word' id='word_1_89' title='bbox 1441 1223 1614 1292; x_wconf 73' lang='grc' dir='ltr'>αὐτῆς</span> <span class='ocrx_word' id='word_1_90' title='bbox 1645 1239 1811 1275; x_wconf 83' lang='grc' dir='ltr'><strong>κατα⁹</strong></span> 
     </span>
    </p>
   </div>
   <div class='ocr_carea' id='block_1_15' title="bbox 246 1315 1815 1389">
    <p class='ocr_par' dir='ltr' id='par_1_15' title="bbox 246 1315 1815 1389">
     <span class='ocr_line' id='line_1_15' title="bbox 246 1315 1815 1389; baseline -0.001 -20"><span class='ocrx_word' id='word_1_91' title='bbox 246 1317 528 1388; x_wconf 79' lang='grc' dir='ltr'>τρυφῶμεν</span> <span class='ocrx_word' id='word_1_92' title='bbox 573 1319 846 1389; x_wconf 80' lang='grc' dir='ltr'><strong>εὐωχίας·</strong></span> <span class='ocrx_word' id='word_1_93' title='bbox 896 1318 1006 1371; x_wconf 88' lang='grc' dir='ltr'><strong>τῶν</strong></span> <span class='ocrx_word' id='word_1_94' title='bbox 1046 1321 1103 1371; x_wconf 83' lang='grc' dir='ltr'>ὲν</span> <span class='ocrx_word' id='word_1_95' title='bbox 1156 1319 1292 1388; x_wconf 82' lang='grc' dir='ltr'>αὐτῇ</span> <span class='ocrx_word' id='word_1_96' title='bbox 1349 1315 1815 1386; x_wconf 84' lang='grc' dir='ltr'>προμηνυθέντων</span> 
     </span>
    </p>
   </div>
   <div class='ocr_carea' id='block_1_16' title="bbox 245 1406 1812 1481">
    <p class='ocr_par' dir='ltr' id='par_1_16' title="bbox 245 1406 1812 1481">
     <span class='ocr_line' id='line_1_16' title="bbox 245 1406 1812 1481; baseline -0.001 -21"><span class='ocrx_word' id='word_1_97' title='bbox 245 1408 625 1480; x_wconf 65' lang='grc' dir='ltr'>ἄμφορούμεθα</span> <span class='ocrx_word' id='word_1_98' title='bbox 647 1411 1025 1481; x_wconf 69' lang='grc' dir='ltr'>χαρισμάτων</span> <span class='ocrx_word' id='word_1_99' title='bbox 1059 1413 1125 1479; x_wconf 82' lang='grc' dir='ltr'>τῇ</span> <span class='ocrx_word' id='word_1_100' title='bbox 1153 1410 1240 1463; x_wconf 77' lang='grc' dir='ltr'><strong>διὰ</strong></span> <span class='ocrx_word' id='word_1_101' title='bbox 1267 1409 1469 1477; x_wconf 88' lang='grc' dir='ltr'>ταύτην</span> <span class='ocrx_word' id='word_1_102' title='bbox 1505 1406 1812 1478; x_wconf 76' lang='grc' dir='ltr'>εὐφροσύνῃ</span> 
     </span>
    </p>
   </div>
   <div class='ocr_carea' id='block_1_17' title="bbox 245 1499 1815 1573">
    <p class='ocr_par' dir='ltr' id='par_1_17' title="bbox 245 1499 1815 1573">
     <span class='ocr_line' id='line_1_17' title="bbox 245 1499 1815 1573; baseline 0.001 -22"><span class='ocrx_word' id='word_1_103' title='bbox 245 1499 334 1568; x_wconf 79' lang='grc' dir='ltr'>τὴν</span> <span class='ocrx_word' id='word_1_104' title='bbox 359 1499 525 1553; x_wconf 75' lang='grc' dir='ltr'>ἀΐδιον</span> <span class='ocrx_word' id='word_1_105' title='bbox 560 1501 1046 1570; x_wconf 81' lang='grc' dir='ltr'>προταμιευόμεθα</span> <span class='ocrx_word' id='word_1_106' title='bbox 1077 1502 1268 1573; x_wconf 79' lang='grc' dir='ltr'>χάριν·</span> <span class='ocrx_word' id='word_1_107' title='bbox 1310 1503 1377 1571; x_wconf 75' lang='grc' dir='ltr'>τῇ</span> <span class='ocrx_word' id='word_1_108' title='bbox 1408 1499 1514 1551; x_wconf 89' lang='grc' dir='ltr'><strong>τῶν</strong></span> <span class='ocrx_word' id='word_1_109' title='bbox 1554 1501 1610 1551; x_wconf 86' lang='grc' dir='ltr'>ὲν</span> <span class='ocrx_word' id='word_1_110' title='bbox 1650 1500 1815 1569; x_wconf 79' lang='grc' dir='ltr'>ούρα-</span> 
     </span>
    </p>
   </div>
   <div class='ocr_carea' id='block_1_18' title="bbox 244 1582 1814 1663">
    <p class='ocr_par' dir='ltr' id='par_1_18' title="bbox 244 1582 1814 1663">
     <span class='ocr_line' id='line_1_18' title="bbox 244 1582 1814 1663; baseline 0 -21"><span class='ocrx_word' id='word_1_111' title='bbox 244 1591 344 1651; x_wconf 81' lang='grc' dir='ltr'>νοῖς</span> <span class='ocrx_word' id='word_1_112' title='bbox 378 1590 745 1660; x_wconf 75' lang='grc' dir='ltr'>ἑορταζόντων</span> <span class='ocrx_word' id='word_1_113' title='bbox 796 1591 1137 1662; x_wconf 63' lang='grc' dir='ltr'>συεθηχοῦμεν</span> <span class='ocrx_word' id='word_1_114' title='bbox 1180 1589 1517 1663; x_wconf 69' lang='grc' dir='ltr'>χοροστασία</span> <span class='ocrx_word' id='word_1_115' title='bbox 1547 1606 1560 1619; x_wconf 88' lang='grc'><strong>·</strong></span> <span class='ocrx_word' id='word_1_116' title='bbox 1689 1607 1814 1643; x_wconf 86' lang='grc' dir='ltr'>συν-</span> 
     </span>
    </p>
   </div>
   <div class='ocr_carea' id='block_1_19' title="bbox 245 1680 1809 1763">
    <p class='ocr_par' dir='ltr' id='par_1_19' title="bbox 245 1680 1809 1753">
     <span class='ocr_line' id='line_1_19' title="bbox 245 1680 1809 1753; baseline -0.001 -19"><span class='ocrx_word' id='word_1_117' title='bbox 245 1681 611 1753; x_wconf 84' lang='grc' dir='ltr'>αριθμηθῆναι</span> <span class='ocrx_word' id='word_1_118' title='bbox 637 1685 787 1753; x_wconf 77' lang='grc' dir='ltr'>ἡμᾶς</span> <span class='ocrx_word' id='word_1_119' title='bbox 809 1684 902 1736; x_wconf 73' lang='grc' dir='ltr'><strong>καὶ</strong></span> <span class='ocrx_word' id='word_1_120' title='bbox 928 1680 1809 1753; x_wconf 78' lang='grc' dir='ltr'>συνεορτάσαιπαρασκευάζουσα,</span> 
     </span>
    </p>
   </div>
   <div class='ocr_carea' id='block_1_20' title="bbox 1917 498 3493 586">
    <p class='ocr_par' dir='ltr' id='par_1_20' title="bbox 1917 498 3493 586">
     <span class='ocr_line' id='line_1_20' title="bbox 1917 498 3493 586; baseline 0.002 -35"><span class='ocrx_word' id='word_1_121' title='bbox 1917 498 2162 567; x_wconf 88' lang='lat' dir='ltr'><strong>cupimus</strong></span> <span class='ocrx_word' id='word_1_122' title='bbox 2198 498 2476 555; x_wconf 87' lang='lat' dir='ltr'><strong>celebrare</strong></span> <span class='ocrx_word' id='word_1_123' title='bbox 2498 500 2871 586; x_wconf 61' lang='lat' dir='ltr'><strong>solepmitates</strong></span> <span class='ocrx_word' id='word_1_124' title='bbox 2893 540 2910 564; x_wconf 89' lang='lat'><strong>,</strong></span> <span class='ocrx_word' id='word_1_125' title='bbox 2943 512 3003 554; x_wconf 85' lang='lat' dir='ltr'><strong>ut</strong></span> <span class='ocrx_word' id='word_1_126' title='bbox 3040 498 3297 555; x_wconf 88' lang='lat' dir='ltr'><strong>continua</strong></span> <span class='ocrx_word' id='word_1_127' title='bbox 3336 503 3493 554; x_wconf 79' lang='lat' dir='ltr'><strong>nobis</strong></span> 
     </span>
    </p>
   </div>
   <div class='ocr_carea' id='block_1_21' title="bbox 1918 588 3492 661">
    <p class='ocr_par' dir='ltr' id='par_1_21' title="bbox 1918 588 3492 661">
     <span class='ocr_line' id='line_1_21' title="bbox 1918 588 3492 661; baseline 0.003 -20"><span class='ocrx_word' id='word_1_128' title='bbox 1918 589 2140 643; x_wconf 87' lang='lat' dir='ltr'><strong>accedat</strong></span> <span class='ocrx_word' id='word_1_129' title='bbox 2169 588 2609 644; x_wconf 83' lang='lat' dir='ltr'><strong>desiderabiliqu</strong></span> <span class='ocrx_word' id='word_1_130' title='bbox 2645 591 2943 661; x_wconf 80' lang='lat' dir='ltr'><strong>perceptio.</strong></span> <span class='ocrx_word' id='word_1_131' title='bbox 2976 591 3053 644; x_wconf 84' lang='lat' dir='ltr'><strong>Ac</strong></span> <span class='ocrx_word' id='word_1_132' title='bbox 3084 605 3237 658; x_wconf 90' lang='lat' dir='ltr'><strong>vero,</strong></span> <span class='ocrx_word' id='word_1_133' title='bbox 3269 592 3359 659; x_wconf 87' lang='lat' dir='ltr'><strong>qui</strong></span> <span class='ocrx_word' id='word_1_134' title='bbox 3395 594 3492 645; x_wconf 84' lang='lat' dir='ltr'><strong>hu-</strong></span> 
     </span>
    </p>
   </div>
   <div class='ocr_carea' id='block_1_22' title="bbox 1917 679 3490 751">
    <p class='ocr_par' dir='ltr' id='par_1_22' title="bbox 1917 679 3490 751">
     <span class='ocr_line' id='line_1_22' title="bbox 1917 679 3490 751; baseline 0.003 -18"><span class='ocrx_word' id='word_1_135' title='bbox 1917 679 2158 735; x_wconf 80' lang='lat' dir='ltr'><strong>diernam</strong></span> <span class='ocrx_word' id='word_1_136' title='bbox 2187 687 2331 733; x_wconf 91' lang='lat' dir='ltr'><strong>tuam</strong></span> <span class='ocrx_word' id='word_1_137' title='bbox 2351 680 2548 735; x_wconf 75' lang='lat' dir='ltr'><strong>celebri</strong></span> <span class='ocrx_word' id='word_1_138' title='bbox 2575 691 2837 736; x_wconf 84' lang='lat' dir='ltr'><strong>conventu</strong></span> <span class='ocrx_word' id='word_1_139' title='bbox 2871 682 3217 736; x_wconf 71' lang='lat' dir='ltr'><strong>festivitatem</strong></span> <span class='ocrx_word' id='word_1_140' title='bbox 3242 696 3490 751; x_wconf 78' lang='lat' dir='ltr'><strong>agamus,</strong></span> 
     </span>
    </p>
   </div>
   <div class='ocr_carea' id='block_1_23' title="bbox 1882 770 3493 844">
    <p class='ocr_par' dir='ltr' id='par_1_23' title="bbox 1882 770 3493 844">
     <span class='ocr_line' id='line_1_23' title="bbox 1882 770 3493 844; baseline 0.002 -21"><span class='ocrx_word' id='word_1_141' title='bbox 1882 770 2024 824; x_wconf 32' lang='lat' dir='ltr'><strong>‘non</strong></span> <span class='ocrx_word' id='word_1_142' title='bbox 2078 770 2156 824; x_wconf 89' lang='lat' dir='ltr'><strong>uti</strong></span> <span class='ocrx_word' id='word_1_143' title='bbox 2223 770 2517 826; x_wconf 78' lang='lat' dir='ltr'><strong>novissime</strong></span> <span class='ocrx_word' id='word_1_144' title='bbox 2576 772 2923 826; x_wconf 79' lang='lat' dir='ltr'><strong>adiut&#39;entam</strong></span> <span class='ocrx_word' id='word_1_145' title='bbox 2964 772 3073 844; x_wconf 80' lang='lat'><strong>(5);</strong></span> <span class='ocrx_word' id='word_1_146' title='bbox 3119 772 3380 841; x_wconf 86' lang='lat' dir='ltr'><strong>quinimo,</strong></span> <span class='ocrx_word' id='word_1_147' title='bbox 3415 775 3493 827; x_wconf 87' lang='lat' dir='ltr'><strong>uti</strong></span> 
     </span>
    </p>
   </div>
   <div class='ocr_carea' id='block_1_24' title="bbox 1916 862 3493 933">
    <p class='ocr_par' dir='ltr' id='par_1_24' title="bbox 1916 862 3493 933">
     <span class='ocr_line' id='line_1_24' title="bbox 1916 862 3493 933; baseline 0.001 -18"><span class='ocrx_word' id='word_1_148' title='bbox 1916 862 2056 916; x_wconf 90' lang='lat' dir='ltr'><strong>sicut</strong></span> <span class='ocrx_word' id='word_1_149' title='bbox 2078 863 2288 928; x_wconf 88' lang='lat' dir='ltr'><strong>ordine,</strong></span> <span class='ocrx_word' id='word_1_150' title='bbox 2311 863 2381 916; x_wconf 87' lang='lat' dir='ltr'><strong>ita</strong></span> <span class='ocrx_word' id='word_1_151' title='bbox 2401 873 2455 916; x_wconf 90' lang='lat' dir='ltr'><strong>et</strong></span> <span class='ocrx_word' id='word_1_152' title='bbox 2482 862 2595 932; x_wconf 86' lang='lat' dir='ltr'><strong>ipsa</strong></span> <span class='ocrx_word' id='word_1_153' title='bbox 2626 863 2852 917; x_wconf 84' lang='lat' dir='ltr'><strong>veritate</strong></span> <span class='ocrx_word' id='word_1_154' title='bbox 2877 864 3236 932; x_wconf 65' lang='lat' dir='ltr'><strong>prrcipuam;</strong></span> <span class='ocrx_word' id='word_1_155' title='bbox 3263 880 3359 933; x_wconf 90' lang='lat' dir='ltr'><strong>per</strong></span> <span class='ocrx_word' id='word_1_156' title='bbox 3374 880 3493 918; x_wconf 84' lang='lat' dir='ltr'><strong>eam</strong></span> 
     </span>
    </p>
   </div>
   <div class='ocr_carea' id='block_1_25' title="bbox 1917 950 3495 1025">
    <p class='ocr_par' dir='ltr' id='par_1_25' title="bbox 1917 950 3495 1025">
     <span class='ocr_line' id='line_1_25' title="bbox 1917 950 3495 1025; baseline 0.001 -20"><span class='ocrx_word' id='word_1_157' title='bbox 1917 953 2208 1021; x_wconf 68' lang='lat' dir='ltr'><strong>praedicata</strong></span> <span class='ocrx_word' id='word_1_158' title='bbox 2245 952 2480 1007; x_wconf 82' lang='lat' dir='ltr'><strong>fruimur</strong></span> <span class='ocrx_word' id='word_1_159' title='bbox 2535 955 2807 1023; x_wconf 84' lang='lat' dir='ltr'><strong>voluptate</strong></span> <span class='ocrx_word' id='word_1_160' title='bbox 2829 950 2854 1022; x_wconf 77' lang='grc' dir='ltr'>ς’</span> <span class='ocrx_word' id='word_1_161' title='bbox 2893 955 3136 1025; x_wconf 82' lang='lat' dir='ltr'><strong>mysticis</strong></span> <span class='ocrx_word' id='word_1_162' title='bbox 3194 956 3327 1023; x_wconf 75' lang='lat' dir='ltr'><strong>ipsis</strong></span> <span class='ocrx_word' id='word_1_163' title='bbox 3355 955 3495 1008; x_wconf 82' lang='lat' dir='ltr'><strong>deli-</strong></span> 
     </span>
    </p>
   </div>
   <div class='ocr_carea' id='block_1_26' title="bbox 1918 1045 3492 1115">
    <p class='ocr_par' dir='ltr' id='par_1_26' title="bbox 1918 1045 3492 1115">
     <span class='ocr_line' id='line_1_26' title="bbox 1918 1045 3492 1115; baseline 0.003 -19"><span class='ocrx_word' id='word_1_164' title='bbox 1918 1045 2128 1099; x_wconf 87' lang='lat' dir='ltr'><strong>ciamur</strong></span> <span class='ocrx_word' id='word_1_165' title='bbox 2160 1045 2369 1113; x_wconf 86' lang='lat' dir='ltr'><strong>epulis;</strong></span> <span class='ocrx_word' id='word_1_166' title='bbox 2411 1046 2625 1099; x_wconf 88' lang='lat' dir='ltr'><strong>abunde</strong></span> <span class='ocrx_word' id='word_1_167' title='bbox 2680 1047 2963 1114; x_wconf 79' lang='lat' dir='ltr'><strong>explemur</strong></span> <span class='ocrx_word' id='word_1_168' title='bbox 3012 1048 3391 1115; x_wconf 65' lang='lat' dir='ltr'><strong>praenuntiatus</strong></span> <span class='ocrx_word' id='word_1_169' title='bbox 3440 1049 3492 1100; x_wconf 87' lang='lat' dir='ltr'><strong>in</strong></span> 
     </span>
    </p>
   </div>
   <div class='ocr_carea' id='block_1_27' title="bbox 1916 1124 3493 1206">
    <p class='ocr_par' dir='ltr' id='par_1_27' title="bbox 1916 1124 3493 1206">
     <span class='ocr_line' id='line_1_27' title="bbox 1916 1124 3493 1206; baseline -0.001 -16"><span class='ocrx_word' id='word_1_170' title='bbox 1916 1150 1979 1190; x_wconf 87' lang='lat' dir='ltr'><strong>ea</strong></span> <span class='ocrx_word' id='word_1_171' title='bbox 2026 1136 2370 1201; x_wconf 76' lang='lat' dir='ltr'><strong>uulneribus;</strong></span> <span class='ocrx_word' id='word_1_172' title='bbox 2404 1136 2521 1206; x_wconf 76' lang='lat' dir='ltr'><strong>ejus</strong></span> <span class='ocrx_word' id='word_1_173' title='bbox 2554 1136 2759 1203; x_wconf 64' lang='lat' dir='ltr'><strong>laetitia,</strong></span> <span class='ocrx_word' id='word_1_174' title='bbox 2791 1124 3046 1190; x_wconf 81' lang='lat' dir='ltr'><strong>:elcrnam</strong></span> <span class='ocrx_word' id='word_1_175' title='bbox 3078 1136 3233 1189; x_wconf 88' lang='lat' dir='ltr'><strong>nobis</strong></span> <span class='ocrx_word' id='word_1_176' title='bbox 3275 1138 3493 1205; x_wconf 85' lang='lat' dir='ltr'><strong>reponi-</strong></span> 
     </span>
    </p>
   </div>
   <div class='ocr_carea' id='block_1_28' title="bbox 1919 1228 3495 1296">
    <p class='ocr_par' dir='ltr' id='par_1_28' title="bbox 1919 1228 3495 1296">
     <span class='ocr_line' id='line_1_28' title="bbox 1919 1228 3495 1296; baseline 0.001 -16"><span class='ocrx_word' id='word_1_177' title='bbox 1919 1242 2039 1285; x_wconf 85' lang='lat' dir='ltr'><strong>mus</strong></span> <span class='ocrx_word' id='word_1_178' title='bbox 2083 1229 2345 1295; x_wconf 76' lang='lat' dir='ltr'><strong>gratiam;</strong></span> <span class='ocrx_word' id='word_1_179' title='bbox 2395 1228 2725 1296; x_wconf 82' lang='lat' dir='ltr'><strong>epulantium</strong></span> <span class='ocrx_word' id='word_1_180' title='bbox 2768 1229 2822 1282; x_wconf 91' lang='lat' dir='ltr'><strong>in</strong></span> <span class='ocrx_word' id='word_1_181' title='bbox 2857 1229 3007 1283; x_wconf 72' lang='lat' dir='ltr'><strong>cmlis</strong></span> <span class='ocrx_word' id='word_1_182' title='bbox 3048 1228 3235 1293; x_wconf 83' lang='lat' dir='ltr'><strong>choro,</strong></span> <span class='ocrx_word' id='word_1_183' title='bbox 3279 1239 3495 1283; x_wconf 88' lang='lat' dir='ltr'><strong>nostros</strong></span> 
     </span>
    </p>
   </div>
   <div class='ocr_carea' id='block_1_29' title="bbox 1915 1316 3491 1382">
    <p class='ocr_par' dir='ltr' id='par_1_29' title="bbox 1915 1316 3491 1382">
     <span class='ocr_line' id='line_1_29' title="bbox 1915 1316 3491 1382; baseline 0.001 -14"><span class='ocrx_word' id='word_1_184' title='bbox 1915 1316 2211 1370; x_wconf 85' lang='lat' dir='ltr'><strong>miscemus</strong></span> <span class='ocrx_word' id='word_1_185' title='bbox 2242 1331 2425 1370; x_wconf 78' lang='lat' dir='ltr'><strong>sonos.</strong></span> <span class='ocrx_word' id='word_1_186' title='bbox 2452 1317 2532 1370; x_wconf 84' lang='lat' dir='ltr'><strong>’l‘u</strong></span> <span class='ocrx_word' id='word_1_187' title='bbox 2559 1333 2688 1371; x_wconf 86' lang='lat' dir='ltr'><strong>vero</strong></span> <span class='ocrx_word' id='word_1_188' title='bbox 2726 1318 2799 1370; x_wconf 86' lang='lat' dir='ltr'><strong>illi</strong></span> <span class='ocrx_word' id='word_1_189' title='bbox 2831 1334 2929 1372; x_wconf 89' lang='lat' dir='ltr'><strong>nos</strong></span> <span class='ocrx_word' id='word_1_190' title='bbox 2955 1318 3257 1382; x_wconf 89' lang='lat' dir='ltr'><strong>aceenseri,</strong></span> <span class='ocrx_word' id='word_1_191' title='bbox 3288 1334 3350 1371; x_wconf 85' lang='lat' dir='ltr'><strong>ac</strong></span> <span class='ocrx_word' id='word_1_192' title='bbox 3384 1335 3491 1371; x_wconf 87' lang='lat' dir='ltr'><strong>una</strong></span> 
     </span>
    </p>
   </div>
   <div class='ocr_carea' id='block_1_30' title="bbox 1915 1405 3495 1474">
    <p class='ocr_par' dir='ltr' id='par_1_30' title="bbox 1915 1405 3495 1474">
     <span class='ocr_line' id='line_1_30' title="bbox 1915 1405 3495 1474; baseline 0.001 -14"><span class='ocrx_word' id='word_1_193' title='bbox 1915 1405 2121 1472; x_wconf 84' lang='lat' dir='ltr'><strong>epulari</strong></span> <span class='ocrx_word' id='word_1_194' title='bbox 2150 1417 2433 1473; x_wconf 69' lang='lat' dir='ltr'><strong>praastans,</strong></span> <span class='ocrx_word' id='word_1_195' title='bbox 2466 1407 2718 1473; x_wconf 83' lang='lat' dir='ltr'><strong>precibus</strong></span> <span class='ocrx_word' id='word_1_196' title='bbox 2740 1407 2945 1469; x_wconf 89' lang='lat' dir='ltr'><strong>obtine,</strong></span> <span class='ocrx_word' id='word_1_197' title='bbox 2979 1416 3035 1459; x_wconf 89' lang='lat' dir='ltr'><strong>ut</strong></span> <span class='ocrx_word' id='word_1_198' title='bbox 3061 1406 3243 1474; x_wconf 77' lang='lat' dir='ltr'><strong>jugem</strong></span> <span class='ocrx_word' id='word_1_199' title='bbox 3276 1407 3326 1460; x_wconf 93' lang='lat' dir='ltr'><strong>iu</strong></span> <span class='ocrx_word' id='word_1_200' title='bbox 3363 1422 3495 1461; x_wconf 85' lang='lat' dir='ltr'><strong>voce</strong></span> 
     </span>
    </p>
   </div>
   <div class='ocr_carea' id='block_1_31' title="bbox 1914 1497 3497 1565">
    <p class='ocr_par' dir='ltr' id='par_1_31' title="bbox 1914 1497 3497 1565">
     <span class='ocr_line' id='line_1_31' title="bbox 1914 1497 3497 1565; baseline -0.002 -13"><span class='ocrx_word' id='word_1_201' title='bbox 1914 1498 2294 1552; x_wconf 80' lang='lat' dir='ltr'><strong>exsultationis</strong></span> <span class='ocrx_word' id='word_1_202' title='bbox 2335 1497 2648 1552; x_wconf 87' lang='lat' dir='ltr'><strong>emittamus</strong></span> <span class='ocrx_word' id='word_1_203' title='bbox 2698 1498 2951 1562; x_wconf 84' lang='lat' dir='ltr'><strong>laudem;</strong></span> <span class='ocrx_word' id='word_1_204' title='bbox 3006 1497 3059 1550; x_wconf 86' lang='lat' dir='ltr'><strong>in</strong></span> <span class='ocrx_word' id='word_1_205' title='bbox 3113 1498 3228 1565; x_wconf 90' lang='lat' dir='ltr'><strong>ipso</strong></span> <span class='ocrx_word' id='word_1_206' title='bbox 3278 1497 3497 1552; x_wconf 87' lang='lat' dir='ltr'><strong>Christo</strong></span> 
     </span>
    </p>
   </div>
   <div class='ocr_carea' id='block_1_32' title="bbox 1916 1589 3494 1658">
    <p class='ocr_par' dir='ltr' id='par_1_32' title="bbox 1916 1589 3494 1658">
     <span class='ocr_line' id='line_1_32' title="bbox 1916 1589 3494 1658; baseline -0.001 -15"><span class='ocrx_word' id='word_1_207' title='bbox 1916 1605 1975 1643; x_wconf 76' lang='lat' dir='ltr'><strong>ac</strong></span> <span class='ocrx_word' id='word_1_208' title='bbox 1990 1589 2098 1643; x_wconf 88' lang='lat' dir='ltr'><strong>Deo</strong></span> <span class='ocrx_word' id='word_1_209' title='bbox 2117 1601 2320 1653; x_wconf 79' lang='lat' dir='ltr'><strong>nostro,</strong></span> <span class='ocrx_word' id='word_1_210' title='bbox 2346 1590 2459 1644; x_wconf 84' lang='lat' dir='ltr'><strong>sola</strong></span> <span class='ocrx_word' id='word_1_211' title='bbox 2486 1590 2757 1658; x_wconf 73' lang='lat' dir='ltr'><strong>voluptate</strong></span> <span class='ocrx_word' id='word_1_212' title='bbox 2780 1606 2841 1643; x_wconf 90' lang='lat' dir='ltr'><strong>ac</strong></span> <span class='ocrx_word' id='word_1_213' title='bbox 2863 1590 3046 1644; x_wconf 71' lang='lat' dir='ltr'><strong>lmtitia</strong></span> <span class='ocrx_word' id='word_1_214' title='bbox 3065 1589 3494 1644; x_wconf 82' lang='lat' dir='ltr'><strong>desiderantium</strong></span> 
     </span>
    </p>
   </div>
   <div class='ocr_carea' id='block_1_33' title="bbox 1918 1680 3498 1749">
    <p class='ocr_par' dir='ltr' id='par_1_33' title="bbox 1918 1680 3498 1749">
     <span class='ocr_line' id='line_1_33' title="bbox 1918 1680 3498 1749; baseline 0 -15"><span class='ocrx_word' id='word_1_215' title='bbox 1918 1688 1990 1735; x_wconf 87' lang='lat' dir='ltr'><strong>te.</strong></span> <span class='ocrx_word' id='word_1_216' title='bbox 2037 1680 2214 1749; x_wconf 85' lang='lat' dir='ltr'><strong>Ipsum</strong></span> <span class='ocrx_word' id='word_1_217' title='bbox 2247 1680 2445 1749; x_wconf 79' lang='lat' dir='ltr'><strong>quippe</strong></span> <span class='ocrx_word' id='word_1_218' title='bbox 2470 1683 2623 1734; x_wconf 76' lang='lat' dir='ltr'><strong>decet</strong></span> <span class='ocrx_word' id='word_1_219' title='bbox 2654 1681 2846 1743; x_wconf 89' lang='lat' dir='ltr'><strong>honor,</strong></span> <span class='ocrx_word' id='word_1_220' title='bbox 2881 1690 3157 1749; x_wconf 74' lang='lat' dir='ltr'><strong>potestas,</strong></span> <span class='ocrx_word' id='word_1_221' title='bbox 3184 1691 3348 1748; x_wconf 89' lang='lat' dir='ltr'><strong>atque</strong></span> <span class='ocrx_word' id='word_1_222' title='bbox 3381 1681 3498 1735; x_wconf 87' lang='lat' dir='ltr'><strong>lau-</strong></span> 
     </span>
    </p>
   </div>
   <div class='ocr_carea' id='block_1_34' title="bbox 238 1765 1804 1845">
    <p class='ocr_par' dir='ltr' id='par_1_34' title="bbox 238 1770 1804 1845">
     <span class='ocr_line' id='line_1_34' title="bbox 238 1770 1804 1845; baseline 0.001 -23"><span class='ocrx_word' id='word_1_223' title='bbox 238 1775 330 1840; x_wconf 84' lang='grc' dir='ltr'><strong>τὴν</strong></span> <span class='ocrx_word' id='word_1_224' title='bbox 354 1776 409 1825; x_wconf 82' lang='grc' dir='ltr'>ὲν</span> <span class='ocrx_word' id='word_1_225' title='bbox 439 1777 590 1845; x_wconf 80' lang='grc' dir='ltr'>φωνῇ</span> <span class='ocrx_word' id='word_1_226' title='bbox 630 1774 1005 1842; x_wconf 79' lang='grc' dir='ltr'>ἀγαλλιάσεως</span> <span class='ocrx_word' id='word_1_227' title='bbox 1044 1774 1355 1842; x_wconf 78' lang='grc' dir='ltr'>δοξολογίαν</span> <span class='ocrx_word' id='word_1_228' title='bbox 1387 1770 1804 1825; x_wconf 72' lang='grc' dir='ltr'>ἀκατάπαυστον</span> 
     </span>
    </p>
   </div>
   <div class='ocr_carea' id='block_1_35' title="bbox 1913 1765 3494 1845">
    <p class='ocr_par' dir='ltr' id='par_1_35' title="bbox 1914 1769 3494 1842">
     <span class='ocr_line' id='line_1_35' title="bbox 1914 1769 3494 1842; baseline -0.001 -17"><span class='ocrx_word' id='word_1_229' title='bbox 1914 1772 2083 1836; x_wconf 82' lang='lat' dir='ltr'><strong>datio,</strong></span> <span class='ocrx_word' id='word_1_230' title='bbox 2115 1786 2234 1824; x_wconf 91' lang='lat' dir='ltr'><strong>cum</strong></span> <span class='ocrx_word' id='word_1_231' title='bbox 2260 1769 2420 1823; x_wconf 85' lang='lat' dir='ltr'><strong>Patre</strong></span> <span class='ocrx_word' id='word_1_232' title='bbox 2445 1786 2507 1825; x_wconf 86' lang='lat' dir='ltr'><strong>ac</strong></span> <span class='ocrx_word' id='word_1_233' title='bbox 2529 1771 2733 1839; x_wconf 78' lang='lat' dir='ltr'><strong>Spiritu</strong></span> <span class='ocrx_word' id='word_1_234' title='bbox 2759 1781 2971 1836; x_wconf 89' lang='lat' dir='ltr'><strong>sancto,</strong></span> <span class='ocrx_word' id='word_1_235' title='bbox 3000 1787 3143 1827; x_wconf 89' lang='lat' dir='ltr'><strong>nunc</strong></span> <span class='ocrx_word' id='word_1_236' title='bbox 3170 1782 3225 1827; x_wconf 91' lang='lat' dir='ltr'><strong>et</strong></span> <span class='ocrx_word' id='word_1_237' title='bbox 3253 1787 3494 1842; x_wconf 84' lang='lat' dir='ltr'><strong>semper,</strong></span> 
     </span>
    </p>
   </div>
   <div class='ocr_carea' id='block_1_36' title="bbox 239 1862 1804 1935">
    <p class='ocr_par' dir='ltr' id='par_1_36' title="bbox 239 1862 1804 1935">
     <span class='ocr_line' id='line_1_36' title="bbox 239 1862 1804 1935; baseline 0.006 -22"><span class='ocrx_word' id='word_1_238' title='bbox 239 1864 493 1917; x_wconf 83' lang='grc' dir='ltr'>ποιεῖσθαι</span> <span class='ocrx_word' id='word_1_239' title='bbox 527 1864 871 1918; x_wconf 76' lang='grc' dir='ltr'>καθικέτευε·</span> <span class='ocrx_word' id='word_1_240' title='bbox 904 1866 962 1917; x_wconf 83' lang='grc' dir='ltr'><strong>ὲν</strong></span> <span class='ocrx_word' id='word_1_241' title='bbox 990 1865 1139 1935; x_wconf 79' lang='grc' dir='ltr'>αὐτῷ</span> <span class='ocrx_word' id='word_1_242' title='bbox 1178 1864 1408 1935; x_wconf 80' lang='grc' dir='ltr'>Χριστῷ.</span> <span class='ocrx_word' id='word_1_243' title='bbox 1438 1864 1517 1934; x_wconf 81' lang='grc' dir='ltr'><strong>τῷ</strong></span> <span class='ocrx_word' id='word_1_244' title='bbox 1554 1862 1667 1933; x_wconf 79' lang='grc' dir='ltr'><strong>Υἱῷ</strong></span> <span class='ocrx_word' id='word_1_245' title='bbox 1711 1878 1804 1914; x_wconf 70' lang='grc' dir='ltr'>σοι)</span> 
     </span>
    </p>
   </div>
   <div class='ocr_carea' id='block_1_37' title="bbox 1902 1859 2887 1915">
    <p class='ocr_par' dir='ltr' id='par_1_37' title="bbox 1902 1859 2887 1915">
     <span class='ocr_line' id='line_1_37' title="bbox 1902 1859 2887 1915; baseline 0.001 -1"><span class='ocrx_word' id='word_1_246' title='bbox 1902 1872 1970 1914; x_wconf 87' lang='lat' dir='ltr'><strong>ct</strong></span> <span class='ocrx_word' id='word_1_247' title='bbox 1999 1860 2050 1913; x_wconf 89' lang='lat' dir='ltr'><strong>in</strong></span> <span class='ocrx_word' id='word_1_248' title='bbox 2082 1860 2276 1914; x_wconf 55' lang='lat' dir='ltr'><strong>saecula</strong></span> <span class='ocrx_word' id='word_1_249' title='bbox 2310 1859 2659 1914; x_wconf 74' lang='lat' dir='ltr'><strong>sreculorum.</strong></span> <span class='ocrx_word' id='word_1_250' title='bbox 2691 1860 2887 1915; x_wconf 85' lang='lat' dir='ltr'><strong>Amen.</strong></span> 
     </span>
    </p>
   </div>
   <div class='ocr_carea' id='block_1_38' title="bbox 237 1948 3495 2027">
    <p class='ocr_par' dir='ltr' id='par_1_38' title="bbox 237 1948 3495 2027">
     <span class='ocr_line' id='line_1_38' title="bbox 237 1948 3495 2027; baseline 0 -21"><span class='ocrx_word' id='word_1_251' title='bbox 237 1956 324 2006; x_wconf 80' lang='grc' dir='ltr'><strong>καὶ</strong></span> <span class='ocrx_word' id='word_1_252' title='bbox 350 1956 465 2026; x_wconf 86' lang='grc' dir='ltr'><strong>Θεῷ</strong></span> <span class='ocrx_word' id='word_1_253' title='bbox 491 1956 669 2026; x_wconf 74' lang='grc' dir='ltr'>ἡμῶν.</span> <span class='ocrx_word' id='word_1_254' title='bbox 704 1958 770 2026; x_wconf 85' lang='grc' dir='ltr'>τῇ</span> <span class='ocrx_word' id='word_1_255' title='bbox 814 1956 951 2027; x_wconf 81' lang='grc' dir='ltr'>μόνῃ</span> <span class='ocrx_word' id='word_1_256' title='bbox 976 1956 1085 2010; x_wconf 83' lang='grc' dir='ltr'><strong>τῶν</strong></span> <span class='ocrx_word' id='word_1_257' title='bbox 1114 1955 1424 2009; x_wconf 73' lang='grc' dir='ltr'>ποθούντων</span> <span class='ocrx_word' id='word_1_258' title='bbox 1462 1972 1519 2008; x_wconf 89' lang='grc' dir='ltr'><strong>σε</strong></span> <span class='ocrx_word' id='word_1_259' title='bbox 1549 1953 1787 2024; x_wconf 71' lang='grc' dir='ltr'>θυμηδίᾳ</span> <span class='ocrx_word' id='word_1_260' title='bbox 1820 1952 1917 2005; x_wconf 72' lang='grc' dir='ltr'>καὶ</span> <span class='ocrx_word' id='word_1_261' title='bbox 1960 1948 2306 2021; x_wconf 78' lang='grc' dir='ltr'>εὐφροσύνῃ·</span> <span class='ocrx_word' id='word_1_262' title='bbox 2344 1951 2426 2003; x_wconf 84' lang='grc' dir='ltr'>ὃτι</span> <span class='ocrx_word' id='word_1_263' title='bbox 2464 1950 2613 2021; x_wconf 80' lang='grc' dir='ltr'>αύτῷ</span> <span class='ocrx_word' id='word_1_264' title='bbox 2676 1952 2876 2022; x_wconf 75' lang='grc' dir='ltr'>πρέπει</span> <span class='ocrx_word' id='word_1_265' title='bbox 2921 1952 3076 2025; x_wconf 83' lang='grc' dir='ltr'>τιμὴ,</span> <span class='ocrx_word' id='word_1_266' title='bbox 3144 1952 3347 2023; x_wconf 85' lang='grc' dir='ltr'>κράτος</span> <span class='ocrx_word' id='word_1_267' title='bbox 3396 1952 3495 2009; x_wconf 75' lang='grc' dir='ltr'>καὶ</span> 
     </span>
    </p>
   </div>
   <div class='ocr_carea' id='block_1_39' title="bbox 234 2039 3493 2119">
    <p class='ocr_par' dir='ltr' id='par_1_39' title="bbox 234 2039 3493 2119">
     <span class='ocr_line' id='line_1_39' title="bbox 234 2039 3493 2119; baseline 0.001 -23"><span class='ocrx_word' id='word_1_268' title='bbox 234 2044 518 2113; x_wconf 79' lang='grc' dir='ltr'>δοξολογία,</span> <span class='ocrx_word' id='word_1_269' title='bbox 562 2049 658 2100; x_wconf 74' lang='grc' dir='ltr'><strong>σὺν</strong></span> <span class='ocrx_word' id='word_1_270' title='bbox 695 2048 774 2118; x_wconf 85' lang='grc' dir='ltr'><strong>τῷ</strong></span> <span class='ocrx_word' id='word_1_271' title='bbox 825 2039 1133 2119; x_wconf 33' lang='lat' dir='ltr'><strong>[latrat-xui.</strong></span> <span class='ocrx_word' id='word_1_272' title='bbox 1175 2046 1252 2117; x_wconf 80' lang='grc' dir='ltr'>τῷ</span> <span class='ocrx_word' id='word_1_273' title='bbox 1303 2046 1443 2116; x_wconf 82' lang='grc' dir='ltr'>ἁγίῳ</span> <span class='ocrx_word' id='word_1_274' title='bbox 1484 2047 1794 2117; x_wconf 84' lang='grc' dir='ltr'>Πνεύματι,</span> <span class='ocrx_word' id='word_1_275' title='bbox 1837 2042 1933 2096; x_wconf 80' lang='grc' dir='ltr'>νῦν</span> <span class='ocrx_word' id='word_1_276' title='bbox 2009 2043 2102 2095; x_wconf 68' lang='grc' dir='ltr'>διαὶ</span> <span class='ocrx_word' id='word_1_277' title='bbox 2154 2041 2280 2107; x_wconf 75' lang='grc' dir='ltr'>ἀεὶ,</span> <span class='ocrx_word' id='word_1_278' title='bbox 2324 2042 2422 2096; x_wconf 73' lang='grc' dir='ltr'>καὶ</span> <span class='ocrx_word' id='word_1_279' title='bbox 2508 2043 2586 2106; x_wconf 79' lang='grc' dir='ltr'>εἰς</span> <span class='ocrx_word' id='word_1_280' title='bbox 2642 2045 2773 2104; x_wconf 81' lang='grc' dir='ltr'>τοὺς</span> <span class='ocrx_word' id='word_1_281' title='bbox 2826 2043 3030 2109; x_wconf 82' lang='grc' dir='ltr'>αἰῶνας</span> <span class='ocrx_word' id='word_1_282' title='bbox 3078 2043 3189 2097; x_wconf 87' lang='grc' dir='ltr'><strong>τῶν</strong></span> <span class='ocrx_word' id='word_1_283' title='bbox 3253 2042 3493 2099; x_wconf 72' lang='grc' dir='ltr'>αἰώνων.</span> 
     </span>
    </p>
   </div>
   <div class='ocr_carea' id='block_1_40' title="bbox 244 2139 431 2210">
    <p class='ocr_par' dir='ltr' id='par_1_40' title="bbox 244 2139 431 2210">
     <span class='ocr_line' id='line_1_40' title="bbox 244 2139 431 2210; baseline 0 0"><span class='ocrx_word' id='word_1_284' title='bbox 244 2139 431 2210; x_wconf 71' lang='grc' dir='ltr'>Ἀμήν.</span> 
     </span>
    </p>
   </div>
   <div class='ocr_carea' id='block_1_41' title="bbox 823 2252 1172 2308">
    <p class='ocr_par' dir='ltr' id='par_1_41' title="bbox 823 2252 1172 2308">
     <span class='ocr_line' id='line_1_41' title="bbox 823 2252 1172 2308; baseline 0.006 -3"><span class='ocrx_word' id='word_1_285' title='bbox 823 2252 1062 2306; x_wconf 75' lang='grc' dir='ltr'><strong>’ΛΟΓΟΣ</strong></span> <span class='ocrx_word' id='word_1_286' title='bbox 1099 2254 1172 2308; x_wconf 84' lang='grc' dir='ltr'><strong>Β’.</strong></span> 
     </span>
    </p>
   </div>
   <div class='ocr_carea' id='block_1_42' title="bbox 240 2339 1800 2432">
    <p class='ocr_par' dir='ltr' id='par_1_42' title="bbox 240 2339 1800 2432">
     <span class='ocr_line' id='line_1_42' title="bbox 240 2339 1800 2432; baseline 0.011 -22"><span class='ocrx_word' id='word_1_287' title='bbox 240 2358 554 2432; x_wconf 25' lang='grc' dir='ltr'>Ἐγχώμῃιον</span> <span class='ocrx_word' id='word_1_288' title='bbox 585 2339 673 2426; x_wconf 77' lang='grc' dir='ltr'><strong>είς</strong></span> <span class='ocrx_word' id='word_1_289' title='bbox 704 2361 818 2430; x_wconf 77' lang='grc' dir='ltr'><strong>τὴν</strong></span> <span class='ocrx_word' id='word_1_290' title='bbox 843 2364 1170 2432; x_wconf 14' lang='grc' dir='ltr'><strong>κΣύλληψ-ιν</strong></span> <span class='ocrx_word' id='word_1_291' title='bbox 1200 2362 1312 2432; x_wconf 83' lang='grc' dir='ltr'>τῆς</span> <span class='ocrx_word' id='word_1_292' title='bbox 1339 2362 1512 2431; x_wconf 76' lang='grc' dir='ltr'>ἁγίας</span> <span class='ocrx_word' id='word_1_293' title='bbox 1562 2364 1800 2430; x_wconf 64' lang='grc' dir='ltr'><strong>Ἀννηςν</strong></span> 
     </span>
    </p>
   </div>
   <div class='ocr_carea' id='block_1_43' title="bbox 394 2430 1624 2509">
    <p class='ocr_par' dir='ltr' id='par_1_43' title="bbox 394 2430 1624 2509">
     <span class='ocr_line' id='line_1_43' title="bbox 394 2430 1624 2509; baseline 0.003 -27"><span class='ocrx_word' id='word_1_294' title='bbox 394 2430 508 2509; x_wconf 75' lang='grc' dir='ltr'><strong>τῆς</strong></span> <span class='ocrx_word' id='word_1_295' title='bbox 535 2432 765 2500; x_wconf 80' lang='grc' dir='ltr'>μητρὸς</span> <span class='ocrx_word' id='word_1_296' title='bbox 793 2431 894 2498; x_wconf 79' lang='grc' dir='ltr'>τῆς</span> <span class='ocrx_word' id='word_1_297' title='bbox 939 2430 1269 2503; x_wconf 65' lang='grc' dir='ltr'>ὑπεραγίιιςέ</span> <span class='ocrx_word' id='word_1_298' title='bbox 1309 2430 1624 2486; x_wconf 70' lang='grc' dir='ltr'>Θεοτόκου.</span> 
     </span>
    </p>
   </div>
   <div class='ocr_carea' id='block_1_44' title="bbox 296 2555 1805 2631">
    <p class='ocr_par' dir='ltr' id='par_1_44' title="bbox 296 2555 1805 2631">
     <span class='ocr_line' id='line_1_44' title="bbox 296 2555 1805 2631; baseline 0.003 -21"><span class='ocrx_word' id='word_1_299' title='bbox 296 2555 457 2610; x_wconf 81' lang='grc' dir='ltr'>Οὐδὲν</span> <span class='ocrx_word' id='word_1_300' title='bbox 498 2557 823 2628; x_wconf 77' lang='grc' dir='ltr'>ήδύτερονῆ</span> <span class='ocrx_word' id='word_1_301' title='bbox 869 2559 1224 2629; x_wconf 81' lang='grc' dir='ltr'>χαριέστερον</span> <span class='ocrx_word' id='word_1_302' title='bbox 1274 2560 1372 2630; x_wconf 77' lang='grc' dir='ltr'>τῆς</span> <span class='ocrx_word' id='word_1_303' title='bbox 1414 2560 1694 2631; x_wconf 82' lang='grc' dir='ltr'>παρούσης</span> <span class='ocrx_word' id='word_1_304' title='bbox 1740 2560 1805 2615; x_wconf 83' lang='grc' dir='ltr'><strong>ἂν</strong></span> 
     </span>
    </p>
   </div>
   <div class='ocr_carea' id='block_1_45' title="bbox 227 2646 1806 2731">
    <p class='ocr_par' dir='ltr' id='par_1_45' title="bbox 227 2646 1806 2731">
     <span class='ocr_line' id='line_1_45' title="bbox 227 2646 1806 2731; baseline 0.004 -34"><span class='ocrx_word' id='word_1_305' title='bbox 227 2646 434 2718; x_wconf 81' lang='grc' dir='ltr'>κριθείη</span> <span class='ocrx_word' id='word_1_306' title='bbox 463 2651 576 2706; x_wconf 84' lang='grc' dir='ltr'>τοῖς</span> <span class='ocrx_word' id='word_1_307' title='bbox 609 2648 877 2717; x_wconf 74' lang='grc' dir='ltr'>φιλοθέοις</span> <span class='ocrx_word' id='word_1_308' title='bbox 903 2651 1253 2720; x_wconf 85' lang='grc' dir='ltr'>όμηγύρεως,</span> <span class='ocrx_word' id='word_1_309' title='bbox 1276 2651 1385 2702; x_wconf 86' lang='grc' dir='ltr'><strong>τῶν</strong></span> <span class='ocrx_word' id='word_1_310' title='bbox 1406 2651 1600 2731; x_wconf 34' lang='grc' dir='ltr'>ὅσα-δι’</span> <span class='ocrx_word' id='word_1_311' title='bbox 1622 2652 1806 2722; x_wconf 71' lang='grc' dir='ltr'>αἰσθή-</span> 
     </span>
    </p>
   </div>
   <div class='ocr_carea' id='block_1_46' title="bbox 224 2737 1805 2812">
    <p class='ocr_par' dir='ltr' id='par_1_46' title="bbox 224 2737 1805 2812">
     <span class='ocr_line' id='line_1_46' title="bbox 224 2737 1805 2812; baseline 0.004 -24"><span class='ocrx_word' id='word_1_312' title='bbox 224 2751 358 2789; x_wconf 86' lang='grc' dir='ltr'>σεων</span> <span class='ocrx_word' id='word_1_313' title='bbox 378 2737 477 2808; x_wconf 82' lang='grc' dir='ltr'>τὴν</span> <span class='ocrx_word' id='word_1_314' title='bbox 504 2737 771 2791; x_wconf 79' lang='grc' dir='ltr'>δοκοῦσαν</span> <span class='ocrx_word' id='word_1_315' title='bbox 798 2738 987 2791; x_wconf 75' lang='grc' dir='ltr'>εἴωθεν</span> <span class='ocrx_word' id='word_1_316' title='bbox 1018 2742 1265 2807; x_wconf 75' lang='grc' dir='ltr'>ἐμποιεῖν</span> <span class='ocrx_word' id='word_1_317' title='bbox 1284 2740 1493 2811; x_wconf 71' lang='grc' dir='ltr'>τέρψιν·</span> <span class='ocrx_word' id='word_1_318' title='bbox 1520 2742 1642 2793; x_wconf 73' lang='grc' dir='ltr'>ἐπεὶ</span> <span class='ocrx_word' id='word_1_319' title='bbox 1671 2741 1805 2812; x_wconf 85' lang='grc' dir='ltr'>μηδὲ</span> 
     </span>
    </p>
   </div>
   <div class='ocr_carea' id='block_1_47' title="bbox 222 2826 1805 2903">
    <p class='ocr_par' dir='ltr' id='par_1_47' title="bbox 222 2826 1805 2903">
     <span class='ocr_line' id='line_1_47' title="bbox 222 2826 1805 2903; baseline 0.004 -24"><span class='ocrx_word' id='word_1_320' title='bbox 222 2826 307 2880; x_wconf 74' lang='grc' dir='ltr'>διὰ</span> <span class='ocrx_word' id='word_1_321' title='bbox 332 2828 398 2881; x_wconf 90' lang='grc' dir='ltr'><strong>τά</strong></span> <span class='ocrx_word' id='word_1_322' title='bbox 420 2829 687 2882; x_wconf 81' lang='grc' dir='ltr'>δοκοῦντα</span> <span class='ocrx_word' id='word_1_323' title='bbox 710 2829 869 2891; x_wconf 84' lang='grc' dir='ltr'>καλὰ,</span> <span class='ocrx_word' id='word_1_324' title='bbox 895 2830 982 2882; x_wconf 75' lang='grc' dir='ltr'>διὰ</span> <span class='ocrx_word' id='word_1_325' title='bbox 1007 2832 1063 2883; x_wconf 75' lang='grc' dir='ltr'><strong>δὲ</strong></span> <span class='ocrx_word' id='word_1_326' title='bbox 1085 2831 1152 2884; x_wconf 76' lang='grc' dir='ltr'><strong>τὰ</strong></span> <span class='ocrx_word' id='word_1_327' title='bbox 1178 2830 1304 2884; x_wconf 77' lang='grc' dir='ltr'>ὄντα</span> <span class='ocrx_word' id='word_1_328' title='bbox 1331 2834 1427 2885; x_wconf 69' lang='grc' dir='ltr'><strong>καὶ</strong></span> <span class='ocrx_word' id='word_1_329' title='bbox 1458 2833 1711 2903; x_wconf 84' lang='grc' dir='ltr'>μένοντα,</span> <span class='ocrx_word' id='word_1_330' title='bbox 1742 2833 1805 2885; x_wconf 81' lang='grc' dir='ltr'>τὸ</span> 
     </span>
    </p>
   </div>
   <div class='ocr_carea' id='block_1_48' title="bbox 223 2920 1805 2996">
    <p class='ocr_par' dir='ltr' id='par_1_48' title="bbox 223 2920 1805 2996">
     <span class='ocr_line' id='line_1_48' title="bbox 223 2920 1805 2996; baseline 0.006 -25"><span class='ocrx_word' id='word_1_331' title='bbox 223 2920 325 2972; x_wconf 79' lang='grc' dir='ltr'><strong>πᾶν</strong></span> <span class='ocrx_word' id='word_1_332' title='bbox 352 2920 540 2983; x_wconf 81' lang='grc' dir='ltr'>αὐτοῖς</span> <span class='ocrx_word' id='word_1_333' title='bbox 571 2921 673 2990; x_wconf 84' lang='grc' dir='ltr'>τῆς</span> <span class='ocrx_word' id='word_1_334' title='bbox 709 2922 945 2991; x_wconf 77' lang='grc' dir='ltr'>σπουδῆς</span> <span class='ocrx_word' id='word_1_335' title='bbox 981 2923 1402 2978; x_wconf 72' lang='grc' dir='ltr'>καταϐάλλεται.</span> <span class='ocrx_word' id='word_1_336' title='bbox 1445 2925 1666 2996; x_wconf 85' lang='grc' dir='ltr'>Μόνιμα</span> <span class='ocrx_word' id='word_1_337' title='bbox 1695 2925 1805 2995; x_wconf 81' lang='grc' dir='ltr'>γὰρ</span> 
     </span>
    </p>
   </div>
   <div class='ocr_carea' id='block_1_49' title="bbox 2516 2245 2887 2303">
    <p class='ocr_par' dir='ltr' id='par_1_49' title="bbox 2516 2245 2887 2303">
     <span class='ocr_line' id='line_1_49' title="bbox 2516 2245 2887 2303; baseline 0.005 -2"><span class='ocrx_word' id='word_1_338' title='bbox 2516 2245 2775 2303; x_wconf 79' lang='lat' dir='ltr'><strong>ORATIO</strong></span> <span class='ocrx_word' id='word_1_339' title='bbox 2823 2246 2887 2303; x_wconf 87' lang='grc'><strong>11.</strong></span> 
     </span>
    </p>
   </div>
   <div class='ocr_carea' id='block_1_50' title="bbox 1910 2353 3493 2427">
    <p class='ocr_par' dir='ltr' id='par_1_50' title="bbox 1910 2353 3493 2427">
     <span class='ocr_line' id='line_1_50' title="bbox 1910 2353 3493 2427; baseline 0.003 -20"><span class='ocrx_word' id='word_1_340' title='bbox 1910 2353 2173 2409; x_wconf 81' lang='lat' dir='ltr'><strong>Laudatio</strong></span> <span class='ocrx_word' id='word_1_341' title='bbox 2226 2355 2281 2408; x_wconf 81' lang='lat' dir='ltr'><strong>in</strong></span> <span class='ocrx_word' id='word_1_342' title='bbox 2326 2353 2731 2427; x_wconf 72' lang='lat' dir='ltr'><strong>Conceptiaueiu</strong></span> <span class='ocrx_word' id='word_1_343' title='bbox 2776 2367 2973 2410; x_wconf 72' lang='lat' dir='ltr'><strong>sancta:</strong></span> <span class='ocrx_word' id='word_1_344' title='bbox 3022 2356 3208 2423; x_wconf 73' lang='lat' dir='ltr'><strong>Anum,</strong></span> <span class='ocrx_word' id='word_1_345' title='bbox 3257 2359 3493 2427; x_wconf 76' lang='lat' dir='ltr'><strong>parentis</strong></span> 
     </span>
    </p>
   </div>
   <div class='ocr_carea' id='block_1_51' title="bbox 1908 2425 3082 2498">
    <p class='ocr_par' dir='ltr' id='par_1_51' title="bbox 1908 2425 3082 2498">
     <span class='ocr_line' id='line_1_51' title="bbox 1908 2425 3082 2498; baseline 0.005 -23"><span class='ocrx_word' id='word_1_346' title='bbox 1908 2454 1911 2455; x_wconf 53' lang='grc' dir='ltr'><strong>ν</strong></span> <span class='ocrx_word' id='word_1_347' title='bbox 2322 2426 2668 2480; x_wconf 70' lang='grc' dir='ltr'>εαηειιεθίηιω</span> <span class='ocrx_word' id='word_1_348' title='bbox 2702 2425 2948 2495; x_wconf 74' lang='lat' dir='ltr'><strong>Deiparw</strong></span> <span class='ocrx_word' id='word_1_349' title='bbox 2983 2428 3082 2498; x_wconf 82' lang='lat'><strong>(6).</strong></span> 
     </span>
    </p>
   </div>
   <div class='ocr_carea' id='block_1_52' title="bbox 1988 2549 3492 2622">
    <p class='ocr_par' dir='ltr' id='par_1_52' title="bbox 1988 2549 3492 2622">
     <span class='ocr_line' id='line_1_52' title="bbox 1988 2549 3492 2622; baseline 0.003 -18"><span class='ocrx_word' id='word_1_350' title='bbox 1988 2549 2142 2605; x_wconf 77' lang='lat' dir='ltr'><strong>Nulla</strong></span> <span class='ocrx_word' id='word_1_351' title='bbox 2189 2565 2295 2613; x_wconf 89' lang='lat' dir='ltr'><strong>res,</strong></span> <span class='ocrx_word' id='word_1_352' title='bbox 2331 2551 2374 2605; x_wconf 89' lang='lat' dir='ltr'><strong>si</strong></span> <span class='ocrx_word' id='word_1_353' title='bbox 2409 2565 2512 2619; x_wconf 87' lang='lat' dir='ltr'><strong>qua</strong></span> <span class='ocrx_word' id='word_1_354' title='bbox 2541 2566 2797 2606; x_wconf 89' lang='lat' dir='ltr'><strong>sensuum</strong></span> <span class='ocrx_word' id='word_1_355' title='bbox 2830 2567 3017 2620; x_wconf 83' lang='lat' dir='ltr'><strong>opera,</strong></span> <span class='ocrx_word' id='word_1_356' title='bbox 3055 2554 3311 2622; x_wconf 90' lang='lat' dir='ltr'><strong>opinione</strong></span> <span class='ocrx_word' id='word_1_357' title='bbox 3357 2570 3492 2609; x_wconf 84' lang='lat' dir='ltr'><strong>con-</strong></span> 
     </span>
    </p>
   </div>
   <div class='ocr_carea' id='block_1_53' title="bbox 1911 2636 3491 2713">
    <p class='ocr_par' dir='ltr' id='par_1_53' title="bbox 1911 2636 3491 2713">
     <span class='ocr_line' id='line_1_53' title="bbox 1911 2636 3491 2713; baseline 0.004 -21"><span class='ocrx_word' id='word_1_358' title='bbox 1911 2648 2145 2695; x_wconf 83' lang='lat' dir='ltr'><strong>stantem</strong></span> <span class='ocrx_word' id='word_1_359' title='bbox 2185 2640 2595 2694; x_wconf 79' lang='lat' dir='ltr'><strong>delectationem</strong></span> <span class='ocrx_word' id='word_1_360' title='bbox 2623 2656 2884 2710; x_wconf 78' lang='lat' dir='ltr'><strong>generare</strong></span> <span class='ocrx_word' id='word_1_361' title='bbox 2916 2644 3077 2707; x_wconf 80' lang='lat' dir='ltr'><strong>solet,</strong></span> <span class='ocrx_word' id='word_1_362' title='bbox 3123 2636 3338 2701; x_wconf 75' lang='lat' dir='ltr'><strong>dulcior</strong></span> <span class='ocrx_word' id='word_1_363' title='bbox 3363 2662 3491 2713; x_wconf 81' lang='lat' dir='ltr'><strong>gra-</strong></span> 
     </span>
    </p>
   </div>
   <div class='ocr_carea' id='block_1_54' title="bbox 1916 2731 3489 2811">
    <p class='ocr_par' dir='ltr' id='par_1_54' title="bbox 1916 2731 3489 2811">
     <span class='ocr_line' id='line_1_54' title="bbox 1916 2731 3489 2811; baseline 0.005 -27"><span class='ocrx_word' id='word_1_364' title='bbox 1916 2732 2128 2800; x_wconf 88' lang='lat' dir='ltr'><strong>tiorque</strong></span> <span class='ocrx_word' id='word_1_365' title='bbox 2168 2731 2423 2800; x_wconf 80' lang='lat' dir='ltr'><strong>religioso</strong></span> <span class='ocrx_word' id='word_1_366' title='bbox 2455 2744 2675 2799; x_wconf 77' lang='lat' dir='ltr'><strong>pectore</strong></span> <span class='ocrx_word' id='word_1_367' title='bbox 2720 2733 3029 2789; x_wconf 88' lang='lat' dir='ltr'><strong>hominibus</strong></span> <span class='ocrx_word' id='word_1_368' title='bbox 3074 2737 3339 2811; x_wconf 83' lang='lat' dir='ltr'><strong>videatur,</strong></span> <span class='ocrx_word' id='word_1_369' title='bbox 3381 2737 3489 2792; x_wconf 80' lang='lat' dir='ltr'><strong>diei</strong></span> 
     </span>
    </p>
   </div>
   <div class='ocr_carea' id='block_1_55' title="bbox 1914 2821 3492 2898">
    <p class='ocr_par' dir='ltr' id='par_1_55' title="bbox 1914 2821 3492 2898">
     <span class='ocr_line' id='line_1_55' title="bbox 1914 2821 3492 2898; baseline 0.004 -22"><span class='ocrx_word' id='word_1_370' title='bbox 1914 2822 2071 2891; x_wconf 89' lang='lat' dir='ltr'><strong>hujus</strong></span> <span class='ocrx_word' id='word_1_371' title='bbox 2098 2821 2432 2877; x_wconf 84' lang='lat' dir='ltr'><strong>celebritate.</strong></span> <span class='ocrx_word' id='word_1_372' title='bbox 2470 2822 2655 2893; x_wconf 81' lang='lat' dir='ltr'><strong>Neque</strong></span> <span class='ocrx_word' id='word_1_373' title='bbox 2690 2824 2833 2878; x_wconf 90' lang='lat' dir='ltr'><strong>enim</strong></span> <span class='ocrx_word' id='word_1_374' title='bbox 2861 2825 2960 2890; x_wconf 91' lang='lat' dir='ltr'><strong>illi,</strong></span> <span class='ocrx_word' id='word_1_375' title='bbox 2991 2828 3062 2880; x_wconf 89' lang='lat' dir='ltr'><strong>ob</strong></span> <span class='ocrx_word' id='word_1_376' title='bbox 3086 2841 3150 2881; x_wconf 87' lang='lat' dir='ltr'><strong>ea</strong></span> <span class='ocrx_word' id='word_1_377' title='bbox 3175 2826 3334 2893; x_wconf 88' lang='lat' dir='ltr'><strong>bona,</strong></span> <span class='ocrx_word' id='word_1_378' title='bbox 3371 2845 3492 2898; x_wconf 78' lang='lat' dir='ltr'><strong>qua:</strong></span> 
     </span>
    </p>
   </div>
   <div class='ocr_carea' id='block_1_56' title="bbox 1914 2915 3486 2987">
    <p class='ocr_par' dir='ltr' id='par_1_56' title="bbox 1914 2915 3486 2987">
     <span class='ocr_line' id='line_1_56' title="bbox 1914 2915 3486 2987; baseline 0.003 -18"><span class='ocrx_word' id='word_1_379' title='bbox 1914 2922 2167 2969; x_wconf 72' lang='lat' dir='ltr'><strong>constant.</strong></span> <span class='ocrx_word' id='word_1_380' title='bbox 2191 2915 2475 2982; x_wconf 84' lang='lat' dir='ltr'><strong>opinione,</strong></span> <span class='ocrx_word' id='word_1_381' title='bbox 2521 2917 2615 2969; x_wconf 91' lang='lat' dir='ltr'><strong>scd</strong></span> <span class='ocrx_word' id='word_1_382' title='bbox 2654 2926 2871 2987; x_wconf 84' lang='lat' dir='ltr'><strong>propter</strong></span> <span class='ocrx_word' id='word_1_383' title='bbox 2918 2932 3043 2972; x_wconf 86' lang='lat' dir='ltr'><strong>vera</strong></span> <span class='ocrx_word' id='word_1_384' title='bbox 3075 2936 3139 2974; x_wconf 90' lang='lat' dir='ltr'><strong>ac</strong></span> <span class='ocrx_word' id='word_1_385' title='bbox 3164 2923 3486 2984; x_wconf 73' lang='lat' dir='ltr'><strong>manentia,</strong></span> 
     </span>
    </p>
   </div>
   <div class='ocr_carea' id='block_1_57' title="bbox 218 3008 1804 3101">
    <p class='ocr_par' dir='ltr' id='par_1_57' title="bbox 218 3010 1784 3089">
     <span class='ocr_line' id='line_1_57' title="bbox 218 3010 1784 3089; baseline 0.006 -27"><span class='ocrx_word' id='word_1_386' title='bbox 218 3010 285 3064; x_wconf 85' lang='grc' dir='ltr'><strong>τά</strong></span> <span class='ocrx_word' id='word_1_387' title='bbox 308 3012 407 3084; x_wconf 84' lang='grc' dir='ltr'>τῆς</span> <span class='ocrx_word' id='word_1_388' title='bbox 433 3013 717 3084; x_wconf 85' lang='grc' dir='ltr'>παρούσης</span> <span class='ocrx_word' id='word_1_389' title='bbox 748 3015 1123 3084; x_wconf 87' lang='grc' dir='ltr'>τερπνότητος·</span> <span class='ocrx_word' id='word_1_390' title='bbox 1142 3016 1297 3086; x_wconf 78' lang='grc' dir='ltr'>ἡδέα,</span> <span class='ocrx_word' id='word_1_391' title='bbox 1327 3017 1422 3069; x_wconf 70' lang='grc' dir='ltr'>καὶ</span> <span class='ocrx_word' id='word_1_392' title='bbox 1448 3017 1584 3087; x_wconf 80' lang='grc' dir='ltr'>πρὸς</span> <span class='ocrx_word' id='word_1_393' title='bbox 1622 3018 1683 3070; x_wconf 81' lang='grc' dir='ltr'><strong>τὸ</strong></span> <span class='ocrx_word' id='word_1_394' title='bbox 1713 3017 1784 3089; x_wconf 89' lang='grc' dir='ltr'><strong>μό</strong></span> 
     </span>
    </p>
   </div>
   <div class='ocr_carea' id='block_1_58' title="bbox 1913 3008 3491 3101">
    <p class='ocr_par' dir='ltr' id='par_1_58' title="bbox 1913 3008 3491 3081">
     <span class='ocr_line' id='line_1_58' title="bbox 1913 3008 3491 3081; baseline 0.005 -20"><span class='ocrx_word' id='word_1_395' title='bbox 1913 3021 2071 3062; x_wconf 87' lang='lat' dir='ltr'><strong>suum</strong></span> <span class='ocrx_word' id='word_1_396' title='bbox 2108 3021 2269 3062; x_wconf 88' lang='lat' dir='ltr'><strong>omne</strong></span> <span class='ocrx_word' id='word_1_397' title='bbox 2307 3009 2546 3063; x_wconf 78' lang='lat' dir='ltr'><strong>Studium</strong></span> <span class='ocrx_word' id='word_1_398' title='bbox 2587 3008 2927 3075; x_wconf 87' lang='lat' dir='ltr'><strong>impendunt.</strong></span> <span class='ocrx_word' id='word_1_399' title='bbox 2967 3009 3175 3081; x_wconf 84' lang='lat' dir='ltr'><strong>Quippe</strong></span> <span class='ocrx_word' id='word_1_400' title='bbox 3204 3016 3491 3081; x_wconf 71' lang='lat' dir='ltr'><strong>praesentis</strong></span> 
     </span>
    </p>
   </div>
   <div class='ocr_carea' id='block_1_59' title="bbox 217 3102 1806 3180">
    <p class='ocr_par' dir='ltr' id='par_1_59' title="bbox 217 3102 1806 3180">
     <span class='ocr_line' id='line_1_59' title="bbox 217 3102 1806 3180; baseline 0.005 -26"><span class='ocrx_word' id='word_1_401' title='bbox 217 3118 303 3155; x_wconf 86' lang='grc' dir='ltr'><strong>νον</strong></span> <span class='ocrx_word' id='word_1_402' title='bbox 336 3102 574 3175; x_wconf 80' lang='grc' dir='ltr'>ὀρεκτὸν</span> <span class='ocrx_word' id='word_1_403' title='bbox 612 3105 973 3176; x_wconf 78' lang='grc' dir='ltr'>ἀναφέροντα,</span> <span class='ocrx_word' id='word_1_404' title='bbox 1006 3109 1099 3158; x_wconf 79' lang='grc' dir='ltr'><strong>καὶ</strong></span> <span class='ocrx_word' id='word_1_405' title='bbox 1129 3107 1309 3176; x_wconf 84' lang='grc' dir='ltr'>μόνοις</span> <span class='ocrx_word' id='word_1_406' title='bbox 1342 3108 1407 3167; x_wconf 77' lang='grc' dir='ltr'>ἂν</span> <span class='ocrx_word' id='word_1_407' title='bbox 1441 3108 1806 3180; x_wconf 85' lang='grc' dir='ltr'>σπουδασθείη</span> 
     </span>
    </p>
   </div>
   <div class='ocr_carea' id='block_1_60' title="bbox 216 3195 1808 3269">
    <p class='ocr_par' dir='ltr' id='par_1_60' title="bbox 216 3195 1808 3269">
     <span class='ocr_line' id='line_1_60' title="bbox 216 3195 1808 3269; baseline 0.005 -24"><span class='ocrx_word' id='word_1_408' title='bbox 216 3195 325 3254; x_wconf 82' lang='grc' dir='ltr'>τοῖς</span> <span class='ocrx_word' id='word_1_409' title='bbox 349 3197 414 3264; x_wconf 77' lang='grc' dir='ltr'>τῇ</span> <span class='ocrx_word' id='word_1_410' title='bbox 444 3196 788 3266; x_wconf 78' lang='grc' dir='ltr'>προτιμήσει</span> <span class='ocrx_word' id='word_1_411' title='bbox 815 3195 1041 3261; x_wconf 83' lang='grc' dir='ltr'>τούτων,</span> <span class='ocrx_word' id='word_1_412' title='bbox 1074 3197 1186 3249; x_wconf 89' lang='grc' dir='ltr'><strong>τῶν</strong></span> <span class='ocrx_word' id='word_1_413' title='bbox 1218 3197 1394 3251; x_wconf 75' lang='grc' dir='ltr'>ἄλλων</span> <span class='ocrx_word' id='word_1_414' title='bbox 1433 3198 1808 3269; x_wconf 79' lang='grc' dir='ltr'>καταφρονοῦ-</span> 
     </span>
    </p>
   </div>
   <div class='ocr_carea' id='block_1_61' title="bbox 218 3285 1807 3360">
    <p class='ocr_par' dir='ltr' id='par_1_61' title="bbox 218 3285 1807 3360">
     <span class='ocr_line' id='line_1_61' title="bbox 218 3285 1807 3360; baseline 0.006 -26"><span class='ocrx_word' id='word_1_415' title='bbox 218 3298 301 3336; x_wconf 86' lang='grc' dir='ltr'><strong>σιν</strong></span> <span class='ocrx_word' id='word_1_416' title='bbox 339 3285 630 3338; x_wconf 84' lang='grc' dir='ltr'>ἀπάντων.</span> <span class='ocrx_word' id='word_1_417' title='bbox 689 3285 862 3354; x_wconf 84' lang='grc' dir='ltr'><strong>Ύμᾶς</strong></span> <span class='ocrx_word' id='word_1_418' title='bbox 902 3285 959 3337; x_wconf 81' lang='grc' dir='ltr'><strong>δὲ</strong></span> <span class='ocrx_word' id='word_1_419' title='bbox 993 3286 1150 3338; x_wconf 77' lang='grc' dir='ltr'>τοῦτο</span> <span class='ocrx_word' id='word_1_420' title='bbox 1190 3287 1285 3339; x_wconf 75' lang='grc' dir='ltr'>καὶ</span> <span class='ocrx_word' id='word_1_421' title='bbox 1336 3291 1807 3360; x_wconf 78' lang='grc' dir='ltr'>προαιρουμένους</span> 
     </span>
    </p>
   </div>
   <div class='ocr_carea' id='block_1_62' title="bbox 216 3373 1807 3451">
    <p class='ocr_par' dir='ltr' id='par_1_62' title="bbox 216 3373 1807 3451">
     <span class='ocr_line' id='line_1_62' title="bbox 216 3373 1807 3451; baseline 0.006 -27"><span class='ocrx_word' id='word_1_422' title='bbox 216 3373 342 3443; x_wconf 81' lang='grc' dir='ltr'>ὁρῶ,</span> <span class='ocrx_word' id='word_1_423' title='bbox 384 3377 486 3428; x_wconf 78' lang='grc' dir='ltr'><strong>καὶ</strong></span> <span class='ocrx_word' id='word_1_424' title='bbox 521 3378 604 3438; x_wconf 80' lang='grc' dir='ltr'><strong>είς</strong></span> <span class='ocrx_word' id='word_1_425' title='bbox 634 3374 794 3447; x_wconf 74' lang='grc' dir='ltr'>ἔργον</span> <span class='ocrx_word' id='word_1_426' title='bbox 830 3376 1085 3446; x_wconf 79' lang='grc' dir='ltr'>ἐκφέρειν</span> <span class='ocrx_word' id='word_1_427' title='bbox 1115 3378 1512 3442; x_wconf 78' lang='grc' dir='ltr'>σπουδάζοντας</span> <span class='ocrx_word' id='word_1_428' title='bbox 1535 3396 1549 3411; x_wconf 90' lang='grc'><strong>·</strong></span> <span class='ocrx_word' id='word_1_429' title='bbox 1590 3380 1677 3432; x_wconf 76' lang='grc' dir='ltr'><strong>ἀεὶ</strong></span> <span class='ocrx_word' id='word_1_430' title='bbox 1709 3380 1807 3451; x_wconf 82' lang='grc' dir='ltr'>μὲν</span> 
     </span>
    </p>
   </div>
   <div class='ocr_carea' id='block_1_63' title="bbox 214 3465 1803 3539">
    <p class='ocr_par' dir='ltr' id='par_1_63' title="bbox 214 3465 1803 3539">
     <span class='ocr_line' id='line_1_63' title="bbox 214 3465 1803 3539; baseline 0.004 -22"><span class='ocrx_word' id='word_1_431' title='bbox 214 3465 322 3518; x_wconf 86' lang='grc' dir='ltr'><strong>τῶν</strong></span> <span class='ocrx_word' id='word_1_432' title='bbox 362 3468 702 3538; x_wconf 81' lang='grc' dir='ltr'>κρειττόνων</span> <span class='ocrx_word' id='word_1_433' title='bbox 753 3467 1112 3536; x_wconf 83' lang='grc' dir='ltr'>ποιουμένους</span> <span class='ocrx_word' id='word_1_434' title='bbox 1151 3468 1402 3538; x_wconf 76' lang='grc' dir='ltr'>ἐκλογὴν,</span> <span class='ocrx_word' id='word_1_435' title='bbox 1457 3470 1694 3539; x_wconf 82' lang='grc' dir='ltr'>μάλιστα</span> <span class='ocrx_word' id='word_1_436' title='bbox 1724 3470 1803 3537; x_wconf 81' lang='grc' dir='ltr'><strong>δὲ,</strong></span> 
     </span>
    </p>
   </div>
   <div class='ocr_carea' id='block_1_64' title="bbox 212 3550 1806 3630">
    <p class='ocr_par' dir='ltr' id='par_1_64' title="bbox 212 3550 1806 3630">
     <span class='ocr_line' id='line_1_64' title="bbox 212 3550 1806 3630; baseline 0.006 -25"><span class='ocrx_word' id='word_1_437' title='bbox 212 3550 268 3606; x_wconf 78' lang='grc' dir='ltr'>ὲν</span> <span class='ocrx_word' id='word_1_438' title='bbox 293 3558 359 3626; x_wconf 82' lang='grc' dir='ltr'>τῇ</span> <span class='ocrx_word' id='word_1_439' title='bbox 398 3556 661 3627; x_wconf 79' lang='grc' dir='ltr'>παρούσῃ</span> <span class='ocrx_word' id='word_1_440' title='bbox 693 3557 927 3627; x_wconf 73' lang='grc' dir='ltr'>θυμηδίᾳ</span> <span class='ocrx_word' id='word_1_441' title='bbox 964 3558 1024 3610; x_wconf 83' lang='grc' dir='ltr'>ὲν</span> <span class='ocrx_word' id='word_1_442' title='bbox 1116 3557 1226 3609; x_wconf 88' lang='grc' dir='ltr'><strong>τῶν</strong></span> <span class='ocrx_word' id='word_1_443' title='bbox 1256 3560 1550 3629; x_wconf 75' lang='grc' dir='ltr'>ἀκηράτων</span> <span class='ocrx_word' id='word_1_444' title='bbox 1583 3561 1806 3629; x_wconf 83' lang='grc' dir='ltr'>ἀγαθῶν</span> 
     </span>
    </p>
   </div>
   <div class='ocr_carea' id='block_1_65' title="bbox 210 3642 1803 3721">
    <p class='ocr_par' dir='ltr' id='par_1_65' title="bbox 210 3642 1803 3721">
     <span class='ocr_line' id='line_1_65' title="bbox 210 3642 1803 3721; baseline 0.006 -24"><span class='ocrx_word' id='word_1_445' title='bbox 210 3642 299 3698; x_wconf 74' lang='grc' dir='ltr'>διὰ</span> <span class='ocrx_word' id='word_1_446' title='bbox 359 3648 475 3701; x_wconf 89' lang='grc' dir='ltr'><strong>τῶν</strong></span> <span class='ocrx_word' id='word_1_447' title='bbox 508 3647 720 3718; x_wconf 80' lang='grc' dir='ltr'>ταύτης</span> <span class='ocrx_word' id='word_1_448' title='bbox 781 3649 1034 3718; x_wconf 85' lang='grc' dir='ltr'>τερπνῶν</span> <span class='ocrx_word' id='word_1_449' title='bbox 1094 3649 1450 3703; x_wconf 76' lang='grc' dir='ltr'>ἑναπολαύειν</span> <span class='ocrx_word' id='word_1_450' title='bbox 1504 3652 1803 3721; x_wconf 81' lang='grc' dir='ltr'>ἐγγίνεται.</span> 
     </span>
    </p>
   </div>
   <div class='ocr_carea' id='block_1_66' title="bbox 209 3736 1804 3814">
    <p class='ocr_par' dir='ltr' id='par_1_66' title="bbox 209 3736 1804 3814">
     <span class='ocr_line' id='line_1_66' title="bbox 209 3736 1804 3814; baseline 0.006 -25"><span class='ocrx_word' id='word_1_451' title='bbox 209 3736 573 3808; x_wconf 82' lang='grc' dir='ltr'>Χειραγωγεῖ</span> <span class='ocrx_word' id='word_1_452' title='bbox 603 3740 713 3809; x_wconf 75' lang='grc' dir='ltr'><strong>γὰρ</strong></span> <span class='ocrx_word' id='word_1_453' title='bbox 736 3739 871 3810; x_wconf 80' lang='grc' dir='ltr'>πρὸς</span> <span class='ocrx_word' id='word_1_454' title='bbox 902 3741 1110 3804; x_wconf 81' lang='grc' dir='ltr'>ἐκεῖνα,</span> <span class='ocrx_word' id='word_1_455' title='bbox 1138 3740 1332 3793; x_wconf 83' lang='grc' dir='ltr'>ταῦτα·</span> <span class='ocrx_word' id='word_1_456' title='bbox 1360 3743 1455 3795; x_wconf 77' lang='grc' dir='ltr'><strong>καὶ</strong></span> <span class='ocrx_word' id='word_1_457' title='bbox 1482 3748 1804 3814; x_wconf 85' lang='grc' dir='ltr'>προηγεῖται</span> 
     </span>
    </p>
   </div>
   <div class='ocr_carea' id='block_1_67' title="bbox 208 3828 1801 3905">
    <p class='ocr_par' dir='ltr' id='par_1_67' title="bbox 208 3828 1801 3905">
     <span class='ocr_line' id='line_1_67' title="bbox 208 3828 1801 3905; baseline 0.007 -27"><span class='ocrx_word' id='word_1_458' title='bbox 208 3828 274 3880; x_wconf 88' lang='grc' dir='ltr'><strong>τά</strong></span> <span class='ocrx_word' id='word_1_459' title='bbox 309 3831 369 3885; x_wconf 75' lang='grc' dir='ltr'>ἐν</span> <span class='ocrx_word' id='word_1_460' title='bbox 408 3832 486 3901; x_wconf 82' lang='grc' dir='ltr'>γῇ</span> <span class='ocrx_word' id='word_1_461' title='bbox 520 3830 845 3900; x_wconf 88' lang='grc' dir='ltr'>τελούμενα,</span> <span class='ocrx_word' id='word_1_462' title='bbox 891 3832 1000 3884; x_wconf 86' lang='grc' dir='ltr'><strong>τῶν</strong></span> <span class='ocrx_word' id='word_1_463' title='bbox 1029 3832 1088 3884; x_wconf 84' lang='grc' dir='ltr'><strong>ὲν</strong></span> <span class='ocrx_word' id='word_1_464' title='bbox 1121 3833 1373 3903; x_wconf 79' lang='grc' dir='ltr'>οὐρανοῖς</span> <span class='ocrx_word' id='word_1_465' title='bbox 1403 3834 1801 3905; x_wconf 85' lang='grc' dir='ltr'>ἀποκειμένων.</span> 
     </span>
    </p>
   </div>
   <div class='ocr_carea' id='block_1_68' title="bbox 206 3920 1799 3998">
    <p class='ocr_par' dir='ltr' id='par_1_68' title="bbox 206 3920 1799 3998">
     <span class='ocr_line' id='line_1_68' title="bbox 206 3920 1799 3998; baseline 0.007 -26"><span class='ocrx_word' id='word_1_466' title='bbox 206 3920 303 3973; x_wconf 84' lang='grc' dir='ltr'>Διά</span> <span class='ocrx_word' id='word_1_467' title='bbox 319 3924 434 3992; x_wconf 75' lang='grc' dir='ltr'><strong>γὰρ</strong></span> <span class='ocrx_word' id='word_1_468' title='bbox 461 3922 653 3987; x_wconf 82' lang='grc' dir='ltr'>τοῦτο,</span> <span class='ocrx_word' id='word_1_469' title='bbox 673 3921 767 3974; x_wconf 77' lang='grc' dir='ltr'>καὶ</span> <span class='ocrx_word' id='word_1_470' title='bbox 789 3924 820 3992; x_wconf 83' lang='grc' dir='ltr'><strong>ή</strong></span> <span class='ocrx_word' id='word_1_471' title='bbox 849 3924 1098 3993; x_wconf 81' lang='grc' dir='ltr'>παροῦσα</span> <span class='ocrx_word' id='word_1_472' title='bbox 1120 3925 1463 3995; x_wconf 82' lang='grc' dir='ltr'>προτέθειται</span> <span class='ocrx_word' id='word_1_473' title='bbox 1488 3929 1799 3998; x_wconf 84' lang='grc' dir='ltr'>φαιδρότης,</span> 
     </span>
    </p>
   </div>
   <div class='ocr_carea' id='block_1_69' title="bbox 206 4012 1804 4090">
    <p class='ocr_par' dir='ltr' id='par_1_69' title="bbox 206 4012 1804 4090">
     <span class='ocr_line' id='line_1_69' title="bbox 206 4012 1804 4090; baseline 0.006 -27"><span class='ocrx_word' id='word_1_474' title='bbox 206 4013 385 4065; x_wconf 80' lang='grc' dir='ltr'>καὶτὸ</span> <span class='ocrx_word' id='word_1_475' title='bbox 414 4013 546 4090; x_wconf 78' lang='grc' dir='ltr'>ὅλον</span> <span class='ocrx_word' id='word_1_476' title='bbox 576 4012 679 4082; x_wconf 85' lang='grc' dir='ltr'>τῆς</span> <span class='ocrx_word' id='word_1_477' title='bbox 713 4013 1100 4086; x_wconf 82' lang='grc' dir='ltr'>φιλανθρώπου</span> <span class='ocrx_word' id='word_1_478' title='bbox 1129 4017 1462 4087; x_wconf 79' lang='grc' dir='ltr'>συνέστηκεν</span> <span class='ocrx_word' id='word_1_479' title='bbox 1488 4021 1804 4090; x_wconf 78' lang='grc' dir='ltr'>οἰκονομίας</span> 
     </span>
    </p>
   </div>
   <div class='ocr_carea' id='block_1_70' title="bbox 204 4087 1801 4185">
    <p class='ocr_par' dir='ltr' id='par_1_70' title="bbox 204 4087 1801 4185">
     <span class='ocr_line' id='line_1_70' title="bbox 204 4087 1801 4185; baseline 0.006 -30"><span class='ocrx_word' id='word_1_480' title='bbox 204 4087 542 4175; x_wconf 74' lang='grc' dir='ltr'>μυστήριόν.</span> <span class='ocrx_word' id='word_1_481' title='bbox 575 4105 677 4157; x_wconf 81' lang='grc' dir='ltr'>Διά</span> <span class='ocrx_word' id='word_1_482' title='bbox 696 4105 803 4157; x_wconf 84' lang='grc' dir='ltr'><strong>τῶν</strong></span> <span class='ocrx_word' id='word_1_483' title='bbox 832 4109 888 4159; x_wconf 84' lang='grc' dir='ltr'><strong>ὲν</strong></span> <span class='ocrx_word' id='word_1_484' title='bbox 916 4105 993 4176; x_wconf 81' lang='grc' dir='ltr'>τῷ</span> <span class='ocrx_word' id='word_1_485' title='bbox 1016 4109 1245 4178; x_wconf 83' lang='grc' dir='ltr'>παρόντι</span> <span class='ocrx_word' id='word_1_486' title='bbox 1270 4110 1695 4181; x_wconf 80' lang='grc' dir='ltr'>φανερωθέντων</span> <span class='ocrx_word' id='word_1_487' title='bbox 1725 4113 1801 4185; x_wconf 83' lang='grc' dir='ltr'>τῷ</span> 
     </span>
    </p>
   </div>
   <div class='ocr_carea' id='block_1_71' title="bbox 202 4193 1801 4269">
    <p class='ocr_par' dir='ltr' id='par_1_71' title="bbox 202 4193 1801 4269">
     <span class='ocr_line' id='line_1_71' title="bbox 202 4193 1801 4269; baseline 0.009 -25"><span class='ocrx_word' id='word_1_488' title='bbox 202 4193 301 4266; x_wconf 82' lang='grc' dir='ltr'><strong>βίῳ</strong></span> <span class='ocrx_word' id='word_1_489' title='bbox 331 4197 693 4268; x_wconf 73' lang='grc' dir='ltr'>παραδόξων,</span> <span class='ocrx_word' id='word_1_490' title='bbox 725 4200 758 4268; x_wconf 81' lang='grc' dir='ltr'><strong>ἡ</strong></span> <span class='ocrx_word' id='word_1_491' title='bbox 790 4198 957 4262; x_wconf 79' lang='grc' dir='ltr'>ἀΐδιος</span> <span class='ocrx_word' id='word_1_492' title='bbox 979 4200 1087 4251; x_wconf 86' lang='grc' dir='ltr'><strong>τῶν</strong></span> <span class='ocrx_word' id='word_1_493' title='bbox 1113 4201 1334 4269; x_wconf 86' lang='grc' dir='ltr'>ἀφανῶν</span> <span class='ocrx_word' id='word_1_494' title='bbox 1360 4204 1801 4259; x_wconf 87' lang='grc' dir='ltr'>ἀνακαλύπτεται</span> 
     </span>
    </p>
   </div>
   <div class='ocr_carea' id='block_1_72' title="bbox 196 4284 1801 4367">
    <p class='ocr_par' dir='ltr' id='par_1_72' title="bbox 196 4284 1801 4367">
     <span class='ocr_line' id='line_1_72' title="bbox 196 4284 1801 4367; baseline 0.007 -28"><span class='ocrx_word' id='word_1_495' title='bbox 196 4287 343 4355; x_wconf 71' lang='grc' dir='ltr'>δόξα.</span> <span class='ocrx_word' id='word_1_496' title='bbox 379 4296 486 4345; x_wconf 75' lang='grc' dir='ltr'><strong>Διὲι</strong></span> <span class='ocrx_word' id='word_1_497' title='bbox 533 4292 648 4345; x_wconf 89' lang='grc' dir='ltr'><strong>τῶν</strong></span> <span class='ocrx_word' id='word_1_498' title='bbox 678 4293 734 4345; x_wconf 84' lang='grc' dir='ltr'>ὲν</span> <span class='ocrx_word' id='word_1_499' title='bbox 768 4284 957 4362; x_wconf 68' lang='grc' dir='ltr'>κόσμῲ</span> <span class='ocrx_word' id='word_1_500' title='bbox 988 4294 1502 4365; x_wconf 79' lang='grc' dir='ltr'>καινοτομουμένων</span> <span class='ocrx_word' id='word_1_501' title='bbox 1540 4298 1801 4367; x_wconf 84' lang='grc' dir='ltr'>πραγμά-</span> 
     </span>
    </p>
   </div>
   <div class='ocr_carea' id='block_1_73' title="bbox 1903 3098 3488 3175">
    <p class='ocr_par' dir='ltr' id='par_1_73' title="bbox 1903 3098 3488 3175">
     <span class='ocr_line' id='line_1_73' title="bbox 1903 3098 3488 3175; baseline 0.008 -27"><span class='ocrx_word' id='word_1_502' title='bbox 1903 3098 2262 3164; x_wconf 87' lang='lat' dir='ltr'><strong>jucunditatis</strong></span> <span class='ocrx_word' id='word_1_503' title='bbox 2289 3099 2478 3168; x_wconf 81' lang='lat' dir='ltr'><strong>gaudia</strong></span> <span class='ocrx_word' id='word_1_504' title='bbox 2508 3100 2725 3154; x_wconf 85' lang='lat' dir='ltr'><strong>stabilia</strong></span> <span class='ocrx_word' id='word_1_505' title='bbox 2757 3109 2911 3165; x_wconf 68' lang='lat' dir='ltr'><strong>sunt,</strong></span> <span class='ocrx_word' id='word_1_506' title='bbox 2940 3100 3311 3173; x_wconf 71' lang='lat' dir='ltr'><strong>referuntque,</strong></span> <span class='ocrx_word' id='word_1_507' title='bbox 3343 3107 3488 3175; x_wconf 85' lang='lat' dir='ltr'><strong>quod</strong></span> 
     </span>
    </p>
   </div>
   <div class='ocr_carea' id='block_1_74' title="bbox 1909 3188 3486 3265">
    <p class='ocr_par' dir='ltr' id='par_1_74' title="bbox 1909 3188 3486 3265">
     <span class='ocr_line' id='line_1_74' title="bbox 1909 3188 3486 3265; baseline 0.004 -22"><span class='ocrx_word' id='word_1_508' title='bbox 1909 3188 2082 3243; x_wconf 86' lang='lat' dir='ltr'><strong>solum</strong></span> <span class='ocrx_word' id='word_1_509' title='bbox 2120 3189 2483 3243; x_wconf 83' lang='lat' dir='ltr'><strong>desiderabile</strong></span> <span class='ocrx_word' id='word_1_510' title='bbox 2516 3201 2619 3254; x_wconf 90' lang='lat' dir='ltr'><strong>est,</strong></span> <span class='ocrx_word' id='word_1_511' title='bbox 2655 3206 2718 3245; x_wconf 86' lang='lat' dir='ltr'><strong>ac</strong></span> <span class='ocrx_word' id='word_1_512' title='bbox 2752 3191 2818 3245; x_wconf 90' lang='lat' dir='ltr'><strong>iis</strong></span> <span class='ocrx_word' id='word_1_513' title='bbox 2852 3192 3028 3247; x_wconf 89' lang='lat' dir='ltr'><strong>solum</strong></span> <span class='ocrx_word' id='word_1_514' title='bbox 3065 3194 3361 3265; x_wconf 86' lang='lat' dir='ltr'><strong>impensius</strong></span> <span class='ocrx_word' id='word_1_515' title='bbox 3393 3214 3486 3252; x_wconf 87' lang='lat' dir='ltr'><strong>cu-</strong></span> 
     </span>
    </p>
   </div>
   <div class='ocr_carea' id='block_1_75' title="bbox 1908 3280 3488 3356">
    <p class='ocr_par' dir='ltr' id='par_1_75' title="bbox 1908 3280 3488 3356">
     <span class='ocr_line' id='line_1_75' title="bbox 1908 3280 3488 3356; baseline 0.008 -24"><span class='ocrx_word' id='word_1_516' title='bbox 1908 3288 2101 3333; x_wconf 86' lang='lat' dir='ltr'><strong>rantur</strong></span> <span class='ocrx_word' id='word_1_517' title='bbox 2121 3319 2137 3346; x_wconf 92' lang='lat'><strong>,</strong></span> <span class='ocrx_word' id='word_1_518' title='bbox 2161 3280 2250 3349; x_wconf 91' lang='lat' dir='ltr'><strong>qui</strong></span> <span class='ocrx_word' id='word_1_519' title='bbox 2283 3296 2392 3348; x_wconf 64' lang='lat' dir='ltr'><strong>pra:</strong></span> <span class='ocrx_word' id='word_1_520' title='bbox 2419 3280 2527 3335; x_wconf 90' lang='lat' dir='ltr'><strong>illis</strong></span> <span class='ocrx_word' id='word_1_521' title='bbox 2577 3283 2831 3337; x_wconf 79' lang='lat' dir='ltr'><strong>universa</strong></span> <span class='ocrx_word' id='word_1_522' title='bbox 2869 3284 2973 3339; x_wconf 85' lang='lat' dir='ltr'><strong>alia</strong></span> <span class='ocrx_word' id='word_1_523' title='bbox 3007 3299 3291 3356; x_wconf 87' lang='lat' dir='ltr'><strong>spernunt.</strong></span> <span class='ocrx_word' id='word_1_524' title='bbox 3317 3287 3488 3344; x_wconf 86' lang='lat' dir='ltr'><strong>Porro</strong></span> 
     </span>
    </p>
   </div>
   <div class='ocr_carea' id='block_1_76' title="bbox 1908 3370 3485 3449">
    <p class='ocr_par' dir='ltr' id='par_1_76' title="bbox 1908 3370 3485 3449">
     <span class='ocr_line' id='line_1_76' title="bbox 1908 3370 3485 3449; baseline 0.008 -26"><span class='ocrx_word' id='word_1_525' title='bbox 1908 3370 2211 3432; x_wconf 87' lang='lat' dir='ltr'><strong>video-vos,</strong></span> <span class='ocrx_word' id='word_1_526' title='bbox 2249 3386 2372 3426; x_wconf 91' lang='lat' dir='ltr'><strong>cum</strong></span> <span class='ocrx_word' id='word_1_527' title='bbox 2407 3372 2508 3426; x_wconf 91' lang='lat' dir='ltr'><strong>hoc</strong></span> <span class='ocrx_word' id='word_1_528' title='bbox 2543 3374 2809 3440; x_wconf 86' lang='lat' dir='ltr'><strong>volentes,</strong></span> <span class='ocrx_word' id='word_1_529' title='bbox 2843 3383 2956 3429; x_wconf 90' lang='lat' dir='ltr'><strong>tum</strong></span> <span class='ocrx_word' id='word_1_530' title='bbox 2988 3387 3304 3449; x_wconf 80' lang='lat' dir='ltr'><strong>satagentes</strong></span> <span class='ocrx_word' id='word_1_531' title='bbox 3336 3392 3393 3434; x_wconf 91' lang='lat' dir='ltr'><strong>ut</strong></span> <span class='ocrx_word' id='word_1_532' title='bbox 3419 3385 3485 3436; x_wconf 84' lang='lat' dir='ltr'><strong>ad</strong></span> 
     </span>
    </p>
   </div>
   <div class='ocr_carea' id='block_1_77' title="bbox 1907 3462 3488 3542">
    <p class='ocr_par' dir='ltr' id='par_1_77' title="bbox 1907 3462 3488 3542">
     <span class='ocr_line' id='line_1_77' title="bbox 1907 3462 3488 3542; baseline 0.008 -27"><span class='ocrx_word' id='word_1_533' title='bbox 1907 3475 2042 3529; x_wconf 88' lang='lat' dir='ltr'><strong>opus</strong></span> <span class='ocrx_word' id='word_1_534' title='bbox 2082 3462 2381 3528; x_wconf 86' lang='lat' dir='ltr'><strong>deducatis,</strong></span> <span class='ocrx_word' id='word_1_535' title='bbox 2416 3465 2505 3532; x_wconf 90' lang='lat' dir='ltr'><strong>qui</strong></span> <span class='ocrx_word' id='word_1_536' title='bbox 2538 3468 2748 3532; x_wconf 86' lang='lat' dir='ltr'><strong>potiora</strong></span> <span class='ocrx_word' id='word_1_537' title='bbox 2782 3482 2998 3536; x_wconf 79' lang='lat' dir='ltr'><strong>seraper</strong></span> <span class='ocrx_word' id='word_1_538' title='bbox 3023 3469 3293 3539; x_wconf 80' lang='lat' dir='ltr'><strong>deligatis,</strong></span> <span class='ocrx_word' id='word_1_539' title='bbox 3328 3475 3488 3542; x_wconf 85' lang='lat' dir='ltr'><strong>idque</strong></span> 
     </span>
    </p>
   </div>
   <div class='ocr_carea' id='block_1_78' title="bbox 1909 3549 3487 3625">
    <p class='ocr_par' dir='ltr' id='par_1_78' title="bbox 1909 3549 3487 3625">
     <span class='ocr_line' id='line_1_78' title="bbox 1909 3549 3487 3625; baseline 0.011 -26"><span class='ocrx_word' id='word_1_540' title='bbox 1909 3549 2141 3601; x_wconf 77' lang='lat' dir='ltr'><strong>maxime</strong></span> <span class='ocrx_word' id='word_1_541' title='bbox 2166 3549 2219 3603; x_wconf 93' lang='lat' dir='ltr'><strong>in</strong></span> <span class='ocrx_word' id='word_1_542' title='bbox 2246 3552 2531 3619; x_wconf 67' lang='lat' dir='ltr'><strong>praesentis</strong></span> <span class='ocrx_word' id='word_1_543' title='bbox 2564 3554 2667 3607; x_wconf 86' lang='lat' dir='ltr'><strong>diei</strong></span> <span class='ocrx_word' id='word_1_544' title='bbox 2692 3554 2900 3620; x_wconf 75' lang='lat' dir='ltr'><strong>betitia,</strong></span> <span class='ocrx_word' id='word_1_545' title='bbox 2930 3572 3035 3625; x_wconf 89' lang='lat' dir='ltr'><strong>qua</strong></span> <span class='ocrx_word' id='word_1_546' title='bbox 3068 3560 3225 3614; x_wconf 89' lang='lat' dir='ltr'><strong>nobis</strong></span> <span class='ocrx_word' id='word_1_547' title='bbox 3258 3562 3487 3617; x_wconf 88' lang='lat' dir='ltr'><strong>immor-</strong></span> 
     </span>
    </p>
   </div>
   <div class='ocr_carea' id='block_1_79' title="bbox 1908 3639 3491 3723">
    <p class='ocr_par' dir='ltr' id='par_1_79' title="bbox 1908 3639 3491 3723">
     <span class='ocr_line' id='line_1_79' title="bbox 1908 3639 3491 3723; baseline 0.011 -32"><span class='ocrx_word' id='word_1_548' title='bbox 1908 3639 2094 3693; x_wconf 88' lang='lat' dir='ltr'><strong>talium</strong></span> <span class='ocrx_word' id='word_1_549' title='bbox 2137 3640 2401 3695; x_wconf 88' lang='lat' dir='ltr'><strong>honorum</strong></span> <span class='ocrx_word' id='word_1_550' title='bbox 2456 3641 2643 3697; x_wconf 77' lang='lat' dir='ltr'><strong>truitio</strong></span> <span class='ocrx_word' id='word_1_551' title='bbox 2681 3648 2929 3714; x_wconf 86' lang='lat' dir='ltr'><strong>accedit,</strong></span> <span class='ocrx_word' id='word_1_552' title='bbox 2967 3664 3062 3717; x_wconf 87' lang='lat' dir='ltr'><strong>per</strong></span> <span class='ocrx_word' id='word_1_553' title='bbox 3101 3667 3164 3707; x_wconf 89' lang='lat' dir='ltr'><strong>ea</strong></span> <span class='ocrx_word' id='word_1_554' title='bbox 3210 3667 3331 3723; x_wconf 68' lang='lat' dir='ltr'><strong>qum</strong></span> <span class='ocrx_word' id='word_1_555' title='bbox 3373 3657 3491 3722; x_wconf 86' lang='lat' dir='ltr'><strong>ejus</strong></span> 
     </span>
    </p>
   </div>
   <div class='ocr_carea' id='block_1_80' title="bbox 1905 3730 3482 3800">
    <p class='ocr_par' dir='ltr' id='par_1_80' title="bbox 1905 3730 3482 3800">
     <span class='ocr_line' id='line_1_80' title="bbox 1905 3730 3482 3800; baseline 0.01 -17"><span class='ocrx_word' id='word_1_556' title='bbox 1905 3730 2250 3785; x_wconf 85' lang='lat' dir='ltr'><strong>delectabilia</strong></span> <span class='ocrx_word' id='word_1_557' title='bbox 2283 3742 2430 3788; x_wconf 87' lang='lat' dir='ltr'><strong>sunt.</strong></span> <span class='ocrx_word' id='word_1_558' title='bbox 2463 3732 2589 3789; x_wconf 69' lang='lat' dir='ltr'><strong>llaec</strong></span> <span class='ocrx_word' id='word_1_559' title='bbox 2619 3736 2762 3790; x_wconf 86' lang='lat' dir='ltr'><strong>enim</strong></span> <span class='ocrx_word' id='word_1_560' title='bbox 2837 3753 2996 3794; x_wconf 85' lang='lat' dir='ltr'><strong>manu</strong></span> <span class='ocrx_word' id='word_1_561' title='bbox 3030 3740 3095 3794; x_wconf 90' lang='lat' dir='ltr'><strong>ad</strong></span> <span class='ocrx_word' id='word_1_562' title='bbox 3130 3741 3214 3795; x_wconf 84' lang='lat' dir='ltr'><strong>illa</strong></span> <span class='ocrx_word' id='word_1_563' title='bbox 3245 3744 3482 3800; x_wconf 82' lang='lat' dir='ltr'><strong>dueum:</strong></span> 
     </span>
    </p>
   </div>
   <div class='ocr_carea' id='block_1_81' title="bbox 1905 3824 3487 3904">
    <p class='ocr_par' dir='ltr' id='par_1_81' title="bbox 1905 3824 3487 3904">
     <span class='ocr_line' id='line_1_81' title="bbox 1905 3824 3487 3904; baseline 0.011 -32"><span class='ocrx_word' id='word_1_564' title='bbox 1905 3832 2260 3891; x_wconf 70' lang='lat' dir='ltr'><strong>praceuntque</strong></span> <span class='ocrx_word' id='word_1_565' title='bbox 2289 3824 2561 3880; x_wconf 79' lang='lat' dir='ltr'><strong>celebrata</strong></span> <span class='ocrx_word' id='word_1_566' title='bbox 2612 3827 2666 3880; x_wconf 93' lang='lat' dir='ltr'><strong>in</strong></span> <span class='ocrx_word' id='word_1_567' title='bbox 2715 3827 2876 3882; x_wconf 89' lang='lat' dir='ltr'><strong>terris</strong></span> <span class='ocrx_word' id='word_1_568' title='bbox 2909 3832 3199 3900; x_wconf 73' lang='lat' dir='ltr'><strong>mysreria,</strong></span> <span class='ocrx_word' id='word_1_569' title='bbox 3234 3835 3327 3898; x_wconf 80' lang='lat' dir='ltr'><strong>iis;</strong></span> <span class='ocrx_word' id='word_1_570' title='bbox 3367 3854 3487 3904; x_wconf 69' lang='lat' dir='ltr'><strong>quas</strong></span> 
     </span>
    </p>
   </div>
   <div class='ocr_carea' id='block_1_82' title="bbox 1907 3913 3488 3995">
    <p class='ocr_par' dir='ltr' id='par_1_82' title="bbox 1907 3913 3488 3995">
     <span class='ocr_line' id='line_1_82' title="bbox 1907 3913 3488 3995; baseline 0.009 -29"><span class='ocrx_word' id='word_1_571' title='bbox 1907 3913 1958 3966; x_wconf 91' lang='lat' dir='ltr'><strong>in</strong></span> <span class='ocrx_word' id='word_1_572' title='bbox 1992 3913 2147 3968; x_wconf 64' lang='lat' dir='ltr'><strong>caelis</strong></span> <span class='ocrx_word' id='word_1_573' title='bbox 2180 3928 2402 3970; x_wconf 87' lang='lat' dir='ltr'><strong>manent</strong></span> <span class='ocrx_word' id='word_1_574' title='bbox 2437 3919 2692 3986; x_wconf 81' lang='lat' dir='ltr'><strong>reposita.</strong></span> <span class='ocrx_word' id='word_1_575' title='bbox 2730 3918 2936 3975; x_wconf 90' lang='lat' dir='ltr'><strong>Idcirco</strong></span> <span class='ocrx_word' id='word_1_576' title='bbox 2964 3923 3107 3975; x_wconf 88' lang='lat' dir='ltr'><strong>enim</strong></span> <span class='ocrx_word' id='word_1_577' title='bbox 3132 3962 3148 3987; x_wconf 92' lang='lat'><strong>,</strong></span> <span class='ocrx_word' id='word_1_578' title='bbox 3183 3937 3304 3979; x_wconf 90' lang='lat' dir='ltr'><strong>cum</strong></span> <span class='ocrx_word' id='word_1_579' title='bbox 3348 3942 3488 3995; x_wconf 75' lang='lat' dir='ltr'><strong>pra:-</strong></span> 
     </span>
    </p>
   </div>
   <div class='ocr_carea' id='block_1_83' title="bbox 1904 4005 3487 4084">
    <p class='ocr_par' dir='ltr' id='par_1_83' title="bbox 1904 4005 3487 4084">
     <span class='ocr_line' id='line_1_83' title="bbox 1904 4005 3487 4084; baseline 0.009 -26"><span class='ocrx_word' id='word_1_580' title='bbox 1904 4017 2029 4059; x_wconf 83' lang='lat' dir='ltr'><strong>sens</strong></span> <span class='ocrx_word' id='word_1_581' title='bbox 2076 4005 2262 4059; x_wconf 72' lang='lat' dir='ltr'><strong>laetitia</strong></span> <span class='ocrx_word' id='word_1_582' title='bbox 2317 4008 2588 4077; x_wconf 81' lang='lat' dir='ltr'><strong>proposita</strong></span> <span class='ocrx_word' id='word_1_583' title='bbox 2624 4018 2742 4071; x_wconf 89' lang='lat' dir='ltr'><strong>est,</strong></span> <span class='ocrx_word' id='word_1_584' title='bbox 2782 4020 2892 4064; x_wconf 89' lang='lat' dir='ltr'><strong>tum</strong></span> <span class='ocrx_word' id='word_1_585' title='bbox 2947 4014 3192 4084; x_wconf 77' lang='lat' dir='ltr'><strong>benigna:</strong></span> <span class='ocrx_word' id='word_1_586' title='bbox 3227 4016 3372 4072; x_wconf 91' lang='lat' dir='ltr'><strong>illius</strong></span> <span class='ocrx_word' id='word_1_587' title='bbox 3420 4034 3487 4073; x_wconf 85' lang='lat' dir='ltr'><strong>ac</strong></span> 
     </span>
    </p>
   </div>
   <div class='ocr_carea' id='block_1_84' title="bbox 1904 4097 3483 4165">
    <p class='ocr_par' dir='ltr' id='par_1_84' title="bbox 1904 4097 3483 4165">
     <span class='ocr_line' id='line_1_84' title="bbox 1904 4097 3483 4165; baseline 0.008 -13"><span class='ocrx_word' id='word_1_588' title='bbox 1904 4097 2189 4152; x_wconf 86' lang='lat' dir='ltr'><strong>clementis</strong></span> <span class='ocrx_word' id='word_1_589' title='bbox 2275 4100 2598 4154; x_wconf 70' lang='lat' dir='ltr'><strong>«economiae</strong></span> <span class='ocrx_word' id='word_1_590' title='bbox 2686 4113 3088 4157; x_wconf 75' lang='lat' dir='ltr'><strong>sacrarnentum</strong></span> <span class='ocrx_word' id='word_1_591' title='bbox 3163 4111 3483 4165; x_wconf 86' lang='lat' dir='ltr'><strong>universum</strong></span> 
     </span>
    </p>
   </div>
   <div class='ocr_carea' id='block_1_85' title="bbox 1904 4189 3484 4260">
    <p class='ocr_par' dir='ltr' id='par_1_85' title="bbox 1904 4189 3484 4260">
     <span class='ocr_line' id='line_1_85' title="bbox 1904 4189 3484 4260; baseline 0.009 -17"><span class='ocrx_word' id='word_1_592' title='bbox 1904 4197 2137 4243; x_wconf 87' lang='lat' dir='ltr'><strong>constat.</strong></span> <span class='ocrx_word' id='word_1_593' title='bbox 2170 4189 2274 4244; x_wconf 88' lang='lat' dir='ltr'><strong>Per</strong></span> <span class='ocrx_word' id='word_1_594' title='bbox 2307 4204 2392 4255; x_wconf 90' lang='lat' dir='ltr'><strong>ea,</strong></span> <span class='ocrx_word' id='word_1_595' title='bbox 2431 4204 2551 4258; x_wconf 74' lang='lat' dir='ltr'><strong>qua:</strong></span> <span class='ocrx_word' id='word_1_596' title='bbox 2579 4192 2630 4243; x_wconf 92' lang='lat' dir='ltr'><strong>in</strong></span> <span class='ocrx_word' id='word_1_597' title='bbox 2657 4194 2931 4260; x_wconf 82' lang='lat' dir='ltr'><strong>praesenti,</strong></span> <span class='ocrx_word' id='word_1_598' title='bbox 2960 4194 3209 4252; x_wconf 73' lang='lat' dir='ltr'><strong>humana:</strong></span> <span class='ocrx_word' id='word_1_599' title='bbox 3248 4201 3368 4255; x_wconf 78' lang='lat' dir='ltr'><strong>vita:</strong></span> <span class='ocrx_word' id='word_1_600' title='bbox 3400 4202 3484 4255; x_wconf 81' lang='lat' dir='ltr'><strong>in-</strong></span> 
     </span>
    </p>
   </div>
   <div class='ocr_carea' id='block_1_86' title="bbox 1905 4284 3486 4350">
    <p class='ocr_par' dir='ltr' id='par_1_86' title="bbox 1905 4284 3486 4350">
     <span class='ocr_line' id='line_1_86' title="bbox 1905 4284 3486 4350; baseline 0.009 -15"><span class='ocrx_word' id='word_1_601' title='bbox 1905 4292 2197 4337; x_wconf 82' lang='lat' dir='ltr'><strong>notuerunt</strong></span> <span class='ocrx_word' id='word_1_602' title='bbox 2242 4284 2546 4348; x_wconf 88' lang='lat' dir='ltr'><strong>mirabilia,</strong></span> <span class='ocrx_word' id='word_1_603' title='bbox 2591 4295 2790 4340; x_wconf 65' lang='lat' dir='ltr'><strong>aeterna</strong></span> <span class='ocrx_word' id='word_1_604' title='bbox 2824 4285 3175 4345; x_wconf 84' lang='lat' dir='ltr'><strong>invisibilium</strong></span> <span class='ocrx_word' id='word_1_605' title='bbox 3213 4292 3486 4350; x_wconf 76' lang='lat' dir='ltr'><strong>revelatur</strong></span> 
     </span>
    </p>
   </div>
   <div class='ocr_carea' id='block_1_87' title="bbox 195 4367 1804 4452">
    <p class='ocr_par' dir='ltr' id='par_1_87' title="bbox 195 4367 1796 4452">
     <span class='ocr_line' id='line_1_87' title="bbox 195 4367 1796 4452; baseline 0.004 -23"><span class='ocrx_word' id='word_1_606' title='bbox 195 4394 326 4440; x_wconf 82' lang='grc' dir='ltr'>των,</span> <span class='ocrx_word' id='word_1_607' title='bbox 360 4383 395 4450; x_wconf 80' lang='grc' dir='ltr'><strong>ἡ</strong></span> <span class='ocrx_word' id='word_1_608' title='bbox 430 4367 823 4451; x_wconf 81' lang='grc' dir='ltr'>ὑπερκόσμιος</span> <span class='ocrx_word' id='word_1_609' title='bbox 855 4383 1219 4450; x_wconf 82' lang='grc' dir='ltr'>οἰκονομεῖται</span> <span class='ocrx_word' id='word_1_610' title='bbox 1251 4382 1352 4452; x_wconf 82' lang='grc' dir='ltr'>τῆς</span> <span class='ocrx_word' id='word_1_611' title='bbox 1377 4381 1796 4452; x_wconf 84' lang='grc' dir='ltr'>ἀνθρωπότητος</span> 
     </span>
    </p>
   </div>
   <div class='ocr_carea' id='block_1_88' title="bbox 1913 4367 3485 4452">
    <p class='ocr_par' dir='ltr' id='par_1_88' title="bbox 1913 4374 3485 4449">
     <span class='ocr_line' id='line_1_88' title="bbox 1913 4374 3485 4449; baseline 0.01 -23"><span class='ocrx_word' id='word_1_612' title='bbox 1913 4374 2093 4443; x_wconf 75' lang='lat' dir='ltr'><strong>gloria.</strong></span> <span class='ocrx_word' id='word_1_613' title='bbox 2145 4374 2249 4430; x_wconf 85' lang='lat' dir='ltr'><strong>Per</strong></span> <span class='ocrx_word' id='word_1_614' title='bbox 2296 4391 2382 4442; x_wconf 87' lang='lat' dir='ltr'><strong>ea,</strong></span> <span class='ocrx_word' id='word_1_615' title='bbox 2430 4392 2549 4446; x_wconf 80' lang='lat' dir='ltr'><strong>qua:</strong></span> <span class='ocrx_word' id='word_1_616' title='bbox 2590 4380 2642 4430; x_wconf 91' lang='lat' dir='ltr'><strong>in</strong></span> <span class='ocrx_word' id='word_1_617' title='bbox 2699 4379 2900 4433; x_wconf 88' lang='lat' dir='ltr'><strong>mundo</strong></span> <span class='ocrx_word' id='word_1_618' title='bbox 2951 4392 3242 4449; x_wconf 82' lang='lat' dir='ltr'><strong>novantur,</strong></span> <span class='ocrx_word' id='word_1_619' title='bbox 3279 4390 3485 4442; x_wconf 83' lang='lat' dir='ltr'><strong>mutulo</strong></span> 
     </span>
    </p>
   </div>
   <div class='ocr_carea' id='block_1_89' title="bbox 191 4468 1794 4545">
    <p class='ocr_par' dir='ltr' id='par_1_89' title="bbox 191 4468 1794 4545">
     <span class='ocr_line' id='line_1_89' title="bbox 191 4468 1794 4545; baseline 0.004 -23"><span class='ocrx_word' id='word_1_620' title='bbox 191 4468 585 4534; x_wconf 81' lang='grc' dir='ltr'>ἀνακαίνισις.</span> <span class='ocrx_word' id='word_1_621' title='bbox 630 4472 707 4522; x_wconf 79' lang='grc' dir='ltr'><strong>Δι’</strong></span> <span class='ocrx_word' id='word_1_622' title='bbox 759 4471 1005 4535; x_wconf 83' lang='grc' dir='ltr'>εὐδοκίας</span> <span class='ocrx_word' id='word_1_623' title='bbox 1050 4473 1150 4542; x_wconf 76' lang='grc' dir='ltr'><strong>τῆς</strong></span> <span class='ocrx_word' id='word_1_624' title='bbox 1185 4473 1374 4536; x_wconf 83' lang='grc' dir='ltr'>κάτω,</span> <span class='ocrx_word' id='word_1_625' title='bbox 1411 4475 1444 4543; x_wconf 83' lang='grc' dir='ltr'><strong>ὴ</strong></span> <span class='ocrx_word' id='word_1_626' title='bbox 1489 4474 1794 4545; x_wconf 82' lang='grc' dir='ltr'>εὐφροσύνη</span> 
     </span>
    </p>
   </div>
   <div class='ocr_carea' id='block_1_90' title="bbox 189 4560 1797 4633">
    <p class='ocr_par' dir='ltr' id='par_1_90' title="bbox 189 4560 1797 4633">
     <span class='ocr_line' id='line_1_90' title="bbox 189 4560 1797 4633; baseline 0.006 -23"><span class='ocrx_word' id='word_1_627' title='bbox 189 4560 301 4613; x_wconf 85' lang='grc' dir='ltr'><strong>τῶν</strong></span> <span class='ocrx_word' id='word_1_628' title='bbox 341 4562 487 4627; x_wconf 82' lang='grc' dir='ltr'>ἄνω,</span> <span class='ocrx_word' id='word_1_629' title='bbox 526 4564 597 4631; x_wconf 76' lang='grc' dir='ltr'>τῇ</span> <span class='ocrx_word' id='word_1_630' title='bbox 639 4564 795 4632; x_wconf 85' lang='grc' dir='ltr'>χοῖκῇ</span> <span class='ocrx_word' id='word_1_631' title='bbox 838 4564 1293 4633; x_wconf 82' lang='grc' dir='ltr'>πραγματεύεται</span> <span class='ocrx_word' id='word_1_632' title='bbox 1331 4565 1512 4633; x_wconf 85' lang='grc' dir='ltr'>φύσει.</span> <span class='ocrx_word' id='word_1_633' title='bbox 1559 4566 1657 4618; x_wconf 81' lang='grc' dir='ltr'><strong>Διὰ</strong></span> <span class='ocrx_word' id='word_1_634' title='bbox 1707 4567 1797 4619; x_wconf 75' lang='grc' dir='ltr'>τὸν</span> 
     </span>
    </p>
   </div>
   <div class='ocr_carea' id='block_1_91' title="bbox 189 4651 1795 4725">
    <p class='ocr_par' dir='ltr' id='par_1_91' title="bbox 189 4651 1795 4725">
     <span class='ocr_line' id='line_1_91' title="bbox 189 4651 1795 4725; baseline 0.004 -23"><span class='ocrx_word' id='word_1_635' title='bbox 189 4651 281 4705; x_wconf 84' lang='grc' dir='ltr'>ἐπὶ</span> <span class='ocrx_word' id='word_1_636' title='bbox 311 4653 423 4723; x_wconf 83' lang='grc' dir='ltr'>γῆς</span> <span class='ocrx_word' id='word_1_637' title='bbox 445 4653 700 4722; x_wconf 80' lang='grc' dir='ltr'>ὀφθέντα</span> <span class='ocrx_word' id='word_1_638' title='bbox 722 4654 873 4713; x_wconf 72' lang='grc' dir='ltr'>Θεὸν,</span> <span class='ocrx_word' id='word_1_639' title='bbox 904 4657 936 4724; x_wconf 81' lang='grc' dir='ltr'>ἡ</span> <span class='ocrx_word' id='word_1_640' title='bbox 967 4657 1023 4708; x_wconf 82' lang='grc' dir='ltr'><strong>ἐν</strong></span> <span class='ocrx_word' id='word_1_641' title='bbox 1053 4658 1303 4725; x_wconf 64' lang='grc' dir='ltr'>οὒρανοῖς</span> <span class='ocrx_word' id='word_1_642' title='bbox 1332 4657 1678 4719; x_wconf 87' lang='grc' dir='ltr'>κατάπαυσις</span> <span class='ocrx_word' id='word_1_643' title='bbox 1701 4658 1795 4709; x_wconf 84' lang='grc' dir='ltr'>εύ-</span> 
     </span>
    </p>
   </div>
   <div class='ocr_carea' id='block_1_92' title="bbox 185 4734 947 4814">
    <p class='ocr_par' dir='ltr' id='par_1_92' title="bbox 185 4734 947 4814">
     <span class='ocr_line' id='line_1_92' title="bbox 185 4734 947 4814; baseline 0.007 -20"><span class='ocrx_word' id='word_1_644' title='bbox 185 4759 279 4813; x_wconf 84' lang='grc' dir='ltr'><strong>τρε</strong></span> <span class='ocrx_word' id='word_1_645' title='bbox 289 4746 501 4807; x_wconf 77' lang='grc' dir='ltr'>πίζετα</span> <span class='ocrx_word' id='word_1_646' title='bbox 513 4762 530 4796; x_wconf 89' lang='grc' dir='ltr'><strong>ι</strong></span> <span class='ocrx_word' id='word_1_647' title='bbox 564 4746 681 4805; x_wconf 87' lang='grc' dir='ltr'>τοῖς</span> <span class='ocrx_word' id='word_1_648' title='bbox 718 4734 947 4814; x_wconf 82' lang='grc' dir='ltr'>βροτοῖς.</span> 
     </span>
    </p>
   </div>
   <div class='ocr_carea' id='block_1_93' title="bbox 258 4827 1795 4904">
    <p class='ocr_par' dir='ltr' id='par_1_93' title="bbox 258 4827 1795 4904">
     <span class='ocr_line' id='line_1_93' title="bbox 258 4827 1795 4904; baseline -0.002 -19"><span class='ocrx_word' id='word_1_649' title='bbox 258 4827 440 4895; x_wconf 72' lang='grc' dir='ltr'>υῦτος</span> <span class='ocrx_word' id='word_1_650' title='bbox 476 4833 509 4883; x_wconf 82' lang='grc' dir='ltr'>ὁ</span> <span class='ocrx_word' id='word_1_651' title='bbox 537 4831 703 4897; x_wconf 83' lang='grc' dir='ltr'>λόγος</span> <span class='ocrx_word' id='word_1_652' title='bbox 736 4833 833 4902; x_wconf 81' lang='grc' dir='ltr'><strong>τῆς</strong></span> <span class='ocrx_word' id='word_1_653' title='bbox 864 4833 1384 4903; x_wconf 87' lang='grc' dir='ltr'>συγκεκροτημένης</span> <span class='ocrx_word' id='word_1_654' title='bbox 1425 4831 1752 4904; x_wconf 82' lang='grc' dir='ltr'>όμηγύρεως</span> <span class='ocrx_word' id='word_1_655' title='bbox 1780 4850 1795 4866; x_wconf 76' lang='grc' dir='ltr'><strong>ο</strong></span> 
     </span>
    </p>
   </div>
   <div class='ocr_carea' id='block_1_94' title="bbox 183 4922 1801 4996">
    <p class='ocr_par' dir='ltr' id='par_1_94' title="bbox 183 4922 1801 4996">
     <span class='ocr_line' id='line_1_94' title="bbox 183 4922 1801 4996; baseline 0 -19"><span class='ocrx_word' id='word_1_656' title='bbox 183 4925 347 4977; x_wconf 76' lang='grc' dir='ltr'>τοῦτο</span> <span class='ocrx_word' id='word_1_657' title='bbox 395 4927 528 4986; x_wconf 83' lang='grc' dir='ltr'>τοῖς</span> <span class='ocrx_word' id='word_1_658' title='bbox 578 4922 817 4976; x_wconf 80' lang='grc' dir='ltr'>ἐνταῦθα</span> <span class='ocrx_word' id='word_1_659' title='bbox 878 4923 1314 4993; x_wconf 85' lang='grc' dir='ltr'>συναθροισθεῖσι</span> <span class='ocrx_word' id='word_1_660' title='bbox 1367 4926 1687 4996; x_wconf 84' lang='grc' dir='ltr'>ταμιεύεται</span> <span class='ocrx_word' id='word_1_661' title='bbox 1739 4925 1801 4977; x_wconf 65' lang='grc' dir='ltr'><strong>τδ</strong></span> 
     </span>
    </p>
   </div>
   <div class='ocr_carea' id='block_1_95' title="bbox 183 5015 1801 5087">
    <p class='ocr_par' dir='ltr' id='par_1_95' title="bbox 183 5015 1801 5087">
     <span class='ocr_line' id='line_1_95' title="bbox 183 5015 1801 5087; baseline 0.001 -19"><span class='ocrx_word' id='word_1_662' title='bbox 183 5015 385 5085; x_wconf 81' lang='grc' dir='ltr'>κέρδος</span> <span class='ocrx_word' id='word_1_663' title='bbox 412 5017 682 5086; x_wconf 82' lang='grc' dir='ltr'>σήμερον</span> <span class='ocrx_word' id='word_1_664' title='bbox 705 5028 721 5044; x_wconf 96' lang='grc'><strong>·</strong></span> <span class='ocrx_word' id='word_1_665' title='bbox 750 5015 889 5085; x_wconf 73' lang='grc' dir='ltr'>αὕτη</span> <span class='ocrx_word' id='word_1_666' title='bbox 913 5017 1008 5068; x_wconf 75' lang='grc' dir='ltr'><strong>καὶ</strong></span> <span class='ocrx_word' id='word_1_667' title='bbox 1030 5017 1128 5085; x_wconf 81' lang='grc' dir='ltr'>τῆς</span> <span class='ocrx_word' id='word_1_668' title='bbox 1155 5016 1262 5069; x_wconf 88' lang='grc' dir='ltr'><strong>τῶν</strong></span> <span class='ocrx_word' id='word_1_669' title='bbox 1284 5018 1567 5087; x_wconf 85' lang='grc' dir='ltr'>παρόντων</span> <span class='ocrx_word' id='word_1_670' title='bbox 1594 5017 1801 5086; x_wconf 77' lang='grc' dir='ltr'>θαυμά-</span> 
     </span>
    </p>
   </div>
   <div class='ocr_carea' id='block_1_96' title="bbox 178 5106 1796 5176">
    <p class='ocr_par' dir='ltr' id='par_1_96' title="bbox 178 5106 1796 5176">
     <span class='ocr_line' id='line_1_96' title="bbox 178 5106 1796 5176; baseline 0.002 -16"><span class='ocrx_word' id='word_1_671' title='bbox 178 5124 289 5161; x_wconf 89' lang='grc' dir='ltr'><strong>των</strong></span> <span class='ocrx_word' id='word_1_672' title='bbox 324 5107 708 5172; x_wconf 77' lang='grc' dir='ltr'>ἀναδείξεως,</span> <span class='ocrx_word' id='word_1_673' title='bbox 741 5108 831 5160; x_wconf 70' lang='lat' dir='ltr'><strong>xui</strong></span> <span class='ocrx_word' id='word_1_674' title='bbox 856 5106 954 5176; x_wconf 71' lang='grc' dir='ltr'>τῆς</span> <span class='ocrx_word' id='word_1_675' title='bbox 977 5106 1068 5161; x_wconf 72' lang='grc' dir='ltr'>διὰ</span> <span class='ocrx_word' id='word_1_676' title='bbox 1104 5108 1279 5163; x_wconf 83' lang='grc' dir='ltr'>ταῦτα</span> <span class='ocrx_word' id='word_1_677' title='bbox 1318 5109 1678 5173; x_wconf 85' lang='grc' dir='ltr'>συνελεύσεως</span> <span class='ocrx_word' id='word_1_678' title='bbox 1710 5111 1796 5163; x_wconf 82' lang='grc' dir='ltr'><strong>αἱ·</strong></span> 
     </span>
    </p>
   </div>
   <div class='ocr_carea' id='block_1_97' title="bbox 253 5244 1793 5333">
    <p class='ocr_par' dir='ltr' id='par_1_97' title="bbox 253 5244 1793 5333">
     <span class='ocr_line' id='line_1_97' title="bbox 253 5244 1793 5333; baseline 0.003 -17"><span class='ocrx_word' id='word_1_679' title='bbox 253 5262 335 5333; x_wconf 78' lang='grc'><strong>(5)</strong></span> <span class='ocrx_word' id='word_1_680' title='bbox 374 5260 479 5317; x_wconf 78' lang='lat' dir='ltr'><strong>Uri</strong></span> <span class='ocrx_word' id='word_1_681' title='bbox 524 5258 815 5333; x_wconf 69' lang='lat' dir='ltr'><strong>nouissime</strong></span> <span class='ocrx_word' id='word_1_682' title='bbox 856 5244 1141 5317; x_wconf 65' lang='lat' dir='ltr'><strong>inventam.</strong></span> <span class='ocrx_word' id='word_1_683' title='bbox 1183 5264 1302 5331; x_wconf 85' lang='lat' dir='ltr'><strong>Ipsa</strong></span> <span class='ocrx_word' id='word_1_684' title='bbox 1348 5263 1465 5319; x_wconf 67' lang='lat' dir='ltr'><strong>haec</strong></span> <span class='ocrx_word' id='word_1_685' title='bbox 1495 5265 1793 5332; x_wconf 72' lang='lat' dir='ltr'><strong>excursalio,</strong></span> 
     </span>
    </p>
   </div>
   <div class='ocr_carea' id='block_1_98' title="bbox 177 5331 1790 5402">
    <p class='ocr_par' dir='ltr' id='par_1_98' title="bbox 177 5331 1790 5402">
     <span class='ocr_line' id='line_1_98' title="bbox 177 5331 1790 5402; baseline 0.002 -16"><span class='ocrx_word' id='word_1_686' title='bbox 177 5331 328 5388; x_wconf 82' lang='lat' dir='ltr'><strong>haud</strong></span> <span class='ocrx_word' id='word_1_687' title='bbox 365 5334 450 5387; x_wconf 87' lang='lat' dir='ltr'><strong>ita</strong></span> <span class='ocrx_word' id='word_1_688' title='bbox 497 5331 726 5402; x_wconf 87' lang='lat' dir='ltr'><strong>pridem</strong></span> <span class='ocrx_word' id='word_1_689' title='bbox 776 5333 1079 5402; x_wconf 82' lang='lat' dir='ltr'><strong>inStitutum</strong></span> <span class='ocrx_word' id='word_1_690' title='bbox 1119 5334 1320 5388; x_wconf 86' lang='lat' dir='ltr'><strong>indicat</strong></span> <span class='ocrx_word' id='word_1_691' title='bbox 1368 5334 1507 5388; x_wconf 89' lang='lat' dir='ltr'><strong>istud</strong></span> <span class='ocrx_word' id='word_1_692' title='bbox 1554 5331 1790 5390; x_wconf 73' lang='lat' dir='ltr'><strong>festum:</strong></span> 
     </span>
    </p>
   </div>
   <div class='ocr_carea' id='block_1_99' title="bbox 180 5400 1793 5474">
    <p class='ocr_par' dir='ltr' id='par_1_99' title="bbox 180 5400 1793 5474">
     <span class='ocr_line' id='line_1_99' title="bbox 180 5400 1793 5474; baseline 0.001 -17"><span class='ocrx_word' id='word_1_693' title='bbox 180 5400 574 5474; x_wconf 76' lang='lat' dir='ltr'><strong>quamobrem</strong></span> <span class='ocrx_word' id='word_1_694' title='bbox 625 5409 683 5452; x_wconf 90' lang='lat' dir='ltr'><strong>ut</strong></span> <span class='ocrx_word' id='word_1_695' title='bbox 726 5414 890 5474; x_wconf 73' lang='lat' dir='ltr'><strong>verus</strong></span> <span class='ocrx_word' id='word_1_696' title='bbox 919 5402 990 5454; x_wconf 90' lang='lat' dir='ltr'><strong>sit</strong></span> <span class='ocrx_word' id='word_1_697' title='bbox 1038 5400 1262 5474; x_wconf 69' lang='lat' dir='ltr'><strong>Andreae</strong></span> <span class='ocrx_word' id='word_1_698' title='bbox 1298 5403 1544 5458; x_wconf 87' lang='lat' dir='ltr'><strong>Cretens.</strong></span> <span class='ocrx_word' id='word_1_699' title='bbox 1574 5406 1793 5474; x_wconf 65' lang='lat' dir='ltr'><strong>Callon,</strong></span> 
     </span>
    </p>
   </div>
   <div class='ocr_carea' id='block_1_100' title="bbox 180 5470 1794 5543">
    <p class='ocr_par' dir='ltr' id='par_1_100' title="bbox 180 5470 1794 5543">
     <span class='ocr_line' id='line_1_100' title="bbox 180 5470 1794 5543; baseline -0.001 -14"><span class='ocrx_word' id='word_1_700' title='bbox 180 5470 352 5540; x_wconf 76' lang='lat' dir='ltr'><strong>quem</strong></span> <span class='ocrx_word' id='word_1_701' title='bbox 407 5475 547 5543; x_wconf 79' lang='lat' dir='ltr'><strong>ejus</strong></span> <span class='ocrx_word' id='word_1_702' title='bbox 586 5470 813 5543; x_wconf 68' lang='lat' dir='ltr'><strong>nomine</strong></span> <span class='ocrx_word' id='word_1_703' title='bbox 852 5487 927 5543; x_wconf 17' lang='lat' dir='ltr'><strong>ex;</strong></span> <span class='ocrx_word' id='word_1_704' title='bbox 966 5472 1136 5525; x_wconf 89' lang='lat' dir='ltr'><strong>sacris</strong></span> <span class='ocrx_word' id='word_1_705' title='bbox 1182 5473 1490 5528; x_wconf 69' lang='lat' dir='ltr'><strong>Grarrorum</strong></span> <span class='ocrx_word' id='word_1_706' title='bbox 1531 5473 1682 5528; x_wconf 84' lang='lat' dir='ltr'><strong>libris</strong></span> <span class='ocrx_word' id='word_1_707' title='bbox 1743 5477 1794 5528; x_wconf 92' lang='lat' dir='ltr'><strong>in</strong></span> 
     </span>
    </p>
   </div>
   <div class='ocr_carea' id='block_1_101' title="bbox 177 5540 1795 5611">
    <p class='ocr_par' dir='ltr' id='par_1_101' title="bbox 177 5540 1795 5611">
     <span class='ocr_line' id='line_1_101' title="bbox 177 5540 1795 5611; baseline 0.002 -16"><span class='ocrx_word' id='word_1_708' title='bbox 177 5544 314 5598; x_wconf 88' lang='lat' dir='ltr'><strong>illud</strong></span> <span class='ocrx_word' id='word_1_709' title='bbox 340 5540 670 5604; x_wconf 67' lang='lat' dir='ltr'><strong>edidimus,</strong></span> <span class='ocrx_word' id='word_1_710' title='bbox 702 5540 863 5594; x_wconf 81' lang='lat' dir='ltr'><strong>fuerit</strong></span> <span class='ocrx_word' id='word_1_711' title='bbox 890 5540 1157 5611; x_wconf 80' lang='lat' dir='ltr'><strong>Georgius</strong></span> <span class='ocrx_word' id='word_1_712' title='bbox 1182 5543 1315 5597; x_wconf 80' lang='lat' dir='ltr'><strong>nihil</strong></span> <span class='ocrx_word' id='word_1_713' title='bbox 1353 5543 1568 5597; x_wconf 79' lang='lat' dir='ltr'><strong>Audrea</strong></span> <span class='ocrx_word' id='word_1_714' title='bbox 1607 5559 1795 5598; x_wconf 89' lang='lat' dir='ltr'><strong>recen-</strong></span> 
     </span>
    </p>
   </div>
   <div class='ocr_carea' id='block_1_102' title="bbox 176 5612 1793 5683">
    <p class='ocr_par' dir='ltr' id='par_1_102' title="bbox 176 5612 1793 5683">
     <span class='ocr_line' id='line_1_102' title="bbox 176 5612 1793 5683; baseline 0 -17"><span class='ocrx_word' id='word_1_715' title='bbox 176 5612 288 5670; x_wconf 87' lang='lat' dir='ltr'><strong>tior</strong></span> <span class='ocrx_word' id='word_1_716' title='bbox 324 5630 341 5669; x_wconf 92' lang='lat'><strong>:</strong></span> <span class='ocrx_word' id='word_1_717' title='bbox 390 5614 776 5677; x_wconf 81' lang='lat' dir='ltr'><strong>videaturque</strong></span> <span class='ocrx_word' id='word_1_718' title='bbox 818 5612 974 5665; x_wconf 88' lang='lat' dir='ltr'><strong>annis</strong></span> <span class='ocrx_word' id='word_1_719' title='bbox 1004 5614 1224 5683; x_wconf 79' lang='lat' dir='ltr'><strong>aliquot</strong></span> <span class='ocrx_word' id='word_1_720' title='bbox 1265 5615 1466 5678; x_wconf 86' lang='lat' dir='ltr'><strong>senior,</strong></span> <span class='ocrx_word' id='word_1_721' title='bbox 1489 5623 1557 5683; x_wconf 79' lang='lat' dir='ltr'><strong>et</strong></span> <span class='ocrx_word' id='word_1_722' title='bbox 1581 5614 1793 5683; x_wconf 86' lang='lat' dir='ltr'><strong>qualem</strong></span> 
     </span>
    </p>
   </div>
   <div class='ocr_carea' id='block_1_103' title="bbox 172 5682 1797 5756">
    <p class='ocr_par' dir='ltr' id='par_1_103' title="bbox 172 5682 1797 5756">
     <span class='ocr_line' id='line_1_103' title="bbox 172 5682 1797 5756; baseline -0.001 -16"><span class='ocrx_word' id='word_1_723' title='bbox 172 5684 530 5756; x_wconf 86' lang='lat' dir='ltr'><strong>conjicimus</strong></span> <span class='ocrx_word' id='word_1_724' title='bbox 590 5694 659 5733; x_wconf 79' lang='lat' dir='ltr'><strong>ex</strong></span> <span class='ocrx_word' id='word_1_725' title='bbox 693 5684 939 5734; x_wconf 85' lang='lat' dir='ltr'><strong>oratione</strong></span> <span class='ocrx_word' id='word_1_726' title='bbox 967 5682 1104 5751; x_wconf 83' lang='lat' dir='ltr'><strong>ejus,</strong></span> <span class='ocrx_word' id='word_1_727' title='bbox 1151 5685 1196 5739; x_wconf 81' lang='lat' dir='ltr'><strong>si</strong></span> <span class='ocrx_word' id='word_1_728' title='bbox 1242 5695 1416 5739; x_wconf 82' lang='lat' dir='ltr'><strong>tamen</strong></span> <span class='ocrx_word' id='word_1_729' title='bbox 1450 5682 1673 5753; x_wconf 84' lang='lat' dir='ltr'><strong>ejus,iu</strong></span> <span class='ocrx_word' id='word_1_730' title='bbox 1716 5686 1797 5739; x_wconf 80' lang='lat' dir='ltr'><strong>in-</strong></span> 
     </span>
    </p>
   </div>
   <div class='ocr_carea' id='block_1_104' title="bbox 527 5773 1085 5836">
    <p class='ocr_par' dir='ltr' id='par_1_104' title="bbox 527 5773 1085 5836">
     <span class='ocr_line' id='line_1_104' title="bbox 527 5773 1085 5836; baseline 0.005 -4"><span class='ocrx_word' id='word_1_731' title='bbox 527 5773 812 5834; x_wconf 70' lang='lat' dir='ltr'><strong>PATROL.</strong></span> <span class='ocrx_word' id='word_1_732' title='bbox 845 5775 961 5835; x_wconf 82' lang='lat' dir='ltr'><strong>Gn.</strong></span> <span class='ocrx_word' id='word_1_733' title='bbox 1021 5775 1085 5836; x_wconf 90' lang='lat' dir='ltr'><strong>C.</strong></span> 
     </span>
    </p>
   </div>
   <div class='ocr_carea' id='block_1_105' title="bbox 1903 4467 3484 4541">
    <p class='ocr_par' dir='ltr' id='par_1_105' title="bbox 1903 4467 3484 4541">
     <span class='ocr_line' id='line_1_105' title="bbox 1903 4467 3484 4541; baseline 0.01 -22"><span class='ocrx_word' id='word_1_734' title='bbox 1903 4467 2152 4533; x_wconf 87' lang='lat' dir='ltr'><strong>superior</strong></span> <span class='ocrx_word' id='word_1_735' title='bbox 2207 4468 2552 4536; x_wconf 89' lang='lat' dir='ltr'><strong>dispensatur</strong></span> <span class='ocrx_word' id='word_1_736' title='bbox 2611 4469 2829 4525; x_wconf 90' lang='lat' dir='ltr'><strong>humani</strong></span> <span class='ocrx_word' id='word_1_737' title='bbox 2864 4474 3080 4541; x_wconf 76' lang='lat' dir='ltr'><strong>generis</strong></span> <span class='ocrx_word' id='word_1_738' title='bbox 3138 4475 3484 4536; x_wconf 82' lang='lat' dir='ltr'><strong>instauratio.</strong></span> 
     </span>
    </p>
   </div>
   <div class='ocr_carea' id='block_1_106' title="bbox 1905 4558 3487 4643">
    <p class='ocr_par' dir='ltr' id='par_1_106' title="bbox 1905 4558 3487 4643">
     <span class='ocr_line' id='line_1_106' title="bbox 1905 4558 3487 4643; baseline 0.011 -32"><span class='ocrx_word' id='word_1_739' title='bbox 1905 4558 2051 4612; x_wconf 84' lang='lat' dir='ltr'><strong>Bona</strong></span> <span class='ocrx_word' id='word_1_740' title='bbox 2102 4568 2442 4615; x_wconf 80' lang='lat' dir='ltr'><strong>terrenarum</strong></span> <span class='ocrx_word' id='word_1_741' title='bbox 2499 4562 2810 4630; x_wconf 81' lang='lat' dir='ltr'><strong>voluntate,</strong></span> <span class='ocrx_word' id='word_1_742' title='bbox 2870 4564 3173 4622; x_wconf 71' lang='lat' dir='ltr'><strong>ctelestium</strong></span> <span class='ocrx_word' id='word_1_743' title='bbox 3234 4571 3487 4643; x_wconf 86' lang='lat' dir='ltr'><strong>voluptas</strong></span> 
     </span>
    </p>
   </div>
   <div class='ocr_carea' id='block_1_107' title="bbox 1906 4655 3483 4728">
    <p class='ocr_par' dir='ltr' id='par_1_107' title="bbox 1906 4655 3483 4728">
     <span class='ocr_line' id='line_1_107' title="bbox 1906 4655 3483 4728; baseline 0.013 -25"><span class='ocrx_word' id='word_1_744' title='bbox 1906 4658 2132 4705; x_wconf 67' lang='lat' dir='ltr'><strong>terrente</strong></span> <span class='ocrx_word' id='word_1_745' title='bbox 2168 4664 2517 4723; x_wconf 87' lang='lat' dir='ltr'><strong>comparatur</strong></span> <span class='ocrx_word' id='word_1_746' title='bbox 2551 4664 2779 4709; x_wconf 68' lang='lat' dir='ltr'><strong>naturae.</strong></span> <span class='ocrx_word' id='word_1_747' title='bbox 2826 4655 3059 4728; x_wconf 84' lang='lat' dir='ltr'><strong>Propter</strong></span> <span class='ocrx_word' id='word_1_748' title='bbox 3085 4660 3256 4717; x_wconf 90' lang='lat' dir='ltr'><strong>Deum</strong></span> <span class='ocrx_word' id='word_1_749' title='bbox 3304 4667 3483 4722; x_wconf 89' lang='lat' dir='ltr'><strong>visum</strong></span> 
     </span>
    </p>
   </div>
   <div class='ocr_carea' id='block_1_108' title="bbox 1903 4741 3302 4826">
    <p class='ocr_par' dir='ltr' id='par_1_108' title="bbox 1903 4741 3302 4826">
     <span class='ocr_line' id='line_1_108' title="bbox 1903 4741 3302 4826; baseline 0.011 -30"><span class='ocrx_word' id='word_1_750' title='bbox 1903 4741 1964 4796; x_wconf 89' lang='lat' dir='ltr'><strong>in</strong></span> <span class='ocrx_word' id='word_1_751' title='bbox 1995 4752 2159 4811; x_wconf 88' lang='lat' dir='ltr'><strong>terra,</strong></span> <span class='ocrx_word' id='word_1_752' title='bbox 2189 4745 2430 4799; x_wconf 69' lang='lat' dir='ltr'><strong>cmlestis</strong></span> <span class='ocrx_word' id='word_1_753' title='bbox 2461 4747 2778 4801; x_wconf 89' lang='lat' dir='ltr'><strong>mortalibus</strong></span> <span class='ocrx_word' id='word_1_754' title='bbox 2809 4762 3035 4817; x_wconf 87' lang='lat' dir='ltr'><strong>paratur</strong></span> <span class='ocrx_word' id='word_1_755' title='bbox 3068 4756 3302 4826; x_wconf 87' lang='lat' dir='ltr'><strong>requies.</strong></span> 
     </span>
    </p>
   </div>
   <div class='ocr_carea' id='block_1_109' title="bbox 1978 4834 3480 4912">
    <p class='ocr_par' dir='ltr' id='par_1_109' title="bbox 1978 4834 3480 4912">
     <span class='ocr_line' id='line_1_109' title="bbox 1978 4834 3480 4912; baseline 0.013 -24"><span class='ocrx_word' id='word_1_756' title='bbox 1978 4834 2104 4889; x_wconf 63' lang='lat' dir='ltr'><strong>Haec</strong></span> <span class='ocrx_word' id='word_1_757' title='bbox 2152 4835 2275 4890; x_wconf 78' lang='lat' dir='ltr'><strong>festi</strong></span> <span class='ocrx_word' id='word_1_758' title='bbox 2323 4848 2642 4905; x_wconf 82' lang='lat' dir='ltr'><strong>conventus,</strong></span> <span class='ocrx_word' id='word_1_759' title='bbox 2695 4854 2856 4909; x_wconf 88' lang='lat' dir='ltr'><strong>quem</strong></span> <span class='ocrx_word' id='word_1_760' title='bbox 2908 4846 3142 4912; x_wconf 79' lang='lat' dir='ltr'><strong>agimus,</strong></span> <span class='ocrx_word' id='word_1_761' title='bbox 3198 4849 3336 4903; x_wconf 89' lang='lat' dir='ltr'><strong>ratio</strong></span> <span class='ocrx_word' id='word_1_762' title='bbox 3372 4860 3480 4909; x_wconf 87' lang='lat' dir='ltr'><strong>est.</strong></span> 
     </span>
    </p>
   </div>
   <div class='ocr_carea' id='block_1_110' title="bbox 1907 4925 3483 5008">
    <p class='ocr_par' dir='ltr' id='par_1_110' title="bbox 1907 4925 3483 5008">
     <span class='ocr_line' id='line_1_110' title="bbox 1907 4925 3483 5008; baseline 0.011 -29"><span class='ocrx_word' id='word_1_763' title='bbox 1907 4925 2021 4980; x_wconf 78' lang='lat' dir='ltr'><strong>Hoc</strong></span> <span class='ocrx_word' id='word_1_764' title='bbox 2050 4926 2212 4982; x_wconf 88' lang='lat' dir='ltr'><strong>hodie</strong></span> <span class='ocrx_word' id='word_1_765' title='bbox 2247 4927 2405 4994; x_wconf 90' lang='lat' dir='ltr'><strong>lucri,</strong></span> <span class='ocrx_word' id='word_1_766' title='bbox 2441 4931 2499 4997; x_wconf 90' lang='lat' dir='ltr'><strong>ii,</strong></span> <span class='ocrx_word' id='word_1_767' title='bbox 2529 4933 2619 5000; x_wconf 88' lang='lat' dir='ltr'><strong>qui</strong></span> <span class='ocrx_word' id='word_1_768' title='bbox 2652 4949 3022 4991; x_wconf 85' lang='lat' dir='ltr'><strong>convenerunt</strong></span> <span class='ocrx_word' id='word_1_769' title='bbox 3058 4941 3352 5008; x_wconf 78' lang='lat' dir='ltr'><strong>repositum</strong></span> <span class='ocrx_word' id='word_1_770' title='bbox 3382 4942 3483 4995; x_wconf 90' lang='lat' dir='ltr'><strong>ha-</strong></span> 
     </span>
    </p>
   </div>
   <div class='ocr_carea' id='block_1_111' title="bbox 1905 5020 3483 5097">
    <p class='ocr_par' dir='ltr' id='par_1_111' title="bbox 1905 5020 3483 5097">
     <span class='ocr_line' id='line_1_111' title="bbox 1905 5020 3483 5097; baseline 0.01 -24"><span class='ocrx_word' id='word_1_771' title='bbox 1905 5020 2054 5074; x_wconf 86' lang='lat' dir='ltr'><strong>hent.</strong></span> <span class='ocrx_word' id='word_1_772' title='bbox 2095 5020 2218 5077; x_wconf 70' lang='lat' dir='ltr'><strong>llaac</strong></span> <span class='ocrx_word' id='word_1_773' title='bbox 2256 5036 2421 5077; x_wconf 82' lang='lat' dir='ltr'><strong>causa</strong></span> <span class='ocrx_word' id='word_1_774' title='bbox 2464 5022 2587 5089; x_wconf 83' lang='lat' dir='ltr'><strong>fuit,</strong></span> <span class='ocrx_word' id='word_1_775' title='bbox 2625 5042 2748 5080; x_wconf 86' lang='lat' dir='ltr'><strong>cum</strong></span> <span class='ocrx_word' id='word_1_776' title='bbox 2797 5038 2856 5081; x_wconf 94' lang='lat' dir='ltr'><strong>ut</strong></span> <span class='ocrx_word' id='word_1_777' title='bbox 2895 5031 3180 5097; x_wconf 78' lang='lat' dir='ltr'><strong>praesentia</strong></span> <span class='ocrx_word' id='word_1_778' title='bbox 3219 5031 3483 5088; x_wconf 84' lang='lat' dir='ltr'><strong>miracula</strong></span> 
     </span>
    </p>
   </div>
   <div class='ocr_carea' id='block_1_112' title="bbox 1904 5106 3477 5188">
    <p class='ocr_par' dir='ltr' id='par_1_112' title="bbox 1904 5106 3477 5188">
     <span class='ocr_line' id='line_1_112' title="bbox 1904 5106 3477 5188; baseline 0.008 -22"><span class='ocrx_word' id='word_1_779' title='bbox 1904 5113 2311 5179; x_wconf 75' lang='lat' dir='ltr'><strong>exhiberentur,</strong></span> <span class='ocrx_word' id='word_1_780' title='bbox 2366 5125 2475 5170; x_wconf 92' lang='lat' dir='ltr'><strong>tum</strong></span> <span class='ocrx_word' id='word_1_781' title='bbox 2512 5126 2569 5170; x_wconf 89' lang='lat' dir='ltr'><strong>ut</strong></span> <span class='ocrx_word' id='word_1_782' title='bbox 2602 5106 2821 5188; x_wconf 77' lang='lat' dir='ltr'><strong>propter</strong></span> <span class='ocrx_word' id='word_1_783' title='bbox 2863 5135 2927 5174; x_wconf 89' lang='lat' dir='ltr'><strong>ea</strong></span> <span class='ocrx_word' id='word_1_784' title='bbox 2959 5120 3257 5177; x_wconf 78' lang='lat' dir='ltr'><strong>conventus</strong></span> <span class='ocrx_word' id='word_1_785' title='bbox 3301 5122 3477 5181; x_wconf 76' lang='lat' dir='ltr'><strong>ﬁeret.</strong></span> 
     </span>
    </p>
   </div>
   <div class='ocr_carea' id='block_1_113' title="bbox 1899 5268 3476 5338">
    <p class='ocr_par' dir='ltr' id='par_1_113' title="bbox 1899 5268 3476 5338">
     <span class='ocr_line' id='line_1_113' title="bbox 1899 5268 3476 5338; baseline 0.008 -19"><span class='ocrx_word' id='word_1_786' title='bbox 1899 5268 2206 5323; x_wconf 90' lang='lat' dir='ltr'><strong>ventionem</strong></span> <span class='ocrx_word' id='word_1_787' title='bbox 2231 5272 2399 5325; x_wconf 80' lang='lat' dir='ltr'><strong>vestis</strong></span> <span class='ocrx_word' id='word_1_788' title='bbox 2426 5270 2665 5338; x_wconf 89' lang='lat' dir='ltr'><strong>ejusdem</strong></span> <span class='ocrx_word' id='word_1_789' title='bbox 2699 5282 2901 5329; x_wconf 65' lang='lat' dir='ltr'><strong>sanctae</strong></span> <span class='ocrx_word' id='word_1_790' title='bbox 2925 5272 3193 5330; x_wconf 73' lang='lat' dir='ltr'><strong>Mariaemt</strong></span> <span class='ocrx_word' id='word_1_791' title='bbox 3218 5276 3476 5332; x_wconf 82' lang='lat' dir='ltr'><strong>nimirum</strong></span> 
     </span>
    </p>
   </div>
   <div class='ocr_carea' id='block_1_114' title="bbox 1900 5338 3475 5420">
    <p class='ocr_par' dir='ltr' id='par_1_114' title="bbox 1900 5338 3475 5420">
     <span class='ocr_line' id='line_1_114' title="bbox 1900 5338 3475 5420; baseline 0.007 -29"><span class='ocrx_word' id='word_1_792' title='bbox 1900 5347 2107 5420; x_wconf 78' lang='lat' dir='ltr'><strong>spectet</strong></span> <span class='ocrx_word' id='word_1_793' title='bbox 2130 5339 2197 5395; x_wconf 89' lang='lat' dir='ltr'><strong>ad</strong></span> <span class='ocrx_word' id='word_1_794' title='bbox 2221 5338 2453 5395; x_wconf 86' lang='lat' dir='ltr'><strong>lleraclii</strong></span> <span class='ocrx_word' id='word_1_795' title='bbox 2480 5351 2741 5412; x_wconf 86' lang='lat' dir='ltr'><strong>tempora,</strong></span> <span class='ocrx_word' id='word_1_796' title='bbox 2773 5355 2896 5415; x_wconf 88' lang='lat' dir='ltr'><strong>post</strong></span> <span class='ocrx_word' id='word_1_797' title='bbox 2920 5346 3012 5400; x_wconf 88' lang='lat' dir='ltr'><strong>illa</strong></span> <span class='ocrx_word' id='word_1_798' title='bbox 3044 5356 3222 5402; x_wconf 85' lang='lat' dir='ltr'><strong>tamen</strong></span> <span class='ocrx_word' id='word_1_799' title='bbox 3258 5358 3475 5404; x_wconf 80' lang='lat' dir='ltr'><strong>creatus</strong></span> 
     </span>
    </p>
   </div>
   <div class='ocr_carea' id='block_1_115' title="bbox 1900 5420 3499 5479">
    <p class='ocr_par' dir='ltr' id='par_1_115' title="bbox 1900 5420 3499 5479">
     <span class='ocr_line' id='line_1_115' title="bbox 1900 5420 3499 5479; baseline 0.004 -18"><span class='ocrx_word' id='word_1_800' title='bbox 1900 5421 2206 5479; x_wconf 74' lang='lat' dir='ltr'><strong>episcopus.</strong></span> <span class='ocrx_word' id='word_1_801' title='bbox 3491 5420 3499 5431; x_wconf 86' lang='lat'><strong>‘</strong></span> 
     </span>
    </p>
   </div>
   <div class='ocr_carea' id='block_1_116' title="bbox 1972 5478 3475 5558">
    <p class='ocr_par' dir='ltr' id='par_1_116' title="bbox 1972 5478 3475 5558">
     <span class='ocr_line' id='line_1_116' title="bbox 1972 5478 3475 5558; baseline 0.007 -26"><span class='ocrx_word' id='word_1_802' title='bbox 1972 5478 2048 5549; x_wconf 89' lang='lat'><strong>(6)</strong></span> <span class='ocrx_word' id='word_1_803' title='bbox 2088 5478 2297 5535; x_wconf 38' lang='lat' dir='ltr'><strong>’Altera</strong></span> <span class='ocrx_word' id='word_1_804' title='bbox 2344 5481 3173 5558; x_wconf 77' lang='lat' dir='ltr'><strong>hac__or_alione_prosequitur</strong></span> <span class='ocrx_word' id='word_1_805' title='bbox 3234 5498 3475 5558; x_wconf 71' lang='lat' dir='ltr'><strong>emptum</strong></span> 
     </span>
    </p>
   </div>
   <div class='ocr_carea' id='block_1_117' title="bbox 1901 5552 3479 5624">
    <p class='ocr_par' dir='ltr' id='par_1_117' title="bbox 1901 5552 3479 5624">
     <span class='ocr_line' id='line_1_117' title="bbox 1901 5552 3479 5624; baseline 0.007 -23"><span class='ocrx_word' id='word_1_806' title='bbox 1901 5560 2301 5624; x_wconf 75' lang='lat' dir='ltr'><strong>argumentum,</strong></span> <span class='ocrx_word' id='word_1_807' title='bbox 2328 5552 2764 5624; x_wconf 83' lang='lat' dir='ltr'><strong>peculiuriusque</strong></span> <span class='ocrx_word' id='word_1_808' title='bbox 2788 5552 2840 5611; x_wconf 80' lang='lat' dir='ltr'><strong>in</strong></span> <span class='ocrx_word' id='word_1_809' title='bbox 2869 5552 3039 5612; x_wconf 65' lang='lat' dir='ltr'><strong>Auuz&#39;e</strong></span> <span class='ocrx_word' id='word_1_810' title='bbox 3066 5559 3251 5615; x_wconf 88' lang='lat' dir='ltr'><strong>laudes</strong></span> <span class='ocrx_word' id='word_1_811' title='bbox 3277 5552 3479 5614; x_wconf 64' lang='lat' dir='ltr'><strong>cicur-</strong></span> 
     </span>
    </p>
   </div>
   <div class='ocr_carea' id='block_1_118' title="bbox 1901 5619 3476 5696">
    <p class='ocr_par' dir='ltr' id='par_1_118' title="bbox 1901 5619 3476 5696">
     <span class='ocr_line' id='line_1_118' title="bbox 1901 5619 3476 5696; baseline 0.01 -25"><span class='ocrx_word' id='word_1_812' title='bbox 1901 5619 1992 5682; x_wconf 89' lang='lat' dir='ltr'><strong>rit,</strong></span> <span class='ocrx_word' id='word_1_813' title='bbox 2045 5619 2273 5696; x_wconf 81' lang='lat' dir='ltr'><strong>ejus_e_x</strong></span> <span class='ocrx_word' id='word_1_814' title='bbox 2333 5619 2644 5696; x_wconf 78' lang='lat' dir='ltr'><strong>apocrypha</strong></span> <span class='ocrx_word' id='word_1_815' title='bbox 2676 5619 2903 5696; x_wconf 48' lang='lat' dir='ltr'><strong>&#39;uostro,</strong></span> <span class='ocrx_word' id='word_1_816' title='bbox 2961 5643 3025 5682; x_wconf 86' lang='lat' dir='ltr'><strong>ac</strong></span> <span class='ocrx_word' id='word_1_817' title='bbox 3078 5628 3218 5684; x_wconf 88' lang='lat' dir='ltr'><strong>libro</strong></span> <span class='ocrx_word' id='word_1_818' title='bbox 3287 5626 3476 5686; x_wconf 80' lang='lat' dir='ltr'><strong>Jacobi</strong></span> 
     </span>
    </p>
   </div>
   <div class='ocr_carea' id='block_1_119' title="bbox 1900 5690 2836 5748">
    <p class='ocr_par' dir='ltr' id='par_1_119' title="bbox 1900 5690 2836 5748">
     <span class='ocr_line' id='line_1_119' title="bbox 1900 5690 2836 5748; baseline 0.005 -5"><span class='ocrx_word' id='word_1_819' title='bbox 1900 5699 2154 5746; x_wconf 78' lang='lat' dir='ltr'><strong>retexens</strong></span> <span class='ocrx_word' id='word_1_820' title='bbox 2187 5690 2518 5748; x_wconf 52' lang='lat' dir='ltr'><strong>bismriam.‘</strong></span> <span class='ocrx_word' id='word_1_821' title='bbox 2538 5690 2553 5694; x_wconf 77' lang='grc'><em>”</em></span> <span class='ocrx_word' id='word_1_822' title='bbox 2833 5697 2836 5701; x_wconf 43' lang='grc' dir='ltr'>λ</span> 
     </span>
    </p>
   </div>
  </div>
