3938 6168
866 257 945 271 ’ἡ

238 323 354 391 1357
435 383 448 395 .

1270 325 1353 385 ΙΝ
1394 320 1978 385 CONCEPTIONEM
2018 323 2077 380 S.
2118 320 2363 381 ΑΝΝίΕ.

3326 317 3463 381 1358

236 438 364 495 ne:
388 436 451 506 τῇ
499 430 751 507 παρούσῃ
796 431 1056 505 θυμηδίᾳ,
1090 432 1184 487 καὶ
1224 435 1289 503 τῇ
1333 432 1568 501 φιλοθέῳ
1612 432 1787 502 ταύτῃ

1892 430 2033 483 haud
2076 438 2255 482 tamen
2296 430 2349 481 in
2376 426 2622 495 prrcsenti
2669 426 2878 491 laetitia,
2909 441 2971 481 ac
3007 425 3254 495 religioso
3286 441 3465 483 vestro

233 526 498 601 ὁμηγύρει,
546 523 819 593 οὐδαμῶς.
863 525 954 578 Διὸ
986 523 1091 595 χρὴ
1131 523 1227 576 καὶ
1271 524 1510 593 σήμερον
1557 522 1624 574 τὰ
1656 522 1786 590 περὶ

233 617 411 686 ταύτης
426 613 714 681 διεξελθεῖν
738 613 1022 685 πρότερον,
1049 610 1151 667 εἷθ’
1173 612 1318 667 οὕτω
1338 613 1407 665 τὰ
1432 611 1787 665 ἐπιλείποντα

233 711 320 778 τῆς
358 706 660 769 ὑποθέσεως
687 706 754 759 δι’
790 705 1146 773 ἀναπτύξεως
1185 705 1363 759 αὐτῶν
1395 708 1508 769 τοῖς
1548 704 1789 758 συνειλε-

232 799 432 871 γμένοις
458 784 801 869 προσθεῖναι.
817 796 1031 868 Ὥσπερ
1059 797 1169 869 γὰρ
1201 798 1293 853 τὸν
1325 797 1702 869 μεγαλόψυχόν
1728 813 1787 848 τε

234 890 372 962 ὁμοῦ,
416 891 511 944 καὶ
558 891 697 961 πρὸς
746 889 1028 960 φιλοθεῖαν
1074 891 1339 958 διάπυρον
1375 889 1636 959 Ἰωακειμ
1680 886 1787 957 πρὸ

234 982 442 1054 βραχέος
482 983 542 1036 έν
576 982 903 1054 ὑπερέχοντι
935 981 1143 1053 ἢγομεν
1188 982 1450 1052 θαύματι,
1493 980 1642 1043 ὅπως
1687 979 1789 1048 μὲν

233 1070 355 1140 πρὸς
381 1070 445 1124 τὰ
465 1072 648 1125 εἰκαῖα
674 1070 783 1123 τῶν
823 1070 1090 1126 Ἰουδαίων
1111 1073 1212 1123 οὑκ
1241 1069 1575 1143 ἁντιδιετέθη
1601 1068 1789 1139 σκώμ-

234 1176 386 1230 ματα,
415 1159 509 1213 καὶ
536 1157 637 1229 τὴν
666 1159 874 1230 αὐθάδη
905 1161 1014 1213 τῶν
1039 1160 1409 1225 ὀνειδιζόντων
1441 1160 1542 1213 οὑκ
1562 1158 1791 1211 ἐπεστό-

235 1267 375 1319 μισεν
427 1250 779 1314 ἀλαζονείαν,
813 1251 1017 1321 μηδένα
1062 1251 1163 1321 μὲν
1209 1252 1427 1314 δεικνὺς
1479 1267 1788 1321 παρακεκιρ

230 1341 411 1412 νῆσθαι
439 1341 603 1413 νόμον
638 1343 697 1407 εν
736 1345 853 1406 τοῖς
898 1342 1331 1413 ἀνατιθεμένοις,
1358 1343 1542 1413 φθόνῳ
1584 1344 1660 1407 δὲ,
1690 1343 1789 1410 τὴν

229 1433 620 1503 ἀπροφάσιστον
662 1432 783 1487 κατ’
805 1432 971 1486 αὑτοῦ
1003 1433 1360 1503 ἐπινοηθῆναι
1395 1433 1594 1502 σκῆψιν
1619 1449 1632 1461 ·
1670 1432 1789 1496 πῶς

227 1524 280 1577 δὲ
301 1523 544 1593 καθάπερ
572 1524 799 1591 τούτων,
830 1522 973 1577 οὕτω
1004 1524 1099 1577 καὶ
1127 1525 1241 1577 τῶν
1275 1524 1395 1577 κατ’
1436 1521 1585 1578 οἶκον
1618 1524 1793 1578 ἁπάν-

229 1630 329 1668 των
355 1617 801 1686 καταφρονήσας,
827 1615 945 1685 Θεῷ
976 1616 1074 1686 μὲν
1106 1616 1253 1686 μόνῳ
1282 1616 1350 1668 τὰ
1380 1617 1509 1686 περὶ
1536 1615 1630 1669 τοῦ
1652 1614 1792 1685 πρά-

228 1718 423 1777 γματος
450 1706 785 1773 ἀνατίθεται,
815 1706 913 1776 τὴν
943 1707 1200 1777 ὑπερφυᾶ
1222 1706 1280 1760 δὲ
1308 1707 1606 1776 καρτερίαν
1636 1708 1693 1761 ἐν
1720 1708 1785 1777 τῇ

1890 530 2179 575 conventu.
2202 517 2567 585 Quamobrem
2594 528 2807 588 oportet
2829 528 2907 581 ut,
2936 517 3171 572 breviter
3197 532 3466 584 praeenar-

1888 613 2023 668 ratis
2052 629 2170 681 qua:
2201 613 2267 667 ad
2301 628 2420 667 eam
2464 619 2736 682 spectant,
2770 626 2891 683 quae
2917 613 3218 680 argumenti
3257 612 3465 680 reliqua

1890 711 2038 768 sunt,
2085 715 2269 758 veSIro
2298 704 2558 772 deinceps
2593 704 2785 768 ctetni,
2814 703 3136 773 explicanda
3175 718 3464 773 apponam.

1889 793 2355 859 Quemadmodum
2389 796 2533 849 enim
2568 795 2728 864 paulo
2754 804 2902 858 ante,
2946 794 3289 863 magniﬁcum
3324 796 3469 862 pari-

1895 894 1975 939 tcr
1996 884 2243 940 Joacliim
2290 887 2554 952 animum,
2607 884 2831 955 ejusque
2870 886 2921 939 in
2957 884 3126 941 Deum
3179 899 3466 941 accensam

1890 974 2143 1044 pietatem
2203 979 2436 1031 maxima
2493 980 2727 1046 quatiam
2780 978 3141 1033 admiratione
3195 978 3467 1046 prosecuti

1889 1081 2108 1134 smnus,
2148 1077 2205 1122 ιιι
2253 1069 2509 1121 nimirum
2567 1082 2673 1122 non
2729 1067 2894 1124 fuerit
2956 1079 3137 1124 motus
3190 1069 3467 1123 contrario

1891 1156 2085 1212 allertn
2134 1159 2200 1212 ad
2250 1149 2596 1222 Judieorum,
2652 1160 2847 1229 quibus
2901 1160 3275 1215 incessabatur
3327 1174 3467 1212 vana

1889 1259 2212 1313 Scommata,
2246 1264 2347 1303 nec
2387 1251 2646 1304 audacem
2679 1251 3159 1320 improperantinm
3200 1266 3467 1320 arrogan-

1893 1340 2021 1393 tiam
2080 1341 2496 1408 compresserit,
2544 1342 2718 1411 palam
2750 1345 3041 1398 ostendens
3087 1344 3287 1399 nullam
3318 1358 3379 1401 se
3413 1345 3465 1396 in

1890 1430 2091 1484 oblatis
2121 1431 2356 1485 violasse
2387 1431 2587 1500 legem,
2638 1433 2865 1500 solaque
2912 1448 3007 1488 eos
3057 1434 3282 1499 invidia,
3332 1435 3467 1489 nihil

1892 1536 2073 1575 causa:
2107 1522 2395 1577 habentem
2429 1534 2619 1577 contra
2653 1524 2827 1595 ipsum
2876 1526 3218 1596 excogitasse
3264 1526 3469 1580 calum-

1892 1613 2037 1666 niam
2073 1631 2086 1666 :
2129 1622 2186 1668 ut
2221 1615 2372 1678 item,
2406 1617 2545 1671 sicut
2578 1616 2723 1679 istis,
2755 1617 2828 1670 ita
2859 1625 2911 1671 et
2945 1618 3261 1673 domesticis
3289 1619 3468 1672 omni-

1894 1701 1995 1757 bus
2025 1703 2306 1774 neglectis,
2343 1704 2395 1759 in
2432 1705 2598 1759 Deum
2647 1707 2818 1761 solum
2856 1708 2931 1761 rei
2964 1723 3233 1783 summam
3275 1707 3471 1762 retule-

227 1796 407 1867 ἐρήμῳ
439 1795 798 1851 ἐνδείκνυται.
838 1796 1052 1867 ’Ὠσπερ
1080 1791 1174 1849 οὖν
1204 1796 1273 1849 τὰ
1300 1795 1397 1849 τοῦ
1437 1796 1648 1850 δικαίου
1670 1797 1788 1848 τότε

1898 1794 1986 1856 rit,
2016 1796 2321 1871 eximieque
2347 1813 2394 1847 ιιι
2424 1796 2644 1871 rabilem
2671 1798 3133 1866 perseverantiam
3169 1799 3220 1851 in
3248 1797 3471 1867 deserto

226 1886 705 1951 διαναπτύσσοντες
733 1888 1209 1961 πλεονεκτήματα,
1240 1888 1299 1941 τὸ
1330 1889 1667 1960 ὑπερανέχον
1696 1889 1792 1943 αὑ-

225 1978 325 2031 τῶν
345 1977 751 2050 ἐθαυμάζομεν,
774 1978 918 2033 οὕτω
940 1981 1033 2033 καὶ
1062 1982 1131 2034 τὰ
1151 1985 1247 2051 τῆς
1265 1980 1539 2050 ὑμοζύγςυ
1567 1981 1787 2053 Ἀννης,

223 2068 375 2139 εἴπερ
394 2068 460 2123 ἂν
489 2070 572 2132 εἰς
600 2070 767 2140 μέσον
786 2069 865 2140 τῷ
881 2069 1025 2141 λόγῳ
1046 2071 1364 2142 παραγάγοι
1374 2089 1494 2140 μεν,
1514 2072 1792 2143 κατορθώ-

225 2180 382 2234 ματα,
413 2163 493 2234 τῷ
534 2162 861 2235 καταλλήλῳ
893 2163 1104 2226 τούτοις
1136 2163 1612 2235 συνανυψὼσωμεν
1655 2164 1790 2218 θαύ-

226 2268 371 2322 ματι.
413 2251 644 2324 Ἐπίσης
687 2253 799 2323 γὰρ
837 2254 934 2307 καὶ
975 2256 1114 2326 αὐτῇ
1146 2254 1332 2326 τὸτῆς
1379 2257 1656 2327 ὑπομονῆς
1701 2257 1792 2310 καὶ

221 2344 534 2416 καρτερίας,
559 2345 762 2415 μᾶλλον
790 2345 847 2399 δὲ
891 2347 1218 2418 ὑπερέχοντι
1261 2348 1546 2414 δοξάζεται
1597 2350 1792 2402 πλεον-

218 2437 343 2507 εκτή
352 2455 504 2507 ματι.
522 2438 701 2494 Πολλὰ
716 2440 772 2494 δὲ
789 2440 856 2493 τὰ
878 2458 954 2494 πα
962 2439 1231 2511 ριστῶντα
1247 2441 1427 2503 τοῦτο,
1454 2442 1550 2496 καὶ
1566 2443 1644 2506 είς
1668 2443 1792 2512 ὄψιν

217 2530 414 2598 ἄγοντα
453 2534 568 2595 τοῖς
615 2531 964 2602 βουλομένοις
1010 2532 1349 2603 πράγματα’
1386 2534 1525 2587 οἵτε
1569 2535 1678 2604 γὰρ
1720 2534 1791 2587 δι’

218 2621 463 2679 ἀτεκνίαν
496 2624 652 2695 παρὰ
692 2624 788 2677 τοῦ
818 2625 1007 2691 γένους
1043 2625 1356 2696 ὀνειδισμοὶ,
1390 2625 1482 2679 καὶ
1513 2627 1546 2696 ὴ
1596 2625 1793 2694 ἄδηλος

213 2711 305 2766 τοῦ
328 2713 528 2785 ἀνδρὸς
568 2715 851 2785 ἀποδημία
874 2733 887 2746 ·
931 2717 1069 2788 πρὸς
1093 2717 1306 2783 τούτοις
1350 2718 1446 2771 καὶ
1474 2718 1543 2770 τὰ
1582 2717 1792 2786 τολμώο

219 2818 351 2871 μενα
394 2804 501 2874 τῆς
530 2805 795 2869 οίκέτιδος
832 2805 1174 2877 σκώμματα,
1213 2808 1309 2861 καὶ
1354 2809 1411 2861 αἱ
1441 2807 1507 2862 δι’
1538 2808 1792 2861 ἀπαιδίαν

213 2892 681 2965 ἐπιφημιζὸμεναι
738 2897 891 2966 παρὰ
940 2899 1048 2950 τῶν
1097 2899 1457 2969 συμφυλετῶν
1504 2901 1655 2970 ἀραὶ,
1699 2901 1792 2960 καὶ

212 2983 342 3053 παρ’
394 2984 574 3056 αὐτῆς
612 2985 833 3056 ἐκείνης
868 2989 952 3046 εἰς
994 2986 1120 3055 ὄψιν
1166 2987 1456 3058 ἀγόμεναι,
1489 2992 1585 3042 καὶ
1629 2990 1678 3042 οἳ
1724 2989 1792 3042 δι’

214 3072 577 3145 ὑπομνήσεως
617 3076 718 3145 τῆς
762 3078 987 3131 ἐκείνων
1020 3078 1255 3149 ὀξύτερα
1288 3082 1356 3134 τὰ
1389 3080 1531 3135 κατὰ
1574 3083 1673 3149 τῆς
1710 3083 1788 3134 δι-

108 3218 115 3223 _
212 3162 369 3227 καίας
392 3164 733 3237 ὲπαφιείσης
764 3166 917 3238 βέλη,
944 3168 1006 3220 τὸ
1031 3167 1275 3222 τοιοῦτον
1306 3171 1784 3227 ὲπιϐεϐαιὼσαιεν.

223 3252 380 3310 Ἀλλὰ
411 3257 519 3328 τὴν
542 3260 845 3329 καρτερίαν
874 3261 1212 3316 ἁντιτιθείσα
1240 3266 1354 3326 τοῖς
1389 3265 1792 3334 συμπίπτουσιν

209 3348 242 3415 ἡ
272 3348 443 3402 Ἄννα
472 3349 764 3419 λυπηροῖς,
809 3352 1013 3422 ἔπασχε
1051 3353 1173 3420 μὲν,
1207 3354 1286 3423 τῷ
1332 3356 1406 3425 μὴ
1451 3356 1792 3425 ἀναισθήτως

211 3429 351 3501 ἒχειν
393 3434 538 3503 πρὸς
581 3434 775 3500 ταῦτα,
810 3438 870 3490 οὐ
897 3440 1270 3495 κατεϐάλλετο
1307 3441 1363 3494 δὲ
1402 3443 1497 3495 τοῦ
1530 3445 1628 3514 τῆς
1656 3445 1790 3499 ὑπο-

211 3524 375 3594 μονῆς
404 3524 606 3595 ὕψους,
642 3527 676 3597 ἢ
709 3529 847 3598 πρὸς
884 3530 1125 3601 ἀθυμίας
1159 3535 1548 3607 ταπεινότητα,
1583 3539 1615 3608 ἢ
1653 3537 1791 3605 πρὸς

206 3612 594 3685 ἀγανάκτησιν
645 3619 755 3672 τῶν
801 3621 1215 3692 ἐπιτιθεμένων.
1267 3625 1430 3680 Ὅθεν
1488 3627 1610 3681 οὑδὲ
1655 3628 1792 3699 πρὸς

202 3706 323 3768 τοὺς
355 3708 727 3791 ὀνειδίζοντας
759 3713 1204 3782 ἀντιφθέγγεται,
1237 3718 1359 3771 οὐδὲ
1386 3719 1526 3789 πρὸς
1548 3721 1648 3789 τὴν
1673 3721 1789 3772 ἄδι-

203 3806 295 3849 κον
323 3798 513 3850 αὐτῶν
566 3799 861 3870 ἐπίπληξιν
903 3804 1376 3862 ἀντικαθίσταται.
1406 3810 1478 3862 Οὐ
1526 3812 1794 3880 φίέονερᾶς

201 3879 336 3941 εἶναι
363 3889 523 3956 λέγει
564 3897 942 3960 προαιρέσεως
968 3896 1067 3965 τὴν
1101 3900 1582 3971 προφασιζομένην
1604 3879 1789 3964 αὑτοῖς

201 3982 591 4049 παρανομίαν·
647 3983 872 4053 γνώμης
906 3987 1127 4050 ὀἰκείας
1179 3989 1423 4060 εὕρημα,
1460 3994 1554 4045 καὶ
1599 3995 1699 4051 οὑκ
1732 3997 1791 4047 ὲν

198 4070 501 4140 γράμμασι
557 4073 814 4142 κείμενον
862 4076 924 4128 τὸ
972 4078 1342 4149 κακούργημα
1396 4082 1556 4135 τοῦτο
1620 4102 1791 4155 προσ-

195 4161 469 4227 ονειδίζει.
517 4166 598 4217 Ut)
634 4168 698 4235 τῇ
736 4166 829 4219 τοῦ
874 4169 1064 4235 γένους
1104 4171 1344 4243 ὑπεροχῇ
1395 4170 1786 4247 σεμνυνομένη,

194 4248 285 4307 καὶ
320 4252 397 4322 τῷ
436 4252 537 4305 τοῦ
578 4254 696 4322 βίου
744 4257 1133 4329 ἁνεπιπλὰστῳ
1178 4266 1608 4335 συνεργουμένη,
1649 4269 1791 4336 παρ-

192 4340 356 4412 ρησίᾳ
390 4345 499 4412 μὲν
532 4345 724 4407 αὐτοῖς
759 4347 1144 4418 ἀντικατέστη,
1169 4353 1230 4405 τὸ
1269 4353 1444 4424 θρασὺ
1478 4355 1535 4407 δὲ
1561 4356 1655 4408 καὶ
1689 4374 1791 4411 παν

192 4432 424 4502 ράλογον
458 4438 574 4506 τῆς
608 4437 790 4491 αὐτῶν
824 4441 1195 4512 ἐγχειρήσεως
1219 4443 1510 4514 ἐξελέγχει.

253 4625 418 4681 Οὕτω
447 4628 554 4682 καὶ
577 4624 675 4678 τοῦ
705 4628 963 4681 κοινωνοῦ
996 4629 1099 4698 τῆς
1140 4630 1363 4702 ἀρετῆς,
1394 4636 1491 4687 καὶ
1531 4635 1629 4704 τῆς
1659 4637 1789 4705 ὅλης

181 4715 329 4788 ζωῆς
374 4718 645 4788 ἀφανοῦς
697 4721 1004 4786 γεγονότος,
1053 4722 1114 4774 ού
1160 4722 1379 4794 περιῄει
1417 4725 1786 4797 ἁναζητοῦσα,

182 4810 274 4864 καὶ
307 4811 533 4875 πάντας
565 4810 652 4871 είς
681 4811 814 4864 αὐτὸ
839 4810 998 4863 τοῦτο
1020 4814 1146 4875 τοὺς
1180 4816 1455 4881 γτωστοὺς
1491 4820 1789 4886 συγκαλού-

181 4903 354 4970 μένη·
409 4903 524 4955 οὐκ
566 4900 674 4970 ὅρη
713 4901 964 4974 διερευνᾷ
996 4906 1090 4967 καὶ
1120 4905 1322 4969 τόπους
1362 4908 1782 4980 ἅνυπονοήτους,

179 4992 273 5046 καὶ
306 4994 494 5049 πολὺν
532 4996 644 5063 μὲν
672 4992 766 5046 τὸν
809 4994 1041 5066 θόρυϐον
1068 4998 1125 5049 ὲν
1168 4997 1445 5069 τιξνγένει,
1500 5002 1701 5073 πολλὴν
1728 5004 1784 5057 δὲ

173 5083 272 5154 τὴν
301 5077 683 5154 κατάγνωσιν
730 5087 874 5138 κατὰ
908 5084 1002 5138 τοῦ
1039 5087 1517 5160 ἀποδεδημηκότος
1567 5094 1780 5165 ὲπιϐοᾷ,

173 5172 246 5238 ὡς
267 5174 582 5246 ἀλλότριόν
616 5190 671 5226 τι
709 5176 810 5243 τῆς
838 5178 1142 5240 κοινωνίας,
1184 5183 1278 5233 καὶ
1307 5181 1663 5251 συμϐιώσεως
1692 5187 1785 5254 βε-

171 5264 564 5336 ϐουλευμένου
592 5283 610 5298 ο
647 5267 724 5329 ὡς
751 5266 909 5336 ξένην
935 5269 1036 5337 τῆς
1067 5272 1342 5341 προτέρας
1363 5275 1576 5336 εὐνοίας
1608 5277 1785 5329 ἐπιδε-

168 5356 473 5427 δειγμένου
522 5357 890 5427 προαίρεσιν·
936 5358 1011 5418 ὡς
1039 5359 1307 5417 διελόντος
1342 5364 1639 5431 συνάφειαν
1685 5364 1785 5434 φύ-

168 5463 333 5514 σεως·
370 5451 457 5527 ὡς
487 5451 674 5517 νόμου
720 5448 813 5501 τοῦ
855 5449 1216 5521 συνδήσαντος
1247 5451 1595 5524 θεσπίσματα
1645 5475 1784 5526 παρ-

168 5540 399 5607 ιδόντος,
470 5542 581 5594 καὶ
641 5540 861 5593 πάντων
906 5541 1015 5595 τῶν
1078 5545 1200 5596 κατ’
1255 5541 1401 5598 οἷκον
1433 5546 1780 5619 ύπεριδόντος

163 5631 559 5702 πραγμάτων.
629 5629 821 5684 Οὐδενὶ
870 5632 1076 5685 τούτων
1129 5634 1161 5703 ἡ
1211 5634 1383 5690 ’Ἄννα
1440 5637 1499 5689 τὸ
1539 5640 1781 5708 ἄτρωτον

163 5719 383 5794 ἐπλήγη
414 5722 533 5792 τῆς
570 5721 833 5792 γνώμης·
872 5722 1009 5778 ἀλλὰ
1044 5724 1152 5777 τῶν
1193 5725 1292 5795 μὲν
1330 5727 1672 5798 ὀνειδισμῶν,
1707 5730 1779 5794 ὡς

1890 1858 2206 1939 ostemlcrit.
2239 1885 2308 1939 Ut
2339 1897 2465 1941 tunc
2509 1858 2639 1956 ergo
2667 1887 2999 1957 explicantes
3045 1891 3141 1942 viri
3170 1890 3302 1958 justi
3335 1905 3473 1958 prae-

1893 1975 2191 2043 rogativas,
2218 1991 2401 2030 carum
2443 1977 2823 2032 excellentiam
2851 1994 3042 2033 smnus
3066 1979 3319 2034 ticiiiirati
3346 1996 3360 2044 ;
3390 1980 3470 2032 sic

1890 2075 1943 2119 et
1973 2065 2216 2136 conjugis
2254 2068 2446 2134 Anna',
2489 2078 2546 2121 nt
2577 2069 2629 2122 in
2662 2069 2894 2122 medimn
2930 2071 3247 2124 disserendo
3292 2071 3467 2123 addu-

1889 2173 2075 2213 camus
2138 2158 2397 2222 facinora,
2450 2160 2565 2225 pari
2612 2176 2675 2215 ea
2729 2161 3095 2216 admiratione
3152 2159 3465 2218 efferemns.

1890 2248 2108 2319 IEzjnali
2161 2251 2305 2305 enim
2355 2252 2614 2319 patientia
2666 2262 2887 2321 praestat
2924 2268 2987 2306 ac
3017 2254 3465 2323 perseverantia;

1890 2343 2043 2411 quin,
2078 2351 2133 2396 et
2164 2343 2332 2396 vincit
2379 2343 2565 2412 gloria:
2617 2343 2854 2399 cmnnlo.
2916 2343 3090 2399 Porro
3139 2345 3295 2413 plura
3346 2356 3473 2400 sunt

1891 2448 2011 2502 quae
2040 2433 2143 2488 hoc
2170 2442 2438 2497 astruant,
2468 2448 2531 2488 ac
2559 2433 2704 2489 velut
2741 2434 3040 2501 subjiciunt
3068 2435 3263 2500 oculis,
3295 2446 3351 2492 ut
3379 2439 3471 2490 cui

1891 2526 2131 2579 animum
2170 2524 2353 2595 lubeat
2394 2526 2672 2580 adbibere.
2721 2526 2945 2596 Rempe,
2978 2542 3111 2582 cum
3141 2528 3308 2583 Anna:
3341 2544 3472 2595 geri-

1895 2617 2066 2670 tilimu
2110 2616 2162 2683 in
2214 2631 2333 2670 eam
2385 2617 2631 2672 convicia
2682 2619 2752 2672 ob
2785 2617 3196 2673 indecnnditatis
3252 2618 3465 2680 vitium.

1895 2719 2006 2763 tum
2039 2709 2218 2778 ignota
2259 2710 2356 2762 viri
2401 2711 2680 2773 absentia;
2725 2712 2790 2764 ad
2825 2711 2940 2765 haec
2974 2726 3103 2764 vero
3126 2723 3466 2779 rprazsmrpta

1891 2799 2101 2855 ancillae
2133 2800 2385 2865 dicteria,
2430 2815 2679 2869 quasque
2708 2816 2892 2853 rumor
2920 2812 3075 2855 erant
3098 2801 3309 2870 jactare
3332 2817 3468 2857 con-

1895 2893 2123 2948 tribules
2153 2892 2462 2963 sterilitatis
2486 2893 2881 2962 exsecratione,
2910 2893 3059 2947 diras
3093 2910 3107 2947 :
3138 2895 3325 2948 eadem
3351 2895 3466 2961 ipsa

1893 2985 2084 3039 ancilla
2118 2987 2188 3040 ob
2220 2986 2405 3040 oculos
2435 2998 2692 3055 ponente,
2726 3001 2790 3041 ac
2833 3002 3025 3040 earum
3072 3002 3472 3042 conmemora-

1897 3079 2042 3131 tione
2107 3077 2526 3145 penetrabiliora
2584 3078 2636 3131 in
2689 3077 2945 3137 feminam
3017 3079 3220 3148 justam
3289 3079 3469 3149 jat'ula

1896 3171 2170 3240 iniigentc.
2212 3170 2504 3226 Enimvero
2538 3186 2815 3239 opponens
2850 3175 3028 3235 Aona,
3062 3173 3149 3239 iis,
3179 3189 3298 3241 quia:
3327 3176 3470 3226 velut

1891 3262 2127 3332 agmine,
2168 3263 2344 3315 tristia
2376 3263 2682 3327 irruebant,
2715 3263 3097 3318 snstinentiam
3129 3266 3317 3328 animi,
3350 3265 3467 3318 alli-

1890 3353 2135 3408 ciebatnr
2185 3354 2426 3422 quidem,
2474 3362 2532 3407 ut
2569 3370 2634 3409 ne
2686 3354 2809 3409 sine
2860 3369 3027 3409 sensu
3077 3356 3145 3408 ad
3174 3370 3241 3410 ea
3271 3358 3472 3412 habere

1892 3444 2208 3504 videretur;
2257 3445 2399 3499 haud
2444 3455 2627 3499 tamen
2660 3460 2689 3498 a
2722 3446 2943 3500 sublimi
2993 3448 3272 3515 patientia:
3320 3465 3467 3515 arce,

1891 3531 1975 3583 Vel
2016 3532 2067 3584 in
2112 3531 2312 3587 defecti
2360 3533 2525 3587 animi
2569 3535 2954 3602 abjectionem,
3004 3538 3090 3595 Vel
3127 3540 3180 3591 in
3224 3540 3472 3608 indigna-

1891 3622 2055 3676 tionis
2085 3634 2312 3685 motnm,
2360 3639 2458 3691 pro
2495 3620 2563 3678 iis
2594 3626 2792 3693 quibus
2841 3628 2983 3681 male
3024 3629 3341 3694 habebatur,
3379 3636 3472 3685 de—

1884 3716 2026 3782 jecla
2061 3718 2179 3768 fuit.
2206 3714 2359 3770 Unde
2381 3732 2556 3784 neque
2580 3717 2787 3785 aliquid
2807 3719 3066 3774 adversus
3093 3725 3469 3777 comit-iantes

1892 3805 2196 3871 respondet,
2230 3820 2405 3875 neque
2451 3806 2714 3860 adversus
2766 3808 3021 3874 injustam
3069 3825 3257 3863 eorum
3292 3816 3472 3865 incie-

1893 3900 2163 3967 pationem
2198 3898 2448 3967 insurgit.
2487 3896 2601 3951 Non
2657 3898 2836 3952 livida:
2877 3899 3169 3954 voluntatis
3196 3903 3292 3963 ait,
3323 3907 3468 3970 quod

1892 3991 2258 4056 piat-texebant
2292 3990 2470 4043 scelus
2502 4008 2515 4044 :
2552 4004 2656 4044 non
2698 4006 2809 4045 suae
2856 3992 3093 4061 ipsorum
3143 3997 3342 4047 mentis
3387 3996 3471 4047 in-

1893 4092 2132 4141 ventum,
2183 4094 2285 4133 nec
2323 4080 2449 4142 tale,
2485 4091 2541 4131 ut
2571 4080 2623 4133 in
2655 4080 2935 4149 Scriptura
2984 4096 3141 4136 sacra
3180 4083 3467 4148 habeatur,

1893 4172 2217 4225 maleﬁcium
2270 4173 2583 4241 exprobrat.
2642 4172 2967 4243 Quanquam
2997 4175 3197 4229 eximia
3249 4180 3471 4244 generis

1893 4263 2174 4316 nobilitate
2231 4263 2532 4329 lioncstala,
2584 4278 2647 4317 ac
2694 4262 3029 4333 suffragante
3075 4267 3180 4319 vita
3228 4271 3465 4327 sincera.

1892 4370 1990 4410 nec
2041 4358 2121 4410 eis
2175 4359 2432 4411 audacter
2498 4360 2736 4427 restitit,
2808 4376 2909 4416 nec
2983 4379 3172 4417 eorum
3240 4379 3471 4420 conatus

1820 4486 1863 4537 ὓ
1895 4447 2291 4514 temeritatem,
2371 4449 2715 4522 alienamque
2764 4466 2794 4507 a
2843 4455 3055 4510 ratione
3132 4459 3468 4514 molitionem

1892 4542 2155 4607 coarguit.

1965 4627 2057 4682 Sic
2082 4631 2271 4693 etiam,
2319 4646 2440 4684 cum
2486 4634 2722 4699 virtutis,
2753 4651 2817 4691 ac
2850 4640 3015 4693 totius
3047 4641 3175 4697 vitae
3205 4644 3468 4699 rationem

1890 4722 2072 4775 socius
2112 4734 2232 4773 sese
2261 4722 2603 4789 occultasset,
2638 4740 2742 4779 non
2772 4730 3023 4783 circnivit
3053 4748 3324 4802 quzerens,
3369 4752 3468 4790 nu—

1891 4821 2082 4880 tusque
2114 4827 2302 4866 omnes
2334 4817 2399 4867 ad
2430 4817 2674 4870 eamdem
2698 4833 3006 4877 convocans
3036 4826 3465 4894 inquisitionem.

1889 4900 2003 4955 Non
2058 4911 2267 4956 montes
2306 4898 2606 4973 scrutatur,
2655 4923 2718 4963 ac
2756 4909 2872 4965 loca
2926 4912 3240 4983 improvisa,
3285 4918 3468 4970 suisve

1888 4993 2179 5062 gentilibus
2214 4995 2432 5051 multam
2468 5001 2825 5055 turbationem
2865 5002 3105 5072 facessit,
3139 5017 3255 5061 viro
3284 5018 3464 5062 autem

1889 5084 2114 5138 multum
2149 5087 2217 5141 ab
2241 5087 2482 5143 absentia
2514 5092 2742 5146 intentat
2772 5095 3002 5162 crimen,
3041 5108 3297 5166 tanquam
3330 5101 3465 5167 alic-

1888 5192 2013 5229 mnn
2067 5180 2195 5246 quid
2238 5195 2267 5232 a
2313 5181 2575 5236 societate
2620 5199 2683 5238 ac
2714 5188 3045 5241 matrimonii
3085 5189 3209 5260 jure
3250 5190 3469 5246 molitus

1886 5270 1988 5334 sit;
2015 5279 2269 5340 tanquam
2308 5272 2640 5326 voluntatem
2687 5275 2826 5331 nihil
2867 5280 3032 5347 priori
3081 5283 3467 5340 benevolentia:

1887 5375 2179 5431 ('Ongl'llalll
2210 5364 2542 5430 ostenderit;
2577 5375 2634 5417 ιιι
2667 5368 2763 5435 qui
2801 5381 3008 5424 naturae
3046 5373 3319 5427 vinculum
3352 5377 3465 5429 sul-

1883 5454 2058 5518 verit;
2097 5464 2154 5509 ut
2194 5455 2284 5523 qui
2335 5453 2468 5524 legis
2532 5457 2889 5533 astringentis
2956 5467 3093 5521 scita
3146 5469 3463 5538 neglexerit,

1885 5560 2106 5613 remque
2140 5555 2304 5600 totam
2358 5545 2683 5607 familiarem
2717 5556 3042 5626 despexerit.
3098 5560 3238 5614 Nibil
3271 5563 3465 5616 horum

1883 5637 2323 5691 invulnerabilem
2355 5639 2524 5692 Anna-
2570 5655 2810 5701 mentem
2856 5653 3192 5719 perstrinxit.
3230 5654 3309 5708 Ac
3334 5657 3465 5723 qni-

1886 5729 2003 5783 dem
2039 5729 2241 5799 sprevit
2285 5730 2567 5801 convicia,
2626 5747 2682 5794 ut
2732 5741 2951 5799 minime
3013 5743 3302 5803 afﬂeieutia
3346 5748 3481 5803 ani-'
