3982 6160
456 315 596 384 1359

1589 318 1913 380 GEORGII
1953 318 2547 383 NICOMEDIENSIS

3569 331 3704 395 1360

457 427 831 498 mum:quod
881 434 1060 483 autem
1124 433 1334 497 spectat
1395 425 1461 480 ad
1519 427 1622 481 viri
1692 428 2023 496 absentiam;

2136 430 2235 500 τῆς
2262 430 2442 501 ψυχῆς
2474 432 2549 503 μὴ
2574 434 2919 505 ἁπτομένων,
2959 438 3279 507 κατεφρόνει
3305 452 3317 468 ·
3357 439 3487 509 πρὸς
3516 440 3574 493 δὲ
3605 442 3703 515 τῂν

456 523 673 576 dolebat
699 520 918 591 quidem
955 529 1211 589 tanquam
1243 518 1358 586 ejus
1387 520 1600 588 privata
1634 520 1819 586 bonis;
1845 536 2029 574 rerum

454 612 696 667 melioris
713 626 835 665 eam
851 612 1066 666 consilii
1090 611 1551 680 dispensationem
1569 613 1813 680 putabat.
1833 612 2033 679 Quam-

451 704 670 766 obrem,
731 703 893 756 etiam
964 703 1168 757 luctum
1239 702 1380 755 votis
1431 701 1796 771 precibusque
1844 718 2027 770 agens,

452 809 575 847 cum
614 794 711 847 viri
747 793 1245 847 manifestationem
1279 793 1496 860 quaerit,
1530 801 1640 846 tum
1668 792 1831 845 Deum
1863 794 2028 846 bono-

455 901 570 939 rum
603 885 916 953 largitorem
949 898 1046 952 pro
1081 883 1326 936 editione
1372 883 1539 950 prolis
1574 882 1850 951 eillagitat.
1888 882 2029 948 Quid

451 992 582 1033 vero
614 992 752 1044 opus
787 991 1038 1045 maguum
1066 975 1191 1044 ejus
1224 977 1276 1029 in
1307 975 1425 1029 istis
1456 975 1713 1029 detnirari
1749 974 2031 1028 animum?

451 1070 523 1126 Ut
552 1069 807 1122 nimirum
857 1069 992 1122 nihil
1035 1084 1191 1136 passa
1247 1070 1458 1139 angusti
1505 1060 1670 1122 animi
1723 1069 1788 1122 ad
1821 1069 2028 1122 ancillae

448 1161 715 1226 convicia,
768 1161 966 1224 iustam
998 1162 1050 1215 in
1082 1176 1201 1215 eam
1250 1161 1383 1214 iram
1436 1160 1807 1226 coatinuerit;
1841 1175 1902 1214 ac
1934 1175 2028 1214 ne-

448 1267 555 1321 que
601 1252 829 1306 dominii
871 1251 1053 1320 aliqua
1110 1251 1304 1317 majori
1352 1252 1677 1305 auctoritate
1709 1266 1803 1303 usa
1834 1251 1903 1304 sit
1933 1252 2028 1303 ad-

447 1358 641 1399 versus
699 1343 955 1396 furiosam
1006 1344 1142 1397 adeo
1190 1343 1635 1409 increpatiouem,
1695 1357 1791 1396 nec
1837 1356 2023 1395 eorum

446 1436 539 1506 qui
571 1436 644 1489 ita
676 1435 837 1489 veluti
874 1434 1177 1501 conjunctis
1228 1434 1470 1489 consiliis
1521 1443 1823 1497 uterentur,
1858 1445 2027 1489 teme-

348 1593 353 1599 ι
446 1527 652 1582 rarium
678 1541 867 1580 ausum
902 1526 1124 1595 indigne
1153 1526 1357 1581 tulerit.

520 1706 805 1771 Quo‘enim
835 1706 1139 1760 rationabili
1174 1713 1436 1773 prmtextu
1466 1703 1724 1758 conviciis
1752 1702 2025 1758 lacessens

446 1797 648 1867 puella,
670 1798 791 1851 talta
825 1797 878 1850 in
911 1812 1029 1851 eam
1056 1795 1445 1850 irrationabilis
1477 1796 1822 1863 procacitatis
1853 1796 2022 1849 dicte-
2056 1767 2099 1827 Β

451 1889 529 1942 ria
600 1886 824 1942 ail'udit?
869 1887 1154 1950 Nimirum,
1198 1886 1340 1954 quod
1408 1886 1734 1954 precationis
1784 1894 2023 1953 tempore

447 1994 511 2033 ac
540 1979 722 2033 cordis
753 1978 994 2044 contriti,
1039 1977 1303 2030 elatorum
1343 1976 1622 2029 hominum
1661 1991 1723 2028 ac
1761 1991 2020 2045 arrogan-

449 2072 581 2123 tium
625 2069 796 2123 stadia
845 2083 949 2123 non
1001 2068 1162 2122 fuerit
1193 2066 1437 2120 imitata?
1477 2064 1629 2131 Quod
1672 2066 1913 2119 demisso
1960 2082 2023 2121 ac

448 2159 665 2224 humili,
702 2159 777 2214 uti
824 2162 1010 2219 sensu,
1043 2159 1112 2212 ita
1142 2168 1195 2212 et
1230 2158 1447 2225 habitu,
1490 2158 1791 2220 orationem
1821 2160 1886 2211 ad
1917 2157 2023 2211 Do-

449 2249 659 2301 minum
692 2247 1028 2302 intenderit?
1072 2249 1212 2315 Quod
1249 2248 1440 2301 stolam
1480 2247 1835 2314 voluptuariis
1868 2247 2024 2301 femi—

447 2342 535 2396 nis
583 2341 765 2396 studio
832 2340 1115 2409 quaesitam
1162 2356 1264 2393 non
1309 2340 1631 2394 admiserit?
1696 2342 1839 2408 quod
1896 2354 2022 2393 eum

446 2442 724 2497 ornatum,
772 2447 933 2501 quem
984 2441 1096 2485 toto
1142 2431 1266 2484 vita:
1310 2441 1459 2484 caste
1491 2446 1554 2484 ac
1589 2430 1771 2484 sobrie
1818 2438 2024 2483 exacta:

450 2534 694 2595 tempore
728 2539 1004 2593 nunquam
1042 2525 1385 2588 admisisset,
1432 2524 1737 2592 importuno
1782 2522 2023 2576 oblatum

449 2626 713 2686 tempore,
756 2615 1170 2684 repudiaverit?
1217 2615 1472 2679 Quisnam
1505 2629 1652 2684 ergo,
1687 2613 1888 2681 inquis,
1937 2611 2025 2665 ille

447 2714 702 2770 ornatus,
752 2719 815 2758 ac
862 2705 1139 2772 quodnam
1198 2703 1326 2755 illud
1395 2701 1628 2755 frontale
1692 2702 1742 2757 in
1799 2700 2023 2755 historia

447 2796 708 2867 positum,
739 2799 885 2865 quod
908 2810 971 2848 ea
1019 2795 1275 2847 traditum
1308 2793 1594 2859 rejeccrit‘!
1616 2792 1843 2857 Quidant
1874 2794 2049 2845 aiuut‘

444 2888 619 2944 fuisse
661 2885 788 2941 illud
835 2885 1183 2955 magnificum
1234 2883 1484 2937 diadema
1522 2899 1585 2937 ac
1610 2884 1883 2953 sponsale,
1918 2896 2024 2950 quo

447 2976 726 3033 dissoluta
784 2977 1044 3031 mulieres
1114 2975 1254 3029 laetis
1315 2976 1478 3029 rebus
1548 2982 1849 3028 uterentur.
1908 2972 2023 3027 Hoc

448 3077 625 3123 autem
658 3068 894 3136 maligno
935 3066 1115 3134 aliquo
1154 3067 1379 3121 consilio
1431 3067 1570 3119 haud
1605 3065 1808 3119 absone
1835 3066 2019 3117 videa-

450 3170 540 3215 tur
568 3162 737 3214 Anna:
753 3160 1028 3223 oblatum,
1059 3173 1164 3227 quo
1207 3166 1462 3227 putarent.
1488 3156 1705 3226 maligni
1740 3156 2021 3209 insidiato-

447 3267 538 3307 res
601 3251 872 3306 intentum
936 3249 1084 3302 illum
1123 3247 1382 3318 pret-andi
1431 3247 1700 3301 fervorem
1738 3249 2022 3301 remissum

450 3343 540 3409 iri,
576 3342 886 3411 importuna
918 3339 1138 3408 quidem
1172 3338 1465 3407 voluptate,
1502 3337 1618 3404 ejus
1655 3338 1818 3391 animi
1850 3338 2025 3391 disso-

449 3430 564 3485 luto
593 3438 802 3493 tenore,
839 3443 904 3482 ac
931 3443 1055 3483 cum
1087 3427 1176 3481 illa
1207 3427 1441 3480 alienum
1474 3427 1602 3497 quid
1638 3443 1666 3480 a
1698 3428 1865 3482 castis
1909 3429 2024 3481 suis

451 3520 720 3586 moribus,
748 3535 812 3574 ac
847 3519 1016 3588 priori
1055 3517 1349 3572 sobrietate
1393 3526 1765 3587 praesumeret,
1816 3517 2024 3570 ratione

449 3609 607 3678 cujus
635 3609 983 3677 despicienda
1012 3621 1042 3660 a
1076 3609 1183 3661 Deo
1219 3605 1380 3660 foret.
1409 3606 1615 3660 Idcirco
1637 3605 1781 3658 enim
1809 3606 2023 3658 tradens

448 3700 649 3773 puella,
686 3700 1048 3770 suspicionem
1097 3707 1323 3753 conatur
1356 3696 1593 3762 amoliri,
1631 3710 1835 3762 negans
1872 3709 2023 3747 acce-

450 3791 597 3861 pisse
623 3789 691 3844 ab
724 3789 872 3856 aliis,
910 3803 1077 3856 quant
1110 3789 1177 3840 ab
1212 3802 1297 3848 ea,
1329 3802 1447 3855 quae
1482 3786 1596 3839 suis
1630 3785 1739 3854 ipsa
1777 3785 2022 3835 manibus

450 3883 777 3939 coal'ecisset
804 3894 820 3935 :
852 3896 950 3935 nec
978 3880 1080 3934 nisi
1115 3880 1365 3947 obsequii
1396 3893 1583 3939 causa,
1641 3875 1895 3944 nulloque
1932 3889 2019 3943 pe-

444 3974 553 4044 jori
586 3970 816 4029 consilio
849 3971 1083 4036 tradere,
1117 3970 1259 4038 quod
1292 3967 1599 4022 offerretur.
1640 3966 1749 4019 lloc
1784 3964 1926 4018 enim
1957 3978 2020 4015 ex

448 4066 629 4136 operis
657 4068 767 4134 ipsa
810 4063 1027 4117 domina
1082 4063 1370 4116 indicatur.
1405 4061 1472 4113 At
1504 4059 1681 4122 Anna,
1717 4058 1909 4111 nedum
1950 4055 2020 4109 ob

450 4168 760 4229 suspectum
813 4153 1018 4217 dolum,
1053 4153 1146 4207 sed
1176 4152 1315 4219 quod
1347 4151 1510 4206 etiam
1544 4151 1821 4217 nunquam
1856 4163 2020 4201 orna-

451 4259 757 4305 mentorum
794 4244 1057 4314 ejusmodi
1088 4260 1220 4298 usus
1249 4242 1563 4312 placuisset,
1596 4240 1736 4308 quod
1770 4238 2023 4292 tradeba-

454 4353 557 4404 tur,
589 4350 648 4394 ut
676 4338 898 4394 sceleris
944 4332 1549 4405 occasionemhrejjcit.
1599 4328 1908 4398 Nunquam,
1942 4329 2024 4380 in-

2133 519 2227 573 τοῦ
2265 521 2456 593 ἀνδρὸς
2478 524 2747 579 ἀπουσίαν
2812 526 2965 598 ἤλγει
2996 527 3115 595 μὲν,
3144 526 3216 591 ὼς
3241 530 3573 601 στερουμένη
3594 531 3704 585 τῶν

2133 611 2340 665 ἐκείνου
2378 615 2557 669 καλῶν
2584 632 2600 650 ’
2645 618 2832 686 ἡγεῖτο
2887 618 2943 671 δὲ
2989 619 3190 687 ταύτην
3232 620 3334 688 τῆς
3395 621 3705 691 κρείττονα

2131 698 2270 756 εἶναι
2298 706 2644 778 προμηθείας
2682 709 3017 779 οἰκονομίαν.
3050 709 3149 762 Διὰ
3194 710 3370 775 τοῦτο,
3398 712 3492 764 καὶ
3517 712 3579 765 τὸ
3610 715 3703 765 εὐ-

2130 798 2318 848 κταῖον
2360 799 2663 852 συνιστῶσα
2701 799 2915 863 πένθος,
2954 801 3052 869 τήν
3081 817 3141 853 τε
3188 803 3494 872 φανέρωσιν
3538 803 3703 856 αὑτοῦ

2130 884 2396 955 ἐπιζητεῖ,
2435 889 2530 941 καὶ
2561 890 2658 958 τῆς
2703 892 3047 953 παιδοποιίας
3083 891 3175 945 τὸν
3200 891 3403 962 δοτῆρα
3427 892 3537 945 τῶν
3565 894 3703 961 ἀγα-

2131 970 2241 1025 θῶν
2276 974 2567 1039 ἐξαιτεῖται
2604 978 2758 1031 Θεόν,
2794 980 2903 1031 Καὶ
2930 981 2983 1032 τί
3025 980 3105 1032 δεῖ
3130 981 3188 1034 τό
3225 982 3358 1052 πρὸς
3390 982 3565 1035 ταῦτα
3608 1000 3705 1052 με·

2128 1064 2437 1135 γαλὸψυχον
2482 1069 2650 1137 αὐτῆς
2676 1069 3114 1140 ἀποθαυμάζεινς
3158 1072 3304 1134 ὅπως
3331 1089 3394 1140 γε
3443 1075 3535 1127 καὶ
3566 1075 3704 1143 πρὸς

2127 1156 2254 1218 τοὺς
2292 1158 2391 1226 τῆς
2418 1158 2681 1223 οἰκέτιδος
2722 1161 3059 1228 ὀνειδισμοὺς
3100 1162 3253 1216 οὐδὲν
3287 1163 3396 1215 τῶν
3432 1164 3705 1234 μικροψύ-

2129 1263 2237 1315 χων
2286 1248 2711 1320 παθοῦσα,.τὴν
2761 1252 2881 1305 κατ’
2923 1252 3096 1321 αὐτῆς
3128 1253 3343 1306 δικαίαν
3398 1255 3704 1325 ἁνεπέσχεν

2126 1337 2330 1406 ὀργήν⁹
2364 1340 2501 1407 μήτε
2549 1343 2657 1393 τινὶ
2699 1343 3016 1414 σφοδρότητι
3052 1344 3340 1415 αύθεντείᾳ
3365 1345 3464 1413 τῆς
3505 1345 3704 1399 δεσπο-

2123 1425 2273 1487 τείας
2310 1428 2450 1479 κατά
2476 1428 2575 1495 τῆς
2606 1427 2748 1481 οὕτω
2777 1432 3009 1501 μανικῆς
3051 1433 3392 1502 ἐπιπλήξεως
3418 1434 3701 1504 χρωμένη,

2129 1516 2267 1585 μήτε
2302 1518 2439 1586 πρὸς
2462 1519 2561 1586 τὴν
2587 1517 2695 1571 τῶν
2716 1519 2857 1574 οὕτω
2886 1523 3289 1593 συγχρωμένων
3334 1522 3538 1593 τόλμαν
3565 1523 3697 1592 ἀγα.-

2124 1622 2321 1659 νακτου
2330 1624 2415 1662 σα.

2196 1698 2333 1751 Τίνα
2383 1698 2493 1769 γὰρ
2547 1702 2773 1771 εὔλογον
2830 1705 3081 1777 ἀφορμὴν
3129 1708 3163 1776 ἡ
3222 1707 3703 1776 προσονειδίζουσα

2126 1788 2330 1857 ταύτην
2380 1790 2624 1847 λαϐοῦσα
2669 1797 2822 1858 παῖς,
2852 1799 2920 1849 τὰ
2962 1796 3251 1865 παράλογα
3295 1798 3469 1850 ταῦτα
3525 1815 3700 1868 προσο

2127 1879 2319 1948 επέχεε
2345 1880 2655 1951 σκώμματα
2679 1885 2823 1948 ;”Οτι
2853 1887 2909 1936 έν
2925 1885 3089 1953 εύχῆς
3111 1887 3204 1938 καὶ
3233 1886 3703 1958 συντετριμμένης

2127 1970 2353 2040 καρδίας
2378 1971 2573 2041 καιρῷ,
2592 1973 2696 2037 τὰς
2714 1974 2823 2027 τῶν
2851 1976 3177 2045 ἐπηρμένων
3194 1978 3285 2030 καὶ
3311 1977 3556 2047 σοὸαρῶν
3579 1980 3702 2030 ὲπι-

2124 2059 2406 2127 τηδεύσεις
2440 2063 2541 2114 οὐκ
2574 2063 2855 2132 ἐμιμεῖτος
2886 2065 2966 2116 ὅτι
2999 2066 3356 2135 ὑποϐεϐηκότι
3385 2069 3478 2119 καὶ
3507 2083 3701 2120 ταπει-

2124 2148 2201 2217 νῷ
2227 2149 2480 2219 καθάπερ
2509 2153 2821 2221 φρονήματι
2847 2152 2990 2206 οὕτω
3022 2156 3116 2207 καὶ
3139 2157 3404 2224 σχήματι,
3436 2156 3536 2225 τὴν
3563 2156 3701 2228 πρὸς

2130 2239 2221 2290 τὸν
2252 2241 2529 2310 Δεσπότην
2558 2242 2793 2295 ἀνέτεινε
2818 2243 3030 2314 δέησιν;
3059 2245 3138 2297 ὅτι
3168 2247 3265 2315 τὴν
3296 2245 3702 2317 θρυπτομέναις

2128 2330 2573 2401 σπουδαζομένην
2604 2333 2664 2385 οὐ
2698 2335 2952 2403 προσίετο
2985 2335 3213 2405 στολὴν;
3251 2336 3373 2389 Ὀτι
3403 2337 3465 2390 ὃν
3505 2339 3562 2390 ὲν
3592 2339 3702 2408 ὅλῳ

2124 2425 2202 2495 τῷ
2238 2426 2337 2496 βίῳ
2382 2427 2480 2496 τῆς
2517 2429 2874 2498 σωφροσύνης
2923 2431 3093 2500 αὐτῆς
3137 2432 3197 2483 οὐ
3243 2431 3570 2497 κατεδέξατο
3602 2433 3703 2486 x6-

2128 2525 2283 2587 σμον,
2337 2517 2527 2569 τοῦτον
2570 2520 2627 2571 ὲν
2664 2520 2725 2572 ού
2770 2520 3066 2591 καθήκοντι
3127 2523 3540 2593 προσαγόμενον
3589 2525 3702 2577 ἀπ·

2125 2608 2318 2660 ωθεῖτο
2366 2609 2577 2680 καιρῷς
2607 2611 2690 2674 τίς
2736 2609 2828 2664 οὖν
2871 2607 3042 2675 οὗτος,
3078 2616 3232 2682 φησι,
3261 2616 3351 2667 καὶ
3373 2615 3425 2667 τί
3452 2616 3513 2667 τὸ
3546 2616 3605 2669 ὲν
3631 2618 3701 2687 τῇ

2128 2698 2339 2770 ἱστορίᾳ
2372 2701 2802 2770 κεφαλοδέσμιον
2848 2704 3120 2778 κείμενον,
3155 2706 3291 2776 ὅπερ
3330 2694 3706 2776 ε’πιδιδὸμενον

2126 2790 2396 2843 ἀπωθεῖτο
2421 2794 2512 2845 καὶ
2539 2793 2865 2863 ἀπέπεμπεν
2900 2795 3107 2857 ’Ἄννας
3138 2795 3296 2858 Τινές
3333 2814 3487 2864 φασι,
3531 2813 3709 2866 μεγα-

2126 2879 2404 2950 λοπρεπὲς
2439 2882 2533 2935 καὶ
2577 2882 2845 2950 νυμφικὸν
2904 2882 3045 2937 εἶναι
3082 2884 3318 2954 διάδημα
3346 2886 3404 2939 τὸ
3433 2886 3701 2950 τοιοῦτον,

2123 2960 2275 3039 ᾧπερ
2302 2971 2359 3020 ἐν
2382 2973 2501 3031 ταῖς
2535 2969 2841 3041 παρούσαις
2879 2973 3261 3042 εὐφροσύναις.
3293 2974 3705 3044 αίδιακεχυμὲ-

2126 3078 2213 3114 ναι
2256 3062 2602 3132 κατεχρῶντο
2647 3067 2922 3131 γυναῖκες.
2960 3065 3131 3117 Τοῦτο
3175 3066 3232 3117 δὲ
3272 3066 3441 3129 εἰκὸς,
3473 3068 3569 3120 καὶ
3597 3085 3704 3119 κα-

2124 3154 2358 3223 κουργίᾳ
2403 3154 2509 3205 τινὶ
2560 3153 2935 3222 προσάγεσθαι
2981 3158 3047 3225 τῇ
3082 3156 3268 3227 Ἀννῃ,
3308 3156 3376 3208 δι’
3419 3151 3480 3208 οὗ
3522 3158 3701 3212 ἐδόκει

2122 3244 2235 3303 τοῖς
2265 3241 2633 3310 κακουργοῦσι
2671 3244 2732 3293 τό
2776 3258 2834 3293 τε
2868 3241 3117 3296 σύντονον
3150 3244 3321 3312 αὐτῆς
3360 3244 3703 3299 ὑπενδιδόναι

2121 3330 2221 3399 τῆς
2255 3332 2585 3399 προσευχῆς,
2608 3331 2705 3383 καὶ
2732 3331 2822 3384 διὰ
2843 3334 2941 3401 τὴν
2967 3334 3042 3403 μὴ
3073 3333 3213 3386 κατὰ
3239 3335 3430 3404 καιρὸν
3467 3336 3701 3407 τερπνό-

2120 3438 2280 3491 τητα,
2312 3421 2629 3491 διαχυθῆναι
2681 3423 2777 3491 μὲν
2816 3422 2913 3495 τὴν
2945 3423 3190 3493 γνώμην,
3222 3426 3505 3496 ἀλλότριον
3543 3428 3602 3482 δέ
3642 3446 3702 3482 τι

2121 3512 2219 3582 τῆς
2258 3511 2465 3574 οἰκείας
2515 3515 2931 3582 κατατολμῆσαι
2971 3515 3371 3586 διαπράξασθαι
3406 3519 3702 3588 σωφροσύ-

2120 3620 2239 3672 νης,
2274 3602 2345 3655 δι’
2388 3599 2448 3656 οὗ
2482 3602 2547 3656 ἂν
2595 3606 2688 3657 καὶ
2720 3605 2823 3656 ὑπὸ
2858 3605 2999 3667 ,Θεοῦ
3051 3607 3377 3678 παροφθείη.
3408 3609 3511 3661 Διά
3538 3609 3705 3662 τοῦτο

2120 3692 2287 3762 γὰρὴ
2324 3692 2637 3745 ἐπιδιδοῦσα
2677 3696 2829 3756 παῖς,
2860 3694 2959 3763 τὴν
2992 3696 3224 3764 ὑποψίαν
3267 3698 3551 3751 ἐκϐάλλειν
3595 3716 3706 3769 μη-

2121 3785 2430 3854 χανωμένη,
2479 3785 2549 3838 οὐι
2585 3788 2714 3856 παρ’
2757 3787 2958 3855 ἑτέρων
3011 3787 3289 3856 εἰληφέναι
3337 3791 3398 3842 τὶ
3453 3791 3702 3845 τοιοῦτον

2121 3876 2289 3943 λέγει,
2319 3876 2452 3930 ἀλλὰ
2491 3877 2643 3946 παρὰ
2674 3877 2773 3945 τῆς
2811 3879 3115 3948 αὐτουργοῦ
3160 3881 3532 3952 γεγενημένης
3554 3898 3569 3914 ⁸
3600 3884 3705 3937 καὶ

2122 3969 2255 4039 πρὸς
2279 3969 2437 4038 χάριν
2476 3970 2664 4038 μόνην,
2711 3970 2769 4021 οὑ
2799 3970 2932 4040 πρὸς
2964 3970 3091 4024 ἄλλο
3130 3988 3183 4023 τι
3217 3972 3325 4024 τῶν
3364 3974 3704 4044 ὑπονοουμέ-

2122 4065 2235 4112 νων
2264 4060 2606 4127 ὲπιδιδούσης
2636 4061 2698 4113 τὸ
2728 4062 3162 4131 προτεινόμενον.
3197 4062 3368 4115 Τοῦτο
3399 4064 3454 4117 δὲ
3483 4064 3569 4116 διὰ
3597 4067 3705 4135 τῆς

2125 4149 2315 4217 κυρίας
2362 4148 2686 4217 ἐμφαίνεται
2737 4150 2830 4201 τοῦ
2866 4149 3045 4219 ἔργου.
3088 4149 3153 4201 ἸΙ
3198 4150 3275 4215 δὲ,
3309 4151 3370 4203 οὐ
3415 4154 3577 4221 μόνον
3611 4154 3705 4208 διὰ

2120 4238 2218 4307 τὴν
2248 4239 2651 4307 ὑπονοουμένην
2695 4241 3054 4307 κακουργίαν,
3090 4240 3225 4292 ἀλλὰ
3251 4242 3342 4293 καὶ
3374 4242 3460 4293 διὰ
3485 4244 3547 4295 τὸ
3593 4261 3704 4314 μη-

2122 4329 2309 4382 δέποτε
2350 4330 2614 4391 τοιούτοις
2643 4331 3063 4401 ἐπιτερφθείσαν
3100 4332 3407 4401 χρήσασθαι
3446 4333 3701 4403 κόσμοις,

449 4432 590 4499 quit,
620 4431 735 4499 ipso
759 4420 1065 4496 iuventutis
1112 4424 1241 4479 [lore
1286 4423 1664 4491 impcnsiorem
1701 4437 1824 4476 eum
1856 4435 2019 4473 orna—

2128 4420 2184 4471 τὸ
2218 4420 2515 4486 διδόμενον,
2545 4420 2618 4482 ὡς
2650 4423 2998 4489 παρανομίας
3026 4422 3385 4489 ἀπεπέμπετο
3416 4424 3702 4492 πρόξενον.

438 4526 566 4569 Ὶιιιιι
616 4515 786 4568 imitri.
837 4512 1121 4580 Nunquam
1173 4525 1295 4564 cum
1345 4510 1664 4577 aequanimis
1714 4523 1909 4571 essent,
1960 4523 2025 4576 ac

450 4605 574 4660 lteta
604 4619 831 4672 qumque
857 4601 1141 4672 praesentis
1174 4601 1295 4654 vita:
1332 4600 1641 4654 riderentur
1682 4598 1919 4661 allluere,
1952 4598 2022 4651 ita

450 4696 626 4766 plexis
673 4695 1004 4749 redituiculis
1034 4695 1298 4750 delectata
1328 4708 1470 4748 sum.
1504 4690 1784 4759 Nunquam
1820 4706 1905 4743 me
1935 4704 2019 4742 re-

450 4787 589 4860 galis
617 4787 900 4857 sanguinis
932 4784 1284 4849 existimatio,
1321 4784 1373 4837 in
1402 4782 1664 4850 ejusmodi
1703 4781 2018 4850 cogitatum,

453 4879 742 4935 sublimem
796 4879 926 4945 egit.
982 4860 1265 4946 Nunquam
1338 4874 1618 4929 afﬂuentes
1675 4872 1873 4926 divitiae
1928 4873 2022 4923 ab-

451 4971 734 5025 duxerunt
786 4979 845 5023 ut
876 4966 1201 5036 superﬂuant
1249 4981 1433 5020 curam
1481 4962 1728 5031 corporis
1776 4976 2019 5031 agerent.

528 5151 659 5207 Vide
687 5160 869 5205 autem
888 5150 1210 5204 modestiam
1241 5147 1409 5201 Anna:
1438 5161 1454 5198 ι
1483 5156 1539 5199 ut
1561 5144 1757 5198 nedum
1784 5143 2025 5198 facinore

450 5239 592 5293 elata
649 5238 743 5302 sit,
787 5239 880 5291 sed
928 5247 982 5290 et
1035 5251 1181 5289 ream
1219 5250 1276 5289 se
1308 5235 1608 5302 agnoverit.
1640 5232 1869 5302 Cumque
1901 5237 2020 5297 ltoc,

456 5329 650 5401 inquit,
695 5345 799 5383 non
850 5329 1061 5397 fecerim
1103 5325 1201 5399 (7),
1239 5326 1384 5380 rideo
1426 5340 1504 5379 me
1547 5324 1869 5379 occultorum
1905 5343 2027 5393 quo-

523 5483 601 5557 (7)
652 5481 1008 5561 Cumqueftoc
1037 5497 1138 5534 non
1163 5479 1417 5561 fecerim._
1436 5478 1737 5561 Καλητοῖηο
1758 5477 1844 5561 μὴ
1865 5480 2020 5561 ποιῄ-

456 5550 616 5607 caeci.
658 5558 811 5619 Quod
860 5553 1110 5605 nimirum
1161 5550 1212 5603 in
1249 5553 1447 5603 creatis
1491 5550 1630 5612 aliis,
1666 5551 1860 5619 nedum
1899 5550 2017 5602 atti-

458 5618 749 5686 Iuautibus,
794 5623 886 5675 sed
941 5621 1021 5673 vel
1054 5618 1333 5673 elementis
1376 5620 1504 5688 ipsis
1547 5618 1917 5688 deprehendit,
1954 5629 2010 5673 ut

459 5694 712 5747 nituit-mn
747 5699 967 5758 accepta
991 5707 1017 5743 a
1055 5689 1163 5744 Deo
1190 5687 1578 5754 bcuediCtioue,
1617 5687 1843 5747 fecunda
1874 5689 2006 5758 siut,

2113 5620 2262 5672 illum
2313 5618 2520 5690 Jacobi,
2574 5618 2865 5677 inserenda
2907 5624 2978 5677 sit

2110 5692 2492 5759 precationem,
2555 5701 2679 5748 ante
2713 5693 2999 5747 oraculum
3039 5692 3267 5767 'angeli.
3325 5692 3488 5755 'Altus
3573 5702 3702 5755 item

2128 4512 2242 4580 Οὐχ
2265 4510 2428 4574 οὓτω,
2455 4512 2640 4579 φησὶν,
2671 4514 2728 4563 ἐν
2754 4513 2904 4581 ἀκμῇ
2924 4513 3170 4581 νεότητος
3201 4514 3668 4586 ὲκαλλωπισάμην
3685 4532 3703 4550 ο

2122 4603 2224 4654 οὐκ
2254 4604 2311 4654 ἐν
2357 4602 2596 4672 εὐθυμία
2638 4604 2733 4654 καὶ
2765 4606 2830 4672 τῇ
2874 4604 3105 4675 δοκούσῃ
3138 4604 3246 4655 τῶν
3283 4604 3570 4674 παρόντων
3590 4607 3706 4661 δια-

2122 4690 2298 4760 χύσει,
2323 4694 2435 4754 τοῖς
2485 4690 2629 4744 οὕτω
2671 4691 3118 4761 διαπλεκομένοις
3155 4694 3495 4763 ἐπετέρφθην
3519 4695 3706 4767 διαδήο

2124 4797 2290 4850 μασιν
2339 4797 2352 4810 ·
2386 4781 2485 4850 οὐχ
2521 4783 2554 4851 ἡ
2596 4780 2689 4833 τοῦ
2730 4782 3160 4850 βασιλικωτάτου
3207 4785 3395 4849 γένους
3431 4785 3706 4857 ὑπόληψις

2125 4871 2261 4940 πρὸς
2287 4871 2384 4942 τὴν
2405 4872 2663 4940 τοιαύτην
2692 4872 3056 4942 ὲμετεώρισεν
3091 4872 3325 4925 ἔννοιαν*
3355 4876 3416 4926 οὐ
3467 4876 3703 4931 πλούτο)

2126 4963 2415 5032 περιουσία
2438 4963 2573 5033 πρὸς
2603 4967 2867 5034 περιττὴν
2896 4965 3134 5035 ὖπέσυρε
3167 4964 3259 5018 τοῦ
3306 4965 3564 5034 σώματος
3586 4971 3705 5022 Em-

2131 5053 2369 5122 μέλειαν.
3152 5092 3167 5099 ,

2199 5144 2309 5196 Καὶ
2346 5145 2446 5215 ὅρα
2477 5143 2537 5196 τὸ
2580 5144 2940 5215 ταπεινόφρον
2970 5145 3067 5215 τῆς
3100 5146 3300 5216 ’Δννης
3322 5162 3339 5179 ο
3378 5147 3534 5211 ὅπως
3568 5149 3704 5218 πρός

2133 5233 2213 5304 τῷ
2246 5234 2321 5304 μὴ
2368 5234 2689 5304 ἐπαίρεσθαι
2724 5236 2799 5305 τῷ
2844 5237 3255 5307 κατορθώματι,
3304 5241 3399 5292 καὶ
3446 5241 3704 5293 ὑπόδικον

2133 5327 2335 5397 ἑαυτὴν
2366 5324 2506 5382 εἶναι
2533 5328 2912 5397 καταγγέλλει.
2940 5330 3051 5384 Καὶ
3081 5331 3257 5384 τοῦτο
3278 5329 3411 5401 γὰρ,
3440 5332 3599 5403 φησὶ,
3621 5331 3703 5401 μὴ

2127 5495 2189 5560 ac
2224 5486 2391 5560 edant
2432 5481 2631 5560 aliquid
2667 5492 2885 5560 :_atque
2928 5485 3062 5539 adeo
3102 5487 3352 5560 periodus
3400 5487 3541 5553 haec,
3592 5505 3709 5559 qia:

2126 5552 2547 5626 t_l_esideratur_in
2576 5552 2745 5626 ΔΙὶνδίςὶο
2782 5552 2882 5626 cod
2934 5570 2997 5626 ex
3032 5552 3136 5621 quo
3160 5559 3425 5626 exscripsi
3465 5552 3702 5611 libellum

3037 5637 3155 5695 post
3208 5629 3469 5695 reliquam
3539 5632 3706 5682 Amm:
