3982 6160
366 286 510 358 1365

1436 297 1520 361 IN
1558 300 2142 366 CONCEPTIONEM
2181 307 2243 368 S.
2282 305 2526 367 ΑΝΝίΕ.

3495 306 3653 373 1366»

366 398 684 466 ἐπιτιμίας*
733 399 787 454 ετ
814 418 874 469 γε
909 401 1074 470 μηδὲν
1125 402 1233 457 τῶν
1279 404 1425 459 οὕτω
1458 407 1815 480 διακειμένων
1862 412 1920 466 δι.

2058 413 2272 467 illorum
2301 416 2391 484 qui
2425 415 2496 468 ita
2525 413 2746 479 habent,
2773 429 2866 468 ore
2899 415 3227 484 proferebat.
3274 417 3411 473 Sunt
3434 423 3644 491 quippe

367 491 642 562 στόματος
697 492 978 563 παρῆγεν;
1016 494 1266 566 Ἀπρεπῆ
1306 497 1416 567 γὰρ
1460 500 1571 554 τῶν
1618 503 1947 572 μεθυόντων,

364 584 461 637 καὶ
516 584 924 655 παροινούντων
957 585 1026 639 τὰ
1068 586 1323 656 ῥήματα·
1373 589 1446 654 οἳ,
1480 591 1577 644 καὶ
1624 596 1834 663 σιωπᾷν
1859 595 1949 664 ὑφ’

366 674 572 742 ἑτέρων
614 674 1019 747 ἐκϐιαζόμενοι,
1069 679 1164 732 καὶ
1201 681 1489 751 παιόμενοι
1536 684 1802 755 σφοδρῶς,
1849 687 1950 751 τὰς

366 763 608 826 ἀναιδεῖς
645 763 860 827 ὲκείνας
881 764 1149 833 ἐπαφιᾶσι
1177 770 1361 836 φωνάς
1383 786 1396 800 ·
1417 772 1816 842 παραπλησίως
1836 778 1948 839 τοῖς

364 853 567 923 λόγοις,
597 855 692 909 καὶ
721 855 819 927 τὴν
845 858 1086 929 ἄκοσμον
1119 862 1558 934 ἐπιδεικνύμενοι
1590 866 1844 937 θεωρίαν.
1883 870 1948 923 Ἡ

362 945 447 1011 δὲ,
492 948 546 1001 τί
603 948 810 1003 τούτων
837 950 1247 1022 ἀσχημονοῦσα,
1301 958 1578 1029 τεκμήρια
1621 963 1723 1030 τῆς
1774 962 1946 1034 μέθης

362 1038 691 1111 ὲμπαρεῖχε;
723 1042 885 1106 Τίνας
921 1044 1194 1115 ἀπρεπεῖς
1230 1047 1380 1116 ἠφίει
1411 1052 1592 1119 φωνάς
1612 1069 1627 1117 ;
1650 1052 1814 1106 Ποίαν
1834 1054 1942 1108 τῶν

363 1130 790 1198 σωφρονούντων
837 1135 1187 1206 παρήμειψεν
1223 1138 1516 1207 εὐταξίαν;
1543 1141 1668 1196 "Ott
1686 1145 1941 1214 ,ἀφωνίαν

361 1219 845 1288 καταδικασθεῖσα,
892 1223 1120 1295 ἔστεργε
1156 1227 1255 1296 τὴν
1281 1229 1603 1301 ὲπιτιμίαν;
1645 1234 1727 1288 ὅτι
1756 1238 1821 1306 τῇ
1850 1236 1943 1293 εὐε-

360 1311 571 1382 κοσμίᾳ
591 1311 688 1365 τοῦ
724 1308 1006 1385 ὁρωμένου
1035 1318 1339 1390 σχήματος,
1361 1323 1462 1393 τὴν
1482 1325 1540 1377 ὲν
1567 1325 1778 1399 διανοίᾳ
1805 1346 1945 1400 παρ-

359 1401 551 1471 εδήλου
595 1404 963 1473 κατάστασιν;
1000 1410 1083 1464 ὃτι
1119 1414 1246 1482 σιγῇ
1290 1418 1504 1486 συνεῖχε
1532 1416 1631 1489 τὴν
1662 1417 1809 1473 ἔνδον
1842 1422 1942 1492 τῆς

358 1493 530 1563 εὐχῆς
557 1494 939 1569 ἀναπτομένην
967 1500 1165 1570 φλόγα,
1196 1504 1293 1559 καὶ
1321 1506 1549 1576 χειλέων
1584 1510 1765 1579 μόνων
1788 1514 1941 1583 κινή-

360 1600 466 1647 σει,
489 1584 550 1637 τὸ
569 1586 775 1654 ταύτης
796 1590 1049 1657 ἐνέφαινε
1079 1593 1377 1668 διάπυρον;
1403 1598 1564 1670 Αύτὴ
1592 1600 1722 1669 γὰρ,
1745 1604 1936 1673 φησὶν,

2053 521 2268 572 eorum,
2308 510 2395 578 qui
2444 508 2580 562 ebrii
2629 523 2693 563 ac
2751 509 3029 564 temulenti
3081 526 3110 565 a
3163 512 3292 566 vino
3338 514 3629 577 exsistunt,

2050 598 2211 653 verba
2249 599 2555 664 inhonesta,
2599 608 2655 653 ut
2684 614 2810 653 cum
2855 601 3020 657 etiam
3065 603 3155 656 alii
3188 612 3388 672 cogunt
3425 612 3627 669 tacere,

2051 705 2116 742 ac
2146 691 2342 744 acerbe
2379 692 2613 756 credunt,
2645 691 2831 758 plenas
2882 692 3234 751 nihilominus
3283 694 3632 762 ltllptttlenlim

2051 796 2215 837 voces
2272 783 2395 838 illas
2447 784 2687 850 mittant,
2722 783 2863 838 haud
2916 799 2975 839 se
3006 784 3142 839 alios
3200 787 3521 841 exhibentes
3562 789 3631 840 ad

2049 877 2441 944 spectaculum,
2475 891 2539 930 ac
2568 862 2915 931 sermonibus
2964 877 3222 934 habeant.
3256 878 3382 933 Haec
3421 888 3625 942 autem,

2049 980 2309 1031 quanam.
2336 966 2425 1020 tali
2468 967 2801 1037 turpitudine
2834 968 3071 1022 ostendit
3104 984 3164 1024 se
3192 969 3445 1023 ebriam?
3481 969 3626 1035 Quas

2050 1054 2335 1110 indecoras
2380 1056 2563 1111 emisit
2596 1056 2794 1111 voces?
2818 1056 2955 1123 Quid
2987 1058 3036 1112 ei
3075 1059 3140 1113 de
3171 1058 3367 1113 sobria:
3410 1057 3627 1113 fctttintn

2048 1147 2441 1215 compositione
2510 1147 2786 1202 decessit?
2845 1146 2983 1203 Num
3018 1164 3084 1204 eo
3136 1148 3285 1203 ebria
3351 1151 3623 1215 videatur,

2046 1236 2189 1304 quod
2239 1235 2493 1295 damnata
2545 1246 2604 1291 ut
2650 1236 3071 1303 obmutescerct,
3120 1238 3379 1294 iudictam
3434 1240 3625 1294 lubens

2046 1327 2269 1379 multam
2323 1324 2662 1392 susceperit?
2713 1323 2851 1379 Num
2906 1327 3032 1396 quia
3094 1328 3326 1385 visibilis
3402 1330 3622 1384 habitus

2045 1414 2351 1482 honestate,
2387 1415 2656 1469 iuternam
2692 1417 2860 1471 animi
2889 1420 3332 1474 constitutionem
3363 1423 3621 1476 ostende-

2042 1506 2160 1561 ret?
2181 1506 2313 1561 Num
2345 1508 2469 1578 quia
2497 1523 2782 1564 accensam
2809 1509 3036 1565 internae
3063 1513 3326 1567 orationis
3349 1511 3619 1567 [lnmmam

2041 1597 2260 1653 silentio
2311 1599 2615 1667 continens,
2659 1600 2776 1655 solo
2808 1601 3074 1656 lahiorum
3109 1611 3276 1666 motu,
3314 1618 3470 1657 smmi
3504 1605 3618 1673 ipsa

354 1673 656 1730 ὲνίάλειέν
679 1677 757 1746 τῇ
790 1681 1003 1749 καρδίᾳ
1041 1683 1252 1754 αὐτῆς,
1295 1688 1492 1744 καὶτὰ
1531 1693 1707 1761 χείλη
1746 1695 1920 1765 αὐτῆς

2040 1689 2315 1759 proferret
2359 1691 2671 1748 fervorem?
2698 1692 2856 1761 Nam,
2909 1695 3103 1764 inquit,
3142 1694 3474 1767 Loquebntur
3506 1698 3619 1764 ipsa

354 1764 630 1857 ἐκινεῖτο,
668 1770 769 1822 καὶ
794 1772 965 1839 φωνὴ
997 1773 1188 1843 αὐτῆς
1217 1779 1330 1831 οὐκ
1372 1780 1650 1847 ἠκούετο.
1685 1784 1798 1839 Οὐκ

2038 1781 2091 1836 in
2112 1783 2266 1837 corde
2308 1798 2429 1851 suo,
2464 1793 2511 1838 et
2540 1783 2683 1838 labia
2708 1784 2821 1853 ejus
2867 1787 3246 1851 movebantur,
3280 1796 3329 1841 et
3369 1803 3472 1841 vox
3502 1787 3616 1857 (ίαν

353 1848 447 1906 οὖν
476 1854 613 1925 πρὸς
654 1858 752 1928 τὴν
783 1861 1083 1933 παράδοξον
1124 1865 1295 1936 αὐτῆς
1339 1868 1682 1941 ἐκπλαγῆναι
1734 1890 1933 1946 καρτε-

356 1944 519 2015 ρίαν;
563 1948 678 2002 Οὐκ
709 1950 817 2029 ἔδει
871 1953 932 2007 τὸ
964 1955 1224 2019 εὐσταθὲς
1264 1959 1360 2013 τοῦ
1408 1962 1688 2032 ὁρωμένου
1728 1944 1936 2041 ταύτης

351 2037 747 2109 ἀποθαυμάσαι
791 2044 1110 2114 σχήματος;
1152 2048 1252 2120 τὴν
1301 2050 1564 2123 ἀσίγητον
1606 2056 1666 2109 ἐν
1718 2037 1934 2133 ἀφωνία

353 2133 493 2197 πρὸς
524 2130 657 2184 Θεὸν
690 2132 909 2204 δέησιν;
935 2137 1035 2205 τὴν
1080 2138 1306 2211 διηνεκῆ
1345 2141 1455 2197 τῶν
1484 2144 1749 2215 ὀμμάτων
1795 2130 1932 2220 πρὸς

350 2220 582 2287 οὐρανὸν
607 2222 924 2293 ἀνάνευσιν;
953 2229 1081 2293 τοὺς
1106 2232 1173 2284 ὲκ
1205 2234 1433 2303 συνοχῆς
1461 2236 1690 2307 καρδίας
1723 2238 1931 2313 ἀλαλή-

348 2327 504 2407 τους,
534 2313 736 2407 μᾶλλον
842 2320 1118 2392 ἀηχήτους
1157 2326 1528 2397 στεναγμούςς
1558 2330 1789 2407 καὶγὰρ
1809 2335 1930 2389 οὐδὲ

349 2399 549 2465 αὐτοὺς
575 2401 934 2469 ἐξακούεσθαι
957 2415 1216 2484 παρεῖχε·
1243 2415 1324 2468 διό
1347 2433 1508 2488 φησι·
1535 2399 1709 2490 Φωνῆ
1741 2399 1930 2493 αὐτῆς

347 2494 465 2585 οὐκ
505 2494 780 2564 ἠκούετο.
814 2501 875 2555 Οἱ
924 2502 1048 2573 μὲν,
1092 2505 1201 2560 τῶν
1244 2507 1526 2579 ἐνάρθρων
1571 2502 1749 2585 αύτὴν
1790 2516 1928 2571 ἀπο-

347 2584 592 2641 κλείουσι
621 2590 717 2642 καὶ
745 2592 939 2660 φωνῶν
961 2597 1056 2648 καὶ
1084 2596 1259 2666 λόγων
1279 2615 1292 2629 ·
1322 2602 1355 2672 ή
1386 2601 1465 2668 δὲ,
1504 2605 1598 2659 καὶ
1633 2584 1734 2672 τάς
1759 2610 1929 2684 ἀνάρ-

347 2675 513 2747 θρους
538 2680 757 2754 ἐπεῖχεν
795 2686 1103 2758 ἐνηχήσεις,
1150 2693 1424 2763 μηδεμίαν
1462 2699 1577 2762 τοῖς
1611 2675 1927 2761 σκώπτουσι

347 2770 711 2840 συγχωροῦσα
735 2774 957 2845 δοθῆναι
988 2779 1089 2850 τὴν
1116 2781 1395 2855 ἀφορμήν.

429 2860 571 2914 Ἀλλ’
610 2863 749 2936 αὐτὴ
784 2867 884 2936 μὲν
926 2869 1091 2935 οὕτω,
1120 2874 1216 2927 καὶ
1259 2876 1483 2951 τοιαύτῃ
1521 2883 1589 2952 τῇ
1634 2883 1923 2960 θαυμαστῇ

343 2952 637 3047 καρτερίᾳ,
667 2957 767 3022 τὰς
792 2959 929 3031 πρὸς
955 2961 1356 3047 Θεὸνρἁέτεινε
1389 2969 1601 3042 δεήσεις
1628 2990 1642 3004 ⁸
1674 2952 1816 3031 τοῦδ’
1843 2952 1925 3045 εἰς

2037 1888 2141 1926 non
2162 1873 2500 1927 audiebatur.
2532 1872 2722 1928 Nonne
2756 1882 2886 1945 ergo
2909 1876 3170 1945 prmclara
3205 1878 3292 1932 illa
3328 1878 3618 1933 assiduitas

2035 1971 2311 2034 stuporem
2349 1965 2645 2022 conciliare
2680 1966 2907 2021 habuit?
2947 1967 3136 2023 Nonae
3186 1969 3418 2026 visibilis
3463 1970 3617 2023 habi-

2038 2062 2124 2110 tus
2184 2067 2333 2111 recta
2388 2057 2711 2126 compositio
2759 2057 2861 2113 fuit
2923 2059 3268 2117 admirationi
3321 2061 3617 2117 habenda?

2034 2144 2222 2202 Nonne
2279 2147 2369 2202 illa
2409 2148 2464 2202 in
2520 2148 2736 2205 silentio
2787 2151 2984 2220 loquax
3040 2152 3123 2206 ad'
3169 2152 3332 2206 Deum
3396 2151 3613 2205 oratio?

2033 2237 2220 2293 Nonne
2235 2242 2313 2295 sic
2334 2241 2450 2311 jugi
2485 2241 2834 2297 contentione
2859 2254 3038 2298 erecta
3064 2243 3116 2297 in
3147 2243 3342 2298 ctutum
3367 2243 3569 2296 lumina
3586 2242 3612 2296 ?

2018 2329 2223 2387 Nonne
2254 2335 2488 2402 gemitus
2528 2349 2594 2390 ex
2647 2335 2895 2405 angustia
2929 2338 3129 2400 cordis,
3157 2336 3305 2392 nullo
3332 2352 3607 2401 sermone,

2031 2431 2088 2476 at
2118 2438 2293 2492 neque
2341 2439 2498 2491 sono,
2543 2427 2829 2495 expressi?
2878 2426 3013 2482 Nam
3049 2442 3226 2497 neque
3274 2443 3367 2483 eos
3399 2429 3611 2482 sim-bat

2032 2514 2168 2571 foris
2200 2515 2399 2571 audiri.
2429 2515 2643 2573 Idcirco
2668 2518 2746 2572 ait
2783 2537 2798 2575 :
2853 2516 2970 2573 Vox
2992 2518 3239 2587 ejuauon
3268 2520 3603 2573 audiebatur.

2028 2601 2329 2661 Prohibent
2370 2606 2467 2673 illi,
2523 2614 2585 2661 ut
2640 2621 2709 2662 ne
2756 2608 3075 2663 articulatas
3131 2624 3293 2664 voces
3345 2625 3409 2664 ac
3444 2610 3606 2664 verba

2028 2691 2189 2759 edat;
2244 2702 2302 2748 at
2349 2692 2465 2757 illa,
2526 2709 2597 2750 ne
2634 2709 2795 2764 quam
2862 2696 3211 2753 illudentibus
3261 2699 3605 2754 occasionem

2027 2785 2312 2851 praeberet,
2351 2785 2696 2844 indistinctos
2735 2788 2901 2842 etiam
2929 2804 3096 2846 sonos
3126 2791 3424 2860 premebat.

2100 2869 2192 2927 Sic
2220 2873 2500 2930 enimvero
2551 2875 2664 2942 illa,
2703 2876 2933 2933 mirabili
2964 2877 3226 2946 ejusmodi
3260 2881 3601 2943 assiduitate.

2024 2975 2212 3032 preces
2241 2964 2308 3019 ad
2355 2964 2523 3020 Deum
2560 2967 2914 3025 submittebat
2952 2989 2984 3024 νε
3035 2971 3173 3037 Quid
3210 2987 3339 3031 vero
3384 2972 3451 3026 ad
3482 2988 3601 3028 eam

342 3043 516 3115 αὐτὴν
572 3047 825 3117 αὐθαδῶς
869 3043 1219 3112 ὲπισκῶπτον
1264 3061 1572 3134 παιδάριον,
1620 3068 1674 3121 τί
1726 3088 1919 3143 φησιν;

344 3134 500 3169 "PL...
520 3141 661 3169 ηιξ-..
688 3144 1075 3169 ,.,.α..,..η-ι..---
1112 3151 1238 3169 ..-γι
1286 3155 1305 3169 .-
1374 3153 1424 3169 M
1515 3155 1526 3169 .
1624 3155 1650 3169 -
1709 3163 1720 3169 -

2025 3072 2164 3128 puer
2202 3059 2531 3130 impudentia
2567 3061 2877 3119 lacessens?
2904 3066 3205 3135 Quousque,
3231 3067 3425 3137 inquit.
3456 3067 3606 3121 ebria

344 3134 500 3232 Ἕως
515 3141 661 3232 πότε·
673 3144 1075 3232 μεθυσθήσῃς
1102 3151 1339 3218 περίελε
1362 3153 1440 3223 δὴ
1466 3155 1573 3211 τὸν
1587 3134 1758 3216 οἷνόκ
1779 3134 1916 3232 σου,

340 3224 443 3277 καί
474 3228 735 3296 πορεύου
771 3231 840 3285 ἐκ
885 3235 1218 3302 προσώπου
1266 3243 1509 3310 Κυρίου.
1561 3246 1723 3302 Ποῖον
1761 3268 1921 3322 περι-

337 3314 485 3370 ελεῖν
504 3313 648 3373 οἶνον
676 3322 812 3394 αὐτῇ
838 3327 1231 3397 προστάσσεις;
1256 3333 1350 3386 τὸν
1380 3336 1518 3406 πρὸς
1551 3338 1686 3393 Θεὸν
1724 3313 1921 3398 διάπυ-

340 3429 438 3484 ρον
484 3413 687 3482 πόθονς
737 3415 799 3469 τὸ
828 3419 1092 3488 νηφάλιον
1125 3422 1228 3495 τῆς
1271 3426 1540 3496 διανοίας;
1591 3431 1691 3503 τὴν
1733 3435 1919 3492 ἄσιτον

337 3504 670 3597 κξρῖερίανξ
696 3506 800 3597 ﬁt;
837 3511 903 3563 ὲκ
951 3510 1184 3584 ζεούσης
1226 3515 1409 3588 ψυχῆς
1454 3520 1921 3597 ἀναπεμπομένας

336 3592 535 3662 εὐχάς;
567 3594 671 3647 ποῦ
695 3596 752 3648 δὲ
776 3598 870 3651 καὶ
895 3598 1135 3670 πέμπεις
1158 3605 1223 3657 ὲκ
1269 3608 1563 3675 προσώπου
1592 3592 1798 3684 Κυρίου
1821 3592 1918 3690 τὴν

337 3684 406 3736 τὰ
438 3685 614 3739 πάντα
642 3687 996 3758 παριδοῦσαν,
1020 3693 1116 3746 καὶ
1141 3695 1200 3748 τὸ
1225 3697 1437 3752 ἐκείνου
1463 3703 1624 3770 μόνον
1648 3706 1914 3777 ἐκζητοῦ-

339 3788 445 3827 σαν
462 3776 753 3846 πρόσωπον
774 3794 787 3808 ·
809 3780 911 3852 τήν
937 3783 996 3837 ὲν
1024 3787 1227 3858 καρδίᾳ
1258 3790 1351 3844 τὸν
1370 3792 1540 3864 αὐτῆς
1579 3776 1918 3871 συνῳκισμέ-

335 3882 427 3917 νον
460 3865 659 3937 ἔχουσα
710 3869 876 3926 πόθον
898 3889 913 3905 ο
940 3874 1039 3945 τὴν
1072 3876 1352 3951 ἀκροατὴν
1399 3883 1560 3951 μόνον
1599 3865 1764 3943 αὑτὸν
1807 3865 1916 3947 τῶν

333 3957 558 4012 οἰκείων
595 3958 903 4030 βλέπουσαν
946 3967 1228 4036 ῥημάτων,
1261 3970 1323 4024 ὃν
1351 3973 1553 4042 μᾶλλον
1584 3978 1643 4032 ὲν
1676 3984 1791 4045 τοῖς
1817 3984 1911 4038 ὲκ-

330 4047 694 4143 «(eam
729 4052 831 4123 τῆς
878 4055 1106 4127 σκηνῆς,
1135 4061 1249 4123 τοῖς
1289 4062 1392 4134 τῆς
1436 4064 1674 4134 διανοίας
1702 4070 1914 4143 ὄμμασι

329 4140 637 4211 προὸλέπει
661 4160 676 4209 ;

404 4230 517 4330 [fat
550 4230 695 4284 οὕτω
738 4231 841 4302 μὲν
890 4234 950 4289 ὲν
998 4236 1078 4308 τῷ
1107 4240 1206 4312 τῆς
1254 4248 1566 4319 προσευχῆς
1609 4254 1807 4325 καιρῷ,
1842 4260 1910 4330 τῇ

328 4319 502 4373 πάλαι
533 4323 976 4396 συνεπετίθησαν
1004 4329 1055 4381 ot
1085 4330 1531 4403 ἐπισκώπτοντες
1568 4319 1769 4417 ’Δννῆί
1796 4349 1829 4419 ή
1854 4319 1911 4403 δέ

2023 3150 2169 3205 en’a?
2210 3150 2375 3221 Aufer
2413 3153 2605 3207 viuum.
2635 3164 2805 3216 luunt,
2851 3166 2898 3209 et
2935 3157 3064 3210 vade
3105 3174 3138 3211 a
3183 3158 3323 3227 {acie
3366 3157 3600 3213 Domini.

2023 3241 2541 3309 Quod‘verovinum
2565 3246 2722 3315 jubes
2752 3248 3007 3304 auferre?
3046 3249 3182 3304 Num
3219 3265 3511 3307 accensum
3546 3252 3599 3307 in

2020 3332 2189 3388 Deum
2228 3335 2595 3392 desiderium?
2617 3336 2924 3394 Mentemne
2956 3340 3232 3398 sobriam?
3257 3341 3451 3421 Jejuno
3480 3359 3603 3400 cor-

2010 3439 2153 3494 pore
2190 3425 2464 3481 assiduam
2501 3428 2856 3485 instantiam?
2883 3432 3031 3500 Quas
3062 3449 3127 3489 ex
3163 3434 3391 3494 ferventi
3417 3434 3601 3490 animo

2020 3515 2291 3597 submittit
2325 3520 2553 3588 preces?
2594 3521 2703 3577 Sed
2734 3523 2880 3577 enim
2909 3516 3017 3593 quo
3049 3535 3104 3580 ct
3142 3541 3172 3580 a
3218 3525 3357 3582 facie
3386 3525 3600 3582 Domini

2019 3621 2138 3662 eam
2199 3609 2482 3678 amandas,
2532 3628 2652 3681 quae
2707 3614 2828 3670 aliis
2859 3618 3113 3674 omnibus
3160 3620 3388 3689 spretis,
3434 3637 3599 3676 unam

2019 3698 2245 3754 Domini
2264 3699 2459 3759 faciem
2501 3705 2775 3773 exquirit;
2803 3707 2890 3761 cui
2921 3720 3081 3763 suum
3113 3710 3167 3765 in
3202 3722 3424 3779 pectore
3453 3713 3597 3769 desi-

2016 3789 2240 3852 derium.
2271 3791 2438 3847 ﬁxum
2501 3803 2635 3864 est-r
2667 3812 2808 3865 quat,
2838 3800 3131 3855 verborum
3188 3817 3410 3859 suorum
3469 3820 3597 3860 cum

2016 3881 2282 3938 duntaxat
2338 3885 2640 3949 auditorem
2701 3889 2868 3955 videt,
2919 3904 3081 3959 quem
3144 3895 3319 3964 magis
3366 3896 3419 3951 in
3471 3897 3596 3953 aliis

2000 3983 2189 4040 extra,
2217 3989 2380 4046 quam
2410 3977 2550 4032 intra
2575 3978 3002 4048 tabernaculum,
3029 3985 3226 4040 mentis
3247 3986 3417 4043 oculis
3464 4002 3595 4057 pro-

2013 4063 2229 4135 spicit?

2081 4249 2160 4305 Ac
2197 4262 2324 4305 eum
2355 4251 2573 4321 quidem
2609 4254 2850 4321 modum,
2891 4256 3164 4326 illusores,
3202 4268 3441 4318 veterem
3471 4265 3593 4332 qui-

2012 4340 2133 4396 dem
2165 4340 2406 4409 Annam,
2441 4345 2704 4402 orationis
2738 4355 3006 4419 tempore,
3044 4366 3149 4406 una
3184 4353 3348 4408 veluti
3373 4356 3591 4426 conspi-

328 4410 427 4462 νέα
452 4412 544 4465 καὶ
601 4417 945 4488 συνετωτάτη
995 4419 1233 4489 πάντων,
1276 4424 1547 4483 δεδοικυῖα
1585 4435 1658 4506 μή
1700 4453 1753 4490 τι
1789 4410 1898 4495 tibi;

2025 4429 2244 4495 ratione,
2265 4433 2611 4503 oppetierunt
2633 4443 2728 4490 sat
2754 4452 2912 4506 nova,
2939 4440 3320 4513 universisque
3348 4410 3589 4515 prudetn-

325 4500 590 4555 τοιούτων
641 4505 830 4571 πάθοι,
886 4509 987 4580 τὴν
1029 4511 1224 4585 ἐκτενῆ
1287 4500 1658 4588 προσάγουσα-
1692 4527 1900 4600 δέησιν,

325 4590 519 4662 ὥσπερ
550 4594 653 4664 τῆς
697 4597 899 4664 οἰκίας,
931 4600 1075 4654 οὕτω
1107 4606 1201 4658 καὶ
1226 4607 1340 4661 τοῦ·
1365 4612 1493 4664 ναοῦ
1531 4616 1860 4682 ύπεξίστατο
1884 4642 1898 4656 ·

323 4680 416 4733 τὸν
445 4684 858 4777 ἐρημικὼτερον
889 4688 946 4743 δὲ
981 4690 1070 4745 διὰ
1097 4696 1159 4747 τὸ
1186 4696 1394 4768 ῆρεμον
1434 4701 1530 4756 τοῦ
1563 4680 1900 4777 παραδείσου

323 4774 738 4846 καταλαμϐάνει
777 4780 975 4852 χῶρον,
1007 4786 1067 4838 ἐν
1089 4779 1135 4854 ᾧ
1158 4790 1337 4857 σοφῶς
1367 4774 1704 4864 προεσκόπει
1739 4801 1801 4854 τὸ
1827 4806 1904 4857 εί-

321 4864 725 4960 λικρινὲςᾼαύτῇ
768 4870 869 4940 τῆς
905 4873 1356 4951 ἐπιθυμουμένης
1392 4887 1900 4960 συντηρηθήσεσθαι

322 4956 659 5026 προσευχῆς.
690 4960 847 5030 Ἔάχα-
874 4961 932 5016 δὲ
957 4965 1018 5018 οὐ
1050 4966 1138 5020 διὰ
1162 4969 1342 5036 τοῦτο,
1378 4972 1466 5026 διὰ
1500 4974 1556 5027 δὲ
1603 4956 1703 5048 τὴν
1730 4980 1896 5046 ὅντως

320 5050 740 5121 φανερουμένην
789 5054 1070 5126 ἀλήθειαν,
1106 5061 1205 5130 τὴν
1248 5065 1378 5134 περὶ
1429 5065 1596 5139 αὐτῆς
1627 5072 1725 5143 ἤδη
1771 5090 1900 5145 προ-

318 5137 593 5206 ανεφὼνει
617 5142 704 5196 διὰ
735 5149 1076 5216 πραγμάτων
1106 5151 1351 5208 ἔκϐασιν.
1390 5155 1514 5222 Τοῖς
1679 5137 1739 5233 τῆ
1768 5137 1897 5239 σκιᾷ

314 5228 594 5283 διυλεύειν
615 5233 1057 5308 διατεταγμένοις
1073 5242 1179 5295 τῶν
1201 5248 1440 5315 νομικῶν
1457 5250 1681 5320 ὲθίμων,
1703 5228 1895 5327 ὥσπερ

314 5323 385 5372 τά
409 5320 500 5373 διὰ
523 5329 902 5398 καρποφορίας
940 5332 1396 5407 καλλιερούμενα,
1412 5338 1576 5393 -οὖτω
1600 5342 1697 5395 καὶ
1725 5345 1757 5413 ἡ
1784 5320 1894 5401 τῶν

314 5413 632 5509 ἀναγκαίως
672 5419 1008 5491 αἰτουμένων
1052 5432 1572 5501 συμπεριεγράφετο
1612 5439 1892 5509 προσευχὴ

313 5501 645 5600 τῷΔναῷ,-ὲν
690 5509 865 5600 τούτῳ
905 5515 1107 5585 μᾶλλον
1150 5518 1260 5575 τῶν
1295 5501 1749 5595 ἑπιζητουμένων

309 5594 541 5649 ικϐασιν
565 5596 861 5670 λαμϐάνειν
891 5608 1324 5680 πιστευομένων.
1354 5594 1671 5686 Προμηνύει
1711 5594 1890 5675 τοίνυν

307 5686 346 5757 ἡ
376 5687 476 5759 τῆς
507 5687 725 5760 χάριτος
754 5692 1039 5767 ἐπώνυμος
1078 5699 1279 5767 Ἅννα,
1300 5699 1386 5754 διὰ
1418 5702 1514 5773 τῆς
1547 5706 1688 5763 οὕτω
1717 5727 1885 5781 προπ-

2009 4521 2137 4585 tior,
2178 4523 2438 4579 intentam
2475 4527 2771 4598 jugemque
2805 4532 3052 4588 ablatura
3079 4537 3409 4603 oratiunem,
3438 4540 3517 4594 uti
3551 4556 3582 4595 a

2007 4612 2195 4701 domo,
2228 4615 2303 4669 ita
2353 4626 2408 4671 et
2435 4634 2464 4671 a
2495 4621 2892 4694 teniplmlouge
2929 4626 3193 4692 abscedit,
3226 4629 3476 4701 hortique
3512 4632 3589 4688 lo-

2003 4693 2151 4773 cum,
2192 4705 2261 4759 ab
2295 4707 2530 4763 humana
2559 4693 3354 4788 consuetudineremotiorem,
3387 4722 3585 4792 quietis

2002 4810 2131 4866 ergo
2189 4797 2348 4864 petit,
2396 4800 2487 4854 ubi
2542 4801 2862 4859 desiderata:
2923 4811 3252 4876 precationis
3311 4814 3581 4871 sinceram

2001 4889 2292 4956 puritatem
2347 4892 2451 4946 sibi
2509 4905 2785 4953 servatum
2827 4899 2895 4954 iri
2950 4902 3233 4970 sapienter
3291 4906 3583 4962 admodum

2002 4981 2351 5050 prmvidebat.
2386 4983 2525 5043 Fors
2547 4998 2729 5043 autem
2758 5006 2863 5046 non
2891 5006 2956 5046 ea
2978 4995 3210 5060 ratione,
3235 4997 3327 5049 sed
3360 5008 3586 5068 propter

2002 5072 2509 5133 vcritatcmrevera
2544 5080 2950 5144 declarandam,
2981 5083 3100 5153 ejus
3149 5085 3255 5142 iam
3306 5101 3375 5143 ex
3405 5092 3586 5158 operi-

1999 5161 2149 5218 ribus
2181 5165 2322 5220 circa
2378 5182 2437 5222 se
2492 5179 2747 5224 eventum
2791 5173 3138 5240 praedicebat.
3173 5175 3381 5242 Quibus
3434 5181 3582 5235 enim

1997 5256 2373 5324 praescriptum
2450 5268 2569 5313 erat
2629 5269 2686 5315 ut
2748 5261 3001 5332 legalium
3054 5267 3314 5323 sciturum
3377 5273 3582 5328 umbra:

1964 5346 2354 5415 .deservircnt,
2390 5350 2485 5405 uti
2499 5351 2777 5411 offerenda
2816 5371 3046 5414 munera
3078 5375 3143 5416 ac
3191 5361 3466 5431 primitiat,
3501 5365 3576 5420 ita

1994 5448 2051 5494 et
2124 5444 2559 5499 necessariarum
2621 5462 2802 5503 rerum
2852 5464 2950 5519 per
2994 5453 3296 5510 orationem
3361 5458 3575 5524 petitio,

1996 5532 2180 5601 templi
2223 5534 2431 5591 ambitu
2463 5538 2684 5595 deﬁnita
2713 5552 2851 5611 crat,
2906 5545 2959 5599 in
2993 5560 3101 5616 quo
3144 5547 3381 5604 maxime
3421 5561 3577 5606 voto-

1997 5639 2114 5678 rum
2171 5640 2232 5681 se
2261 5638 2542 5699 compotes
2594 5631 2711 5689 fore
2755 5651 3078 5706 persuasum
3128 5640 3420 5697 habebant.
3453 5640 3574 5697 Jam

1994 5730 2120 5788 ergo
2160 5721 2494 5790 cognominis
2526 5727 2711 5795 gratiae
2751 5729 2930 5801 Anna,
2980 5746 3044 5788 ex
3100 5731 3373 5804 oratione,
3410 5749 3573 5807 quam
