3948 6162
427 288 560 354 1367

1555 303 1881 366 GEORGII
1921 308 2514 375 NICOMEDIENSIS

3546 327 3680 395 1368

422 404 503 453 sic
536 400 691 453 oliert
730 401 855 465 Duo,
889 418 1063 470 exque
1114 401 1465 463 ratioual’bus
1499 411 1772 479 primitiis,
1818 414 1987 483 prima

2106 421 2401 491 ρερομένης
2452 422 2569 492 Θεῷ
2592 423 2830 495 δεήσεως
2874 426 2967 480 καὶ
3012 427 3235 499 λογικῆς
3278 437 3678 506 καρποφορίας,

424 492 602 558 initia,
637 502 694 545 ut
730 506 795 544 ne
829 498 1018 547 eadem
1061 495 1179 550 loco
1227 499 1512 551 deﬁniatur
1542 500 1774 556 humana
1806 505 1998 557 existi-

330 603 342 636 :
422 584 683 649 matione,
712 587 1058 653 prmnuutiat.
1110 585 1206 643 Dei
1250 592 1391 645 enim
1441 592 1641 664 ubique
1689 598 1996 665 praesentis,

322 673 349 716 3'
420 674 567 726 omni
602 673 720 729 loco
745 676 1021 732 exsistens
1051 679 1247 748 gratia,
1279 682 1353 734 uti
1379 684 1557 750 rebus,
1589 687 1732 741 itaet
1765 688 1996 742 lldelium

420 766 675 829 opinione
710 766 959 821 habitura
998 777 1103 836 est,
1140 776 1198 822 ut
1251 786 1373 841 qua:
1415 774 1585 842 ipsius
1634 777 1999 834 beneﬁcentim

422 864 551 909 sunt
591 857 644 909 in
671 858 926 913 onmilms
951 869 1093 925 agat.
1129 860 1241 916 Hoc
1268 878 1399 918 sane
1428 874 1477 919 et
1516 864 1760 922 Joacbim
1793 872 1878 924 vir
1909 872 1998 927 ille

416 947 604 1012 justus
636 952 1033 1018 praenuntians,
1056 954 1260 1024 templo
1289 972 1348 1012 se
1370 961 1697 1026 subduccns,
1721 973 1994 1032 acceptam

422 1039 568 1091 illam
603 1055 668 1095 ac
714 1042 1012 1098 mirabilem
1051 1049 1352 1102 orationem
1382 1048 1434 1103 in
1464 1060 1646 1106 monte
1682 1053 1855 1122 oll'ert,
1889 1071 1997 1126 quo

423 1128 582 1194 plane
614 1130 915 1200 signiticet,
951 1149 1104 1190 novae
1132 1140 1321 1205 gratiae
1352 1140 1609 1208 adventu,
1646 1157 1768 1200 cum
1799 1145 1997 1215 [igura-

421 1219 564 1275 libus
607 1224 812 1279 umbris
861 1240 1056 1280 carens
1090 1229 1504 1300 relinquendum
1559 1234 1851 1303 templum,
1882 1245 1995 1291 tum

420 1311 475 1364 in
525 1314 777 1369 omnibus
838 1316 1211 1375 illustratiouis
1292 1323 1461 1391 ipsius
1515 1324 1694 1379 radios
1758 1326 1995 1396 esplica—

424 1406 534 1453 tum
570 1398 657 1453 iri.
818 1411 847 1423 κ
1160 1410 1165 1413 “
1394 1420 1411 1438 π

494 1581 804 1648 Enimvero,
854 1600 1101 1655 quzenam
1159 1598 1285 1644 sunt
1334 1593 1664 1661 precationis
1715 1597 1886 1652 Annae
1940 1598 1992 1652 in

422 1671 582 1724 horto
633 1676 838 1730 verba?
864 1676 1091 1733 Praastat
1123 1680 1267 1734 enim
1299 1697 1361 1736 ea
1388 1698 1641 1740 sermone
1669 1686 1990 1756 producere,

421 1763 917 1836 utvideamusquid
936 1770 1230 1827 universim
1262 1774 1514 1829 decorum
1543 1777 1991 1845 babeant.Quan-
2018 1766 2068 1829 Β

421 1871 581 1922 quam
630 1872 763 1914 sane
813 1859 935 1917 aliis
969 1861 1199 1934 aliisque
1246 1879 1310 1920 ac
1366 1866 1597 1924 diversis
1630 1868 1784 1937 locis,
1830 1887 1993 1941 quam

422 1948 695 2003 diversam
746 1951 856 2021 ipsa
899 1956 1325 2024 praecogitasset,
1367 1957 1562 2015 oﬂ‘erre
1611 1952 1991 2029 consueverat,

425 2041 567 2094 baud
601 2029 775 2096 tamen
802 2044 888 2098 illa
912 2046 1087 2102 aliene
1113 2064 1347 2119 unquam
1372 2067 1401 2104 a
1422 2062 1787 2108 consentaneo
1804 2055 1997 2109 ordine

424 2130 664 2185 habebat
699 2148 712 2184 :
747 2134 837 2189 bic
870 2132 1020 2204 vero,
1053 2154 1120 2192 ex
1149 2141 1381 2194 contrita
1420 2145 1593 2212 magis
1626 2159 1690 2198 ae
1730 2145 1996 2199 submissa

426 2228 606 2274 mente
634 2225 957 2290 procedens,
994 2242 1129 2280 nova
1165 2230 1412 2296 quaedam
1455 2246 1519 2285 2c
1560 2233 1821 2287 mirabilis
1856 2234 1999 2288 inso-

426 2324 583 2374 nans,
615 2314 864 2366 exaudita
897 2324 1001 2369 est.
1034 2316 1410 2375 Consentanea
1445 2323 1643 2392 quippe
1677 2329 1883 2379 ratione
1922 2325 1998 2379 in-

423 2405 631 2473 cipiens
655 2405 799 2475 justa
836 2409 1034 2464 femina
1068 2414 1512 2483 supplicationem
1543 2417 1768 2486 offerre;
1812 2420 1996 2489 deplo-

426 2497 598 2550 rantis
631 2500 812 2567 specie
876 2502 1090 2556 beatam
1130 2504 1274 2558 illam
1337 2508 1576 2561 sermoni
1633 2509 1994 2563 humilitatem

426 2585 643 2655 adjecit.
698 2589 1079 2661 Quamobrem,
1134 2592 1276 2650 liaud
1324 2612 1384 2651 se
1430 2599 1725 2668 gentilibus
1775 2601 1889 2655 suis
1917 2594 1998 2655 'ac

424 2681 822 2736 contribulibus
849 2698 1197 2754 comparans,
1227 2702 1417 2742 carum
1454 2703 1512 2745 se
1534 2689 1908 2747 benedictione
1935 2706 1998 2746 ac

426 2771 601 2837 gratia
632 2786 728 2825 ceu
767 2773 1064 2843 indignam,
1099 2778 1365 2845 privatam
1400 2781 1512 2846 ait;
1565 2781 1694 2850 quin
1737 2791 1787 2837 et
1817 2797 1846 2837 a
1873 2781 1999 2838 bru-

426 2871 602 2916 tarum
643 2879 860 2934 quoque
906 2869 1288 2935 animantium,
1324 2882 1489 2941 atque
1520 2874 1588 2928 ab
1616 2874 1786 2943 ipsius
1821 2876 2011 2931 inani-

427 2955 530 3008 mis
564 2965 834 3010 creaturae
887 2957 1242 3015 similitudine
1272 2965 1415 3030 quod
1471 2974 1680 3034 spectat
1719 2967 1784 3020 ad
1836 2968 1999 3022 bene-

424 3044 737 3113 dictionem,
753 3047 973 3103 omnino
993 3064 1051 3104 se
1065 3049 1291 3106 alienam
1311 3051 1509 3109 factam
1524 3071 1642 3111 esse
1662 3058 1994 3126 pronuntiat.

424 3133 635 3189 Idcirco
665 3138 979 3206 precatione
1000 3156 1161 3208 quam
1195 3143 1436 3199 solitaria
1463 3145 1689 3215 profert,
1713 3149 1996 3203 volucrum

424 3229 657 3297 pariter,
690 3248 753 3286 ac
785 3234 1194 3305 quadrupedum
1248 3241 1514 3306 meminit,
1564 3242 1993 3313 bestiarumque,

425 3343 488 3379 ac
523 3336 704 3393 terrm,
750 3345 849 3385 nec
880 3346 984 3386 non
1015 3347 1201 3387 eorum
1235 3349 1354 3402 quae
1389 3337 1440 3390 in
1489 3344 1633 3392 terra
1667 3348 1996 3407 nascuntur;

426 3436 690 3496 aquarum
751 3436 985 3491 quoque,
1042 3439 1105 3480 ac
1140 3438 1329 3480 earum
1369 3428 1723 3484 animantium
1780 3445 1899 3500 qum
1943 3432 1997 3485 in

428 3514 584 3580 aquis
620 3513 910 3580 fetillrant,
944 3530 1051 3584 quo
1080 3533 1140 3572 se
1187 3533 1407 3587 prorsus
1447 3518 1695 3576 inutilem
1728 3524 1998 3588 ostendat,

429 3606 746 3658 memoriam
787 3603 940 3671 facit,
973 3608 1206 3678 indeque
1236 3608 1410 3663 solum
1437 3596 2000 3669 misericordissimam

431 3695 595 3748 lit-um
637 3696 702 3749 ad
734 3698 1164 3754 misericordiam
1207 3711 1466 3769 provocat
1490 3716 1554 3756 ac
1589 3701 1833 3757 inﬂectit.

500 3787 697 3842 Verum
731 3799 957 3858 occupat
991 3792 1078 3846 ille
1107 3807 1406 3859 sermones,
1443 3808 1506 3848 ac
1537 3794 1765 3849 necdum
1811 3794 2002 3849 termi-

425 3899 555 3936 num
580 3882 811 3938 babente
839 3884 1006 3939 Annae
1033 3883 1121 3938 illa
1146 3884 1394 3940 oratione
1417 3927 1432 3950 ,
1485 3900 1672 3940 eorum
1694 3902 1812 3956 quae
1856 3896 2004 3955 pete-

427 3988 637 4042 rentur,
664 3991 760 4044 spe
794 3978 943 4032 Omni
974 3980 1307 4047 superiorem
1356 3989 1606 4034 eventum
1657 3981 1859 4048 petenti
1903 3996 2001 4033 an-

429 4071 661 4123 nuntiat.
701 4068 838 4123 Nam
862 4086 997 4133 ecce,
1022 4069 1215 4141 inquit,
1250 4070 1374 4123 dum
1396 4070 1731 4141 loqueretur,
1755 4072 1893 4125 venit
1933 4071 2001 4124 ad

426 4176 541 4212 eam
584 4159 797 4229 angelus
848 4160 1081 4225 Domini,
1123 4162 1300 4214 dicens
1342 4164 1393 4215 ei
1441 4178 1460 4217 :
1511 4162 1795 4216 Exaudivit
1861 4161 2003 4216 Deus

2104 512 2179 575 ὡς
2212 512 2387 582 ἀρχὴν
2413 514 2510 584 ἤδη
2541 515 2634 566 τοῦ
2678 517 2753 586 μὴ
2790 517 2940 588 τόπῳ
2980 516 3385 590 περικλεῖεσθαι
3425 530 3548 590 ταῖς
3580 532 3679 582 ἀν..

2105 604 2407 677 θρωπίναις
2451 607 2729 671 ὑπονοίαις
2774 609 3063 680 λαμϐάνει.
3108 615 3196 669 Ἔν
3233 617 3398 668 παντὶ
3433 618 3541 688 γὰρ
3588 620 3679 674 τοῦ

2095 697 2162 749 ἐν
2187 697 2390 752 ἅπασιν
2418 698 2570 764 ὃντος
2612 700 2747 754 θεοῦ
2774 703 2932 772 χάρις
2960 708 3329 776 τυγχάνουσα,
3361 710 3425 763 τὸ
3472 712 3573 775 τὰς
3608 716 3682 766 οξ·

2104 788 2258 850 κείας
2306 790 2549 859 ἐνεργεῖν
2597 792 2655 844 ἐν
2697 793 2901 847 ἅπασιν
2938 797 3283 868 εὐεργεσίας,
3330 800 3524 875 ὥσπερ
3567 808 3682 869 τοῖς

2105 880 2446 950 πράγμασιν,
2480 881 2620 937 οὕτω
2656 886 2749 938 καὶ
2777 889 2897 951 ταῖς
2925 889 3033 942 τῶν
3071 893 3435 946 πιστευόντων
3469 895 3680 964 ὑπολή-

2103 972 2260 1042 ψεσιν
2307 974 2437 1040 ἕξει.
2476 976 2647 1055 Τούτο
2676 977 2732 1031 δὲ
2776 981 2869 1032 καὶ
2908 981 3163 1053 Ἰωακεὶμ
3216 986 3611 1055 προαγορεύων
3652 989 3681 1041 ό

2103 1065 2330 1130 δίκαιος,
2354 1067 2446 1121 τοῦ
2481 1052 2610 1122 ναοῦ
2657 1070 2756 1140 μὲν
2789 1071 3088 1142 ὑποχωρεῖ,
3121 1052 3178 1126 ἐν
3216 1052 3293 1143 τῷ
3330 1052 3445 1146 ὄρει
3487 1078 3545 1131 δὲ
3582 1078 3680 1148 τὴν

2102 1158 2495 1229 εὐπρόσδεκτον
2513 1160 2724 1226 ἐκείνην
2742 1161 2836 1214 καὶ
2860 1161 3173 1232 θαυμασίαν
3188 1166 3448 1237 ἀναφέρει
3467 1168 3676 1237 δέησιν,

2100 1250 2276 1322 δηλῶν
2318 1250 2587 1318 ἐντεῦθεν,
2624 1253 2698 1316 ὡς
2739 1254 2838 1322 τῆς
2875 1254 3000 1317 νέας
3038 1257 3262 1326 χάριτος
3301 1261 3679 1328 παραγινομέ-

2100 1359 2216 1411 νης,
2250 1343 2454 1412 ἕρημος
2507 1343 2607 1412 μὲν
2649 1342 2754 1395 τῶν
2785 1345 3031 1398 τοπικῶν
3078 1347 3447 1402 ὲπισκιάσεων
3478 1351 3507 1401 ό
3547 1352 3679 1415 ναὸς

2102 1434 2619 1504 καταλειφθήσεται,
2654 1437 2713 1488 ὲν
2742 1435 2916 1489 ἅπασι
2954 1435 3010 1490 δὲ
3049 1440 3161 1500 τοῖς
3187 1433 3306 1492 οὖσι
3347 1441 3445 1508 τῆς
3476 1442 3682 1511 ἐλλάμ-

2099 1522 2245 1591 ψεως
2278 1522 2447 1592 αὐτῆς
2473 1525 2529 1575 αἱ
2556 1525 2772 1586 ἀκτῖνες
2808 1525 3250 1597 διαταθήσονται.

2183 1614 2345 1667 Ἀλλὰ
2376 1618 2495 1667 τίνα
2546 1614 2614 1668 τὰ
2658 1616 2758 1684 τῆς
2805 1617 2969 1687 εὐχῆς
3000 1618 3058 1670 ὲν
3105 1617 3182 1688 τῷ
3232 1621 3547 1693 παραδείσῳ
3575 1623 3676 1692 τῆς

2104 1705 2303 1774 Ἀννης
2333 1704 2400 1773 ρή
2411 1720 2587 1773 ματα;
2613 1705 2789 1757 Καλὸν
2812 1704 2921 1775 γὰρ
2948 1705 3122 1758 ταῦτα
3144 1706 3223 1776 τῷ
3249 1707 3392 1779 λόγῳ
3421 1727 3679 1780 παραγα-

2096 1797 2235 1863 γεῖν,
2273 1796 2370 1847 καὶ
2396 1794 2458 1847 τὸ
2478 1795 2837 1865 κοινοπρεπὲς
2867 1795 3046 1848 αὐτῶν
3068 1793 3321 1850 κατιδεῖν.
3372 1797 3461 1852 Ἑν
3491 1801 3675 1865 ἄλλοις

2097 1887 2198 1956 μὲν
2223 1884 2330 1955 γὰρ
2360 1886 2452 1937 καὶ
2477 1884 2754 1953 διαφόροις
2783 1884 2989 1952 τόποις,
3024 1887 3072 1937 εί
3113 1886 3207 1940 καὶ
3234 1887 3490 1959 διάφορος
3530 1892 3674 1962 αὐτῇ

2095 1976 2595 2048 προσεπινοουμένη
2646 1976 2993 2046 προύτείνετο
3021 1977 3182 2047 αὕτη,
3221 1979 3372 2046 ὅμως
3415 1982 3514 2050 τῆς
3543 1981 3675 2034 ἀκο-

2094 2069 2287 2123 λούθου
2313 2069 2521 2132 τάξεως
2565 2068 2666 2121 οὐκ
2697 2067 2993 2139 ἀλλοτρίως
3031 2065 3204 2138 εἶχενο
3237 2070 3473 2124 ἐνταῦθα
3502 2071 3560 2125 δὲ
3606 2073 3675 2127 ἐκ

2099 2158 2565 2229 συντετριμμένης
2624 2158 2823 2227 μᾶλλον
2875 2160 2971 2211 καὶ
3031 2158 3437 2230 ύποόεϐηκυίας
3495 2165 3680 2235 ψυχῆς

2102 2250 2498 2323 προερχομένη,
2529 2251 2689 2320 καινή
2730 2266 2815 2314 τις
2846 2250 2944 2304 καὶ
2983 2251 3286 2320 παράδοξος
3328 2254 3677 2326 ἐνηχουμένη

2096 2340 2407 2409 ὲξηκούετο.
2440 2339 2763 2413 Ἀκολουθίᾳ
2784 2342 2891 2413 γὰρ
2917 2345 3304 2417 καταρξαμένη
3330 2346 3430 2417 τὴν
3467 2348 3679 2402 ἱκεσίαν

2096 2432 2390 2504 ἀναφέρειν
2426 2435 2459 2504 ή
2500 2433 2705 2495 δικαία,
2735 2435 3126 2505 ὲλεεινολογίας
3155 2439 3213 2490 ὲν
3256 2439 3407 2505 τάξει
3429 2442 3531 2512 τὴν
3564 2459 3678 2512 μα-

2096 2525 2296 2596 καρίαν
2328 2526 2544 2595 ἐκείνην
2573 2526 2858 2595 ἐπεισάγει
2880 2527 2973 2597 -τῷ
3001 2527 3147 2599 λόγῳ
3188 2532 3545 2588 ταπείνωσιν.
3579 2533 3679 2588 Διὸ

2096 2619 2193 2688 οὐχ
2219 2618 2505 2687 ὁμογενέσι
2528 2619 2620 2672 καὶ
2644 2618 2933 2687 ὁμοφύλοις
2958 2621 3158 2692 ἑαυτὴν
3181 2622 3677 2694 ἀντιπεριτιθεῖσα,

2095 2705 2196 2774 τῆς
2226 2707 2450 2759 ἐκείνων
2483 2706 2734 2775 εὐλογίας
2770 2708 2865 2760 καὶ
2899 2709 3123 2778 χάριτος
3154 2711 3565 2783 ἀπεστερῆσθαι
3603 2714 3676 2769 δι’

2098 2794 2424 2865 ἀναξιότητα
2452 2796 2621 2863 λέγει,
2641 2797 2776 2850 ἀλλά
2798 2798 2891 2851 καὶ
2912 2798 3096 2852 αὐτῶν
3118 2800 3229 2853 τῶν
3251 2802 3464 2870 ἀλόγων
3492 2804 3675 2872 ζώων,

2097 2887 2194 2942 καὶ
2239 2888 2339 2957 τῆς
2380 2887 2588 2958 ἀψύχου
2630 2876 2877 2952 ’κτίσεως
2928 2889 3030 2958 τῆς
3085 2890 3229 2944 κατά
3265 2891 3367 2961 τὴν
3419 2894 3678 2963 εὐλογίαν

2097 2976 2408 3047 ὁμοιώσεως
2454 2975 2867 3046 ἀλλοτριοῦσθαι
2901 2976 3079 3046 πάντη
3123 2981 3541 3049 καταποφαίνει.
3574 2982 3681 3035 Διά

2097 3066 2255 3120 τοῦτο
2290 3070 2346 3120 ὲν
2374 3069 2440 3138 τῇ
2480 3068 2859 3139 μονῳδουμένῃ
2910 3072 3215 3141 προσευχῇ,
3265 3072 3529 3125 πετεινῶν
3580 3073 3681 3127 καὶ

2099 3156 2463 3227 τετραπόδων.
2503 3157 2709 3229 θηρίων
2742 3175 2800 3211 τε
2848 3159 2944 3212 καὶ
2992 3158 3117 3228 γῆς,
3152 3160 3247 3213 καὶ
3279 3161 3388 3214 τῶν
3416 3162 3474 3214 ἐν
3507 3165 3573 3232 τῇ
3603 3166 3678 3233 γῇ

2099 3246 2419 3313 φυομένων·
2462 3242 2670 3299 ὑδάτων
2707 3263 2765 3300 τε
2799 3248 2891 3299 καὶ
2922 3246 3033 3300 τῶν
3062 3250 3119 3300 ὲν
3148 3249 3332 3311 αὐτοῖς
3363 3250 3679 3317 ἔγγονιξόν-

2097 3348 2205 3385 των
2234 3331 2387 3395 ζώων
2410 3332 2734 3402 παρεισάγει
2758 3335 2999 3405 μνήμην,
3026 3333 3104 3397 ὡς
3131 3335 3197 3388 ἂν
3215 3337 3276 3388 τὸ
3307 3337 3524 3407 ἀχρεῖον
3553 3339 3684 3391 ἑαυ-

2099 3423 2197 3492 τῆς
2220 3424 2600 3494 καθυποδείξῃ,
2624 3425 2923 3479 κάντεῦθεν
2950 3427 3032 3489 είς
3052 3426 3200 3491 ἔλεος
3222 3427 3313 3482 τὸν
3346 3430 3509 3499 μόνον
3541 3446 3684 3498 συμ-

2100 3514 2440 3569 παθέστατον
2470 3515 2840 3586 ἐφελκύσηται
2865 3517 3022 3571 θεόν.

2186 3792 2344 3846 ’Δλλὰ
2367 3791 2665 3863 προφθάνει
2690 3791 2817 3855 τοὺς
2855 3791 3047 3861 λόγους
3076 3784 3260 3855 οὗτος,
3286 3791 3383 3847 καὶ
3424 3793 3559 3864 πρὶν
3599 3794 3685 3858 είς

2102 3883 2274 3955 πέρας
2323 3884 2421 3954 τὴν
2468 3885 2897 3956 προτεινομένην
2949 3884 3125 3938 ἐλθεῖν
3178 3885 3387 3956 δέησιν,
3420 3886 3524 3956 τὴν
3572 3886 3686 3940 τῶν

2101 3975 2439 4046 αἰτουμένων
2464 3974 2687 4030 ἔκϐασιν
2714 3974 2858 4045 ὑπὲρ
2891 3975 3084 4028 ἐλπίδα
3108 3976 3291 4030 πᾶσαν
3326 3977 3686 4044 εὐαγγελίζε-

2099 4082 2191 4119 ται
2219 4068 2286 4136 τῇ
2304 4066 2621 4136 αἰτουμένῃ.
2651 4065 2797 4119 Ἰδοὺ
2819 4059 2949 4135 γὰρ,
2977 4066 3130 4136 φησὶ,
3149 4068 3488 4134 λαλούσης,
3511 4067 3687 4137 ἀγγε-

2101 4161 2211 4223 λος
2227 4157 2445 4225 Κυρίου
2465 4153 2612 4226 ἦλθε
2635 4156 2830 4226 λέγων
2856 4156 3011 4224 αὐτῇ
3027 4170 3039 4185 ·
3079 4156 3465 4223 Ἐπήκουσεν
3479 4162 3513 4213 ό
3539 4160 3686 4225 Θεὸς

426 4252 715 4306 arationem
749 4262 895 4306 tuam
927 4255 1349 4324 ;ronrlpiesqur,
1381 4270 1442 4306 ac
1471 4255 1664 4320 paries,
1703 4254 2001 4307 'enuntiabi-

2106 4251 2212 4319 τῆς
2232 4249 2498 4317 δεήσεώς
2517 4265 2646 4309 σου
2671 4265 2683 4279 ·
2707 4249 2807 4304 καὶ
2836 4249 3139 4317 συλλήψῃ
3171 4251 3269 4304 καὶ
3333 4250 3684 4318 γεννήσεις,

430 4351 618 4408 (terque
638 4357 811 4394 semen
834 4350 981 4395 tuum
1011 4344 1065 4395 in
1103 4342 1344 4397 nuit-erro
1375 4340 1518 4395 orbe.
1568 4341 1871 4403 Exaudivil,
1910 4342 2001 4410 qui

2106 4342 2204 4396 καὶ
2239 4340 2647 4409 λαληθήσεται
2663 4340 2726 4392 τὸ
2742 4340 2984 4408 σπέρμα
3014 4356 3130 4394 σου
3156 4339 3225 4393 ἐν
3246 4339 3361 4407 ὅλῃ
3387 4338 3463 4408 τῇ
3483 4344 3688 4394 οἰκου-

428 4432 745 4501 priusquam
784 4441 961 4485 mente
992 4430 1428 4498 conciperentnr,
1475 4443 1699 4485 noverat
1733 4432 2001 4500 precatio-

2106 4433 2273 4502 μένῃ.
2310 4433 2660 4502 Ἐπήκουσεν,
2686 4433 2714 4484 ὁ
2770 4431 2899 4501 πρὶν
2929 4430 3249 4499 ὲννοηθῆναι
3298 4430 3368 4483 τὰ
3404 4432 3504 4500 τῆς
3558 4431 3688 4502 δεήο

432 4523 515 4574 nis
547 4522 728 4587 verba,
784 4521 983 4589 quique
1035 4536 1095 4574 ea
1168 4519 1431 4574 ineffabili
1482 4521 1687 4575 ratione
1736 4523 2001 4590 rependit.

2109 4541 2249 4587 σεως
2311 4525 2553 4595 ῥήματα,
2610 4523 2894 4591 γινώσκων
2938 4520 3143 4585 ταῦτα,
3201 4523 3295 4594 καὶ
3346 4521 3681 4589 ἀναμετρῶν

429 4610 652 4664 Andivit
675 4610 1118 4679 orationem,“qui
1142 4610 1443 4663 orationem
1469 4611 1595 4675 ciet,
1635 4609 1874 4687 facitque
1907 4626 2001 4665 ex-

2108 4616 2438 4686 ἀπορρήτως
2483 4614 2684 4685 ἢκουσε
2739 4613 3000 4683 δεήσεως,
3048 4615 3078 4667 ὁ
3113 4613 3317 4680 ταύτην
3372 4611 3543 4664 κινῶν
3593 4615 3691 4666 καὶ

430 4700 624 4754 audiri.
671 4699 884 4753 Audivit
962 4699 1327 4768 precationem
1387 4713 1454 4752 ex
1519 4699 1703 4752 animo
1771 4701 2001 4753 centritu

2106 4705 2410 4759 ἀκούεσθαι
2476 4702 2934 4775 παρασκευάζων.
2991 4703 3264 4756 Ἤκουσεν
3339 4702 3406 4754 ὲκ
3495 4718 3691 4754 συντε-

430 4793 780 4858 submissam,
811 4790 904 4860 qui
945 4790 1000 4846 in
1029 4805 1096 4846 eo
1134 4791 1336 4846 idcirco
1368 4791 1698 4858 requiescit;
1744 4790 1833 4859 qui
1891 4790 2001 4860 ejus

2107 4794 2417 4866 τριμμένης
2477 4793 2656 4863 ψυχῆς
2698 4793 3000 4863 προϊούσης
3044 4790 3252 4861 εὐχῆς,
3299 4792 3329 4842 ὁ
3378 4789 3470 4842 διά
3528 4788 3693 4844 τοῦτο

431 4884 734 4939 delectatur
765 4883 1028 4937 modestia
1061 4898 1124 4937 ac
1164 4882 1489 4937 lmmilitate.
1537 4883 1757 4936 Audivit
1805 4882 2010 4935 oratio-

433 4994 578 5042 nem,
609 4980 701 5047 qui
751 4975 865 5043 ejus
896 4976 1023 5032 olim
1064 4986 1313 5032 eventum
1360 4976 1744 5047 prophetarum
1792 4976 2013 5030 vocibus

431 5071 702 5140 praedixit.
755 5069 1130 5125 Precationem
1182 5069 1408 5133 audivit,
1467 5069 1557 5137 qui
1615 5069 1730 5135 ejus
1772 5066 2009 5120 fructum

434 5163 682 5217 facturus
702 5173 821 5219 erat
839 5164 1079 5218 auditum
1110 5162 1379 5218 universis
1402 5160 2015 5217 creatis.Enuntiabitur

434 5257 598 5320 enim,
634 5256 829 5326 inquit,
855 5264 1198 5311 semen'tuum
1221 5256 1277 5309 in
1308 5255 1546 5318 uniuerso
1569 5254 1710 5307 orbe.
1746 5252 2012 5306 Enuntia-

437 5347 587 5401 bitur
653 5356 922 5401 terrarum
980 5346 1099 5401 orbi
1156 5345 1586 5401 celebratissima
1636 5342 1753 5409 ejus
1804 5343 2012 5413 gloria;

439 5435 552 5489 sola
578 5435 714 5503 ejus,
740 5435 995 5504 praeclara
1033 5434 1173 5490 fama
1195 5435 1428 5490 celebris
1470 5432 1849 5496 fructillcatio;
1895 5431 2017 5485 illu-

437 5526 711 5582 Strissima
744 5537 1053 5582 creatorum
1097 5527 1347 5598 gloriatio
1371 5540 1438 5581 ac
1464 5524 1649 5580 decus.
1694 5522 2016 5578 Enuntiabi-

439 5628 526 5672 tur
554 5617 801 5674 humanae
830 5619 958 5673 illud
990 5628 1194 5673 natura:
1219 5616 1507 5672 facundum
1554 5631 1646 5682 os;
1682 5615 2017 5671 rationabilis

439 5727 629 5770 eorum
657 5711 923 5803 defensio,
953 5714 1149 5787 quibus
1172 5713 1348 5785 pudor
1375 5711 1688 5770 abstulisset
1708 5712 1918 5795 verba,
1950 5710 2017 5768 de

2111 4888 2170 4939 ὲν
2237 4886 2374 4955 αὐτῇ
2434 4884 2920 4954 ὲπαναπαυόμενος
2964 4899 2979 4914 ο
3026 4884 3056 4935 ό
3112 4880 3561 4952 μετριοφροσύνῃ
3620 4884 3688 4950 τῇ

2110 4977 2318 5047 ταύτης
2344 4975 2798 5046 ἐπιτερπόμενος.
2829 4975 3072 5027 Ἤκουσε
3110 4973 3208 5041 τῆς
3231 4972 3491 5040 δεήσεως,
3534 4973 3564 5023 ὁ
3600 4972 3692 5024 διὰ

2114 5067 2472 5141 προφητικῶν
2525 5067 2718 5136 φωνῶν
2744 5067 2844 5136 τὴν
2882 5065 3109 5119 ἔκϐασιν
3143 5064 3313 5134 αὐτῆς
3354 5079 3691 5134 προαναφωο

2114 5161 2305 5230 νήσας.
2344 5159 2586 5211 Ἤκουσε
2642 5155 2973 5226 προσευχῆς,
3006 5156 3035 5207 ὁ
3085 5154 3350 5209 ἀκουστὸν
3391 5155 3458 5223 τῇ
3509 5153 3691 5206 κτίσει

2113 5253 2204 5305 τὸν
2256 5250 2473 5322 ἐκείνης
2510 5251 2752 5320 ποιήσων
2810 5246 3044 5319 καρπόν.
3102 5244 3529 5311 Λαληθήσεται
3558 5244 3688 5314 γὰρ,

2117 5343 2273 5411 φησὶ,
2312 5340 2377 5393 τὸ
2409 5338 2650 5407 σπέρμα
2679 5351 2798 5392 σου
2835 5337 2906 5389 ἐν
2927 5335 3041 5404 ὅλῃ
3078 5332 3153 5402 τῇ
3194 5331 3541 5399 οἰκουμένῃ.
3574 5333 3689 5384 Λα-

2116 5432 2413 5504 ληθήσεται
2457 5433 2523 5503 τῇ
2566 5429 2865 5503 οἰκουμένῃ
2917 5427 2976 5481 τὸ
3026 5424 3466 5495 πολυθρύλλητον
3521 5422 3692 5492 αὐτῆς

2117 5526 2379 5596 καύχημα
2414 5541 2427 5555 ·
2461 5527 2494 5595 ἡ
2533 5525 2669 5595 μόνη
2689 5523 2969 5593 διαϐόητος
2994 5520 3164 5590 αὐτῆς
3201 5517 3559 5587 καρποφορία
3585 5532 3599 5547 ο
3631 5514 3693 5568 τὺ

2118 5615 2465 5686 περιώνυμον
2492 5614 2604 5666 τῶν
2655 5612 2969 5682 κτισμάτων
3022 5606 3474 5678 ὲγκαλλώπισμοι.
3508 5605 3689 5675 Λαλη-

2121 5711 2342 5783 θήσεται
2372 5709 2430 5764 τὸ
2458 5708 2616 5764 λάλον
2648 5707 2744 5779 τῆς
2783 5703 3130 5778 ἀνθρωπίνης
3154 5700 3369 5774 φύσεως
3410 5701 3587 5770 στόμα
3615 5711 3630 5726 ·
3656 5698 3690 5768 ἡ
