3982 6160
249 358 384 427 1369

1299 375 1383 437 ΙΝ
1421 372 2003 441 CONCEPTIONEM
2056 380 2115 441 S.
2155 380 2401 443 ΑΝΝιΕ.

3356 379 3492 445 1370
3520 382 3527 386 ’

243 472 462 541 ιΰλογος
497 471 611 526 τῶν
653 474 994 546 σιγησόιντων
1047 477 1313 549 ἀπολογία
1355 498 1368 513 ·
1399 482 1527 553 περὶ
1577 478 1646 557 ἦς
1671 483 1814 537 δεδο-

1945 502 2019 555 tua
2048 489 2284 559 gloriosa
2315 488 2539 544 dicenda
2565 499 2692 544 sunt
2722 501 2783 543 ac
2805 487 3131 543 enuntianda
3154 487 3206 542 in
3239 487 3492 542 universa

236 563 492 634 ξασμὲνα
525 566 584 617 ὲν
629 567 779 639 πάσῃ
828 569 1024 641 λογικῇ
1083 571 1243 640 φύσει
1282 572 1652 645 λαληθήσεται
1688 590 1703 606 ο
1747 568 1817 645 ἦς
1854 596 1867 609 ·

246 656 427 723 vespa).
474 656 734 727 δυνάμεις
785 659 853 713 τὰ
894 660 1159 730 μεγαλεῖα
1212 663 1672 733 διανυμνήσουσιν
1710 660 1818 737 ’ἦς

245 746 343 815 τὴν
376 745 534 811 δόξαν
556 748 972 829 ἀνακηρύξουσι.
1008 741 1429 819 Ᾱαληθήσεται
1460 753 1528 806 τὸ
1577 753 1819 822 σπέρμα

248 854 366 892 σου
393 838 464 891 ἐν
492 838 602 905 ὅλῃ
641 839 714 906 τῇ
749 841 1094 910 οἰκουμένῃ.
1130 845 1201 896 Σὺ
1249 843 1348 913 μὲν
1398 845 1527 915 γὰρ,
1564 848 1751 913 φησὶν,
1775 839 1820 898 ὦ

251 927 442 990 ¹Ἄννα,
475 929 537 980 ού
576 928 832 982 τοσοῦτον
869 933 970 1000 τῆς
1017 931 1111 983 τοῦ
1143 931 1331 998 γένους
1360 932 1522 986 ἕνεκα
1545 933 1820 1002 διαδοχῆς,

249 1016 343 1068 καὶ
365 1017 465 1083 τῆς
493 1019 872 1088 καρποφορίας
894 1021 993 1086 τῆς
1018 1021 1254 1089 φύσεως,
1273 1023 1371 1092 τὴν
1393 1022 1655 1093 ἐπίμονον
1681 1040 1824 1094 κοιρ-

247 1108 457 1176 τερίαν,
476 1111 570 1162 καὶ
586 1112 713 1174 τοὺς
723 1112 969 1181 διέύχῆς
992 1113 1211 1182 ἀγῶνας
1232 1115 1542 1185 καταϐάλλῃ
1567 1132 1580 1147 ·
1608 1132 1823 1183 καρπο-

250 1203 440 1269 φορεῖς
476 1201 583 1271 γὰρ
612 1201 708 1271 τὴν
742 1203 851 1256 τῶν
887 1204 1103 1275 ἀρετῶν
1125 1204 1386 1273 ἀφθονίαν
1426 1205 1502 1275 τῷ
1524 1205 1671 1275 Θεῷο
1700 1206 1826 1258 ὅσον

249 1289 340 1342 διὰ
350 1289 447 1361 τὴν
463 1291 1006 1364 ὲξακομσθησομένην
1024 1298 1081 1347 ὲν
1095 1295 1183 1365 ’τῷ
1200 1296 1347 1362 γὲνει
1363 1297 1461 1364 τῆς
1481 1294 1828 1369 παιδρποιίας

252 1381 467 1451 φήμην,
495 1383 610 1435 τῶν
627 1383 846 1439 ὀνειδῶν
883 1384 982 1455 μὲν
1005 1385 1105 1454 τῆς
1135 1386 1389 1449 ἀτεκνίας
1423 1384 1823 1453 ἀπαλλαγῆναι,

253 1473 709 1544 συναριθμεῖσθαι
757 1477 816 1528 δὲ
848 1478 944 1530 καὶ
994 1476 1376 1530 συλλαλείσθαι
1437 1478 1696 1546 μητράσι,
1734 1476 1828 1528 καὶ

252 1562 357 1629 τῆς
405 1564 658 1632 εὐλογίας
713 1566 939 1619 ἐκείνων
973 1566 1049 1636 μὴ
1096 1566 1508 1636 ἀποκρίνεσθαι.
1557 1566 1616 1618 Ὀ
1643 1565 1701 1617 δὲ
1728 1565 1828 1634 τῆς

253 1651 493 1722 δεήσεως
525 1670 617 1707 σου
657 1656 889 1726 καρπὸς,
918 1657 1012 1709 καὶ
1041 1659 1074 1727 ἡ
1108 1659 1207 1727 τῆς
1237 1658 1453 1726 φύσεως
1482 1656 1731 1727 εὐφορία,
1765 1656 1827 1707 ού

258 1744 422 1813 μόνον
455 1745 516 1799 ὲν
542 1746 619 1816 τῷ
660 1747 898 1817 Ἰσραὴλ,
931 1748 963 1818 ἢ
1001 1750 1060 1802 ὲν
1092 1751 1206 1811 τοῖς
1248 1749 1618 1818 συμφυλέταις
1665 1748 1831 1816 λαλη-

1920 581 2166 634 rationali
2203 593 2392 633 natura
2423 596 2437 646 ;
2478 579 2633 649 cujus
2683 580 3066 635 intelteetriees
3096 578 3325 632 virtutes
3378 593 3495 632 ma-

1921 670 2095 738 gnalia
2120 671 2344 725 canticis
2372 670 2651 725 celebrant
2675 687 2688 735 ;
2714 671 2870 740 cujus
2898 670 3129 740 gloriam
3164 670 3488 739 praedicant.

1922 760 2302 835 Euunti‘abitur
2331 778 2506 815 semen
2558 773 2704 818 tuum
2745 763 2798 815 in
2837 762 3076 816 universo
3117 757 3260 814 orbe.
3293 759 3372 814 Tu
3422 763 3496 815 si-

1922 855 2159 923 quidem,
2194 854 2387 922 inquit,
2424 870 2456 908 o
2502 854 2653 907 Anna
2681 895 2697 920 ,
2736 870 2839 908 non
2875 864 2980 907 tam
3017 854 3233 923 generis
3280 867 3496 906 succes-

1924 943 2151 1007 sionem,
2202 957 2266 997 ae
2307 953 2515 997 naturae
2575 943 2803 998 fructum
2857 943 3127 1006 ambiens,
3162 943 3496 997 assiduitatis

1924 1032 2068 1085 illius
2092 1036 2472 1100 constantiam,
2507 1050 2567 1088 ac
2604 1050 2819 1104 precum
2873 1032 3171 1101 certamina
3231 1032 3498 1100 impendis

1926 1123 2147 1191 (quippe
2179 1138 2296 1192 quae
2328 1125 2519 1178 uberes
2550 1125 2803 1178 virtutum
2839 1123 3047 1177 fructus
3077 1120 3271 1175 oﬂ'eras
3310 1120 3440 1192 Deo)
3474 1140 3489 1175 :

1927 1227 2086 1281 quam
2120 1223 2175 1265 ut
2201 1215 2484 1267 nasciturte
2509 1215 2675 1282 prolis
2712 1215 2893 1266 audita
2920 1214 2973 1265 in
2999 1212 3295 1282 gentilibus
3328 1211 3495 1272 fatua.

1929 1303 1996 1357 ab
2029 1304 2331 1357 sterilitatis
2379 1305 2686 1372 opprobriis
2737 1305 2981 1358 liberetis
3005 1344 3021 1369 ,
3077 1318 3175 1356 nec
3206 1305 3272 1356 ab
3310 1318 3497 1356 eorum

1930 1395 2303 1448 benedictione
2326 1396 2633 1449 excludaris
2666 1412 2679 1447 :
2727 1395 3007 1447 enimvero
3028 1432 3042 1457 ,
3081 1403 3182 1449 tum
3213 1393 3356 1447 illius
3379 1408 3501 1447 ora-

1933 1484 2093 1537 tionis
2133 1483 2359 1547 fructus,
2392 1496 2455 1535 ac
2491 1493 2694 1536 naturae
2719 1480 2948 1533 fecunda
2980 1481 3146 1534 editio
3173 1519 3186 1541 ,
3218 1480 3412 1532 nedum
3446 1477 3498 1529 in

1932 1572 2148 1635 lsraele,
2188 1588 2250 1625 ac
2296 1572 2480 1641 gentili
2536 1581 2625 1625 tuo
2661 1570 2856 1639 pepulo
2886 1569 3260 1623 enuntiabitur
3288 1582 3351 1619 ac
3387 1580 3504 1618 ma-

1933 1663 2290 1733 gnilicabitur,
2324 1663 2419 1717 sed
2471 1671 2525 1716 et
2552 1664 2602 1714 in
2644 1664 2898 1714 universo
2921 1661 3053 1714 orbe
3076 1656 3309 1712 celebris
3335 1655 3501 1710 habe-

1934 1754 2080 1808 bitur
2110 1771 2123 1807 :
2164 1754 2215 1806 in
2246 1752 2462 1821 regibus
2488 1766 2551 1804 ac
2569 1749 2924 1818 principibus,
2958 1749 3010 1801 in
3040 1746 3412 1802 sacerdotibus
3441 1759 3505 1797 ac

258 1834 486 1905 θήσεται
527 1813 622 1891 καὶ
669 1813 1156 1911 μεγαλυνθήσεται,
1185 1813 1388 1894 ἀλλ’-ὲν
1415 1841 1510 1911 ὅλῃ
1543 1813 1832 1908 διαόοηθή-

1945 1843 2118 1907 iustis;
2169 1813 2422 1912 gentibus
2454 1813 2786 1894 diversarum
2831 1813 3167 1904 linguarum;
3207 1836 3259 1888 in
3292 1824 3530 1902 sapien-V

260 1942 416 1979 σεται
446 1930 514 1998 τῇ
548 1929 840 2000 οἰκουμένῃ
875 1946 890 1960 ο
925 1932 983 1983 ὲν
1035 1928 1314 1999 βασιλεῦσι
1362 1930 1458 1983 καὶ
1501 1929 1792 1990 δυνάσταις
1817 1942 1832 1958 ο

259 2016 319 2067 ιν
340 2017 547 2086 ἱερεῦσι
571 2019 663 2072 καὶ
683 2019 913 2082 δικαίοις
932 2035 947 2052 ·
973 2020 1030 2073 ὲν
1054 2019 1465 2088 πολυγλώσσοις
1498 2018 1705 2071 ἔθνεσιν
1732 2034 1746 2048 ·
1777 2019 1835 2071 ὲν

262 2109 444 2175 σοφοῖς
471 2110 565 2161 καὶ
594 2109 816 2178 ἁσόφοις
837 2124 852 2140 ⁸
886 2109 944 2160 ὲν
964 2107 1243 2169 τοσούτοις
1276 2107 1305 2158 ὁ
1342 2107 1434 2169 σὸς
1467 2103 1834 2176 λαληθήσεται

259 2199 475 2269 καρπός
502 2216 517 2230 ⁸
548 2202 628 2264 είς
657 2199 925 2254 τοσούτων
948 2199 1222 2271 διηχηθεὶς
1251 2198 1442 2260 ἀκοὰς,
1476 2195 1837 2265 καταλλήλως

260 2292 377 2353 τοῖς
410 2290 632 2355 οἰκείοις
686 2290 1153 2361 μεγαλυνθήσεται
1198 2289 1550 2359 παραδόξοις.

336 2382 400 2436 Τί
431 2380 526 2437 οὖν
562 2386 596 2454 ή
652 2383 896 2454 μακαρία
925 2384 1020 2435 καὶ
1073 2381 1447 2451 μεγαλόψυχος
1479 2380 1651 2432 ’Ἄννα
1680 2394 1694 2443 ;
1725 2372 1837 2454 οἷον

261 2452 697 2545 ἀντίδωρονῗτῷ
747 2452 847 2545 τήν
887 2472 1146 2542 τοιαύτην
1202 2470 1564 2543 παρεχομένῳ
1622 2452 1837 2522 δίδωσιν

264 2565 519 2634 εὐλογίαν
547 2582 562 2631 ;
597 2566 752 2629 Olet;
788 2566 879 2619 τὸν
910 2564 1206 2634 εὐεργέτην
1251 2561 1537 2632 ἀμείϐεται
1580 2562 1699 2623 ταῖς
1730 2559 1835 2612 δω-

269 2659 419 2725 ρεαῖς
445 2673 461 2721 ;
485 2655 616 2719 υἷας
645 2657 741 2718 τὰς
791 2656 889 2725 τῆς
919 2656 1141 2725 χάριτος
1181 2653 1590 2723 ὁλοκαρπώσεις
1632 2649 1837 2718 ἀναφέ-

268 2763 383 2816 ρειν
432 2745 969 2815 κατεπαγγέλλεται;
1005 2746 1119 2798 Οὐκ
1161 2742 1530 2812 ἀναθημάτων
1609 2739 1837 2793 πολυτέ-

264 2838 419 2892 λειαν
455 2854 470 2867 ·
508 2838 569 2890 ού
618 2837 688 2890 τὰ
727 2837 787 2901 ἐξ
830 2837 1039 2904 ἀλόγων
1087 2833 1241 2898 ζώων
1291 2833 1509 2903 θύματα
1533 2847 1546 2863 ο
1586 2831 1648 2883 οὐ
1698 2846 1834 2898 καρ-

265 2927 387 2980 πῶν
439 2928 732 2999 ἀπαρχάς·
782 2928 882 2980 οὐκ
914 2926 1042 2980 ἄλλο
1089 2943 1143 2979 τι
1183 2924 1293 2977 τῶν
1335 2923 1841 2993 ὰντεισφερομένων

264 3016 742 3088 καλλιερημάτων,
770 3017 883 3070 ἀλλ’
915 3018 1088 3086 αὐτὴν
1106 3016 1202 3086 τὴν
1225 3015 1515 3084 δεδομένην
1535 3014 1669 3083 αὐτῇ
1703 3030 1841 3084 καρ-

264 3108 542 3177 ποφορίαν
589 3107 690 3177 τῆς
728 3107 942 3177 φύσεως
965 3123 989 3159 ,⁸
1022 3107 1151 3160 αὐτὸ
1184 3106 1245 3159 τὸ
1285 3107 1534 3158 εὐκταῖον
1563 3105 1697 3174 αὐτῇ
1745 3103 1838 3157 καὶ

264 3198 508 3267 ποθητὸν
561 3197 865 3268 βλάστημα,
900 3198 1042 3268 ὑπὲρ
1071 3191 1133 3251 οὗ
1181 3197 1239 3251 αἱ
1288 3195 1542 3265 ὲπίμονοι
1599 3194 1834 3264 δεήσεις,

265 3288 366 3339 καὶ
414 3286 487 3340 τὰ
530 3285 728 3357 δαψιλῆ
777 3288 1100 3357 κατεχρίοντο
1154 3286 1369 3357 δάκρυα
1396 3303 1409 3316 ·
1464 3286 1606 3355 ὑπὲρ
1640 3278 1703 3338 οὗ
1746 3283 1855 3337 καὶ⁸

266 3376 558 3446 ὲναγώνιοι
603 3377 918 3448 καρτερίαι,
954 3379 1052 3431 καὶ
1095 3377 1388 3448 ύπεροψίαι
1426 3377 1534 3431 τῶν
1583 3375 1842 3430 εὐπαθεῖν

269 3467 802 3540 παρασκευαζόντων
835 3468 1109 3524 ἁπάντων.
1143 3472 1192 3521 Ζ
1202 3468 1235 3538 ᾗ
1281 3468 1410 3541 γὰρ,
1442 3469 1596 3539 φησὶ,
1629 3468 1844 3535 Κύριος

271 3566 307 3615 ὀ
347 3563 494 3627 Θεός
523 3578 664 3629 μου,
685 3561 793 3616 ἐὰν
814 3559 1088 3631 τεννήσω
1107 3561 1229 3614 εἴτε
1265 3560 1475 3628 ἄρσεν,
1500 3561 1620 3619 εἴτε
1661 3557 1840 3626 θῆλυ,

272 3655 564 3722 προσὰξω
602 3657 747 3709 αὐτὸ
787 3654 978 3724 δῶρον
1006 3654 1204 3722 Κυρίῳ
1240 3651 1321 3717 τῷ
1377 3652 1497 3717 Θεῷ
1538 3668 1657 3721 μου
1689 3691 1703 3715 ,
1747 3649 1845 3704 καὶ

272 3746 450 3799 ἔσται
470 3746 862 3815 λειτουργοῦν
891 3744 1052 3810 αὐτῷ
1074 3746 1278 3811 πάσας
1294 3744 1399 3810 τὰς
1429 3743 1670 3811 ἡμέρας.
1705 3742 1846 3813 Ὅρα

272 3834 370 3885 τὸν
407 3833 546 3905 πρὸς
571 3834 703 3887 Θεὸν
733 3836 833 3904 τῆς
863 3836 1064 3904 Ἀννης
1095 3835 1355 3906 διάπυρον
1391 3833 1554 3887 πόθον
1575 3849 1590 3865 ⁶
1613 3835 1715 3901 ὅρα
1745 3833 1847 3903 τὴν

274 3924 725 3996 ὑπερϐάλλουσαν
766 3926 936 3995 αὐτῆς
971 3925 1376 3997 μεγαλοψυχίαν
1413 3942 1427 3958 ο
1455 3926 1557 3997 ὅρα
1587 3927 1733 3988 ὅπως
1762 3924 1851 3979 διὰ

272 4017 373 4085 τῆς
399 4016 679 4087 παρούσης
701 4018 1075 4089 ἀφιερώσεως,
1100 4018 1195 4071 καὶ
1223 4017 1322 4087 τὴν
1350 4017 1597 4087 ἀφθόνως
1628 4015 1706 4088 τῷ
1730 4016 1852 4088 Θεῷ

273 4104 385 4158 τῶν
438 4105 595 4168 ἐκτὸς
660 4105 1078 4176 προσαγομένην
1135 4105 1517 4177 καρποφορίαν
1551 4105 1847 4171 ὑπέδειξεν.

276 4197 342 4249 Εἰ
364 4195 473 4266 γὰρ
507 4197 607 4263 τὴν
641 4195 922 4267 διδομένην
977 4198 1073 4267 τῆς
1107 4195 1321 4264 φύσεως
1368 4196 1641 4265 εὐλογίαν,
1674 4195 1851 4267 ψυχῆς

272 4304 338 4340 τε
369 4287 669 4356 εὐθυμίαν,
713 4289 808 4339 καὶ
858 4286 965 4340 τῶν
1017 4289 1193 4340 πόνων
1256 4286 1653 4356 παραμυθίαν,
1710 4286 1852 4340 οὕτω

275 4378 481 4450 ζεούσῃ
508 4378 821 4448 προαιρέσει
848 4379 964 4449 θεῷ
991 4379 1301 4447 ἀνατίθησι,
1339 4382 1480 4443 τινος
1504 4380 1569 4433 ἂν
1600 4379 1697 4447 τῆς
1730 4379 1846 4432 λοι-

1937 1935 2084 1988 tibus
2138 1942 2193 1987 et
2236 1926 2745 2001 insipientibus.'ln
2803 1938 2908 1981 tam
2977 1927 3201 1991 multis,
3259 1927 3502 1993 inquam,

1937 2023 2311 2080 enuntiabitur
2361 2032 2483 2075 tuus
2520 2020 2605 2072 ille
2655 2018 2862 2073 fructus
2909 2036 2924 2072 :
2972 2018 3024 2071 in
3060 2027 3167 2071 tam
3210 2016 3501 2071 multorum

1939 2116 2243 2171 dili‘amatus
2304 2114 2570 2173 auribus,
2646 2124 2888 2179 congrua
2968 2108 3310 2164 mirabilibus
3389 2107 3505 2178 ejus

1939 2206 2336 2277 magniﬁcentia
2371 2203 2776 2272 honoribusque
2804 2202 3113 2271 augebitur.

2007 2389 2143 2456 Quid
2180 2390 2341 2454 igitur
2366 2387 2522 2441 beata
2572 2400 2635 2440 ac
2691 2381 2974 2454 magnifica
3010 2380 3505 2449 Anna?Quodnam

1937 2498 2133 2537 munus
2188 2491 2333 2534 tanta
2384 2494 2443 2534 se
2506 2478 2887 2533 benedictione
2942 2475 3164 2531 donanti
3216 2471 3510 2543 rependit?

1937 2574 2142 2640 Quibus
2164 2572 2316 2626 donis
2346 2571 2588 2626 beneiieo
2608 2570 2898 2624 retribuit?
2931 2568 3073 2635 Quas
3097 2583 3155 2623 se
3177 2566 3506 2637 grativanimi

1937 2674 2286 2718 monumento
2343 2662 2645 2717 oblationes
2709 2659 2970 2715 facturam
3029 2655 3339 2729 promittit?
3389 2653 3507 2709 Non

1937 2755 2170 2825 pretiosa
2201 2763 2355 2808 vovet
2403 2752 2648 2815 danaria,
2688 2766 2791 2804 non
2834 2750 3081 2802 victimas
3113 2744 3507 2800 irrationaliunt

1938 2860 2189 2915 pecorum
2219 2860 2233 2909 ;
2270 2860 2373 2896 non
2408 2842 2620 2911 frugum
2654 2841 2940 2909 primitias;
2976 2855 3078 2894 non
3114 2839 3156 2893 si
3188 2837 3330 2907 quod
3365 2836 3509 2890 aliud

1938 2934 2261 2989 sacriﬁcium
2298 2934 2514 3002 rependi
2576 2940 2746 3000 potest
2776 2930 2800 2984 ?
2829 2931 2920 2983 sed
2955 2943 3076 2982 eum
3116 2930 3314 2997 ipsum,
3346 2941 3509 2994 quem

1943 3025 2032 3078 Dei
2066 3025 2308 3091 largitate
2354 3008 2565 3089 accipit,
2622 3031 2824 3075 natura:
2884 3020 3161 3085 fructum;
3216 3017 3390 3086 ipsum
3421 3016 3511 3068 de-

1940 3113 2205 3182 precabile
2221 3128 2282 3166 ac
2308 3111 2659 3166 desiderabile
2690 3125 2931 3176 germen,
2951 3109 3102 3178 cujus
3134 3122 3261 3177 ergo
3282 3102 3512 3158 assiduae

1925 3206 2044 3261 illa:
2082 3204 2382 3274 agebantur
2413 3218 2619 3272 preces,
2666 3217 2729 3255 ac
2770 3204 2964 3255 ubenes
3001 3200 3175 3254 Oculis
3207 3195 3514 3252 deﬂuebant

1942 3299 2231 3367 larrymm;
2263 3296 2437 3363 cujus,
2467 3297 2705 3364 inquam,
2738 3296 2936 3363 gratia,
2958 3309 3078 3346 cum
3117 3291 3399 3344 laboriosae
3428 3303 3515 3340 as-

1942 3388 2212 3443 siduitatis
2233 3387 2553 3449 certamina,
2589 3394 2698 3437 tum
2721 3382 3118 3447 universorum,
3153 3380 3351 3448 quibus
3378 3378 3516 3430 bene

1945 3478 2067 3547 quis
2098 3475 2381 3544 fausteque
2413 3476 2628 3539 habeat,
2667 3474 2959 3544 despcetio.
2999 3472 3162 3532 Vit-it.
3196 3470 3339 3525 enim
3366 3509 3380 3531 ,
3430 3469 3515 3521 in-

1946 3567 2083 3634 qnil,
2108 3564 2358 3618 Dominus
2395 3563 2532 3616 Deus
2558 3579 2721 3625 metu,
2748 3561 3005 3629 siquidem
3026 3561 3100 3614 vel
3127 3556 3415 3611 masculum
3438 3554 3517 3608 vel

1946 3657 2196 3726 {entittam
2220 3672 2482 3723 peperere,
2529 3655 2722 3706 donum
2750 3653 2971 3721 offeram
2997 3651 3218 3703 Domino
3242 3648 3345 3701 Deo
3365 3662 3473 3699 meo
3498 3660 3518 3700 :

1947 3748 2142 3816 eritque
2180 3747 2278 3813 ipsi
2325 3746 2625 3798 ministrari:
2654 3743 2893 3794 omnibus
2917 3741 3118 3795 diebus.
3167 3739 3299 3792 Vide
3325 3750 3519 3789 accen~

1949 3853 2067 3892 sum
2100 3839 2265 3890 Anna:
2296 3836 2348 3888 in
2400 3835 2566 3888 DeOm
2610 3832 2960 3886 desiderium.
2996 3829 3129 3882 Vide
3162 3825 3516 3881 excellentem

1948 3928 2066 3997 ejus
2111 3926 2276 3979 animi
2322 3924 2762 3995 magnitudinem.
2800 3921 2932 3976 Vide
2977 3930 3035 3973 ut
3069 3919 3322 3988 praesenti
3360 3933 3521 3987 spon-

1950 4018 2102 4073 sione
2130 4032 2192 4072 ac
2227 4026 2369 4079 voto,
2410 4032 2568 4085 quam
2606 4015 2820 4068 abunde
2848 4022 3125 4066 externam
3159 4009 3517 4063 substantiam

1952 4109 2173 4179 ejusque
2227 4107 2492 4176 primitias
2534 4104 2750 4159 offerret
2810 4103 2958 4166 Deo,
3016 4101 3336 4155 ostenderit.
3391 4098 3521 4163 Quae

1951 4204 2092 4255 enim
2121 4214 2431 4254 conoessam
2478 4205 2681 4250 naturai
2733 4194 3188 4256 benedictionem,
3249 4188 3522 4256 animique

1953 4291 2388 4353 oblectationem,
2421 4302 2483 4341 ac
2516 4288 2761 4340 laborutn
2789 4284 3039 4338 sotatiutn
3065 4322 3080 4347 ,
3114 4277 3347 4333 ferventi
3387 4276 3521 4327 adeo

1955 4383 2249 4453 proposito,
2276 4380 2427 4437 θεῖοι-ι
2464 4380 2600 4445 Deo,
2627 4392 2859 4447 quonam
2892 4375 2997 4427 alio
3026 4388 3056 4429 e
3109 4380 3214 4426 tota
3270 4371 3522 4424 substan-

269 4472 387 4541 πῆς
415 4470 671 4540 ἐφείσατο
701 4471 930 4534 κτίσεως
956 4488 971 4537 ;
999 4472 1066 4524 Τί
1096 4472 1195 4524 οὐκ
1225 4470 1290 4523 ἂν
1317 4469 1469 4540 αὐτῴ
1497 4469 1608 4525 τῶν
1656 4487 1841 4542 τιμιω-

1956 4477 2025 4529 tia
2054 4474 2320 4542 erogando
2347 4473 2560 4541 parcior
2610 4469 2812 4539 fuerit?
2843 4466 3124 4532 Quodnam
3170 4460 3525 4517 charissima—

267 4563 453 4631 τέρων
476 4562 604 4633 ἁφιέ
613 4578 751 4632 ρωσε
782 4579 794 4624 ;

349 4653 467 4706 Καὶ
503 4654 697 4706 σκόπει
750 4654 809 4707 τὶ
856 4653 1078 4723 δαψιλὲς
1128 4656 1227 4724 τῆς
1274 4652 1497 4724 γνώμης
1544 4654 1730 4723 αὐτῆς.
1778 4654 1850 4707 Oti

268 4744 591 4800 διαστέλλει
616 4746 735 4798 ’Ἂν
764 4746 931 4815 ἄρσεν
953 4746 1104 4813 τύχοι
1132 4745 1193 4796 τὸ
1214 4744 1556 4813 γεννώμενον
1590 4743 1855 4797 ἀποδώσω

265 4838 413 4891 αὐτὸ
458 4836 649 4906 Κυρίῳ
703 4834 781 4906 τῷ
807 4835 925 4906 Θεῷ
964 4850 978 4863 ο
1010 4835 1166 4898 ἀλλὰ,
1208 4832 1324 4888 κᾶν
1367 4833 1559 4902 ἄρσεν
1582 4834 1698 4901 εἴη.
1739 4834 1856 4886 κᾶν

265 4927 461 4995 θῆλυ.
501 4927 800 4995 Ἀπλήστου
860 4926 995 4995 πρὸς
1029 4924 1160 4978 Θεόν
1196 4925 1472 4995 ἁγάπηςή
1509 4925 1851 4995 ύπόσχεσεςέ

261 5016 657 5085 ἁκατασχέτου
710 5016 805 5068 τοῦ
846 5016 983 5085 πρὸς
1036 5015 1195 5068 αὐτὸν
1249 5017 1415 5069 πόθου
1470 5017 1739 5086 δείγματα
1781 5017 1850 5069 τὰ

262 5106 754 5175 ἐπαγγελλόμενα.
788 5108 960 5160 Αὑτῖν
995 5110 1154 5177 μόνον
1178 5106 1318 5161 εἶναί
1347 5126 1479 5178 φησι
1511 5108 1850 5180 προτιμότε-

267 5215 377 5269 ρον
405 5198 639 5261 δίκαιον,
670 5197 859 5269 ὥσπερ
888 5199 989 5270 τὴν
1041 5200 1150 5252 τῶν
1203 5202 1376 5254 ἄλλων
1430 5201 1677 5272 ἐκλογὴν,
1716 5202 1858 5255 οὕτω

262 5288 380 5343 καὶ
398 5286 503 5356 τὴν
536 5289 936 5357 καρποφορίαν,
966 5289 1130 5341 ὁποία
1148 5288 1212 5342 ἂν
1250 5289 1425 5359 τύχοι,
1457 5290 1862 5360 ἀπολαμϐάνειν

258 5379 386 5448 τῆς
415 5378 657 5447 φύσεως.
699 5379 763 5431 ΕΞ
821 5380 918 5447 μὲν
955 5379 1064 5450 γὰρ
1101 5374 1276 5444 εἶπεν,
1338 5382 1465 5433 Ἐὰν
1497 5383 1663 5451 ἄρσεν
1695 5382 1777 5451 εἴη
1804 5382 1862 5435 τὸ

254 5469 651 5539 γεννώμενον,
685 5470 945 5534 προσὰξω
972 5470 1105 5523 αὐτὸ
1142 5472 1328 5542 Κυρίῳ
1359 5471 1436 5541 τῷ
1467 5473 1603 5542 Θεῷ,
1627 5475 1864 5527 ἀπεσιώο

254 5578 425 5630 πησε
458 5560 520 5614 δὲ
559 5561 660 5632 τὴν
700 5559 803 5621 τοῦ
842 5559 1034 5633 θήλεος
1068 5565 1459 5635 προσηγορίαν,
1489 5567 1746 5638 ἐνομίσθη
1798 5568 1864 5621 ἂν

249 5652 382 5722 τὴν
405 5651 710 5721 ὁλόκληρον
764 5654 1061 5724 ἀφιέρωσιν
1108 5656 1569 5726 ἀκρωτηριάζειν,
1610 5658 1670 5711 τὸ
1730 5661 1865 5712 ἀπο-

246 5744 564 5817 στωπηθὲν
611 5746 668 5798 ἐν
726 5748 790 5818 τῇ
827 5747 1118 5819 ὑποσχέσει
1158 5764 1169 5776 ⁸
1210 5747 1304 5801 νῦν
1350 5748 1404 5801 δὲ
1461 5750 1520 5802 τό
1576 5767 1631 5803 τε
1694 5751 1862 5822 ἄρσεν

1955 4583 2069 4622 rum
2098 4567 2378 4635 pignorum
2418 4580 2519 4615 non
2554 4561 2659 4615 Deo
2681 4556 2984 4613 addixerit?

2021 4656 2252 4711 Attende
2280 4669 2405 4708 vero
2431 4654 2545 4722 ejus
2562 4652 2725 4705 animi
2771 4648 3244 4719 magniﬁcentiam.
3275 4645 3391 4700 Non
3419 4644 3528 4698 dis-

1954 4748 2123 4803 cernit
2165 4765 2179 4800 :
2232 4745 2507 4814 Siquidem
2553 4756 2813 4811 pepercro
2873 4740 3220 4804 miraculum,
3257 4732 3532 4790 eutn’Do-

1957 4841 2100 4894 mino
2126 4837 2483 4898 Deotradam;
2513 4835 2628 4897 sed,
2655 4833 2773 4888 Sive
2797 4833 3108 4899 "tusculum,
3135 4833 3239 4885 sive
3256 4831 3525 4898 feminam.

1954 4927 2364 5003 lusatiabilisin
2405 4925 2568 4977 Deum
2609 4924 2924 4978 dilectionis
2951 4933 3128 4975 votum
3168 4920 3268 4974 hoe
3300 4936 3313 4973 :
3352 4921 3525 4986 impo-

1958 5022 2115 5076 tentis
2140 5021 2189 5072 in
2225 5019 2387 5072 Deum
2421 5017 2673 5071 desiderii
2698 5023 3078 5084 argumentum
3151 5011 3336 5064 is‘Iluec
3370 5009 3528 5079 polii-

1957 5114 2160 5167 citatio.
2194 5113 2304 5166 lloc
2351 5111 2549 5173 solum,
2606 5108 2801 5177 inquit,
2831 5108 2949 5174 jus,
2986 5105 3161 5173 potius
3197 5102 3525 5175 habendum,

1960 5214 2016 5257 ιιι
2051 5205 2189 5257 sicut
2217 5218 2394 5256 rerum
2445 5201 2672 5253 aliarum
2715 5199 3022 5260 delectum,
3074 5197 3142 5248 ita
3179 5206 3386 5247 natura:
3418 5192 3527 5244 fru-

1959 5306 2100 5351 ctum
2129 5313 2191 5348 ac
2232 5295 2495 5363 pritnitias
2524 5286 2771 5358 recipiat',
2805 5302 3140 5356 quteeunque
3172 5286 3388 5339 laudent
3425 5286 3528 5339 illa!

1963 5388 2178 5442 fuerint.
2212 5385 2343 5439 Nam
2392 5385 2437 5439 si
2468 5384 2694 5437 dixisset
2730 5398 2743 5434 :
2792 5380 3068 5447 Siquidem
3118 5386 3378 5447 pepci'cro
3415 5394 3529 5430 nta-

1962 5480 2186 5540 sculunt,
2233 5457 2454 5532 oli'eram
2512 5490 2634 5528 cum
2694 5472 2918 5526 Domino
2959 5468 3101 5535 Deo;
3162 5469 3377 5523 femina:
3432 5484 3531 5521 au-

1966 5579 2068 5624 tem
2119 5585 2309 5624 nomen
2353 5567 2644 5631 tacuisset,
2685 5562 2855 5616 videri
2918 5561 3212 5631 potuisset,
3269 5559 3411 5624 quod
3475 5559 3529 5612 in

1967 5671 2085 5715 voto
2111 5660 2327 5713 tacitum
2353 5667 2515 5721 esset,
2543 5654 2869 5709 oblationem
2899 5653 3207 5721 integritate
3260 5649 3526 5702 minuere.

1970 5753 2117 5809 Nunc
2151 5759 2326 5807 autem
2351 5790 2365 5817 ,
2401 5746 2694 5803 masculum
2725 5745 2928 5817 pariter
2968 5759 3029 5799 ac
3072 5743 3328 5800 lcminatn
3368 5758 3551 5814 spot»,
