3982 6160
257 314 392 381 1373

1337 325 1421 390 IN
1460 328 2040 393 CONCEPTIONEM
2081 335 2142 394 S.
2185 333 2410 395 ANNIE

3382 330 3519 396 1374

252 435 386 503 ὁμοῦ
417 435 509 488 καὶ
543 436 816 502 οἰκείωσις
844 438 1163 508 ἐγγίνεσθαι
1204 442 1467 512 πέφυκεν.
1508 447 1650 500 Ἀλλ’
1688 449 1824 520 ὑπὲρ

1933 468 1994 507 ac
2023 452 2355 518 conciliatio,
2389 459 2578 521 suapte
2615 460 2802 505 natura
2860 457 3222 520 comparatur.
3245 446 3511 502 Caeterum

257 527 354 596 μὲν
377 527 555 581 πόνων
582 531 838 601 ἀμοιϐῆς,
865 533 1040 588 ταῦτα
1062 535 1140 604 τῷ
1166 534 1359 607 ἀληθεῖ
1389 537 1635 607 κρίνεται
1663 538 1826 611 λόγῳ,

254 622 301 671 εί
353 623 448 674 καὶ
514 623 752 681 εὐτελῶν
809 642 969 678 τινων
1010 626 1104 680 καὶ
1140 627 1374 699 μικρῶν,
1402 629 1537 701 ὑπὲρ
1591 629 1829 685 διάνοιαν

253 710 403 775 orta,
440 715 787 770 ἀντιδίδοταἰι.
817 716 914 781 Τίς
947 718 1053 790 γάρ
1086 720 1148 772 οὐ
1208 719 1368 790 μόνον
1432 720 1826 794 καταϐληθείη,

249 801 387 856 ἀλλὰ
439 805 532 858 καὶ
557 806 872 876 ἐπινοηθείη
898 808 1081 875 πόνος,
1108 810 1137 863 ό
1182 811 1278 863 καὶ
1307 810 1384 880 τῷ
1418 811 1696 883 πολλοστῷ
1737 814 1828 867 δο-

253 893 440 947 κοῦντι
452 895 562 949 τῶν
587 898 806 966 ἀγαθῶν
826 900 1050 954 ἐκείνων
1063 901 1389 972 ἀντισηκοῧν
1411 904 1827 973 ὑπονοούμενος;

253 983 432 1037 Ποίων
484 986 717 1054 ἀγώνων
765 987 948 1059 ἔργων
981 991 1015 1062 ἡ
1051 990 1188 1062 πρὸς
1231 991 1461 1062 οὐρανὸν
1517 993 1726 1062 γένοιτο
1765 993 1831 1047 ἂν

250 1075 550 1142 ἀνάϐασις;
580 1079 754 1134 Τίνων
781 1081 957 1134 πόνων
983 1081 1249 1153 κλίμακες
1278 1086 1331 1136 αἱ
1371 1085 1511 1155 πρὸς
1569 1084 1830 1137 τοσοῦτον

249 1164 384 1229 ὕψος
417 1169 755 1235 ἐφικνεῖσθαι
785 1171 1077 1240 δυνάμεναι
1103 1189 1117 1239 ;
1150 1162 1324 1227 Ποίων
1355 1175 1465 1227 τῶν
1495 1177 1552 1228 ἐν
1581 1176 1833 1245 ἐπικήρῳ

247 1257 344 1309 καὶ
393 1257 593 1330 ῥεούσῃ
641 1259 753 1328 ζωῇ
794 1262 1278 1333 καταϐαλλομένων
1335 1262 1592 1333 ἱδρώτων,
1614 1266 1681 1318 ἀί
1723 1264 1832 1317 τῶν

252 1347 493 1402 αἰωνίων
520 1350 937 1420 καὶμάκηράτων
954 1354 1090 1405 εἰσὶν
1112 1353 1438 1420 ἀντιδόσεις;
1465 1354 1630 1416 Τίνας
1652 1354 1717 1407 ἀν
1750 1370 1832 1417 τις

246 1438 371 1491 κατ’
405 1439 564 1504 ἀξίαν
605 1439 702 1509 τῆς
745 1441 1078 1505 οἰκειώσεως
1118 1443 1214 1495 τοῦ
1248 1442 1592 1516 Δημιρυργοῦ
1637 1443 1831 1505 πόνους

246 1526 737 1593 ἐπιδείξαιτοοοῖον
769 1530 835 1583 ἂν
868 1531 1059 1585 ἑαυτὸν
1087 1533 1288 1585 οἰκεῖον
1316 1534 1414 1602 τῆς
1450 1534 1660 1586 ἐκείνου
1689 1534 1828 1586 ἐνοι-

245 1619 464 1686 κήσεως
488 1619 950 1674 κατασκευάσειεν
966 1622 1311 1699 οίκητήριονξ
1351 1618 1680 1690 Ἐνοικήσω
1700 1623 1830 1695 γὰρ,

244 1710 521 1777 φησὶν,ἐν
564 1709 789 1777 αὐτοῖς,
824 1711 1425 1781 καὶέμπεριπατήσω.
1457 1715 1565 1767 Καὶ
1605 1714 1772 1767 πάλιν
1809 1730 1824 1747 ο

257 1797 412 1867 Ἐγὼ
443 1799 541 1853 καὶ
561 1801 809 1868 ὀηατὴρ
824 1801 1227 1871 ἐλευσόμεθα
1255 1803 1426 1857 Τοῦτο
1454 1804 1562 1858 τῶν
1594 1806 1652 1859 ἐν
1674 1805 1826 1859 ἐλπίς

245 1906 335 1942 σιν
365 1889 588 1959 ἀγαθῶν
633 1890 696 1943 τὸ
728 1890 901 1958 πέρας
927 1909 941 1922 ·
967 1892 1126 1945 τοῦτο
1159 1894 1192 1963 ἡ
1241 1893 1489 1963 οὐράνιος
1533 1893 1780 1964 βασιλεία
1810 1911 1825 1927 ο

241 1981 406 2034 τοῦτο
458 1983 492 2051 ἡ
537 1981 638 2051 τῆς
684 1982 905 2036 αἰωνίου
958 1984 1171 2055 τρυφῆς
1219 1984 1516 2049 ἀπόλαυσις
1543 2002 1557 2015 ·
1605 1985 1827 2058 τοῦτοή

240 2072 527 2142 ἑδιάδοχος
581 2073 891 2145 εὐφροσύνη
935 2090 950 2105 ’
998 2077 1032 2145 ἠ
1077 2074 1331 2146 διηνεκὴς
1385 2071 1743 2143 ἀγαλλίασις·
1791 2081 1826 2149 ἠ

242 2163 674 2236 ὑπερϐαίνουσα,
719 2166 779 2217 οὐ
831 2165 990 2233 μόνον
1040 2165 1255 2230 πόνους,
1303 2165 1438 2220 ἀλλὰ
1496 2167 1594 2220 καὶ
1652 2168 1859 2222 πάνταρ

241 2256 371 2309 νοῦν
420 2256 805 2320 ἀνταπόδοσις.
842 2257 1006 2327 Ὁρᾷς
1033 2257 1109 2320 ὡς
1151 2257 1328 2321 οὐδεὶς
1367 2259 1546 2321 πόνος.
1577 2259 1640 2311 οὐ
1671 2244 1828 2329 μόνον

240 2346 347 2398 οὐκ
372 2348 807 2417 ἀντιμετρεῖται,
842 2347 955 2400 ἀλλ’
986 2346 1095 2399 οὐδ’
1122 2349 1418 2401 ἐπινοεῖται
1466 2352 1532 2419 τῇ
1576 2351 1827 2420 μακαρία

241 2436 355 2490 τῶν
414 2432 801 2508 ἀποκειμένων
857 2437 1082 2506 ἀγαθῶν
1129 2438 1467 2505 ἀπολαύσει;
1528 2438 1688 2492 Ἀλλά
1735 2442 1827 2494 καὶ

240 2527 500 2581 τοσοῦτον
534 2520 643 2581 τῶν
681 2528 971 2606 ἡμετέρων
1005 2528 1409 2581 ἀπολειπόντων
1453 2528 1701 2595 ἀγώνων,
1734 2531 1827 2583 καὶ

241 2621 387 2675 οὕτω
414 2619 525 2674 τῶν
549 2621 616 2674 δι’
651 2621 856 2692 ἀρετὴν
893 2619 1136 2691 ἱδρώτων
1173 2619 1280 2674 τῶν
1317 2621 1457 2689 ὑπὲρ
1503 2620 1659 2688 λόγον
1687 2621 1828 2672 ἐκεί·
1852 2662 1880 2694 Ι

242 2728 350 2765 νων
375 2711 797 2780 ὑποϐεϐηκότων
823 2711 1089 2780 ἀμοιϐῶν,
1117 2710 1267 2781 ὅμως
1295 2710 1528 2764 εὐτελῶν
1566 2710 1663 2762 καὶ
1703 2726 1828 2779 σμι-

242 2798 530 2874 κροτάτων
584 2803 800 2867 πόνων,
854 2802 954 2874 τὴν
1004 2802 1144 2872 ὑπὲρ
1192 2802 1401 2856 ἔννοιαν
1448 2801 1747 2854 ἀπόλαυσιν
1797 2801 1826 2852 ό

243 2894 593 2966 ὐπεράγαθος
606 2894 891 2949 ἀντιδώσει
922 2896 1221 2965 Δεσπότης.
1254 2895 1458 2965 Μικροὶ
1487 2894 1594 2963 γὰρ
1613 2892 1706 2947 καὶ
1738 2892 1828 2964 οὐ·⁶

1938 543 2075 598 bona
2098 543 2344 608 haec,ceu
2376 558 2470 613 pro
2497 543 2739 597 laborum
2764 542 3115 596 retributione
3145 553 3327 593 revera
3360 551 3516 590 coui-

1938 643 2214 705 putantur,
2240 638 2449 693 tametsi
2481 634 2774 704 cogitatum
2805 648 3020 688 omnem
3055 630 3385 700 superantia,
3418 640 3517 696 pro

1939 724 2131 778 vilibus
2175 739 2235 779 ac
2267 725 2477 795 exiguis
2529 725 2911 794 rependuntur.
2959 721 3091 788 Quis
3145 721 3288 774 enim
3335 727 3517 772 tantus

1938 813 2109 882 labor,
2137 818 2331 869 nedum
2363 817 2472 886 ipsa
2506 831 2564 869 re
2595 814 2958 884 impendatur;
2990 810 3085 867 sed
3108 810 3190 865 vel
3216 810 3394 863 animo
3419 822 3519 860 co—

1940 910 2152 979 gitetur,
2208 918 2265 963 ut
2320 910 2403 964 vel
2438 909 2656 963 minima
2703 918 2854 976 parte
2903 921 2934 961 e
2988 906 3251 960 bonorum
3301 899 3516 954 illorum

1941 1000 2156 1068 regione
2206 1015 2473 1070 appensus
2497 1040 2510 1065 ,
2547 999 2748 1068 aliquid
2784 997 3069 1052 videatur?
3105 994 3347 1060 Quorum
3387 1005 3521 1060 rogo

1941 1090 2296 1145 certaminum
2337 1107 2473 1159 opus
2516 1091 2587 1145 sit
2637 1089 2882 1144 ascensio
2912 1089 2963 1142 in
2996 1086 3231 1141 cmhnn?
3260 1086 3509 1151 Quorum

1940 1190 2095 1249 putes
2137 1179 2377 1235 laborum
2413 1183 2637 1250 gradus,
2663 1189 2724 1234 ut
2757 1180 2822 1232 ad
2861 1188 3063 1230 tantam
3096 1166 3340 1230 Subvecti
3404 1172 3517 1227 sint

1940 1270 2366 1324 sublimitatem?
2401 1271 2638 1336 Quorum
2672 1269 2883 1324 mortali
2907 1283 2971 1322 ac
2993 1267 3133 1321 ﬂuxa
3162 1266 3273 1319 vita
3301 1264 3519 1331 impen-

1941 1376 2121 1415 sorum
2176 1362 2430 1416 sudorum
2455 1401 2469 1425 ,
2516 1370 2840 1416 aeternorum
2869 1375 2933 1413 ac
2961 1357 3346 1413 immortalium
3377 1369 3515 1424 pra?—

1942 1452 2049 1505 mia
2113 1453 2397 1508 honorum.
2430 1453 2701 1518 Quasnam
2744 1452 2865 1521 quis
2900 1452 3114 1505 labores
3135 1439 3413 1512 exhibeat,
3450 1452 3511 1499 ut

1941 1541 2202 1609 condigne
2232 1541 2682 1596 necessitudinem
2721 1540 2865 1593 illam
2892 1554 3011 1593 cum
3049 1546 3271 1591 auctore
3300 1548 3521 1604 prome-
3606 1548 3617 1557 κ

1867 1662 1907 1716 Β
1948 1631 2164 1684 reatur?
2190 1629 2361 1696 Quam
2390 1646 2448 1685 se
2482 1630 2698 1683 domum
2730 1628 3007 1699 propriam
3036 1634 3254 1695 praestet
3274 1665 3292 1691 ,
3327 1624 3380 1677 in
3410 1638 3521 1692 qua

1937 1722 2024 1776 ille
2051 1720 2359 1776 inhabitet?
2398 1719 2739 1784 lnhabitabo,
2772 1720 2939 1783 enim,
2998 1717 3196 1786 inquit,
3247 1716 3303 1768 in
3345 1715 3441 1777 eis,
3465 1721 3517 1767 et

1936 1812 2269 1866 inambulabo
2300 1813 2344 1843 ‘°
2376 1828 2390 1865 :
2425 1811 2487 1864 Et
2523 1811 2714 1865 iterum
2739 1829 2752 1863 :
2773 1808 2883 1878 Ego
2904 1818 2950 1861 el
2982 1806 3144 1860 Pater
3164 1806 3423 1860 veniemus
3446 1803 3516 1856 ¹¹.

1936 1901 2033 1956 llic
2079 1902 2340 1955 bonorum
2390 1901 2444 1955 in
2478 1894 2572 1970 spe
2604 1900 2760 1975 nobis
2800 1901 3158 1968 repositorum
3197 1895 3466 1951 terminus
3496 1911 3522 1949 τ

1937 1993 2155 2047 cmleste
2211 1992 2312 2046 hoc
2363 2006 2583 2061 regnum
2618 2007 2634 2057 ;
2673 1993 2785 2045 haec
2816 1989 3104 2058 voluptatis
3122 1999 3337 2043 aeterna:
3358 1988 3521 2042 beata

1937 2083 2255 2153 possessio:
2314 2082 2656 2149 haechetitia
2708 2080 3164 2144 interminabilis;
3219 2079 3332 2133 hzec
3369 2077 3523 2147 jugis

1935 2176 2259 2239 exsultatio;
2303 2174 2415 2229 haec
2464 2173 2772 2235 retributio,
2820 2171 3011 2225 nedum
3044 2169 3289 2234 labores,
3338 2169 3431 2223 sed
3460 2178 3514 2222 et

1934 2283 2148 2334 Omnem
2174 2266 2506 2319 intellectum
2532 2278 2891 2333 exsuperans.
2924 2261 3196 2327 Vides,,ut
3225 2261 3403 2314 nullus
3434 2260 3517 2313 la-

1936 2355 2053 2419 bur,
2112 2357 2308 2410 nedum
2360 2355 2537 2423 reipsa
2573 2362 2842 2422 exaequet,
2889 2368 2952 2407 ac
3005 2365 3178 2420 neque
3221 2351 3519 2420 quidquam

1934 2445 2155 2511 aequalis
2225 2445 2395 2497 beatae
2470 2442 2829 2510 repositorum
2908 2442 3171 2497 bonorum
3239 2439 3514 2502 fruitioni,

1937 2537 2101 2592 menti
2130 2534 2423 2590 occurrat?
2459 2533 2699 2589 Tametsi
2754 2549 2883 2589 vero
2909 2571 2925 2597 ,
2979 2545 3174 2588 nostra
3215 2532 3515 2586 certamina

1936 2632 2073 2685 adeo
2102 2628 2373 2692 deﬁciant,
2417 2628 2794 2696 assumptique
2824 2625 3056 2679 virtutis
3087 2640 3215 2694 ergo
3251 2625 3511 2686 sudores,

1934 2724 2012 2776 sic
2052 2711 2607 2790 pro‘retrihutionum
2671 2718 2927 2780 illarum,
2986 2717 3197 2770 ratione
3241 2714 3508 2782 majorum

1934 2808 2280 2877 praestantia,
2330 2806 2508 2875 exigui
2561 2806 2705 2874 sint,
2756 2821 3012 2874 perquam
3061 2816 3239 2859 tamen
3276 2803 3514 2872 optimus

1935 2899 2226 2981 Dominus,
2276 2898 2575 2952 vincentem
2624 2897 2915 2967 cngitatum
2963 2894 3349 2950 beatitudinem
3416 2908 3513 2961 pro

240 2988 390 3050 δενὸς
420 2986 563 3050 ἄξιοι
595 2986 754 3055 λόγου
796 2988 862 3057 τῇ
912 2988 1089 3040 ἐκεῖσε
1130 2986 1602 3056 παραϐαλλόμενοι
1646 3001 1824 3055 μακα-

1933 2993 2005 3046 sic
2030 2990 2226 3045 vilibus
2256 3004 2318 3042 ac
2343 3002 2599 3058 perquam
2619 2988 2853 3056 exiguis,
2879 2987 3163 3041 retribuet.
3197 2985 3358 3039 Plane
3381 2999 3512 3039 vero

243 3079 474 3148 ριότητι,
504 3078 555 3129 oi
581 3078 680 3149 τῆς
707 3077 1058 3147 ἀνθρωπίνης
1111 3077 1343 3146 σπουδῆς
1379 3076 1839 3143 καταλογίζονται

241 3169 419 3230 πόνοι,
446 3166 548 3221 κᾶν
581 3166 673 3220 τὸν
712 3168 833 3221 ὅλον
857 3184 939 3230 τις
975 3168 1033 3219 ὲν
1057 3167 1240 3227 αὐτοῖς
1289 3164 1613 3237 κατατρίψει
1667 3165 1781 3234 βίον
1809 3180 1823 3195 ⁸

238 3259 344 3312 κᾶν
379 3258 571 3326 ἀγῶνα
606 3257 813 3328 συνεχῆ
843 3257 971 3328 ὅλην
997 3256 1338 3327 ἐπιδείξηται
1361 3256 1526 3326 ζωήν.
1561 3257 1683 3309 Κᾶν
1724 3273 1823 3308 πο-

239 3346 633 3410 λυπλασιάζων
661 3344 869 3417 ταύτην
900 3349 981 3410 εἰς
1006 3345 1227 3410 ἐκατδν,
1252 3345 1284 3416 ἢ
1316 3348 1411 3399 καὶ
1434 3346 1516 3408 δὶς
1546 3342 1823 3409 τοσοῦτον,

237 3440 271 3508 ῆ
307 3438 404 3492 καὶ
420 3438 539 3507 τρὶς
555 3437 589 3507 ἢ
605 3437 698 3492 καὶ
724 3437 986 3508 μυριάκις
1013 3437 1104 3490 τὸν
1127 3438 1317 3507 χρόνον
1343 3434 1712 3488 ἐπεκτείνοιτο
1726 3436 1825 3502 τῆς

237 3526 508 3599 βιώσεως,
537 3528 596 3581 ἐν
643 3519 688 3594 ᾧ
716 3527 893 3597 χρόνῳ
918 3526 1047 3590 τοὺς
1063 3526 1358 3596 ἐπιμόνους
1385 3527 1413 3579 ὁ
1436 3523 1679 3586 τοιοῦτος
1724 3522 1826 3593 τῆς

234 3618 445 3687 ἀρετῆς
472 3617 773 3671 διανύσειεν
794 3615 1036 3684 ἀγῶνας,
1062 3615 1216 3670 οὐδὲν
1244 3616 1301 3667 ἐν
1333 3613 1619 3685 συγκρίσει
1649 3612 1822 3682 φανή-

235 3724 393 3762 σεται
420 3708 531 3763 τῶν
562 3707 932 3779 ἐλπιζομένων
955 3705 1281 3762 ἀντιδόσεων
1309 3708 1740 3779 ἀγωνισάμενος.

304 3989 401 4043 At?)
423 3991 642 4059 μικροῖς
671 3990 767 4042 καὶ
798 3987 1041 4042 εὐτελέσι
1076 3989 1279 4053 πόνοις,
1327 3988 1427 4052 τὰς
1479 3990 1823 4063 ἀνυπερϐλή-

232 4085 361 4146 τους
408 4082 647 4152 ἀμοιϐὰς
694 4079 1188 4150 περιποιησώμεθα
1221 4094 1234 4110 ⁸
1279 4080 1370 4133 τὸν
1427 4080 1659 4135 πλοῦτον
1714 4083 1822 4139 τῶν

230 4173 600 4242 ἁδαπανὴτων
639 4171 859 4239 ἀγαθῶν
883 4169 1324 4240 θησαυρίσωμεν.
1356 4172 1544 4242 Μικρά
1581 4172 1639 4225 δὲ
1681 4172 1823 4241 λέγω

231 4263 330 4316 καὶ
372 4260 592 4330 εὐτελῆ,
635 4260 711 4331 μὴ
767 4259 837 4311 τὰ
879 4257 1140 4311 δοκοῦντα
1207 4258 1368 4329 μόνον
1414 4256 1553 4315 εἶναι
1597 4262 1822 4315 τοιαῦτα

230 4352 515 4424 ἡγεῖσθαι,
544 4351 681 4404 ἀλλὰ
732 4350 827 4403 καὶ
882 4349 1007 4413 τοὺς
1045 4349 1314 4420 διηνεκεῖς
1356 4351 1456 4421 τῆς
1501 4351 1631 4421 ὅλης
1673 4351 1819 4422 ζωῆς
1855 4336 1899 4393 D

228 4444 458 4511 ἀγῶνας
489 4458 505 4474 ·
544 4442 645 4511 τὴν
693 4441 951 4510 ἐπίμονον
996 4439 1094 4510 τῆς
1125 4441 1327 4510 ἀρετῆς
1381 4440 1609 4512 ἄθλησιν
1646 4458 1661 4474 ο
1692 4443 1818 4506 τοὺς

229 4533 603 4595 ἀδιαλείπτως
637 4533 732 4585 καὶ
782 4529 998 4600 θερμῶς
1044 4530 1185 4603 ὑπὲρ
1249 4532 1422 4602 αὐτῆς
1481 4533 1820 4588 καταϐαλλο-

231 4628 438 4697 μένους
474 4623 693 4687 πόκους.
738 4624 999 4679 Τοιαῦται
1060 4624 1169 4696 γὰρ
1201 4625 1256 4677 αἱ
1287 4623 1380 4677 τοῦ
1435 4624 1816 4695 μεγαλοδώρου

228 4715 510 4770 Δεσπότου
559 4715 784 4787 ἀμοιϐαί
818 4731 828 4744 ·
864 4716 1105 4779 τοιοῦτος
1162 4718 1190 4769 ὁ
1235 4715 1595 4786 ὑπερϐλύζων
1648 4717 1812 4770 αὐτοῦ

228 4808 340 4862 τῶν
391 4806 717 4861 ἀντιδόσεων
757 4806 986 4869 πλοῦτος
1013 4823 1027 4836 ο
1073 4804 1216 4860 οὕτω
1264 4806 1674 4875 φιλανθρωπίας
1722 4807 1816 4859 καὶ

229 4899 578 4968 ἀίαθότητος
628 4897 904 4970 ὑπερϐολῇ
937 4939 952 4964 ,
1024 4898 1179 4966 ὀλίγα
1236 4899 1342 4952 τῶν
1387 4898 1628 4969 ἀπείρων
1658 4913 1672 4928 °
1725 4899 1819 4952 καὶ

232 4993 435 5062 πτωχὰ
480 4992 592 5044 τῶν
651 4991 924 5044 πλουσίων
959 5006 972 5020 °
1012 4992 1106 5044 καὶ
1157 4992 1396 5061 ἐπίκηρα
1451 4989 1558 5043 τῶν
1585 4991 1819 5044 αἰωνίων

233 5079 474 5157 ἀγαθῶν,
500 5079 1071 5133 ἀντικαταλλάττεται.
1111 5078 1386 5147 Ἀνενδεὴς
1419 5080 1527 5149 γάρ
1570 5081 1686 5131 ἐστι
1711 5080 1819 5132 τῶν

234 5168 698 5239 προσαγομένων,
736 5171 908 5238 μόνης
959 5168 1055 5236 τῆς
1111 5168 1218 5221 τῶν
1269 5168 1657 5238 προσαγόντων
1700 5169 1820 5221 ἐπι-

230 5262 495 5331 δεόμενον
534 5261 825 5331 σωτηρίας,
856 5259 946 5312 διὰ
1001 5258 1179 5323 τοῦτο,
1215 5259 1275 5312 οὐ
1321 5263 1387 5329 τῇ
1419 5260 1527 5312 τῶν
1572 5277 1815 5331 προσφε-

238 5351 492 5422 ρομένων
522 5349 782 5418 ποσότητι
814 5348 1093 5415 τοσοῦτον,
1152 5348 1274 5401 ὅσον
1304 5351 1368 5418 τῇ
1415 5348 1515 5418 τῆς
1562 5349 1819 5420 προαιρέ-

238 5459 380 5505 σεως
421 5441 535 5493 τῶν
575 5440 963 5511 προσαγόντων
1007 5437 1244 5491 ἐπινεύει
1276 5440 1544 5509 ποιότητι,
1579 5442 1607 5492 ὁ
1657 5439 1818 5509 μόνος

237 5534 499 5599 πλούσιος
524 5532 823 5604 δωροδότης
859 5546 872 5562 ·
903 5532 929 5583 ὁ
958 5530 1325 5600 ἁκατανόητον
1371 5529 1510 5600 ἔχων
1540 5529 1815 5598 εὐσπλαγο

306 5715 358 5748 ⁸⁸
398 5710 578 5768 Levit.
620 5728 766 5778 xxvr,
804 5712 900 5783 l2;
939 5711 1126 5768 llCor.
1158 5727 1228 5776 γι,
1262 5709 1346 5764 16.

1929 3084 2105 3153 exigui
2132 3097 2196 3138 ac
2230 3082 2431 3137 nullius
2459 3080 2713 3135 momenti
2745 3080 3029 3133 videantur
3053 3079 3287 3133 humano
3319 3076 3502 3132 studio

1929 3175 2106 3229 collati
2141 3173 2375 3237 labores,
2408 3180 2466 3225 ut
2509 3173 2631 3240 quis
2659 3169 2843 3225 futuro
2885 3184 2999 3223 azvo
3044 3169 3290 3236 repositae
3338 3166 3511 3221 {elici-

1931 3266 2026 3318 tati
2054 3272 2350 3333 comparet,
2384 3262 2597 3316 tametsi
2641 3271 2806 3314 totam
2854 3261 2907 3313 in
2941 3260 3019 3313 eis
3069 3259 3232 3311 vitam
3288 3257 3500 3312 insum-

1929 3354 2126 3423 pserit;
2164 3352 2381 3407 tametsi
2415 3354 2540 3406 vitae
2578 3362 2785 3420 tempus
2831 3359 3025 3412 totum,
3054 3357 3331 3401 certamen
3376 3345 3509 3416 juge

1926 3442 2248 3500 ostenderit.
2297 3440 2534 3497 Tametsi
2569 3442 2621 3495 in
2664 3454 2835 3493 annos
2861 3447 3097 3499 centum,
3132 3437 3184 3489 in
3215 3435 3516 3501 ducentos,

1929 3536 1981 3589 in
2013 3542 2304 3597 trecentos,
2331 3534 2384 3586 in
2420 3543 2705 3588 sexcentos
2729 3544 2793 3583 ac
2822 3527 3294 3582 innumerabiliter
3326 3524 3512 3595 plures

1926 3627 2091 3678 vitam
2125 3625 2471 3695 protraxerit,
2503 3632 2726 3690 totoque
2762 3635 2829 3675 eo
2861 3631 3106 3688 tempore
3136 3616 3355 3670 virtutis
3385 3630 3514 3670 cer-.

1927 3718 2130 3773 lamina
2156 3722 2566 3786 perseveranter
2612 3711 2932 3775 confecerit,
2987 3709 3119 3763 nihil
3176 3717 3355 3762 tamen
3391 3721 3511 3775 prae

1927 3808 2193 3862 bonorum
2245 3808 2299 3860 in
2346 3819 2442 3874 spe
2487 3804 2851 3874 repositorum
2901 3801 3066 3856 tantis
3102 3798 3210 3854 illis
3262 3799 3502 3857 retribu-

1927 3896 2163 3952 tiouibus
2193 3897 2499 3952 decertasse
2523 3894 2690 3949 videri
2722 3892 2910 3963 possit.

1997 3986 2359 4054 Quamobrem
2396 3986 2607 4056 exiguis
2636 3979 2899 4054 ejusmodi
2945 3980 3245 4050 vilibusque
3290 3979 3505 4034 laboria

1926 4080 2046 4144 bus,
2086 4077 2236 4132 omni
2284 4076 2404 4131 illas
2458 4074 2789 4130 sublimitate
2832 4071 3063 4142 majores
3115 4067 3507 4123 retributiones

1926 4170 2081 4224 nobis
2120 4166 2471 4223 conciliemus
2523 4184 2537 4221 :
2592 4165 2810 4218 divitias
2849 4163 3003 4217 nobis
3053 4160 3505 4230 inconsumptibi-

1926 4261 2055 4314 lium
2099 4238 2363 4317 bonorum
2408 4270 2757 4327 reponamus.
2810 4253 3014 4308 Nedum
3070 4263 3247 4306 autem
3304 4252 3498 4320 exigua

1928 4350 2162 4418 viliaque
2193 4349 2437 4402 habenda
2489 4347 2630 4412 dico,
2661 4360 2784 4417 quae
2819 4347 2943 4399 talia
2992 4345 3263 4409 videntur,
3317 4345 3411 4399 sed
3450 4352 3503 4416 et

1927 4440 2184 4495 continua
2214 4439 2337 4492 vitae
2371 4439 2534 4493 totius
2569 4436 2866 4491 certamina
2917 4452 2932 4490 :
2970 4444 3308 4490 constantem
3336 4434 3503 4488 virtu-

1939 4531 2010 4585 tis
2042 4546 2306 4601 pugnant;
2336 4527 2710 4583 irideﬁciettter
2731 4544 2796 4583 ac
2826 4528 3095 4582 ferventer
3118 4527 3390 4595 impensas
3421 4525 3503 4578 la-

1928 4620 2109 4675 bores.
2135 4619 2412 4691 Ejusmodi
2448 4619 2593 4674 enim
2625 4627 2752 4675 sunt
2793 4617 3034 4673 muniﬁci
3083 4606 3290 4672 Domini
3337 4617 3509 4676 retri-t

1925 4712 2173 4766 butioues
2216 4728 2231 4766 :
2267 4719 2428 4765 tanta:
2474 4710 2575 4764 illa:
2606 4708 3048 4779 superciliuentes
3085 4709 3506 4763 retributionum

1923 4802 2042 4872 ejus
2066 4803 2264 4858 divitiae
2290 4821 2303 4858 :
2342 4812 2487 4856 tanta
2515 4803 2865 4856 humanitatis
2892 4817 2955 4855 ac
2991 4802 3250 4856 bonitatis
3276 4814 3507 4868 exsupe-

1928 4896 2124 4960 rautia,
2163 4910 2261 4965 pro
2308 4894 2516 4961 paucis,
2550 4893 2796 4959 inﬁnita;
2846 4910 2942 4962 pro
2973 4902 3287 4963 paupertate
3311 4930 3326 4955 ,
3363 4890 3511 4945 divi-

1925 4986 2062 5054 tias;
2115 5002 2212 5055 pro
2270 4986 2545 5056 perituris,
2599 4971 2798 5041 aeterna
2836 4987 2971 5040 bona
3006 4992 3319 5038 commutat.
3350 4981 3501 5049 Quo-

1923 5078 2098 5140 circa,
2143 5093 2247 5131 non
2310 5088 2415 5132 lam
2470 5078 2774 5132 oblatorum
2827 5075 3189 5144 quantitatem
3244 5073 3499 5133 attendit.

1922 5185 2082 5239 quam
2112 5180 2170 5224 ut
2196 5170 2753 5226 habeatoﬂerentium
2793 5168 3059 5232 voluntas,
3098 5166 3189 5235 qui
3232 5165 3377 5219 solus
3409 5165 3493 5217 di.

1922 5274 2014 5313 ves
2050 5260 2273 5330 largitur
2306 5261 2553 5326 exsistit;
2584 5261 2738 5328 cujus
2764 5267 2848 5312 est
2880 5256 3268 5310 misericordia:
3324 5255 3498 5310 visce-

1922 5366 2040 5404 rum
2064 5351 2236 5421 ntajus
2286 5352 2518 5422 cogitatu
2571 5351 2826 5420 pelagus;
2857 5349 2946 5417 qui
2974 5348 3083 5415 ipsa
3115 5362 3211 5413 per
3249 5362 3307 5400 se
3344 5348 3495 5400 noni-

1923 5452 2022 5508 tas,
2040 5443 2261 5514 solaque
2280 5447 2539 5501 bonorum
2570 5445 2785 5498 ubertas
2810 5454 2919 5507 est;
2947 5441 3057 5510 qui,
3084 5440 3323 5509 inquam,
3358 5452 3501 5507 ιιι-εει-

1919 5534 2085 5592 sentis
2113 5535 2215 5591 diei
2249 5535 2634 5606 jucunditatem
2658 5577 2671 5602 ,
2713 5544 2929 5605 propter
2987 5530 3220 5585 futuram
3253 5527 3507 5585 laetitiam

1429 5710 1466 5741 ¹¹
1498 5708 1653 5765 Joan.
1679 5723 1793 5775 κεν,
1829 5706 1920 5764 25.
