3982 6160
471 248 480 254 ⁷
499 287 641 355 1375

1631 287 1952 350 GEORGII
1991 283 2588 350 NICOMEDIENSIS

3606 271 3751 338 13ῖὸ

497 404 716 469 indixit;
745 399 835 472 qui
871 414 964 470 per
993 397 1178 454 Matris
1208 412 1318 455 sua:
1347 397 1894 470 magualia,nostram
1920 399 1986 477 ad
2014 412 2072 452 se

2180 397 2326 468 χνίας
2369 395 2431 449 τὸ
2477 393 2716 462 πέλαγος
2753 410 2767 425 ·
2801 394 2835 464 ἠ
2869 391 3291 461 αὐτοαγαθότης,
3329 389 3423 442 καὶ
3459 386 3596 457 μόνη
3640 382 3754 435 τῶν

492 493 848 548 humilitatem
906 489 1184 560 provehit;
1212 489 1302 559 qui
1334 503 1432 557 per
1477 489 1743 544 mirabilia
1785 489 1902 558 ejus
1941 505 2068 560 pro-

491 583 658 652 digia,
703 582 876 636 altiort
930 595 1090 650 supra
1137 595 1286 650 spem
1331 580 1575 647 ratione,
1631 580 1788 636 saluti
1827 581 2072 635 humanae

493 675 760 740 providet.
796 672 904 726 llnc
933 673 1098 734 enim,
1142 679 1272 735 tota,
1303 685 1465 740 quam
1497 671 1733 736 molitur,
1767 671 2069 724 oeconomia

491 759 626 828 agit.
671 757 879 812 Idcirco
913 759 1074 812 etiam
1125 757 1176 810 in
1215 757 1340 822 tuis,
1400 759 1622 827 Deipara
1648 759 1848 828 Virgo,
1880 758 2073 828 gloria-

499 865 622 902 ntur
651 851 943 917 mysteriis.
1000 847 1105 902 Pro
1154 849 1218 902 iis
1246 860 1420 918 coepta
1481 851 1872 917 plasntatione,
1917 851 2072 919 iuges

500 937 593 992 tibi
636 940 926 1007 gratiarum
957 940 1196 992 actiones
1224 937 1534 1004 olfet-ituus;
1581 955 1677 1010 pro
1711 955 1797 1004 ea,
1829 941 1903 993 uti
1954 941 2075 994 reli-

494 1039 631 1089 qnas
670 1025 740 1077 ita
763 1035 816 1076 et
844 1025 1103 1078 illustrem
1143 1028 1281 1079 bane
1310 1029 1402 1080 tibi
1436 1031 1650 1096 agimus
1682 1030 2068 1084 celebritatem.

493 1109 704 1167 idcirco
739 1117 851 1180 pari
905 1117 1174 1182 praeconio
1209 1117 1480 1171 ell‘eriums
1520 1130 1797 1186 parentmn
1846 1122 2072 1185 merita;

493 1218 684 1256 eorum
715 1204 869 1258 hodie
911 1207 1121 1260 virtutis
1155 1207 1521 1274 glOrilieatnus
1571 1210 2021 1277 magniﬁcentiam
2049 1227 2065 1276 ;

495 1307 783 1346 accensam
828 1309 1011 1348 eorum
1057 1292 1681 1366 tlilaudatnns'pietatem
1739 1314 1802 1352 ac
1854 1300 2072 1367 religio-

500 1396 644 1442 nem,
687 1383 1076 1450 prmeellentetn
1112 1388 1494 1454 constantiam,
1537 1387 1816 1441 exauditus
1861 1403 2069 1458 preces,

497 1471 686 1524 salutis
715 1484 913 1527 nostrae
953 1479 1248 1542 prtennutia
1287 1478 1526 1531 oracula.
1579 1476 1775 1530 Eorum
1804 1487 1853 1531 te
1899 1479 2071 1548 incly-

499 1569 634 1624 tum,
659 1576 724 1616 ac
763 1574 988 1630 naturae,
1023 1565 1350 1620 ltonoramus
1383 1567 1656 1632 fructum;
1688 1569 1950 1620 bonorum
1983 1585 2072 1620 ra-

495 1652 693 1717 dicem,
716 1655 1134 1710 conciliatricem
1164 1671 1492 1736 teteruorum
1524 1659 1814 1716 bonorum.
1840 1644 2068 1723 Idcirco,

2173 489 2354 544 καλῶν
2381 487 2614 558 ἀφθονία
2645 503 2659 518 ·
2685 489 2714 540 ὁ
2763 488 2862 557 τὴν
2891 485 3174 557 παροῦσαν
3226 483 3492 554 θυμηδίαν
3539 481 3631 534 διὰ
3653 481 3756 551 τὴν

2175 580 2477 649 μέλλουσαν
2493 575 2834 648 εὐφροσύνην
2865 577 3262 647 συγκροτήσας·
3292 577 3320 629 ὁ
3341 575 3428 628 διὰ
3452 573 3564 628 τῶν
3582 589 3757 643 μεγαο

2171 671 2330 724 λείων
2353 669 2456 739 τῆς
2491 669 2700 732 οίκείας
2755 667 2981 739 μητρὸς,
3016 667 3116 738 τὴν
3156 666 3316 737 ἡμῶν
3372 667 3511 736 πρὸς
3557 663 3755 716 ἑαυτὸν

2172 761 2360 830 αὐψῶν
2409 761 2516 832 [τον.
2574 759 2725 830 ὑψῶν
2770 759 2804 830 ἦ
2849 758 3090 830 ἁνυψῶν]
3120 756 3483 827 ταπεινότητα
3514 772 3530 786 ο
3596 755 3627 807 ὁ
3661 751 3757 806 διὰ

2171 853 2278 907 τῶν
2309 853 2624 924 παραδόξων
2663 852 2834 921 αὐτῆς
2891 850 3212 922 τεραστίων,
3250 849 3381 918 παρ’
3409 845 3600 898 ἐλπίδα
3650 845 3754 913 τῆς

2173 945 2520 1014 ἀνθρωπίνης
2541 941 2932 1014 προνοούμενος
2955 941 3251 1012 σωτηρίας.
3269 939 3441 991 Τοῦτο
3464 937 3572 1007 γὰρ
3599 934 3756 1002 αὑτῷ

2173 1035 2271 1102 τῆς
2301 1035 2430 1104 ὅλης
2484 1034 2798 1104 οἰκονομίας
2844 1035 2906 1086 τὸ
2963 1030 3507 1104 πραγματευόμενον.
3569 1026 3752 1094 ’Υπὲρ

2171 1125 2375 1180 τούτων
2425 1127 2518 1179 καὶ
2554 1127 2610 1179 ὲν
2667 1127 2781 1188 τοῖς
2824 1126 2945 1187 ,σοῖς
2996 1121 3470 1193 σεμνολογούμεθα
3527 1133 3746 1187 μυστη-

2175 1217 2331 1289 ρίοις,
2361 1217 2587 1270 Θεοτόκε
2627 1231 2642 1246 ·
2678 1215 2819 1286 ὑπὲρ
2883 1215 2982 1285 τῆς
3025 1213 3090 1266 δι’
3140 1212 3321 1266 αὐτῶν
3369 1205 3752 1282 [μυστηρίοις]

2173 1310 2444 1372 πλάσεως,
2481 1307 2580 1370 τὰς
2624 1307 2893 1376 διηνεκεῖς
2945 1305 3297 1376 εὐχαριστίας
3361 1319 3443 1356 σοι
3501 1298 3758 1372 προσφέ-

2175 1415 2343 1470 ρομεν
2373 1413 2387 1430 ο
2418 1397 2558 1468 ὑπὲρ
2593 1397 2780 1466 αὐτῆς,
2821 1396 2898 1459 ὡς
2941 1397 3038 1448 καὶ
3081 1395 3180 1458 τὰς
3205 1393 3425 1458 λοιπὰς,
3458 1391 3604 1446 οὕτω
3654 1387 3758 1442 καὶ

2173 1491 2271 1558 τὴν
2319 1487 2559 1557 εὔσημόν
2610 1504 2694 1540 σοι
2733 1487 2938 1559 ταύτην
2995 1485 3402 1556 συγκροτοῢμεν
3437 1483 3754 1569 ῥμήγυριν.

2173 1577 2272 1630 Διὰ
2297 1576 2454 1629 τοῦτο
2479 1576 2548 1628 τὰ
2579 1575 2684 1629 τῶν
2711 1575 2969 1651 Πατέρσυν
2991 1573 3441 1644 συγκηρύττομεν
3462 1569 3752 1641 κατορθώ-

2177 1683 2322 1737 ματα
2350 1683 2364 1697 ’
2395 1666 2459 1718 τὸ
2491 1667 2588 1734 τῆς
2622 1663 2824 1732 ἀρετῆς
2861 1663 3040 1716 αὐτῶν
3075 1663 3412 1734 μεγαλοφυὲς
3451 1659 3757 1728 δοξάζομεν

497 1754 554 1798 te
587 1747 798 1811 quidem
835 1749 901 1801 ad
951 1747 1143 1801 Filium
1177 1750 1566 1816 mediatricem,
1610 1765 1706 1805 eos
1753 1766 1882 1807 vero
1925 1753 1990 1806 ad
2019 1761 2068 1807 te

2180 1756 2410 1825 τήμερον
2444 1769 2456 1782 °
2495 1753 2556 1805 τὸ
2587 1755 2686 1822 τῆς
2722 1751 2994 1820 φιλοθεῒας
3027 1751 3207 1804 αὐτῶν
3245 1748 3601 1820 εὐφημοῦμεν
3627 1747 3756 1800 διά-

500 1835 888 1890 intercessores
917 1838 1234 1892 asciscimus
1264 1829 1442 1894 hodie.
1473 1839 1576 1894 Per
1605 1855 1698 1895 eos
1731 1840 2030 1909 ﬂagitamus
2055 1860 2076 1909 ;

497 1925 608 1978 imo
659 1940 757 1994 per
797 1934 847 1980 te
877 1943 892 1980 :
927 1943 1030 1981 non
1059 1929 1202 1981 enim
1236 1931 1526 1984 necessarii
1548 1931 1612 1983 ad
1646 1941 1698 1986 te
1731 1934 2070 1997 tucdiatores,

493 2029 530 2065 ο
554 2013 801 2084 benigna,
837 2023 894 2070 ut
942 2019 1045 2071 tuis
1076 2019 1230 2074 nobis
1263 2021 1546 2092 magnaliis
1597 2036 1886 2091 perennem
1941 2038 2076 2076 con-

495 2105 967 2162 serveslaztitiam.
1001 2107 1273 2178 Rogamus
1305 2126 1402 2180 per
1445 2121 1497 2166 te
1543 2127 1606 2166 ett
1643 2123 1694 2166 te
1739 2113 2073 2167 incarnatum

496 2193 665 2248 lienm
697 2197 874 2252 altiori
912 2198 1077 2268 supra
1129 2203 1392 2258 rationem
1444 2204 1636 2269 modo,
1679 2215 1736 2259 ut
1777 2205 2072 2258 l'nturornvn

497 2285 920 2355 beatitudinem,
989 2293 1240 2360 praesenti
1298 2294 1422 2348 huic
1471 2293 1794 2362 iucunditati
1847 2278 2072 2364 prais'tet

495 2377 819 2445 succedere,
845 2387 901 2432 ut
923 2381 1106 2434 mundi
1138 2381 1296 2448 huius
1349 2384 1534 2438 choris
1570 2395 1800 2439 αξιοι-ηαδ
1823 2401 2064 2441 commu-

499 2463 802 2531 tetlaudes;
836 2476 888 2519 ut
918 2481 1014 2534 pro
1044 2468 1324 2524 silentibus
1352 2472 1606 2537 canticis,
1641 2476 1886 2530 nescium
1915 2476 2076 2531 silen-

497 2551 554 2604 tii
587 2561 808 2621 reponat
836 2555 1168 2624 epulantium
1197 2573 1410 2625 sonum,
1445 2576 1602 2630 quem
1648 2563 1700 2617 iu
1731 2579 1857 2619 voce
1898 2565 2076 2620 exsul-

499 2643 718 2700 talionis
744 2657 797 2698 et
817 2648 1176 2705 confessionis
1210 2653 1310 2721 ipsi
1333 2655 1718 2710 submittamus
1743 2677 1754 2710 :
1789 2657 1902 2724 ipse
1930 2659 2071 2712 enim

493 2731 638 2803 iugis
707 2735 914 2804 laatitia,
985 2742 1398 2810 cxsultatioque,
1471 2758 1535 2798 ac
1598 2743 1908 2814 incunditas
1967 2756 2070 2804 est.

499 2825 788 2898 ipsumque
809 2830 960 2886 decet
985 2833 1182 2898 honor,
1205 2834 1393 2903 gleria,
1411 2837 1672 2901 adoratio,
1699 2853 1819 2892 cum
1841 2839 1996 2892 Patre
2011 2855 2074 2894 ac

501 2917 706 2986 Spiritu
727 2933 933 2986 sancto,
961 2938 1102 2979 nunc
1136 2935 1189 2980 ct
1223 2941 1456 2996 semper,
1499 2935 1552 2981 et
1581 2928 1633 2981 in
1681 2930 1874 2983 saecula
1899 2929 2070 3002 t'szecu-

502 3007 616 3062 loru
626 3026 698 3064 m.
731 3011 922 3066 Amen.

2174 1860 2345 1916 πυρον
2380 1861 2394 1876 ·
2466 1844 2564 1914 τὴν
2627 1842 3074 1914 ὑπερϐάλλουσαν
3127 1841 3460 1912 καρτερίανο
3513 1839 3613 1903 τὰς
3669 1840 3756 1902 εἰς

2174 1935 2412 2004 ὑπήκοον
2457 1933 2768 2003 ἐνεχθείσας
2825 1933 2992 2002 εὐχάς
3022 1949 3035 1962 ·
3067 1934 3194 1995 τοὺς
3235 1933 3592 2002 προκηρυκας
3648 1929 3754 1999 τῆς

2173 2027 2332 2097 ἡμῶν
2383 2025 2661 2096 σωτηρίοις
2688 2025 3107 2095 χρηματισμούς
3136 2041 3148 2053 ·
3177 2025 3269 2078 τὸν
3311 2023 3508 2093 εὐκλεῆ
3540 2038 3601 2076 σε
3628 2024 3766 2075 τού-

2172 2140 2279 2175 των
2321 2121 2414 2176 καὶ
2444 2123 2540 2192 τῆς
2570 2122 2782 2190 φύσεως
2809 2119 3142 2190 γεραίρομεν
3170 2116 3399 2186 καρπόν·
3432 2114 3530 2184 τὴν
3584 2111 3756 2182 ῥίζαν

2172 2213 2280 2265 τῶν
2333 2211 2554 2279 ἀγαθῶν
2587 2229 2602 2242 ο
2627 2211 2724 2283 τὴν
2778 2211 2888 2264 τῶν
2941 2210 3174 2264 αἰωνίων
3211 2207 3432 2278 δωρεῶν
3464 2202 3754 2273 πρόξενον.

2173 2301 2270 2354 Διὰ
2297 2301 2477 2366 τοῦτο,
2506 2301 2564 2354 σὲ
2595 2301 2692 2370 μὲν
2733 2301 2870 2372 πρὸς
2926 2301 3018 2353 τὸν
3057 2302 3120 2352 ὲκ
3155 2297 3247 2350 σοῦ
3297 2296 3557 2367 τεχθέντα
3597 2293 3760 2362 μεσῖ-

2172 2409 2276 2465 τιν,
2306 2373 2503 2455 αὐτοὺς
2539 2391 2599 2444 δέ
2627 2409 2710 2444 σοι
2733 2393 2814 2456 εἰς
2847 2389 3144 2462 πρεσϐείαν
3183 2385 3542 2456 προτείνομεν
3573 2383 3754 2452 σήμε-

2175 2499 2288 2552 ρον.
2309 2481 2577 2552 Αίτοῦμεν
2608 2482 2696 2538 διὰ
2716 2481 2942 2548 τούτων,
2975 2480 3174 2550 μᾶλλον
3201 2478 3258 2531 δὲ
3277 2475 3366 2530 διὰ
3395 2473 3512 2528 σοῦ’
3536 2472 3600 2526 οὐ
3629 2469 3749 2543 γὰρ

2171 2573 2251 2626 δεῖ
2291 2575 2712 2643 μεσιτευόντων,
2771 2571 3041 2642 φιλάγαθε
3073 2587 3088 2600 ·
3131 2569 3406 2640 ἀδιάδοχον
3441 2567 3576 2636 ἡμῖν
3617 2580 3757 2617 συν-

2170 2662 2456 2731 τηρεῖσθαι
2499 2663 2598 2731 τὴν
2635 2663 2825 2724 ἐντοῖς
2875 2663 2986 2724 σοῖς
3033 2657 3342 2730 μεγαλείοις
3377 2653 3752 2726 εὐφροσύνην.

2171 2752 2439 2821 Δίτοῦμεν
2463 2751 2553 2805 διὰ
2584 2751 2679 2804 σοῦ
2719 2750 2808 2804 τόν
2856 2751 2996 2821 ὑπὲρ
3033 2749 3192 2818 λόγον
3219 2749 3283 2801 ἐκ
3313 2745 3406 2800 σοῦ
3466 2760 3758 2815 σεσαρκω·

2176 2843 2354 2914 μένον,
2387 2844 2486 2911 τὴν
2523 2844 2802 2915 παροῦσαν
2849 2841 3136 2912 θυμηδίαν,
3169 2839 3268 2910 τὴν
3289 2837 3399 2892 τῶν
3430 2835 3749 2907 μελλόντων

2171 2933 2516 3009 διαδέξασθαι
2556 2936 2859 3004 παρασχεῖν
2901 2931 3280 3003 μακαριότητα
3314 2945 3328 2960 '
3362 2929 3464 2998 τῆς
3507 2924 3752 2981 ἐνταῦθα

2173 3016 2552 3094 χοροστασίας,
2580 3023 2676 3095 τὴν
2698 3023 2922 3076 αἰωνίαν
2943 3020 3382 3086 ἀνταλλάξασθαι
3406 3017 3751 3086 δοξολογίανο
3801 3087 3814 3092 _

499 3101 608 3150 τῶν
639 3099 912 3168 σιγώντων
943 3103 1144 3174 ὕμνων,
1184 3105 1274 3160 τὸν
1311 3106 1571 3174 ἁσίγητον
1602 3109 1904 3162 ἀντιδοῦναι
1930 3109 2036 3163 τῶν
2075 3113 2439 3184 ἑορταζόντων
2476 3109 2628 3184 ἦχον,
2664 3117 2722 3168 ὲν
2761 3117 2911 3186 φωνῇ
2951 3113 3329 3182 ἀγαλλιάσεως
3353 3110 3453 3168 καὶ
3489 3109 3758 3180 εξομοὶο-

502 3195 713 3256 ﬁdem;
752 3195 901 3262 αὐτῷ
943 3195 1418 3266 ἀναπεμπόμενον.
1448 3199 1568 3251 ὐτι
1603 3199 1764 3260 αὐτός
1823 3201 1971 3252 ἐστιν
1999 3203 2318 3274 εὐφροσύνη
2371 3204 2465 3257 καὶ
2526 3204 2842 3271 ἀγαλλίασις
2889 3204 2985 3257 καὶ
3015 3201 3251 3274 θυμηδία
3309 3199 3562 3270 διηνεκὴς
3594 3215 3610 3229 ⁸
3648 3198 3756 3250 καὶ

504 3280 652 3350 αὐτῷ
681 3283 876 3352 πρέπει
899 3286 1052 3356 τιμὴ,
1083 3287 1231 3354 δόξα,
1264 3289 1650 3362 προσκύνησις,
1681 3293 1776 3345 σὺν
1818 3291 1896 3362 τῷ
1949 3293 2126 3366 Πατρὶ
2145 3295 2238 3348 καὶ
2297 3294 2370 3366 τῷ
2417 3295 2558 3366 ἁγίῳ
2623 3295 2900 3366 Πνεύματι
2947 3293 3042 3348 νῦν
3095 3291 3193 3347 καὶ
3255 3289 3481 3360 ἀεί,καὶ
3506 3290 3588 3353 είς
3620 3289 3760 3351 τοὺς

504 3371 704 3436 αἰῶνας
728 3371 834 3426 τῶν
861 3375 1090 3430 αἰώνων.
1120 3379 1313 3448 ’Δμήν.

1099 3513 1356 3574 οιιΑΤιο
1400 3519 1484 3573 ill.

514 3642 702 3718 Oratio
725 3647 778 3700 in
809 3645 1208 3718 Conceptt'cnem
1259 3667 1320 3704 ac
1359 3650 1698 3705 Nntivitutem
1733 3642 2078 3707 sanctissima:

580 3715 840 3857 flauum:1
854 3715 1049 3857 nostra:
1107 3719 1207 3772 Dei
1249 3718 1527 3775 Genitrt'cis
1599 3739 1798 3792 semper
1859 3725 2076 3792 virginis

641 3802 768 3839 arta:
912 3825 927 3841 .

641 3802 768 3839 arta!
795 3802 927 3841 ΗΉ.

583 3919 748 3975 llodie
799 3931 963 3990 terra,
1001 3923 1383 3981 illustrior-ibus
1425 3943 1586 3997 supra
1634 3911 1830 3982 coelum
1885 3927 2074 3999 gratiae

511 4011 804 4083 fulgoribus
851 4015 1025 4069 laetam
1063 4017 1252 4073 faciem
1291 4021 1526 4090 explicat
1561 4036 1576 4074 :
1617 4021 1896 4089 augustius
1937 4021 2078 4076 coelo

509 4104 734 4171 Spiritali
781 4105 1030 4160 claritate
1081 4109 1377 4176 splendet:
1433 4108 1622 4174 majori
1677 4125 1840 4180 supra
1895 4110 2077 4164 mundi

509 4195 704 4248 t-wlum
740 4197 932 4279 decore
967 4199 1126 4264 pollet
1163 4222 1175 4255 :
1212 4201 1406 4270 quippe
1445 4213 1627 4256 natum
1661 4202 1886 4268 suscipit
1916 4217 2078 4271 snpe-

511 4289 622 4347 rius
665 4289 896 4356 ctrlum,
943 4291 1174 4355 cmlutu,
1211 4292 1426 4360 inquam
1450 4333 1464 4358 ,
1502 4293 1700 4347 eximie
1736 4293 1970 4346 lucidum
2017 4307 2082 4346 ac

510 4379 966 4446 spaciosissimum
1011 4397 1025 4432 :
1079 4384 1219 4449 quod
1261 4382 1458 4435 mundo
1497 4398 1600 4436 non
1635 4385 1964 4437 occidentem
1993 4399 2082 4437 so-

513 4468 640 4529 lem,
697 4469 790 4522 sed
843 4485 963 4524 eum
1009 4471 1340 4538 praetendat,
1378 4473 1466 4541 qui
1531 4475 1709 4527 nescit
1763 4467 2075 4526 occasmn':

511 4561 707 4612 (telum
738 4561 910 4628 plane,
950 4577 1053 4614 non
1088 4563 1386 4618 visibilibus
1414 4563 1606 4627 stellis,
1639 4566 1732 4618 sed
1759 4564 2080 4632 Spit-italium

515 4651 770 4706 luminum
822 4657 1177 4730 accensioue,
1218 4656 1448 4710 varium.
1499 4653 1612 4710 Hoc
1649 4657 1827 4720 enim,
1875 4655 2076 4709 celebri

515 4741 674 4796 ltodie
721 4755 986 4798 conventu
1040 4747 1362 4813 reetilimus;
1408 4748 1536 4810 boc,
1590 4747 2079 4816 sp'cmlidissimum

514 4836 762 4904 apposuit
800 4837 976 4891 omnis
1026 4839 1240 4908 generis
1287 4838 1588 4893 eduliorutn
1632 4839 1846 4908 epulum
1888 4856 1902 4891 :

515 4927 796 4996 pra-sentis
844 4928 946 4980 dici
999 4929 1190 4982 tndixit
1235 4929 1524 4998 tripudium
1561 4948 1574 4984 :
1621 4930 1738 4992 ltoc,
1777 4942 2082 4981 sermonem

453 5063 465 5071 .
516 5033 836 5087 provocans,
882 5021 946 5072 ad
981 5035 1130 5072 suam
1163 5020 1444 5075 universos
1486 5031 1747 5074 convocat
1795 5019 2085 5088 participa-

519 5109 738 5162 tionem.
781 5111 871 5162 Eia
916 5111 1108 5180 igitur,
1165 5112 1472 5165 andibiliter
1517 5111 1786 5165 iusonanti
1836 5125 2086 5178 gerentes

521 5217 744 5265 murem,
785 5219 848 5259 ne
892 5205 1014 5274 quis
1049 5221 1108 5258 se
1145 5205 1536 5268 invitatorum,
1569 5205 1636 5256 ab
1680 5204 1778 5255 hac
1841 5202 1979 5255 dulei
2023 5217 2086 5256 ac

520 5297 702 5350 mundi
733 5297 898 5352 tatius
947 5296 1280 5366 iucunditate
1351 5298 1636 5352 abstineat.
1675 5295 1752 5351 Ne
1787 5296 1908 5366 quis
1936 5311 2086 5350 com-

591 5493 704 5567 (Η)
757 5493 1208 5552 anulentissime
1247 5504 1468 5567 enarrat
1498 5500 1770 5567 concepta:
1803 5490 1982 5567 Maria.-
2021 5505 2085 5546 ac

523 5563 664 5620 Itala:
685 5563 1030 5621 Sacramenta
1051 5607 1066 5632 ,
1099 5572 1264 5633 utq‘ue
1291 5564 1378 5617 illa
1406 5565 1472 5618 ad
1513 5563 1786 5617 Christum
1815 5563 2043 5614 habeant
2066 5599 2081 5624 ,

521 5650 590 5689 ac
639 5645 895 5690 aeternam
953 5637 1379 5700 beatitudinem,
1432 5649 1720 5703 veramque
1773 5634 2082 5702 gaudiorum

2106 3505 2153 3566 C

2795 3523 3014 3577 ΛΟΓΟΣ
3049 3522 3124 3577 Γ’.

2177 3657 2372 3724 Λόγος
2423 3658 2510 3721 εἰς
2565 3656 2676 3724 τὴν
2751 3657 3073 3724 Σύλληψιν
3129 3653 3227 3724 κςιί
3289 3649 3591 3724 Ἆπότεξιν
3641 3647 3764 3724 τῆς

2248 3721 2573 3794 ὖπεραγίας
2624 3721 2985 3791 ’Δεσποίνηξ
3059 3721 3230 3793 ἡμῶν
3294 3721 3587 3776 Θεοτόκου
3654 3721 3762 3774 καὶ

2249 3794 2639 3864 ἀειπαρθένου
2665 3795 2909 3861 Μαρίας.

2250 3931 2490 4003 Οὐρανὸν
2535 3932 2567 4000 ή
2615 3933 2688 4000 γῆ
2723 3931 2844 3992 ταῖς
2895 3927 2997 3998 τῆς
3052 3927 3275 3999 χάριτος
3322 3926 3762 3998 μαρμαρυγαῖς.

2181 4019 2673 4094 ὑπερφαιδρύνεται
2735 4022 3014 4090 σήμερον·
3071 4017 3302 4088 οὐρανὸν
3359 4019 3478 4078 ταῖς
3535 4016 3766 4084 νοηταῖς

2181 4113 2640 4184 ὑπεραγλαῖζεται
2667 4110 3047 4182 λαμπρότησιν
3071 4125 3084 4138 ·
3109 4109 3342 4179 οὐρανὸν
3387 4106 3766 4176 ὑπερκόσμιον

2181 4203 2512 4274 ὡραΐζεταί⁸
2545 4202 2638 4254 τὸν
2683 4201 2791 4272 γὰρ
2821 4203 3119 4272 ὑπέρτερον
3163 4197 3425 4269 οὐρανὸν,
3469 4197 3771 4252 ἁποτικτὸο

2185 4310 2344 4362 μενον
2371 4293 2620 4362 δέχεται,
2650 4291 2742 4344 τὸν
2773 4291 3092 4362 ὑπέρφωτον
3121 4289 3293 4351 ὅντως
3320 4287 3412 4340 καὶ
3440 4284 3767 4357 εὐρυχωρό-

2181 4401 2378 4439 τατονο
2433 4385 2526 4438 τὸν
2571 4385 2670 4454 οὐχ
2718 4382 2870 4454 ἣλιον
2911 4381 3204 4452 δυόμενον,
3253 4377 3388 4432 ἀλλὰ
3428 4377 3520 4430 τὸν
3569 4375 3770 4440 ἄδυτον

2181 4476 2468 4546 ἀνίσχοντα
2508 4473 2586 4542 τῷ
2629 4473 2853 4541 κόσμῳο
2889 4469 2978 4523 τὸν
3021 4469 3122 4522 οὐκ
3160 4468 3381 4537 ἄστροις
3417 4465 3767 4535 ὁρωμένοις,

2182 4568 2302 4628 ταῖς
2357 4565 2578 4633 νοηταῖς
2632 4562 2690 4616 δὲ
2735 4559 3152 4628 ποικιλλόμενον
3203 4557 3534 4628 δᾳδουχίαις,
3590 4554 3772 4607 Τοῦτο

2183 4659 2291 4730 γὰρ
2337 4660 2464 4728 ἡμῖν
2501 4658 2615 4708 ἐστι
2639 4647 2710 4707 ’τὸ
2740 4651 3246 4723 πανηγυριζόμενον
3284 4649 3524 4718 σήμερον
3547 4663 3562 4676 ο
3605 4645 3774 4698 τοῦτο

2183 4751 2281 4819 τὴν
2330 4747 2719 4817 λαμπροτάτην
2751 4743 3030 4815 προῦθηκε
3071 4741 3425 4814 πανδαισία-δ’
3465 4737 3628 4790 τοῦτο
3669 4737 3776 4807 τὴν

1944 4837 2076 4902 hoc,
2114 4846 2157 4901 D
2185 4841 2466 4912 παροῦσαν
2499 4837 2862 4908 συνεκρότησε
2887 4833 3104 4906 χορείαν
3129 4849 3144 4865 ο
3167 4831 3326 4884 τοῦτο
3370 4830 3459 4882 τὸν
3497 4827 3659 4896 λόγον
3689 4829 3776 4882 δι-

2191 4931 2536 5000 αναστῆσαν,
2565 4931 2645 4992 εἰς
2696 4927 2791 4999 τὴν
2849 4925 3059 4978 οἰκείαν
3115 4925 3364 4986 ἃπαντας
3416 4919 3775 4988 συγκαλεῖται

2195 5019 2430 5092 μέθεξιν.
2490 5016 2661 5085 Δεῦρο
2730 5013 2861 5082 γοῦν
2928 5013 3008 5075 εἰς
3065 5009 3388 5076 ἐξάκουστον
3449 5008 3777 5079 ἐνηχηθὲντι

2193 5113 2532 5174 πεισθέντες,
2565 5108 2750 5178 μηδεὶς
2773 5107 2878 5160 τῶν
2905 5103 3356 5173 συγκαλουμένων
3380 5101 3480 5170 τῆς
3510 5100 3776 5177 γλυκείας

2193 5203 2396 5272 ταύτης
2423 5202 2517 5254 καὶ
2549 5197 2896 5267 παγκοσμίου
2931 5193 3278 5262 ἀπολειφθείη
3323 5192 3593 5263 θυμηδίας
3618 5209 3634 5224 ⁸
3671 5209 3778 5261 μη·

2192 5293 2303 5356 δεῖς
2349 5289 2442 5343 τοῦ
2490 5287 2669 5342 κοινοῦ
2703 5287 2802 5356 τῆς
2834 5285 3045 5355 φύσεως
3088 5285 3184 5337 καὶ
3217 5281 3635 5352 ὲντροφήματος
3683 5281 3778 5332 καὶ

2193 5497 2428 5554 segetem
2467 5491 2798 5554 suggerant,
2835 5495 2999 5554 quam
3027 5479 3207 5554 nullus
3235 5477 3383 5554 pius,
3424 5477 3605 5533 nullus
3635 5478 3778 5532 serio

2190 5551 2704 5636 carminibus-Tuon
2736 5563 2938 5624 gratam
2987 5551 3259 5618 habuerit,
3305 5551 3558 5604 minusve
3605 5560 3778 5604 ratam

2192 5636 2481 5698 putarent.

2765 5727 3076 5748 ‘..,_~l..l....-
3144 5727 3374 5746 ..κ-..-ο
