  <div class='ocr_page' id='page_1' title='image "/cluster/home/n/w/nwhite01/storage/ocr_20150623/100/mdp.39015005675668/698.png"; bbox 0 0 3948 6162; ppageno 0'>
   <div class='ocr_carea' id='block_1_1' title="bbox 223 306 362 373">
    <p class='ocr_par' dir='ltr' id='par_1_1' title="bbox 223 306 362 373">
     <span class='ocr_line' id='line_1_1' title="bbox 223 306 362 373; baseline -0.014 0"><span class='ocrx_word' id='word_1_1' title='bbox 223 306 362 373; x_wconf 72' lang='lat'><strong>1377</strong></span> 
     </span>
    </p>
   </div>
   <div class='ocr_carea' id='block_1_2' title="bbox 1064 262 2678 372">
    <p class='ocr_par' dir='ltr' id='par_1_2' title="bbox 1064 262 2678 372">
     <span class='ocr_line' id='line_1_2' title="bbox 1064 262 2678 372; baseline 0.004 -7"><span class='ocrx_word' id='word_1_2' title='bbox 1064 268 1163 367; x_wconf 76' lang='grc' dir='ltr'><strong>ἸΝ</strong></span> <span class='ocrx_word' id='word_1_3' title='bbox 1204 305 1307 368; x_wconf 89' lang='lat' dir='ltr'><strong>ss.</strong></span> <span class='ocrx_word' id='word_1_4' title='bbox 1350 305 1704 368; x_wconf 61' lang='lat' dir='ltr'><strong>nmmum</strong></span> <span class='ocrx_word' id='word_1_5' title='bbox 1741 302 2325 368; x_wconf 84' lang='lat' dir='ltr'><strong>CONCEPTIONEM</strong></span> <span class='ocrx_word' id='word_1_6' title='bbox 2359 308 2454 370; x_wconf 86' lang='lat' dir='ltr'><strong>ET</strong></span> <span class='ocrx_word' id='word_1_7' title='bbox 2492 262 2678 372; x_wconf 54' lang='grc' dir='ltr'><strong>ΝΑ)ιὶ</strong></span> 
     </span>
    </p>
   </div>
   <div class='ocr_carea' id='block_1_3' title="bbox 3379 317 3521 387">
    <p class='ocr_par' dir='ltr' id='par_1_3' title="bbox 3379 317 3521 387">
     <span class='ocr_line' id='line_1_3' title="bbox 3379 317 3521 387; baseline 0.021 -3"><span class='ocrx_word' id='word_1_8' title='bbox 3379 317 3521 387; x_wconf 79' lang='grc'><strong>13⁸18</strong></span> 
     </span>
    </p>
   </div>
   <div class='ocr_carea' id='block_1_4' title="bbox 222 407 1840 493">
    <p class='ocr_par' dir='ltr' id='par_1_4' title="bbox 222 410 1830 492">
     <span class='ocr_line' id='line_1_4' title="bbox 222 410 1830 492; baseline -0.002 -17"><span class='ocrx_word' id='word_1_9' title='bbox 222 416 596 492; x_wconf 77' lang='grc' dir='ltr'>καυχήματος</span> <span class='ocrx_word' id='word_1_10' title='bbox 635 410 1019 488; x_wconf 67' lang='grc' dir='ltr'><strong>ἑιρυστεροίτο⁸</strong></span> <span class='ocrx_word' id='word_1_11' title='bbox 1074 414 1276 482; x_wconf 75' lang='grc' dir='ltr'>πάντες</span> <span class='ocrx_word' id='word_1_12' title='bbox 1322 417 1424 488; x_wconf 81' lang='grc' dir='ltr'>τῆς</span> <span class='ocrx_word' id='word_1_13' title='bbox 1460 418 1830 490; x_wconf 78' lang='grc' dir='ltr'><strong>προκειμένης</strong></span> 
     </span>
    </p>
   </div>
   <div class='ocr_carea' id='block_1_5' title="bbox 1931 407 3516 493">
    <p class='ocr_par' dir='ltr' id='par_1_5' title="bbox 1934 407 3516 493">
     <span class='ocr_line' id='line_1_5' title="bbox 1934 407 3516 493; baseline 0.013 -26"><span class='ocrx_word' id='word_1_14' title='bbox 1934 416 2189 472; x_wconf 90' lang='lat' dir='ltr'><strong>munibus</strong></span> <span class='ocrx_word' id='word_1_15' title='bbox 2234 424 2442 474; x_wconf 84' lang='lat' dir='ltr'><strong>naturae</strong></span> <span class='ocrx_word' id='word_1_16' title='bbox 2485 418 2697 474; x_wconf 84' lang='lat' dir='ltr'><strong>deliciis</strong></span> <span class='ocrx_word' id='word_1_17' title='bbox 2749 418 3028 493; x_wconf 81' lang='lat' dir='ltr'><strong>gloriaque</strong></span> <span class='ocrx_word' id='word_1_18' title='bbox 3069 407 3309 483; x_wconf 76' lang='lat' dir='ltr'><strong>fraudari</strong></span> <span class='ocrx_word' id='word_1_19' title='bbox 3349 434 3516 487; x_wconf 80' lang='lat' dir='ltr'><strong>susti-</strong></span> 
     </span>
    </p>
   </div>
   <div class='ocr_carea' id='block_1_6' title="bbox 229 508 1823 583">
    <p class='ocr_par' dir='ltr' id='par_1_6' title="bbox 229 508 1823 583">
     <span class='ocr_line' id='line_1_6' title="bbox 229 508 1823 583; baseline -0.001 -18"><span class='ocrx_word' id='word_1_20' title='bbox 229 509 724 582; x_wconf 70' lang='grc' dir='ltr'>συμμετάσχωμεν</span> <span class='ocrx_word' id='word_1_21' title='bbox 750 508 1007 579; x_wconf 79' lang='grc' dir='ltr'><strong>εὐωχίας.</strong></span> <span class='ocrx_word' id='word_1_22' title='bbox 1037 508 1181 562; x_wconf 81' lang='grc' dir='ltr'>Πᾶσι</span> <span class='ocrx_word' id='word_1_23' title='bbox 1206 509 1317 583; x_wconf 84' lang='grc' dir='ltr'><strong>γὰρ</strong></span> <span class='ocrx_word' id='word_1_24' title='bbox 1341 510 1538 582; x_wconf 75' lang='grc' dir='ltr'>ἐπίσης</span> <span class='ocrx_word' id='word_1_25' title='bbox 1569 514 1666 565; x_wconf 77' lang='grc' dir='ltr'><strong>καὶ</strong></span> <span class='ocrx_word' id='word_1_26' title='bbox 1689 528 1823 581; x_wconf 84' lang='grc' dir='ltr'>προ-</span> 
     </span>
    </p>
   </div>
   <div class='ocr_carea' id='block_1_7' title="bbox 194 599 1822 673">
    <p class='ocr_par' dir='ltr' id='par_1_7' title="bbox 194 599 1822 673">
     <span class='ocr_line' id='line_1_7' title="bbox 194 599 1822 673; baseline -0.001 -21"><span class='ocrx_word' id='word_1_27' title='bbox 194 599 470 654; x_wconf 74' lang='grc' dir='ltr'>,τέθειται</span> <span class='ocrx_word' id='word_1_28' title='bbox 497 639 511 662; x_wconf 89' lang='grc'><strong>,</strong></span> <span class='ocrx_word' id='word_1_29' title='bbox 543 600 642 653; x_wconf 79' lang='grc' dir='ltr'><strong>καὶ</strong></span> <span class='ocrx_word' id='word_1_30' title='bbox 677 599 758 660; x_wconf 83' lang='grc' dir='ltr'><strong>εἰς</strong></span> <span class='ocrx_word' id='word_1_31' title='bbox 802 599 1061 655; x_wconf 81' lang='grc' dir='ltr'>ἁπάντων</span> <span class='ocrx_word' id='word_1_32' title='bbox 1108 600 1473 673; x_wconf 85' lang='grc' dir='ltr'>εὐφροσύνην,</span> <span class='ocrx_word' id='word_1_33' title='bbox 1509 603 1606 655; x_wconf 71' lang='grc' dir='ltr'><strong>καὶ</strong></span> <span class='ocrx_word' id='word_1_34' title='bbox 1653 602 1822 673; x_wconf 85' lang='grc' dir='ltr'>ὑπερ-</span> 
     </span>
    </p>
   </div>
   <div class='ocr_carea' id='block_1_8' title="bbox 223 690 1326 762">
    <p class='ocr_par' dir='ltr' id='par_1_8' title="bbox 223 690 1326 762">
     <span class='ocr_line' id='line_1_8' title="bbox 223 690 1326 762; baseline -0.002 -17"><span class='ocrx_word' id='word_1_35' title='bbox 223 690 632 761; x_wconf 82' lang='grc' dir='ltr'>δεδοξασμένην</span> <span class='ocrx_word' id='word_1_36' title='bbox 667 690 1114 762; x_wconf 86' lang='grc' dir='ltr'>παρεσκεύασται</span> <span class='ocrx_word' id='word_1_37' title='bbox 1149 691 1326 757; x_wconf 84' lang='grc' dir='ltr'>δόξαν.</span> 
     </span>
    </p>
   </div>
   <div class='ocr_carea' id='block_1_9' title="bbox 302 782 1822 859">
    <p class='ocr_par' dir='ltr' id='par_1_9' title="bbox 302 782 1822 859">
     <span class='ocr_line' id='line_1_9' title="bbox 302 782 1822 859; baseline 0.001 -22"><span class='ocrx_word' id='word_1_38' title='bbox 302 782 528 837; x_wconf 83' lang='grc' dir='ltr'><strong>Πολλῶν</strong></span> <span class='ocrx_word' id='word_1_39' title='bbox 578 783 681 854; x_wconf 83' lang='grc' dir='ltr'>μὲν</span> <span class='ocrx_word' id='word_1_40' title='bbox 721 783 816 838; x_wconf 79' lang='grc' dir='ltr'><strong>οὖν</strong></span> <span class='ocrx_word' id='word_1_41' title='bbox 853 784 949 838; x_wconf 70' lang='grc' dir='ltr'><strong>καὶ</strong></span> <span class='ocrx_word' id='word_1_42' title='bbox 993 784 1247 856; x_wconf 81' lang='grc' dir='ltr'><strong>μεγάλων</strong></span> <span class='ocrx_word' id='word_1_43' title='bbox 1285 785 1385 857; x_wconf 80' lang='grc' dir='ltr'>ἥδη</span> <span class='ocrx_word' id='word_1_44' title='bbox 1429 784 1612 840; x_wconf 83' lang='grc' dir='ltr'>θεόθεν</span> <span class='ocrx_word' id='word_1_45' title='bbox 1646 789 1678 859; x_wconf 80' lang='grc' dir='ltr'>ἠ</span> <span class='ocrx_word' id='word_1_46' title='bbox 1723 788 1822 842; x_wconf 84' lang='grc' dir='ltr'><strong>ἅν-</strong></span> 
     </span>
    </p>
   </div>
   <div class='ocr_carea' id='block_1_10' title="bbox 224 873 1820 950">
    <p class='ocr_par' dir='ltr' id='par_1_10' title="bbox 224 873 1820 950">
     <span class='ocr_line' id='line_1_10' title="bbox 224 873 1820 950; baseline 0.003 -21"><span class='ocrx_word' id='word_1_47' title='bbox 224 875 483 946; x_wconf 87' lang='grc' dir='ltr'>θρωπεία</span> <span class='ocrx_word' id='word_1_48' title='bbox 539 875 814 946; x_wconf 81' lang='grc' dir='ltr'><strong>τετύχηκε</strong></span> <span class='ocrx_word' id='word_1_49' title='bbox 875 873 1045 944; x_wconf 80' lang='grc' dir='ltr'>φύσις</span> <span class='ocrx_word' id='word_1_50' title='bbox 1109 877 1478 946; x_wconf 85' lang='grc' dir='ltr'>εὐεργεσιῶν’</span> <span class='ocrx_word' id='word_1_51' title='bbox 1541 878 1820 950; x_wconf 74' lang='grc' dir='ltr'>διαφόροις</span> 
     </span>
    </p>
   </div>
   <div class='ocr_carea' id='block_1_11' title="bbox 220 962 1822 1044">
    <p class='ocr_par' dir='ltr' id='par_1_11' title="bbox 220 962 1822 1044">
     <span class='ocr_line' id='line_1_11' title="bbox 220 962 1822 1044; baseline 0.002 -25"><span class='ocrx_word' id='word_1_52' title='bbox 220 968 495 1044; x_wconf 86' lang='grc' dir='ltr'>τετίμητο</span> <span class='ocrx_word' id='word_1_53' title='bbox 545 968 802 1038; x_wconf 77' lang='grc' dir='ltr'><strong>χάρισιν,</strong></span> <span class='ocrx_word' id='word_1_54' title='bbox 851 962 941 1031; x_wconf 75' lang='grc' dir='ltr'>αἷς</span> <span class='ocrx_word' id='word_1_55' title='bbox 969 969 998 1021; x_wconf 88' lang='grc' dir='ltr'><strong>ό</strong></span> <span class='ocrx_word' id='word_1_56' title='bbox 1041 969 1337 1040; x_wconf 80' lang='grc' dir='ltr'><strong>εὐεργέτης</strong></span> <span class='ocrx_word' id='word_1_57' title='bbox 1388 972 1515 1035; x_wconf 81' lang='grc' dir='ltr'>τοὺς</span> <span class='ocrx_word' id='word_1_58' title='bbox 1560 972 1822 1041; x_wconf 82' lang='grc' dir='ltr'><strong>μετόχους</strong></span> 
     </span>
    </p>
   </div>
   <div class='ocr_carea' id='block_1_12' title="bbox 226 1057 1823 1131">
    <p class='ocr_par' dir='ltr' id='par_1_12' title="bbox 226 1057 1823 1131">
     <span class='ocr_line' id='line_1_12' title="bbox 226 1057 1823 1131; baseline 0.003 -21"><span class='ocrx_word' id='word_1_59' title='bbox 226 1058 480 1130; x_wconf 84' lang='grc' dir='ltr'>χαρίτων</span> <span class='ocrx_word' id='word_1_60' title='bbox 523 1057 600 1128; x_wconf 81' lang='grc' dir='ltr'>τῷ</span> <span class='ocrx_word' id='word_1_61' title='bbox 639 1058 813 1129; x_wconf 79' lang='grc' dir='ltr'>κοινῷ</span> <span class='ocrx_word' id='word_1_62' title='bbox 847 1058 908 1111; x_wconf 81' lang='grc' dir='ltr'>τὸ</span> <span class='ocrx_word' id='word_1_63' title='bbox 936 1059 1158 1123; x_wconf 78' lang='grc' dir='ltr'>εὐκλεὲς</span> <span class='ocrx_word' id='word_1_64' title='bbox 1198 1061 1601 1131; x_wconf 80' lang='grc' dir='ltr'>παρεπέμπετο</span> <span class='ocrx_word' id='word_1_65' title='bbox 1624 1077 1637 1091; x_wconf 90' lang='grc'><strong>·</strong></span> <span class='ocrx_word' id='word_1_66' title='bbox 1674 1060 1823 1114; x_wconf 86' lang='grc' dir='ltr'>οὐδε-</span> 
     </span>
    </p>
   </div>
   <div class='ocr_carea' id='block_1_13' title="bbox 228 1149 1824 1224">
    <p class='ocr_par' dir='ltr' id='par_1_13' title="bbox 228 1149 1824 1224">
     <span class='ocr_line' id='line_1_13' title="bbox 228 1149 1824 1224; baseline 0.002 -20"><span class='ocrx_word' id='word_1_67' title='bbox 228 1152 334 1222; x_wconf 79' lang='grc' dir='ltr'>μιᾷ</span> <span class='ocrx_word' id='word_1_68' title='bbox 367 1151 423 1204; x_wconf 77' lang='grc' dir='ltr'>δὲ</span> <span class='ocrx_word' id='word_1_69' title='bbox 455 1149 708 1204; x_wconf 78' lang='grc' dir='ltr'>τοσοῦτον</span> <span class='ocrx_word' id='word_1_70' title='bbox 752 1151 863 1204; x_wconf 83' lang='grc' dir='ltr'>τῶν</span> <span class='ocrx_word' id='word_1_71' title='bbox 909 1152 1186 1216; x_wconf 84' lang='grc' dir='ltr'>ἁπάντων,</span> <span class='ocrx_word' id='word_1_72' title='bbox 1221 1153 1297 1217; x_wconf 87' lang='grc' dir='ltr'>ὼς</span> <span class='ocrx_word' id='word_1_73' title='bbox 1350 1156 1417 1224; x_wconf 83' lang='grc' dir='ltr'>τῇ</span> <span class='ocrx_word' id='word_1_74' title='bbox 1457 1154 1551 1207; x_wconf 80' lang='grc' dir='ltr'>νῦν</span> <span class='ocrx_word' id='word_1_75' title='bbox 1590 1154 1824 1224; x_wconf 85' lang='grc' dir='ltr'>μεγαλο-</span> 
     </span>
    </p>
   </div>
   <div class='ocr_carea' id='block_1_14' title="bbox 224 1229 1822 1315">
    <p class='ocr_par' dir='ltr' id='par_1_14' title="bbox 224 1229 1822 1315">
     <span class='ocr_line' id='line_1_14' title="bbox 224 1229 1822 1315; baseline 0 -18"><span class='ocrx_word' id='word_1_76' title='bbox 224 1229 394 1314; x_wconf 79' lang='grc' dir='ltr'><strong>δῶρῳ</strong></span> <span class='ocrx_word' id='word_1_77' title='bbox 427 1244 522 1296; x_wconf 81' lang='grc' dir='ltr'><strong>καὶ</strong></span> <span class='ocrx_word' id='word_1_78' title='bbox 549 1242 671 1312; x_wconf 78' lang='grc' dir='ltr'>θείᾳ</span> <span class='ocrx_word' id='word_1_79' title='bbox 715 1243 1190 1313; x_wconf 76' lang='grc' dir='ltr'>ὑπερσεμνύνεται</span> <span class='ocrx_word' id='word_1_80' title='bbox 1222 1246 1377 1315; x_wconf 82' lang='grc' dir='ltr'><strong>τιμῇ.</strong></span> <span class='ocrx_word' id='word_1_81' title='bbox 1418 1244 1510 1297; x_wconf 82' lang='grc' dir='ltr'><strong>Διὸ</strong></span> <span class='ocrx_word' id='word_1_82' title='bbox 1547 1244 1656 1297; x_wconf 81' lang='grc' dir='ltr'><strong>τῶν</strong></span> <span class='ocrx_word' id='word_1_83' title='bbox 1684 1260 1822 1315; x_wconf 85' lang='grc' dir='ltr'>προ-</span> 
     </span>
    </p>
   </div>
   <div class='ocr_carea' id='block_1_15' title="bbox 225 1333 1824 1404">
    <p class='ocr_par' dir='ltr' id='par_1_15' title="bbox 225 1333 1824 1404">
     <span class='ocr_line' id='line_1_15' title="bbox 225 1333 1824 1404; baseline 0.003 -18"><span class='ocrx_word' id='word_1_84' title='bbox 225 1335 617 1403; x_wconf 79' lang='grc' dir='ltr'>γεγενημένων</span> <span class='ocrx_word' id='word_1_85' title='bbox 675 1333 1056 1404; x_wconf 82' lang='grc' dir='ltr'>ὲκλαθομένη,</span> <span class='ocrx_word' id='word_1_86' title='bbox 1111 1335 1206 1390; x_wconf 77' lang='grc' dir='ltr'>καὶ</span> <span class='ocrx_word' id='word_1_87' title='bbox 1254 1336 1322 1390; x_wconf 76' lang='grc' dir='ltr'>τὰ</span> <span class='ocrx_word' id='word_1_88' title='bbox 1378 1335 1545 1390; x_wconf 83' lang='grc' dir='ltr'>πάλαι</span> <span class='ocrx_word' id='word_1_89' title='bbox 1592 1337 1824 1391; x_wconf 80' lang='grc' dir='ltr'>κατόπιν</span> 
     </span>
    </p>
   </div>
   <div class='ocr_carea' id='block_1_16' title="bbox 226 1423 1824 1496">
    <p class='ocr_par' dir='ltr' id='par_1_16' title="bbox 226 1423 1824 1496">
     <span class='ocr_line' id='line_1_16' title="bbox 226 1423 1824 1496; baseline 0.002 -19"><span class='ocrx_word' id='word_1_90' title='bbox 226 1423 586 1494; x_wconf 78' lang='grc' dir='ltr'>ἀποθεμένη,</span> <span class='ocrx_word' id='word_1_91' title='bbox 621 1425 688 1493; x_wconf 78' lang='grc' dir='ltr'>τῇ</span> <span class='ocrx_word' id='word_1_92' title='bbox 739 1423 1160 1494; x_wconf 88' lang='grc' dir='ltr'>μεγαλοπρεπεῖ</span> <span class='ocrx_word' id='word_1_93' title='bbox 1203 1423 1377 1495; x_wconf 83' lang='grc' dir='ltr'>ταύτῃ</span> <span class='ocrx_word' id='word_1_94' title='bbox 1432 1427 1824 1496; x_wconf 87' lang='grc' dir='ltr'>συνεπαίρεται</span> 
     </span>
    </p>
   </div>
   <div class='ocr_carea' id='block_1_17' title="bbox 226 1514 1824 1588">
    <p class='ocr_par' dir='ltr' id='par_1_17' title="bbox 226 1514 1824 1588">
     <span class='ocr_line' id='line_1_17' title="bbox 226 1514 1824 1588; baseline 0.003 -22"><span class='ocrx_word' id='word_1_95' title='bbox 226 1516 331 1567; x_wconf 73' lang='grc' dir='ltr'><strong>καὶ</strong></span> <span class='ocrx_word' id='word_1_96' title='bbox 357 1514 756 1583; x_wconf 70' lang='grc' dir='ltr'>συνανυψοῦται</span> <span class='ocrx_word' id='word_1_97' title='bbox 780 1515 925 1588; x_wconf 84' lang='grc' dir='ltr'>δόξῃ.</span> <span class='ocrx_word' id='word_1_98' title='bbox 959 1516 1023 1568; x_wconf 88' lang='grc' dir='ltr'><strong>Τί</strong></span> <span class='ocrx_word' id='word_1_99' title='bbox 1048 1516 1154 1587; x_wconf 83' lang='grc' dir='ltr'><strong>γὰρ</strong></span> <span class='ocrx_word' id='word_1_100' title='bbox 1184 1515 1250 1569; x_wconf 82' lang='grc' dir='ltr'>ἂν</span> <span class='ocrx_word' id='word_1_101' title='bbox 1277 1515 1515 1569; x_wconf 83' lang='grc' dir='ltr'>τοιοῦτον</span> <span class='ocrx_word' id='word_1_102' title='bbox 1538 1517 1646 1570; x_wconf 80' lang='grc' dir='ltr'><strong>τῶν</strong></span> <span class='ocrx_word' id='word_1_103' title='bbox 1671 1517 1824 1586; x_wconf 79' lang='grc' dir='ltr'>παρᾶ</span> 
     </span>
    </p>
   </div>
   <div class='ocr_carea' id='block_1_18' title="bbox 228 1605 1823 1680">
    <p class='ocr_par' dir='ltr' id='par_1_18' title="bbox 228 1605 1823 1680">
     <span class='ocr_line' id='line_1_18' title="bbox 228 1605 1823 1680; baseline 0.001 -21"><span class='ocrx_word' id='word_1_104' title='bbox 228 1605 372 1659; x_wconf 83' lang='grc' dir='ltr'><strong>Θεοῦ</strong></span> <span class='ocrx_word' id='word_1_105' title='bbox 405 1606 797 1677; x_wconf 83' lang='grc' dir='ltr'>δεδωρημένων</span> <span class='ocrx_word' id='word_1_106' title='bbox 842 1608 979 1679; x_wconf 77' lang='grc' dir='ltr'>αὐτῇ</span> <span class='ocrx_word' id='word_1_107' title='bbox 1020 1609 1415 1680; x_wconf 81' lang='grc' dir='ltr'>κατανοηθείη,</span> <span class='ocrx_word' id='word_1_108' title='bbox 1446 1609 1476 1662; x_wconf 82' lang='grc' dir='ltr'><strong>ὃ</strong></span> <span class='ocrx_word' id='word_1_109' title='bbox 1513 1611 1578 1680; x_wconf 81' lang='grc' dir='ltr'>τῇ</span> <span class='ocrx_word' id='word_1_110' title='bbox 1617 1609 1823 1662; x_wconf 86' lang='grc' dir='ltr'>καταλ-</span> 
     </span>
    </p>
   </div>
   <div class='ocr_carea' id='block_1_19' title="bbox 227 1696 1823 1771">
    <p class='ocr_par' dir='ltr' id='par_1_19' title="bbox 227 1696 1823 1771">
     <span class='ocr_line' id='line_1_19' title="bbox 227 1696 1823 1771; baseline 0.002 -20"><span class='ocrx_word' id='word_1_111' title='bbox 227 1699 383 1770; x_wconf 80' lang='grc' dir='ltr'>λήλῳ</span> <span class='ocrx_word' id='word_1_112' title='bbox 409 1699 505 1752; x_wconf 80' lang='grc' dir='ltr'><strong>τοῦ</strong></span> <span class='ocrx_word' id='word_1_113' title='bbox 538 1699 804 1769; x_wconf 83' lang='grc' dir='ltr'>παρόντος</span> <span class='ocrx_word' id='word_1_114' title='bbox 824 1696 1364 1771; x_wconf 78' lang='grc' dir='ltr'>καθυποϐληθήσοιτο</span> <span class='ocrx_word' id='word_1_115' title='bbox 1402 1701 1723 1771; x_wconf 76' lang='grc' dir='ltr'>συγκρίσεις</span> <span class='ocrx_word' id='word_1_116' title='bbox 1757 1700 1823 1754; x_wconf 93' lang='grc' dir='ltr'>Τί</span> 
     </span>
    </p>
   </div>
   <div class='ocr_carea' id='block_1_20' title="bbox 228 1790 1822 1865">
    <p class='ocr_par' dir='ltr' id='par_1_20' title="bbox 228 1790 1822 1865">
     <span class='ocr_line' id='line_1_20' title="bbox 228 1790 1822 1865; baseline 0.003 -23"><span class='ocrx_word' id='word_1_117' title='bbox 228 1790 295 1843; x_wconf 79' lang='grc' dir='ltr'>τὸ</span> <span class='ocrx_word' id='word_1_118' title='bbox 322 1791 388 1842; x_wconf 78' lang='grc' dir='ltr'>ὲκ</span> <span class='ocrx_word' id='word_1_119' title='bbox 425 1791 500 1860; x_wconf 80' lang='grc' dir='ltr'>μὴ</span> <span class='ocrx_word' id='word_1_120' title='bbox 527 1790 696 1844; x_wconf 77' lang='grc' dir='ltr'>ὄντων</span> <span class='ocrx_word' id='word_1_121' title='bbox 729 1793 1074 1861; x_wconf 83' lang='grc' dir='ltr'>παραγαγεῖν</span> <span class='ocrx_word' id='word_1_122' title='bbox 1107 1790 1206 1861; x_wconf 83' lang='grc' dir='ltr'><strong>τὴν</strong></span> <span class='ocrx_word' id='word_1_123' title='bbox 1246 1791 1438 1861; x_wconf 78' lang='grc' dir='ltr'>φύσιν,</span> <span class='ocrx_word' id='word_1_124' title='bbox 1469 1793 1603 1865; x_wconf 83' lang='grc' dir='ltr'>πρὸς</span> <span class='ocrx_word' id='word_1_125' title='bbox 1632 1795 1691 1846; x_wconf 83' lang='grc' dir='ltr'><strong>τὸ</strong></span> <span class='ocrx_word' id='word_1_126' title='bbox 1720 1810 1822 1846; x_wconf 74' lang='grc' dir='ltr'>καο-</span> 
     </span>
    </p>
   </div>
   <div class='ocr_carea' id='block_1_21' title="bbox 228 1881 1824 1952">
    <p class='ocr_par' dir='ltr' id='par_1_21' title="bbox 228 1881 1824 1952">
     <span class='ocr_line' id='line_1_21' title="bbox 228 1881 1824 1952; baseline 0.001 -17"><span class='ocrx_word' id='word_1_127' title='bbox 228 1881 616 1952; x_wconf 84' lang='grc' dir='ltr'>ταφθαρεῖσαν</span> <span class='ocrx_word' id='word_1_128' title='bbox 649 1881 857 1950; x_wconf 78' lang='grc' dir='ltr'>ταύτην</span> <span class='ocrx_word' id='word_1_129' title='bbox 889 1881 1235 1947; x_wconf 79' lang='grc' dir='ltr'>ἐνδύσασθαι,</span> <span class='ocrx_word' id='word_1_130' title='bbox 1266 1883 1360 1937; x_wconf 78' lang='grc' dir='ltr'><strong>καὶ</strong></span> <span class='ocrx_word' id='word_1_131' title='bbox 1389 1883 1673 1938; x_wconf 85' lang='grc' dir='ltr'>διαπλάσει</span> <span class='ocrx_word' id='word_1_132' title='bbox 1703 1901 1824 1937; x_wconf 88' lang='grc' dir='ltr'>και-</span> 
     </span>
    </p>
   </div>
   <div class='ocr_carea' id='block_1_22' title="bbox 229 1968 1822 2046">
    <p class='ocr_par' dir='ltr' id='par_1_22' title="bbox 229 1968 1822 2046">
     <span class='ocr_line' id='line_1_22' title="bbox 229 1968 1822 2046; baseline 0.015 -24"><span class='ocrx_word' id='word_1_133' title='bbox 229 1973 651 2044; x_wconf 64' lang='grc' dir='ltr'><strong>νοτ-ερεπεστέρςμ⁴</strong></span> <span class='ocrx_word' id='word_1_134' title='bbox 669 1968 837 2026; x_wconf 68' lang='grc' dir='ltr'>πάλιν</span> <span class='ocrx_word' id='word_1_135' title='bbox 860 1972 1289 2043; x_wconf 73' lang='grc' dir='ltr'>ἀναμορφῶσαις</span> <span class='ocrx_word' id='word_1_136' title='bbox 1313 1974 1378 2027; x_wconf 86' lang='grc' dir='ltr'>Τί</span> <span class='ocrx_word' id='word_1_137' title='bbox 1406 1974 1466 2027; x_wconf 84' lang='grc' dir='ltr'>τδ</span> <span class='ocrx_word' id='word_1_138' title='bbox 1489 1973 1598 2046; x_wconf 67' lang='grc' dir='ltr'><strong>[τσο</strong></span> <span class='ocrx_word' id='word_1_139' title='bbox 1617 1974 1700 2038; x_wconf 71' lang='grc' dir='ltr'><strong>τδν</strong></span> <span class='ocrx_word' id='word_1_140' title='bbox 1722 1972 1822 2046; x_wconf 75' lang='grc' dir='ltr'><strong>τῷ]</strong></span> 
     </span>
    </p>
   </div>
   <div class='ocr_carea' id='block_1_23' title="bbox 229 2064 1821 2136">
    <p class='ocr_par' dir='ltr' id='par_1_23' title="bbox 229 2064 1821 2136">
     <span class='ocr_line' id='line_1_23' title="bbox 229 2064 1821 2136; baseline -0.002 -17"><span class='ocrx_word' id='word_1_141' title='bbox 229 2067 359 2119; x_wconf 84' lang='grc' dir='ltr'>κατ’</span> <span class='ocrx_word' id='word_1_142' title='bbox 416 2066 602 2118; x_wconf 82' lang='grc' dir='ltr'>εἰκόνα</span> <span class='ocrx_word' id='word_1_143' title='bbox 649 2066 903 2135; x_wconf 80' lang='grc' dir='ltr'>τιμῆσαι,</span> <span class='ocrx_word' id='word_1_144' title='bbox 950 2064 1088 2134; x_wconf 68' lang='grc' dir='ltr'>πρδς</span> <span class='ocrx_word' id='word_1_145' title='bbox 1125 2064 1187 2117; x_wconf 79' lang='grc' dir='ltr'><strong>τὸ</strong></span> <span class='ocrx_word' id='word_1_146' title='bbox 1233 2064 1440 2136; x_wconf 86' lang='grc' dir='ltr'>ταύτην</span> <span class='ocrx_word' id='word_1_147' title='bbox 1474 2064 1821 2135; x_wconf 82' lang='grc' dir='ltr'>υἱοθετῆσαι;</span> 
     </span>
    </p>
   </div>
   <div class='ocr_carea' id='block_1_24' title="bbox 231 2153 1873 2229">
    <p class='ocr_par' dir='ltr' id='par_1_24' title="bbox 231 2153 1873 2229">
     <span class='ocr_line' id='line_1_24' title="bbox 231 2153 1873 2229; baseline -0.007 -16"><span class='ocrx_word' id='word_1_148' title='bbox 231 2157 334 2222; x_wconf 85' lang='grc' dir='ltr'><strong>Τίς</strong></span> <span class='ocrx_word' id='word_1_149' title='bbox 386 2159 422 2229; x_wconf 83' lang='grc' dir='ltr'><strong>ἠ</strong></span> <span class='ocrx_word' id='word_1_150' title='bbox 485 2157 731 2224; x_wconf 78' lang='grc' dir='ltr'>ἐπίγειος</span> <span class='ocrx_word' id='word_1_151' title='bbox 783 2156 925 2226; x_wconf 80' lang='grc' dir='ltr'>ἀρχὴ</span> <span class='ocrx_word' id='word_1_152' title='bbox 957 2156 1053 2208; x_wconf 79' lang='grc' dir='ltr'>καὶ</span> <span class='ocrx_word' id='word_1_153' title='bbox 1093 2154 1350 2223; x_wconf 78' lang='grc' dir='ltr'>ἐξουσία,</span> <span class='ocrx_word' id='word_1_154' title='bbox 1401 2154 1537 2225; x_wconf 77' lang='grc' dir='ltr'>πρὸς</span> <span class='ocrx_word' id='word_1_155' title='bbox 1579 2154 1666 2219; x_wconf 83' lang='grc' dir='ltr'><strong>τὸ,</strong></span> <span class='ocrx_word' id='word_1_156' title='bbox 1717 2153 1825 2208; x_wconf 85' lang='grc' dir='ltr'><strong>τῶν</strong></span> <span class='ocrx_word' id='word_1_157' title='bbox 1868 2197 1873 2202; x_wconf 89' lang='grc'>.</span> 
     </span>
    </p>
   </div>
   <div class='ocr_carea' id='block_1_25' title="bbox 231 2246 1822 2319">
    <p class='ocr_par' dir='ltr' id='par_1_25' title="bbox 231 2246 1822 2319">
     <span class='ocr_line' id='line_1_25' title="bbox 231 2246 1822 2319; baseline -0.004 -14"><span class='ocrx_word' id='word_1_158' title='bbox 231 2250 497 2305; x_wconf 82' lang='grc' dir='ltr'>ἁπάντων</span> <span class='ocrx_word' id='word_1_159' title='bbox 554 2250 611 2302; x_wconf 78' lang='grc' dir='ltr'>ὲν</span> <span class='ocrx_word' id='word_1_160' title='bbox 656 2250 905 2319; x_wconf 79' lang='grc' dir='ltr'>οὐρανοῖς</span> <span class='ocrx_word' id='word_1_161' title='bbox 946 2246 1370 2316; x_wconf 77' lang='grc' dir='ltr'>συμϐασιλεύειν</span> <span class='ocrx_word' id='word_1_162' title='bbox 1401 2246 1499 2300; x_wconf 76' lang='grc' dir='ltr'>νῦν</span> <span class='ocrx_word' id='word_1_163' title='bbox 1524 2246 1773 2319; x_wconf 83' lang='grc' dir='ltr'>Δεσπότῃ</span> <span class='ocrx_word' id='word_1_164' title='bbox 1806 2261 1822 2312; x_wconf 90' lang='lat'><strong>;</strong></span> 
     </span>
    </p>
   </div>
   <div class='ocr_carea' id='block_1_26' title="bbox 232 2335 1826 2410">
    <p class='ocr_par' dir='ltr' id='par_1_26' title="bbox 232 2335 1826 2410">
     <span class='ocr_line' id='line_1_26' title="bbox 232 2335 1826 2410; baseline -0.006 -13"><span class='ocrx_word' id='word_1_165' title='bbox 232 2340 334 2404; x_wconf 87' lang='grc' dir='ltr'><strong>Τίς</strong></span> <span class='ocrx_word' id='word_1_166' title='bbox 381 2340 415 2410; x_wconf 77' lang='grc' dir='ltr'>ἡ</span> <span class='ocrx_word' id='word_1_167' title='bbox 448 2340 509 2392; x_wconf 79' lang='grc' dir='ltr'>ὲν</span> <span class='ocrx_word' id='word_1_168' title='bbox 554 2339 794 2408; x_wconf 79' lang='grc' dir='ltr'>δράμασι</span> <span class='ocrx_word' id='word_1_169' title='bbox 824 2338 921 2391; x_wconf 75' lang='grc' dir='ltr'>καὶ</span> <span class='ocrx_word' id='word_1_170' title='bbox 949 2335 1223 2400; x_wconf 75' lang='grc' dir='ltr'>ἐνυπνίοις</span> <span class='ocrx_word' id='word_1_171' title='bbox 1262 2338 1358 2390; x_wconf 69' lang='grc' dir='ltr'><strong>καλ⁵</strong></span> <span class='ocrx_word' id='word_1_172' title='bbox 1387 2339 1443 2390; x_wconf 82' lang='grc' dir='ltr'>ὲν</span> <span class='ocrx_word' id='word_1_173' title='bbox 1485 2335 1826 2406; x_wconf 84' lang='grc' dir='ltr'>λεπτοτάτης</span> 
     </span>
    </p>
   </div>
   <div class='ocr_carea' id='block_1_27' title="bbox 231 2428 1824 2503">
    <p class='ocr_par' dir='ltr' id='par_1_27' title="bbox 231 2428 1824 2503">
     <span class='ocr_line' id='line_1_27' title="bbox 231 2428 1824 2503; baseline -0.004 -16"><span class='ocrx_word' id='word_1_174' title='bbox 231 2433 418 2503; x_wconf 73' lang='grc' dir='ltr'>αὔρας</span> <span class='ocrx_word' id='word_1_175' title='bbox 447 2432 829 2500; x_wconf 74' lang='grc' dir='ltr'>ἐμφάσειιτοῖς</span> <span class='ocrx_word' id='word_1_176' title='bbox 872 2429 1131 2491; x_wconf 86' lang='grc' dir='ltr'>θεόπταις</span> <span class='ocrx_word' id='word_1_177' title='bbox 1174 2428 1656 2499; x_wconf 84' lang='grc' dir='ltr'>παραδεικνυμένη</span> <span class='ocrx_word' id='word_1_178' title='bbox 1691 2428 1824 2495; x_wconf 85' lang='grc' dir='ltr'>θέα,</span> 
     </span>
    </p>
   </div>
   <div class='ocr_carea' id='block_1_28' title="bbox 232 2519 1826 2596">
    <p class='ocr_par' dir='ltr' id='par_1_28' title="bbox 232 2519 1826 2596">
     <span class='ocr_line' id='line_1_28' title="bbox 232 2519 1826 2596; baseline -0.003 -19"><span class='ocrx_word' id='word_1_179' title='bbox 232 2526 378 2596; x_wconf 74' lang='grc' dir='ltr'>πρὸς</span> <span class='ocrx_word' id='word_1_180' title='bbox 432 2522 529 2587; x_wconf 81' lang='grc' dir='ltr'><strong>τὺ,</strong></span> <span class='ocrx_word' id='word_1_181' title='bbox 580 2520 671 2573; x_wconf 71' lang='grc' dir='ltr'><strong>τὸν</strong></span> <span class='ocrx_word' id='word_1_182' title='bbox 728 2520 1110 2590; x_wconf 82' lang='grc' dir='ltr'>όπτανόμενον</span> <span class='ocrx_word' id='word_1_183' title='bbox 1162 2519 1327 2572; x_wconf 79' lang='grc' dir='ltr'>αὐτὸν</span> <span class='ocrx_word' id='word_1_184' title='bbox 1376 2519 1652 2581; x_wconf 85' lang='grc' dir='ltr'>οὐσιωδῶς</span> <span class='ocrx_word' id='word_1_185' title='bbox 1695 2520 1826 2589; x_wconf 80' lang='grc' dir='ltr'>ἡμῖν</span> 
     </span>
    </p>
   </div>
   <div class='ocr_carea' id='block_1_29' title="bbox 231 2607 1826 2683">
    <p class='ocr_par' dir='ltr' id='par_1_29' title="bbox 231 2607 1826 2683">
     <span class='ocr_line' id='line_1_29' title="bbox 231 2607 1826 2683; baseline -0.002 -17"><span class='ocrx_word' id='word_1_186' title='bbox 231 2614 504 2683; x_wconf 67' lang='grc' dir='ltr'>ὀφθῆναι,</span> <span class='ocrx_word' id='word_1_187' title='bbox 540 2611 635 2665; x_wconf 79' lang='grc' dir='ltr'><strong>καὶ</strong></span> <span class='ocrx_word' id='word_1_188' title='bbox 671 2609 1067 2680; x_wconf 74' lang='grc' dir='ltr'>φιλανθρώπως</span> <span class='ocrx_word' id='word_1_189' title='bbox 1110 2607 1455 2678; x_wconf 82' lang='grc' dir='ltr'>ὲνσκηνῶσαι</span> <span class='ocrx_word' id='word_1_190' title='bbox 1485 2608 1620 2675; x_wconf 80' lang='grc' dir='ltr'>;Τίς</span> <span class='ocrx_word' id='word_1_191' title='bbox 1651 2609 1682 2677; x_wconf 81' lang='grc' dir='ltr'>ἡ</span> <span class='ocrx_word' id='word_1_192' title='bbox 1718 2607 1826 2663; x_wconf 81' lang='grc' dir='ltr'><strong>τῶν</strong></span> 
     </span>
    </p>
   </div>
   <div class='ocr_carea' id='block_1_30' title="bbox 235 2698 1826 2776">
    <p class='ocr_par' dir='ltr' id='par_1_30' title="bbox 235 2698 1826 2776">
     <span class='ocr_line' id='line_1_30' title="bbox 235 2698 1826 2776; baseline -0.003 -18"><span class='ocrx_word' id='word_1_193' title='bbox 235 2721 540 2776; x_wconf 80' lang='grc' dir='ltr'>προφητων</span> <span class='ocrx_word' id='word_1_194' title='bbox 576 2705 673 2757; x_wconf 77' lang='grc' dir='ltr'>καὶ</span> <span class='ocrx_word' id='word_1_195' title='bbox 716 2702 939 2755; x_wconf 88' lang='grc' dir='ltr'>δικαίων</span> <span class='ocrx_word' id='word_1_196' title='bbox 970 2701 1167 2771; x_wconf 81' lang='grc' dir='ltr'>ἐκλογή</span> <span class='ocrx_word' id='word_1_197' title='bbox 1195 2717 1210 2765; x_wconf 91' lang='lat'><strong>;</strong></span> <span class='ocrx_word' id='word_1_198' title='bbox 1248 2701 1341 2755; x_wconf 76' lang='grc' dir='ltr'><strong>καὶ</strong></span> <span class='ocrx_word' id='word_1_199' title='bbox 1360 2700 1449 2763; x_wconf 61' lang='lat' dir='ltr'><strong>sic;</strong></span> <span class='ocrx_word' id='word_1_200' title='bbox 1480 2701 1512 2770; x_wconf 78' lang='grc' dir='ltr'>ἡ</span> <span class='ocrx_word' id='word_1_201' title='bbox 1551 2698 1617 2751; x_wconf 88' lang='grc' dir='ltr'>δι’</span> <span class='ocrx_word' id='word_1_202' title='bbox 1648 2699 1826 2753; x_wconf 84' lang='grc' dir='ltr'>αὐτῶν</span> 
     </span>
    </p>
   </div>
   <div class='ocr_carea' id='block_1_31' title="bbox 233 2788 1829 2866">
    <p class='ocr_par' dir='ltr' id='par_1_31' title="bbox 233 2788 1829 2866">
     <span class='ocr_line' id='line_1_31' title="bbox 233 2788 1829 2866; baseline -0.005 -17"><span class='ocrx_word' id='word_1_203' title='bbox 233 2794 315 2866; x_wconf 83' lang='grc' dir='ltr'>τῷ</span> <span class='ocrx_word' id='word_1_204' title='bbox 367 2794 520 2861; x_wconf 87' lang='grc' dir='ltr'>γένει</span> <span class='ocrx_word' id='word_1_205' title='bbox 570 2789 1041 2864; x_wconf 72' lang='grc' dir='ltr'>[παραγενομένη]</span> <span class='ocrx_word' id='word_1_206' title='bbox 1094 2789 1245 2855; x_wconf 79' lang='grc' dir='ltr'>δόξα,</span> <span class='ocrx_word' id='word_1_207' title='bbox 1293 2789 1431 2860; x_wconf 80' lang='grc' dir='ltr'>πρὸς</span> <span class='ocrx_word' id='word_1_208' title='bbox 1463 2789 1544 2851; x_wconf 83' lang='grc' dir='ltr'><strong>τὸ,</strong></span> <span class='ocrx_word' id='word_1_209' title='bbox 1600 2788 1829 2857; x_wconf 84' lang='grc' dir='ltr'>Μητέρα</span> 
     </span>
    </p>
   </div>
   <div class='ocr_carea' id='block_1_32' title="bbox 234 2881 1827 2958">
    <p class='ocr_par' dir='ltr' id='par_1_32' title="bbox 234 2881 1827 2958">
     <span class='ocr_line' id='line_1_32' title="bbox 234 2881 1827 2958; baseline -0.006 -16"><span class='ocrx_word' id='word_1_210' title='bbox 234 2887 332 2942; x_wconf 80' lang='grc' dir='ltr'>τοῦ</span> <span class='ocrx_word' id='word_1_211' title='bbox 365 2886 758 2958; x_wconf 80' lang='grc' dir='ltr'>προκρίνοντος</span> <span class='ocrx_word' id='word_1_212' title='bbox 796 2884 953 2949; x_wconf 86' lang='grc' dir='ltr'>Θεοῦ,</span> <span class='ocrx_word' id='word_1_213' title='bbox 994 2884 1055 2937; x_wconf 84' lang='grc' dir='ltr'><strong>τὸ</strong></span> <span class='ocrx_word' id='word_1_214' title='bbox 1078 2884 1178 2953; x_wconf 84' lang='grc' dir='ltr'>τῆς</span> <span class='ocrx_word' id='word_1_215' title='bbox 1214 2881 1431 2952; x_wconf 80' lang='grc' dir='ltr'>φύσεως</span> <span class='ocrx_word' id='word_1_216' title='bbox 1464 2882 1621 2952; x_wconf 81' lang='grc' dir='ltr'>ἡμῶν</span> <span class='ocrx_word' id='word_1_217' title='bbox 1647 2898 1827 2951; x_wconf 88' lang='grc' dir='ltr'>παρα-</span> 
     </span>
    </p>
   </div>
   <div class='ocr_carea' id='block_1_33' title="bbox 235 2973 1827 3050">
    <p class='ocr_par' dir='ltr' id='par_1_33' title="bbox 235 2973 1827 3050">
     <span class='ocr_line' id='line_1_33' title="bbox 235 2973 1827 3050; baseline -0.006 -16"><span class='ocrx_word' id='word_1_218' title='bbox 235 2980 516 3050; x_wconf 77' lang='grc' dir='ltr'>ληφθῆναι</span> <span class='ocrx_word' id='word_1_219' title='bbox 544 2977 829 3048; x_wconf 85' lang='grc' dir='ltr'>καύχημα,</span> <span class='ocrx_word' id='word_1_220' title='bbox 860 2976 956 3030; x_wconf 79' lang='grc' dir='ltr'><strong>καὶ</strong></span> <span class='ocrx_word' id='word_1_221' title='bbox 997 2975 1064 3028; x_wconf 81' lang='grc' dir='ltr'>δι’</span> <span class='ocrx_word' id='word_1_222' title='bbox 1095 2975 1267 3043; x_wconf 80' lang='grc' dir='ltr'>αὐτῆς</span> <span class='ocrx_word' id='word_1_223' title='bbox 1292 2975 1393 3046; x_wconf 82' lang='grc' dir='ltr'><strong>τὴν</strong></span> <span class='ocrx_word' id='word_1_224' title='bbox 1434 2973 1827 3044; x_wconf 83' lang='grc' dir='ltr'>μεγαλοπρεπῆ</span> 
     </span>
    </p>
   </div>
   <div class='ocr_carea' id='block_1_34' title="bbox 1933 511 3519 589">
    <p class='ocr_par' dir='ltr' id='par_1_34' title="bbox 1933 511 3519 589">
     <span class='ocr_line' id='line_1_34' title="bbox 1933 511 3519 589; baseline 0.008 -25"><span class='ocrx_word' id='word_1_225' title='bbox 1933 518 2061 564; x_wconf 85' lang='lat' dir='ltr'><strong>neat</strong></span> <span class='ocrx_word' id='word_1_226' title='bbox 2093 527 2109 565; x_wconf 92' lang='lat'><strong>:</strong></span> <span class='ocrx_word' id='word_1_227' title='bbox 2148 525 2256 564; x_wconf 89' lang='lat' dir='ltr'><strong>una</strong></span> <span class='ocrx_word' id='word_1_228' title='bbox 2294 524 2485 565; x_wconf 84' lang='lat' dir='ltr'><strong>omnes</strong></span> <span class='ocrx_word' id='word_1_229' title='bbox 2521 511 2801 581; x_wconf 89' lang='lat' dir='ltr'><strong>proposito</strong></span> <span class='ocrx_word' id='word_1_230' title='bbox 2833 511 3081 570; x_wconf 78' lang='lat' dir='ltr'><strong>fruamur</strong></span> <span class='ocrx_word' id='word_1_231' title='bbox 3113 518 3296 585; x_wconf 82' lang='lat' dir='ltr'><strong>epulo.</strong></span> <span class='ocrx_word' id='word_1_232' title='bbox 3338 519 3519 589; x_wconf 63' lang='lat' dir='ltr'><strong>Eque</strong></span> 
     </span>
    </p>
   </div>
   <div class='ocr_carea' id='block_1_35' title="bbox 1930 601 3514 677">
    <p class='ocr_par' dir='ltr' id='par_1_35' title="bbox 1930 601 3514 677">
     <span class='ocr_line' id='line_1_35' title="bbox 1930 601 3514 677; baseline 0.009 -24"><span class='ocrx_word' id='word_1_233' title='bbox 1930 601 2074 653; x_wconf 90' lang='lat' dir='ltr'><strong>enim</strong></span> <span class='ocrx_word' id='word_1_234' title='bbox 2119 601 2392 657; x_wconf 86' lang='lat' dir='ltr'><strong>universis</strong></span> <span class='ocrx_word' id='word_1_235' title='bbox 2441 603 2780 672; x_wconf 87' lang='lat' dir='ltr'><strong>propositum</strong></span> <span class='ocrx_word' id='word_1_236' title='bbox 2817 614 2934 671; x_wconf 82' lang='lat' dir='ltr'><strong>est,</strong></span> <span class='ocrx_word' id='word_1_237' title='bbox 2966 616 3128 677; x_wconf 76' lang='lat' dir='ltr'><strong>atque</strong></span> <span class='ocrx_word' id='word_1_238' title='bbox 3159 612 3225 665; x_wconf 90' lang='lat' dir='ltr'><strong>ad</strong></span> <span class='ocrx_word' id='word_1_239' title='bbox 3274 611 3514 669; x_wconf 74' lang='lat' dir='ltr'><strong>laetitiam</strong></span> 
     </span>
    </p>
   </div>
   <div class='ocr_carea' id='block_1_36' title="bbox 1930 693 3513 771">
    <p class='ocr_par' dir='ltr' id='par_1_36' title="bbox 1930 693 3513 771">
     <span class='ocr_line' id='line_1_36' title="bbox 1930 693 3513 771; baseline 0.01 -24"><span class='ocrx_word' id='word_1_240' title='bbox 1930 693 2170 747; x_wconf 89' lang='lat' dir='ltr'><strong>omnium</strong></span> <span class='ocrx_word' id='word_1_241' title='bbox 2243 708 2308 748; x_wconf 90' lang='lat' dir='ltr'><strong>ac</strong></span> <span class='ocrx_word' id='word_1_242' title='bbox 2336 708 2499 764; x_wconf 76' lang='lat' dir='ltr'><strong>super</strong></span> <span class='ocrx_word' id='word_1_243' title='bbox 2529 696 2882 765; x_wconf 83' lang='lat' dir='ltr'><strong>gloriﬁcatam</strong></span> <span class='ocrx_word' id='word_1_244' title='bbox 2913 698 3145 771; x_wconf 42' lang='lat' dir='ltr'><strong>gloriam.</strong></span> <span class='ocrx_word' id='word_1_245' title='bbox 3168 701 3513 763; x_wconf 84' lang='lat' dir='ltr'><strong>instructum.</strong></span> 
     </span>
    </p>
   </div>
   <div class='ocr_carea' id='block_1_37' title="bbox 2000 781 3517 862">
    <p class='ocr_par' dir='ltr' id='par_1_37' title="bbox 2000 781 3517 862">
     <span class='ocr_line' id='line_1_37' title="bbox 2000 781 3517 862; baseline 0.011 -27"><span class='ocrx_word' id='word_1_246' title='bbox 2000 781 2118 835; x_wconf 82' lang='lat' dir='ltr'><strong>.lam</strong></span> <span class='ocrx_word' id='word_1_247' title='bbox 2149 797 2283 837; x_wconf 85' lang='lat' dir='ltr'><strong>sane</strong></span> <span class='ocrx_word' id='word_1_248' title='bbox 2309 785 2475 839; x_wconf 88' lang='lat' dir='ltr'><strong>multa</strong></span> <span class='ocrx_word' id='word_1_249' title='bbox 2501 801 2823 858; x_wconf 88' lang='lat' dir='ltr'><strong>magnaque,</strong></span> <span class='ocrx_word' id='word_1_250' title='bbox 2851 789 3084 846; x_wconf 87' lang='lat' dir='ltr'><strong>humana</strong></span> <span class='ocrx_word' id='word_1_251' title='bbox 3115 803 3328 862; x_wconf 89' lang='lat' dir='ltr'><strong>natura,</strong></span> <span class='ocrx_word' id='word_1_252' title='bbox 3354 812 3382 849; x_wconf 93' lang='lat' dir='ltr'><strong>a</strong></span> <span class='ocrx_word' id='word_1_253' title='bbox 3411 797 3517 852; x_wconf 80' lang='lat' dir='ltr'><strong>Deo</strong></span> 
     </span>
    </p>
   </div>
   <div class='ocr_carea' id='block_1_38' title="bbox 1929 870 3515 964">
    <p class='ocr_par' dir='ltr' id='par_1_38' title="bbox 1929 870 3515 964">
     <span class='ocr_line' id='line_1_38' title="bbox 1929 870 3515 964; baseline 0.01 -39"><span class='ocrx_word' id='word_1_254' title='bbox 1929 870 2101 926; x_wconf 75' lang='lat' dir='ltr'><strong>fuerat</strong></span> <span class='ocrx_word' id='word_1_255' title='bbox 2134 882 2421 928; x_wconf 83' lang='lat' dir='ltr'><strong>consecuta</strong></span> <span class='ocrx_word' id='word_1_256' title='bbox 2483 875 2762 932; x_wconf 91' lang='lat' dir='ltr'><strong>beneﬁcia.</strong></span> <span class='ocrx_word' id='word_1_257' title='bbox 2810 879 3047 939; x_wconf 85' lang='lat' dir='ltr'><strong>Diversis</strong></span> <span class='ocrx_word' id='word_1_258' title='bbox 3107 881 3309 964; x_wconf 48' lang='lat' dir='ltr'><strong>fuerat.</strong></span> <span class='ocrx_word' id='word_1_259' title='bbox 3342 887 3515 942; x_wconf 82' lang='lat' dir='ltr'><strong>bone-</strong></span> 
     </span>
    </p>
   </div>
   <div class='ocr_carea' id='block_1_39' title="bbox 1930 965 3515 1037">
    <p class='ocr_par' dir='ltr' id='par_1_39' title="bbox 1930 965 3515 1037">
     <span class='ocr_line' id='line_1_39' title="bbox 1930 965 3515 1037; baseline 0.009 -20"><span class='ocrx_word' id='word_1_260' title='bbox 1930 972 2069 1018; x_wconf 88' lang='lat' dir='ltr'><strong>stata</strong></span> <span class='ocrx_word' id='word_1_261' title='bbox 2116 965 2305 1027; x_wconf 88' lang='lat' dir='ltr'><strong>donis,</strong></span> <span class='ocrx_word' id='word_1_262' title='bbox 2353 966 2548 1035; x_wconf 84' lang='lat' dir='ltr'><strong>quibus</strong></span> <span class='ocrx_word' id='word_1_263' title='bbox 2597 970 2847 1024; x_wconf 89' lang='lat' dir='ltr'><strong>beneﬁcii</strong></span> <span class='ocrx_word' id='word_1_264' title='bbox 2895 985 3106 1037; x_wconf 89' lang='lat' dir='ltr'><strong>auctor,</strong></span> <span class='ocrx_word' id='word_1_265' title='bbox 3131 976 3515 1032; x_wconf 87' lang='lat' dir='ltr'><strong>beneﬁciorum</strong></span> 
     </span>
    </p>
   </div>
   <div class='ocr_carea' id='block_1_40' title="bbox 1928 1055 3512 1131">
    <p class='ocr_par' dir='ltr' id='par_1_40' title="bbox 1928 1055 3512 1131">
     <span class='ocr_line' id='line_1_40' title="bbox 1928 1055 3512 1131; baseline 0.01 -25"><span class='ocrx_word' id='word_1_266' title='bbox 1928 1055 2222 1124; x_wconf 90' lang='lat' dir='ltr'><strong>participes</strong></span> <span class='ocrx_word' id='word_1_267' title='bbox 2252 1055 2496 1126; x_wconf 76' lang='lat' dir='ltr'><strong>effectos,</strong></span> <span class='ocrx_word' id='word_1_268' title='bbox 2521 1074 2810 1117; x_wconf 85' lang='lat' dir='ltr'><strong>commune</strong></span> <span class='ocrx_word' id='word_1_269' title='bbox 2838 1064 3022 1131; x_wconf 81' lang='lat' dir='ltr'><strong>generi</strong></span> <span class='ocrx_word' id='word_1_270' title='bbox 3054 1065 3221 1121; x_wconf 79' lang='lat' dir='ltr'><strong>decus</strong></span> <span class='ocrx_word' id='word_1_271' title='bbox 3249 1069 3472 1122; x_wconf 74' lang='lat' dir='ltr'><strong>inferret</strong></span> <span class='ocrx_word' id='word_1_272' title='bbox 3497 1082 3512 1121; x_wconf 90' lang='lat'><strong>:</strong></span> 
     </span>
    </p>
   </div>
   <div class='ocr_carea' id='block_1_41' title="bbox 1931 1154 3514 1225">
    <p class='ocr_par' dir='ltr' id='par_1_41' title="bbox 1931 1154 3514 1225">
     <span class='ocr_line' id='line_1_41' title="bbox 1931 1154 3514 1225; baseline 0.009 -25"><span class='ocrx_word' id='word_1_273' title='bbox 1931 1161 2199 1217; x_wconf 83' lang='lat' dir='ltr'><strong>nusquam</strong></span> <span class='ocrx_word' id='word_1_274' title='bbox 2271 1159 2472 1214; x_wconf 89' lang='lat' dir='ltr'><strong>tamen,</strong></span> <span class='ocrx_word' id='word_1_275' title='bbox 2516 1160 2575 1204; x_wconf 85' lang='lat' dir='ltr'><strong>ut</strong></span> <span class='ocrx_word' id='word_1_276' title='bbox 2619 1154 2798 1208; x_wconf 88' lang='lat' dir='ltr'><strong>omnia</strong></span> <span class='ocrx_word' id='word_1_277' title='bbox 2852 1154 3138 1218; x_wconf 81' lang='lat' dir='ltr'><strong>conferas,</strong></span> <span class='ocrx_word' id='word_1_278' title='bbox 3180 1159 3324 1225; x_wconf 80' lang='lat' dir='ltr'><strong>quali</strong></span> <span class='ocrx_word' id='word_1_279' title='bbox 3371 1175 3514 1214; x_wconf 90' lang='lat' dir='ltr'><strong>nunc</strong></span> 
     </span>
    </p>
   </div>
   <div class='ocr_carea' id='block_1_42' title="bbox 1933 1241 3512 1312">
    <p class='ocr_par' dir='ltr' id='par_1_42' title="bbox 1933 1241 3512 1312">
     <span class='ocr_line' id='line_1_42' title="bbox 1933 1241 3512 1312; baseline 0.009 -21"><span class='ocrx_word' id='word_1_280' title='bbox 1933 1241 2228 1310; x_wconf 87' lang='lat' dir='ltr'><strong>magniﬁco</strong></span> <span class='ocrx_word' id='word_1_281' title='bbox 2293 1256 2357 1296; x_wconf 89' lang='lat' dir='ltr'><strong>ac</strong></span> <span class='ocrx_word' id='word_1_282' title='bbox 2415 1244 2599 1298; x_wconf 87' lang='lat' dir='ltr'><strong>divino</strong></span> <span class='ocrx_word' id='word_1_283' title='bbox 2662 1244 2907 1312; x_wconf 90' lang='lat' dir='ltr'><strong>honore,</strong></span> <span class='ocrx_word' id='word_1_284' title='bbox 2964 1248 3162 1302; x_wconf 80' lang='lat' dir='ltr'><strong>eximie</strong></span> <span class='ocrx_word' id='word_1_285' title='bbox 3206 1262 3363 1305; x_wconf 90' lang='lat' dir='ltr'><strong>aucta</strong></span> <span class='ocrx_word' id='word_1_286' title='bbox 3410 1262 3512 1306; x_wconf 85' lang='lat' dir='ltr'><strong>est.</strong></span> 
     </span>
    </p>
   </div>
   <div class='ocr_carea' id='block_1_43' title="bbox 1933 1330 3515 1410">
    <p class='ocr_par' dir='ltr' id='par_1_43' title="bbox 1933 1330 3515 1410">
     <span class='ocr_line' id='line_1_43' title="bbox 1933 1330 3515 1410; baseline 0.009 -27"><span class='ocrx_word' id='word_1_287' title='bbox 1933 1330 2315 1399; x_wconf 77' lang='lat' dir='ltr'><strong>Quamobrem,</strong></span> <span class='ocrx_word' id='word_1_288' title='bbox 2367 1334 2709 1403; x_wconf 90' lang='lat' dir='ltr'><strong>superiorum</strong></span> <span class='ocrx_word' id='word_1_289' title='bbox 2738 1337 2929 1403; x_wconf 87' lang='lat' dir='ltr'><strong>oblita,</strong></span> <span class='ocrx_word' id='word_1_290' title='bbox 2959 1338 3343 1410; x_wconf 83' lang='lat' dir='ltr'><strong>veteribusque</strong></span> <span class='ocrx_word' id='word_1_291' title='bbox 3367 1353 3515 1397; x_wconf 82' lang='lat' dir='ltr'><strong>retro</strong></span> 
     </span>
    </p>
   </div>
   <div class='ocr_carea' id='block_1_44' title="bbox 1930 1423 3516 1502">
    <p class='ocr_par' dir='ltr' id='par_1_44' title="bbox 1930 1423 3516 1502">
     <span class='ocr_line' id='line_1_44' title="bbox 1930 1423 3516 1502; baseline 0.006 -26"><span class='ocrx_word' id='word_1_292' title='bbox 1930 1423 2146 1492; x_wconf 82' lang='lat' dir='ltr'><strong>positis,</strong></span> <span class='ocrx_word' id='word_1_293' title='bbox 2198 1423 2457 1492; x_wconf 60' lang='lat' dir='ltr'><strong>praeclara</strong></span> <span class='ocrx_word' id='word_1_294' title='bbox 2503 1426 2601 1479; x_wconf 88' lang='lat' dir='ltr'><strong>hac</strong></span> <span class='ocrx_word' id='word_1_295' title='bbox 2633 1427 2735 1480; x_wconf 83' lang='lat' dir='ltr'><strong>sibi</strong></span> <span class='ocrx_word' id='word_1_296' title='bbox 2770 1428 2966 1497; x_wconf 87' lang='lat' dir='ltr'><strong>placet,</strong></span> <span class='ocrx_word' id='word_1_297' title='bbox 3005 1433 3318 1502; x_wconf 80' lang='lat' dir='ltr'><strong>pariterque</strong></span> <span class='ocrx_word' id='word_1_298' title='bbox 3356 1433 3516 1488; x_wconf 83' lang='lat' dir='ltr'><strong>ell‘er-</strong></span> 
     </span>
    </p>
   </div>
   <div class='ocr_carea' id='block_1_45' title="bbox 1935 1514 3514 1588">
    <p class='ocr_par' dir='ltr' id='par_1_45' title="bbox 1935 1514 3514 1588">
     <span class='ocr_line' id='line_1_45' title="bbox 1935 1514 3514 1588; baseline 0.008 -22"><span class='ocrx_word' id='word_1_299' title='bbox 1935 1521 2023 1566; x_wconf 91' lang='lat' dir='ltr'><strong>tur</strong></span> <span class='ocrx_word' id='word_1_300' title='bbox 2075 1514 2269 1582; x_wconf 79' lang='lat' dir='ltr'><strong>gloria.</strong></span> <span class='ocrx_word' id='word_1_301' title='bbox 2295 1514 2433 1579; x_wconf 84' lang='lat' dir='ltr'><strong>Quid</strong></span> <span class='ocrx_word' id='word_1_302' title='bbox 2460 1517 2603 1570; x_wconf 90' lang='lat' dir='ltr'><strong>enim</strong></span> <span class='ocrx_word' id='word_1_303' title='bbox 2636 1524 2744 1570; x_wconf 90' lang='lat' dir='ltr'><strong>tam</strong></span> <span class='ocrx_word' id='word_1_304' title='bbox 2778 1521 3122 1588; x_wconf 87' lang='lat' dir='ltr'><strong>magniﬁcum</strong></span> <span class='ocrx_word' id='word_1_305' title='bbox 3144 1524 3197 1575; x_wconf 90' lang='lat' dir='ltr'><strong>in</strong></span> <span class='ocrx_word' id='word_1_306' title='bbox 3231 1522 3323 1577; x_wconf 90' lang='lat' dir='ltr'><strong>Dei</strong></span> <span class='ocrx_word' id='word_1_307' title='bbox 3358 1525 3514 1578; x_wconf 78' lang='lat' dir='ltr'><strong>donis</strong></span> 
     </span>
    </p>
   </div>
   <div class='ocr_carea' id='block_1_46' title="bbox 1932 1602 3516 1686">
    <p class='ocr_par' dir='ltr' id='par_1_46' title="bbox 1932 1602 3516 1686">
     <span class='ocr_line' id='line_1_46' title="bbox 1932 1602 3516 1686; baseline 0.009 -29"><span class='ocrx_word' id='word_1_308' title='bbox 1932 1602 1986 1657; x_wconf 91' lang='lat' dir='ltr'><strong>in</strong></span> <span class='ocrx_word' id='word_1_309' title='bbox 2024 1619 2141 1658; x_wconf 90' lang='lat' dir='ltr'><strong>eam</strong></span> <span class='ocrx_word' id='word_1_310' title='bbox 2196 1605 2408 1661; x_wconf 89' lang='lat' dir='ltr'><strong>collatis</strong></span> <span class='ocrx_word' id='word_1_311' title='bbox 2445 1607 2813 1686; x_wconf 76' lang='lat' dir='ltr'><strong>intelligatur,</strong></span> <span class='ocrx_word' id='word_1_312' title='bbox 2858 1621 2917 1665; x_wconf 92' lang='lat' dir='ltr'><strong>ut</strong></span> <span class='ocrx_word' id='word_1_313' title='bbox 2970 1628 3092 1666; x_wconf 91' lang='lat' dir='ltr'><strong>cum</strong></span> <span class='ocrx_word' id='word_1_314' title='bbox 3132 1614 3234 1667; x_wconf 90' lang='lat' dir='ltr'><strong>isto</strong></span> <span class='ocrx_word' id='word_1_315' title='bbox 3278 1630 3516 1686; x_wconf 86' lang='lat' dir='ltr'><strong>congrue</strong></span> 
     </span>
    </p>
   </div>
   <div class='ocr_carea' id='block_1_47' title="bbox 1933 1684 3512 1776">
    <p class='ocr_par' dir='ltr' id='par_1_47' title="bbox 1933 1684 3512 1776">
     <span class='ocr_line' id='line_1_47' title="bbox 1933 1684 3512 1776; baseline 0.008 -26"><span class='ocrx_word' id='word_1_316' title='bbox 1933 1698 2234 1763; x_wconf 90' lang='lat' dir='ltr'><strong>comparari</strong></span> <span class='ocrx_word' id='word_1_317' title='bbox 2273 1684 2482 1768; x_wconf 66' lang='lat' dir='ltr'><strong>possit?</strong></span> <span class='ocrx_word' id='word_1_318' title='bbox 2534 1701 2671 1766; x_wconf 91' lang='lat' dir='ltr'><strong>Quid</strong></span> <span class='ocrx_word' id='word_1_319' title='bbox 2729 1703 2800 1756; x_wconf 87' lang='lat' dir='ltr'><strong>ita</strong></span> <span class='ocrx_word' id='word_1_320' title='bbox 2850 1719 3104 1776; x_wconf 86' lang='lat' dir='ltr'><strong>magnum</strong></span> <span class='ocrx_word' id='word_1_321' title='bbox 3156 1716 3403 1762; x_wconf 88' lang='lat' dir='ltr'><strong>naturam</strong></span> <span class='ocrx_word' id='word_1_322' title='bbox 3447 1724 3512 1762; x_wconf 74' lang='lat' dir='ltr'><strong>ex</strong></span> 
     </span>
    </p>
   </div>
   <div class='ocr_carea' id='block_1_48' title="bbox 1928 1786 3511 1865">
    <p class='ocr_par' dir='ltr' id='par_1_48' title="bbox 1928 1786 3511 1865">
     <span class='ocr_line' id='line_1_48' title="bbox 1928 1786 3511 1865; baseline 0.008 -26"><span class='ocrx_word' id='word_1_323' title='bbox 1928 1786 2095 1840; x_wconf 87' lang='lat' dir='ltr'><strong>nihilo</strong></span> <span class='ocrx_word' id='word_1_324' title='bbox 2130 1789 2471 1857; x_wconf 77' lang='lat' dir='ltr'><strong>produxisse,</strong></span> <span class='ocrx_word' id='word_1_325' title='bbox 2510 1806 2618 1859; x_wconf 74' lang='lat' dir='ltr'><strong>pra:</strong></span> <span class='ocrx_word' id='word_1_326' title='bbox 2647 1792 2963 1861; x_wconf 79' lang='lat' dir='ltr'><strong>dignatione</strong></span> <span class='ocrx_word' id='word_1_327' title='bbox 2990 1797 3100 1858; x_wconf 90' lang='lat' dir='ltr'><strong>illa,</strong></span> <span class='ocrx_word' id='word_1_328' title='bbox 3134 1813 3239 1865; x_wconf 86' lang='lat' dir='ltr'><strong>qna</strong></span> <span class='ocrx_word' id='word_1_329' title='bbox 3271 1810 3325 1852; x_wconf 90' lang='lat' dir='ltr'><strong>et</strong></span> <span class='ocrx_word' id='word_1_330' title='bbox 3354 1800 3511 1853; x_wconf 87' lang='lat' dir='ltr'><strong>vitia-</strong></span> 
     </span>
    </p>
   </div>
   <div class='ocr_carea' id='block_1_49' title="bbox 1927 1876 3512 1949">
    <p class='ocr_par' dir='ltr' id='par_1_49' title="bbox 1927 1876 3512 1949">
     <span class='ocr_line' id='line_1_49' title="bbox 1927 1876 3512 1949; baseline 0.009 -19"><span class='ocrx_word' id='word_1_331' title='bbox 1927 1887 2034 1930; x_wconf 89' lang='lat' dir='ltr'><strong>tam</strong></span> <span class='ocrx_word' id='word_1_332' title='bbox 2081 1876 2284 1942; x_wconf 84' lang='lat' dir='ltr'><strong>induit,</strong></span> <span class='ocrx_word' id='word_1_333' title='bbox 2323 1895 2564 1948; x_wconf 84' lang='lat' dir='ltr'><strong>novaque</strong></span> <span class='ocrx_word' id='word_1_334' title='bbox 2608 1897 2671 1935; x_wconf 89' lang='lat' dir='ltr'><strong>ac</strong></span> <span class='ocrx_word' id='word_1_335' title='bbox 2720 1884 3014 1949; x_wconf 87' lang='lat' dir='ltr'><strong>augustiuri</strong></span> <span class='ocrx_word' id='word_1_336' title='bbox 3049 1902 3264 1940; x_wconf 89' lang='lat' dir='ltr'><strong>rursum</strong></span> <span class='ocrx_word' id='word_1_337' title='bbox 3298 1888 3512 1944; x_wconf 78' lang='lat' dir='ltr'><strong>ﬁeiione</strong></span> 
     </span>
    </p>
   </div>
   <div class='ocr_carea' id='block_1_50' title="bbox 1926 1965 3514 2044">
    <p class='ocr_par' dir='ltr' id='par_1_50' title="bbox 1926 1965 3514 2044">
     <span class='ocr_line' id='line_1_50' title="bbox 1926 1965 3514 2044; baseline 0.007 -26"><span class='ocrx_word' id='word_1_338' title='bbox 1926 1965 2289 2019; x_wconf 81' lang='lat' dir='ltr'><strong>reformavit?</strong></span> <span class='ocrx_word' id='word_1_339' title='bbox 2327 1966 2464 2032; x_wconf 86' lang='lat' dir='ltr'><strong>Quid</strong></span> <span class='ocrx_word' id='word_1_340' title='bbox 2508 1968 2682 2022; x_wconf 91' lang='lat' dir='ltr'><strong>honor</strong></span> <span class='ocrx_word' id='word_1_341' title='bbox 2716 1971 3001 2040; x_wconf 80' lang='lat' dir='ltr'><strong>imaginis,</strong></span> <span class='ocrx_word' id='word_1_342' title='bbox 3037 1987 3147 2042; x_wconf 71' lang='lat' dir='ltr'><strong>prae</strong></span> <span class='ocrx_word' id='word_1_343' title='bbox 3184 1972 3514 2044; x_wconf 74' lang='lat' dir='ltr'><strong>adoptione?</strong></span> 
     </span>
    </p>
   </div>
   <div class='ocr_carea' id='block_1_51' title="bbox 1926 2054 3509 2134">
    <p class='ocr_par' dir='ltr' id='par_1_51' title="bbox 1926 2054 3509 2134">
     <span class='ocr_line' id='line_1_51' title="bbox 1926 2054 3509 2134; baseline 0.006 -26"><span class='ocrx_word' id='word_1_344' title='bbox 1926 2054 2064 2121; x_wconf 86' lang='lat' dir='ltr'><strong>Quid</strong></span> <span class='ocrx_word' id='word_1_345' title='bbox 2119 2066 2366 2112; x_wconf 89' lang='lat' dir='ltr'><strong>terrenus</strong></span> <span class='ocrx_word' id='word_1_346' title='bbox 2422 2059 2756 2128; x_wconf 86' lang='lat' dir='ltr'><strong>principatus</strong></span> <span class='ocrx_word' id='word_1_347' title='bbox 2782 2099 2797 2123; x_wconf 91' lang='lat'><strong>,</strong></span> <span class='ocrx_word' id='word_1_348' title='bbox 2840 2072 3227 2131; x_wconf 83' lang='lat' dir='ltr'><strong>potestasque,</strong></span> <span class='ocrx_word' id='word_1_349' title='bbox 3269 2080 3378 2134; x_wconf 65' lang='lat' dir='ltr'><strong>prae</strong></span> <span class='ocrx_word' id='word_1_350' title='bbox 3417 2066 3509 2118; x_wconf 90' lang='lat' dir='ltr'><strong>illo</strong></span> 
     </span>
    </p>
   </div>
   <div class='ocr_carea' id='block_1_52' title="bbox 1927 2150 3508 2212">
    <p class='ocr_par' dir='ltr' id='par_1_52' title="bbox 1927 2150 3508 2212">
     <span class='ocr_line' id='line_1_52' title="bbox 1927 2150 3508 2212; baseline 0.008 -12"><span class='ocrx_word' id='word_1_351' title='bbox 1927 2163 2069 2202; x_wconf 90' lang='lat' dir='ltr'><strong>nunc</strong></span> <span class='ocrx_word' id='word_1_352' title='bbox 2107 2150 2381 2202; x_wconf 88' lang='lat' dir='ltr'><strong>communi</strong></span> <span class='ocrx_word' id='word_1_353' title='bbox 2420 2151 2802 2205; x_wconf 85' lang='lat' dir='ltr'><strong>universorum</strong></span> <span class='ocrx_word' id='word_1_354' title='bbox 2836 2169 2956 2206; x_wconf 89' lang='lat' dir='ltr'><strong>cum</strong></span> <span class='ocrx_word' id='word_1_355' title='bbox 2994 2155 3226 2210; x_wconf 86' lang='lat' dir='ltr'><strong>Domino</strong></span> <span class='ocrx_word' id='word_1_356' title='bbox 3268 2157 3327 2210; x_wconf 83' lang='lat' dir='ltr'><strong>in</strong></span> <span class='ocrx_word' id='word_1_357' title='bbox 3352 2158 3508 2212; x_wconf 60' lang='lat' dir='ltr'><strong>caelis</strong></span> 
     </span>
    </p>
   </div>
   <div class='ocr_carea' id='block_1_53' title="bbox 1926 2236 3510 2315">
    <p class='ocr_par' dir='ltr' id='par_1_53' title="bbox 1926 2236 3510 2315">
     <span class='ocr_line' id='line_1_53' title="bbox 1926 2236 3510 2315; baseline 0.005 -22"><span class='ocrx_word' id='word_1_358' title='bbox 1926 2236 2198 2307; x_wconf 87' lang='lat' dir='ltr'><strong>imperio?</strong></span> <span class='ocrx_word' id='word_1_359' title='bbox 2242 2239 2381 2305; x_wconf 82' lang='lat' dir='ltr'><strong>Quid</strong></span> <span class='ocrx_word' id='word_1_360' title='bbox 2431 2240 2483 2294; x_wconf 90' lang='lat' dir='ltr'><strong>in</strong></span> <span class='ocrx_word' id='word_1_361' title='bbox 2535 2242 2740 2297; x_wconf 79' lang='lat' dir='ltr'><strong>visione</strong></span> <span class='ocrx_word' id='word_1_362' title='bbox 2791 2251 2846 2297; x_wconf 92' lang='lat' dir='ltr'><strong>et</strong></span> <span class='ocrx_word' id='word_1_363' title='bbox 2893 2245 3215 2310; x_wconf 89' lang='lat' dir='ltr'><strong>insomniis,</strong></span> <span class='ocrx_word' id='word_1_364' title='bbox 3255 2262 3510 2315; x_wconf 75' lang='lat' dir='ltr'><strong>auraeque</strong></span> 
     </span>
    </p>
   </div>
   <div class='ocr_carea' id='block_1_54' title="bbox 1929 2331 3513 2410">
    <p class='ocr_par' dir='ltr' id='par_1_54' title="bbox 1929 2331 3513 2410">
     <span class='ocr_line' id='line_1_54' title="bbox 1929 2331 3513 2410; baseline 0.006 -27"><span class='ocrx_word' id='word_1_365' title='bbox 1929 2331 2259 2386; x_wconf 67' lang='lat' dir='ltr'><strong>tenuissima:</strong></span> <span class='ocrx_word' id='word_1_366' title='bbox 2298 2331 2531 2386; x_wconf 90' lang='lat' dir='ltr'><strong>obscuro</strong></span> <span class='ocrx_word' id='word_1_367' title='bbox 2563 2332 2786 2403; x_wconf 88' lang='lat' dir='ltr'><strong>indicio,</strong></span> <span class='ocrx_word' id='word_1_368' title='bbox 2821 2335 3132 2393; x_wconf 75' lang='lat' dir='ltr'><strong>videntibus</strong></span> <span class='ocrx_word' id='word_1_369' title='bbox 3178 2339 3344 2393; x_wconf 91' lang='lat' dir='ltr'><strong>Deum</strong></span> <span class='ocrx_word' id='word_1_370' title='bbox 3387 2357 3513 2410; x_wconf 85' lang='lat' dir='ltr'><strong>pro-</strong></span> 
     </span>
    </p>
   </div>
   <div class='ocr_carea' id='block_1_55' title="bbox 1925 2422 3515 2501">
    <p class='ocr_par' dir='ltr' id='par_1_55' title="bbox 1925 2422 3515 2501">
     <span class='ocr_line' id='line_1_55' title="bbox 1925 2422 3515 2501; baseline 0.008 -27"><span class='ocrx_word' id='word_1_371' title='bbox 1925 2422 2104 2490; x_wconf 88' lang='lat' dir='ltr'><strong>phetis</strong></span> <span class='ocrx_word' id='word_1_372' title='bbox 2135 2432 2387 2478; x_wconf 89' lang='lat' dir='ltr'><strong>ostensus</strong></span> <span class='ocrx_word' id='word_1_373' title='bbox 2425 2437 2713 2494; x_wconf 86' lang='lat' dir='ltr'><strong>aspectus,</strong></span> <span class='ocrx_word' id='word_1_374' title='bbox 2748 2442 2860 2496; x_wconf 65' lang='lat' dir='ltr'><strong>prae</strong></span> <span class='ocrx_word' id='word_1_375' title='bbox 2895 2446 2979 2495; x_wconf 90' lang='lat' dir='ltr'><strong>eo,</strong></span> <span class='ocrx_word' id='word_1_376' title='bbox 3018 2438 3078 2484; x_wconf 89' lang='grc' dir='ltr'><strong>ιιι</strong></span> <span class='ocrx_word' id='word_1_377' title='bbox 3134 2432 3248 2500; x_wconf 84' lang='lat' dir='ltr'><strong>ipse</strong></span> <span class='ocrx_word' id='word_1_378' title='bbox 3279 2434 3369 2500; x_wconf 82' lang='lat' dir='ltr'><strong>qni</strong></span> <span class='ocrx_word' id='word_1_379' title='bbox 3417 2449 3515 2501; x_wconf 83' lang='lat' dir='ltr'><strong>ap-</strong></span> 
     </span>
    </p>
   </div>
   <div class='ocr_carea' id='block_1_56' title="bbox 1925 2514 3514 2589">
    <p class='ocr_par' dir='ltr' id='par_1_56' title="bbox 1925 2514 3514 2589">
     <span class='ocr_line' id='line_1_56' title="bbox 1925 2514 3514 2589; baseline 0.009 -24"><span class='ocrx_word' id='word_1_380' title='bbox 1925 2514 2172 2582; x_wconf 86' lang='lat' dir='ltr'><strong>parebat,</strong></span> <span class='ocrx_word' id='word_1_381' title='bbox 2211 2514 2370 2569; x_wconf 88' lang='lat' dir='ltr'><strong>nobis</strong></span> <span class='ocrx_word' id='word_1_382' title='bbox 2407 2517 2709 2571; x_wconf 87' lang='lat' dir='ltr'><strong>substantia</strong></span> <span class='ocrx_word' id='word_1_383' title='bbox 2744 2519 2892 2574; x_wconf 85' lang='lat' dir='ltr'><strong>visus</strong></span> <span class='ocrx_word' id='word_1_384' title='bbox 2932 2522 3037 2588; x_wconf 89' lang='lat' dir='ltr'><strong>sit,</strong></span> <span class='ocrx_word' id='word_1_385' title='bbox 3072 2532 3233 2589; x_wconf 88' lang='lat' dir='ltr'><strong>atque</strong></span> <span class='ocrx_word' id='word_1_386' title='bbox 3270 2525 3322 2576; x_wconf 89' lang='lat' dir='ltr'><strong>in</strong></span> <span class='ocrx_word' id='word_1_387' title='bbox 3359 2525 3514 2580; x_wconf 75' lang='lat' dir='ltr'><strong>nobis</strong></span> 
     </span>
    </p>
   </div>
   <div class='ocr_carea' id='block_1_57' title="bbox 1926 2604 3512 2682">
    <p class='ocr_par' dir='ltr' id='par_1_57' title="bbox 1926 2604 3512 2682">
     <span class='ocr_line' id='line_1_57' title="bbox 1926 2604 3512 2682; baseline 0.008 -23"><span class='ocrx_word' id='word_1_388' title='bbox 1926 2604 2224 2661; x_wconf 89' lang='lat' dir='ltr'><strong>clementer</strong></span> <span class='ocrx_word' id='word_1_389' title='bbox 2262 2608 2558 2662; x_wconf 81' lang='lat' dir='ltr'><strong>habitarit?</strong></span> <span class='ocrx_word' id='word_1_390' title='bbox 2590 2608 2728 2675; x_wconf 90' lang='lat' dir='ltr'><strong>Quid</strong></span> <span class='ocrx_word' id='word_1_391' title='bbox 2760 2613 2991 2680; x_wconf 88' lang='lat' dir='ltr'><strong>denique</strong></span> <span class='ocrx_word' id='word_1_392' title='bbox 3028 2613 3419 2682; x_wconf 77' lang='lat' dir='ltr'><strong>prophetarum</strong></span> <span class='ocrx_word' id='word_1_393' title='bbox 3447 2632 3512 2672; x_wconf 79' lang='lat' dir='ltr'><strong>ae</strong></span> 
     </span>
    </p>
   </div>
   <div class='ocr_carea' id='block_1_58' title="bbox 1922 2694 3512 2774">
    <p class='ocr_par' dir='ltr' id='par_1_58' title="bbox 1922 2694 3512 2774">
     <span class='ocr_line' id='line_1_58' title="bbox 1922 2694 3512 2774; baseline 0.009 -28"><span class='ocrx_word' id='word_1_394' title='bbox 1922 2694 2191 2763; x_wconf 91' lang='lat' dir='ltr'><strong>justorum</strong></span> <span class='ocrx_word' id='word_1_395' title='bbox 2247 2697 2440 2753; x_wconf 78' lang='lat' dir='ltr'><strong>eleCtio</strong></span> <span class='ocrx_word' id='word_1_396' title='bbox 2468 2738 2486 2766; x_wconf 91' lang='lat'><strong>,</strong></span> <span class='ocrx_word' id='word_1_397' title='bbox 2517 2714 2742 2768; x_wconf 82' lang='lat' dir='ltr'><strong>quaeque</strong></span> <span class='ocrx_word' id='word_1_398' title='bbox 2791 2716 2886 2769; x_wconf 89' lang='lat' dir='ltr'><strong>per</strong></span> <span class='ocrx_word' id='word_1_399' title='bbox 2925 2718 3017 2757; x_wconf 92' lang='lat' dir='ltr'><strong>eos</strong></span> <span class='ocrx_word' id='word_1_400' title='bbox 3058 2705 3291 2760; x_wconf 88' lang='lat' dir='ltr'><strong>humano</strong></span> <span class='ocrx_word' id='word_1_401' title='bbox 3328 2710 3512 2774; x_wconf 81' lang='lat' dir='ltr'><strong>generi</strong></span> 
     </span>
    </p>
   </div>
   <div class='ocr_carea' id='block_1_59' title="bbox 1929 2786 3514 2862">
    <p class='ocr_par' dir='ltr' id='par_1_59' title="bbox 1929 2786 3514 2862">
     <span class='ocr_line' id='line_1_59' title="bbox 1929 2786 3514 2862; baseline 0.008 -25"><span class='ocrx_word' id='word_1_402' title='bbox 1929 2786 2159 2839; x_wconf 81' lang='lat' dir='ltr'><strong>accessit</strong></span> <span class='ocrx_word' id='word_1_403' title='bbox 2205 2788 2398 2856; x_wconf 82' lang='lat' dir='ltr'><strong>gloria,</strong></span> <span class='ocrx_word' id='word_1_404' title='bbox 2434 2804 2543 2858; x_wconf 73' lang='lat' dir='ltr'><strong>pne</strong></span> <span class='ocrx_word' id='word_1_405' title='bbox 2578 2804 2660 2852; x_wconf 81' lang='lat' dir='ltr'><strong>eo,</strong></span> <span class='ocrx_word' id='word_1_406' title='bbox 2698 2799 2759 2843; x_wconf 86' lang='grc' dir='ltr'><strong>ιιι</strong></span> <span class='ocrx_word' id='word_1_407' title='bbox 2790 2795 3138 2861; x_wconf 69' lang='lat' dir='ltr'><strong>praeoptantis</strong></span> <span class='ocrx_word' id='word_1_408' title='bbox 3175 2796 3268 2848; x_wconf 82' lang='lat' dir='ltr'><strong>Dei</strong></span> <span class='ocrx_word' id='word_1_409' title='bbox 3315 2795 3514 2862; x_wconf 81' lang='lat' dir='ltr'><strong>Mater,</strong></span> 
     </span>
    </p>
   </div>
   <div class='ocr_carea' id='block_1_60' title="bbox 1928 2874 3513 2955">
    <p class='ocr_par' dir='ltr' id='par_1_60' title="bbox 1928 2874 3513 2955">
     <span class='ocr_line' id='line_1_60' title="bbox 1928 2874 3513 2955; baseline 0.009 -29"><span class='ocrx_word' id='word_1_410' title='bbox 1928 2874 2147 2928; x_wconf 89' lang='lat' dir='ltr'><strong>humani</strong></span> <span class='ocrx_word' id='word_1_411' title='bbox 2193 2878 2410 2946; x_wconf 81' lang='lat' dir='ltr'><strong>generis</strong></span> <span class='ocrx_word' id='word_1_412' title='bbox 2446 2880 2641 2947; x_wconf 80' lang='lat' dir='ltr'><strong>gloria,</strong></span> <span class='ocrx_word' id='word_1_413' title='bbox 2670 2893 2946 2953; x_wconf 84' lang='lat' dir='ltr'><strong>assumpta</strong></span> <span class='ocrx_word' id='word_1_414' title='bbox 2980 2885 3080 2949; x_wconf 88' lang='lat' dir='ltr'><strong>sit,</strong></span> <span class='ocrx_word' id='word_1_415' title='bbox 3113 2900 3317 2955; x_wconf 89' lang='lat' dir='ltr'><strong>perque</strong></span> <span class='ocrx_word' id='word_1_416' title='bbox 3358 2904 3513 2955; x_wconf 87' lang='lat' dir='ltr'><strong>eam,</strong></span> 
     </span>
    </p>
   </div>
   <div class='ocr_carea' id='block_1_61' title="bbox 1927 2965 3515 3039">
    <p class='ocr_par' dir='ltr' id='par_1_61' title="bbox 1927 2965 3515 3039">
     <span class='ocr_line' id='line_1_61' title="bbox 1927 2965 3515 3039; baseline 0.01 -20"><span class='ocrx_word' id='word_1_417' title='bbox 1927 2965 2017 3020; x_wconf 83' lang='lat' dir='ltr'><strong>hic</strong></span> <span class='ocrx_word' id='word_1_418' title='bbox 2060 2968 2213 3022; x_wconf 85' lang='lat' dir='ltr'><strong>nobis</strong></span> <span class='ocrx_word' id='word_1_419' title='bbox 2263 2969 2398 3023; x_wconf 89' lang='lat' dir='ltr'><strong>adeo</strong></span> <span class='ocrx_word' id='word_1_420' title='bbox 2433 2971 2754 3039; x_wconf 87' lang='lat' dir='ltr'><strong>magniﬁcus</strong></span> <span class='ocrx_word' id='word_1_421' title='bbox 2803 2973 2978 3028; x_wconf 87' lang='lat' dir='ltr'><strong>honor</strong></span> <span class='ocrx_word' id='word_1_422' title='bbox 3023 2978 3352 3035; x_wconf 78' lang='lat' dir='ltr'><strong>accesserit?</strong></span> <span class='ocrx_word' id='word_1_423' title='bbox 3399 2979 3515 3035; x_wconf 70' lang='grc' dir='ltr'>ιιυε</span> 
     </span>
    </p>
   </div>
   <div class='ocr_carea' id='block_1_62' title="bbox 234 3059 1840 3150">
    <p class='ocr_par' dir='ltr' id='par_1_62' title="bbox 234 3062 1829 3139">
     <span class='ocr_line' id='line_1_62' title="bbox 234 3062 1829 3139; baseline -0.004 -17"><span class='ocrx_word' id='word_1_424' title='bbox 234 3068 452 3139; x_wconf 81' lang='grc' dir='ltr'>ταύτην</span> <span class='ocrx_word' id='word_1_425' title='bbox 507 3069 640 3137; x_wconf 79' lang='grc' dir='ltr'>ἡμῖν</span> <span class='ocrx_word' id='word_1_426' title='bbox 689 3065 1126 3136; x_wconf 80' lang='grc' dir='ltr'>παραγεγονέναι</span> <span class='ocrx_word' id='word_1_427' title='bbox 1180 3065 1349 3134; x_wconf 86' lang='grc' dir='ltr'>τιμήν</span> <span class='ocrx_word' id='word_1_428' title='bbox 1380 3080 1396 3128; x_wconf 89' lang='lat'><strong>;</strong></span> <span class='ocrx_word' id='word_1_429' title='bbox 1425 3062 1598 3116; x_wconf 82' lang='grc' dir='ltr'>Τοῦτο</span> <span class='ocrx_word' id='word_1_430' title='bbox 1646 3062 1713 3132; x_wconf 78' lang='grc' dir='ltr'><strong>δὴ</strong></span> <span class='ocrx_word' id='word_1_431' title='bbox 1768 3063 1829 3115; x_wconf 84' lang='grc' dir='ltr'>τὸ</span> 
     </span>
    </p>
   </div>
   <div class='ocr_carea' id='block_1_63' title="bbox 1931 3059 3512 3150">
    <p class='ocr_par' dir='ltr' id='par_1_63' title="bbox 1935 3059 3512 3137">
     <span class='ocr_line' id='line_1_63' title="bbox 1935 3059 3512 3137; baseline 0.01 -28"><span class='ocrx_word' id='word_1_432' title='bbox 1935 3059 2092 3126; x_wconf 82' lang='lat' dir='ltr'><strong>plane</strong></span> <span class='ocrx_word' id='word_1_433' title='bbox 2116 3069 2197 3113; x_wconf 88' lang='lat' dir='ltr'><strong>est</strong></span> <span class='ocrx_word' id='word_1_434' title='bbox 2217 3061 2356 3129; x_wconf 90' lang='lat' dir='ltr'><strong>quod</strong></span> <span class='ocrx_word' id='word_1_435' title='bbox 2386 3072 2631 3116; x_wconf 89' lang='lat' dir='ltr'><strong>nostrum</strong></span> <span class='ocrx_word' id='word_1_436' title='bbox 2655 3064 2984 3120; x_wconf 73' lang='lat' dir='ltr'><strong>excellenter</strong></span> <span class='ocrx_word' id='word_1_437' title='bbox 3011 3069 3370 3137; x_wconf 86' lang='lat' dir='ltr'><strong>glorilicatum</strong></span> <span class='ocrx_word' id='word_1_438' title='bbox 3406 3082 3512 3125; x_wconf 79' lang='lat' dir='ltr'><strong>est.</strong></span> 
     </span>
    </p>
   </div>
   <div class='ocr_carea' id='block_1_64' title="bbox 236 3147 1840 3228">
    <p class='ocr_par' dir='ltr' id='par_1_64' title="bbox 236 3152 1829 3228">
     <span class='ocr_line' id='line_1_64' title="bbox 236 3152 1829 3228; baseline -0.005 -14"><span class='ocrx_word' id='word_1_439' title='bbox 236 3156 369 3214; x_wconf 79' lang='grc' dir='ltr'>καθ’</span> <span class='ocrx_word' id='word_1_440' title='bbox 382 3156 690 3228; x_wconf 77' lang='grc' dir='ltr'>ὑπερϐολὴν</span> <span class='ocrx_word' id='word_1_441' title='bbox 713 3155 870 3226; x_wconf 79' lang='grc' dir='ltr'>ἡμῶν</span> <span class='ocrx_word' id='word_1_442' title='bbox 893 3152 1478 3224; x_wconf 78' lang='grc' dir='ltr'>δεδοξασμένον.Τοῦτο</span> <span class='ocrx_word' id='word_1_443' title='bbox 1493 3154 1572 3206; x_wconf 86' lang='grc' dir='ltr'><strong>δεῖ</strong></span> <span class='ocrx_word' id='word_1_444' title='bbox 1591 3155 1829 3225; x_wconf 80' lang='grc' dir='ltr'>σήμερον</span> 
     </span>
    </p>
   </div>
   <div class='ocr_carea' id='block_1_65' title="bbox 1931 3147 3514 3228">
    <p class='ocr_par' dir='ltr' id='par_1_65' title="bbox 1935 3147 3514 3226">
     <span class='ocr_line' id='line_1_65' title="bbox 1935 3147 3514 3226; baseline 0.011 -26"><span class='ocrx_word' id='word_1_445' title='bbox 1935 3147 2049 3203; x_wconf 84' lang='lat' dir='ltr'><strong>Hoc</strong></span> <span class='ocrx_word' id='word_1_446' title='bbox 2097 3150 2332 3217; x_wconf 75' lang='lat' dir='ltr'><strong>universi</strong></span> <span class='ocrx_word' id='word_1_447' title='bbox 2375 3154 2733 3222; x_wconf 86' lang='lat' dir='ltr'><strong>suscipientes</strong></span> <span class='ocrx_word' id='word_1_448' title='bbox 2762 3197 2778 3222; x_wconf 95' lang='lat'><strong>,</strong></span> <span class='ocrx_word' id='word_1_449' title='bbox 2824 3158 3074 3223; x_wconf 82' lang='lat' dir='ltr'><strong>amplecti</strong></span> <span class='ocrx_word' id='word_1_450' title='bbox 3125 3160 3415 3226; x_wconf 83' lang='lat' dir='ltr'><strong>debemus,</strong></span> <span class='ocrx_word' id='word_1_451' title='bbox 3459 3171 3514 3217; x_wconf 82' lang='lat' dir='ltr'><strong>et</strong></span> 
     </span>
    </p>
   </div>
   <div class='ocr_carea' id='block_1_66' title="bbox 240 3244 1827 3318">
    <p class='ocr_par' dir='ltr' id='par_1_66' title="bbox 240 3244 1827 3318">
     <span class='ocr_line' id='line_1_66' title="bbox 240 3244 1827 3318; baseline -0.005 -14"><span class='ocrx_word' id='word_1_452' title='bbox 240 3250 491 3312; x_wconf 70' lang='grc' dir='ltr'>ἅπαντας</span> <span class='ocrx_word' id='word_1_453' title='bbox 514 3247 945 3318; x_wconf 81' lang='grc' dir='ltr'>ὑποδεχομένους</span> <span class='ocrx_word' id='word_1_454' title='bbox 969 3245 1462 3316; x_wconf 84' lang='grc' dir='ltr'>περιπτύσσεσθαι,</span> <span class='ocrx_word' id='word_1_455' title='bbox 1481 3245 1574 3298; x_wconf 72' lang='grc' dir='ltr'>καὶ</span> <span class='ocrx_word' id='word_1_456' title='bbox 1594 3244 1827 3316; x_wconf 81' lang='grc' dir='ltr'>χαίρειν,</span> 
     </span>
    </p>
   </div>
   <div class='ocr_carea' id='block_1_67' title="bbox 238 3335 1827 3409">
    <p class='ocr_par' dir='ltr' id='par_1_67' title="bbox 238 3335 1827 3409">
     <span class='ocr_line' id='line_1_67' title="bbox 238 3335 1827 3409; baseline -0.004 -13"><span class='ocrx_word' id='word_1_457' title='bbox 238 3342 339 3396; x_wconf 71' lang='grc' dir='ltr'><strong>καὶ</strong></span> <span class='ocrx_word' id='word_1_458' title='bbox 386 3344 515 3405; x_wconf 83' lang='grc' dir='ltr'>ταῖς</span> <span class='ocrx_word' id='word_1_459' title='bbox 567 3341 643 3404; x_wconf 84' lang='grc' dir='ltr'>ὡς</span> <span class='ocrx_word' id='word_1_460' title='bbox 705 3339 930 3409; x_wconf 78' lang='grc' dir='ltr'>ἐφικτὸν</span> <span class='ocrx_word' id='word_1_461' title='bbox 996 3336 1422 3407; x_wconf 84' lang='grc' dir='ltr'>καταγεραίρειν</span> <span class='ocrx_word' id='word_1_462' title='bbox 1479 3335 1827 3404; x_wconf 81' lang='grc' dir='ltr'>δοξολογίαις.</span> 
     </span>
    </p>
   </div>
   <div class='ocr_carea' id='block_1_68' title="bbox 329 3428 1833 3504">
    <p class='ocr_par' dir='ltr' id='par_1_68' title="bbox 329 3428 1833 3504">
     <span class='ocr_line' id='line_1_68' title="bbox 329 3428 1833 3504; baseline -0.004 -17"><span class='ocrx_word' id='word_1_463' title='bbox 329 3433 497 3488; x_wconf 83' lang='grc' dir='ltr'>Ἀλλὰ</span> <span class='ocrx_word' id='word_1_464' title='bbox 520 3436 587 3504; x_wconf 79' lang='grc' dir='ltr'>τῇ</span> <span class='ocrx_word' id='word_1_465' title='bbox 618 3434 926 3502; x_wconf 86' lang='grc' dir='ltr'>Δεσποτικῇ</span> <span class='ocrx_word' id='word_1_466' title='bbox 949 3431 1015 3485; x_wconf 81' lang='grc' dir='ltr'>ἄν</span> <span class='ocrx_word' id='word_1_467' title='bbox 1041 3446 1185 3492; x_wconf 87' lang='grc' dir='ltr'>τινες</span> <span class='ocrx_word' id='word_1_468' title='bbox 1209 3428 1502 3499; x_wconf 78' lang='grc' dir='ltr'>ἐπιφανείᾳ</span> <span class='ocrx_word' id='word_1_469' title='bbox 1532 3428 1629 3499; x_wconf 76' lang='grc' dir='ltr'><strong>τὴν</strong></span> <span class='ocrx_word' id='word_1_470' title='bbox 1649 3428 1833 3482; x_wconf 84' lang='grc' dir='ltr'>τοιαύ-</span> 
     </span>
    </p>
   </div>
   <div class='ocr_carea' id='block_1_69' title="bbox 236 3522 1830 3596">
    <p class='ocr_par' dir='ltr' id='par_1_69' title="bbox 236 3522 1830 3596">
     <span class='ocr_line' id='line_1_69' title="bbox 236 3522 1830 3596; baseline -0.004 -17"><span class='ocrx_word' id='word_1_471' title='bbox 236 3544 342 3596; x_wconf 85' lang='grc' dir='ltr'><strong>την</strong></span> <span class='ocrx_word' id='word_1_472' title='bbox 388 3525 596 3579; x_wconf 86' lang='grc' dir='ltr'>είποιεν</span> <span class='ocrx_word' id='word_1_473' title='bbox 625 3525 720 3578; x_wconf 68' lang='grc' dir='ltr'>καὶ</span> <span class='ocrx_word' id='word_1_474' title='bbox 767 3522 1112 3594; x_wconf 80' lang='grc' dir='ltr'>εὐφροσύνην</span> <span class='ocrx_word' id='word_1_475' title='bbox 1154 3523 1249 3576; x_wconf 77' lang='grc' dir='ltr'><strong>καὶ</strong></span> <span class='ocrx_word' id='word_1_476' title='bbox 1278 3523 1629 3594; x_wconf 79' lang='grc' dir='ltr'>εὐχαριστίαν</span> <span class='ocrx_word' id='word_1_477' title='bbox 1659 3537 1830 3592; x_wconf 90' lang='grc' dir='ltr'>προσ-</span> 
     </span>
    </p>
   </div>
   <div class='ocr_carea' id='block_1_70' title="bbox 238 3610 1827 3689">
    <p class='ocr_par' dir='ltr' id='par_1_70' title="bbox 238 3610 1827 3689">
     <span class='ocr_line' id='line_1_70' title="bbox 238 3610 1827 3689; baseline -0.004 -19"><span class='ocrx_word' id='word_1_478' title='bbox 238 3619 424 3689; x_wconf 81' lang='grc' dir='ltr'>ήκειν,</span> <span class='ocrx_word' id='word_1_479' title='bbox 461 3615 537 3679; x_wconf 85' lang='grc' dir='ltr'>ὡς</span> <span class='ocrx_word' id='word_1_480' title='bbox 574 3617 787 3669; x_wconf 83' lang='grc' dir='ltr'>ᾶπαντα</span> <span class='ocrx_word' id='word_1_481' title='bbox 819 3633 848 3668; x_wconf 91' lang='grc' dir='ltr'><strong>τ</strong></span> <span class='ocrx_word' id='word_1_482' title='bbox 868 3615 1008 3670; x_wconf 80' lang='grc' dir='ltr'>αὕτα</span> <span class='ocrx_word' id='word_1_483' title='bbox 1037 3615 1305 3686; x_wconf 79' lang='grc' dir='ltr'>γενομένῃ</span> <span class='ocrx_word' id='word_1_484' title='bbox 1327 3630 1340 3644; x_wconf 90' lang='grc'><strong>·</strong></span> <span class='ocrx_word' id='word_1_485' title='bbox 1388 3613 1486 3667; x_wconf 75' lang='grc' dir='ltr'><strong>καὶ</strong></span> <span class='ocrx_word' id='word_1_486' title='bbox 1513 3612 1689 3683; x_wconf 80' lang='grc' dir='ltr'>πέρας</span> <span class='ocrx_word' id='word_1_487' title='bbox 1735 3610 1827 3664; x_wconf 82' lang='grc' dir='ltr'>τοῦ</span> 
     </span>
    </p>
   </div>
   <div class='ocr_carea' id='block_1_71' title="bbox 239 3703 1827 3777">
    <p class='ocr_par' dir='ltr' id='par_1_71' title="bbox 239 3703 1827 3777">
     <span class='ocr_line' id='line_1_71' title="bbox 239 3703 1827 3777; baseline -0.004 -15"><span class='ocrx_word' id='word_1_488' title='bbox 239 3725 304 3762; x_wconf 80' lang='grc' dir='ltr'><strong>τε</strong></span> <span class='ocrx_word' id='word_1_489' title='bbox 357 3707 659 3777; x_wconf 83' lang='grc' dir='ltr'>μυστηρίου</span> <span class='ocrx_word' id='word_1_490' title='bbox 692 3708 787 3760; x_wconf 76' lang='grc' dir='ltr'>καὶ</span> <span class='ocrx_word' id='word_1_491' title='bbox 818 3706 925 3761; x_wconf 81' lang='grc' dir='ltr'><strong>τῶν</strong></span> <span class='ocrx_word' id='word_1_492' title='bbox 965 3705 1271 3776; x_wconf 81' lang='grc' dir='ltr'>δεδομένων</span> <span class='ocrx_word' id='word_1_493' title='bbox 1316 3703 1692 3774; x_wconf 77' lang='grc' dir='ltr'>καθεστηκυίᾳ</span> <span class='ocrx_word' id='word_1_494' title='bbox 1723 3703 1827 3756; x_wconf 89' lang='grc' dir='ltr'>δω-</span> 
     </span>
    </p>
   </div>
   <div class='ocr_carea' id='block_1_72' title="bbox 240 3794 1829 3871">
    <p class='ocr_par' dir='ltr' id='par_1_72' title="bbox 240 3794 1829 3871">
     <span class='ocr_line' id='line_1_72' title="bbox 240 3794 1829 3871; baseline -0.004 -19"><span class='ocrx_word' id='word_1_495' title='bbox 240 3798 420 3871; x_wconf 57' lang='grc' dir='ltr'>ρεῶν</span> <span class='ocrx_word' id='word_1_496' title='bbox 456 3798 571 3851; x_wconf 82' lang='grc' dir='ltr'>ἀλλ’</span> <span class='ocrx_word' id='word_1_497' title='bbox 617 3801 665 3851; x_wconf 89' lang='grc' dir='ltr'>οἱ</span> <span class='ocrx_word' id='word_1_498' title='bbox 698 3799 873 3853; x_wconf 81' lang='grc' dir='ltr'>ταῦτα</span> <span class='ocrx_word' id='word_1_499' title='bbox 907 3798 1284 3871; x_wconf 86' lang='grc' dir='ltr'>προτείνοντες</span> <span class='ocrx_word' id='word_1_500' title='bbox 1306 3837 1322 3860; x_wconf 95' lang='grc'><strong>,</strong></span> <span class='ocrx_word' id='word_1_501' title='bbox 1369 3794 1692 3860; x_wconf 77' lang='grc' dir='ltr'>νοείτωσαν,</span> <span class='ocrx_word' id='word_1_502' title='bbox 1753 3794 1829 3859; x_wconf 84' lang='grc' dir='ltr'>ὡς</span> 
     </span>
    </p>
   </div>
   <div class='ocr_carea' id='block_1_73' title="bbox 238 3886 1826 3958">
    <p class='ocr_par' dir='ltr' id='par_1_73' title="bbox 238 3886 1826 3958">
     <span class='ocr_line' id='line_1_73' title="bbox 238 3886 1826 3958; baseline 0.001 -17"><span class='ocrx_word' id='word_1_503' title='bbox 238 3887 462 3958; x_wconf 74' lang='grc' dir='ltr'>ἐκείνης</span> <span class='ocrx_word' id='word_1_504' title='bbox 496 3888 649 3941; x_wconf 86' lang='grc' dir='ltr'>αίτία</span> <span class='ocrx_word' id='word_1_505' title='bbox 674 3890 708 3958; x_wconf 85' lang='grc' dir='ltr'><strong>ή</strong></span> <span class='ocrx_word' id='word_1_506' title='bbox 742 3887 997 3958; x_wconf 84' lang='grc' dir='ltr'>παροῦσα</span> <span class='ocrx_word' id='word_1_507' title='bbox 1026 3887 1225 3956; x_wconf 87' lang='grc' dir='ltr'>γέγονε</span> <span class='ocrx_word' id='word_1_508' title='bbox 1258 3886 1519 3958; x_wconf 83' lang='grc' dir='ltr'>θυμηδία,</span> <span class='ocrx_word' id='word_1_509' title='bbox 1562 3887 1656 3940; x_wconf 74' lang='grc' dir='ltr'>καὶ</span> <span class='ocrx_word' id='word_1_510' title='bbox 1683 3886 1826 3956; x_wconf 84' lang='grc' dir='ltr'>ἀρχὴ</span> 
     </span>
    </p>
   </div>
   <div class='ocr_carea' id='block_1_74' title="bbox 238 3977 1831 4050">
    <p class='ocr_par' dir='ltr' id='par_1_74' title="bbox 238 3977 1831 4050">
     <span class='ocr_line' id='line_1_74' title="bbox 238 3977 1831 4050; baseline -0.001 -19"><span class='ocrx_word' id='word_1_511' title='bbox 238 3979 340 4049; x_wconf 80' lang='grc' dir='ltr'><strong>τῆς</strong></span> <span class='ocrx_word' id='word_1_512' title='bbox 370 3978 510 4048; x_wconf 70' lang='grc' dir='ltr'>πρὸς</span> <span class='ocrx_word' id='word_1_513' title='bbox 547 3980 696 4050; x_wconf 74' lang='grc' dir='ltr'>ἡμᾶς</span> <span class='ocrx_word' id='word_1_514' title='bbox 729 3978 896 4033; x_wconf 81' lang='grc' dir='ltr'>αὐτοῦ</span> <span class='ocrx_word' id='word_1_515' title='bbox 930 3979 1303 4048; x_wconf 81' lang='grc' dir='ltr'>καταλλαγῆς,</span> <span class='ocrx_word' id='word_1_516' title='bbox 1333 3979 1426 4031; x_wconf 79' lang='grc' dir='ltr'>καὶ</span> <span class='ocrx_word' id='word_1_517' title='bbox 1462 3978 1560 4047; x_wconf 86' lang='grc' dir='ltr'><strong>τῆς</strong></span> <span class='ocrx_word' id='word_1_518' title='bbox 1584 3977 1673 4031; x_wconf 82' lang='grc' dir='ltr'>διὰ</span> <span class='ocrx_word' id='word_1_519' title='bbox 1699 3977 1831 4031; x_wconf 89' lang='grc' dir='ltr'>ταύ-</span> 
     </span>
    </p>
   </div>
   <div class='ocr_carea' id='block_1_75' title="bbox 238 4068 1830 4141">
    <p class='ocr_par' dir='ltr' id='par_1_75' title="bbox 238 4068 1830 4141">
     <span class='ocr_line' id='line_1_75' title="bbox 238 4068 1830 4141; baseline 0 -18"><span class='ocrx_word' id='word_1_520' title='bbox 238 4086 342 4141; x_wconf 86' lang='grc' dir='ltr'><strong>της</strong></span> <span class='ocrx_word' id='word_1_521' title='bbox 374 4072 734 4140; x_wconf 73' lang='grc' dir='ltr'>ἐπιφανείσης</span> <span class='ocrx_word' id='word_1_522' title='bbox 769 4072 899 4140; x_wconf 84' lang='grc' dir='ltr'><strong>ήμῖν</strong></span> <span class='ocrx_word' id='word_1_523' title='bbox 937 4068 1277 4140; x_wconf 86' lang='grc' dir='ltr'>καθέστηκεν</span> <span class='ocrx_word' id='word_1_524' title='bbox 1309 4070 1670 4139; x_wconf 78' lang='grc' dir='ltr'>εὐφροσύνης.</span> <span class='ocrx_word' id='word_1_525' title='bbox 1698 4070 1830 4123; x_wconf 78' lang='grc' dir='ltr'><strong>Ὠσο</strong></span> 
     </span>
    </p>
   </div>
   <div class='ocr_carea' id='block_1_76' title="bbox 239 4160 1828 4232">
    <p class='ocr_par' dir='ltr' id='par_1_76' title="bbox 239 4160 1828 4232">
     <span class='ocr_line' id='line_1_76' title="bbox 239 4160 1828 4232; baseline -0.001 -17"><span class='ocrx_word' id='word_1_526' title='bbox 239 4178 353 4232; x_wconf 85' lang='grc' dir='ltr'><strong>περ</strong></span> <span class='ocrx_word' id='word_1_527' title='bbox 377 4161 484 4231; x_wconf 81' lang='grc' dir='ltr'>γὰρ</span> <span class='ocrx_word' id='word_1_528' title='bbox 521 4161 593 4213; x_wconf 80' lang='grc' dir='ltr'>τὰ</span> <span class='ocrx_word' id='word_1_529' title='bbox 620 4164 701 4223; x_wconf 89' lang='grc' dir='ltr'><strong>είς</strong></span> <span class='ocrx_word' id='word_1_530' title='bbox 734 4161 1085 4230; x_wconf 80' lang='grc' dir='ltr'>καταλλαγὰς</span> <span class='ocrx_word' id='word_1_531' title='bbox 1132 4161 1365 4230; x_wconf 77' lang='grc' dir='ltr'>ἐνέχυρα</span> <span class='ocrx_word' id='word_1_532' title='bbox 1401 4160 1828 4231; x_wconf 78' lang='grc' dir='ltr'>παραλαμϐανό-</span> 
     </span>
    </p>
   </div>
   <div class='ocr_carea' id='block_1_77' title="bbox 243 4251 1827 4324">
    <p class='ocr_par' dir='ltr' id='par_1_77' title="bbox 243 4251 1827 4324">
     <span class='ocr_line' id='line_1_77' title="bbox 243 4251 1827 4324; baseline 0 -19"><span class='ocrx_word' id='word_1_533' title='bbox 243 4269 408 4324; x_wconf 85' lang='grc' dir='ltr'>μενα,</span> <span class='ocrx_word' id='word_1_534' title='bbox 442 4254 665 4324; x_wconf 83' lang='grc' dir='ltr'>εἰρήνης</span> <span class='ocrx_word' id='word_1_535' title='bbox 704 4253 803 4322; x_wconf 86' lang='grc' dir='ltr'><strong>μέν</strong></span> <span class='ocrx_word' id='word_1_536' title='bbox 842 4255 960 4306; x_wconf 78' lang='grc' dir='ltr'>ἐστι</span> <span class='ocrx_word' id='word_1_537' title='bbox 1022 4252 1264 4323; x_wconf 75' lang='grc' dir='ltr'>σύμϐολα</span> <span class='ocrx_word' id='word_1_538' title='bbox 1311 4252 1557 4322; x_wconf 76' lang='grc' dir='ltr'>βεϐαίας,</span> <span class='ocrx_word' id='word_1_539' title='bbox 1590 4252 1730 4322; x_wconf 83' lang='grc' dir='ltr'>ἀρχὴ</span> <span class='ocrx_word' id='word_1_540' title='bbox 1769 4251 1827 4305; x_wconf 80' lang='grc' dir='ltr'>δὲ</span> 
     </span>
    </p>
   </div>
   <div class='ocr_carea' id='block_1_78' title="bbox 238 4342 1828 4414">
    <p class='ocr_par' dir='ltr' id='par_1_78' title="bbox 238 4342 1828 4414">
     <span class='ocr_line' id='line_1_78' title="bbox 238 4342 1828 4414; baseline -0.002 -17"><span class='ocrx_word' id='word_1_541' title='bbox 238 4344 343 4414; x_wconf 83' lang='grc' dir='ltr'><strong>τῆς</strong></span> <span class='ocrx_word' id='word_1_542' title='bbox 385 4344 472 4396; x_wconf 78' lang='grc' dir='ltr'>διὰ</span> <span class='ocrx_word' id='word_1_543' title='bbox 521 4344 629 4397; x_wconf 82' lang='grc' dir='ltr'><strong>τῶν</strong></span> <span class='ocrx_word' id='word_1_544' title='bbox 678 4344 848 4413; x_wconf 82' lang='grc' dir='ltr'>αὐτῆς</span> <span class='ocrx_word' id='word_1_545' title='bbox 892 4344 1081 4409; x_wconf 44' lang='grc' dir='ltr'>,καλῶν</span> <span class='ocrx_word' id='word_1_546' title='bbox 1132 4347 1247 4407; x_wconf 85' lang='grc' dir='ltr'>τοῖς</span> <span class='ocrx_word' id='word_1_547' title='bbox 1297 4342 1828 4412; x_wconf 84' lang='grc' dir='ltr'>καταλλαττομένοις</span> 
     </span>
    </p>
   </div>
   <div class='ocr_carea' id='block_1_79' title="bbox 1932 3242 3368 3312">
    <p class='ocr_par' dir='ltr' id='par_1_79' title="bbox 1932 3242 3368 3312">
     <span class='ocr_line' id='line_1_79' title="bbox 1932 3242 3368 3312; baseline 0.008 -17"><span class='ocrx_word' id='word_1_548' title='bbox 1932 3242 2189 3308; x_wconf 82' lang='lat' dir='ltr'><strong>gaudere,</strong></span> <span class='ocrx_word' id='word_1_549' title='bbox 2230 3258 2292 3296; x_wconf 89' lang='lat' dir='ltr'><strong>ac</strong></span> <span class='ocrx_word' id='word_1_550' title='bbox 2325 3244 2523 3312; x_wconf 87' lang='lat' dir='ltr'><strong>quibus</strong></span> <span class='ocrx_word' id='word_1_551' title='bbox 2551 3244 2765 3303; x_wconf 87' lang='lat' dir='ltr'><strong>licuerit</strong></span> <span class='ocrx_word' id='word_1_552' title='bbox 2797 3248 3046 3303; x_wconf 88' lang='lat' dir='ltr'><strong>laudibus</strong></span> <span class='ocrx_word' id='word_1_553' title='bbox 3084 3263 3368 3306; x_wconf 79' lang='lat' dir='ltr'><strong>exornare.</strong></span> 
     </span>
    </p>
   </div>
   <div class='ocr_carea' id='block_1_80' title="bbox 2004 3442 3511 3525">
    <p class='ocr_par' dir='ltr' id='par_1_80' title="bbox 2004 3442 3511 3525">
     <span class='ocr_line' id='line_1_80' title="bbox 2004 3442 3511 3525; baseline 0.011 -28"><span class='ocrx_word' id='word_1_554' title='bbox 2004 3442 2302 3501; x_wconf 85' lang='lat' dir='ltr'><strong>Enimvero</strong></span> <span class='ocrx_word' id='word_1_555' title='bbox 2333 3463 2438 3503; x_wconf 90' lang='lat' dir='ltr'><strong>non</strong></span> <span class='ocrx_word' id='word_1_556' title='bbox 2475 3448 2673 3516; x_wconf 90' lang='lat' dir='ltr'><strong>desint,</strong></span> <span class='ocrx_word' id='word_1_557' title='bbox 2710 3452 2800 3521; x_wconf 81' lang='lat' dir='ltr'><strong>qui</strong></span> <span class='ocrx_word' id='word_1_558' title='bbox 2839 3450 3134 3510; x_wconf 87' lang='lat' dir='ltr'><strong>Dominicae</strong></span> <span class='ocrx_word' id='word_1_559' title='bbox 3167 3456 3511 3525; x_wconf 85' lang='lat' dir='ltr'><strong>apparitioni,</strong></span> 
     </span>
    </p>
   </div>
   <div class='ocr_carea' id='block_1_81' title="bbox 1930 3536 3513 3618">
    <p class='ocr_par' dir='ltr' id='par_1_81' title="bbox 1930 3536 3513 3618">
     <span class='ocr_line' id='line_1_81' title="bbox 1930 3536 3513 3618; baseline 0.008 -28"><span class='ocrx_word' id='word_1_560' title='bbox 1930 3536 2194 3605; x_wconf 86' lang='lat' dir='ltr'><strong>ejusmodi</strong></span> <span class='ocrx_word' id='word_1_561' title='bbox 2235 3548 2290 3593; x_wconf 90' lang='lat' dir='ltr'><strong>et</strong></span> <span class='ocrx_word' id='word_1_562' title='bbox 2323 3539 2589 3609; x_wconf 70' lang='lat' dir='ltr'><strong>laetitiam,</strong></span> <span class='ocrx_word' id='word_1_563' title='bbox 2626 3552 2679 3596; x_wconf 87' lang='lat' dir='ltr'><strong>et</strong></span> <span class='ocrx_word' id='word_1_564' title='bbox 2711 3547 3005 3611; x_wconf 74' lang='lat' dir='ltr'><strong>gratiarum</strong></span> <span class='ocrx_word' id='word_1_565' title='bbox 3048 3550 3336 3618; x_wconf 89' lang='lat' dir='ltr'><strong>actionem,</strong></span> <span class='ocrx_word' id='word_1_566' title='bbox 3379 3566 3513 3605; x_wconf 90' lang='lat' dir='ltr'><strong>con-</strong></span> 
     </span>
    </p>
   </div>
   <div class='ocr_carea' id='block_1_82' title="bbox 1930 3630 3514 3705">
    <p class='ocr_par' dir='ltr' id='par_1_82' title="bbox 1930 3630 3514 3705">
     <span class='ocr_line' id='line_1_82' title="bbox 1930 3630 3514 3705; baseline 0.01 -25"><span class='ocrx_word' id='word_1_567' title='bbox 1930 3644 2125 3697; x_wconf 88' lang='lat' dir='ltr'><strong>gruere</strong></span> <span class='ocrx_word' id='word_1_568' title='bbox 2154 3630 2375 3694; x_wconf 90' lang='lat' dir='ltr'><strong>dicant,</strong></span> <span class='ocrx_word' id='word_1_569' title='bbox 2409 3642 2574 3702; x_wconf 88' lang='lat' dir='ltr'><strong>utque</strong></span> <span class='ocrx_word' id='word_1_570' title='bbox 2618 3635 2869 3689; x_wconf 86' lang='lat' dir='ltr'><strong>universa</strong></span> <span class='ocrx_word' id='word_1_571' title='bbox 2902 3637 3016 3692; x_wconf 71' lang='lat' dir='ltr'><strong>hazc</strong></span> <span class='ocrx_word' id='word_1_572' title='bbox 3052 3637 3192 3693; x_wconf 80' lang='lat' dir='ltr'><strong>facta</strong></span> <span class='ocrx_word' id='word_1_573' title='bbox 3228 3641 3319 3705; x_wconf 88' lang='lat' dir='ltr'><strong>sit,</strong></span> <span class='ocrx_word' id='word_1_574' title='bbox 3362 3643 3514 3696; x_wconf 88' lang='lat' dir='ltr'><strong>ﬁnis-</strong></span> 
     </span>
    </p>
   </div>
   <div class='ocr_carea' id='block_1_83' title="bbox 1929 3722 3510 3792">
    <p class='ocr_par' dir='ltr' id='par_1_83' title="bbox 1929 3722 3510 3792">
     <span class='ocr_line' id='line_1_83' title="bbox 1929 3722 3510 3792; baseline 0.011 -20"><span class='ocrx_word' id='word_1_575' title='bbox 1929 3735 2033 3788; x_wconf 91' lang='lat' dir='ltr'><strong>que</strong></span> <span class='ocrx_word' id='word_1_576' title='bbox 2071 3722 2313 3792; x_wconf 82' lang='lat' dir='ltr'><strong>mysterii</strong></span> <span class='ocrx_word' id='word_1_577' title='bbox 2362 3738 2424 3775; x_wconf 92' lang='lat' dir='ltr'><strong>ac</strong></span> <span class='ocrx_word' id='word_1_578' title='bbox 2486 3739 2872 3780; x_wconf 77' lang='lat' dir='ltr'><strong>concessurum</strong></span> <span class='ocrx_word' id='word_1_579' title='bbox 2916 3730 3179 3784; x_wconf 89' lang='lat' dir='ltr'><strong>donorum</strong></span> <span class='ocrx_word' id='word_1_580' title='bbox 3217 3735 3510 3789; x_wconf 81' lang='lat' dir='ltr'><strong>exstiterit.</strong></span> 
     </span>
    </p>
   </div>
   <div class='ocr_carea' id='block_1_84' title="bbox 1930 3807 3509 3890">
    <p class='ocr_par' dir='ltr' id='par_1_84' title="bbox 1930 3807 3509 3890">
     <span class='ocr_line' id='line_1_84' title="bbox 1930 3807 3509 3890; baseline 0.011 -29"><span class='ocrx_word' id='word_1_581' title='bbox 1930 3807 2131 3863; x_wconf 77' lang='lat' dir='ltr'><strong>Verum</strong></span> <span class='ocrx_word' id='word_1_582' title='bbox 2174 3813 2444 3877; x_wconf 75' lang='lat' dir='ltr'><strong>noverint,</strong></span> <span class='ocrx_word' id='word_1_583' title='bbox 2492 3815 2580 3881; x_wconf 91' lang='lat' dir='ltr'><strong>qni</strong></span> <span class='ocrx_word' id='word_1_584' title='bbox 2617 3816 2717 3868; x_wconf 89' lang='lat' dir='ltr'><strong>ista</strong></span> <span class='ocrx_word' id='word_1_585' title='bbox 2748 3830 3047 3886; x_wconf 77' lang='lat' dir='ltr'><strong>apponunt,</strong></span> <span class='ocrx_word' id='word_1_586' title='bbox 3079 3825 3362 3890; x_wconf 85' lang='lat' dir='ltr'><strong>praesentis</strong></span> <span class='ocrx_word' id='word_1_587' title='bbox 3404 3826 3509 3880; x_wconf 89' lang='lat' dir='ltr'><strong>diei</strong></span> 
     </span>
    </p>
   </div>
   <div class='ocr_carea' id='block_1_85' title="bbox 1923 3898 3508 3977">
    <p class='ocr_par' dir='ltr' id='par_1_85' title="bbox 1923 3898 3508 3977">
     <span class='ocr_line' id='line_1_85' title="bbox 1923 3898 3508 3977; baseline 0.012 -27"><span class='ocrx_word' id='word_1_588' title='bbox 1923 3898 2314 3968; x_wconf 87' lang='lat' dir='ltr'><strong>jucunditatem</strong></span> <span class='ocrx_word' id='word_1_589' title='bbox 2368 3903 2510 3957; x_wconf 87' lang='lat' dir='ltr'><strong>illius</strong></span> <span class='ocrx_word' id='word_1_590' title='bbox 2545 3904 2711 3960; x_wconf 73' lang='lat' dir='ltr'><strong>inisse</strong></span> <span class='ocrx_word' id='word_1_591' title='bbox 2738 3922 2976 3973; x_wconf 82' lang='lat' dir='ltr'><strong>causam,</strong></span> <span class='ocrx_word' id='word_1_592' title='bbox 3008 3924 3071 3964; x_wconf 84' lang='lat' dir='ltr'><strong>ac</strong></span> <span class='ocrx_word' id='word_1_593' title='bbox 3102 3910 3194 3977; x_wconf 76' lang='lat' dir='ltr'><strong>Dei</strong></span> <span class='ocrx_word' id='word_1_594' title='bbox 3229 3915 3508 3970; x_wconf 86' lang='lat' dir='ltr'><strong>nobiscum</strong></span> 
     </span>
    </p>
   </div>
   <div class='ocr_carea' id='block_1_86' title="bbox 1928 3990 3511 4075">
    <p class='ocr_par' dir='ltr' id='par_1_86' title="bbox 1928 3990 3511 4075">
     <span class='ocr_line' id='line_1_86' title="bbox 1928 3990 3511 4075; baseline 0.009 -31"><span class='ocrx_word' id='word_1_595' title='bbox 1928 3990 2388 4049; x_wconf 85' lang='lat' dir='ltr'><strong>reconciliationis</strong></span> <span class='ocrx_word' id='word_1_596' title='bbox 2434 3995 2666 4063; x_wconf 85' lang='lat' dir='ltr'><strong>initium,</strong></span> <span class='ocrx_word' id='word_1_597' title='bbox 2713 3997 2934 4067; x_wconf 88' lang='lat' dir='ltr'><strong>ejusque</strong></span> <span class='ocrx_word' id='word_1_598' title='bbox 2980 4000 3199 4067; x_wconf 65' lang='lat' dir='ltr'><strong>laetitiae,</strong></span> <span class='ocrx_word' id='word_1_599' title='bbox 3252 4018 3373 4072; x_wconf 82' lang='lat' dir='ltr'><strong>quae</strong></span> <span class='ocrx_word' id='word_1_600' title='bbox 3414 4017 3511 4075; x_wconf 81' lang='lat' dir='ltr'><strong>per</strong></span> 
     </span>
    </p>
   </div>
   <div class='ocr_carea' id='block_1_87' title="bbox 1927 4083 3506 4163">
    <p class='ocr_par' dir='ltr' id='par_1_87' title="bbox 1927 4083 3506 4163">
     <span class='ocr_line' id='line_1_87' title="bbox 1927 4083 3506 4163; baseline 0.01 -28"><span class='ocrx_word' id='word_1_601' title='bbox 1927 4096 2046 4135; x_wconf 85' lang='lat' dir='ltr'><strong>eam</strong></span> <span class='ocrx_word' id='word_1_602' title='bbox 2087 4083 2241 4139; x_wconf 89' lang='lat' dir='ltr'><strong>nobis</strong></span> <span class='ocrx_word' id='word_1_603' title='bbox 2293 4084 2514 4141; x_wconf 83' lang='lat' dir='ltr'><strong>aﬂ&#39;ulsit.</strong></span> <span class='ocrx_word' id='word_1_604' title='bbox 2575 4088 3036 4154; x_wconf 88' lang='lat' dir='ltr'><strong>Quemadmodum</strong></span> <span class='ocrx_word' id='word_1_605' title='bbox 3090 4094 3234 4146; x_wconf 90' lang='lat' dir='ltr'><strong>enim</strong></span> <span class='ocrx_word' id='word_1_606' title='bbox 3285 4107 3506 4163; x_wconf 85' lang='lat' dir='ltr'><strong>accepta</strong></span> 
     </span>
    </p>
   </div>
   <div class='ocr_carea' id='block_1_88' title="bbox 1928 4175 3507 4254">
    <p class='ocr_par' dir='ltr' id='par_1_88' title="bbox 1928 4175 3507 4254">
     <span class='ocr_line' id='line_1_88' title="bbox 1928 4175 3507 4254; baseline 0.009 -27"><span class='ocrx_word' id='word_1_607' title='bbox 1928 4175 1994 4227; x_wconf 88' lang='lat' dir='ltr'><strong>ad</strong></span> <span class='ocrx_word' id='word_1_608' title='bbox 2055 4177 2488 4232; x_wconf 86' lang='lat' dir='ltr'><strong>conciliationem</strong></span> <span class='ocrx_word' id='word_1_609' title='bbox 2562 4181 2823 4250; x_wconf 83' lang='lat' dir='ltr'><strong>pignora,</strong></span> <span class='ocrx_word' id='word_1_610' title='bbox 2892 4184 3043 4253; x_wconf 86' lang='lat' dir='ltr'><strong>signa</strong></span> <span class='ocrx_word' id='word_1_611' title='bbox 3103 4187 3319 4254; x_wconf 88' lang='lat' dir='ltr'><strong>quidem</strong></span> <span class='ocrx_word' id='word_1_612' title='bbox 3381 4198 3507 4243; x_wconf 90' lang='lat' dir='ltr'><strong>sunt</strong></span> 
     </span>
    </p>
   </div>
   <div class='ocr_carea' id='block_1_89' title="bbox 1928 4265 3505 4350">
    <p class='ocr_par' dir='ltr' id='par_1_89' title="bbox 1928 4265 3505 4350">
     <span class='ocr_line' id='line_1_89' title="bbox 1928 4265 3505 4350; baseline 0.011 -32"><span class='ocrx_word' id='word_1_613' title='bbox 1928 4265 2098 4321; x_wconf 65' lang='lat' dir='ltr'><strong>ﬁrmae</strong></span> <span class='ocrx_word' id='word_1_614' title='bbox 2132 4270 2315 4339; x_wconf 88' lang='lat' dir='ltr'><strong>pacis;</strong></span> <span class='ocrx_word' id='word_1_615' title='bbox 2353 4270 2562 4324; x_wconf 89' lang='lat' dir='ltr'><strong>initium</strong></span> <span class='ocrx_word' id='word_1_616' title='bbox 2592 4284 2769 4326; x_wconf 89' lang='lat' dir='ltr'><strong>autem</strong></span> <span class='ocrx_word' id='word_1_617' title='bbox 2797 4273 3159 4341; x_wconf 87' lang='lat' dir='ltr'><strong>jucunditatis</strong></span> <span class='ocrx_word' id='word_1_618' title='bbox 3195 4279 3359 4346; x_wconf 90' lang='lat' dir='ltr'><strong>illius,</strong></span> <span class='ocrx_word' id='word_1_619' title='bbox 3400 4297 3505 4350; x_wconf 90' lang='lat' dir='ltr'><strong>qna</strong></span> 
     </span>
    </p>
   </div>
   <div class='ocr_carea' id='block_1_90' title="bbox 1929 4360 3505 4441">
    <p class='ocr_par' dir='ltr' id='par_1_90' title="bbox 1929 4360 3505 4441">
     <span class='ocr_line' id='line_1_90' title="bbox 1929 4360 3505 4441; baseline 0.009 -29"><span class='ocrx_word' id='word_1_620' title='bbox 1929 4360 2042 4412; x_wconf 87' lang='lat' dir='ltr'><strong>suis</strong></span> <span class='ocrx_word' id='word_1_621' title='bbox 2069 4374 2169 4428; x_wconf 83' lang='lat' dir='ltr'><strong>pax</strong></span> <span class='ocrx_word' id='word_1_622' title='bbox 2213 4362 2370 4416; x_wconf 91' lang='lat' dir='ltr'><strong>bonis</strong></span> <span class='ocrx_word' id='word_1_623' title='bbox 2407 4364 2726 4419; x_wconf 89' lang='lat' dir='ltr'><strong>conciliatos</strong></span> <span class='ocrx_word' id='word_1_624' title='bbox 2767 4365 2928 4420; x_wconf 87' lang='lat' dir='ltr'><strong>aﬁicit</strong></span> <span class='ocrx_word' id='word_1_625' title='bbox 2960 4383 2974 4420; x_wconf 90' lang='lat'>:</span> <span class='ocrx_word' id='word_1_626' title='bbox 3024 4378 3081 4421; x_wconf 89' lang='grc' dir='ltr'><strong>ιιι</strong></span> <span class='ocrx_word' id='word_1_627' title='bbox 3115 4369 3241 4423; x_wconf 90' lang='lat' dir='ltr'><strong>item</strong></span> <span class='ocrx_word' id='word_1_628' title='bbox 3263 4411 3278 4435; x_wconf 94' lang='lat'><strong>,</strong></span> <span class='ocrx_word' id='word_1_629' title='bbox 3323 4372 3367 4426; x_wconf 90' lang='lat' dir='ltr'><strong>si</strong></span> <span class='ocrx_word' id='word_1_630' title='bbox 3399 4388 3505 4441; x_wconf 88' lang='lat' dir='ltr'><strong>qna</strong></span> 
     </span>
    </p>
   </div>
   <div class='ocr_carea' id='block_1_91' title="bbox 236 4428 1840 4527">
    <p class='ocr_par' dir='ltr' id='par_1_91' title="bbox 236 4428 1825 4505">
     <span class='ocr_line' id='line_1_91' title="bbox 236 4428 1825 4505; baseline -0.003 -18"><span class='ocrx_word' id='word_1_631' title='bbox 236 4435 525 4503; x_wconf 69' lang='grc' dir='ltr'>ἐγγίνεται</span> <span class='ocrx_word' id='word_1_632' title='bbox 553 4434 825 4502; x_wconf 87' lang='grc' dir='ltr'>θυμηδίας</span> <span class='ocrx_word' id='word_1_633' title='bbox 845 4451 860 4466; x_wconf 71' lang='grc' dir='ltr'><strong>ο</strong></span> <span class='ocrx_word' id='word_1_634' title='bbox 883 4434 917 4505; x_wconf 84' lang='grc' dir='ltr'>ἢ</span> <span class='ocrx_word' id='word_1_635' title='bbox 945 4433 1135 4503; x_wconf 79' lang='grc' dir='ltr'>ὥσπερ</span> <span class='ocrx_word' id='word_1_636' title='bbox 1162 4436 1191 4503; x_wconf 85' lang='grc' dir='ltr'>ἡ</span> <span class='ocrx_word' id='word_1_637' title='bbox 1220 4428 1296 4486; x_wconf 71' lang='grc' dir='ltr'>ὲκ</span> <span class='ocrx_word' id='word_1_638' title='bbox 1320 4432 1427 4485; x_wconf 83' lang='grc' dir='ltr'>τῶν</span> <span class='ocrx_word' id='word_1_639' title='bbox 1457 4432 1715 4503; x_wconf 80' lang='grc' dir='ltr'>ὑπηκόων</span> <span class='ocrx_word' id='word_1_640' title='bbox 1746 4433 1825 4496; x_wconf 86' lang='grc' dir='ltr'><strong>είς</strong></span> 
     </span>
    </p>
   </div>
   <div class='ocr_carea' id='block_1_92' title="bbox 1931 4428 3509 4527">
    <p class='ocr_par' dir='ltr' id='par_1_92' title="bbox 1935 4428 3509 4527">
     <span class='ocr_line' id='line_1_92' title="bbox 1935 4428 3509 4527; baseline 0.01 -24"><span class='ocrx_word' id='word_1_641' title='bbox 1935 4450 2146 4527; x_wconf 73' lang='lat' dir='ltr'><strong>mulier,</strong></span> <span class='ocrx_word' id='word_1_642' title='bbox 2175 4467 2206 4505; x_wconf 94' lang='lat' dir='ltr'><strong>e</strong></span> <span class='ocrx_word' id='word_1_643' title='bbox 2235 4453 2482 4523; x_wconf 85' lang='lat' dir='ltr'><strong>subjecto</strong></span> <span class='ocrx_word' id='word_1_644' title='bbox 2512 4454 2703 4522; x_wconf 88' lang='lat' dir='ltr'><strong>populo</strong></span> <span class='ocrx_word' id='word_1_645' title='bbox 2740 4457 2805 4509; x_wconf 87' lang='lat' dir='ltr'><strong>ad</strong></span> <span class='ocrx_word' id='word_1_646' title='bbox 2849 4458 3053 4527; x_wconf 88' lang='lat' dir='ltr'><strong>regium</strong></span> <span class='ocrx_word' id='word_1_647' title='bbox 3085 4460 3381 4516; x_wconf 88' lang='lat' dir='ltr'><strong>thalamum</strong></span> <span class='ocrx_word' id='word_1_648' title='bbox 3415 4428 3509 4517; x_wconf 74' lang='lat' dir='ltr'><strong>de-</strong></span> 
     </span>
    </p>
   </div>
   <div class='ocr_carea' id='block_1_93' title="bbox 244 4523 1826 4595">
    <p class='ocr_par' dir='ltr' id='par_1_93' title="bbox 244 4523 1826 4595">
     <span class='ocr_line' id='line_1_93' title="bbox 244 4523 1826 4595; baseline -0.003 -16"><span class='ocrx_word' id='word_1_649' title='bbox 244 4524 536 4595; x_wconf 75' lang='grc' dir='ltr'>βασιλικὴν</span> <span class='ocrx_word' id='word_1_650' title='bbox 565 4525 881 4594; x_wconf 81' lang='grc' dir='ltr'>ἀγχιστείαν</span> <span class='ocrx_word' id='word_1_651' title='bbox 925 4525 1019 4578; x_wconf 76' lang='grc' dir='ltr'>καὶ</span> <span class='ocrx_word' id='word_1_652' title='bbox 1059 4523 1465 4593; x_wconf 86' lang='grc' dir='ltr'>προκρινομένη</span> <span class='ocrx_word' id='word_1_653' title='bbox 1515 4523 1605 4575; x_wconf 77' lang='grc' dir='ltr'><strong>καὶ</strong></span> <span class='ocrx_word' id='word_1_654' title='bbox 1642 4539 1826 4592; x_wconf 84' lang='grc' dir='ltr'>παρα-</span> 
     </span>
    </p>
   </div>
   <div class='ocr_carea' id='block_1_94' title="bbox 238 4609 1826 4687">
    <p class='ocr_par' dir='ltr' id='par_1_94' title="bbox 238 4609 1826 4687">
     <span class='ocr_line' id='line_1_94' title="bbox 238 4609 1826 4687; baseline 0.001 -18"><span class='ocrx_word' id='word_1_655' title='bbox 238 4616 636 4687; x_wconf 78' lang='grc' dir='ltr'>λαμϐανομένη</span> <span class='ocrx_word' id='word_1_656' title='bbox 659 4657 675 4681; x_wconf 93' lang='grc'><strong>,</strong></span> <span class='ocrx_word' id='word_1_657' title='bbox 731 4617 1036 4686; x_wconf 80' lang='grc' dir='ltr'>τεκμήριον</span> <span class='ocrx_word' id='word_1_658' title='bbox 1065 4616 1298 4686; x_wconf 76' lang='grc' dir='ltr'>ἀψευδὲς</span> <span class='ocrx_word' id='word_1_659' title='bbox 1348 4619 1462 4679; x_wconf 81' lang='grc' dir='ltr'>τοῖς</span> <span class='ocrx_word' id='word_1_660' title='bbox 1496 4617 1587 4685; x_wconf 82' lang='grc' dir='ltr'><strong>ἀφ’</strong></span> <span class='ocrx_word' id='word_1_661' title='bbox 1618 4609 1694 4670; x_wconf 83' lang='grc' dir='ltr'>ὧν</span> <span class='ocrx_word' id='word_1_662' title='bbox 1739 4617 1826 4683; x_wconf 75' lang='grc' dir='ltr'><strong>ἐξ·</strong></span> 
     </span>
    </p>
   </div>
   <div class='ocr_carea' id='block_1_95' title="bbox 245 4706 1825 4778">
    <p class='ocr_par' dir='ltr' id='par_1_95' title="bbox 245 4706 1825 4778">
     <span class='ocr_line' id='line_1_95' title="bbox 245 4706 1825 4778; baseline -0.001 -18"><span class='ocrx_word' id='word_1_663' title='bbox 245 4708 416 4778; x_wconf 86' lang='grc' dir='ltr'>ελέγη</span> <span class='ocrx_word' id='word_1_664' title='bbox 462 4711 782 4778; x_wconf 83' lang='grc' dir='ltr'>κατέχεται,</span> <span class='ocrx_word' id='word_1_665' title='bbox 817 4707 916 4776; x_wconf 74' lang='grc' dir='ltr'>τῆς</span> <span class='ocrx_word' id='word_1_666' title='bbox 954 4724 1013 4760; x_wconf 89' lang='grc' dir='ltr'><strong>τε</strong></span> <span class='ocrx_word' id='word_1_667' title='bbox 1050 4707 1185 4777; x_wconf 75' lang='grc' dir='ltr'>πρὸς</span> <span class='ocrx_word' id='word_1_668' title='bbox 1231 4706 1457 4776; x_wconf 79' lang='grc' dir='ltr'>βασιλέα</span> <span class='ocrx_word' id='word_1_669' title='bbox 1493 4707 1825 4776; x_wconf 84' lang='grc' dir='ltr'>συγγενικῆς</span> 
     </span>
    </p>
   </div>
   <div class='ocr_carea' id='block_1_96' title="bbox 239 4797 1822 4870">
    <p class='ocr_par' dir='ltr' id='par_1_96' title="bbox 239 4797 1822 4870">
     <span class='ocr_line' id='line_1_96' title="bbox 239 4797 1822 4870; baseline -0.001 -17"><span class='ocrx_word' id='word_1_670' title='bbox 239 4800 527 4863; x_wconf 79' lang='grc' dir='ltr'>ἑνώσεως,</span> <span class='ocrx_word' id='word_1_671' title='bbox 558 4802 653 4854; x_wconf 74' lang='grc' dir='ltr'><strong>καὶ</strong></span> <span class='ocrx_word' id='word_1_672' title='bbox 683 4803 782 4870; x_wconf 77' lang='grc' dir='ltr'>τῆς</span> <span class='ocrx_word' id='word_1_673' title='bbox 822 4800 909 4853; x_wconf 84' lang='grc' dir='ltr'>διὰ</span> <span class='ocrx_word' id='word_1_674' title='bbox 937 4798 1096 4853; x_wconf 79' lang='grc' dir='ltr'>τοῦτο</span> <span class='ocrx_word' id='word_1_675' title='bbox 1127 4800 1507 4870; x_wconf 86' lang='grc' dir='ltr'>παρεσομένης</span> <span class='ocrx_word' id='word_1_676' title='bbox 1544 4797 1789 4863; x_wconf 77' lang='grc' dir='ltr'>εὐδοξίας</span> <span class='ocrx_word' id='word_1_677' title='bbox 1808 4815 1822 4829; x_wconf 90' lang='grc'><strong>·</strong></span> 
     </span>
    </p>
   </div>
   <div class='ocr_carea' id='block_1_97' title="bbox 238 4890 1826 4963">
    <p class='ocr_par' dir='ltr' id='par_1_97' title="bbox 238 4890 1826 4963">
     <span class='ocr_line' id='line_1_97' title="bbox 238 4890 1826 4963; baseline -0.001 -18"><span class='ocrx_word' id='word_1_678' title='bbox 238 4893 276 4963; x_wconf 73' lang='grc' dir='ltr'>ἢ</span> <span class='ocrx_word' id='word_1_679' title='bbox 302 4891 559 4963; x_wconf 84' lang='grc' dir='ltr'>καθάπερ</span> <span class='ocrx_word' id='word_1_680' title='bbox 607 4892 896 4963; x_wconf 86' lang='grc' dir='ltr'>βασιλείων</span> <span class='ocrx_word' id='word_1_681' title='bbox 926 4893 984 4944; x_wconf 81' lang='grc' dir='ltr'>ἐν</span> <span class='ocrx_word' id='word_1_682' title='bbox 1025 4890 1317 4954; x_wconf 86' lang='grc' dir='ltr'>ἰδιωτικοῖς</span> <span class='ocrx_word' id='word_1_683' title='bbox 1366 4890 1826 4960; x_wconf 80' lang='grc' dir='ltr'>έγκαινιζομένων</span> 
     </span>
    </p>
   </div>
   <div class='ocr_carea' id='block_1_98' title="bbox 239 4976 1824 5054">
    <p class='ocr_par' dir='ltr' id='par_1_98' title="bbox 239 4976 1824 5054">
     <span class='ocr_line' id='line_1_98' title="bbox 239 4976 1824 5054; baseline -0.003 -16"><span class='ocrx_word' id='word_1_684' title='bbox 239 4984 502 5054; x_wconf 60' lang='grc' dir='ltr'>κλήροις,</span> <span class='ocrx_word' id='word_1_685' title='bbox 538 4986 763 5053; x_wconf 85' lang='grc' dir='ltr'>σημεῖον</span> <span class='ocrx_word' id='word_1_686' title='bbox 804 4983 904 5052; x_wconf 78' lang='grc' dir='ltr'>τῆς</span> <span class='ocrx_word' id='word_1_687' title='bbox 943 4983 1009 5035; x_wconf 84' lang='grc' dir='ltr'>δι’</span> <span class='ocrx_word' id='word_1_688' title='bbox 1056 4976 1130 5036; x_wconf 82' lang='grc' dir='ltr'>ὧν</span> <span class='ocrx_word' id='word_1_689' title='bbox 1168 4984 1577 5054; x_wconf 89' lang='grc' dir='ltr'>καινουργεῖται</span> <span class='ocrx_word' id='word_1_690' title='bbox 1617 4999 1824 5052; x_wconf 82' lang='grc' dir='ltr'>παρου-</span> 
     </span>
    </p>
   </div>
   <div class='ocr_carea' id='block_1_99' title="bbox 240 5073 1827 5145">
    <p class='ocr_par' dir='ltr' id='par_1_99' title="bbox 240 5073 1827 5145">
     <span class='ocr_line' id='line_1_99' title="bbox 240 5073 1827 5145; baseline -0.001 -17"><span class='ocrx_word' id='word_1_691' title='bbox 240 5075 368 5138; x_wconf 89' lang='grc' dir='ltr'>σίας</span> <span class='ocrx_word' id='word_1_692' title='bbox 406 5073 504 5128; x_wconf 75' lang='grc' dir='ltr'><strong>καὶ</strong></span> <span class='ocrx_word' id='word_1_693' title='bbox 548 5074 929 5145; x_wconf 81' lang='grc' dir='ltr'>συνδιατριϐἧς</span> <span class='ocrx_word' id='word_1_694' title='bbox 961 5075 1063 5128; x_wconf 90' lang='grc' dir='ltr'><strong>οὑκ</strong></span> <span class='ocrx_word' id='word_1_695' title='bbox 1108 5074 1416 5144; x_wconf 75' lang='grc' dir='ltr'>ἀμφίϐολον</span> <span class='ocrx_word' id='word_1_696' title='bbox 1459 5077 1526 5144; x_wconf 80' lang='grc' dir='ltr'>τῇ</span> <span class='ocrx_word' id='word_1_697' title='bbox 1560 5074 1827 5145; x_wconf 84' lang='grc' dir='ltr'>περιοίκῳ</span> 
     </span>
    </p>
   </div>
   <div class='ocr_carea' id='block_1_100' title="bbox 237 5159 1826 5238">
    <p class='ocr_par' dir='ltr' id='par_1_100' title="bbox 237 5159 1826 5238">
     <span class='ocr_line' id='line_1_100' title="bbox 237 5159 1826 5238; baseline 0.002 -21"><span class='ocrx_word' id='word_1_698' title='bbox 237 5166 480 5235; x_wconf 87' lang='grc' dir='ltr'>γίνεται,</span> <span class='ocrx_word' id='word_1_699' title='bbox 515 5166 583 5219; x_wconf 87' lang='grc' dir='ltr'>δι’</span> <span class='ocrx_word' id='word_1_700' title='bbox 613 5159 677 5219; x_wconf 73' lang='grc' dir='ltr'>οὗ</span> <span class='ocrx_word' id='word_1_701' title='bbox 710 5167 812 5238; x_wconf 86' lang='grc' dir='ltr'>τήν</span> <span class='ocrx_word' id='word_1_702' title='bbox 861 5183 922 5220; x_wconf 82' lang='grc' dir='ltr'><strong>τε</strong></span> <span class='ocrx_word' id='word_1_703' title='bbox 955 5167 1054 5232; x_wconf 78' lang='grc' dir='ltr'>τῆς</span> <span class='ocrx_word' id='word_1_704' title='bbox 1103 5166 1390 5235; x_wconf 88' lang='grc' dir='ltr'>εὐμενείας</span> <span class='ocrx_word' id='word_1_705' title='bbox 1422 5167 1516 5218; x_wconf 68' lang='grc' dir='ltr'><strong>καὶ</strong></span> <span class='ocrx_word' id='word_1_706' title='bbox 1552 5165 1826 5237; x_wconf 80' lang='grc' dir='ltr'>συντηρή-</span> 
     </span>
    </p>
   </div>
   <div class='ocr_carea' id='block_1_101' title="bbox 241 5254 1826 5327">
    <p class='ocr_par' dir='ltr' id='par_1_101' title="bbox 241 5254 1826 5327">
     <span class='ocr_line' id='line_1_101' title="bbox 241 5254 1826 5327; baseline -0.003 -15"><span class='ocrx_word' id='word_1_707' title='bbox 241 5274 386 5321; x_wconf 87' lang='grc' dir='ltr'>σεως</span> <span class='ocrx_word' id='word_1_708' title='bbox 416 5256 943 5327; x_wconf 79' lang='grc' dir='ltr'>προκατασπάζεται</span> <span class='ocrx_word' id='word_1_709' title='bbox 972 5255 1303 5325; x_wconf 81' lang='grc' dir='ltr'>κηδεμονίαν</span> <span class='ocrx_word' id='word_1_710' title='bbox 1322 5271 1336 5284; x_wconf 71' lang='grc' dir='ltr'><strong>ο</strong></span> <span class='ocrx_word' id='word_1_711' title='bbox 1368 5254 1510 5308; x_wconf 79' lang='grc' dir='ltr'>οὕτω</span> <span class='ocrx_word' id='word_1_712' title='bbox 1532 5254 1597 5326; x_wconf 79' lang='grc' dir='ltr'><strong>δὴ</strong></span> <span class='ocrx_word' id='word_1_713' title='bbox 1635 5256 1729 5308; x_wconf 73' lang='grc' dir='ltr'><strong>καὶ</strong></span> <span class='ocrx_word' id='word_1_714' title='bbox 1756 5254 1826 5309; x_wconf 81' lang='grc' dir='ltr'>τὰ</span> 
     </span>
    </p>
   </div>
   <div class='ocr_carea' id='block_1_102' title="bbox 233 5346 1825 5423">
    <p class='ocr_par' dir='ltr' id='par_1_102' title="bbox 233 5346 1825 5423">
     <span class='ocr_line' id='line_1_102' title="bbox 233 5346 1825 5423; baseline -0.004 -19"><span class='ocrx_word' id='word_1_715' title='bbox 233 5347 372 5420; x_wconf 64' lang='grc' dir='ltr'>περὶ</span> <span class='ocrx_word' id='word_1_716' title='bbox 424 5347 526 5423; x_wconf 77' lang='grc' dir='ltr'><strong>τὴν</strong></span> <span class='ocrx_word' id='word_1_717' title='bbox 579 5349 823 5418; x_wconf 84' lang='grc' dir='ltr'>σήμερον</span> <span class='ocrx_word' id='word_1_718' title='bbox 874 5348 972 5400; x_wconf 69' lang='grc' dir='ltr'>καὶ</span> <span class='ocrx_word' id='word_1_719' title='bbox 1004 5346 1229 5416; x_wconf 85' lang='grc' dir='ltr'>γέγονε.</span> <span class='ocrx_word' id='word_1_720' title='bbox 1286 5346 1383 5399; x_wconf 74' lang='grc' dir='ltr'>καὶ</span> <span class='ocrx_word' id='word_1_721' title='bbox 1426 5346 1525 5410; x_wconf 74' lang='grc' dir='ltr'>τὰς</span> <span class='ocrx_word' id='word_1_722' title='bbox 1556 5347 1685 5417; x_wconf 80' lang='grc' dir='ltr'>περὶ</span> <span class='ocrx_word' id='word_1_723' title='bbox 1723 5346 1825 5417; x_wconf 77' lang='grc' dir='ltr'>τῆς</span> 
     </span>
    </p>
   </div>
   <div class='ocr_carea' id='block_1_103' title="bbox 311 5518 1826 5594">
    <p class='ocr_par' dir='ltr' id='par_1_103' title="bbox 311 5518 1826 5594">
     <span class='ocr_line' id='line_1_103' title="bbox 311 5518 1826 5594; baseline 0.002 -20"><span class='ocrx_word' id='word_1_724' title='bbox 311 5520 424 5589; x_wconf 76' lang='grc'><strong>(12)</strong></span> <span class='ocrx_word' id='word_1_725' title='bbox 479 5519 736 5594; x_wconf 50' lang='lat' dir='ltr'><strong>Superum</strong></span> <span class='ocrx_word' id='word_1_726' title='bbox 770 5518 954 5591; x_wconf 75' lang='lat' dir='ltr'><strong>gloria:</strong></span> <span class='ocrx_word' id='word_1_727' title='bbox 1004 5523 1503 5594; x_wconf 24' lang='grc' dir='ltr'>ανρμιιηιεηισηλτὰς</span> <span class='ocrx_word' id='word_1_728' title='bbox 1553 5522 1682 5594; x_wconf 71' lang='grc' dir='ltr'>περὶ</span> <span class='ocrx_word' id='word_1_729' title='bbox 1725 5524 1826 5593; x_wconf 87' lang='grc' dir='ltr'>τῆς</span> 
     </span>
    </p>
   </div>
   <div class='ocr_carea' id='block_1_104' title="bbox 230 5591 1826 5661">
    <p class='ocr_par' dir='ltr' id='par_1_104' title="bbox 230 5591 1826 5661">
     <span class='ocr_line' id='line_1_104' title="bbox 230 5591 1826 5661; baseline -0.001 -15"><span class='ocrx_word' id='word_1_730' title='bbox 230 5593 505 5646; x_wconf 78' lang='grc' dir='ltr'>ἀνωτάτω</span> <span class='ocrx_word' id='word_1_731' title='bbox 534 5591 777 5656; x_wconf 68' lang='grc' dir='ltr'>εὐδοξίας</span> <span class='ocrx_word' id='word_1_732' title='bbox 822 5594 1065 5661; x_wconf 77' lang='grc' dir='ltr'>ἐφόδους.</span> <span class='ocrx_word' id='word_1_733' title='bbox 1098 5592 1209 5644; x_wconf 80' lang='lat' dir='ltr'><strong>Vox</strong></span> <span class='ocrx_word' id='word_1_734' title='bbox 1250 5591 1475 5659; x_wconf 81' lang='grc' dir='ltr'>ἐφόδους</span> <span class='ocrx_word' id='word_1_735' title='bbox 1513 5608 1606 5646; x_wconf 86' lang='lat' dir='ltr'><strong>sua</strong></span> <span class='ocrx_word' id='word_1_736' title='bbox 1629 5591 1826 5661; x_wconf 75' lang='lat' dir='ltr'><strong>ampli-</strong></span> 
     </span>
    </p>
   </div>
   <div class='ocr_carea' id='block_1_105' title="bbox 229 5662 1823 5731">
    <p class='ocr_par' dir='ltr' id='par_1_105' title="bbox 229 5662 1823 5731">
     <span class='ocr_line' id='line_1_105' title="bbox 229 5662 1823 5731; baseline -0.001 -14"><span class='ocrx_word' id='word_1_737' title='bbox 229 5662 423 5717; x_wconf 81' lang='lat' dir='ltr'><strong>tudine</strong></span> <span class='ocrx_word' id='word_1_738' title='bbox 458 5677 564 5715; x_wconf 86' lang='lat' dir='ltr'><strong>non</strong></span> <span class='ocrx_word' id='word_1_739' title='bbox 590 5662 724 5716; x_wconf 88' lang='lat' dir='ltr'><strong>nihil</strong></span> <span class='ocrx_word' id='word_1_740' title='bbox 754 5664 1037 5716; x_wconf 76' lang='lat' dir='ltr'><strong>obscurior</strong></span> <span class='ocrx_word' id='word_1_741' title='bbox 1065 5680 1078 5715; x_wconf 91' lang='lat'><strong>:</strong></span> <span class='ocrx_word' id='word_1_742' title='bbox 1107 5669 1285 5731; x_wconf 83' lang='lat' dir='ltr'><strong>putem</strong></span> <span class='ocrx_word' id='word_1_743' title='bbox 1312 5663 1606 5729; x_wconf 86' lang='lat' dir='ltr'><strong>signiﬁcari</strong></span> <span class='ocrx_word' id='word_1_744' title='bbox 1631 5663 1698 5716; x_wconf 78' lang='grc' dir='ltr'><strong>τὰ</strong></span> <span class='ocrx_word' id='word_1_745' title='bbox 1721 5663 1823 5731; x_wconf 86' lang='grc' dir='ltr'>τῆς</span> 
     </span>
    </p>
   </div>
   <div class='ocr_carea' id='block_1_106' title="bbox 223 5730 1819 5811">
    <p class='ocr_par' dir='ltr' id='par_1_106' title="bbox 223 5730 1819 5811">
     <span class='ocr_line' id='line_1_106' title="bbox 223 5730 1819 5811; baseline 0.003 -24"><span class='ocrx_word' id='word_1_746' title='bbox 223 5731 549 5804; x_wconf 78' lang='grc' dir='ltr'>οἰκονομίας</span> <span class='ocrx_word' id='word_1_747' title='bbox 565 5770 591 5804; x_wconf 89' lang='lat'><strong>_,</strong></span> <span class='ocrx_word' id='word_1_748' title='bbox 626 5747 690 5789; x_wconf 83' lang='lat' dir='ltr'><strong>ac</strong></span> <span class='ocrx_word' id='word_1_749' title='bbox 723 5733 774 5788; x_wconf 87' lang='lat' dir='ltr'><strong>iu</strong></span> <span class='ocrx_word' id='word_1_750' title='bbox 806 5732 1029 5811; x_wconf 76' lang='lat' dir='ltr'><strong>Christo</strong></span> <span class='ocrx_word' id='word_1_751' title='bbox 1073 5730 1349 5796; x_wconf 78' lang='lat' dir='ltr'><strong>exhibita,</strong></span> <span class='ocrx_word' id='word_1_752' title='bbox 1376 5747 1480 5811; x_wconf 81' lang='lat' dir='ltr'><strong>per</strong></span> <span class='ocrx_word' id='word_1_753' title='bbox 1514 5748 1633 5801; x_wconf 69' lang='lat' dir='ltr'><strong>quae</strong></span> <span class='ocrx_word' id='word_1_754' title='bbox 1665 5730 1819 5799; x_wconf 80' lang='lat' dir='ltr'><strong>nobis</strong></span> 
     </span>
    </p>
   </div>
   <div class='ocr_carea' id='block_1_107' title="bbox 212 5812 996 5846">
    <p class='ocr_par' dir='ltr' id='par_1_107' title="bbox 212 5812 996 5846">
     <span class='ocr_line' id='line_1_107' title="bbox 212 5812 996 5846; baseline 0.009 -11"><span class='ocrx_word' id='word_1_755' title='bbox 212 5814 369 5835; x_wconf 54' lang='grc' dir='ltr'><strong>,σνν-</strong></span> <span class='ocrx_word' id='word_1_756' title='bbox 564 5818 593 5839; x_wconf 74' lang='grc' dir='ltr'>σι</span> <span class='ocrx_word' id='word_1_757' title='bbox 926 5812 996 5846; x_wconf 56' lang='grc' dir='ltr'>«ω</span> 
     </span>
    </p>
   </div>
   <div class='ocr_carea' id='block_1_108' title="bbox 1930 4540 3511 4615">
    <p class='ocr_par' dir='ltr' id='par_1_108' title="bbox 1930 4540 3511 4615">
     <span class='ocr_line' id='line_1_108' title="bbox 1930 4540 3511 4615; baseline 0.009 -21"><span class='ocrx_word' id='word_1_758' title='bbox 1930 4540 2127 4609; x_wconf 87' lang='lat' dir='ltr'><strong>ligatur</strong></span> <span class='ocrx_word' id='word_1_759' title='bbox 2158 4559 2221 4599; x_wconf 89' lang='lat' dir='ltr'><strong>ac</strong></span> <span class='ocrx_word' id='word_1_760' title='bbox 2258 4554 2598 4610; x_wconf 85' lang='lat' dir='ltr'><strong>assumatur,</strong></span> <span class='ocrx_word' id='word_1_761' title='bbox 2635 4548 3033 4615; x_wconf 87' lang='lat' dir='ltr'><strong>certissimum,</strong></span> <span class='ocrx_word' id='word_1_762' title='bbox 3081 4565 3201 4604; x_wconf 85' lang='lat' dir='ltr'><strong>cum</strong></span> <span class='ocrx_word' id='word_1_763' title='bbox 3233 4553 3511 4609; x_wconf 77' lang='lat' dir='ltr'><strong>aﬁinitatis</strong></span> 
     </span>
    </p>
   </div>
   <div class='ocr_carea' id='block_1_109' title="bbox 1928 4637 3508 4713">
    <p class='ocr_par' dir='ltr' id='par_1_109' title="bbox 1928 4637 3508 4713">
     <span class='ocr_line' id='line_1_109' title="bbox 1928 4637 3508 4713; baseline 0.01 -27"><span class='ocrx_word' id='word_1_764' title='bbox 1928 4646 2049 4687; x_wconf 74' lang='lat' dir='ltr'><strong>eum</strong></span> <span class='ocrx_word' id='word_1_765' title='bbox 2087 4650 2232 4704; x_wconf 81' lang='lat' dir='ltr'><strong>rege,</strong></span> <span class='ocrx_word' id='word_1_766' title='bbox 2267 4646 2380 4690; x_wconf 91' lang='lat' dir='ltr'><strong>tum</strong></span> <span class='ocrx_word' id='word_1_767' title='bbox 2449 4637 2645 4692; x_wconf 72' lang='lat' dir='ltr'><strong>futurtr</strong></span> <span class='ocrx_word' id='word_1_768' title='bbox 2687 4644 2754 4693; x_wconf 72' lang='lat' dir='ltr'><strong>ex</strong></span> <span class='ocrx_word' id='word_1_769' title='bbox 2783 4656 2843 4693; x_wconf 89' lang='lat' dir='ltr'><strong>ea</strong></span> <span class='ocrx_word' id='word_1_770' title='bbox 2881 4642 3096 4710; x_wconf 63' lang='lat' dir='ltr'><strong>gloriae,</strong></span> <span class='ocrx_word' id='word_1_771' title='bbox 3130 4658 3508 4713; x_wconf 86' lang='lat' dir='ltr'><strong>argumentum</strong></span> 
     </span>
    </p>
   </div>
   <div class='ocr_carea' id='block_1_110' title="bbox 1930 4725 3512 4808">
    <p class='ocr_par' dir='ltr' id='par_1_110' title="bbox 1930 4725 3512 4808">
     <span class='ocr_line' id='line_1_110' title="bbox 1930 4725 3512 4808; baseline 0.01 -30"><span class='ocrx_word' id='word_1_772' title='bbox 1930 4725 1990 4779; x_wconf 84' lang='lat' dir='ltr'><strong>ﬁt</strong></span> <span class='ocrx_word' id='word_1_773' title='bbox 2039 4728 2328 4794; x_wconf 84' lang='lat' dir='ltr'><strong>gentilibus</strong></span> <span class='ocrx_word' id='word_1_774' title='bbox 2359 4729 2474 4783; x_wconf 89' lang='lat' dir='ltr'><strong>suis</strong></span> <span class='ocrx_word' id='word_1_775' title='bbox 2516 4747 2528 4780; x_wconf 91' lang='lat'>:</span> <span class='ocrx_word' id='word_1_776' title='bbox 2582 4739 2641 4781; x_wconf 90' lang='lat' dir='ltr'><strong>ut</strong></span> <span class='ocrx_word' id='word_1_777' title='bbox 2688 4732 2956 4800; x_wconf 85' lang='lat' dir='ltr'><strong>denique,</strong></span> <span class='ocrx_word' id='word_1_778' title='bbox 2988 4736 3234 4790; x_wconf 86' lang='lat' dir='ltr'><strong>dedicata</strong></span> <span class='ocrx_word' id='word_1_779' title='bbox 3286 4741 3512 4808; x_wconf 84' lang='lat' dir='ltr'><strong>privatis</strong></span> 
     </span>
    </p>
   </div>
   <div class='ocr_carea' id='block_1_111' title="bbox 1929 4817 3508 4896">
    <p class='ocr_par' dir='ltr' id='par_1_111' title="bbox 1929 4817 3508 4896">
     <span class='ocr_line' id='line_1_111' title="bbox 1929 4817 3508 4896; baseline 0.011 -26"><span class='ocrx_word' id='word_1_780' title='bbox 1929 4817 2367 4886; x_wconf 84' lang='lat' dir='ltr'><strong>possessionibus</strong></span> <span class='ocrx_word' id='word_1_781' title='bbox 2392 4820 2558 4889; x_wconf 78' lang='lat' dir='ltr'><strong>regia,</strong></span> <span class='ocrx_word' id='word_1_782' title='bbox 2597 4822 2677 4876; x_wconf 90' lang='lat' dir='ltr'><strong>sui</strong></span> <span class='ocrx_word' id='word_1_783' title='bbox 2707 4824 2796 4877; x_wconf 88' lang='lat' dir='ltr'><strong>illa</strong></span> <span class='ocrx_word' id='word_1_784' title='bbox 2824 4827 3216 4896; x_wconf 83' lang='lat' dir='ltr'><strong>designatione,</strong></span> <span class='ocrx_word' id='word_1_785' title='bbox 3247 4833 3508 4888; x_wconf 83' lang='lat' dir='ltr'><strong>adventus</strong></span> 
     </span>
    </p>
   </div>
   <div class='ocr_carea' id='block_1_112' title="bbox 1932 4908 3504 4982">
    <p class='ocr_par' dir='ltr' id='par_1_112' title="bbox 1932 4908 3504 4982">
     <span class='ocr_line' id='line_1_112' title="bbox 1932 4908 3504 4982; baseline 0.01 -20"><span class='ocrx_word' id='word_1_786' title='bbox 1932 4909 2091 4976; x_wconf 86' lang='lat' dir='ltr'><strong>regii,</strong></span> <span class='ocrx_word' id='word_1_787' title='bbox 2126 4908 2426 4980; x_wconf 68' lang='lat' dir='ltr'><strong>iuturazqne</strong></span> <span class='ocrx_word' id='word_1_788' title='bbox 2464 4913 2581 4982; x_wconf 89' lang='lat' dir='ltr'><strong>ejus</strong></span> <span class='ocrx_word' id='word_1_789' title='bbox 2614 4920 3081 4981; x_wconf 88' lang='lat' dir='ltr'><strong>commorationis,</strong></span> <span class='ocrx_word' id='word_1_790' title='bbox 3120 4924 3265 4975; x_wconf 75' lang='lat' dir='ltr'><strong>ornui</strong></span> <span class='ocrx_word' id='word_1_791' title='bbox 3298 4924 3504 4978; x_wconf 89' lang='lat' dir='ltr'><strong>circum</strong></span> 
     </span>
    </p>
   </div>
   <div class='ocr_carea' id='block_1_113' title="bbox 1930 5000 3510 5084">
    <p class='ocr_par' dir='ltr' id='par_1_113' title="bbox 1930 5000 3510 5084">
     <span class='ocr_line' id='line_1_113' title="bbox 1930 5000 3510 5084; baseline 0.013 -31"><span class='ocrx_word' id='word_1_792' title='bbox 1930 5000 2154 5070; x_wconf 80' lang='lat' dir='ltr'><strong>pepulo,</strong></span> <span class='ocrx_word' id='word_1_793' title='bbox 2193 5003 2554 5059; x_wconf 87' lang='lat' dir='ltr'><strong>indubitatum</strong></span> <span class='ocrx_word' id='word_1_794' title='bbox 2592 5007 2804 5076; x_wconf 87' lang='lat' dir='ltr'><strong>signum</strong></span> <span class='ocrx_word' id='word_1_795' title='bbox 2848 5009 3097 5077; x_wconf 77' lang='lat' dir='ltr'><strong>efﬁcitur,</strong></span> <span class='ocrx_word' id='word_1_796' title='bbox 3137 5028 3242 5082; x_wconf 88' lang='lat' dir='ltr'><strong>quo</strong></span> <span class='ocrx_word' id='word_1_797' title='bbox 3276 5015 3510 5084; x_wconf 76' lang='lat' dir='ltr'><strong>jamillc</strong></span> 
     </span>
    </p>
   </div>
   <div class='ocr_carea' id='block_1_114' title="bbox 1929 5091 3502 5172">
    <p class='ocr_par' dir='ltr' id='par_1_114' title="bbox 1929 5091 3502 5172">
     <span class='ocr_line' id='line_1_114' title="bbox 1929 5091 3502 5172; baseline 0.009 -26"><span class='ocrx_word' id='word_1_798' title='bbox 1929 5091 2273 5146; x_wconf 88' lang='lat' dir='ltr'><strong>clementiam</strong></span> <span class='ocrx_word' id='word_1_799' title='bbox 2308 5095 2568 5165; x_wconf 90' lang='lat' dir='ltr'><strong>principis</strong></span> <span class='ocrx_word' id='word_1_800' title='bbox 2591 5099 2979 5167; x_wconf 82' lang='lat' dir='ltr'><strong>providainque</strong></span> <span class='ocrx_word' id='word_1_801' title='bbox 3008 5107 3502 5172; x_wconf 66' lang='lat' dir='ltr'><strong>conservationem,</strong></span> 
     </span>
    </p>
   </div>
   <div class='ocr_carea' id='block_1_115' title="bbox 1929 5180 3505 5255">
    <p class='ocr_par' dir='ltr' id='par_1_115' title="bbox 1929 5180 3505 5255">
     <span class='ocr_line' id='line_1_115' title="bbox 1929 5180 3505 5255; baseline 0.01 -21"><span class='ocrx_word' id='word_1_802' title='bbox 1929 5180 2085 5234; x_wconf 84' lang='lat' dir='ltr'><strong>avide</strong></span> <span class='ocrx_word' id='word_1_803' title='bbox 2128 5181 2360 5249; x_wconf 88' lang='lat' dir='ltr'><strong>salutet,</strong></span> <span class='ocrx_word' id='word_1_804' title='bbox 2402 5199 2466 5237; x_wconf 88' lang='lat' dir='ltr'><strong>ac</strong></span> <span class='ocrx_word' id='word_1_805' title='bbox 2515 5186 2616 5238; x_wconf 89' lang='lat' dir='ltr'><strong>sibi</strong></span> <span class='ocrx_word' id='word_1_806' title='bbox 2664 5184 2964 5255; x_wconf 88' lang='lat' dir='ltr'><strong>gratuletur</strong></span> <span class='ocrx_word' id='word_1_807' title='bbox 2999 5205 3013 5243; x_wconf 92' lang='lat'><strong>:</strong></span> <span class='ocrx_word' id='word_1_808' title='bbox 3065 5188 3138 5242; x_wconf 87' lang='lat' dir='ltr'><strong>ita</strong></span> <span class='ocrx_word' id='word_1_809' title='bbox 3169 5207 3300 5247; x_wconf 85' lang='lat' dir='ltr'><strong>sane</strong></span> <span class='ocrx_word' id='word_1_810' title='bbox 3344 5197 3505 5250; x_wconf 85' lang='lat' dir='ltr'><strong>etiam</strong></span> 
     </span>
    </p>
   </div>
   <div class='ocr_carea' id='block_1_116' title="bbox 1928 5273 3506 5354">
    <p class='ocr_par' dir='ltr' id='par_1_116' title="bbox 1928 5273 3506 5354">
     <span class='ocr_line' id='line_1_116' title="bbox 1928 5273 3506 5354; baseline 0.01 -28"><span class='ocrx_word' id='word_1_811' title='bbox 1928 5273 2236 5329; x_wconf 87' lang='lat' dir='ltr'><strong>habuerunt</strong></span> <span class='ocrx_word' id='word_1_812' title='bbox 2266 5292 2383 5343; x_wconf 80' lang='lat' dir='ltr'><strong>qua:</strong></span> <span class='ocrx_word' id='word_1_813' title='bbox 2414 5277 2480 5328; x_wconf 90' lang='lat' dir='ltr'><strong>ad</strong></span> <span class='ocrx_word' id='word_1_814' title='bbox 2509 5278 2794 5345; x_wconf 82' lang='lat' dir='ltr'><strong>praesentis</strong></span> <span class='ocrx_word' id='word_1_815' title='bbox 2827 5279 2930 5332; x_wconf 89' lang='lat' dir='ltr'><strong>diei</strong></span> <span class='ocrx_word' id='word_1_816' title='bbox 2964 5279 3206 5336; x_wconf 65' lang='lat' dir='ltr'><strong>laetitiam</strong></span> <span class='ocrx_word' id='word_1_817' title='bbox 3240 5295 3506 5354; x_wconf 81' lang='lat' dir='ltr'><strong>spectant,</strong></span> 
     </span>
    </p>
   </div>
   <div class='ocr_carea' id='block_1_117' title="bbox 1927 5367 3507 5443">
    <p class='ocr_par' dir='ltr' id='par_1_117' title="bbox 1927 5367 3507 5443">
     <span class='ocr_line' id='line_1_117' title="bbox 1927 5367 3507 5443; baseline 0.011 -24"><span class='ocrx_word' id='word_1_818' title='bbox 1927 5379 2281 5436; x_wconf 72' lang='lat' dir='ltr'><strong>supernaeqne</strong></span> <span class='ocrx_word' id='word_1_819' title='bbox 2324 5367 2508 5437; x_wconf 64' lang='lat' dir='ltr'><strong>gloriae</strong></span> <span class='ocrx_word' id='word_1_820' title='bbox 2543 5379 2862 5438; x_wconf 86' lang='lat' dir='ltr'><strong>argumenta</strong></span> <span class='ocrx_word' id='word_1_821' title='bbox 2898 5370 3011 5443; x_wconf 76' lang='lat' dir='ltr'><strong>(l2)</strong></span> <span class='ocrx_word' id='word_1_822' title='bbox 3050 5378 3507 5443; x_wconf 78' lang='lat' dir='ltr'><strong>pramuntiarunt.</strong></span> 
     </span>
    </p>
   </div>
   <div class='ocr_carea' id='block_1_118' title="bbox 1928 5529 3503 5607">
    <p class='ocr_par' dir='ltr' id='par_1_118' title="bbox 1928 5529 3503 5607">
     <span class='ocr_line' id='line_1_118' title="bbox 1928 5529 3503 5607; baseline 0.01 -25"><span class='ocrx_word' id='word_1_823' title='bbox 1928 5529 1992 5582; x_wconf 88' lang='lat' dir='ltr'><strong>ad</strong></span> <span class='ocrx_word' id='word_1_824' title='bbox 2035 5530 2312 5607; x_wconf 74' lang='lat' dir='ltr'><strong>cmlcstem</strong></span> <span class='ocrx_word' id='word_1_825' title='bbox 2356 5544 2483 5585; x_wconf 87' lang='lat' dir='ltr'><strong>vere</strong></span> <span class='ocrx_word' id='word_1_826' title='bbox 2521 5546 2831 5607; x_wconf 78' lang='lat' dir='ltr'><strong>supernam</strong></span> <span class='ocrx_word' id='word_1_827' title='bbox 2867 5533 3094 5607; x_wconf 88' lang='lat' dir='ltr'><strong>gloriam</strong></span> <span class='ocrx_word' id='word_1_828' title='bbox 3138 5540 3456 5600; x_wconf 65' lang='lat' dir='ltr'><strong>aditus’est</strong></span> <span class='ocrx_word' id='word_1_829' title='bbox 3490 5563 3503 5597; x_wconf 93' lang='lat'><strong>:</strong></span> 
     </span>
    </p>
   </div>
   <div class='ocr_carea' id='block_1_119' title="bbox 1925 5602 3506 5686">
    <p class='ocr_par' dir='ltr' id='par_1_119' title="bbox 1925 5602 3506 5686">
     <span class='ocr_line' id='line_1_119' title="bbox 1925 5602 3506 5686; baseline 0.015 -37"><span class='ocrx_word' id='word_1_830' title='bbox 1925 5614 2045 5667; x_wconf 56' lang='lat' dir='ltr'><strong>quas</strong></span> <span class='ocrx_word' id='word_1_831' title='bbox 2076 5604 2259 5686; x_wconf 65' lang='lat' dir='ltr'><strong>utique</strong></span> <span class='ocrx_word' id='word_1_832' title='bbox 2295 5603 2673 5686; x_wconf 66' lang='lat' dir='ltr'><strong>prarntintiavit</strong></span> <span class='ocrx_word' id='word_1_833' title='bbox 2698 5602 2891 5660; x_wconf 52' lang='lat' dir='ltr'><strong>Maria?</strong></span> <span class='ocrx_word' id='word_1_834' title='bbox 2907 5620 3061 5665; x_wconf 86' lang='lat' dir='ltr'><strong>ortus</strong></span> <span class='ocrx_word' id='word_1_835' title='bbox 3090 5614 3287 5681; x_wconf 66' lang='lat' dir='ltr'><strong>praevie</strong></span> <span class='ocrx_word' id='word_1_836' title='bbox 3320 5617 3506 5686; x_wconf 54' lang='lat' dir='ltr'><strong>prmi.</strong></span> 
     </span>
    </p>
   </div>
   <div class='ocr_carea' id='block_1_120' title="bbox 1926 5671 2577 5740">
    <p class='ocr_par' dir='ltr' id='par_1_120' title="bbox 1926 5671 2577 5740">
     <span class='ocr_line' id='line_1_120' title="bbox 1926 5671 2577 5740; baseline 0.009 -18"><span class='ocrx_word' id='word_1_837' title='bbox 1926 5684 2121 5740; x_wconf 81' lang='lat' dir='ltr'><strong>nicqnc</strong></span> <span class='ocrx_word' id='word_1_838' title='bbox 2163 5671 2228 5725; x_wconf 85' lang='lat' dir='ltr'><strong>ad</strong></span> <span class='ocrx_word' id='word_1_839' title='bbox 2262 5686 2322 5727; x_wconf 84' lang='lat' dir='ltr'><strong>ea</strong></span> <span class='ocrx_word' id='word_1_840' title='bbox 2355 5673 2577 5728; x_wconf 85' lang='lat' dir='ltr'><strong>habens.</strong></span> 
     </span>
    </p>
   </div>
  </div>
