3982 6160
262 313 400 381 1381

1076 316 1179 395 ΙΝ⁴
1200 317 1302 379 SS.
1346 312 1698 378 ΒΕΙΡΑΒᾹΞ
1734 312 2313 377 CONCEPTIONEM
2350 316 2446 377 ΕΤ
2484 316 2652 378 ΝΑΤ.

3378 317 3515 387 1382

258 429 514 497 κέκριται
555 425 741 497 νύμφη
767 440 781 456 ο
816 424 878 479 τό
902 442 959 480 τε
995 426 1292 493 παλάτιον,
1337 427 1430 483 καὶ
1472 427 1835 497 παρήνοικται

1937 426 2234 493 instructa;
2283 428 2661 498 bonorumque
2706 428 2758 483 in
2811 442 2906 499 spe
2956 430 3257 500 positorum
3317 447 3511 489 secura

263 520 427 592 [ἀλλ.
452 516 759 589 παρῆκται]
786 517 881 571 καί⁸
898 516 1266 589 ἠὐτρέπισται
1292 521 1549 589 σήμερον.
1567 519 1632 572 Ἦ
1654 517 1713 571 δὲ
1731 516 1839 571 τῶν

259 610 630 664 ἐλπισθέντων
671 608 984 679 βεδαιότης,
1016 609 1108 663 διά
1127 627 1188 663 τε
1214 610 1309 680 τῆς
1344 609 1627 680 βασιλικῆς
1654 608 1840 679 ἐπιδη-

266 700 399 769 μίας
427 699 525 753 καὶ
568 699 867 767 συναφείας
886 740 901 764 ,
936 702 1050 763 τοῖς
1076 698 1187 753 τῶν
1213 699 1433 770 δωρεῶν
1478 701 1609 771 ἡμῖν
1639 699 1839 771 δηλαδὴ

262 790 630 863 προσεγένετο
655 790 926 861 μετόχοις.
951 790 1184 855 Οὐκοῦν,
1213 793 1428 863 ἡγεῖται
1453 793 1552 863 μὲν
1573 794 1675 863 τῆς
1698 792 1840 847 κατὰ

257 881 360 953 τὴν
390 881 635 952 ἄρρητον
683 881 1000 951 οἰκονομίαν
1065 879 1441 952 εὐφροσύνης,
1500 882 1534 951 ή
1588 881 1841 952 παροῦσα

257 966 591 1035 φαιδρότης·
622 967 840 1036 ἡγεῖται
879 967 924 1020 δ’
957 967 1057 1037 οὐχ
1091 967 1167 1030 ὡς
1199 969 1273 1038 μὴ
1310 969 1542 1039 συνεχὴς
1569 969 1776 1041 ἐκείνῃ,
1801 969 1837 1040 ἢ

256 1060 340 1130 τῷ
373 1059 597 1130 μεγέθει
629 1059 1039 1132 διανεστηκυῖα,
1072 1061 1189 1117 ἀλλ’
1223 1062 1298 1125 ὡς
1335 1062 1472 1132 πρὸς
1496 1061 1554 1115 τὸ
1575 1062 1670 1116 τοῦ
1703 1078 1840 1115 παν-

255 1149 351 1213 τὸς
396 1150 642 1218 ἀσφαλὲς
687 1152 1183 1222 χειραγωγήσασα,
1215 1153 1311 1206 καί
1357 1154 1489 1223 ἡμῖν
1530 1169 1596 1220 γε
1625 1153 1840 1216 οἰκείως

258 1240 357 1294 καὶ
392 1241 626 1311 πρώτως
655 1240 769 1312 [ισ.
810 1242 1177 1314 πρεπόντωςῙ,
1214 1245 1335 1297 ἐπεὶ
1388 1244 1484 1297 καλ⁵
1519 1244 1607 1298 διὰ
1640 1244 1738 1313 τῆς
1782 1245 1839 1310 ἐξ

259 1331 420 1401 ήμῶν
448 1332 549 1402 τὴν
570 1332 909 1403 τελεωτάτην
934 1334 1112 1405 χαρὰν
1134 1336 1533 1406 προξενήσασα.
1556 1334 1655 1388 Διὰ
1681 1335 1840 1387 τοῦτο

261 1423 346 1476 δεῖ
373 1423 476 1491 τὴν
521 1424 842 1495 προεόρτιογ
897 1424 1103 1494 ταύτην
1141 1426 1238 1479 καὶ
1284 1426 1378 1479 τοῦ
1427 1425 1616 1489 τέλους
1661 1424 1839 1479 αἰτίαν

261 1513 663 1584 προσείροντας
705 1515 1077 1585 εὐχαριστίαν,
1116 1516 1363 1587 φαιδροῖς
1413 1517 1509 1587 μὲν
1543 1515 1621 1584 τῷ
1658 1531 1842 1584 φαινο-

264 1606 418 1675 μένῳ
440 1646 455 1667 ,
484 1605 863 1675 φαιδροτέροις
899 1606 957 1659 δὲ
1005 1609 1069 1676 τῇ
1109 1606 1315 1677 ψυίικῇ
1367 1606 1704 1676 κοσμιότητι,
1739 1606 1839 1675 τὴν

261 1694 553 1764 παροῦσαν
578 1695 826 1757 ἐπαίνοις
851 1698 1216 1769 καταστέφειν
1241 1698 1547 1767 πανήγυριν
1563 1711 1576 1726 ⁸
1609 1697 1840 1766 σκιρτᾷν

1943 518 2173 574 adventu
2232 518 2324 574 ilio
2372 534 2435 575 ae
2467 519 2886 599 necessitudine,
2928 520 3175 586 firmitas,
3205 523 3512 592 percipien-

1944 608 2086 663 tibus
2135 609 2296 676 dona,
2364 609 2516 665 nobis
2566 610 2754 680 utique
2814 612 3062 666 accessit.
3123 612 3286 667 Praeit
3328 614 3514 682 itaque

1939 700 2222 768 praesentis
2242 699 2614 765 diei‘claritas,
2643 699 2895 755 iueﬁ‘abili
2923 698 2998 754 illi
3016 715 3081 755 ex
3105 701 3305 756 Christi
3333 702 3518 757 incar-

1941 790 2051 842 nati
2088 798 2430 843 sacramento
2461 790 2692 856 laetitias;
2733 790 2888 858 pmit
2918 804 3065 856 vero,
3094 805 3200 845 non
3240 799 3298 845 ut
3318 792 3367 846 ei
3405 806 3515 845 non

1940 880 2243 947 cohaerens,
2275 881 2381 937 ,vel
2414 890 2474 935 ut
2520 881 2893 950 magnitudine
2933 882 3207 947 diﬂ‘erens,
3234 884 3329 937 sed
3366 882 3513 937 velut

1942 983 2060 1037 quae
2086 971 2150 1023 ad
2187 971 2263 1024 rei
2303 970 2466 1026 totius
2497 972 2873 1027 certitudinem
2900 975 3059 1042 quasi
3107 974 3513 1041 manuduxerit,

1945 1060 2107 1128 idque
2155 1061 2314 1116 modo
2359 1063 2517 1117 nohis
2562 1062 2820 1118 familiari
2882 1079 2945 1121 ae
2988 1079 3255 1135 congruo;
3295 1067 3520 1136 quando

1941 1167 2041 1221 per
2067 1168 2218 1217 eam,
2255 1168 2374 1222 quae
2418 1164 2602 1209 nostra
2634 1156 2848 1224 gentilis
2891 1165 3064 1219 esset,
3095 1156 3515 1211 consummatis-

1940 1243 2136 1297 simum
2173 1245 2423 1312 gaudium
2456 1245 2780 1298 conciliavit.
2804 1245 3161 1311 Quamobrem
3192 1261 3369 1316 opera:
3390 1262 3513 1317 pre-

1940 1328 2076 1382 tium
2103 1339 2185 1383 est
2237 1339 2296 1382 ut
2324 1329 2705 1398 prmambniam
2732 1332 2873 1386 hanc
2923 1347 2986 1387 ac
3026 1334 3148 1390 finis
3179 1334 3519 1388 ronciiiatri»

1940 1433 2057 1472 cem
2119 1420 2437 1489 adjicientes
2494 1424 2759 1492 gratiam,
2818 1423 2956 1476 laetis
3011 1424 3226 1492 quidem
3284 1426 3506 1490 habitu,

1941 1506 2241 1564 laetioribus
2275 1521 2455 1566 autem
2513 1513 2679 1566 animi
2717 1512 3029 1576 honestate,
3071 1514 3353 1579 laudibus,
3400 1517 3508 1571 diei

1939 1604 2226 1670 praesentis
2250 1602 2618 1659 celebritatem
2648 1617 3001 1668 coronemns;
3019 1603 3309 1672 jucundius
3345 1608 3507 1661 salia-

1941 1707 2097 1758 mus;
2140 1693 2368 1760 spiritali
2406 1694 2580 1762 magis
2608 1708 2767 1761 quam
2796 1695 3066 1763 corporali
3111 1696 3320 1751 ratione
3358 1697 3508 1752 laste-

258 1757 666 1851 εὐθυμότερον⁸
714 1757 1119 1853 εὐφραίνεσθαι.
1146 1757 1658 1855 πνευματίκίῦτερον
1696 1757 1826 1852 μᾶλ-

1944 1757 2097 1846 mur;
2123 1757 2245 1834 eum
2276 1757 2589 1837 cmlestihus
2618 1757 2680 1837 ac
2719 1757 2917 1836 divinis
2943 1784 3222 1839 ordinibus
3260 1791 3515 1841 certatim

258 1870 385 1935 λον,
432 1871 465 1941 ἢ
518 1871 1010 1943 σωματικώτερονο
1049 1876 1116 1944 τῇ
1160 1874 1268 1929 τῶν
1310 1875 1510 1945 νοερῶν
1544 1875 1632 1930 καὶ
1673 1874 1833 1930 θείων

258 1962 598 2033 ἁμιλλᾶσθαι
654 1962 863 2029 τάξεων
926 1965 1280 2033 ἀγαλλιάσειο
1342 1968 1524 2020 πᾶσαν
1585 1966 1835 2028 ἅπαντας

258 2053 740 2124 προτρεπομένους
769 2042 1048 2125 διανιστᾷν
1079 2056 1137 2109 ὲν
1164 2055 1375 2118 τούτοις
1402 2054 1500 2125 τὴν
1527 2056 1724 2107 κτίσιν.

344 2141 505 2196 Ἀλλά
540 2143 844 2214 προφθάνει
899 2144 993 2198 τὸν
1027 2144 1402 2212 συγκαλοῦντα
1448 2144 1606 2212 λόγον
1650 2145 1682 2213 ὴ
1724 2141 1833 2196 τῶν

256 2229 509 2299 ἀγγέλων
537 2233 887 2301 χοροστασία,
919 2236 1012 2288 καὶ
1032 2235 1130 2306 τὴν
1155 2236 1223 2289 δι’
1242 2231 1310 2308 ἦς
1332 2236 1390 2287 τὸ
1409 2233 1502 2287 τοῦ
1530 2233 1830 2304 μυστηρίου

257 2322 481 2375 κατεῖδε
529 2324 736 2394 πέρας,
783 2325 1094 2396 ἀνευφημεῖ
1144 2327 1419 2396 σήμερον
1461 2324 1831 2396 προφθάνουσι

259 2411 357 2466 καὶ
378 2412 620 2484 οὐρανοὶ,
663 2415 757 2468 καὶ
795 2415 864 2469 τὰ
899 2414 995 2470 τοῦ
1031 2416 1220 2470 καινοῦ
1252 2417 1344 2470 καὶ
1372 2417 1674 2486 ὑπερτάτου
1710 2431 1832 2467 στε-

262 2504 554 2573 ρεὼματος
598 2508 1092 2578 καταγεραίρουσιν
1134 2507 1279 2577 ὕψη·
1325 2508 1685 2579 προτρέχουσι
1727 2523 1834 2575 φω-

262 2595 484 2666 στῆρες,
513 2596 609 2651 καὶ
640 2600 760 2661 ταῖς
797 2598 892 2651 τοῦ
927 2599 1118 2670 νοητοῦ
1161 2599 1317 2670 ⁴ἡλίου
1383 2598 1608 2668 νεφέλης
1646 2599 1828 2671 ἀκτῖσι

261 2686 615 2758 φαιδρότερον
649 2689 1105 2758 καταγλαϊζονται
1131 2731 1147 2756 ,
1206 2691 1534 2760 αὐτόκλητος
1563 2693 1596 2760 ἡ
1628 2690 1699 2760 γῆ
1731 2705 1830 2743 πα-

260 2779 576 2848 ραγίνεται,
617 2781 711 2833 καὶ
742 2780 816 2851 τῷ
859 2783 1044 2852 οἰκείῳ
1084 2782 1408 2852 σεμνύνεται
1438 2784 1531 2837 καί⁵
1571 2783 1828 2836 συνεπαί-

261 2885 416 2939 ρεται
448 2869 794 2941 βλαστήματι
820 2887 834 2902 ⁶
868 2876 1074 2936 καινοῖς
1099 2875 1132 2944 η
1158 2873 1266 2927 τῶν
1291 2873 1498 2927 ὑδάτων
1529 2873 1827 2944 ὲξάλμασιν

258 2959 639 3028 ἐπισκιρτῶσα
678 2960 875 3029 φύσις,
908 2965 974 3032 τῇ
1014 2963 1108 3016 τοῦ
1145 2963 1418 3032 ἁγιασμοῢ
1452 2965 1621 3035 αὐτῆς
1660 2963 1825 3034 δωρο-

1941 1871 2307 1943 exsultemus;
2356 1887 2543 1927 omnes
2574 1873 2851 1927 hortemur
2889 1882 2950 1927 ut
2987 1874 3291 1930 universam
3324 1876 3377 1930 in
3404 1875 3509 1934 hoc

1940 1962 2100 2015 studii
2127 1963 2364 2017 excitent
2388 1972 2708 2018 creaturam.

1957 2206 1966 2215 ο
2013 2138 2301 2196 Enimvero
2334 2152 2560 2211 occupat
2608 2144 2922 2201 inritantem
2961 2159 3295 2212 sermonem,
3339 2163 3505 2218 ange-

1941 2231 2113 2286 lorum
2134 2234 2354 2298 chorus,
2376 2249 2603 2305 eamque
2624 2237 2784 2290 hodie
2803 2238 3000 2293 celebri
3027 2241 3295 2307 praeconio
3322 2240 3503 2306 eﬂ'ert,

1942 2336 2041 2391 per
2071 2338 2230 2391 quam
2257 2325 2495 2395 mysterii
2529 2325 2688 2381 tinem
2724 2327 2952 2396 aspexit.
2983 2331 3256 2399 Occupant
3274 2315 3331 2386 et
3355 2332 3503 2396 emli,

1939 2413 2170 2483 novique
2212 2429 2276 2469 ae
2317 2416 2556 2485 supremi
2604 2417 2927 2472 firmamenti
2974 2418 3116 2474 illius
3190 2420 3504 2476 altitudines

1939 2504 2227 2562 honorant.
2253 2505 2602 2562 Praecurrunt
2627 2508 2935 2573 luminaria,
2960 2509 3133 2579 iisque
3157 2512 3342 2578 radiis,
3363 2527 3506 2580 quos

1936 2597 2200 2665 spiritalis
2253 2597 2382 2652 solis
2433 2599 2602 2653 nubes
2655 2599 2849 2664 mittit,
2911 2598 3085 2653 laetius
3142 2599 3497 2655 illustrantur.

1932 2690 2099 2743 Adest
2130 2680 2269 2743 terra
2307 2689 2521 2749 nemine
2550 2689 2825 2751 invitante,
2864 2704 3068 2760 suoque
3098 2691 3268 2761 ipsius
3326 2691 3501 2746 hone-

1933 2787 2108 2832 statur
2137 2792 2198 2832 ac
2219 2778 2482 2848 gloriatur
2503 2779 2761 2849 germine.
2803 2777 2966 2834 Novis
2989 2780 3314 2835 elementum
3346 2795 3507 2851 aqum

1933 2871 2170 2927 motibus
2216 2871 2655 2940 subsultibnsque
2721 2872 3059 2941 tripudians,
3107 2888 3219 2927 sua:
3271 2874 3496 2927 auctriri

1932 2962 2397 3025 sanctiﬁcatimiis,
2430 2962 2658 3017 assistit.
2693 2961 2826 3017 Cum
2854 2963 2933 3018 sic
2953 2978 3085 3032 ergo
3111 2978 3200 3017 res
3230 2963 3496 3018 universa:

256 3050 415 3115 φορεῖ
437 3047 548 3118 [ισ.
576 3049 887 3121 δορυφορεῖ]
920 3051 1163 3121 προξένῳ
1182 3068 1196 3082 ·
1228 3053 1444 3106 πάντων
1470 3053 1532 3124 δὴ
1559 3053 1656 3124 τὴν
1687 3054 1823 3107 ἰδίαν

1933 3070 2085 3108 suam
2139 3055 2297 3108 hodie
2335 3054 2678 3109 exhibuerint
2723 3053 3063 3119 libertatem,
3113 3056 3495 3123 congruentius

257 3136 691 3209 ἐπιδειξαμένων
731 3141 969 3213 σήμερον
999 3143 1724 3213 παρρησίαννοίκειοτέρως
1761 3143 1827 3197 ἂν

1932 3160 2029 3213 ego
2072 3146 2309 3200 omnium
2348 3145 2580 3199 maxime
2605 3160 2917 3213 germanam
2947 3155 3195 3199 naturam
3230 3147 3493 3200 invitave-

255 3227 455 3298 ἔγωγε,
497 3231 597 3301 τὴν
630 3233 1008 3301 γνησιωτάτην
1049 3233 1534 3303 συγκαλεσαμένην
1563 3232 1671 3303 [im
1705 3249 1830 3303 συγ-

255 3319 628 3392 καλεσαίμην]
652 3321 831 3389 φύσιν,
857 3322 1191 3393 διαπρυσίως
1220 3316 1323 3377 ὧδε
1349 3323 1661 3394 κεκραγώς·
1692 3325 1827 3391 "Ave

260 3424 351 3476 μοι
381 3410 535 3464 πᾶσα
570 3408 755 3478 ήλικία
799 3410 896 3464 καὶ
925 3412 1070 3464 ἅπαν
1100 3410 1316 3480 ἀξίωμα
1336 3427 1350 3443 ⁸
1375 3412 1499 3464 ὅσον
1533 3429 1592 3464 τε
1616 3413 1716 3481 τῆς
1745 3412 1827 3479 iv-

255 3499 523 3569 κοσμίου,
554 3500 649 3553 καὶ
685 3501 808 3554 ὅσον
840 3501 937 3570 τῆς
965 3500 1107 3571 ὑπὲρ
1143 3501 1348 3572 ταύτην
1378 3502 1583 3566 τάξεως
1603 3516 1618 3531 °
1662 3503 1826 3571 ίερείς

256 3606 317 3643 τε
351 3591 450 3644 καὶ
475 3591 738 3661 βασιλεῖς,
767 3593 864 3646 καὶ
888 3593 939 3645 οἰ
969 3591 1066 3663 τὴν
1098 3592 1211 3646 ἄνω
1245 3593 1435 3646 στάσιν
1466 3594 1559 3646 καὶ
1593 3595 1654 3647 τὸ
1678 3591 1826 3645 πολί-

252 3697 455 3751 τευμα,
493 3684 552 3736 ἐν
579 3685 691 3745 τοῖς
720 3682 870 3736 κάτω
915 3684 1352 3753 ἐπιδεικνύμενοι
1375 3700 1388 3713 ·
1437 3685 1692 3755 ἄρχοντες
1731 3682 1824 3736 καὶ

251 3771 589 3842 ἀρχόμενοι,
634 3773 937 3844 πρεσϐῦται
965 3775 1056 3826 καὶ
1095 3774 1387 3844 νεώτεροι,
1427 3773 1683 3844 παρθένοι
1731 3772 1823 3826 καὶ

254 3863 513 3933 μητέρες·
539 3864 633 3916 καὶ
662 3866 891 3933 στεῖραν
915 3864 1006 3917 καὶ
1022 3865 1072 3917 οἱ
1095 3864 1233 3935 ὑπὲρ
1252 3865 1487 3926 άκακίας
1511 3863 1672 3935 [ἀλλ.
1695 3862 1823 3932 περὶ

250 3953 351 4021 τὴν
383 3952 646 4025 ἀκακίαν]
696 3953 1071 4024 νηπιάζοντες,
1101 3955 1197 4007 σὺν
1227 3954 1530 4026 εὐφροσύνῃ
1555 3954 1819 4023 θειοτέρα,

248 4044 350 4117 τὴν
384 4046 653 4116 σωτήριον
686 4046 891 4115 ταύτην
924 4048 1019 4100 καὶ
1059 4045 1445 4116 ὑποδεξώμεθα
1477 4047 1569 4098 καὶ
1609 4046 1819 4098 διανευ-

253 4138 605 4207 φημήσωμεν
635 4138 848 4209 ἡμέραν
868 4153 881 4170 ³
919 4140 977 4191 ὲν
1014 4138 1189 4210 ταύτῃ
1218 4138 1325 4208 γὰρ
1352 4137 1413 4190 τὸ
1454 4137 1588 4197 πᾶσι
1617 4135 1816 4189 κατάλ-

248 4226 411 4297 ληλον
427 4266 446 4292 ,
479 4227 765 4298 ἀπεκυήθη
797 4228 1209 4297 σεμνολόγημα,’
1240 4228 1298 4279 ὲν
1323 4225 1495 4298 ταύτῃ
1528 4226 1585 4293 ἐξ
1610 4227 1816 4292 ἀγόνων

249 4318 495 4386 λαγόνων
530 4319 862 4387 ἐϐλάστησεν
893 4320 921 4372 ὁ
950 4318 1059 4371 τῶν
1088 4317 1276 4387 ἱερέων
1302 4316 1504 4385 κόσμος
1530 4334 1544 4349 ·
1574 4317 1634 4369 τὸ
1663 4317 1815 4386 βασί-

1929 3235 2061 3299 rim,
2088 3235 2230 3289 hune
2257 3235 2311 3288 in
2344 3236 2556 3288 modum
2581 3234 2894 3304 penetrabili
2927 3249 3056 3288 voce
3086 3235 3329 3289 clamans
3354 3251 3366 3286 :
3395 3235 3494 3291 Eia

1929 3337 2068 3392 age,
2132 3332 2262 3378 aetas
2310 3330 2487 3379 omnis
2545 3340 2608 3378 ac
2655 3326 2833 3378 omnis
2868 3324 3135 3393 dignitas;
3190 3326 3498 3381 sacerdotes

1928 3418 2133 3485 pariter
2194 3431 2258 3470 ac
2302 3417 2675 3483 imperatores,
2713 3417 2913 3485 quique
2945 3431 3233 3486 supernum
3272 3426 3495 3484 statum,

1927 3520 1991 3561 ac
2030 3506 2153 3558 vitae
2183 3505 2480 3566 rationem,
2533 3506 2584 3558 in
2622 3505 2970 3559 inferioribus
3001 3507 3307 3562 exhibetis:
3342 3509 3495 3577 prin-

1927 3594 2074 3661 cipes
2104 3592 2346 3646 simulet
2381 3593 2600 3656 subditi,
2638 3607 2797 3646 senes
2828 3608 2891 3647 ac
2932 3595 3198 3663 juniores,
3256 3598 3493 3667 virgines

1925 3690 2266 3750 matresque,
2334 3695 2397 3735 ac
2448 3681 2694 3743 steriles,
2740 3682 2941 3749 quique
2991 3684 3295 3738 innocentia
3353 3690 3487 3741 estis

1922 3772 2115 3840 pueri:
2162 3770 2470 3838 impensiori
2512 3785 2573 3825 ac
2625 3771 2874 3825 diviniori
2922 3773 3139 3840 laetitia,
3191 3776 3484 3831 salutarem

1924 3864 2064 3919 hanc
2093 3863 2231 3916 diem
2276 3863 2658 3930 suscipiamus,
2690 3871 2741 3916 et
2773 3861 2964 3916 faustis
2998 3864 3270 3919 ominibus
3299 3880 3487 3935 prose-

1921 3968 2170 4021 quamur.
2203 3952 2258 4006 in
2290 3967 2352 4007 ea
2379 3953 2640 4020 siquidem
2680 3961 2803 4005 nata
2831 3961 2912 4006 est
2948 3953 3216 4008 universis
3244 3969 3485 4024 congrua

1918 4040 2207 4111 gloriatio;
2255 4043 2307 4096 in
2351 4056 2413 4095 ea
2454 4042 2781 4109 germinavit
2825 4057 2889 4094 ex
2935 4041 3238 4097 infecundis
3288 4044 3484 4102 lumbis

1917 4134 2081 4189 decor
2110 4135 2482 4199 sacerdotum;
2524 4134 2731 4203 imperii
2770 4135 2966 4199 robur;
2996 4149 3180 4189 eorum
3225 4152 3483 4195 consum-

1918 4225 2116 4289 matio,
2149 4226 2239 4293 qui
2277 4225 2530 4278 virtutem
2567 4225 2782 4290 colunt;
2827 4225 3240 4293 magistratuum
3293 4229 3481 4283 subdi-

1918 4323 2202 4383 torumque
2240 4314 2527 4382 tranquilla
2575 4314 2783 4371 ordinis
2818 4316 3170 4383 compositio,
3211 4317 3476 4375 infantum

248 4407 394 4462 λειον
422 4407 654 4477 κράτοςο
689 4408 723 4477 ἡ
766 4404 872 4458 τῶν
914 4406 970 4456 ὲν
1008 4407 1174 4476 ἀρετῇ
1216 4404 1491 4475 τελειότης
1514 4421 1528 4435 ο
1570 4405 1679 4458 τῶν
1717 4407 1818 4478 ἁρ-

1925 4405 2205 4477 prudentia
2229 4420 2243 4468 ;
2265 4404 2530 4473 virginum
2553 4411 2925 4458 ornamentum
2949 4421 2965 4471 ;
2989 4415 3215 4459 matrum
3238 4409 3435 4463 coro'na
3455 4448 3472 4476 ,

250 4566 294 4620 is
331 4566 549 4632 prohat,
581 4566 871 4634 omniaque
895 4572 1078 4634 vetera
1106 4571 1451 4634 monumenta
1487 4575 1804 4631 repugnant,

249 4644 478 4701 excepto
518 4633 681 4686 etiam
728 4632 914 4701 grandi
964 4633 1056 4687 illo
1105 4632 1807 4701 incommodo_suspicionis

250 4698 503 4756 adulterii
525 4744 539 4763 ,
571 4701 724 4769 cujus
742 4698 984 4756 maxime
1007 4699 1232 4769 cavendi
1264 4713 1413 4769 ergo,
1450 4698 1551 4769 fuit
1575 4708 1685 4755 tota
1714 4702 1803 4757 illa

249 4772 335 4826 vel
366 4767 647 4825 maritalis
682 4771 764 4840 vel
792 4770 1064 4839 sponsalia
1101 4767 1460 4840 dispensatio.
1493 4767 1676 4823 Putem
1708 4771 1805 4840 igi-

250 4849 340 4894 tur
378 4840 709 4893 remansisse
748 4837 967 4892 Mariam
998 4837 1317 4904 orphanam,
1347 4852 1408 4890 ac
1440 4852 1653 4904 germen
1682 4837 1806 4893 mii-

249 4924 371 4963 cum
406 4919 681 4975 superstes
726 4908 1189 4975 san‘ctissimorum
1231 4904 1474 4960 Joarhim
1517 4921 1578 4961 ac
1611 4908 1799 4970 Anum,

248 4979 448 5047 quibus
481 4977 706 5047 proinde
758 4977 1071 5047 abducenda
1116 4988 1146 5027 a
1191 4975 1388 5042 templo
1428 4990 1531 5047 non
1564 4981 1797 5044 potuerit

248 5044 349 5116 pro
380 5061 531 5116 more
558 5046 695 5097 tradi
729 5048 795 5098 ad
838 5045 1156 5104 cuStodiam,
1188 5057 1248 5097 ac
1280 5044 1539 5116 servanda
1560 5059 1797 5116 sponso:

249 5111 413 5181 atque
444 5113 577 5165 adeo
611 5116 859 5166 traditam
897 5128 1017 5166 esse
1047 5128 1076 5164 a
1116 5111 1486 5165 sacerdotibus
1518 5114 1612 5181 ipsi
1646 5114 1800 5170 Jose-

248 5173 355 5253 pho
376 5226 391 5248 ,
408 5193 489 5247 ut,
523 5190 719 5251 pra-ter
737 5183 1123 5253 apocryphtrm,
1152 5183 1344 5234 docent
1370 5173 1801 5253 constantissime

247 5244 443 5308 Patres
464 5244 620 5318 ,s'ive
654 5260 713 5305 ut
734 5244 919 5304 adhuc
941 5244 1141 5318 sponso
1163 5288 1177 5313 ,
1210 5262 1271 5305 ut
1320 5250 1473 5303 relati
1510 5244 1697 5306 Patres
1740 5269 1802 5307 ae

247 5325 492 5392 plerique
544 5321 632 5375 alii
687 5322 940 5373 videntur
993 5319 1164 5392 velle,
1196 5318 1549 5392 celebraturo_
1589 5323 1801 5388 nuptias

248 5388 368 5448 cum
408 5388 622 5444 luberet
652 5407 665 5442 :
698 5404 760 5443 ac
797 5399 1089 5457 accepturo
1129 5389 1181 5440 in
1217 5402 1435 5458 uxorem
1473 5388 1569 5443 sub
1603 5405 1794 5458 pauco-

249 5478 367 5516 rum
404 5467 755 5528 cognatorum
792 5455 1099 5528 praesentia,
1135 5466 1261 5527 puta
1295 5455 1792 5528 zacharias'sacer-

246 5533 415 5593 dotis,
449 5526 515 5595 ac
542 5528 586 5584 si
611 5528 702 5596 qui
727 5527 995 5597 ejusmodi
1027 5526 1218 5591 erant;
1262 5526 1342 5597 vel
1371 5527 1650 5597 ut_statim
1684 5546 1793 5580 mau-

247 5602 388 5667 rito,
437 5601 582 5666 quod
622 5595 962 5667 videaturiiu
1002 5596 1280 5663 Augustini
1329 5609 1389 5648 ac
1435 5595 1791 5667 Scliolasticu-

1908 4564 2274 4634 solemnitate,
2307 4579 2425 4634 quae
2453 4559 2741 4634 nihiliacit
2766 4561 2836 4615 ad
2868 4562 3147 4634 veritatem
3185 4564 3471 4621 matrimo-

1906 4634 2004 4687 nii.
2048 4633 2138 4687 Sic
2170 4629 2368 4701 plane',
2411 4642 2467 4686 ιιι
2518 4629 2599 4682 vel
2632 4644 2825 4701 sponsa
2869 4633 3058 4701 tradita
3097 4631 3188 4691 sit.
3227 4648 3324 4687 nec
3356 4636 3468 4689 sint

1904 4703 2037 4771 alim
2064 4696 2266 4771 nuptiae
2310 4715 2535 4771 secutae,
2581 4713 2704 4771 cum
2739 4696 2943 4771 Ioseph
2969 4702 3243 4765 gravidam
3275 4703 3467 4771 depre-

1903 4767 2197 4836 hendisset,
2232 4770 2387 4824 facile
2418 4769 2541 4832 fuit,
2566 4767 2694 4837 ipso
2725 4769 3039 4837 mysterium
3073 4780 3320 4836 tenente,
3345 4767 3464 4826 rem

1901 4835 2189 4893 occultam,
2211 4854 2450 4903 manere,
2492 4835 2933 4906 existimantibus
2965 4840 3160 4906 passim
3187 4835 3460 4904 omnibus,

1902 4907 1985 4960 vel
2007 4909 2186 4965 statim
2211 4908 2261 4960 in
2291 4923 2511 4961 uxorem
2539 4905 2791 4975 traditam
2821 4905 3069 4971 essenel
3091 4911 3457 4975 postmodum,

1906 4986 2005 5029 aut
2037 4978 2212 5042 domi,
2247 4986 2339 5030 aut
2388 4977 2526 5045 apud
2561 4973 2902 5040 Zachariam,
2935 4973 3109 5029 virum
3151 4978 3458 5045 accepisse,

1905 5046 1994 5110 qui
2054 5047 2190 5113 ipse,
2234 5047 2280 5100 si
2327 5043 2435 5115 qua
2481 5043 2612 5099 ﬁdes
2657 5047 3023 5115 apocryphis,
3078 5046 3242 5099 totius
3280 5043 3457 5111 'hujus

1907 5116 2219 5183 tecouomia:
2259 5113 2558 5183 priecipuus
2592 5113 2850 5183 minister
2881 5113 2982 5169 fuit
3007 5152 3041 5183 ,ί
3068 5125 3288 5183 propter
3333 5120 3453 5169 eam

1906 5181 2075 5251 ipsam
2121 5181 2335 5239 occisus
2366 5200 2394 5236 a
2434 5181 2668 5248 Judteis,
2705 5198 2768 5235 ac
2813 5185 2954 5251 miod
2998 5181 3219 5236 Mariam
3251 5184 3456 5237 diceret

1908 5249 2184 5320 Virginem
2233 5264 2352 5321 post
2383 5264 2631 5319 partum,
2683 5249 3002 5323 ut_B:isilius
3041 5269 3107 5307 ex
3141 5254 3451 5323 apocrypha

1902 5323 2128 5386 qundam
2164 5323 2450 5377 traditione
2473 5358 2487 5381 ,
2538 5335 2704 5391 set-tn.
2745 5321 2816 5391 De
2854 5322 3085 5391 liutnana
3125 5321 3325 5376 Christi
3358 5339 3453 5391 ge-

1900 5400 2072 5443 nerat.
2100 5391 2263 5444 refert
2295 5407 2308 5443 :
2348 5400 2565 5443 auctore
2589 5389 2711 5441 libri
2745 5390 2818 5441 De
2850 5388 3036 5445 Maria:
3068 5402 3184 5445 ortu
3216 5388 3449 5456 dicente,

1894 5459 2168 5521 occisum,
2202 5471 2423 5528 propter
2449 5459 2678 5512 celatum
2712 5456 2997 5528 Joannem,
3027 5461 3171 5528 (μιοό
3205 5464 3451 5514 videatur

1894 5540 2018 5581 vero
2050 5525 2314 5591 similius,
2336 5539 2389 5581 et
2425 5536 2480 5580 ut
2511 5537 2710 5579 laruam
2754 5525 2897 5579 illam
2930 5525 3082 5582 ortu's
3107 5528 3332 5583 Joannis
3358 5544 3450 5583 ce-

1891 5596 2227 5662 lebritatelu,
2275 5613 2336 5653 ea
2376 5596 2568 5651 merito
2614 5598 2817 5651 ratione
2855 5608 3160 5666 δυειιοριειηι
3211 5597 3447 5667 Herodi,

247 5690 365 5728 rum
425 5667 730 5735 sententia,
784 5666 988 5721 omissa
1034 5674 1259 5734 utroque
1300 5678 1425 5718 casu
1482 5666 1782 5734 nuptiarum
1884 5675 2200 5734 spectemus.
