3948 6162
459 227 594 300 1383
1584 218 1906 281 GEORGII
1945 216 2286 280 NICOMED
2300 214 2556 277 IENSIS
3587 209 3740 275 133;

454 366 563 408 non
612 347 926 405 habentium
973 338 1214 411 prolem,
1259 337 1417 392 beata
1463 332 1754 404 amplaque
1805 330 2081 399 proles;A

2193 342 2334 381 ντων
2379 325 2478 379 καὶ
2527 323 2846 396 ἀρχομένων
2897 324 2931 396 ή
2969 321 3337 385 ἀστασίαστος
3377 318 3652 386 εὐταξία·
3700 322 3737 391 ἡ

455 439 756 500 sterilitatis
778 434 995 489 solutio.
1024 429 1233 486 Floruit
1259 444 1322 484 ex
1353 426 1550 491 sterili,
1574 425 1840 480 bonorum
1872 421 2034 476 uber-

2192 418 2245 472 ὒν
2293 417 2508 489 νηπίων
2536 417 2752 481 σύνεσις
2781 433 2794 445 ο
2837 415 3123 487 παρθένων
3154 414 3218 466 τὸ
3249 413 3696 483 ὲγκαλλὼπισμα
3720 428 3736 444 ’

461 538 542 584 tas
574 545 589 582 :
625 543 693 581 ex
739 524 936 595 justis,
967 520 1301 590 iustissimus
1342 516 1550 570 fructus
1579 513 1889 567 abundavit.

2192 510 2398 580 ητέρων
2425 511 2453 562 ὁ
2498 507 2779 580 [σύλλογος
2809 504 2929 578 καὶ]
2975 505 3238 574 στέφανος
3262 520 3277 533 ·
3319 505 3432 556 τῶν
3479 504 3740 557 ἀτέκνων

456 625 492 694 ἡ
519 619 768 674 εὐτεκνία
787 635 802 650 ο
833 615 1177 686 στειρώσεως
1201 614 1235 683 ἡ
1260 610 1414 674 λύσις
1437 625 1452 641 ο
1494 611 1560 663 ὲκ
1593 607 1833 677 στείρας,
1870 606 1904 676 ἡ
1929 605 2038 658 τῶν
2075 604 2295 673 ἀγαθῶν
2356 601 2731 674 ὴνθοφόρησεν
2791 598 3021 668 ἀφθονία
3041 616 3053 628 '
3089 601 3155 652 ὲκ
3177 599 3427 665 δικαίων,
3463 602 3492 653 ὁ
3521 598 3742 652 δικαιό-

454 730 619 774 τατος
648 710 945 764 ἐπλεόνασε
972 704 1207 776 καρπός.

531 802 859 865 Enimvero,
906 796 1130 867 quinam
1202 791 1257 846 hi
1307 798 1470 854 sunt,
1509 804 1574 843 ac
1616 788 1838 858 quales?
1882 787 2053 843 l’orro

2233 787 2396 843 Ἀλλὰ
2426 788 2571 852 τίνες
2621 780 2765 841 οὗτοι
2807 783 2901 838 καὶ
2931 779 3072 849 ciet;
3118 782 3213 863 καί
3265 798 3353 852 μοι
3384 780 3631 834 δεδόσθω
3670 782 3747 836 τὰ

464 890 625 945 liceat
659 902 843 943 eorum
879 884 1009 940 mihi
1056 897 1144 937 res
1177 894 1476 944 enarrare;
1516 894 1619 932 non
1652 879 1727 932 ita
1768 888 1828 931 ut
1861 876 2052 931 condi-

2192 880 2282 950 ερλ⁸
2311 881 2492 941 αὐτῶν
2532 878 2824 943 διεξιέναι,
2862 877 2962 946 οὐχ
2992 876 3141 939 ὅπως
3176 875 3241 927 ἂν
3280 876 3393 937 τοῖς
3422 876 3547 927 κατ’
3578 875 3745 938 ἀξίαν

462 983 587 1050 guis
620 978 886 1034 encomiis
926 975 1178 1030 eiferam.
1227 972 1435 1025 Nedum
1467 970 1610 1025 enim
1649 984 1769 1024 mea
1800 970 1850 1023 id
1883 967 2055 1036 majus

2192 973 2451 1043 γκωμίοις
2479 972 2776 1041 ὲπαίρηται
2813 971 2896 1039 (οὐ
2924 969 3085 1039 μόνον
3109 966 3218 1035 γὰρ
3245 966 3386 1035 ὑπὲρ
3416 965 3519 1035 τὴν
3551 966 3744 1035 ἡμῶν,

465 1073 668 1126 virtute
719 1069 976 1135 arbitror,
1026 1065 1124 1122 scd
1162 1074 1218 1119 et
1268 1064 1647 1118 universorum
1696 1078 1711 1114 :
1752 1069 1808 1113 at
1858 1060 2050 1125 solum,

2150 1063 2289 1118 ἀλλὰ
2341 1063 2438 1116 καὶ
2487 1061 2586 1132 τὴν
2634 1062 2890 1114 ἁπάντων
2939 1054 3094 1128 οἶμαι
3135 1057 3294 1110 τοῦτο
3338 1055 3643 1125 δύναμιν),
3684 1056 3749 1108 τδ

458 1180 574 1234 qua
631 1164 840 1216 ratione
876 1156 1319 1227 prtelati'l‘uerint
1351 1155 1586 1207 humano
1628 1152 1850 1221 generi,
1889 1162 2055 1219 utque

2192 1157 2197 1175 ⁵
2227 1156 2377 1218 ὅπως
2406 1170 2464 1206 τε
2492 1156 2590 1223 τῆς
2617 1151 2894 1223 ἡμετέρας
2926 1149 3315 1219 προκέκρινται
3355 1146 3613 1216 φύσεως,
3650 1148 3751 1198 καὶ

471 1255 791 1309 immensam
827 1250 1053 1321 gratiam
1085 1246 1385 1307 consecuti,
1427 1252 1588 1298 tantae
1634 1244 1774 1297 illius
1802 1243 2048 1310 magniﬁ-

472 1345 668 1399 centia:
700 1343 916 1413 generis
968 1348 1220 1393 auctores
1264 1336 1558 1390 evaserint.
1604 1333 1833 1399 Quinam
1865 1333 2049 1393 enim,

476 1436 875 1491 luculentorum
938 1445 1153 1501 quoque
1211 1437 1490 1482 oratorum
1546 1424 1770 1479 subtiles
1826 1435 2049 1487 sensus,

479 1542 660 1581 rerum
693 1525 1034 1592 majestatem
1062 1519 1321 1574 assectari
1359 1517 1596 1586 possint,
1636 1516 1830 1568 nedum
1862 1511 2054 1580 majori

478 1628 641 1682 quam
683 1612 917 1666 habeant
944 1608 1137 1678 gloria,
1169 1616 1287 1660 arte
1323 1620 1389 1682 ac
1427 1605 1683 1658 methodo
1710 1602 1904 1655 elIerre
1936 1610 2054 1653 ten-

2155 1248 2305 1309 ὅπως
2337 1246 2437 1315 τῆς
2476 1243 2887 1314 ἀνυπερϐλήτου
2927 1240 3286 1310 τετυχηκότες
3340 1238 3605 1308 χάριτος.

2159 1338 2251 1391 τοῦ
2276 1339 2465 1407 γένους
2494 1335 2911 1406 μεγαλοδωρεᾶς
2931 1334 3340 1403 ἀναπεφήνασιν
3366 1333 3556 1384 αἴτιοι.
3584 1332 3751 1383 Ποίαι

2160 1429 2270 1499 γὰρ
2300 1429 2689 1498 συνεπαρθείεν
2722 1426 2788 1480 ἂν
2822 1427 2917 1478 καὶ
2948 1423 3329 1476 ἐπιδεικτικῶν
3362 1424 3605 1476 ἐπίνοιαι
3628 1462 3644 1485 ,
3681 1425 3749 1492 τῇ

3649 1240 3752 1306 τῆς

2166 1521 2551 1590 μεγαλειότητι
2594 1517 2704 1570 τῶν
2744 1514 3114 1586 πραγμάτων,
3172 1517 3245 1584 μή
3281 1515 3364 1567 τοί
3396 1532 3460 1582 γε
3500 1516 3647 1583 πρὸς
3689 1513 3754 1566 τὸ

2164 1612 2505 1684 ἐξῃρημένον
2532 1609 2708 1663 ταῦτα
2733 1608 3041 1678 μεθοδεύειν
3066 1606 3538 1675 ἐπιτεχνάσαιντο;
3569 1603 3752 1673 ’“Υλη’ν

485 1703 764 1759 laverint?
801 1702 945 1756 Sane
999 1675 1347 1761 laudatores,
1391 1696 1435 1750 si
1480 1711 1585 1765 qua
1629 1702 1781 1761 gesta
1820 1692 2053 1754 habent,

2434 1702 2501 1755 τὰ
2532 1669 2920 1771 πεπραγμένα,
2965 1698 3060 1750 καὶ
3093 1700 3191 1766 τὴν
3222 1669 3409 1748 θεόθεν
3440 1669 3532 1748 διὰ
3572 1669 3756 1748 ταῦτα

480 1794 786 1863 argumenti
840 1793 963 1847 loco
1031 1790 1394 1859 abripientes,
1423 1800 1690 1855 quamque
1729 1784 1982 1855 gratiam,
2021 1782 2057 1836 ii

2192 1792 2618 1864 εαραγενομένην
2647 1793 2759 1854 τοῖς
2788 1785 3294 1858 ἐγκωμιαζομένοις
3357 1787 3408 1838 οἱ
3460 1787 3754 1839 ἐπαινέται

481 1903 619 1960 quos
677 1886 899 1941 laudant
961 1883 1084 1937 inde
1119 1881 1334 1936 coalitus
1383 1879 1562 1947 adepti
1597 1888 1753 1942 sunt;
1798 1885 2058 1945 quantum

2192 1884 2536 1954 ,ap6dvovts;
2565 1883 2747 1954 χάριν,
2780 1882 2855 1944 ὡς
2879 1880 3010 1960 ἆνῄ
3044 1881 3177 1948 παρ’
3208 1878 3435 1939 ἐκείνοις
3467 1878 3757 1949 ἐξαρκέσῃ

492 1949 761 2035 rhetorica
817 1973 1137 2032 exercitatio
1168 1972 1395 2037 faverit,
1433 1971 1724 2041 propositis
1771 1970 1931 2022 rebus
1968 1965 2062 2020 ad-

2199 1949 2889 2047 μ’μελετήριοςῃδύναμις,
2946 1949 3185 2043 ἐξαίρειν
3234 1971 3439 2040 μᾶλλον
3496 1973 3647 2042 πρὸς
3694 1973 3757 2024 τὸ

488 2070 829 2123 mirationem
889 2067 1104 2121 laudum
1162 2063 1381 2118 cumulo
1438 2076 1634 2130 augere
1678 2067 1922 2125 tentant,
1969 2064 2062 2109 aut

2192 2065 2619 2136 ναυμασιὼτερον
2638 2066 2705 2117 τὰ
2729 2062 3062 2135 προτεθέντα
3090 2062 3412 2132 πειρῶνται,
3437 2062 3468 2130 ἦ
3494 2064 3589 2114 καὶ
3619 2079 3756 2114 κατ-

489 2159 711 2213 omnino
756 2164 1140 2224 congruentem
1176 2154 1257 2207 eis
1297 2146 1588 2206 conciliant
1638 2149 1862 2218 gloriam
1906 2165 1920 2200 :
1972 2147 2060 2202 ubi

2192 2157 2393 2224 ιλληλον
2423 2157 2604 2219 αὐτοῖς
2663 2155 2762 2226 τὴν
2797 2155 2956 2219 δόξαν
2989 2152 3436 2223 περιποιοῦνταιο
3474 2146 3554 2206 ὧν
3594 2153 3663 2224 δὴ
3690 2153 3759 2206 τὰ

492 2264 621 2304 vero
645 2244 829 2316 'major
855 2248 1093 2316 cogitatu
1132 2242 1557 2313 magniﬁcentia,
1589 2240 1857 2307 iustorum
1890 2235 2065 2292 homi-

2192 2247 2570 2319 ιατορθώματα
2602 2247 2850 2311 δικαίων,
2883 2248 2917 2316 ἡ
2950 2245 3090 2315 ὑπὲρ
3117 2245 3326 2298 ἔννοιαν
3363 2244 3760 2315 μεγαλοδωρεὰ

491 2353 620 2393 num
650 2338 863 2403 merita,
900 2351 997 2391 ceu
1037 2336 1162 2389 tuba
1199 2334 1485 2400 clapgenle
1527 2331 1692 2384 altum
1724 2328 2063 2397 deprazdicat,

2192 2338 2549 2401 ῖιοισαλπίζει,
2586 2337 2672 2399 τίς
2701 2337 2767 2389 ἂν
2802 2336 3199 2407 ὲγκωμιαστὼν
3231 2335 3494 2400 ἐπίδειξις
3534 2337 3763 2404 (istisin;

492 2443 738 2498 quamam
793 2426 960 2481 fuerit
995 2425 1366 2482 encomiorum
1407 2420 1692 2475 laudatio?
1725 2420 1857 2486 Quis
1898 2432 2068 2472 novus

2192 2427 2267 2492 Γίς
2317 2426 2619 2496 παράδοξος
2657 2426 2767 2479 τῶν
2806 2426 3260 2496 παραδοξοτάτων
3305 2427 3373 2478 ἂν
3426 2426 3759 2495 ὲιρευρεθείη

495 2522 631 2574 adeo
679 2520 873 2583 honor,
929 2532 1108 2571 rerum
1158 2516 1292 2569 adeo
1328 2529 1589 2568 novarum
1630 2527 1694 2567 ac
1738 2512 2067 2565 mirabilium

2192 2522 2304 2591 ιιμή
2329 2537 2343 2586 ;
2372 2520 2436 2571 Τί
2471 2521 2581 2589 γὰρ
2605 2519 2847 2571 τοιοῦτον
2885 2520 2942 2571 ὲν
2980 2521 3092 2580 τοῖς
3124 2516 3218 2570 ἀπ’
3247 2518 3442 2579 αἰῶνος
3475 2517 3545 2569 ἂν
3576 2518 3764 2587 ἐννοηο

496 2610 730 2664 inveniri
763 2608 960 2677 queat?
986 2607 1122 2672 Quid
1157 2608 1299 2661 enim
1347 2605 1631 2679 ejusmodi‘
1652 2606 1704 2658 in
1753 2604 2006 2659 omnibus
2038 2621 2070 2658 at

2192 2611 2324 2681 ιεὶη,
2360 2611 2498 2679 ὅπερ
2552 2610 2817 2679 ἀναλογία
2856 2610 2950 2662 τὸν
2992 2609 3212 2661 ἔπαινον
3245 2611 3760 2679 χειραγιιιγήσειεν;

496 2702 695 2758 sarculo
733 2702 895 2755 rebus
931 2698 1229 2768 excogitari
1268 2698 1472 2766 possit,
1509 2706 1567 2750 ut
1595 2712 1831 2766 congrua
1863 2697 2072 2750 ratione

2192 2702 2532 2770 Ἀναλογίζου
2564 2718 2653 2771 μοι
2684 2702 2782 2770 τὴν
2810 2701 2917 2752 τῶν
2943 2700 3166 2753 δικαίων
3196 2702 3451 2754 ἁπάντων
3484 2702 3584 2754 καὶ
3626 2718 3765 2772 προ-

500 2799 862 2852 laudationem
923 2795 1155 2865 dirigat?
1188 2794 1381 2859 Quaeso
1431 2794 1612 2859 enim,
1655 2794 1895 2847 omnium
1939 2792 2069 2846 mihi

2192 2793 2359 2863 mnino
2398 2791 2662 2860 ἐκλογὴν,
2708 2792 2812 2861 τήν
2844 2808 2903 2844 τε
2935 2791 3070 2860 πρὸς
3097 2791 3187 2843 τὸν
3223 2792 3589 2859 ἐκλεξάμενον
3626 2791 3763 2845 θεὸν

501 2890 777 2958 justorum
811 2903 876 2941 ac
905 2887 1289 2956 prophetarum
1325 2884 1664 2951 electionem,
1691 2899 1985 2950 eorumque
2018 2883 2072 2936 in

2192 2884 2508 2953 ιὶκειότητα,
2542 2884 2636 2936 καὶ
2664 2882 2783 2951 ὄψει
2807 2882 2906 2953 τὴν
2948 2883 3204 2949 Ὶωακεὶμ
3236 2883 3329 2934 καὶ
3356 2882 3558 2952 Ἀννης
3588 2882 3763 2950 ἀσύγ-

503 2978 670 3031 Deum
696 2977 1008 3045 eligentem,
1043 2973 1499 3028 necessitudinem
1535 2974 1730 3042 cogita,
1762 2973 2073 3041 videbisque

2192 2993 2362 3047 ιριτον
2400 2975 2675 3052 ὑπεροχήν
2701 2989 2714 3002 ·
2750 2975 2872 3043 ὄψει
2916 2974 2978 3026 τὺ
3015 2974 3153 3044 ὑπὲρ
3198 2974 3409 3027 ἔννοιαν
3443 2974 3632 3029 αὐτῶν
3668 2976 3765 3028 καὶ

501 3069 746 3125 Joachim
787 3078 842 3122 et
888 3069 1057 3120 Anna:
1109 3065 1590 3135 incomparabilem
1641 3063 2018 3118 excellentiam
2055 3080 2070 3116 :

2192 3067 2650 3137 προτετιμημένον
2682 3065 2779 3116 καὶ
2811 3064 3202 3135 δεδοξασμένον
3235 3065 3474 3135 ἀξίωμα.
3517 3067 3765 3130 Τούτους

506 3160 716 3214 videbis
741 3173 926 3212 eorum
960 3157 1222 3228 majorem
1254 3156 1491 3222 cogitatu
1517 3154 1854 3225 dignitatem,
1885 3154 2076 3223 majori

2192 3159 2287 3227 γὰρ
2317 3160 2345 3210 ὁ
2378 3156 2722 3227 Δημιουργὸς
2751 3157 2830 3218 εἰς
2854 3157 2954 3224 τὴν
2976 3157 3069 3208 τοῦ
3110 3156 3515 3220 παλαιωθέντος
3551 3158 3766 3227 κόσμου

506 3248 681 3319 pretio
737 3247 1010 3311 habitam,
1059 3260 1123 3298 ac
1175 3244 1427 3312 ampliori
1481 3243 1648 3311 gloria
1683 3250 1919 3296 auctam.
1969 3240 2078 3296 llos

510 3337 708 3406 quippe
760 3346 973 3389 creator
1024 3334 1167 3387 Deus
1205 3332 1271 3384 ad
1313 3331 1496 3383 mundi
1530 3330 1760 3384 veterati
1797 3330 1948 3400 eligit
1992 3330 2079 3384 in-

504 3428 899 3484 ataurationem
924 3442 938 3478 :
965 3425 1124 3477 exiis
1153 3430 1379 3476 matrem
1406 3421 1622 3490 accipit,
1654 3438 1722 3476 ex
1754 3437 1856 3490 qua
1887 3437 2080 3477 novam

512 3518 785 3569 tictionem
845 3514 1130 3581 providere
1168 3512 1409 3566 decrevit
1456 3529 1470 3565 :
1518 3526 1586 3565 ex
1632 3525 1818 3565 eorum
1861 3513 2082 3582 sangui-

512 3609 693 3669 nihns,
737 3615 992 3672 tanquam
1039 3603 1240 3657 virtute
1284 3601 1660 3671 regalissimis,
1712 3602 1946 3671 regalem
1984 3604 2087 3656 hu-

513 3698 658 3754 mani
691 3697 907 3767 generis
945 3710 1236 3764 purpuram
1271 3694 1467 3748 induit.
1513 3694 1588 3747 Ea
1625 3708 1748 3761 res,
1774 3694 1935 3761 justis
1968 3709 2085 3749 om-

516 3790 675 3844 uilms
729 3788 1039 3857 superiores
1095 3786 1259 3851 facit;
1326 3786 1425 3839 hoc
1473 3799 1658 3839 eorum
1722 3786 1811 3853 jus
1867 3788 2087 3841 vincens

514 3884 770 3936 meritum
815 3895 997 3944 omne,
1052 3888 1110 3931 ut
1155 3892 1263 3945 prte
1315 3878 1581 3932 universis
1617 3877 1812 3932 delecti
1855 3879 1983 3943 sint,
2025 3894 2089 3934 ac

434 3958 441 3964 ’
514 3987 756 4043 cengruo
791 3982 1034 4040 tempore
1078 3970 1130 4023 iu
1172 3983 1352 4022 rerum
1396 3977 1644 4021 naturam
1689 3969 1954 4038 producti,
2002 3984 2090 4023 as-

516 4064 828 4132 sumptique
859 4063 911 4114 in
959 4059 1201 4130 mysterii
1251 4059 1433 4113 ﬁnem.
1468 4059 1598 4113 Vide
1635 4073 1763 4127 ergo
1809 4069 1868 4112 ut
1902 4074 2089 4114 eorum

521 4167 608 4207 res
666 4166 880 4205 onmem
913 4149 1069 4218 plane
1091 4147 1547 4216 comparationem
1570 4146 1799 4216 fugiant.
1826 4147 1938 4203 Nec
1962 4161 2092 4202 vero

2179 3248 2558 3316 καινοποίησιν
2596 3248 2918 3318 ὲκλέλεχενο
2966 3249 3030 3300 ἐκ
3071 3246 3278 3299 τούτων
3319 3247 3421 3317 τὴν
3452 3248 3524 3300 δι’
3554 3246 3627 3320 ἦς
3666 3248 3768 3320 τὴν

2181 3340 2309 3394 νέαν
2339 3340 2614 3411 ἠϐουλήθη
2646 3337 3054 3410 προνοήσασθαι
3090 3338 3380 3392 διάπλασιν
3402 3377 3416 3401 ,
3461 3341 3766 3409 παραλαμ-

2182 3430 2335 3484 ϐάνει
2367 3430 2581 3500 μητέρα
2601 3470 2615 3493 ,
2651 3431 2716 3480 ὲκ
2743 3427 2851 3480 τῶν
2886 3427 3110 3480 ἐκείνων
3139 3427 3413 3495 αἱμάτων,
3442 3427 3521 3491 ὡς
3555 3429 3769 3498 βασιλι-

2184 3523 2441 3593 κωτέρων
2467 3522 2708 3590 ἀρεταῖς,
2736 3520 2836 3587 τὴν
2870 3518 3141 3589 βασίλειον
3176 3518 3271 3571 τοῦ
3307 3521 3502 3587 γένους
3534 3522 3771 3591 ἁμφιὶν-

2185 3628 2339 3666 νυται
2372 3611 2681 3683 πορφύραν,
2717 3609 2954 3680 [Τοῦτο,
2987 3612 3048 3663 τὸ
3075 3611 3589 3683 ὑπερανεστηκὲναι
3630 3613 3768 3664 πάν-

2185 3718 2293 3755 των
2319 3703 2514 3764 αὐτοὺς
2536 3701 2835 3772 παρίστησι
2863 3700 3132 3771 δικαίων]
3156 3700 3349 3764 Τοῦτο,
3376 3700 3438 3753 τὸ
3470 3700 3768 3770 ὐπεράξιον

2187 3795 2371 3858 αὐτοῖς
2400 3793 2701 3862 δικαίωμα,
2723 3792 2783 3845 τὸ
2811 3793 3008 3862 μόνους
3032 3792 3329 3863 ἐκλεγῆναι
3351 3793 3461 3846 τῶν
3486 3795 3766 3859 ἁπάντων,

2189 3885 2285 3938 καὶ
2327 3886 2385 3936 ὲν
2425 3884 2505 3953 τῷ
2547 3885 2722 3937 δέοντι
2768 3885 3118 3956 παραχθῆναι
3145 3886 3358 3955 χρόνῳ,
3394 3886 3492 3937 καὶ
3536 3887 3673 3955 πρὸς
3710 3887 3770 3939 τὸ

2191 3975 2364 4045 πέρας
2403 3974 2497 4027 τοῦ
2541 3976 2837 4045 μυστηρίου
2875 3975 3319 4046 παραληφθῆναι.
3358 3977 3562 4030 Σκόπει
3602 3977 3767 4045 γοῦν.

2190 4067 2339 4129 ὅπως
2378 4066 2596 4120 ἅπασαν
2646 4069 3007 4137 συγκριτικὴν
3054 4067 3486 4139 ἀντιπαρὰθεσιν
3508 4109 3522 4132 ,
3554 4069 3623 4122 τὰ
3651 4068 3769 4122 κατ’

2195 4157 2437 4220 ἐκείνους
2476 4155 2864 4224 διαδιδράσκει.
2905 4156 3037 4209 Οὐδὲ
3071 4159 3182 4228 γὰρ
3222 4159 3407 4225 λόγοι,
3438 4159 3509 4211 τὰ
3548 4159 3607 4212 δὲ
3637 4176 3770 4227 προ-

521 4242 720 4305 verba,
763 4240 857 4294 sed
893 4240 1023 4308 ipsa:
1072 4254 1158 4294 res
1185 4238 1443 4308 subjecta:
1479 4240 1621 4292 istud
1652 4254 1747 4293 ceu
1789 4241 1917 4301 tuba
1949 4240 2081 4293 clan-

2194 4248 2422 4319 κείμενα
2453 4247 2610 4301 τοῦτο
2646 4247 2988 4311 διασαλπίζει
3024 4248 3343 4318 πράγματαζ
3396 4248 3562 4301 Ἀλλὰ
3594 4252 3772 4302 συνοῖ-

523 4343 681 4403 gente
710 4332 1088 4399 depraedicant.
1150 4330 1438 4383 Enimvero
1463 4330 1770 4384 conducens
1798 4331 1935 4397 erit,
1968 4345 2081 4384 cum

2198 4356 2287 4392 σον
2315 4339 2381 4391 ἂν
2410 4338 2497 4408 εἴη
2529 4341 2595 4408 τῇ
2624 4354 2684 4390 τε
2716 4337 3023 4408 πανηγύρει
3046 4377 3061 4402 ,
3094 4341 3189 4390 καὶ
3212 4341 3277 4408 τῇ
3311 4339 3420 4391 τῶν
3451 4338 3770 4409 πλεονεκτη-

525 4424 627 4490 ipsi
663 4420 987 4481 celebritati,
1025 4427 1133 4470 tum
1178 4417 1295 4484 ejus
1328 4418 1669 4472 declarandis
1700 4419 2096 4487 praerogativis,

526 4524 584 4568 ut
631 4528 797 4582 pauca
852 4510 1096 4580 quaedam
1139 4510 1470 4579 explicemus
1495 4524 1557 4563 ex
1595 4524 1784 4564 eorum
1831 4510 2096 4579 historia;

528 4605 609 4659 sic
659 4605 803 4657 enim
853 4601 1195 4670 perspicuam
1244 4600 1414 4671 magis
1459 4601 1722 4655 dictorum
1769 4603 2102 4671 praestabunt

526 4698 834 4750 veritatem.
863 4692 953 4747 Sic
981 4708 1141 4762 porro
1169 4693 1353 4758 habet,
1373 4702 1431 4747 ut
1456 4707 1760 4750 sermonem
1786 4695 1855 4750 ab
1877 4696 2101 4750 exordio

524 4787 716 4842 ducam
747 4801 760 4837 :
1398 4767 1404 4773 ’

602 4877 667 4932 In
694 4876 931 4931 historiis
959 4874 1096 4948 (15),
1123 4875 1319 4945 inquit,
1350 4876 1625 4931 duodecim
1644 4877 1871 4931 tribuum
1892 4876 2100 4944 Israel,

528 4985 640 5030 erat
672 4974 753 5028 vir
789 4972 1005 5044 quidam
1054 4972 1263 5025 nomine
1288 4970 1530 5024 Joachim
1553 5009 1568 5035 ,
1595 4973 1738 5025 dives
1763 4972 1931 5026 valde.
1965 4971 2099 5027 Cum

532 5066 869 5137 amplissima
902 5064 1060 5119 laude
1094 5063 1327 5133 positum
1368 5070 1453 5116 est
1479 5063 1899 5130 conscriptionis
1936 5076 2099 5116 exor-

534 5160 721 5222 dium,
770 5156 1103 5224 reliquorum
1184 5155 1438 5221 deinceps
1491 5152 1943 5222 magniﬁcentiam
1985 5151 2102 5205 ela-

538 5250 664 5303 riori
707 5247 908 5301 indicio
954 5246 1257 5300 declarans.
1315 5244 1454 5309 Quid
1495 5244 1599 5297 hoc
1630 5258 1758 5298 vero
1810 5242 1913 5296 sibi
1962 5242 2096 5307 vult,

537 5342 591 5391 iu
628 5338 904 5391 historiis?
948 5334 1005 5388 In
1049 5334 1410 5403 genealogiis,
1447 5332 1643 5402 inquit,
1678 5332 1952 5385 duodecim
1999 5334 2097 5387 tri-

536 5429 698 5482 buum
757 5425 955 5482 Israel.
1003 5424 1141 5481 Hinc
1203 5438 1331 5494 ergo
1385 5423 1658 5488 ostendit,
1710 5422 2098 5491 impermistum

2198 4424 2384 4494 μάτων
2445 4424 2622 4478 αὐτῶν
2672 4423 3015 4494 φανερώσει,
3061 4427 3107 4478 εξ
3141 4425 3349 4496 βραχέα
3397 4429 3521 4480 τινὰ
3567 4429 3664 4497 τῆς
3704 4430 3771 4482 τὰ

2194 4512 2326 4583 περὶ
2373 4511 2615 4575 ἐκείνους
2669 4513 3059 4582 ὑφηγουμένης
3113 4516 3585 4586 διαναπτύξαιμεν
3631 4520 3769 4572 icto-

2192 4604 2321 4685 ρίας
2340 4618 2351 4630 ·
2386 4601 2527 4656 οὕτω
2550 4603 2656 4674 γὰρ
2697 4605 3027 4673 τρανοτέραν
3057 4606 3186 4674 ἡμῖν
3213 4608 3312 4672 τὴν
3329 4608 3438 4659 τῶν
3465 4610 3771 4679 λεγομένων

2206 4692 2644 4756 καθυποδείξειεν
2700 4693 2976 4763 ἀληθειαν.
3030 4696 3182 4765 Ἔχει
3238 4696 3319 4761 δὲ,
3348 4699 3425 4760 ὡς
3469 4700 3567 4752 ἀπ’
3604 4702 3772 4772 ἀρχῆς

2205 4785 2369 4840 αὑτὸν
2394 4786 2566 4838 εἰπεῖν
2592 4784 2683 4837 τὸν
2708 4784 2861 4852 λόγον
2885 4783 3046 4856 [ἄλλ.
3079 4787 3258 4839 αὐτῶν
3285 4788 3390 4840 τῶν
3421 4789 3621 4863 λόγων]
3642 4786 3769 4846 ὧόεο

2289 4877 2390 4929 Ἐν
2418 4875 2547 4942 ταῖς
2596 4876 2907 4944 ἱστορίαις,
2939 4878 3094 4946 φησι,
3129 4876 3248 4931 τῶν
3288 4879 3522 4933 δώδεκα
3568 4885 3770 4952 φυλῶν

2203 4967 2312 5020 τοῦ
2350 4965 2633 5035 Ἰσραὴλ,
2661 4966 2741 5035 ἦν
2764 4984 2853 5033 τις
2893 4969 3158 5036 ἰωακεὶμ
3186 4972 3490 5037 πλούσιος
3520 4975 3767 5043 σφόδρα.

2204 5059 2310 5112 Σὺν
2350 5059 2731 5129 ὲπιτεταμὲνῳ
2768 5060 3048 5130 ἐγκωμίῳ,
3080 5061 3140 5113 τὸ
3173 5061 3272 5129 τῆς
3309 5067 3637 5136 συγγραφῆς
3678 5083 3767 5119 an.

2204 5151 2536 5222 ταὸέὸληται
2580 5152 2897 5222 προοίμιον,
2946 5154 3328 5225 ὲναργεστὲρῳ
3378 5155 3633 5224 δείγματι
3678 5160 3768 5227 τὴν

2203 5244 2310 5297 τῶν
2345 5243 2471 5315 ἑξῆς
2509 5243 2701 5316 δηλοῦν
2748 5245 3164 5315 μεγαλειότητα.
3205 5246 3270 5298 Τί
3319 5247 3375 5300 δὲ
3416 5248 3511 5312 τὸ,
3545 5249 3617 5303 ἐν
3657 5250 3766 5316 ταῖς

2206 5335 2512 5404 ἱστορίαις,
2546 5337 2937 5408 ὑποσημαίνειν
2979 5336 3267 5408 βούλεται;
3308 5339 3400 5393 Ἐν
3429 5344 3555 5405 ταῖς
3591 5359 3764 5410 γενεα-

2206 5425 2415 5493 λογίαις
2437 5466 2451 5492 ,
2486 5428 2654 5497 φησι,
2687 5426 2806 5484 τῶν
2844 5428 3075 5484 δώδεκα
3107 5429 3213 5484 τοῦ
3253 5429 3509 5501 Ἰσραὴλ
3548 5431 3764 5503 φυλῶν.

611 5582 717 5653 (15)
744 5581 820 5636 Ex
866 5580 1002 5637 libro
1041 5577 1227 5635 Jacobi
1268 5574 1595 5647 ἀδελφοθέου
1632 5577 1868 5646 nomine,
1890 5577 1954 5633 de
1981 5585 2081 5634 Ol‘ll

2234 5576 2312 5634 Ma
2321 5578 2432 5634 rite.

3176 5692 3202 5706 Α
3242 5701 3252 5709 ι
