3948 6162
251 300 374 367 1385

1050 288 1135 351 ΙΝ
1174 289 1277 349 SS.
1321 283 1675 349 DEIPAPuE
1708 276 2290 361 CQNCEPTIONEM
2324 273 2420 334 ET
2458 267 2632 331 NAT.

3341 253 3477 317 1336

248 414 514 471 Δείκνυσιν
549 401 646 461 οὖν
672 401 945 468 ἐντεῦθεν,
985 400 1345 471 ἀνεπίμικτον
1375 397 1583 454 ἄνωθεν
1613 396 1674 449 τὸ
1712 394 1812 465 βα-
1846 435 1856 461 ,

1949 390 2128 461 egium
2159 401 2327 457 genus
2357 400 2386 439 a
2420 377 2718 451 majoribus
2746 372 3059 437 ducentem,
3090 367 3250 440 legali
3285 382 3483 438 proge-

252 506 431 561 σίλειον
458 499 770 568 κατάγοντα
791 495 971 565 γένος,
996 491 1352 563 προγονικαῖς
1377 506 1437 542 τε
1457 488 1553 543 καὶ
1579 485 1810 547 οἰκείαις

248 592 628 667 γεραιρόμενον
675 586 992 657 εὑνομίαις,
1035 582 1310 654 ἐπίσημόν
1359 597 1480 634 τινα
1521 579 1615 632 καὶ
1663 575 1811 641 ἐξαί-

254 703 423 759 ρετον,
462 685 522 736 ὲν
565 682 689 743 ταῖς
725 678 821 732 τοῦ
877 674 1098 748 Ἰσραὴλ
1145 670 1541 745 προκρίνεσθαι
1596 668 1809 737 φυλαῖς.

250 775 371 832 Εἶτα
394 774 488 827 καὶ
528 771 622 824 τὸν
661 769 894 823 πλοῦτον
917 807 933 834 ,
971 765 1272 836 τεκμήριόν
1307 782 1361 818 τι
1393 764 1492 833 τῆς
1540 759 1814 830 ὑπεροχῆς

250 868 276 919 ὁ
303 861 648 935 συγγραφεὺς
685 855 972 919 τεθεικὼς,
1006 855 1154 924 λέγει
1191 854 1287 907 καὶ
1317 853 1378 906 τὸ
1402 853 1499 922 τῆς
1533 845 1813 902 δικαιοσύ-

249 973 337 1026 νης
380 951 546 1007 αὑτοῦ
591 947 885 1003 ἰδιαίτατον
930 942 1104 1015 ὁμοῦ,
1139 944 1233 996 καὶ
1264 941 1482 996 πάντων
1527 935 1817 1008 ὁμοφύλων

251 1024 704 1116 ὑπερανεστηκός.
752 1036 1099 1108 Προσέφερε
1147 1036 1288 1105 γὰρ,
1335 1032 1503 1101 φησί,
1545 1028 1701 1097 δῶρα
1738 1024 1819 1091 τῷ

251 1138 432 1207 Κυρίῳ
466 1131 678 1189 διπλᾶ.
710 1133 920 1195 Ὄντως
949 1125 1124 1207 διπλῶ
1154 1124 1230 1196 τῷ
1266 1123 1482 1193 πλούτῳ
1511 1120 1706 1190 ἐκόμα.
1744 1116 1819 1170 Τὸ

253 1201 354 1300 γὰρ
377 1201 540 1281 διπλᾶ
568 1225 638 1278 τὰ
664 1223 815 1294 δῶρα
851 1201 1165 1290 καθιεροῦν,
1198 1216 1267 1269 τὰ
1296 1213 1391 1268 τοῦ
1423 1212 1689 1283 παρόντος
1723 1207 1820 1280 μὲν

256 1297 343 1373 καί
395 1316 610 1387 ῥέοντος
657 1309 951 1383 ἐκμειοῦν,
985 1309 1053 1363 τὰ
1093 1307 1151 1360 δὲ
1200 1305 1295 1360 τοῦ
1347 1304 1601 1374 μένοντος
1646 1297 1821 1352 εἰσαεὶ

256 1386 537 1476 πληθύνειν
590 1397 979 1473 παρεσκεύαζε
1023 1394 1482 1464 θησαυρίσματα·
1535 1386 1569 1461 ἢ
1622 1387 1820 1458 δῆλον,

256 1499 323 1559 ὡς
347 1497 464 1551 οὐδὲ
516 1493 748 1548 πλοῦτον
779 1491 866 1545 εἶα
890 1489 982 1543 τὸν
1006 1486 1424 1559 παρατρέχοντα
1447 1482 1651 1554 μένειν,
1688 1478 1824 1549 πρὸς

256 1590 313 1643 τὸ
351 1586 579 1660 ἀρκετὸν
611 1583 773 1638 αὑτὸν
811 1578 1087 1650 ὁσημέραι
1120 1573 1468 1640 συστέλλων;
1508 1570 1680 1624 Τοῦτο
1715 1567 1824 1660 γὰρ

257 1655 401 1735 καὶὸ
450 1677 610 1745 λόγος
679 1670 1161 1727 καθυποδείκνυσι.
1211 1663 1553 1732 Προσέφερε
1597 1659 1709 1731 γὰρ
1755 1655 1827 1710 τὰ

1919 484 2157 537 nitorum
2194 492 2402 548 suaque
2435 473 2696 543 religione
2726 483 2790 522 ac
2828 463 3176 521 observantia
3228 461 3485 517 honesta-

1919 583 2029 628 tum
2067 572 2161 642 qui
2203 569 2437 640 insignis
2471 581 2535 620 ac
2566 556 2801 620 eximius
2826 558 3094 620 haberet,
3140 556 3195 609 in
3235 553 3485 609 tribubus

1924 661 2096 717 Israel
2157 662 2360 733 primas
2397 664 2747 715 consecutum
2798 664 2938 706 esse.
2981 648 3118 703 Tum
3178 661 3307 702 vero
3335 685 3350 711 ,
3396 647 3487 700 ulti

1918 753 2175 820 scriptor,
2212 750 2309 805 ceu
2359 747 2618 804 iudicium
2653 742 2924 813 quoddam
2963 739 3294 810 praestantiae
3342 738 3444 791 viri
3470 777 3485 800 ,

1921 840 2145 895 divitias
2178 852 2395 909 quoque
2421 835 2737 906 posuisset;
2793 829 3290 901 singularissimam
3339 828 3493 882 dein-

1921 938 2050 1001 ceps
2075 931 2195 1001 ejus
2218 929 2489 999 justitiam
2512 966 2528 993 ,
2558 939 2622 979 ac
2650 939 2755 993 qua
2787 921 3056 976 universis
3093 918 3490 975 contribulibus

1921 1021 2292 1092 praecelleret,
2324 1020 2478 1075 dicit.
2517 1015 2785 1086 Oﬁ'erebat
2821 1013 2990 1076 enim,
3025 1011 3220 1080 inquit,
3258 1010 3492 1079 duplicia

1922 1113 2063 1166 dona
2100 1111 2346 1165 Domino.
2373 1109 2536 1165 Plane
2561 1105 2901 1176 gloriabatur
2928 1102 3237 1174 duplicibus
3262 1100 3494 1156 divitiis.

1921 1204 2076 1271 Quod
2101 1203 2247 1258 enim
2274 1200 2506 1270 duplicia
2534 1200 2676 1254 dona
2705 1198 2751 1253 is
2786 1204 3159 1261 consecraret,
3193 1194 3247 1250 id
3276 1193 3495 1265 agebat,
3564 1214 3583 1222 κ

1925 1306 1982 1352 ιιι
2008 1308 2063 1350 et
2090 1296 2217 1350 vita:
2245 1294 2409 1364 hujus
2438 1334 2454 1359 ,
2487 1291 2734 1361 ﬂuxique
2766 1289 3080 1345 divitiarum
3118 1287 3362 1342 thesauri
3404 1286 3499 1341 mi-

1927 1400 2224 1445 nuerentur
2250 1405 2266 1454 ;
2313 1394 2600 1441 manentes
2637 1393 2821 1445 autem
2853 1391 3119 1452 perpetuo
3149 1380 3369 1436 cumulo
3398 1395 3498 1433 au-

1927 1488 2204 1549 gerentur.
2240 1477 2432 1533 Nonne
2468 1476 2674 1546 liquet,
2726 1485 2784 1529 ut
2819 1488 2997 1543 neque
3033 1471 3253 1541 fugaces
3284 1470 3504 1524 divitias

1929 1584 2148 1625 manere
2181 1572 2410 1634 sineret,
2446 1567 2696 1638 quotidie
2725 1576 2978 1630 arclans,
3012 1565 3080 1617 ad
3113 1563 3166 1617 id
3195 1561 3343 1632 quod
3369 1560 3505 1616 satis

1927 1660 2257 1719 essetilloc
2313 1660 2458 1716 enim
2507 1660 2675 1714 etiam
2723 1657 2898 1712 oratio
2951 1655 3155 1710 indicat
3187 1671 3201 1709 :
3239 1651 3508 1722 Oﬂ'erebat

256 1769 405 1837 δῶρα
443 1744 633 1822 αὐτοῦ
666 1763 748 1828 τῷ
781 1761 977 1829 Κυρίῳ
1008 1755 1195 1813 διπλᾶ
1216 1794 1232 1821 ,
1270 1753 1468 1824 λέγων
1507 1752 1577 1806 ἐν
1611 1746 1825 1814 ἐαυτῷ*

1948 1754 2068 1808 mt'm
2099 1753 2238 1807 dona
2266 1769 2364 1806 sua
2405 1750 2641 1820 duplicia
2684 1748 2943 1812 Domino,
2989 1746 3168 1801 dicens
3218 1744 3361 1813 apud
3405 1754 3506 1797 se:

263 1858 442 1911 Ἔστω
479 1855 550 1909 τὰ
584 1853 697 1922 τῆς
739 1850 1092 1920 περιουσίας
1121 1863 1242 1916 μου
1296 1841 1478 1897 πατρτί
1526 1840 1607 1907 τῷ
1657 1838 1820 1905 λαῷ,

260 1952 350 2004 καί
403 1949 470 2002 τὸ
513 1946 624 2014 τῆς
668 1941 945 2014 ἀφέσεώς
982 1957 1128 2010 μου,
1164 1936 1358 2004 Κυρίῳ
1393 1933 1475 2000 τῷ
1523 1930 1646 1997 Θεῷ
1680 1943 1821 2001 μου.

263 2040 394 2107 Ὅρα
419 2039 519 2109 τῆς
561 2038 618 2089 ὲν
665 2035 816 2105 νόμῳ
852 2031 1200 2100 δικαιοσύνης
1244 2025 1586 2098 ὑπερϐολήν’
1633 2023 1826 2076 σκόπει

260 2130 352 2201 τὴν
389 2133 446 2183 ὲν
492 2125 816 2186 ἀποστόλοις
870 2119 1268 2191 εὑαγγελικὴν,
1330 2120 1388 2171 ὲν
1434 2118 1549 2179 τοῖς
1596 2114 1827 2176 δικαίοις

262 2210 463 2284 τούτοις
507 2213 1065 2290 προκατορθωθεϊσαν
1112 2208 1426 2264 πολιτείαν’
1477 2208 1726 2277 κρεῖττον
1770 2201 1829 2257 δὲ

264 2312 455 2381 λέγειν,
491 2302 1101 2378 ὑπερκατορθωθεῖσαν.
1136 2301 1334 2354 Ἔστω
1363 2296 1431 2352 τὸ
1456 2295 1569 2365 τῆς
1592 2309 1832 2362 περιου-

265 2404 397 2468 σίας
417 2418 538 2471 μου
576 2396 757 2452 παντὶ
800 2395 880 2461 τῷ
919 2391 1068 2459 λαῷ.
1101 2389 1318 2461 Μηδὲν,
1361 2386 1529 2460 φησὶν
1552 2425 1568 2452 ,
1614 2385 1703 2456 εἴη
1739 2401 1835 2437 πε-

269 2494 437 2565 ριττὸν
466 2492 576 2546 τῶν
609 2488 947 2559 ἀναγκαίων.
981 2485 1154 2541 Παντί
1193 2482 1272 2553 τῷ
1305 2479 1419 2552 λαῷ
1452 2477 1520 2533 τὰ
1550 2477 1692 2547 ὑπὲρ
1734 2475 1834 2548 τὴν

266 2587 445 2659 χρείαν
494 2583 827 2659 προκείσθω.
882 2581 1024 2634 nam
1059 2577 1217 2632 κοινά
1271 2574 1341 2629 τὰ
1373 2573 1471 2645 τῆς
1515 2568 1837 2641 περιουσίας

269 2678 526 2768 ἀςρείσθω.
564 2677 627 2728 Ὢ
654 2672 1006 2743 δικαιοτάτης
1036 2671 1131 2724 καὶ¹
1159 2667 1384 2739 γνώμης
1424 2666 1521 2720 καὶ
1550 2661 1792 2735 κρίσεως
1818 2661 1832 2715 l

271 2756 332 2824 ἐἰ
387 2768 618 2825 πλούτου
688 2767 746 2819 ὲν
807 2765 1096 2835 ἀσυλήτοις
1158 2756 1683 2830 συγκεκομισμένου
1740 2770 1841 2807 τα-

272 2857 458 2930 μιείοις
483 2860 498 2912 !
528 2855 702 2920 οὑτως
727 2857 761 2927 ἡ
788 2859 852 2908 ὲκ
875 2852 1178 2925 προοιμίων
1196 2849 1640 2923 ὑπερανέστηκεν
1661 2844 1841 2901 αὐτῶν

270 2949 454 3022 ἀρετή.
500 2947 663 3002 Ἀλλὰ
690 2946 799 3015 γὰρ
828 2948 923 2999 καὶ
950 2945 1137 3022 ἕτερον
1159 2942 1343 3006 αὑτοῖς
1369 2938 1679 3012 ὑπερϐολῆς
1710 2953 1844 2991 κατ-

270 3011 488 3111 όρθωμα
512 3076 551 3104 ,ν
574 3040 640 3091 ὲκ
832 3036 958 3107 ἑξῆς
1002 3011 1367 3104 διάιέαίνεται.
1406 3011 1564 3086 Μετὰ
1598 3029 1708 3100 γὰρ
1743 3026 1843 3100 τὴν

271 3107 348 3194 εἰς
387 3107 449 3184 τὸ
474 3129 750 3202 αὑταρκες
777 3127 874 3182 τοῦ
910 3126 1145 3181 πλούτου
1187 3122 1484 3196 συστολὴν,
1525 3122 1596 3176 τὰ
1628 3136 1844 3191 νενομι-
1872 3107 1915 3167 C

275 3224 440 3296 ομένα
475 3222 663 3276 πάντα
705 3220 835 3292 περί
862 3236 921 3273 τε
963 3217 1307 3290 νουμηνιῶν,
1343 3216 1440 3269 καὶ
1474 3213 1681 3284 ὲθίμων
1714 3213 1847 3267 ἀνα-

230 3356 233 3359 γ
273 3314 565 3385 θημάτων,
616 3312 821 3367 θυσιῶν
864 3327 927 3364 τε
960 3309 1281 3380 ἀφεσίμων,
1315 3306 1411 3361 καὶ
1455 3302 1847 3375 καθαρτηρίων

274 3405 642 3477 σωματικῶν,
691 3407 756 3458 ὲκ
802 3402 913 3455 τῶν
946 3395 1207 3465 ἐνόντων,
1254 3398 1332 3469 τῷ
1377 3396 1487 3451 τῶν
1537 3396 1677 3449 ὅλων
1728 3392 1848 3464 Θεῷ

272 3498 692 3570 προσεκόμιζον.
721 3494 829 3551 Kal
860 3494 924 3547 τὸ
954 3492 1066 3562 τῆς
1087 3488 1361 3561 ἀφέσεώς
1381 3506 1524 3559 μου,
1550 3487 1743 3555 Κυρίῳ
1769 3483 1851 3550 τῷ

275 3590 390 3656 Θεῷ
420 3608 568 3660 μου.
612 3589 814 3652 Ὥστε,
868 3586 928 3639 οὑ
967 3585 1128 3656 μόνον
1172 3584 1254 3647 εἰς
1297 3582 1358 3635 τὸ
1406 3578 1673 3651 ἀρκετὸν,
1714 3577 1853 3632 ἀλλὰ

273 3684 362 3737 καὶ
390 3684 472 3747 εἰς
500 3682 562 3735 τδ
582 3680 759 3734 ἐνδέον
790 3680 996 3746 αὑτοῖς,
1026 3678 1093 3732 τὰ
1124 3677 1224 3747 τῆς
1254 3674 1574 3747 περιουσίας
1607 3672 1849 3742 ὑπετέμ-

272 3792 408 3831 νετο,
440 3775 556 3828 Καὶ
594 3774 675 3836 τὸ,
724 3771 930 3840 Λέγων
965 3769 1033 3823 δὲ
1067 3770 1137 3823 ἐν
1165 3766 1378 3834 ἐαυτῷ,
1417 3764 1527 3819 τῶν
1558 3765 1680 3819 κατ’
1709 3763 1857 3828 ἐξαί-

277 3883 428 3938 ρετον
448 3883 464 3898 ο
506 3865 605 3917 σὺν
635 3862 712 3933 τῷ
737 3863 837 3932 τῆς
862 3860 1143 3923 εὐὸουλίας
1169 3859 1277 3931 γὰρ
1312 3855 1633 3927 σοφωτάτῳ,
1663 3853 1761 3908 καὶ
1789 3853 1857 3907 τὰ

272 3961 369 4028 τῆς
406 3958 689 4030 ὑπεροχῆς
722 3957 817 4009 τοῦ
861 3954 1149 4027 εἰρηκότος
1201 3953 1506 4026 παρίστησι
1549 3949 1852 4020 δείγματα’

275 4052 333 4104 οὑ
362 4052 474 4124 γὰρ
508 4052 592 4113 εἰς
638 4048 859 4120 ἐτέρους
890 4046 1120 4113 ἀπιδὼν,
1154 4046 1275 4100 οὑδὲ
1307 4041 1718 4117 παραδείγμασί
1747 4056 1857 4094 τισι

277 4142 695 4215 προσεσχηκὼς,
732 4142 911 4194 ταῦτα
949 4140 1220 4211 ἔπραττεν
1245 4154 1259 4170 ο
1297 4137 1413 4191 ἀλλ’
1442 4136 1609 4199 αὑτὸς
1637 4133 1705 4189 δι’
1731 4134 1859 4186 ἐαυ-

277 4235 368 4289 τοῦ
400 4237 460 4289 es
490 4234 705 4304 ἀγαθὸν
741 4233 1086 4304 ὲφευρίσκων
1110 4230 1410 4300 ἐξεπλήρου
1429 4243 1443 4257 ·
1477 4228 1572 4281 καὶ
1599 4227 1699 4297 οὐχ
1726 4226 1860 4278 ὑπο-

277 4325 471 4397 θήκαις
505 4325 775 4389 παλαιαῖς
797 4365 812 4391 ,
860 4325 957 4377 καὶ
995 4322 1343 4394 νομοθεσίαις
1385 4318 1522 4392 πρὸς
1551 4318 1613 4371 τὸ
1650 4315 1860 4372 τοιοῦτο

1931 1842 2017 1899 Sit
2070 1859 2184 1897 mea
2230 1841 2561 1896 abundantia
2594 1840 2835 1894 universo
2882 1836 3076 1909 populo
3103 1876 3120 1903 ,
3159 1852 3223 1890 ac
3268 1832 3509 1889 remissio

1932 1952 2045 1991 mea
2078 1935 2303 1990 Domino
2344 1933 2455 1989 Deo
2501 1948 2635 1988 meo.
2671 1930 2808 1987 Vide
2849 1930 3075 2002 iustitiae
3106 1928 3294 2001 legalis
3325 1926 3511 1982 etcel-

1934 2028 2179 2085 lentiam.
2226 2026 2361 2083 Vide
2407 2026 2773 2096 evangelicam
2807 2023 3177 2094 apostolorum
3211 2018 3514 2075 institutio-

1935 2136 2058 2176 nem
2094 2120 2353 2189 praeclare
2385 2117 2722 2182 cxhibitam,
2773 2130 2869 2170 seu
2924 2122 2983 2169 ut
3033 2114 3227 2182 loquar
3277 2110 3513 2174 melius,

1940 2221 2277 2282 superatam.
2307 2210 2393 2265 Sit
2425 2225 2539 2264 mea
2568 2207 2900 2262 abundantia
2932 2210 3075 2261 omni
3101 2203 3314 2276 populo.
3342 2202 3515 2265 Nihil,

1940 2303 2152 2375 inquit,
2202 2303 2257 2357 in
2313 2300 2639 2357 necessariis
2672 2301 2836 2356 rebus
2888 2296 3219 2369 superﬂuum
3271 2296 3365 2352 sit.
3394 2294 3518 2350 Toti

1940 2396 2139 2467 populo
2174 2394 2453 2465 proposita
2486 2393 2619 2461 sint,
2647 2407 2770 2463 quae
2794 2393 2935 2446 ultra
2968 2390 3340 2447 necessarium
3363 2402 3519 2443 usum

1943 2487 2241 2543 abundant.
2277 2484 2597 2541 Communis
2629 2483 2909 2540 universis
2933 2481 3093 2538 cedat
3122 2494 3240 2535 mea
3264 2479 3524 2533 substan-

1945 2581 2040 2635 tia.
2078 2578 2123 2635 O
2183 2579 2399 2649 plenam
2459 2576 2672 2646 justitia
2724 2583 2962 2631 mentem
3013 2569 3426 2642 judiciumquel
3477 2570 3522 2624 ι)

1947 2670 2166 2725 divitias
2202 2669 2612 2726 inviolabilibus
2639 2669 2910 2724 thesauris
2963 2666 3287 2735 importatas
3324 2682 3338 2720 :
3372 2672 3524 2719 tanto

1946 2778 2176 2820 excessu
2210 2761 2508 2833 prteceltuit
2539 2775 2729 2816 eorum
2766 2760 2938 2815 virtus
2963 2759 3032 2814 ab
3054 2758 3307 2815 exordio.
3334 2757 3441 2814 Sed
3469 2768 3527 2813 et

1949 2855 2055 2911 alia
2100 2869 2289 2911 eorum
2326 2853 2547 2909 virtutis
2587 2851 2912 2909 excellentia
2948 2867 3016 2908 ex
3047 2852 3405 2922 sequentibus
3433 2867 3527 2906 os.

1954 2947 2214 3003 tenditur.
2241 2946 2533 3016 Postquam
2561 2945 2709 3000 enim
2740 2943 2883 2999 intra
2917 2943 3039 3015 ejus
3070 2944 3214 3014 quod
3252 2942 3527 2999 suﬂicerct

1957 3045 2152 3104 metas,
2189 3036 2412 3093 divitias
2439 3043 2872 3102 contraxerant,
2906 3035 3146 3107 legitima
3173 3035 3378 3099 omnia,
3412 3045 3527 3090 tum

1948 3147 2071 3203 qua:
2102 3131 2169 3186 ad
2204 3129 2544 3196 neomenias,
2572 3136 2686 3183 tum
2717 3143 2839 3199 quae
2864 3129 2931 3183 ad
2964 3129 3215 3195 donaria,
3244 3130 3530 3185 victimas-

1947 3240 2054 3296 que
2086 3239 2183 3296 pro
2215 3223 2476 3294 peccatis,
2511 3238 2575 3277 ac
2624 3221 2940 3293 corporales
2975 3221 3330 3277 lustrationes
3355 3264 3371 3289 ,
3405 3237 3531 3291 spe-

1949 3318 2171 3374 ctabant
2197 3357 2212 3384 ,
2253 3317 2319 3371 de
2371 3315 2676 3371 substantia
2720 3314 2926 3384 reliqua
2954 3355 2970 3380 ,
3006 3318 3387 3371 universtrrum
3418 3316 3529 3372 Deo

1950 3408 2251 3466 oﬂerebant
2305 3425 2321 3463 :
2374 3404 2443 3460 Et
2494 3406 2733 3461 remissio
2794 3422 2907 3460 mea
2962 3405 3192 3462 Domino
3253 3406 3360 3463 Deo
3394 3425 3528 3463 meo.

1951 3501 2338 3569 Quamobrem,
2372 3499 2567 3554 nedum
2602 3498 2655 3552 in
2689 3498 2741 3553 id
2770 3499 2916 3568 quod
2953 3501 3088 3555 satis
3121 3508 3294 3566 esset,
3336 3501 3430 3556 sed
3468 3512 3527 3555 ut

1953 3601 2006 3648 et
2035 3591 2134 3662 ipsi
2165 3590 2492 3657 indigerent,
2527 3589 2696 3643 divisa
2723 3604 2911 3645 eorum
2945 3591 3173 3647 cedebat
3204 3595 3531 3653 substantia.

1955 3683 2062 3739 Sed
2097 3692 2153 3738 et
2187 3682 2339 3748 illud,
2369 3681 2524 3751 Apud
2544 3696 2598 3735 se
2631 3682 2834 3746 dicens,
2871 3683 3085 3739 eximite
3111 3685 3395 3755 cujusdam
3426 3689 3537 3743 vir-

1959 3774 2089 3829 tutis
2138 3787 2225 3829 res
2268 3783 2352 3828 est
2399 3789 2413 3827 :
2452 3781 2652 3843 praeter
2697 3775 2844 3827 enim
2882 3775 3285 3832 cordatisslmas
3333 3779 3536 3834 mentis

1956 3863 2265 3929 consilium,
2301 3862 2464 3917 etiam
2495 3860 2613 3930 ejus
2635 3861 2726 3932 qui
2760 3861 2898 3918 dixit
2921 3862 3139 3918 virtutis
3161 3867 3534 3933 praestantiam

1956 3956 2217 4012 ostendit.
2259 3954 2466 4024 Quippe
2506 3954 2621 4008 haec
2656 3951 2851 4023 agebat
2881 3989 2899 4016 ,
2949 3968 3057 4009 non
3095 3954 3150 4009 in
3188 3955 3325 4011 alios
3360 3958 3538 4027 respi-

1957 4049 2128 4112 ciens,
2159 4059 2254 4104 aut
2281 4047 2427 4103 velut
2456 4046 2720 4117 exemplis
2743 4046 2868 4101 ullis
2890 4058 3126 4103 mentem
3159 4049 3536 4118 adhibuisset;

1960 4140 2057 4198 sed
2092 4141 2207 4211 ipse
2240 4155 2336 4212 per
2372 4154 2431 4197 se
2462 4140 2740 4207 inventor,
2773 4142 2972 4196 bonum
3009 4140 3342 4213 adimplt-bat
3371 4159 3387 4197 :
3435 4161 3539 4198 ne—

1960 4249 2066 4303 que
2095 4232 2498 4303 antiquioribus
2528 4230 2873 4288 documentis
2925 4232 3244 4303 legibusque
3292 4235 3358 4289 ad
3395 4252 3536 4305 pra:-

1963 4324 2173 4381 clarum
2205 4325 2342 4379 adeo
2375 4322 2587 4379 facinus
2622 4323 3030 4390 mauuducitur,
3066 4325 3158 4380 sed
3195 4326 3310 4395 ipse
3337 4327 3540 4383 bonum

276 4421 706 4490 χειραγωγεϊται
741 4415 1101 4489 κατόρθωμα,
1134 4412 1250 4467 ἀλλ’
1279 4411 1444 4475 αὑτὸς
1467 4411 1731 4483 κατάρχει
1761 4409 1856 4479 τῆς

1967 4416 2185 4471 inchoat
2214 4429 2375 4485 opus,
2404 4431 2467 4471 ac
2497 4415 2723 4485 reliquis
2757 4416 3012 4486 deinceps
3043 4417 3322 4487 legislator
3352 4420 3420 4475 ab
3453 4436 3544 4475 ac--

273 4512 382 4564 τῶν
408 4510 600 4565 καλῶν
639 4509 926 4579 ἐργασίας,
957 4508 1053 4561 καὶ
1084 4503 1387 4575 πρακτικὸς
1420 4501 1720 4573 νομοθέτης
1748 4502 1861 4563 τοῖς

281 4602 394 4673 μετ’
429 4602 605 4656 αὑτὸν
648 4599 996 4655 καθίσταται.
1048 4598 1192 4668 Ὅρα
1238 4594 1356 4658 πῶς
1398 4593 1697 4661 ἀξιολόγως
1751 4590 1862 4645 τῶν

277 4693 542 4747 ἁπάντων
592 4685 739 4745 οὗτοι
793 4689 1020 4743 δικαίων
1067 4685 1484 4759 προκέκρινται.
1544 4681 1865 4751 ’Δξιολόγως

272 4784 329 4839 δὲ
356 4786 544 4854 λέγω,
589 4783 651 4835 οὑ
694 4784 760 4853 τῇ
810 4779 907 4834 τοῦ
938 4778 1249 4851 μυστηρίου
1296 4777 1508 4849 δωρεᾷ·
1562 4773 1707 4845 ὑπὲρ
1752 4773 1864 4843 γὰρ

273 4876 514 4947 ἀμοιϐὴν
538 4873 721 4946 ἔργων
748 4874 782 4944 ἡ
805 4874 966 4944 χάρις
988 4888 1004 4904 ο
1032 4873 1101 4943 τῇ
1129 4887 1193 4941 γε
1223 4869 1333 4924 τῶν
1356 4867 1612 4940 ὁμοφυῶν
1637 4866 1867 4921 ἀντιπα-

276 4968 528 5039 ραθέσει.
575 4964 717 5021 Ἀλλ’
748 4962 1043 5019 ἀκόλουθον
1074 4961 1210 5032 πρὸς
1237 4962 1299 5015 τὸ
1333 4961 1435 5039 τῆς
1467 4959 1707 5029 ἱστορίας
1738 4957 1865 5027 ἑξῆς

273 5061 434 5116 ἰέναι.

342 5152 488 5225 Φησὶ
521 5149 658 5221 γὰρ,
690 5149 762 5213 ὡς
802 5147 1009 5220 ὲθίμως
1037 5147 1158 5203 κατ’
1189 5145 1432 5217 εὔσημόν
1470 5163 1592 5200 τινα
1617 5145 1728 5199 τῶν
1752 5146 1868 5216 ἐορ-

272 5242 379 5297 τῶν
413 5242 756 5315 προσάγοντι
792 5240 861 5294 τὰ
887 5239 1059 5311 δῶρα,
1099 5242 1127 5292 ὁ
1172 5239 1324 5311 παρὰ
1362 5238 1473 5292 τῶν
1504 5236 1866 5308 συμφυλετῶν

271 5335 337 5389 δι’
371 5334 640 5395 ἀτεκνίαν
684 5330 950 5403 ὲπετρίὸη
989 5330 1314 5401 ὀνειδισμός.
1344 5332 1482 5384 ΔΟὐκ
1519 5330 1727 5396 ἔξεστι
1767 5346 1868 5385 σοι

272 5425 415 5498 γὰρ,
457 5424 634 5495 φησὶ,
676 5423 1107 5494 προσενεγκεῖν
1147 5422 1221 5477 τὰ
1261 5419 1419 5489 δῶρὰ
1457 5437 1576 5477 σου
1599 5462 1612 5485 .
1660 5425 1868 5479 καθότι

276 5516 525 5587 σπέρμα
563 5515 676 5569 οὐκ
714 5514 1013 5583 ἐποίησας
1053 5515 1124 5570 ἐν
1173 5513 1444 5585 Ἰσραήλ.
1493 5515 1628 5570 Τινὰ
1665 5515 1724 5570 δὲ
1759 5515 1868 5569 τῶν

274 5607 672 5686 ἀντιγράφων,
696 5609 819 5662 Οὐκ
852 5607 1058 5673 ἕξεστί
1082 5621 1183 5663 σοι
1206 5605 1416 5676 πρώτῳ
1602 5608 1864 5682 πρῶτονι,

279 5708 539 5777 περιέχει
609 5700 1066 5770 προσενεγκεῖν.
1128 5702 1285 5766 Εἰκὸς
1340 5699 1472 5770 γοῦν
1536 5703 1705 5759 αὑτὸν
1771 5702 1865 5759 ἅτε

569 5793 839 5856 Parnm.
894 5793 1012 5859 Gn.
1057 5792 1123 5858 Ο.
1442 5806 1445 5811 ·

1969 4508 2114 4561 tione
2167 4504 2420 4561 edicitur.
2480 4503 2611 4560 Vide
2665 4514 2722 4559 ut
2760 4507 2815 4561 hi
2861 4507 3054 4561 merito
3083 4506 3251 4578 justis
3291 4511 3545 4566 omnibus

1965 4598 2210 4668 potiores
2237 4597 2410 4653 habiti
2448 4597 2576 4653 siut.
2608 4594 2739 4653 Dico
2775 4608 2957 4654 autem
2994 4600 3191 4655 merito
3216 4642 3231 4667 ,
3267 4617 3372 4657 non
3401 4604 3545 4672 quod

1966 4699 2176 4762 spectat
2207 4692 2275 4744 ad
2321 4690 2649 4746 sacramenti
2685 4691 2909 4758 donum,
2958 4700 2977 4765 (
3007 4704 3231 4764 supcrat
3277 4696 3423 4749 enim
3456 4695 3548 4749 bc-

1968 4782 2155 4838 neﬁcii'
2183 4782 2505 4852 magnitudo
2543 4784 2965 4841 retributionem
3014 4787 3314 4858 operum),
3352 4788 3447 4843 sed
3490 4798 3548 4842 ut

1967 4876 2090 4946 quis
2117 4882 2330 4929 tantum
2362 4890 2484 4930 cum
2517 4876 2814 4946 gentilibus
2877 4879 2994 4934 suis
3037 4880 3287 4934 homines
3326 4895 3545 4949 compa-

1968 4970 2189 5024 raverit.
2227 4968 2520 5025 Enimvero
2558 4981 2990 5026 consentaneum
3041 4979 3153 5036 est,
3192 4985 3248 5024 ut
3300 4986 3419 5041 qua:
3459 4973 3546 5027 hi-

1967 5060 2135 5116 storia
2166 5061 2423 5132 deinceps
2453 5063 2614 5117 habet
2637 5078 3050 5134 prosequamur.

2039 5154 2130 5208 Ait
2162 5154 2345 5224 itaque
2369 5193 2384 5219 ,
2419 5163 2478 5208 ut
2513 5155 2712 5209 illustri
2746 5158 2979 5224 quadam
3010 5156 3330 5214 celebritate
3356 5198 3371 5226 ,
3405 5161 3543 5217 dona

1967 5262 2033 5301 ex
2063 5262 2215 5303 more
2241 5244 2510 5312 oll‘ereuti,
2544 5246 2880 5302 contribulcs
2911 5247 2992 5301 sui
3036 5249 3380 5304 sterilitatem
3416 5267 3545 5320 pro-

1970 5339 2069 5393 bro
2102 5339 2422 5408 objecerint.
2462 5337 2586 5391 Non
2624 5337 2770 5393 enim
2798 5382 2812 5405 ,
2840 5339 3037 5408 inquit,
3070 5340 3191 5395 licet
3222 5342 3336 5406 tibi,
3378 5353 3431 5396 ut
3461 5342 3547 5412 of-

1970 5429 2109 5498 feras
2139 5437 2231 5482 tua
2269 5428 2429 5490 dona,
2463 5441 2522 5480 eo
2554 5426 2695 5495 quod
2722 5444 2825 5481 non
2864 5426 3050 5496 feceris
3072 5444 3242 5482 semen
3269 5428 3324 5483 in
3354 5426 3548 5482 Israel.

1969 5522 2142 5578 Porro
2185 5522 2386 5576 habent
2432 5518 2676 5574 nonnulli
2718 5518 2978 5574 codices:
3029 5517 3154 5574 Non
3193 5519 3317 5574 licet
3372 5519 3465 5574 tibi
3495 5532 3550 5573 nt

1968 5615 2171 5683 primus
2219 5612 2432 5683 oﬂ'cras.
2472 5610 2792 5667 Verosimile
2824 5611 3008 5682 itaque
3046 5612 3296 5668 videatur
3350 5612 3553 5678 virum,

1973 5716 2158 5778 utpote
2177 5705 2409 5777 justum,
2442 5719 2504 5760 ac
2549 5702 2746 5777 duplici
2795 5705 3139 5762 bonestatum
3189 5705 3547 5777 ingenuitate,

3156 5796 3236 5859 Ιιῖιι
