3982 6160
424 280 557 348 i387

1559 275 1881 337 GEORGII
1917 276 2508 339 NICOMEDIENSIS

3523 267 3662 336 1388

432 403 489 446 ιιι
523 394 577 448 in
606 392 859 448 omnibus
888 390 1033 457 aliis,
1060 392 1131 447 ita
1162 393 1325 448 etiam
1351 393 1408 448 in
1437 396 1821 452 consecrandis
1864 396 1993 451 Deo-

2106 397 2297 451 iixatov
2333 395 2463 450 ὄντα
2482 437 2497 462 ,
2527 410 2622 450 και
2656 396 2719 467 τῇ
2749 393 2901 462 διττῇ
2932 393 3329 464 σεμνυνόμενον
3368 391 3620 462 εὐγενείᾳ
3639 434 3655 456 ,

431 500 537 555 que
567 485 883 540 addicendis
929 484 1243 540 muneribus
1263 527 1277 553 ,
1323 486 1625 542 obtinuisse
1656 488 1943 557 primatum
1974 506 1987 542 :

433 591 553 643 qua:
582 590 668 631 res
712 576 909 631 invidis
955 576 1369 646 haudquaquam
1419 579 1640 633 ferenda
1686 580 1990 636 videbatur.

431 665 565 719 Cum
591 674 770 720 autem
801 664 932 720 nihii
962 678 1100 721 esset
1130 667 1270 733 quod
1311 667 1362 721 in
1394 666 1509 737 ejus
1533 670 1637 723 vita
1668 680 1952 738 carperent
1977 688 1990 725 :

368 806 383 815 ,
430 758 627 809 nedum
659 755 803 809 enim
832 754 1385 829 irreprehcnsibilem,
1418 772 1481 811 ac
1518 767 1672 811 extra
1699 773 1859 813 omne
1889 759 1997 813 criv

435 863 555 900 men
601 854 906 911 noverant,
945 849 1037 901 sed
1089 856 1141 900 et
1178 847 1269 901 tali
1313 850 1624 917 praestantia
1678 849 1887 915 virum,
1939 861 1996 905 ut

434 938 656 993 minime
687 938 943 1006 consequi
999 948 1256 1007 possent:
1286 939 1628 995 sterilitatem
1674 941 1992 1012 excipiunt,

434 1040 495 1084 ut
526 1044 594 1085 ne
621 1028 775 1097 juxta
818 1028 987 1099 legem
1014 1029 1159 1096 justa
1194 1030 1433 1101 legitima
1476 1030 1656 1087 faciat.
1689 1031 1800 1087 Hoc
1837 1048 1997 1101 porro

435 1136 683 1191 superna:
712 1120 1062 1193 providentia:
1096 1131 1214 1176 erat
1252 1162 1268 1189 ,
1313 1132 1408 1188 ut,
1438 1123 1655 1192 inquam
1684 1166 1699 1184 ,
1735 1124 1800 1178 ad
1827 1138 1997 1191 usque

438 1212 569 1267 illud
597 1222 828 1281 tempus,
862 1212 993 1281 justi
1026 1212 1273 1267 homines
1303 1215 1511 1283 absque
1541 1213 1690 1281 prole
1724 1215 1995 1282 egissent,

443 1313 610 1374 utque
646 1303 698 1356 id
724 1306 987 1372 temporis
1020 1303 1087 1357 ad
1117 1304 1406 1358 editionem
1438 1305 1605 1372 prolis
1631 1304 1999 1359 excitarentur

435 1411 532 1463 per
569 1394 1041 1464 supplicationem.
1078 1394 1336 1463 Alterum
1380 1393 1630 1463 quidem,
1689 1410 1877 1449 eorum
1930 1396 1998 1449 ad

438 1487 603 1543 Deum
650 1487 906 1540 ﬁduciam
943 1487 1182 1542 ostendit
1212 1504 1224 1539 :
1268 1502 1391 1539 nam
1421 1501 1544 1541 cum
1580 1496 1881 1553 rogassent,
1914 1488 1998 1540 ni-

441 1579 513 1633 hil
551 1578 876 1648 petitionum
905 1575 1132 1631 efl‘ecttts
1163 1576 1363 1630 dilatus
1388 1575 1527 1629 fuit:
1569 1575 1799 1629 alterum
1836 1591 1998 1641 vero,

435 1669 682 1723 lircviato
712 1669 957 1738 mysterii
993 1667 1245 1736 tempori,
1288 1669 1431 1737 quod
1467 1668 1607 1721 bona
1638 1665 1783 1722 Deus
1808 1668 2000 1721 volun-

436 1769 541 1815 tate
575 1760 933 1824 decrevisset,
967 1759 1304 1814 commoduui
1333 1759 1582 1813 accessit.
1615 1758 1855 1828 Accepto
1890 1758 1997 1812 ita-
2034 1738 2073 1790 Β

434 1866 541 1919 que
584 1852 670 1905 vir
707 1851 886 1921 justus
921 1851 1213 1921 opprobrio
1243 1892 1258 1917 ,
1302 1850 1446 1905 velut
1496 1853 1746 1921 repulsus
1772 1893 1787 1918 ,
1839 1862 2003 1923 grave

441 1946 727 1999 admodum
762 1944 1031 2011 sustinet;
1078 1959 1183 1997 non
1218 1932 1471 2011 tanqua'm
1502 1943 1780 2012 probrosis
1825 1944 2003 1998 verbis

440 2036 760 2106 perculsus,
806 2044 898 2089 aut
927 2034 1072 2088 velut
1103 2049 1163 2087 ea
1220 2048 1279 2088 re
1314 2032 1588 2096 infamiam
1625 2034 1876 2100 tulisset;
1910 2033 2003 2089 sed

440 2130 666 2193 veritus,
702 2142 767 2180 ne
799 2141 903 2195 qua
942 2125 1318 2180 mandatorum
1364 2124 1457 2179 Dei
1494 2125 1855 2195 transgressio
1881 2139 2002 2179 eam

439 2233 469 2271 a
515 2220 622 2272 Deo
653 2217 930 2285 repulsam
966 2215 1304 2284 peperisset,
1341 2227 1405 2266 ac
1432 2227 1528 2282 per
1552 2213 1801 2267 homines
1827 2212 2003 2281 publi-

441 2316 641 2363 casset.
687 2307 778 2360 Sic
823 2306 1002 2370 enim,
1059 2303 1149 2357 ubi
1186 2304 1297 2373 jam
1331 2316 1545 2372 quoque
1576 2316 1762 2355 verum
1809 2302 2006 2357 fuisset

439 2408 768 2453 consecutus
816 2398 1135 2460 oraculum,
1192 2392 1531 2448 reconciliari
1583 2394 1856 2462 quaerebat
1911 2408 2007 2462 per

441 2492 817 2564 m‘iiigmaticas
878 2486 1343 2543 manifestationes
1396 2483 1547 2555 (i6),
1609 2500 1717 2538 non
1769 2495 1829 2538 ut
1867 2485 2006 2540 filios

441 2589 794 2656 procrearet:
825 2593 996 2647 usque
1033 2578 1168 2631 adeo
1216 2575 1516 2629 rationibus
1549 2573 1815 2643 ponendis
1845 2590 2005 2628 accu-

444 2684 596 2729 ratus
623 2679 741 2725 erat
762 2710 777 2735 ,
808 2669 921 2724 sive
971 2667 1106 2736 legis
1140 2665 1585 2734 adimplctionem
1612 2674 1857 2734 spectes,
1892 2665 2005 2720 sive

439 2766 777 2820 occultorum
831 2756 1180 2813 consciodtiae
1231 2756 1658 2825 eXplorai‘iouem
1713 2755 1841 2809 :sic
1899 2770 2001 2809 sua

438 2856 622 2911 omnia
668 2853 1019 2923 providentia:
1062 2848 1260 2903 divinze
1289 2847 1601 2916 deputabat.
1634 2844 2001 2911 Quamobrem

444 2966 554 3004 non
599 2946 930 3003 contendit:
980 2958 1084 2997 non
1129 2941 1307 2995 verbis
1361 2941 1681 2994 adversatus
1721 2949 1844 3005 est;
1898 2954 2003 2992 non

2094 485 2487 557 προκρίνεσθαι
2533 502 2592 539 τε
2639 485 2714 547 ὡς
2760 485 2819 539 ἐν
2849 485 3004 548 πᾶσι,
3038 484 3140 536 κάν
3184 485 3250 553 τῇ
3299 482 3407 535 τῶν
3438 481 3662 550 δωρεῶν

2092 577 2391 647 ἀφιερώσει
2410 593 2424 608 ο
2450 579 2563 639 τοῖς
2582 576 2660 642 δέ,
2689 576 2788 629 οὑκ
2815 575 3036 649 ἀνεκτὸν
3059 572 3402 643 διαφθονοῦσι
3424 572 3660 643 προσῆν.

2092 667 2274 738 Μηδὲν
2312 667 2366 720 δὲ
2401 668 2617 736 ἔχουσιν
2651 668 2717 721 ἐκ
2759 666 2854 719 τοῦ
2902 667 3023 720 κατ’
3053 668 3259 719 ἐκεῖνον
3298 665 3667 732 ἐπισκήπτειν

2095 758 2243 829 βίου’
2270 760 2331 812 οὑ
2375 760 2535 830 μόνον
2574 760 2686 828 γὰρ
2712 760 2811 812 οὐκ
2849 740 3216 829 ἀνεπίληπτος
3253 757 3435 819 αὐτοῖς
3461 756 3660 818 αὐτὸς,

2093 850 2230 905 ἀλλά
2260 851 2354 905 καὶ
2395 852 2675 923 ἀμήχανος
2699 849 2775 920 τῷ
2806 850 3198 920 ὑπερϐάλλοντι
3234 849 3621 917 διεγινώσκετο
3644 862 3660 878 ’

2093 940 2192 1012 τὴν
2215 940 2472 995 ἀπαιδίαν
2510 943 2589 1003 είς
2618 941 2894 1010 ἀφορμὴν,
2924 939 3016 992 τοῦ
3045 940 3121 1010 μὴ
3150 938 3292 991 κατὰ
3314 938 3477 1006 νόμον
3507 938 3666 993 εὐνο-

2100 1035 2252 1104 μετν,
2301 1032 2449 1103 αὐτῷ
2484 1032 2896 1105 προϐάλλονται.
2929 1031 3099 1084 Τοῦτο
3133 1031 3189 1084 δέ
3223 1028 3566 1100 προμηθείας
3593 1022 3666 1098 ἦν

2096 1127 2197 1196 τῆς
2241 1125 2523 1192 ἀνωτάτω,
2554 1124 2615 1178 τὸ
2654 1124 2886 1192 ἀγόνους
2904 1141 2985 1187 τε,
3018 1123 3180 1191 φημὶ,
3223 1122 3417 1192 μέχρις
3447 1120 3664 1172 ἐκείνου

2096 1216 2223 1278 τοὺς
2259 1215 2502 1279 δικαίους
2530 1215 2795 1269 διατελεῖν
2816 1256 2831 1280 ,
2867 1213 2963 1267 καὶ
2998 1213 3059 1266 τὸ
3088 1211 3156 1265 δι’
3186 1211 3483 1275 ἐντεύξεως
3507 1226 3669 1279 τηνι-

2096 1306 2271 1360 καῦτα
2305 1308 2441 1377 πρὸς
2489 1307 2587 1376 τὴν
2627 1306 2970 1373 τεκνογονίαν
3010 1304 3381 1372 διαναστῆναι.
3431 1301 3505 1353 Τὸ
3565 1300 3670 1369 μὲν

2098 1399 2229 1469 γὰρ,
2271 1400 2369 1471 τὴν
2427 1399 2566 1471 πρὸς
2607 1399 2738 1451 Θεὸν
2782 1398 2962 1451 αὐτῶν
3015 1397 3258 1466 ὑπέφηνε
3310 1393 3665 1464 παρρησίαν·

2099 1490 2355 1561 αἰτήσασι
2405 1490 2534 1561 γάρ,
2564 1491 2663 1543 οὐκ
2700 1492 2780 1554 είς
2817 1488 3074 1557 δευτέραν
3105 1484 3444 1557 ύπερετέθη·
3487 1483 3547 1536 τὸ
3584 1483 3667 1548 δὲ,

2098 1577 2176 1647 τῷ
2203 1581 2305 1645 τῆς
2332 1578 2580 1639 εὐδοκίας
2605 1577 2697 1630 τοῦ
2732 1576 3032 1647 μυστηρίου
3078 1574 3501 1644 συντετμημένῳ
3542 1588 3674 1625 συν-

2104 1668 2339 1738 έπραττε
2375 1667 2571 1738 καιρῷ.
2613 1666 2956 1730 Ὀνειδισθεὶς
2986 1662 3079 1719 οῦν
3106 1668 3133 1719 δ
3156 1666 3390 1729 δίκαιος,
3425 1664 3501 1725 ὡς
3526 1665 3672 1716 ἀπο-

2102 1759 2372 1828 πεμφθεὶς
2391 1800 2406 1825 ,
2444 1761 2659 1812 ἀνιᾶται
2689 1759 3077 1829 σφοδρότερον·
3111 1758 3210 1827 ούχ
3244 1756 3319 1819 ὡς
3345 1758 3456 1819 τοῖς
3486 1753 3672 1821 λόγοις

2101 1847 2425 1919 πεπληγὼς,
2457 1849 2488 1919 ἦ
2522 1850 2785 1920 ἀδοξήσας
2815 1852 2892 1917 τῷ
2924 1850 3241 1921 πράγματι,
3279 1847 3416 1901 ἀλλά
3440 1846 3668 1909 δεδιὼς,

2103 1938 2289 2009 μήπου
2336 1956 2420 2001 τις
2463 1939 2610 2010 αύτῷ
2647 1940 2755 1993 τῶν
2804 1940 2964 1994 θείων
3012 1939 3239 1993 ἐντολῶν
3284 1937 3627 2008 παροφθεῖσα
3652 1972 3671 1999 ,

2101 2031 2255 2099 παρὰ
2279 2030 2414 2083 Θεοῦ
2442 2032 2540 2101 μὲν
2574 2033 2671 2102 τὴν
2708 2032 3025 2102 ἀπόπεμψιν
3048 2031 3200 2083 ἔτεκε
3224 2071 3237 2093 ,
3265 2029 3332 2082 δι’
3363 2028 3672 2099 ἀνθρώπων

2100 2120 2156 2173 δὲ
2186 2120 2353 2192 αὐτὴν
2400 2124 2479 2184 εὶς
2507 2122 2817 2193 τούμφανὲς
2843 2124 3184 2193 παρήγαγεν.
3219 2119 3398 2193 [Οὕτω
3423 2120 3531 2187 γὰρ
3569 2116 3674 2170 καὶ

2100 2211 2195 2264 τοῦ
2227 2211 2494 2279 ἀψευδοῦς
2527 2212 2626 2281 ἤδη
2659 2210 2975 2281 τετυχηκὼς
3009 2208 3393 2281 χρηματισμοῦ
3419 2249 3435 2275 ,
3463 2207 3563 2277 τὴν
3597 2205 3673 2258 δι’

2101 2302 2518 2371 αἱνιγματωδῶν
2557 2303 2833 2367 ἐξιλέωσιν
2861 2303 3057 2371 δήλων,
3100 2303 3162 2354 ού
3193 2299 3289 2370 τὴν
3318 2297 3672 2366 τεκνογονίαν

2102 2393 2403 2463 ἐπεζήτει.1
2444 2392 2629 2456 Οὕτως
2662 2388 2729 2463 ἦν
2761 2392 2818 2445 ἐν
2849 2409 2909 2445 τε
2941 2396 3008 2463 τῇ
3042 2394 3169 2463 περὶ
3207 2392 3297 2444 τὸν
3332 2391 3495 2459 νόμον
3524 2387 3673 2457 πλη-ο

2107 2485 2288 2557 ρώσει,
2321 2487 2415 2538 καὶ
2448 2488 2511 2556 τῇ
2546 2486 2653 2538 τῶν
2679 2485 2901 2554 ἀφανῶν
2933 2484 3026 2537 τοῦ
3063 2483 3365 2544 συνειδότος
3400 2480 3669 2545 ἐξετάσει,

2103 2577 2499 2648 ἀκριϐέστατος
2522 2576 2813 2647 λογοθέτης
2836 2593 2851 2608 ⁸
2883 2574 3027 2629 οὕτω
3050 2574 3201 2637 θείας
3232 2576 3419 2642 ἠγεῖτο
3444 2573 3512 2624 τὰ
3537 2572 3675 2641 περὶ

2104 2668 2266 2723 αὑτοῦ
2306 2669 2559 2737 προιοίας
2597 2669 2810 2722 ἅπαντα
2830 2684 2844 2698 ·
2885 2668 2974 2721 διά
3006 2667 3165 2720 τοῦτο
3190 2667 3251 2719 οὔ
3281 2665 3538 2734 διηνέχθη
3564 2663 3663 2717 ὀύ

2103 2764 2215 2825 τοῖς
2249 2762 2421 2830 λόγοις
2480 2761 2834 2831 ἀντικατέστη
2857 2777 2871 2792 ο
2900 2761 2960 2813 ού
2988 2761 3048 2812 τὸ
3081 2760 3155 2830 μὴ
3191 2758 3533 2812 κεκωλῦσθαι
3558 2757 3675 2810 τῶν

2104 2853 2309 2921 ἐθίμων
2347 2853 2539 2923 μέχρις
2584 2854 2819 2917 ἐκείνου,
2860 2850 2951 2905 διά
2978 2869 3037 2904 τε
3072 2852 3131 2905 τὸ
3164 2855 3256 2904 τοῦ
3296 2851 3433 2921 βίου.
3471 2852 3568 2903 καὶ
3613 2851 3677 2903 τὸ
3760 2898 3766 2903 .

2104 2943 2212 2997 τῶν
2244 2943 2433 3014 δώρων
2468 2943 2835 3012 ἀνεπίληπτον
2864 2943 3229 3012 προσελάϐετο
3252 2959 3264 2970 '
3299 2943 3413 2995 ἀλλ’
3447 2942 3583 3012 ὁμοῦ
3615 2957 3675 2994 τε

445 3040 746 3109 assumpsit
780 3038 847 3092 ad
879 3034 1245 3090 defensionem
1289 3032 1552 3085 hactenus
1581 3046 1641 3086 se
1679 3045 1710 3085 a
1753 3030 2006 3100 legitimis

2107 3033 2204 3105 τὴν
2243 3033 2312 3086 δι’
2363 3034 2669 3104 ὀνειδισμοῦ
2722 3034 3009 3105 ἐπίπληξιν
3065 3034 3397 3097 εἰσεδέξατο,
3437 3035 3530 3085 ἐπὶ
3582 3032 3679 3085 τὸν

445 3132 867 3200 haudquaquam
919 3125 1089 3181 fuisse
1139 3122 1507 3193 prohibitum;
1577 3137 1674 3176 ceu
1736 3123 1827 3191 qui
1897 3122 2004 3175 vita

447 3221 795 3285 moribusque
826 3211 1317 3283 irrepreliensibilis
1354 3219 1566 3280 ageret,
1609 3225 1673 3263 ac
1700 3212 1836 3263 dona
1883 3210 2006 3265 vitae

447 3324 684 3378 congrua
732 3306 953 3361 oﬂ'errct
1010 3321 1024 3356 :
1076 3305 1218 3370 quin.
1247 3314 1413 3363 vero,
1468 3315 1589 3353 mox
1643 3310 1702 3354 ut
1753 3315 1816 3353 ex
1861 3300 2005 3354 illata

447 3400 866 3472 exprobratione
913 3392 1340 3461 increpationem
1372 3392 1636 3460 suscepit,
1672 3392 1740 3445 ad
1764 3393 2008 3448 occulto-

452 3510 569 3548 rum
605 3492 979 3557 indagatorem
1010 3483 1176 3538 Deum
1233 3481 1475 3550 confugit
1506 3522 1522 3548 ,
1555 3481 2008 3553 solitudiueuique

450 3595 508 3640 ιιι
544 3578 921 3640 consuetudini
972 3591 1095 3631 cum
1148 3573 1256 3628 Deo
1305 3583 1661 3642 opporlunain
1688 3615 1704 3641 ,
1735 3576 1902 3644 petit,
1943 3590 2009 3630 ne

382 3692 389 3698 '
444 3693 569 3732 eum
608 3688 775 3728 uxore
808 3670 1023 3739 quidem
1053 3707 1070 3733 ,
1104 3680 1274 3736 eaque
1300 3665 1574 3731 unanimi,
1601 3666 2014 3720 communicatis

450 3764 732 3830 consiliis;
781 3776 880 3817 nec
916 3756 1228 3815 domesticis
1252 3791 1268 3820 ,
1298 3763 1644 3809 externorum
1675 3758 2010 3826 negotiorum

448 3874 578 3914 cura
614 3854 962 3911 demandata.
994 3850 1129 3916 Quis
1172 3848 1255 3903 vel
1303 3846 1509 3901 nostris
1552 3847 1885 3915 temporibus
1922 3848 2010 3901 flr-

454 3965 591 4002 mam
623 3949 759 4027 adeo
807 3945 865 3999 in
894 3945 1062 3998 Deum
1092 3954 1244 4009 spent
1266 3976 1286 4003 ,
1322 3951 1653 4007 suarumque
1694 3936 2008 3993 facultatum

479 4196 631 4319 mgf)
668 4194 767 4248 Per
788 4197 1146 4264 wnigmaticas
1174 4191 1635 4272 manifeslaiiones.
1651 4190 1717 4244 δι’
1739 4190 2003 4271 αἰνιγμα-

602 4284 629 4319 ν
678 4265 874 4319 δήλων.
908 4267 983 4319 Ita
1013 4266 1238 4319 reddunt
1263 4262 1633 4319 Septuaginta,
1664 4262 1750 4312 tibi
1778 4259 2003 4315 Hebraea

447 4259 629 4319 τωδῶῦ
678 4265 874 4334 δήλων.
893 4259 983 4320 Ἰιιι
1013 4266 1245 4334 reddunt
1263 4259 1633 4331 septuaginta,
1664 4261 1750 4334 tibi
1778 4259 2005 4334 Hebraea

2109 3126 2216 3180 τῶν
2264 3127 2592 3196 ἀπορρήτων
2649 3125 2939 3194 ἐξεταστὴν
2986 3125 3327 3193 καταφεύγει
3371 3124 3535 3187 Θεὸν,
3579 3123 3680 3176 καὶ

2107 3214 2207 3283 τὴν
2247 3214 2484 3283 ἐρημίαν
2524 3214 2600 3275 ὡς
2645 3215 2903 3282 συνεργὸν
2939 3214 3038 3282 τῆς
3079 3215 3213 3282 πρὸς
3246 3214 3411 3266 αὑτὸν
3456 3213 3681 3281 ὁμιλίας

2110 3304 2521 3373 καταλαμϐάνει
2542 3344 2557 3368 ,
2594 3308 2730 3374 μήτε
2756 3306 2892 3374 αὐτῇ
2934 3307 3000 3375 τῇ
3032 3305 3261 3374 συνοίκῳ
3296 3303 3392 3356 καὶ
3424 3303 3682 3371 ὁμογνώ-

2116 3410 2237 3464 μονι
2271 3393 2498 3463 φανείσῃ
2520 3434 2535 3458 ,
2589 3395 3062 3462 κοινωνησάμενος
3090 3394 3191 3463 τὴν
3240 3392 3503 3461 γνώμην,
3538 3395 3681 3461 μήτε

2112 3488 2226 3548 τοῖς
2255 3486 2375 3537 κατ’
2409 3481 2579 3548 οἷκον,
2611 3483 2710 3555 τὴν
2739 3483 2868 3555 περὶ
2900 3484 3007 3537 τῶν
3035 3484 3189 3536 ἐκτὸς
3219 3482 3536 3551 ἐπιμέλειαν
3562 3483 3686 3536 6.:-

2114 3575 2359 3641 θέμενος.
2393 3575 2489 3637 Τίς
2526 3575 2625 3643 τὴν
2654 3574 2909 3642 τοιαύτην
2951 3575 3051 3626 κάν
3088 3575 3201 3635 τοῖς
3233 3573 3357 3624 καθ’
3398 3573 3545 3642 ἡμᾶς
3588 3573 3679 3624 ἐλο

2112 3666 2241 3719 πίδα
2297 3666 2434 3736 πρὸς
2494 3665 2626 3718 Θεὸν
2676 3665 3029 3728 ἀδίστακτυν,
3085 3663 3180 3717 καὶ
3232 3663 3339 3716 τῶν
3392 3662 3685 3733 παρόντων

2111 3758 2548 3827 καταφρόνησιν,
2608 3756 2945 3822 ἐνεδείξατο·
3000 3758 3073 3827 μή
3113 3773 3193 3809 τοι
3232 3772 3296 3823 γε
3337 3757 3394 3807 ἐν
3421 3758 3532 3817 τοῖς
3556 3754 3684 3810 κατ’

2112 3850 2340 3913 ἐκεῖνον,
2372 3851 2429 3901 ἐν
2466 3842 2547 3909 οἷς
2591 3848 2685 3900 καὶ
2725 3848 2834 3900 τῶν
2878 3849 3257 3917 μετριωτέρων
3285 3848 3377 3899 καὶ
3416 3847 3683 3900 τεθεσπι-

2114 3937 2327 4010 σμένων
2359 3936 2567 4008 ἀρετῶν
2586 3976 2602 4003 ,
2634 3936 2878 4010 ἐργώδης
2907 3932 2972 4009 ἦν
3004 3939 3038 4009 ὴ
3070 3937 3435 4008 ἐκπλήρωσις.

2113 4190 2455 4261 καιωμένοςς-
2471 4190 2539 4245 1η
2569 4191 2859 4246 crastinum
2887 4208 3123 4247 reversus
3155 4195 3341 4247 obtulit
3372 4198 3512 4249 dona
3543 4211 3681 4260 sua;

2113 4259 2289 4329 aitque
2336 4276 2356 4314 .'
2404 4259 2547 4313 Num
2579 4262 2707 4316 mihi
2749 4263 3005 4323 Dominus
3046 4268 3279 4322 placatus
3311 4267 3397 4327 sil,
3440 4259 3679 4318 ostendet

451 4340 648 4410 habent
694 4330 1174 4410 'l‘eraphimtquod
1208 4330 1560 4410 iheronimus
1578 4339 1633 4384 et
1658 4330 2007 4410 aliinreddimt
2043 4356 2083 4410 ο
2111 4331 2312 4410 {nmina
2361 4332 2650 4410 sacerdotis
2681 4346 2700 4383 :
2750 4345 2794 4384 ei
2836 4333 3116 4410 applicavi:
3167 4337 3236 4410 ad
3283 4350 3359 4410 δελ
3382 4337 3678 4389 sacerdotis

441 4404 802 4475 ὁμοιώματα,
836 4399 852 4404 ’
878 4399 1159 4458 simulacra
1209 4414 1227 4451 :
1274 4401 1678 4475 intelligtintqtie
1720 4399 2007 4453 Cliet'ubitn

446 4425 475 4458 Ο
524 4425 802 4475 οιωματα,
878 4425 1159 4458 ειτηιιιαεΐα
1209 4438 1222 4451 σ
1274 4425 1678 4467 "inungi-utque
1720 4425 2007 4453 unctum"!

446 4425 825 4530 oguliibrautia
858 4488 1045 4535 arcani
1090 4486 1153 4523 ac
1202 4469 1667 4536 propitiatoriuui,
1708 4482 1739 4521 θ
1775 4483 2007 4535 quorum

451 4545 627 4597 medio
654 4545 845 4597 edebat
886 4543 1027 4595 Deus
1058 4536 1274 4592 oracula
1314 4554 1327 4589 :
1359 4552 1423 4591 ac
1456 4538 1593 4589 sicut
1634 4545 1751 4590 erat
1781 4537 1867 4589 illa
1901 4537 2010 4591 Te-

452 4614 661 4680 rapliim
685 4612 893 4681 religio,
919 4612 997 4681 sic
1015 4618 1201 4681 erat_et
1226 4606 1558 4681 superstitio,
1585 4607 1833 4681 confictis
1856 4606 2013 4681 idolis

452 4674 813 4747 ad'ejnsinudi'
831 4674 1096 4749 praecipue
1125 4675 1415 4749 Terapliim
1452 4674 1829 4734 imitationem,
1875 4678 2015 4731 unde

453 4746 664 4818 profani
693 4746 936 4804 homines
970 4746 1157 4818 divina
1180 4757 1234 4799 et
1271 4746 1373 4818 ipsi
1411 4760 1663 4818 respousa
1710 4756 2011 4818 captarent.

458 4813 636 4875 Videri
682 4829 858 4888 potest
890 4813 1646 4888 eruditissimusPhilippicas
1674 4815 1897 4888 adgillu_d
1928 4830 2011 4871 iii.

453 4897 602 4944 Osca:
640 4882 729 4942 ubi
769 4904 878 4942 rem
921 4889 1056 4941 hanc
1091 4882 1509 4939 accuratissime
1537 4885 1810 4939 edisserit.
1843 4882 2014 4937 Porro

452 4961 639 5013 alludit
685 4957 949 5028 Georgius
1001 4960 1066 5009 ad
1110 4955 1240 5008 illud
1285 4954 1615 5028 apocryplii,
1667 4968 1772 5028 quo
1828 4961 2017 5006 narrat

454 5029 756 5084 consultum
798 5024 1093 5081 a'Joaeliiiii
1139 5024 1417 5077 oraculum
1466 5028 1517 5075 in
1558 5024 1786 5089 templo,
1827 5037 1890 5072 ac
1921 5037 2017 5089 per

454 5100 644 5167 ivgalia
681 5098 943 5169 symbola,
981 5096 1066 5169 ubi
1092 5094 1202 5169 jam
1235 5109 1263 5169 ιι
1305 5103 1486 5169 monte
1515 5093 1761 5169 rediisse!
1792 5100 2015 5169 accepto

454 5158 636 5221 (ίιῖἱιιο
673 5158 951 5236 Γέεμυιιεο,
983 5158 1383 5236 καὶ-’ἐπαύριον
1404 5200 1422 5226 ,
1465 5160 1677 5236 inquit,
1683 5158 2015 5236 _1spog_é5pspe

452 5239 521 5290 τὰ
563 5236 709 5305 δῶρα
746 5225 910 5289 αὑτοῦ
934 5225 947 5265 λ
972 5304 977 5305 ί
1002 5234 1095 5305 καὶ
1137 5225 1300 5305 εἶπεν.
1337 5228 1621 5305 Ἰωακείμ·
1646 5225 1783 5305 ¹Ὶῖιεὶν
1814 5225 2016 5305 Κύριος

458 5299 654 5376 ἱλασθῇ
675 5322 787 5378 μοι,
823 5303 1144 5378 τδ-πέταλον
1170 5300 1260 5378 τοῦ
1342 5299 1434 5369 ροῦ
1460 5299 1690 5378 φ-ανερόν
1727 5299 2014 5378 μοι-’ποιη-

454 5392 570 5429 σει·
615 5367 710 5427 καὶ
742 5367 1008 5445 προσέσχε
1049 5372 1108 5424 τὸ
1148 5367 1385 5445 πέταλον
1419 5370 1513 5445 τοῦ
1547 5369 1776 5445 ἱερέως..
1811 5367 2013 5445 Ἐπρᾳϐη

451 5445 508 5498 δὲ
547 5445 641 5495 καὶ
676 5432 867 5497 ἐπὶ’τὸ
899 5432 1285 5509 θύσιαστήριον
1332 5437 1556 5509 Κυρίου,
1594 5432 1689 5509 καὶ
1724 5436 1825 5509 ούκ
1874 5432 2015 5509 εἶδεν

453 5515 728 5585 ἁμαρτίαν
765 5516 822 5585 ἐν
862 5513 1071 5585 αὐτος,
1104 5500 1195 5561 κάι
1227 5504 1380 5585 εξπεν
1421 5500 1717 5585 ’Ἰωακείμο
1744 5504 1859 5585 Νῦν
1898 5500 2017 5585 οἶδα

455 5575 537 5636 ὅτι
558 5575 821 5651 dammas
850 5599 916 5651 με
945 5580 1146 5651 Κύριος
1168 5577 1391 5651 σφόδρα,
1422 5578 1515 5651 καὶ
1545 5577 1722 5651 ἀφῆκε
1746 5575 1922 5651 πάντα
1938 5575 2016 5651 τὰ

454 5643 825 5721 ἀμαξιτήμαξτέι
850 5643 994 5720 ’μου,
1031 5643 1124 5701 καὶ
1162 5643 1400 5715 κατέϐην
1433 5647 1495 5697 ἐκ
1538 5645 1631 5697 τοῦ
1673 5644 1833 5715 ὅρους
1874 5643 2015 5695 δεδι-

948 5818 971 5853 ι

2115 4400 2367 4452 laminam
2397 4416 2415 4454 :
2441 4402 2670 4452 ascendit
2699 4417 2813 4453 vero
2840 4406 2996 4453 etiam
3026 4405 3093 4455 ad
3123 4404 3290 4456 altare
3320 4402 3549 4466 Domini,
3584 4419 3681 4457 nec

2112 4469 2242 4540 uidit
2271 4470 2324 4540 in
2355 4471 2428 4523 eis
2457 4486 2745 4540 peccatum,
2772 4473 2946 4538 aitque
2978 4485 2994 4522 .'
3031 4470 3187 4523 Num:
3219 4476 3325 4525 scio
3352 4478 3490 4540 quod
3517 4477 3679 4526 bene-

2112 4538 2307 4592 dia-erit
2353 4541 2479 4591 mihi
2525 4538 2780 4592 Dominus
2822 4542 3006 4601 ualde,
3033 4551 3083 4593 et
3122 4538 3374 4595 dimiserii
3430 4558 3681 4597 universa

2110 4618 2324 4679 peccata
2363 4625 2475 4661 mea
2497 4647 2511 4670 ,
2543 4608 2993 4677 descenderimque
3016 4626 3090 4664 aa:
3129 4621 3301 4663 monte
3327 4611 3680 4679 jnstiﬁraius.

2116 4674 2253 4730 Sunt
2288 4680 2398 4733 hinc
2429 4690 2739 4734 argumenta
2774 4674 3034 4731 liilitil‘altl:
3068 4674 3356 4732 admodum
3384 4674 3680 4734 conscien-

2117 4749 2202 4798 tia:
2246 4763 2259 4798 :
2293 4758 2348 4800 et
2388 4756 2445 4800 nt
2484 4749 2760 4809 Jnacli'iiii,
2807 4763 2912 4801 non
2968 4759 3077 4801 tam
3126 4751 3431 4803 sterilitatis
3470 4766 3678 4816 oppro-

2114 4816 2291 4870 brium
2316 4856 2330 4879 ,
2381 4831 2542 4885 quam
2576 4831 2877 4880 peccatum,
2911 4833 2976 4874 ex
3011 4835 3120 4885 quo
3150 4820 3238 4870 illa
3280 4820 3444 4871 videri
3493 4830 3684 4885 posset.

2116 4899 2366 4957 manasse
2387 4924 2402 4949 ,
2433 4887 2754 4951 deprecatus
2794 4888 2898 4948 sit,
2930 4893 3069 4954 quod
3106 4890 3192 4940 hic
3235 4887 3497 4957 Georgius
3528 4902 3684 4944 recte

2115 4953 2211 5008 ait.
2264 4953 2400 5006 Nutu
2457 4963 2637 5006 autem
2668 4958 2778 5019 jani
2830 4953 3051 5007 omnino
3098 4953 3558 5010 ceasasset'Deus
3609 4959 3683 5012 ab

2115 5022 2379 5092 ejusmodi
2412 5026 2647 5077 oraculis
2678 5027 2744 5077 oh
2782 5026 2958 5092 populi
2997 5023 3206 5077 Judaici
3246 5028 3461 5092 delicta,
3493 5029 3570 5079 uti
3610 5032 3685 5083 de

2114 5088 2324 5158 fulgore
2353 5093 2629 5145 rationalis
2659 5088 2887 5147 testatur
2909 5094 3125 5160 Josepli.
3154 5095 3191 5147 l.
3221 5095 3274 5149 5.
3298 5112 3346 5149 c.
3379 5088 3686 5158 9,7;tlierius

2116 5174 2291 5227 opera:
2339 5163 2412 5216 sit
2444 5176 2507 5214 ac
2557 5162 2652 5215 otii
2703 5163 2999 5229 disputare.
3050 5163 3200 5217 llaud
3245 5180 3394 5218 certe
3433 5167 3688 5220 videatur

2118 5230 2463 5301 negandum,
2516 5240 2572 5282 tit
2623 5246 2690 5284 ne
2735 5235 2813 5284 vel
2867 5234 3069 5286 ultimis
3114 5236 3483 5301 temporibus,
3535 5236 3687 5290 velut

2117 5299 2266 5371 oliui,
2307 5301 2407 5367 piis
2447 5301 2716 5371 nonnullis
2739 5318 2803 5354 ac
2833 5304 3024 5371 amicis
3050 5303 3201 5366 viris,
3229 5299 3288 5356 in
3319 5306 3517 5371 quibus
3544 5320 3685 5370 prac-

2118 5369 2308 5433 cipuns
2336 5379 2453 5423 erat
2474 5368 2742 5433 Joacliini,
2774 5374 2873 5425 etsi
2903 5369 3043 5425 forte
3066 5375 3265 5437 rarius,
3293 5368 3639 5439 responderit
3666 5389 3684 5426 :

2117 5439 2330 5509 quando
2361 5455 2463 5492 nec
2491 5440 2619 5491 olim
2644 5444 2893 5494 omnibus
2933 5442 3310 5508 respondebat,
3344 5458 3409 5496 ac
3433 5442 3479 5495 si
3522 5458 3686 5509 quem

2117 5506 2529 5582 scelusudivino
2582 5523 2841 5574 responso
2893 5506 3100 5566 faceret
3149 5510 3467 5582 indignum,
3503 5506 3584 5564 uti
3628 5511 3689 5567 in

2121 5575 2281 5631 Sanle
2311 5576 2499 5647 iiquei.
