3982 6160
282 320 421 391 1389

278 522 592 593 adimpletio
631 522 794 576 ardua
825 529 974 585 erat,
1013 534 1077 575 ac
1107 518 1382 575 dilIic’tlis?

1102 321 1185 383 IN
1229 322 1331 383 SS.
1377 319 1735 385 DEIPAR/E
1774 316 2364 383 CONCEPTIONEM
2401 317 2496 387 ET
2535 316 2707 379 NAT.

224 421 231 427 ’
286 427 695 503 despectionem
771 428 1047 497 ostendit;
1102 429 1299 484 nedum
1363 426 1482 496 ejus
1553 426 1928 503 temporibus,

3421 312 3557 376 1390

1993 440 2115 483 cum
2181 423 2267 479 vel
2332 424 2668 485 medicatum
2732 435 2797 479 ac
2865 420 3230 496 legitimarum
3290 423 3556 481 virtutum

350 615 468 671 Kal.
525 615 813 687 παρείσθω
871 613 1003 679 νῦν,
1062 612 1130 667 τὰ
1178 611 1322 668 κατὰ
1368 610 1461 665 τὸν
1517 609 1871 683 πατριάρχην

2048 608 2325 680 Missaque
2387 608 2442 662 in
2519 607 2939 678 praesentiarum
2997 613 3161 663 sunto
3235 607 3563 676 patriarcha:

292 709 574 780 Ἀϐραάμ.
634 705 1049 781 ’Υπεξῃρῆσθαι
1090 706 1198 777 γὰρ
1239 704 1318 776 τῷ
1350 721 1412 778 τε
1457 703 1634 775 χρόνῳ
1665 702 1761 756 καὶ
1792 700 1871 774 τῷ

281 803 388 871 τῆς
456 799 809 870 δικαιοσύνης
860 797 1221 870 ἁνεστηκότι,
1268 797 1344 860 ὡς
1378 796 1487 850 τῶν
1533 796 1724 862 πάλαι,
1775 796 1873 850 καὶ

278 893 477 948 τούτου
507 891 711 956 δόξειεν
740 891 806 945 ἄν
834 908 944 943 τισι
964 906 978 922 ·
1006 889 1146 959 πλὴν
1179 889 1231 941 εξ
1256 888 1351 942 καὶ
1368 887 1541 943 ταῦτά
1569 904 1656 951 τις
1682 886 1872 954 ἀντεξ-

284 985 508 1049 ετάζειν
564 982 832 1053 βούλοιτο,
894 979 1099 1052 πολλὴν
1156 978 1222 1034 ἂν
1278 980 1376 1051 τὴν
1445 979 1721 1051 ὑπεροχὴν
1764 979 1874 1033 τῶν

283 1074 674 1147 προκειμένων
695 1071 1004 1141 κατύψοιτο.
1037 1070 1261 1142 Ἐκείνῳ
1289 1071 1388 1142 μὲν
1422 1070 1554 1141 γὰρ,
1584 1070 1619 1140 ἦ
1651 1087 1708 1123 τε
1737 1087 1873 1140 μετ-

288 1165 598 1227 ανάστασις
620 1203 637 1225 ,
690 1163 799 1241 ,καὶ
837 1164 875 1233 ἠ
909 1162 967 1214 ἐν
996 1158 1078 1225 οἷς
1112 1160 1178 1214 ἂν
1222 1161 1614 1233 παροικήσειεν
1665 1159 1875 1232 ἐρρήθη

283 1257 363 1327 γῆ
383 1274 396 1286 ·
433 1255 514 1308 ἔτι
568 1255 677 1325 μὴν
698 1292 717 1317 ,
745 1254 841 1307 καὶ
871 1255 905 1323 ἡ
925 1323 930 1328 .
952 1255 1051 1323 τῆς
1084 1251 1342 1323 ἀπαιδίας
1392 1253 1486 1306 καὶ
1534 1250 1877 1322 στειρώσεως

283 1349 390 1419 τῆς
412 1347 633 1418 saepe;
649 1344 826 1412 λύσις,
851 1343 957 1398 ὑπὸ
980 1341 1074 1396 τοῦ
1094 1342 1363 1413 ἀψευδοῦς
1390 1342 1840 1414 πρηοεπήγγελται
1859 1357 1874 1372 ⁶

287 1439 438 1507 ειπερ
466 1437 532 1508 δὴ
562 1437 813 1507 κατέχων
840 1434 1156 1506 ὑποσχέσει,
1183 1434 1285 1504 τὴν
1316 1433 1415 1504 μὲν
1440 1435 1635 1490 ἐλπίδα
1659 1433 1877 1505 ἔτρεφε,

286 1531 393 1601 τὴν
426 1528 485 1581 δὲ
513 1528 743 1601 γνώμην
783 1526 923 1599 πρὸς
956 1525 1056 1597 τὴν
1089 1524 1159 1579 δι’
1193 1525 1466 1596 αἰτήσεως
1503 1525 1877 1597 ἐψυχαγώγει.

289 1618 362 1673 Τί
420 1618 529 1688 γὰρ
586 1617 655 1670 ἂν
713 1615 1080 1689 εὐθυμότερον
1131 1614 1234 1685 τῆς
1280 1616 1633 1687 ὑποσχέσεως
1685 1615 1878 1687 ὀφθείη

288 1708 456 1762 Θεοῦ.
505 1708 562 1761 '0
602 1707 681 1772 δέ,
715 1706 1139 1779 ἀνεπαγγέλτως
1174 1704 1276 1775 μέν
1322 1706 1475 1779 παρὰ
1521 1703 1616 1763 τοῦ
1650 1703 1880 1760 δυνατοῦ

294 1801 481 1855 πάντα
518 1800 588 1855 τὰ
634 1800 709 1871 μὴ
753 1799 956 1854 δυνατὰ
1000 1797 1397 1872 περαιοῦσθαι,
1442 1797 1541 1850 καὶ⁵
1578 1796 1678 1869 τὴν
1721 1796 1882 1869 φύσιν

296 1889 847 1964 μεταρυθμίζεσθαι,
898 1887 1234 1955 πιστεύσας,
1270 1887 1407 1961 πρὸς
1453 1887 1636 1958 ἀφανῆ
1687 1886 1744 1943 δὲ
1784 1885 1881 1958 τὴν

1977 701 2213 762 Αιπιιὺω
2240 701 2506 775 praeclare
2530 709 2702 772 gesta.
2728 697 2993 756 Videntur
3016 700 3232 771 quidem
3261 700 3558 766 nonnullis,

1974 810 2097 849 cum
2145 794 2455 863 antiquiore
2499 809 2616 851 aevo
2640 833 2655 858 ,
2697 803 2813 851 tum
2837 793 3067 865 justitize
3100 793 3447 866 praestantia,
3481 795 3562 851 uti

1978 886 2259 942 veteribus
2298 885 2445 952 aliis,
2475 886 2551 940 ita
2573 893 2628 945 et.
2662 887 2777 942 viro
2811 886 2966 940 nobis
2990 887 3288 956 proposito,
3321 886 3564 957 potiores

1980 977 2159 1045 ferre;
2213 986 2272 1032 ut
2306 987 2485 1047 tamen
2543 978 2668 1049 quis
2723 993 2790 1032 ex
2845 979 3076 1033 adverso
3116 992 3448 1046 componere
3504 978 3563 1036 itt

1979 1068 2222 1129 animum
2278 1069 2539 1136 inducat,
2600 1068 2830 1127 multum
2893 1071 3091 1125 rerum'
3151 1072 3562 1140 propositarum

1977 1174 2260 1217 excessum
2294 1161 2647 1231 perspexerit.
2679 1159 2818 1216 Nam
2838 1161 2913 1222 illi
2937 1161 3180 1233 quidem,
3209 1178 3333 1217 cum
3365 1163 3566 1233 migra-

1981 1252 2059 1307 tio
2090 1291 2107 1318 ,
2139 1261 2255 1307 tum
2287 1263 2433 1307 terra
2468 1268 2572 1322 qua
2605 1251 2820 1322 futurus
2869 1237 3011 1308 erat.
3040 1254 3226 1309 accola
3247 1294 3265 1320 ,
3303 1255 3563 1325 prtedicta

1983 1343 2199 1410 fuerat;
2253 1343 2349 1401 sed
2383 1353 2439 1398 et
2482 1344 2669 1399 futura
2699 1344 3112 1401 inl'ecunditatis
3156 1360 3219 1401 ac
3263 1346 3567 1402 sterilitatis

1983 1437 2130 1498 Sara:
2162 1435 2381 1500 solutio,
2401 1436 2633 1508 veracis;
2646 1435 2743 1495 Dei
2773 1437 2995 1508 oraculo
3016 1440 3377 1508 praenuntiata
3402 1450 3520 1495 erat
3547 1457 3562 1506 ;

1981 1545 2156 1601 eaque
2189 1531 2237 1585 is
2270 1529 2634 1600 promissione
2669 1538 2891 1595 tenens,
2938 1539 2993 1586 et
3024 1545 3176 1603 spem
3206 1531 3414 1596 alebat,
3442 1532 3563 1587 ani-

1984 1635 2240 1691 mumque
2267 1635 2365 1691 per
2392 1620 2696 1681 orationem
2725 1621 2814 1675 illa
2849 1620 3182 1679 oblectabat.
3219 1622 3359 1690 Quid
3392 1625 3563 1690 enim,

1989 1726 2150 1783 rogo,
2179 1711 2360 1769 divina
2407 1713 2771 1783 promissione
2799 1713 3097 1783 jucundius
3141 1716 3312 1770 videri
3356 1717 3568 1787 queat?

1983 1803 2227 1859 Joacbim
2255 1818 2421 1868 vero,
2465 1804 2612 1863 nulla
2641 1804 2710 1865 ab
2747 1819 2812 1860 eo
2845 1815 3070 1876 accepta
3100 1808 3485 1875 promissione,
3515 1808 3569 1864 ei

1986 1895 2341 1961 commodans
2403 1895 2608 1962 (idem,
2661 1895 2755 1967 qui
2821 1897 3255 1968 impossibilibus
3309 1900 3564 1962 omnibus

296 1982 468 2037 αὐτοῦ
494 1982 842 2053 προμήθειαν
874 1979 945 2034 τὰ
968 1981 1067 2049 τῆς
1096 1979 1311 2043 ἐλπίδος
1347 1978 1588 2052 ἐρείσας,
1620 1977 1763 2035 οὕτω
1787 1978 1881 2036 καὶ

1992 1990 2190 2047 exitum
2221 1989 2351 2046 dare
2372 2029 2387 2056 ,
2417 2004 2480 2046 ac
2509 1999 2763 2047 naturam
2802 2001 2981 2062 potest
3013 1991 3350 2060 reformare;
3384 2009 3571 2064 spem-

297 2072 398 2144 τὴν
424 2072 535 2125 τῶν
576 2070 798 2125 οίκείων
834 2068 1152 2135 διάστασιν,
1199 2068 1295 2125 καὶ
1325 2068 1424 2139 τὴν
1467 2067 1709 2138 ἔμμονον
1745 2067 1884 2140 πρὸς

297 2160 465 2217 αὐτὸν
496 2160 564 2215 δι’
617 2160 915 2227 ἐντεύξεως
949 2163 1185 2218 ποιεῖται
1222 2159 1464 2231 ὁμιλίαν.
1514 2160 1625 2223 Καὶ
1662 2163 1692 2215 ὁ
1747 2161 1847 2232 μὲν
1869 2201 1885 2226 ,

296 2255 604 2324 τεκμήριον
654 2252 756 2322 τῆς
801 2269 861 2306 τε
912 2251 1298 2327 κατασχέσεως
1343 2252 1443 2323 τῆς
1484 2251 1624 2322 γῆς,
1660 2252 1886 2322 καὶτῆς

302 2343 399 2396 τοῦ
465 2342 662 2410 γένους
708 2341 1003 2404 ἐπιδόσεως
1049 2341 1217 2399 δεῖται
1266 2339 1384 2416 [καὶ
1418 2342 1524 2412 ὅτῳ
1578 2341 1766 2415 τρόπῳ
1819 2342 1887 2397 τὰ

301 2435 757 2505 ἐπαγγελλόμενα
783 2431 1125 2504 πληρωθεῖεν
1157 2432 1496 2504 ἐξαιτεῖται]·
1529 2434 1556 2487 ὁ
1586 2434 1662 2500 δὲ,
1699 2433 1888 2504 ὥσπερ

303 2529 361 2580 ἐν
387 2529 456 2599 τῇ
488 2528 620 2599 εὐχῇ
641 2526 701 2579 τὸ
730 2525 1127 2590 ἀνενδοίαστον,
1154 2523 1298 2583 οὕτω
1330 2526 1429 2581 καὶ
1456 2528 1513 2599 ἐν
1558 2519 1740 2601 τῷείς
1787 2527 1885 2581 ἐπ-

304 2622 471 2692 ήκοον
487 2619 872 2692 ἀνενεχθῆναι,
900 2620 999 2673 καὶ
1026 2620 1118 2673 ὑπ’
1148 2619 1387 2688 ἀγγέλου
1415 2619 1508 2673 τὸν
1536 2620 1705 2677 τόκον
1725 2620 1891 2687 εὐαγ-

305 2713 668 2782 γελισθῆναι,
708 2713 807 2783 οὐχ
838 2712 913 2776 ὡς
953 2713 1018 2766 ἂν
1062 2710 1258 2781 ἐκϐαίη
1291 2710 1354 2764 τὸ
1399 2710 1890 2780 εὐαγγελιζόμενον

306 2807 572 2871 αἰτεῖται,
604 2804 730 2858 οἱ,δέ
765 2821 829 2872 γε
855 2803 925 2856 τὰ
949 2801 1216 2874 δηλοῦντα
1251 2804 1455 2874 σημεῖα
1500 2803 1598 2872 τῆς
1638 2800 1893 2854 ἀσθενού-

311 2913 411 2966 σης
443 2894 663 2964 φύσεως
697 2895 796 2965 τὴν
826 2896 990 2959 ἴασιν,
1036 2894 1310 2962 ἐπιζητεῖ.
1360 2894 1447 2957 Ὠς
1475 2892 1586 2964 γὰρ
1616 2892 1893 2963 πλήρωμα

305 2988 366 3040 τὸ
421 2988 654 3058 μήνυμα
702 2985 990 3056 κατασχὼν
1042 2983 1138 3038 τοῦ
1173 2984 1430 3057 καθαρῶς
1471 2983 1709 3055 ὀφθῆναι
1746 2983 1895 3055 μόνῳ

306 3080 452 3150 Θεῷ,
487 3081 580 3135 καί
612 3080 749 3151 μετὰ
779 3081 876 3151 τὴν
905 3077 1001 3133 τοῦ
1044 3079 1205 3133 τόκου
1242 3079 1618 3151 πληροφορίαν
1648 3077 1760 3150 [γρ.
1795 3078 1893 3146 τῆς

308 3172 720 3245 πληροφορίας]
780 3169 1212 3242 κατεστοχάζετο
1268 3174 1491 3243 σημεῖα.
1566 3169 1727 3224 Ἀλλὰ
1786 3168 1897 3238 γὰρ

308 3269 406 3322 καὶ
428 3267 490 3321 τὸ
516 3269 614 3338 τῆς
646 3265 852 3330 θυσίας,
890 3264 1125 3319 ἐνταῦθα
1160 3263 1636 3335 προσκαλούμενον
1696 3263 1888 3328 ἐξεταο

312 3358 513 3429 σθῆναι
545 3356 873 3427 παράδοξον,
908 3356 1096 3411 ἐατέον
1117 3372 1131 3388 ⁸
1169 3356 1319 3420 ὅπως
1344 3356 1441 3426 μὲν
1469 3357 1675 3419 ἐκεῖνος
1719 3372 1891 3427 προσ-

304 3449 502 3517 τάξει,
554 3450 1022 3520 αὐτοπροαίρετος
1059 3448 1119 3502 δέ
1162 3443 1315 3512 οὗτος
1384 3447 1748 3519 ἱερούργησε·
1806 3448 1901 3500 καὶ⁸

314 3543 587 3612 μονογενῆ
630 3542 729 3613 μὲν
751 3583 765 3604 ,
813 3541 1038 3611 κυρίως,
1082 3532 1242 3603 οὗτος
1264 3554 1282 3573 ⁸
1317 3540 1522 3602 ἐκεῖνος
1559 3539 1615 3592 δὲ
1637 3579 1652 3604 ,
1691 3538 1769 3607 τῷ
1798 3540 1898 3610 τῆς

312 3633 654 3702 ἐπαγγελίας
692 3632 836 3700 λόγῳ
855 3647 868 3662 ·
902 3633 1001 3686 καὶ
1030 3632 1112 3687 ὅτι
1142 3629 1425 3702 προσάξας
1455 3630 1552 3700 μὲν
1581 3632 1812 3695 ἐκεῖνος,
1839 3631 1901 3687 τὸ

312 3727 516 3796 ἱερεῖον
544 3724 959 3795 ἀντικομίζεται
979 3740 994 3754 ·
1020 3718 1173 3789 οὗτος
1202 3723 1259 3777 δέ
1287 3722 1366 3794 τῷ
1388 3722 1501 3776 ἄντι
1530 3721 1896 3792 καθιερώσας,

309 3817 704 3881 ὡλοκαύτωσε,
744 3817 839 3870 καὶ
881 3816 1118 3879 ἀποδοὺς
1153 3816 1455 3886 ἀνήνεγκε⁶
1493 3814 1589 3867 καὶ
1624 3815 1896 3884 πατριάρ-

310 3928 414 3982 χην
446 3910 547 3981 μὲν
575 3910 741 3973 αὐτὸς
772 3909 979 3979 φυλῶν,
1009 3910 1105 3964 καὶ
1132 3909 1341 3961 δίκαιον
1367 3923 1380 3940 ο
1420 3908 1631 3979 μητέρα
1655 3905 1712 3960 δὲ
1743 3898 1894 3969 οὗτος

313 4002 487 4067 Θεοῦ,
554 4003 650 4056 καὶ
718 4002 1071 4072 δικαιοτάτην
1150 4000 1508 4070 πατριαρχῶν
1574 3999 1892 4053 Δέσποιναν.

314 4094 585 4162 Κρεῖττον
617 4092 759 4163 γὰρ,
798 4093 858 4144 οὐ
894 4094 994 4162 τῆς
1037 4090 1357 4163 παρούσης,
1391 4088 1526 4142 ἀλλὰ
1568 4088 1664 4142 καὶ
1714 4087 1895 4158 πάσης

313 4184 800 4253 ἀντιπαραθέσεως
837 4184 901 4236 τὸ
941 4184 1273 4254 ἐγχείρημα.
1321 4182 1482 4253 Ὁρᾷς
1507 4182 1667 4234 ὁποῖα
1697 4179 1766 4234 τὰ
1797 4177 1895 4231 τοῦ

310 4275 524 4328 δικαίου
557 4274 754 4328 τούτου
785 4273 1067 4345 παρήλασε
1101 4273 1573 4343 πλεονεκτήματα.

1986 2099 2092 2154 quo
2127 2097 2280 2140 suam
2327 2084 2380 2139 in
2424 2084 2639 2143 occulta
2670 2085 2788 2154 ejus
2830 2086 3169 2156 providentia
3216 2086 3428 2147 ﬁrmam
3469 2087 3568 2143 ha-
3594 2122 3613 2141 .

1986 2175 2143 2241 hens,
2177 2190 2297 2230 cum
2330 2191 2389 2231 se
2420 2191 2451 2231 a
2482 2177 2799 2233 domesticis
2839 2178 3139 2246 abstrahit,
3175 2186 3286 2233 tum
3314 2194 3572 2248 perseve-

1990 2267 2128 2319 ranti
2178 2265 2578 2336 supplicatione
2627 2266 2683 2321 in
2720 2266 2929 2322 divinis
2962 2267 3253 2336 colloquiis
3304 2270 3438 2336 agit.
3491 2268 3572 2324 Ae

1988 2354 2261 2410 Abraham
2297 2354 2513 2424 quidem
2563 2356 2933 2411 necessarium
2969 2357 3134 2412 habet
3161 2357 3409 2427 signum,
3444 2373 3571 2415 cum

1993 2445 2187 2499 futurae
2213 2445 2578 2514 possessionis
2614 2453 2774 2501 terrae
2797 2487 2811 2511 ,
2845 2455 2959 2501 tum
2993 2448 3269 2518 augmenti
3306 2449 3525 2518 generis
3549 2490 3567 2516 ,

1991 2545 2055 2586 ac
2085 2531 2303 2587 modum
2340 2547 2445 2602 quo
2475 2532 2670 2588 divina:
2701 2535 3092 2602 promissiones
3121 2535 3406 2606 implenda:
3437 2537 3577 2603 sint,

1992 2623 2227 2692 exquirit
2256 2641 2269 2680 :
2297 2622 2543 2683 Joacltitn
2579 2640 2709 2680 vero
2731 2666 2746 2690 ,
2795 2626 2872 2685 uti
2910 2625 3190 2683 indubiam
3224 2630 3279 2683 in
3320 2629 3577 2685 oratione

1993 2723 2230 2771 mentem
2275 2717 2623 2782 ostenderat,
2674 2717 2744 2772 ita
2781 2727 2836 2774 et
2882 2718 2973 2773 ubi
3010 2718 3206 2776 fuisset
3244 2721 3572 2790 exauditus,

1995 2806 2308 2878 bonumque
2340 2809 2407 2863 ab
2436 2809 2630 2879 angelo
2664 2809 2955 2865 nasciturus
2990 2810 3158 2880 prolis
3190 2812 3441 2869 nuntium
3478 2828 3571 2868 ac~

1997 2898 2269 2967 cepisset,
2318 2899 2738 2971 haudquaquam
2790 2910 2849 2956 ut
2904 2900 3097 2965 faustae
3143 2884 3575 2963 annuntiationis

1997 2988 2143 3044 illius
2172 3000 2400 3049 eventus
2428 2992 2500 3046 sit
2526 2992 2814 3051 habiturus
2836 3033 2852 3058 ,
2881 3004 3060 3064 rogat,
3101 3009 3201 3051 nec
3235 3011 3365 3050 vero
3393 2996 3570 3066 signa,

1996 3081 2196 3150 quibus
2217 3080 2399 3141 futura
2422 3092 2633 3143 naturae
2661 3086 2977 3143 sanatio-sit
3007 3086 3356 3156 declaranda,
3383 3090 3573 3159 exqui~

1999 3173 2092 3228 rit.
2129 3171 2289 3230 Velut
2320 3177 2466 3230 enim
2500 3192 2614 3232 rem
2638 3175 2752 3246 jam
2790 3178 3140 3247 adimpletam
3174 3179 3402 3244 habens.
3431 3182 3575 3250 quod

1999 3275 2188 3337 aperte
2216 3267 2317 3323 soli
2350 3268 2457 3323 Deo
2481 3268 2659 3324 visum
2684 3279 2852 3336 esset,
2873 3270 3233 3341 signiﬁcatum
3263 3283 3428 3336 esset,
3452 3288 3575 3327 eum

1998 3367 2146 3413 certa
2177 3355 2371 3415 futura:
2398 3358 2567 3427 prolis
2590 3360 2963 3428 persuasione,
2994 3362 3149 3431 signa
3177 3377 3395 3439 quoque
3418 3362 3573 3432 plane

1996 3449 2356 3517 coniectabat.
2398 3452 2501 3506 Sed
2544 3460 2600 3507 et
2643 3452 2976 3508 admirandae
3023 3454 3167 3509 illius
3197 3456 3430 3510 victima:
3469 3457 3575 3510 huc

1997 3537 2099 3593 loci
2132 3541 2364 3597 amcitum
2401 3554 2657 3607 examen,
2688 3545 3052 3598 omittendum
3108 3544 3180 3599 sit
3214 3564 3227 3601 :
3267 3555 3326 3601 ut
3357 3546 3575 3616 quidem

1995 3627 2310 3689 Abraham,
2364 3625 2549 3683 divina
2601 3626 2893 3696 jussione,
2935 3628 3181 3684 Joaehim
3241 3644 3422 3687 autem
3477 3646 3573 3685 sua

1998 3717 2114 3786 ipse
2148 3725 2365 3787 sponte,
2400 3718 2792 3775 Sacriﬁcaverlt
2820 3736 2834 3785 ;
2867 3729 3029 3789 atque
3060 3720 3150 3773 hic
3185 3721 3424 3790 quidem,
3460 3723 3574 3776 uni-

2004 3821 2199 3876 genam
2244 3807 2490 3862 absolute
2522 3806 2725 3876 prolem
2747 3848 2764 3875 ,
2815 3807 2905 3862 ille
2936 3809 3240 3873 duntaxat,
3275 3810 3461 3864 habita
3493 3824 3574 3863 ra-

1988 3886 2151 3991 tione
2199 3894 2577 3966 promissionis
2611 3918 2622 3951 :
2676 3906 2735 3950 ut
2783 3898 2915 3951 item
2949 3897 3040 3951 ille
3070 3912 3193 3951 cum
3246 3898 3529 3954 obtulisset
3560 3938 3575 3963 ,

2000 3987 2276 4043 victimam
2307 3987 2588 4053 retulerit,
2622 3988 2711 4042 hic
2743 3997 2922 4043 autem
2945 4027 2962 4053 ,
2992 4004 3184 4044 revera
3225 3990 3577 4045 sacriﬁcave-

2001 4079 2107 4143 rit,
2140 4079 2482 4150 reddensque
2520 4094 2584 4136 ac
2635 4081 2892 4136 addiccns
2932 4079 3075 4146 Deo,
3112 4082 3163 4135 in
3197 4066 3577 4138 holocaustum

1998 4172 2261 4229 obtuierit
2294 4186 2309 4225 :
2347 4188 2412 4227 ac
2460 4172 2550 4228 ille
2590 4173 2843 4243 quidem,
2889 4173 3124 4235 tribuum
3165 4176 3574 4245 patriarcham;

1999 4264 2089 4320 hic
2119 4272 2323 4330 autem,
2362 4263 2456 4320 Dei
2488 4274 2794 4335 parentem,
2837 4281 2900 4322 ac
2932 4268 3364 4336 patriarcharum
3414 4268 3579 4323 meri-

314 4370 591 4424 tissimam
624 4367 935 4422 Dominam.
991 4367 1159 4421 Plane
1186 4366 1329 4421 enim
1358 4405 1374 4430 ,
1411 4368 1605 4420 nedum
1639 4364 1891 4434 praesenti
1935 4362 2074 4426 hac,
2145 4360 2241 4417 sed
2306 4369 2362 4416 et
2393 4360 2540 4417 omni
2577 4361 2797 4417 omnino
2828 4362 3236 4432 comparatione
3271 4373 3481 4419 tantum
3511 4364 3579 4418 il—

315 4461 407 4514 lud
446 4462 660 4516 facinus
696 4460 875 4529 majus
934 4461 1184 4515 exsistat.
1257 4459 1423 4514 Vides
1459 4467 1679 4528 quantze
1739 4457 1873 4528 justi
1941 4458 2102 4527 hujus
2160 4457 2533 4525 praerogativa:
2593 4456 2905 4528 eximieque
2964 4466 3290 4511 ornamenta
3352 4458 3579 4528 μνωεεί-

315 4554 456 4607 lant.

384 4642 495 4697 Θέα
530 4641 595 4712 δὴ
629 4643 724 4696 καὶ
750 4643 849 4714 τὴν
899 4644 958 4696 ἐν
983 4645 1048 4714 τῇ
1078 4645 1272 4715 ἐρήμῳ
1296 4642 1601 4715 διατριϐὴν,
1632 4642 1728 4696 καὶ
1753 4641 1893 4713 ὑπὲρ

2070 4641 2205 4697 Vide
2238 4656 2400 4711 porro
2457 4639 2573 4708 ejus
2608 4640 2659 4694 in
2701 4640 2917 4696 deserto
2952 4657 3180 4709 moram,
3232 4657 3295 4697 ac
3321 4642 3581 4714 majorem

312 4734 414 4806 τὴν
446 4735 614 4805 φύσιν
642 4734 960 4806 καρτερίαν,
999 4736 1065 4805 ἣν
1096 4734 1395 4804 ἀγγελικὴν
1426 4733 1690 4803 προσήκει
1719 4731 1900 4800 λέγειν

311 4814 616 4896 διαγῖογὴν,
673 4824 749 4890 ὡς
795 4825 923 4896 ξένη
974 4826 1072 4880 καὶ⁸
1126 4825 1537 4896 ἀκατάλληλος,
1574 4825 1642 4894 τῇ
1692 4838 1750 4874 τε
1789 4820 1898 4875 τῶν

314 4920 662 4992 πραγμάτων
713 4921 807 4975 καὶ
853 4919 1030 4988 λόγων
1068 4918 1527 4992 ἀντιπαραθέσει,
1566 4916 1895 4986 καθέστηκε.

312 5010 741 5080 Τεσσαράκοντα
769 5011 880 5081 γὰρ
908 5009 1123 5081 ἡμέρας
1156 5012 1250 5065 καὶ
1270 5010 1470 5073 νύκτας
1494 5000 1699 5061 τοῦτον⁵
1712 5006 1897 5060 ἄσιτον

309 5102 668 5158 διατελοῦντα
694 5144 710 5168 ,
742 5100 1230 5174 προσκαρτερῆσαί
1263 5118 1429 5171 φησιν
1477 5102 1510 5172 ἡ
1544 5097 1754 5171 ἱστορία
1827 5100 1894 5168 τῇ

308 5196 517 5265 δεήσει,
550 5195 685 5266 μόνῃ
714 5196 887 5264 τῇ·είς
934 5193 1068 5246 Θεὸν
1097 5192 1273 5246 ἐλπίδι
1322 5192 1678 5264 τρεφόμενον.
1727 5188 1895 5257 Ἐνῆ-

244 5290 249 5299 “
309 5300 542 5341 ore:st
609 5285 720 5356 γὰρ
765 5283 987 5354 ἡμέρας
1018 5284 1115 5339 καὶ
1136 5284 1359 5349 νύκτας
1402 5281 1854 5352 τεσσαράκοντα
1879 5322 1894 5346 ,

306 5379 512 5448 λέγων
538 5393 552 5408 ⁸
583 5380 665 5432 Οὐ
715 5375 1132 5445 καταϐήσομαι
1175 5374 1295 5447 [ἄλ.
1346 5372 1719 5446 ἀναὸήσομαι]
1759 5374 1898 5428 οὔτε

304 5466 708 5537 ἐπὶ.,8ρωτόν,
743 5468 881 5521 οὔτε
914 5466 1014 5519 ἐπὶ
1036 5466 1244 5519 ποτόν.
1285 5464 1457 5518 Τοῦτο
1491 5465 1601 5517 τῶν
1639 5465 1737 5535 μὲν
1768 5464 1896 5535 παρ’

303 5563 444 5630 ἡμῖν
495 5558 1036 5630 ἁγωνιστικωτέρων
1077 5558 1212 5619 τισὶ,
1271 5555 1598 5625 παράδοξον·
1646 5557 1756 5608 τισὶ
1805 5555 1897 5621 δὲ,

305 5650 401 5702 καὶ
465 5649 758 5719 ἀμήχανον
823 5646 1108 5718 ἀνεκρίθη.
1157 5644 1328 5716 ’Υπὲρ
1385 5644 1493 5715 γὰρ
1549 5643 1898 5715 ἀνθρωπίνην

307 5740 468 5811 ῑτχὺν
519 5739 583 5794 τὸ
634 5739 986 5811 κατόρθωμαο
1033 5739 1128 5793 τοῦ
1164 5738 1263 5808 τῆς
1307 5735 1521 5807 φύσεως
1578 5736 1742 5806 μόνου
1796 5738 1899 5808 Δη-

2004 4747 2164 4802 qnam
2207 4747 2304 4803 pro
2334 4733 2567 4786 humana
2614 4733 2820 4786 ratione
2864 4736 3328 4803 perseverantiam
3375 4737 3395 4804 (
3419 4753 3579 4806 quam

2003 4825 2159 4894 plane
2188 4824 2486 4895 angelicam
2522 4824 2643 4879 vita:
2698 4825 2963 4880 rationem
3017 4829 3215 4884 merito
3256 4830 3579 4901 dicamus),

2002 4923 2061 4968 ut
2096 4928 2231 4968 nova
2284 4929 2345 4969 ac
2392 4914 2670 4981 insolens,
2716 4930 2897 4969 rerum
2932 4918 3137 4986 pariter
3183 4920 3583 4988 verborumque

2007 5008 2438 5079 comparatione,
2474 5008 2758 5066 effulserit.
2810 5010 2898 5063 Ait
2933 5012 3129 5080 quippe
3176 5011 3251 5065 rei
3295 5021 3459 5082 gestm
3502 5014 3583 5066 hi-

2008 5101 2210 5164 storia,
2259 5102 2616 5171 quadraginta
2677 5102 2794 5156 dies
2856 5115 2921 5155 ac
2979 5102 3338 5171 quadraginta
3391 5115 3581 5156 noctes

2000 5190 2242 5261 jejunum
2273 5207 2649 5263 perseverasse
2680 5194 2732 5248 in
2761 5192 3023 5253 oratione,
3052 5207 3174 5247 cum
3212 5193 3425 5247 interim
3453 5210 3578 5266 Spes

2006 5284 2059 5338 in
2081 5283 2245 5337 Deum
2266 5284 2378 5339 sola
2400 5284 2589 5339 aleret.
2616 5282 2884 5352 Jejmmvit
2913 5284 3177 5352 siquidem
3220 5285 3580 5355 quadraginta

1995 5372 2105 5427 dies
2141 5389 2202 5426 ac
2239 5383 2441 5437 noctes,
2477 5372 2691 5426 dicens:
2725 5369 2847 5425 Non
2878 5373 3190 5426 descendam
3227 5375 3304 5429 vel
3336 5387 3387 5427 ut
3424 5390 3581 5429 man-

1997 5464 2201 5528 ducent,
2237 5465 2313 5519 vel
2357 5476 2411 5518 ut
2461 5464 2655 5518 bibam.
2696 5465 2922 5532 Quidam
2964 5467 3099 5533 apud
3135 5481 3237 5519 nos
3270 5466 3574 5534 pluanlnm

1997 5558 2356 5619 contentiosi,
2389 5558 2529 5611 haud
2571 5557 2702 5611 satis
2744 5558 2943 5612 habere
2985 5557 3141 5612 [idem
3169 5599 3182 5623 ,
3222 5575 3332 5612 rem
3378 5562 3575 5615 existi-

2001 5654 2185 5711 ruant;
2239 5647 2458 5715 quidam
2510 5664 2636 5704 vero
2666 5651 2827 5703 etiam
2877 5648 3264 5719 impossibilem
3303 5649 3572 5719 judicent.

2002 5734 2133 5791 Nam
2178 5738 2342 5793 vincit
2379 5740 2589 5797 facinus
2633 5743 2926 5798 humanam
2957 5744 3212 5800 virtutem
3262 5762 3274 5800 :
3310 5746 3427 5803 solo
3474 5762 3572 5802 na-
