3982 6160
461 318 591 385 1391

1583 323 1903 387 GEORGII
1938 325 2534 390 NICOMEDIENSIS

3556 329 3701 396 1332

459 444 591 485 tura!
618 437 835 484 auclore
868 429 997 495 Deo,
1042 446 1103 486 ex
1143 430 1435 488 voluntatis
1466 435 1778 504 proposito,
1816 435 2016 491 incolu-

2130 439 2395 509 μιουργοῦ
2423 440 2484 493 τὸ
2510 438 2730 510 διαρκὲς
2761 440 2897 512 αὐτῇ
2918 480 2930 502 .
2982 439 3209 512 γνώμης
3239 440 3448 513 αἱρέσει
3497 457 3697 514 συντη-

458 540 595 577 mem
625 534 893 579 servante.
929 524 1055 577 Eam
1090 524 1368 593 virjustus
1398 524 1772 580 inconcussam
1800 525 1909 580 Deo
1938 526 2026 579 ad-

457 617 667 679 hibens,
694 615 851 684 vique
877 632 1071 685 magna
1094 617 1350 669 adversus
1373 612 1618 685 corporis
1645 617 2022 672 necessitatem

457 711 767 775 insurgens,
798 706 864 760 ab
891 707 1103 770 eodem,
1134 721 1254 759 cum
1283 706 1509 774 gratiam
1538 706 1799 775 majorum
1825 707 2025 763 virtute

456 798 836 863 certaminum,
863 807 974 852 tmn
1005 798 1263 851 donorum
1292 797 1623 858 vincentium
1648 814 1818 868 spem,
1856 814 2026 853 mere-

455 898 543 943 tur
577 893 841 960 accipere.
873 891 1017 944 Sane
1052 892 1265 958 quidem
1315 891 1527 962 Moyses
1572 892 1763 961 aequali
1812 893 2023 947 dierutn

454 980 660 1050 jejunio
710 982 1119 1034 admirationem
1172 981 1351 1035 habet.
1431 980 1542 1036 Nec
1581 984 1723 1036 enim
1773 998 1859 1037 res
1909 982 2023 1048 ejus

454 1081 620 1141 gesta:
647 1080 833 1126 carent
876 1072 1235 1127 admiratione
1270 1089 1283 1126 :
1329 1080 1386 1126 ut
1416 1074 1539 1142 quis
1583 1082 1761 1128 tamen
1797 1089 2023 1128 accura-

457 1165 564 1219 tius
618 1164 896 1218 amborum
928 1166 1177 1234 exquirat
1206 1166 1585 1234 expcndatque
1624 1167 2019 1232 constantiam,

408 1247 429 1255 ”
454 1256 541 1310 hic
567 1270 781 1325 quoque
823 1257 874 1309 in
918 1255 997 1309 rei
1032 1256 1377 1325 aggressione
1403 1256 1692 1310 discrimen
1735 1256 2018 1310 invenerit.

453 1345 585 1401 Nam
639 1346 849 1418 Moyses
899 1347 1150 1415 quidem,
1203 1362 1325 1401 cum
1364 1347 1724 1415 prazcipientis
1770 1348 2019 1413 decreto,

459 1448 565 1491 tum
604 1436 904 1490 tabularum
940 1437 1207 1500 custodia,
1247 1438 1470 1507 ipsaque
1500 1438 1633 1492 adeo
1670 1437 2022 1507 Legislatoris

452 1528 855 1596 exspectatione
881 1530 1260 1594 detinebatur;
1295 1544 1414 1599 quae
1443 1529 1629 1599 utique
1665 1529 1871 1583 meliori
1902 1545 2024 1584 cor-

454 1619 803 1674 roboratione
867 1635 988 1674 cum
1062 1621 1319 1689 temporis
1372 1620 1631 1690 longioris
1680 1621 2020 1687 molestiam,

456 1720 569 1764 tum
612 1723 821 1765 natura:
864 1712 1244 1773 necessitatem
1295 1712 1544 1767 levabant
1583 1729 1599 1766 :
1636 1711 1882 1768 Joachim
1928 1729 2022 1767 au-

2127 527 2365 600 ροῦντος.
2400 528 2616 600 Ταύτην
2652 529 2800 602 αὑτῷ
2846 530 3252 602 ἀπεριδόνητον,
3301 535 3329 585 6
3355 531 3698 596 δίκαιοςπα-

2127 619 2558 690 ραστησάμενος,
2591 619 2781 691 βιαίως
2818 639 2878 674 τε
2904 621 3004 692 τῆς
3041 623 3135 676 τοῦ
3168 621 3423 693 σώματος
3446 625 3696 696 ἀνάγκης

2124 714 2690 782 κατεπανιστάμενος,
2723 714 2853 784 παρ’
2897 713 3063 767 αὐτοῦ
3094 714 3304 769 ἐκείνου
3331 716 3478 785 ,τὴν
3531 717 3697 785 χάριν

2124 798 2232 851 τῶν
2267 798 2408 870 ὑπὲρ
2459 799 2687 869 δύναμιν
2738 801 2989 869 ἀγώνων,
3041 803 3136 855 καὶ
3181 803 3290 855 τῶν
3337 806 3467 874 παρ’
3501 805 3698 857 ἐλπίδα

2123 892 2362 963 δωρεῶν,
2392 894 2775 962 ἐπιτυγχάνειν
2799 894 3034 963 δέχεται.
3065 896 3306 964 Μωῦσῆς
3343 896 3441 965 μὲν
3467 898 3597 967 γάρ,
3628 899 3697 967 τῇ

2130 984 2399 1054 ίσαρίθμῳ
2435 984 2778 1055 θαυμάζεται
2806 986 2912 1038 τῶν
2947 986 3172 1056 ἡμερῶν
3201 989 3405 1058 ἀσιτίᾳ·
3441 990 3532 1041 καὶ
3563 989 3695 1057 γὰρ,

2122 1073 2225 1127 οὐκ
2264 1072 2593 1144 ἀθαύμαστα
2642 1074 2712 1127 τὰ
2753 1076 2880 1129 κατ’
2920 1078 3145 1130 ἐκεῖνον.
3214 1076 3360 1129 Ἀλλ’
3391 1078 3549 1138 εἴτις
3596 1080 3699 1146 τὴν

2122 1166 2398 1236 ἑκατέρων
2438 1167 2867 1238 διερευνώμενος
2913 1167 3170 1232 ἐξετάσαι
3216 1166 3459 1237 θελήσειε
3492 1185 3697 1239 καρτε-

2125 1257 2270 1328 ρίαν,
2305 1257 2528 1329 εὑρήσει
2565 1257 2763 1328 δηλαδὴ
2791 1258 3066 1312 κάνταῦθα
3091 1260 3189 1329 τὴν
3222 1259 3506 1327 διαφορὰν,
3547 1262 3605 1312 ἐν
3630 1263 3697 1331 τῇ

2126 1350 2513 1421 μεταχειρήσει
2560 1349 2655 1403 τοῦ
2704 1350 3049 1421 πράγματος.
3114 1349 3171 1403 '0
3205 1353 3302 1419 μὲν
3350 1353 3457 1422 γὰρ
3486 1352 3562 1421 τῷ
3594 1351 3695 1404 τοῦ

2123 1443 2551 1513 προστεταχότος
2575 1442 2705 1511 ὅρῳ,
2748 1442 2846 1495 καὶ
2878 1445 2942 1513 τῇ
2969 1441 3079 1494 τῶν
3107 1442 3331 1496 πλακῶν
3353 1442 3697 1513 διατηρήσει,

2123 1533 2259 1598 αὐτῇ
2283 1549 2342 1584 τε
2369 1534 2440 1602 τῇ
2470 1532 2742 1602 ἀπεκδοχῇ
2777 1531 2869 1585 τοῦ
2898 1533 3185 1601 νομοδότου
3214 1535 3517 1603 κατείχετο,
3548 1536 3699 1603 ἆπερ

2124 1624 2222 1676 σὺν
2247 1622 2528 1693 ἐπισχύσει
2559 1623 2851 1693 κρείττονι,
2877 1622 2970 1676 τόν
2999 1637 3059 1676 τε
3089 1625 3549 1694 παρατεινόμενον
3575 1626 3702 1695 χρό-

2121 1731 2233 1779 νον,
2273 1714 2367 1768 καὶ
2394 1714 2490 1786 τὴν
2517 1716 2763 1784 ἀνάγκην
2792 1714 3124 1782 ἀπεκούφιζε
3152 1716 3254 1783 τῆς
3296 1715 3531 1783 φύσεως·
3559 1718 3587 1768 6
3612 1716 3696 1777 δὲ,

454 1810 602 1867 tem,
651 1801 796 1856 nullo
828 1801 930 1856 alio
963 1811 1276 1868 recreante,
1310 1803 1422 1857 sola
1465 1817 1591 1857 vero
1625 1802 1759 1856 nihil
1803 1801 2016 1857 fallente

2122 1777 2459 1868 ὑπ’-οὐδενὸς
2482 1806 2591 1859 τῶν
2623 1777 2797 1858 ἀλλων
2827 1777 3347 1875 ψυχαγωγούμενος,
3381 1807 3516 1877 μόνῃ
3546 1806 3603 1858 δὲ
3627 1809 3696 1876 τῇ

449 1894 505 1949 in
557 1894 724 1948 Deum
775 1910 871 1964 spe
920 1894 1251 1961 roboratus,
1304 1894 1650 1949 solitudinem
1703 1894 1907 1964 pariter
1956 1908 2020 1949 ac

450 1998 654 2055 agones
711 1984 893 2048 subit,
958 1985 1330 2052 intentamque
1381 1983 1639 2050 ejusmodi
1719 1983 2017 2037 orationem

448 2076 666 2144 promit.
697 2072 827 2128 Eam
860 2088 972 2128 rem
1001 2073 1123 2143 quis
1154 2088 1259 2126 non
1282 2073 1534 2136 miretur,
1557 2085 1884 2139 omnemque
1911 2084 2022 2124 ser-

449 2168 628 2221 monis
657 2166 761 2219 vim
793 2164 1068 2219 existimet
1113 2164 1364 2228 viucere,
1424 2178 1545 2233 qua:
1595 2163 1757 2231 plane
1799 2176 2017 2215 omnem

449 2259 717 2313 rationem
749 2272 812 2310 ac
837 2257 1129 2327 cogitatum
1163 2254 1556 2325 tuaguiliceutia
1588 2253 1840 2322 superet?
1868 2252 2020 2319 Quod

449 2350 497 2405 si
531 2350 682 2419 quis,
717 2356 780 2404 ea
811 2364 931 2418 qua:
960 2348 1210 2411 dicimus,
1245 2345 1661 2417 exaggeratione
1687 2344 1791 2399 dici
1833 2343 2021 2398 existi-

449 2451 562 2497 met
588 2457 603 2507 ;
633 2441 748 2510 ipse
788 2455 877 2495 res
903 2441 1114 2505 animo,
1144 2438 1330 2508 quales
1369 2438 1590 2502 habent,
1621 2436 1791 2489 nudas
1824 2450 2019 2504 propo-

448 2543 566 2599 nat,
591 2533 971 2603 exquiratque,
999 2546 1125 2585 num
1151 2540 1331 2585 tantas
1357 2528 1643 2591 invenerit,
1672 2536 1729 2581 ut
1751 2541 1849 2581 nec
1872 2527 2021 2595 quis-

450 2640 613 2695 quam
663 2622 987 2679 celebrando
1008 2616 1280 2676 assectari
1324 2620 1529 2690 possit,
1561 2618 1778 2673 tametsi
1824 2619 2022 2687 proba-

450 2716 693 2772 tissimus
736 2716 932 2772 habeat
958 2714 1169 2770 dicendi
1201 2712 1499 2778 facultate;
1553 2711 1751 2767 nedum
1785 2709 2014 2780 majori,

448 2820 608 2875 quam
643 2821 740 2876 pro
779 2820 965 2861 earum
1000 2806 1207 2861 ratione
1229 2803 1399 2875 gloria
1427 2803 1702 2859 extulerit.
1741 2802 1832 2858 Sic
1858 2816 2019 2873 porro

448 2896 652 2952 habent
673 2910 760 2952 res
783 2896 884 2950 viri
908 2894 1060 2966 justi.

506 2987 772 3058 Conjugis
803 2997 1007 3054 autem,
1030 3002 1095 3043 ac
1123 2987 1315 3043 iisdem
1338 2994 1543 3043 ornatae
1558 2985 1800 3041 moribus
1824 2982 2012 3049 Annaa,

446 3094 608 3151 quam
641 3094 846 3148 magna:
869 3078 976 3132 illa:
1005 3092 1069 3133 ac
1096 3079 1444 3140 admirandae,
1475 3087 1532 3131 ut
1573 3078 1767 3131 nedum
1799 3075 1899 3129 viri
1930 3090 2014 3129 re-
2042 3105 2084 3164 α

445 3173 550 3228 bus
580 3172 876 3240 quidquam
901 3170 1073 3240 gratia
1104 3168 1343 3223 minores
1385 3168 1514 3235 sint,
1544 3168 1638 3222 sed
1663 3178 1718 3222 et
1750 3166 1855 3221 illis
1883 3180 2015 3235 pra:-

446 3264 679 3319 cellant?
710 3262 919 3331 Quippe
959 3261 1076 3315 brrc
1105 3259 1337 3329 duplicia
1366 3257 1686 3313 constantiae
1714 3257 2010 3312 certamina

445 3355 715 3410 coniicere
750 3354 960 3409 habuit.
990 3351 1120 3405 Nam
1147 3360 1201 3405 et
1242 3350 1343 3402 viri
1374 3348 1675 3411 abscessio,
1703 3364 1766 3402 ac
1805 3347 2016 3401 accola-

447 3458 534 3501 tus
566 3430 780 3515 ignotus
816 3451 954 3506 erat,
981 3441 1205 3512 ejusque
1254 3440 1529 3506 animout,
1568 3440 1804 3509 irrogata
1831 3439 2016 3493 ambo-

444 3537 546 3589 bus
600 3532 910 3595 sterilitatis
964 3546 1092 3601 crgo
1153 3528 1380 3597 injuria,
1424 3528 1702 3599 pulsabat;
1759 3528 2016 3581 adversus

445 3642 565 3695 quae
600 3626 931 3695 depugnaus,
959 3623 1070 3691 spei
1110 3621 1341 3690 ﬁdeique
1376 3618 1721 3675 adminiculis
1769 3618 2013 3686 superior

360 3750 365 3753 -
443 3717 637 3773 evasit.
671 3717 812 3784 Quin
861 3722 917 3770 et
964 3713 1158 3784 duplex
1210 3729 1329 3766 eam
1365 3712 1712 3782 exprobratio
1750 3708 2012 3779 ejusmodi

443 3807 659 3874 aﬂecit;
695 3808 926 3877 prinmm
957 3806 1173 3874 quidem
1204 3819 1298 3874 per
1337 3818 1465 3857 suos
1506 3800 1873 3866 contribules;
1903 3810 2012 3853 tum

443 3913 596 3963 vero,
628 3912 722 3967 per
748 3894 1000 3950 ancillam
1023 3936 1039 3961 ,
1075 3894 1216 3962 quod
1252 3901 1306 3948 et
1342 3890 1779 3946 molestissimam
1832 3889 2013 3944 incre-

443 3989 712 4057 pationem
740 3985 889 4041 facit.
919 3982 1034 4038 Non
1061 3984 1202 4039 enim
1238 3984 1310 4037 ita
1340 3984 1411 4037 ab
1436 3982 1555 4037 aliis
1581 3981 1779 4050 jactata
1830 3980 2014 4035 convi-

444 4078 526 4133 cia
578 4077 945 4147 perstringam
969 4116 984 4140 ,
1014 4076 1108 4129 uti
1155 4091 1182 4127 a
1217 4073 1538 4129 necessariis
1565 4087 1629 4126 ac
1661 4071 2010 4138 domesticis;

444 4170 890 4240 idquemaxinre,
922 4183 1045 4223 cum
1075 4167 1167 4237 qui
1192 4166 1417 4234 jactant.
1448 4179 1477 4218 e
1507 4164 1765 4234 subjectis
1800 4162 2014 4216 'l‘uerint

440 4278 505 4317 ac
553 4258 898 4325 servis.‘Qua
945 4274 1074 4325 ergo
1107 4258 1315 4311 ratione
1360 4255 1689 4324 compositus
1728 4253 1890 4308 habet
1923 4268 2015 4323 ge-

441 4353 805 4408 nerosissimae
846 4350 1059 4405 feminae
1101 4347 1355 4402 animus?
1396 4346 1552 4401 Nullo
1587 4347 1779 4399 horum
1802 4386 1818 4410 ,
1855 4354 1915 4398 ut
1944 4344 2012 4397 ab

440 4442 793 4514 insuperabili
843 4441 1248 4508 exspectatione
1294 4439 1549 4504 recedat,
1591 4437 1871 4506 tangitur:
1912 4450 2010 4489 re-

440 4524 595 4605 pulso
648 4545 829 4586 autem
879 4530 1022 4585 haud
1077 4530 1211 4583 satis
1260 4543 1496 4597 congrue
1539 4526 1720 4581 oblato
1774 4526 2007 4591 mundo,

441 4632 792 4691 detractaque
828 4634 977 4676 veste
1024 4619 1271 4689 lugubri,
1311 4631 1473 4688 atque
1513 4618 1763 4672 mundam
1802 4631 1867 4672 ac
1909 4634 2002 4671 nu-

442 4714 662 4783 ptialem
705 4711 816 4781 (l7)
867 4725 970 4766 una
1019 4726 1140 4764 cum
1177 4710 1404 4778 spiritali
1451 4709 1586 4764 stola
1621 4708 1892 4774 indueus,
1943 4722 2008 4762 ac

440 4805 695 4874 utrinque
719 4810 1030 4871 comparato
1053 4802 1272 4867 mundo,
1304 4801 1368 4853 ad
1397 4801 1695 4855 orationem
1730 4814 1850 4869 sese
1873 4813 2010 4868 pra:-

440 4908 660 4964 parans,
682 4893 901 4957 munda,
930 4891 1343 4946 mundissimum
1370 4890 1560 4955 Deum,
1593 4888 1786 4958 duplici
1810 4889 2008 4943 amictu

443 4986 722 5040 honestate
763 4982 974 5038 ali'atur.
1014 4982 1124 5037 Nec
1164 4995 1300 5037 vero
1344 4983 1396 5036 in
1441 4980 1692 5050 templum
1752 4980 2007 5043 subiens,

442 5077 816 5131 universorum
882 5072 989 5130 Deo
1046 5070 1498 5144 suppiicationem
1557 5070 1860 5137 submittit,
1913 5071 2009 5125 sed

514 5232 559 5293 (l
573 5231 624 5292 7)
648 5231 901 5285 Mundam
917 5248 977 5283 ac
994 5229 1304 5292 nuptiatem.
1323 5222 1585 5290 Καθαράν
1603 5223 1694 5275 καὶ
1710 5222 2011 5290 νυμφικήν.

441 5300 561 5354 Νοη
595 5308 806 5354 tantum
853 5309 913 5353 ut
949 5298 1211 5353 exteriori
1254 5297 1443 5352 habitu
1481 5296 1803 5351 interiorem
1843 5293 2013 5348 animi

441 5370 693 5427 habitum
730 5372 1034 5438 pneferret,
1067 5366 1213 5436 quod
1252 5367 1524 5438 Georgius
1562 5365 1788 5429 indicat,
1821 5364 1918 5418 sed
1958 5373 2019 5419 ut

443 5442 611 5497 etiam
656 5437 765 5494 diei
818 5439 960 5495 festo
1006 5439 1369 5493 reverentiam
1419 5437 1649 5491 haberet
1702 5454 1714 5489 :
1770 5450 1897 5488 nam
1956 5443 2015 5488 ut

441 5514 600 5568 habet
648 5514 1023 5581 apocryphus.
1060 5511 1289 5582 ᾕγγικεν
1319 5510 1353 5579 ἠ
1391 5506 1569 5582 ἡμέρα
1602 5501 1709 5582 τοῦ.
1730 5502 1937 5567 Κυρίου

445 5583 657 5652 μεγάλη
684 5572 718 5635 ἐ
766 5572 875 5634 erit}
926 5572 1220 5643 proximum
1262 5572 1452 5652 {eam
1491 5572 1754 5652 _l)o_mt'ni,_
1792 5585 1857 5622 ac
1905 5572 2007 5652 sub

446 5644 618 5719 ipsum
646 5644 762 5718 ejus
788 5661 1014 5716 lt'ttlptts,
1044 5664 1162 5698 ωιτη
1194 5644 2004 5719 repudiatoindecentinornatu,

444 5707 731 5779 Ευωλαξιι
800 5707 1010 5781 illum,
1045 5707 1287 5769 nonnihil
1334 5727 1519 5767 tamen
1583 5707 2003 5780 splendidiorem

2120 1896 2461 1968 ἀδιαψεύστῳ
2495 1897 2840 1967 ρωννὺμενος
2877 1898 3075 1960 ἐλπίδι,
3109 1899 3206 1967 τήν
3234 1914 3295 1949 τε
3330 1898 3566 1967 ἐρημίαν
3599 1899 3700 1949 καὶ

2118 1992 2245 2054 τοὺς
2273 1992 2489 2058 ἀγῶνας
2518 1990 2811 2044 ὑποδύεται
2829 2029 2843 2053 ,
2878 1993 2970 2043 καὶ
3000 1990 3100 2061 τὴν
3128 1991 3524 2058 ἐπιτεταμένην
3554 2008 3697 2060 προ-

2120 2080 2374 2135 ϐάλλεται
2406 2083 2612 2152 δέησιν.
2659 2083 2831 2137 Τοῦτο
2887 2082 2969 2145 τίς
3003 2083 3101 2135 οὐκ
3136 2083 3200 2136 ἂν
3234 2082 3562 2152 θαυμάσειε,
3599 2084 3699 2136 καὶ

2122 2168 2319 2235 παντὸς
2355 2171 2626 2244 ἀνώτερον
2654 2175 2915 2243 ἡγήσοιτο
2959 2172 3148 2240 λόγου,
3181 2173 3255 2236 ώς
3290 2174 3466 2227 πάντα
3503 2173 3566 2244 δὴ
3598 2173 3701 2227 καὶ

2119 2262 2378 2333 λογισμὸν
2407 2265 2474 2333 τῇ
2529 2262 2872 2332 μεγαλοφυῖᾳ
2915 2263 3324 2329 καταπαλαῖον;
3362 2265 3472 2316 Καὶ
3516 2263 3571 2315 εί
3611 2280 3699 2327 τις

2120 2352 2344 2424 αὔξησιν
2371 2354 2600 2407 τουτωνὶ
2649 2353 2760 2406 τῶν
2794 2354 3025 2425 ἀρετῶν,
3067 2355 3193 2417 τοὺς
3239 2355 3515 2425 παρόντας
3554 2356 3701 2412 ὑπο-

2120 2444 2308 2497 πτεύει
2334 2444 2546 2512 λόγους,
2575 2443 2717 2497 αὑτά
2738 2444 2921 2513 γυμνά
2946 2445 3241 2516 προτιθεὶς,
3272 2445 3596 2515 διερευνάτω
3624 2446 3700 2499 τὰ

2120 2533 2442 2605 πράγματα·
2464 2527 2545 2597 ’ὡς
2571 2533 2727 2605 είπερ
2758 2528 2869 2587 οἷόν
2901 2535 2962 2587 τέ
2995 2537 3109 2588 ἐστι
3154 2537 3382 2588 κατόπιν
3412 2538 3546 2589 ἱέναι
3572 2539 3697 2599 ταῖς

2119 2627 2298 2679 αὐτῶν
2328 2626 2647 2695 εὐφημίαις,
2678 2625 2779 2679 κᾶν
2901 2642 2985 2688 τις
3029 2626 3138 2679 τῶν
3183 2626 3302 2679 λίαν
3332 2626 3696 2696 εὐδοκιμηκό-

2117 2735 2225 2771 των
2263 2719 2292 2771 6
2339 2716 2707 2787 πειρώμενος,
2742 2715 2816 2786 μὴ
2849 2716 2929 2768 ὅτι
2967 2731 3032 2783 γε
3081 2716 3217 2787 πρὸς
3247 2720 3306 2769 τὸ
3351 2717 3697 2787 ἐξῃρημένον

2118 2806 2327 2869 πάντας
2352 2804 2622 2875 ἐπαίρειν.
2645 2804 2882 2858 Τοιαῦτα
2913 2803 3013 2874 μέν
3039 2803 3106 2856 τά
3132 2804 3263 2875 περὶ
3295 2804 3387 2857 τοῦ
3454 2805 3695 2860 δικαίου.

2188 2983 2269 3038 Τὰ
2315 2984 2373 3037 δέ
2412 2983 2511 3054 τῆς
2555 2981 2801 3044 συνοίκου
2846 2981 2939 3035 καὶ
2980 2981 3283 3052 όμοτρόπου
3334 2981 3534 3050 Ἀννης
3559 3022 3575 3047 ,
3616 2983 3697 3045 ὡς

2120 3074 2450 3148 μεγάλακαὶ
2482 3074 2799 3145 θαυμαστὰ,
2827 3075 2922 3127 καὶ
2950 3072 3044 3126 τοῦ
3074 3072 3435 3141 συγκοινωνοῦ
3461 3074 3561 3142 τῆς
3588 3075 3695 3143 χά-

2119 3186 2262 3240 ριτος
2293 3168 2355 3221 οὐ
2389 3167 2548 3238 μόνον
2577 3168 2677 3219 οὐκ
2715 3165 3042 3228 ἀποδέοντα,
3072 3165 3208 3218 ἀλλά
3237 3167 3331 3218 καὶ
3377 3166 3695 3235 περαιτέρω

2114 3259 2416 3331 χωροῦντα.
2467 3255 2696 3319 Διπλοῦς
2746 3256 2854 3325 γὰρ
2900 3257 3040 3326 αὑτὴ
3083 3256 3210 3318 τοὺς
3250 3259 3351 3326 τῆς
3394 3258 3698 3327 καρτερίας

2114 3352 2329 3421 διήνυσε
2377 3348 2613 3417 ἀγῶνας.
2641 3348 2717 3399 Ἦ
2745 3364 2806 3399 τε
2847 3347 2954 3416 γὰρ
2994 3346 3088 3399 τοῦ
3132 3334 3366 3414 συζύγου
3418 3346 3695 3411 διάζευξις

2115 3444 2210 3496 καὶ
2239 3439 2504 3510 παροικία
2529 3479 2542 3503 ,
2576 3438 2788 3509 ἀδηλοςο
2823 3439 2919 3491 καὶ
2947 3439 3013 3492 τὰ
3047 3437 3115 3491 δι’
3146 3439 3402 3492 ἀπαιδίαν
3438 3439 3696 3509 ἐπολιόρ-

2115 3552 2248 3587 κουν
2281 3533 2449 3603 ἄμφω
2480 3532 2686 3599 ταύτην
2719 3530 3029 3600 σκώμματα
3051 3573 3065 3597 ,
3095 3533 3230 3601 πρὸς
3268 3528 3412 3599 ἅπερ
3442 3531 3697 3599 ἀνταγω-

2114 3623 2370 3694 νιζομένη
2395 3661 2410 3686 ,
2439 3624 2507 3692 τῇ
2546 3621 2645 3690 τῆς
2680 3618 2894 3683 ἐλπίδος
2942 3621 3034 3673 καὶ
3074 3620 3309 3681 πίστεως
3360 3620 3692 3688 ὑπερανείχε

2116 3711 2423 3783 συμμαχίᾳ.
2460 3710 2621 3764 Ἀλλά
2663 3709 2770 3781 γάρ
2815 3708 2992 3771 διττὸς
3029 3709 3202 3779 αὐτῇ,
3252 3708 3407 3762 καὶὸ
3449 3707 3694 3771 τοιοῦτος

2114 3802 2376 3873 ἐπετρίϐη
2424 3800 2761 3871 όνειδισμόςο
2804 3803 2832 3854 6
2875 3800 2966 3854 διὰ
3003 3800 3112 3852 τῶν
3153 3799 3511 3870 συμφυλετῶν
3569 3799 3693 3869 μὲν,

2114 3895 2400 3964 πρότερον·
2432 3893 2623 3953 ἔπειτα
2648 3893 2722 3956 δὲ,
2744 3892 2774 3944 6
2795 3892 2882 3945 διὰ
2909 3891 3010 3960 τῆς
3033 3890 3317 3957 οἱκέτιδος,
3342 3891 3403 3954 ὃς
3433 3892 3528 3943 καὶ
3558 3891 3691 3944 διρσ-

2117 3985 2442 4055 φορωτάτην
2480 3986 2580 4055 τὴν
2632 3983 2927 4052 ἐπίπληξιν
2971 3984 3197 4052 ἐμποιεί
3248 3983 3689 4053 προσαγόμενος.

2114 4074 2188 4127 Οὐ
2213 4074 2321 4144 γάρ
2349 4073 2489 4129 οὕτω
2515 4074 2581 4126 τὰ
2606 4073 2736 4145 παρ’
2759 4074 2966 4143 ἐτέρων
2993 4072 3193 4142 ὀνείδη,
3218 4071 3295 4132 ὡς
3314 4073 3382 4126 τὰ
3405 4074 3559 4142 παρά
3578 4073 3698 4125 τῶν

2112 4165 2476 4236 γνησιοτέρων
2514 4164 2891 4219 καθάπτεσθαι
2930 4164 3037 4217 τῶν
3066 4164 3411 4233 βαλλομένων
3452 4164 3692 4232 πέφυκεο

2113 4256 2211 4309 καὶ
2243 4257 2501 4326 μάλιστα,
2534 4258 2581 4309 εί
2617 4255 2724 4309 τῶν
2760 4252 2821 4320 ἐξ
2851 4254 2956 4308 ὑπὸ
2986 4258 3145 4326 χεῖρα
3172 4254 3524 4323 τεταγμένων
3551 4272 3695 4324 προ-

2115 4349 2364 4419 φέροιντο
2395 4349 2584 4404 ταῦτα.
2620 4349 2744 4412 Πῶς
2777 4345 2921 4419 οὗνή
2952 4349 3305 4419 γενναιοτάτη
3338 4347 3635 4401 διατίθεται
3668 4366 3693 4416 ;

2043 4436 2089 4494 D
2115 4438 2235 4490 Οὐδ’
2257 4439 2362 4493 ὑπό
2380 4456 2532 4501 τινος
2557 4438 2767 4492 τούτων
2782 4439 2882 4509 τὴν
2898 4437 3111 4508 ἄμαχον
3137 4436 3503 4507 τιτρώσκεται
3527 4454 3697 4508 προσο

2114 4529 2318 4583 δοκίανο
2350 4530 2487 4585 ἀλλὰ
2528 4530 2617 4584 τὸν
2661 4531 2759 4601 μὲν
2800 4530 3168 4599 ἐπιδιδόμενον
3216 4528 3291 4599 μὴ
3333 4528 3694 4595 καθηκόντως

2115 4620 2526 4692 ἀποσεισαμένη
2561 4620 2786 4690 κόσμον,
2833 4620 2932 4693 τὴν
2972 4620 3029 4674 δὲ
3062 4619 3325 4690 πενθικὴν
3358 4618 3561 4688 ἐσθῆτα
3591 4636 3693 4671 πε-

2114 4711 2400 4782 ριελομένη
2421 4750 2437 4777 ,
2471 4712 2565 4764 καὶ
2587 4711 2688 4780 τὴν
2712 4710 2960 4781 καθαρὰν
2986 4710 3080 4764 καὶ
3105 4727 3165 4762 νυ
3175 4710 3401 4777 μερικὴν,
3425 4711 3491 4778 τῇ
3519 4710 3692 4779 νοητῇ

2112 4802 2562 4873 συμπεριθεμένη
2595 4803 2754 4873 στολῇ
2777 4842 2790 4865 ,
2823 4802 2961 4872 πρὸς
2988 4803 3089 4872 τὴν
3112 4801 3278 4871 εὐχὴν
3304 4799 3381 4870 τῷ
3412 4800 3695 4871 ἑκατέρω-

2111 4893 2205 4947 θεν
2237 4892 2622 4965 εὐτρεπίζεται
2671 4895 2890 4966 κόσμῳ,
2919 4894 2994 4957 ώς
3039 4893 3105 4947 ἂν
3134 4891 3354 4963 καθαρά
3394 4890 3475 4962 τῷ
3514 4890 3693 4944 καθα-

2113 4984 2341 5054 ρωτάτῳ
2380 4989 2448 5055 τῇ
2479 4985 2629 5057 διττῇ
2662 4985 3056 5055 προσομιλήσει
3082 4980 3413 5052 καταστολῇ.
3450 4981 3563 5033 Καὶ
3586 4982 3695 5033 οὐκ

2112 5072 2171 5125 ἐν
2212 5075 2324 5136 τοῖς
2368 5073 2515 5128 ἐνδον
2555 5073 2650 5128 τοῦ
2691 5073 2819 5127 ναοῦ
2866 5074 3194 5145 χωρήσασα,
3224 5072 3325 5142 τὴν
3364 5070 3574 5125 ἱκεσίαν
3611 5071 3697 5141 τῷ

2123 5228 2455 5293 assumpsit;
2509 5227 2590 5282 sic
2626 5227 2900 5280 moderata
2953 5226 3268 5290 tristitiam,
3321 5233 3381 5279 ut
3430 5226 3566 5279 nihil
3600 5224 3695 5279 illa

2114 5298 2495 5350 communibus
2521 5298 2732 5363 gaudiis
2758 5297 3029 5349 videretur
3050 5296 3333 5355 decedere,
3360 5298 3502 5360 quod
3533 5297 3696 5363 plane

2111 5365 2287 5433 ipsum
2314 5382 2546 5420 summae
2588 5367 2870 5434 cujusdam
2904 5366 3116 5419 virtutis
3159 5363 3280 5418 fuit.
3326 5364 3691 5434 Eustathius,

2108 5435 2388 5502 splendida
2451 5433 2719 5503 ejusmoili
2773 5445 2947 5503 veste,
2986 5434 3041 5487 in
3080 5434 3425 5487 solemnitate
3479 5433 3693 5503 Domini

2107 5501 2346 5574 indutam
2380 5501 2493 5569 ait,‘
2511 5520 2575 5558 eo
2605 5506 2748 5570 quod
2782 5501 2937 5574 nefas
2962 5512 3105 5574 esset
3139 5503 3392 5574 ἐνταύτῃ
3424 5504 3494 5573 τῇ
3522 5502 3691 5574 ἑορτῇ

2072 5571 2370 5645 .πένθιμον
2399 5573 2709 5643 ἡμφιάσθαι
2739 5572 2956 5645 στολήν.
3000 5570 3208 5629 Celebrt’
3238 5572 3331 5626 illo
3368 5570 3688 5627 ’ἄξαι-επίτῖ

2104 5641 2285 5698 habitu
2321 5641 2579 5698 luctuosa.
