3982 6160
309 349 450 420 1393

1127 366 1211 430 IN
1252 369 1355 431 SS.
1397 364 1749 430 DEIPAR/E
1786 366 2368 431 CONCEPTIONEM
2406 370 2502 431 ET
2541 310 2747 435 ΝΑΤ.χ

3430 373 3563 440 13σὶ

305 478 416 531 τῶν
444 477 581 532 ὅλων
612 479 927 552 ἀναπέμπει
955 482 1075 554 Θεῷ
1095 521 1109 547 ,
1154 483 1293 539 ἀλλὰ
1326 484 1601 554 άτάραχόν
1630 500 1750 536 τινα
1795 481 1890 536 καὶ

2001 484 2232 554 quietum
2267 498 2331 538 ac
2376 495 2642 540 remotum
2671 499 2700 539 a
2737 485 2911 542 turbis
2943 493 3134 556 petens
3170 487 3312 543 liorti
3346 488 3560 557 locum,

306 571 757 645 ἁπερικτύπητον
820 574 912 629 τὸν
971 576 1065 629 τοῦ
1119 577 1453 648 παραδείσου
1505 575 1888 630 καταλαϐοῦσα

309 662 513 733 χῶρον,
568 664 626 717 ὲν
675 664 851 737 τούτῳ
904 666 1155 738 καθάπερ
1207 668 1559 738 ὰνυπονοήτῳ
1610 667 1885 736 ταμιείῳ,

307 753 556 822 κρυφίως
603 755 807 828 ταύτην
845 757 1155 829 ὀδυνωμένη
1186 757 1522 828 προύτεινεν.
1571 759 1888 827 Ἐγκάρδισν

308 846 422 916 γὰρ
450 848 545 900 καὶ
567 848 814 912 πλείονος
854 849 1116 921 δεομένην
1143 851 1613 920 ἐκμελετῶσατοῦ
1652 851 1844 922 χρόνου
1869 890 1884 916 ,

306 938 412 990 οὐκ
439 938 516 1000 είς
538 939 771 1010 φανερὸν
804 940 1036 1009 προάγει
1062 944 1176 1003 τοῖς
1197 940 1538 1006 ὀνειδίζουσι.
1564 940 1751 1012 Μέθην
1780 941 1888 1012 γάρ

305 1029 387 1090 ὡς
411 1030 505 1081 καὶ
536 1030 635 1097 τῆς
660 1031 931 1102 προτέρας
960 1031 1162 1102 Ἀννης
1181 1071 1205 1096 ,.
1240 1031 1273 1102 ἢ
1314 1031 1671 1102 βαττολογίας
1717 1032 1889 1102 αὐτῆς

307 1120 776 1190 κατεψηφίσαντο.
832 1122 898 1176 Εἰ
943 1121 1049 1191 γὰρ
1092 1122 1365 1193 εὐκαίρως
1414 1123 1781 1195 ἱλασκομένης
1829 1123 1891 1176 τὸ

305 1211 899 1282 Θείον,.κωμῳδοῦντες
929 1213 1121 1285 πρώην
1147 1213 1498 1284 ὲπέμϐαινον,
1526 1214 1682 1278 τίνας
1703 1214 1802 1267 οὐκ
1825 1213 1891 1268 ἂν

308 1304 449 1373 πρὸς
475 1305 572 1376 τὴν
600 1305 844 1376 ἀσυνήθη
895 1306 1219 1378 παρεδρίαν,
1260 1305 1747 1378 πληκτικῐοτέρους
1787 1310 1889 1359 ὲπ-

308 1398 531 1466 αφῆκαν
549 1398 676 1460 τοὺς
704 1397 928 1467 λόγους
959 1399 1162 1452 Τούτου
1191 1399 1255 1469 δὴ
1277 1400 1439 1470 χάριν
1465 1397 1754 1469 οὐτάὐτὴν,
1776 1397 1891 1451 οὐθ’

308 1489 339 1539 δ
369 1489 747 1560 μεγαλόψυχος
788 1491 1065 1561 Ἰωακεὶμ,
1097 1492 1155 1544 ἐν
1178 1492 1255 1563 τῷ
1285 1492 1398 1561 ναῷ
1430 1491 1889 1564 προσδραμόντες,

308 1579 479 1648 ἄμφω
514 1579 581 1633 τὰ
612 1581 714 1648 τῆς
748 1582 925 1652 εὐχῆς
943 1583 1312 1648 ἀποδιδόασιν,
1361 1583 1760 1653 εὐπρόσδεκτον
1787 1582 1893 1653 ἄρα

307 1671 407 1721 καὶ
435 1668 713 1740 ἀνεπαχθῆ
757 1671 982 1741 ταύτην,
1028 1670 1106 1741 τῷ
1138 1670 1505 1741 σχολαιοτέρῳ
1545 1669 1640 1722 καὶ
1679 1668 1893 1740 ήσυχίῳ

308 1760 639 1830 γενήσεσθαι
672 1760 1025 1832 καθηκόντως
1053 1761 1349 1832 οἰηθέντεςο
1376 1763 1409 1832 ἡ
1443 1760 1498 1813 δὲ
1523 1760 1588 1829 δὴ
1617 1759 1891 1829 ἁρμοδιω-

308 1850 448 1920 τέρα
485 1867 543 1904 τε
571 1851 722 1905 αἰτία
762 1854 857 1906 καὶ
896 1852 1279 1924 ἀσφαλεστέρα
1304 1892 1318 1916 ,
1353 1852 1579 1923 τοιαύτη
1625 1851 1709 1914 τίς
1749 1852 1894 1903 ἐστιν
1927 1832 1967 1889 Β

307 1943 387 2007 ὡς
408 1944 517 2014 ἄρα
541 1944 839 2016 πρόδρομοι
865 1947 958 1999 καὶ
983 1948 1247 2017 κήρυκες,
1273 1945 1352 2015 τῷ
1371 1963 1432 1999 τε
1464 1944 1773 2014 πράγματι,
1802 1943 1897 1996 καὶ

306 2038 375 2105 τῇ
406 2037 751 2108 προσηγορίᾳ
771 2040 870 2108 τῆς
892 2028 1114 2108 χάριτος
1133 2037 1309 2099 ὅντεςο
1346 2036 1606 2107 Ἰωακεὶμ
1637 2036 1735 2107 μὲν
1762 2036 1892 2106 γάρ,

306 2127 734 2197 ἀποκείμενοςο
771 2129 938 2183 Ἀννα
962 2129 1050 2193 δὲ,
1081 2129 1245 2197 γάρις
1274 2127 1690 2200 ἐρμηνευομένη
1732 2127 1898 2179 κεκύ-

312 2233 510 2285 ρωται,
538 2217 605 2270 δι’
632 2218 842 2272 ἑαυτῶν
863 2220 954 2274 τὸν
984 2220 1400 2291 άπερίγραπτον
1436 2219 1607 2289 αὐτῆς
1634 2221 1692 2273 ὲν
1721 2219 1895 2289 τούτῳ

309 2308 708 2377 καθυφαίνουσι
750 2311 1090 2382 πλατυσμόνο
1128 2311 1219 2365 τοῦ
1247 2311 1353 2365 νεὼ
1385 2312 1486 2383 μὲν
1520 2310 1892 2381 ὑπεξιστάμε-

307 2415 411 2452 νοι·
444 2400 502 2452 ὲν
532 2404 698 2455 παντὶ⁵
721 2402 802 2467 δὲ,
833 2403 928 2457 τὸν
948 2405 1055 2458 τῶν
1078 2405 1216 2459 ὅλων
1238 2403 1602 2476 ὲξιλεούμενοι
1629 2404 1905 2476 Ποιητήν.,

305 2487 420 2542 Καὶ
448 2484 605 2554 οὗτος
636 2492 757 2561 μὲν,
788 2494 816 2546 ὁ
844 2495 974 2567 περὶ
1011 2496 1218 2549 τούτων
1245 2495 1421 2563 λόγος.
1782 2569 1788 2573 ρ

392 2581 452 2635 '0
485 2583 543 2636 δὲ
565 2585 662 2654 τῆς
686 2586 872 2655 εὐχῆς,
902 2587 977 2651 ὼς
1002 2587 1280 2656 ἀξιόλογος
1307 2587 1643 2659 ἀμφοτέροις
1670 2587 1894 2659 προτεί-

307 2691 458 2728 νεται
480 2676 493 2728 ι
533 2677 759 2730 Πάντων
788 2679 897 2749 γὰρ
921 2679 1030 2732 τῶν
1052 2678 1145 2731 τοῦ
1166 2678 1300 2732 Θεοῦ
1328 2679 1675 2750 μεγαλουργη
1686 2682 1894 2749 μάτων,

307 2759 383 2819 ὧν
408 2783 469 2819 τε
514 2770 579 2821 ὲκ
627 2769 702 2839 μὴ
740 2769 912 2824 ὄντων
946 2771 1275 2840 παρήγαγε,
1322 2770 1417 2823 καὶ
1458 2763 1533 2824 ὧν
1574 2770 1894 2841 παραδόξως

306 2857 725 2929 ὲκαινοτόμησε.
756 2861 857 2924 τὰς
881 2862 988 2915 τῶν
1013 2863 1354 2932 πραγμάτων
1385 2861 1897 2932 μεταπλαττόμενος

310 2948 507 3017 φύσεις
530 2989 547 3014 ,
606 2952 924 3022 ἐκφέρεται.
957 2953 1145 3016 Οὕτως
1177 2955 1233 3007 αἱ
1272 2953 1382 3006 τῶν
1411 2952 1636 3007 δικαίων
1670 2952 1897 3024 εὐεργε-

309 3040 424 3093 σίαι
461 3041 860 3114 προφέρονται·
888 3043 1063 3107 οὕτως
1109 3043 1363 3115 Ἀϐραὰμ
1390 3044 1486 3098 καὶ
1519 3043 1726 3115 Σάρῤαο
1753 3045 1896 3097 οὓτω

1989 575 2044 628 in
2079 590 2162 641 eo,
2204 576 2351 630 velut
2396 576 2527 631 nihil
2573 590 2826 646 suspecto
2859 579 3142 642 cubiculo,
3193 580 3406 635 occulte
3439 596 3559 635 eam

1989 676 2180 722 maesta
2225 662 2423 724 animo
2448 669 2749 737 praetendit.
2783 671 2917 726 Cum
2959 671 3104 726 enim
3153 674 3316 728 corde
3365 688 3565 728 concc-

1989 768 2134 828 ptam
2195 774 2258 815 ae
2315 760 2588 831 longiores
2642 761 2929 817 habentem
2978 778 3197 830 moras,
3258 765 3562 818 orationem

1976 849 2361 915 meditaretur,
2384 851 2560 905 noluit
2585 851 2638 904 in
2662 853 2930 921 publicum
2960 853 3243 908 illusoribu
3262 874 3276 900 ς
3296 852 3561 922 proferre.

1988 941 2154 996 Plane
2205 941 2349 996 enim
2411 943 2692 998 ebrietatis
2744 944 3130 1009 damnassent,
3191 946 3267 998 uti
3326 946 3562 1014 priorem

1989 1033 2202 1087 Annam
2223 1072 2239 1097 ,
2269 1043 2361 1087 aut
2390 1033 2722 1104 garrulitatis
2759 1034 2997 1089 insulsae.
3034 1033 3133 1101 Qui
3174 1037 3342 1100 enim,
3372 1050 3567 1102 Oppor-

1994 1135 2123 1182 tune
2160 1126 2330 1181 Deum
2364 1126 2621 1196 placanti,
2657 1125 2729 1180 ita
2770 1141 2945 1195 nuper
2978 1127 3266 1182 illudent'es
3308 1125 3565 1181 insultas-

1992 1228 2144 1282 sent,
2178 1217 2267 1288 qui
2308 1232 2417 1271 non
2449 1216 2712 1286 gravioris
2746 1217 3134 1286 increpationis
3162 1216 3350 1281 verba,
3385 1217 3452 1273 ad
3485 1216 3567 1269 in-

1992 1318 2199 1363 suetam
2227 1307 2370 1360 illam
2395 1307 2790 1371 assiduitatem,
2813 1308 3071 1377 jactaturi
3096 1307 3313 1362 essent?
3341 1307 3566 1372 idcirco,
3616 1362 3623 1367 ,

1994 1416 2095 1455 nec
2135 1400 2283 1469 ipsa,
2318 1414 2417 1454 nec
2454 1399 2816 1467 magnanimis
2861 1397 3104 1453 Joachim
3130 1440 3147 1465 ,
3192 1400 3260 1454 ad
3312 1399 3569 1470 templum

1994 1497 2359 1556 aceurrentes,
2383 1488 2679 1543 orationem
2705 1488 2812 1543 Deo
2836 1488 3170 1555 obtulerunt,
3197 1504 3360 1559 quam
3386 1489 3571 1559 utique

1995 1588 2270 1648 acceptam
2307 1592 2371 1632 ac
2409 1593 2439 1630 a
2476 1577 2721 1634 molestia
2752 1578 2974 1634 liberam
3004 1617 3020 1644 ,
3051 1592 3079 1632 a
3107 1579 3289 1648 quiete
3325 1593 3391 1634 ac
3421 1580 3532 1634 otio
3553 1619 3571 1645 ,

1995 1670 2190 1725 merito
2215 1666 2544 1738 captabant:
2572 1683 2687 1734 seu,
2722 1676 2779 1724 ut
2810 1684 3110 1740 congruam
3159 1658 3332 1740 magis
3358 1684 3422 1726 ac
3449 1684 3575 1726 cer-

1998 1759 2119 1815 tiori
2152 1757 2334 1813 nixam
2361 1758 2589 1813 veritate
2629 1772 2853 1813 causam
2888 1759 3135 1825 edicam;
3167 1768 3225 1813 ut
3252 1759 3343 1829 qui
3383 1775 3441 1813 re
3475 1774 3575 1828 pa-

2002 1852 2131 1904 riter
2164 1864 2229 1904 ac
2272 1849 2506 1904 nominis
2536 1848 2894 1919 appellatione
2919 1887 2935 1915 ,
2972 1849 3159 1919 gratiae
3210 1860 3577 1919 praeeursores

1999 1956 2062 1995 ac
2087 1954 2363 2011 pracones
2402 1938 2579 1994 forent
2616 1939 2879 2006 (Joachim
2909 1942 3076 2003 enim,
3122 1939 3573 2010 repositum(l8),

1997 2032 2209 2086 Annam
2277 2045 2447 2096 yero,
2495 2032 2754 2101 gratiam,
2797 2031 2994 2100 exponi
3044 2032 3265 2101 liquet).
3317 2030 3422 2100 Ipsi
3482 2048 3577 2100 per

1998 2140 2096 2191 se,
2141 2125 2258 2194 ejus
2313 2123 2370 2178 in
2425 2124 2529 2178 hoc
2586 2122 3112 2192 incircumscriptam
3163 2124 3573 2192 amplitudinem

1998 2214 2340 2283 signiﬁcant;
2368 2214 2459 2283 qui
2486 2214 2702 2282 quidem
2726 2227 2756 2267 a
2785 2212 2986 2283 templo
3011 2211 3294 2277 excedant,
3317 2212 3577 2280 omnique

1997 2292 2117 2361 loco
2173 2306 2550 2360 universorum
2601 2304 2891 2359 Auctorem
2952 2303 3188 2375 placent.
3243 2305 3422 2374 Atque
3464 2304 3578 2359 haec

1997 2398 2216 2468 quidem
2248 2397 2329 2453 sic
2351 2397 2492 2453 dicta
2519 2396 2776 2452 habeant.

2068 2588 2215 2655 Quas
2243 2585 2370 2641 vero
2400 2586 2560 2641 ambo
2590 2583 2825 2638 fundunt
2852 2597 3072 2653 preces,
3111 2598 3273 2653 quam
3303 2582 3583 2654 praeclara:

1999 2693 2062 2734 ac
2100 2678 2371 2750 egregiae!
2404 2676 2474 2732 lis
2511 2677 2655 2732 enim
2684 2677 2935 2730 universa
2971 2674 3062 2730 Dei
3100 2676 3388 2745 magniﬁca
3409 2689 3576 2745 opera

1996 2773 2298 2842 proferunt,
2335 2771 2383 2825 si
2418 2785 2523 2840 qua
2568 2768 2651 2824 vel
2701 2768 2958 2839 produxit
2996 2783 3059 2821 ex
3095 2767 3302 2832 nihilo,
3334 2766 3419 2822 vel
3469 2764 3576 2819 mi-

1996 2862 2242 2919 rabiliter
2274 2860 2643 2916 transmutatis
2668 2875 2844 2914 rerum
2871 2860 3081 2914 naturis
3107 2897 3121 2922 ,
3149 2856 3449 2912 innovavit.
3486 2854 3580 2910 Sic

1996 2955 2294 3018 Abraham,
2327 2953 2406 3009 sic
2436 2951 2649 3019 Saram,
2671 2953 2752 3006 sic
2776 2951 2986 3005 Annam
3014 2964 3230 3018 quoque
3252 2963 3316 3004 ac
3350 2948 3578 3003 Samue-

1998 3049 2126 3115 lem,
2153 3047 2405 3118 producit
2432 3046 2702 3114 iustorum
2738 3045 2863 3099 illud
2898 3060 3014 3113 par,
3048 3059 3219 3113 eaque
3248 3041 3580 3114 gratitudine

308 3133 379 3187 τὰ
422 3132 569 3187 κατὰ
597 3133 699 3206 τὴν
731 3136 950 3201 Ἅνναν,
997 3136 1093 3190 καὶ
1127 3136 1382 3207 Σαμουὴλ
1427 3137 1739 3208 παράγεται
1780 3138 1895 3200 τοῖς

2001 3139 2200 3195 similia
2231 3152 2567 3208 prosequens
2590 3177 2605 3202 ,
2647 3150 2851 3207 parem—
2869 3136 2995 3197 sibi
3028 3137 3261 3206 gratiam
3295 3135 3579 3204 deposcit,

309 3223 544 3289 δικαίοις
565 3267 581 3291 ,
613 3226 677 3278 ἐκ
712 3226 812 3297 τῆς
852 3225 962 3280 τῶν
994 3225 1198 3297 ὁμοίων
1230 3226 1611 3298 εὐχαριστίας,
1638 3224 1737 3296 τὴν
1772 3223 1897 3296 ἴσην

310 3312 717 3384 ἑξαιτουμένοις
768 3316 952 3388 χάριν,
1001 3315 1207 3369 πλείονί
1257 3333 1315 3370 τε
1364 3316 1463 3370 καὶ
1505 3314 1899 3386 σπουδαιοτέρα

312 3404 679 3476 προσεδρείᾳ,
726 3405 820 3460 τοῦ
876 3406 1221 3478 καταλλήλου
1263 3407 1339 3478 μή
1392 3408 1649 3460 ἐκπεσεῖν
1688 3405 1897 3477 Δἐπιζη-

311 3496 490 3554 τοῦσι.
533 3498 595 3550 Ἡ
639 3497 696 3550 δὲ
738 3497 875 3569 μετὰ
920 3498 1094 3552 ταῦτα
1126 3499 1225 3570 τῆς
1272 3499 1550 3570 μακαρίας
1596 3499 1795 3570 ’Λννης
1839 3500 1898 3551 ὲν

311 3588 392 3659 τῷ
429 3588 765 3661 παραδείσῳι
793 3591 1072 3662 προσευχὴ
1099 3629 1115 3655 ,
1162 3591 1296 3645 πολὺ
1348 3589 1448 3660 μὲν
1479 3589 1539 3643 τὺ
1577 3589 1857 3661 διεστηκὸς
1880 3627 1897 3655 ,

313 3681 453 3734 πολύ
484 3682 542 3735 δὲ
586 3682 649 3736 τὸ
675 3684 979 3754 εὐεπήκοον
1009 3687 1075 3756 τῇ
1106 3683 1312 3755 ψυχικῇ
1353 3683 1576 3755 διήνυσε
1612 3682 1897 3754 συντριὸῇ.

313 3776 451 3829 Οὐδὲ
480 3778 590 3849 γάρ
618 3777 800 3846 λόγοις
824 3780 920 3834 καὶ
962 3780 1199 3850 νοήμασι
1228 3778 1467 3849 δεήσεως
1501 3777 1898 3849 ἀπεχρήσατο,

1923 3186 1966 3244 C

311 3868 430 3921 ἀλλ’
479 3868 605 3938 ὕψει
650 3868 1057 3936 ταπεινώσεως,
1098 3870 1198 3941 τὴν
1230 3869 1439 3924 οἰκείαν
1477 3869 1575 3941 μὲν
1625 3868 1900 3924 εὐτέλειαν
1954 3858 1957 3861 ’

312 3960 801 4033 κατολοφυρομένη
832 3962 1175 4034 διωμολόγει’
1199 3965 1298 4035 τῆς
1321 3962 1381 4017 δὲ
1412 3962 1647 4027 κτίσεως
1677 3962 1898 4033 ἁπάσης

316 4052 517 4123 ἑαυτὴν
548 4052 840 4120 ὑποθεῖσα,
871 4055 940 4110 τὰ
980 4055 1103 4110 κατ’
1142 4050 1284 4119 εἶδος
1316 4055 1614 4126 μετέχοντα
1655 4056 1757 4126 τῆς
1804 4054 1901 4109 τοῦ

315 4141 602 4205 κτίσαντος
623 4142 896 4213 εὐλογίας,
922 4143 1154 4215 διεξῄει..
1180 4144 1458 4207 Τοιούτοις
1483 4144 1593 4215 γὰρ
1623 4137 1722 4199 καῖ
1744 4144 1902 4217 ήθεσι

315 4233 415 4287 καὶ⁵
464 4232 686 4302 λόγοις,
740 4235 774 4306 ή
825 4233 922 4288 τοῦ
976 4234 1324 4306 Δημιουργοῦ
1384 4235 1902 4307 πολυεύσπλαγχνος

315 4322 590 4376 ἐπινεύειν
610 4323 826 4392 πέφυκε
855 4324 1170 4395 κηδεμονία·
1196 4325 1291 4379 καὶ
1326 4324 1529 4396 μᾶλλόν
1558 4343 1624 4395 γε
1648 4310 1902 4393 τούτοις,

315 4416 351 4486 ἢ
398 4418 510 4479 τοῖς
549 4418 671 4470 κατ’
710 4415 907 4486 ἰδίωμα
946 4420 1401 4488 προρερομένοις.
1446 4417 1547 4472 Διὰ
1575 4417 1763 4485 τοῦτο,
1794 4419 1904 4473 τῶν

2000 3228 2429 3300 impensiorique
2459 3229 2663 3284 studio-
2690 3243 2755 3283 ac
2791 3228 3115 3283 assiduitate
3139 3268 3154 3291 ,
3190 3236 3251 3282 ut
3281 3241 3349 3283 ne
3402 3228 3469 3282 ab
3512 3240 3582 3281 eo

1999 3323 2144 3391 quod
2172 3335 2474 3392 congruum
2504 3329 2609 3386 est,
2636 3321 2883 3387 excidat,
2915 3319 3214 3375 contendit.
3248 3319 3419 3386 Quam
3452 3333 3583 3373 vero

2001 3413 2158 3468 beata
2187 3413 2343 3466 Anna
2380 3414 2722 3479 postmodum
2764 3412 2817 3465 in
2871 3415 3031 3466 horto
3068 3413 3366 3465 orationem
3412 3410 3585 3474 fudit,

2001 3504 2229 3559 multum
2280 3504 2407 3581 ejus
2437 3518 2468 3557 a
2511 3504 2734 3574 reliquis
2773 3504 3065 3559 discrimen
3118 3503 3318 3568 habet;
3360 3500 3587 3556 multam

2000 3598 2119 3666 ejus
2166 3611 2235 3650 ex
2279 3596 2607 3650 contritione
2649 3594 2816 3649 animi
2866 3595 3334 3649 exaudibilitatem
3386 3592 3585 3650 ell‘ecit.

2002 3686 2113 3742 Nec
2136 3687 2282 3742 enim
2309 3686 2491 3741 verbis
2521 3685 2805 3756 sensisque
2827 3687 3087 3740 orationis
3113 3685 3440 3740 abutendum
3466 3700 3589 3740 ere-

2003 3780 2172 3845 didit;
2207 3779 2301 3835 sed
2334 3779 2442 3834 alta
2475 3779 2801 3843 humilitate,
2844 3795 2999 3834 suam
3039 3778 3255 3849 quidem
3300 3777 3586 3840 vilitatem,

2003 3871 2239 3940 graviter
2270 3869 2485 3939 lugens,
2520 3869 2913 3937 confitebatur,
2955 3885 3020 3924 ae
3050 3885 3108 3924 se
3133 3869 3401 3922 universis
3433 3884 3589 3923 erea-

2006 3963 2076 4017 tis
2112 3962 2426 4018 inferiorem
2473 3961 2788 4026 demittens,
2828 3975 2917 4015 res
2950 3974 3044 4015 eas
3087 3974 3208 4028 quae
3258 3957 3590 4012 benedictio~

2008 4071 2128 4109 nem
2177 4053 2418 4110 auctoris
2455 4063 2757 4109 consecuta:
2802 4061 3020 4115 essent,
3062 4063 3315 4105 sermone
3363 4063 3591 4122 percur-

2011 4149 2182 4204 rebat.
2211 4146 2433 4201 Talibus
2464 4146 2609 4201 enim
2641 4145 2881 4200 moribus
2913 4145 3116 4212 pariter
3138 4141 3591 4210 sermonibusque

2009 4238 2515 4293 misericordissima
2559 4236 2837 4291 Creatoris
2869 4236 2963 4290 Dei
2995 4234 3367 4305 providentia,
3404 4233 3592 4287 lubens

2008 4332 2233 4397 annuit;
2265 4346 2330 4386 ac
2354 4331 2515 4401 plane
2541 4330 2608 4386 iis
2636 4328 2830 4400 magis,
2859 4344 3020 4398 quam
3049 4327 3299 4397 precibus
3333 4340 3430 4397 per
3457 4339 3587 4394 pro-

2009 4423 2295 4494 prietatem
2323 4422 2567 4492 prolatis.
2610 4419 3002 4488 Quamobrem,
3036 4417 3206 4488 inquit
3240 4416 3478 4484 prudens
3522 4430 3590 4470 ae

318 4509 547 4561 πάντων
573 4506 819 4578 γενητῶν
839 4507 1182 4579 ἀχρειοτέρα,
1208 4510 1396 4579 φησὶν,
1424 4509 1747 4584 ὴκσώφρων,
1772 4510 1903 4580 ἐγὼ,

2010 4522 2156 4570 casta
2188 4513 2387 4568 femina
2409 4553 2425 4579 ,
2462 4502 2704 4568 inu‘tilior
2727 4527 2847 4568 sum
2891 4511 3160 4566 universis
3198 4508 3398 4564 creatis
3419 4546 3434 4572 ,
3468 4520 3592 4561 eum

315 4597 395 4659 ὡς
437 4596 821 4667 πάντωνμὲν,
864 4597 944 4669 τῷ
989 4596 1067 4669 σῷ
1111 4598 1640 4670 καθυπουργούντων
1669 4603 1907 4674 προστά-

317 4705 518 4758 γματι,
545 4691 793 4743 Δέσποτα
816 4729 831 4754 ,
858 4691 962 4761 τῆς
988 4690 1245 4763 τοιαύτης
1271 4691 1329 4745 δὲ
1365 4691 1644 4761 εὐλογίας,
1681 4695 1778 4747 καὶ
1808 4694 1906 4764 χά-

322 4796 474 4851 ριτος
504 4782 844 4852 ἑστερημένη
883 4782 1176 4850 καθάπαξ,
1212 4782 1405 4848 ἀναξία
1441 4785 1542 4854 τῆς
1587 4779 1686 4838 τοῦ
1713 4786 1905 4855 γένους

318 4874 622 4945 εὐκληρίας
641 4889 656 4904 ο
690 4874 915 4945 γόνιμον
942 4878 1052 4945 γάρ
1085 4892 1188 4942 σοι,
1217 4877 1313 4929 καὶ
1337 4874 1517 4943 τοῦτο,
1541 4878 1637 4931 καὶ
1664 4877 1741 4948 τῷ
1769 4879 1910 4950 πρά-

319 4979 501 5032 γματι
533 4963 595 5017 τὸ
628 4963 914 5036 διεστηκὸς
967 4965 1301 5036 παρίστησι*
1345 4967 1474 5036 ξένη
1522 4966 1621 5038 τῆς
1656 4968 1910 5021 τῶν-πο-

318 5058 559 5113 λυειδῶν
601 5058 756 5124 ζώων
799 5060 1088 5133 εὐφορίας*
1121 5062 1217 5115 καὶ
1243 5062 1381 5116 αὐτὰ
1407 5062 1519 5133 γὰρ
1540 5102 1555 5128 ,
1583 5064 1685 5135 τῆς
1722 5064 1914 5135 ὁμοίας

323 5150 657 5221 κατείληχεν
687 5152 959 5221 εὐλογίας.
991 5152 1307 5224 Πολυφόρος
1333 5155 1367 5224 ἡ
1390 5155 1461 5224 γῆ
1489 5194 1504 5218 ,
1530 5153 1629 5227 τὴν
1652 5154 1916 5225 ἀφθονίαν

322 5242 598 5313 διηνεκῶς
650 5246 794 5299 κατὰ
838 5246 901 5300 τὸ
951 5247 1045 5301 σὺν
1100 5246 1500 5316 ὲπικομίζουσα
1547 5239 1910 5319 πρόσταγμαέ

323 5334 741 5406 καρποφοροῦσι
780 5336 1079 5409 λειμῶνεςο
1115 5339 1209 5391 καὶ
1251 5338 1323 5392 τὰ
1369 5339 1548 5410 εὐειδῆ
1588 5338 1707 5394 τῶν.
1732 5342 1915 5408 φυτῶν

401 5489 517 5559 (l8)
568 5489 811 5563 Joarhim
860 5493 1167 5561 repositum.
1227 5493 1485 5562 Ἰωακεὶμ
1527 5492 1909 5563 ἀποκείμενος.

323 5559 569 5634 ldipsum
613 5562 827 5634 videtur
867 5559 1031 5634 atque
1068 5563 1401 5634 Epiphanius
1442 5559 1584 5617 orat.
1633 5563 1708 5617 De
1732 5559 1911 5616 laudi-

326 5632 429 5704 luta
459 5639 665 5704 sanctae
685 5631 916 5704 Mariae,
943 5631 1082 5701 'pum
1104 5631 1333 5704 et'ipseg
1358 5633 1618 5704 ’Imaxelp.
1656 5634 1909 5701 exponit,

325 5700 626 5770 ἑτοιμασία
675 5702 883 5772 Κυρίου
905 5719 918 5733 ·
952 5700 1274 5770 pra'paratio
1307 5702 1516 5757 Domini
1543 5700 1745 5772 {quod
1767 5742 1783 5765 ,
1827 5704 1909 5756 in-

328 5774 474 5841 quit,
504 5787 570 5826 ex
600 5788 659 5828 eo
688 5782 1046 5844 praeparatum
1088 5773 1150 5830 sit
1187 5773 1405 5830 Domini
1430 5775 1700 5845 templum,
1733 5789 1882 5845 nemp

2013 4605 2141 4672 illa,
2193 4604 2461 4670 Domine,
2511 4610 2781 4674 praecepto
2822 4611 2913 4657 tuo
2957 4602 3341 4664 subserviant,
3387 4613 3451 4653 ac
3496 4611 3597 4667 ego

2012 4713 2241 4768 prorsus
2271 4698 2478 4766 privata
2509 4697 2612 4751 sim
2648 4695 3027 4751 benedictione
3053 4692 3321 4763 ejusmodi
3363 4705 3427 4747 ac
3469 4704 3596 4760 gra-

2016 4790 2120 4853 tia,
2176 4789 2398 4858 indigna
2437 4787 2653 4856 generis
2699 4786 2999 4854 felicitate;
3047 4800 3172 4839 nam
3214 4792 3270 4839 et
3320 4781 3448 4843 illud
3497 4780 3593 4834 tibi

2016 4881 2301 4937 fecundum
2332 4891 2444 4945 est,
2481 4894 2649 4948 reque
2675 4879 2788 4948 ipsa
2807 4920 2823 4946 ,
2850 4888 2908 4933 ut
2936 4878 3004 4933 ab
3033 4892 3099 4932 eo
3135 4878 3291 4945 longe
3320 4874 3548 4927 habeam
3578 4911 3594 4935 ,

2016 4972 2256 5027 ostendit
2284 4990 2297 5026 :
2342 4971 2514 5025 aliena
2547 4985 2577 5024 a
2611 4970 3024 5040 multigenerum
3065 4966 3377 5022 animalium
3410 4964 3596 5018 fecun-

2015 5066 2222 5131 ditate;
2259 5080 2384 5118 nam
2416 5075 2473 5120 et
2520 5063 2605 5117 illa
2647 5063 2892 5118 eamdem
2931 5068 3221 5114 consecuta
3261 5064 3387 5110 sunt
3431 5058 3597 5110 benc-

2014 5156 2329 5210 dictionem.
2361 5152 2529 5209 Terra
2564 5152 2825 5222 frugifera
2857 5159 2961 5215 est,
2989 5164 3113 5219 quae
3140 5164 3236 5217 pro
3268 5148 3343 5202 tui
3379 5147 3592 5200 ratione

2016 5248 2277 5310 mandati.
2322 5246 2500 5315 fruges
2534 5246 2730 5299 uberes
2766 5255 3037 5310 nunquam
3087 5254 3191 5294 non
3222 5238 3381 5293 ferat.
3431 5237 3592 5292 Prata

2018 5338 2263 5394 f'ruotum-
2297 5338 2558 5405 afferunt;
2603 5337 2697 5392 sed
2738 5346 2792 5391 et
2835 5334 3080 5406 speciosa
3127 5332 3432 5403 plantarum
3465 5344 3595 5402 ger-

2028 5490 2210 5570 Virgo.
2251 5491 2308 5546 lu
2347 5470 2529 5547 Indice
2573 5489 3015 5577 biblicoﬂpzl'lm
3039 5575 3061 5577 ῃ
3084 5482 3433 5577 Jelioiachin,
3465 5484 3596 5577 dua-

2020 5568 2145 5634 «thin
2170 5620 2184 5643 ,
2213 5580 2429 5635 Domini
2462 5580 2806 5647 praeparatio,
2840 5568 2991 5644 sive,
3030 5575 3245 5629 Domini
3274 5568 3530 5642 ﬁrmitas.
3569 5592 3591 5629 ι

2020 5651 2137 5705 Sed
2160 5652 2259 5706 hoc
2288 5650 2583 5706 secundmn
2614 5649 2787 5720 magis
2809 5659 2893 5703 est
2917 5650 3066 5702 notio
3090 5654 3236 5700 vocis
3260 5652 3475 5731 D’p'l'lnl
3501 5661 3599 5698 cu-

1885 5736 1912 5830 ;
2012 5739 2102 5812 jus
2131 5750 2257 5796 nota
2293 5740 2450 5796 radix
2480 5754 2543 5797 ac
2580 5737 2921 5810 significatio,
2958 5754 3062 5792 non
3109 5737 3183 5791 ita
3216 5736 3443 5806 prioris.
