3982 6160
458 329 595 394 1πῖὶῦ

1588 338 1909 401 GEORGII
1949 342 2550 406 NICOMEDIENSIS

3554 358 3561 363 ’
3594 349 3732 413 1396

459 445 602 499 mina
646 447 1246 521 opportunnm'pariter
1290 448 1765 520 dulcissimumque
1796 452 2032 507 fructum

2146 461 2479 528 καρποφορεῖ
2534 458 2931 529 βλαστήματα,
2983 457 3197 529 καρπόν
3242 475 3299 511 τε
3341 458 3549 526 καίρ;ον
3590 464 3732 531 ὑμὸῦ

459 534 712 604 aﬂ'erunt,
729 552 791 591 ac
812 553 997 593 eorum
1017 541 1203 610 gratiis
1216 542 1305 611 qui
1324 542 1651 613 percipiunt,
1675 544 2041 601 laudationem

458 640 510 683 et
564 630 679 699 ipsa
727 630 820 684 tibi
856 632 1199 685 submittunt.
1246 634 1451 687 Horum
1494 650 1595 705 ego
1627 636 1821 706 gratia:r
1843 651 2042 706 expers

460 738 615 789 sum;
662 741 786 779 nam
815 725 929 793 ipsa
957 740 1170 795 quoque
1201 727 1475 798 indignam
1515 737 1573 782 ut
1602 729 1681 784 eis
1724 744 2037 798 accensear,
2066 764 2077 771 -

386 822 401 845 ι
463 829 582 882 quae
612 817 720 869 sint
744 827 1009 871 creaturae
1037 827 1161 881 tua),
1190 820 1617 888 memetjudico.
1658 819 1831 887 Quam
1871 822 2041 877 verba

465 906 601 970 lucc,
630 921 780 974 rogo,
818 923 922 960 non
950 908 1241 962 ostendunt
1270 910 1593 965 lmmilitatis
1625 911 2043 966 excellentiam?

463 1001 633 1065 Quam
665 1014 769 1051 non
797 1000 1016 1054 contriti
1052 1001 1231 1055 cordis
1271 1002 1627 1068 abjectionem
1656 1004 1916 1069 excessit,
1948 1005 2042 1074 qui

461 1105 616 1146 sensa
653 1091 916 1161 ejusmodi
950 1093 1163 1148 animus
1197 1094 1454 1164 protulit?
1495 1096 1596 1164 Qui
1632 1112 1738 1152 non
1781 1112 1910 1153 vero
1944 1098 2042 1153 be-

463 1183 658 1252 nignus
684 1184 826 1241 Deus
852 1225 867 1251 ,
912 1200 1071 1255 supra
1122 1201 1337 1241 onmem
1374 1189 1555 1243 odoris
1587 1189 1939 1259 lragrantiam
1981 1205 2044 1245 ac

461 1272 836 1337 oblationem,
892 1274 1156 1344 ejusmodi
1216 1277 1470 1345 probaret
1517 1278 1895 1335 voluntatem?
1938 1279 2038 1347 Qui

463 1380 569 1417 non
608 1380 770 1435 supra
808 1366 1178 1422 holocaustum
1227 1384 1387 1425 omne
1412 1409 1426 1435 ,
1454 1372 1717 1440 ejusmodi
1762 1373 2043 1429 annuisset

461 1455 733 1519 orationi,
767 1457 858 1525 qui
903 1456 1101 1513 talibus
1145 1460 1379 1514 maxime
1424 1462 1726 1516 delectatur
1767 1464 2040 1519 victimis?

464 1544 705 1613 Etenim,
742 1546 1078 1616 Sacri/icium
1115 1548 1222 1603 Deo
1246 1552 1463 1619 spiritus
1485 1553 1866 1609 cantribulalus
1899 1554 1963 1610 η.

533 1730 686 1788 Talia
712 1742 836 1788 sunt
874 1729 1146 1803 justorum
1188 1735 1470 1805 privilegia
1504 1750 1566 1791 ac
1598 1745 1819 1791 narrata
1858 1746 2034 1808 gesta.

462 1824 592 1878 Laeti
628 1824 972 1879 bivirtutum
1004 1840 1193 1881 eorum
1232 1827 1599 1893 characteres,
1634 1828 1866 1882 nobilem
1898 1833 2041 1883 hanc

461 1917 663 1982 animi,
699 1933 762 1973 ac
803 1918 869 1973 iis
909 1917 1291 1984 illustriorem,
1336 1918 1426 1988 qui
1451 1919 1604 1974 omni
1646 1927 1793 1974 retro
1840 1921 2040 1976 sarculo

460 2010 802 2078 claruissent,
841 2011 1077 2081 speciem
1119 2009 1457 2066 ell'ulserunt.
1494 2010 1704 2081 Quippe
1728 2011 1958 2066 decebat
1984 2021 2042 2063 ut

459 2105 657 2158 donum
686 2146 701 2168 ,
748 2105 896 2158 omni
934 2104 987 2157 in
1022 2103 1225 2159 creatis
1263 2102 1439 2171 majus
1485 2103 1924 2173 comparatione,
1972 2118 2041 2157 ex

458 2194 743 2249 excellenti
775 2194 1040 2250 electione
1063 2196 1302 2264 prodiret
1324 2214 1338 2249 :
1365 2196 1592 2250 decebat
1619 2206 1675 2247 ut
1702 2210 1770 2248 ex
1797 2193 2038 2248 aﬁluenti

459 2286 719 2341 virtutum
758 2301 925 2354 penu,
956 2298 1271 2356 praesanctte
1314 2286 1418 2340 illa:
1449 2287 1776 2341 scaturirent
1801 2286 2037 2341 divitiae:

459 2378 688 2432 decelmt
729 2387 786 2432 ut
819 2378 1029 2433 labores
1057 2378 1320 2447 ejusmodi
1364 2378 1520 2433 talem
1553 2386 1890 2447 reportarent
1922 2376 2040 2431 fru-

458 2485 663 2525 ctum:
719 2480 776 2525 ut
832 2485 898 2526 ex
952 2470 1180 2539 ingenua
1243 2469 1428 2526 radice
1486 2483 1697 2525 summe
1745 2469 2037 2539 ingenuum

454 2563 752 2632 pullularet
793 2577 1053 2632 germen;
1095 2578 1162 2618 ex
1208 2563 1365 2618 bonis
1400 2562 1597 2618 lumbis
1638 2563 1875 2630 optimus
1920 2560 2039 2631 pal-

460 2669 577 2709 mes
605 2664 892 2723 surgeret;
922 2668 1141 2724 semper
1165 2656 1350 2709 virens
1380 2654 1674 2723 vigensque
1694 2653 1787 2708 illa
1817 2654 2040 2723 generis

458 2747 723 2816 gloratio;
747 2746 1172 2816 pulcherrimum
1204 2747 1334 2803 illud
1365 2757 1573 2801 natura;
1600 2760 1868 2817 germen;
1903 2746 2037 2801 alti-

458 2855 599 2910 gena
630 2838 722 2894 ille
751 2840 1080 2913 sacramenti
1117 2854 1331 2904 ramus,
1370 2854 1437 2893 ex
1475 2853 1583 2907 quo
1612 2839 1915 2894 ascendens
1942 2839 2041 2892 im-

459 2932 811 2988 mortalitatis
831 2931 950 2999 llos,
985 2941 1247 2988 aeternam
1278 2932 1465 2987 odoris
1481 2932 1803 2987 suavitatem
1831 2933 2041 3001 perspi-

462 3026 603 3080 ravit
630 3043 644 3079 :
671 3025 825 3097 cujus
851 3025 1061 3080 fructus
1091 3023 1347 3091 ellicitur,
1378 3024 1488 3077 vita
1513 3023 1946 3094 etincorruptio,
1978 3034 2042 3080 ac

462 3120 889 3189 perseverantia,
919 3118 985 3171 iis
1012 3119 1103 3188 qui
1141 3117 1233 3171 illo
1268 3116 1613 3186 participant.
1725 3108 1741 3116 ’

531 3191 798 3265 Calenam
834 3209 1111 3264 laboribus
1137 3210 1588 3276 sermonibusque
1610 3205 1878 3275 ejusmodi
1910 3206 2039 3260 sub.

462 3309 613 3357 vecta
641 3300 914 3371 justorum
949 3298 1149 3364 oratio,
1182 3298 1342 3352 linem
1371 3299 1511 3365 apud
1544 3307 1831 3366 utrumque
1864 3308 1931 3350 ex
1958 3294 2043 3355 di-

461 3395 589 3449 vino
625 3406 887 3461 responso
920 3390 1135 3459 accipit.
1177 3388 1364 3459 Angeli
1393 3388 1658 3457 siquidem
1699 3395 2039 3456 apparentes,

460 3502 587 3543 eum
638 3483 927 3540 exauditae
977 3496 1192 3552 preces,
1257 3488 1372 3534 tum
1427 3478 1789 3548 inexspec‘tati
1850 3486 2044 3546 partus

462 3587 719 3634 eventum
763 3576 1179 3630 annuntiarunt.
1210 3572 1440 3643 Augeli,
1477 3572 1593 3641 ejus
1641 3586 1762 3641 quae
1809 3570 2020 3641 angelis

461 3682 582 3727 erat
606 3669 866 3737 nobilior,
895 3666 1292 3737 concipiendas,
1323 3665 1528 3721 faustas
1556 3663 1788 3720 alierum
1822 3678 2041 3717 annun-

464 3764 740 3819 tiationcs.
776 3760 1156 3816 Praanuntiant
1195 3760 1370 3829 angeli
1419 3759 1731 3814 solvendam
1777 3755 2042 3812 sterilita-

463 3867 596 3922 tem,
635 3868 700 3909 ac
720 3868 821 3923 per
850 3867 970 3908 eam
998 3851 1284 3919 disiectum
1321 3850 1385 3905 iri
1432 3850 1667 3905 medium
1701 3848 1909 3918 peccati
1942 3863 2042 3918 pa-

464 3949 652 4004 rietem
698 3946 1018 4019 praedicunt.
1057 3944 1270 4015 Angeli,
1307 3944 1732 4014 inexspectatam
1764 3944 1882 4011 ejus
1913 3955 2045 3996 con-

461 4040 792 4110 ceptionem,
824 4037 1094 4107 premmio
1133 4035 1451 4108 loquuntur,
1489 4048 1608 4103 qua:
1640 4032 1948 4087 mirabilem
1979 4045 2044 4086 ac

462 4131 791 4188 ineffabilem
822 4129 1234 4200 conceptionem
1266 4127 1507 4182 novavit.
1533 4124 1722 4194 Angeli
1753 4124 1870 4193 ejus
1908 4138 2045 4194 pras-

461 4232 691 4280 currunt
716 4222 1102 4293 puerperium,
1135 4236 1230 4291 per
1260 4234 1423 4287 quam
1448 4218 1636 4287 prima:
1663 4216 1906 4287 parentis
1949 4216 2044 4271 do-

2144 549 2241 601 καὶ
2271 547 2495 618 ἥδιστον
2534 548 2931 619 προϐάλλονται
2952 588 2968 614 ,
3013 551 3109 604 καὶ
3140 552 3205 621 τῇ
3248 550 3358 603 τῶν
3391 554 3734 622 μετεχόντων

2143 639 2499 711 εὐχαριστίᾳ,
2531 643 2613 694 σοὶ
2641 642 2739 702 τὴν
2774 642 3087 710 δοξολογίαν
3116 643 3471 712 ἀναφέρουσι.
3509 645 3735 699 Τούτων

2143 729 2255 799 ἐγὼ
2284 730 2383 798 τῆς
2407 730 2628 801 χάριτος
2654 732 2942 801 ἀμέτοχος,
2968 731 3090 784 ἐπεὶ
3115 732 3210 785 καὶ
3231 732 3292 784 τὺ
3324 732 3398 802 μὴ
3427 733 3545 786 κατ’
3573 735 3734 799 ἀξίαν

2146 822 2593 894 συναριθμεῖσθαι
2616 822 2824 886 τούτοις
2850 824 2913 894 δη
2924 824 3299 894 μιουργήμασί
3329 842 3386 878 τε
3414 822 3564 878 οὖσιν
3592 827 3737 895 ἀγα-

2145 912 2369 983 θότητος
2416 914 2514 982 τῆς
2564 910 2701 984 σῆς,
2741 915 2943 986 ἑαυτῆς
2993 915 3463 987 καταψηφίζομαι.
3503 917 3731 982 Ταῦτα,

2143 1003 2265 1057 τίνα
2303 1004 2685 1069 ταπεινώσεως
2738 1006 3045 1077 ὐπερὸολὴν
3087 1007 3188 1059 οὐκ
3222 1008 3477 1076 ἐμφαίνει
3510 1010 3576 1062 τά
3631 1014 3734 1080 ῥή-

2147 1112 2316 1165 ματα;
2339 1096 2505 1150 Ποίαν
2527 1099 2998 1168 συντετριμμένην
3020 1099 3118 1169 οὐχ
3134 1100 3448 1169 ὐποδέὸηκε
3473 1101 3731 1170 καρδίαν,

2142 1190 2175 1259 ὴ
2211 1188 2276 1240 τὰ
2307 1188 2532 1243 τοιαῦτα
2561 1192 2810 1261 νοήματα
2840 1191 3252 1263 προϐαλλομένη
3285 1192 3469 1263 ψυχή;
3506 1195 3629 1255 Πῶς
3669 1194 3735 1247 δὲ

2143 1281 2245 1333 οὐκ
2270 1281 2334 1335 ἂν
2363 1281 2391 1333 ὁ
2422 1281 2722 1349 φιλάγαθος
2751 1282 2892 1352 ὑπὲρ
2923 1283 3153 1337 εὐωδίαν
3188 1283 3406 1337 ἅπασαν
3438 1286 3530 1337 καὶ
3551 1302 3734 1355 προσ-

2143 1371 2337 1439 φορὰν,
2372 1370 2470 1441 τὴν
2502 1371 2759 1442 τοιαύτην
2800 1373 3028 1443 γνώμην
3068 1374 3382 1443 προσήκατο
3414 1389 3430 1439 ;
3471 1373 3597 1437 Πῶς
3629 1374 3734 1444 οὐχ

2145 1462 2286 1534 ὐπέρ
2311 1463 2780 1533 ὼλοκαυτωμένην
2819 1463 3011 1518 θυσίαν
3049 1467 3116 1535 τῇ
3149 1464 3373 1538 τοιαύτῃ
3400 1466 3736 1519 κατένευσεν

2144 1554 2212 1609 ἂν
2236 1556 2440 1625 δεήσει,
2466 1556 2495 1608 δ
2524 1557 2670 1626 μάλα
2696 1559 2815 1621 ταῖς
2839 1556 3052 1628 ὁμοίαις
3074 1557 3335 1629 ἡδόμενος
3356 1558 3727 1631 δλοκληρίαιςς

2144 1647 2340 1700 Θυσιά
2371 1649 2479 1718 γὰρ
2500 1646 2582 1712 τῷ
2606 1645 2729 1713 Θεῷ
2754 1648 2992 1718 πνεῦμα
3017 1648 3553 1719 συντετριμμένον.

2214 1741 2454 1794 Τοιαῦτα
2484 1741 2552 1795 τά
2596 1741 2704 1795 τῶν
2728 1741 2951 1795 δικαίων
2990 1742 3442 1812 πλεονεκτήματα
3497 1744 3593 1797 καὶ
3640 1746 3733 1798 δι-

2076 1809 2116 1863 B
2144 1832 2427 1903 ηγήματω
2457 1825 2603 1885 οὗτοι
2634 1830 2744 1885 τῶν
2777 1832 2990 1903 ἀρετῶν
3021 1809 3513 1905 αὐτῶνοί-ιραιδροὶ
3541 1852 3729 1905 χαρα-

2141 1925 2363 1995 κτῆρες,
2396 1923 2495 1994 τὴν
2521 1924 2718 1995 εὐγενῆ
2741 1925 2840 1990 τῆς
2867 1924 3047 1996 ψυχῆς
3079 1926 3173 1979 καὶ
3194 1926 3589 1996 λαμπροτέραν
3618 1927 3735 1979 τῶν

2144 2012 2530 2083 προφανέντων
2585 2012 3014 2082 ἐναπήστραψαν
3043 2011 3377 2082 ὡραιότητα.
3427 2012 3573 2064 Ἔδει
3616 2011 3735 2082 γάρ

2138 2102 2202 2166 ἐξ
2231 2103 2608 2174 ὑπερεχούσης
2639 2103 2872 2172 ἐκλογῆς
2893 2142 2911 2170 ,
2952 2104 3051 2175 τὴν
3084 2105 3416 2175 ἀσύγκριτον
3440 2104 3505 2157 ἐν
3529 2121 3733 2173 γεννη-

2141 2198 2253 2258 τοῖς
2297 2194 2645 2266 παραχθῆναι
2694 2195 2924 2267 δωρεάν’
2959 2195 3065 2249 ἔδει
3104 2194 3163 2260 ἐξ
3192 2195 3440 2264 ἀφθόνων
3487 2196 3731 2266 ἀρετῶν,

2139 2288 2233 2342 τὸν
2282 2288 2583 2359 ὐπεράγιον
2629 2288 2927 2359 ἐπιϐρύσαι
2976 2288 3239 2341 πλοῦτον·
3298 2288 3407 2341 ἔδει
3460 2287 3733 2341 τοιούτων

2140 2381 2339 2447 πόνων,
2364 2380 2606 2435 τοιοῦτον
2630 2381 3066 2453 συγκομισθῆναι
3095 2381 3188 2434 τὸν
3213 2379 3444 2452 καρπόνο
3474 2380 3541 2432 ἐκ
3566 2379 3736 2451 ῥίζης

2139 2473 2414 2542 εὐγενοῦς,
2445 2474 2831 2541 εὐγενέστατον
2850 2473 3118 2543 ἐκφυῆναι
3144 2471 3391 2543 βλαστόψ
3426 2469 3486 2535 ἐξ
3512 2469 3735 2541 ἀγαθῆς

2136 2566 2359 2636 ὀσφύος,
2395 2565 2746 2635 ἀγαθώτατον
2768 2566 3099 2636 ἀναδοθῆναι
3136 2564 3343 2634 κλῆμα,
3379 2563 3440 2616 τὸ
3470 2561 3736 2625 ἀειθαλὲς

2137 2657 2234 2711 τοῦ
2264 2658 2450 2726 γένους
2484 2657 2914 2728 ἐγκαλλώπισμα
2934 2674 2949 2688 ο
2990 2656 3051 2710 τὺ
3082 2656 3182 2726 τῆς
3212 2656 3426 2725 φύσεως
3456 2652 3736 2725 ὡραιότα-

2137 2768 2229 2805 τον
2264 2750 2567 2821 βλάστημα·
2595 2749 2655 2803 τὸ
2686 2749 2936 2819 ὐψιγενές
2973 2748 3068 2803 τοῦ
3105 2747 3410 2819 μυστηρίου
3439 2745 3732 2814 στέλεχος,

2137 2843 2200 2908 ἐξ
2229 2836 2290 2897 οὗ
2320 2844 2380 2896 τὸ
2408 2843 2507 2914 τῆς
2533 2842 2830 2904 ἀθανασίας
2862 2840 3176 2910 ἀναδραμὸν
3206 2840 3398 2905 ἄνθος,
3429 2839 3527 2908 τὴν
3553 2837 3736 2891 ἀΐδιον

2137 2935 2452 2989 διέπνευσεν
2479 2932 2728 2986 εὐωδίαψ
2747 2926 2808 2986 οῦ
2830 2935 2857 2986 ό
2878 2931 3110 3003 καρπὸς,
3140 2931 3254 3001 ζωὴ
3284 2931 3379 2982 καὶ
3405 2926 3689 2999 ἀφθαρσία
3714 2967 3731 2993 ,

2139 3028 2237 3081 καὶ
2264 3025 2496 3097 διαμονή
2518 3029 2631 3090 τοῖς
2663 3004 2952 3096 μετέχουσι
2981 3024 3147 3077 πᾶσιν
3182 3020 3481 3091 ἐγγίνεται.

2217 3213 2496 3276 Τοιούτοις
2538 3212 2597 3265 δέ
2634 3211 2818 3274 πόνοις
2846 3209 2943 3263 καὶ
2968 3208 3152 3275 λόγοις
3180 3208 3211 3277 ἡ
3238 3205 3345 3259 τῶν
3372 3201 3600 3257 δικαίων
3629 3200 3735 3255 ἀν-

2145 3304 2419 3375 ηνεγμένη
2451 3301 2656 3372 δέησις,
2690 3297 3057 3378 χρηματισμῷ
3087 3298 3147 3351 τὺ
3165 3297 3341 3367 πέρας
3364 3296 3496 3362 παρ’
3532 3292 3734 3347 ἐκατέ-

2145 3413 2259 3468 ροις
2291 3392 2576 3465 λαμϐάνει.
2606 3391 2865 3461 Ἀγγελοι
2896 3392 3005 3462 γὰρ
3040 3388 3418 3458 ἐπιφανέντες
3458 3385 3518 3438 τό
3557 3401 3618 3437 τε
3646 3384 3736 3447 είς

2142 3489 2377 3556 ἐπήκοον
2407 3484 2725 3552 ἀνυσθῆναι,
2757 3482 2964 3536 καὶτὸν
2995 3480 3125 3551 παρ’
3153 3478 3342 3532 ἐλπίδα
3366 3478 3526 3529 τόκον
3556 3474 3734 3543 ἐκδή-

2144 3582 2334 3633 σεσθαι
2366 3578 2728 3647 κατεμήνυον.
2755 3574 3034 3643 Ἀγγελοι,
3066 3573 3162 3643 τῆς
3194 3571 3302 3626 τῶν
3352 3568 3603 3639 ἀγγέλων
3646 3585 3735 3621 τι-

2145 3670 2421 3741 μιωτέρας
2460 3666 2901 3735 εὐαγγελίζονται
2945 3667 3044 3735 τὴν
3079 3664 3298 3734 κύησιν·
3336 3660 3589 3729 ἄγγελοι,
3627 3659 3734 3729 τὴν

2142 3764 2244 3832 τῆς
2261 3760 2603 3831 στειρώσεως
2633 3758 3089 3829 προαναφωνοῦσι
3114 3755 3289 3818 λύσιν,
3319 3754 3414 3806 καὶ
3435 3752 3505 3805 δι’
3534 3751 3732 3819 αὐτῆς,

2143 3854 2205 3908 τὸ
2242 3852 2344 3923 τῆς
2386 3852 2657 3923 ἁμαρτίας
2702 3850 3027 3920 διακοπῆναι
3077 3844 3515 3917 προαγορεύουσι
3568 3841 3736 3913 μεσό-

2143 3961 2342 4015 τοιχον.
2398 3944 2693 4011 Ἄγγελοι,
2743 3941 2842 4011 τὴν
2881 3938 3012 4009 παρ’
3054 3933 3247 3991 ἐλπίδα
3298 3932 3582 4002 σύλληψιν,
3626 3929 3736 4000 τῆς

2145 4036 2399 4106 ὑπερφυῆ
2463 4035 2558 4088 καὶ
2619 4034 2930 4105 ἀπόρρητον
2981 4028 3459 4097 καινουργησάσης
3507 4024 3731 4093 κύησιν,

2146 4127 2615 4199 προοιμιάζονται.
2664 4124 2951 4192 ¹Ἄγγελοι,
2985 4121 3093 4175 τῶν
3127 4120 3337 4173 ὠδίνων
3365 4115 3733 4186 προτρέχουσι

2143 4220 2279 4290 τῆς,
2313 4219 2381 4272 δι’
2415 4212 2515 4289 ἧς,
2555 4218 2611 4270 at
2655 4216 2754 4279 τῆς
2778 4214 3127 4285 προμήτορος
3155 4208 3474 4280 ἐπαύθησαν
3498 4204 3732 4271 ὀδύναι,

463 4318 606 4374 iores
632 4322 1008 4372 cessaverunt.
1054 4311 1238 4368 Vincit
1274 4309 1739 4380 exspectationem
1766 4308 1884 4376 ejus
1916 4320 2041 4373 pro-

2146 4310 2299 4382 παρά
2328 4307 2655 4377 προσδοκίαν
2684 4308 2719 4377 ή
2765 4305 2987 4395 πρόοδος
3010 4344 3024 4369 ,
3055 4298 3124 4374 ἦς
3154 4299 3459 4395 παράδοξος
3494 4299 3527 4367 ἡ
3559 4296 3734 4367 τένηο

463 4403 675 4469 cessio,
726 4401 882 4471 cujus
925 4410 1008 4456 est
1042 4416 1181 4456 nova
1231 4398 1579 4467 insolensque
1620 4396 1927 4465 generatio.
1960 4396 2039 4449 Ex

2147 4420 2253 4465 σις.
2295 4401 2387 4466 Ἐξ
2418 4398 2742 4454 ἀνελπίστου
2775 4391 3070 4468 γεωργίας,
3105 4397 3139 4464 ὴ
3166 4393 3306 4463 ὑπὲρ
3340 4391 3549 4444 ἔννοιαν
3587 4404 3733 4457 καρ-

464 4495 740 4562 insperata
779 4505 958 4547 messe
980 4528 995 4555 ,
1024 4489 1198 4560 major
1224 4489 1461 4557 cogitatu
1490 4486 1859 4541 l'ructilicatio.
1894 4485 2041 4540 Prae-

2148 4491 2406 4562 ποφορίαν
2458 4487 2857 4559 προῦποφαίνει
2915 4484 3013 4556 τὴν
3055 4485 3155 4554 τῆς
3210 4482 3426 4551 φύσεως
3486 4494 3738 4532 καινοτο-

462 4585 705 4641 declarat
747 4591 956 4638 natura:
999 4582 1342 4637 novationem
1371 4618 1388 4645 ,
1436 4577 1747 4634 sterilitatis
1796 4587 2040 4647 egestas,

2147 4585 2297 4655 μίαν.
2328 4585 2363 4654 ή
2392 4584 2493 4654 τῆς
2526 4578 2866 4651 στειρώσεως
2900 4576 3107 4648 ἀπορία
3128 4591 3142 4606 ·
3179 4575 3275 4629 καὶ
3299 4576 3363 4644 τῇ
3390 4570 3696 4643 τικτομένῃ
3719 4608 3738 4633 ,

463 4685 735 4747 partuque
760 4673 985 4730 edenda;
1010 4673 1170 4744 proli,
1204 4674 1318 4739 ipsa
1363 4671 1479 4742 ejus
1512 4670 1767 4727 editionis
1795 4670 2006 4726 novitas
2026 4711 2041 4736 ,

2146 4674 2236 4728 τοῦ
2268 4673 2607 4727 καινοτατον·
2623 4669 2924 4741 μυστηρίου
2950 4667 3275 4737 τεκμήριον,
3304 4664 3373 4717 τά
3396 4662 3495 4733 τῆς
3521 4660 3739 4723 οἰκείας

465 4779 679 4823 summe
714 4764 839 4818 novi
872 4762 1203 4818 sacramenti
1241 4771 1624 4833 argumentum
1659 4760 1808 4816 facit.
1840 4760 1899 4815 lu
1930 4761 2041 4815 suis

2146 4766 2448 4832 ἀποτέξεως
2478 4765 2779 4834 παρέχεται
2811 4762 3134 4833 πράγματα.
3158 4759 3263 4835 ,Ἐν
3287 4759 3401 4820 τοῖς
3431 4754 3551 4808 καθ’
3590 4755 3729 4806 ἐαυ-

464 4860 613 4929 ipsa,
667 4855 938 4913 mirabilis
982 4867 1172 4927 partus
1236 4866 1385 4912 certa
1461 4858 1662 4911 indicia
1713 4856 1933 4925 accipit.
1985 4852 2041 4907 In

2146 4859 2263 4931 τὴν,
2301 4858 2368 4911 τὰ
2411 4855 2508 4910 τοῦ
2555 4856 2707 4920 ξένου
2747 4852 3172 4926 προϐεὗαιοῦται
3202 4848 3450 4905 τοκετοῦ.
3510 4848 3603 4901 Ἐν
3652 4847 3738 4918 τῷ

462 4963 751 5023 parentqu
789 4950 1079 5017 miraculo,
1100 4965 1358 5005 arcanum
1392 4950 1568 5018 magis
1589 4950 1820 5004 addiscit
1848 4957 2041 5019 myste-

2148 4951 2293 5006 κατά
2320 4950 2448 5014 τοὺς
2477 4949 2737 5011 τεκόντας
2768 4946 3007 5016 θαύματι
3030 4985 3045 5009 ,
3072 4944 3141 4997 τά
3160 4942 3253 4997 τοῦ
3286 4939 3738 5012 ἀποῤῥητοτέρου

466 5047 628 5102 rium.
666 5044 779 5101 Hoc
813 5047 1045 5117 quippe,
1091 5042 1332 5099 anterior
1376 5040 1523 5097 illius
1567 5041 1880 5110 przedicatio
1923 5050 2041 5107 est;

2150 5041 2462 5096 διδάσκεται
2515 5038 2813 5106 θαύματος.
2871 5037 3255 5108 Προκήρυγμα
3319 5032 3429 5103 γὰρ
3483 5029 3735 5095 ἐκείνου,

464 5154 674 5211 suaque
707 5143 882 5212 ipsum
916 5139 1252 5211 impletione,
1285 5135 1403 5205 ejus
1442 5134 1585 5206 quod
1620 5134 2043 5204 praedicabatur,

464 5243 673 5289 certum
708 5242 965 5287 eventum
1015 5229 1432 5302 prmunntiabat.
1468 5227 1589 5292 llic,
1626 5225 1853 5292 sterilis,
1886 5241 1915 5280 a
1951 5242 2047 5281 na-

465 5338 601 5383 tura
622 5326 859 5396 propriis
878 5324 1089 5394 repulsa
1113 5342 1129 5391 ;
1154 5323 1282 5390 illic,
1296 5322 1463 5393 Virgo
1482 5321 1773 5379 inviolabili
1793 5321 2049 5377 castitate

2145 5133 2324 5188 τοῦτο·
2363 5134 2458 5186 καὶ
2488 5126 2653 5185 δι’λῖιν
2682 5127 3006 5200 ἐπληροῦτο,
3037 5128 3097 5179 τὸ
3120 5123 3363 5192 ἀσφαλὲς
3390 5120 3486 5174 τοῦ
3517 5136 3735 5191 κηρυτ-

2146 5225 2374 5296 τομένου
2423 5221 2798 5292 προανεφώνει
2819 5238 2834 5252 ·
2901 5216 3169 5273 Ἐνταῦθα
3221 5217 3411 5286 στεῖρα
3460 5212 3571 5266 τῶν
3635 5213 3740 5283 τῆς

2148 5317 2365 5388 φύσεως
2404 5316 2548 5369 ίδίων
2597 5312 2945 5387 ἀπειργμένη
2973 5352 2987 5376 ,
3018 5311 3141 5379 ἐκεῖ¹
3181 5307 3459 5379 Παρθένος
3487 5308 3552 5376 τῇ
3606 5307 3741 5359 ἀσυ-

2147 5410 2298 5481 λήτῳ
2357 5408 2551 5479 ἁγνείᾳ
2613 5405 3019 5477 τετειχισμένη.
3093 5401 3362 5456 Ἐνταῦθα
3430 5399 3648 5471 χρόνιος
3710 5397 3740 5451 6

2148 5502 2345 5575 δεσμός
2361 5518 2376 5534 ·
2409 5503 2526 5556 ἐκεῖ
2549 5501 2816 5565 ἀθάνατος
2836 5500 2865 5552 ὁ
2882 5497 3170 5559 ἀνόθευτος
3185 5496 3407 5567 τρόπος.
3444 5489 3738 5555 Ἐνταῦθα,

2150 5595 2595 5668 κατορθωμάτων
2621 5594 2715 5650 καὶ⁸
2744 5592 3050 5665 προσευχῆς
3072 5591 3309 5663 καρπὸς,
3339 5590 3368 5642 ό
3395 5587 3556 5651 τόκος
3575 5600 3589 5614 ·
3623 5585 3741 5638 ἐκεῖ

466 5420 694 5474 tauriita.
731 5417 849 5483 Hic,
880 5419 1193 5472 diuturnum
1227 5417 1532 5483 vinculum;
1564 5416 1696 5481 illic,
1728 5412 2053 5469 immortalis

466 5510 739 5582 legitimus
788 5512 1000 5566 modus.
1038 5506 1158 5577 llic,
1192 5509 1509 5564 meritorum
1544 5523 1610 5564 ac
1657 5520 1877 5579 precum
1914 5505 2045 5561 t‘ru-
2079 5546 2086 5552 .

467 5613 588 5657 ctus
606 5645 620 5670 ,
647 5602 776 5669 illic,
803 5609 1022 5673 propter
1045 5602 1307 5671 majorem
1333 5600 1742 5671 comparatione
1764 5600 2040 5663 virtutem,

542 5758 586 5790 “
626 5758 773 5813 Psal.
808 5775 859 5823 ι,
896 5760 981 5814 l9.
