3948 6162
321 334 457 400 i397
516 330 519 333 ’

1126 342 1212 403 ΙΝ
1252 342 1356 404 SS.
1395 344 1747 404 DEIPARE
1785 343 2364 405 CONCEFTIONEM
2399 343 2499 403 ET
2537 343 2708 403 NAT.

3423 338 3558 401 i338

320 449 386 501 δι’
421 445 753 518 ἀσύγκριτον
795 444 994 517 ἀρετὴν
1036 447 1129 500 καὶ
1163 447 1610 518 ὑπερϐάλλουσαν
1653 448 1893 519 καθαρό-

2005 462 2059 501 uc
2104 447 2455 503 excellentem
2504 447 2833 517 puritatem,
2880 444 3280 514 inexplicabilis
3328 458 3561 503 novatur
3642 478 3645 479 ν

320 556 477 608 τητα,
497 540 529 609 ή
544 542 637 592 ἀνε
645 555 675 609 ρ
682 540 754 609 μή
764 554 947 601 νευτος
959 541 1363 608 καινοτομεῖται
1381 539 1482 609 κύη
1492 558 1594 602 σις.
1631 541 1896 594 Ἐνταῦθα

317 629 552 697 ἄγγελος
604 632 702 700 τῆς
761 629 872 682 τῶν
909 628 1115 681 ὠδίνων
1166 627 1487 699 λυτρὼσεως
1530 630 1711 701 κῆρυξ
1737 647 1750 662 ⁸
1781 633 1898 684 ἐκεῖ

318 720 681 793 ἀρχάγγελος,
698 721 796 790 τῆς
814 720 1129 792 ὑπερφυοῦς
1152 721 1465 792 συλλήψεως
1482 723 1893 795 εὐαγγελιστής.

404 809 472 863 Ἦ
507 810 565 862 δὲ
589 810 654 881 δὴ
693 810 800 864 τῶν
868 812 1149 881 παρόντων
1200 814 1536 882 εὐαγγελίων
1579 814 1893 884 ὑπόσχεσις,

317 894 669 970 τρανότερον
698 900 765 953 τὰ
810 901 933 953 κατ’
972 902 1192 974 ἐκείνην
1245 903 1675 976 προανεκήρυξε.
1702 907 1899 971 Adla-

319 993 572 1060 θήσεται
596 992 703 1062 γὰρ
726 991 875 1047 πᾶσι
891 993 976 1046 ,τὰ
1004 994 1107 1061 toi}
1132 995 1314 1048 τόκου
1337 1011 1473 1060 σου,
1500 997 1686 1065 φησὶν,
1705 999 1734 1049 ό
1768 1014 1899 1067 προ-

321 1080 546 1151 μηνύων
580 1084 645 1151 τῇ
686 1082 875 1153 Ἂννῃ.
910 1082 1293 1154 Λαληθήσεται
1317 1086 1411 1138 καὶ
1440 1085 1853 1157 κηρυχθήσεται
1877 1103 1892 1118 ⁸

317 1166 422 1222 οὐκ
458 1168 552 1222 ἐπὶ
588 1167 693 1237 γῆς
728 1170 909 1238 μόνον,
955 1170 1092 1223 ἀλλά
1120 1173 1214 1225 καὶ
1245 1173 1305 1225 ὲν
1360 1174 1610 1243 οὐρανοῖς
1635 1191 1648 1206 ⁸
1689 1177 1788 1228 οὐκ
1810 1176 1898 1229 ἐπ’

319 1259 692 1329 ἀνθρωπίναις
724 1260 936 1323 ἀκοαῖς,
977 1261 1116 1315 ἀλλὰ
1153 1265 1247 1316 καὶ
1281 1264 1454 1327 θείαις
1495 1266 1895 1337 ὲνηχηθήσεται

322 1351 566 1420 νοήσεσι,
594 1352 717 1403 τίνα
747 1351 812 1422 δὴ
837 1351 905 1405 τὰ
942 1352 1358 1423 λαληθησόμενα
1408 1356 1537 1425 περὶ⁸
1559 1354 1747 1421 αὐτοῦ.
1787 1357 1898 1411 Καὶ

322 1441 519 1494 σκόπει
550 1442 698 1504 ὅπως
723 1443 751 1495 ὁ
798 1442 963 1495 Δαὸὶδ
996 1442 1167 1496 ταῦτα
1221 1446 1678 1516 προανεφώνησεν
1704 1463 1715 1475 ·
1749 1448 1898 1511 ὅπως

318 1531 398 1592 ὡς
451 1532 752 1602 γενομένην
803 1530 902 1602 τῂν
938 1532 1047 1586 τῶν
1097 1533 1398 1603 μελλόντων
1454 1537 1898 1608 προανεκήρυξεν

318 1618 571 1686 ἔκϐασιν,
611 1622 708 1694 τὴν
737 1621 846 1675 τῶν
882 1624 1154 1694 ἐσομένων
1211 1626 1582 1697 ἀπαραίτητον
1609 1628 1893 1698 ἀλήθειαν,

317 1705 403 1775 τῷ
457 1708 807 1777 παρῳχηκότι
857 1709 1199 1780 διασημᾶνας
1243 1715 1441 1784 χρόνῳ.
1476 1715 1897 1786 Δεδοξασμένα

322 1795 461 1864 περὶ
510 1798 628 1851 σοῦ
672 1798 780 1868 γὰρ
812 1799 1103 1870 ἐλαλήθη,
1135 1804 1385 1878 ήὶπόλις
1429 1805 1536 1859 τοῦ
1571 1807 1740 1863 Θεοῦ.
1797 1812 1893 1862 Δε-

318 1888 629 1957 δοξασμένα
675 1888 816 1961 ὑπὲρ
859 1894 1041 1945 πᾶσαν
1097 1895 1467 1965 διηγουμένην
1508 1896 1690 1961 δόξαν.
1737 1899 1896 1955 Δεδο-

324 1977 574 2048 ξσὶσμένα
618 1982 738 2045 ταῖς
778 1984 1041 2037 ἀνωτάτω
1086 1985 1382 2055 δυνάμεσι·
1423 1991 1769 2060 τετιμημένα
1804 1993 1897 2046 καὶ

320 2070 559 2138 ποθητά,
597 2074 709 2138 τοῖς
734 2075 1058 2144 όμογενέσιν
1087 2078 1414 2151 ἀνθρὼποις’
1446 2076 1764 2153 ἐπιθυμητά
1795 2100 1897 2136 πα-

317 2161 617 2233 τριάρχαις
645 2180 662 2196 ⁸
731 2167 903 2221 σεπτά
959 2170 1368 2242 προπάτορσιν⁸
1429 2174 1761 2246 ἀνάγραπτα
1804 2177 1899 2230 καὶ

321 2251 566 2322 ζητητέα
596 2256 921 2324 προφήταις.
954 2259 1052 2311 Διά
1079 2258 1249 2312 ταῦτα
1285 2262 1437 2315 πᾶσα
1464 2263 1639 2327 κτίσις
1668 2265 1898 2337 εὐφραί-

321 2357 502 2395 νεται⁸
540 2343 751 2408 τούτοις
782 2347 1072 2415 ἀγγελικαὶ
1105 2351 1415 2421 συνήδονται
1447 2355 1703 2424 στρατιαί
1725 2372 1739 2386 ⁸
1774 2356 1901 2409 τού-

321 2448 440 2495 τοις
473 2431 501 2483 ό
554 2431 774 2503 σύμπας
806 2437 1159 2508 ὲνωραῒζεται
1198 2442 1403 2513 κόσμος
1424 2459 1437 2473 ⁸
1473 2444 1683 2509 τούτοις
1725 2447 1901 2518 σήμε-

329 2541 424 2594 ρον
449 2526 481 2596 ή
500 2528 746 2596 γηγενῶν
767 2531 1133 2599 ὲπαγάλλεται
1153 2533 1314 2603 φύσις
1330 2536 1500 2589 ταῦτα
1520 2536 1801 2609 δοξολογοῦ
1810 2557 1900 2607 σα,

323 2615 429 2685 τὴν
455 2618 769 2688 προεόρτιον
793 2621 915 2690 ἄγει
947 2623 1048 2693 τῆς
1085 2625 1348 2696 μεγίστης
1400 2630 1678 2699 σωτηρίας
1758 2650 1902 2688 παν-

323 2701 529 2773 ήγυριν
552 2707 571 2735 ⁸
599 2704 805 2778 ταύτην
836 2712 1373 2780 προπεριπτύσσεται
1393 2730 1407 2743 ⁸
1440 2715 1558 2787 τὴν,
1589 2718 1656 2772 δι’
1699 2714 1768 2792 ἧς
1804 2723 1905 2792 τῆς

323 2793 676 2865 τελειοτάτης
717 2797 1016 2870 τετύχηκεν
1053 2802 1448 2873 ἀγαλλιάσεως.
1483 2808 1657 2863 Τοῦτο
1697 2812 1803 2882 γὰρ
1841 2814 1904 2868 τὸ

325 2886 625 2979 γενέθλιον,
680 2890 781 2960 τὴν
839 2893 1011 2963 αὐτῆς
1057 2895 1416 2968 ἀναγὲννησιν
1456 2905 1901 2979 προανεφώνησε.

324 2976 524 3066 Τοῦτο,
556 2978 654 3049 τὴν
686 2982 750 3034 ἐκ
799 2982 1009 3055 πλάνης
1040 2980 1361 3057 ἀνάκλησιν,
1391 2991 1489 3044 καὶ⁸
1524 2976 1903 3066 παλαιότητος

329 3063 490 3131 αὖθις
540 3071 847 3127 ἀνάπλασιν
909 3076 1329 3150 προδιεκήρυξε.
1393 3082 1606 3150 Τοῦτο,
1656 3086 1756 3157 τὴν
1795 3063 1906 3155 τῆς

329 3160 610 3227 ἀγνωσία-ς
636 3164 805 3235 αὐτῆς
840 3168 1064 3234 ἀγονίαν
1101 3173 1198 3224 καὶ
1222 3173 1523 3243 ἀκαρπίαν,
1560 3177 1639 3239 είς
1673 3177 1907 3249 θεογνω-

1996 546 2308 606 εοιιοεριιιε.
2377 537 2497 602 Hic,
2571 536 2789 606 angelus
2828 536 3218 604 redemptionis
3289 540 3561 606 puerperii

1996 642 2212 696 praeco;
2266 628 2394 693 illic,
2425 625 2783 696 archangelus
2830 626 3161 680 admiranda:
3193 629 3562 697 conceptionis

1997 718 2208 773 faustus
2234 718 2479 773 nuntius.

2066 806 2236 862 Porro
2258 808 2604 877 praesentium
2628 807 2946 878 pollicitatio
2972 809 3281 863 nuntiorum
3305 847 3320 873 ,
3365 809 3564 865 clarius

1997 912 2117 966 qua:
2147 900 2212 951 ad
2243 897 2386 951 illam
2417 908 2666 967 spectant
2721 899 3127 968 praenuntiavit.
3167 898 3559 955 Prwdicabitur

1997 988 2162 1052 enim,
2227 989 2397 1058 inquit
2444 990 2778 1056 praenuntius
2828 990 3073 1061 angelus,
3119 991 3375 1044 universis
3441 999 3561 1045 tuus

1996 1089 2201 1149 partus.
2232 1079 2623 1134 l’raedicabitur
2651 1095 2714 1134 ac
2743 1080 3124 1147 celebrabitur,
3168 1098 3270 1136 nec
3326 1082 3377 1135 in
3417 1092 3560 1138 terra

1996 1170 2192 1233 solum,
2248 1186 2432 1226 verum
2473 1172 2635 1227 etiam
2672 1172 2724 1225 in
2758 1172 2913 1227 coriis
2943 1188 2959 1226 :
3002 1187 3102 1227 nec
3140 1176 3349 1227 tantum
3379 1174 3432 1229 in
3464 1190 3564 1229 au-

2000 1260 2146 1314 ribus
2186 1260 2480 1328 hominum,
2507 1261 2601 1316 sed
2630 1272 2683 1315 et
2703 1262 2900 1316 divinis
2925 1263 3262 1319 insonahitur
3286 1266 3564 1332 sensibus,

1997 1367 2242 1421 quaenam
2261 1351 2533 1406 sinttanta
2568 1352 2654 1406 illa
2674 1353 2742 1407 de
2764 1368 2829 1408 eo
2855 1354 3195 1423 praedicando
3225 1364 3406 1426 partu.
3433 1356 3564 1412 Per-

1997 1442 2143 1510 spice
2169 1456 2318 1505 vero,
2347 1451 2405 1495 ut
2447 1442 2561 1496 haec
2600 1441 2768 1498 David
2795 1443 3134 1512 praedixerit;
3167 1453 3227 1498 ut
3255 1445 3401 1500 velut
3427 1444 3560 1514 quid

1998 1543 2205 1600 gestum
2244 1533 2687 1602 prtenuntiavorit
2712 1533 3014 1588 futurorum
3050 1543 3326 1599 eventum,
3366 1534 3568 1589 infalli-

1998 1623 2157 1677 bilem
2189 1624 2490 1679 futurorum
2517 1626 2799 1682 veritatem
2832 1627 3108 1697 praeterito
3132 1636 3376 1699 tempore
3415 1629 3558 1683 desi-

1999 1729 2185 1784 gnans.
2216 1714 2458 1770 Gloriosa
2489 1718 2627 1771 enim
2655 1718 2795 1771 dicta
2810 1728 2940 1773 sunt
2966 1720 3029 1774 de
3049 1728 3118 1783 te,
3144 1720 3342 1790 inquit,
3380 1722 3563 1775 civitas

2000 1804 2095 1860 Dei
2118 1806 2180 1857 ".
2206 1804 2449 1861 Gloriosa
2467 1822 2628 1878 super
2643 1823 2881 1876 omnem,
2901 1824 3019 1881 quae
3037 1810 3288 1874 refertur,
3311 1812 3566 1881 gloriam.

1994 1896 2261 1961 Gloriosa,
2310 1898 2565 1969 supernis
2621 1900 2964 1955 virtutibus:
3025 1902 3201 1970 pretio
3263 1902 3449 1956 habita
3506 1917 3570 1957 ac

1995 1989 2197 2058 cupita.
2222 1991 2622 2060 congeneribus
2660 1991 2969 2046 hominibus
3010 2011 3024 2046 :
3061 1992 3442 2047 desiderabilia
3471 2008 3568 2063 pa-

1995 2074 2247 2131 triarchis
2283 2096 2297 2131 :
2335 2078 2641 2132 veneranda
2676 2079 2950 2146 prioribus
3001 2081 3242 2150 patrihus
3279 2099 3292 2135 :
3331 2083 3564 2150 perscri-

1996 2174 2084 2235 pta
2117 2180 2183 2221 ac
2211 2166 2524 2244 vestiganda
2559 2168 2855 2236 praphetis.
2914 2167 3142 2236 Propter
3170 2171 3284 2225 haec
3314 2171 3567 2229 laetantur

1998 2257 2246 2313 universa
2268 2266 2451 2311 creata
2485 2274 2499 2311 :
2527 2258 2867 2326 congaudent
2891 2259 2975 2313 his
2992 2261 3262 2315 exercitus
3288 2261 3517 2330 angelici
3551 2279 3566 2316 :

1997 2345 2083 2399 bis
2113 2360 2220 2399 una
2272 2345 2538 2412 gloriatur
2598 2347 2832 2403 mundus
2884 2349 3170 2405 universus
3230 2351 3363 2406 :bis
3410 2351 3573 2405 hodie

1999 2433 2236 2490 exsultat
2265 2436 2659 2506 terrigenarum
2692 2412 2913 2506 genus:
2948 2439 3061 2493 hrcc
3095 2438 3345 2507 laudans,
3381 2442 3584 2496 salutis

2000 2540 2249 2579 maxime:
2280 2526 2617 2594 pervigilium
2653 2529 2766 2599 agit
2799 2547 2814 2583 :
2845 2529 2949 2584 hoc
2973 2530 3306 2598 prmsalutat,
3336 2547 3444 2600 quo
3471 2532 3570 2586 ab-

2001 2613 2382 2672 solutissimam
2410 2618 2667 2686 consequi
2693 2620 2888 2672 meru‘it
2907 2618 3342 2673 exsultationem.
3363 2620 3572 2689 Quippe

2004 2706 2241 2763 natalitia
2278 2707 2392 2762 haec
2435 2708 2722 2762 humanam
2757 2711 3184 2778 praenuntiarunt
3209 2714 3573 2780 regeneratio-

1999 2812 2147 2865 nem.
2190 2798 2314 2853 [laec
2362 2799 2756 2853 revocationent
2804 2799 2872 2853 ab
2904 2815 3113 2865 errore,
3174 2815 3239 2855 ac
3283 2802 3568 2857 vetustatis

2000 2891 2235 2945 luturam
2269 2890 2662 2960 praesignarunt
2692 2890 3147 2945 instaurationem
3188 2908 3201 2945 :
3249 2892 3384 2954 ha-c,
3416 2893 3568 2960 igno-

1977 2978 2224 3056 grationis
2249 2986 2452 3035 nostra:
2478 2977 3013 3044 infecunditatemﬁn
3048 2981 3293 3036 scientiae
3326 2982 3421 3035 Dei
3455 2980 3572 3036 fru-

1990 3080 2132 3129 ctum
2165 3084 2541 3143 promoturam
2573 3075 2935 3129 ostenderunt
2960 3089 2977 3141 ;
3009 3074 3145 3139 haec,
3168 3073 3233 3127 ad
3256 3073 3572 3142 ingressum

1993 3165 2183 3235 gratiae
2243 3165 2348 3218 iter
2406 3164 2565 3219 nobis
2614 3164 2904 3232 fecerunt;
2940 3165 3075 3228 haec,
3136 3165 3335 3220 salutis
3390 3175 3587 3236 portas

331 3250 457 3313 σίας
484 3252 863 3324 καρποφορίαν
882 3257 1158 3313 ἐπιδοῦναι
1186 3263 1534 3333 προεμήνυσε
1561 3280 1575 3294 ⁸
1600 3265 1777 3330 τοῦτο.
1808 3268 1908 3334 τὰς

2005 3265 2478 3325 praeaperuerunt:
2525 3257 2664 3325 haec,
2708 3255 3150 3319 seeonciliationi
3220 3255 3579 3312 fundamenta

331 3338 474 3410 πρὸς
513 3342 615 3414 τὴν
666 3345 827 3417 χάριν
863 3348 998 3418 αὐτῇ
1043 3349 1375 3420 ὡδοποίησεν
1419 3354 1690 3423 είσόδουςο
1724 3361 1905 3427 τοῦτο,

327 3434 433 3495 τὰς
467 3434 565 3503 τῆς
592 3436 865 3507 σωτηρίας
900 3439 1075 3504 πύλας
1098 3443 1428 3513 προανέῳξε⁸
1459 3446 1641 3517 τοῦτο,
1659 3450 1743 3512 είς
1771 3467 1907 3505 κατ-

331 3522 578 3592 αλλαγὰς
618 3527 1002 3598 προτέθειταιο
1041 3531 1221 3599 τοῦτο,
1271 3536 1351 3598 είς
1395 3537 1673 3605 μεσιτείαν
1722 3539 1911 3609 παρεί-

329 3609 567 3680 ληπται⁸
601 3613 688 3667 διὰ
730 3610 907 3683 τοῦτο,
952 3617 1045 3673 νῦν
1084 3623 1134 3674 oi
1177 3621 1272 3674 τοῦ
1309 3621 1502 3691 γένους
1533 3626 1911 3699 παρρησιαζό-

335 3702 481 3775 μεθα
534 3707 871 3783 συμμέτοχοι
919 3728 934 3742 ⁸
1003 3711 1090 3766 διὰ
1139 3712 1337 3781 τοῦτο,
1411 3716 1510 3786 τῆς
1571 3718 1906 3788 οἰκειοτέρας

334 3794 746 3866 μετειλήφαμεν
774 3799 1022 3863 στάσεως
1042 3818 1056 3832 ⁸
1084 3802 1171 3855 διὰ
1224 3803 1323 3873 τὴν
1373 3805 1777 3876 ἀποκυηθείσαν
1806 3824 1907 3865 πα·-

333 3882 521 3951 στάδα,
554 3887 614 3939 ὲν
671 3887 748 3957 τῷ
805 3888 1065 3961 βασιλικῷ
1114 3893 1580 3965 κατελογίσθημεν
1624 3896 1905 3966 νυμφῶνι’

329 3971 420 4025 διὰ
448 3975 540 4027 τὸν
578 3976 673 4029 νῦν
712 3979 1060 4049 παραχθέντα
1112 3981 1497 4053 λαμπρότερόν
1529 4002 1587 4037 τε
1628 3985 1763 4056 ὁμοῦ
1818 3987 1909 4040 καὶ

331 4062 774 4139 εὖρυχωρότερον
803 4066 1050 4143 οὐρανὸν,
1071 4073 1169 4143 τὴν
1198 4074 1447 4144 οὐράνιον
1478 4078 1911 4148 ὲπεγραψάμεθα

286 4186 299 4198 ο
331 4151 613 4226 διαγωγήν
639 4174 654 4190 ⁸
674 4157 774 4235 Δδιὰ
795 4160 895 4228 τῆς
925 4162 1220 4229 συγγενοῦς
1251 4161 1521 4231 εὐλογίας,
1556 4166 1653 4236 τῆς
1675 4166 1907 4235 εὐαγγε-

332 4242 496 4314 λικῆς
522 4245 927 4317 ἑναπολαύομεν
949 4247 1252 4320 θυμηδίας.
1424 4247 1430 4255 ’

416 4334 560 4389 Ἀλλ’
585 4330 631 4389 ὧ
661 4339 758 4407 τῆς
782 4338 1065 4410 παρούσης
1090 4342 1182 4394 καὶ
1212 4340 1607 4415 τῆς’ὲσομένης
1635 4344 1906 4416 εὐφροσύ-

1987 3341 2147 3412 ’ῇεοιυ
2197 3339 2424 3394 fuerunt
2472 3359 2485 3394 :

2536 3341 2687 3407 haec,
2735 3343 2804 3397 ad
2854 3344 3247 3398 mediationem
3299 3349 3580 3409 assumpta

1991 3440 2120 3488 sunt
2159 3449 2175 3486 :
2216 3446 2319 3501 per
2347 3447 2412 3486 ea
2436 3447 2612 3497 nunc,
2645 3433 2743 3507 qui
2777 3434 3026 3506 ejusdem
3054 3448 3249 3490 sumus
3274 3430 3576 3503 participes

2008 3523 2244 3591 generis,
2273 3522 2522 3577 ﬁduciam
2573 3522 2835 3577 habemus
2867 3540 2881 3576 :
2920 3537 3016 3592 per
3048 3537 3134 3586 ea,
3191 3522 3577 3591 congruentia-

2011 3629 2123 3668 rem
2152 3614 2455 3683 recepimus
2486 3621 2687 3667 statum
2715 3632 2729 3668 :
2762 3627 2860 3683 per
2885 3614 3088 3668 editum
3120 3614 3224 3666 luci
3254 3613 3576 3676 thalamum,

2008 3705 2282 3777 regalibus
2309 3703 2512 3772 nuptiis
2539 3703 2751 3757 accensi
2791 3718 3016 3757 sumus:
3054 3718 3149 3772 per
3188 3703 3385 3757 coelum
3424 3703 3578 3767 illud,

2010 3796 2150 3866 quod
2176 3810 2320 3850 nunc
2349 3778 2683 3863 splendidius
2717 3793 2922 3862 pariter
2976 3808 3039 3847 ac
3096 3794 3350 3862 capacius
3375 3795 3579 3862 produ-

2011 3883 2153 3939 c'tum
2181 3884 2300 3951 fuit,
2327 3882 2605 3937 caelestem
2646 3881 2767 3934 vitae
2803 3880 3065 3935 rationem
3098 3882 3390 3935 ascivimus
3436 3899 3450 3935 :
3485 3896 3587 3951 per

1997 3985 2292 4063 ιιςοιζιιιιιειιῐι
2344 3973 2773 4030 benedictionem
2836 3973 3147 4043 evangelica
3213 3973 3453 4043 petimur
3492 3972 3582 4041 ju-

2013 4068 2303 4123 cunditate.

2083 4342 2160 4396 Tu
2193 4357 2319 4397 vero
2353 4340 2630 4411 praesentis
2658 4340 2861 4409 pariter
2882 4354 2947 4394 ac
2982 4339 3177 4394 futura:
3209 4338 3417 4394 laetitiae
3455 4352 3586 4394 con-

330 4443 434 4497 νης
460 4426 720 4499 πρόξενεί
751 4423 795 4483 ὧ
830 4430 924 4484 καὶ
950 4430 1264 4505 παρρησίας
1305 4434 1399 4487 καὶ
1431 4434 1597 4504 τιμῆς
1655 4434 1911 4504 σεμνολό-

2016 4436 2284 4499 ciliatrix;
2316 4434 2523 4488 ﬁduciae
2566 4431 3111 4503 totiusbonorisque
3169 4431 3468 4502 gloriatio;
3504 4441 3583 4495 tu,

329 4532 491 4589 γημα
518 4534 532 4548 ⁸
568 4522 631 4573 σὺ
662 4522 758 4590 τῆς
782 4522 921 4591 ὑπὲρ
943 4522 1052 4575 τῶν
1083 4524 1192 4577 σῶν
1231 4522 1597 4597 πανηγύρεων
1650 4514 1906 4596 εὐωχίας,

328 4609 433 4679 τὴν
479 4609 742 4665 ἀνωτάτω
789 4613 1111 4670 πανδαισίαν
1155 4616 1456 4687 ἀμείψαιο’
1514 4619 1579 4671 σὺ
1633 4617 1727 4671 τοῦ
1769 4619 1911 4691 ὑπὲρ

328 4699 444 4754 τῶν
472 4703 730 4757 τοιούτων
784 4704 1086 4776 προθύμου,
1138 4708 1233 4772 τὰς
1264 4700 1911 4780 μεγάλαςάντεισιρέροις

328 4792 539 4865 δωρεὰς
564 4791 842 4866 κόσμησον
864 4799 939 4862 ὡς
961 4802 1025 4872 τῇ
1070 4799 1323 4872 αἰσθητῇ,
1355 4801 1448 4854 καὶ
1480 4804 1545 4871 τῇ
1576 4803 1738 4873 νοητῇ
1769 4819 1912 4871 φαι-

327 4884 573 4956 δρότητι,
637 4888 738 4958 τὴν
790 4889 1072 4961 παροῦσαν
1128 4892 1440 4962 ὁμήγυριν⁸
1498 4890 1767 4963 ρύθμισον
1811 4892 1933 4963 τὴν“

330 4978 857 5050 συγκεκροτημένην
885 4980 1172 5053 θειοτέρως
1200 4982 1560 5053 χοροστασίαν
1585 4999 1598 5013 ⁸
1645 4981 1912 5053 ὲνήχησον

328 5067 471 5137 αὐτῇ
511 5068 849 5138 ἐναρμόνιον,
885 5071 983 5141 καὶ
999 5071 1095 5141 τῆς
1123 5071 1230 5123 τῶν
1260 5071 1626 5141 ἑορταζόντων
1653 5072 1710 5123 ἐν
1740 5070 1907 5141 ούρα-

326 5158 442 5219 νοῖς
483 5159 860 5226 ἀγαλλιάσεως
919 5161 1115 5230 μέλος·
1173 5160 1321 5214 ἔπιδε
1364 5162 1499 5231 πρὸς
1537 5161 1636 5232 τὴν
1678 5162 1909 5214 ἑκάστου

326 5247 602 5301 διάνοιανο
643 5249 836 5303 ἐτασον
881 5253 944 5305 τὸ
996 5253 1088 5305 τοῦ
1144 5252 1311 5305 πόθου
1369 5252 1653 5323 διάπυρον,
1708 5254 1804 5306 καὶ
1835 5253 1912 5324 τῷ

325 5340 581 5407 ὲτάζοντι
627 5342 697 5396 τὰ
747 5342 841 5396 τοῖ
874 5344 1180 5408 συνειδότος
1234 5345 1473 5416 ἄρρητα,
1528 5342 1913 5408 καθυπόδειξον

323 5432 489 5486 τοῦτο
542 5435 824 5508 Δεσπότῃ·
881 5438 1159 5513 πρότεινον
1225 5436 1295 5490 τὰ
1343 5436 1445 5506 τῆς
1482 5436 1776 5500 διαθέσεως
1834 5435 1912 5506 τῷ

317 5526 888 5598 ,ἀνακεκαλυμμένως
921 5529 1225 5601 καθορῶντι
1259 5528 1328 5584 τὰ
1362 5528 1595 5602 κρύφια.
1642 5523 1764 5583 Εἶδε
1801 5529 1904 5598 μὲν

405 5704 453 5738 ¹³
493 5702 643 5761 Psal.
668 5694 892 5771 totum,
913 5704 966 5758 ὖ.

2014 4531 2255 4598 inquam,
2294 4543 2391 4597 pro
2432 4536 2642 4580 tuarum
2675 4525 2922 4579 convivio
2955 4524 3355 4587 celebritatum,
3392 4538 3584 4593 super-

2017 4635 2114 4672 nas
2146 4615 2456 4687 rependeris
2507 4615 2730 4685 epulas;
2769 4624 3121 4685 nostramque
3156 4613 3300 4668 illam
3335 4629 3432 4685 pro
3461 4624 3586 4669 tan-

2014 4710 2084 4765 tis
2126 4710 2232 4763 tuis
2282 4706 2519 4771 dotibus,
2564 4707 2924 4773 alacritatem,
2963 4710 3180 4778 magnis
3219 4706 3584 4763 cumulaveris

2016 4797 2529 4855 muneribus.,0rna
2570 4806 2888 4866 praesentem
2920 4809 3269 4864 conventum,
3306 4801 3383 4853 uti
3414 4799 3584 4853 sensi-

2014 4885 2129 4950 bili,
2165 4885 2237 4939 ita
2265 4894 2318 4940 et
2346 4886 2571 4955 spiritali
2597 4886 2779 4941 laetitia
2810 4904 2825 4941 :
2861 4903 3127 4958 compone
3153 4902 3397 4942 coactam
3436 4887 3575 4940 divi—

2015 4977 2163 5031 nitus
2203 4977 2456 5031 choreum
2513 4997 2526 5033 :
2576 4980 2624 5034 ei
2684 4981 2871 5034 iusona
2935 4983 3259 5036 coocinuum
3300 4979 3487 5043 melos,
3519 4995 3585 5035 ac

2015 5066 2389 5120 exsultationis
2423 5082 2635 5132 eorum,
2664 5070 2754 5137 qui
2814 5072 2866 5123 in
2924 5070 3076 5124 caelis
3126 5067 3414 5138 epulantur
3452 5086 3464 5121 :
3502 5084 3601 5123 re-

2014 5158 2162 5227 apice
2194 5158 2247 5211 in
2291 5157 2548 5228 cujusque
2576 5170 2842 5224 mentem;
2878 5171 3123 5214 scrutare
3162 5174 3450 5213 accensum
3494 5161 3588 5213 de-

2014 5240 2293 5313 siderium,
2350 5249 2590 5318 illudque
2642 5250 2907 5304 scrutanti
2959 5252 3307 5305 conscientia:
3358 5265 3579 5313 arcana,

2013 5340 2206 5394 blande
2228 5338 2492 5394 ostende:
2551 5338 2599 5392 ei
2631 5337 2968 5395 aﬂ‘cctinnem
3031 5340 3187 5409 «iter,
3238 5341 3330 5410 qui
3373 5341 3593 5396 Occulta

2014 5432 2302 5487 manifeste
2349 5432 2514 5485 videt.
2544 5428 2706 5485 Plane
2736 5431 2902 5493 videt,
2947 5431 3023 5484 uti
3059 5432 3306 5500 cognitor
3339 5430 3589 5485 invisibi-

2013 5529 2145 5584 lium
2208 5527 2473 5597 omnium,
2532 5534 2696 5596 atque
2742 5535 2955 5581 tuorum
3013 5524 3067 5580 in
3118 5535 3168 5580 te
3222 5523 3582 5594 laudatorum,
