3948 6162
405 273 541 337 1399

1539 291 1861 354 GEORGII
1899 295 2498 364 NICOMEDIENSIS

3542 314 3686 383 1400

402 397 625 455 propter
644 401 705 445 se
738 389 870 459 ipse,
910 391 1240 449 desiderium
1267 409 1607 467 perspectum
1640 404 1803 461 habet
1831 426 1844 462 :
1875 410 1985 463 vult

2094 409 2163 474 ὡς
2195 409 2304 464 τῶν
2333 410 2581 468 ἀθεάτων
2613 414 2834 473 ἅπαντα
2879 419 3150 493 γνὼστης,
3184 424 3279 479 τόν
3307 441 3365 480 τε
3399 427 3469 480 δι’
3516 430 3687 485 αὑτὸν

403 478 780 544 nihilominus,
822 480 987 551 idque
1045 484 1357 553 impensiori
1408 489 1671 557 bonitate,
1724 506 1782 550 ut
1818 498 1982 552 etiam

402 584 499 636 per
543 579 819 628 maternas
873 574 1320 645 supplicationes,
1370 593 1434 634 ea
1487 590 1543 637 et
1584 583 1902 657 oderantur,
1934 599 1986 646 et

402 663 749 733 impleantur.
789 665 915 724 Haec
942 671 1161 742 quippe,
1199 683 1288 729 tua
1319 677 1385 731 ad
1426 693 1574 745 eum,
1602 694 1665 734 ac
1693 692 1878 736 nostra
1916 684 1983 739 ad

403 765 453 809 te
481 755 734 827 gloriatio
762 769 843 815 est
876 780 889 816 :
930 762 1057 831 hoc,
1094 766 1215 835 eius
1241 782 1338 838 per
1373 778 1425 825 te
1448 772 1704 828 exhibita:
1746 773 1985 830 clemen-

403 848 490 903 tiae
514 852 808 916 specimen.
847 853 955 925 Spe
981 856 1246 928 subvecti,
1270 875 1431 930 quam
1459 879 1522 917 ea
1556 863 1705 931 facit,
1742 877 1984 923 nostram

402 941 734 1033 despicimus
801 946 1211 1020 abjectionem;
1275 954 1533 1011 humilem
1601 965 1985 1033 terrenamque

324 1037 331 1045 ·
382 1032 553 1088 ςοὺιίιί
590 1040 1067 1095 consuetudinem.
1109 1041 1247 1099 Hinc
1294 1061 1323 1101 a
1376 1048 1609 1106 terrenis
1667 1032 1980 1125 assurgere,

401 1131 566 1192 atque
601 1125 653 1180 in
699 1127 896 1183 cmlutn
949 1135 1281 1190 contendere
1330 1137 1576 1194 nitimur.
1622 1138 1760 1197 Hinc
1824 1145 1985 1200 nobis

399 1226 550 1270 certa
606 1217 871 1274 bonorum
927 1224 1289 1293 repositorum
1339 1243 1465 1299 spes
1516 1231 1735 1304 aﬂ‘ulget
1787 1252 1802 1292 :
1857 1236 1985 1293 hinc

400 1317 725 1364 aeternorum
761 1325 993 1384 surgunt
1036 1321 1501 1389 exspectationes.
1533 1321 1803 1382 illustrem
1846 1328 1985 1384 hanc

399 1401 749 1475 divinamque
783 1404 1138 1465 festivitatem
1190 1415 1566 1472 amantissime
1617 1417 1984 1487 celebrantes,

401 1496 653 1551 universa
677 1498 732 1553 in
772 1515 925 1555 suam
953 1503 1259 1573 providenti
1291 1506 1545 1576 gloriam,
1568 1496 1986 1583 maternamque

400 1585 800 1654 gloriationem,
837 1607 901 1647 ac
942 1595 1182 1650 salutare
1229 1598 1599 1668 subjectorum
1636 1601 1823 1669 decus,
1862 1619 1984 1674 gra-

402 1677 510 1732 tias
558 1681 952 1753 submittimus,
985 1685 1202 1742 Christo
1238 1687 1507 1745 bonorum
1537 1694 1747 1748 auctori
1776 1709 1841 1750 ac
1871 1694 1984 1749 lar-

2086 502 2167 565 είς
2206 502 2267 556 σὲ
2295 504 2405 557 τῶν
2458 506 2774 577 ὑμνολόγων
2811 517 3070 568 κατανοεῖ
3092 515 3256 570 πόθον
3277 532 3294 548 ο
3330 517 3587 589 βούλεται
3622 522 3687 576 δὲ

2087 595 2183 647 καὶ
2213 594 2335 648 λίαν
2368 596 2796 670 ἀγαθοπρεπῶς,
2820 605 2914 657 καὶ
2938 605 3028 659 διὰ
3056 608 3327 679 μητρῴων
3354 612 3685 680 ἐντεύξεων,

2086 688 2181 740 καὶ
2215 690 2596 760 προτείνεσθαι
2622 694 2797 750 ταῦτα
2828 701 2926 751 καὶ
2983 700 3466 773 ἀποπληροῦσθαι.
3504 706 3685 760 Τοῦτο

2086 779 2197 851 γὰρ
2228 781 2290 835 τὸ
2310 782 2449 852 πρὸς
2478 785 2642 841 αὐτὸν
2665 789 2761 842 σοῦ
2790 790 2885 844 καὶ¹
2914 792 3095 862 ἡμῶν,
3123 796 3203 859 είς
3238 797 3298 849 σὲ
3325 798 3682 865 ἐγκαλλὼπι-

2088 887 2201 940 σμα
2229 888 2244 902 ·
2275 872 2433 927 τοῦτό
2464 893 2547 943 τε,
2582 877 2872 950 γνώρισμα
2899 883 3002 952 τῆς
3045 884 3136 939 διὰ
3172 886 3265 940 σοῦ
3295 891 3687 962 γεγενημένης

2085 962 2251 1017 αὐτοῦ
2291 965 2724 1038 φιλανθρωπίας.
2789 973 3006 1044 Ταύτης
3055 980 3177 1041 ταῖς
3232 979 3413 1033 ἐλπίσι
3471 999 3682 1038 συναν-

2087 1052 2405 1124 υψοὺμενοι,
2433 1060 2532 1130 τῆς
2543 1063 2755 1127 οἰκείας
2779 1068 3237 1139 καταφρονοῦμεν
3257 1073 3681 1143 ταπεινότητος,

2083 1144 2184 1215 τῆς
2207 1149 2569 1219 χαμαιζήλου,
2612 1152 2708 1207 καὶ
2736 1154 2972 1223 γεώδους
3026 1161 3515 1234 ἐπιλανθανόμενοι
3553 1165 3683 1219 δια-

2084 1237 2307 1308 γωγῆςο
2331 1241 2603 1306 ἐντεῦθεν,
2660 1244 2769 1298 τῶν
2816 1247 2916 1318 τῆς
2947 1249 3052 1318 γῆς
3102 1252 3375 1322 ἐπαίρειν,
3410 1254 3506 1306 καὶ
3539 1254 3685 1324 πρὸς

2084 1328 2313 1400 οὐρανὸν
2339 1331 2663 1402 ἐπείγεσθαι
2704 1337 3153 1411 προθυμούμεθα.
3200 1343 3483 1398 Ἐντεῦθεν
3518 1347 3680 1416 ἡμῖν,

2085 1421 2140 1473 αἱ
2171 1421 2522 1491 ἀδιάψευστοι
2559 1426 2667 1479 τῶν
2723 1429 3105 1503 ἀποκειμένων
3135 1422 3359 1503 ἀγαθῶν
3412 1437 3638 1502 ἐλπίδες
3663 1457 3681 1471 ο

2085 1510 2336 1565 ἐντεῦθεν
2366 1514 2423 1566 αἱ
2460 1515 2570 1570 τῶν
2597 1510 2832 1575 αἰωνίων
2868 1523 3212 1594 προσδοκίαι.
3254 1528 3352 1581 Διὰ
3380 1528 3565 1592 τοῦτο,
3594 1547 3685 1597 φι-

2084 1603 2360 1676 λοφρόνως
2423 1608 2522 1680 τὴν
2555 1609 2796 1682 εὔσημον
2835 1615 2932 1668 καὶ
2967 1616 3119 1672 θείαν
3171 1619 3383 1691 ταύτην
3444 1622 3684 1690 ἄγοντες

2085 1695 2301 1767 ἑορτὴν,
2336 1696 2414 1769 τῷ
2441 1701 2522 1763 είς
2542 1703 2751 1757 οἰκείαν
2778 1705 2994 1761 ἅπαντα
3026 1712 3459 1781 προνοησαμένῳ
3491 1711 3680 1777 δόξαν,

398 1770 559 1838 gitori
586 1789 602 1826 :
633 1772 805 1843 ipsum
842 1776 1043 1846 quippe
1067 1779 1223 1833 decet
1277 1782 1475 1848 honor,
1506 1792 1671 1853 atque
1708 1784 1979 1855 adoratio,

2094 1765 2168 1849 ειξ
2190 1765 2460 1859 μήτριιιόν
2480 1809 2541 1845 τε
2560 1793 2845 1867 καύχημα,
2869 1798 2965 1852 καὶ
2992 1765 3268 1872 σωτήριον
3288 1765 3397 1856 τὶῶν

397 1874 462 1914 ac
492 1860 756 1931 laudatio,
792 1881 915 1920 cum
952 1866 1135 1936 Patre,
1169 1885 1236 1924 ac
1269 1871 1477 1941 Spiritu
1512 1883 1726 1942 sancto,
1757 1891 1902 1932 nunc
1923 1887 1979 1934 et

396 1965 635 2021 semper,
671 1962 727 2009 et
755 1955 807 2008 in
840 1955 1035 2011 saecula
1059 1958 1406 2027 saeculorum,
1446 1961 1638 2016 Amen.

2084 1877 2535 1953 ἐγκαλλώπισμα,
2585 1884 2687 1956 τὴν
2734 1887 3084 1959 εὐχαριστίαν
3119 1890 3519 1962 ἀναπέμπομεν
3551 1890 3682 1964 [ἄλ.

2084 1968 2503 2048 ἀναφέρομενῙ,
2540 1974 2765 2050 Χριστῷ
2810 1979 2890 2049 τῷ
2942 1981 3053 2035 τῶν
3099 1983 3322 2052 ἀγαθῶν
3366 1985 3529 2055 αἰτίῳ
3584 1984 3684 2038 καὶ

396 2042 659 2148 παρὸχῳαο
689 2046 950 2148 art-abet?)
978 2050 1182 2148 πρέπει
1233 2053 1389 2148 τιμὴ,
1441 2054 1537 2107 καὶ
1578 2055 1975 2127 προσκύνησις,
2015 2058 2110 2114 καὶ
2170 2042 2471 2136 δοξολογίαξ
2502 2042 2607 2125 σὺν
2665 2042 2969 2146 stillaret,
3022 2074 3120 2129 καὶ
3147 2042 3254 2148 ’τῷ
3297 2078 3442 2148 ἁγίῳ
3497 2042 3681 2132 ξινεῦ-

399 2152 551 2206 ματι,
583 2138 677 2193 νῦν
713 2140 807 2194 καὶ
828 2142 936 2207 ἀεὶ,
968 2145 1061 2196 καὶ
1092 2145 1172 2206 εἰς
1199 2146 1325 2212 τοὺς
1352 2147 1555 2212 αἰῶνας
1591 2150 1700 2204 τῶν
1726 2150 1938 2207 αίὼνων
1959 2193 1974 2207 .
2029 2154 2222 2231 Ἀμήν.

1754 2377 2014 2436 ORATIO
2058 2380 2129 2440 tv
2167 2381 2327 2458 (13').

1359 2515 1429 2571 In
1462 2521 1846 2587 conceptionem
1885 2525 2231 2583 sanctissimae
2261 2527 2361 2584 Dei
2399 2528 2704 2589 Genilricis.

468 2669 512 2726 ι.
552 2669 732 2726 Suave
779 2669 998 2739 quidem
1048 2679 1133 2725 est
1185 2672 1470 2740 praesentis
1515 2674 1674 2744 hujus
1720 2676 1854 2731 laetae
1887 2692 1979 2731 so-

397 2763 696 2823 lemnitatis
758 2776 976 2817 nomen.
1029 2761 1100 2816 At
1158 2763 1379 2820 suavius
1423 2774 1508 2821 est
1548 2766 1692 2821 illius
1742 2769 1980 2826 rationes

401 2870 653 2911 sermone
690 2863 979 2922 retexere;
1026 2868 1164 2923 quas
1194 2855 1391 2910 iterato
1425 2857 1738 2914 evolventes
1773 2870 1828 2914 et
1856 2874 1985 2929 gra-

402 2949 623 3006 tabundi
645 2956 1001 3017 exponentes,
1024 2962 1163 3002 novo
1186 2963 1287 3003 nos
1312 2949 1611 3004 dulcedinis
1647 2951 1986 3008 incremento

2078 2680 2423 2749 oboriuntur,
2458 2685 2645 2741 satiari
2671 2696 2850 2758 potest
2879 2690 3117 2759 animus,
3144 2692 3300 2763 cujus
3323 2694 3676 2753 demonstra-

2082 2771 2282 2826 tionem
2316 2773 2383 2827 ad
2416 2788 2657 2844 ea,.quae
2691 2787 2809 2833 acta
2844 2788 2973 2834 sunt
3027 2791 3148 2851 post
3206 2784 3473 2840 redditum
3500 2788 3675 2855 justis

2064 2862 2191 2918 illis
2214 2862 2459 2921 Joachim
2490 2877 2545 2922 et
2567 2870 2739 2933 Anna:
2761 2871 3005 2927 divinum
3034 2875 3341 2940 oraculum,
3368 2877 3672 2946 rejieimus.

2087 2953 2164 3008 Eo
2199 2956 2343 3010 enim
2394 2972 2567 3028 usque
2600 2960 2963 3029 producentes
2995 2978 3324 3029 sermonem,
3360 2976 3414 3021 et
3445 2968 3674 3022 uberem

398 3057 734 3106 recreamur,
778 3049 832 3095 et
867 3040 1221 3110 splendidiori
1257 3057 1390 3096 sane
1422 3043 1782 3112 ampliorique
1815 3046 1983 3099 volu-
2011 3078 2054 3137 ο
2088 3046 2303 3116 cepiam
2339 3063 2438 3118 per
2470 3049 2621 3105 illum
2652 3063 3064 3119 coacervantes,
3111 3054 3475 3111 insatiabilem
3513 3059 3675 3125 cupi-

398 3144 549 3206 ptate
613 3135 1014 3205 perfunditnur.
1082 3135 1215 3191 Cum
1259 3137 1410 3190 enim
1471 3138 1523 3191 in
1584 3136 1848 3202 ejusmodi
1907 3138 1985 3193 rei

402 3236 638 3281 tractatu
671 3225 852 3282 verbis
875 3226 1253 3290 immoramur,
1283 3237 1512 3297 augetur
1539 3229 1782 3283 suavitas
1815 3229 1983 3283 itera-

403 3320 550 3374 tione
624 3320 932 3386 sermonis;
999 3329 1054 3375 et
1123 3321 1577 3389 quemadmodum
1649 3299 1987 3391 qtta'cunque

402 3412 605 3465 olentia
658 3413 1018 3465 innascuntur
1065 3413 1333 3481 germina,
1377 3411 1505 3466 licet
1553 3427 1650 3480 per
1696 3428 1755 3467 se
1802 3415 1986 3469 odoris

404 3506 636 3559 habeant
693 3502 1089 3574 ﬂagrantiam,
1140 3512 1475 3558 contrectata
1527 3514 1703 3559 tamen
1750 3515 1802 3560 et
1835 3520 1986 3561 com—

402 3612 590 3665 pressa
657 3596 955 3668 jucundum
1022 3596 1228 3667 magis,
1302 3598 1586 3667 magisque
1652 3597 1985 3667 fragrantem

403 3691 688 3760 exspirant
737 3691 994 3756 odorem;
1026 3690 1102 3744 ita
1132 3699 1185 3743 et
1216 3688 1450 3745 celebris
1484 3682 1600 3744 ista
1649 3691 1984 3756 Solemnitas,

401 3792 803 3854 unguentorum
837 3787 1027 3855 gratiae
1059 3781 1257 3838 referta
1304 3782 1493 3848 odore,
1527 3780 1985 3852 iucundissimam

402 3877 591 3945 utique
621 3891 854 3945 eantque
890 3875 1115 3930 minime
1151 3874 1385 3928 fucatam
1443 3889 1625 3929 secum
1656 3874 1829 3929 defert
1860 3890 1988 3930 sua-

407 3969 633 4024 vitalem
674 3969 996 4038 :praeconio
1073 3976 1252 4022 tamen
1308 3968 1615 4033 celebrata,
1690 3967 1990 4047 faustisque

403 4061 786 4116 commendata
816 4059 1323 4123 acclamationibus,
1361 4074 1427 4113 ac
1460 4059 1640 4113 verbis
1666 4058 1827 4113 veluti
1855 4075 1987 4114 con-

409 4162 661 4216 trectata,
714 4153 888 4222 magis
923 4166 1045 4205 eam
1080 4150 1227 4206 eﬂlat
1258 4167 1410 4215 sane,
1462 4149 1817 4219 eil'unditqoe,
1854 4150 1989 4205 odo-

405 4256 635 4312 rataque
658 4258 933 4314 nunquam
978 4255 1312 4298 evanescunt
1344 4242 1671 4313 cognitionis
1692 4250 1986 4311 unguenta;

404 4334 603 4404 quibus
654 4349 782 4390 vero
851 4323 1091 4405 penitius
1149 4335 1265 4404 ejus
1334 4343 1617 4405 perspecta
1678 4332 1737 4386 ﬁt
1801 4333 1987 4397 notio,

2089 3134 2317 3191 ditatem
2368 3138 2646 3193 moderata
2690 3141 3091 3211 compositione
3132 3140 3484 3208 distulimus;
3526 3159 3679 3199 nunc

2093 3240 2226 3280 vero
2261 3227 2352 3281 illo
2383 3229 2692 3297 posthabito
2726 3245 2954 3286 necesse
3001 3240 3087 3285 est
3122 3233 3441 3285 thesaurum
3491 3232 3679 3302 ipsum

2089 3330 2405 3389 comparate
2441 3322 2842 3390 aggredientes,
2873 3322 2960 3376 his
2988 3322 3080 3391 qui
3121 3336 3448 3387 convenere,
3472 3321 3679 3392 jucun-

2090 3408 2373 3465 dissimam
2407 3412 2719 3468 traditionis
2747 3423 2956 3482 partem
2989 3428 3283 3488 exponere.

2164 3502 2228 3556 Il.
2270 3502 2407 3558 Cum
2477 3505 2641 3574 igitur
2709 3507 3045 3562 sanctissimi
3107 3507 3353 3564 Joachim
3410 3517 3468 3561 et
3516 3509 3678 3562 Anna

2089 3595 2354 3667 ejusmodi
2379 3600 2724 3666 sponsionem
2748 3599 3015 3669 praeconis
3034 3614 3167 3656 voce
3190 3601 3427 3656 delatam
3454 3600 3684 3656 minime

2091 3703 2317 3760 prorsus
2350 3687 2737 3756 baasitabundi,
2773 3691 2906 3760 quin
2955 3692 3403 3747 constantissima
3463 3702 3677 3755 mente,

2090 3780 2317 3851 perinde
2363 3795 2428 3835 ac
2473 3795 2530 3835 re
2568 3781 2680 3850 jam
2723 3783 2991 3851 completa
3056 3785 3460 3853 suscepissent,
3508 3785 3680 3839 letum

2091 3870 2458 3941 excepissent,
2488 3873 2736 3942 protinus
2773 3873 2864 3928 ille
2892 3873 3111 3944 quidem
3137 3889 3350 3943 preces,
3379 3861 3673 3941 stationes,

2091 3972 2403 4033 nuncupata
2476 3976 2637 4032 vota,
2712 3966 3116 4041 propitiationis
3199 3968 3675 4033 holocautomata,

2093 4055 2560 4126 acceptabilesque
2603 4057 2826 4111 instruit
2860 4058 3092 4113 hostias.
3149 4057 3269 4128 Ipsa
3310 4074 3441 4113 vero
3478 4073 3681 4113 munus

2092 4148 2206 4204 suis
2251 4148 2601 4216 impetratum
2653 4149 2908 4219 precibus
2954 4164 3015 4204 se
3064 4148 3174 4205 Deo
3220 4149 3566 4213 oblaturam,
3614 4166 3684 4205 ac

2094 4239 2381 4295 sacratiori
2439 4240 2760 4296 holocausto
2805 4251 3250 4295 consecraturam
3280 4241 3592 4312 pollicetur.
3634 4240 3681 4295 Ο

2090 4330 2365 4402 iustorum
2428 4331 2619 4386 fidch
2662 4332 2708 4389 Ο
2759 4332 3255 4401 exploratissimam
3308 4345 3502 4402 spem,
3560 4347 3687 4402 quae

407 4427 719 4483 uberiorem
764 4426 976 4496 spirant
1025 4424 1317 4481 suavitatis
1361 4426 1603 4480 odorem.
1639 4423 1773 4478 Cum
1808 4425 1991 4494 itaque
2023 4418 2067 4474 D
2097 4432 2357 4492 cognatas
2391 4434 2600 4478 natura:
2646 4424 2787 4479 vires
2830 4423 3126 4493 superanti
3159 4420 3204 4478 Ο
3237 4437 3321 4479 res
3357 4423 3493 4477 nulli
3530 4437 3687 4476 com-

403 4521 518 4590 jugi
554 4520 631 4573 rei
671 4518 1048 4583 meditatione,
1087 4518 1394 4587 iterataque
1427 4517 1789 4587 explicatione
1819 4517 1993 4573 dulcis

408 4615 525 4665 haec
560 4611 827 4679 spiritalis
861 4611 1113 4682 voluptas
1148 4610 1328 4680 majus
1359 4619 1539 4665 sumat
1573 4610 1993 4674 incrementum,

411 4700 697 4774 magisque
747 4704 873 4759 inde
924 4704 1139 4759 animus
1192 4704 1529 4769 oblectetur;
1591 4703 1750 4769 longe
1796 4702 1993 4757 acriori

412 4801 595 4855 studio
647 4811 817 4872 atque
868 4800 1170 4869 operosiori
1228 4788 1556 4854 tractatione
1605 4798 1671 4852 de
1726 4799 1828 4853 hac
1881 4798 1995 4866 ipsa

332 4900 337 4905 '
409 4893 759 4948 solemnitate
804 4902 1022 4963 oportet
1070 4893 1275 4948 habere
1308 4909 1636 4958 sermonem,
1686 4905 1745 4947 ut.
1778 4889 1995 4947 cillante

408 5002 471 5040 ex
506 4985 593 5040 illa
618 4984 962 5056 jucunditate
997 4985 1210 5040 abunde
1244 4985 1580 5055 expleamur.
1616 4983 1818 5040 Verum
1854 4992 1909 5037 ut
1942 4984 1993 5039 id

409 5076 607 5146 ipsum,
663 5092 771 5146 quo
822 5092 1106 5145 caremus,
1160 5078 1377 5147 assequi
1433 5062 1741 5144 possimus,
1798 5074 1997 5128 divina:

411 5170 649 5225 odoratae
669 5171 828 5241 hujus
849 5171 1159 5241 fragrantia:
1182 5170 1386 5240 aspiret
1407 5168 1650 5231 adlatus;
1670 5166 1995 5222 inexhausta

412 5260 611 5331 quippe
645 5270 726 5317 est
756 5261 946 5315 horum
977 5261 1261 5327 bonorum,
1297 5276 1398 5315 nec
1430 5275 1499 5314 ex
1527 5258 1614 5324 iis,
1647 5272 1766 5327 qua:
1795 5260 1862 5310 ab
1891 5257 1994 5311 illis

489 5395 623 5467 (18⁸)
650 5395 918 5466 Excerpta
943 5410 1007 5467 es
1038 5410 1203 5464 opere
1232 5392 1734 5467 in_edito_liippolyti
1765 5391 2002 5467 Merrae-

415 5463 625 5521 rii‘eui
690 5463 922 5521 titulus:
960 5463 1185 5521 Mariale
1262 5465 1475 5534 Georgii
1549 5463 2000 5534 Nicomediensis.

418 5536 701 5592 liiarraccii
729 5537 897 5591 codex
930 5537 1355 5605 manuscriptus,
1384 5533 1569 5590 Romae
1598 5536 1649 5588 in
1677 5533 1998 5587 bibliotheca

419 5607 874 5678 tiongregationis
916 5605 1257 5678 Clericorum
1314 5605 1498 5678 Matris
1528 5605 1621 5659 Dei
1662 5614 1996 5678 asservatur.

423 5676 594 5735 l'orio
627 5676 692 5731 de
724 5679 822 5732 hac
851 5677 1073 5732 bomilia
1109 5678 1162 5730 iu
1197 5676 1607 5746 conceptionem
1662 5677 1776 5729 tunc
1822 5689 1995 5746 anno-

412 5747 552 5803 tatit
601 5746 937 5805 Marraccius
970 5764 987 5806 :
1021 5746 1335 5807 Orationem
1371 5745 1529 5803 hanc
1556 5745 1628 5819 jn
1673 5745 1997 5818 perantiquo

2094 4516 2386 4586 parabiles,
2411 4527 2468 4571 et
2490 4516 2662 4571 libero
2681 4532 2812 4572 sane
2833 4516 3034 4587 judicio
3057 4515 3443 4585 relinquendas
3467 4530 3688 4583 eorum,

2097 4610 2188 4679 qui
2225 4624 2408 4664 veram
2443 4622 2869 4680 germanamque
2919 4609 3164 4679 ipsarum
3214 4609 3569 4663 eminentiam
3606 4616 3689 4662 tc-

2099 4710 2228 4756 nent
2264 4700 2634 4772 exploratam!
2672 4699 2860 4770 Neque
2903 4701 3049 4756 enim
3101 4714 3221 4755 cum
3260 4699 3423 4754 ﬁdem
3477 4700 3691 4753 habent

2095 4793 2248 4864 justi,
2294 4793 2461 4863 signis
2512 4801 2772 4861 praeterea
2828 4792 3091 4861 indigent.
3124 4790 3263 4858 Quin
3292 4789 3541 4846 Joachim
3580 4806 3685 4846 nec

2106 4888 2259 4955 signa
2291 4900 2350 4940 se
2368 4884 2668 4956 promereri
2696 4884 2943 4952 expetiit,
2972 4884 3316 4955 postmodum
3349 4884 3690 4948 certissime,

2104 4994 2168 5033 ac
2200 4978 2245 5033 si
2285 4977 2393 5046 jam
2447 4977 2788 5048 accepisset,
2844 4976 2949 5033 sibi
3006 4975 3246 5031 futuram
3300 4975 3512 5046 prolem
3565 4991 3695 5032 sen—

2102 5069 2263 5125 tiens.
3362 5116 3371 5123 .

2176 5161 2264 5217 ill.
2305 5160 2459 5216 Anna
2510 5177 2642 5217 vero
2685 5161 3013 5231 promissam
3084 5160 3294 5230 prolem
3354 5160 3588 5230 perinde
3630 5176 3695 5214 ac

2102 5264 2530 5325 praesentaneam
2567 5264 2622 5310 et
2656 5254 2837 5311 verbis
2888 5263 2942 5309 et
2991 5268 3051 5308 re
3080 5254 3196 5321 ipsa
3250 5261 3422 5318 tenet,
3465 5263 3522 5308 et
3557 5268 3691 5323 prte-

2113 5397 2303 5452 Graeeo
2336 5413 2439 5452 ms.
2474 5397 2663 5452 codice
2687 5398 2790 5453 sub
2815 5396 3034 5452 nomine
3062 5396 3282 5466 Georgii
3308 5395 3693 5451 Nicomedien-

2112 5469 2189 5523 sis
2238 5468 2594 5536 metropolita:
2621 5483 2647 5519 a
2685 5482 2742 5523 se
2771 5468 3043 5521 inventam
3072 5469 3370 5535 exscripsit
3402 5482 3466 5521 ac
3510 5467 3699 5525 Latine

2112 5539 2344 5593 reddidit
2396 5539 2558 5592 Adin.
2607 5536 2676 5593 Β.
2725 5537 2785 5592 Ρ.
2849 5538 2914 5592 D.
2965 5536 3289 5592 Vincentius
3350 5536 3697 5603 Riecardius,

2110 5609 2343 5664 clericus
2382 5609 2676 5679 regularis,
2714 5609 2955 5675 mihique
2986 5608 3053 5661 ab
3082 5608 3410 5680 cobenigue
3441 5623 3693 5666 commu-

2110 5682 2345 5737 nicatam
2381 5680 2651 5736 mat'ianis
2688 5680 2984 5735 lectoribus
3016 5678 3263 5735 exhibui.

2324 5855 2352 5875 κ
