3948 6162
253 368 394 437 1401

1219 375 1303 438 ΙΝ
1344 377 1449 438 SS.
1486 374 1755 440 MARIIE
1791 372 2523 438 PRIESENTATIONEM.

3394 371 3533 437 1402

258 488 409 545 bertti
449 488 748 560 rependere
785 489 915 546 illud
965 490 1167 561 ipsum,
1216 493 1361 563 quod
1412 494 1837 565 praehabendum
1876 499 1918 556 Α
1948 497 2178 544 eventus
2207 488 2512 543 futurorum
2543 502 2651 543 non
2695 486 2903 554 expetit
2932 486 3110 553 signa,
3152 499 3338 540 verum
3367 488 3530 543 etiam

258 592 400 648 erat,
432 583 745 639 certissima
775 584 883 638 voti
916 584 1207 654 sponsione
1230 585 1583 652 confirmans,
1617 585 1846 642 omnino

264 674 511 728 futurum
546 688 670 729 esse
701 673 1009 730 denuntiat.
1050 675 1172 730 Sive
1195 676 1359 741 enim,
1400 675 1599 746 inquit,
1632 693 1846 730 mascu-

261 763 346 819 lus
378 765 565 833 luerit,
613 766 720 820 sive
747 765 946 835 femina
975 766 1033 819 id
1058 767 1198 835 quod
1246 782 1515 833 peperci-0,
1548 768 1645 820 hoc
1672 767 1845 835 ipsum

262 867 379 911 utut
430 858 555 921 erit,
608 857 834 913 Domino
882 857 992 914 Deo
1033 875 1147 914 meo
1196 859 1384 913 dicabo
1416 868 1463 912 et
1495 857 1685 927 templo
1732 856 1847 926 eius

260 949 580 1002 consecratio
623 948 688 1004 “’.

335 1038 401 1091 Et
439 1053 734 1108 quemnam
770 1041 1099 1110 priscorum,
1130 1057 1163 1097 ο
1194 1042 1348 1097 beata
1392 1043 1572 1105 Anna,
1614 1041 1845 1096 similem

265 1127 463 1183 fecisse
486 1130 834 1196 sponsionem
867 1132 1196 1201 percepisti?
1224 1148 1286 1187 ac
1314 1134 1658 1203 quandonam
1685 1145 1848 1187 sacro

264 1220 356 1273 illo
382 1222 506 1273 loco
536 1220 788 1274 feminam
820 1222 1056 1297 dicatam
1088 1223 1652 1292 aspexnstiiquonam
1686 1222 1848 1277 modo

264 1318 621 1365 sacrosancto
670 1310 746 1364 illi
781 1312 1023 1366 virorum
1079 1312 1244 1368 cmtui
1296 1312 1667 1387 insociabilem
1696 1327 1850 1367 asso-

264 1401 382 1455 cias
411 1400 735 1456 mulierem?
763 1400 831 1456 Et
857 1417 1107 1472 quaenam
1140 1402 1359 1457 fervens
1407 1403 1534 1469 ista,
1567 1402 1849 1472 ignitaque

267 1489 441 1555 fides,
497 1504 605 1559 qua
675 1492 1003 1559 nuncupatis
1049 1491 1189 1546 votis
1242 1490 1485 1545 inaudita
1538 1486 1849 1573 aggrederis

264 1577 549 1632 facinora?
579 1577 713 1645 Quis
760 1593 898 1633 nova
929 1578 1194 1648 ejusmodi
1237 1580 1485 1634 instituta
1517 1580 1850 1648 praenuntia-

263 1671 385 1725 vit?
426 1670 561 1738 Quis
607 1669 873 1741 ejusmodi
922 1671 1123 1727 mentis
1167 1684 1327 1726 sensa
1366 1678 1515 1725 tuum
1563 1670 1761 1725 indidit
1795 1673 1848 1722 in

263 1761 550 1831 animum?
580 1760 869 1816 Hominum
919 1761 1158 1830 quidem,
1190 1761 1385 1831 inquit,
1429 1761 1638 1827 nullus;
1675 1778 1850 1832 neque

1953 582 2183 651 perinde
2232 596 2297 635 ac
2343 595 2511 650 opere
2571 578 2841 648 completa
2896 578 3034 633 foret
3090 578 3423 648 promissio.
3478 588 3533 635 et

1952 673 2191 728 exsultat
2217 680 2273 728 et
2300 672 2657 737 vaticinatur,
2708 681 2871 740 atque
2907 671 3033 726 hinc
3066 671 3384 740 prephetico
3420 670 3530 725 ful-

1955 772 2044 835 get
2077 764 2242 818 dono.

2012 852 2163 933 [Hinc
2194 852 2491 922 primordia
2527 852 2709 906 arcani
2740 853 2967 922 percipit
3008 853 3375 919 sacramenti;
3409 851 3535 906 binc

1954 943 2263 998 mortalium
2328 944 2568 999 omnium
2623 943 2912 999 eﬂlorescit
2967 943 3334 1013 pulchritudo.
3400 941 3537 998 llinc

1953 1037 2048 1092 Dei
2104 1037 2297 1092 matris
2342 1036 2578 1091 efﬁcitur
2633 1047 2831 1104 mater,
2882 1037 3053 1099 illius,
3113 1038 3355 1105 inquam,
3415 1050 3536 1103 qua:

1951 1129 2263 1198 incorrupta
2312 1129 2541 1199 peperit,
2590 1144 2709 1195 quae
2742 1143 2906 1197 supra
2936 1143 3097 1197 quam
3128 1142 3350 1196 sperare
3381 1135 3536 1194 pote-

1952 1227 2061 1281 rat,
2110 1220 2394 1289 concepit,
2442 1235 2561 1288 qua:
2607 1218 2881 1289 peculiare
2940 1219 3039 1272 fuit
3089 1227 3143 1272 et
3188 1219 3532 1288 peregrinum

1954 1318 2166 1364 natura:
2192 1321 2608 1374 ornamentum,
2662 1324 2915 1379 germana
2959 1308 3200 1362 omnium
3244 1306 3532 1376 gloriatio;

1954 1408 2197 1469 cognatm
2227 1410 2431 1455 naturae
2459 1400 2590 1467 filia,
2621 1410 2676 1455 et
2705 1415 2868 1468 supra
2902 1411 3153 1453 naturam
3182 1407 3375 1462 mater,
3401 1396 3533 1459 ﬁlia,

1953 1502 2008 1548 et
2060 1493 2273 1564 regina;
2333 1493 2545 1562 puella,
2598 1501 2654 1548 et
2699 1492 2847 1547 omni
2905 1501 3154 1546 creatura
3212 1489 3533 1552 sublimior;

1955 1597 2169 1652 semper
2227 1582 2411 1653 virgo,
2475 1592 2528 1639 et
2581 1585 2732 1653 pueri
2788 1593 3000 1648 mater;
3053 1582 3156 1636 viri
3206 1580 3425 1643 nescia,
3483 1587 3539 1633 et

1955 1672 2374 1740 fecundissima;
2405 1681 2481 1738 et,
2539 1675 2657 1730 sine
2691 1674 2816 1730 fuco
2850 1675 2922 1736 sit
2970 1675 3198 1740 dictum,
3247 1687 3366 1743 qua
3407 1685 3540 1727 vero

1955 1763 2400 1834 incorporearum
2432 1768 2694 1820 virtutum
2720 1776 2943 1835 superat
2972 1766 3286 1835 puritatem.

265 1863 448 1907 mater
492 1852 763 1922 majorum
797 1853 1038 1922 acceptis
1061 1852 1325 1921 exemplis
1360 1866 1448 1907 me
1475 1853 1541 1907 ad
1570 1853 1847 1907 admiran-
1877 1858 1942 1928 B_
2018 1856 2172 1910 Anna
2202 1872 2298 1926 per
2352 1867 2688 1913 constantem
2725 1858 2882 1912 fidem
2933 1846 3093 1924 hujus
3133 1856 3248 1911 fieri
3295 1864 3540 1913 meretur

265 1943 394 1997 dum
434 1943 579 1997 istud
626 1942 980 1998 emittendum
1027 1952 1214 1996 votum
1249 1943 1466 2015 adegit;
1502 1944 1596 1999 sed
1635 1959 1721 2008 eo,
1754 1944 1848 2014 qui

264 2049 294 2089 a
335 2034 629 2090 sterilitate
674 2033 892 2099 liberat,
924 2042 1166 2099 auctore,
1204 2035 1271 2088 ab
1300 2049 1494 2104 eoque,
1526 2034 1617 2102 qui
1653 2045 1849 2104 praeter

261 2140 484 2182 omnem
536 2140 690 2194 spem
754 2125 1034 2179 hominum
1088 2125 1358 2180 desideria
1416 2126 1650 2194 perficit,
1702 2125 1845 2180 istud

263 2217 505 2272 futurum
528 2218 793 2288 cogitans,
826 2224 1031 2273 certam
1068 2216 1209 2271 hanc
1237 2225 1689 2286 constantemque
1723 2214 1847 2270 fidei

261 2322 453 2362 vocem
484 2308 696 2363 emitto.

335 2397 428 2454 ιν.
468 2396 601 2453 Vide
633 2411 893 2469 expressa
932 2397 1174 2453 vaticinii
1223 2398 1376 2466 signa
1417 2416 1429 2451 :
1466 2397 1589 2453 vide
1620 2397 1851 2455 sincera:

261 2490 464 2546 mentis
497 2504 598 2545 nec
627 2490 1016 2546 baesitabundae
1044 2490 1158 2558 spei
1180 2496 1516 2560 argumenta.
1537 2487 1657 2545 Non
1691 2491 1851 2546 modo

889 2581 1110 2635 ΛΟΓΟΣ
1137 2579 1215 2635 Ε’.

261 2675 567 2744 Γεωργιου
597 2672 872 2744 μοναχοῦ
895 2672 997 2744 καὶ
1030 2664 1492 2744 χ-αρτοςούλακος
1524 2671 1634 2744 τῆς
1655 2672 1850 2744 Μεγά-

334 2740 455 2813 λὴςῖ
491 2740 829 2812 ἐκκῖλησίας
851 2784 866 2807 ,
899 2740 1227 2813 Ἐγκώμια
1262 2744 1363 2813 εἰς
1396 2740 1513 2813 rip:
1550 2740 1853 2813 ἀπόδοσιν

335 2809 448 2883 τῆξ
483 2809 841 2883 ’Υπερὰγέας
877 2809 1169 2883 Θεοτᾷλξου
1193 2811 1263 2864 ἐν
1293 2809 1372 2883 τῷ
1395 2811 1519 2878 ναῷ
1546 2811 1647 2865 καὶ
1677 2811 1844 2881 ἀφιέ-

331 2879 528 2955 ρωσιν
552 2879 638 2950 τῷ
656 2879 779 2948 Θέῷ
809 2882 960 2936 κατὰ
981 2880 1098 2947 τὴν
1119 2882 1413 2948 ἱστορίαν.

333 2974 567 3044 Φαιδρὸν
596 2973 657 3026 τὸ
682 2972 784 3042 τῆς
811 2971 1097 3042 παρούσης
1145 2971 1342 3041 ἑορτῆς
1406 2969 1666 3042 σύνθημα
1686 2989 1699 3002 ·
1768 2969 1852 3024 διδ

264 3070 406 3141 πρὸς
440 3069 670 3137 ἄπειρον
703 3063 819 3133 φῶς
847 3064 940 3116 τὸν
989 3062 1128 3134 πρὸς
1158 3062 1369 3133 ταύτην
1424 3061 1847 3131 συνειλεγμένον

1954 1958 2165 2016 mater;
2199 1961 2363 2018 atque
2391 1951 2463 2004 ita
2492 1965 2588 2018 per
2628 1950 2945 2020 multiplicia
2982 1952 3244 2004 virtutum
3291 1949 3537 2020 germina

1955 2039 2189 2096 fructum
2232 2042 2438 2113 profert
2471 2043 2926 2114 iucorruptiouis;
2957 2044 3030 2097 ita
3061 2044 3306 2097 obscurae
3341 2057 3537 2108 exspe-

1952 2132 2208 2188 ctationis
2247 2133 2537 2202 praeclaros
2593 2134 2833 2209 suscepit
2878 2143 3127 2216 eventus,
3164 2140 3218 2187 et
3245 2133 3534 2187 verborum

1945 2224 2212 2292 promissa
2242 2238 2300 2278 re
2328 2224 2438 2291 ipsa
2469 2225 2736 2293 conspicit
2768 2238 2889 2280 esse
2914 2225 3200 2293 completa.
3231 2224 3366 2292 Spes
3387 2224 3533 2279 enim

1946 2315 2071 2381 illae,
2108 2331 2229 2386 quae
2271 2316 2324 2370 in
2369 2316 2480 2370 Deo
2531 2316 2801 2385 locantur,
2855 2317 3163 2372 certissime
3205 2326 3394 2386 optato
3434 2329 3536 2371 suo

1946 2421 2054 2461 non
2087 2406 2428 2463 frustrantur
2474 2408 2581 2464 line
2616 2430 2629 2465 :
2663 2423 2826 2491 quem
2861 2423 2993 2464 sane
3024 2419 3083 2464 ut
3113 2418 3235 2479 post
3279 2418 3533 2465 eventum

1949 2498 2221 2565 obtinent,
2252 2498 2326 2554 ita
2358 2508 2484 2556 ante
2518 2500 2827 2555 certissime
2856 2511 3197 2569 exspectant,
3230 2510 3337 2555 etc.

2575 2589 2833 2645 ORATIO
2860 2590 2924 2645 V.

1956 2672 2170 2748 Georgii
2201 2678 2451 2732 monachi
2477 2695 2539 2731 ac
2569 2682 2780 2748 Magaw
2808 2678 3042 2748 ecclesiis
3072 2677 3532 2748 Chartophylacis,

2030 2744 2346 2801 Encomium
2372 2749 2425 2818 in
2451 2744 2812 2818 sanctissima:
2831 2747 3072 2814 Deiparae
3094 2744 3533 2818 Repraésentauo-

2026 2832 2142 2869 nem
2170 2818 2223 2871 in
2247 2816 2460 2888 templo.
2489 2827 2644 2888 atque
2680 2828 2735 2872 ut
2778 2816 2890 2872 Deo
2915 2816 3225 2874 consecrata
3255 2820 3324 2873 sit
3363 2818 3533 2888 juxta

2028 2888 2304 2942 historiam
2338 2886 2474 2955 (19).

2030 2976 2179 3033 Laeta
2224 2987 2310 3032 est
2386 2992 2449 3032 ac
2511 2978 2771 3047 praeclara
2828 2979 3116 3050 praesentis
3173 2976 3536 3034 solemnitatis

1960 3074 2203 3135 tessera;
2233 3076 2395 3138 atque
2420 3067 2555 3123 adeo
2584 3068 2866 3143 collectum
2896 3071 2949 3124 in
2979 3084 3042 3125 ea
3076 3079 3301 3134 cretum,
3335 3069 3402 3123 ad
3435 3068 3536 3122 im-

265 3159 536 3233 παρορμᾷ
596 3156 878 3226 σύλλογον.
947 3155 1217 3226 Λαμπρδν
1262 3153 1326 3206 τὸ
1375 3151 1485 3206 τῶν
1561 3151 1852 3222 παρόντων

1964 3174 2209 3214 mensum
2234 3160 2414 3214 lumen
2448 3159 2659 3227 incitat,
2688 3176 2753 3216 ac
2782 3161 3032 3232 impellit.
3083 3161 3299 3216 lllustre
3321 3171 3406 3215 est
3436 3173 3537 3213 no-

262 3253 445 3321 λόγων
471 3250 773 3320 τεκμήριον
803 3248 900 3302 καὶ
936 3247 1122 3317 πλήρη
1157 3244 1317 3317 δόξης
1365 3244 1716 3317 καρποῦσθαι
1749 3245 1851 3309 τὰς

264 3344 561 3406 ὑποθέσεις
589 3338 1121 3408 κατεπαγγέλλεται.
1183 3337 1316 3392 Ἰδοὺ
1353 3336 1462 3409 γὰρ
1511 3339 1644 3408 ἡμῖν
1684 3339 1722 3408 ἡ
1754 3337 1856 3408 τῆς

266 3433 558 3507 Παρθένου
644 3430 956 3500 πανήγυρις
1023 3426 1381 3498 ἐκλάμψασα,
1436 3426 1647 3497 νοητῶς
1716 3426 1854 3495 πρὸς

265 3526 472 3598 ἑαυτὴν
503 3524 605 3595 τὴν
651 3521 897 3576 διάνοιαν
930 3520 1080 3575 ῐθυνε
1105 3532 1119 3549 ⁸
1172 3517 1268 3572 καὶ
1316 3516 1580 3588 σταθερὸν
1622 3516 1725 3588 ἔαρ
1758 3515 1853 3570 τὸν

264 3621 432 3689 λόγον
481 3614 856 3688 αἰθριάσασα,
916 3611 1007 3666 τὸν
1064 3609 1314 3680 χειμῶνα
1369 3608 1471 3677 τῆς
1510 3609 1725 3678 σιωπῆς
1775 3608 1860 3671 εἰς

263 3711 518 3780 γαλήνην
551 3705 648 3760 τοῦ
674 3697 856 3773 λέγειν
902 3702 1255 3774 μετήνεγκεν.
1300 3699 1465 3754 Ἀλλὰ
1512 3699 1676 3771 δεῦρο
1705 3715 1847 3772 προ-

265 3802 488 3872 θύμως,
519 3800 642 3862 ταῖς
691 3797 899 3867 ταύτης
948 3795 1132 3848 ἀκτῖσι
1169 3792 1667 3864 καθοδηγούμενοι,
1717 3788 1855 3862 πρὸς

264 3890 442 3963 αὑτὴν
474 3889 730 3943 σύντονον
770 3887 871 3958 τὴν
917 3883 1012 3940 τοῦ
1065 3883 1227 3954 λόγου
1275 3883 1502 3956 πορείαν
1537 3882 1812 3954 ἰθύνωμεν
1836 3900 1852 3916 ⁸

340 4000 803 4072 “Illi-3.1,“.

342 4117 461 4185 (19)
501 4114 690 4171 Audeo
729 4117 869 4172 forte
896 4113 953 4172 in
982 4131 1113 4172 voce
1144 4114 1624 4183 Reprmentatione
1658 4131 1678 4172 :
1704 4117 1855 4171 vide-

271 4199 360 4245 tur
402 4197 582 4242 tamen
622 4187 706 4240 illa
740 4188 945 4255 optime
988 4186 1235 4241 Griecam
1289 4195 1713 4256 repratsentare,
1761 4201 1858 4241 seu

267 4258 583 4326 exprimere
606 4272 621 4289 ο
658 4257 738 4319 εἰς
761 4259 860 4326 τὴν
884 4256 1171 4310 ἀπόδοσιν·
1203 4270 1306 4324 qua
1338 4266 1529 4311 auctor
1558 4258 1851 4325 signiticet,

268 4325 444 4383 fuisse
481 4325 705 4379 Mariam
742 4325 1000 4391 oblatam,
1037 4328 1116 4382 sic
1151 4325 1307 4395 quasi
1355 4341 1421 4379 ex
1465 4333 1612 4395 voto,
1653 4341 1716 4379 ac
1757 4341 1853 4392 pa-

270 4397 527 4452 rentibus
560 4411 776 4451 sacrum
813 4397 1129 4458 anathema,
1159 4394 1314 4463 cujus
1340 4410 1401 4449 se
1422 4410 1548 4451 reos
1574 4394 1851 4460 fecissent,

268 4468 387 4522 Deo
422 4466 957 4534 repratsentantibus.
987 4466 1155 4520 Porro
1182 4466 1430 4534 eumdem
1449 4480 1568 4519 esse
1581 4473 1853 4518 auctorem

264 4538 437 4604 hujus
472 4509 539 4589 ἕο
595 4535 926 4603 reliquarum
976 4534 1206 4604 Georgio
1239 4533 1519 4588 Nicomed.
1566 4509 1930 4601 inscripta-C
1962 4533 2153 4599 ζουσα.
2200 4555 2219 4588 ι
2266 4535 2461 4604 Incipit

269 4624 397 4660 rum
453 4605 798 4666 orationum,
847 4620 982 4673 quas
1021 4605 1233 4665 damus,
1284 4617 1473 4673 censet
1516 4605 1736 4657 omnino
1775 4605 1860 4658 vir

267 4678 469 4731 doctus
509 4676 570 4728 D.
607 4674 715 4728 Leo
771 4672 995 4728 Allatius
1019 4690 1186 4736 ,vcum
1224 4674 1293 4726 ita
1329 4674 1396 4727 de
1437 4672 1685 4743 Georgiis
1735 4673 1853 4743 ait:

271 4766 290 4798 ι
332 4745 588 4812 Cumque
624 4745 676 4797 in
724 4743 999 4797 nonnullis
1040 4744 1415 4808 concinuibus,
1453 4741 1610 4797 modo
1641 4741 1859 4811 Georgii

265 4814 739 4876 Nicomediensis,
768 4815 925 4867 modo
949 4813 1166 4882 Georgii
1191 4813 1638 4883 Cbartopbylacis
1664 4827 1859 4867 nomen

269 4887 324 4939 in
396 4883 629 4937 diversis
672 4884 954 4936 codicibus
994 4881 1342 4951 praeligatur,
1396 4881 1858 4951 conjecturamon

265 4955 414 5011 levis
443 4955 569 5017 erit,
605 4956 854 5007 eumdem
884 4950 1007 5007 esse
1038 4950 1500 5007 Nicometliensem
1530 4967 1651 5006 cum
1686 4950 1861 5005 Cbar-

269 5024 573 5095 tupbylace
609 5040 624 5077 :
677 5023 820 5089 quod
857 5034 1051 5095 postea;
1072 5024 1420 5095 confirmavit
1453 5024 1623 5095 codex
1661 5037 1861 5095 perau-

202 5121 213 5127 α
269 5091 490 5163 tiquus,
525 5094 580 5146 in
617 5109 728 5163 quo
771 5094 949 5163 oratio
996 5092 1086 5147 illa
1125 5093 1178 5146 in
1214 5092 1694 5147 Praesentationem
1742 5091 1864 5163 Yir-

266 5159 423 5235 ginis
463 5159 767 5235 legebatur,
800 5162 954 5229 cujus
989 5163 1118 5235 illud
1156 5172 1241 5216 est
1265 5163 1594 5235 principium
1631 5180 1659 5235 :_
1687 5159 1861 5222 καλὰς

267 5231 414 5308 ἧμίν
463 5233 798 5308 ὑποθέσεων,
839 5235 916 5308 _ln
972 5233 1152 5308 titulo_
1185 5232 1333 5308 enim
1402 5231 1861 5308 praenOIabatutzz

267 5301 563 5374 Γὲωργίου
594 5302 1023 5374 Χαρτοφύλακος
1056 5302 1155 5374 τοῦ
1184 5301 1411 5374 ὓστερον
1442 5301 1733 5374 γεγονότος
1763 5318 1867 5374 μητ

268 5371 606 5448 apo-{colicon
622 5371 1016 5448 Ntyzopquiag,
1042 5371 1257 5448 Georgii
1283 5373 1749 5448 Cliartopbylac‘is,
1773 5371 1861 5448 qui

268 5439 470 5517 pbstea
532 5443 637 5517 fuit
689 5439 1055 5517 bleiropulitaL
1099 5439 1607 5517 Niconiediensisf‘i
1646 5439 1862 5517 Georgii

269 5510 740 5584 Chartopbylacis
774 5510 980 5583 Magna:
1014 5511 1275 5566 Ecclesiae
1319 5510 1639 5584 Eni-omium
1676 5512 1726 5562 in
1769 5511 1866 5562 de-

272 5582 595 5640 ductiouem
631 5582 880 5652 Deiparze
911 5584 964 5636 in
1006 5584 1264 5650 templum
1308 5582 1532 5652 ejusque
1573 5594 1865 5634 consecra-

273 5660 512 5714 tionem.
560 5651 793 5709 habetur
837 5669 938 5708 ms.
1000 5654 1053 5708 in
1105 5651 1365 5706 Biblioth.
1397 5653 1734 5719 Augustana,
1771 5664 1867 5703 nec

273 5729 385 5782 alia
414 5739 540 5797 ess?
568 5726 807 5797 videtur,
837 5739 1001 5797 quam
1028 5724 1191 5797 quod
1213 5723 1329 5797 ipse
1356 5721 1456 5791 legi
1489 5719 1615 5797 alibi
1645 5719 1864 5797 sacpius,

276 5806 332 5851 et
373 5798 426 5851 in
466 5794 745 5851 Sfortiana
783 5792 908 5851 cum
941 5792 1250 5856 Ιιοοιίιυίο,
1290 5792 1566 5857 Γεωργίον
1604 5792 1864 5860 μοναχοῦ,

1957 3258 2192 3305 strorum
2222 3250 2446 3320 hujusce
2477 3250 2580 3306 diei
2610 3265 2921 3308 sermonum
2964 3252 3243 3318 indicium,
3275 3251 3539 3319 plenaque

1960 3339 2148 3411 glorize
2197 3350 2515 3410 argumenta
2591 3346 2876 3413 promittit,
2947 3345 3143 3414 quibus
3195 3341 3300 3396 frui
3357 3341 3536 3395 liceat.

1960 3429 2100 3485 Ecce
2130 3430 2275 3485 enim
2306 3432 2463 3488 nobis
2494 3432 2717 3489 illucens
2739 3435 3024 3503 virginalis
3051 3434 3343 3499 festivitas,
3370 3431 3537 3500 spiri-

1960 3521 2055 3575 tali
2086 3521 2330 3576 animum
2365 3525 2418 3577 in
2452 3538 2513 3580 se
2542 3526 2753 3583 ratione
2774 3527 2975 3583 direxit
3007 3542 3022 3578 :
3070 3525 3325 3594 verisque
3369 3524 3542 3579 instar

1959 3613 2117 3667 calidi
2178 3628 2484 3670 sermonem
2540 3632 2837 3682 serenans,
2898 3604 3135 3693 silentii.
3193 3618 3427 3672 hiemem
3484 3614 3541 3668 in

1963 3703 2408 3773 tranquillitatem
2492 3705 2725 3762 dicendo
2797 3718 3160 3777 opportunam
3243 3703 3537 3762 convertit.

1961 3789 2161 3848 Verum
2195 3793 2360 3848 alacri
2408 3794 2550 3864 agite
2583 3795 2785 3858 animo,
2838 3795 2957 3863 ipsa
3003 3795 3162 3849 nobis
3208 3796 3322 3848 suis
3374 3792 3543 3846 radiis

1961 3883 2118 3952 duce,
2143 3894 2292 3939 recta
2316 3884 2383 3941 ad
2411 3900 2529 3940 eam
2556 3885 2827 3942 sermonis
2857 3887 2961 3942 iter
2991 3885 3421 3950 contendamus;
3476 3896 3542 3938 ac

1954 4118 2050 4171 καὶ
2068 4118 2481 4190 χαρτοφύλακος
2493 4117 2590 4190 τῆς
2605 4117 2871 4190 Μεγάλης
2893 4112 3245 4190 ξΕκκλησίας,
3263 4109 3543 4181 ἐγκώμιον

1956 4190 2039 4251 εἰς
2229 4185 2509 4262 ᾇπᾴδοσιν.
2536 4189 2749 4262 _(Hiec_
2778 4185 3033 4262 nimirum
3073 4185 3385 4262 ipsa_qitatn
3431 4196 3542 4262 pra;

1962 4253 2216 4312 manibus
2241 4253 2606 4324 habemus.)'t
2634 4257 2707 4309 Ea
2737 4256 2788 4309 in
2816 4255 2952 4308 Bibl.
2984 4253 3204 4324 Antonii
3226 4253 3536 4324 Augustini,

1961 4337 2015 4380 et
2048 4327 2330 4392 Vaticana,
2362 4320 2619 4393 alibique,
2652 4324 2885 4394 Georgio
2913 4322 3312 4394 Nicomediensi
3350 4320 3542 4373 tribui-

1964 4406 2068 4450 tur.
2108 4397 2174 4467 Et
2215 4391 3003 4467 Clt:irtopltylacis_encomiu‘m
3031 4391 3355 4467 alterum_iu
3388 4404 3543 4467 eam-

1963 4467 2084 4534 dem
2121 4459 2468 4521 festivitatem
2484 4459 2510 4531 ,⁷
2532 4465 2621 4518 ὅτε
2663 4463 2900 4534 ἀπεδόθη
2944 4463 3003 4534 ἐν
3188 4460 3302 4531 ναῷ
3334 4459 3541 4534 τριετί-

2507 4554 2519 4589 ;
2566 4534 2751 4596 Καλάς
2791 4529 2942 4604 ἡμῖν
2979 4529 3292 4604 ὑποθέσεων
3342 4529 3540 4604 ἀρχᾲς.

1962 4552 2153 4599 ςουσα.
2200 4555 2219 4588 ι
2266 4552 2461 4604 tuetptt
2507 4554 2519 4589 :
2569 4552 2751 4596 nam;
2791 4552 2825 4604 η
2880 4552 2926 4586 ιν
2979 4552 3292 4585 υπουεσεων
3342 4552 3540 4598 αρχας.

1962 4604 2206 4681 ῌειιιοῑυις
2256 4621 2357 4681 ms.
2410 4603 2694 4681 Mediolani
2727 4605 2778 4681 in
2824 4552 3225 4681 metysiana,
3258 4611 3313 4655 et
3361 4599 3540 4681 alibi:

1962 4675 2079 4728 hac
2107 4676 2294 4728 eadem
2323 4675 2377 4726 in
2418 4674 2526 4727 alio
2556 4673 2939 4741 antiquissimo
2977 4672 3177 4726 Codice
3206 4686 3366 4739 quem
3398 4672 3544 4735 regis

1967 4743 2218 4811 Ungarize
2255 4742 2423 4797 fuisse
2449 4758 2645 4796 nomen
2680 4744 2750 4794 ibi
2780 4744 3111 4812 descriptum
3139 4743 3273 4795 satis
3301 4753 3545 4812 comprof

1965 4809 2079 4876 bat,
2126 4812 2358 4881 Georgio
2408 4812 2765 4880 metropolitae
2816 4809 3097 4866 Nicomed.
3146 4813 3398 4881 donatur,
3433 4809 3542 4881 _s_ub

1964 4874 2120 4949 cujus
2151 4874 2368 4935 nomine
2405 4882 2546 4935 edita
2581 4874 2664 4935 est
2694 4882 2855 4936 etiam
2889 4882 3028 4951 apud
3072 4881 3291 4935 Surium
3329 4879 3393 4930 2|
3431 4874 3542 4929 No-

1963 4951 2739 5026 vembre._Ei_deminscribit
2781 4953 2916 5026 Reg.
2965 4953 3136 5026 codex
3182 4964 3251 5026 ex
3295 4959 3545 5026 quouex:

1964 5022 2180 5091 scripsi.
2209 5021 2815 5077 EminentissimiCard.
2848 5016 3108 5074 Mazarini
3135 5019 3326 5091 codex,
3358 5016 3546 5069 tribuit
3601 5021 3611 5027 '

1967 5087 2204 5164 Georgio
2233 5091 3104 5164 Cliartopbylaci,suhnectitque
3156 5087 3244 5164 isti
3288 5096 3543 5164 tanquam

1964 5155 2228 5229 cjusdém.
2284 5162 2350 5217 Et
2429 5155 2907 5229 NiéollletiiCIISiSW
2931 5155 3109 5212 oratio
3173 5158 3224 5209 in
3303 5155 3547 5229 Deiparae

1966 5226 2354 5298 Nativitatem,
2416 5246 2537 5303 quae
2600 5230 2786 5303 incipit
2818 5228 2935 5303 :VEi
2982 5228 3272 5303 μετρεῖται
3301 5226 3378 5303 γῆΔ
3405 5239 3547 5303 ,σπι-

1967 5294 2551 5374 θαμῇσίγεάὶιαεεῐϐι.
2583 5298 2689 5374 sub
2715 5294 2929 5374 nomine
2974 5294 3228 5374 Germani
3271 5294 3545 5374 archiepi-

1967 5360 2115 5441 scvipi
2145 5368 2754 5441 Constantinopolitani,
2784 5367 3065 5441 interprete
3088 5366 3300 5441 Anthea
3327 5363 3546 5441 Sgiaolto

1968 5445 2022 5497 in
2062 5433 2199 5500 Bibl.
2239 5436 2348 5496 PP.
2384 5439 2470 5495 Ci.
2504 5433 2631 5492 tom.
2674 5436 2768 5502 If,
2801 5455 2921 5506 pag.
2959 5437 3086 5492 450.
3131 5436 3187 5489 In
3231 5450 3337 5489 uno
3380 5433 3549 5500 Regio

1968 5513 2191 5568 confusa
2217 5523 2299 5566 est
2321 5527 2442 5564 cum
2469 5509 2587 5562 aliis
2612 5509 2950 5574 Damasceni,
2980 5511 3171 5561 eodem
3201 5513 3544 5573 argumento,

1969 5599 2155 5637 earum
2183 5583 2443 5637 secunda.
2478 5578 2583 5633 Sed
2608 5589 2691 5632 est
2713 5580 2981 5647 scriptura
3009 5578 3299 5631 admodum
3334 5588 3544 5647 recens.

1968 5652 2202 5707 Maxime
2237 5651 2413 5722 placet
2440 5652 2638 5722 citatus
2675 5645 2878 5722 Mazar.
2912 5649 3107 5713 codex,
3139 5661 3248 5722 quo
3290 5645 3556 5704 tribuitur.

1970 5723 2203 5779 Andreae
2237 5718 2505 5789 Cretensi,
2539 5718 2698 5790 cujus
2724 5720 2896 5776 liabet
2934 5729 3075 5776 totos
3109 5718 3477 5774 characteres.
