3982 6160
450 331 477 388 1
498 327 592 391 103

1590 328 1897 390 GEORGII
1939 325 2527 405 NiCOMEDIENSiS

3559 316 3703 381 1405

458 450 656 508 quanta
693 416 887 507 cuique
917 435 1146 492 facultas
1173 445 1278 502 est,
1310 451 1369 491 ea
1404 436 1599 505 singuli
1633 455 1753 494 eam
1795 453 2022 494 corone-

2131 438 2222 491 καὶ
2255 440 2356 505 ὅση
2386 436 2622 505 δύναμις
2649 432 2885 503 ἑκάστῳ,
2937 431 3015 502 τῷ
3067 430 3295 500 τοιούτῳ
3320 430 3491 501 αὐτὴν
3522 449 3701 487 κατα-

456 545 594 584 ntus.
621 528 934 597 Quanquam
956 528 1099 582 enim
1128 543 1315 583 omnes
1341 529 1518 583 minus
1542 544 1702 597 quant
1732 545 1828 598 pro
1849 529 2026 597 digni-

456 630 564 676 tate
618 621 897 687 habemus,
962 621 1131 689 magis
1185 628 1361 673 tamen
1409 619 1706 689 .alacritate
1749 620 2026 675 abundare

453 725 736 773 conemur,
763 711 1102 778 invicemque
1130 709 1422 762 voluntatis
1444 710 1790 764 contentione
1807 709 2024 763 vincere

452 802 789 858 Studeamus.
832 802 961 867 Quae
991 801 1133 855 enim
1179 801 1257 854 vis
1308 809 1453 855 tanta
1504 801 1789 863 orationis,
1848 808 1904 852 ut
1942 800 2026 854 vel

457 892 738 945 minimum
773 893 897 959 quid
939 907 1038 960 pro
1064 892 1272 946 meritis
1319 893 1542 961 exsequi
1596 892 1808 961 possin?
1835 893 2025 960 quisve

457 984 560 1035 sibi
591 966 826 1051 arroget,
861 991 919 1035 ut
948 982 1029 1036 vel
1055 985 1196 1035 nuda
1225 982 1548 1052 cogitatione
1573 983 1796 1052 propius
1844 998 2027 1037 acces-

456 1075 609 1137 serit,
650 1074 842 1126 nedum
874 1088 984 1126 rem
1026 1073 1180 1142 plene
1214 1088 1406 1142 capere
1443 1074 1768 1129 tentaverit?
1800 1072 2024 1128 Omnem

462 1167 640 1229 itaque
688 1178 998 1217 sermonum
1039 1164 1147 1216 vim
1195 1166 1582 1217 transcendunt
1632 1166 1878 1219 encomia
1910 1164 2028 1220 Vir-

460 1255 640 1323 ginis;
680 1254 1031 1322 quamobrem
1060 1254 1223 1309 etiam
1282 1254 1456 1307 omnis
1511 1253 1834 1309 laudationis
1885 1255 2027 1322 leges

462 1355 582 1411 post
602 1359 659 1398 se
706 1343 1058 1411 reliquerunt.
1093 1343 1236 1397 Sane
1267 1343 1508 1412 quidem,
1562 1344 1661 1397 viri
1730 1344 2026 1410 auditores,

463 1434 772 1503 priusquam
809 1434 1059 1488 desiderii
1101 1433 1313 1489 aﬂ'ectio
1354 1445 1590 1504 caperet,
1643 1451 1805 1506 grave
1838 1437 2027 1490 existi-

462 1523 671 1575 mabam
698 1523 937 1576 audacize
975 1524 1213 1587 crimen,
1246 1534 1305 1577 ut
1332 1538 1453 1578 eam
1501 1526 1623 1592 quis
1673 1539 1783 1579 rem
1810 1525 2025 1594 aggredi

382 1631 393 1645 ’-
462 1623 830 1680 praesumeret.
863 1612 1073 1667 Etenim
1106 1614 1386 1669 videbatur
1416 1615 1638 1667 insaniae
1656 1630 1717 1666 ea
1739 1615 2025 1681 attingere,

463 1719 581 1772 qua:
630 1713 813 1759 essent
842 1704 1044 1771 majora
1078 1705 1299 1773 virtute,
1351 1720 1415 1758 ac
1469 1720 1697 1774 quorum
1746 1720 2025 1760 sermones

2129 532 2439 600 στέφωμεν.
2467 530 2531 582 Εἰ
2563 527 2668 599 γὰρ
2698 526 2793 579 καί
2820 527 3023 587 πάντες
3053 523 3145 578 τοῦ
3178 524 3301 578 κατ’
3330 525 3489 595 ἀξίαν
3536 527 3697 580 ἐκπί-

2128 639 2357 692 πτομεν,
2415 621 2553 674 ἀλλά
2606 636 2704 687 γε..
2726 617 2820 671 τοῦ
2881 616 3160 687 προθύμου
3212 616 3272 670 τὸ
3323 617 3488 671 πλέον
3544 607 3697 688 ἔχειν

2128 711 2470 782 πειρώμεθα,
2501 711 2597 763 καὶ
2628 709 3001 781 προαιρέσεως
3051 707 3188 776 τόνῳ
3230 707 3292 759 τὸ
3324 709 3481 778 νικᾲν
3520 708 3697 777 am-

2126 805 2271 866 λους.
2309 802 2405 866 Τίς
2434 802 2541 871 γὰρ
2573 801 2639 854 ἂν
2684 799 2842 867 λόγος
2872 797 2966 850 καὶ
3010 797 3175 867 μόνου
3210 796 3549 865 βραχυτάτου
3593 796 3700 865 τῆς

2128 893 2286 959 ἀξίας
2318 892 2699 965 προσάψαιτο;
2760 889 2894 960 ἣτίς
2942 887 3211 958 φαντασίᾳ
3246 887 3375 956 ψιλῇ
3408 887 3702 965 προσεγγί-

2128 988 2243 1052 ζειν
2290 986 2646 1056 καυχήσαιτο,
2707 982 2781 1052 μὴ
2821 982 2902 1035 δτι
2935 997 2999 1048 γε
3048 979 3253 1049 πλῆρες
3306 976 3701 1055 κατειληφέναι

2128 1075 2462 1145 πειράσηται
2490 1089 2506 1138 ;
2532 1073 2720 1125 Πᾶσαν
2734 1070 2914 1124 τοίνυν
2938 1069 3113 1137 λόγων
3150 1067 3378 1136 δύναμιν
3412 1066 3702 1136 ὑπερέπτη

2127 1167 2197 1222 τὰ
2221 1167 2319 1236 τῆς
2358 1165 2639 1236 Παρθένου
2668 1160 2942 1231 ἐγκώμια,
2973 1161 3053 1214 διὸ
3102 1160 3198 1212 καί⁸
3231 1158 3465 1212 κατόπιν
3496 1154 3703 1216 παντὸς

2128 1256 2351 1310 ἐπαίνου
2397 1254 2525 1317 τοὺς
2576 1255 2735 1324 ὅρους
2781 1250 3068 1306 ἀπέθεντο.
3135 1249 3277 1318 Ἐγὼ
3333 1248 3433 1319 μὲν
3484 1244 3603 1313 οὖν,
3649 1240 3703 1298 ὦ

2128 1348 2343 1418 ἄνδρες,
2376 1346 2504 1418 πρὶν
2555 1345 2636 1414 τῷ
2663 1342 2758 1397 τοῦ
2807 1342 2975 1396 πόθου
3010 1339 3215 1394 ἁλῶναι
3248 1339 3433 1404 πάθει,
3463 1337 3706 1408 χαλεπδν

2128 1439 2230 1508 τῆς
2263 1436 2469 1507 τόλμης
2511 1435 2620 1489 τῶν
2666 1434 3062 1505 ἐγχειρούντων
3095 1430 3444 1501 ἐψηφιζόμην
3496 1431 3558 1482 τὸ
3610 1428 3709 1496 ἐγ-

2130 1528 2359 1598 κλημα,
2400 1526 2512 1582 Καὶ
2550 1525 2660 1594 γὰρ
2718 1518 2857 1578 εἶναι
2914 1525 3112 1594 μανίας
3164 1522 3339 1575 ἐδόκει
3402 1519 3512 1572 τῶν
3557 1518 3708 1588 ὑπὲρ

2128 1618 2357 1688 δύναμιν
2386 1616 2673 1681 άπτεσθαι,
2707 1616 2803 1669 καὶ
2851 1610 2927 1668 ὧν
2975 1617 3025 1668 οί
3079 1613 3228 1682 λόγοι
3268 1612 3331 1665 τὸ
3366 1610 3507 1679 ὑπὲρ
3534 1608 3705 1677 λόγον

2134 1709 2450 1778 εἰλήφασιν·
2481 1707 2603 1760 ἐπεὶ
2631 1707 2688 1760 δὲ
2719 1706 2825 1760 ὑπὸ
2879 1703 2977 1758 τοῦ
3033 1703 3259 1772 ἄγοντος
3299 1700 3657 1772 τυραννηθεὶς
3683 1737 3703 1765 ,

463 1794 708 1847 altiorem
780 1808 1032 1847 sermone
1086 1796 1353 1849 rationem
1405 1796 1683 1849 baberent.
1742 1795 2029 1863 Postquam

2131 1799 2210 1868 τῷ
2247 1798 2356 1852 τῶν
2409 1796 2615 1851 πολλῶν
2667 1790 2918 1866 ὑπήχθην
2967 1794 3304 1865 τολμήματι,
3361 1792 3547 1859 ἱκέτης
3600 1791 3703 1844 σὺν

464 1891 640 1936 autem
673 1884 740 1937 ab
778 1892 967 1951 agente
994 1882 1186 1938 aﬂ‘eclu
1235 1886 1341 1937 vim
1392 1900 1600 1955 passus,
1655 1884 1768 1953 ipse
1820 1899 2031 1954 quoque

466 1972 753 2025 multorum
788 1974 1266 2039 cessi’temerilati,
1294 1974 1519 2043 supplex
1553 1991 1672 2028 cum
1700 1975 1778 2028 eis
1822 1973 2029 2027 veniam

462 2061 700 2130 postulo,
728 2061 1030 2118 all'ectionis
1060 2068 1430 2133 experimento
1454 2050 1727 2129 dedoctus,
1762 2071 1820 2117 ut
1867 2079 1935 2118 ne
1979 2062 2032 2116 id

464 2154 668 2206 crimen
694 2164 876 2222 ptttem
931 2170 1037 2209 non
1085 2155 1370 2209 veniabile.
1425 2154 1578 2225 Rogo
1635 2155 1835 2224 itaque,
1878 2165 2031 2208 utne

465 2243 585 2310 quis
614 2255 852 2297 vestrum
887 2245 1126 2299 audaciae
1150 2245 1395 2298 illaturus
1419 2246 1647 2307 crimen,
1700 2259 1812 2298 rent
1865 2254 2032 2300 teme-

467 2332 644 2386 ritatis
681 2349 745 2387 ac
796 2335 1155 2403 arrogantiae,
1207 2337 1300 2389 sed
1351 2336 1725 2402 exsuperantis
1777 2335 2029 2390 desiderii

460 2422 684 2491 iudicet.
720 2424 927 2477 Etenim
970 2424 1098 2487 illud
1144 2425 1493 2480 vehementer
1547 2434 1754 2494 tenens,
1798 2426 2030 2481 maxima

465 2514 706 2581 quasdam
741 2512 867 2567 fecit
892 2529 1250 2582 praesumere;
1286 2515 1387 2570 ﬁde
1405 2516 1621 2586 quidem
1645 2516 1841 2586 praevia
1872 2517 2027 2579 duce,

463 2615 557 2667 spe
576 2611 754 2655 autem
787 2606 852 2657 ad
891 2617 951 2655 ea
978 2604 1314 2658 sublevante.
1344 2606 1528 2674 Neque
1560 2608 1707 2663 enim
1754 2620 2031 2660 sermones

462 2706 647 2746 eorum
675 2693 860 2762 gloriae
890 2708 1051 2748 causa
1079 2706 1225 2762 sunt,
1255 2696 1349 2765 qui
1382 2697 1627 2751 encomio
1644 2696 2025 2760 celebrantur;

462 2785 556 2839 sed
596 2786 813 2852 pietatis
885 2795 1014 2855 ergo
1073 2785 1379 2842 inferuntur
1447 2803 1634 2843 eorum
1692 2789 1784 2858 qui
1845 2788 2030 2842 dicunt

463 2889 525 2928 ac
552 2885 729 2930 orant.
766 2876 1123 2942 Quamobrem
1156 2888 1326 2932 tutum
1352 2880 1636 2933 admodum
1668 2880 1923 2941 arbitror,
1972 2886 2030 2932 ut

463 2962 623 3039 Deus,
651 2967 742 3035 qui
774 2981 871 3036 per
899 2974 1147 3020 naturam
1175 2967 1318 3022 nullo
1349 2979 1526 3038 egeat,
1553 2970 1734 3040 sitque
1767 2970 1881 3039 ipsa
1930 2983 2029 3037 per

408 3126 429 3133 ἡ
458 3069 517 3109 se
553 3056 745 3124 gloria,
775 3072 839 3112 ac
868 3059 1266 3127 magniﬁcentia
1290 3070 1477 3114 eorum
1512 3060 1600 3128 qui
1629 3059 1934 3123 laudantur,
1969 3072 2027 3113 se

2130 1891 2341 1953 τούτοις
2370 1890 2506 1959 πρὸς
2535 1886 2867 1957 συγγνώμην
2919 1885 3256 1955 καθέστηκα,
3289 1886 3353 1954 τῇ
3401 1883 3569 1952 πείρᾳ
3602 1879 3704 1934 τοῦ

2131 1983 2338 2046 πάθους
2370 1980 2627 2051 ἐκμαθὼν
2673 1979 2732 2034 τὸ
2774 1978 3180 2047 ἀσύγγνωστον.
3238 1975 3382 2028 Attii)
3420 1973 3622 2036 τοίνυν,
3652 1972 3711 2026 el

2128 2090 2215 2137 τις
2243 2072 2399 2144 ὑμῶν
2431 2069 2720 2133 αὐθαδείας
2739 2068 3053 2134 ἐπεισάγειν
3082 2064 3320 2135 πειρῷτο
3346 2064 3703 2134 ἐγκλήματα,

2130 2162 2210 2233 μὴ
2234 2162 2467 2232 θράσους
2490 2158 2830 2224 ἀλαζονείαν,
2887 2155 3022 2210 ἀλλὰ
3071 2154 3236 2209 πόθου
3288 2153 3607 2237 περιουσίαν
3639 2152 3707 2206 τδ

2133 2252 2492 2323 προκείμενον
2532 2249 2802 2318 κρινέτω*
2854 2247 2950 2301 καὶ
2998 2246 3108 2316 γὰρ
3156 2247 3190 2315 ἡ
3239 2243 3430 2298 τούτου
3490 2243 3706 2313 σφοδρᾶ

2128 2343 2512 2414 ἐπικράτησις,
2540 2340 2650 2393 τῶν
2679 2338 2951 2409 μεγίστων
2971 2336 3318 2406 κατατολμᾷν
3347 2336 3703 2407 παρεσκεύαα

2134 2451 2247 2489 σεν.
2296 2434 2542 2493 Πίστεως
2593 2430 2690 2500 μὲν
2739 2428 3111 2499 προαγούσης,
3159 2426 3375 2490 ἐλπίδος
3444 2427 3502 2480 δὲ
3560 2425 3707 2494 πρὸς

2129 2524 2302 2579 ταῦτα
2353 2520 2784 2590 συνανυψούσης.
2847 2518 2985 2572 Οὐδὲ
3017 2518 3125 2587 γὰρ
3164 2517 3326 2587 δόξης
3370 2516 3533 2570 ἕνεκα
3587 2517 3707 2569 τῶν

2130 2611 2625 2684 ἐγκωμιαζομένων
2654 2611 2704 2662 οἰ
2754 2609 2932 2677 λόγον
2990 2606 3273 2669 εὑσεὸείας
3298 2607 3354 2660 δέ
3400 2608 3561 2678 χάριν
3589 2606 3708 2659 τῶν

2128 2705 2395 2773 λεγόντων
2451 2701 2814 2772 εἰσφέρονται.
2876 2698 3038 2751 Ὅθεν
3099 2685 3212 2767 μοι’
3235 2696 3354 2750 λίαν
3401 2695 3712 2757 ἀκινδύνως

2127 2794 2293 2857 δοκεῖ,
2326 2793 2419 2845 καὶ
2445 2791 2506 2843 τὸ
2534 2790 2678 2844 θεῖον
2698 2787 2918 2857 ἀνενδεῆ
2950 2786 3047 2858 τὴν
3078 2787 3244 2853 φύσιν
3266 2785 3413 2855 ἔχον,
3436 2783 3708 2848 αὐτοδόξα

2128 2900 2185 2936 τε
2209 2882 2268 2935 ὃν
2314 2882 2408 2934 καὶ
2464 2878 2824 2950 μεγαλειότης
2873 2877 2984 2930 τῶν
3042 2878 3469 2945 ἐπαινουμένων,
3524 2875 3709 2928 αἴτιον

2130 2975 2208 3036 εἰς
2235 2968 2486 3042 ἀφορμὴν
2524 2970 2761 3023 ἐπαίνων
2810 2966 2969 3019 ἐαυτὸ
3005 2968 3114 3029 τοῖς
3172 2965 3518 3034 βουλομένοις
3558 2980 3710 3035 παρ-

2130 3062 2294 3132 έχειν,
2336 3062 2436 3115 οὑκ
2490 3060 2741 3112 ἐπίτασιν
2775 3059 2876 3127 τῆς
2908 3057 3114 3120 οἰκείας
3165 3056 3322 3127 δόξης
3369 3056 3667 3127 δεχόμενον
3692 3075 3709 3087 ·

456 3146 572 3213 ipse
628 3147 929 3204 volentibus
978 3151 1029 3204 in
1061 3148 1423 3204 laudationem
1476 3150 1852 3221 argumentum
1902 3166 2027 3220 per-

2131 3153 2229 3221 τὴν
2263 3149 2319 3203 δὲ
2353 3149 2663 3221 προθυμίαν
2704 3146 2813 3201 τῶν
2847 3149 3180 3218 εἰσαγόντων
3233 3148 3464 3218 ἱέμενον.
3495 3146 3708 3200 Τούτου

456 3236 635 3290 mittat
662 3234 860 3292 nullum
897 3240 1018 3294 inde
1062 3240 1245 3309 gloria:
1288 3249 1637 3310 augmentum
1684 3241 2022 3310 suscipiens;

455 3330 548 3381 sed
613 3344 801 3383 eorum
851 3332 941 3398 qui
996 3330 1257 3398 inferunt,
1323 3332 1656 3386 alacritatem
1727 3330 2027 3402 impensius

459 3420 665 3475 volens.
698 3420 793 3476 llis
816 3437 944 3493 ergo
976 3427 1027 3479 in
1056 3426 1199 3481 hunc
1250 3425 1465 3479 modum
1492 3425 1732 3489 statutis,
1784 3439 1882 3490 age
1916 3422 2025 3492 jam

2132 3238 2419 3309 τοιγαροῦν
2453 3236 2597 3290 οὕτω
2630 3237 2985 3300 διατεθέντος,
3020 3236 3156 3307 φέρε
3189 3238 3299 3290 τῶν
3346 3230 3446 3306 τῆς
3493 3235 3712 3307 παρούσ-

2136 3346 2234 3400 σης
2255 3327 2450 3398 ἑορτῆς
2469 3324 2809 3396 ἐφαψώμεθα
2828 3325 3001 3394 λόγων
3025 3340 3039 3357 ⁸
3064 3325 3160 3379 καὶ
3183 3325 3313 3396 περί
3335 3318 3409 3378 ὧν
3427 3323 3714 3396 προήχθη-

2139 3437 2237 3492 μεν
2267 3420 2468 3487 λέγειν,
2497 3418 2626 3488 περί
2650 3417 2856 3470 τούτων
2890 3418 2988 3488 τὴν
3021 3416 3259 3485 σπουδὴν
3290 3414 3707 3485 ἐνσῇσὼμεθα.

458 3513 679 3569 festivos
707 3516 985 3585 praesentis
1032 3518 1171 3575 lucis
1220 3532 1502 3574 sermones
1550 3519 1929 3587 auspicentur;
1963 3532 2027 3571 ac
2073 3514 2126 3570 in
2155 3514 2255 3577 eis,
2294 3513 2360 3567 de
2394 3512 2588 3580 quibus
2644 3506 2910 3578 coepimus
2960 3508 3102 3577 loqui
3153 3521 3371 3576 Operam
3416 3519 3707 3575 ponamus.

533 3602 824 3659 Enimvero
848 3620 966 3675 quae
993 3614 1138 3663 tanta
1173 3608 1254 3664 vis
1288 3609 1423 3663 artis
1468 3616 1843 3678 argumentum
1893 3621 2034 3675 prte-

455 3706 583 3750 sens
635 3710 878 3763 congrue
931 3701 1264 3766 tractaverit,
1317 3709 1377 3754 ut
1423 3699 1567 3768 quod
1616 3699 1812 3768 cuique
1856 3696 2033 3752 ordini

454 3798 885 3842 consentaneum
902 3800 1004 3852 est,
1029 3793 1249 3861 exsequi
1277 3790 1484 3860 queat?
1509 3791 1765 3858 Quaenam
1790 3790 2034 3844 instituta

454 3879 792 3949 comparatio
826 3876 942 3948 ejus
992 3881 1065 3935 sit
1118 3886 1556 3951 represetttatura
1600 3879 2034 3944 similitudinem,

455 3968 544 4023 cui
592 3969 721 4023 nihil
760 3985 788 4021 a
814 3971 1010 4025 sarculo
1038 3972 1284 4040 apparuit
1306 3969 1555 4040 aequale?
1593 3970 1729 4037 Quia
1770 3971 1915 4024 enim
1944 3970 2035 4038 qui

450 4059 721 4129 ejusmodi
754 4069 1074 4129 argumenta
1105 4070 1343 4127 versant,
1377 4062 1647 4117 similibus
1669 4062 1921 4131 aequalia,
1949 4060 2034 4115 vel

456 4148 664 4216 majora
692 4151 990 4205 minoribus
1021 4165 1117 4221 per
1156 4154 1619 4219 comparationem
1667 4160 2032 4220 apponcntes,

453 4242 652 4294 exinde
708 4240 997 4296 verborum
1058 4257 1121 4296 ac
1174 4242 1439 4297 orationis
1475 4252 1742 4297 venantur
1786 4241 2031 4310 copiam;

457 4333 662 4387 idcirco
709 4332 1022 4387 facillimum
1045 4332 1257 4387 exsistit
1283 4348 1510 4387 examen
1554 4334 1916 4398 inventorum,
1945 4348 2033 4387 ve-

454 4433 686 4488 rumque
722 4434 933 4484 eorum,
984 4434 1106 4488 qua:
1155 4420 1408 4473 dicuntur
1453 4415 1716 4486 judicium
1757 4419 1919 4474 habet
1950 4437 1964 4473 :
1997 4434 2026 4472 a
2060 4412 2102 4466 ῐ)

453 4523 566 4576 quo
596 4520 778 4562 autem
804 4510 1044 4577 superati
1085 4518 1213 4563 sunt
1245 4520 1449 4563 naturae
1499 4509 1655 4573 ﬁnes,
1700 4510 1825 4564 huic
1866 4524 2028 4563 enco-

459 4598 688 4651 miorum
736 4598 880 4667 leges
917 4599 1140 4667 obsequi
1200 4612 1304 4652 non
1353 4600 1554 4654 valent.
1604 4597 1684 4654 Ne
1731 4599 1851 4668 quis
1902 4615 2029 4670 ergo

455 4689 764 4757 superantia
790 4700 997 4743 natura:
1021 4690 1309 4752 rationem,
1332 4705 1395 4744 ac
1418 4690 1573 4759 siqua
1607 4691 1655 4744 ei
1692 4705 2026 4760 consequen-

460 4789 543 4834 ter
573 4779 771 4833 habent
820 4781 1007 4835 iisdem
1055 4791 1225 4837 tentet
1262 4784 1552 4853 subjicere.
1617 4780 1827 4836 Nullam
1885 4783 2027 4837 enim

456 4870 548 4926 illa
580 4885 873 4941 congruam
905 4882 1092 4928 mutuo
1132 4875 1565 4929 communionem
1602 4876 1855 4944 ingerunt
1887 4873 2028 4927 mul-

458 4971 681 5031 tumque
722 4964 952 5018 invicem
1003 4964 1294 5020 discrimen
1360 4965 1671 5019 ostendunt.
1721 4964 1856 5018 ilinc
1898 4978 2028 5032 ergo

456 5053 588 5106 milti
613 5052 781 5107 ardua
813 5063 1033 5124 apparet
1056 5054 1330 5110 excellens
1353 5055 1655 5124 argumenti
1696 5053 2025 5122 prastantia,

458 5154 558 5197 nec
590 5144 703 5198 ileri
747 5128 937 5215 posse,
992 5154 1052 5199 ut
1093 5145 1217 5200 ullis
1264 5146 1490 5216 regulis,
1549 5159 1730 5197 rerum
1771 5142 1927 5198 nobis
1973 5143 2026 5197 in

459 5236 752 5299 qttazstione
778 5237 1070 5303 positarum
1088 5237 1397 5305 explicatio,
1417 5235 1484 5289 ad
1521 5234 1717 5289 similia
1742 5235 2024 5304 dirigatur.

457 5324 725 5378 Craterum
784 5326 910 5380 licet.
966 5328 1131 5382 hocce
1195 5326 1497 5394 argumenti
1569 5341 1748 5380 rerum
1809 5326 2028 5380 omnino

460 5416 903 5483 consequentiam
926 5426 1166 5484 superet,
1198 5418 1337 5471 baud
1374 5425 1555 5471 tamen
1603 5416 2024 5488 permittendum

461 5516 517 5557 ιιι
553 5520 651 5559 nos
682 5505 807 5558 illud
829 5504 1067 5576 emtgia't,
1102 5509 1386 5577 nequando
1442 5508 1688 5566 frustrati
1737 5508 2023 5578 desiderio,

462 5611 569 5650 una
597 5611 720 5651 cum
746 5613 810 5653 eo
835 5600 1036 5667 pietate
1059 5601 1358 5669 privemttr.

2212 3602 2375 3656 Ἀλλὰ
2401 3601 2483 3665 τίς
2521 3600 2587 3654 ἂν
2626 3599 2857 3669 δύναμις
2892 3599 3116 3668 τεχνικὴ
3144 3598 3206 3650 τὸ
3233 3596 3407 3667 παρὸν
3443 3595 3713 3664 μεθοδεύ-

2133 3710 2294 3756 σειεν,
2323 3691 2397 3755 ὡς
2410 3692 2625 3760 ἑκάστῳ
2650 3688 2973 3742 ἀκολουθίαν
3009 3682 3491 3757 άπεξεργάσασθαι
3511 3686 3663 3751 τάξει
3691 3701 3708 3750 ;

2132 3784 2228 3847 Τίς
2266 3783 2552 3853 σύγκρισις
2600 3778 3064 3850 παραϐαλλομένη
3106 3776 3165 3832 τὸ
3210 3776 3396 3849 ὅμοιον
3419 3778 3710 3847 παραστή-

2135 3887 2237 3929 σει
2270 3872 2442 3947 [Μαι.
2497 3869 2910 3944 ἅντιπαραστ.],
2946 3862 3101 3939 ᾧτινι
3162 3870 3220 3922 τὸ
3278 3868 3395 3921 ἴσον
3442 3870 3558 3931 τοῖς
3609 3868 3710 3920 ἀπ’

2135 3968 2328 4030 αἰῶνος
2361 3965 2462 4019 οὐκ
2489 3963 2646 4034 ὤφθη
2681 3980 2696 4029 ;
2730 3964 2882 4017 Ἐπεὶ
2909 3961 3018 4032 γὰρ
3075 3963 3124 4013 οἰ
3168 3959 3266 4025 τὰς
3319 3959 3578 4020 τοιαύτας
3606 3959 3709 4010 ἀν-

2135 4058 2433 4121 ελίττοντες
2484 4056 2792 4120 ὑποθέσεις,
2836 4056 2949 4116 τοῖς
2995 4053 3202 4123 ὁμοίοις
3257 4052 3369 4117 ίσα,
3397 4051 3431 4119 ἦ
3480 4048 3709 4119 μείζονα

2133 4151 2246 4213 τοῖς
2284 4149 2531 4201 ἐλάττοσι
2583 4147 2692 4201 τῶν
2748 4145 3095 4218 πραγμάτων
3139 4142 3531 4213 εἰσδεχομένων
3556 4144 3710 4194 ἀντι-

2135 4241 2546 4312 παρατιθέντες,
2582 4242 2647 4293 ἐκ
2707 4239 2913 4293 τούτων
2954 4238 3054 4309 τὴν
3107 4232 3373 4305 εὐπορίαν
3423 4233 3709 4304 θηρῶνται

2135 4335 2242 4387 τῶν
2270 4333 2444 4399 λόγων
2464 4348 2478 4363 ⁸
2513 4331 2604 4384 διά
2628 4348 2710 4383 τοι
2740 4327 2896 4383 τοῦτο
2927 4328 3100 4400 ῥᾴστη
3150 4324 3250 4396 μέν
3293 4324 3476 4388 αὐτοῖς
3525 4325 3560 4394 ἡ
3594 4323 3709 4377 τῶν

2131 4422 2466 4492 εὑρεθέντων
2510 4420 2758 4484 ἐξέτασις
2782 4435 2796 4449 ·
2830 4417 3037 4489 ἀληθὴς
3070 4416 3130 4469 δὲ
3159 4419 3191 4486 ἡ
3228 4416 3341 4468 τῶν
3386 4414 3707 4483 λεγομένων

2130 4514 2407 4585 ἐπίκρισις
2444 4512 2653 4580 γίνεται
2674 4527 2687 4539 ·
2717 4504 2762 4577 ᾧ
2790 4509 2844 4561 δέ
2871 4510 2920 4562 oi
2948 4508 3041 4579 τῆς
3068 4508 3284 4577 φύσεως
3312 4507 3427 4576 ὅροι
3455 4504 3709 4576 ἡττήθη-

2131 4622 2249 4669 σαν,
2309 4603 2485 4674 τούτῳ
2539 4601 2646 4655 τῶν
2677 4601 2970 4670 ἐγκωμίων
3030 4602 3078 4653 oi
3127 4599 3304 4668 νόμοι,
3356 4597 3707 4668 λειτουργεῖν

2129 4695 2515 4766 ἐξησθένησαν.
2550 4691 2641 4746 Διδ
2668 4693 2744 4763 μὴ
2763 4695 2875 4755 τοῖς
2917 4693 3099 4754 αὐτοῖς
3122 4691 3319 4769 τὰγτῆς
3354 4688 3568 4758 φύσεως
3604 4686 3706 4753 ἐξ-

2127 4786 2400 4860 ῃρημένα,
2436 4786 2529 4839 καί
2580 4784 2651 4838 τὰ
2681 4784 2856 4856 ταύτῃ
2902 4783 3147 4853 ἑπόμενα
3179 4779 3616 4836 καθυποὸάλλειν
3680 4780 3712 4832 ό

2130 4870 2455 4950 βουλόμενος
2515 4876 2814 4948 πειράσθω.
2867 4875 3140 4946 Οὐδεμίαν
3193 4875 3300 4945 γὰρ
3354 4871 3705 4942 κατάλληλον

2128 4972 2415 5025 κοινωνίαν
2451 4972 2589 5040 πρὸς
2625 4970 2801 5023 ταῦτα
2845 4969 3033 5021 ἐκεῖνα
3077 4966 3415 5037 εἰσφέρουσι,
3466 4964 3603 5018 πολὺ
3643 4964 3709 5018 τὸ

2127 5064 2407 5134 διεστηκὸς
2430 5060 2706 5129 ἑκατέρων
2728 5060 3069 5113 δεικνύντων.
3095 5058 3289 5110 Ἔνθεν
3319 5052 3413 5110 οὖν
3434 5058 3562 5127 ἐμοὶ
3577 5055 3709 5109 δύσε-

2127 5151 2327 5224 ληπτον
2362 5152 2460 5224 μὲν
2488 5151 2550 5204 τὸ
2569 5154 2665 5221 τῆς
2696 5149 3006 5212 ὑποθέσεως
3037 5146 3482 5219 ὑπερανεστηκδς
3514 5148 3713 5215 φαίνε-

2126 5261 2217 5298 ται
2236 5261 2249 5275 '
2276 5245 2376 5297 οὐκ
2409 5242 2633 5312 ἐφικτὸν
2662 5242 2722 5294 δὲ
2755 5240 2975 5294 κανόσιν
3002 5237 3327 5292 ἀπευθύνειν
3358 5236 3496 5307 πρὸς
3544 5236 3714 5306 ὃμοια

2126 5336 2224 5404 τὴν
2255 5336 2364 5390 τῶν
2393 5336 2680 5406 φυομένων
2708 5332 3020 5401 κεφαλαίων
3063 5330 3390 5396 ἐξάπλωσιν.
3460 5328 3612 5399 Πλὴν
3662 5330 3712 5381 εί

2127 5430 2221 5483 καὶ
2244 5428 2421 5498 πάντη
2445 5427 2552 5480 τῶν
2574 5427 2672 5496 τῆς
2693 5423 3018 5486 ἀκολουθίας
3050 5422 3390 5493 πραγμάτιον
3418 5420 3483 5473 τὸ
3536 5419 3713 5490 παρὸν

2127 5519 2409 5590 ἐξῄρηται,
2443 5516 2560 5593 ἐνὸν
2603 5516 2677 5587 μὴ
2711 5515 3004 5585 ἐκφεύγειν
3034 5515 3124 5568 τὸν
3165 5510 3435 5584 ἡμέτερον
3464 5510 3708 5583 ίπόθονι,

2131 5608 2342 5677 μήποτε
2372 5605 2471 5676 τῆς
2499 5606 2736 5673 ἐφέσεως
2768 5602 3183 5676 διαμαρτόντες,
3226 5603 3323 5655 καὶ
3363 5602 3422 5656 τὺ
3462 5601 3710 5655 εὐσεϐεῖν

2131 5697 2225 5749 σὺν
2256 5694 2429 5768 ταύτῃ
2458 5694 2865 5765 ἀφαιρεθῶμεν.
