3982 6160
369 317 512 385 1405

1320 337 1405 400 IN
1442 339 1546 402 ss.
1585 314 1848 403 MARLE
1891 346 2617 413 PRAESENTATIONEM.

3471 353 3607 418 1406

450 435 608 488 Ἐπεὶ
636 432 743 508 γὰρ
773 438 980 493 ἄνωθεν
1033 443 1170 512 ἡμῖν
1216 447 1514 520 εἰσφρήσας
1551 454 1579 506 ὃ
1625 454 1720 507 τοῦ
1768 454 1910 525 ὄφεω

2011 500 2016 516 .
2116 462 2249 528 Quia
2264 464 2406 517 enim
2441 482 2467 518 a
2489 464 2753 535 principio
2784 464 3088 536 irrumpens
3137 469 3404 537 serpentis
3432 473 3602 537 virus,

362 528 470 593 ἰὸς,
502 530 833 602 ύποσμύχων
852 548 910 587 τε
939 536 1087 591 ἔνδον
1116 542 1466 597 κατεδαπάνα
1493 546 1553 598 τὸ
1575 548 1749 615 γένος·
1774 566 1829 600 νε
1840 550 1940 619 μό-

368 635 531 711 μενος
559 618 617 674 δέ
646 622 734 675 ἀεὶ
757 625 883 687 τοὺς
910 627 1038 680 καθ’
1087 624 1332 696 ἕκαστα,
1361 636 1461 688 οὐκ
1504 636 1586 690 ἔτι
1629 639 1729 708 τῆς
1768 642 1940 711 νομῆς

365 709 718 775 ἁνεκόπτετο,
769 714 881 767 οὐδ’
915 715 1254 790 ἁλεξιτήριον
1289 724 1579 793 φάρμακον
1618 728 1939 800 ἀποσμῆχον

362 798 555 852 τοῦτον
581 801 888 889 ἐδείκνυτο·
916 806 1031 859 ἀλλ’
1061 810 1265 879 ὁμοίως
1303 814 1546 880 ἃπαντας
1579 820 1655 881 ὡς
1704 798 1938 874 ὕπουλον

360 905 414 941 τι
432 891 659 961 τραῦμα
708 895 1139 967 ἐνδιαδυόμενος,
1186 897 1318 967 τοὺς
1356 906 1937 980 ύπογιγνωσκομένους

362 980 538 1052 [Μαι.
583 985 1073 1062 ύπογιγνομένους]
1112 994 1556 1063 κατελυμαίνετο.
1593 1000 1793 1053 Τοῦτον
1831 1002 1936 1055 τοί-

356 1090 456 1126 νυν
506 1076 539 1127 ὁ
588 1078 932 1147 Δημιουργὸς
978 1081 1171 1152 ἐξᾶραι
1218 1084 1519 1158 βουληθεὶς,
1579 1092 1673 1144 καὶ
1741 1092 1933 1146 ἐαυτοῦ

360 1162 465 1232 μὲν
516 1164 614 1235 τήν
646 1167 1000 1236 δυναστείαν,
1058 1172 1151 1225 τοῦ
1207 1179 1545 1247 τετρωμένου
1592 1180 1649 1234 δέ
1710 1180 1807 1252 τὴν
1855 1185 1934 1235 ia-

354 1255 545 1326 τρείαν
578 1258 942 1324 ἐνδείξασθαι,
983 1267 1286 1333 μηχανᾶται
1342 1268 1485 1322 κατὰ
1520 1270 1613 1323 τοῦ
1670 1271 1921 1343 τρώσαν-

360 1364 451 1411 τος
477 1349 570 1402 τὸν
592 1351 846 1420 κείμενον
872 1354 1199 1425 ἀναστῆσαι,
1229 1358 1325 1412 καὶ
1357 1359 1505 1431 αὐτῷ
1529 1360 1599 1413 τὰ
1637 1362 1734 1432 τῆς
1771 1364 1931 1434 νίκης

356 1441 806 1511 κατεγχειρίσαιο
853 1442 1105 1513 λαμπρὸν
1134 1447 1382 1500 ἐντεῦθεν
1419 1449 1480 1502 τὺ
1520 1450 1804 1519 τρόπαιον,
1835 1453 1929 1505 καὶ

350 1525 453 1597 τὴν
479 1530 573 1580 τοῦ
626 1530 947 1601 φθείραντος
977 1530 1149 1605 ἦτταν
1194 1536 1577 1607 δημοσιεύεται
1609 1538 1779 1611 [Μαι.
1828 1541 1926 1612 δη-

356 1618 681 1692 peruetiva
715 1623 886 1677 Τοῦτο
937 1624 995 1678 δέ
1026 1627 1125 1698 οὐχ
1163 1627 1366 1700 ἑτέρως
1398 1630 1677 1685 ἐκϐαίνειν
1726 1628 1837 1685 οἷόν
1866 1646 1924 1686 τε

348 1705 438 1779 ἦν,
469 1713 520 1765 εἰ
550 1713 626 1783 μὴ
655 1712 754 1784 τὴν
797 1715 891 1768 τοῦ
922 1719 1274 1789 νενοσηκότος
1299 1723 1394 1774 τὸν
1423 1723 1608 1795 ἰατρὸν
1652 1722 1924 1778 ὗποδύντα

2045 554 2272 610 aeintus
2302 555 2536 621 latitans,
2561 558 2851 611 humanum
2870 559 3223 614 consumebat
3259 575 3426 630 genus
3448 577 3467 627 ;
3489 563 3606 617 sin-

2041 644 2300 714 gulosque
2346 660 2560 715 seraper
2612 649 2927 718 depascens,
2984 650 3210 705 necdum
3264 667 3294 706 a
3353 655 3601 721 pastione

2042 734 2445 802 prohibebatur,
2471 753 2568 793 nec
2596 750 3026 805 praesentaneum
3052 740 3216 794 ullum
3273 743 3597 809 remedium,

2040 825 2112 877 illi
2145 828 2456 889 exterendo.
2509 830 2929 896 ostendebatur;
2990 832 3082 885 sed
3130 831 3290 885 simili
3332 834 3602 901 subjectos

2038 931 2225 971 omnes
2251 919 2482 984 ratione,
2509 916 2703 975 occ’nlti
2747 922 2990 977 vulneris
3035 922 3227 987 instar,
3271 924 3376 977 ima
3411 939 3601 993 perva-

2038 1007 2189 1073 dens,
2215 1010 2472 1065 vitiabat:
2507 1012 2693 1066 volens
2741 1014 2921 1081 itaque
2953 1029 3133 1068 rerum
3164 1015 3429 1069 Conditor
3467 1014 3598 1070 illud

2037 1097 2223 1152 tollere
2254 1110 2414 1169 atque
2445 1094 2555 1156 tum
2592 1105 2884 1171 potentiam
2928 1120 3102 1170 suam,
3145 1115 3257 1160 tum
3304 1108 3472 1161 saucii
3508 1122 3596 1162 sa-

2032 1186 2305 1240 nationem
2333 1190 2611 1253 exhibere,
2647 1190 2697 1243 id
2728 1187 2943 1244 molitur
2994 1201 3052 1245 ut
3100 1191 3364 1262 iacentem
3402 1192 3596 1246 adver-

2030 1288 2126 1331 sus
2158 1279 2513 1364 sauciatgrem
2541 1283 2772 1350 erigens,
2805 1282 2854 1336 ei
2883 1283 3159 1336 victoriam
3203 1284 3422 1337 tribuat.
3458 1282 3594 1336 llinc

2031 1368 2396 1438 ergoillustri
2446 1371 2721 1439 ‘truphteo,
2777 1372 3012 1426 auctoris
3058 1372 3304 1451 interitus
3358 1370 3594 1425 traducit

2028 1461 2337 1515 victoriam.
2368 1461 2422 1515 Id
2463 1476 2625 1529 porro
2657 1462 2799 1516 haud
2831 1463 2931 1515 alia
2967 1464 3176 1516 ratione
3215 1462 3327 1516 ﬁeri
3359 1469 3588 1531 poterat,

2023 1561 2188 1617 quam
2249 1558 2309 1603 ut
2365 1550 2605 1604 medicus
2650 1551 2965 1621 aegrotantis
3017 1551 3246 1605 indueus
3317 1563 3587 1619 naturam,

2023 1632 2223 1693 blando
2251 1638 2509 1707 ejusmodi
2553 1641 2737 1695 habitu
2762 1682 2778 1707 ,
2828 1642 2969 1709 quod
3008 1650 3126 1696 erat
3155 1642 3400 1695 vitiatum
3435 1642 3500 1695 ad
3529 1656 3590 1697 se

2027 1729 2299 1797 traheret;
2334 1739 2390 1783 ut
2420 1741 2730 1800 comparato
2763 1747 2866 1787 usu
2899 1746 3241 1803 congressus,
3278 1734 3589 1802 inepinatus

346 1797 546 1867 φύσιν,
597 1800 747 1871 ηπίῳ
769 1802 847 1873 τῷ
893 1805 1134 1875 σχήματι
1180 1808 1318 1879 πρὸς
1348 1810 1541 1865 ἐαυτὺν
1569 1810 1713 1880 ἐλξοι
1741 1813 1802 1867 τὸ
1825 1813 1910 1868 λυε

2023 1817 2287 1886 irmeret;
2357 1797 2554 1888 atque—
2585 1821 2690 1876 hoc
2744 1823 2940 1888 modo,
3003 1823 3172 1877 morbi
3247 1838 3411 1878 causa
3476 1824 3585 1877 vim

348 1890 701 1960 μαινόμενον,
739 1892 805 1945 ἵν’
834 1896 894 1947 ἐν
921 1894 998 1965 τῷ
1023 1899 1245 1969 συνήθει
1279 1900 1647 1973 προσδραμδν,
1687 1903 1764 1972 τῷ
1794 1902 1918 1959 ἀδο-

344 1982 498 2049 κήτῳ
528 1983 836 2056 προσπέσῃ,
870 1986 966 2037 καί
1012 1986 1155 2041 οὕτω
1194 1989 1263 2042 τὰ
1291 1989 1392 2060 τῆς
1431 1992 1589 2046 νόσου
1623 1996 1752 2065 ῥᾷον
1780 1991 1916 2049 ἀπο-

342 2070 555 2142 παυθῇ,
604 2072 699 2126 τοῦ
744 2075 918 2128 αἰτίου
952 2076 1158 2149 ταύτης
1199 2083 1280 2144 εἰς
1328 2082 1559 2136 καθόλου
1611 2086 1916 2156 ἀδυναμίαν

341 2162 717 2233 χωρήσαντος.
761 2167 915 2222 Ἐπεὶ
942 2169 999 2222 δέ
1028 2169 1201 2224 ταῦτα
1226 2172 1404 2237 οὕτως
1435 2175 1781 2247 ᾠκονομήθη,
1809 2178 1914 2232 ἔδει

338 2254 399 2307 δέ
422 2254 483 2321 ἐξ
508 2251 577 2328 ἧς
606 2258 843 2329 ἀρχῆθεν
866 2261 925 2313 τὸ
948 2262 1120 2315 δεινὸν
1146 2263 1380 2335 ὡρμήθη
1410 2267 1590 2335 ῥίζης,
1620 2270 1686 2319 ἐκ
1712 2267 1915 2339 ταύτης

339 2344 440 2416 τὴν
470 2348 714 2418 ἰατρείαν
743 2350 1184 2424 ἀναῦλαστῆσαιο
1228 2355 1323 2408 καί
1346 2354 1414 2410 δι’
1446 2352 1513 2430 ἧς
1550 2357 1669 2411 όδοῢ
1700 2359 1836 2430 πρὸς
1853 2360 1914 2413 τὸ

338 2436 500 2505 γένος
534 2440 794 2510 εἰσήχθη,
846 2442 937 2496 διὰ
977 2445 1184 2516 ταύτης
1217 2446 1566 2521 ἐξελαθῆναι·
1606 2451 1639 2522 ἡ
1680 2452 1739 2505 δὲ
1780 2449 1911 2525 ἦνή

332 2529 618 2594 γυναικῶν
663 2530 920 2598 εὐκολία,
964 2536 1083 2603 ούκκ
1123 2536 1381 2605 ἀσφαλῶς
1428 2539 1528 2609 τὴν
1573 2540 1775 2594 εἴσοδον
1823 2542 1914 2609 ἐξ·

337 2620 622 2687 ανοίξασα,
654 2622 823 2695 ἑαυτῇ
859 2641 917 2676 τε
958 2629 1052 2678 καί
1078 2626 1156 2696 τῷ
1206 2629 1429 2699 οἰκείῳ,
1456 2631 1551 2684 καὶ
1586 2634 1698 2697 τοῖς
1724 2633 1914 2688 ἔπειτα

336 2707 438 2779 τὴν
460 2709 641 2780 λύμην
684 2706 1116 2767 διασκεδάσασα·
1169 2717 1264 2769 καὶ
1310 2717 1374 2785 δὴ
1426 2718 1586 2771 τοῦτο
1644 2734 1910 2793 πραγμα-

338 2799 577 2855 τεύεται.
619 2802 759 2854 Ἀλλ’
781 2802 968 2874 ἐπειδὴ
993 2805 1161 2873 ἐγγὺς
1189 2807 1458 2878 ἐγενόμην
1483 2810 1585 2880 τῆς
1607 2812 1914 2878 ὑποθέσεως

338 2886 623 2958 ἀμηχανίᾳ
648 2889 742 2941 τοῦ
779 2890 1108 2959 πράγματος
1139 2893 1232 2948 τὸν
1266 2895 1422 2965 λόγον
1452 2901 1784 2971 κατέχομαι,
1819 2904 1913 2957 καὶ

336 2975 418 3046 τῷ
447 2977 668 3046 μεγέθει
712 2980 806 3033 τοῦ
861 2980 1141 3052 θαύματος
1190 2986 1290 3055 τὴν
1319 2987 1560 3043 διάνοιαν
1599 2994 1961 3075 καταπλήτοκν

334 3084 503 3138 τομαι
535 3069 715 3141 [Hum
758 3072 1091 3146 ἐκπλήττ.],
1130 3075 1278 3138 ξένον
1296 3077 1443 3146 δρῶν
1468 3080 1562 3132 καί
1606 3081 1910 3151 παράδοξον

2021 1920 2232 1964 onmem
2256 1909 2552 1976 amittente,
2576 1910 2689 1980 ejus
2706 1913 2917 1967 curatio
2941 1912 3150 1967 facilior
3168 1922 3335 1968 esset.
3358 1912 3587 1979 Quando

2021 2009 2198 2053 autem
2239 2000 2355 2055 haec
2392 2002 2465 2055 ita
2509 2002 2721 2057 fuerant
2758 2004 2994 2071 provisa,
3028 2018 3230 2074 parque
3256 2013 3397 2069 erat,
3426 2012 3486 2058 ut
3516 2003 3585 2056 ab

2018 2086 2203 2143 eadem
2226 2087 2344 2159 ipsa
2371 2090 2553 2146 radice
2576 2106 2644 2145 ex
2681 2102 2786 2161 qua
2814 2093 3012 2147 malum
3045 2108 3074 2147 a
3105 2093 3368 2163 principio
3399 2102 3579 2147 ortum

2018 2185 2154 2239 erat,
2186 2178 2473 2233 medicatio
2521 2194 2734 2250 quoque
2778 2183 3137 2251 germinaret;
3174 2192 3339 2251 utque
3390 2180 3579 2235 eadem

2018 2263 2307 2331 pelleretur
2339 2266 2458 2331 via,
2493 2282 2597 2337 qua
2651 2269 2701 2321 in
2744 2269 3018 2323 hominum
3054 2282 3223 2337 genus
3274 2271 3579 2338 invaserat;

2017 2364 2047 2406 ε
2076 2352 2321 2409 muliebri
2344 2356 2598 2411 nimirum
2624 2357 2885 2414 facilitate
2904 2398 2921 2425 ,
2951 2375 3070 2429 quae
3090 2362 3307 2415 incaute
3332 2363 3582 2431 aperiens

2016 2442 2217 2496 editum
2240 2485 2255 2511 ,
2281 2445 2383 2500 sibi
2412 2449 2643 2515 pariter,
2676 2450 2918 2517 viroque,
2951 2461 3107 2519 atque
3138 2453 3370 2520 posteris
3399 2453 3580 2521 perni-

2015 2533 2153 2588 ciem
2191 2535 2476 2591 ascivisset
2511 2556 2526 2592 :
2563 2539 2643 2594 sic
2689 2541 2908 2594 omnino
2950 2554 3038 2596 res
3078 2541 3289 2596 habuit.
3344 2542 3579 2611 Atenim,

2013 2625 2233 2693 propior
2253 2623 2362 2691 iam
2392 2638 2707 2695 argmenta
2731 2629 2927 2697 factus,
2952 2641 3138 2685 teneor
3163 2631 3239 2685 rei
3270 2630 3583 2685 dilllcultate

2016 2723 2075 2766 ut
2108 2728 2175 2768 ne
2205 2715 2412 2769 valeam
2462 2717 2645 2786 loqui;
2688 2733 2891 2789 proque
2926 2720 3168 2775 miraculi
3213 2722 3582 2789 magnitudine

2013 2804 2195 2858 animo
2218 2806 2501 2874 percellor,
2529 2810 2622 2878 qui
2648 2822 2847 2864 novum
2876 2825 2940 2866 ac
2982 2811 3235 2867 mirabile
3258 2812 3577 2882 mysterium

2012 2893 2066 2946 in
2096 2893 2263 2948 terris
2287 2895 2493 2949 videam
2522 2901 2913 2965 consummari,
2946 2916 3013 2957 ac
3053 2902 3195 2971 quod
3229 2913 3357 2956 ante
3384 2902 3580 2959 saecula

2012 2985 2190 3038 omnia
2217 3002 2414 3042 arcane
2438 2991 2757 3056 promissum
2782 3001 2918 3057 erat,
2943 2992 3230 3047 salutarem
3252 3009 3396 3047 nunc
3419 2992 3577 3047 linem

2006 3072 2257 3142 adipisci.
2292 3074 2405 3131 Hoc
2440 3077 2572 3132 illud
2603 3090 2886 3148 parentum
2916 3082 3150 3152 Virginis
3187 3082 3521 3152 privilegium
3558 3100 3576 3138 :

338 3135 433 3212 ἐπὶ
469 3135 575 3230 γῆς
623 3135 949 3232 τελούμενον
989 3135 1310 3237 ’μύστήριοη
1332 3135 1438 3221 ’καὶ
1473 3169 1502 3222 ό
1538 3171 1647 3241 πρὸ

2011 3165 2129 3219 bet:
2172 3166 2358 3230 initia,
2401 3182 2617 3225 omnem
2652 3186 2962 3227 sermonum
3012 3173 3285 3228 vincentia
3324 3174 3581 3242 amplitu-

336 3249 552 3302 αἰώνων
597 3253 1200 3327 ἀρρήτως-ἐπηγγέλθη
1245 3259 1535 3329 σωτήριον,
1581 3262 1702 3315 νυνὶ
1741 3263 1912 3334 πέρας

330 3339 737 3410 εἰσδεχόμενον.
777 3343 958 3396 Τοῦτο
981 3344 1184 3415 δηλαδὴ
1214 3334 1320 3400 τῶν
1351 3348 1451 3418 τὴν
1498 3350 1780 3422 Παρθένον
1816 3369 1909 3405 τε-

335 3428 546 3482 κόντων
587 3430 959 3503 ἅνῳκίσμενον
990 3432 1330 3508 [ἐγκώμιον]
1358 3451 1373 3467 ⁸
1399 3436 1557 3491 τοῦτο
1601 3440 1907 3510 προοίμιον,

336 3520 519 3572 πᾶσαν
547 3520 813 3589 ἐκφεῦγον
842 3522 1019 3589 λόγων
1054 3525 1318 3580 ἐπίδοσιν.
1352 3527 1540 3600 Τούτῳ
1579 3531 1904 3599 προσϐαλὼν

336 3604 438 3674 μὲν
475 3605 505 3656 ὸ
542 3605 709 3670 ωὖς,
745 3608 848 3661 οὐκ
897 3609 1264 3682 ἐξασθενήσας
1309 3613 1365 3666 δέ
1406 3614 1525 3669 τῶν
1559 3618 1774 3673 οἰκείων
1820 3619 1908 3685 ἐξ·

331 3699 550 3771 ἕστηκε.
594 3702 807 3756 Σκοποῦ
849 3704 958 3775 γὰρ
1004 3707 1153 3770 ὅστις
1205 3706 1271 3760 ἂν
1307 3703 1363 3762 εἴ
1392 3709 1421 3761 ὁ
1479 3711 1654 3766 ταῦτα
1698 3713 1908 3785 διερευ-

328 3790 594 3861 νώμενος,
628 3792 814 3863 ήλίκον
838 3795 1092 3850 ἐντεῦθεν
1116 3789 1359 3869 ἀνεφάνη
1391 3800 1688 3872 τὺθαῦμα.
1715 3806 1906 3859 Φιλαν-

329 3883 548 3953 θρωπίᾳ
594 3885 731 3957 μόνῃ
764 3887 830 3939 ἐκ
859 3888 934 3957 μὴ
962 3886 1133 3942 ὄντων
1170 3890 1275 3943 ὑπὸ
1309 3890 1405 3944 τοῦ
1455 3893 1695 3948 πλάστου
1754 3913 1901 3968 παρ-

327 3973 468 4045 ήχθη
479 3990 596 4042 μεν·
615 3977 698 4028 ἐπ’
722 3977 907 4046 ἔργοις
927 3981 1152 4044 ἀγαθοῖς
1168 3981 1259 4035 τὸν
1271 3983 1603 4055 παράδεισον
1628 3991 1904 4043 κατοικεῖν

327 4067 781 4137 προσετάγημεν’
815 4069 915 4140 τὴν
943 4070 1164 4141 ἐντολὴν
1202 4073 1521 4146 ἀϐουλήτως
1559 4078 1904 4149 ἀπεκρουσά-

329 4153 468 4222 μεθα
488 4171 503 4186 ο
534 4155 766 4209 θάνατον
796 4160 863 4226 τῇ
894 4159 1208 4229 προαιρέσει
1235 4162 1701 4235 ἐπεσπασάμεθα·
1731 4170 1901 4240 ἐπηγω

321 4244 492 4314 γέλθη
522 4247 673 4316 παρὰ
698 4247 791 4300 τοῦ
820 4249 1103 4313 κτίσαντος
1128 4251 1434 4325 ἐλευθερία,
1461 4257 1556 4308 καὶ
1576 4256 1639 4309 τὸ
1666 4260 1901 4329 πρᾶγμα

324 4337 547 4405 ἔμελλε,
592 4341 687 4392 καὶ
728 4342 757 4392 ὁ
801 4341 991 4410 χρόνος
1042 4342 1168 4406 τοὺς
1207 4344 1551 4416 ἐπιτηδείους
1600 4347 1894 4418 ἀνηρεύνα.

2005 3254 2209 3311 dinem.
2258 3258 2397 3315 Huic
2441 3261 2652 3317 mimus
2703 3263 3012 3328 intendens,
3064 3264 3166 3320 nisi
3218 3274 3301 3320 est
3352 3266 3579 3322 debilior

2002 3343 2256 3415 eﬂ'ectos,
2291 3364 2322 3401 a
2350 3353 2584 3419 propriis
2620 3355 2874 3410 excessit.
2900 3355 3197 3412 Considera
3223 3356 3389 3420 enim.
3423 3356 3576 3426 quis-

2002 3438 2131 3504 quis
2167 3452 2226 3493 es
2261 3442 2352 3510 qui
2388 3445 2805 3511 ista-scrutaris,
2836 3461 2996 3516 quain
3031 3447 3157 3503 inde
3191 3464 3441 3518 magnum
3473 3448 3576 3505 mi-

2004 3527 2246 3581 raculum
2285 3530 2474 3585 eluxit.
2527 3533 2651 3588 Sola
2698 3534 3031 3604 benignitate
3077 3553 3107 3591 a
3148 3537 3258 3593 Deo
3292 3539 3467 3608 plaste
3500 3553 3571 3594 ex

2004 3616 2177 3671 nihilo
2206 3620 2456 3686 producti
2500 3620 2777 3677 fueramus
2805 3641 2821 3678 :
2848 3623 3061 3691 iussum
3091 3635 3211 3683 erat
3243 3628 3295 3681 in
3322 3629 3575 3698 operibus

2002 3707 2162 3761 bonis
2195 3710 2502 3777 paradisum
2534 3712 2713 3766 colere
2740 3729 2755 3766 :
2780 3724 3105 3782 preceptum
3138 3714 3459 3786 insipienter
3488 3733 3575 3774 re-

2000 3796 2282 3867 pellentes,
2312 3808 2543 3854 mortem
2584 3809 2768 3855 nostra
2813 3801 2914 3871 ipsi
2960 3801 3236 3858 voluntate
3265 3814 3569 3861 attraxera~

2004 3900 2128 3941 mus
2163 3888 2426 3943 :Creator
2452 3888 2753 3945 libertatem
2786 3891 3056 3960 pollicitus
3083 3903 3197 3960 est;
3230 3904 3454 3963 eratque
3483 3910 3569 3952 res

2000 3975 2207 4041 iutura,
2240 3988 2303 4031 ac
2327 3987 2540 4046 tempus
2569 3992 2662 4033 eos
2709 3983 3006 4049 quarebat,
3041 3982 3131 4050 qui
3163 3982 3336 4037 idonei
3361 3994 3564 4040 essent.

2000 4064 2352 4123 Praeter-ibant
2370 4077 2593 4135 mtates;
2614 4070 2768 4139 juges
2790 4072 3086 4140 prophetia:
3106 4072 3562 4144 subjiciebantur;

2000 4162 2056 4215 in
2102 4178 2198 4233 spe
2246 4170 2401 4216 eram
2448 4165 2879 4233 patriarcharum
2928 4164 3167 4219 omnium
3203 4180 3269 4220 ac
3295 4165 3565 4235 iustorum

1999 4265 2088 4307 res
2121 4251 2324 4321 positae.
2372 4254 2646 4308 Abraham
2680 4254 3031 4322 praeterierat,
3070 4253 3296 4323 ejusque
3328 4257 3562 4326 posteri,

1999 4343 2241 4398 cumdiei
2263 4343 2401 4399 illius
2428 4353 2825 4397 sacramentum
2854 4343 2905 4397 in
2929 4343 3176 4415 symbolis
3200 4343 3563 4411 didiscissent,

318 4428 670 4499 Παρέτρεχον
725 4430 780 4483 αἱ
840 4432 1058 4498 γενεαί’
1123 4435 1180 4487 αἰ
1245 4438 1577 4505 προφητεῖαι
1653 4440 1898 4521 συνεχεῖς

2011 4442 2160 4503 atque
2210 4435 2407 4489 animis
2456 4435 2522 4488 ad
2556 4434 2755 4499 futuras
2811 4434 2888 4489 rei
2953 4449 3203 4490 eventum
3268 4436 3562 4492 inhiareut.

324 4517 718 4573 κατεϐάλλοντο
743 4535 756 4548 ο
805 4521 863 4572 ἐν
908 4519 1119 4574 ἐλπίσιν
1173 4517 1240 4592 ἦν
1268 4524 1334 4577 τὰ
1364 4524 1474 4577 τῶν
1517 4520 1892 4596 πατρίαρχῶν,

320 4610 414 4664 καὶ
444 4611 665 4665 πάντων
695 4612 939 4667 δικαίων.
1008 4614 1261 4686 Ἀϐραὰμ
1320 4616 1666 4687 παρέδραμε,
1716 4619 1814 4673 καὶ
1843 4620 1894 4672 oi

324 4703 443 4769 μετ’
474 4702 681 4755 ἐκεῖνον
705 4704 762 4755 ἐν
788 4704 1078 4772 συμϐόλοις
1108 4705 1175 4757 τὰ
1197 4707 1294 4775 τῆς
1316 4707 1532 4778 ἡμέρας
1567 4709 1888 4778 μυηθέντες,

319 4791 417 4844 καί
468 4792 606 4861 πρὸς
653 4793 754 4861 τὴν
806 4793 1033 4848 ἔκϐασιν
1082 4794 1205 4871 τού
1234 4796 1522 4865 μέλλοντος
1575 4799 1889 4868 κεχηνότες.

317 4880 561 4949 Μωῦσῆς
596 4882 625 4933 ό
666 4881 956 4946 θεσπέσιος
991 4884 1252 4952 ἐμφανῶς
1281 4885 1362 4947 εἱς
1389 4886 1516 4949 τοὺς
1551 4887 1758 4950 τύπους
1796 4888 1888 4941 τοῦ

319 4971 624 5041 μυστηρίου
655 4971 897 5043 θεωρῶν,
931 4975 1027 5027 καὶ
1059 4974 1129 5026 τὰ
1157 4978 1258 5045 τῆς
1287 4956 1550 5044 ἀληθείας
1582 4978 1889 5044 κατανοῶν,

314 5059 491 5113 ἐδόκει
517 5063 653 5132 πρὸς
675 5063 851 5134 ἐαυτῷ
872 5065 1213 5135 πληροῦσθαι
1238 5068 1306 5121 τὰ
1328 5068 1761 5139 προδηλούμενα.
1802 5071 1889 5125 Ἐν

311 5154 380 5222 τῇ
411 5153 607 5223 ἐρήμῳ
631 5156 662 5222 ἠ
687 5155 862 5219 ἐλπίς.
905 5158 995 5212 Ἐν
1022 5161 1132 5221 τοῖς
1157 5159 1269 5213 τῶν
1299 5161 1504 5230 κριτῶν
1533 5161 1889 5230 δημαγωγοῖς

311 5244 344 5313 ή
378 5243 699 5311 προσδοκία.
750 5247 1004 5318 Σαμουὴλ
1038 5244 1672 5319 ἐχρηματίζετοβΔαὸὶδ
1720 5254 1885 5320 ἐγγὺς

308 5330 409 5404 τὴν
441 5334 654 5406 ἡμέραν
676 5336 997 5406 ἀναφωνῶν,
1029 5341 1410 5412 ἁπεμάκρυνε.
1434 5342 1554 5396 Τῶν
1585 5345 1884 5413 προφητῶν

305 5423 338 5475 ό
367 5423 529 5495 χορὸς
572 5425 910 5500 διαπρυσίως
948 5431 1238 5503 ἐκήρυττε,
1274 5432 1368 5486 καὶ
1396 5433 1490 5487 ἐπὶ
1518 5431 1711 5503 θύραις
1742 5430 1882 5488 εἶναι

383 5555 516 5642 ζᾷθλ
675 5563 866 5618 iisdem
925 5568 1029 5642 orti
1073 5569 1382 5639 majoribus.
1424 5573 1583 5642 Atqui
1624 5573 1761 5627 alter
1815 5588 1880 5630 ex

308 5627 645 5706 regiajlribu
673 5642 859 5706 _erat,
907 5635 1046 5706 alter
1093 5627 1175 5692 τί
1210 5627 1567 5706 sacerdotali,
1610 5654 1667 5697 ut
1721 5627 1885 5699 habet

307 5698 580 5785 reccptior
630 5701 878 5760 historia.
921 5705 1090 5763 Erant
1125 5707 1285 5766 iidem
1325 5698 1675 5771 nihilominus
1713 5698 1883 5785 majoé

2005 4528 2214 4599 Moyses
2238 4528 2329 4582 ille
2362 4528 2690 4583 admirabilis
2714 4528 2767 4581 in
2805 4528 3043 4599 mysterii
3086 4529 3284 4598 guras
3313 4529 3559 4599 intuens,

1999 4633 2063 4671 ac
2112 4618 2392 4671 veritatem
2449 4618 2810 4685 perspiciens,
2865 4620 3004 4685 apud
3040 4632 3133 4682 se,
3175 4634 3238 4673 ac
3271 4628 3428 4674 aetate
3465 4635 3562 4677 sua

1998 4708 2271 4777 impletum
2308 4708 2372 4761 iri
2401 4708 2779 4764 eiistimabat:
2824 4718 2939 4763 erat
2973 4724 3109 4778 spes.
3126 4711 3179 4766 in
3223 4712 3436 4767 deserto
3464 4729 3479 4767 :
3506 4713 3559 4767 in

1987 4801 2261 4871 judicibus
2310 4801 2488 4870 populi
2536 4803 2838 4857 rectoribus
2894 4806 3227 4872 exspectatio
3267 4821 3283 4859 :
3344 4804 3560 4858 Samuel

1991 4905 2305 4958 responsum
2351 4891 2691 4960 accipiebat:
2728 4892 2890 4946 David
2922 4893 3273 4963 propinquam
3321 4893 3559 4948 clamans

1990 4981 2165 5046 diem,
2216 4981 2429 5049 longius
2481 4984 2877 5037 submovebat:
2937 4985 3314 5051 prophetarum
3360 4984 3556 5038 chorus

1992 5071 2135 5125 clara
2163 5073 2492 5141 praedicabat
2529 5088 2681 5138 vere,
2710 5089 2773 5127 ac
2797 5072 3070 5127 Christum
3102 5086 3268 5140 prope
3302 5073 3355 5126 in
3376 5073 3555 5140 januia

1990 5164 2364 5219 annuntiabat.
2383 5164 2647 5218 Caeterum
2667 5179 2855 5219 omnes
2873 5179 2966 5232 spe
2991 5165 3252 5228 frustrati,
3272 5166 3552 5231 abierunt;

1987 5257 2128 5321 quod
2170 5254 2423 5307 nimirum
2466 5262 2676 5320 tempus
2705 5251 2958 5306 deﬁceret
2988 5268 3108 5307 cum
3157 5254 3221 5308 iis
3276 5254 3365 5322 qui
3409 5255 3553 5325 (ligni

1985 5355 2159 5399 erant.
2194 5345 2361 5400 Porro
2395 5344 2599 5399 invenit
2622 5344 2722 5399 sibi
2751 5360 3017 5415 congruos
3046 5344 3232 5400 iisdem
3265 5356 3557 5415 prognatos

1986 5436 2281 5504 majoribus
2307 5436 2442 5508 (20).
2494 5446 2653 5505 atque
2692 5436 2744 5489 in
2807 5449 2928 5491 eum
2977 5434 3135 5490 linem
3183 5451 3210 5488 a
3249 5450 3427 5490 rerum
3460 5450 3557 5489 au-

1990 5589 2098 5640 res,
2134 5591 2199 5632 ac
2223 5576 2527 5648 conjunctae
2568 5576 2818 5648 familiae,
2850 5591 2914 5648 eo
2944 5576 3083 5648 quod
3116 5577 3286 5632 tribus
3328 5575 3473 5648 regia
3500 5583 3561 5631 et

1987 5646 2340 5703 sacerdotalis
2365 5646 2475 5713 iam
2502 5648 2629 5705 olim
2659 5646 2907 5718 conjugia
2946 5647 3256 5704 miscerent.
3394 5646 3407 5648 “
3480 5650 3481 5657 ‘
