3948 6162
428 340 562 403 Ιίῦῗ

1552 330 1871 392 GEORGII
1912 324 2507 389 NICOMEDIENSIS

3542 324 3683 389 1418

424 462 576 505 ctore
605 454 818 517 paratos
841 462 855 511 ;
882 443 1144 509 Joachim,
1175 441 1416 512 inquam,
1448 458 1509 497 ac
1536 442 1781 508 Annam;
1811 454 2001 509 paren-

2111 436 2202 489 τὸν
2246 436 2481 506 Χριστὸν
2535 432 2866 503 κατεμήνυε.
2921 431 3131 494 Πάντες
3176 431 3285 485 τῶν
3314 431 3683 490 ἐλπισθέντων

430 552 511 595 tes
541 539 677 607 ejus,
706 551 823 606 quae
851 535 1265 606 promissionum
1298 533 1419 588 ﬂuis
1453 531 1790 587 conciliatrix
1830 528 1990 583 foret.

427 630 518 693 lli,
574 628 749 697 prima
799 628 866 680 ad
915 640 1048 694 opus
1105 630 1535 694 prmstruxerunt
1585 620 1994 690 praedictionum

428 722 629 776 initia:
672 720 750 785 hi,
799 725 1230 786 exspectatorum
1283 714 1519 767 radicem
1580 711 1989 780 germinaruut:

428 811 521 877 hi,
575 810 965 881 promissorum
1019 805 1428 858 fundamentum
1481 802 1770 871 jecerunt:
1813 814 1877 854 ex
1915 798 2000 852 his

430 900 585 953 nobis
640 896 862 951 emersit
919 894 1170 949 sanitatis
1231 892 1582 962 myrctheca:
1626 904 1688 942 ex
1733 888 1850 951 his,
1883 895 1997 951 orta

428 988 628 1059 prodiit
655 987 852 1040 laetitiae
873 984 1212 1038 conciliatrix
1241 999 1254 1035 :
1282 997 1348 1035 ex
1373 981 1478 1043 his,
1506 978 1797 1046 praeierunt
1818 974 1993 1046 gaudii

431 1076 678 1147 pignora.
728 1073 790 1126 lli
822 1075 1001 1141 itaque
1031 1072 1098 1126 ob
1140 1070 1494 1124 excellentem
1526 1067 1802 1127 virtutem,
1836 1077 1996 1131 supra

429 1181 618 1224 omnes
656 1166 768 1219 noti
818 1164 954 1218 fiunt
994 1163 1103 1217 Deo
1135 1159 1412 1226 Creatori;
1450 1167 1507 1212 ut
1540 1157 1630 1226 qui
1670 1155 1902 1225 prmsciti
1936 1168 2000 1208 ac

431 1258 677 1314 destinati
731 1257 784 1310 in
840 1253 1221 1325 mysteriorum
1274 1251 1579 1305 divinorum
1639 1243 2001 1300 ministerium

430 1358 604 1406 erant.
638 1347 997 1414 Quamobrem
1031 1344 1171 1397 viam
1205 1355 1420 1398 omnem
1447 1338 1823 1393 mandatorum
1857 1335 2005 1390 ince-

432 1442 639 1504 dentes,
674 1438 739 1491 ad
769 1449 1038 1491 summum
1070 1438 1359 1488 evaserunt
1393 1426 1742 1497 perfectionis
1774 1425 2003 1494 apicem,

431 1531 640 1599 solique
673 1543 736 1581 ea
781 1536 911 1581 sunt
952 1521 1271 1583 consecuti,
1301 1535 1420 1589 quae
1464 1534 1493 1573 a
1534 1517 1731 1574 saeculo
1788 1514 2004 1585 plurimi

429 1621 733 1690 cupierunt.
797 1616 1112 1685 Quanquam
1171 1613 1315 1668 enim
1371 1625 1657 1666 commune
1729 1608 2006 1663 hominum

2099 524 2468 594 ἀποτυχόντες
2513 523 2851 593 ἀπέδραμον,
2900 522 3199 594 ἐπειδήπερ
3254 524 3283 576 ὁ
3337 522 3532 592 χρόνος
3586 525 3681 579 σὺν

2097 618 2209 679 τοῖς
2239 614 2414 680 ἀξίοις
2457 615 2857 684 ἀπελίμπανεν.
2906 605 3049 684 Εὗρε
3077 612 3143 684 δὴ
3172 613 3298 677 τοὺς
3342 614 3583 677 οἰκείους
3620 616 3685 669 ἐκ

2097 706 2206 758 τῶν
2233 704 2413 757 αὐτῶν
2444 704 2805 776 ὡρμημένους
2825 744 2839 767 ,
2866 702 2961 756 καὶ
3001 701 3135 773 πρὸς
3164 700 3324 754 τοῦτο
3349 702 3428 771 τῷ
3461 702 3677 776 κτίστῃ

2100 796 2603 867 εὐτρεπισμένους·
2667 794 2924 863 Ἰωακείμ
2968 811 3112 865 φημι
3146 795 3246 849 καὶ
3295 797 3502 851 Ἀνναν
3554 801 3685 863 τοὺς

2099 886 2199 955 τὴν
2222 886 2398 938 αἰτίαν
2428 884 2522 938 τοῦ
2551 885 2737 949 τέλους
2766 884 2875 938 τῶν
2907 885 3258 955 μηνυθέντων
3286 888 3687 952 ἀποτεκόντας.

2102 971 2263 1030 Οὗτοι
2308 976 2378 1029 τὰ
2421 976 2534 1028 τῶν
2582 976 2942 1047 προρρήσεων
2980 978 3061 1039 εἰς
3088 976 3249 1046 ἔργον
3317 979 3688 1035 κατεὸάλοντο

2103 1068 2398 1138 προοίμια·
2463 1061 2609 1121 οὗτοι
2668 1067 2779 1121 τῶν
2833 1068 3319 1138 προσδοκηθέντων
3371 1070 3472 1139 τὴν
3523 1071 3695 1143 ῥίζαν

2104 1157 2444 1226 ἐϐλάστησαν
2464 1174 2478 1188 ο
2506 1150 2654 1211 οὗτοι
2682 1158 2792 1211 τῶν
2821 1158 3271 1228 ἐπηγγελθέντων
3302 1162 3392 1214 τὸν
3429 1163 3685 1233 θεμέλιον

2104 1246 2451 1315 κατέπηξαν·
2500 1246 2566 1300 ἐκ
2612 1245 2817 1301 τούτων
2848 1249 2980 1316 ἡμῖν
3029 1250 3061 1318 ή
3096 1249 3198 1317 τῆς
3228 1250 3473 1320 ἰατρείας
3510 1270 3688 1323 μυρο-

2106 1337 2247 1406 θήκη
2298 1338 2711 1409 κατεσκευάσθη
2733 1354 2746 1367 ·
2795 1343 2862 1392 ἐκ
2890 1339 3100 1392 τούτων
3141 1342 3176 1410 ή
3211 1340 3313 1412 τῆς
3339 1343 3694 1413 εὐφροσύνης

2106 1428 2442 1480 ἀνατέταλκε
2490 1428 2795 1501 πρόξενοςο
2856 1430 2922 1482 ἐκ
2972 1420 3179 1484 τούτων
3235 1431 3305 1484 τὰ
3346 1433 3446 1501 τῆς
3505 1436 3693 1504 χαρᾶς

2108 1517 2551 1589 προωδοποίησεν
2592 1519 2846 1590 ἐνέχυρα.
2882 1512 3043 1573 Οὗτοι
3086 1520 3270 1575 τοίνυν
3302 1522 3369 1575 δι’
3405 1523 3689 1593 ὑπερϐάλ-

2106 1604 2304 1661 λουσαν
2360 1605 2585 1677 ἀρετὴν,
2635 1608 2788 1677 παρὰ
2821 1608 3034 1673 πάντας
3061 1609 3334 1681 γνώριμοι
3357 1611 3436 1682 τῷ
3471 1614 3689 1686 Κτίστῃ

429 1724 602 1781 genus
632 1707 882 1762 etl'ectum
925 1716 1009 1760 est
1042 1702 1311 1772 particeps
1339 1741 1355 1767 ,
1392 1700 1449 1754 hi
1501 1709 1678 1753 tamen
1708 1697 1904 1751 eximia
1943 1709 2001 1751 ac

2109 1695 2490 1761 καθίστανται,
2529 1696 2708 1750 καίτοι
2758 1700 3202 1768 προγνωσθέντες
3244 1702 3340 1755 καὶ
3368 1702 3693 1773 όρισθέντες

432 1773 687 1865 peculiari
723 1793 879 1847 laude
915 1793 1245 1849 claruerunt.
1265 1787 1476 1843 Etenim
1510 1786 1602 1856 qui
1635 1801 1724 1841 res
1746 1785 2001 1840 maximas

2114 1787 2195 1848 εἰς
2234 1785 2394 1839 θείων
2440 1787 2755 1857 μυστηρίων
2792 1788 3158 1861 λειτουργίαν.
3212 1791 3307 1845 Διὸ
3346 1795 3532 1847 πᾶσαν
3571 1794 3693 1849 ὁδὸν

432 1898 658 1959 gerunt,
693 1887 949 1956 majorem
986 1883 1055 1937 ab
1104 1883 1183 1938 eis
1233 1881 1504 1950 recipiunt
1536 1878 1787 1949 gloriam,
1841 1892 2003 1947 quam

431 1990 659 2045 quorum
697 1974 798 2028 illa:
827 1987 993 2028 causa
1039 1979 1298 2040 geruntur
1328 1989 1343 2025 :
1375 1976 1630 2038 tantoque
1664 1970 1717 2024 id
1749 1967 2000 2037 amplius,

430 2075 635 2136 quanto
682 2065 939 2119 facinoris
995 2061 1334 2119 necessitudo
1375 2061 1611 2115 maxima
1644 2067 2000 2115 monstratur.

431 2155 533 2211 llic
561 2162 739 2210 autem
766 2155 900 2209 nihil
929 2154 1159 2209 vicinius
1190 2168 1253 2207 ac
1284 2162 1568 2222 cognatum
1609 2151 1781 2222 magis
1813 2149 2003 2205 existi-

433 2246 566 2301 mari
591 2254 773 2315 queat,
802 2245 885 2304 iis.
912 2260 1031 2314 qua:
1056 2244 1335 2313 patrandis
1370 2242 1706 2296 mirabilibus
1742 2243 1795 2295 in
1825 2240 2001 2295 media

432 2344 703 2405 assumpta
754 2332 994 2390 fuerunt.
1051 2332 1163 2388 Sibi
1200 2333 1397 2403 quippe
1446 2332 1677 2387 Verbum
1714 2346 1783 2385 ex
1811 2344 2000 2384 eorum

433 2440 610 2479 massa
669 2423 1069 2480 tabernaculum
1113 2436 1431 2488 exstruens,
1483 2437 1549 2477 ex
1598 2421 1784 2476 eodem
1825 2420 2002 2475 altiori

432 2528 597 2582 supra
627 2512 961 2568 intellectum
990 2512 1223 2577 ratione,
1252 2512 1500 2566 humana:
1536 2518 1743 2564 naturae
1769 2522 2001 2563 massam

432 2604 748 2673 assumpsit,
794 2617 995 2666 noram
1048 2617 1302 2673 prorsus,
1335 2616 1455 2656 cum
1485 2600 1752 2656 actionem
1788 2599 2005 2669 dispen-

433 2711 582 2761 sans,
620 2706 730 2751 tum
755 2696 1021 2766 cogitatus
1047 2696 1346 2750 inventum.

2106 1876 2325 1946 ἐντολῆς
2360 1875 2699 1946 βαδίσαντες,
2739 1878 2875 1948 πρὸς
2913 1880 3191 1951 ἀκρότητα
3221 1882 3318 1951 τῆς
3344 1884 3693 1955 τελειότητος

2104 1967 2480 2038 κατήντησαν,
2534 1968 2628 2021 καὶ
2679 1967 2831 2037 μόνοι
2877 1968 2988 2022 τῶν
3037 1970 3310 2035 πλείστοις
3367 1972 3426 2039 ἐξ
3487 1974 3692 2039 αἰῶνος

2104 2052 2562 2123 ἐπιθυμουμένων
2611 2053 2895 2124 ἐπέτυχον.
2960 2056 3024 2108 El.
3086 2056 3195 2125 γὰρ
3247 2057 3343 2110 καὶ
3394 2058 3455 2110 τὸ
3506 2058 3690 2112 κοινὸν

2104 2146 2284 2200 αὐτῶν
2309 2145 2409 2215 τῆς
2450 2146 2667 2214 φύσεως
2705 2147 3049 2218 μετείληφεν,
3075 2148 3192 2202 ἀλλ’
3233 2148 3513 2219 ἐξαίρετον
3539 2146 3690 2205 οὗτοι

2103 2236 2164 2288 τὸ
2190 2236 2345 2298 κλέος
2364 2236 2686 2305 ἠνέγκαντο.
2717 2238 2827 2291 Καὶ
2852 2238 2960 2309 γὰρ
2988 2238 3038 2293 δι
3063 2233 3151 2293 ’ὧν
3173 2241 3241 2295 τὰ
3274 2242 3509 2311 μέγιστα
3543 2258 3686 2297 κατ-

2105 2324 2392 2397 ορθοῦνται
2436 2325 2544 2381 τῶν
2603 2328 2970 2398 πραγμάτων,
3019 2331 3174 2384 αὐτοὶ
3224 2331 3450 2401 μείζονα
3480 2333 3594 2387 τῶν
3621 2334 3692 2388 δι’

2108 2414 2203 2478 οὒς
2263 2415 2603 2479 τελειοῦται,
2653 2417 2752 2488 τὴν
2808 2418 2967 2484 δόξαν
3019 2420 3341 2491 εἰλήφασιν·
3393 2424 3491 2477 καὶ
3543 2427 3693 2496 τόσῳ

2112 2504 2335 2575 μᾶλλον,
2358 2505 2482 2558 ὅσον
2525 2505 2587 2561 τὸ
2633 2507 3069 2577 κατορθούμενον
3103 2511 3166 2566 τὸ
3215 2513 3554 2569 οἰκειότατον
3599 2516 3693 2567 ἐν-

2109 2595 2401 2652 δείκνυται.
2447 2596 2711 2650 Ἐνταῦθα
2740 2597 2795 2651 δὲ
2832 2599 2934 2652 οὐκ
2970 2599 3045 2653 ἂν
3067 2599 3240 2671 [Μαι.
3273 2603 3385 2656 οὐδ’
3413 2604 3522 2676 ἂν]
3553 2606 3691 2658 ὐπο-

2112 2684 2371 2756 πτευθείη
2398 2686 2501 2757 τὴν
2549 2687 2826 2756 ἐγγύτητα
2873 2688 3036 2743 πλέον
3070 2691 3393 2761 φερόμενον,
3426 2694 3539 2747 τῶν
3588 2695 3691 2748 ὅσα

430 2789 542 2849 τοῖς
576 2787 900 2858 παραδόξοις
933 2786 1039 2839 τῶν
1104 2785 1397 2857 δρωμένων
1466 2786 1602 2857 πρὸς
1646 2784 1926 2857 μεσιτείαν
1984 2780 2374 2852 παρείληπται.
2432 2779 2540 2833 Τοῦ
2587 2780 2696 2851 γὰρ
2751 2780 2931 2834 αὐτῶν
2965 2784 3323 2853 ’φυράματος
3359 2786 3538 2856 ἐαυτῷ
3571 2786 3675 2858 τὴν

434 2878 640 2950 σκηνὴν
666 2880 695 2931 ὁ
723 2879 896 2946 Λόγος
928 2878 1277 2949 δειμάμενος,
1303 2882 1367 2933 ἐκ
1394 2878 1597 2948 ταύτης
1620 2877 1762 2948 ὐπέρ
1826 2874 1950 2931 νοῦν
1977 2874 2040 2929 τὸ
2076 2873 2420 2946 ἀνθρώπινον
2457 2872 2661 2943 εἴληφεν
2699 2872 2948 2945 φύραμα,
2980 2873 3139 2945 ξένην
3179 2876 3356 2948 πάντη
3420 2878 3690 2932 διοικονορ

434 2972 703 3045 μούμενος
727 2973 819 3025 καὶ
843 2972 1043 3044 πρᾶξιν
1068 2974 1162 3027 καὶ
1190 2974 1394 3045 νόησιν.

504 3065 595 3120 Sic
620 3065 822 3134 itaque,
845 3067 1090 3135 huncque
1113 3066 1164 3119 in
1194 3066 1432 3130 modum,
1459 3080 1578 3134 quae
1604 3064 1859 3135 praeclara
1886 3079 2011 3137 ges-

2185 3060 2341 3116 Οὐτω
2372 3061 2492 3131 μὲν,
2523 3062 2666 3115 οὕτω
2695 3061 2764 3115 τὰ
2790 3062 2895 3115 τῶν
2928 3060 3109 3114 καλῶν
3137 3060 3468 3125 διανύοντες,
3505 3064 3686 3117 ἀπαιο

434 3156 656 3219 sissent,
696 3156 1001 3210 sterilitatis
1036 3156 1248 3210 ratione
1273 3156 1641 3221 declarantur,
1670 3171 1734 3211 ac
1759 3157 2001 3212 orbitatis

2108 3151 2195 3222 δίᾳ
2237 3152 2411 3205 ταῦτα
2460 3152 2938 3222 καταμηνύονται·
2975 3153 3070 3205 καὶ
3117 3154 3460 3224 πειρὼσεως
3509 3156 3679 3225 νοσή·

435 3247 662 3312 morbo,
691 3244 899 3299 occulta
926 3261 1111 3300 eorum
1145 3246 1359 3301 virtutis
1402 3254 1690 3316 augmenta
1722 3246 2007 3315 publican-

435 3345 546 3390 tur.
583 3335 716 3389 Cum
754 3336 896 3390 enim
942 3335 1194 3405 legitima:
1221 3337 1659 3401 consuetudines,
1704 3335 2008 3390 numerosi-

438 3436 547 3481 tate
586 3426 749 3493 prolis
786 3426 1037 3494 pietatem
1074 3426 1466 3490 decernerent,
1496 3435 1813 3494 certumque
1842 3426 2009 3481 bene-

437 3516 690 3570 dictionis
724 3524 1123 3583 argumentum,
1164 3525 1370 3569 natura:
1399 3515 1699 3571 ubertatem
1726 3516 2005 3581 baberent,

436 3622 504 3662 ex
536 3621 599 3662 ea
627 3607 838 3662 abunde
857 3607 1161 3669 hostiarum
1189 3608 1676 3677 acceptabilitatem
1720 3609 1788 3662 ad
1831 3608 2009 3678 propi-

440 3699 713 3752 tiationem
758 3701 1089 3754 censebant:
1132 3698 1296 3769 idque
1340 3700 1533 3768 opinor
1587 3699 1729 3753 haud
1771 3700 1945 3755 aliene
1977 3713 2006 3753 a

439 3790 646 3844 ratione
681 3788 812 3858 (21),
842 3799 1001 3844 autve
1026 3788 1369 3843 oll'ercntium
1399 3804 1596 3843 crassae
1626 3789 1792 3842 menti
1829 3789 2007 3844 minus

436 3892 691 3949 congrue.
736 3878 869 3943 Quia
918 3878 1063 3933 enim
1096 3877 1216 3947 ejus
1256 3878 1353 3931 aevi
1402 3877 1648 3932 homines
1684 3877 2007 3932 addictiores

435 3971 747 4039 corporeis,
784 3978 1071 4038 augmento
1109 3971 1310 4024 carnali
1364 3971 1504 4025 bona
1549 3969 1714 4023 animi
1748 3980 2007 4040 contege-

437 4063 588 4127 bant,
618 4077 678 4116 ac
708 4062 1020 4116 uberiorum
1048 4061 1437 4117 charismatum
1491 4061 1728 4133 Spiritus
1762 4062 2002 4130 hospites

436 4161 611 4217 erant,
637 4168 702 4206 ex
730 4152 795 4205 iis
824 4162 1072 4220 acceptas
1094 4152 1338 4206 victimas
1363 4165 1427 4206 ac
1455 4162 1581 4206 veta
1606 4149 2002 4221 coniectabant.

435 4241 570 4298 Cum
601 4257 729 4312 ergo
759 4242 852 4311 qui
880 4244 1082 4297 umbrae
1113 4241 1487 4297 deserviebant
1519 4241 1590 4295 ita
1625 4242 1863 4297 moribus
1889 4252 2003 4297 sta-

437 4341 607 4386 tutum
643 4334 923 4397 haberent,
950 4332 1128 4387 oblata
1159 4347 1187 4385 a
1207 4332 1371 4402 justis
1401 4334 1562 4398 dona,
1593 4347 1660 4388 eo
1687 4334 1827 4402 quod
1855 4334 2005 4404 prole

436 4432 707 4486 carerent,
753 4437 857 4476 non
904 4423 1270 4486 admiserunt;
1306 4422 1641 4491 illegitimum
1671 4424 2002 4478 arbitrantes

438 4511 572 4564 utin
607 4512 689 4565 eis
739 4512 996 4566 hactenus
1025 4511 1356 4565 obtinentem
1406 4524 1469 4564 ac
1515 4519 1783 4565 servatam
1826 4511 1999 4582 legum

436 4601 792 4655 stabilitatem
821 4600 1207 4655 convellerent.

511 4688 705 4743 Verum
751 4706 854 4744 non
878 4691 1052 4745 desint
1078 4691 1167 4759 qui
1200 4692 1320 4747 inde
1361 4693 1715 4762 quaestionem
1749 4695 2001 4751 studeant

437 4795 671 4847 movere,
712 4796 775 4835 ac
823 4781 1007 4835 dicant
1037 4799 1051 4835 :
1080 4781 1356 4851 Siquidem
1403 4786 1469 4837 ad
1506 4788 1608 4838 hoc
1650 4786 1805 4840 electi
1846 4798 2002 4841 erant

436 4869 755 4924 castissima:
801 4868 1033 4941 Virginis
1059 4882 1339 4939 parentes,
1377 4889 1633 4942 quorsum
1666 4876 1746 4930 eis
1770 4878 1834 4929 ad
1877 4878 2003 4933 illud

436 4975 607 5027 usque
636 4970 846 5029 tempus
870 4962 1088 5018 occlusa
1122 4974 1436 5017 manserunt
1464 4963 1811 5021 fecunditatis
1843 4968 2002 5030 dona,

437 5050 830 5122 plurimamque
875 5062 1088 5108 aetatem
1133 5054 1280 5123 prole
1311 5065 1559 5110 carentes
1586 5070 1845 5127 egerunt;
1881 5075 2001 5112 cum

438 5152 695 5213 prmterea
726 5153 869 5199 esset
902 5146 1343 5214 praedestinatum
1374 5156 1432 5201 ut
1465 5148 1708 5219 mystcrii
1742 5151 2003 5205 exhibitio

508 5266 618 5336 (9|)
653 5265 807 5319 Haud
850 5268 1021 5321 aliene
1054 5286 1084 5321 α
1120 5280 1342 5325 rauone.
1382 5269 1633 5325 Doctrina
1678 5273 1791 5327 hinc
1826 5274 2001 5327 minus

432 5350 733 5411 censoriam
753 5339 1009 5411 _vitleatur
1046 5339 1202 5411 dictis
1225 5356 1254 5392 a
1286 5339 1520 5401 Georgio
1553 5343 1694 5395 inter
1723 5343 2000 5411 explicau-

435 5407 559 5458 tlam
580 5406 857 5458 historiam
876 5418 1075 5461 sancta:
1091 5408 1613 5472 .ilatriaa,ttttliecbattt
1641 5406 1818 5470 modo,
1846 5415 2001 5465 mihi-

435 5490 539 5545 que
569 5476 811 5528 nonnihil
850 5479 1021 5529 reddit
1055 5492 1383 5545 suspectam,
1424 5480 1621 5533 Leonis~
1650 5482 1827 5534 Allatii
1865 5498 1998 5535 cou-

429 5544 724 5622 jeeturam,
758 5561 841 5622 Iac
872 5547 1026 5622 tidem
1049 5544 1302 5622 Cedit-tim
1345 5551 1391 5601 ei
1435 5551 1839 5604 iuscrihcutium
1864 5591 1877 5615 ,
1911 5553 1998 5619 qui

438 5615 600 5685 sciam
661 5615 1088 5685 antiquariorum
1141 5618 1453 5672 facilitatem
1516 5622 1853 5685 prmligeudis
1909 5615 1999 5674 aut

437 5681 757 5749 ampliamlis
785 5685 972 5750 titulis,
1001 5685 1196 5753 unique
1220 5702 1369 5742 certo
1396 5705 1458 5742 ac
1492 5681 1766 5744 {animi-uri
1792 5692 1995 5746 auctori

2037 4468 2080 4523 D

2110 3260 2241 3313 ματι
2262 3244 2334 3296 τὰ
2356 3244 2457 3312 τῆς
2485 3244 2685 3313 ἀρετῆς
2711 3243 2889 3297 αὐτῶν
2918 3243 3268 3313 κρυπτόμενα
3296 3244 3690 3314 δημοσιεύεται

2106 3332 2578 3402 πλεονεκτήματα.
2614 3334 2734 3387 Τῶν
2780 3335 2890 3405 γὰρ
2926 3334 3127 3404 ἐθίμων
3186 3334 3279 3387 τοῦ
3315 3336 3484 3403 νόμον
3519 3354 3691 3405 προσ-

2105 3422 2312 3488 τάξεων
2362 3424 2427 3493 τῇ
2473 3423 2727 3494 εὐτεκνίᾳ
2778 3423 3081 3493 κρινουσῶν
3122 3423 3221 3494 τὴν
3250 3424 3559 3491 εὐσέϐειαν,
3594 3426 3692 3479 καὶ

2105 3513 2410 3583 τεκμήριον
2461 3512 2689 3581 ἀψευδὲς
2727 3512 2981 3581 εὐλογίας
3016 3515 3115 3583 τὴν
3165 3514 3422 3584 εὐθηνίαν
3453 3516 3556 3585 τῆς
3590 3503 3696 3586 φύ-

2109 3619 2247 3666 σεως
2294 3602 2685 3673 λογιζομένων,
2738 3605 2798 3668 ἐξ
2839 3604 3012 3675 αὐτῆς
3054 3605 3148 3659 τοῦ
3177 3605 3542 3676 ἐξιλάσματος
3580 3608 3693 3663 τῶν

2107 3693 2312 3748 θυσιῶν
2359 3694 2647 3763 ἐπέκρινον
2678 3695 2739 3747 τὸ
2776 3684 3017 3750 δεκτέον.
3065 3697 3231 3750 Οὐδέν
3261 3697 3473 3767 ἀλόγως
3509 3694 3694 3766 οἴμαι,

2106 3783 2228 3837 οὐδέ
2284 3783 2385 3853 τῆς
2446 3784 2554 3837 τῶν
2614 3785 2970 3855 προαγόντων
3028 3786 3339 3858 παχύτητος
3405 3789 3695 3861 ἀλλότριον

2108 3875 2503 3941 θεσπιζουσῶν.
2564 3876 2784 3948 Ἐπειδὴ
2830 3880 2939 3950 γὰρ
2987 3880 3447 3952 σωματικώτερον
3480 3885 3531 3935 oi
3570 3885 3696 3937 τότε

2108 3964 2403 4031 διέκειντο,
2453 3969 2535 4039 τῇΔ
2569 3971 2670 4038 τῆς
2723 3969 2927 4041 σαρκὸς
2979 3970 3218 4022 ἐπιδόσει
3265 3973 3334 4023 τὰ.
3380 3973 3481 4041 τῆς
3512 3973 3696 4043 ψυχῆς

2109 4056 2578 4123 συγκαλύπτοντες
2609 4060 2790 4126 ἀγαθά
2808 4075 2821 4089 °
2851 4060 2991 4126 ξένοι
3019 4078 3076 4113 τε
3109 4061 3216 4114 τῶν
3244 4061 3338 4114 τοῦ
3367 4064 3691 4131 Πνεύματος

2106 4146 2345 4216 δαψιλῶν
2386 4149 2747 4220 χαρισμάτων
2797 4151 3188 4220 τυγχάνοντες,
3234 4152 3296 4205 τὸ
3324 4154 3695 4207 εὐαπόδεκτον

2107 4242 2173 4293 ἐκ
2194 4238 2400 4292 τούτων
2434 4241 2915 4310 κατεστοχάζοντο.
2958 4240 3128 4294 Τοῦτο
3167 4243 3347 4295 τοίνυν
3375 4246 3425 4296 oi
3458 4247 3526 4314 τῇ
3560 4248 3698 4315 σκιᾷ

2105 4329 2452 4393 δουλεύοντες
2497 4330 2573 4384 τδι
2609 4331 2730 4394 ἐθος
2777 4332 3131 4401 κατέχοντες,
3187 4334 3478 4398 ἀπαιδείας
3528 4337 3722 4404 ἕνεκα,

2109 4420 2219 4475 τῶν
2247 4421 2493 4485 δικαίων,
2523 4421 2591 4474 τὰ
2615 4423 3006 4492 προσαγόμενοι
3036 4425 3096 4476 οὐ
3127 4424 3479 4493 προσήκαντο
3507 4426 3693 4496 δῶρα,

2107 4513 2207 4566 οὐκ
2222 4512 2445 4583 ἐννομον
2460 4508 2599 4566 εἶναι
2622 4512 2943 4583 νομίσαντες
2959 4514 3017 4567 ἐν
3031 4513 3240 4577 τούτοις
3261 4515 3546 4568 ἀνακινεῖν
3574 4516 3689 4569 τῶν

2109 4606 2289 4675 νόμων
2320 4605 2381 4658 τὸ
2405 4605 2687 4674 στάσιμον,
2722 4604 2817 4659 καὶ
2848 4606 3038 4675 μέχρις
3070 4606 3293 4658 ἐκείνων
3324 4605 3695 4676 τηρούμενον.

2189 4695 2331 4749 Ἀλλ’
2352 4697 2501 4759 εἰκὸς
2525 4696 2762 4767 ἀπορίαν
2784 4695 2925 4758 τινὲς
2947 4698 3077 4766 ἡμῖν
3100 4695 3351 4747 ἐντεῦθεν
3375 4698 3699 4765 ἐπεισάγειν

2108 4791 2481 4858 πειράσονται.
2534 4790 2595 4842 Εἰ
2644 4790 2753 4858 γὰρ
2788 4793 2867 4854 εἰς
2896 4791 3055 4843 τοῦτο
3089 4791 3280 4859 ἔτυχον
3319 4786 3462 4842 εἶναι
3492 4792 3701 4857 ἐξειλε-

2104 4883 2301 4950 γμένοι
2334 4882 2634 4950 φάσκοντες
2661 4883 2711 4935 οἱ
2743 4884 2838 4952 τῆς
2875 4882 3152 4949 πανάγνου
3192 4885 3544 4951 γεννήτορες,
3577 4883 3699 4946 πῶς

2101 4973 2283 5034 αὐτοῖς
2308 4972 2502 5041 μέχρις
2528 4972 2737 5025 ἐκείνου
2760 4972 2830 5024 τὰ
2851 4971 2949 5035 τῆς
2972 4971 3322 5031 παιδοποιίας
3353 4972 3693 5042 ἀπεκλείσθη

2104 5060 2439 5131 χαρίσματα,
2468 5062 2561 5114 καὶ
2593 5060 2777 5127 ἄγονοι
2814 5061 2873 5113 τὸ
2899 5064 3151 5114 πλεῖστον
3180 5061 3271 5112 τοῦ
3304 5061 3422 5130 βίον
3452 5062 3691 5131 διήνυον·

2101 5152 2196 5204 καὶ
2229 5151 2364 5220 πρὸς
2410 5150 2580 5224 [Μαι.
2620 5154 2678 5205 ἐν
2708 5151 2863 5223 πρὸς]
2884 5153 3111 5215 τούτοις
3144 5152 3214 5204 τὰ
3240 5152 3332 5204 τοῦ
3367 5154 3689 5224 μυστηρίου

2111 5283 2371 5329 tractatus
2414 5275 2652 5343 ejusdem
2687 5277 2989 5345 argumenti
3031 5275 3355 5329 tribuendis.
3395 5274 3598 5328 Verum
3635 5287 3692 5330 ut

2109 5346 2327 5411 Georgii
2388 5347 2579 5407 nostri,
2614 5356 2708 5398 aut
2740 5347 2880 5400 alius
2904 5346 2972 5398 sit
3016 5347 3130 5398 hmc
3173 5346 3381 5404 oratio,
3421 5346 3692 5401 luculenta

2110 5426 2262 5468 certe
2302 5424 2384 5467 est
2423 5431 2488 5467 ac
2519 5416 2740 5480 diserta,
2779 5418 3047 5484 dignaque
3088 5425 3145 5467 ut
3170 5414 3310 5484 juris
3343 5416 3546 5482 publici
3580 5418 3691 5472 liat,

2109 5500 2171 5554 ac
2221 5495 2552 5554 proponatur
2581 5485 2659 5537 uti
2710 5482 2859 5537 alite'
2880 5484 3095 5552 Georgii
3123 5482 3381 5554 ,ςΜςινίω
3417 5496 3697 5554 concepta:

2108 5553 2500 5618 laudatoribus,
2535 5569 2599 5607 ex
2639 5569 2741 5621 qua
2790 5554 3033 5619 discant,
3067 5553 3264 5607 nedum
3302 5563 3363 5605 ut
3403 5553 3697 5608 exerceant

2105 5623 2374 5704 calamum
2400 5662 2414 5685 ,
2462 5638 2647 5703 verum
2681 5624 2846 5678 etiam
2884 5624 2936 5677 in
2977 5638 3085 5692 quo
3117 5631 3436 5688 exerceant,
3481 5633 3543 5679 ut
3587 5623 3698 5692 jam

2106 5708 2299 5761 smptus
2330 5709 2534 5748 lllOllUl.
