3948 6162
278 345 415 428 nos

1243 353 1327 416 IN
1373 353 1478 414 SS.
1519 352 1787 415 MARIIE
1823 353 2560 417 PBIESENTATIONEM.

3410 354 3548 423 1410

274 469 452 544 ἀρχὴν
477 466 781 540 λαμϐάνειν
811 453 1174 538 προὡρισται,
1204 463 1300 518 καὶ
1325 462 1386 528 ἐξ
1413 462 1594 518 αὐτῶν
1623 464 1657 533 ἡ
1685 460 1860 534 τούτῳ

1972 463 2178 519 initium
2208 473 2470 530 sumeret,
2509 479 2574 519 ac
2608 463 2794 520 divino
2823 465 3198 521 annuutiatum
3241 473 3542 538 praecaluo,

271 561 613 632 λειτουργεῖν
645 559 918 630 μέλλουσα
939 560 1040 629 τὴν
1070 557 1296 629 πρόοδον
1321 555 1467 626 ἔχειν
1491 553 1854 626 ἀναπεφώνη-

271 670 362 707 ται
385 669 400 710 :
423 653 487 706 Ei
508 651 580 705 τά
611 649 873 704 δοκοῦντα
898 649 1022 703 τότε
1048 649 1126 720 τῷ
1156 646 1617 718 νόμῳάνελλιπῶς
1639 645 1866 716 ἐξεπλή-

276 760 462 816 ρωσαν
482 760 497 776 ο
533 744 597 806 ,εί
625 741 862 812 ἄφθονον
889 740 982 795 τὸν
1005 739 1114 794 τῶν
1142 740 1358 812 ἀρετῶν
1389 740 1561 810 ἐσμὸν
1594 737 1864 810 θησαυρί-

275 852 491 898 σαντες,
523 833 864 904 ἀφθονότερα
889 833 947 885 δὲ
967 825 1050 896 οἷς
1081 832 1133 886 οἱ
1163 832 1286 885 τότε
1308 831 1370 885 τὸ
1397 830 1604 885 τέλειον
1625 830 1862 902 ἔκρινον,

272 923 638 996 ἐπεφέροντο,
698 922 816 986 πῶς
863 921 960 976 τοῦ
1005 921 1073 976 δι’
1102 916 1164 976 οὗ
1208 919 1435 992 ἔμελλον
1481 921 1578 976 τοῦ
1620 919 1860 991 πέρατος

271 1017 599 1088 ἐπικρατεῖν
630 1013 1045 1085 ἀπετύγχανον;
1077 1012 1198 1076 πῶς
1228 1005 1350 1080 ὲνῷ
1381 1012 1450 1067 τὰ
1477 1013 1588 1066 τῶν
1616 1011 1866 1084 προρρή-

273 1126 417 1162 σεων
450 1107 530 1178 τῷ
561 1108 663 1178 τῆς
711 1105 1000 1170 ἀπαιδείας
1046 1099 1196 1160 οὗτοι
1241 1107 1510 1177 νοσήματι
1551 1105 1652 1176 τῆς
1680 1104 1862 1176 ὁρμῆς

271 1201 614 1266 ἀνέκοπτονς
645 1199 763 1262 πῶς
790 1198 837 1252 δ’
877 1199 980 1252 οὐκ
1008 1198 1068 1264 ἐξ
1103 1192 1178 1253 ὧν
1209 1197 1270 1252 τὸ
1301 1197 1484 1252 κοινὸν
1513 1196 1808 1250 ἀναλαϐεῖν
1837 1197 1865 1249 ό

269 1293 448 1362 Λόγος
483 1291 774 1362 ἠπείγετο,
812 1289 1091 1360 πλήθοντα
1141 1289 1210 1344 τὰ
1243 1289 1510 1362 προοίμια
1547 1289 1862 1354 ἔδείκνυτος

285 1384 502 1436 Ἐκεῖνο
531 1381 714 1452 μέντοι
742 1382 876 1452 ᾐμῖν
903 1380 1136 1450 ἀψευδὲς
1166 1380 1303 1451 πρὸς
1357 1379 1659 1450 ἀπολογίαν
1689 1379 1864 1450 ὀφθή-

276 1492 454 1539 σεται,
479 1474 556 1538 ὡς
585 1474 667 1528 ὅτι
701 1475 730 1526 δ
753 1474 864 1527 τῶν
897 1473 1206 1544 μελλόντων
1235 1472 1441 1544 ταμίας
1474 1473 1570 1526 καὶ
1597 1471 1864 1544 δημιουρ-

273 1569 373 1636 γὸς
399 1567 511 1620 τῶν
550 1565 829 1627 ἁπάντων,
873 1562 1096 1619 ἐπειδάν
1126 1581 1177 1617 τι
1207 1563 1316 1617 τῶν
1353 1564 1687 1636 ἀπορρήτων
1715 1564 1865 1616 οίκο-

273 1656 466 1726 νομεῖν
501 1651 756 1724 βουληθῇ,
812 1651 872 1706 οὐ
930 1651 1150 1720 φύσεως
1200 1651 1441 1706 ἐπιδόσει
1491 1652 1588 1706 καὶ
1631 1651 1868 1724 ἀφθονίᾳ

271 1745 375 1816 τὴν
411 1743 524 1799 τῶν
567 1743 872 1816 μελλόντων
915 1744 1092 1817 ἀρχὴν
1131 1743 1556 1811 καταϐάλλεται,
1604 1743 1743 1798 ἀλλά
1769 1745 1864 1798 δυ-

1966 563 2028 608 ιιι
2059 568 2179 622 quae
2224 555 2484 626 mysterio
2513 563 2661 612 esset
2706 555 3110 625 ministratura,
3141 572 3207 614 ett
3251 560 3333 614 eis
3363 561 3548 630 prodi-

1967 645 2085 700 ret?
2123 645 2400 715 Siquidem
2435 646 2566 717 legis
2603 647 2739 702 scita
2771 647 2980 716 integre
3024 648 3382 718 impleverant
3417 669 3432 706 :
3471 653 3548 707 si-

1965 737 2181 807 quidem
2241 738 2498 792 virtutum
2559 739 2661 795 sibi
2727 740 3035 795 uberiorem
3111 743 3547 799 thesaurizantes

1966 844 2238 894 messem,
2277 831 2527 888 uberiora
2578 831 2914 898 offerebant,
2975 848 3137 902 quam
3177 837 3378 902 quibus
3429 835 3548 904 ejus

1965 921 2143 976 aetatis
2182 921 2430 977 homines
2483 922 2780 993 perfectum
2827 922 3220 990 decernerent;
3275 927 3546 993 quomodo

1965 1028 2031 1069 eo
2059 1011 2480 1079 frustrabantur,
2529 1029 2636 1084 quo
2681 1015 2860 1069 medio
2889 1015 3320 1085 erantadepturi
3348 1014 3547 1070 finetn?

1966 1102 2248 1168 Quomodo
2291 1104 2344 1158 in
2389 1119 2496 1172 quo
2535 1114 2693 1159 erant
2739 1105 2926 1174 positae
2955 1107 3352 1174 praedictiones,
3391 1107 3445 1161 itt
3482 1122 3548 1161 eo

1969 1194 2080 1259 illi,
2130 1195 2436 1250 sterilitatis
2503 1195 2634 1250 vitio
2689 1196 3030 1264 laborantes,
3096 1183 3546 1268 impedimentum

1967 1287 2273 1342 habebant?
2297 1287 2577 1355 Quomodo
2603 1299 2780 1343 autem
2807 1303 2870 1344 ex
2901 1291 3096 1359 quibus
3130 1291 3366 1346 Verbum
3397 1306 3550 1346 eom-

1969 1394 2187 1434 munem
2227 1387 2476 1434 naturam
2516 1395 2770 1448 reparare
2799 1381 3070 1447 studebat,
3104 1397 3208 1436 non
3243 1384 3549 1438 exuberan-

1971 1471 2040 1526 tia
2075 1471 2474 1527 exhibebantur
2505 1473 2700 1527 initia?
2727 1473 2786 1528 Id
2819 1475 3100 1530 enimvero
3132 1487 3340 1530 certum
3393 1476 3548 1531 nobis

1967 1563 2034 1616 ad
2069 1561 2444 1618 defensionem
2487 1563 2786 1629 videbitur;
2838 1572 2897 1618 ut
2929 1565 3206 1631 nimirum,
3241 1565 3544 1622 futurorum

1968 1654 2330 1723 dispensator,
2365 1655 2852 1726 universorumque
2883 1654 3063 1725 opifex
3107 1655 3267 1720 Deus,
3299 1667 3358 1712 ut
3393 1673 3550 1713 arca-

1939 1761 2094 1800 num
2131 1747 2334 1816 aliquid
2359 1761 2424 1801 ac
2460 1747 2708 1803 mirabile
2739 1747 2866 1802 velit
2893 1747 3234 1816 dispensare,
3267 1747 3548 1816 haudqua-

273 1839 499 1908 νάμεως
525 1835 836 1908 περιουσίᾳ,
858 1834 957 1890 καὶ
979 1835 1185 1908 ἀπορίᾳ
1218 1837 1560 1908 πραγμάτων
1585 1837 1646 1891 τὸ
1669 1833 1864 1908 μέλλον

1972 1853 2129 1908 quam
2161 1848 2368 1892 natum
2398 1841 2689 1895 crementis
2716 1855 2781 1895 ac
2811 1841 3078 1902 ubertate,
3107 1837 3410 1896 futurorum
3439 1839 3545 1894 iui-

274 1927 696 1988 κατασκευάζει.
745 1927 858 1981 Καὶ
895 1925 1004 2000 γάρ
1046 1926 1343 1980 ἱδιαίτατον
1385 1928 1485 1998 μὲν
1515 1927 1674 1982 τοῦτο
1700 1927 1860 1983 Θεοῦ.

1969 1929 2100 1984 tium
2125 1936 2436 1999 perstruat;
2467 1931 2563 1986 sed
2595 1939 2655 1985 ut
2687 1931 2952 2002 potentiae
2981 1930 3258 1985 afﬂuentia
3281 1971 3296 1996 ,
3329 1946 3544 1986 rerum-

273 2023 352 2076 Οὐ
372 2019 821 2092 θαυμαστότατον
841 2018 899 2073 δὲ
920 2018 979 2072 τὸ
999 2017 1100 2089 τῆς
1125 2017 1451 2082 ἀκολουθίας
1498 2019 1600 2090 τῆς
1625 2019 1861 2088 φύσεως.

1972 2031 2070 2088 que
2113 2019 2316 2090 inopia.
2351 2019 2558 2076 Etenim
2592 2021 2684 2076 Dei
2722 2023 2956 2076 maxime
2983 2023 3200 2092 propria
3232 2039 3294 2076 ea
3321 2038 3540 2078 tecono-

273 2111 436 2168 Οῦτω
458 2111 537 2184 τῷ
584 2109 838 2182 Ἀϐραὰμ
871 2109 1247 2181 ὑποσχόμενος
1285 2108 1486 2180 πλήθει
1523 2109 1742 2181 ἄστρων
1768 2109 1866 2164 καὶ

267 2202 494 2274 ψάμμῳ
556 2201 834 2272 θαλάσσης
863 2199 962 2272 τὴν
991 2199 1084 2254 τοῦ
1103 2200 1438 2272 ,σπέρματος
1467 2199 1864 2264 ἀπεικάζεσθαι

273 2293 534 2366 πρόοδον,
589 2293 690 2348 οὐκ
741 2291 1012 2362 εὐκληρία
1063 2289 1224 2344 τοῦτο
1289 2289 1510 2360 φύσεως
1567 2291 1646 2355 εἰς
1701 2289 1864 2361 ἔργον

273 2385 610 2457 ἐξήνεγκεν,
641 2383 758 2438 ἀλλ’
799 2381 1085 2446 ἀσθενείας
1131 2381 1444 2454 συμϐόλοις,
1489 2383 1586 2436 καὶ
1635 2381 1866 2453 δυνάμει

273 2479 344 2548 τῇ
386 2473 586 2530 ἑαυτοῦ
631 2472 730 2545 τὴν
769 2473 1064 2544 ὑπόσχεσιν
1110 2471 1521 2544 ὲξεπλήρωσεν.
1569 2469 1730 2526 Οὕτω
1773 2475 1866 2526 τὸν

275 2565 540 2639 Σαμουὴλ
587 2567 931 2638 παρήγαγεν.
988 2562 1147 2618 Οὕτω
1195 2565 1290 2619 τὸν
1336 2564 1593 2636 Ἰωάννην
1643 2564 1864 2636 κήρυκα

273 2661 377 2732 τῆς
396 2659 712 2730 οἰκονομίας
739 2655 1123 2729 παρέπεμψεν.
1153 2654 1312 2710 Οὖτω
1331 2655 1389 2710 δὲ
1415 2655 1511 2709 καὶ
1538 2654 1608 2710 τά
1635 2655 1866 2708 πλεῖστα

273 2755 391 2808 τῶν
443 2756 525 2817 είς
565 2753 716 2824 ἡμᾶς
765 2749 1088 2824 παραδόξως
1119 2747 1366 2821 ἡκόντων
1395 2747 1740 2819 πραγμάτων
1777 2749 1868 2802 ὲκ-

277 2844 454 2900 ϐάντα
478 2845 542 2900 ἄν
561 2861 643 2907 τις
668 2840 1089 2914 διερευνώμενος
1118 2839 1345 2906 κατίδοι,
1375 2839 1436 2894 οὐ
1469 2839 1624 2910 παρά
1647 2838 1726 2912 τῷ
1755 2842 1868 2904 τοῖς

278 2937 562 3002 πλείστοις
607 2935 888 3003 δοκοῦντι,
947 2934 1098 3008 παρὰ
1143 2935 1202 2990 δὲ
1245 2931 1340 2989 τοῦ
1394 2933 1571 2990 αἰτίου
1611 2931 1692 3006 τῷ
1733 2931 1872 3004 πρέ-’

281 3045 465 3083 ποντι.

363 3214 526 3286 Ἐμοὶ
553 3213 610 3268 δὲ
643 3213 765 3268 οὐδὲ
791 3212 954 3284 μέχρι
983 3211 1192 3267 τούτων
1215 3212 1286 3266 τὰ
1314 3214 1414 3284 τῆς
1457 3209 1664 3275 λύσεως
1702 3209 1868 3283 ἔστη-

277 3322 408 3362 κεν·
443 3305 582 3360 ἀλλά
611 3306 708 3359 καὶ
735 3305 925 3376 ἔτερόν
971 3321 1028 3358 τι
1059 3304 1159 3358 οὐκ
1183 3304 1450 3360 ἀπίθανον
1481 3303 1869 3374 ἐπεισέρχεται

275 3399 487 3468 λέγειν.
519 3399 587 3452 Τί
616 3398 672 3452 δὲ
695 3397 859 3454 τοῦτό
887 3398 1072 3465 tam;
1105 3397 1221 3451 Οὐκ
1248 3397 1315 3451 ἂν
1345 3395 1570 3468 ἔκδηλον
1609 3399 1722 3460 τοῖς
1748 3395 1871 3449 τότε

275 3493 342 3546 τὸ
391 3489 622 3553 εὐσεϐὲς
661 3487 812 3560 αὐτῷ
853 3487 1166 3559 κατεφάνηο
1199 3487 1298 3541 οὐκ
1331 3487 1400 3542 ἂν
1433 3488 1467 3558 ἡ
1501 3487 1744 3557 ὲγγύτης
1767 3486 1870 3538 αὐ-

278 3582 392 3638 τῶν
425 3581 563 3651 πρὸς
607 3582 668 3634 τὸ
705 3580 882 3645 Θεῖον,
933 3579 995 3633 τὺ
1030 3579 1248 3650 βέϐαιον
1281 3577 1348 3632 δι’
1381 3579 1548 3650 εὐχῆς
1575 3577 1866 3649 δεξαμένη,

276 3673 376 3727 τὸν
425 3670 732 3741 φιλόνεικον
791 3667 949 3736 λόγον
1005 3667 1116 3721 τῶν
1169 3665 1530 3732 δισταζόντων
1581 3665 1868 3720 ἀπώσατο.

276 3765 401 3819 Νῦν
424 3762 485 3816 δὲ
517 3765 577 3816 ὲν
621 3760 783 3832 χρείᾳ
807 3758 1002 3814 τούτου
1039 3757 1433 3823 καταστάντες,
1463 3755 1675 3822 ἔδειξαν
1707 3755 1870 3840 εὐθὺς

277 3857 433 3918 ὅπως
465 3853 567 3926 τὴν
594 3851 908 3922 οἰκειότητα
935 3851 1040 3904 κάν
1091 3852 1206 3914 τοῖς
1247 3849 1429 3912 ἄλλοις
1459 3847 1597 3920 πρὸς
1621 3847 1713 3900 τδν
1737 3845 1871 3900 Θεὸν

281 3942 456 4018 εῖχον,
477 3944 584 3999 ’τοῦ
613 3943 852 4016 φανεροῦ
887 3945 950 3997 τὸ
981 3943 1188 4014 ἀφανὲς
1216 3941 1398 3996 αὐτῶν
1429 3937 1869 4012 δημοσιεύοντος.

291 4037 455 4091 Ἐπεὶ
504 4031 599 4089 οὖν
641 4035 693 4088 οῖ
743 4033 944 4088 δίκαιοι
994 4032 1095 4103 τὴν
1141 4031 1328 4101 δέησιν
1383 4029 1738 4099 ἀνεκίνησαν,
1769 4026 1872 4084 οὐκ

279 4127 594 4200 ἀμφίϐολον
640 4127 740 4198 τὴν
785 4124 1033 4192 ἐπίταξιν
1091 4121 1241 4196 [Leg.
1282 4118 1584 4192 ἐπίτευξιν]
1628 4117 1871 4188 ἐπήλπι-

282 4237 407 4275 σαν.
435 4219 514 4274 Οὐ
539 4217 618 4290 τῷ
647 4216 894 4287 λογισμῷ
919 4215 1144 4270 τοιαῦτα
1177 4214 1497 4284 ὲπέκριναν,
1531 4212 1615 4266 ὅτι
1647 4213 1696 4264 εἰ
1733 4210 1872 4262 πάν-

279 4330 396 4377 τως
428 4312 546 4382 ᾔδει
593 4312 620 4364 ὁ
643 4309 754 4363 τῶν
783 4309 996 4378 ἀδήλων
1031 4305 1302 4377 γνὼστης,
1345 4306 1433 4358 ἐπ’
1459 4303 1649 4372 ἀγαθῷ
1679 4303 1748 4357 τὰ
1777 4303 1876 4372 τῆς

277 4401 636 4470 τεκνογονίας
679 4399 1044 4472 ἔκϐήσεσθαι,
1083 4399 1183 4452 οὐκ
1212 4397 1278 4452 ἃν
1319 4397 1528 4451 τούτων
1565 4396 1666 4466 τὴν
1705 4395 1873 4466 φύσιν

1967 2109 2074 2163 mia
2113 2119 2198 2165 est
2226 2129 2240 2166 :
2268 2126 2371 2168 nec
2417 2127 2684 2167 summam
2733 2114 2895 2168 habet
2927 2113 3367 2178 admirationem,
3401 2113 3546 2182 quod

1966 2199 2144 2254 ordini
2171 2188 2376 2255 natura
2413 2211 2776 2258 consentanea
2815 2203 3000 2258 habet.
3040 2202 3132 2258 Sic
3155 2219 3278 2257 cum
3305 2203 3541 2258 Abrahae

1969 2293 2242 2362 pollicitus
2266 2303 2431 2362 esset,
2458 2293 2574 2350 fore
2601 2305 2660 2350 ut
2681 2296 2801 2366 ejus
2823 2297 3048 2350 seminis
3075 2299 3378 2366 proventio,
3409 2298 3550 2352 mul-

1971 2379 2183 2440 titudini
2205 2385 2480 2440 stellarum
2498 2400 2562 2441 ac
2588 2400 2768 2442 arente
2787 2387 2952 2442 maris
2973 2387 3167 2442 similis
3189 2396 3334 2442 esset
3355 2389 3418 2450 ",
3440 2404 3548 2444 non

1972 2475 2025 2531 id
2071 2483 2280 2531 natura:
2310 2476 2574 2534 felicitate
2601 2481 2668 2533 ad
2697 2493 2832 2548 opus
2863 2481 3113 2547 reduxit;
3145 2482 3238 2534 sed
3277 2480 3557 2534 imbecilli-

1971 2569 2098 2625 tatis
2143 2571 2430 2640 symbolis,
2457 2586 2662 2642 suaque
2707 2573 2824 2642 ipse
2849 2573 3088 2641 potentia
3115 2611 3130 2635 ,
3158 2572 3304 2641 quod
3345 2571 3554 2641 promi-

1967 2661 2148 2728 sisset,
2199 2662 2461 2733 implevit.
2509 2663 2567 2718 ln
2617 2665 2761 2718 hunc
2807 2665 3022 2718 modum
3077 2663 3382 2720 Samueletn
3417 2681 3546 2735 pro-

1967 2751 2162 2807 duxit:
2207 2755 2285 2808 sic
2312 2754 2576 2810 Joannem
2615 2755 2932 2810 oeconomiae
2967 2767 3268 2824 praeconem
3327 2758 3546 2826 praemi-

1969 2843 2058 2899 sit.
2093 2841 2184 2900 Sic
2215 2859 2460 2915 prorsus,
2510 2856 2568 2900 ut
2597 2846 2722 2916 quis
2748 2856 3042 2912 scrutetur,
3089 2847 3380 2901 maximam
3425 2863 3552 2917 par-

1968 2942 2078 2991 tem
2101 2937 2345 2992 evenisse
2377 2933 2686 3007 perspiciet,
2720 2952 2930 3006 corum,
2963 2954 3086 3008 quae
3126 2939 3451 2994 mirabiliter
3488 2942 3547 2995 in

1969 3043 2068 3083 nos
2107 3038 2495 3098 pervenerunt,
2529 3029 2670 3084 haud
2711 3044 2817 3098 qtta
2849 3029 3060 3084 ratione
3095 3029 3370 3101 plerisque
3399 3031 3552 3086 vide-

1895 3153 1941 3214 α
1973 3118 2155 3184 batur,
2183 3120 2278 3175 sed
2314 3129 2373 3175 ut
2406 3120 2616 3175 auctori
2647 3135 2949 3190 congruum
2980 3130 3117 3176 erat.

2044 3207 2172 3264 Mihi
2205 3209 2555 3264 nihilominus
2595 3209 2738 3266 haud
2785 3209 2837 3264 in
2866 3211 2930 3267 iis
2957 3211 3155 3266 solutio
3185 3211 3328 3267 sistit
3365 3230 3380 3267 :
3411 3213 3543 3282 quin

1973 3299 2116 3355 aliud
2147 3301 2421 3372 quidpiam
2457 3316 2563 3356 non
2608 3302 2962 3370 improbabile
2995 3303 3281 3359 dicendum
3327 3319 3550 3358 succur-

1974 3393 2066 3450 rit.
2095 3394 2234 3461 Quid
2268 3408 2395 3447 vero
2427 3393 2594 3448 illud?
2637 3393 2834 3448 Eorum
2866 3395 3037 3464 pietas
3069 3411 3176 3450 non
3220 3396 3552 3452 innotuisset

1973 3485 2090 3554 ejus
2119 3484 2296 3539 astatis
2338 3485 2694 3542 hominibus:
2743 3499 2930 3542 eorum
2981 3487 3047 3541 ad
3087 3487 3255 3542 Deum
3313 3489 3554 3544 necessi-

1975 3577 2102 3630 tudo
2124 3577 2192 3630 ab
2214 3577 2461 3630 oratione
2491 3578 2808 3631 confirmata
2829 3618 2844 3644 ,
2874 3577 3292 3649 haudquaquam
3327 3583 3551 3636 submo-

1975 3667 2144 3723 visset
2179 3669 2574 3722 contentiosum
2617 3679 2925 3722 sermonem
2975 3669 3254 3724 hominum
3293 3671 3548 3726 dubitan-

1976 3758 2134 3812 tium.
2195 3756 2348 3812 Nune
2402 3767 2582 3812 autem
2640 3758 2692 3812 in
2739 3755 2803 3813 ea'
2848 3761 3132 3815 constituti
3191 3763 3551 3832 necessitate,

1975 3850 2223 3919 protinus
2253 3850 2644 3914 ostenderunt,
2675 3859 2736 3904 ιιι
2771 3850 2824 3904 in
2857 3851 2978 3905 aliis
3025 3866 3240 3922 quoque
3283 3853 3552 3909 haberent

1973 3939 2425 3994 necessitudinem
2461 3954 2583 3993 cum
2617 3937 2748 4007 Deo,
2779 3941 3082 4008 publicante
3108 3952 3307 3996 eventu
3340 3944 3553 4012 perspi-

1973 4043 2094 4096 cuo,
2119 4031 2259 4098 quod
2291 4037 2412 4084 erat
2438 4030 2748 4084 obscurum.
2785 4029 3077 4101 Postquam
3105 4046 3234 4101 ergo
3259 4033 3391 4102 justi
3425 4051 3550 4090 ora-

1976 4120 2176 4175 tionem
2210 4121 2544 4186 movissent,
2581 4119 2715 4174 nihil
2748 4136 2806 4176 se
2835 4122 2942 4175 voti
2991 4133 3268 4192 compotes
3299 4124 3413 4180 fore
3445 4126 3548 4180 du~

1975 4213 2235 4266 bitarunt.
2287 4195 2742 4283 Nec‘quidquam
2792 4214 3057 4282 ejusmodi
3115 4231 3302 4272 secum
3365 4219 3551 4274 animo

1976 4309 2319 4368 statuerunt;
2354 4313 2410 4356 ut
2438 4303 2694 4356 nimirum
2743 4303 3076 4358 occultorum
3105 4309 3353 4374 cognitor
3383 4309 3547 4373 Deus,

1975 4393 2243 4462 siquidem
2301 4395 2354 4448 in
2411 4396 2554 4449 bono
2607 4409 2883 4450 eessuram
2937 4395 3184 4452 scivisset
3253 4399 3547 4454 editionem

281 4494 649 4550 ἀπέκλεισεν’
697 4493 800 4546 οὐκ
843 4491 910 4546 ἂν
951 4491 1145 4562 ἀγονία
1187 4488 1280 4542 τὸν
1312 4489 1424 4558 βίον
1457 4485 1614 4558 ἡμῶν
1653 4486 1869 4540 κατεδί-

1979 4487 2167 4556 prolis,
2217 4484 2635 4555 haudquaquam
2679 4499 2865 4540 eorum
2897 4494 3104 4541 natura:
3127 4499 3273 4545 esset
3297 4491 3551 4547 occlusu-

281 4603 484 4642 κασεν.
514 4583 606 4636 Διὸ
643 4584 736 4638 ἐπὶ
771 4582 866 4636 τὸν
909 4569 1184 4652 Ἀϐραὰμ,
1226 4581 1320 4634 καὶ
1346 4579 1586 4650 Σάρραν,
1615 4581 1713 4632 καὶ
1751 4580 1876 4633 Ἀν-

277 4695 388 4735 ναν
413 4676 680 4748 ἀλλήλους
703 4673 943 4746 καθορᾷ-δ
967 4671 1417 4745 παρεκελεύοντο,
1445 4671 1538 4724 καὶ
1567 4673 1688 4738 μετ’
1720 4669 1873 4724 ὲκεί-

277 4785 397 4824 νων
422 4765 523 4837 τὴν
547 4765 648 4834 τῆς
681 4763 850 4834 εὐχῆς
875 4763 1287 4834 ἀπολαμϐάνειν
1316 4761 1680 4832 παρώτρυνον
1708 4758 1877 4813 ἔκϐα-

280 4877 400 4914 σιν.
430 4877 450 4910 ι
477 4855 660 4911 Καλὸν
678 4851 774 4908 οὖν
807 4855 942 4926 ἡμῖν
961 4847 1130 4920 οὗτοι,
1153 4853 1289 4924 φησι⁵
1307 4894 1322 4919 ,
1347 4849 1706 4922 παράδειγμα
1735 4847 1874 4921 πρό-

278 4966 535 5016 κεινται,
593 4949 643 5002 εί
685 4947 1025 5010 ἀδιστάκτως
1061 4947 1160 5018 τὴν
1207 4945 1392 5016 δέησιν
1435 4940 1871 5016 προϐαλοίμεθα.

277 5043 475 5100 Καλὸν
501 5041 801 5112 τεκμήριον
823 5041 856 5110 ή
881 5040 981 5108 τῆς
1007 5038 1222 5110 Σάρρας
1257 5035 1544 5108 στείρωσις
1568 5036 1649 5098 είς
1673 5033 1874 5088 ἁπαλό-

278 5151 431 5206 τητα
499 5130 920 5204 μεταϐληθεῖσα.
978 5130 1158 5184 Καλὸν
1227 5131 1455 5200 σημεῖον
1505 5129 1540 5199 ἡ
1587 5125 1665 5198 τῷ
1721 5126 1870 5197 γήρᾳ

319 5224 668 5296 καμφθεῖσα,
691 5225 771 5287 εἰς
793 5222 1150 5294 ἀκμαζόντων
1182 5220 1358 5292 μελῶν
1383 5219 1666 5292 ἐνέργειαν
1699 5235 1869 5290 μετα·
1894 5259 1902 5266 .

243 5317 643 5377 σηυασθεῖσα.
667 5315 961 5387 Βλέψωμεν
982 5317 1063 5378 είς
1095 5316 1298 5368 Ἀνναν
1316 5313 1415 5384 τὴν
1449 5311 1686 5366 Ἐλκανᾶ
1707 5309 1879 5384 [Male

281 5413 462 5471 Allat.
489 5411 550 5465 ὲν
580 5407 780 5480 Κανᾷ]
803 5447 820 5474 ,
848 5408 910 5462 τὸ
943 5408 1056 5461 ῐσον
1090 5408 1224 5478 ἡμῖν
1248 5405 1418 5470 πάθος
1446 5405 1513 5458 δι’
1543 5405 1711 5476 εὐχῆς
1737 5405 1876 5458 ἀπο-

282 5503 555 5576 θεμένην.
593 5499 875 5570 Μάθωμεν
907 5499 1079 5570 αὐτῆς
1113 5498 1175 5551 τὸ
1221 5499 1318 5568 τῆς
1350 5497 1586 5568 δεήσεως
1615 5496 1875 5568 ἔμμονον,

283 5597 395 5654 καὶ
431 5594 498 5647 τὸ
545 5591 643 5662 τῆς
681 5591 923 5655 διανοίας
979 5589 1246 5662 ἔμπυρον.
1299 5589 1523 5660 Γνῶμεν
1579 5590 1728 5653 ὅπως
1783 5591 1879 5644 καὶ

365 5747 411 5782 ³⁵
453 5747 592 5806 Gen.
637 5761 770 5812 χχιι,
839 5744 925 5799 i7.

1973 4591 2067 4632 rus
2091 4574 2268 4644 fores;
2307 4577 2719 4646 haudquaquam
2774 4576 2840 4632 iis
2891 4579 3156 4649 angustiis
3201 4595 3389 4637 eorum
3439 4587 3554 4638 ad-

1973 4667 2214 4723 dicturus
2248 4667 2434 4721 vitam.
2487 4669 2848 4734 Quamobrem
2877 4683 2998 4724 sese
3041 4681 3228 4727 mutuo
3257 4673 3550 4730 hortaban—

1975 4765 2081 4822 tur,
2114 4765 2173 4812 ut
2201 4757 2254 4812 in
2279 4758 2578 4836 Abraham,
2619 4757 2941 4830 Saramque,
2978 4770 3034 4817 et
3063 4767 3274 4820 Annam
3308 4768 3548 4836 respice-

1975 4855 2127 4916 rent;
2158 4864 2346 4918 seque,
2373 4861 2430 4907 ut
2449 4867 2572 4906 cum
2597 4851 2702 4908 illis
2729 4853 2991 4908 orationis
3021 4870 3273 4912 eventum
3299 4861 3547 4928 accipere

1983 4952 2345 5009 mererentur,
2388 4946 2775 5014 provocabant.
2810 4963 2829 4998 ι
2869 4945 3192 5002 Prteclarum
3219 4948 3420 5018 itaque,
3465 4951 3551 5004 itt-

1980 5034 2128 5104 quit,
2177 5035 2332 5090 nobis
2364 5035 2436 5090 illi
2473 5037 2785 5106 exemplum
2821 5037 3082 5106 propositi
3133 5049 3289 5104 sunt,
3325 5049 3386 5094 ut
3413 5041 3550 5098 nihil

1979 5123 2289 5180 haesitantes
2321 5126 2620 5181 orationem
2654 5142 2985 5195 promamus.
3025 5145 3045 5178 ι
3077 5127 3326 5184 Praeclari
3381 5145 3550 5202 argu-

1978 5218 2144 5272 menti
2177 5219 2296 5273 loco
2325 5229 2408 5274 est
2451 5217 2598 5274 Sara:
2620 5219 2968 5274 stet'ilitaS'in
2993 5221 3271 5280 mollitiem
3319 5233 3547 5278 mutata.

1976 5307 2302 5364 Praeclarum
2327 5312 2566 5380 signum,
2594 5311 2815 5364 incurva
2843 5309 2932 5364 illa
2951 5302 3130 5379 senio,
3161 5313 3212 5366 in
3237 5323 3549 5384 vegetorum

1977 5403 2344 5458 membrorum
2405 5401 2772 5473 operationem
2815 5417 3102 5459 conversa.
3169 5403 3548 5475 Respiciamus

1977 5495 2030 5550 in
2059 5510 2178 5550 eam
2224 5495 2436 5550 Eleanae
2487 5495 2730 5559 Annam,
2775 5495 2954 5552 simile
3001 5496 3157 5552 nobis
3211 5497 3400 5551 vitium
3453 5510 3549 5566 per

1976 5601 2166 5658 preces
2210 5586 2587 5656 depellentem.
2621 5584 2905 5643 Discamus
2940 5590 3058 5658 ejus
3101 5589 3366 5647 orationis
3415 5605 3549 5648 con-
