3982 6160
440 331 574 398 l-ill

1567 331 1887 397 GEORGII
1927 331 2529 396 NICOMEDIENSIS

3562 335 3706 402 1412

435 447 715 512 stantium,
761 459 827 502 ac
857 445 1026 500 animi
1059 445 1350 503 fervorem.
1391 445 1718 502 Noverimus
1753 457 1810 502 ut
1835 463 2007 518 quan-

2119 445 2238 517 μεθ’
2271 446 2432 518 ἡμῶν
2452 445 2854 518 ἐγκαλουμένη,
2880 445 2981 500 οὐκ
3004 445 3241 500 ἐνεδίδου
3259 448 3699 518 προσευχομένη.

434 554 598 614 quam
647 539 836 592 eadem
885 538 1166 592 nobiscum
1207 539 1416 594 ratione
1450 539 1503 592 iu
1543 541 1751 594 crimen
1781 548 1967 594 vocata
1991 580 2006 605 ,

437 631 576 684 haud
605 637 784 682 tamen
817 628 884 683 ab
913 631 1156 684 oratione
1199 631 1492 686 destiterit.
1524 631 1674 685 Hauc
1704 645 1806 685 nos
1831 630 2010 684 imite-

433 737 573 776 mur.
631 721 763 791 Ejus
803 735 940 790 pone
980 721 1204 790 vestigia
1252 721 1406 789 sequi
1463 721 1796 775 studeamus.
1854 720 2010 780 Ducit

436 813 549 867 haec
579 813 644 865 ad
677 815 997 880 petitionem
1023 827 1203 866 rerum
1223 822 1594 880 speratarum;
1623 813 2026 882 petitionisque‘

435 905 896 969 censet-utiouem,
936 919 1000 958 ex
1036 905 1102 958 iis
1129 915 1355 970 quae-est
1387 914 1630 974 operata,
1659 905 1938 973 promittit.
1981 922 2008 956 D-

433 993 548 1048 Hoc
600 997 782 1064 itaque
823 995 955 1063 justi
1003 995 1290 1050 consilium
1341 997 1392 1048 in
1447 1011 1585 1064 opus
1635 995 2006 1060 deduxerunt,

431 1085 688 1154 quocirca
739 1086 862 1139 inde
907 1085 1053 1138 hunc
1082 1085 1161 1140 eis
1213 1085 1434 1139 modum
1462 1086 1850 1141 acciuebautur
1883 1100 2008 1154 pre-

432 1175 661 1230 cationis
689 1176 852 1228 verba
885 1193 898 1229 :
941 1194 961 1232 ι
995 1175 1098 1241 Τιι,
1131 1175 1339 1244 inquit,
1371 1177 1594 1230 Domine
1614 1215 1628 1238 ,
1655 1175 1744 1244 qui
1770 1173 2010 1229 Patriar-

430 1267 548 1320 elue
593 1267 892 1336 promisisti
951 1265 1068 1322 fure
1134 1276 1194 1319 ut
1249 1281 1412 1335 super
1491 1280 1776 1320 numerum
1831 1281 2010 1320 arente

433 1354 598 1408 utaris
636 1353 752 1418 ejus
801 1355 1186 1423 multiplicares
1239 1369 1452 1422 semen,
1487 1355 1909 1425 haudquaquam
1953 1355 2006 1410 id

433 1445 750 1515 multiplicis
803 1447 968 1516 prolis
1018 1446 1254 1501 editione
1285 1445 1484 1510 fecisti,
1530 1446 1626 1502 sed
1659 1447 1822 1501 unius
1847 1457 1967 1500 ortu
1992 1487 2006 1513 ,

433 1537 848 1606 promissionem
891 1537 1143 1607 implesti.
1180 1537 1260 1592 Tu
1290 1537 1617 1606 promissam
1647 1545 1872 1600 terram,
1900 1553 2006 1591 non

430 1643 496 1682 ex
547 1631 762 1697 multis,
810 1630 902 1683 sed
937 1643 1000 1683 ex
1031 1643 1136 1683 uno
1179 1630 1280 1684 hoc
1310 1629 1364 1682 in
1413 1627 1784 1684 haereditateut
1820 1630 2007 1683 distri-v

432 1721 620 1774 buisti.
650 1721 728 1774 Tu
756 1719 903 1774 Sme
938 1721 1402 1786 infecunditatem,
1430 1721 1486 1775 iu
1519 1711 2007 1790 prolis’l‘ecundita-

2117 536 2335 610 Ταύτην
2369 539 2534 608 ἡμεῖς
2569 537 2963 609 μιμησώμεθα.
3013 537 3232 608 Ταύτης
3265 528 3500 592 κατόπιν
3545 539 3700 609 βαδί-

2117 626 2231 692 ζειν
2260 629 2632 698 ἐπειγώμεθα.
2687 627 2834 700 Αὕτη
2871 631 3203 700 χειραγωγεϊ
3235 628 3370 700 πρὸς
3409 629 3518 684 τῶν
3547 629 3706 686 ἐλπι-

2117 717 2362 787 ζομένων
2413 717 2512 788 τὴν
2557 717 2794 790 αἴτησιν,
2846 719 2944 772 καὶ
2997 719 3096 786 τὴν
3144 717 3448 789 ἐπιτυχίαν,
3498 717 3568 773 δι’
3623 713 3704 774 ὧν

2119 809 2444 879 ἐνήργησεν,
2488 809 2908 878 ἐπαγγέλλεται.
2961 827 2980 861 δ
3011 808 3232 878 Ταύτην
3257 810 3550 881 τοιγαροῦν
3600 811 3704 884 τὴν

2118 887 2430 970 συμῦουλὴν
2467 901 2516 953 οἱ
2559 900 2758 954 δίκαιοι
2799 901 2879 964 εἰς
2921 900 3086 970 ἔργον
3123 899 3446 970 ἐξήνεγκαν,
3499 901 3582 956 διὸ
3628 903 3702 958 τὲ

2115 991 2214 1060 τῆς
2236 992 2402 1062 εὐχῆς
2430 991 2682 1046 ἐντεῦθεν
2706 993 2888 1056 αὐτοῖς
2911 991 3250 1064 κατεπῄδετο
3271 973 3568 1064 ῥήματος(
3601 995 3700 1058 Σὺ,

2116 1083 2272 1152 φησι,
2317 1082 2514 1154 Κύριε,
2561 1083 2640 1154 τῷ
2671 1085 2994 1156 πατριάρχῃ
3025 1084 3518 1154 ἐπαγγειλάμενος,
3551 1084 3700 1156 ὑπὲρ

2114 1169 2352 1241 ἀριθμὸν
2373 1170 2604 1241 ψάμμου
2629 1171 2907 1242 θαλάσσης
2937 1173 3036 1243 τὴν
3062 1174 3158 1226 τοῦ
3192 1175 3510 1244 σπέρματος
3529 1172 3700 1232 αὐτοῦ

2115 1259 2410 1330 πληθύνειν
2440 1261 2700 1328 ἐπίδοσιν,
2735 1264 2836 1316 οὐκ
2868 1263 2932 1316 ἐκ
2968 1265 3328 1328 πολυτεκνίας
3359 1267 3516 1321 τοῦτο
3541 1269 3704 1340 ἐνερ-

2114 1353 2290 1421 γήσας
2323 1351 2491 1422 [Mam
2527 1353 2862 1425 ἐνήργησας]
2885 1395 2898 1420 ,
2933 1353 3048 1410 ἀλλ’
3072 1355 3138 1408 ἐκ
3172 1355 3268 1424 τῆς
3288 1355 3384 1409 τοῦ
3410 1357 3528 1422 ἐνὸς
3553 1374 3702 1427 προ-

2114 1441 2261 1504 όδου,
2294 1442 2392 1512 τὴν
2417 1443 2713 1512 ὑπόσχεσιν
2741 1435 3094 1508 ὲξετέλεσαςί
3136 1446 3202 1498 σὺ
3239 1445 3337 1516 τὴν
3364 1447 3703 1518 κατάσχεσιν

2113 1536 2212 1604 τῆς
2233 1533 2361 1603 γῆς,
2377 1534 2479 1586 οὐκ
2507 1535 2570 1586 ἐκ
2597 1533 2882 1596 πλειόνων,
2908 1535 3046 1589 ἀλλὰ
3071 1535 3168 1589 τοῦ
3191 1537 3306 1600 ἐνὸς
3327 1537 3518 1594 τούτου
3535 1540 3706 1611 ἐκλη-

2117 1623 2434 1699 ροδότησας.
2471 1623 2548 1681 Eii
2579 1623 2678 1696 τὴν
2706 1625 2928 1692 ἀγονίαν
2955 1625 3052 1696 τῆς
3083 1626 3300 1698 Σάρρας
3327 1629 3408 1692 είς
3434 1642 3703 1696 τεκνογο-

2115 1709 2232 1769 νίαν
2263 1713 2580 1783 μετέϐαλες.
2609 1715 2682 1769 Σὺ
2713 1717 2784 1772 τὰ
2812 1718 3119 1788 παρειμένα
3146 1719 3350 1789 ταύτης
3369 1719 3533 1791 μέλη.
3560 1721 3706 1792 τῳδς

435 1819 538 1866 tetu
568 1811 798 1865 vertisti.
838 1810 916 1864 Tu
945 1811 1063 1880 ejus
1089 1812 1314 1865 remissa
1347 1812 1612 1878 membra,
1637 1822 1699 1866 ut
1725 1821 1814 1866 tuo
1837 1799 2007 1869 inser-

2114 1805 2220 1876 τὴν
2248 1805 2350 1874 σὴν
2378 1806 2598 1877 ἐντολὴν
2629 1807 2981 1878 ὑπουργῆσαι
3006 1809 3332 1881 ὲνίσχυσας.’
3351 1812 3424 1868 Σὺ
3447 1812 3546 1885 τὴν
3568 1815 3706 1870 ἁπιν-

432 1905 610 1958 virent
639 1913 927 1973 przecepto,
985 1904 1274 1959 roborasti.
1309 1904 1387 1958 Tu
1423 1905 1542 1974 ejus
1580 1906 2009 1960 incredulitatem

431 1995 488 2050 in
534 1995 692 2050 (idem
751 1995 1132 2058 commutasti,
1195 1996 1365 2062 inque.
1401 1996 1535 2049 nihil
1581 1997 2009 2050 hmsitahundatn

431 2094 701 2150 mentem,
747 2084 1047 2139 haesitantis
1091 2084 1256 2138 animi
1294 2095 1471 2140 motus
1516 2085 1710 2141 cedere
1751 2085 2003 2141 eifecisti.

433 2176 553 2232 Non
578 2178 838 2240 ridemus,
863 2185 918 2230 ut
935 2176 1045 2242 illa,
1066 2175 1159 2231 sed
1184 2185 1242 2229 ut
1271 2178 1452 2240 Arma,
1475 2168 1869 2246 supplicamus.
1894 2177 2008 2232 Non

433 2267 603 2320 dubio
631 2265 816 2318 animo
842 2280 1028 2320 sumus
1061 2265 1112 2317 in
1136 2265 1420 2330 oratione;
1447 2265 1540 2320 sed
1571 2281 1758 2320 sumus
1783 2276 1931 2320 certa
1957 2267 2008 2320 in

432 2365 682 2410 eventum
721 2353 842 2408 fide.
871 2353 950 2407 Tu
995 2353 1240 2422 patribus
1283 2354 1483 2408 nostris
1522 2353 1786 2410 mirabilia
1819 2369 2012 2424 cpera-

437 2453 524 2500 tus
548 2458 628 2497 es.
657 2441 736 2496 Tu
769 2440 938 2497 Jacob
963 2442 1284 2496 benedixisti
1305 2481 1320 2507 ,
1352 2457 1659 2510 nomenque
1697 2443 1746 2497 ei
1789 2443 2010 2500 Israelis

437 2535 682 2592 indidisti
711 2577 727 2602 ,
799 2549 912 2603 quo
960 2534 1076 2600 ejus
1129 2534 1254 2590 inde
1311 2534 1477 2588 animi
1542 2535 2008 2608 perspicacitatem

434 2627 714 2682 inuueres.
748 2629 876 2695 Ejus
898 2635 952 2680 tu
974 2627 1166 2682 semini
1197 2627 1588 2695 profectionem
1611 2627 1667 2681 in
1692 2626 2008 2698 Egyptum,

433 2718 776 2788 salutemque
811 2717 1118 2788 providisti.
1151 2717 1266 2772 Non
1308 2718 1604 2786 permisisti
1637 2729 1693 2772 ut
1726 2716 2006 2788 Egyptia-

437 2825 554 2864 rum
595 2809 890 2864 crudelitas
924 2809 1177 2882 populum
1228 2821 1376 2864 tuum
1411 2810 1760 2878 deprimeret.
1798 2809 1878 2868 Tu
1927 2809 2011 2864 in-

437 2901 732 2956 tolerandis
756 2900 923 2970 plagis
945 2901 1252 2958 incredulos
1283 2901 1594 2972 castigasti,
1629 2913 1761 2958 utet
1789 2913 1876 2959 tua
1915 2901 2011 2956 beo

437 2991 582 3059 nigni
593 3001 673 3045 tas
695 3000 1018 3060 putesceret,
1053 3005 1348 3060 eorumque
1371 2991 1598 3045 durities
1619 2990 2009 3048 declararetur.

436 3080 517 3136 Tu
555 3098 750 3136 novum
797 3083 848 3136 in
889 3083 1029 3136 mari
1056 3083 1161 3137 iter
1192 3082 1464 3138 invenisti.
1501 3082 1578 3136 Tu
1614 3083 2006 3139 elementorum

436 3175 663 3231 virtutes
696 3175 982 3230 iuuovasti.
1022 3174 1105 3230 Tu
1138 3186 1387 3230 naturam
1435 3175 1635 3230 fluxam
1660 3214 1684 3240 ,
1709 3175 1765 3232 in
1811 3177 2003 3234 duram

432 3267 668 3338 speciem
695 3267 1035 3334 convenisti,
1069 3267 1432 3337 populumque
1465 3279 1614 3320 tuum
1647 3267 1809 3322 siccis
1839 3267 2010 3323 vesti-

433 3359 538 3428 giis
593 3360 900 3416 traduxisti.
955 3361 1035 3413 Tu
1093 3363 1314 3414 uberem
1371 3373 1551 3413 escam
1605 3359 1655 3414 ei
1704 3359 1756 3413 in
1798 3359 2013 3414 deserto

432 3450 642 3518 pluisti,
671 3450 1112 3520 esurientemque
1133 3451 1196 3504 ad
1231 3465 1404 3520 usque
1430 3451 1772 3505 saturitatem
1804 3451 2008 3506 aluisﬁ.

437 3542 520 3600 Tu
561 3544 759 3598 duram
792 3555 1006 3614 petram
1051 3560 1244 3612 aquam
1278 3546 1546 3600 scaturrire
1598 3544 1795 3610 fecisti,
1841 3560 1907 3601 ac
1938 3545 2014 3601 si-

434 3637 660 3692 tientem
693 3637 944 3706 populum
977 3637 1194 3706 potasti.
1229 3637 1307 3690 Ad
1335 3652 1455 3694 eam
1489 3651 1587 3692 nos
1620 3637 1968 3706 respicientes
1993 3677 2008 3702 ,

440 3728 854 3798 haudquaquam
897 3727 1170 3785 dubietate
1215 3744 1402 3800 preces
1453 3729 1872 3799 supprimimus,
1919 3733 2011 3784 sed

359 3831 366 3838 '
431 3819 610 3873 animi
659 3821 974 3876 sinceritate
1037 3836 1182 3889 spent
1233 3821 1588 3876 intendimus.
1635 3819 1790 3875 Tunc
1843 3822 2008 3885 enim,

436 3909 689 3976 Domine,
727 3911 793 3964 iis
843 3909 1199 3978 producendis
1241 3909 1459 3974 eliicax,
1493 3925 1610 3978 qua:
1646 3911 1869 3978 produci
1918 3925 2014 3966 ue-

427 4001 686 4068 quibaut,
739 3999 791 4051 in
845 3997 908 4053 iis
961 4013 1080 4066 qua:
1109 3997 1358 4052 humanae
1392 4009 1523 4052 sunt
1552 3998 1827 4056 facultatis
1853 3999 2008 4069 juxta

433 4088 815 4160 primigeniam
863 4089 1126 4143 rationem
1149 4127 1164 4154 ,
1198 4104 1296 4158 pro
1346 4099 1436 4144 tua
1471 4089 1760 4145 clementia
1797 4091 2012 4160 adjutor

437 4197 546 4235 non
594 4179 742 4234 eris?
791 4179 1067 4248 Siquidem
1111 4189 1224 4233 toto
1256 4180 1512 4235 distantia
1539 4195 1737 4246 genere
1771 4196 2012 4235 commu-

440 4269 602 4324 niene
635 4269 977 4338 temperasti;
1017 4270 1202 4339 quidni
1241 4271 1389 4326 unita
1424 4285 1520 4339 per
1553 4281 1840 4336 naturam,
1871 4271 1924 4326 in
1959 4273 2010 4326 id

434 4359 580 4429 quod
620 4360 894 4428 proprium
931 4361 1153 4423 habent,
1187 4361 1455 4414 imbecilla
1502 4361 1876 4423 converteris?
1925 4360 2012 4416 Si-

2116 1899 2272 1952 στίαν
2317 1897 2527 1970 ταύτης
2573 1901 2654 1962 εἰς
2706 1900 2894 1954 πίστιν
2924 1903 3308 1974 μετήνεγκας,
3343 1905 3438 1960 καὶ
3469 1907 3546 1967 είς
3584 1905 3705 1963 ἁδί-

2115 2006 2346 2044 στακτον
2371 1989 2598 2059 γνώμην
2625 1991 2693 2044 τὰ
2715 1995 2810 2044 τοῦ
2837 1991 3129 2048 διστακτοῦ
3155 1995 3586 2076 μετεσκεύασας.
3620 1996 3700 2050 ω

2116 2080 2394 2151 γελῶμεν,
2437 2081 2512 2146 ὼς
2550 2083 2756 2152 ἐκείνη,
2807 2083 2924 2140 ἀλλ’
2954 2081 3293 2156 ἱκετεύομεν,
3320 2086 3395 2150 ὡς
3420 2089 3460 2159 ἡ
3504 2088 3700 2145 Ἄννα.

2114 2173 2228 2227 Οὐκ
2253 2173 2674 2244 ἀμφιϐάλλομεν
2701 2175 2781 2238 είς
2809 2175 2908 2246 τὴν
2935 2176 3124 2246 δέησιν
3141 2193 3154 2207 ·
3195 2177 3332 2234 ἀλλὰ
3361 2179 3700 2250 πιστεύομεν

2113 2265 2192 2330 εἰς
2215 2264 2314 2334 τὴν
2336 2264 2584 2319 ἔκϐασιν.
2608 2266 2680 2320 Σὺ
2703 2265 2774 2321 τὰ
2794 2267 3076 2336 παράδοξα
3101 2271 3215 2333 τοῖς
3241 2272 3513 2341 πατράσιν
3533 2271 3702 2342 ἡμῶν

2113 2355 2445 2426 ἐνήργησας.
2487 2357 2561 2410 Σὺ
2599 2357 2690 2410 τὸν
2735 2357 2931 2444 ’ἰσικὼό
2971 2359 3298 2429 εὐλόγησας,
3335 2363 3430 2420 καὶ
3477 2363 3701 2436 Ἰσραὴλ

2116 2447 2506 2517 μετεκάλεσας,
2534 2449 2596 2501 τὸ
2615 2449 2922 2522 διορατικδν
2949 2451 3112 2505 αὑτοῦ
3145 2451 3395 2507 ἐντεῦθεν
3442 2453 3700 2508 ύπαινιτυ

2112 2537 2360 2608 τόμενος.
2415 2537 2491 2592 Σὺ
2525 2538 2604 2610 τῷ
2641 2541 2920 2611 σπέρματι
2951 2542 3116 2596 αὑτοῦ
3153 2543 3256 2612 τὴν
3299 2545 3380 2607 είς
3417 2544 3702 2612 Αἴγυπτον

2112 2628 2439 2700 ὁδοιπορίαν,
2465 2631 2560 2685 καὶ
2586 2633 2920 2705 συντήρησιν
2945 2632 3326 2706 ᾠκονόμησας.
3354 2637 3427 2692 Σὺ
3459 2636 3571 2692 τῶν
3599 2638 3701 2693 Δί-

2113 2725 2362 2792 γυπτίων
2385 2723 2486 2794 τὴν
2521 2725 2838 2795 μιαιφονίαν
2868 2725 2948 2797 τῷ
2977 2725 3094 2797 λαῷ
3133 2743 3226 2780 σου
3251 2726 3408 2798 [Leg.
3437 2727 3532 2781 τὸν
3564 2727 3698 2784 λαόν

2106 2815 2234 2888 σου]
2270 2815 2741 2886 κατασμικρύνειν
2785 2815 2846 2871 ού
2907 2815 3316 2886 συνεχώρησας.
3349 2818 3423 2873 Σὺ
3457 2815 3700 2887 πληγαῖς

2114 2907 2418 2976 ἁφορήτοις
2443 2906 2810 2971 ἀπειθοῦντας
2829 2905 3052 2969 τούτους
3077 2905 3376 2972 ἐκόλασας,
3396 2905 3484 2960 ἵνα
3512 2909 3610 2960 καί
3633 2905 3700 2959 «ct

2115 2997 2206 3049 σὺν
2228 2995 2249 3069 [
2273 2997 2410 3052 Male
2441 2997 2606 3050 Attat.
2634 2995 2918 3069 'rococpov]
2954 2996 3340 3067 φιλάνθρωπον
3375 2996 3696 3068 ἀναδειχθῇ,

2115 3067 2387 3141 κάκείνων
2423 3088 2484 3141 τὺ
2509 3067 2826 3158 ἀμείλιῖιτον
2855 3067 3168 3159 φανερωθῇ.
3197 3089 3270 3140 Σὺ
3302 3087 3459 3158 ξένην
3488 3067 3610 3141 ὁδον
3637 3067 3700 3140 ἐν

2117 3178 2365 3252 θαλάσσῃ
2395 3178 2790 3250 ὲνεούργησας.
2828 3178 2902 3232 Σὺ
2943 3179 3042 3240 τὰς
3076 3179 3186 3231 τῶν
3220 3178 3502 3248 στοιχείων
3539 3180 3700 3248 ἐνερ-

2115 3272 2271 3340 γείας
2310 3271 2766 3340 ἐκαινοτόμησας.
2798 3270 2870 3324 Σὺ
2911 3269 3008 3341 τὴν
3049 3269 3224 3340 ῥοώδη
3257 3267 3454 3338 φύσιν,
3488 3270 3570 3332 είς
3603 3271 3700 3324 duo

2113 3363 2341 3415 τίτυπον
2367 3362 2554 3432 σχῆμα
2585 3361 2950 3432 μετέστησας,
2977 3361 3071 3413 καὶ
3095 3358 3186 3412 τὸν
3207 3359 3336 3412 λαόν
3361 3375 3454 3412 σου
3477 3357 3653 3430 άσρόχ
3669 3376 3698 3430 ρ

2117 3454 2312 3526 πορείᾳ
2340 3453 2680 3516 διεϐίϐασας.
2703 3455 2776 3508 Σὺ
2808 3452 2908 3524 τὴν
2927 3452 3160 3522 ἄφθονον
3179 3451 3384 3523 τροφὴν
3411 3453 3470 3505 ἐν
3499 3452 3699 3526 ἐρήμῳ

2115 3542 2513 3620 ἐπώμὸρησας,
2541 3543 2639 3596 καὶ
2669 3543 2939 3597 πεινῶντα
2969 3542 3158 3596 τοῦτον
3187 3544 3266 3606 είς
3293 3544 3456 3614 κόρον
3477 3542 3700 3614 ἐξέθρε-

2113 3639 2242 3705 ψας.
2278 3634 2350 3689 Σὺ
2387 3633 2484 3706 τὴν
2517 3635 2826 3706 ἁκρότομον
2874 3634 3082 3704 πέτραν
3121 3633 3264 3706 ὕδωρ
3299 3635 3552 3705 πηγάσαι
3591 3650 3696 3688 περ

2114 3725 2376 3795 ποίηκας,
2392 3726 2487 3780 καὶ
2506 3725 2745 3795 διψῶντα
2768 3723 2954 3778 τοῦτον
2975 3726 3254 3790 ἐπότισας.
3279 3725 3424 3796 Πρὸς
3444 3725 3511 3796 ἢν
3531 3727 3696 3796 ἡμεῖς

2114 3815 2539 3880 ἀποϐλέποντες,
2570 3815 2668 3869 οὐκ
2710 3815 3013 3886 ἀμφιϐολίᾳ
3043 3817 3110 3870 τὰ
3143 3817 3243 3887 τῆς
3277 3817 3455 3887 -εύχῆς
3523 3834 3697 3874 κατα-

2116 3904 2439 3975 στέλλομεν,
2467 3904 2582 3956 ἀλλ’
2619 3903 2944 3975 είλικρινεία
2983 3905 3050 3957 τὰ
3087 3903 3188 3973 τῆς
3221 3905 3437 3969 ἐλπίδος
3459 3904 3699 3959 ἐκτείνο-

2118 4012 2238 4066 μεν.
2264 3997 2340 4048 Οὐ
2361 3995 2469 4064 γὰρ
2495 3995 2580 4065 ἐφ’
2598 3989 2680 4059 οἷς
2701 3995 2800 4048 ούκ
2826 3994 2963 4062 ἔστι,
2988 3994 3180 4066 Κύριε,
3200 3996 3475 4064 παράγειν
3497 3995 3534 4050 ἃ
3559 4013 3695 4068 προ-

2114 4084 2278 4156 ήχθη,
2304 4085 2610 4155 ἐνήργησας
2649 4082 2875 4155 [Melius
2905 4081 3265 4155 ὲνεργήσας],
3291 4085 3403 4146 τοῖς
3427 4085 3514 4152 ἐφ’
3561 4085 3697 4155 ἡμῖν

2113 4176 2388 4246 κειμένοις
2414 4177 2556 4228 κατὰ
2575 4177 2667 4228 τὸν
2699 4176 2790 4228 σὺν
2815 4175 3040 4245 ἀρχικὸν
3060 4177 3206 4245 ὅρον,
3232 4176 3294 4228 οὐ
3315 4179 3691 4246 συνεργήσεις,

2113 4269 2500 4340 φιλάνθρωπε;
2571 4267 2716 4321 Εἱτὰ
2743 4269 2911 4321 παντὶ
2949 4267 3272 4338 διεστηκότα
3309 4267 3387 4338 τῷ
3429 4269 3580 4336 γένει
3611 4268 3696 4331 εις

2113 4360 2401 4413 κοινωνίαν
2436 4359 2741 4430 ἐκέρασας,
2771 4359 2841 4412 τά
2869 4359 3129 4430 ἡνωμένα
3156 4361 3222 4429 τῇ
3255 4357 3419 4428 φύσει
3445 4398 3460 4418 ,
3503 4355 3694 4432 [πρὸς]

436 4451 654 4520 quidem
693 4450 996 4518 produxisti
1039 4456 1287 4505 naturam
1317 4465 1381 4502 ex
1412 4450 1580 4504 nihilo
1601 4493 1620 4518 ,
1647 4453 1834 4520 quidni
1867 4452 2006 4509 male

2114 4452 2172 4504 τὸ
2201 4451 2332 4504 ἴδιον
2360 4452 2460 4504 οὐκ
2493 4451 2851 4520 ἀναστρέψεις
2891 4447 3365 4518 ἐξασθενήσαντα;
3396 4448 3457 4500 Εἰ
3495 4449 3573 4517 μὴ
3602 4447 3698 4502 οὗ·

439 4541 726 4595 hahentem
767 4549 1023 4608 tanquam
1055 4537 1314 4597 Dominus
1371 4542 1794 4596 instanraveris?
1830 4542 2004 4602 Tuum

435 4643 542 4696 est,
581 4633 828 4696 Domine,
862 4648 1000 4702 opus
1031 4633 1162 4687 illud
1197 4651 1210 4686 :
1242 4643 1386 4688 tuum
1415 4633 1646 4700 facinus,
1672 4636 1814 4704 quod
1844 4652 2007 4692 nemo

429 4726 572 4780 alius
609 4741 638 4777 δ
667 4735 720 4778 te
744 4736 998 4794 praestare
1034 4727 1218 4795 possit.
1245 4725 1487 4782 Potentia
1517 4737 1606 4784 tua
1643 4742 1728 4784 res
1757 4728 2007 4785 maxima!

426 4819 684 4890 prodigio
713 4828 1018 4888 patrantur.
1053 4819 1164 4874 Tua
1185 4819 1448 4887 iussione,
1473 4797 1696 4876 ﬂuuiina
1727 4833 2008 4879 revertun-

429 4925 545 4977 tur,
598 4927 663 4968 ac
715 4912 769 4967 in
826 4913 1156 4969 contrarium
1211 4913 1403 4969 ﬂuunt.
1453 4912 1570 4969 Tuo
1619 4913 1702 4968 sol
1735 4922 2008 4982 priet-opto

429 5019 654 5063 cursura
701 5005 927 5072 inhibet,
965 5003 1318 5072 retrahitque.
1369 5002 1488 5056 Tuo
1523 5013 1657 5056 nutu
1698 5003 2008 5071 multigena:

433 5096 714 5152 brutarum
747 5099 1100 5154 animantium
1144 5096 1356 5164 species
1382 5093 1626 5149 fecundat
1665 5095 1735 5148 ad
1781 5108 2006 5149 succes-

433 5188 644 5243 sionem
685 5197 1026 5258 permanent.
1063 5187 1404 5245 Ordinationi
1443 5196 1545 5241 tua:
1573 5186 1771 5240 cedunt
1798 5185 2002 5252 omnia,

435 5294 537 5334 nec
581 5280 872 5348 quidquam
926 5290 1018 5335 tuo
1066 5289 1333 5348 mat-cepto
1385 5278 1609 5334 resistit.
1665 5275 1748 5334 Tu
1789 5291 2004 5346 (pioque

433 5373 647 5425 Annam
683 5371 826 5428 illam
866 5372 1056 5426 eodem
1106 5370 1439 5425 laborantem
1487 5367 1740 5424 orbitatis
1789 5369 2000 5432 morbo,

435 5463 602 5520 multa
637 5465 786 5534 prole
831 5465 1064 5530 donasti,
1113 5478 1178 5516 ac
1211 5477 1330 5516 eam
1375 5475 1494 5530 quae
1547 5458 1744 5514 multos
1771 5451 2004 5513 habebat

435 5555 660 5621 liberos,
708 5555 827 5610 sine
874 5542 1058 5609 iiberis
1105 5553 1356 5609 eliecisti.
1407 5551 1518 5608 Nos
1553 5565 1790 5622 quoque,
1833 5564 1866 5604 ο
1898 5547 2005 5604 οου

435 5643 603 5710 mine,
655 5644 852 5714 probro
894 5644 1177 5712 allicimur,
1216 5659 1319 5699 non
1359 5659 1465 5696 una
1497 5643 1761 5697 duntaxat
1807 5651 2000 5696 contu-

437 5733 642 5790 bernali
683 5734 986 5802 proferente
1027 5736 1248 5800 femina,
1302 5735 1396 5790 sed
1428 5733 1570 5790 tribu
1603 5733 1852 5791 universa
1887 5745 1990 5789 tra-

2119 4559 2220 4597 σαν
2257 4541 2358 4613 τὴν
2389 4541 2551 4610 φύσιν
2592 4543 2937 4612 παρήγαγες,
2975 4540 3050 4610 μὴ
3084 4535 3143 4593 εὖ
3170 4537 3523 4611 διακειμένην
3543 4577 3559 4602 ,
3589 4539 3697 4590 οὐκ

2114 4635 2460 4706 ἀιορθώσεις,
2479 4635 2554 4696 ὡς
2577 4633 2808 4706 Κύριος,
2833 4634 2951 4698 Σὺν,
2975 4627 3020 4686 ὧ
3036 4633 3301 4694 Δέσποτα,
3322 4629 3480 4682 τοῦτο
3503 4629 3695 4700 ἔργον.

2115 4727 2214 4779 Σὺν
2239 4727 2298 4779 τὸ
2323 4723 2683 4796 κατόρθωμα,
2707 4725 2769 4776 τὸ
2793 4725 2960 4776 πᾶσιν
2983 4725 3284 4794 ἀμήχανον.
3307 4721 3381 4788 Σῇ
3400 4719 3698 4789 δυναστείᾳ

2114 4819 2185 4874 τὰ
2199 4819 2430 4888 μέγιστα
2451 4815 2559 4870 τῶν
2580 4815 2922 4887 πραγμάτων
2936 4831 2992 4866 τε
3001 4831 3163 4884 ρατου
3173 4814 3401 4882 ργεῖται.
3427 4811 3501 4880 Σῇ
3520 4825 3698 4878 προσ-

2113 4911 2266 4976 τάξει
2315 4909 2424 4967 τῶν
2455 4909 2714 4979 ποταμῶν
2755 4907 2826 4960 τὰ
2848 4906 3101 4978 ῥεύματα
3123 4907 3204 4968 εἰς
3227 4901 3530 4973 τοῦμπαλιν
3555 4903 3696 4954 ἁνα-

2113 5001 2318 5071 τρέχει.
2357 4999 2432 5071 Σῇ
2467 4999 2714 5054 κελεύσει
2741 5001 2768 5052 ὁ
2793 4998 2943 5068 ἥλιος
2975 4998 3066 5050 τὸν
3094 4995 3296 5068 δρόμον
3323 4991 3691 5062 ἀναχαιτίζει.

2114 5095 2189 5166 Σῇ
2224 5093 2499 5146 ἐπινεύσει
2529 5092 2596 5146 τὰ
2639 5091 2893 5160 πολυειδῆ
2937 5090 3046 5142 τῶν
3082 5089 3291 5158 ἀγόνων
3325 5085 3518 5158 [Μαι.
3557 5083 3692 5136 ἁλό-

2112 5180 2263 5254 γων]
2290 5186 2420 5251 γένη
2451 5219 2466 5245 ,
2499 5181 2699 5250 γόνιμα
2738 5180 2874 5250 πρὸς
2913 5179 3160 5250 διαδοχὴν
3209 5176 3550 5246 διαμένουσι.
3605 5176 3689 5246 Τῇ

2113 5275 2180 5344 σῇ
2205 5273 2446 5341 διατάξει
2471 5273 2648 5326 πάντα
2669 5273 2912 5336 ὑπείκει,
2942 5271 3038 5324 καὶ
3066 5270 3146 5340 τῷ
3175 5267 3561 5340 προστάγματί
3589 5284 3688 5322 σου

2111 5365 2264 5419 οὐδὲν
2305 5364 2639 5419 ἀντιπίπτει.
2695 5364 2767 5416 Σὺ
2817 5364 2915 5417 καὶ
2961 5365 3060 5431 τὴν
3121 5362 3320 5414 ’Ἅνναν
3365 5361 3468 5432 τὴν
3514 5361 3692 5430 αὐτὴν

2111 5456 2368 5510 ἀτεκνίαν
2401 5461 2708 5526 νοσήσασαν
2748 5457 2830 5519 εἰς
2882 5451 3238 5507 πολυτεκνίαν
3275 5451 3689 5522 μετεποίησαέ,

2110 5547 2206 5604 καὶ
2236 5550 2336 5618 τὴν
2380 5547 2706 5600 πολύτεκνον
2756 5548 2836 5610 εἰς
2883 5545 3109 5599 ἄτεκνον
3159 5543 3480 5612 μετέϐαλες.
3524 5543 3690 5598 Ἔστι

2110 5642 2208 5696 καὶ
2241 5643 2371 5712 ἡμῖν
2403 5641 2706 5712 ὀνειδισμὸς
2733 5680 2748 5704 ,
2785 5635 2830 5692 ὦ
2864 5637 3136 5696 Δέσποτα.
3175 5636 3276 5690 οὐκ
3308 5639 3374 5689 ὲκ
3410 5637 3545 5706 μιᾶς
3585 5637 3690 5703 τῆς

2112 5733 2360 5788 συνοίκου
2406 5733 2665 5802 γυναικὸς
2691 5733 3080 5802 ἐκφερόμενος,
3108 5728 3244 5782 ἀλλᾶ
3274 5729 3428 5800 παρὰ
3450 5731 3554 5801 τῆς
3582 5747 3690 5801 ἐυ-
