3948 6162
255 321 380 388 1413

1204 319 1289 382 IN
1329 283 1433 384 ss.
1472 315 1738 381 MARLE
1774 308 2506 374 PR/ESENTATIONEM.

3353 307 3517 374 illi”

253 435 341 506 λῆς
387 429 610 500 ἁπάσης
651 427 1192 500 ἐκτραγῳδούμενος.
1245 431 1318 483 Σὺ
1358 429 1583 493 δυνατὸς
1632 427 1820 482 τοῦτον

1934 421 2043 489 gice
2067 416 2346 470 illudcnte.
2384 415 2542 472 Potes
2563 415 2676 486 ipse
2699 413 2832 470 illud
2855 415 3088 472 auferre.
3103 413 3280 502 _Valcs‘
3307 423 3488 477 otian-

253 525 462 594 ἐξᾶραι·
491 523 557 576 σὺ
587 523 770 586 ἱκανὸς
791 522 892 592 τὴν
915 521 1019 592 τῆς
1039 523 1254 592 φύσεως
1275 522 1474 592 ἀργίαν
1501 523 1581 584 είς
1607 537 1818 590 καρπο-

255 615 444 687 φορίαν
473 613 880 686 ἐξευτρεπίσαι.
911 613 1004 666 Διὸ
1029 613 1162 684 πρὸς
1193 613 1254 666 σὲ
1292 612 1484 666 τοῦτον
1510 611 1695 674 ἁπλῶς
1731 611 1822 665 τὴν

257 706 370 761 νοῦν
408 705 838 776 ἐνστησάμενοι,
868 705 966 776 οὐχ
995 704 1197 776 ἑτέρως
1238 703 1594 775 ἐκκλίνομεν,
1630 703 1822 773 μέχρις

257 799 317 856 ἂν
341 799 448 852 τῶν
473 797 816 867 αἰτουμένων
855 795 917 849 τὸ
947 797 1121 866 πέρας
1150 796 1480 865 κατίδοιμεν·
1516 796 1591 867 μὴ
1623 793 1823 866 βραδύ-

257 906 360 942 νειν
385 889 496 958 γὰρ
525 887 688 956 ίσμεν
720 885 820 942 τὸν
839 887 898 940 ἐν
923 889 1039 950 τοῖς
1062 885 1241 948 ἄλλοις
1267 885 1478 955 ταχέως
1503 885 1820 956 προφθάντα

257 980 347 1044 τὰς
373 979 642 1046 αἰτήσεις.

322 1071 472 1138 Αὕτη
499 1070 611 1124 τῶν
636 1069 862 1123 δικαίων
909 1069 942 1138 ή
979 1067 1180 1136 δέησις,
1219 1067 1284 1122 τὸ
1315 1067 1602 1140 εἱλικρινὲς
1642 1069 1823 1124 αὐτῶν

258 1159 612 1231 τεκμηριῶσα
639 1162 740 1230 τῆς
769 1157 1026 1222 πίστεως·
1047 1159 1144 1212 καὶ
1167 1155 1248 1221 οἷς
1274 1158 1512 1231 ὲρρύσθη
1538 1158 1706 1232 [Μαι.
1732 1160 1825 1232 ἐρ-

263 1250 437 1324 ρήθη]
477 1250 540 1304 τὸ
586 1251 648 1304 ἐν
694 1252 807 1312 τοῖς
875 1248 1058 1312 ἄλλοις
1095 1250 1380 1322 εὐδόκιμον
1426 1250 1820 1322 προφαίνουσα.

262 1341 426 1395 Τοῦτο
450 1342 548 1409 τῆς
577 1339 724 1394 κατὰ
744 1339 806 1394 τὸ
837 1339 1070 1412 κρύφιον
1097 1341 1278 1394 αὐτῶν
1308 1341 1590 1406 εὐσεϐείας
1616 1343 1824 1414 προκά-

209 1480 214 1486 .
267 1449 467 1503 ραγμα.
511 1433 624 1486 Καὶ
656 1431 768 1502 γὰρ
794 1433 829 1503 ή
871 1431 978 1489 τῶν
1016 1431 1191 1500 λόγων
1225 1431 1482 1502 πρόοδος,
1527 1433 1627 1504 τὴν
1660 1433 1719 1498 ἐξ
1749 1427 1825 1488 ὧν

264 1523 495 1595 προῆλθε
545 1523 890 1595 καταμηνύει
923 1523 1185 1578 διάθεσιν.
1239 1525 1300 1576 Ἀ
1335 1524 1444 1596 γὰρ
1477 1525 1622 1580 ἔνδον
1664 1525 1827 1596 ἐκρύ-

262 1629 418 1666 πτετο
451 1611 526 1683 μὴ
545 1611 850 1682 δηλούμενα
889 1612 1214 1683 πράγματα,
1245 1612 1401 1666 τοῦτο
1421 1610 1570 1683 [Leg.
1593 1612 1823 1686 τούτων]

266 1701 504 1772 σύμϐολα
533 1703 899 1774 προαγόμενοι
919 1705 969 1756 oi
999 1703 1150 1771 λόγοι
1177 1690 1550 1758 καθίστανται·
1583 1706 1678 1760 καὶ
1700 1703 1824 1768 νοῦς

267 1795 358 1863 μὲν
381 1793 478 1846 τὸν
505 1792 663 1862 λόγον
693 1795 928 1862 ἐκφέρει.
958 1793 1129 1862 Λόγος
1157 1793 1237 1860 δὲ,
1273 1793 1373 1864 τῆς
1403 1794 1582 1866 ψυχῆς
1615 1795 1684 1848 τὰ
1717 1811 1823 1848 πα-

265 1880 477 1952 θήματα
503 1882 884 1951 καταγγέλλει.
917 1883 1030 1936 Καὶ
1052 1884 1121 1938 τὰ
1153 1883 1252 1954 μὲν
1277 1883 1466 1954 ἄδηλα,
1519 1885 1652 1955 δῆλα
1694 1884 1825 1940 καθ-

267 1969 463 2040 ίστησι,
497 1971 604 2024 τῶν
639 1971 1026 2043 πραττομένων
1047 1971 1106 2026 δέ
1141 1973 1240 2037 τὰς
1277 1975 1452 2046 ἀρχὰς
1482 1975 1822 2048 ὑποτίθησιν.

265 2058 415 2114 Οὖτω
441 2060 622 2114 τοίνυν
645 2060 753 2115 τῶν
780 2061 1006 2116 δικαίων
1033 2064 1067 2134 ή
1095 2062 1279 2134 δέησις
1308 2067 1387 2128 είς
1417 2065 1578 2135 ἔργον
1608 2067 1823 2137 ἠνύετο.

264 2149 349 2204 Διὸ
385 2151 759 2222 χρηματισμῷ
784 2151 846 2206 τὸ
869 2151 1063 2223 μέλλον
1095 2153 1516 2224 κατεμηνύοντο.
1551 2156 1615 2208 Ὢ
1640 2173 1824 2227 παρα-

262 2238 408 2307 δόξου
447 2241 764 2312 ἐπιτυχίαςί
809 2243 874 2297 Ὦ
919 2243 1085 2314 εὐχῆς
1113 2245 1238 2308 τοὺς
1275 2245 1540 2316 οὐρανοὺς
1575 2244 1828 2317 διασχού-

265 2348 382 2402 σης,
421 2333 516 2384 καὶ
555 2333 692 2404 πρὸς
721 2333 870 2403 αὐτῷ
899 2332 980 2404 τῷ
1016 2333 1191 2406 θρόνῳ
1233 2335 1331 2406 τῆς
1362 2335 1516 2405 δόξης
1555 2354 1827 2409 προσανα-

264 2420 507 2490 πτάσηςί
563 2420 627 2472 Ὢ
667 2420 878 2489 ἀλόγων
921 2419 1106 2492 [Μαι.
1143 2420 1320 2489 λόγων
1348 2421 1499 2494 τῶν]
1540 2423 1648 2476 τῶν
1686 2423 1825 2495 ὑπὲρ

261 2513 416 2581 λόγον
435 2512 860 2583 ἅνυμνησάντων
877 2511 940 2566 τὸ
963 2511 1220 2582 μέγεθοςί
1257 2513 1474 2585 Ἐπειδὴ
1495 2513 1551 2567 δὲ
1574 2515 1634 2567 τὸ
1657 2531 1827 2586 μηνυ-

265 2603 352 2658 θὲν
389 2603 467 2670 ὡς
491 2602 572 2670 ὃν,
607 2605 641 2674 ή
689 2604 873 2676 μήτηρ
913 2603 1178 2668 λαϐοῦσα,
1223 2605 1286 2659 τὸ
1309 2605 1706 2676 τεχθησόμενον
1750 2605 1828 2678 τῷ

263 2691 378 2763 Θεῷ
411 2692 700 2764 ἁφιεροῦν,
728 2693 822 2746 καὶ
847 2695 904 2747 ἐν
935 2691 1047 2761 ναῷ
1068 2693 1417 2750 ἀνατίθεσθαι
1451 2695 1824 2768 ὑπισχνεῖται·

266 2783 328 2837 Τί
359 2784 538 2848 τοῦτο,
567 2778 614 2838 ὧ
647 2785 842 2848 Ἄννα,
875 2784 1084 2853 εἴποιμι
1112 2785 1178 2840 ἂν
1211 2785 1346 2857 πρὸς
1377 2785 1614 2856 ταύτην;
1641 2787 1706 2838 Τί
1736 2784 1828 2840 τοῦ

268 2873 552 2945 μέλλοντος
581 2874 902 2946 προτρέχεις
927 2875 1026 2940 τῆς
1061 2875 1326 2947 πρόόδου;
1361 2875 1427 2930 Τί
1455 2879 1520 2948 τῇ
1551 2876 1831 2949 προθυμίᾳ

267 2966 598 3034 προφθάνεις
627 2966 690 3020 τὸ
722 2967 1154 3038 κηρυττόμενον;
1193 2968 1258 3022 Τί
1297 2969 1358 3022 τὸ
1403 2969 1573 3040 μήπω
1603 2969 1832 3040 γενόμε-

1930 518 2036 561 tem
2071 516 2322 560 naturam
2355 507 2406 560 in
2438 505 2723 561 fecundam
2755 507 3012 560 mutando
3052 495 3258 576 aptare.
3292 509 3495 576 Quam-

1923 599 2110 654 obrem
2135 597 2521 660 eamomnino,
2566 605 2616 652 te
2646 611 2828 652 coram
2857 607 3087 651 mentem
3112 613 3491 670 proponentes,

1923 705 2032 744 non
2072 691 2230 744 aliter
2259 689 2630 754 deﬂectimus,
2667 689 2840 744 donec
2867 690 3185 757 petitionum
3212 693 3374 746 titiam
3417 693 3494 746 vi-

1923 779 2169 835 deamus.
2209 781 2426 836 Scimus
2469 779 2616 834 enim
2672 777 2788 834 fore
2821 788 2880 834 ut
2915 795 3021 835 non
3055 781 3258 849 tardes,
3303 785 3393 853 qui
3439 783 3492 837 in

1926 871 2044 928 aliis
2079 873 2186 927 cito
2211 871 2486 927 orationes
2515 885 2769 940 occupes.
2802 888 2823 922 ι

1995 1060 2123 1115 Haec
2147 1059 2412 1128 iustorum
2439 1058 2633 1120 oratio,
2665 1057 2929 1114 sinceram
2961 1072 3146 1114 eorum
3179 1057 3336 1113 ﬁdem
3367 1073 3494 1127 pcr-

1925 1153 2114 1222 spicae
2155 1151 2432 1214 indicans,
2465 1163 2682 1218 quaque
2716 1149 2969 1202 exaudita
3001 1147 3122 1213 fuit,
3153 1149 3405 1222 probatos
3440 1150 3494 1204 in

1926 1219 2048 1296 aliis
2093 1256 2271 1296 mores
2311 1240 2616 1294 declarans.
2669 1239 2794 1292 Haec
2829 1238 3066 1307 pietatis,
3101 1253 3260 1307 quam
3297 1219 3352 1292 i’n
3399 1254 3494 1294 oce

1926 1329 2072 1384 culto
2114 1327 2400 1394 colebant,
2449 1329 2692 1396 quaedam
2738 1327 2884 1380 velut
2925 1327 3246 1395 designatio.
3292 1327 3498 1397 Quippe

1926 1417 2059 1473 foris
2086 1417 2400 1486 deprompta
2439 1417 2636 1482 verba,
2683 1417 3112 1485 depromentium
3154 1415 3494 1472 atl‘ectioncm

1926 1509 2254 1580 signiﬁcant.
2293 1507 2424 1574 Quae
2455 1508 2602 1562 enim
2639 1508 2781 1560 intus
2813 1507 3024 1561 occulta
3067 1507 3405 1575 legebantur,
3435 1521 3497 1560 ca

1929 1602 2212 1658 verborum
2247 1599 2509 1671 symbolis
2530 1599 2582 1653 in
2611 1598 2785 1668 palam
2817 1607 3045 1668 aguntur
3071 1616 3085 1654 :
3111 1615 3176 1653 ac
3202 1613 3355 1654 mens
3382 1599 3499 1668 qui-

1927 1695 2048 1747 dem
2083 1709 2386 1748 sermonem
2419 1690 2604 1756 eﬂ'ert;
2660 1705 2840 1745 sermo
2888 1701 3069 1745 autem
3127 1691 3294 1746 animi
3334 1689 3500 1746 aﬁ‘ec-

1928 1785 2134 1840 tionum
2182 1783 2402 1838 nuntius
2465 1783 2698 1848 exsistit,
2736 1796 2800 1836 ac
2828 1795 2890 1835 ea
2925 1795 3045 1848 quae
3081 1781 3314 1837 obscura
3344 1789 3502 1834 erant

1926 1876 2211 1947 perspicua
2239 1874 2386 1938 facit,
2419 1867 2800 1942 actionumque
2824 1873 3087 1942 principia
3117 1875 3376 1928 ostendit.
3409 1873 3500 1929 Sic

1927 1979 2054 2034 ergo
2079 1965 2359 2034 iustorum
2381 1963 2557 2018 oratio
2586 1977 2751 2031 opere
2793 1963 3166 2032 complebatur
3194 1980 3209 2018 :
3243 1963 3498 2036 quocirca

1926 2053 2164 2108 futurum
2205 2053 2281 2108 rei
2315 2061 2564 2108 eventum
2611 2051 2832 2108 oraculo
2874 2053 3156 2108 docentur.
3201 2053 3246 2109 Ο
3279 2055 3500 2110 mirabi-

1929 2143 2032 2198 lem
2061 2141 2437 2212 adeptionem!
2473 2139 2518 2196 0
2563 2141 2928 2214 precationem
2969 2143 3139 2199 cmlos
3180 2159 3500 2212 supergres-

1931 2248 2072 2299 sam,
2101 2247 2329 2302 qumque
2358 2233 2424 2287 ad
2453 2233 2628 2302 ipsum
2672 2237 2924 2287 thronum
2955 2233 3138 2302 gloriae
3163 2234 3426 2290 evolavit!
3456 2235 3501 2290 0

1931 2339 2232 2387 sermones,
2283 2317 2480 2392 quibus
2529 2338 2719 2378 eorum
2769 2323 2985 2378 laudata
3039 2334 3121 2380 est
3167 2327 3500 2395 magnitudo,

1929 2429 2051 2484 qua:
2097 2421 2224 2468 sunt
2253 2413 2460 2483 majora
2509 2413 2967 2480 sermonleuod
3009 2430 3138 2470 vero
3182 2416 3375 2472 futura!
3423 2420 3500 2472 rei

1933 2505 2214 2564 nuntium.
2271 2513 2527 2572 tanquam
2563 2505 2672 2575 jam
2729 2515 2904 2569 esset,
2953 2513 3128 2561 mater
3179 2507 3500 2574 accepisset,

1933 2598 2266 2653 nascituram
2296 2580 2500 2666 prolem
2525 2595 2635 2652 Deo
2663 2611 2722 2652 se
2745 2609 3206 2663 cousecraturam,
3249 2607 3412 2664 atque
3444 2599 3499 2654 in

1935 2689 2136 2757 templo
2168 2688 2471 2744 oblaturam
2523 2688 2829 2758 pollicetur.
2869 2688 3008 2755 Quid
3063 2689 3188 2754 boc,
3235 2705 3272 2744 ο
3320 2691 3498 2757 Anna,

1933 2779 2162 2834 dixerim
2195 2779 2262 2834 ad
2295 2778 2456 2834 eam?
2487 2775 2554 2833 Ut
2582 2777 2712 2846 quid
2739 2777 2934 2833 futurae
2959 2779 3034 2832 rei
3058 2781 3335 2847 proccssui
3366 2797 3504 2848 prte-

1933 2857 2142 2925 curris?
2193 2869 2462 2936 Quorsum
2511 2870 2796 2924 alacritate
2854 2871 3017 2924 animi
3072 2872 3213 2940 quod
3269 2872 3503 2926 edicitur

1935 2960 2235 3030 praevenis?
2277 2959 2640 3028 Quamobrem
2688 2959 2833 3029 quod
2888 2960 3118 3016 necdum
3169 2973 3348 3017 ortum
3385 2959 3499 3030 eat‘,

266 3073 351 3110 νον
380 3057 501 3130 Θεῷ
534 3059 720 3130 φέρειν
744 3057 1155 3134 κατεπαγγέὶλῃ
1179 3057 1258 3128 ὥς
1283 3060 1503 3133 ἐνχερσὶ
1537 3061 1830 3132 κατεχόμε-

1935 3050 2128 3107 offerre
2153 3053 2262 3107 Deo
2282 3050 2574 3120 promittis,
2603 3061 2860 3122 tanquam
2881 3051 2935 3106 in
2962 3053 3210 3107 manibus
3239 3053 3504 3109 haberes?

266 3165 372 3204 νον.
403 3149 533 3204 Δέον
571 3149 662 3207 τὸν
694 3150 795 3222 τῆς
822 3151 1011 3215 ὠδῖνος
1041 3151 1233 3222 καιρὸν
1262 3151 1652 3220 ἀναμείνασαν,
1695 3151 1830 3204 οὕτω

1937 3140 2045 3196 Par
2072 3153 2190 3196 erat
2221 3154 2284 3197 ut
2327 3151 2640 3211 exspectato
2689 3152 2876 3214 partus
2924 3152 3164 3212 tempore
3193 3146 3270 3198 sic
3309 3161 3504 3200 mutnus

266 3238 437 3310 δῶρον
484 3239 562 3311 τῷ
612 3239 672 3304 ἐξ
719 3242 890 3312 αὐτῆς
922 3241 1001 3312 τῷ
1028 3241 1281 3296 δεδωκότι
1316 3241 1834 3312 προσανατίθεσθαι.

267 3327 398 3382 Δέον
435 3327 516 3398 τῷ
540 3327 634 3382 τοῦ
669 3330 866 3401 ἀδήλου
915 3332 1112 3401 πέρατι
1147 3329 1636 3403 συστοχαζομένην,
1666 3331 1742 3400 μὴ
1769 3333 1835 3402 τῇ

271 3419 614 3495 προκηρύξει
641 3419 1028 3492 διαμαρτάνειν
1073 3421 1182 3476 τῶν
1229 3421 1596 3492 ὑποσχέσεων.
1639 3421 1704 3478 Ὢ
1737 3421 1838 3490 τῆς

271 3508 382 3561 τῶν
410 3507 637 3562 δικαίων
659 3509 892 3574 πίστεως
918 3511 931 3564 l
961 3511 1024 3566 Ὦ
1049 3511 1256 3582 μητρὸς
1286 3510 1662 3582 μεγαλοψύχου
1691 3510 1835 3579 γνὼ-

269 3614 444 3670 ρισμα
469 3600 484 3651 l
518 3599 633 3652 Οὐκ
659 3599 1067 3671 ἀμφισϐητήσει
1095 3601 1158 3654 τὸ
1192 3599 1386 3670 μέλλον
1411 3600 1746 3672 συνέκρινεν·
1773 3598 1836 3652 οὐ

262 3688 552 3762 δισταγμῷ
581 3690 642 3744 τὴ
667 3691 937 3763 κηρυχθέν
967 3691 1386 3765 [ἀνεϐάλλετοψ
1416 3693 1478 3747 οὐ
1508 3693 1606 3764 τὴν
1637 3691 1838 3762 ἐαυτῆς

263 3779 564 3850 κατενόησε
618 3779 809 3853 μέχρις
855 3781 1064 3838 ἐκείνου
1109 3782 1480 3855 ἀνεπιτήδειον
1533 3782 1722 3852 φύσιν·
1773 3779 1835 3834 οὐ

261 3867 559 3942 δυσχερείᾳ
599 3871 695 3924 τοῦ
722 3872 1022 3944 ἀσυνήθους
1060 3873 1194 3944 πρὸς
1223 3873 1531 3943 ἀντιλογίαν
1562 3873 1797 3944 κατέστη
1817 3886 1832 3903 ·

260 3963 319 4015 οὐ
349 3963 432 4033 τῷ
465 3962 544 4034 μὴ
571 3962 778 4034 δυνατῷ
804 3963 1012 4036 ἀγωνίᾳ
1033 3963 1130 4036 τὴν
1147 3963 1324 4034 ψυχὴν
1345 3963 1691 4034 περιέϐαλεν.
1723 3962 1836 4016 Οὐκ

260 4052 545 4124 ἠπόρησεν
582 4052 641 4106 ἐν
688 4053 852 4124 ἐαυτῇ
895 4052 1248 4126 λογιζομένη,
1276 4052 1352 4122 ὡς
1396 4051 1555 4106 εἴωθε
1592 4055 1704 4116 τοῖς
1739 4052 1836 4108 ἆλ-

259 4139 369 4203 λοις
393 4159 424 4216 ;_
447 4136 600 4211 'Apa
633 4141 713 4213 μὴ
743 4143 825 4206 είς
852 4141 1069 4212 ἀπάτην
1096 4141 1164 4196 τὰ
1195 4141 1292 4194 τοῦ
1329 4140 1578 4212 χρησμοῦ
1622 4141 1832 4211 ἀποϐή-

259 4247 444 4302 σοιτο;
479 4229 630 4308 Ἀρα
671 4233 746 4306 μὴ
787 4235 820 4306 ή
850 4235 1038 4308 χρονία
1072 4235 1357 4307 στείρωσις
1385 4237 1498 4299 τοῖς
1531 4237 1628 4303 τῆς
1659 4236 1834 4313 ἐπαγτ⁵

255 4329 447 4398 γελίας
504 4315 873 4396 ὑπαντήσειεῦ
899 4321 1086 4396 ;⁷Δρα
1142 4327 1216 4396 μὴ
1271 4325 1370 4394 τῆς
1407 4323 1764 4394 ψυχαγωγίας
1807 4325 1836 4376 ὁ

1939 3233 2082 3301 quod
2116 3240 2266 3288 esset
2303 3232 2538 3298 editura,
2575 3234 2747 3289 datori
2789 3232 3026 3288 oﬂerret.
3059 3233 3164 3288 Par
3191 3245 3307 3290 erat
3335 3245 3391 3288 ut
3419 3236 3505 3289 in.

1939 3327 2076 3379 certi
2121 3334 2348 3381 eventus
2392 3326 2553 3380 ﬁnem
2595 3327 2926 3391 observans,
2960 3329 3376 3400 haudquaquam
3413 3347 3508 3385 vo-

1946 3429 2080 3470 veus
2129 3415 2394 3470 violandae
2427 3417 2808 3486 promissionis
2834 3419 3128 3488 periculum
3181 3422 3502 3477 incurreret.

1939 3504 1984 3560 0
2011 3503 2281 3574 iustorum
2311 3508 2506 3564 ﬁdetnl
2541 3508 2586 3564 Ο
2611 3498 2968 3576 magnanima
2993 3512 3187 3566 Matris
3219 3514 3504 3570 indicium!

1935 3595 2092 3649 Nulla
2121 3595 2402 3650 dubietate
2440 3597 2678 3652 futurum
2708 3601 3078 3668 comparavit,
3110 3603 3364 3672 nullaque
3399 3606 3507 3660 haec
3551 3657 3556 3662 .

1937 3685 2194 3740 citatione
2239 3688 2378 3756 quod
2423 3696 2540 3743 erat
2587 3689 2894 3743 nuntiatum
2945 3690 3059 3744 fore
3093 3693 3320 3747 distulit.
3361 3695 3507 3750 Nihil

1939 3775 2172 3846 ineptam
2209 3777 2469 3833 hactenus
2500 3787 2744 3833 naturam
2775 3780 3158 3836 consideravit.
3207 3781 3506 3854 Haudqua-

1937 3882 2100 3938 quam
2141 3868 2372 3924 insuetae
2399 3873 2473 3923 rei
2519 3869 2832 3926 difficultate
2868 3873 3068 3927 moveri
3098 3888 3158 3928 se
3187 3875 3253 3929 ad
3281 3887 3502 3931 contra-

1937 3961 2230 4019 dicendum
2275 3965 2420 4018 sivit.
2465 3964 2886 4035 Haudquaquam
2922 3981 3020 4036 pro
3049 3969 3125 4022 rei
3159 3971 3508 4038 impossibili-

1938 4060 2046 4108 tate
2084 4056 2322 4108 animum
2357 4051 2618 4108 aiixicfati
2669 4055 2835 4110 dedit.
2886 4055 3003 4110 Non
3040 4058 3308 4114 dubitavit
3359 4063 3507 4129 apud

1919 4131 1994 4202 ἐο
2025 4146 2294 4214 cogitans,
2330 4147 2404 4200 uti
2433 4147 2718 4201 consuevit
2744 4145 2994 4200 accidere
3015 4147 3134 4201 aliis
3165 4165 3179 4200 :
3212 4148 3352 4204 Num
3379 4165 3505 4205 ora-

1937 4235 2116 4291 culum
2151 4237 2204 4290 in
2243 4236 2608 4306 deceptionem
2645 4236 2838 4291 cedet?
2874 4237 3009 4291 Num
3053 4239 3302 4293 diuturna
3337 4243 3502 4296 steri-

1936 4327 2062 4382 litas
2084 4329 2425 4398 promissioni
2455 4329 2727 4383 incurret?
2757 4328 2896 4384 Nu
2921 4329 3012 4400 qui
3045 4332 3294 4399 apparuit
3319 4348 3385 4388 eo
3411 4349 3504 4389 ve-

254 4421 452 4486 φανεὶς
473 4419 715 4489 κομίζων
736 4413 869 4489 ἧκεν
887 4419 1181 4488 εὐαγγέλια
1201 4436 1215 4482 ;
1250 4418 1380 4473 Ἰδοὺ
1403 4417 1474 4472 τὰ
1493 4418 1592 4488 τῆς
1615 4416 1830 4486 ἡλικίας

1935 4419 2034 4485 nit,
2079 4431 2138 4473 ut
2185 4420 2446 4475 mulceret
2485 4421 2714 4476 nuntio?
2746 4422 2885 4476 Ecce
2911 4419 3314 4492 jam'deﬂoruit
3345 4435 3507 4481 aetas.

252 4511 607 4584 παρήϐησεν.
670 4512 799 4568 Ἰδοὺ
845 4513 906 4566 τὺ
953 4511 1054 4580 τῆς
1095 4511 1278 4582 ἀκμῆς
1333 4504 1700 4581 ἀνθηρότατον
1755 4507 1835 4578 τῷ

251 4604 437 4675 χρόνῳ
473 4603 821 4674 μαραίνεται.
853 4603 998 4666 ,Ἰδοὺ
1026 4603 1087 4656 τὸ
1129 4602 1236 4656 τῶν
1273 4600 1450 4671 μελῶν
1482 4600 1836 4671 ἰσχυρότατον

251 4696 390 4764 πρὸς
415 4695 643 4750 ἔκλυσιν
669 4695 970 4765 ἐπείγεται.
999 4695 1074 4747 Τὸ
1094 4693 1190 4748 τοῦ
1246 4692 1361 4764 βίου
1399 4691 1654 4744 πλεῖστον
1689 4706 1832 4760 παρ-

199 4841 208 4854 ,
249 4785 522 4856 έδραμεν.
560 4787 618 4838 '0
655 4787 768 4850 τοῖς
817 4788 984 4840 πᾶσιν
1020 4784 1201 4856 [Μαι.
1233 4779 1460 4854 παισὶν]
1501 4779 1833 4848 ἐπαγγέλλε-

249 4876 378 4932 σθαι
409 4875 850 4950 [ιε9.ἐπαγάλλ.
875 4874 1348 4948 ]παρασκευόιζων
1380 4872 1570 4942 καιρὸς
1594 4871 1834 4941 ὑποφεύ-

247 4981 360 5034 γει.
415 4967 484 5020 Ἠ
534 4965 634 5034 τῆς
670 4967 1010 5030 παιδοποιίας
1033 4965 1178 5037 χαρὰ
1219 4967 1276 5018 ἐν
1308 4965 1614 5037 προοιμίοις
1642 4962 1705 5015 τὸ
1733 4978 1835 5015 πο-

250 5057 435 5111 θεινὸν
465 5056 626 5127 φέρει
643 5058 777 5128 πρὸς
793 5056 870 5128 τῷ
887 5061 1034 5129 γήρᾳ
1045 5059 1140 5120 τὰς
1161 5056 1498 5126 ἐπικαρπίας
1520 5053 1834 5118 ἐλπίζουσα.

246 5148 316 5201 Τί
352 5149 506 5220 πρὸς
537 5148 632 5218 τὴν
653 5149 858 5220 δέησιν,
891 5149 987 5202 καὶ
1007 5151 1106 5220 τὴν
1133 5147 1470 5215 ἐπαγγελίαν
1498 5143 1834 5214 ἐπασχολοῢ-

246 5256 350 5310 μαι
380 5257 400 5307 ;
432 5238 608 5292 Οὐδὲν
634 5240 874 5293 τοιοῦτον
914 5241 949 5311 ή
982 5240 1150 5292 Ἅννα
1169 5237 1246 5306 τῷ
1273 5235 1519 5306 λογισμῷ
1546 5251 1837 5308 παρεμπε-

248 5329 366 5382 σεῖν
400 5340 814 5398 συνεχωρησεν·
847 5329 961 5382 ἀλλ’
988 5329 1123 5398 ὁμοῦ
1149 5344 1208 5382 τε
1242 5327 1311 5382 τὰ
1347 5327 1445 5395 τῆς
1477 5326 1640 5396 εὐχῆς
1701 5341 1836 5380 κατ-

244 5419 557 5483 εϐάλλετο,
605 5419 701 5480 κα).
757 5419 858 5490 τὴν
887 5410 1170 5486 ἐπίτευειν
1220 5417 1427 5488 ταύτης
1484 5417 1564 5488 τῷ
1617 5415 1838 5486 ὀφθέντι

244 5528 383 5566 κατε
396 5509 644 5582 μηνύθη,
699 5513 796 5566 καὶ
843 5513 920 5575 ὡς
975 5511 1074 5583 ήδη
1127 5511 1430 5580 κατέχουσα
1491 5510 1552 5563 τὸ
1613 5510 1842 5582 προσδο-

245 5601 536 5674 κώμενον,
587 5605 651 5672 τῇ
706 5601 911 5673 σφοδρᾷ
933 5601 1211 5673 προθυμίᾳ
1257 5599 1335 5672 τῷ
1349 5600 1462 5671 ναῷ
1483 5599 1640 5654 τοῦτο
1671 5617 1840 5672 προσ-

245 5693 414 5759 άγειν
490 5690 772 5763 ἠπείγετο.
825 5691 920 5756 Τίς
980 5693 1046 5746 ἂν
1087 5692 1242 5760 λόγος
1285 5691 1348 5744 τὸ
1421 5691 1522 5762 τῆς
1601 5691 1838 5754 πίστεως

1939 4511 2076 4566 Ecce
2118 4509 2232 4580 jam
2281 4511 2696 4567 ﬂorentissimus
2726 4513 2878 4582 vigor
2927 4522 3166 4582 tempore
3214 4518 3503 4574 emarcuit.

1935 4599 2078 4656 Ecce
2104 4601 2214 4670 iam
2244 4603 2607 4657 membrorum
2649 4605 2973 4673 praecipuum
3003 4604 3166 4660 robur
3213 4607 3282 4661 ad
3311 4599 3507 4664 debili-

1939 4699 2100 4746 tatem
2147 4694 2337 4747 tendit.
2370 4693 2599 4776 !laxima
2629 4695 2752 4748 vita:
2781 4710 2906 4764 pars
2934 4697 3162 4754 decursa
3193 4709 3295 4755 est.
3337 4701 3509 4758 Tem-

1935 4798 2054 4853 pus,
2089 4799 2200 4854 quo
2250 4783 2494 4854 prolibus
2547 4787 2668 4852 quis
2713 4787 2903 4842 lubens
2946 4789 3277 4858 adgaudeat,
3331 4792 3511 4862 iisque

1935 4875 2154 4944 gestiat.
2190 4873 2456 4944 subfugit.
2487 4875 2720 4931 Edenda;
2749 4878 2915 4946 prolis
2946 4881 3196 4948 gaudium
3222 4880 3507 4936 desidera-

1937 4964 2044 5019 bile
2070 4963 2200 5032 quid
2223 4965 2418 5034 primis
2445 4967 2606 5022 annis
2635 4964 2812 5034 a'ﬂert,
2839 4969 3074 5024 fructum
3101 4985 3324 5038 sperans
3353 4975 3512 5041 gravi

1936 5055 2088 5110 senio
2117 5063 2296 5110 aetate.
2328 5053 2398 5110 Ut
2427 5058 2554 5126 quid
2581 5061 2816 5112 orationi
2848 5075 2912 5113 ac
2936 5061 3278 5128 promissioni
3312 5063 3510 5118 immo-

1937 5145 2070 5199 τοι-τ
2092 5143 2234 5200 Nihil
2261 5148 2417 5200 Anna
2437 5147 2703 5214 ejusmodi
2729 5149 2910 5201 animo
2942 5148 3182 5203 incidere
3211 5150 3463 5218 permisit
3485 5171 3504 5208 :

1935 5237 2177 5306 quiuimo
2203 5247 2261 5291 ut
2288 5254 2410 5292 mox
2443 5247 2660 5306 precata
2699 5247 2842 5294 esset
2873 5277 2890 5303 ,
2923 5249 3088 5309 atque
3114 5242 3182 5296 ab
3210 5255 3511 5312 apparente

1937 5327 2128 5398 angelo
2148 5329 2390 5398 prosperi
2419 5343 2704 5383 successus
2747 5331 2998 5384 nuntium
3027 5333 3350 5400 accepisset,
3381 5335 3506 5390 vel-

1937 5432 1996 5475 ut
2017 5421 2130 5488 jam
2161 5431 2364 5477 teneret
2392 5429 2757 5490 exspectatam
2789 5421 3020 5490 prolem,
3068 5423 3368 5482 vehementi
3393 5427 3508 5482 ala-

1937 5513 2130 5564 critate
2162 5510 2382 5566 iestinat
2431 5510 2482 5563 iu
2520 5509 2716 5576 templo
2765 5509 2986 5564 oﬁ‘erre.
3023 5511 3278 5578 Quaenam
3327 5518 3508 5571 oratio

1938 5615 2221 5657 accensam
2267 5602 2412 5656 illam
2446 5601 2604 5656 iidem
2640 5600 2860 5656 laudare
2898 5601 3164 5669 suiﬁciat,
3209 5621 3303 5673 per
3343 5622 3508 5676 quam

1939 5693 2048 5748 voti
2075 5707 2292 5762 compos
2325 5689 2514 5746 cﬂ‘ecta
2541 5690 2660 5747 est?
2693 5706 2788 5762 per
2816 5707 2978 5763 quam
3007 5694 3141 5752 nilnil
3163 5697 3374 5754 animus
3405 5700 3510 5754 dn-
